Gmt time,Ask,Bid,AskVolume,BidVolume
25.08.2021 00:00:00.151,0.9132600000000001,0.9131600000000001,1.5,1.25
25.08.2021 00:00:00.868,0.9132600000000001,0.91315,1,1
25.08.2021 00:00:00.969,0.91325,0.91315,1,1.31
25.08.2021 00:00:02.306,0.91324,0.9131400000000001,1,1
25.08.2021 00:00:07.085,0.91324,0.9131200000000002,1,1
25.08.2021 00:00:30.038,0.9131900000000001,0.9131100000000001,1.5,1.37
25.08.2021 00:00:30.089,0.9131900000000001,0.91309,1.5,1.75
25.08.2021 00:00:30.190,0.91318,0.91308,2.25,1
25.08.2021 00:00:30.342,0.9131700000000001,0.9130700000000002,1,1.25
25.08.2021 00:00:35.901,0.9131700000000001,0.91308,1,1.25
25.08.2021 00:00:36.174,0.9131900000000001,0.91308,1.5,1.75
25.08.2021 00:00:51.671,0.9131900000000001,0.91309,1.5,1.75
25.08.2021 00:00:52.551,0.91318,0.91309,1.5,1.25
25.08.2021 00:01:27.784,0.91318,0.91308,1.95,1.25
25.08.2021 00:01:42.252,0.9131700000000001,0.91308,1,1
25.08.2021 00:01:43.477,0.9131700000000001,0.9130700000000002,1.5,1.1
25.08.2021 00:01:44.393,0.9131600000000001,0.91305,1,1.51
25.08.2021 00:01:44.494,0.9131600000000001,0.91305,1,1.39
25.08.2021 00:01:47.853,0.91315,0.91305,1,1
25.08.2021 00:01:47.955,0.9131400000000001,0.91304,1.57,1
25.08.2021 00:01:48.533,0.9131100000000001,0.9130200000000002,1,1.12
25.08.2021 00:01:48.736,0.91309,0.9130100000000001,1,1
25.08.2021 00:01:49.039,0.9131,0.9130100000000001,1,1
25.08.2021 00:02:06.651,0.91313,0.91303,1,2.89
25.08.2021 00:02:06.752,0.91313,0.91303,1,3.01
25.08.2021 00:02:06.854,0.91313,0.91303,1,1.01
25.08.2021 00:02:20.887,0.9131100000000001,0.9130200000000002,1,1.12
25.08.2021 00:02:44.074,0.9131200000000002,0.9130200000000002,1.57,1
25.08.2021 00:02:51.562,0.9131100000000001,0.913,1.5,1.1
25.08.2021 00:03:09.850,0.9131100000000001,0.913,1,1.22
25.08.2021 00:03:09.951,0.9131200000000002,0.9130200000000002,1,1
25.08.2021 00:03:11.323,0.9131700000000001,0.91305,2,1
25.08.2021 00:03:11.374,0.9131600000000001,0.9130600000000001,1,1
25.08.2021 00:03:12.894,0.9131700000000001,0.9130700000000002,1,1.1
25.08.2021 00:03:13.405,0.9131900000000001,0.91309,1.57,1
25.08.2021 00:03:13.507,0.91318,0.91308,1,1.25
25.08.2021 00:03:31.478,0.9131700000000001,0.9130700000000002,1,1.5
25.08.2021 00:03:31.580,0.9131900000000001,0.91309,2.25,1
25.08.2021 00:03:32.130,0.91318,0.91309,1,1
25.08.2021 00:03:33.733,0.9131900000000001,0.91309,2.7,1
25.08.2021 00:03:35.561,0.91318,0.91309,3.7,1
25.08.2021 00:03:35.612,0.9131600000000001,0.9130600000000001,1,2.07
25.08.2021 00:03:35.713,0.9131600000000001,0.9130600000000001,1,1.87
25.08.2021 00:04:00.198,0.91315,0.91305,1,1.5
25.08.2021 00:04:01.185,0.9131400000000001,0.91304,1,1.2
25.08.2021 00:04:02.296,0.91315,0.91305,1.25,1.87
25.08.2021 00:04:02.347,0.91315,0.9130600000000001,1,1.62
25.08.2021 00:04:02.448,0.9131600000000001,0.9130600000000001,1,2.75
25.08.2021 00:04:05.935,0.9131600000000001,0.9130700000000002,1,1
25.08.2021 00:04:12.661,0.9132100000000001,0.9131100000000001,2.87,1.5
25.08.2021 00:04:12.711,0.91324,0.91315,5.25,1.12
25.08.2021 00:04:12.848,0.9132600000000001,0.9131600000000001,1.69,1
25.08.2021 00:04:12.950,0.9132700000000001,0.9131600000000001,1.25,1
25.08.2021 00:04:13.052,0.9132700000000001,0.9131700000000001,1,1.5
25.08.2021 00:04:13.607,0.9132700000000001,0.9131700000000001,1,1.62
25.08.2021 00:04:30.121,0.9132700000000001,0.9131700000000001,1.1,1.87
25.08.2021 00:04:30.223,0.9132700000000001,0.9131600000000001,1,1.12
25.08.2021 00:04:30.325,0.9132600000000001,0.9131600000000001,1,1.87
25.08.2021 00:04:37.514,0.9132700000000001,0.9131600000000001,1.01,1.12
25.08.2021 00:04:47.871,0.9132600000000001,0.9131600000000001,1,2.81
25.08.2021 00:04:51.729,0.91325,0.91315,1,1.31
25.08.2021 00:04:51.846,0.91323,0.9131400000000001,1,1.12
25.08.2021 00:04:55.186,0.91323,0.91313,1,1.5
25.08.2021 00:05:26.447,0.9132,0.9131200000000002,2.7,1.12
25.08.2021 00:05:26.548,0.9132,0.9131,1.22,1
25.08.2021 00:05:26.599,0.9132,0.9130700000000002,1.1,2.44
25.08.2021 00:05:26.806,0.91324,0.9131400000000001,1.57,2.44
25.08.2021 00:05:26.907,0.91324,0.9131400000000001,1,1
25.08.2021 00:05:27.008,0.91325,0.91315,1,2.06
25.08.2021 00:05:30.953,0.91325,0.9131600000000001,1,1
25.08.2021 00:05:34.336,0.91325,0.9131600000000001,2,1
25.08.2021 00:05:34.387,0.91323,0.9131400000000001,1,1
25.08.2021 00:05:34.539,0.91324,0.91315,1,1.12
25.08.2021 00:05:34.690,0.91325,0.9131600000000001,1,1.25
25.08.2021 00:05:34.843,0.9132600000000001,0.9131600000000001,1,1.69
25.08.2021 00:05:50.921,0.91325,0.9131400000000001,1.2,1.87
25.08.2021 00:05:54.938,0.9132600000000001,0.9131400000000001,1,1
25.08.2021 00:06:19.930,0.9133100000000001,0.9132200000000001,1.7,1
25.08.2021 00:06:19.981,0.9133200000000001,0.9132200000000001,1.57,1
25.08.2021 00:06:20.084,0.91333,0.91324,1.57,1
25.08.2021 00:06:20.186,0.91334,0.91325,1,1
25.08.2021 00:06:22.332,0.9133700000000001,0.9132600000000001,1,1.25
25.08.2021 00:06:22.433,0.9133600000000001,0.91328,1,1.25
25.08.2021 00:06:22.534,0.9133600000000001,0.9132700000000001,1,1.25
25.08.2021 00:06:23.054,0.91339,0.9132600000000001,1.2,1.69
25.08.2021 00:06:24.547,0.91339,0.9133,1,1
25.08.2021 00:06:24.648,0.9134,0.9133100000000001,1,1
25.08.2021 00:06:24.749,0.91341,0.9133200000000001,1,1
25.08.2021 00:06:27.462,0.91344,0.91334,1.2,1.25
25.08.2021 00:06:27.513,0.91341,0.9133100000000001,1,1.87
25.08.2021 00:06:32.630,0.9134,0.9133,2.62,1.87
25.08.2021 00:06:32.731,0.9134200000000001,0.91333,1,1
25.08.2021 00:06:33.136,0.91343,0.91334,1,1
25.08.2021 00:06:33.340,0.91346,0.91333,1.1,2.5
25.08.2021 00:06:33.441,0.91346,0.91334,4.22,1.31
25.08.2021 00:06:37.043,0.91346,0.91334,3.1,2.12
25.08.2021 00:06:37.952,0.9134500000000001,0.91334,1.95,1.31
25.08.2021 00:06:40.555,0.9134500000000001,0.91334,1,2.5
25.08.2021 00:06:42.130,0.9134500000000001,0.91334,1,1.31
25.08.2021 00:06:43.224,0.91344,0.91334,1,2.06
25.08.2021 00:06:44.504,0.9134500000000001,0.91334,1,1
25.08.2021 00:07:58.111,0.9134500000000001,0.91335,1,1.5
25.08.2021 00:07:58.263,0.91348,0.91339,2.35,1
25.08.2021 00:07:58.364,0.91349,0.9134,1.5,1
25.08.2021 00:07:58.465,0.91349,0.91341,1,1
25.08.2021 00:07:58.567,0.9135000000000001,0.91341,1.57,1
25.08.2021 00:08:08.137,0.9135200000000001,0.91343,1.95,1
25.08.2021 00:08:08.390,0.9135200000000001,0.9134500000000001,1,1
25.08.2021 00:08:12.637,0.91356,0.91348,1.1,1
25.08.2021 00:08:12.738,0.91356,0.91349,1,1
25.08.2021 00:08:12.840,0.9135700000000001,0.91349,1,1
25.08.2021 00:08:12.992,0.91358,0.91349,1.2,1
25.08.2021 00:08:15.170,0.91358,0.91349,1.97,1
25.08.2021 00:08:15.282,0.91358,0.91349,1.95,1
25.08.2021 00:08:16.575,0.91358,0.91349,1.97,1
25.08.2021 00:08:16.833,0.91358,0.91349,1.95,1
25.08.2021 00:08:21.104,0.91359,0.91348,1.97,1
25.08.2021 00:08:21.205,0.91358,0.91349,1.95,1
25.08.2021 00:08:21.307,0.91358,0.91349,1.97,1
25.08.2021 00:08:21.416,0.91358,0.91349,1.95,1
25.08.2021 00:08:26.066,0.91358,0.91349,1.97,1
25.08.2021 00:08:26.168,0.91358,0.91349,1.95,1
25.08.2021 00:08:27.832,0.91358,0.91349,1.97,1
25.08.2021 00:08:30.455,0.9135700000000001,0.91348,1.1,1
25.08.2021 00:08:32.604,0.9135500000000001,0.9134700000000001,1,1.12
25.08.2021 00:08:32.706,0.91354,0.9134700000000001,1.1,1
25.08.2021 00:08:33.239,0.91356,0.91348,1.1,1
25.08.2021 00:08:33.291,0.9135700000000001,0.91348,1.1,1
25.08.2021 00:08:33.342,0.91356,0.9135000000000001,1,1
25.08.2021 00:08:33.393,0.91359,0.91349,1.1,1
25.08.2021 00:08:33.495,0.9136000000000001,0.91349,1.1,1
25.08.2021 00:08:33.545,0.91359,0.9135200000000001,1,1
25.08.2021 00:08:33.697,0.91358,0.9135200000000001,1,1
25.08.2021 00:08:48.402,0.91359,0.9135200000000001,1,1
25.08.2021 00:08:48.605,0.91361,0.9135200000000001,1.2,1
25.08.2021 00:08:48.706,0.91361,0.91351,1,1
25.08.2021 00:08:50.129,0.9136000000000001,0.91353,1,1
25.08.2021 00:08:50.230,0.9136000000000001,0.9135200000000001,1,1
25.08.2021 00:08:50.432,0.91361,0.91354,1,1
25.08.2021 00:08:50.534,0.9136200000000001,0.9135200000000001,1,1
25.08.2021 00:09:08.317,0.91359,0.9135000000000001,1.1,1
25.08.2021 00:09:08.519,0.91359,0.9135200000000001,1,1
25.08.2021 00:09:08.899,0.9136000000000001,0.9135200000000001,1,1
25.08.2021 00:09:09.000,0.91361,0.9135200000000001,1.1,1
25.08.2021 00:09:14.600,0.91361,0.91353,1.1,1
25.08.2021 00:10:05.147,0.9135500000000001,0.91349,1.5,1.5
25.08.2021 00:10:05.198,0.91359,0.9135000000000001,1.68,1.5
25.08.2021 00:10:05.299,0.91359,0.91351,1.1,1
25.08.2021 00:10:05.400,0.91359,0.9135200000000001,1,1
25.08.2021 00:10:05.520,0.9136000000000001,0.9135200000000001,1.1,1
25.08.2021 00:10:05.877,0.9136000000000001,0.91353,1.1,1
25.08.2021 00:10:07.422,0.9136000000000001,0.9135200000000001,1,1
25.08.2021 00:10:08.263,0.91361,0.9135200000000001,1,1
25.08.2021 00:10:42.121,0.9136000000000001,0.9135200000000001,1,1
25.08.2021 00:11:37.122,0.91361,0.9135200000000001,1.1,1
25.08.2021 00:11:38.673,0.9136200000000001,0.9135000000000001,1.1,1.5
25.08.2021 00:11:39.163,0.9136000000000001,0.91351,1,1
25.08.2021 00:11:44.896,0.9136000000000001,0.9135000000000001,1,1.5
25.08.2021 00:11:52.817,0.9136000000000001,0.91351,1,1
25.08.2021 00:11:59.752,0.9136000000000001,0.9135000000000001,1,1.5
25.08.2021 00:12:01.403,0.91361,0.91351,1.1,1
25.08.2021 00:12:14.764,0.91361,0.9135200000000001,1,1
25.08.2021 00:12:16.751,0.9136299999999999,0.9135200000000001,2.1,1
25.08.2021 00:12:22.526,0.91361,0.9135200000000001,1,1
25.08.2021 00:12:31.205,0.91361,0.91351,1,1.76
25.08.2021 00:12:38.214,0.91361,0.9135500000000001,1,1.25
25.08.2021 00:12:38.265,0.9136700000000001,0.91356,3.3,1.25
25.08.2021 00:12:38.367,0.9136700000000001,0.91356,2.54,1
25.08.2021 00:12:38.518,0.9136700000000001,0.9135700000000001,1.1,1.25
25.08.2021 00:12:38.619,0.9136799999999999,0.91358,1.1,1.5
25.08.2021 00:12:38.822,0.91369,0.91359,1.1,1.25
25.08.2021 00:12:39.023,0.9137000000000001,0.91358,1.1,1.25
25.08.2021 00:12:39.125,0.9136799999999999,0.91358,1.1,1.5
25.08.2021 00:12:46.740,0.91369,0.91359,1.1,1
25.08.2021 00:12:46.841,0.91369,0.91359,1.22,1
25.08.2021 00:12:46.942,0.91369,0.91359,1.1,1.75
25.08.2021 00:12:47.043,0.9137000000000001,0.91358,1.1,1.5
25.08.2021 00:12:47.483,0.91369,0.91359,1.1,2.69
25.08.2021 00:12:54.195,0.91369,0.91359,1.1,1.25
25.08.2021 00:13:07.751,0.9136799999999999,0.91359,1,1.69
25.08.2021 00:13:09.098,0.91369,0.91359,1.1,1.25
25.08.2021 00:13:10.239,0.91369,0.91359,1,2.57
25.08.2021 00:13:25.977,0.91369,0.91359,1,1.57
25.08.2021 00:13:27.886,0.91369,0.9136000000000001,1.12,1
25.08.2021 00:13:30.626,0.91369,0.91359,1.12,1.76
25.08.2021 00:13:30.828,0.9136799999999999,0.91359,1,1
25.08.2021 00:13:32.240,0.9136299999999999,0.91354,1,1.27
25.08.2021 00:13:32.565,0.9136200000000001,0.91353,1,1.25
25.08.2021 00:13:32.666,0.9136200000000001,0.91354,1,1
25.08.2021 00:13:32.768,0.9136500000000001,0.91353,5.47,1.5
25.08.2021 00:13:43.995,0.9136500000000001,0.9135500000000001,1.2,1.69
25.08.2021 00:13:44.046,0.91366,0.9135700000000001,1.6,1
25.08.2021 00:13:44.148,0.91366,0.91358,1.5,1
25.08.2021 00:13:46.999,0.9136700000000001,0.91358,1.12,1
25.08.2021 00:13:59.712,0.9136700000000001,0.9135700000000001,1.12,1.5
25.08.2021 00:14:00.120,0.91366,0.9135700000000001,1.12,1
25.08.2021 00:14:00.221,0.9136799999999999,0.91358,1.5,1.1
25.08.2021 00:14:00.322,0.9136799999999999,0.91358,1.5,1.1
25.08.2021 00:14:03.042,0.91369,0.91358,1.2,1.57
25.08.2021 00:14:03.143,0.9137000000000001,0.91359,2.35,1
25.08.2021 00:14:27.700,0.9136799999999999,0.91359,1,1.5
25.08.2021 00:14:30.899,0.9136700000000001,0.91359,1,1
25.08.2021 00:14:31.001,0.91364,0.91358,1,1
25.08.2021 00:14:31.052,0.91364,0.9135500000000001,2.25,1.1
25.08.2021 00:14:31.154,0.91364,0.91354,2.32,1.1
25.08.2021 00:14:32.084,0.91364,0.91354,2.72,1
25.08.2021 00:14:36.460,0.91364,0.91354,1,1.5
25.08.2021 00:14:39.535,0.9136299999999999,0.91353,1.95,1.1
25.08.2021 00:14:39.637,0.9136200000000001,0.9135200000000001,1.2,1.1
25.08.2021 00:14:48.259,0.9136200000000001,0.91351,2.16,1.57
25.08.2021 00:15:00.689,0.9136000000000001,0.91351,1,1
25.08.2021 00:15:00.792,0.9136000000000001,0.9135000000000001,1,1
25.08.2021 00:15:00.843,0.91359,0.91348,1.39,1
25.08.2021 00:15:00.944,0.91359,0.91346,2.26,3.7
25.08.2021 00:15:03.463,0.91358,0.9134700000000001,1.97,1
25.08.2021 00:15:05.054,0.91358,0.91346,1.97,1
25.08.2021 00:15:12.424,0.91356,0.91346,1,1.5
25.08.2021 00:15:17.920,0.91358,0.91348,1,1.5
25.08.2021 00:15:19.995,0.9135700000000001,0.9134700000000001,1,1.5
25.08.2021 00:15:51.936,0.9135700000000001,0.91348,1,1
25.08.2021 00:15:52.038,0.91358,0.9135000000000001,1,1
25.08.2021 00:15:53.153,0.91358,0.91349,1,1.5
25.08.2021 00:15:54.509,0.9136000000000001,0.91348,1,2.25
25.08.2021 00:15:55.270,0.9136000000000001,0.91349,1,1
25.08.2021 00:16:01.454,0.91359,0.91349,1.1,1
25.08.2021 00:16:01.555,0.91358,0.91348,1,1.57
25.08.2021 00:16:06.401,0.91353,0.91343,1,2.62
25.08.2021 00:16:06.502,0.91354,0.91341,1.31,1.57
25.08.2021 00:16:07.711,0.91351,0.91341,1,1.76
25.08.2021 00:16:17.180,0.91351,0.9134,1,1
25.08.2021 00:16:20.201,0.91351,0.91339,1,2.51
25.08.2021 00:16:21.242,0.91349,0.9134,1,1.1
25.08.2021 00:16:50.131,0.91349,0.91339,1,1.5
25.08.2021 00:16:58.838,0.9134500000000001,0.91335,1,1
25.08.2021 00:16:58.940,0.9134500000000001,0.91334,1.95,1.5
25.08.2021 00:17:04.301,0.91344,0.91333,1,2.32
25.08.2021 00:17:06.131,0.9134500000000001,0.91333,1.5,1
25.08.2021 00:17:55.054,0.9134200000000001,0.91334,1,1
25.08.2021 00:17:55.156,0.91341,0.91333,1,1
25.08.2021 00:17:55.258,0.9134200000000001,0.9133100000000001,1,1
25.08.2021 00:17:55.878,0.9133700000000001,0.91328,1.5,1
25.08.2021 00:17:55.979,0.9133600000000001,0.9132600000000001,1,1.5
25.08.2021 00:17:56.080,0.91335,0.9132600000000001,1,1
25.08.2021 00:18:08.163,0.9133600000000001,0.9132600000000001,1.69,1.5
25.08.2021 00:18:08.214,0.9133600000000001,0.91328,1,1.5
25.08.2021 00:18:08.265,0.91338,0.91329,1,1
25.08.2021 00:18:15.377,0.91339,0.9133,1,1
25.08.2021 00:18:15.941,0.9134,0.9133100000000001,1.69,1
25.08.2021 00:18:15.992,0.91341,0.91333,1.5,1
25.08.2021 00:18:16.094,0.9134200000000001,0.91333,1.5,1
25.08.2021 00:18:46.298,0.91341,0.91333,1,1
25.08.2021 00:19:21.447,0.9134,0.9133100000000001,1,1
25.08.2021 00:19:31.633,0.9134200000000001,0.91329,1,1.87
25.08.2021 00:19:33.706,0.9134200000000001,0.9133,1,1
25.08.2021 00:19:52.880,0.9134200000000001,0.9133200000000001,1,1
25.08.2021 00:19:52.981,0.91341,0.9133100000000001,1,2
25.08.2021 00:19:53.471,0.91341,0.9133100000000001,1,1.87
25.08.2021 00:20:32.406,0.9134200000000001,0.9133200000000001,1,1
25.08.2021 00:21:27.417,0.91343,0.91333,1,1
25.08.2021 00:22:22.371,0.9134200000000001,0.9133200000000001,1,1.95
25.08.2021 00:23:17.373,0.91343,0.91333,1,1
25.08.2021 00:23:37.115,0.91343,0.91333,1.5,1
25.08.2021 00:23:37.340,0.91343,0.91333,1,1
25.08.2021 00:24:45.953,0.9134500000000001,0.9133600000000001,1,1.57
25.08.2021 00:24:46.055,0.9134700000000001,0.91335,1,3.22
25.08.2021 00:24:46.106,0.91349,0.91339,2.62,1.57
25.08.2021 00:24:46.207,0.91349,0.9134,1,1.12
25.08.2021 00:24:46.308,0.9135000000000001,0.9134,1,1.87
25.08.2021 00:24:47.090,0.91349,0.9134,1,1.12
25.08.2021 00:24:52.786,0.9135200000000001,0.9134200000000001,1.2,1
25.08.2021 00:24:55.838,0.91353,0.91343,1,1.5
25.08.2021 00:24:56.106,0.91353,0.91343,1,2
25.08.2021 00:24:56.276,0.91353,0.91343,1,2
25.08.2021 00:24:57.626,0.91353,0.91343,1,2.37
25.08.2021 00:25:00.414,0.91353,0.91343,1,2.07
25.08.2021 00:25:00.846,0.91353,0.91343,1,2.1
25.08.2021 00:25:01.158,0.91353,0.91343,1,1.97
25.08.2021 00:25:01.373,0.91353,0.91343,1,2.1
25.08.2021 00:25:03.095,0.91353,0.91343,1,1.97
25.08.2021 00:25:03.214,0.91353,0.91343,1,2.1
25.08.2021 00:25:08.469,0.91353,0.91344,1,1.2
25.08.2021 00:25:10.399,0.91353,0.9134500000000001,1,1
25.08.2021 00:25:10.704,0.91358,0.9134700000000001,1.85,1
25.08.2021 00:25:10.805,0.91358,0.91348,1.1,1
25.08.2021 00:25:10.856,0.9136000000000001,0.9135000000000001,1.1,1
25.08.2021 00:25:34.442,0.9136000000000001,0.9135000000000001,1,1.6
25.08.2021 00:25:34.645,0.9136000000000001,0.9135000000000001,1,1.1
25.08.2021 00:26:05.854,0.91361,0.9135000000000001,1.01,1.1
25.08.2021 00:26:21.491,0.91361,0.9135000000000001,1.75,1.87
25.08.2021 00:26:50.392,0.91361,0.9135000000000001,1.69,1
25.08.2021 00:26:52.621,0.91359,0.91351,1,1
25.08.2021 00:27:44.815,0.91358,0.91348,1.01,1
25.08.2021 00:27:44.916,0.91356,0.9134700000000001,1,1
25.08.2021 00:27:45.018,0.9135700000000001,0.9134700000000001,1.76,1.5
25.08.2021 00:27:49.867,0.9135200000000001,0.91343,1.76,1
25.08.2021 00:27:54.259,0.91351,0.9134200000000001,1,1
25.08.2021 00:28:11.272,0.9135000000000001,0.9134,1,2.25
25.08.2021 00:28:11.374,0.91349,0.91339,1.25,1.5
25.08.2021 00:28:40.900,0.9135000000000001,0.9134,1,2.25
25.08.2021 00:28:56.975,0.91351,0.91341,1,1
25.08.2021 00:30:17.545,0.91353,0.91348,1,1
25.08.2021 00:30:17.596,0.9135700000000001,0.91349,1,1
25.08.2021 00:30:17.647,0.9136000000000001,0.9135000000000001,4,1
25.08.2021 00:30:17.748,0.9136000000000001,0.9135000000000001,1.5,1
25.08.2021 00:30:32.517,0.9136000000000001,0.9135000000000001,1,1.5
25.08.2021 00:30:32.721,0.9136000000000001,0.9135000000000001,1,1
25.08.2021 00:30:39.788,0.9136200000000001,0.91351,2.95,1
25.08.2021 00:30:39.889,0.9136299999999999,0.9135200000000001,2.6,1
25.08.2021 00:30:39.991,0.9136200000000001,0.91351,1.01,1
25.08.2021 00:30:40.193,0.9136299999999999,0.9135000000000001,1.25,2.07
25.08.2021 00:30:40.295,0.9136299999999999,0.91353,1.75,1
25.08.2021 00:30:40.400,0.9136299999999999,0.91353,1.25,1
25.08.2021 00:30:40.711,0.9136299999999999,0.91353,1.25,1.5
25.08.2021 00:30:49.861,0.91364,0.91354,1.25,2.45
25.08.2021 00:30:49.912,0.9136700000000001,0.9135700000000001,1.01,1
25.08.2021 00:30:53.280,0.9136799999999999,0.91358,1.25,1
25.08.2021 00:30:53.382,0.91369,0.91359,1,1
25.08.2021 00:30:53.483,0.9137100000000001,0.9136000000000001,1.35,1
25.08.2021 00:30:53.588,0.91369,0.91359,1,1.25
25.08.2021 00:30:55.245,0.9136799999999999,0.91358,1,1.39
25.08.2021 00:31:35.919,0.9137200000000001,0.9136200000000001,1.1,1.12
25.08.2021 00:31:36.021,0.9137200000000001,0.9136200000000001,1.35,1
25.08.2021 00:31:36.072,0.9137299999999999,0.9136299999999999,1.01,1
25.08.2021 00:31:36.173,0.9137299999999999,0.9136299999999999,1.82,1
25.08.2021 00:31:36.274,0.9137200000000001,0.9136200000000001,1.25,1.2
25.08.2021 00:31:45.491,0.9137299999999999,0.91361,2.12,1
25.08.2021 00:32:00.422,0.9137100000000001,0.91361,1.25,1.1
25.08.2021 00:32:26.228,0.9137299999999999,0.9136299999999999,1,1
25.08.2021 00:32:26.481,0.9137299999999999,0.9136299999999999,1.94,1
25.08.2021 00:32:31.520,0.9137200000000001,0.9136200000000001,1.25,1.2
25.08.2021 00:32:49.649,0.9137500000000001,0.9136700000000001,1.25,1.12
25.08.2021 00:32:49.750,0.9137799999999999,0.9136700000000001,1.95,1.12
25.08.2021 00:33:17.638,0.9138000000000001,0.91369,1,1.12
25.08.2021 00:33:17.943,0.9138200000000001,0.9137200000000001,2.22,1
25.08.2021 00:33:18.045,0.9138299999999999,0.9137299999999999,1,1.12
25.08.2021 00:33:18.147,0.9138299999999999,0.9137299999999999,1,1.5
25.08.2021 00:33:30.138,0.91385,0.91374,1,1.2
25.08.2021 00:33:47.165,0.91385,0.9137600000000001,1.5,1
25.08.2021 00:33:47.266,0.9139100000000001,0.91384,4.5,1
25.08.2021 00:33:47.317,0.9139,0.9138200000000001,1.25,1.1
25.08.2021 00:33:47.368,0.9139,0.91384,1.25,1
25.08.2021 00:33:47.418,0.91394,0.91384,2.57,1
25.08.2021 00:33:47.520,0.91394,0.91384,1.76,1
25.08.2021 00:33:47.570,0.9139600000000001,0.9138700000000001,1,1
25.08.2021 00:33:47.772,0.9139700000000002,0.9138700000000001,2.51,1
25.08.2021 00:34:16.266,0.91399,0.91389,1,1.1
25.08.2021 00:34:21.560,0.91399,0.91389,1,1.6
25.08.2021 00:34:27.271,0.91399,0.91389,1,1.2
25.08.2021 00:34:31.196,0.91399,0.91389,1,1.7
25.08.2021 00:34:32.207,0.91399,0.91389,1,1.2
25.08.2021 00:34:44.811,0.9139700000000002,0.9138700000000001,1,1.2
25.08.2021 00:34:44.861,0.91395,0.91385,1.25,1.5
25.08.2021 00:34:44.963,0.91394,0.91384,1,1
25.08.2021 00:34:48.170,0.9139600000000001,0.9138600000000001,1,2.25
25.08.2021 00:34:48.272,0.9139700000000002,0.9138700000000001,1,1
25.08.2021 00:34:50.725,0.9140100000000001,0.9139,1.01,1
25.08.2021 00:34:50.826,0.9140200000000002,0.9139100000000001,1.76,1
25.08.2021 00:35:01.405,0.9140100000000001,0.9139200000000001,1,1
25.08.2021 00:35:04.269,0.9140200000000002,0.9139100000000001,1.76,1
25.08.2021 00:35:05.137,0.9139600000000001,0.9138600000000001,1.25,3.07
25.08.2021 00:35:05.339,0.91395,0.91385,1,1.57
25.08.2021 00:35:05.600,0.9139600000000001,0.9138600000000001,1.25,1
25.08.2021 00:35:07.160,0.9139600000000001,0.9138600000000001,1.35,1
25.08.2021 00:35:17.632,0.9139600000000001,0.9138600000000001,1.25,1
25.08.2021 00:35:26.392,0.9139600000000001,0.9138700000000001,1.25,1
25.08.2021 00:35:42.157,0.9139600000000001,0.9138600000000001,1,1
25.08.2021 00:35:46.352,0.91395,0.91385,1,1
25.08.2021 00:35:51.585,0.91394,0.9138299999999999,1,1.1
25.08.2021 00:36:02.790,0.91394,0.9138299999999999,1.1,1
25.08.2021 00:36:02.891,0.9139200000000001,0.9138200000000001,1,1
25.08.2021 00:36:03.043,0.9139100000000001,0.9138100000000001,1,1
25.08.2021 00:36:05.047,0.91393,0.91384,1.5,2.32
25.08.2021 00:36:05.098,0.9139600000000001,0.9138600000000001,2.35,1.5
25.08.2021 00:36:05.251,0.9139600000000001,0.9138600000000001,1.76,1
25.08.2021 00:36:08.421,0.9139700000000002,0.9138700000000001,1.25,1
25.08.2021 00:36:13.575,0.914,0.91389,1,1.57
25.08.2021 00:36:13.829,0.914,0.91389,1,1.97
25.08.2021 00:36:14.033,0.914,0.91389,1,1.95
25.08.2021 00:36:25.637,0.91398,0.91388,1,1
25.08.2021 00:36:31.110,0.9139700000000002,0.9138700000000001,1,1.1
25.08.2021 00:37:11.885,0.91399,0.9139,1,1
25.08.2021 00:37:35.216,0.9139600000000001,0.91384,1.69,3.12
25.08.2021 00:37:35.317,0.91394,0.91384,1,2
25.08.2021 00:37:35.368,0.91394,0.91384,1.25,1.5
25.08.2021 00:37:42.551,0.9139100000000001,0.9138200000000001,1,1
25.08.2021 00:37:43.285,0.91394,0.9138299999999999,1.25,1
25.08.2021 00:37:43.386,0.91398,0.91388,1.69,1.5
25.08.2021 00:37:43.487,0.9139700000000002,0.91388,1.25,1
25.08.2021 00:37:44.040,0.9139700000000002,0.9138600000000001,1.25,1.5
25.08.2021 00:37:46.268,0.91398,0.91388,1,1.5
25.08.2021 00:37:47.730,0.91395,0.91385,1,2.75
25.08.2021 00:37:47.831,0.91395,0.91385,1.69,1.87
25.08.2021 00:37:48.235,0.9139700000000002,0.9138600000000001,1.76,1
25.08.2021 00:37:55.487,0.914,0.9139100000000001,1,1
25.08.2021 00:38:07.800,0.91399,0.91389,1,1.5
25.08.2021 00:38:07.902,0.91398,0.91388,1,1.2
25.08.2021 00:38:08.003,0.91399,0.9138600000000001,1.5,1.57
25.08.2021 00:38:13.912,0.914,0.9139,1.5,1.5
25.08.2021 00:38:14.115,0.9140100000000001,0.9139,1.5,1
25.08.2021 00:38:23.877,0.91399,0.91389,1.5,1.87
25.08.2021 00:38:23.978,0.91398,0.91388,1,1.5
25.08.2021 00:38:24.080,0.91398,0.9138600000000001,1,1.87
25.08.2021 00:38:49.488,0.91398,0.91388,1,1
25.08.2021 00:38:54.844,0.9140100000000001,0.9139100000000001,2.7,1
25.08.2021 00:38:55.951,0.9140200000000002,0.9139200000000001,1.1,1
25.08.2021 00:39:03.940,0.91405,0.91398,1.25,1
25.08.2021 00:39:03.991,0.91409,0.914,3.25,1
25.08.2021 00:39:04.042,0.9141100000000001,0.9140200000000002,1.75,1
25.08.2021 00:39:04.092,0.9141100000000001,0.9140200000000002,1,1
25.08.2021 00:39:04.194,0.9141200000000002,0.9140200000000002,2.44,1
25.08.2021 00:39:04.430,0.91409,0.914,1.75,1
25.08.2021 00:39:04.481,0.91408,0.9139700000000002,1,1.12
25.08.2021 00:39:04.583,0.91408,0.91398,1.25,1
25.08.2021 00:39:07.454,0.91409,0.91399,1,1
25.08.2021 00:39:26.721,0.9141200000000002,0.9140200000000002,1,1
25.08.2021 00:39:41.100,0.9141200000000002,0.9140200000000002,1.75,1
25.08.2021 00:39:41.304,0.9141200000000002,0.9140200000000002,1.25,1
25.08.2021 00:40:01.090,0.9141600000000001,0.91405,1,1.87
25.08.2021 00:40:01.191,0.9141700000000001,0.91404,1,2.37
25.08.2021 00:40:02.057,0.9141700000000001,0.9140700000000002,1,1.12
25.08.2021 00:40:02.159,0.91418,0.91408,1.69,1
25.08.2021 00:40:12.762,0.9141900000000001,0.91409,1.1,1
25.08.2021 00:40:31.019,0.91423,0.91413,2.44,2.25
25.08.2021 00:40:31.070,0.91424,0.91413,1.1,2.81
25.08.2021 00:40:31.121,0.9142600000000001,0.9141700000000001,1.69,1.5
25.08.2021 00:40:31.223,0.9142700000000001,0.9142,3.75,1
25.08.2021 00:40:31.274,0.9143,0.9142,1.1,1
25.08.2021 00:40:36.217,0.9143,0.9142,1,3.06
25.08.2021 00:40:36.318,0.9143100000000001,0.9142100000000001,1.1,1
25.08.2021 00:40:45.454,0.91433,0.91423,1,1
25.08.2021 00:40:51.677,0.91439,0.91429,1.87,2.81
25.08.2021 00:40:51.728,0.9144,0.9143200000000001,1,1
25.08.2021 00:40:51.779,0.9144,0.91433,1,1.75
25.08.2021 00:40:51.830,0.91443,0.91434,1,1
25.08.2021 00:40:52.184,0.91443,0.91433,1,1.25
25.08.2021 00:40:52.443,0.91443,0.91433,1,1.75
25.08.2021 00:40:55.200,0.9144500000000001,0.9143600000000001,1,1.5
25.08.2021 00:40:58.131,0.9144500000000001,0.91434,1,1.39
25.08.2021 00:41:17.455,0.91446,0.91435,1.39,1
25.08.2021 00:41:18.716,0.91446,0.91433,1,1.31
25.08.2021 00:41:26.845,0.91444,0.91433,1,2.12
25.08.2021 00:41:27.047,0.91444,0.91433,1,1.31
25.08.2021 00:41:38.554,0.9144200000000001,0.9143200000000001,1,2.25
25.08.2021 00:41:54.124,0.91444,0.91433,1,1.31
25.08.2021 00:42:19.963,0.9144500000000001,0.9143600000000001,1.87,1
25.08.2021 00:42:20.014,0.9144700000000001,0.91439,1,1.5
25.08.2021 00:42:20.117,0.9145000000000001,0.9144,1.57,1.69
25.08.2021 00:42:20.218,0.91451,0.9144200000000001,1.57,1
25.08.2021 00:42:20.487,0.9145000000000001,0.91439,1,3.25
25.08.2021 00:42:21.847,0.9145000000000001,0.91439,1,2.25
25.08.2021 00:42:26.190,0.91449,0.9144,1,4.19
25.08.2021 00:42:31.397,0.91449,0.9144100000000001,1,1.75
25.08.2021 00:42:43.571,0.91449,0.9144,1,4.87
25.08.2021 00:42:48.040,0.91444,0.91439,1,1
25.08.2021 00:42:48.091,0.91444,0.9143600000000001,1,1
25.08.2021 00:42:48.142,0.91444,0.91434,1,1.87
25.08.2021 00:42:50.881,0.9144500000000001,0.91439,1,1
25.08.2021 00:42:50.932,0.9144700000000001,0.91439,1.5,1
25.08.2021 00:42:51.033,0.91449,0.91439,1.95,1
25.08.2021 00:42:51.235,0.91446,0.91438,1,1.31
25.08.2021 00:42:52.169,0.91446,0.9143600000000001,1,2.19
25.08.2021 00:42:53.551,0.9144700000000001,0.91435,1,1
25.08.2021 00:42:56.380,0.91448,0.9144,1.75,1
25.08.2021 00:42:56.431,0.9145000000000001,0.9144,1,1.31
25.08.2021 00:42:56.836,0.9145200000000001,0.9144100000000001,1.2,1.25
25.08.2021 00:42:57.593,0.91453,0.91446,1,1
25.08.2021 00:42:57.694,0.91454,0.9144500000000001,1,3.56
25.08.2021 00:42:57.796,0.9145500000000001,0.9144500000000001,1,1.25
25.08.2021 00:42:58.360,0.91459,0.91449,2.32,1.25
25.08.2021 00:42:58.512,0.91461,0.9144700000000001,1.57,2.25
25.08.2021 00:42:58.664,0.91459,0.91448,1,2.25
25.08.2021 00:43:02.497,0.91459,0.91449,1,1.37
25.08.2021 00:43:03.281,0.91459,0.91448,1,1.37
25.08.2021 00:43:03.382,0.91458,0.91448,1,1.37
25.08.2021 00:43:06.581,0.9145700000000001,0.91448,1.12,1.25
25.08.2021 00:43:08.771,0.9145500000000001,0.9144500000000001,1,1.69
25.08.2021 00:43:22.502,0.9145500000000001,0.91446,1,1
25.08.2021 00:43:22.553,0.9145700000000001,0.9144700000000001,1,1.69
25.08.2021 00:43:22.705,0.91456,0.9144700000000001,1,1.25
25.08.2021 00:43:23.232,0.9145500000000001,0.9144700000000001,1,1.25
25.08.2021 00:43:28.144,0.9145700000000001,0.91448,1,1
25.08.2021 00:43:28.195,0.91459,0.91449,1.5,1.69
25.08.2021 00:43:28.257,0.9145700000000001,0.91449,1,1.25
25.08.2021 00:43:46.226,0.9145500000000001,0.91449,1,1
25.08.2021 00:43:46.276,0.9145500000000001,0.91444,2.7,1.75
25.08.2021 00:43:46.327,0.9145200000000001,0.9144200000000001,1,4.37
25.08.2021 00:43:52.100,0.9145200000000001,0.9144200000000001,1,1.69
25.08.2021 00:43:53.268,0.9145500000000001,0.9144200000000001,1.2,1.25
25.08.2021 00:44:00.484,0.9145500000000001,0.91446,1,1
25.08.2021 00:44:00.585,0.91458,0.91446,1.12,1.69
25.08.2021 00:44:00.636,0.91459,0.91449,2.75,1.69
25.08.2021 00:44:00.737,0.9145700000000001,0.9145000000000001,1,1.25
25.08.2021 00:44:02.760,0.91459,0.91449,1,1.75
25.08.2021 00:44:04.145,0.91459,0.9144700000000001,1,1.69
25.08.2021 00:44:10.431,0.91459,0.91448,1.1,1.25
25.08.2021 00:44:10.989,0.91458,0.9144700000000001,1,1.37
25.08.2021 00:44:11.413,0.91458,0.9144700000000001,1.2,1
25.08.2021 00:44:16.039,0.91458,0.9144700000000001,1.22,1
25.08.2021 00:44:16.976,0.91458,0.9144700000000001,1.72,1
25.08.2021 00:44:17.182,0.91458,0.9144700000000001,1.22,1
25.08.2021 00:44:18.277,0.91459,0.91449,1.1,1
25.08.2021 00:44:19.468,0.91458,0.91449,1,1
25.08.2021 00:44:21.307,0.91458,0.91448,1,1.69
25.08.2021 00:44:28.459,0.91458,0.91446,1,1.31
25.08.2021 00:44:29.132,0.9145700000000001,0.91446,1,2.44
25.08.2021 00:44:33.540,0.91456,0.91446,1,1.69
25.08.2021 00:44:42.182,0.91458,0.9145000000000001,1,1
25.08.2021 00:44:51.034,0.91458,0.91449,1,1
25.08.2021 00:45:02.333,0.91458,0.91451,1,1
25.08.2021 00:45:50.414,0.91459,0.91451,1.5,1.25
25.08.2021 00:46:14.817,0.91459,0.9145000000000001,1,1.25
25.08.2021 00:46:22.609,0.91459,0.91449,1,1
25.08.2021 00:46:33.584,0.9145700000000001,0.9145000000000001,1.12,1
25.08.2021 00:46:35.030,0.91458,0.9145000000000001,1,1
25.08.2021 00:46:36.607,0.9145700000000001,0.9145000000000001,1,1
25.08.2021 00:46:36.708,0.91458,0.91449,2.25,1.25
25.08.2021 00:46:36.810,0.91456,0.91449,1,1
25.08.2021 00:46:37.304,0.9145500000000001,0.91446,1,1
25.08.2021 00:46:37.405,0.9145500000000001,0.9144500000000001,1.1,1.69
25.08.2021 00:46:37.506,0.91454,0.91444,1,2.76
25.08.2021 00:46:46.115,0.91456,0.9144700000000001,1,1.25
25.08.2021 00:46:46.217,0.9145700000000001,0.9144700000000001,1.57,1.25
25.08.2021 00:46:46.319,0.9145500000000001,0.9144500000000001,1,2.31
25.08.2021 00:46:46.472,0.9145500000000001,0.9144500000000001,1,1.12
25.08.2021 00:46:46.573,0.91454,0.91444,1,2.81
25.08.2021 00:46:57.898,0.9145700000000001,0.9144700000000001,1.95,1.69
25.08.2021 00:46:58.050,0.91458,0.91448,1.95,1.25
25.08.2021 00:46:58.202,0.9145700000000001,0.91446,1,1.25
25.08.2021 00:47:16.841,0.91453,0.91444,1,1.25
25.08.2021 00:47:16.942,0.91453,0.91443,1.1,1.25
25.08.2021 00:47:17.145,0.9145200000000001,0.9144200000000001,1,1.01
25.08.2021 00:47:23.197,0.91451,0.9144100000000001,1,2.5
25.08.2021 00:47:23.337,0.91453,0.9144100000000001,3.47,1.75
25.08.2021 00:47:33.446,0.91451,0.9144100000000001,1,2.5
25.08.2021 00:47:48.539,0.9145000000000001,0.9144100000000001,1,1.25
25.08.2021 00:48:26.156,0.91449,0.9144,1,1.25
25.08.2021 00:48:34.903,0.9144700000000001,0.91439,1,1.25
25.08.2021 00:48:39.655,0.9144700000000001,0.9144100000000001,1,1
25.08.2021 00:48:49.713,0.9144700000000001,0.91439,1,2.19
25.08.2021 00:48:54.385,0.91449,0.91439,1,4.57
25.08.2021 00:48:54.486,0.9145200000000001,0.9144100000000001,1.1,1.25
25.08.2021 00:48:54.588,0.91451,0.91439,1,3.25
25.08.2021 00:49:01.516,0.91456,0.9144700000000001,2.35,1.25
25.08.2021 00:49:01.618,0.91458,0.91448,1.1,1.25
25.08.2021 00:49:01.974,0.91458,0.91448,1.1,2.5
25.08.2021 00:49:02.075,0.9146000000000001,0.9145000000000001,1.97,1.25
25.08.2021 00:49:02.177,0.91461,0.9145000000000001,1.22,1.25
25.08.2021 00:49:02.279,0.9145700000000001,0.91449,1,1.75
25.08.2021 00:49:35.925,0.91459,0.91449,1,1.35
25.08.2021 00:49:36.077,0.91461,0.91451,1.1,1.69
25.08.2021 00:49:36.129,0.91466,0.91459,1.1,1.75
25.08.2021 00:49:36.179,0.9146500000000001,0.91456,1.1,1
25.08.2021 00:49:36.281,0.9146700000000001,0.9145500000000001,1.57,1.75
25.08.2021 00:49:36.433,0.91464,0.91453,1,2.35
25.08.2021 00:49:40.069,0.91466,0.91456,1.1,2.19
25.08.2021 00:49:40.221,0.9146500000000001,0.91456,1,1.75
25.08.2021 00:49:43.185,0.9146799999999999,0.91456,1.25,2.32
25.08.2021 00:49:43.287,0.91469,0.9145700000000001,1.1,2.12
25.08.2021 00:49:45.267,0.9147000000000001,0.91461,1.1,1.69
25.08.2021 00:49:45.368,0.91469,0.91458,1,1.37
25.08.2021 00:49:46.258,0.9147200000000001,0.9146200000000001,1.1,1.25
25.08.2021 00:49:46.359,0.9147200000000001,0.9146200000000001,1.1,1.25
25.08.2021 00:49:46.561,0.91469,0.91461,1,2.57
25.08.2021 00:49:51.205,0.91469,0.91459,1,3.07
25.08.2021 00:49:51.407,0.9146700000000001,0.91459,1,1.5
25.08.2021 00:50:01.557,0.9146700000000001,0.9146000000000001,1,1.25
25.08.2021 00:50:01.658,0.9146700000000001,0.91459,1,1.12
25.08.2021 00:50:27.661,0.9146799999999999,0.91458,1,1.94
25.08.2021 00:50:32.193,0.9146700000000001,0.9145700000000001,1,3.81
25.08.2021 00:50:35.194,0.9146700000000001,0.9145700000000001,1,1.69
25.08.2021 00:50:48.645,0.91466,0.9145700000000001,1,1.25
25.08.2021 00:51:15.527,0.9146799999999999,0.9145700000000001,1,1
25.08.2021 00:51:26.368,0.9146700000000001,0.9145700000000001,1,1
25.08.2021 00:51:34.193,0.9146700000000001,0.91456,1,2.62
25.08.2021 00:51:34.295,0.9146500000000001,0.91456,1,1.5
25.08.2021 00:51:34.396,0.91464,0.91456,1,1.87
25.08.2021 00:51:34.781,0.91464,0.9145500000000001,1,1.5
25.08.2021 00:51:37.883,0.9146799999999999,0.91456,1.12,1.5
25.08.2021 00:51:37.984,0.91466,0.9145700000000001,1,1
25.08.2021 00:52:08.327,0.91466,0.91459,1,1
25.08.2021 00:52:23.042,0.91469,0.91459,1,1
25.08.2021 00:52:23.093,0.9146700000000001,0.91458,1,1
25.08.2021 00:52:27.909,0.9146799999999999,0.91458,1,1
25.08.2021 00:52:34.841,0.9146700000000001,0.91459,1,1.5
25.08.2021 00:52:35.028,0.9146700000000001,0.91459,1,1
25.08.2021 00:52:46.805,0.9146700000000001,0.91458,1,1
25.08.2021 00:52:52.049,0.9146700000000001,0.91459,1,1
25.08.2021 00:52:55.317,0.9146700000000001,0.91458,1,1
25.08.2021 00:53:00.456,0.9146700000000001,0.91459,1,1
25.08.2021 00:53:06.996,0.9146700000000001,0.91458,1,1
25.08.2021 00:53:26.170,0.9146700000000001,0.9146200000000001,1,1
25.08.2021 00:53:26.220,0.91474,0.9146200000000001,2.56,1.5
25.08.2021 00:53:26.271,0.91474,0.9146200000000001,1.1,1.25
25.08.2021 00:53:26.372,0.91474,0.91466,1.25,1
25.08.2021 00:53:26.625,0.9147600000000001,0.91466,1,1.25
25.08.2021 00:53:26.676,0.91474,0.9146500000000001,1,1.75
25.08.2021 00:53:31.348,0.91474,0.9146500000000001,1,2.62
25.08.2021 00:53:46.877,0.9147200000000001,0.91464,1,1
25.08.2021 00:53:47.029,0.9147100000000001,0.91464,1,1
25.08.2021 00:53:48.035,0.9147100000000001,0.9146299999999999,1,1.01
25.08.2021 00:53:52.919,0.9147299999999999,0.9146200000000001,1,3.26
25.08.2021 00:53:53.020,0.9147200000000001,0.91464,1,1
25.08.2021 00:53:56.263,0.9147200000000001,0.9146299999999999,1,1.01
25.08.2021 00:53:57.471,0.9147100000000001,0.9146200000000001,1,1.5
25.08.2021 00:53:57.573,0.9147000000000001,0.91461,1,1.57
25.08.2021 00:53:58.589,0.9147000000000001,0.9146000000000001,1,1
25.08.2021 00:53:59.604,0.9147000000000001,0.91459,1,3.82
25.08.2021 00:54:01.934,0.9147200000000001,0.9146200000000001,2.25,1.5
25.08.2021 00:54:02.085,0.9147000000000001,0.9146200000000001,1,1
25.08.2021 00:54:02.375,0.9147000000000001,0.9146000000000001,1,1.76
25.08.2021 00:54:03.322,0.9147000000000001,0.91459,1,1.87
25.08.2021 00:54:07.611,0.9147000000000001,0.9146000000000001,1,1.5
25.08.2021 00:54:07.713,0.9147100000000001,0.91459,1,1
25.08.2021 00:54:07.824,0.91469,0.91459,1.12,1
25.08.2021 00:54:07.976,0.9146799999999999,0.91458,1,1.69
25.08.2021 00:54:10.660,0.9146500000000001,0.91458,1,1.25
25.08.2021 00:54:10.711,0.9146799999999999,0.91458,1.6,1.25
25.08.2021 00:54:10.812,0.9146799999999999,0.91458,1.12,1.25
25.08.2021 00:54:14.434,0.9147299999999999,0.9146299999999999,1.1,2.81
25.08.2021 00:54:14.535,0.9147200000000001,0.9146299999999999,1,2.06
25.08.2021 00:54:14.693,0.9147299999999999,0.9146299999999999,1,2.81
25.08.2021 00:54:29.704,0.9147600000000001,0.91466,1.12,1.25
25.08.2021 00:54:29.907,0.9147700000000001,0.9146700000000001,1.6,1
25.08.2021 00:54:30.059,0.9147600000000001,0.91464,1,4.26
25.08.2021 00:54:32.180,0.9147500000000001,0.9146700000000001,1,1.82
25.08.2021 00:54:32.231,0.9148000000000001,0.9146700000000001,1.2,1.25
25.08.2021 00:54:32.332,0.9147700000000001,0.9146700000000001,1,3.14
25.08.2021 00:54:46.435,0.9147700000000001,0.9146500000000001,1,3.14
25.08.2021 00:54:46.537,0.9147500000000001,0.91466,1,2.01
25.08.2021 00:54:49.495,0.9147600000000001,0.91464,1,3.6
25.08.2021 00:54:49.647,0.91474,0.9146500000000001,1,2.79
25.08.2021 00:54:50.730,0.9147100000000001,0.9146200000000001,1,1.5
25.08.2021 00:54:50.983,0.9147100000000001,0.91461,1,1.5
25.08.2021 00:54:52.462,0.9147100000000001,0.9146000000000001,1,1
25.08.2021 00:54:53.142,0.91469,0.91459,1,1
25.08.2021 00:55:00.085,0.9146700000000001,0.91458,1,1.57
25.08.2021 00:55:00.186,0.9146700000000001,0.9145700000000001,1,3.26
25.08.2021 00:55:00.440,0.91466,0.9146000000000001,1,1
25.08.2021 00:55:00.541,0.9146700000000001,0.91458,1,2.82
25.08.2021 00:55:01.428,0.9146500000000001,0.9145700000000001,1,1
25.08.2021 00:55:01.641,0.9146700000000001,0.91456,1,1.25
25.08.2021 00:55:02.087,0.9146500000000001,0.9145700000000001,1,1.25
25.08.2021 00:55:03.409,0.9146500000000001,0.91456,1,1.2
25.08.2021 00:55:03.995,0.91466,0.91456,2.25,1.25
25.08.2021 00:55:13.666,0.91466,0.9145700000000001,1,1
25.08.2021 00:55:40.049,0.91469,0.91459,1.87,1.1
25.08.2021 00:55:40.253,0.9146799999999999,0.91458,1,1.1
25.08.2021 00:55:47.074,0.9146799999999999,0.91458,1,1.57
25.08.2021 00:55:47.270,0.9146799999999999,0.91458,1,1.6
25.08.2021 00:55:59.034,0.9146700000000001,0.91458,1,1.1
25.08.2021 00:55:59.314,0.9146799999999999,0.91456,1,1.79
25.08.2021 00:56:01.983,0.9146799999999999,0.9145700000000001,3,1.6
25.08.2021 00:56:05.145,0.9146799999999999,0.9145700000000001,3,1.57
25.08.2021 00:56:06.650,0.9146799999999999,0.9145700000000001,2.75,1.57
25.08.2021 00:56:13.819,0.91466,0.9145700000000001,1,1.1
25.08.2021 00:56:13.997,0.9146700000000001,0.9145700000000001,1.87,1.1
25.08.2021 00:56:15.855,0.9146799999999999,0.91458,1.57,1
25.08.2021 00:56:15.956,0.9146700000000001,0.9145700000000001,1,1.87
25.08.2021 00:56:23.791,0.91469,0.9146000000000001,1.12,1
25.08.2021 00:56:23.893,0.91469,0.91459,1,1.25
25.08.2021 00:56:28.897,0.9147000000000001,0.9146299999999999,1.5,3.75
25.08.2021 00:56:28.948,0.9147500000000001,0.91464,4.04,1
25.08.2021 00:56:29.000,0.9147500000000001,0.91466,1.25,1
25.08.2021 00:56:29.051,0.9147600000000001,0.91466,1.1,1
25.08.2021 00:56:29.381,0.9147700000000001,0.9146700000000001,1.5,1
25.08.2021 00:56:29.483,0.9147600000000001,0.91466,1,1.69
25.08.2021 00:56:30.362,0.9147700000000001,0.91466,1,4.12
25.08.2021 00:56:30.565,0.9148000000000001,0.9146700000000001,2.14,1
25.08.2021 00:56:30.615,0.9147700000000001,0.9146700000000001,1,1
25.08.2021 00:56:30.717,0.9147700000000001,0.91466,1,5.32
25.08.2021 00:57:00.107,0.9147700000000001,0.9146700000000001,1,1
25.08.2021 00:57:01.123,0.9147700000000001,0.91466,1,1.57
25.08.2021 00:57:01.224,0.9147500000000001,0.91466,1,1.1
25.08.2021 00:57:06.364,0.9147500000000001,0.9146500000000001,1,3.45
25.08.2021 00:57:10.785,0.9147700000000001,0.91466,1.31,1
25.08.2021 00:57:10.887,0.9147500000000001,0.9146500000000001,1,2.32
25.08.2021 00:57:12.875,0.9147200000000001,0.9146200000000001,1,5.51
25.08.2021 00:57:13.027,0.9147200000000001,0.9146299999999999,1,1.5
25.08.2021 00:57:13.128,0.9147200000000001,0.9146200000000001,1,2.14
25.08.2021 00:57:23.240,0.9147100000000001,0.91461,1,2.14
25.08.2021 00:57:26.308,0.9147100000000001,0.91459,1,2.32
25.08.2021 00:57:30.265,0.91469,0.91459,1,1
25.08.2021 00:57:30.367,0.91469,0.91459,1.5,1
25.08.2021 00:57:35.412,0.9146799999999999,0.9145700000000001,1.12,2.89
25.08.2021 00:58:22.286,0.9147200000000001,0.9146000000000001,1.12,2.62
25.08.2021 00:58:22.439,0.9147299999999999,0.9146299999999999,1.12,2.44
25.08.2021 00:58:28.159,0.9147200000000001,0.9146200000000001,1,1
25.08.2021 00:58:28.311,0.9147100000000001,0.91461,1,1.1
25.08.2021 00:58:54.069,0.9147000000000001,0.91459,2.64,1
25.08.2021 00:58:54.170,0.91469,0.91458,1.5,1.25
25.08.2021 00:59:24.366,0.9146700000000001,0.9145700000000001,1,1
25.08.2021 00:59:39.738,0.9146700000000001,0.9145700000000001,1,1.5
25.08.2021 00:59:39.956,0.9146700000000001,0.9145700000000001,1,1
25.08.2021 01:00:01.549,0.9146799999999999,0.91458,1.12,1
25.08.2021 01:00:01.650,0.9146700000000001,0.9145700000000001,1,1.1
25.08.2021 01:00:07.230,0.9146700000000001,0.91458,1,1
25.08.2021 01:00:47.296,0.91464,0.9145500000000001,1,1.5
25.08.2021 01:00:51.065,0.9146200000000001,0.91453,1.5,1
25.08.2021 01:00:51.166,0.9146200000000001,0.9145200000000001,1.76,1.5
25.08.2021 01:00:51.267,0.91461,0.91451,1,1
25.08.2021 01:00:51.940,0.9146000000000001,0.91451,1,1
25.08.2021 01:01:00.332,0.9146299999999999,0.9145500000000001,1,1
25.08.2021 01:01:01.818,0.9146299999999999,0.91456,1,1
25.08.2021 01:01:02.531,0.9146299999999999,0.91454,1,1.87
25.08.2021 01:01:04.931,0.9146299999999999,0.9145500000000001,1,1
25.08.2021 01:01:05.032,0.9146299999999999,0.91456,1,1
25.08.2021 01:01:17.884,0.9146299999999999,0.9145500000000001,1,3
25.08.2021 01:01:18.001,0.9146299999999999,0.91456,1,1.5
25.08.2021 01:01:18.103,0.9146299999999999,0.9145500000000001,1,1.5
25.08.2021 01:01:18.765,0.9146200000000001,0.91451,1,1.87
25.08.2021 01:01:18.867,0.91461,0.91451,1.57,1.5
25.08.2021 01:01:20.019,0.9146000000000001,0.91451,1,1
25.08.2021 01:01:21.519,0.9146299999999999,0.9145500000000001,1,1.5
25.08.2021 01:01:24.537,0.9146299999999999,0.91456,1,1
25.08.2021 01:01:29.394,0.9146299999999999,0.9145500000000001,1,3.75
25.08.2021 01:01:30.784,0.9146299999999999,0.91456,1,1
25.08.2021 01:01:30.885,0.9146299999999999,0.9145700000000001,1,1
25.08.2021 01:01:30.936,0.9147000000000001,0.91464,1.12,1
25.08.2021 01:01:31.037,0.9147200000000001,0.9146299999999999,1,2.06
25.08.2021 01:01:31.239,0.9147200000000001,0.91464,1,1
25.08.2021 01:01:36.842,0.9147299999999999,0.91464,1,1
25.08.2021 01:01:45.306,0.9147299999999999,0.9146500000000001,1,1
25.08.2021 01:01:48.470,0.91474,0.9146700000000001,1,1.31
25.08.2021 01:01:48.522,0.9147600000000001,0.9146799999999999,1,1
25.08.2021 01:01:48.732,0.9147600000000001,0.9146700000000001,1.5,1
25.08.2021 01:01:55.053,0.9147600000000001,0.91466,1,1.5
25.08.2021 01:01:56.113,0.9147600000000001,0.9146700000000001,1,1
25.08.2021 01:01:56.215,0.9147600000000001,0.91466,1,1.5
25.08.2021 01:02:01.275,0.9147500000000001,0.91466,1,1
25.08.2021 01:02:03.862,0.9147600000000001,0.91466,1,1
25.08.2021 01:02:05.919,0.9147500000000001,0.91466,1,1
25.08.2021 01:02:18.439,0.9147600000000001,0.91466,1.1,1.5
25.08.2021 01:04:08.435,0.9147600000000001,0.9146500000000001,1,2.44
25.08.2021 01:04:52.875,0.9147299999999999,0.9146299999999999,2.25,1
25.08.2021 01:04:54.080,0.9147200000000001,0.9146200000000001,1,1.01
25.08.2021 01:04:54.181,0.91474,0.91461,1.25,1.57
25.08.2021 01:05:08.942,0.9147500000000001,0.9146299999999999,1,1
25.08.2021 01:05:09.094,0.9147299999999999,0.91464,1,1
25.08.2021 01:05:09.196,0.9147500000000001,0.9146200000000001,2.51,1.5
25.08.2021 01:05:09.298,0.9147299999999999,0.9146299999999999,1,1
25.08.2021 01:05:09.401,0.9147200000000001,0.9146200000000001,1,1.5
25.08.2021 01:05:15.956,0.91469,0.91461,1,1
25.08.2021 01:05:16.007,0.9146799999999999,0.91459,1,1.5
25.08.2021 01:05:16.109,0.9146799999999999,0.91458,1,2.7
25.08.2021 01:05:16.301,0.91469,0.91459,1,1
25.08.2021 01:05:47.497,0.9146700000000001,0.91458,1,1
25.08.2021 01:05:47.598,0.9146799999999999,0.91458,1,1.5
25.08.2021 01:05:47.952,0.9146700000000001,0.9145700000000001,1.5,1
25.08.2021 01:05:48.678,0.9146700000000001,0.91456,2.32,1.5
25.08.2021 01:05:53.914,0.9146700000000001,0.91456,2.82,1.5
25.08.2021 01:05:54.136,0.9146700000000001,0.91456,2.32,1.5
25.08.2021 01:05:57.641,0.91466,0.91456,1.5,1
25.08.2021 01:05:57.742,0.9146500000000001,0.91454,1,1
25.08.2021 01:05:58.151,0.9146299999999999,0.9145500000000001,1,1
25.08.2021 01:06:03.100,0.9146299999999999,0.91454,1,1.1
25.08.2021 01:06:05.691,0.9146200000000001,0.91454,1,1
25.08.2021 01:06:05.792,0.91461,0.91451,1.87,1
25.08.2021 01:06:06.159,0.9146000000000001,0.91449,1,1.76
25.08.2021 01:06:09.968,0.91459,0.91449,1,1.1
25.08.2021 01:06:10.184,0.91456,0.91446,2.25,1.1
25.08.2021 01:06:10.286,0.9145500000000001,0.9144700000000001,1,1
25.08.2021 01:06:43.702,0.91454,0.91446,1,1.5
25.08.2021 01:06:52.286,0.91453,0.9144500000000001,1,1.5
25.08.2021 01:06:52.387,0.91451,0.91443,1,1.5
25.08.2021 01:06:59.497,0.91449,0.91443,1,1
25.08.2021 01:07:03.205,0.91449,0.9144200000000001,1,1
25.08.2021 01:07:05.648,0.91449,0.9144100000000001,1,1
25.08.2021 01:07:15.041,0.91449,0.9144,1,1
25.08.2021 01:07:15.956,0.91449,0.91439,1,1.87
25.08.2021 01:07:39.046,0.91449,0.91438,1,1
25.08.2021 01:07:39.147,0.91448,0.91438,1,1
25.08.2021 01:07:40.103,0.91446,0.91434,1,1.5
25.08.2021 01:07:40.204,0.91444,0.91434,1,1.39
25.08.2021 01:07:40.679,0.91443,0.91433,1,1.25
25.08.2021 01:07:52.157,0.9144200000000001,0.91433,1,1
25.08.2021 01:08:13.905,0.91443,0.91433,1,1.5
25.08.2021 01:08:14.057,0.91446,0.9143600000000001,2,3.75
25.08.2021 01:08:14.159,0.9144700000000001,0.9143700000000001,1.5,1.69
25.08.2021 01:08:14.362,0.9144700000000001,0.91438,1.5,1
25.08.2021 01:08:24.608,0.91451,0.9144100000000001,2,1
25.08.2021 01:08:24.709,0.91451,0.9144100000000001,1,1.5
25.08.2021 01:08:24.911,0.9145200000000001,0.9144200000000001,1.95,1
25.08.2021 01:08:31.007,0.91453,0.9144200000000001,1.1,1
25.08.2021 01:08:31.109,0.9145700000000001,0.91448,2.32,1
25.08.2021 01:08:31.262,0.91458,0.91448,1.57,1.5
25.08.2021 01:08:31.363,0.9146000000000001,0.9145000000000001,2.32,1.25
25.08.2021 01:09:13.687,0.9146000000000001,0.9145000000000001,1.5,1.5
25.08.2021 01:09:13.898,0.9146000000000001,0.9145000000000001,1.5,1
25.08.2021 01:10:21.310,0.9146000000000001,0.91451,1,1
25.08.2021 01:11:16.350,0.9146000000000001,0.9145000000000001,1,1.5
25.08.2021 01:12:28.867,0.91458,0.9145000000000001,1,1
25.08.2021 01:12:28.918,0.9146000000000001,0.9145000000000001,1.76,1
25.08.2021 01:12:29.019,0.9146000000000001,0.9145000000000001,1.79,1
25.08.2021 01:12:29.376,0.9146000000000001,0.91449,1.79,1.5
25.08.2021 01:12:29.882,0.91461,0.91449,1.79,1
25.08.2021 01:12:31.649,0.9146000000000001,0.9145000000000001,1.76,1
25.08.2021 01:12:47.766,0.91459,0.91451,1,1
25.08.2021 01:12:50.454,0.9146000000000001,0.91449,1.1,3
25.08.2021 01:12:50.555,0.9146000000000001,0.9145000000000001,1,1
25.08.2021 01:13:38.435,0.91459,0.91449,2.32,1.5
25.08.2021 01:13:38.781,0.91458,0.91449,1,1
25.08.2021 01:13:42.166,0.9145500000000001,0.9144700000000001,1.57,1
25.08.2021 01:13:42.267,0.91454,0.91444,2.32,1.5
25.08.2021 01:13:43.732,0.9145200000000001,0.91444,1,1
25.08.2021 01:13:43.833,0.9145200000000001,0.91443,1,1.5
25.08.2021 01:14:04.260,0.9145200000000001,0.9144200000000001,2.25,1.5
25.08.2021 01:14:04.411,0.91451,0.9144200000000001,1,1
25.08.2021 01:14:04.988,0.91451,0.9144100000000001,1,1.25
25.08.2021 01:14:05.090,0.91451,0.9144,2.25,2.06
25.08.2021 01:14:06.102,0.91451,0.91439,1,1
25.08.2021 01:14:07.002,0.9145000000000001,0.9144100000000001,1,1
25.08.2021 01:14:07.103,0.91448,0.9144100000000001,1,1
25.08.2021 01:14:07.901,0.91448,0.9144,1,1
25.08.2021 01:14:08.854,0.91448,0.91439,1,1
25.08.2021 01:14:34.416,0.9145000000000001,0.91439,2.91,1
25.08.2021 01:14:36.612,0.9145000000000001,0.9144,1,1.1
25.08.2021 01:14:36.714,0.91451,0.9144100000000001,1,1
25.08.2021 01:14:36.815,0.9145000000000001,0.9144200000000001,1,1
25.08.2021 01:14:55.139,0.9145200000000001,0.9144,1,1
25.08.2021 01:14:55.241,0.9145000000000001,0.9144,1,1.5
25.08.2021 01:14:55.672,0.91451,0.9144100000000001,1.1,1
25.08.2021 01:15:15.027,0.9145000000000001,0.9144200000000001,1,1
25.08.2021 01:16:41.963,0.91451,0.91443,1,1
25.08.2021 01:16:42.014,0.91454,0.9144700000000001,1.25,1
25.08.2021 01:16:42.116,0.9145500000000001,0.91449,2.25,1
25.08.2021 01:16:42.390,0.9145500000000001,0.9145000000000001,2.25,1
25.08.2021 01:16:42.801,0.9145500000000001,0.91448,2.25,1
25.08.2021 01:16:53.941,0.9145500000000001,0.9145000000000001,2.25,1
25.08.2021 01:17:34.293,0.91458,0.9145000000000001,1,1
25.08.2021 01:17:48.240,0.91459,0.9145000000000001,1.5,1
25.08.2021 01:18:11.299,0.91459,0.91449,1.5,1
25.08.2021 01:18:48.426,0.91454,0.9144500000000001,1,1.25
25.08.2021 01:18:48.527,0.91453,0.91443,1.5,1
25.08.2021 01:18:48.628,0.9145200000000001,0.9144200000000001,1,2.25
25.08.2021 01:18:48.780,0.91453,0.9144200000000001,2.32,1.5
25.08.2021 01:18:49.033,0.9145700000000001,0.9144700000000001,2.07,1
25.08.2021 01:18:49.134,0.91458,0.91448,2.72,1
25.08.2021 01:18:49.337,0.91458,0.9145000000000001,1,1
25.08.2021 01:18:52.476,0.9145700000000001,0.9144700000000001,1,2.62
25.08.2021 01:18:52.577,0.91456,0.91446,1,1
25.08.2021 01:18:57.905,0.9145500000000001,0.91446,1,1
25.08.2021 01:19:14.284,0.9145500000000001,0.91444,1.5,1
25.08.2021 01:19:14.336,0.91453,0.9144200000000001,2.32,1.5
25.08.2021 01:19:14.437,0.9145200000000001,0.9144200000000001,1,1.5
25.08.2021 01:19:16.222,0.91451,0.9144100000000001,1,1.5
25.08.2021 01:19:16.537,0.91453,0.9144200000000001,1.5,1.5
25.08.2021 01:19:45.570,0.9145200000000001,0.9144200000000001,1,1.5
25.08.2021 01:19:45.671,0.91451,0.9144200000000001,1,1.5
25.08.2021 01:19:46.317,0.9145200000000001,0.9144200000000001,1,1.5
25.08.2021 01:19:53.612,0.91451,0.9144200000000001,1,1.5
25.08.2021 01:20:03.135,0.91453,0.9144200000000001,1.57,1.5
25.08.2021 01:20:11.511,0.91453,0.91443,1.57,1
25.08.2021 01:20:17.368,0.9145200000000001,0.91443,1,1
25.08.2021 01:20:20.749,0.9145200000000001,0.9144100000000001,1.5,1.5
25.08.2021 01:20:20.855,0.9145200000000001,0.9144200000000001,1,1
25.08.2021 01:20:21.764,0.9145200000000001,0.9144100000000001,1.57,1.5
25.08.2021 01:20:22.160,0.9145000000000001,0.9144100000000001,1,1.5
25.08.2021 01:20:24.284,0.9145200000000001,0.9144200000000001,1.5,1
25.08.2021 01:20:24.599,0.91451,0.9144100000000001,1,1.5
25.08.2021 01:20:45.421,0.91451,0.9144,1.57,1.5
25.08.2021 01:20:45.522,0.91448,0.91439,1,1
25.08.2021 01:20:45.624,0.9145000000000001,0.9144100000000001,1,1
25.08.2021 01:20:45.777,0.9145000000000001,0.9144200000000001,1,1
25.08.2021 01:20:49.328,0.91451,0.9144,1,1
25.08.2021 01:20:54.723,0.91451,0.9144,1.1,1.12
25.08.2021 01:21:24.812,0.91451,0.9144100000000001,1.57,1
25.08.2021 01:21:37.433,0.9145000000000001,0.9144,1.5,1.1
25.08.2021 01:21:37.484,0.91444,0.9143600000000001,1,1
25.08.2021 01:21:37.535,0.91446,0.9143700000000001,1,1
25.08.2021 01:21:37.586,0.91448,0.91438,1.1,1.12
25.08.2021 01:21:37.687,0.9144700000000001,0.9143700000000001,1,1
25.08.2021 01:21:37.940,0.9145000000000001,0.9144,1.57,1
25.08.2021 01:21:55.430,0.9145000000000001,0.9144100000000001,1,1
25.08.2021 01:21:59.224,0.91451,0.9144100000000001,1,1.5
25.08.2021 01:22:21.180,0.9145200000000001,0.9144200000000001,1,1
25.08.2021 01:22:27.017,0.91451,0.9144100000000001,1.5,1.5
25.08.2021 01:22:31.885,0.9145200000000001,0.9144200000000001,1,1
25.08.2021 01:22:34.872,0.91451,0.9144100000000001,1,1.5
25.08.2021 01:23:46.887,0.9145200000000001,0.9144200000000001,1,1
25.08.2021 01:23:59.159,0.91451,0.9144100000000001,1,1
25.08.2021 01:24:54.148,0.91451,0.9144,1,1.87
25.08.2021 01:24:57.355,0.9145000000000001,0.9144100000000001,1,1
25.08.2021 01:25:11.720,0.9145000000000001,0.9144200000000001,1,1
25.08.2021 01:25:11.821,0.9145200000000001,0.9144200000000001,1,1
25.08.2021 01:25:12.037,0.9145000000000001,0.9144200000000001,1,1
25.08.2021 01:25:13.197,0.9145000000000001,0.9144100000000001,1,1
25.08.2021 01:25:26.475,0.9145200000000001,0.91443,1.5,1
25.08.2021 01:25:26.576,0.91453,0.91443,1,1.12
25.08.2021 01:25:26.683,0.91453,0.91443,1,1.5
25.08.2021 01:25:26.910,0.9145500000000001,0.9144500000000001,1.1,1.12
25.08.2021 01:25:27.112,0.91454,0.91444,1,1.31
25.08.2021 01:25:28.182,0.91454,0.91444,1,1.75
25.08.2021 01:25:28.283,0.91454,0.91444,1.1,1.31
25.08.2021 01:25:44.064,0.91456,0.9144500000000001,1.97,1
25.08.2021 01:25:44.166,0.9145500000000001,0.91444,1.1,1.31
25.08.2021 01:25:54.187,0.9145500000000001,0.91444,1.1,1.75
25.08.2021 01:25:54.296,0.9145500000000001,0.91444,1.01,1.12
25.08.2021 01:26:00.241,0.9145700000000001,0.9144700000000001,1.12,1
25.08.2021 01:26:02.704,0.91458,0.91448,1,1
25.08.2021 01:26:05.438,0.91456,0.9144500000000001,1.2,1
25.08.2021 01:26:05.540,0.9145500000000001,0.91444,1.5,1
25.08.2021 01:26:05.641,0.91454,0.91443,1.57,1
25.08.2021 01:26:05.692,0.9145200000000001,0.9144100000000001,1,1
25.08.2021 01:26:05.798,0.91453,0.91443,1.57,1
25.08.2021 01:26:06.972,0.9145200000000001,0.91443,1,1
25.08.2021 01:26:10.100,0.9145200000000001,0.9144100000000001,2.44,1
25.08.2021 01:26:30.101,0.91451,0.9144100000000001,1,1
25.08.2021 01:27:39.276,0.91451,0.9144100000000001,2.07,1
25.08.2021 01:27:39.377,0.9145000000000001,0.91439,1.12,1.6
25.08.2021 01:27:45.137,0.9145000000000001,0.91439,1.57,1.31
25.08.2021 01:27:45.338,0.9145000000000001,0.91439,1.6,1.31
25.08.2021 01:27:46.993,0.9145000000000001,0.91439,1.95,1.31
25.08.2021 01:27:52.277,0.91448,0.91439,2.62,1.31
25.08.2021 01:27:52.378,0.91443,0.91433,1.5,2.37
25.08.2021 01:27:52.480,0.91443,0.91433,1.5,1
25.08.2021 01:28:01.209,0.9144100000000001,0.9143,1.12,1.5
25.08.2021 01:28:01.310,0.9144100000000001,0.9143,2.14,1
25.08.2021 01:28:01.412,0.9144,0.91429,1,1.31
25.08.2021 01:28:55.126,0.9143700000000001,0.91428,1.69,1
25.08.2021 01:28:55.228,0.91438,0.91428,1.5,1
25.08.2021 01:29:01.669,0.9143600000000001,0.9142600000000001,1.5,1
25.08.2021 01:29:05.535,0.91438,0.9142600000000001,1.69,1
25.08.2021 01:29:23.913,0.91438,0.91428,1.5,1
25.08.2021 01:29:24.304,0.91438,0.91429,1.5,1
25.08.2021 01:29:24.355,0.9144200000000001,0.9143200000000001,1,1
25.08.2021 01:29:24.507,0.91443,0.91433,1,1.1
25.08.2021 01:29:24.660,0.9144500000000001,0.91433,1,1.1
25.08.2021 01:29:26.356,0.9144500000000001,0.91435,1,1
25.08.2021 01:29:43.193,0.91446,0.9143600000000001,1.57,1
25.08.2021 01:30:02.448,0.91446,0.91434,1,1
25.08.2021 01:30:37.411,0.91443,0.91433,1,1.12
25.08.2021 01:30:37.894,0.9144500000000001,0.91435,1.5,1
25.08.2021 01:30:42.128,0.91444,0.91434,1.01,1
25.08.2021 01:30:49.932,0.91444,0.9143100000000001,1.39,2.06
25.08.2021 01:30:54.278,0.91444,0.9143100000000001,1,2.57
25.08.2021 01:31:00.269,0.91444,0.91433,1,1
25.08.2021 01:31:02.212,0.91449,0.9143600000000001,2.22,1
25.08.2021 01:31:02.313,0.91449,0.91439,1.6,1
25.08.2021 01:31:02.414,0.91449,0.91439,1.1,1.12
25.08.2021 01:31:02.767,0.9145000000000001,0.9144,1,1
25.08.2021 01:31:50.119,0.9145000000000001,0.9144100000000001,1,1
25.08.2021 01:32:45.078,0.9145000000000001,0.9144,1.5,1.5
25.08.2021 01:32:59.679,0.91449,0.91439,1.5,1
25.08.2021 01:32:59.781,0.91448,0.91439,1,1
25.08.2021 01:32:59.882,0.91449,0.9144,1,1
25.08.2021 01:33:25.056,0.91449,0.91439,2.32,1.5
25.08.2021 01:33:36.294,0.91448,0.91439,1,1
25.08.2021 01:33:36.396,0.9144700000000001,0.91438,1,1
25.08.2021 01:33:36.699,0.91446,0.91438,1,1
25.08.2021 01:33:36.800,0.91446,0.9143700000000001,1,1
25.08.2021 01:33:52.569,0.9144700000000001,0.9143700000000001,2.32,1
25.08.2021 01:34:15.318,0.91444,0.91434,1,1.69
25.08.2021 01:34:15.419,0.91443,0.91433,1.5,1.69
25.08.2021 01:35:18.451,0.9144200000000001,0.91433,1,1.5
25.08.2021 01:35:29.704,0.91443,0.91433,2.25,1.5
25.08.2021 01:35:31.000,0.9144200000000001,0.91433,1.57,1
25.08.2021 01:36:05.601,0.9144200000000001,0.9143200000000001,1,1.76
25.08.2021 01:36:07.259,0.9144500000000001,0.9143700000000001,1.12,1
25.08.2021 01:36:07.361,0.91448,0.91439,2.25,1
25.08.2021 01:36:07.613,0.9145000000000001,0.91439,2.32,1.76
25.08.2021 01:36:29.235,0.91451,0.9144,1,1
25.08.2021 01:36:33.366,0.91451,0.9144100000000001,2.32,1.5
25.08.2021 01:37:15.728,0.9144700000000001,0.91438,1.5,1.69
25.08.2021 01:37:15.880,0.9144700000000001,0.9143700000000001,3.07,1
25.08.2021 01:37:16.183,0.91449,0.9143700000000001,1,1.69
25.08.2021 01:37:16.284,0.91448,0.91438,1,3.32
25.08.2021 01:37:16.385,0.91449,0.91439,1,1.69
25.08.2021 01:37:34.039,0.91451,0.9144100000000001,1.1,1.25
25.08.2021 01:37:42.462,0.91451,0.9144,1.1,1.69
25.08.2021 01:37:54.611,0.91451,0.9144100000000001,1.1,1
25.08.2021 01:37:54.739,0.9145200000000001,0.9144200000000001,1.2,1
25.08.2021 01:38:16.806,0.91451,0.9144200000000001,1.1,1
25.08.2021 01:38:19.543,0.91451,0.9144,1.57,1.5
25.08.2021 01:38:39.002,0.91453,0.91446,1,1
25.08.2021 01:38:39.104,0.91456,0.91446,2.75,1.5
25.08.2021 01:38:39.155,0.9145700000000001,0.91446,1.2,2.25
25.08.2021 01:38:39.256,0.91458,0.9144700000000001,2.85,1
25.08.2021 01:38:39.459,0.91456,0.91446,1,2.25
25.08.2021 01:38:44.469,0.9145700000000001,0.9144700000000001,1,1.5
25.08.2021 01:38:45.366,0.91459,0.91448,2.32,1
25.08.2021 01:38:55.341,0.9146000000000001,0.91448,1.57,1.5
25.08.2021 01:38:55.443,0.9146000000000001,0.9145000000000001,1.5,1.69
25.08.2021 01:38:55.544,0.9146000000000001,0.91451,1,1
25.08.2021 01:38:58.032,0.9146000000000001,0.9145000000000001,1.57,1.69
25.08.2021 01:38:58.310,0.91459,0.9144700000000001,1.5,1.5
25.08.2021 01:38:58.513,0.91458,0.91449,1,1
25.08.2021 01:39:03.333,0.91459,0.91449,1.57,1
25.08.2021 01:39:06.578,0.91458,0.91448,1.69,1
25.08.2021 01:39:06.730,0.9145700000000001,0.9144700000000001,1.5,1.5
25.08.2021 01:39:06.831,0.9145500000000001,0.9144700000000001,1,1
25.08.2021 01:39:06.933,0.9145500000000001,0.91446,1,1
25.08.2021 01:39:11.313,0.91453,0.9144200000000001,1,1
25.08.2021 01:39:11.466,0.91451,0.9144200000000001,1,1
25.08.2021 01:39:17.342,0.9145200000000001,0.9144,1.5,1
25.08.2021 01:39:52.004,0.9145000000000001,0.9144,1,1
25.08.2021 01:39:56.892,0.91449,0.9144100000000001,1,1
25.08.2021 01:41:37.541,0.91449,0.9144,1.5,1
25.08.2021 01:41:40.308,0.91448,0.9144,1,1
25.08.2021 01:41:40.409,0.91449,0.9144100000000001,1.5,1
25.08.2021 01:41:40.693,0.91448,0.9144,1,1
25.08.2021 01:42:03.652,0.91449,0.9144100000000001,1.5,1
25.08.2021 01:44:42.647,0.9145000000000001,0.9144,1,1
25.08.2021 01:45:02.849,0.9145000000000001,0.9144,1,2
25.08.2021 01:45:04.611,0.91451,0.9144,1,2
25.08.2021 01:45:18.193,0.9145200000000001,0.9144100000000001,1.01,1.87
25.08.2021 01:45:19.203,0.9145200000000001,0.9144500000000001,1,1.5
25.08.2021 01:45:19.254,0.91456,0.91446,1.2,3
25.08.2021 01:45:19.355,0.9145700000000001,0.9144700000000001,1,2
25.08.2021 01:45:20.288,0.91458,0.91448,1,1.87
25.08.2021 01:45:21.165,0.91458,0.91449,1,1
25.08.2021 01:45:37.510,0.91459,0.91449,1,2
25.08.2021 01:46:01.189,0.91459,0.91449,1.1,1.87
25.08.2021 01:46:04.110,0.91458,0.91448,1,2
25.08.2021 01:46:15.849,0.91459,0.91449,1,1.12
25.08.2021 01:46:18.278,0.91459,0.91449,1,2
25.08.2021 01:47:10.886,0.9146000000000001,0.9145000000000001,1.57,1.12
25.08.2021 01:47:17.488,0.9146000000000001,0.9145000000000001,1,2
25.08.2021 01:47:19.237,0.91461,0.91449,1,1.5
25.08.2021 01:47:52.364,0.9146000000000001,0.91451,1,1
25.08.2021 01:47:52.465,0.91461,0.91451,1.57,1
25.08.2021 01:47:54.114,0.91464,0.91454,3.32,1.12
25.08.2021 01:47:54.215,0.91464,0.91454,1.57,1
25.08.2021 01:48:03.462,0.91466,0.91454,1,1.2
25.08.2021 01:48:03.564,0.9146700000000001,0.9145500000000001,1.5,1
25.08.2021 01:48:06.990,0.91466,0.91456,1,2.1
25.08.2021 01:48:07.091,0.9146700000000001,0.9145500000000001,1,1.95
25.08.2021 01:48:15.125,0.91466,0.91456,1,2.1
25.08.2021 01:48:16.290,0.91466,0.91456,1,1.95
25.08.2021 01:48:17.189,0.9146700000000001,0.9145700000000001,1,1
25.08.2021 01:48:28.604,0.9146799999999999,0.91458,1,1
25.08.2021 01:48:38.275,0.91469,0.91459,1.1,1
25.08.2021 01:48:38.585,0.9147000000000001,0.91458,1,2.26
25.08.2021 01:48:44.589,0.91469,0.91459,1.1,1
25.08.2021 01:48:49.402,0.91469,0.91459,1,2.07
25.08.2021 01:48:49.504,0.91469,0.91459,1.1,1
25.08.2021 01:48:50.606,0.91469,0.91459,1,2.82
25.08.2021 01:48:52.035,0.91469,0.91459,1.1,1
25.08.2021 01:48:58.258,0.91469,0.9145700000000001,1.1,1.87
25.08.2021 01:48:59.273,0.9146700000000001,0.9145700000000001,1.1,1.87
25.08.2021 01:49:00.543,0.9146700000000001,0.9145700000000001,1.79,1
25.08.2021 01:49:01.113,0.9146700000000001,0.9145700000000001,1.57,1
25.08.2021 01:49:12.858,0.91466,0.91456,1.1,1.87
25.08.2021 01:49:15.426,0.9146700000000001,0.9145700000000001,1.1,1
25.08.2021 01:49:29.788,0.9146700000000001,0.9145700000000001,1.1,1
25.08.2021 01:49:29.898,0.9146700000000001,0.9145700000000001,1.76,1
25.08.2021 01:49:30.000,0.91466,0.91456,1.1,1.87
25.08.2021 01:49:34.589,0.91461,0.9145200000000001,1,2.26
25.08.2021 01:49:34.640,0.9146200000000001,0.91451,1,1.6
25.08.2021 01:49:34.741,0.9146200000000001,0.9145200000000001,1,2.07
25.08.2021 01:49:34.893,0.91461,0.9145200000000001,1,1.5
25.08.2021 01:49:35.003,0.91461,0.91451,1,1.2
25.08.2021 01:49:35.161,0.9146200000000001,0.9145200000000001,1.5,1.01
25.08.2021 01:49:35.262,0.9146299999999999,0.91453,1.1,1
25.08.2021 01:49:38.676,0.91466,0.91456,1.57,1
25.08.2021 01:49:47.579,0.9146700000000001,0.9145700000000001,1.5,1.2
25.08.2021 01:49:48.035,0.9146799999999999,0.91456,1,1.6
25.08.2021 01:49:52.679,0.91469,0.9145700000000001,1,1.2
25.08.2021 01:49:55.669,0.9146700000000001,0.9145700000000001,1,2.07
25.08.2021 01:49:55.770,0.9146700000000001,0.9145700000000001,1.25,1.1
25.08.2021 01:49:59.107,0.9146799999999999,0.91458,1.5,1
25.08.2021 01:50:03.627,0.9146700000000001,0.9145700000000001,1,1
25.08.2021 01:50:07.563,0.91469,0.91459,1.5,1
25.08.2021 01:50:07.918,0.9146799999999999,0.91458,1,1
25.08.2021 01:50:10.483,0.9147000000000001,0.91459,1.69,1.57
25.08.2021 01:50:15.617,0.9147100000000001,0.91464,1.25,1
25.08.2021 01:50:15.668,0.9147299999999999,0.91464,1.75,1
25.08.2021 01:50:15.720,0.91474,0.91464,1.5,1.1
25.08.2021 01:50:15.821,0.91474,0.9146500000000001,1.5,1
25.08.2021 01:50:21.565,0.9147500000000001,0.9146500000000001,1,1.95
25.08.2021 01:50:44.838,0.9147500000000001,0.91466,1,1
25.08.2021 01:50:45.828,0.9147500000000001,0.9146500000000001,1,2.7
25.08.2021 01:50:46.818,0.9147500000000001,0.91466,1,1
25.08.2021 01:50:47.682,0.9147500000000001,0.9146500000000001,1,1.95
25.08.2021 01:50:47.784,0.9147600000000001,0.9146500000000001,1.69,1.2
25.08.2021 01:50:58.041,0.9147500000000001,0.9146500000000001,1,1.95
25.08.2021 01:51:16.217,0.9147500000000001,0.9146500000000001,1,1.22
25.08.2021 01:51:26.157,0.9147700000000001,0.9146500000000001,1,1.1
25.08.2021 01:51:33.523,0.9147600000000001,0.91466,1,1.6
25.08.2021 01:51:35.416,0.9148100000000001,0.9147200000000001,2.19,1
25.08.2021 01:51:35.467,0.9148200000000001,0.9147200000000001,1.5,1.1
25.08.2021 01:51:35.518,0.9148200000000001,0.91474,1.5,1
25.08.2021 01:51:35.670,0.91484,0.91474,1.5,1.1
25.08.2021 01:51:40.251,0.91484,0.91474,1.5,2.07
25.08.2021 01:51:43.218,0.91488,0.9147799999999999,1.01,3
25.08.2021 01:51:43.269,0.9148600000000001,0.9147600000000001,1,2.07
25.08.2021 01:51:49.871,0.9148700000000001,0.9147700000000001,1.1,1.12
25.08.2021 01:51:50.176,0.9148600000000001,0.9147600000000001,1,1.2
25.08.2021 01:51:55.911,0.9148600000000001,0.9147600000000001,2.54,1.12
25.08.2021 01:51:56.012,0.91485,0.9147500000000001,2.16,1.12
25.08.2021 01:51:56.063,0.9148299999999999,0.9147299999999999,1.01,1.12
25.08.2021 01:51:56.165,0.9148299999999999,0.9147200000000001,1.79,1.62
25.08.2021 01:52:06.842,0.9148299999999999,0.91474,1.1,1
25.08.2021 01:52:06.893,0.91485,0.91474,1,1
25.08.2021 01:52:06.994,0.91485,0.9147500000000001,1.76,1
25.08.2021 01:52:07.095,0.91485,0.9147500000000001,2.6,1
25.08.2021 01:52:07.729,0.91485,0.9147500000000001,1.76,1
25.08.2021 01:52:17.316,0.9148299999999999,0.9147299999999999,1,2
25.08.2021 01:52:17.417,0.91484,0.91474,1.1,1.12
25.08.2021 01:52:19.399,0.91485,0.9147500000000001,1.1,1
25.08.2021 01:52:23.868,0.9148600000000001,0.9147700000000001,1,1
25.08.2021 01:52:23.969,0.9148700000000001,0.9147500000000001,1.6,1.12
25.08.2021 01:52:24.070,0.9148600000000001,0.9147600000000001,1.57,1
25.08.2021 01:52:26.961,0.9148600000000001,0.9147600000000001,1.6,1
25.08.2021 01:52:27.599,0.91484,0.91474,1.1,2
25.08.2021 01:52:27.701,0.91485,0.9147500000000001,1.76,1.12
25.08.2021 01:52:51.074,0.91488,0.9147799999999999,1,2.25
25.08.2021 01:52:51.176,0.9149,0.91479,1.76,1
25.08.2021 01:52:51.277,0.9149,0.91479,1.76,1.5
25.08.2021 01:53:06.002,0.91489,0.91479,1,1.5
25.08.2021 01:53:07.559,0.91489,0.9147799999999999,1.76,2
25.08.2021 01:53:07.660,0.91489,0.9147799999999999,1.76,1.87
25.08.2021 01:53:09.107,0.91489,0.9147799999999999,1.76,1.5
25.08.2021 01:53:10.097,0.91489,0.9147799999999999,1.57,1.12
25.08.2021 01:53:10.199,0.9149,0.9147700000000001,1.57,1.5
25.08.2021 01:53:20.032,0.9149,0.91479,1.5,1.12
25.08.2021 01:53:29.000,0.9149100000000001,0.9148100000000001,1,1
25.08.2021 01:53:29.203,0.9149200000000001,0.9148100000000001,1.57,1.12
25.08.2021 01:53:30.509,0.9149200000000001,0.9148100000000001,1.1,2
25.08.2021 01:53:33.795,0.91494,0.91484,1.76,1
25.08.2021 01:53:33.947,0.91495,0.91485,1,1.2
25.08.2021 01:53:34.099,0.9149600000000001,0.9148600000000001,1,1
25.08.2021 01:53:34.606,0.9149700000000002,0.9148600000000001,1.57,1.25
25.08.2021 01:53:38.193,0.91498,0.9148700000000001,1,7.01
25.08.2021 01:53:38.315,0.91499,0.91489,1,1.12
25.08.2021 01:53:38.416,0.91499,0.91489,1,2
25.08.2021 01:53:58.421,0.91498,0.9148700000000001,4.01,2.07
25.08.2021 01:53:58.523,0.91498,0.9148700000000001,4.04,1.5
25.08.2021 01:53:58.624,0.91498,0.9148700000000001,1.76,2.07
25.08.2021 01:53:59.833,0.91498,0.9148700000000001,2.57,1.6
25.08.2021 01:53:59.935,0.91498,0.9148700000000001,1.76,1.6
25.08.2021 01:54:10.310,0.91495,0.91485,1.1,1.5
25.08.2021 01:54:10.361,0.91495,0.91485,1.1,1.12
25.08.2021 01:54:10.463,0.91495,0.91484,1,1
25.08.2021 01:54:11.471,0.91495,0.91484,1.01,1
25.08.2021 01:54:11.816,0.9149600000000001,0.91485,1.69,1.57
25.08.2021 01:54:11.917,0.9149700000000002,0.9148600000000001,1.1,1.69
25.08.2021 01:54:12.018,0.9149700000000002,0.9148600000000001,1.1,1.75
25.08.2021 01:54:12.271,0.91498,0.9148700000000001,1.1,1.12
25.08.2021 01:54:16.245,0.9149700000000002,0.91485,1,2
25.08.2021 01:54:19.091,0.91499,0.91485,1.1,2.07
25.08.2021 01:54:19.193,0.9149700000000002,0.9148600000000001,1,1.6
25.08.2021 01:54:41.713,0.91498,0.9148600000000001,1.5,1.62
25.08.2021 01:54:42.665,0.9149700000000002,0.9148700000000001,1.5,1.5
25.08.2021 01:54:45.771,0.9149600000000001,0.9148600000000001,1,1.87
25.08.2021 01:54:46.482,0.9149600000000001,0.9148600000000001,1,1.5
25.08.2021 01:55:00.073,0.91495,0.9148600000000001,1.5,1
25.08.2021 01:55:00.174,0.91495,0.91485,1.69,1.12
25.08.2021 01:55:00.326,0.91494,0.91484,1.5,1.12
25.08.2021 01:55:09.731,0.91493,0.9148200000000001,1.76,1.5
25.08.2021 01:55:09.783,0.91493,0.9148200000000001,1.76,1.12
25.08.2021 01:55:27.385,0.91493,0.9148200000000001,1,2.45
25.08.2021 01:55:27.686,0.91493,0.9148200000000001,1,2.7
25.08.2021 01:55:33.993,0.91493,0.9148200000000001,1,2.26
25.08.2021 01:55:37.006,0.91493,0.9148200000000001,1,2.32
25.08.2021 01:55:39.217,0.91493,0.9148200000000001,2.57,1.12
25.08.2021 01:55:39.319,0.9149100000000001,0.9148100000000001,1,1.2
25.08.2021 01:55:39.370,0.9149100000000001,0.9148100000000001,1,2.07
25.08.2021 01:55:39.830,0.9149200000000001,0.9148000000000001,1,1.2
25.08.2021 01:55:42.555,0.91494,0.91484,1,1.12
25.08.2021 01:55:43.254,0.91493,0.9148299999999999,1,2.07
25.08.2021 01:55:46.654,0.91494,0.91484,1.5,1.12
25.08.2021 01:55:47.382,0.9149700000000002,0.91488,1,1.25
25.08.2021 01:55:47.484,0.91499,0.91489,2.7,1
25.08.2021 01:55:47.585,0.915,0.91489,1,1
25.08.2021 01:55:47.786,0.91499,0.91488,1.5,2.6
25.08.2021 01:55:50.585,0.9149700000000002,0.9148700000000001,1,1.01
25.08.2021 01:56:11.937,0.9149600000000001,0.9148600000000001,1,1.41
25.08.2021 01:56:13.199,0.9149700000000002,0.91485,1,1.12
25.08.2021 01:56:27.946,0.91495,0.91485,1.1,1
25.08.2021 01:56:28.098,0.91495,0.91485,1.97,1
25.08.2021 01:56:29.878,0.91494,0.9148299999999999,1.1,2.51
25.08.2021 01:56:30.358,0.91494,0.9148299999999999,1.22,1.87
25.08.2021 01:56:31.362,0.91494,0.9148299999999999,1.1,2.14
25.08.2021 01:56:39.705,0.9149700000000002,0.9148700000000001,2.07,3
25.08.2021 01:56:39.756,0.91498,0.91488,1.1,1.31
25.08.2021 01:56:39.857,0.91499,0.91488,1,2.29
25.08.2021 01:56:49.828,0.9150100000000001,0.9149,3.35,1
25.08.2021 01:56:49.929,0.91499,0.91489,1,1.39
25.08.2021 01:56:50.072,0.91499,0.91489,1,1.79
25.08.2021 01:57:03.071,0.915,0.9149,1,1.01
25.08.2021 01:57:03.804,0.9150100000000001,0.9149200000000001,1,1
25.08.2021 01:57:03.905,0.915,0.9149,1,1.76
25.08.2021 01:57:15.918,0.91503,0.91493,1.95,1
25.08.2021 01:57:16.122,0.9150100000000001,0.9149100000000001,1,3.47
25.08.2021 01:57:17.005,0.9150100000000001,0.9149200000000001,1,1.45
25.08.2021 01:57:18.326,0.9150100000000001,0.9149100000000001,1,3.47
25.08.2021 01:57:19.724,0.9150100000000001,0.9149200000000001,1,1.45
25.08.2021 01:57:19.926,0.9150100000000001,0.9149100000000001,1,3.47
25.08.2021 01:57:20.027,0.9150100000000001,0.9149200000000001,1,1.45
25.08.2021 01:57:21.401,0.9150100000000001,0.9149100000000001,1,3.47
25.08.2021 01:57:25.355,0.9150100000000001,0.9149100000000001,1.5,1.01
25.08.2021 01:57:26.124,0.915,0.9149,1,2.97
25.08.2021 01:57:40.109,0.9150200000000002,0.91493,1.1,1
25.08.2021 01:57:40.210,0.9150100000000001,0.9149100000000001,1,2.2
25.08.2021 01:57:42.471,0.91504,0.91493,1,1
25.08.2021 01:57:42.572,0.9150200000000002,0.9149200000000001,1,4.07
25.08.2021 01:57:46.292,0.9150200000000002,0.9149200000000001,1.57,1
25.08.2021 01:57:54.128,0.9150200000000002,0.9149200000000001,1,1.79
25.08.2021 01:57:54.435,0.9150200000000002,0.9149200000000001,1,1.76
25.08.2021 01:57:54.586,0.9150200000000002,0.9149200000000001,1,1.79
25.08.2021 01:57:55.308,0.91503,0.9149100000000001,1,1.76
25.08.2021 01:57:55.905,0.9150200000000002,0.9149200000000001,1,1.79
25.08.2021 01:57:56.006,0.9150200000000002,0.9149200000000001,1,1.01
25.08.2021 01:57:56.258,0.9150200000000002,0.9149200000000001,1,1.35
25.08.2021 01:57:56.359,0.9150200000000002,0.9149200000000001,1,1.01
25.08.2021 01:58:00.110,0.9150200000000002,0.9149200000000001,1,1.35
25.08.2021 01:58:01.233,0.9150200000000002,0.9149200000000001,1,1.01
25.08.2021 01:58:01.435,0.91503,0.9149100000000001,1,1.35
25.08.2021 01:58:05.034,0.91503,0.9149100000000001,1,1.1
25.08.2021 01:58:10.373,0.91503,0.91493,1.1,1
25.08.2021 01:58:10.474,0.9150200000000002,0.9149200000000001,1,1.1
25.08.2021 01:58:17.914,0.9150200000000002,0.91493,1,1.1
25.08.2021 01:58:18.276,0.91503,0.91493,1.95,1
25.08.2021 01:58:28.969,0.91504,0.91493,2.14,1
25.08.2021 01:58:31.416,0.91503,0.91495,1.87,1
25.08.2021 01:58:32.035,0.91504,0.9149200000000001,1.87,1.1
25.08.2021 01:58:41.264,0.9150200000000002,0.91493,1.25,1
25.08.2021 01:58:41.695,0.9150200000000002,0.9149200000000001,1.76,1.12
25.08.2021 01:58:43.418,0.91503,0.91494,1,1
25.08.2021 01:58:43.522,0.91503,0.9149200000000001,1.57,1.82
25.08.2021 01:58:50.088,0.9150200000000002,0.9149200000000001,1,1.1
25.08.2021 01:58:59.104,0.9150100000000001,0.9149100000000001,1,1.1
25.08.2021 01:59:01.602,0.9150200000000002,0.91493,1,1
25.08.2021 01:59:36.810,0.9150200000000002,0.91494,1.01,1
25.08.2021 01:59:39.909,0.9150200000000002,0.91493,1.01,1
25.08.2021 01:59:43.191,0.9150200000000002,0.9149100000000001,1.76,1.57
25.08.2021 01:59:55.412,0.91503,0.91493,1.1,1
25.08.2021 01:59:55.637,0.9150200000000002,0.9149200000000001,1,1.01
25.08.2021 02:00:16.747,0.9150100000000001,0.9149100000000001,1.1,1.5
25.08.2021 02:00:26.816,0.9150200000000002,0.9149200000000001,1,1.1
25.08.2021 02:00:32.177,0.91503,0.91493,1.95,1
25.08.2021 02:00:46.166,0.91503,0.91494,1.95,1
25.08.2021 02:00:49.269,0.91503,0.91493,1.95,1
25.08.2021 02:00:50.374,0.9150200000000002,0.91493,1,1
25.08.2021 02:01:05.648,0.91505,0.91498,1,1
25.08.2021 02:01:05.699,0.91508,0.91498,4.04,1
25.08.2021 02:01:05.801,0.91508,0.91499,1.1,1
25.08.2021 02:01:06.054,0.91509,0.91499,1.57,1.12
25.08.2021 02:01:09.124,0.9151,0.915,1.76,1
25.08.2021 02:01:11.311,0.9151,0.915,2.57,1
25.08.2021 02:01:12.605,0.9151,0.915,1.76,1
25.08.2021 02:01:16.928,0.9151200000000002,0.91503,1.01,1
25.08.2021 02:01:17.080,0.91513,0.91504,1,1
25.08.2021 02:01:19.508,0.91514,0.91504,1.57,1
25.08.2021 02:01:36.194,0.9151600000000001,0.9150700000000002,1,1
25.08.2021 02:01:36.296,0.9151600000000001,0.9150600000000001,1,1.76
25.08.2021 02:01:36.397,0.9151600000000001,0.9150600000000001,1,1.5
25.08.2021 02:02:07.227,0.9151600000000001,0.9150700000000002,1,1.5
25.08.2021 02:02:21.693,0.91515,0.9150700000000002,1,1
25.08.2021 02:02:23.767,0.91513,0.9150700000000002,1,1
25.08.2021 02:02:23.818,0.9151200000000002,0.91504,1.5,1
25.08.2021 02:02:23.920,0.9151100000000001,0.91503,1,1.5
25.08.2021 02:02:24.174,0.9151200000000002,0.91504,1,1
25.08.2021 02:02:24.277,0.91514,0.91505,3.19,1
25.08.2021 02:02:25.029,0.91513,0.91504,1,1
25.08.2021 02:02:25.139,0.9151200000000002,0.91503,1,1.5
25.08.2021 02:02:34.370,0.91513,0.91504,1.5,1.5
25.08.2021 02:02:34.472,0.91515,0.91503,1.5,2.32
25.08.2021 02:02:36.542,0.91515,0.9150700000000002,1.25,1
25.08.2021 02:02:46.915,0.9151600000000001,0.9150600000000001,1,1.01
25.08.2021 02:02:59.867,0.9151700000000002,0.91505,1,1.79
25.08.2021 02:02:59.968,0.9151700000000002,0.9150700000000002,2.62,1.1
25.08.2021 02:03:01.520,0.9151700000000002,0.9150700000000002,1.12,1.79
25.08.2021 02:03:01.621,0.91518,0.9151,1,1
25.08.2021 02:03:01.723,0.9151900000000001,0.9151,1.5,1
25.08.2021 02:03:01.824,0.9151900000000001,0.91508,2.25,1.79
25.08.2021 02:03:08.664,0.9151900000000001,0.91508,2.32,1.76
25.08.2021 02:03:17.974,0.91518,0.9150700000000002,1.57,2.51
25.08.2021 02:03:18.075,0.91518,0.9150700000000002,3.01,1.57
25.08.2021 02:03:18.176,0.9151600000000001,0.9150700000000002,1,1
25.08.2021 02:03:21.915,0.9151600000000001,0.9150600000000001,1,1.76
25.08.2021 02:03:30.693,0.9151700000000002,0.91505,1,1.79
25.08.2021 02:03:30.999,0.9151600000000001,0.9150600000000001,1,1.76
25.08.2021 02:03:31.154,0.9151600000000001,0.9150600000000001,1,1.79
25.08.2021 02:03:31.353,0.9151600000000001,0.9150600000000001,1,1.76
25.08.2021 02:03:31.820,0.9151100000000001,0.91505,1,1.37
25.08.2021 02:03:31.870,0.9151100000000001,0.91503,1,1
25.08.2021 02:03:31.972,0.9151200000000002,0.915,1.1,2.14
25.08.2021 02:03:33.444,0.9151,0.915,1.1,1.76
25.08.2021 02:03:33.545,0.9151100000000001,0.915,1.95,1.35
25.08.2021 02:03:35.462,0.9151100000000001,0.915,1.97,1.01
25.08.2021 02:03:42.137,0.9151,0.91499,1,3.72
25.08.2021 02:03:45.911,0.9151,0.915,1.57,1.25
25.08.2021 02:04:05.230,0.91509,0.915,1.1,1
25.08.2021 02:04:05.782,0.91509,0.91499,1.76,1.5
25.08.2021 02:04:06.138,0.91508,0.91498,1,2.7
25.08.2021 02:04:18.639,0.9150700000000002,0.9149700000000002,1,1.57
25.08.2021 02:04:18.740,0.91505,0.91495,1,1.01
25.08.2021 02:04:20.299,0.91504,0.91494,1,2.7
25.08.2021 02:04:53.680,0.91504,0.91495,1,1.1
25.08.2021 02:04:54.833,0.91504,0.91494,1,1.57
25.08.2021 02:04:54.935,0.91503,0.91494,1,1.1
25.08.2021 02:04:59.423,0.91503,0.91493,1,1.76
25.08.2021 02:05:06.540,0.91503,0.91493,1,1.79
25.08.2021 02:05:14.229,0.91503,0.91493,1,1.76
25.08.2021 02:05:18.183,0.91503,0.91493,1,1.79
25.08.2021 02:05:49.368,0.91503,0.91495,1,1
25.08.2021 02:05:49.893,0.91504,0.91495,1,1
25.08.2021 02:05:53.337,0.91504,0.91494,1,1.57
25.08.2021 02:06:32.350,0.9150600000000001,0.9149600000000001,3.95,1.1
25.08.2021 02:06:33.577,0.9150600000000001,0.9149700000000002,3.37,1.1
25.08.2021 02:06:33.830,0.9150600000000001,0.9149700000000002,2.25,1.1
25.08.2021 02:06:34.274,0.9150700000000002,0.9149700000000002,1.31,1.6
25.08.2021 02:06:43.556,0.91509,0.91498,1.01,1.97
25.08.2021 02:06:48.390,0.9151,0.91499,1.76,1.97
25.08.2021 02:06:51.087,0.9151,0.91499,1,2.16
25.08.2021 02:06:59.516,0.9151,0.91499,1.69,1.95
25.08.2021 02:07:07.811,0.9151,0.915,2.7,1
25.08.2021 02:07:07.862,0.91505,0.91498,1,1
25.08.2021 02:07:07.964,0.91505,0.9149700000000002,1,1
25.08.2021 02:07:08.066,0.91503,0.91495,1,1
25.08.2021 02:07:08.218,0.91505,0.91494,1.1,1.5
25.08.2021 02:07:11.176,0.91505,0.91495,1.1,1
25.08.2021 02:07:22.744,0.9150700000000002,0.9149700000000002,1.1,1.57
25.08.2021 02:07:22.845,0.9150700000000002,0.9149700000000002,1.1,1
25.08.2021 02:07:22.946,0.9150700000000002,0.9149600000000001,2.85,1.76
25.08.2021 02:07:32.857,0.9150700000000002,0.9149700000000002,1.1,1.57
25.08.2021 02:07:32.958,0.91508,0.91498,1.22,1
25.08.2021 02:07:33.210,0.91508,0.9149700000000002,3.66,1.57
25.08.2021 02:07:33.312,0.91508,0.9149700000000002,3.79,1.5
25.08.2021 02:07:43.037,0.9150600000000001,0.9149600000000001,1.2,1.57
25.08.2021 02:08:36.528,0.9150600000000001,0.9149600000000001,1.12,1.1
25.08.2021 02:08:37.479,0.91508,0.91499,1,1.1
25.08.2021 02:08:37.530,0.91508,0.91499,1,1.25
25.08.2021 02:08:37.631,0.91513,0.91504,4.07,1.5
25.08.2021 02:08:37.733,0.91513,0.9150200000000002,2.07,1
25.08.2021 02:08:37.834,0.9151600000000001,0.9150600000000001,1.1,1
25.08.2021 02:08:37.936,0.9151600000000001,0.9150600000000001,1.1,1
25.08.2021 02:08:38.154,0.91515,0.91505,2.91,1
25.08.2021 02:08:38.205,0.91514,0.91503,1.01,1.57
25.08.2021 02:08:43.744,0.91514,0.91503,1,2.54
25.08.2021 02:08:43.845,0.91515,0.91504,1.39,1.1
25.08.2021 02:08:49.959,0.9151200000000002,0.9150200000000002,1,1.2
25.08.2021 02:08:50.061,0.91513,0.91503,1.2,1
25.08.2021 02:08:50.162,0.9151200000000002,0.91503,1.6,1
25.08.2021 02:08:50.263,0.9151200000000002,0.9150200000000002,1.39,1
25.08.2021 02:09:05.139,0.91513,0.91503,1,1
25.08.2021 02:09:19.266,0.91513,0.91503,3.82,1
25.08.2021 02:09:25.845,0.9151200000000002,0.9150200000000002,2.06,1
25.08.2021 02:09:39.867,0.91515,0.9150600000000001,1.62,1
25.08.2021 02:09:39.919,0.91515,0.9150600000000001,1,1.1
25.08.2021 02:09:39.969,0.9151700000000002,0.91508,3.37,1
25.08.2021 02:09:40.071,0.91518,0.91509,1,1
25.08.2021 02:09:40.172,0.9151900000000001,0.91509,1.5,1.57
25.08.2021 02:09:43.368,0.9151900000000001,0.91509,1.5,1.79
25.08.2021 02:09:43.570,0.9151900000000001,0.91509,1.5,1.76
25.08.2021 02:09:44.170,0.9152,0.91509,1,1.1
25.08.2021 02:10:01.123,0.91518,0.91509,1,1.69
25.08.2021 02:10:01.428,0.9151900000000001,0.9151,1,1.69
25.08.2021 02:10:01.935,0.9152200000000001,0.9151200000000002,1.95,2.25
25.08.2021 02:10:02.036,0.9152200000000001,0.91513,1.2,1
25.08.2021 02:10:02.441,0.9152200000000001,0.91513,1.51,1
25.08.2021 02:10:02.542,0.9152200000000001,0.9151200000000002,2.26,1
25.08.2021 02:10:03.525,0.9152,0.9151200000000002,1,1
25.08.2021 02:10:28.795,0.9152100000000001,0.91513,1,1
25.08.2021 02:10:28.896,0.9152200000000001,0.91514,1,1
25.08.2021 02:10:28.946,0.91524,0.9151600000000001,1,1
25.08.2021 02:10:56.487,0.91524,0.9151700000000002,1,1.25
25.08.2021 02:10:56.589,0.91524,0.9151600000000001,1,1.69
25.08.2021 02:10:57.452,0.91524,0.91518,1,1
25.08.2021 02:10:57.553,0.91524,0.9151600000000001,1,2.87
25.08.2021 02:10:57.862,0.91524,0.9151600000000001,1,1.69
25.08.2021 02:11:07.661,0.91524,0.91518,1,1
25.08.2021 02:11:07.762,0.91525,0.9151600000000001,1,1.25
25.08.2021 02:11:25.056,0.9152700000000001,0.9151900000000001,1.5,1
25.08.2021 02:11:25.208,0.91528,0.9152,1,1
25.08.2021 02:11:35.603,0.91529,0.9151900000000001,1.5,1.25
25.08.2021 02:11:43.004,0.91528,0.91518,1,2.51
25.08.2021 02:12:01.456,0.9152700000000001,0.9151700000000002,1,1.25
25.08.2021 02:12:01.608,0.9152600000000001,0.91515,1,4.45
25.08.2021 02:12:04.586,0.9152600000000001,0.91515,1.1,2.06
25.08.2021 02:12:04.738,0.9152200000000001,0.91513,1.12,1.62
25.08.2021 02:12:04.789,0.9152100000000001,0.91513,2.25,1
25.08.2021 02:12:04.890,0.9152100000000001,0.9151200000000002,2.32,1
25.08.2021 02:12:05.847,0.9152,0.9151,1.1,1
25.08.2021 02:12:13.819,0.9152,0.9151,1.22,1
25.08.2021 02:12:13.920,0.9152,0.91508,1.1,1.25
25.08.2021 02:12:35.701,0.9152200000000001,0.9151200000000002,1.2,3.64
25.08.2021 02:12:35.803,0.91524,0.91513,1.6,2.57
25.08.2021 02:12:35.904,0.91524,0.91513,1.22,1.76
25.08.2021 02:12:36.005,0.91524,0.91514,1.22,1.25
25.08.2021 02:12:36.107,0.91524,0.91513,2.35,1.01
25.08.2021 02:12:38.103,0.91524,0.91513,3.1,1
25.08.2021 02:12:38.642,0.9152,0.9151,1.1,1.6
25.08.2021 02:12:38.744,0.9152,0.9151,1.01,1.1
25.08.2021 02:12:39.904,0.9152,0.9151,1.1,1
25.08.2021 02:13:00.084,0.91518,0.9151,1,1.5
25.08.2021 02:13:16.501,0.9152200000000001,0.9151200000000002,1,1.5
25.08.2021 02:13:19.678,0.9152100000000001,0.9151100000000001,1,1
25.08.2021 02:13:30.999,0.9152200000000001,0.91515,1,1
25.08.2021 02:13:32.004,0.9152200000000001,0.91514,1.5,1
25.08.2021 02:13:47.428,0.9152100000000001,0.9151200000000002,1.5,1
25.08.2021 02:13:47.580,0.9152,0.9151200000000002,1,1
25.08.2021 02:13:56.178,0.9152100000000001,0.91513,1,1
25.08.2021 02:13:56.330,0.9152100000000001,0.91514,1,1
25.08.2021 02:14:01.216,0.9152100000000001,0.91513,1,1
25.08.2021 02:14:01.317,0.9152100000000001,0.9151200000000002,1.5,1
25.08.2021 02:14:01.418,0.9152,0.9151200000000002,1,1
25.08.2021 02:14:02.771,0.9152200000000001,0.9151200000000002,1.57,1.5
25.08.2021 02:14:02.821,0.9152200000000001,0.91514,1,1
25.08.2021 02:14:03.306,0.9152100000000001,0.9151200000000002,1,1.5
25.08.2021 02:14:04.433,0.9152100000000001,0.9151100000000001,1,1
25.08.2021 02:14:27.172,0.9152,0.9151,1,1.5
25.08.2021 02:14:40.799,0.9151900000000001,0.9151200000000002,1,1
25.08.2021 02:14:40.900,0.9152,0.9151200000000002,1,1
25.08.2021 02:14:43.175,0.9152200000000001,0.9151200000000002,2.25,1.57
25.08.2021 02:14:46.581,0.91523,0.91514,1,2.25
25.08.2021 02:14:46.682,0.91525,0.9151700000000002,1.76,1
25.08.2021 02:15:00.784,0.9152200000000001,0.91513,1.5,1
25.08.2021 02:15:00.885,0.9152100000000001,0.9151200000000002,1,1.5
25.08.2021 02:15:15.832,0.9152200000000001,0.9151200000000002,1.5,1
25.08.2021 02:15:27.502,0.91518,0.9151,1,1.76
25.08.2021 02:15:35.307,0.91518,0.9151,1,2.37
25.08.2021 02:15:36.650,0.91518,0.9151,1,1.87
25.08.2021 02:15:38.014,0.91518,0.9151,1,2.37
25.08.2021 02:15:38.524,0.91518,0.9151,1,1.5
25.08.2021 02:15:38.574,0.9152,0.9151,1.57,1
25.08.2021 02:16:01.075,0.9151900000000001,0.9151,1,1.5
25.08.2021 02:16:13.550,0.9152,0.9151200000000002,1,1
25.08.2021 02:16:13.651,0.9152200000000001,0.9151200000000002,1.57,1.69
25.08.2021 02:16:19.300,0.9152200000000001,0.91514,1.5,1
25.08.2021 02:16:19.401,0.91523,0.9151200000000002,1.5,1
25.08.2021 02:16:19.502,0.9152100000000001,0.9151200000000002,1,1.5
25.08.2021 02:16:19.906,0.9152200000000001,0.9151200000000002,1.1,1.5
25.08.2021 02:16:20.762,0.9152100000000001,0.9151100000000001,1.5,1.57
25.08.2021 02:16:20.863,0.9152100000000001,0.9151200000000002,1,1.25
25.08.2021 02:16:20.964,0.9152100000000001,0.91513,1,1
25.08.2021 02:16:21.066,0.9152200000000001,0.91513,1,1
25.08.2021 02:16:22.737,0.9152200000000001,0.9151200000000002,1,2.32
25.08.2021 02:16:35.722,0.9152200000000001,0.9151200000000002,1,2.64
25.08.2021 02:16:38.096,0.9152200000000001,0.9151200000000002,1,1.76
25.08.2021 02:16:41.817,0.9152100000000001,0.9151200000000002,1.5,1
25.08.2021 02:16:44.266,0.9152,0.9151200000000002,1,1
25.08.2021 02:16:48.379,0.9151900000000001,0.9151100000000001,1,1
25.08.2021 02:16:55.804,0.9152,0.9151200000000002,1,2.32
25.08.2021 02:16:55.905,0.9152200000000001,0.91513,1.5,1
25.08.2021 02:17:02.542,0.9152,0.9151200000000002,1,1.5
25.08.2021 02:17:31.805,0.9152100000000001,0.9151100000000001,1,1.57
25.08.2021 02:18:01.548,0.9152100000000001,0.9151100000000001,1.5,1.1
25.08.2021 02:18:02.597,0.9152100000000001,0.9151100000000001,1,1.2
25.08.2021 02:18:03.588,0.9152100000000001,0.9151100000000001,1.5,1.1
25.08.2021 02:18:04.577,0.9152100000000001,0.9151100000000001,1,1.2
25.08.2021 02:18:05.568,0.9152100000000001,0.9151100000000001,1.5,1.1
25.08.2021 02:18:06.559,0.9152100000000001,0.9151100000000001,1,1.1
25.08.2021 02:18:30.057,0.9152100000000001,0.91513,1,1
25.08.2021 02:18:34.387,0.91523,0.9151600000000001,1,1
25.08.2021 02:18:34.595,0.91525,0.9151700000000002,1,1
25.08.2021 02:19:00.437,0.91525,0.9151600000000001,1,1
25.08.2021 02:19:05.902,0.91525,0.91515,1,1.5
25.08.2021 02:19:18.854,0.91525,0.9151600000000001,1,1
25.08.2021 02:19:41.111,0.91525,0.9151700000000002,1.5,1
25.08.2021 02:20:27.355,0.91525,0.91518,1,1
25.08.2021 02:20:27.456,0.9152600000000001,0.91518,1.5,1
25.08.2021 02:20:32.256,0.9152600000000001,0.91515,1,2.25
25.08.2021 02:20:36.706,0.91525,0.9151700000000002,1.5,1
25.08.2021 02:20:56.419,0.91525,0.9151600000000001,1.5,1.5
25.08.2021 02:21:14.261,0.9152600000000001,0.91518,1,1
25.08.2021 02:21:25.041,0.9152700000000001,0.9151700000000002,1.5,2.44
25.08.2021 02:21:28.100,0.9152700000000001,0.91518,1.5,1
25.08.2021 02:21:28.609,0.9153,0.9152100000000001,1.62,2.25
25.08.2021 02:21:28.811,0.9153100000000001,0.9152200000000001,1.95,1
25.08.2021 02:21:28.913,0.9153,0.9152200000000001,1,1
25.08.2021 02:21:29.014,0.9153,0.9152100000000001,1.5,1.5
25.08.2021 02:21:32.620,0.91529,0.9152,1,2.44
25.08.2021 02:21:33.282,0.9153,0.9152,1,1
25.08.2021 02:21:34.589,0.9153,0.9152100000000001,1,1
25.08.2021 02:21:34.690,0.91529,0.9152100000000001,1,1
25.08.2021 02:21:46.593,0.9153100000000001,0.9152,1.5,1.5
25.08.2021 02:21:49.811,0.9153,0.9152,1,1
25.08.2021 02:22:05.361,0.91529,0.9152,1,2.44
25.08.2021 02:22:05.470,0.9153100000000001,0.9152,1.5,1
25.08.2021 02:22:09.246,0.91529,0.9152,1,2.44
25.08.2021 02:22:09.929,0.91529,0.9152100000000001,1,1
25.08.2021 02:22:10.351,0.91529,0.9152,1,2.44
25.08.2021 02:22:15.643,0.91528,0.9152,1,1
25.08.2021 02:22:15.744,0.91528,0.91518,1.57,1.5
25.08.2021 02:22:16.695,0.9152700000000001,0.9151700000000002,1,1
25.08.2021 02:22:19.681,0.9152600000000001,0.9151700000000002,1,2.44
25.08.2021 02:22:21.068,0.9152700000000001,0.9151700000000002,1,1
25.08.2021 02:22:21.169,0.91528,0.9151700000000002,1,1.5
25.08.2021 02:22:22.093,0.91528,0.91518,1.5,1
25.08.2021 02:22:29.274,0.9152700000000001,0.9151600000000001,1.57,2.5
25.08.2021 02:22:29.376,0.9152700000000001,0.9151600000000001,1.57,2.44
25.08.2021 02:22:32.175,0.9152700000000001,0.9151600000000001,1.6,2.44
25.08.2021 02:22:36.995,0.9152700000000001,0.9151700000000002,3.45,1
25.08.2021 02:22:37.097,0.9152600000000001,0.9151600000000001,1,1.69
25.08.2021 02:22:49.785,0.91528,0.91518,2.62,1.25
25.08.2021 02:22:49.886,0.9152700000000001,0.9151900000000001,1,1.69
25.08.2021 02:22:49.987,0.91528,0.9152,1,1
25.08.2021 02:22:51.235,0.9153,0.9152200000000001,1,3
25.08.2021 02:23:00.309,0.9153100000000001,0.91523,1.5,1
25.08.2021 02:23:00.640,0.9153200000000001,0.91524,1,1
25.08.2021 02:23:00.797,0.91533,0.91525,1,1
25.08.2021 02:23:00.899,0.91535,0.9152600000000001,1.1,1.5
25.08.2021 02:23:01.122,0.91534,0.9152600000000001,1,1
25.08.2021 02:23:18.311,0.91534,0.91525,1,1
25.08.2021 02:23:55.195,0.9153600000000001,0.9152600000000001,1.12,1
25.08.2021 02:23:55.297,0.91535,0.91525,1,3.44
25.08.2021 02:23:57.291,0.9153600000000001,0.91524,1,1.87
25.08.2021 02:24:03.449,0.9153600000000001,0.91528,1.6,1
25.08.2021 02:24:03.499,0.9153600000000001,0.91525,1.6,1.69
25.08.2021 02:24:03.550,0.9153600000000001,0.9152600000000001,1.6,1.25
25.08.2021 02:24:03.601,0.9153600000000001,0.91525,2.07,1.87
25.08.2021 02:24:03.702,0.9153600000000001,0.91525,1.95,1.25
25.08.2021 02:24:03.803,0.9153600000000001,0.91525,2.16,1
25.08.2021 02:24:04.602,0.91534,0.91524,1,1
25.08.2021 02:24:11.739,0.91535,0.91525,1.2,1
25.08.2021 02:24:11.790,0.9153700000000001,0.91528,1.62,1
25.08.2021 02:24:11.891,0.9153700000000001,0.9152700000000001,1.95,1.25
25.08.2021 02:24:12.143,0.9153700000000001,0.9152700000000001,2.07,1
25.08.2021 02:24:14.825,0.91538,0.91528,1.5,3.19
25.08.2021 02:24:15.028,0.91538,0.91529,1.12,1
25.08.2021 02:24:24.454,0.91538,0.91528,1.2,1.69
25.08.2021 02:24:30.208,0.9153700000000001,0.9152700000000001,1.12,1.69
25.08.2021 02:24:30.360,0.9153600000000001,0.9152600000000001,1.12,1.69
25.08.2021 02:24:32.254,0.9153600000000001,0.9152700000000001,1,1.25
25.08.2021 02:24:32.355,0.9153700000000001,0.9152700000000001,1,1.69
25.08.2021 02:24:36.712,0.91538,0.91529,1,2.44
25.08.2021 02:24:36.813,0.9153600000000001,0.9152600000000001,1.5,1
25.08.2021 02:24:36.915,0.9153600000000001,0.9152700000000001,1.5,1
25.08.2021 02:24:37.066,0.9153600000000001,0.9152600000000001,2,1.25
25.08.2021 02:24:48.317,0.91534,0.91524,1,2.5
25.08.2021 02:24:48.419,0.91534,0.91524,1.5,1
25.08.2021 02:24:48.470,0.9153,0.9152,1.1,2.06
25.08.2021 02:24:48.572,0.91528,0.91518,1,1
25.08.2021 02:24:48.673,0.91528,0.9151700000000002,2,1.25
25.08.2021 02:24:51.497,0.9152700000000001,0.91515,1,1.25
25.08.2021 02:24:56.558,0.91525,0.91515,1,1.69
25.08.2021 02:25:06.195,0.9152,0.9151100000000001,1,1.75
25.08.2021 02:25:06.245,0.9152,0.9151100000000001,1.1,1
25.08.2021 02:25:06.347,0.9151900000000001,0.9151,1,1
25.08.2021 02:25:06.448,0.9152,0.91508,1.95,1.25
25.08.2021 02:25:11.455,0.9151900000000001,0.91509,2.07,1
25.08.2021 02:25:26.287,0.9151900000000001,0.91509,2.25,1
25.08.2021 02:25:29.583,0.91518,0.91508,1,1
25.08.2021 02:25:43.645,0.91518,0.9150700000000002,1.57,1.5
25.08.2021 02:25:43.746,0.9151700000000002,0.9150700000000002,1.69,1
25.08.2021 02:25:47.840,0.9151700000000002,0.9150600000000001,1.95,1.5
25.08.2021 02:26:11.781,0.9151700000000002,0.9150600000000001,1.41,1.5
25.08.2021 02:26:32.378,0.91513,0.9150600000000001,1,1
25.08.2021 02:26:32.479,0.91509,0.91499,1,2.5
25.08.2021 02:26:32.581,0.91504,0.9149600000000001,1,1
25.08.2021 02:26:32.683,0.9150200000000002,0.91495,1,1
25.08.2021 02:26:32.785,0.91503,0.91495,1,1
25.08.2021 02:26:32.886,0.9150200000000002,0.91495,1.5,1
25.08.2021 02:26:33.593,0.9150200000000002,0.9149200000000001,1.5,1
25.08.2021 02:26:35.744,0.9150100000000001,0.9149100000000001,1,1.25
25.08.2021 02:26:45.237,0.915,0.9149,1,1.69
25.08.2021 02:26:52.769,0.91498,0.91488,1,1.31
25.08.2021 02:26:52.870,0.91494,0.91484,1.5,1
25.08.2021 02:26:52.921,0.91493,0.9148200000000001,1.5,2.44
25.08.2021 02:26:53.378,0.91493,0.9148200000000001,1.5,2.87
25.08.2021 02:26:58.687,0.91493,0.9148200000000001,1.5,2.06
25.08.2021 02:27:19.925,0.9149100000000001,0.9148100000000001,1.1,1.87
25.08.2021 02:27:20.286,0.9149100000000001,0.9148100000000001,1,3.06
25.08.2021 02:27:20.388,0.9149100000000001,0.9148200000000001,1,1.37
25.08.2021 02:27:20.689,0.9149200000000001,0.9148100000000001,1,1.31
25.08.2021 02:27:27.807,0.91493,0.9148200000000001,1.87,2.12
25.08.2021 02:27:27.958,0.91494,0.9148100000000001,1.87,2.06
25.08.2021 02:27:32.471,0.91493,0.9148100000000001,1,1.25
25.08.2021 02:27:32.572,0.9149100000000001,0.9148100000000001,1.12,1
25.08.2021 02:27:43.342,0.9149200000000001,0.9148200000000001,1,1
25.08.2021 02:28:07.106,0.9149200000000001,0.9148200000000001,1,1.25
25.08.2021 02:28:11.259,0.9149200000000001,0.9148200000000001,1,1.25
25.08.2021 02:28:21.304,0.9149200000000001,0.9148200000000001,1,1.75
25.08.2021 02:28:23.467,0.91495,0.91488,1,1
25.08.2021 02:28:23.518,0.91499,0.91488,1.95,1.69
25.08.2021 02:28:23.619,0.915,0.91489,2.07,1.25
25.08.2021 02:28:23.721,0.915,0.91489,1.95,1.31
25.08.2021 02:28:24.072,0.915,0.9149,1.12,1
25.08.2021 02:28:24.174,0.9150100000000001,0.9149100000000001,1.6,1
25.08.2021 02:28:24.276,0.9150100000000001,0.9149100000000001,1.2,1
25.08.2021 02:28:26.567,0.9150100000000001,0.91493,1.2,1
25.08.2021 02:28:29.440,0.915,0.91493,1,1
25.08.2021 02:28:31.698,0.9150100000000001,0.91493,1.2,1
25.08.2021 02:28:37.411,0.9150100000000001,0.9149200000000001,1.2,1
25.08.2021 02:28:48.481,0.9150100000000001,0.9149100000000001,1.2,1.5
25.08.2021 02:28:56.562,0.9150100000000001,0.9149100000000001,1.22,1.5
25.08.2021 02:29:02.597,0.9150100000000001,0.9149100000000001,1.95,1
25.08.2021 02:29:04.947,0.915,0.9149,1,1.5
25.08.2021 02:29:05.149,0.9150200000000002,0.9149,2.1,1.25
25.08.2021 02:29:18.300,0.9150100000000001,0.9149100000000001,1.2,1
25.08.2021 02:29:38.674,0.9150100000000001,0.9149,1.2,1.5
25.08.2021 02:29:46.767,0.9150100000000001,0.9149100000000001,1.2,1
25.08.2021 02:30:06.473,0.9150200000000002,0.9149,4.51,1
25.08.2021 02:30:07.604,0.9150200000000002,0.9149,5.66,1
25.08.2021 02:30:18.399,0.915,0.9149100000000001,1.1,1
25.08.2021 02:30:23.947,0.9150100000000001,0.91489,1.1,1.5
25.08.2021 02:30:30.826,0.91499,0.91489,1.1,1
25.08.2021 02:30:30.928,0.9149600000000001,0.91485,1.6,1.5
25.08.2021 02:30:37.102,0.91495,0.9148299999999999,1,1.5
25.08.2021 02:31:13.319,0.91493,0.9148299999999999,1,1.5
25.08.2021 02:31:19.185,0.91493,0.9148299999999999,1,2
25.08.2021 02:31:22.367,0.91493,0.9148299999999999,1,1.5
25.08.2021 02:31:48.465,0.9149200000000001,0.9148299999999999,1,1
25.08.2021 02:32:02.505,0.91494,0.91485,1,1
25.08.2021 02:32:02.606,0.9149600000000001,0.9148600000000001,2,1
25.08.2021 02:32:02.757,0.9149600000000001,0.9148600000000001,1.87,1
25.08.2021 02:32:24.112,0.9149600000000001,0.9148600000000001,1.6,1
25.08.2021 02:32:45.007,0.91499,0.91489,1.95,1
25.08.2021 02:32:45.160,0.915,0.9149,1,1.5
25.08.2021 02:32:49.311,0.915,0.9149,1,1.75
25.08.2021 02:32:49.412,0.9150200000000002,0.9149100000000001,1.6,1.69
25.08.2021 02:33:13.996,0.915,0.9149,1,1
25.08.2021 02:34:09.000,0.9150100000000001,0.9149,1.95,1
25.08.2021 02:34:09.729,0.9150100000000001,0.9149,1.97,1
25.08.2021 02:34:09.830,0.9150100000000001,0.9149,2.7,1
25.08.2021 02:34:23.912,0.9150100000000001,0.9149,2.82,1
25.08.2021 02:34:24.691,0.9150100000000001,0.9149,3.07,1
25.08.2021 02:34:31.655,0.915,0.9149,1.12,1
25.08.2021 02:34:39.024,0.9150100000000001,0.9149,3.07,1
25.08.2021 02:34:40.307,0.915,0.9149,1,1.12
25.08.2021 02:34:43.537,0.915,0.9149,1.12,1.62
25.08.2021 02:34:43.796,0.915,0.9149,1.12,1
25.08.2021 02:34:43.906,0.915,0.9149100000000001,1.87,1
25.08.2021 02:34:58.536,0.91499,0.9149100000000001,1.12,1
25.08.2021 02:35:08.293,0.915,0.9149100000000001,3,1
25.08.2021 02:35:18.161,0.9150100000000001,0.9149,3.5,1
25.08.2021 02:35:20.037,0.9150100000000001,0.9149,3,1
25.08.2021 02:35:23.202,0.91495,0.9149100000000001,1,1
25.08.2021 02:35:23.253,0.91494,0.91485,1,1
25.08.2021 02:35:23.608,0.9149200000000001,0.91484,1,1.5
25.08.2021 02:35:35.268,0.9149200000000001,0.9148299999999999,1,1.5
25.08.2021 02:35:54.830,0.9149,0.9148200000000001,1,1.5
25.08.2021 02:37:23.226,0.91489,0.9148100000000001,2.25,1
25.08.2021 02:37:23.327,0.91488,0.9148000000000001,1,1
25.08.2021 02:37:23.916,0.9148700000000001,0.9147799999999999,1,1
25.08.2021 02:37:27.838,0.9148600000000001,0.9147700000000001,1,1.5
25.08.2021 02:37:28.266,0.91485,0.9147500000000001,1,1.87
25.08.2021 02:37:33.217,0.91484,0.91474,1,1.5
25.08.2021 02:37:48.818,0.91484,0.91474,1.1,1
25.08.2021 02:37:51.036,0.91484,0.91474,1.97,1
25.08.2021 02:37:54.285,0.9148299999999999,0.9147299999999999,1.1,1
25.08.2021 02:37:54.754,0.9148200000000001,0.9147200000000001,1.1,1.5
25.08.2021 02:37:54.856,0.9148200000000001,0.9147200000000001,3.29,1
25.08.2021 02:37:54.907,0.9148100000000001,0.9147000000000001,1.1,2.06
25.08.2021 02:37:55.264,0.9148000000000001,0.9147000000000001,1,1.12
25.08.2021 02:37:57.332,0.9148000000000001,0.91469,1.1,1.69
25.08.2021 02:37:57.757,0.9147799999999999,0.9146799999999999,1,1.87
25.08.2021 02:37:58.719,0.9147799999999999,0.9146799999999999,2.75,1
25.08.2021 02:38:00.373,0.9147799999999999,0.91469,2,1
25.08.2021 02:38:03.311,0.9147799999999999,0.9146799999999999,1.5,1
25.08.2021 02:38:04.624,0.9147700000000001,0.9147000000000001,1,1.5
25.08.2021 02:38:04.675,0.91479,0.9147100000000001,1.2,1
25.08.2021 02:38:15.809,0.9148100000000001,0.9147299999999999,1,1
25.08.2021 02:38:15.961,0.9148200000000001,0.91474,1,1
25.08.2021 02:38:18.384,0.9148299999999999,0.91474,1,1.5
25.08.2021 02:38:28.972,0.9148200000000001,0.91474,1,1
25.08.2021 02:38:29.074,0.9148100000000001,0.9147100000000001,1,1.5
25.08.2021 02:38:29.175,0.9148100000000001,0.9147200000000001,1,2.44
25.08.2021 02:38:33.420,0.9148100000000001,0.9147299999999999,1,1.5
25.08.2021 02:38:33.571,0.9148200000000001,0.91474,1,1
25.08.2021 02:38:37.698,0.9148299999999999,0.91474,1.5,1
25.08.2021 02:39:02.909,0.91485,0.9147700000000001,1,1
25.08.2021 02:39:04.374,0.91485,0.9147600000000001,1,1.87
25.08.2021 02:39:04.489,0.91485,0.9147500000000001,1,1.12
25.08.2021 02:39:07.210,0.91484,0.9147700000000001,1,1
25.08.2021 02:39:11.261,0.91484,0.9147600000000001,1,1
25.08.2021 02:39:12.116,0.91484,0.91474,1,2.81
25.08.2021 02:39:44.157,0.91485,0.91474,1.1,2.06
25.08.2021 02:39:58.230,0.91484,0.91474,1,1
25.08.2021 02:40:04.967,0.91485,0.9147500000000001,1.2,1
25.08.2021 02:40:50.315,0.9148700000000001,0.9148000000000001,1.25,1
25.08.2021 02:40:50.416,0.91488,0.9147799999999999,1.57,1.69
25.08.2021 02:40:50.518,0.91488,0.91479,1.1,1
25.08.2021 02:40:50.569,0.9149,0.9148000000000001,2.32,1
25.08.2021 02:40:51.766,0.9149,0.9148000000000001,1.35,1
25.08.2021 02:40:52.485,0.91489,0.91479,1.1,1
25.08.2021 02:40:52.588,0.91489,0.9147799999999999,1.1,1.5
25.08.2021 02:40:55.203,0.91489,0.91479,1.1,1
25.08.2021 02:41:00.893,0.91489,0.9147799999999999,1.1,1.87
25.08.2021 02:41:10.163,0.9148700000000001,0.9147700000000001,1,1
25.08.2021 02:41:10.264,0.9148600000000001,0.9147700000000001,1,1
25.08.2021 02:41:10.466,0.9148600000000001,0.9147600000000001,1.5,1.12
25.08.2021 02:41:11.219,0.9148600000000001,0.91479,1,1
25.08.2021 02:41:11.270,0.9149,0.9148000000000001,3.47,1
25.08.2021 02:41:11.371,0.9149100000000001,0.9148100000000001,1.57,1.5
25.08.2021 02:41:17.643,0.9149,0.9148000000000001,1.1,2.25
25.08.2021 02:41:17.745,0.91489,0.9148000000000001,1,1
25.08.2021 02:41:17.847,0.91489,0.91479,1,1.5
25.08.2021 02:41:18.654,0.91488,0.9147799999999999,1,1
25.08.2021 02:41:20.302,0.91488,0.9147700000000001,1.1,1.5
25.08.2021 02:41:21.862,0.91488,0.9147799999999999,1.1,1
25.08.2021 02:41:22.019,0.91488,0.9147700000000001,2.32,1.5
25.08.2021 02:41:22.122,0.9148600000000001,0.9147600000000001,1.5,1.5
25.08.2021 02:41:25.470,0.9148600000000001,0.9147799999999999,1.5,1
25.08.2021 02:41:27.555,0.9148700000000001,0.9147799999999999,1,1
25.08.2021 02:41:28.438,0.9148600000000001,0.9147600000000001,1,2.62
25.08.2021 02:42:34.201,0.91485,0.9147600000000001,1.1,1
25.08.2021 02:42:34.303,0.91485,0.9147500000000001,1.57,1
25.08.2021 02:42:35.962,0.9148600000000001,0.9147600000000001,1.57,1
25.08.2021 02:42:38.933,0.91485,0.9147500000000001,1.57,1
25.08.2021 02:42:42.230,0.91484,0.91474,1.1,1
25.08.2021 02:42:42.332,0.91484,0.91474,1.1,1
25.08.2021 02:42:44.794,0.91484,0.91474,1,1
25.08.2021 02:42:45.068,0.9148299999999999,0.9147299999999999,1,1
25.08.2021 02:42:46.938,0.9148200000000001,0.91474,1,1
25.08.2021 02:42:57.414,0.9148299999999999,0.9147500000000001,1,1
25.08.2021 02:43:05.957,0.9148600000000001,0.9147799999999999,1,1.5
25.08.2021 02:43:06.159,0.9148700000000001,0.91479,1,1
25.08.2021 02:43:12.666,0.91488,0.9147700000000001,1.1,2.06
25.08.2021 02:43:24.563,0.9149100000000001,0.9148100000000001,2.25,1
25.08.2021 02:43:46.417,0.9149100000000001,0.9148200000000001,1,1
25.08.2021 02:43:50.514,0.9149,0.9148200000000001,1,1
25.08.2021 02:44:10.862,0.9149100000000001,0.9148100000000001,1.5,2.32
25.08.2021 02:44:12.517,0.91488,0.9148000000000001,1,1
25.08.2021 02:44:12.619,0.91488,0.91479,1.5,1.5
25.08.2021 02:44:12.976,0.91488,0.9147799999999999,1.5,1.5
25.08.2021 02:44:24.838,0.9148700000000001,0.9147799999999999,1,2.32
25.08.2021 02:44:25.429,0.9148700000000001,0.91479,1,1
25.08.2021 02:44:38.792,0.91488,0.91479,1.5,1
25.08.2021 02:44:38.995,0.91489,0.9148100000000001,1.25,1
25.08.2021 02:44:39.508,0.9149,0.9148200000000001,1.5,1
25.08.2021 02:44:43.138,0.9149100000000001,0.9148299999999999,1.5,1
25.08.2021 02:44:59.928,0.9149200000000001,0.9148200000000001,1.5,1.57
25.08.2021 02:45:18.191,0.9149100000000001,0.9148100000000001,1,2.32
25.08.2021 02:46:00.261,0.91488,0.91479,1,1.12
25.08.2021 02:46:02.070,0.91489,0.9148100000000001,1,1
25.08.2021 02:46:02.171,0.9149,0.9148100000000001,1.25,1
25.08.2021 02:46:05.409,0.9148700000000001,0.9148000000000001,1,1
25.08.2021 02:46:05.510,0.9148700000000001,0.9147799999999999,1,1
25.08.2021 02:46:06.694,0.9148700000000001,0.9147700000000001,1.5,2.51
25.08.2021 02:46:07.382,0.9148700000000001,0.91479,1.5,1
25.08.2021 02:46:10.372,0.91488,0.9147600000000001,1.5,2.51
25.08.2021 02:46:10.473,0.9148700000000001,0.9147700000000001,1.5,3.01
25.08.2021 02:46:10.931,0.91485,0.9147700000000001,1,1.5
25.08.2021 02:46:10.981,0.91485,0.9147500000000001,1.5,2.26
25.08.2021 02:46:11.083,0.91485,0.9147500000000001,1.57,1.25
25.08.2021 02:46:11.722,0.91485,0.9147500000000001,1.57,2.56
25.08.2021 02:46:13.269,0.91485,0.9147500000000001,1.57,1.25
25.08.2021 02:46:50.878,0.9148299999999999,0.91474,1,1
25.08.2021 02:47:17.866,0.9148299999999999,0.9147500000000001,1,1
25.08.2021 02:47:19.092,0.9148299999999999,0.91474,1,1
25.08.2021 02:47:21.053,0.9148299999999999,0.9147299999999999,1,2.32
25.08.2021 02:47:31.227,0.9148299999999999,0.91474,1,1.5
25.08.2021 02:47:31.999,0.91485,0.9147600000000001,1,1.69
25.08.2021 02:47:39.612,0.9148600000000001,0.9147600000000001,1.57,2.25
25.08.2021 02:48:27.013,0.9148700000000001,0.91474,1,2.89
25.08.2021 02:48:28.354,0.9148600000000001,0.9147700000000001,1,1
25.08.2021 02:48:32.411,0.9148600000000001,0.9147500000000001,1,2.7
25.08.2021 02:48:32.512,0.9148700000000001,0.9147500000000001,1.57,1.57
25.08.2021 02:48:42.768,0.9148600000000001,0.9147600000000001,1,1
25.08.2021 02:50:02.144,0.91484,0.91474,1,2.32
25.08.2021 02:50:14.688,0.9148600000000001,0.9147500000000001,1,2.06
