Gmt time,Ask,Bid,AskVolume,BidVolume
11.08.2021 00:00:00.042,6.487690000000001,6.48674,1.62,1
11.08.2021 00:00:00.098,6.487690000000001,6.486680000000001,1.62,1
11.08.2021 00:00:00.148,6.4877,6.48667,1.62,1
11.08.2021 00:00:00.658,6.4877,6.48667,1.62,1
11.08.2021 00:00:00.718,6.4877,6.4866,1.62,1
11.08.2021 00:00:00.952,6.487690000000001,6.48661,1.62,1
11.08.2021 00:00:01.103,6.487690000000001,6.48661,1.62,1
11.08.2021 00:00:01.323,6.487690000000001,6.48665,1.62,1
11.08.2021 00:00:01.424,6.4877,6.4867,1,1.5
11.08.2021 00:00:01.525,6.48777,6.48672,1,1.5
11.08.2021 00:00:01.575,6.48784,6.48676,1.62,1
11.08.2021 00:00:01.676,6.487830000000001,6.48677,1.12,1.5
11.08.2021 00:00:01.798,6.487830000000001,6.48677,1,1.5
11.08.2021 00:00:01.899,6.487830000000001,6.48678,1,1
11.08.2021 00:00:01.949,6.487830000000001,6.48679,1,1
11.08.2021 00:00:02.050,6.48784,6.48678,1,1
11.08.2021 00:00:02.151,6.487830000000001,6.48679,1,1
11.08.2021 00:00:02.313,6.487830000000001,6.48679,1,1.5
11.08.2021 00:00:02.474,6.487830000000001,6.48681,1,1.12
11.08.2021 00:00:02.612,6.48784,6.48679,1.12,1
11.08.2021 00:00:02.982,6.48784,6.48679,1.5,1
11.08.2021 00:00:03.478,6.487830000000001,6.486800000000001,1.5,1
11.08.2021 00:00:04.521,6.487830000000001,6.486800000000001,1.5,1
11.08.2021 00:00:05.141,6.48784,6.48679,1.5,1
11.08.2021 00:00:05.241,6.487830000000001,6.486840000000001,1,1.12
11.08.2021 00:00:05.342,6.48797,6.486840000000001,1,1.5
11.08.2021 00:00:05.443,6.488130000000001,6.4868500000000004,1,1.5
11.08.2021 00:00:05.544,6.48812,6.4868500000000004,1,1.62
11.08.2021 00:00:05.738,6.48812,6.4869200000000005,1,1
11.08.2021 00:00:05.841,6.488130000000001,6.48691,1,1
11.08.2021 00:00:06.036,6.488130000000001,6.486890000000001,1,1
11.08.2021 00:00:06.140,6.488130000000001,6.48688,1,1
11.08.2021 00:00:06.971,6.48805,6.48687,1.1,1
11.08.2021 00:00:07.352,6.48805,6.48687,1.1,1
11.08.2021 00:00:07.453,6.48805,6.48696,1,1
11.08.2021 00:00:07.554,6.48806,6.48697,1,1
11.08.2021 00:00:07.666,6.48806,6.48697,1,1
11.08.2021 00:00:07.767,6.48805,6.486980000000001,1,1
11.08.2021 00:00:07.828,6.48806,6.48695,1,1
11.08.2021 00:00:08.030,6.48805,6.486940000000001,1,1
11.08.2021 00:00:08.750,6.48806,6.486930000000001,1,1
11.08.2021 00:00:08.945,6.48806,6.48691,1,1
11.08.2021 00:00:09.980,6.48805,6.4869200000000005,1,1
11.08.2021 00:00:10.087,6.48806,6.48691,1,1
11.08.2021 00:00:11.634,6.48805,6.4869200000000005,1.1,1
11.08.2021 00:00:11.735,6.48805,6.486940000000001,1.1,1
11.08.2021 00:00:11.890,6.48806,6.48691,1.1,1
11.08.2021 00:00:12.095,6.48805,6.4869200000000005,1.1,1
11.08.2021 00:00:12.196,6.48806,6.48691,1,1.5
11.08.2021 00:00:12.361,6.48806,6.48691,1,1.05
11.08.2021 00:00:14.309,6.48812,6.48691,1,1.55
11.08.2021 00:00:14.359,6.48811,6.486930000000001,1,1
11.08.2021 00:00:15.314,6.48812,6.48691,1,1.5
11.08.2021 00:00:15.415,6.48805,6.486930000000001,1.1,1
11.08.2021 00:00:15.622,6.48806,6.4869200000000005,1.1,1
11.08.2021 00:00:15.743,6.48806,6.486940000000001,1.1,1
11.08.2021 00:00:15.870,6.487990000000001,6.486940000000001,1,1
11.08.2021 00:00:15.996,6.48798,6.48695,1,1
11.08.2021 00:00:17.086,6.48798,6.48695,1,1
11.08.2021 00:00:17.257,6.48798,6.4869,1,1
11.08.2021 00:00:17.617,6.487990000000001,6.4869,1,1
11.08.2021 00:00:18.166,6.487990000000001,6.48691,1,1
11.08.2021 00:00:18.267,6.48806,6.4869200000000005,1,1
11.08.2021 00:00:18.318,6.48806,6.4869200000000005,1,1.05
11.08.2021 00:00:18.379,6.4880700000000004,6.48691,1,1.05
11.08.2021 00:00:18.817,6.48806,6.4869200000000005,1,1.05
11.08.2021 00:00:19.210,6.4880700000000004,6.48691,1,1.55
11.08.2021 00:00:19.361,6.488130000000001,6.48691,1,1.55
11.08.2021 00:00:19.784,6.48812,6.4869200000000005,1,1.55
11.08.2021 00:00:20.845,6.488130000000001,6.48691,1,1.55
11.08.2021 00:00:22.011,6.488130000000001,6.48691,1,1.55
11.08.2021 00:00:22.444,6.488130000000001,6.48691,1,1.55
11.08.2021 00:00:22.970,6.488130000000001,6.48691,1,1.55
11.08.2021 00:00:23.158,6.48812,6.4869200000000005,1,1.55
11.08.2021 00:00:23.477,6.48812,6.4869200000000005,1,1.55
11.08.2021 00:00:23.527,6.488130000000001,6.48691,1,1.55
11.08.2021 00:00:24.302,6.488130000000001,6.48691,1,1.55
11.08.2021 00:00:24.403,6.48812,6.486930000000001,1,1.5
11.08.2021 00:00:24.539,6.488130000000001,6.48691,1,1.55
11.08.2021 00:00:25.305,6.48812,6.486940000000001,1,1
11.08.2021 00:00:25.610,6.48812,6.4869200000000005,1,1.55
11.08.2021 00:00:26.383,6.48812,6.4869200000000005,1,1.5
11.08.2021 00:00:26.926,6.48805,6.4869200000000005,1,1
11.08.2021 00:00:27.226,6.48806,6.48691,1,1.5
11.08.2021 00:00:27.349,6.48805,6.4869200000000005,1,1
11.08.2021 00:00:28.038,6.48805,6.4869200000000005,1,1.5
11.08.2021 00:00:28.544,6.48805,6.4869200000000005,1,1.5
11.08.2021 00:00:28.946,6.48805,6.4869200000000005,1,1
11.08.2021 00:00:29.768,6.48806,6.48691,1,1.5
11.08.2021 00:00:29.971,6.48805,6.4869200000000005,1,1
11.08.2021 00:00:30.883,6.48806,6.48691,1,1.5
11.08.2021 00:00:30.990,6.48805,6.4869200000000005,1,1
11.08.2021 00:00:31.581,6.48805,6.4869200000000005,1,1.05
11.08.2021 00:00:31.694,6.48806,6.48691,1,1
11.08.2021 00:00:31.797,6.48806,6.48691,1,1.5
11.08.2021 00:00:31.901,6.48806,6.48691,1,1
11.08.2021 00:00:32.453,6.48805,6.4869200000000005,1,1
11.08.2021 00:00:32.560,6.48805,6.4869200000000005,1,1.05
11.08.2021 00:00:32.779,6.48805,6.4869200000000005,1,1.12
11.08.2021 00:00:33.343,6.48805,6.4869200000000005,1,1.05
11.08.2021 00:00:33.393,6.48805,6.4869200000000005,1,1.12
11.08.2021 00:00:33.494,6.48805,6.4869200000000005,1,1
11.08.2021 00:00:33.842,6.48806,6.48691,1,1.05
11.08.2021 00:00:33.893,6.48806,6.48691,1,1.12
11.08.2021 00:00:34.252,6.48806,6.48691,1,1.05
11.08.2021 00:00:34.302,6.48806,6.48691,1,1
11.08.2021 00:00:34.353,6.488130000000001,6.487690000000001,1.5,1
11.08.2021 00:00:34.403,6.48826,6.48763,1.5,1.5
11.08.2021 00:00:34.454,6.48826,6.48766,1.5,1
11.08.2021 00:00:34.504,6.4884,6.48779,1,1
11.08.2021 00:00:34.555,6.4884,6.48777,1,1
11.08.2021 00:00:34.606,6.488340000000001,6.48775,1,1
11.08.2021 00:00:34.808,6.48833,6.48784,1,1
11.08.2021 00:00:34.922,6.488390000000001,6.48787,1,1
11.08.2021 00:00:34.973,6.48838,6.487830000000001,1,1
11.08.2021 00:00:35.465,6.48838,6.48779,1,1
11.08.2021 00:00:35.566,6.48836,6.4878100000000005,1,1
11.08.2021 00:00:36.439,6.48837,6.48785,1,1
11.08.2021 00:00:36.891,6.488390000000001,6.48785,1,1
11.08.2021 00:00:38.166,6.488390000000001,6.48779,1,1
11.08.2021 00:00:39.090,6.48838,6.48785,1,1
11.08.2021 00:00:39.141,6.48842,6.48784,1,1
11.08.2021 00:00:39.191,6.48842,6.48786,1,1
11.08.2021 00:00:39.364,6.48841,6.487900000000001,1,1
11.08.2021 00:00:39.491,6.48841,6.48792,1,1
11.08.2021 00:00:39.541,6.48841,6.48786,1,1
11.08.2021 00:00:40.362,6.48842,6.4878100000000005,1,1
11.08.2021 00:00:43.875,6.488440000000001,6.48782,1,1
11.08.2021 00:00:43.926,6.48847,6.4878100000000005,1,1
11.08.2021 00:00:43.976,6.48847,6.48784,1,1
11.08.2021 00:00:44.077,6.48842,6.48785,1,1
11.08.2021 00:00:44.271,6.488430000000001,6.4878,1,1
11.08.2021 00:00:46.366,6.48847,6.4878,1,1
11.08.2021 00:00:49.712,6.488480000000001,6.4878,1,1
11.08.2021 00:00:49.813,6.488480000000001,6.48787,1,1
11.08.2021 00:00:50.765,6.48847,6.48785,1,1
11.08.2021 00:01:04.757,6.48847,6.48786,1,1
11.08.2021 00:01:18.547,6.4885600000000005,6.48786,1,1
11.08.2021 00:01:19.996,6.48857,6.48791,1,1
11.08.2021 00:01:21.006,6.48857,6.48785,1,1
11.08.2021 00:01:21.357,6.4885,6.48786,1,1
11.08.2021 00:01:22.171,6.48847,6.48786,1,1
11.08.2021 00:01:48.953,6.488480000000001,6.48789,1,1
11.08.2021 00:01:50.546,6.48859,6.487900000000001,1,1
11.08.2021 00:01:50.647,6.488580000000001,6.48801,1,1
11.08.2021 00:01:50.748,6.48878,6.488,1.25,1
11.08.2021 00:01:50.841,6.48877,6.48801,1.25,1
11.08.2021 00:01:51.093,6.488740000000001,6.4879500000000005,1.6,1
11.08.2021 00:01:51.550,6.48866,6.48803,1,1
11.08.2021 00:01:52.101,6.48866,6.48798,1,1
11.08.2021 00:01:55.029,6.48873,6.4880700000000004,1.6,1
11.08.2021 00:01:55.242,6.48873,6.4880700000000004,1.6,1
11.08.2021 00:01:55.435,6.488740000000001,6.4881400000000005,1.6,1
11.08.2021 00:01:55.486,6.48873,6.48815,1.1,1
11.08.2021 00:01:55.586,6.488740000000001,6.48811,1.1,1
11.08.2021 00:01:55.668,6.488740000000001,6.488040000000001,1.1,1.5
11.08.2021 00:01:55.779,6.488740000000001,6.48805,1.1,1
11.08.2021 00:01:55.990,6.48873,6.48806,1.1,1.05
11.08.2021 00:01:56.040,6.488740000000001,6.48805,1.1,1
11.08.2021 00:01:56.500,6.488740000000001,6.48805,1.1,1.05
11.08.2021 00:01:56.789,6.48873,6.48806,1.1,1
11.08.2021 00:01:57.285,6.488740000000001,6.48802,1.1,1.05
11.08.2021 00:01:57.465,6.488740000000001,6.488130000000001,1.1,1
11.08.2021 00:01:57.566,6.488740000000001,6.4881400000000005,1.1,1
11.08.2021 00:01:57.962,6.488740000000001,6.48817,1.1,1
11.08.2021 00:01:58.867,6.488740000000001,6.488130000000001,1.1,1
11.08.2021 00:01:59.197,6.48873,6.4881400000000005,1.1,1.05
11.08.2021 00:01:59.480,6.488740000000001,6.488090000000001,1.1,1
11.08.2021 00:01:59.640,6.48873,6.4881400000000005,1.1,1
11.08.2021 00:01:59.741,6.48873,6.488130000000001,1.1,1
11.08.2021 00:02:01.174,6.48873,6.488090000000001,1.1,1
11.08.2021 00:02:01.460,6.48869,6.488090000000001,1,1
11.08.2021 00:02:01.510,6.48869,6.48801,1,1
11.08.2021 00:02:02.891,6.488700000000001,6.488040000000001,1,1
11.08.2021 00:02:03.905,6.488700000000001,6.487990000000001,1,1
11.08.2021 00:02:04.805,6.48869,6.48805,1,1
11.08.2021 00:02:04.906,6.48869,6.488040000000001,1,1
11.08.2021 00:02:05.180,6.48869,6.487990000000001,1,1
11.08.2021 00:02:05.280,6.48867,6.48798,1,1
11.08.2021 00:02:05.381,6.488740000000001,6.48811,1.1,1.5
11.08.2021 00:02:05.529,6.488740000000001,6.488230000000001,1.1,1.5
11.08.2021 00:02:05.829,6.488740000000001,6.488180000000001,1.1,1
11.08.2021 00:02:06.734,6.48873,6.48826,1.1,1
11.08.2021 00:02:07.917,6.48873,6.488250000000001,1.1,1
11.08.2021 00:02:08.350,6.48872,6.488250000000001,1.1,1
11.08.2021 00:02:08.443,6.48872,6.48822,1.1,1
11.08.2021 00:02:08.700,6.48866,6.4881,1,1.5
11.08.2021 00:02:10.209,6.48855,6.4881,1,1.5
11.08.2021 00:02:10.668,6.488430000000001,6.487830000000001,1,1
11.08.2021 00:02:10.769,6.488430000000001,6.487830000000001,1,1
11.08.2021 00:02:10.869,6.488430000000001,6.4878100000000005,1.5,1.5
11.08.2021 00:02:11.034,6.488430000000001,6.4878100000000005,1,1.5
11.08.2021 00:02:11.155,6.488440000000001,6.487900000000001,1,1
11.08.2021 00:02:11.699,6.4885,6.48791,1,1
11.08.2021 00:02:11.812,6.48854,6.48797,1,1
11.08.2021 00:02:12.035,6.48852,6.48796,1,1
11.08.2021 00:02:12.136,6.488430000000001,6.48796,1,1
11.08.2021 00:02:12.263,6.4883500000000005,6.48796,1,1
11.08.2021 00:02:12.617,6.4884,6.48797,1,1
11.08.2021 00:02:13.148,6.4884,6.487830000000001,1,1.05
11.08.2021 00:02:13.427,6.4884,6.48797,1,1
11.08.2021 00:02:13.478,6.4884,6.487830000000001,1,1.05
11.08.2021 00:02:13.624,6.48847,6.48782,1,1.5
11.08.2021 00:02:14.069,6.48846,6.487830000000001,1,1.5
11.08.2021 00:02:14.161,6.48847,6.48782,1,1.5
11.08.2021 00:02:14.262,6.48846,6.48789,1,1
11.08.2021 00:02:14.363,6.48855,6.4878800000000005,1,1.5
11.08.2021 00:02:14.477,6.48855,6.4878800000000005,1,1.55
11.08.2021 00:02:19.757,6.48854,6.4878800000000005,1,1.55
11.08.2021 00:02:20.304,6.488530000000001,6.48789,1.05,1.55
11.08.2021 00:02:20.721,6.48854,6.4878800000000005,1.05,1.55
11.08.2021 00:02:23.335,6.488530000000001,6.48793,1.05,1.05
11.08.2021 00:02:24.016,6.4885,6.48792,1,1.05
11.08.2021 00:02:24.117,6.48838,6.48793,1,1.05
11.08.2021 00:02:26.850,6.48842,6.48793,1,1.05
11.08.2021 00:02:32.657,6.488430000000001,6.48792,1,1.05
11.08.2021 00:02:32.707,6.48842,6.487990000000001,1,1
11.08.2021 00:02:33.154,6.48841,6.487990000000001,1,1
11.08.2021 00:02:33.255,6.48841,6.48789,1,1.05
11.08.2021 00:02:36.604,6.488390000000001,6.4878800000000005,1,1.05
11.08.2021 00:02:36.705,6.4883500000000005,6.48789,1,1.05
11.08.2021 00:02:38.843,6.48837,6.48789,1,1.05
11.08.2021 00:02:43.729,6.48841,6.4878800000000005,1,1.05
11.08.2021 00:02:43.847,6.48845,6.48789,1.57,1.05
11.08.2021 00:02:43.912,6.48842,6.4878800000000005,1,1.05
11.08.2021 00:02:46.096,6.48842,6.4878800000000005,1,1.05
11.08.2021 00:02:47.006,6.48841,6.4878800000000005,1,1.05
11.08.2021 00:02:47.401,6.48841,6.4878800000000005,1,1.05
11.08.2021 00:02:47.507,6.48841,6.48789,1,1.05
11.08.2021 00:02:47.945,6.48846,6.4878800000000005,1.57,1.05
11.08.2021 00:02:48.046,6.48841,6.48793,1,1.05
11.08.2021 00:02:48.423,6.48846,6.4878800000000005,1.1,1.05
11.08.2021 00:02:55.442,6.48842,6.48789,1,1.05
11.08.2021 00:02:56.258,6.48846,6.48784,1,1.05
11.08.2021 00:02:56.721,6.48852,6.48784,1,1.05
11.08.2021 00:02:57.214,6.48846,6.48785,1,1.05
11.08.2021 00:02:57.264,6.48846,6.48785,1,1.05
11.08.2021 00:02:57.718,6.4884900000000005,6.48785,1,1.05
11.08.2021 00:02:57.889,6.48851,6.48784,1,1.05
11.08.2021 00:02:57.940,6.488430000000001,6.48785,1,1.05
11.08.2021 00:02:59.190,6.488440000000001,6.48798,1,1
11.08.2021 00:03:06.364,6.488430000000001,6.48785,1,1.05
11.08.2021 00:03:09.590,6.488440000000001,6.48784,1,1.05
11.08.2021 00:03:12.143,6.4884,6.48785,1,1.05
11.08.2021 00:03:12.577,6.488390000000001,6.48794,1,1.05
11.08.2021 00:03:12.628,6.48854,6.48794,1,1.05
11.08.2021 00:03:12.778,6.488530000000001,6.48786,1,1.15
11.08.2021 00:03:12.829,6.48859,6.48786,1,1.65
11.08.2021 00:03:13.110,6.488530000000001,6.48793,1,1.05
11.08.2021 00:03:23.956,6.4885,6.48785,1,1.15
11.08.2021 00:03:24.086,6.4885,6.48785,1,1.15
11.08.2021 00:03:31.614,6.48852,6.48786,1,1.15
11.08.2021 00:03:32.456,6.4885,6.48785,1,1.15
11.08.2021 00:03:33.773,6.48845,6.48786,1,1.15
11.08.2021 00:03:37.031,6.48846,6.48785,1,1.15
11.08.2021 00:03:37.215,6.48846,6.48785,1,1.15
11.08.2021 00:03:49.957,6.48841,6.48786,1,1.15
11.08.2021 00:03:50.807,6.488430000000001,6.48785,1,1.15
11.08.2021 00:03:50.958,6.488580000000001,6.48797,1.05,1.62
11.08.2021 00:03:51.213,6.48867,6.48796,1.05,1.62
11.08.2021 00:03:51.495,6.488630000000001,6.48802,1,1.05
11.08.2021 00:03:51.545,6.488740000000001,6.4880700000000004,1.15,1
11.08.2021 00:03:51.648,6.48861,6.48806,1,1.05
11.08.2021 00:03:51.699,6.488650000000001,6.4880700000000004,1,1.05
11.08.2021 00:03:51.865,6.48861,6.4880700000000004,1,1.05
11.08.2021 00:03:51.915,6.48871,6.4881,1,1
11.08.2021 00:03:51.966,6.48854,6.488090000000001,1,1
11.08.2021 00:03:52.378,6.488530000000001,6.48797,1,1.15
11.08.2021 00:03:52.482,6.4885600000000005,6.48796,1,1.15
11.08.2021 00:03:52.902,6.4885600000000005,6.48796,1,1.15
11.08.2021 00:03:54.035,6.48842,6.48797,1,1.15
11.08.2021 00:03:54.167,6.48855,6.48797,1,1.15
11.08.2021 00:03:54.668,6.48857,6.48796,1,1.15
11.08.2021 00:03:54.718,6.48852,6.48797,1,1.15
11.08.2021 00:03:57.391,6.48852,6.48797,1,1.15
11.08.2021 00:03:57.835,6.48855,6.48796,1,1.15
11.08.2021 00:03:58.385,6.48851,6.48797,1,1.15
11.08.2021 00:04:01.528,6.48851,6.48797,1,1.15
11.08.2021 00:04:01.628,6.488440000000001,6.48796,1,1
11.08.2021 00:04:01.679,6.488440000000001,6.487780000000001,1,1.1
11.08.2021 00:04:01.780,6.488430000000001,6.48779,1,1.1
11.08.2021 00:04:01.925,6.48854,6.487780000000001,1.1,1.1
11.08.2021 00:04:01.975,6.48854,6.48776,1.15,1.15
11.08.2021 00:04:02.127,6.48854,6.487830000000001,1.15,1.1
11.08.2021 00:04:02.228,6.48859,6.4878800000000005,1.15,1.25
11.08.2021 00:04:02.354,6.48859,6.4878800000000005,1.15,1.25
11.08.2021 00:04:02.405,6.4886,6.48794,1,1.1
11.08.2021 00:04:02.506,6.48852,6.488090000000001,1,1
11.08.2021 00:04:02.556,6.488530000000001,6.4881,1,1
11.08.2021 00:04:03.031,6.48859,6.48796,1,1.15
11.08.2021 00:04:03.956,6.4886,6.48796,1,1.15
11.08.2021 00:04:04.456,6.4886,6.48797,1,1.15
11.08.2021 00:04:04.810,6.48851,6.48796,1,1.15
11.08.2021 00:04:05.293,6.4885,6.48796,1,1.15
11.08.2021 00:04:05.957,6.4885600000000005,6.48796,1,1.15
11.08.2021 00:04:06.726,6.48855,6.48797,1,1.15
11.08.2021 00:04:06.959,6.488530000000001,6.48797,1,1.15
11.08.2021 00:04:07.709,6.48854,6.48796,1,1.15
11.08.2021 00:04:07.957,6.4885,6.48797,1,1.15
11.08.2021 00:04:14.832,6.48851,6.48796,1,1.15
11.08.2021 00:04:17.541,6.48851,6.48796,1,1.15
11.08.2021 00:04:17.958,6.4885,6.48796,1,1.15
11.08.2021 00:04:18.684,6.488530000000001,6.48796,1,1.15
11.08.2021 00:04:21.135,6.4885600000000005,6.48796,1,1.15
11.08.2021 00:04:21.236,6.48869,6.48797,1,1.15
11.08.2021 00:04:21.341,6.48864,6.48797,1,1.15
11.08.2021 00:04:21.391,6.488700000000001,6.48797,1,1.15
11.08.2021 00:04:21.699,6.48869,6.48797,1,1.15
11.08.2021 00:04:21.750,6.48869,6.48797,1,1.15
11.08.2021 00:04:32.770,6.488630000000001,6.48796,1,1.15
11.08.2021 00:04:34.849,6.48871,6.48798,1.1,1.15
11.08.2021 00:04:34.899,6.48872,6.48797,1.1,1.15
11.08.2021 00:04:35.206,6.48866,6.48797,1,1.15
11.08.2021 00:04:35.358,6.48871,6.48798,1.1,1.15
11.08.2021 00:04:35.501,6.48866,6.48797,1,1.15
11.08.2021 00:04:35.819,6.48872,6.48797,1.1,1.15
11.08.2021 00:04:36.087,6.48867,6.48796,1,1.15
11.08.2021 00:04:36.304,6.48871,6.48798,1.1,1.15
11.08.2021 00:04:36.571,6.48867,6.48796,1,1.15
11.08.2021 00:04:36.672,6.48866,6.48798,1.1,1.15
11.08.2021 00:04:36.722,6.48872,6.487990000000001,1.1,1.15
11.08.2021 00:04:38.254,6.48872,6.4880700000000004,1.1,1.05
11.08.2021 00:04:38.597,6.48871,6.48803,1.1,1.15
11.08.2021 00:04:38.957,6.48871,6.48803,1.1,1.15
11.08.2021 00:04:42.913,6.488700000000001,6.48801,1.1,1.15
11.08.2021 00:04:43.748,6.48867,6.48797,1.1,1.65
11.08.2021 00:04:44.052,6.48872,6.488,1.67,1.15
11.08.2021 00:04:44.320,6.4886800000000004,6.48797,1.1,1.15
11.08.2021 00:04:44.512,6.4886800000000004,6.48801,1.1,1.15
11.08.2021 00:04:44.705,6.48869,6.48796,1.1,1.15
11.08.2021 00:04:45.188,6.4886800000000004,6.48801,1.1,1.15
11.08.2021 00:04:45.517,6.48869,6.4880700000000004,1.1,1.05
11.08.2021 00:04:45.617,6.48872,6.488090000000001,1.2,1.15
11.08.2021 00:04:45.723,6.48872,6.488090000000001,1.2,1.15
11.08.2021 00:04:46.216,6.48872,6.48812,1.1,1.15
11.08.2021 00:04:47.351,6.48869,6.48812,1,1.15
11.08.2021 00:04:47.402,6.48872,6.4882100000000005,1.1,1.1
11.08.2021 00:04:47.503,6.48872,6.4882100000000005,1.1,1.1
11.08.2021 00:04:47.629,6.48873,6.48819,1.1,1.15
11.08.2021 00:04:49.188,6.48873,6.48819,1.1,1.15
11.08.2021 00:04:57.355,6.48873,6.48819,1.1,1.15
11.08.2021 00:04:59.942,6.48872,6.4882,1.1,1.15
11.08.2021 00:05:01.947,6.48873,6.4882100000000005,1.1,1.15
11.08.2021 00:05:03.048,6.48872,6.4882,1.1,1.15
11.08.2021 00:05:12.126,6.48873,6.48819,1.1,1.15
11.08.2021 00:05:12.177,6.48866,6.48819,1,1.15
11.08.2021 00:05:12.278,6.48867,6.48819,1,1.15
11.08.2021 00:05:12.546,6.48859,6.4882,1,1.15
11.08.2021 00:05:12.801,6.48859,6.488080000000001,1,1.15
11.08.2021 00:05:13.023,6.48862,6.488080000000001,1,1.15
11.08.2021 00:05:13.218,6.48862,6.488080000000001,1,1.15
11.08.2021 00:05:13.362,6.48867,6.4880700000000004,1,1.15
11.08.2021 00:05:13.668,6.488580000000001,6.488080000000001,1,1.65
11.08.2021 00:05:14.024,6.488650000000001,6.4880700000000004,1,1.15
11.08.2021 00:05:18.161,6.488650000000001,6.4880700000000004,1,1.15
11.08.2021 00:05:20.302,6.48864,6.488080000000001,1,1.15
11.08.2021 00:05:22.573,6.488650000000001,6.4880700000000004,1,1.15
11.08.2021 00:05:22.623,6.488580000000001,6.488080000000001,1,1.15
11.08.2021 00:05:22.674,6.48867,6.4879500000000005,1.1,1.15
11.08.2021 00:05:22.762,6.48861,6.4879500000000005,1,1.15
11.08.2021 00:05:22.913,6.4886,6.48798,1.1,1.15
11.08.2021 00:05:23.018,6.4886800000000004,6.48798,1.1,1.65
11.08.2021 00:05:23.068,6.48869,6.48805,1.1,1.35
11.08.2021 00:05:28.202,6.48881,6.4880700000000004,1.65,1.1
11.08.2021 00:05:28.377,6.4886800000000004,6.488040000000001,1.15,1.15
11.08.2021 00:05:28.584,6.4887500000000005,6.488040000000001,1.15,1.15
11.08.2021 00:05:29.047,6.48876,6.48806,1.15,1.1
11.08.2021 00:05:29.157,6.48881,6.488130000000001,1.65,1
11.08.2021 00:05:30.039,6.48881,6.488130000000001,1.65,1
11.08.2021 00:05:30.089,6.4888,6.4881400000000005,1.65,1
11.08.2021 00:05:30.712,6.488790000000001,6.48805,1.15,1.15
11.08.2021 00:05:30.922,6.4888,6.488040000000001,1.15,1.15
11.08.2021 00:05:31.681,6.488790000000001,6.488080000000001,1.15,1.1
11.08.2021 00:05:32.069,6.488740000000001,6.488040000000001,1.15,1.15
11.08.2021 00:05:32.985,6.48873,6.48805,1.15,1.15
11.08.2021 00:05:36.610,6.48873,6.488080000000001,1.15,1.1
11.08.2021 00:05:38.247,6.48873,6.488080000000001,1.15,1.1
11.08.2021 00:05:38.358,6.48873,6.488130000000001,1.15,1
11.08.2021 00:05:38.517,6.48873,6.488130000000001,1.15,1
11.08.2021 00:05:38.851,6.488740000000001,6.48812,1.15,1
11.08.2021 00:05:38.960,6.48877,6.48812,1.15,1.1
11.08.2021 00:05:39.060,6.48871,6.48812,1.15,1.1
11.08.2021 00:05:39.161,6.4886800000000004,6.488090000000001,1.1,1.1
11.08.2021 00:05:39.341,6.48869,6.488080000000001,1.1,1.1
11.08.2021 00:05:39.492,6.48871,6.48796,1.15,1.15
11.08.2021 00:05:40.016,6.4886800000000004,6.488080000000001,1.15,1.15
11.08.2021 00:05:41.602,6.4886800000000004,6.488040000000001,1.15,1.15
11.08.2021 00:05:41.784,6.48873,6.48803,1.15,1.15
11.08.2021 00:05:42.051,6.48869,6.4879500000000005,1.15,1.15
11.08.2021 00:05:42.443,6.48872,6.48803,1.15,1.15
11.08.2021 00:05:42.721,6.4886800000000004,6.488040000000001,1.15,1.15
11.08.2021 00:05:42.884,6.48867,6.48805,1.15,1.15
11.08.2021 00:05:42.987,6.488700000000001,6.488040000000001,1.15,1.15
11.08.2021 00:05:43.191,6.48869,6.48805,1.15,1.15
11.08.2021 00:05:43.353,6.48859,6.48805,1,1.15
11.08.2021 00:05:43.579,6.4886,6.48796,1,1.15
11.08.2021 00:05:43.689,6.48867,6.4879500000000005,1.1,1.15
11.08.2021 00:05:44.129,6.48872,6.487990000000001,1.15,1.15
11.08.2021 00:05:44.230,6.48872,6.488040000000001,1.15,1.15
11.08.2021 00:05:44.494,6.48873,6.48803,1.15,1.15
11.08.2021 00:05:44.631,6.48872,6.488040000000001,1.15,1.15
11.08.2021 00:05:44.760,6.48873,6.48803,1.15,1.15
11.08.2021 00:05:45.379,6.488700000000001,6.48803,1.15,1.15
11.08.2021 00:05:45.598,6.48872,6.488040000000001,1.15,1.15
11.08.2021 00:05:45.699,6.48872,6.488040000000001,1.15,1.15
11.08.2021 00:05:46.096,6.48873,6.48803,1.15,1.15
11.08.2021 00:05:46.306,6.48873,6.48803,1.15,1.15
11.08.2021 00:05:46.356,6.4886,6.48796,1,1.15
11.08.2021 00:05:46.575,6.48861,6.48796,1.1,1.15
11.08.2021 00:05:47.079,6.48867,6.48802,1.1,1.65
11.08.2021 00:05:47.180,6.488740000000001,6.48802,1.15,1.15
11.08.2021 00:05:47.607,6.48873,6.488080000000001,1.15,1.15
11.08.2021 00:05:47.866,6.48873,6.4881400000000005,1.15,1
11.08.2021 00:05:48.045,6.488740000000001,6.488130000000001,1.15,1.1
11.08.2021 00:05:48.157,6.48877,6.488130000000001,1.15,1.1
11.08.2021 00:05:48.258,6.488630000000001,6.488040000000001,1.1,1.15
11.08.2021 00:05:48.359,6.488630000000001,6.4879500000000005,1,1.15
11.08.2021 00:05:48.640,6.488630000000001,6.4879500000000005,1,1.65
11.08.2021 00:05:49.293,6.4886800000000004,6.4879500000000005,1.05,1.15
11.08.2021 00:05:49.611,6.48864,6.4879500000000005,1,1.15
11.08.2021 00:05:49.827,6.4886800000000004,6.48796,1.15,1.15
11.08.2021 00:05:50.381,6.48869,6.48797,1.15,1.15
11.08.2021 00:05:51.009,6.4886800000000004,6.48802,1.05,1.15
11.08.2021 00:05:51.234,6.48867,6.4880700000000004,1.05,1.15
11.08.2021 00:05:52.282,6.48867,6.4880700000000004,1.05,1.15
11.08.2021 00:05:53.510,6.48877,6.488130000000001,1.15,1.1
11.08.2021 00:05:53.781,6.48878,6.48812,1.15,1.1
11.08.2021 00:05:53.831,6.48872,6.48819,1.2,1.1
11.08.2021 00:05:53.882,6.488700000000001,6.48819,1,1.1
11.08.2021 00:05:54.150,6.48871,6.4880700000000004,1,1.15
11.08.2021 00:05:54.200,6.48871,6.4880700000000004,1,1.15
11.08.2021 00:05:54.376,6.488700000000001,6.48806,1,1.15
11.08.2021 00:05:54.844,6.48867,6.48806,1,1.15
11.08.2021 00:05:55.858,6.48867,6.48806,1,1.15
11.08.2021 00:06:00.256,6.48869,6.4880700000000004,1,1.15
11.08.2021 00:06:00.810,6.48866,6.48806,1,1.15
11.08.2021 00:06:01.354,6.48866,6.48806,1,1.15
11.08.2021 00:06:01.941,6.48866,6.48806,1,1.15
11.08.2021 00:06:03.172,6.48866,6.48806,1,1.15
11.08.2021 00:06:03.222,6.488650000000001,6.4880700000000004,1,1.15
11.08.2021 00:06:08.727,6.48866,6.48806,1,1.15
11.08.2021 00:06:08.785,6.48869,6.48806,1,1.15
11.08.2021 00:06:08.886,6.48872,6.4880700000000004,1.57,1.15
11.08.2021 00:06:09.056,6.48866,6.4880700000000004,1,1.15
11.08.2021 00:06:09.257,6.48866,6.4880700000000004,1,1.15
11.08.2021 00:06:09.323,6.48872,6.4880700000000004,1.67,1.15
11.08.2021 00:06:09.424,6.48873,6.48806,1.57,1.15
11.08.2021 00:06:09.591,6.48871,6.4880700000000004,1,1.15
11.08.2021 00:06:11.280,6.48872,6.48806,1,1.15
11.08.2021 00:06:12.010,6.48873,6.48806,1.1,1.15
11.08.2021 00:06:12.125,6.48872,6.4880700000000004,1.1,1.15
11.08.2021 00:06:19.777,6.48872,6.488080000000001,1.1,1.15
11.08.2021 00:06:23.508,6.48873,6.4880700000000004,1.1,1.15
11.08.2021 00:06:23.558,6.48872,6.488080000000001,1.1,1.15
11.08.2021 00:06:26.653,6.48873,6.4880700000000004,1.1,1.15
11.08.2021 00:06:27.091,6.48872,6.488080000000001,1.1,1.15
11.08.2021 00:06:34.942,6.48872,6.4880700000000004,1.1,1.15
11.08.2021 00:06:53.919,6.48866,6.48805,1,1.65
11.08.2021 00:06:53.969,6.48866,6.48805,1,1.65
11.08.2021 00:06:54.564,6.48867,6.488040000000001,1,1.65
11.08.2021 00:07:26.885,6.48872,6.48817,1.1,1.15
11.08.2021 00:07:27.083,6.48872,6.488230000000001,1.1,1
11.08.2021 00:07:27.133,6.48873,6.48822,1.1,1.1
11.08.2021 00:07:27.433,6.48873,6.48815,1.1,1.15
11.08.2021 00:07:27.831,6.48872,6.488230000000001,1.1,1
11.08.2021 00:07:28.097,6.48872,6.488230000000001,1.1,1.1
11.08.2021 00:07:28.189,6.48872,6.488230000000001,1.1,1.1
11.08.2021 00:07:28.337,6.48872,6.488230000000001,1.1,1.1
11.08.2021 00:07:28.437,6.48873,6.48822,1.1,1.1
11.08.2021 00:07:29.320,6.48872,6.48815,1.1,1.15
11.08.2021 00:07:29.804,6.48873,6.488180000000001,1.1,1.15
11.08.2021 00:07:51.316,6.48872,6.488230000000001,1.1,1.1
11.08.2021 00:07:54.148,6.48873,6.488130000000001,1.1,1.15
11.08.2021 00:07:54.465,6.48872,6.48819,1.1,1.15
11.08.2021 00:07:54.591,6.48873,6.48812,1.1,1.15
11.08.2021 00:07:59.785,6.48872,6.4882,1.1,1.15
11.08.2021 00:08:01.934,6.48872,6.488230000000001,1.1,1.1
11.08.2021 00:08:02.185,6.48873,6.48822,1.1,1
11.08.2021 00:08:02.286,6.48872,6.488180000000001,1.57,1.05
11.08.2021 00:08:03.369,6.48873,6.488230000000001,1.1,1.1
11.08.2021 00:08:03.862,6.48872,6.4882,1.1,1.15
11.08.2021 00:08:03.913,6.48872,6.4882,1.1,1.15
11.08.2021 00:08:04.675,6.48873,6.488230000000001,1.1,1
11.08.2021 00:08:05.260,6.48872,6.488160000000001,1.1,1.65
11.08.2021 00:08:05.708,6.48872,6.48824,1.1,1
11.08.2021 00:08:05.993,6.48873,6.488130000000001,1.1,1.15
11.08.2021 00:08:06.373,6.48873,6.48822,1.1,1.1
11.08.2021 00:08:06.651,6.48872,6.48815,1.1,1.15
11.08.2021 00:08:08.108,6.48872,6.4882100000000005,1.1,1.15
11.08.2021 00:08:26.350,6.48872,6.488180000000001,1.1,1.15
11.08.2021 00:08:26.850,6.4888,6.48811,1.1,1.1
11.08.2021 00:08:27.299,6.4887500000000005,6.48817,1,1.1
11.08.2021 00:08:28.249,6.488830000000001,6.488130000000001,1.6,1.1
11.08.2021 00:08:28.350,6.48873,6.48819,1.1,1.15
11.08.2021 00:08:28.773,6.48872,6.48811,1.1,1.15
11.08.2021 00:08:31.094,6.48873,6.48826,1.1,1
11.08.2021 00:08:31.360,6.48873,6.48815,1.1,1.15
11.08.2021 00:08:38.497,6.48872,6.4882100000000005,1.1,1.1
11.08.2021 00:08:38.549,6.48866,6.4882100000000005,1,1.1
11.08.2021 00:08:39.049,6.48866,6.48819,1,1
11.08.2021 00:08:40.384,6.48866,6.4881400000000005,1,1.15
11.08.2021 00:08:54.063,6.48872,6.4880700000000004,1.1,1.27
11.08.2021 00:08:54.114,6.48866,6.4880700000000004,1,1.27
11.08.2021 00:08:54.323,6.48867,6.48812,1,1.05
11.08.2021 00:08:56.994,6.48866,6.488130000000001,1,1.15
11.08.2021 00:08:57.624,6.48866,6.488080000000001,1,1.27
11.08.2021 00:09:01.342,6.48867,6.4882,1,1
11.08.2021 00:09:01.598,6.48867,6.4882,1,1.1
11.08.2021 00:09:01.781,6.48872,6.4882100000000005,1.1,1.1
11.08.2021 00:09:01.932,6.48866,6.4882,1,1.1
11.08.2021 00:09:02.161,6.48866,6.48815,1,1.15
11.08.2021 00:09:02.429,6.48867,6.48819,1,1.1
11.08.2021 00:09:02.555,6.48866,6.4882,1,1.1
11.08.2021 00:09:03.198,6.48866,6.48815,1,1.15
11.08.2021 00:09:06.196,6.48873,6.48822,1.1,1
11.08.2021 00:09:06.647,6.48872,6.48811,1.1,1.15
11.08.2021 00:09:07.535,6.4886,6.48806,1,1.15
11.08.2021 00:09:07.585,6.48867,6.4880700000000004,1.5,1
11.08.2021 00:09:07.686,6.48864,6.488080000000001,1,1
11.08.2021 00:09:07.787,6.48854,6.487900000000001,1.1,1.05
11.08.2021 00:09:07.888,6.488390000000001,6.487900000000001,1,1.05
11.08.2021 00:09:07.938,6.488390000000001,6.487900000000001,1,1
11.08.2021 00:09:08.039,6.48812,6.487900000000001,1,1
11.08.2021 00:09:08.090,6.4884,6.48779,1.5,1
11.08.2021 00:09:08.191,6.48833,6.4878,1,1
11.08.2021 00:09:08.241,6.4881400000000005,6.4877400000000005,1,1
11.08.2021 00:09:08.407,6.4882,6.48766,1,1.05
11.08.2021 00:09:08.986,6.488160000000001,6.48767,1.1,1.05
11.08.2021 00:09:09.986,6.48806,6.48767,1.1,1.05
11.08.2021 00:09:11.771,6.4880700000000004,6.48775,1.1,1
11.08.2021 00:09:11.822,6.48836,6.4878100000000005,1,1.1
11.08.2021 00:09:11.873,6.4885600000000005,6.48792,1.6,1
11.08.2021 00:09:11.923,6.4886,6.48797,1.22,1
11.08.2021 00:09:12.033,6.48864,6.48796,1.1,1
11.08.2021 00:09:12.141,6.48872,6.48798,1.1,1
11.08.2021 00:09:12.242,6.48871,6.48801,1.1,1
11.08.2021 00:09:12.293,6.48872,6.488,1.1,1
11.08.2021 00:09:12.636,6.48871,6.488040000000001,1.1,1
11.08.2021 00:09:12.686,6.48872,6.48803,1,1
11.08.2021 00:09:12.847,6.48871,6.48805,1,1
11.08.2021 00:09:13.186,6.48872,6.48803,1,1
11.08.2021 00:09:13.894,6.48872,6.48803,1.1,1
11.08.2021 00:09:21.269,6.48871,6.488040000000001,1,1
11.08.2021 00:09:28.709,6.48873,6.48803,1.1,1
11.08.2021 00:09:37.084,6.48873,6.488080000000001,1.1,1
11.08.2021 00:09:37.366,6.48873,6.488130000000001,1.1,1
11.08.2021 00:09:37.416,6.48872,6.48812,1.1,1
11.08.2021 00:09:37.867,6.48872,6.4881,1.1,1
11.08.2021 00:09:38.018,6.48872,6.488090000000001,1.1,1
11.08.2021 00:09:40.942,6.48872,6.48811,1.1,1
11.08.2021 00:09:40.992,6.48872,6.48805,1,1
11.08.2021 00:09:41.043,6.48864,6.48798,1,1.6
11.08.2021 00:09:41.093,6.48864,6.48796,1,1
11.08.2021 00:09:41.540,6.48866,6.48801,1,1
11.08.2021 00:09:41.670,6.48866,6.48802,1,1
11.08.2021 00:09:55.822,6.48867,6.48801,1.1,1
11.08.2021 00:09:56.312,6.488580000000001,6.48801,1,1
11.08.2021 00:09:57.893,6.4886,6.48811,1.1,1
11.08.2021 00:09:58.044,6.48861,6.4881,1.1,1
11.08.2021 00:09:58.094,6.48854,6.48796,1,1.2
11.08.2021 00:09:58.310,6.48855,6.48801,1,1
11.08.2021 00:09:58.537,6.48859,6.48806,1.22,1
11.08.2021 00:09:58.638,6.48861,6.48805,2.1,1
11.08.2021 00:09:58.721,6.4886,6.48803,1.6,1
11.08.2021 00:09:58.772,6.4885600000000005,6.48801,1,1
11.08.2021 00:10:02.853,6.4886,6.4880700000000004,1.6,1
11.08.2021 00:10:03.063,6.4886,6.4880700000000004,1.6,1
11.08.2021 00:10:09.402,6.48861,6.48803,1.1,1
11.08.2021 00:10:09.453,6.4886,6.48803,1.1,1
11.08.2021 00:10:09.612,6.4886,6.48803,1.1,1
11.08.2021 00:10:09.901,6.48861,6.48801,1.1,1
11.08.2021 00:10:09.952,6.488580000000001,6.488,1,1
11.08.2021 00:10:12.501,6.488580000000001,6.488,1.1,1
11.08.2021 00:10:24.695,6.488580000000001,6.488040000000001,1.1,1
11.08.2021 00:10:24.796,6.48861,6.48811,1.1,1
11.08.2021 00:10:24.950,6.48854,6.48801,1,1.12
11.08.2021 00:10:25.074,6.488580000000001,6.488090000000001,1,1
11.08.2021 00:10:25.175,6.48861,6.488090000000001,1.1,1
11.08.2021 00:10:25.262,6.4886,6.4881,1.1,1
11.08.2021 00:10:27.330,6.48861,6.48811,1.1,1
11.08.2021 00:10:27.431,6.4886,6.48815,1.1,1
11.08.2021 00:10:27.534,6.48861,6.48811,1.1,1
11.08.2021 00:10:27.585,6.48861,6.488090000000001,1.1,1
11.08.2021 00:10:29.095,6.4886,6.4881,1.1,1
11.08.2021 00:10:29.253,6.4886,6.4881,1.1,1
11.08.2021 00:10:29.303,6.48861,6.488090000000001,1.1,1
11.08.2021 00:10:29.625,6.4886,6.4881,1.1,1
11.08.2021 00:10:41.684,6.4886,6.4880700000000004,1.1,1
11.08.2021 00:10:41.735,6.4886,6.488,1.1,1.6
11.08.2021 00:10:41.786,6.48854,6.487990000000001,1,1.5
11.08.2021 00:10:42.643,6.48854,6.487990000000001,1,1.12
11.08.2021 00:10:45.978,6.4885600000000005,6.488,1,1
11.08.2021 00:10:46.029,6.48859,6.48803,1.1,1
11.08.2021 00:10:57.479,6.48862,6.4881,1.1,1
11.08.2021 00:10:57.580,6.488630000000001,6.4881,1.6,1
11.08.2021 00:10:57.730,6.488530000000001,6.487990000000001,1,1.5
11.08.2021 00:10:57.935,6.4885600000000005,6.48803,1,1
11.08.2021 00:10:59.246,6.4886,6.487990000000001,1.6,1
11.08.2021 00:10:59.296,6.48854,6.487990000000001,1,1
11.08.2021 00:11:00.248,6.4885600000000005,6.48805,1,1
11.08.2021 00:11:00.349,6.488580000000001,6.488040000000001,1,1
11.08.2021 00:11:06.219,6.4886,6.488090000000001,1.6,1
11.08.2021 00:11:06.320,6.488630000000001,6.4881,1.22,1
11.08.2021 00:11:06.619,6.48862,6.48811,1.22,1
11.08.2021 00:11:13.181,6.48862,6.488080000000001,1.6,1
11.08.2021 00:11:13.282,6.48854,6.488,1,1.5
11.08.2021 00:11:13.511,6.48862,6.488090000000001,1.1,1
11.08.2021 00:11:13.651,6.48861,6.4881,1.1,1
11.08.2021 00:11:14.034,6.48862,6.488090000000001,1.1,1
11.08.2021 00:11:21.746,6.48862,6.4881,1.1,1
11.08.2021 00:11:21.847,6.48862,6.4881400000000005,1.1,1
11.08.2021 00:11:22.060,6.488630000000001,6.48817,1.1,1
11.08.2021 00:11:22.111,6.48862,6.488180000000001,1.1,1
11.08.2021 00:11:22.260,6.488630000000001,6.4881400000000005,1.1,1
11.08.2021 00:11:22.361,6.48862,6.4881400000000005,1.1,1
11.08.2021 00:11:22.626,6.48862,6.488180000000001,1.1,1
11.08.2021 00:11:22.677,6.48862,6.488180000000001,1.1,1
11.08.2021 00:11:22.833,6.488630000000001,6.4881400000000005,1.1,1
11.08.2021 00:11:22.884,6.488630000000001,6.488130000000001,1.1,1
11.08.2021 00:11:23.187,6.488630000000001,6.488180000000001,1.1,1
11.08.2021 00:11:23.392,6.488630000000001,6.48815,1.1,1
11.08.2021 00:11:23.624,6.48862,6.48815,1.1,1
11.08.2021 00:11:23.725,6.488630000000001,6.4881400000000005,1.1,1
11.08.2021 00:11:25.067,6.48862,6.48815,1,1
11.08.2021 00:11:25.168,6.48869,6.48815,1.1,1
11.08.2021 00:11:25.354,6.48869,6.48815,1.1,1
11.08.2021 00:11:25.405,6.488700000000001,6.4881400000000005,1.1,1
11.08.2021 00:11:25.765,6.48871,6.488180000000001,1.1,1
11.08.2021 00:11:26.162,6.488700000000001,6.48819,1.6,1
11.08.2021 00:11:26.263,6.4886800000000004,6.48815,1.6,1
11.08.2021 00:11:26.489,6.4886800000000004,6.48815,1.6,1
11.08.2021 00:11:28.687,6.4886800000000004,6.48815,1.1,1
11.08.2021 00:11:28.743,6.48871,6.48811,1.6,1
11.08.2021 00:11:28.794,6.48862,6.488080000000001,1,1
11.08.2021 00:11:29.031,6.48859,6.48805,1.1,1
11.08.2021 00:11:35.028,6.4886,6.488040000000001,1.1,1
11.08.2021 00:11:35.922,6.48859,6.48805,1.1,1
11.08.2021 00:11:36.171,6.4886,6.488040000000001,1.1,1
11.08.2021 00:11:47.708,6.48859,6.48811,1.1,1
11.08.2021 00:11:47.809,6.48862,6.4881400000000005,1.1,1
11.08.2021 00:11:47.859,6.488630000000001,6.488130000000001,1,1
11.08.2021 00:11:47.960,6.48862,6.4880700000000004,1.1,1
11.08.2021 00:11:48.011,6.48862,6.4881400000000005,1.1,1
11.08.2021 00:11:48.162,6.48862,6.48822,1,1
11.08.2021 00:11:48.440,6.48873,6.4882100000000005,1.1,1
11.08.2021 00:11:48.491,6.48873,6.48817,1.2,1
11.08.2021 00:11:48.747,6.48872,6.488130000000001,1.2,1
11.08.2021 00:11:48.798,6.48873,6.488180000000001,1.2,1
11.08.2021 00:11:50.268,6.48873,6.48815,1.7,1
11.08.2021 00:11:50.319,6.48872,6.488130000000001,1.1,1
11.08.2021 00:11:50.611,6.48872,6.4881400000000005,1.1,1.1
11.08.2021 00:11:50.752,6.48873,6.4882100000000005,1.1,1
11.08.2021 00:11:52.251,6.48873,6.48819,1.1,1
11.08.2021 00:11:52.302,6.48872,6.488160000000001,1.1,1.1
11.08.2021 00:12:00.755,6.48873,6.48819,1.1,1
11.08.2021 00:12:04.361,6.48873,6.4882100000000005,1.1,1
11.08.2021 00:12:04.467,6.48873,6.48819,1.1,1
11.08.2021 00:12:04.809,6.48872,6.48812,1.1,1.1
11.08.2021 00:12:04.960,6.48873,6.488180000000001,1.1,1
11.08.2021 00:12:05.412,6.48872,6.48827,1.1,1
11.08.2021 00:12:05.961,6.48872,6.48832,1.1,1
11.08.2021 00:12:06.314,6.48872,6.48831,1.1,1
11.08.2021 00:12:08.414,6.48872,6.48829,1.1,1
11.08.2021 00:12:08.768,6.48873,6.488250000000001,1.1,1.1
11.08.2021 00:12:12.917,6.48872,6.48829,1.1,1
11.08.2021 00:12:19.614,6.48872,6.48832,1.1,1
11.08.2021 00:12:19.926,6.48873,6.48829,1.1,1.5
11.08.2021 00:12:20.027,6.48873,6.48822,1.1,1.12
11.08.2021 00:12:20.128,6.48873,6.48822,1.1,1.1
11.08.2021 00:12:32.962,6.48872,6.488300000000001,1.1,1
11.08.2021 00:12:33.964,6.48873,6.4882800000000005,1.1,1
11.08.2021 00:12:34.015,6.48873,6.488250000000001,1.1,1.1
11.08.2021 00:12:35.810,6.48872,6.48829,1.1,1
11.08.2021 00:12:37.617,6.48872,6.48827,1.1,1.1
11.08.2021 00:12:37.810,6.48873,6.48829,1.1,1
11.08.2021 00:12:38.375,6.48873,6.488300000000001,1.1,1
11.08.2021 00:12:38.810,6.48873,6.4882800000000005,1.1,1
11.08.2021 00:12:38.861,6.48873,6.48826,1.1,1.1
11.08.2021 00:12:39.310,6.48873,6.48829,1.1,1
11.08.2021 00:12:39.773,6.48872,6.488300000000001,1.1,1.1
11.08.2021 00:12:39.990,6.48873,6.48829,1.1,1
11.08.2021 00:12:40.171,6.48872,6.48831,1.1,1
11.08.2021 00:12:40.485,6.48873,6.4882800000000005,1.1,1
11.08.2021 00:12:40.536,6.48872,6.48827,1.1,1.1
11.08.2021 00:12:40.985,6.48873,6.488300000000001,1.1,1
11.08.2021 00:12:41.985,6.48873,6.4882800000000005,1.1,1
11.08.2021 00:12:42.485,6.48872,6.48833,1.1,1
11.08.2021 00:12:42.986,6.48873,6.488300000000001,1.1,1
11.08.2021 00:12:43.486,6.48873,6.48832,1.1,1
11.08.2021 00:12:43.993,6.48872,6.48827,1.1,1.1
11.08.2021 00:12:44.486,6.48872,6.48833,1.1,1
11.08.2021 00:12:44.987,6.48872,6.48831,1.1,1
11.08.2021 00:12:45.486,6.48873,6.48832,1.1,1
11.08.2021 00:12:51.255,6.48873,6.488300000000001,1.1,1
11.08.2021 00:12:51.693,6.48873,6.48826,1.1,1.1
11.08.2021 00:12:51.770,6.48872,6.48832,1.1,1
11.08.2021 00:12:52.271,6.48873,6.48829,1.1,1
11.08.2021 00:12:52.586,6.48872,6.48833,1.1,1
11.08.2021 00:12:53.086,6.48872,6.48831,1.1,1
11.08.2021 00:12:53.137,6.48873,6.488250000000001,1.1,1.1
11.08.2021 00:12:53.587,6.48872,6.48832,1.1,1
11.08.2021 00:12:54.087,6.48873,6.48829,1.1,1
11.08.2021 00:12:54.220,6.48872,6.48826,1.1,1.1
11.08.2021 00:12:56.702,6.48872,6.48831,1.1,1
11.08.2021 00:12:59.486,6.48873,6.4882800000000005,1.1,1
11.08.2021 00:12:59.618,6.48872,6.488250000000001,1.1,1.1
11.08.2021 00:12:59.985,6.48873,6.4882800000000005,1.1,1
11.08.2021 00:13:01.986,6.48872,6.48827,1.1,1.1
11.08.2021 00:13:03.904,6.48873,6.48822,1.1,1
11.08.2021 00:13:04.005,6.48872,6.488230000000001,1.1,1.1
11.08.2021 00:13:04.261,6.48873,6.48822,1.1,1.6
11.08.2021 00:13:04.390,6.48872,6.48833,1.1,1
11.08.2021 00:13:04.642,6.48872,6.48833,1.1,1.1
11.08.2021 00:13:08.951,6.48872,6.48833,1.1,1
11.08.2021 00:13:19.481,6.48872,6.48831,1.1,1.1
11.08.2021 00:13:19.982,6.48873,6.48833,1.1,1
11.08.2021 00:13:22.106,6.48872,6.48832,1.1,1.1
11.08.2021 00:13:22.606,6.48872,6.488340000000001,1.1,1
11.08.2021 00:13:23.106,6.48873,6.48831,1.1,1.1
11.08.2021 00:13:35.136,6.48892,6.48831,1.5,1.1
11.08.2021 00:13:35.546,6.488930000000001,6.488300000000001,1.55,1.1
11.08.2021 00:13:35.626,6.48892,6.48831,1.55,1.1
11.08.2021 00:13:35.727,6.48892,6.48831,1.55,1
11.08.2021 00:13:35.879,6.488930000000001,6.48827,1.55,1.1
11.08.2021 00:13:35.991,6.48892,6.4882800000000005,1.55,1.1
11.08.2021 00:13:36.993,6.48892,6.488300000000001,1.5,1.1
11.08.2021 00:13:37.261,6.48892,6.488340000000001,1.5,1
11.08.2021 00:13:38.007,6.48895,6.48833,1.6,1
11.08.2021 00:13:38.261,6.48895,6.48831,1.6,1.1
11.08.2021 00:13:39.269,6.48894,6.488300000000001,1.6,1.1
11.08.2021 00:13:40.077,6.48895,6.48829,1.6,1.1
11.08.2021 00:13:40.315,6.48894,6.48836,1.6,1
11.08.2021 00:13:40.765,6.48894,6.488340000000001,2.07,1
11.08.2021 00:13:40.816,6.48894,6.488300000000001,2.07,1.1
11.08.2021 00:13:41.282,6.48895,6.48829,2.07,1.1
11.08.2021 00:13:41.750,6.48892,6.48833,1.5,1.1
11.08.2021 00:13:41.801,6.48892,6.48829,1.5,1.1
11.08.2021 00:13:42.814,6.488930000000001,6.4882800000000005,1.5,1.1
11.08.2021 00:13:43.852,6.48885,6.488340000000001,1.5,1
11.08.2021 00:13:44.691,6.48885,6.488340000000001,1.5,1.1
11.08.2021 00:13:44.825,6.48886,6.48833,1.5,1.1
11.08.2021 00:13:45.009,6.48885,6.488340000000001,1.5,1
11.08.2021 00:13:45.060,6.48886,6.48833,1.5,1.1
11.08.2021 00:13:45.394,6.48886,6.48833,1.5,1
11.08.2021 00:13:45.470,6.48886,6.48838,1.5,1
11.08.2021 00:13:45.521,6.48886,6.48833,1.5,1
11.08.2021 00:13:45.571,6.48886,6.48836,1.5,1
11.08.2021 00:13:45.622,6.4888900000000005,6.48831,1.5,1
11.08.2021 00:13:46.020,6.4888900000000005,6.48831,1.5,1.1
11.08.2021 00:13:47.017,6.488880000000001,6.48832,1.5,1.1
11.08.2021 00:13:48.367,6.4889,6.4883500000000005,1.5,1
11.08.2021 00:13:48.518,6.4888900000000005,6.4883500000000005,1.5,1
11.08.2021 00:13:49.507,6.488880000000001,6.48836,1.5,1
11.08.2021 00:13:51.430,6.48886,6.48833,2,1
11.08.2021 00:13:51.625,6.4889,6.48827,1.55,1.1
11.08.2021 00:13:51.729,6.4888900000000005,6.4883500000000005,1.5,1
11.08.2021 00:13:51.880,6.488880000000001,6.48836,2,1
11.08.2021 00:13:52.014,6.488880000000001,6.48836,2,1.1
11.08.2021 00:13:52.970,6.488880000000001,6.48832,1.12,1.1
11.08.2021 00:13:54.973,6.4888900000000005,6.4883500000000005,1.5,1.1
11.08.2021 00:13:57.651,6.4888900000000005,6.48829,1.5,1.1
11.08.2021 00:13:57.801,6.4889,6.4883500000000005,1.5,1
11.08.2021 00:13:58.232,6.4888900000000005,6.48832,2.75,1.5
11.08.2021 00:13:58.732,6.488880000000001,6.488300000000001,1.5,1.1
11.08.2021 00:13:59.039,6.4888900000000005,6.48827,1.5,1.1
11.08.2021 00:14:00.475,6.48892,6.48827,1.5,1.1
11.08.2021 00:14:01.119,6.4889,6.48841,1.5,1
11.08.2021 00:14:01.170,6.4888900000000005,6.48832,1,1.1
11.08.2021 00:14:01.271,6.48897,6.48831,1.5,1
11.08.2021 00:14:01.534,6.48897,6.48827,1.5,1.05
11.08.2021 00:14:01.635,6.4889600000000005,6.488250000000001,1.5,1.65
11.08.2021 00:14:01.750,6.489,6.4882800000000005,1.6,1.1
11.08.2021 00:14:02.258,6.48901,6.48827,1.6,1.6
11.08.2021 00:14:02.697,6.488930000000001,6.48836,1.6,1
11.08.2021 00:14:02.944,6.488930000000001,6.48836,1.6,1.1
11.08.2021 00:14:03.902,6.48894,6.48831,1.6,1.15
11.08.2021 00:14:04.014,6.488930000000001,6.48832,1.6,1
11.08.2021 00:14:04.280,6.488930000000001,6.488300000000001,1.6,1
11.08.2021 00:14:04.330,6.48894,6.48827,1.6,1.6
11.08.2021 00:14:04.641,6.48894,6.48832,1.6,1
11.08.2021 00:14:04.786,6.48894,6.48832,1.6,1.1
11.08.2021 00:14:04.979,6.488930000000001,6.48833,1.6,1.1
11.08.2021 00:14:06.983,6.48894,6.48832,1.6,1.1
11.08.2021 00:14:07.239,6.488930000000001,6.48833,1.6,1
11.08.2021 00:14:07.521,6.48894,6.48836,1.6,1
11.08.2021 00:14:07.771,6.48894,6.48836,1.6,1.1
11.08.2021 00:14:07.985,6.48894,6.48836,1.6,1.1
11.08.2021 00:14:09.022,6.48894,6.48836,1.6,1.1
11.08.2021 00:14:12.058,6.488930000000001,6.48837,1.6,1.1
11.08.2021 00:14:12.806,6.488930000000001,6.48837,1.6,1.1
11.08.2021 00:14:12.963,6.48894,6.48836,1.6,1
11.08.2021 00:14:13.063,6.48886,6.48837,1.5,1
11.08.2021 00:14:13.114,6.4889,6.48829,2,1.1
11.08.2021 00:14:13.214,6.48894,6.4882800000000005,1.6,1.1
11.08.2021 00:14:14.600,6.48894,6.48831,1.6,1.1
11.08.2021 00:14:16.298,6.488930000000001,6.48832,1.6,1.1
11.08.2021 00:14:16.399,6.488930000000001,6.48832,1.1,1.6
11.08.2021 00:14:16.500,6.488930000000001,6.488440000000001,1.1,1
11.08.2021 00:14:17.263,6.48891,6.488440000000001,1.1,1
11.08.2021 00:14:17.750,6.48891,6.488440000000001,1.1,1.1
11.08.2021 00:14:18.446,6.48899,6.488440000000001,1.1,1.1
11.08.2021 00:14:18.567,6.48897,6.48837,1,2
11.08.2021 00:14:18.668,6.48899,6.4884,1.1,1.1
11.08.2021 00:14:18.769,6.48899,6.4884,1.1,1.1
11.08.2021 00:14:18.820,6.489,6.488440000000001,1.1,1
11.08.2021 00:14:18.921,6.489,6.48845,1.1,1
11.08.2021 00:14:18.994,6.48899,6.48851,1.1,1
11.08.2021 00:14:19.422,6.489,6.48845,1.1,1
11.08.2021 00:14:19.550,6.48899,6.488430000000001,1.1,1.57
11.08.2021 00:14:19.707,6.489,6.488430000000001,1.1,1
11.08.2021 00:14:21.234,6.489,6.4884900000000005,1.1,1.1
11.08.2021 00:14:21.335,6.489,6.488480000000001,1.1,1.6
11.08.2021 00:14:22.218,6.48899,6.488430000000001,1.1,1.15
11.08.2021 00:14:27.381,6.489,6.48842,1.1,1.15
11.08.2021 00:14:29.509,6.489140000000001,6.48842,1.1,1.15
11.08.2021 00:14:29.609,6.48918,6.48845,1.5,1.15
11.08.2021 00:14:29.660,6.4892,6.488530000000001,1,1.15
11.08.2021 00:14:30.011,6.48921,6.48852,1,1.15
11.08.2021 00:14:30.061,6.4892,6.48857,1,1
11.08.2021 00:14:30.162,6.489190000000001,6.48851,1.1,1.15
11.08.2021 00:14:30.212,6.489050000000001,6.48852,1.1,1.1
11.08.2021 00:14:30.565,6.489050000000001,6.48852,1.1,1.05
11.08.2021 00:14:31.107,6.489050000000001,6.48852,1.1,1.6
11.08.2021 00:14:31.209,6.48899,6.48852,1.1,1.6
11.08.2021 00:14:31.463,6.48899,6.48852,1.1,1.1
11.08.2021 00:14:31.578,6.488980000000001,6.488530000000001,1.1,1.1
11.08.2021 00:14:31.987,6.48899,6.48852,1.1,1.1
11.08.2021 00:14:32.037,6.488980000000001,6.488530000000001,1.1,1
11.08.2021 00:14:33.107,6.48899,6.48852,1.1,1.1
11.08.2021 00:14:33.662,6.488980000000001,6.488530000000001,1.1,1
11.08.2021 00:14:35.108,6.488980000000001,6.488530000000001,1.1,1.1
11.08.2021 00:14:35.309,6.48899,6.48852,1.1,1.1
11.08.2021 00:14:35.360,6.48899,6.48852,1.1,1
11.08.2021 00:14:36.274,6.48899,6.48851,1.1,1.05
11.08.2021 00:14:36.962,6.488980000000001,6.48852,1.1,1.05
11.08.2021 00:14:37.171,6.488980000000001,6.48852,1.1,1.15
11.08.2021 00:14:38.256,6.48899,6.48851,1.1,1.15
11.08.2021 00:14:41.605,6.48899,6.4883500000000005,1.1,1.75
11.08.2021 00:14:42.626,6.488980000000001,6.48836,1.1,1.75
11.08.2021 00:14:46.610,6.488980000000001,6.48836,1.1,1.75
11.08.2021 00:14:49.645,6.48894,6.4884900000000005,1,1.05
11.08.2021 00:14:49.794,6.4888900000000005,6.4885,1,1.05
11.08.2021 00:14:50.116,6.4888900000000005,6.4883500000000005,1,1.75
11.08.2021 00:14:50.664,6.48894,6.48837,1,1.75
11.08.2021 00:14:50.821,6.48899,6.48838,1.1,1.75
11.08.2021 00:14:51.326,6.488980000000001,6.488390000000001,1.1,1.75
11.08.2021 00:15:05.833,6.48899,6.488480000000001,1.1,1.15
11.08.2021 00:15:05.933,6.48887,6.488480000000001,1,1.05
11.08.2021 00:15:05.984,6.488840000000001,6.488480000000001,1,1
11.08.2021 00:15:06.035,6.48886,6.48832,1,1.1
11.08.2021 00:15:06.135,6.488880000000001,6.48827,1,1.1
11.08.2021 00:15:06.241,6.48886,6.488250000000001,1,1
11.08.2021 00:15:06.342,6.48887,6.48815,1,1.1
11.08.2021 00:15:06.393,6.488830000000001,6.48824,1,1
11.08.2021 00:15:06.543,6.48887,6.4881400000000005,1,1.85
11.08.2021 00:15:06.644,6.48887,6.488160000000001,1,1.1
11.08.2021 00:15:06.795,6.48886,6.4881400000000005,1.05,1.15
11.08.2021 00:15:07.014,6.48887,6.4882100000000005,1,1.1
11.08.2021 00:15:07.064,6.488880000000001,6.48824,1.1,1.1
11.08.2021 00:15:07.419,6.48886,6.4882800000000005,1,1.1
11.08.2021 00:15:07.520,6.48887,6.48827,1,1.15
11.08.2021 00:15:07.621,6.48886,6.488300000000001,1,1.1
11.08.2021 00:15:07.824,6.48886,6.48832,1,1.1
11.08.2021 00:15:08.230,6.48891,6.48831,1,1.1
11.08.2021 00:15:08.476,6.48886,6.48831,1,1.1
11.08.2021 00:15:08.984,6.48887,6.48831,1,1.1
11.08.2021 00:15:09.153,6.48886,6.488340000000001,1,1.1
11.08.2021 00:15:09.364,6.48895,6.48833,1,1.1
11.08.2021 00:15:09.485,6.48894,6.48829,1,1.15
11.08.2021 00:15:10.182,6.48895,6.4882800000000005,1,1.15
11.08.2021 00:15:10.283,6.488880000000001,6.48829,1,1.65
11.08.2021 00:15:10.334,6.48897,6.48842,1.05,1.1
11.08.2021 00:15:10.709,6.4889,6.48842,1,1.7
11.08.2021 00:15:10.974,6.4889,6.48841,1,1.7
11.08.2021 00:15:11.024,6.48899,6.48842,1.05,1.7
11.08.2021 00:15:11.075,6.48895,6.48841,1,1.1
11.08.2021 00:15:11.182,6.48894,6.48842,1,1.1
11.08.2021 00:15:11.255,6.4889600000000005,6.48842,1.05,1.1
11.08.2021 00:15:11.305,6.48892,6.48841,1,1.7
11.08.2021 00:15:11.406,6.488930000000001,6.4884,1,1.6
11.08.2021 00:15:11.579,6.4889600000000005,6.4884,1,1.15
11.08.2021 00:15:12.833,6.48895,6.48841,1,1.15
11.08.2021 00:15:12.884,6.4889600000000005,6.4884,1,1.15
11.08.2021 00:15:13.168,6.48895,6.48838,1,1.75
11.08.2021 00:15:13.364,6.4889600000000005,6.48837,1,1.75
11.08.2021 00:15:14.357,6.4889600000000005,6.48842,1,1.7
11.08.2021 00:15:14.509,6.4889600000000005,6.48842,1.5,2.2
11.08.2021 00:15:14.610,6.48892,6.48841,1,1.6
11.08.2021 00:15:14.711,6.48892,6.48841,1,1.6
11.08.2021 00:15:14.762,6.488880000000001,6.4883500000000005,1,1.1
11.08.2021 00:15:14.927,6.48887,6.488340000000001,1,1.1
11.08.2021 00:15:15.059,6.48887,6.488340000000001,1,1.1
11.08.2021 00:15:15.213,6.488830000000001,6.48833,1,1.1
11.08.2021 00:15:15.485,6.488830000000001,6.48829,1,1.65
11.08.2021 00:15:15.787,6.488790000000001,6.48833,1,1.1
11.08.2021 00:15:15.838,6.488790000000001,6.488300000000001,1,1.1
11.08.2021 00:15:15.974,6.48882,6.488160000000001,1,1.15
11.08.2021 00:15:16.077,6.48881,6.48817,1,1.15
11.08.2021 00:15:16.535,6.48882,6.488160000000001,1,1.15
11.08.2021 00:15:17.976,6.48876,6.48817,1,1.15
11.08.2021 00:15:18.055,6.488830000000001,6.488160000000001,1.05,1.15
11.08.2021 00:15:18.476,6.48878,6.48819,1,1.15
11.08.2021 00:15:18.980,6.48878,6.48819,1,1.15
11.08.2021 00:15:19.030,6.48892,6.488160000000001,2.15,1.15
11.08.2021 00:15:19.081,6.48891,6.4882,1.65,1.15
11.08.2021 00:15:19.266,6.48895,6.48824,1.65,1.15
11.08.2021 00:15:19.316,6.48904,6.488180000000001,1.65,1.65
11.08.2021 00:15:19.540,6.489050000000001,6.48831,1.15,1.1
11.08.2021 00:15:19.832,6.489050000000001,6.48831,1.15,1.1
11.08.2021 00:15:19.933,6.488930000000001,6.488340000000001,1,1.1
11.08.2021 00:15:20.951,6.48887,6.48829,1,1.15
11.08.2021 00:15:27.963,6.48885,6.488300000000001,1,1.15
11.08.2021 00:15:29.781,6.48886,6.48829,1,1.15
11.08.2021 00:15:29.832,6.48886,6.48829,1,1.15
11.08.2021 00:15:33.404,6.48886,6.48829,1,1.15
11.08.2021 00:15:33.520,6.48897,6.48829,1.65,1.15
11.08.2021 00:15:33.742,6.4889600000000005,6.488300000000001,1.65,1.15
11.08.2021 00:15:34.036,6.48894,6.488300000000001,1.05,1.15
11.08.2021 00:15:35.460,6.4889,6.488300000000001,1,1.15
11.08.2021 00:15:46.968,6.4889,6.488300000000001,1,1.15
11.08.2021 00:15:51.994,6.488880000000001,6.48829,1,1.15
11.08.2021 00:15:52.494,6.4888900000000005,6.48829,1,1.15
11.08.2021 00:15:54.138,6.4888900000000005,6.48829,1,1.15
11.08.2021 00:15:56.197,6.48887,6.48829,1,1.15
11.08.2021 00:16:19.323,6.488840000000001,6.48826,1,1.15
11.08.2021 00:16:19.878,6.48885,6.488250000000001,1,1.15
11.08.2021 00:16:19.929,6.488840000000001,6.48826,1,1.15
11.08.2021 00:16:20.209,6.48885,6.48826,1,1.15
11.08.2021 00:16:41.621,6.48877,6.488250000000001,1,1.15
11.08.2021 00:16:41.942,6.48876,6.4881400000000005,1,1.15
11.08.2021 00:16:42.043,6.4887500000000005,6.488130000000001,1,1.65
11.08.2021 00:16:42.184,6.48871,6.4881400000000005,1,1.15
11.08.2021 00:16:43.384,6.48872,6.488250000000001,1,1
11.08.2021 00:16:43.434,6.4886800000000004,6.4881400000000005,1,1.15
11.08.2021 00:16:59.556,6.48869,6.488130000000001,1,1.15
11.08.2021 00:16:59.917,6.4886800000000004,6.4881400000000005,1,1.15
11.08.2021 00:17:24.949,6.48871,6.488130000000001,1.5,1.15
11.08.2021 00:17:41.450,6.48867,6.488130000000001,1,1.15
11.08.2021 00:17:43.983,6.48871,6.488180000000001,1,1.1
11.08.2021 00:17:50.360,6.48871,6.48801,1,1.65
11.08.2021 00:17:59.620,6.48871,6.48801,1,1.65
11.08.2021 00:18:09.257,6.48872,6.48817,1,1.15
11.08.2021 00:18:09.909,6.48872,6.4881400000000005,1,1.1
11.08.2021 00:18:09.960,6.48872,6.488,1,1.65
11.08.2021 00:18:10.107,6.488700000000001,6.48794,1,1.65
11.08.2021 00:18:10.860,6.488700000000001,6.48815,1,1
11.08.2021 00:18:10.961,6.48871,6.488180000000001,1,1.1
11.08.2021 00:18:11.231,6.48871,6.488180000000001,1,1.1
11.08.2021 00:18:11.421,6.48872,6.488180000000001,1,1.1
11.08.2021 00:18:12.990,6.48871,6.4881400000000005,1,1.15
11.08.2021 00:18:16.117,6.48871,6.488180000000001,1,1.15
11.08.2021 00:18:16.218,6.48857,6.48803,1,1.2
11.08.2021 00:18:16.319,6.48873,6.488040000000001,1.1,1.1
11.08.2021 00:18:16.420,6.48846,6.48805,1,1.1
11.08.2021 00:18:16.470,6.48847,6.48801,1,1
11.08.2021 00:18:16.881,6.48852,6.48801,1,1
11.08.2021 00:18:16.962,6.48847,6.48801,1,1
11.08.2021 00:18:17.181,6.48847,6.48802,1,1
11.08.2021 00:18:17.372,6.48851,6.48803,1,2.32
11.08.2021 00:18:17.562,6.48857,6.488040000000001,1,1
11.08.2021 00:18:17.953,6.48857,6.4881,1,1
11.08.2021 00:18:18.484,6.48867,6.488090000000001,2,1
11.08.2021 00:18:18.622,6.48859,6.488090000000001,1,1
11.08.2021 00:18:19.083,6.48859,6.488080000000001,1,1.1
11.08.2021 00:18:22.683,6.48866,6.488080000000001,1.05,1.1
11.08.2021 00:18:22.881,6.48864,6.488090000000001,1,1
11.08.2021 00:18:23.091,6.48864,6.488080000000001,1,1.1
11.08.2021 00:18:23.546,6.48861,6.488090000000001,1,1.1
11.08.2021 00:18:23.647,6.48861,6.488090000000001,1,1.2
11.08.2021 00:18:24.093,6.488630000000001,6.4881,1,1
11.08.2021 00:18:32.742,6.488580000000001,6.48811,1,1
11.08.2021 00:18:33.144,6.48857,6.4880700000000004,1,1.1
11.08.2021 00:18:33.482,6.48857,6.48806,1,1.1
11.08.2021 00:18:33.633,6.4885600000000005,6.4880700000000004,1,1
11.08.2021 00:18:33.952,6.48857,6.48803,1,1
11.08.2021 00:18:36.127,6.48857,6.48802,1,1.5
11.08.2021 00:18:36.582,6.48857,6.48803,1,1
11.08.2021 00:18:37.000,6.4885600000000005,6.488040000000001,1,1.1
11.08.2021 00:18:49.656,6.4885600000000005,6.488040000000001,1.5,1
11.08.2021 00:18:50.192,6.4885600000000005,6.48803,1,1.95
11.08.2021 00:18:50.242,6.488530000000001,6.48803,1,1
11.08.2021 00:18:50.292,6.48831,6.48779,1,1
11.08.2021 00:18:50.343,6.48837,6.48779,1.54,1
11.08.2021 00:18:50.444,6.48838,6.487550000000001,1,1
11.08.2021 00:18:50.544,6.48838,6.487430000000001,1,1
11.08.2021 00:18:50.646,6.48838,6.48742,1,1
11.08.2021 00:18:50.696,6.48838,6.48742,1.05,1
11.08.2021 00:18:51.185,6.48838,6.48742,1.05,1
11.08.2021 00:18:51.463,6.48837,6.487430000000001,1.05,1
11.08.2021 00:18:51.963,6.48838,6.48739,1,1.12
11.08.2021 00:18:52.362,6.48838,6.48739,1,1.5
11.08.2021 00:18:52.688,6.48838,6.4874,1.05,1
11.08.2021 00:18:53.289,6.48838,6.4874,1.05,1
11.08.2021 00:18:53.390,6.48837,6.4874,1.05,1.5
11.08.2021 00:18:53.606,6.48838,6.48739,1.05,1.5
11.08.2021 00:18:54.189,6.48838,6.48737,1.05,1.5
11.08.2021 00:18:54.577,6.48838,6.48737,1.05,1.5
11.08.2021 00:18:54.828,6.48837,6.487380000000001,1.05,1
11.08.2021 00:18:54.879,6.48837,6.487380000000001,1.05,1
11.08.2021 00:18:54.929,6.48838,6.48737,1.05,1.5
11.08.2021 00:18:55.080,6.48837,6.487380000000001,1.05,1.5
11.08.2021 00:18:55.576,6.48838,6.48737,1.05,1.5
11.08.2021 00:18:55.707,6.48837,6.487380000000001,1.05,1.5
11.08.2021 00:18:55.815,6.48838,6.48737,1.05,1.5
11.08.2021 00:18:55.866,6.48838,6.48737,1.05,1.5
11.08.2021 00:18:56.595,6.48837,6.48751,1.05,1
11.08.2021 00:18:57.101,6.48837,6.48751,1.05,1
11.08.2021 00:18:57.705,6.48837,6.48761,1.05,1
11.08.2021 00:18:57.755,6.48836,6.48751,1,1
11.08.2021 00:18:57.856,6.48837,6.48736,1,1.5
11.08.2021 00:18:58.180,6.48836,6.48742,1,1
11.08.2021 00:18:58.281,6.48837,6.48742,1.05,1
11.08.2021 00:18:58.865,6.48837,6.48742,1.05,1.5
11.08.2021 00:18:59.237,6.48838,6.487410000000001,1.05,1.5
11.08.2021 00:18:59.538,6.48838,6.48745,1.05,1
11.08.2021 00:19:00.039,6.48838,6.487430000000001,1.05,1
11.08.2021 00:19:00.538,6.48837,6.4874600000000004,1.05,1
11.08.2021 00:19:00.809,6.48837,6.4874600000000004,1.05,1
11.08.2021 00:19:00.860,6.48837,6.4874600000000004,1.05,1
11.08.2021 00:19:01.038,6.48838,6.487430000000001,1.05,1
11.08.2021 00:19:01.089,6.48838,6.487410000000001,1.05,1
11.08.2021 00:19:01.539,6.48837,6.4874600000000004,1.05,1
11.08.2021 00:19:01.782,6.48837,6.4874600000000004,1.05,1
11.08.2021 00:19:02.039,6.48838,6.487430000000001,1.05,1
11.08.2021 00:19:02.090,6.48837,6.48742,1.05,1.12
11.08.2021 00:19:02.540,6.48838,6.48745,1.05,1
11.08.2021 00:19:02.802,6.48837,6.4874600000000004,1.05,1
11.08.2021 00:19:03.040,6.48837,6.48744,1.05,1
11.08.2021 00:19:03.091,6.48838,6.487410000000001,1.05,1
11.08.2021 00:19:03.541,6.48838,6.48745,1.05,1
11.08.2021 00:19:04.040,6.48838,6.487430000000001,1.05,1
11.08.2021 00:19:04.306,6.48837,6.48742,1.05,1.12
11.08.2021 00:19:04.542,6.48837,6.4874600000000004,1.05,1
11.08.2021 00:19:05.044,6.48837,6.48744,1.05,1
11.08.2021 00:19:05.543,6.48838,6.48744,1.05,1
11.08.2021 00:19:05.657,6.48837,6.48745,1.05,1
11.08.2021 00:19:06.045,6.48836,6.487430000000001,1,1
11.08.2021 00:19:06.096,6.48838,6.487410000000001,1.05,1
11.08.2021 00:19:06.346,6.4883500000000005,6.48745,1,1
11.08.2021 00:19:06.447,6.48832,6.48745,1,1
11.08.2021 00:19:07.250,6.48827,6.48745,1,1
11.08.2021 00:19:07.300,6.48831,6.4874600000000004,1,1
11.08.2021 00:19:07.696,6.48826,6.4874600000000004,1,1.5
11.08.2021 00:19:07.817,6.48826,6.487480000000001,1,1
11.08.2021 00:19:08.726,6.48831,6.48747,1,1
11.08.2021 00:19:11.230,6.48831,6.48747,1.05,1
11.08.2021 00:19:11.796,6.48831,6.48747,1.15,1
11.08.2021 00:19:14.047,6.48826,6.487480000000001,1,1
11.08.2021 00:19:15.790,6.488300000000001,6.487480000000001,1.15,1
11.08.2021 00:19:16.738,6.48826,6.487480000000001,1,1
11.08.2021 00:19:22.741,6.48831,6.48747,1.15,1
11.08.2021 00:19:24.343,6.488300000000001,6.487480000000001,1.15,1
11.08.2021 00:19:24.777,6.488300000000001,6.487480000000001,1.15,1
11.08.2021 00:19:25.657,6.48831,6.48747,1.15,1
11.08.2021 00:19:33.164,6.488300000000001,6.487480000000001,1.15,1
11.08.2021 00:19:33.983,6.48831,6.48747,1.15,1
11.08.2021 00:19:34.743,6.48831,6.48747,1.15,1
11.08.2021 00:19:34.869,6.48831,6.48747,1.15,1
11.08.2021 00:19:35.360,6.488300000000001,6.487480000000001,1.15,1
11.08.2021 00:19:38.761,6.48831,6.48747,1.15,1
11.08.2021 00:19:38.812,6.488300000000001,6.487480000000001,1.15,1
11.08.2021 00:19:39.258,6.48831,6.48747,1.15,1
11.08.2021 00:19:39.309,6.488300000000001,6.487480000000001,1.15,1
11.08.2021 00:19:39.760,6.488300000000001,6.487480000000001,1.15,1
11.08.2021 00:19:40.770,6.488300000000001,6.487480000000001,1.15,1
11.08.2021 00:19:41.270,6.48831,6.48747,1.15,1
11.08.2021 00:19:41.560,6.488340000000001,6.48754,1.15,1
11.08.2021 00:19:41.661,6.48832,6.4877,1,1
11.08.2021 00:19:42.010,6.48832,6.487680000000001,1,1
11.08.2021 00:19:42.149,6.48831,6.48767,1,1
11.08.2021 00:19:51.120,6.48831,6.48767,1.05,1
11.08.2021 00:19:51.906,6.48831,6.48767,1.05,1
11.08.2021 00:20:17.856,6.48832,6.48766,1.05,1
11.08.2021 00:20:26.021,6.488230000000001,6.48767,1,1
11.08.2021 00:20:51.281,6.48831,6.48767,1.05,1
11.08.2021 00:21:02.546,6.48826,6.487730000000001,1.5,1
11.08.2021 00:21:22.680,6.48827,6.48772,1.05,1
11.08.2021 00:21:23.180,6.48827,6.48772,1.5,1
11.08.2021 00:21:24.642,6.4882100000000005,6.487730000000001,1,1
11.08.2021 00:21:25.095,6.48826,6.487730000000001,1.05,1
11.08.2021 00:21:25.146,6.4882100000000005,6.487730000000001,1,1
11.08.2021 00:21:25.371,6.48827,6.48772,1.05,1
11.08.2021 00:21:27.009,6.488300000000001,6.4877,1.05,1
11.08.2021 00:21:27.060,6.48824,6.48767,1,1
11.08.2021 00:21:27.517,6.488230000000001,6.487690000000001,1,1
11.08.2021 00:21:33.036,6.48824,6.48772,1,1
11.08.2021 00:21:38.786,6.48824,6.487690000000001,1,1
11.08.2021 00:21:38.837,6.48824,6.48767,1,1
11.08.2021 00:21:38.887,6.48824,6.4877,1,1
11.08.2021 00:21:39.038,6.48824,6.48771,1,1
11.08.2021 00:21:39.089,6.488440000000001,6.48772,1.65,1
11.08.2021 00:21:39.139,6.48845,6.48776,1.65,1
11.08.2021 00:21:47.531,6.48837,6.48775,1,1
11.08.2021 00:22:22.525,6.48837,6.4877400000000005,1,1
11.08.2021 00:22:22.625,6.488440000000001,6.487780000000001,1,1
11.08.2021 00:22:22.948,6.488440000000001,6.4878,1,1
11.08.2021 00:22:23.089,6.488440000000001,6.48782,1,1
11.08.2021 00:22:23.389,6.488430000000001,6.48785,1,1
11.08.2021 00:22:23.732,6.48837,6.48784,1,1
11.08.2021 00:22:24.091,6.48837,6.48782,1,1
11.08.2021 00:22:24.192,6.48837,6.48777,1,1.12
11.08.2021 00:22:28.937,6.488340000000001,6.48777,1,1
11.08.2021 00:22:46.515,6.48833,6.487830000000001,1,1
11.08.2021 00:22:46.616,6.48832,6.48782,1,1
11.08.2021 00:22:59.677,6.48832,6.48776,1,1
11.08.2021 00:23:15.605,6.48831,6.48782,1,1
11.08.2021 00:23:16.051,6.48836,6.48782,1,1
11.08.2021 00:23:16.212,6.4884,6.4878100000000005,1.05,1
11.08.2021 00:23:16.564,6.48836,6.48779,1.05,1
11.08.2021 00:23:16.664,6.48836,6.48776,1.05,1
11.08.2021 00:23:19.160,6.48831,6.48777,1,1
11.08.2021 00:23:20.620,6.48836,6.48776,1,1
11.08.2021 00:23:21.079,6.4883500000000005,6.48777,1.05,1
11.08.2021 00:23:21.180,6.48833,6.48772,1.05,1
11.08.2021 00:23:26.583,6.48832,6.487730000000001,1.05,1
11.08.2021 00:23:27.546,6.48833,6.487730000000001,1.05,1
11.08.2021 00:23:28.959,6.48832,6.4877400000000005,1.05,1
11.08.2021 00:23:35.051,6.48833,6.487730000000001,1.05,1
11.08.2021 00:23:40.611,6.48832,6.4877400000000005,1.05,1
11.08.2021 00:23:40.712,6.48829,6.487780000000001,1,1
11.08.2021 00:23:55.845,6.48831,6.4878100000000005,1.5,1
11.08.2021 00:24:05.050,6.488340000000001,6.48784,1,1
11.08.2021 00:24:28.472,6.488300000000001,6.48779,1,1
11.08.2021 00:24:32.262,6.48831,6.48782,1,1.1
11.08.2021 00:24:50.393,6.48831,6.48787,1,1.1
11.08.2021 00:25:27.079,6.48827,6.48787,1,1.1
11.08.2021 00:25:28.495,6.48827,6.487830000000001,1,1.1
11.08.2021 00:25:29.630,6.488250000000001,6.48779,1,1.1
11.08.2021 00:25:35.140,6.4882,6.487780000000001,1,1.1
11.08.2021 00:25:37.686,6.4882,6.4877400000000005,1,1.1
11.08.2021 00:25:40.792,6.4882100000000005,6.4877400000000005,1,1.1
11.08.2021 00:25:50.336,6.4882,6.487730000000001,1,1
11.08.2021 00:25:59.068,6.4882,6.48776,1,1.1
11.08.2021 00:26:13.925,6.4882100000000005,6.48772,1,1
11.08.2021 00:26:14.076,6.4882,6.4877,2.3,1
11.08.2021 00:26:17.647,6.488160000000001,6.4877,1,1
11.08.2021 00:26:24.405,6.4882,6.4877,2.3,1
11.08.2021 00:26:35.077,6.4882,6.4877,2.25,1
11.08.2021 00:26:36.249,6.4882100000000005,6.48772,1,1
11.08.2021 00:26:36.300,6.4882100000000005,6.487680000000001,1.5,1
11.08.2021 00:26:37.988,6.4882,6.4877,1.5,1.1
11.08.2021 00:26:52.427,6.4882,6.48776,1.5,1.1
11.08.2021 00:26:58.207,6.4882,6.48772,1.5,1.1
11.08.2021 00:27:09.289,6.48817,6.48771,1,1.1
11.08.2021 00:27:29.552,6.4882,6.48772,1.5,1.1
11.08.2021 00:27:29.653,6.4882100000000005,6.48772,1,1
11.08.2021 00:27:29.754,6.48826,6.48772,1,1.5
11.08.2021 00:27:29.805,6.488340000000001,6.48779,1.12,1
11.08.2021 00:27:30.760,6.488340000000001,6.48779,1,1.05
11.08.2021 00:27:36.889,6.488340000000001,6.48779,1,1.05
11.08.2021 00:28:02.709,6.488250000000001,6.4878,1,1
11.08.2021 00:28:03.016,6.48826,6.4877400000000005,1,1.17
11.08.2021 00:28:03.172,6.488250000000001,6.48775,1,1.17
11.08.2021 00:28:05.513,6.48826,6.4877400000000005,1,1.05
11.08.2021 00:28:06.213,6.48831,6.4877400000000005,1,1.05
11.08.2021 00:28:07.750,6.48831,6.4877400000000005,1,1.05
11.08.2021 00:28:07.871,6.48831,6.48779,1,1
11.08.2021 00:28:08.261,6.488300000000001,6.4878,1,1.05
11.08.2021 00:28:16.415,6.488340000000001,6.48782,1.5,1
11.08.2021 00:28:29.458,6.48833,6.48779,1,1
11.08.2021 00:28:52.960,6.4883500000000005,6.4878100000000005,1,1
11.08.2021 00:29:26.329,6.4883500000000005,6.48785,1,1
11.08.2021 00:29:26.434,6.4883500000000005,6.48786,1,1
11.08.2021 00:29:27.442,6.48841,6.48793,1,1
11.08.2021 00:29:27.493,6.48845,6.48794,1,1
11.08.2021 00:29:27.598,6.48851,6.48796,1,1
11.08.2021 00:29:27.812,6.48854,6.48802,1,1
11.08.2021 00:29:28.289,6.48857,6.4880700000000004,1,1
11.08.2021 00:29:28.390,6.48859,6.48806,1.5,1
11.08.2021 00:29:38.904,6.4884900000000005,6.48801,1,1.05
11.08.2021 00:29:39.005,6.488440000000001,6.48794,1,1.05
11.08.2021 00:29:39.106,6.48842,6.48794,1,1.05
11.08.2021 00:29:39.208,6.48841,6.4879500000000005,1,1.05
11.08.2021 00:29:39.309,6.48842,6.4879500000000005,1,1
11.08.2021 00:29:39.474,6.48838,6.4879500000000005,1,1
11.08.2021 00:29:39.525,6.48838,6.48784,1,1.5
11.08.2021 00:29:39.626,6.48837,6.48785,1,1.5
11.08.2021 00:29:41.757,6.488340000000001,6.48785,1,1
11.08.2021 00:29:42.486,6.4883500000000005,6.4878100000000005,1,1.05
11.08.2021 00:29:43.215,6.48838,6.4878800000000005,1,1
11.08.2021 00:29:43.316,6.48847,6.48789,1,1
11.08.2021 00:29:44.147,6.488480000000001,6.4878800000000005,1,1.05
11.08.2021 00:29:49.317,6.488480000000001,6.4878800000000005,1,1.05
11.08.2021 00:29:49.957,6.48847,6.48789,1,1.05
11.08.2021 00:29:53.151,6.488480000000001,6.4878800000000005,1,1.05
11.08.2021 00:29:54.953,6.48846,6.48789,1,1.05
11.08.2021 00:29:55.906,6.48846,6.48789,1,1.05
11.08.2021 00:30:00.905,6.48846,6.4879500000000005,1,1
11.08.2021 00:30:01.005,6.4885600000000005,6.48797,1.15,1
11.08.2021 00:30:01.150,6.488480000000001,6.48803,1,1
11.08.2021 00:30:01.251,6.4884900000000005,6.4881,1,1
11.08.2021 00:30:01.352,6.48854,6.48817,1,1
11.08.2021 00:30:01.403,6.48866,6.48817,1.1,1
11.08.2021 00:30:01.503,6.48869,6.488250000000001,1,1.5
11.08.2021 00:30:01.604,6.48866,6.48827,1,1
11.08.2021 00:30:01.655,6.48867,6.48822,1,1
11.08.2021 00:30:01.806,6.48864,6.48822,1,1
11.08.2021 00:30:01.907,6.4885600000000005,6.488180000000001,1,1
11.08.2021 00:30:02.008,6.48855,6.488160000000001,1,1
11.08.2021 00:30:03.038,6.48845,6.488130000000001,1,1
11.08.2021 00:30:03.089,6.48846,6.4881,1,1
11.08.2021 00:30:03.491,6.48846,6.488080000000001,1,1
11.08.2021 00:30:03.986,6.48845,6.488080000000001,1,1
11.08.2021 00:31:01.472,6.488630000000001,6.488080000000001,1.27,1
11.08.2021 00:31:29.822,6.48845,6.488080000000001,1,1
11.08.2021 00:31:29.872,6.48846,6.48805,1,1
11.08.2021 00:31:30.828,6.48846,6.48802,1,1
11.08.2021 00:31:42.636,6.48845,6.4880700000000004,1,1
11.08.2021 00:31:45.431,6.48846,6.488080000000001,1,1
11.08.2021 00:31:47.243,6.4883500000000005,6.48798,1,1
11.08.2021 00:31:47.399,6.4883500000000005,6.48794,1,1
11.08.2021 00:31:52.721,6.48842,6.48794,1.05,1
11.08.2021 00:31:52.822,6.48842,6.48794,1,1
11.08.2021 00:31:53.221,6.48842,6.48798,1,1
11.08.2021 00:32:21.053,6.48842,6.48801,1,1
11.08.2021 00:32:24.852,6.488430000000001,6.48803,1,1
11.08.2021 00:32:33.689,6.48842,6.488090000000001,1,1
11.08.2021 00:32:38.570,6.48842,6.48805,1,1
11.08.2021 00:32:48.404,6.48857,6.488080000000001,1,1
11.08.2021 00:32:48.455,6.48855,6.488130000000001,1,1
11.08.2021 00:32:48.557,6.48872,6.488230000000001,1,1
11.08.2021 00:32:55.064,6.48867,6.488230000000001,1,1
11.08.2021 00:32:56.501,6.48871,6.48824,1,1
11.08.2021 00:32:57.064,6.48866,6.48824,1,1
11.08.2021 00:32:59.453,6.48872,6.488230000000001,1,1
11.08.2021 00:32:59.504,6.48877,6.488230000000001,1.6,1
11.08.2021 00:33:00.013,6.488700000000001,6.488230000000001,1,1
11.08.2021 00:33:26.463,6.48866,6.48824,1,1
11.08.2021 00:33:59.139,6.48867,6.48826,1,1
11.08.2021 00:33:59.201,6.4886800000000004,6.48827,1,1
11.08.2021 00:33:59.811,6.48869,6.48827,1,1
11.08.2021 00:34:01.195,6.48869,6.48827,1.1,1
11.08.2021 00:34:01.296,6.488700000000001,6.4882800000000005,1.1,1
11.08.2021 00:34:01.576,6.488700000000001,6.488250000000001,1.1,1
11.08.2021 00:34:01.677,6.4886,6.488250000000001,1,1
11.08.2021 00:34:02.547,6.4886,6.488230000000001,1,1
11.08.2021 00:34:04.410,6.4886800000000004,6.48824,1.1,1
11.08.2021 00:34:04.847,6.4886800000000004,6.4882800000000005,1.1,1
11.08.2021 00:34:13.835,6.4886800000000004,6.4882800000000005,1.05,1
11.08.2021 00:34:39.821,6.48869,6.48826,1.05,1
11.08.2021 00:34:47.522,6.48866,6.48827,1,1
11.08.2021 00:34:55.142,6.4886800000000004,6.48827,1.05,1
11.08.2021 00:34:55.262,6.488740000000001,6.48827,1.65,1
11.08.2021 00:34:55.363,6.48869,6.48827,1.1,1
11.08.2021 00:34:55.477,6.488700000000001,6.488300000000001,1.2,1
11.08.2021 00:34:55.579,6.4886800000000004,6.4882800000000005,1,1
11.08.2021 00:35:01.148,6.48869,6.48827,1.15,1
11.08.2021 00:35:02.600,6.4886800000000004,6.4882800000000005,1.15,1
11.08.2021 00:35:02.701,6.48882,6.48827,1.65,1
11.08.2021 00:35:02.858,6.48882,6.48832,1.65,1
11.08.2021 00:35:03.038,6.48881,6.48833,1.65,1
11.08.2021 00:35:04.310,6.488740000000001,6.48833,1.1,1
11.08.2021 00:35:04.361,6.48878,6.48833,1.6,1
11.08.2021 00:35:05.071,6.488790000000001,6.48832,1.1,1
11.08.2021 00:35:08.072,6.48881,6.48833,1.65,1
11.08.2021 00:35:24.976,6.48881,6.48838,1.24,1
11.08.2021 00:35:35.942,6.48887,6.48838,2.15,1.5
11.08.2021 00:36:08.476,6.48885,6.48837,1.1,1.5
11.08.2021 00:36:18.263,6.488840000000001,6.48842,1,1
11.08.2021 00:36:39.783,6.488840000000001,6.48842,1.1,1
11.08.2021 00:36:46.588,6.488880000000001,6.48841,1.65,1
11.08.2021 00:36:57.723,6.48886,6.48842,1.27,1
11.08.2021 00:37:10.111,6.48887,6.4884900000000005,1.65,1
11.08.2021 00:37:10.212,6.48887,6.4884900000000005,1.1,1
11.08.2021 00:37:10.263,6.48894,6.48845,1.7,1
11.08.2021 00:37:10.377,6.48894,6.48845,1.7,1
11.08.2021 00:37:10.754,6.489,6.488440000000001,1.65,1
11.08.2021 00:38:04.745,6.48887,6.48845,1.2,1
11.08.2021 00:38:17.488,6.48891,6.488440000000001,1.2,1
11.08.2021 00:38:43.666,6.48887,6.488430000000001,1.2,1
11.08.2021 00:38:49.171,6.48885,6.48842,1.1,1
11.08.2021 00:39:31.131,6.488880000000001,6.488430000000001,1.05,1
11.08.2021 00:39:31.280,6.4888900000000005,6.48842,1.05,1
11.08.2021 00:39:32.943,6.488880000000001,6.48842,1.1,1
11.08.2021 00:39:33.183,6.488840000000001,6.488430000000001,1.1,1
11.08.2021 00:39:34.240,6.48882,6.48842,1.1,1
11.08.2021 00:39:44.116,6.48885,6.48842,1.1,1
11.08.2021 00:39:47.360,6.48887,6.48842,1,1
11.08.2021 00:39:53.333,6.48886,6.488430000000001,1.1,1
11.08.2021 00:39:55.276,6.48886,6.488430000000001,1.1,1
11.08.2021 00:39:55.377,6.48887,6.48842,1,1
11.08.2021 00:39:55.969,6.48887,6.48842,1.05,1
11.08.2021 00:39:56.071,6.48887,6.48842,1.05,1
11.08.2021 00:40:08.042,6.48885,6.488390000000001,1.05,1
11.08.2021 00:40:08.179,6.4889600000000005,6.48842,1.27,1
11.08.2021 00:40:08.732,6.48895,6.488430000000001,1.15,1
11.08.2021 00:40:12.148,6.4889600000000005,6.48842,1.65,1
11.08.2021 00:40:15.065,6.4889600000000005,6.48842,1.65,1
11.08.2021 00:40:15.416,6.488840000000001,6.48842,1,1
11.08.2021 00:40:15.517,6.488790000000001,6.4883500000000005,1.1,1
11.08.2021 00:40:15.567,6.488740000000001,6.4883500000000005,1,1
11.08.2021 00:40:16.259,6.48871,6.4883500000000005,1,1
11.08.2021 00:40:19.716,6.488840000000001,6.488390000000001,1.65,1
11.08.2021 00:40:19.766,6.48885,6.48838,1.65,1
11.08.2021 00:40:20.258,6.4888,6.48838,1.1,1
11.08.2021 00:40:20.309,6.488830000000001,6.48838,1.05,1
11.08.2021 00:40:26.261,6.48882,6.488390000000001,1.15,1
11.08.2021 00:40:26.713,6.48881,6.48838,1,1
11.08.2021 00:40:39.259,6.48882,6.488390000000001,1.15,1
11.08.2021 00:40:44.045,6.488830000000001,6.488390000000001,1,1
11.08.2021 00:40:47.067,6.48882,6.488390000000001,1.1,1
11.08.2021 00:40:57.037,6.488830000000001,6.488390000000001,1,1
11.08.2021 00:40:57.295,6.488880000000001,6.4884,1.2,1
11.08.2021 00:40:59.431,6.48885,6.488390000000001,1,1
11.08.2021 00:41:04.135,6.48885,6.488430000000001,1,1
11.08.2021 00:41:04.185,6.48897,6.488430000000001,1.27,1
11.08.2021 00:41:04.667,6.4889600000000005,6.488440000000001,1.15,1
11.08.2021 00:41:05.087,6.4889600000000005,6.488440000000001,1.15,1
11.08.2021 00:41:05.990,6.4889600000000005,6.4885,1.65,1
11.08.2021 00:41:11.779,6.48897,6.4884900000000005,1.15,1
11.08.2021 00:41:16.136,6.488840000000001,6.4885,1.05,1
11.08.2021 00:41:20.593,6.48885,6.4884900000000005,1,1
11.08.2021 00:41:20.694,6.48886,6.4884900000000005,1.1,1
11.08.2021 00:41:26.689,6.48881,6.4885,1.1,1
11.08.2021 00:41:26.938,6.4888,6.4884900000000005,1.1,1
11.08.2021 00:41:27.938,6.48877,6.4884900000000005,1.1,1
11.08.2021 00:41:28.590,6.4888,6.4884900000000005,1.1,1
11.08.2021 00:41:34.882,6.48882,6.4885,1.1,1
11.08.2021 00:41:38.007,6.488790000000001,6.4885,1.1,1
11.08.2021 00:41:41.182,6.488790000000001,6.488430000000001,1.1,1
11.08.2021 00:41:44.544,6.48876,6.488430000000001,1.1,1
11.08.2021 00:41:51.376,6.488790000000001,6.488430000000001,1.1,1
11.08.2021 00:41:56.655,6.488790000000001,6.4884,1.1,1.05
11.08.2021 00:42:03.060,6.48886,6.4884,1,1.05
11.08.2021 00:42:18.947,6.48886,6.48837,1.1,1.05
11.08.2021 00:42:18.998,6.48882,6.48836,1.1,1
11.08.2021 00:42:19.048,6.48876,6.48837,1,1
11.08.2021 00:42:21.231,6.48876,6.488390000000001,1,1
11.08.2021 00:42:34.969,6.48876,6.488340000000001,1,1
11.08.2021 00:42:37.877,6.48876,6.48837,1,1
11.08.2021 00:42:38.378,6.48877,6.48837,1,1
11.08.2021 00:42:55.942,6.48877,6.48833,1,1
11.08.2021 00:42:56.043,6.4887500000000005,6.48833,1,1
11.08.2021 00:42:56.274,6.4887500000000005,6.488300000000001,1.6,1
11.08.2021 00:42:56.457,6.488740000000001,6.48831,1,1
11.08.2021 00:42:57.182,6.48871,6.48831,1.1,1
11.08.2021 00:43:01.002,6.48872,6.48827,1.2,1
11.08.2021 00:43:01.125,6.48871,6.4882800000000005,1.2,1
11.08.2021 00:43:01.226,6.48851,6.48827,1,1
11.08.2021 00:43:01.377,6.48852,6.488250000000001,1,1
11.08.2021 00:43:02.103,6.488630000000001,6.48826,1.6,1
11.08.2021 00:43:11.940,6.4885600000000005,6.48826,1.15,1
11.08.2021 00:43:15.298,6.4885600000000005,6.488230000000001,1.15,1
11.08.2021 00:43:19.324,6.48857,6.48822,1.15,1
11.08.2021 00:43:32.890,6.48857,6.488180000000001,1.05,1
11.08.2021 00:43:32.941,6.48845,6.48819,1,1
11.08.2021 00:43:37.074,6.48845,6.48817,1,1
11.08.2021 00:43:47.411,6.48845,6.48815,1,1
11.08.2021 00:44:01.432,6.48847,6.48815,1,1
11.08.2021 00:44:01.812,6.488530000000001,6.4881400000000005,1,1
11.08.2021 00:44:03.990,6.48852,6.48815,1.05,1
11.08.2021 00:44:04.697,6.488530000000001,6.4881400000000005,1.05,1
11.08.2021 00:44:05.037,6.48852,6.48815,1.05,1
11.08.2021 00:44:05.399,6.48852,6.48817,1.05,1
11.08.2021 00:44:11.781,6.488530000000001,6.488160000000001,1.05,1
11.08.2021 00:44:17.696,6.488530000000001,6.488160000000001,1.05,1
11.08.2021 00:44:34.863,6.48859,6.48817,1.05,1
11.08.2021 00:44:35.067,6.48859,6.48817,1.05,1
11.08.2021 00:44:35.118,6.488480000000001,6.48817,1,1
11.08.2021 00:44:35.541,6.488480000000001,6.48817,1.05,1
11.08.2021 00:44:51.932,6.4884900000000005,6.488160000000001,1,1
11.08.2021 00:44:52.984,6.48857,6.488160000000001,1.05,1
11.08.2021 00:44:53.034,6.48845,6.48817,1,1
11.08.2021 00:45:00.636,6.48836,6.48815,1,1
11.08.2021 00:45:00.686,6.4883500000000005,6.4881400000000005,1,1
11.08.2021 00:45:00.787,6.488250000000001,6.488080000000001,1,1
11.08.2021 00:45:00.838,6.48827,6.48802,1,1
11.08.2021 00:45:00.939,6.4882100000000005,6.48797,1,1
11.08.2021 00:45:00.989,6.4882800000000005,6.488,1,1
11.08.2021 00:45:01.040,6.48827,6.487990000000001,1,1
11.08.2021 00:45:01.141,6.48827,6.48797,1,1
11.08.2021 00:45:01.745,6.48827,6.48798,1,1
11.08.2021 00:45:02.347,6.4882800000000005,6.48801,1,1
11.08.2021 00:45:02.398,6.48833,6.48802,1.05,1
11.08.2021 00:45:02.449,6.48833,6.488040000000001,1.05,1
11.08.2021 00:45:09.632,6.48832,6.48785,1,1.3
11.08.2021 00:45:09.683,6.488340000000001,6.48786,1.05,1.1
11.08.2021 00:45:09.734,6.48831,6.48784,1,1.65
11.08.2021 00:45:10.211,6.488340000000001,6.48785,1.05,1.97
11.08.2021 00:45:12.207,6.488340000000001,6.48787,1,1.15
11.08.2021 00:45:16.624,6.4883500000000005,6.48787,1,1.15
11.08.2021 00:45:16.725,6.48836,6.48787,1,1.15
11.08.2021 00:45:17.624,6.48831,6.48786,1,1.6
11.08.2021 00:45:18.442,6.48832,6.48789,1,1
11.08.2021 00:45:21.147,6.48837,6.48789,1,1
11.08.2021 00:45:25.631,6.488340000000001,6.4878800000000005,1,1.22
11.08.2021 00:45:25.883,6.488340000000001,6.48786,1,1.97
11.08.2021 00:45:26.726,6.48831,6.48785,1,1.1
11.08.2021 00:45:31.123,6.488250000000001,6.48785,1,1.1
11.08.2021 00:45:34.167,6.48831,6.48785,1.5,1.1
11.08.2021 00:45:34.602,6.4883500000000005,6.48789,1,1.1
11.08.2021 00:45:34.753,6.48836,6.4878800000000005,1,1.1
11.08.2021 00:45:34.925,6.48836,6.4878800000000005,1,1.1
11.08.2021 00:45:35.261,6.48837,6.48789,1,1.1
11.08.2021 00:45:42.390,6.48837,6.48789,1,1.22
11.08.2021 00:45:45.809,6.488390000000001,6.48797,1.05,1
11.08.2021 00:45:51.734,6.488440000000001,6.48798,1.15,1
11.08.2021 00:45:51.785,6.48846,6.48802,1,1
11.08.2021 00:46:00.374,6.48846,6.48802,1.1,1
11.08.2021 00:46:00.424,6.488440000000001,6.488,1.1,1
11.08.2021 00:46:00.525,6.48845,6.48798,1.1,1
11.08.2021 00:46:00.686,6.48841,6.48798,1,1
11.08.2021 00:46:05.974,6.48847,6.48802,1.1,1
11.08.2021 00:46:06.692,6.488340000000001,6.48803,1,1
11.08.2021 00:46:06.794,6.48824,6.48779,1,1.22
11.08.2021 00:46:06.845,6.488130000000001,6.48787,1,1
11.08.2021 00:46:06.896,6.488180000000001,6.48786,1,1
11.08.2021 00:46:07.200,6.488250000000001,6.48786,1.5,1
11.08.2021 00:46:07.790,6.488300000000001,6.48787,1,1
11.08.2021 00:46:07.891,6.488250000000001,6.48787,1,1
11.08.2021 00:46:12.452,6.48826,6.48787,1,1.1
11.08.2021 00:46:13.415,6.48826,6.48787,1,1.1
11.08.2021 00:46:20.947,6.48826,6.48787,1,1.1
11.08.2021 00:46:23.979,6.48826,6.48787,1,1.1
11.08.2021 00:46:33.334,6.488250000000001,6.4878800000000005,1,1.1
11.08.2021 00:46:47.881,6.48836,6.4878800000000005,1,1.15
11.08.2021 00:46:47.932,6.4884,6.48791,1,1.05
11.08.2021 00:46:48.585,6.488390000000001,6.48797,1,1.1
11.08.2021 00:46:57.666,6.488390000000001,6.48793,1,1.15
11.08.2021 00:46:59.560,6.48838,6.48791,1,1.15
11.08.2021 00:46:59.610,6.48837,6.487900000000001,1,1.15
11.08.2021 00:47:00.306,6.488340000000001,6.48789,1,1.15
11.08.2021 00:47:00.407,6.4883500000000005,6.4878800000000005,1,1.15
11.08.2021 00:47:09.305,6.48837,6.48793,1.5,1.05
11.08.2021 00:47:16.132,6.48837,6.48792,1,1.05
11.08.2021 00:47:16.182,6.488340000000001,6.48789,1,1.15
11.08.2021 00:47:16.283,6.48831,6.48786,1,1.15
11.08.2021 00:47:27.880,6.48831,6.48786,1,1.15
11.08.2021 00:47:27.981,6.48831,6.48786,1,1.05
11.08.2021 00:47:32.356,6.48831,6.48793,1,1.05
11.08.2021 00:47:37.721,6.48833,6.487900000000001,1,1.05
11.08.2021 00:47:40.186,6.48833,6.487900000000001,1,1.05
11.08.2021 00:47:43.517,6.48832,6.48791,1,1.05
11.08.2021 00:47:43.567,6.48829,6.48791,1,1
11.08.2021 00:47:43.618,6.488300000000001,6.48785,1,1.15
11.08.2021 00:47:44.076,6.48827,6.4878100000000005,1,1.65
11.08.2021 00:47:44.177,6.48829,6.48785,1,1.15
11.08.2021 00:47:44.421,6.4882800000000005,6.48789,1,1.1
11.08.2021 00:47:44.533,6.48829,6.4878800000000005,1,1.15
11.08.2021 00:47:44.583,6.488340000000001,6.4878800000000005,1,1.15
11.08.2021 00:47:46.492,6.488340000000001,6.4878800000000005,1,1.15
11.08.2021 00:47:46.543,6.488250000000001,6.48789,1,1
11.08.2021 00:47:46.593,6.48826,6.4878100000000005,1,1.65
11.08.2021 00:47:47.669,6.48829,6.48784,1,1.15
11.08.2021 00:47:53.642,6.4882800000000005,6.48785,1,1.15
11.08.2021 00:47:54.090,6.48831,6.4878800000000005,1.5,1.05
11.08.2021 00:47:55.749,6.48832,6.4878800000000005,1,1.05
11.08.2021 00:47:57.522,6.48836,6.48797,1,1
11.08.2021 00:47:57.573,6.48836,6.48794,1,1
11.08.2021 00:47:59.588,6.48838,6.4879500000000005,1,1
11.08.2021 00:47:59.694,6.4884,6.4879500000000005,1.1,1
11.08.2021 00:47:59.814,6.4884,6.4879500000000005,1,1.05
11.08.2021 00:47:59.864,6.48841,6.48794,1,1.15
11.08.2021 00:47:59.974,6.4884900000000005,6.488040000000001,1.59,1
11.08.2021 00:48:00.075,6.48851,6.488130000000001,1.09,1
11.08.2021 00:48:00.176,6.48859,6.488130000000001,1.59,1
11.08.2021 00:48:00.278,6.48857,6.48815,1.09,1
11.08.2021 00:48:00.748,6.48857,6.48815,1.09,1.05
11.08.2021 00:48:00.798,6.48857,6.48815,1.09,1
11.08.2021 00:48:01.000,6.48851,6.4880700000000004,1.09,1.55
11.08.2021 00:48:02.252,6.4885600000000005,6.48806,1.09,1.55
11.08.2021 00:48:03.718,6.48855,6.4880700000000004,1.09,1.55
11.08.2021 00:48:23.661,6.48845,6.488090000000001,1,1
11.08.2021 00:48:23.762,6.4885,6.488080000000001,1.09,1
11.08.2021 00:48:25.175,6.488480000000001,6.48805,1.09,1
11.08.2021 00:48:31.825,6.48845,6.48805,1,1
11.08.2021 00:48:31.926,6.48846,6.487990000000001,1,1
11.08.2021 00:48:33.664,6.48846,6.488,1,1
11.08.2021 00:48:36.086,6.48845,6.488,1,1
11.08.2021 00:48:36.288,6.488440000000001,6.48798,1,1.1
11.08.2021 00:48:36.394,6.48845,6.48797,1,1
11.08.2021 00:48:36.703,6.48845,6.4879500000000005,1,1.87
11.08.2021 00:48:36.996,6.48838,6.4879500000000005,1,1.12
11.08.2021 00:48:44.185,6.48838,6.48794,1,1.1
11.08.2021 00:48:44.286,6.4882800000000005,6.4879500000000005,1,1
11.08.2021 00:48:46.011,6.4882800000000005,6.48792,1,1
11.08.2021 00:48:47.272,6.48829,6.48786,1,1.2
11.08.2021 00:48:57.952,6.48832,6.4878800000000005,1,1.05
11.08.2021 00:49:00.245,6.48833,6.48782,1,2.9
11.08.2021 00:49:02.275,6.4883500000000005,6.48789,1,1
11.08.2021 00:49:13.164,6.4883500000000005,6.4879500000000005,1,1
11.08.2021 00:49:13.412,6.48836,6.4879500000000005,1,1
11.08.2021 00:49:13.462,6.488390000000001,6.4879500000000005,1.15,1
11.08.2021 00:49:14.291,6.48836,6.4879500000000005,1,1
11.08.2021 00:49:16.006,6.4883500000000005,6.4879500000000005,1,1
11.08.2021 00:49:16.107,6.48836,6.48792,1,1
11.08.2021 00:49:43.276,6.488390000000001,6.48793,1.15,1
11.08.2021 00:49:43.376,6.488440000000001,6.48798,1.05,1.5
11.08.2021 00:49:43.439,6.488430000000001,6.487990000000001,1.05,1.5
11.08.2021 00:49:43.801,6.48847,6.48798,1,1.54
11.08.2021 00:49:45.426,6.488480000000001,6.48802,1.09,1
11.08.2021 00:49:46.922,6.48847,6.48802,1.09,1
11.08.2021 00:50:13.476,6.48845,6.488,1,1
11.08.2021 00:50:18.627,6.48845,6.488,1.1,1
11.08.2021 00:50:18.678,6.488440000000001,6.48798,1.1,1
11.08.2021 00:50:18.779,6.4884,6.48792,1,1.5
11.08.2021 00:50:19.318,6.48836,6.48791,1,1.6
11.08.2021 00:50:19.441,6.48836,6.487900000000001,1,1.27
11.08.2021 00:50:20.327,6.48837,6.48789,1,1.27
11.08.2021 00:50:22.830,6.48837,6.48789,1,1.15
11.08.2021 00:50:26.517,6.48836,6.487900000000001,1,1.15
11.08.2021 00:50:27.081,6.48836,6.487900000000001,1,1.15
11.08.2021 00:50:33.565,6.48837,6.48789,1,1.15
11.08.2021 00:50:43.544,6.48837,6.48789,1,1.6
11.08.2021 00:50:43.594,6.4883500000000005,6.48789,1,1
11.08.2021 00:50:54.027,6.48836,6.48791,1,1
11.08.2021 00:50:54.350,6.4883500000000005,6.487900000000001,1,1
11.08.2021 00:51:14.058,6.4883500000000005,6.487900000000001,1.1,1
11.08.2021 00:51:19.271,6.48836,6.48789,1,1
11.08.2021 00:52:03.436,6.4883500000000005,6.48793,1.5,1
11.08.2021 00:52:29.640,6.48836,6.48789,1.1,1.5
11.08.2021 00:52:29.691,6.48831,6.48791,1,1
11.08.2021 00:52:38.810,6.48832,6.487900000000001,1,1.1
11.08.2021 00:52:40.102,6.48832,6.487900000000001,1,1.1
11.08.2021 00:52:44.210,6.48831,6.48791,1,1.1
11.08.2021 00:52:51.851,6.48832,6.4878800000000005,1,1.05
11.08.2021 00:52:54.641,6.48829,6.48782,1,1.22
11.08.2021 00:52:54.742,6.48811,6.48775,1,1.1
11.08.2021 00:52:54.792,6.48811,6.48767,1.5,1.6
11.08.2021 00:52:54.843,6.488080000000001,6.48762,1,1.6
11.08.2021 00:52:54.893,6.48802,6.48758,1,1.6
11.08.2021 00:52:55.145,6.48805,6.48757,1,1.7
11.08.2021 00:52:55.330,6.488040000000001,6.48758,1,1.7
11.08.2021 00:52:56.665,6.488040000000001,6.487590000000001,1,1.7
11.08.2021 00:52:57.838,6.48805,6.48758,1,1.2
11.08.2021 00:52:59.764,6.48805,6.48758,1,1.2
11.08.2021 00:53:00.187,6.4880700000000004,6.48758,1.5,1.67
11.08.2021 00:53:00.289,6.48806,6.487590000000001,1.5,1.67
11.08.2021 00:53:02.059,6.48803,6.48758,1,1.2
11.08.2021 00:53:02.109,6.48803,6.48758,1,1.2
11.08.2021 00:53:02.324,6.48803,6.48758,1,1.2
11.08.2021 00:53:04.132,6.48802,6.487590000000001,1,1.2
11.08.2021 00:53:13.299,6.48802,6.48761,1,1.1
11.08.2021 00:53:13.403,6.48803,6.4876000000000005,1,1.2
11.08.2021 00:53:13.893,6.48802,6.487640000000001,1,1.1
11.08.2021 00:53:15.254,6.48802,6.4876000000000005,1,1.2
11.08.2021 00:53:15.339,6.48802,6.4876000000000005,1,1.1
11.08.2021 00:53:17.329,6.48802,6.487590000000001,1,1.1
11.08.2021 00:53:34.468,6.48802,6.487550000000001,1,1.27
11.08.2021 00:53:35.290,6.48803,6.48754,1,1.27
11.08.2021 00:53:37.065,6.48798,6.48752,1,1.65
11.08.2021 00:53:43.482,6.487990000000001,6.4876000000000005,1,1.1
11.08.2021 00:53:46.893,6.48801,6.487500000000001,1,1.65
11.08.2021 00:53:46.955,6.4879500000000005,6.487480000000001,1,1.65
11.08.2021 00:53:47.005,6.48791,6.48745,1,1.6
11.08.2021 00:53:47.056,6.4878100000000005,6.48739,1,2.1
11.08.2021 00:53:47.157,6.4878100000000005,6.48739,1,1.5
11.08.2021 00:53:48.889,6.4878100000000005,6.48739,1,1.12
11.08.2021 00:53:56.069,6.48782,6.48736,1,1.5
11.08.2021 00:53:59.718,6.48786,6.48742,1.5,1
11.08.2021 00:54:08.128,6.48786,6.48745,1,1.1
11.08.2021 00:54:08.206,6.48786,6.48742,1,1
11.08.2021 00:54:08.256,6.48789,6.4874600000000004,1.1,1
11.08.2021 00:54:08.357,6.487900000000001,6.48745,1,1
11.08.2021 00:54:08.458,6.48789,6.48747,1,1
11.08.2021 00:54:09.441,6.48789,6.487550000000001,1,1.1
11.08.2021 00:54:15.758,6.48784,6.48754,1,1.1
11.08.2021 00:54:23.151,6.48787,6.487550000000001,1,1.1
11.08.2021 00:54:23.202,6.487830000000001,6.487550000000001,1,1.1
11.08.2021 00:54:27.055,6.487830000000001,6.48752,1,1.1
11.08.2021 00:54:30.352,6.48784,6.48752,1,1.1
11.08.2021 00:54:34.438,6.48784,6.48749,1,1.1
11.08.2021 00:54:43.102,6.48785,6.48752,1,1.1
11.08.2021 00:54:45.941,6.48784,6.487500000000001,1,1.1
11.08.2021 00:54:47.519,6.48789,6.487500000000001,1.1,1.1
11.08.2021 00:54:50.539,6.48789,6.487500000000001,1.1,1.1
11.08.2021 00:54:51.124,6.487900000000001,6.48749,1,1.1
11.08.2021 00:54:52.531,6.48789,6.48754,1,1.1
11.08.2021 00:54:59.134,6.48786,6.4875300000000005,1,1.1
11.08.2021 00:54:59.235,6.48779,6.48722,1.69,1.55
11.08.2021 00:54:59.335,6.487780000000001,6.48723,1.5,1.17
11.08.2021 00:54:59.718,6.48779,6.48722,1.5,1.17
11.08.2021 00:54:59.918,6.48779,6.48722,1,1.17
11.08.2021 00:55:00.165,6.48779,6.48722,1,1.17
11.08.2021 00:55:00.216,6.487780000000001,6.48723,1.5,1.17
11.08.2021 00:55:01.060,6.48779,6.48722,1.5,1.05
11.08.2021 00:55:01.235,6.48779,6.487280000000001,1.5,1
11.08.2021 00:55:02.182,6.48775,6.48727,1,1
11.08.2021 00:55:02.333,6.4877400000000005,6.48727,1,1
11.08.2021 00:55:02.384,6.48772,6.487240000000001,1,1
11.08.2021 00:55:02.810,6.487730000000001,6.48725,1,1
11.08.2021 00:55:08.330,6.487730000000001,6.48723,1,1
11.08.2021 00:55:08.381,6.487640000000001,6.48725,1,1
11.08.2021 00:55:09.488,6.487690000000001,6.48725,1,1
11.08.2021 00:55:16.225,6.487680000000001,6.48725,1,1
11.08.2021 00:55:26.763,6.487680000000001,6.48726,1,1
11.08.2021 00:55:38.576,6.48766,6.48726,1,1
11.08.2021 00:55:39.408,6.487680000000001,6.48726,1.5,1
11.08.2021 00:55:49.846,6.48767,6.48725,1,1
11.08.2021 00:55:49.896,6.48765,6.487240000000001,1,1
11.08.2021 00:55:49.947,6.48762,6.487240000000001,1,1
11.08.2021 00:55:49.997,6.48763,6.48716,1,1.15
11.08.2021 00:55:50.519,6.48761,6.48717,1,1.05
11.08.2021 00:55:51.002,6.48762,6.48711,1,1.67
11.08.2021 00:55:53.661,6.48761,6.48712,1,1.67
11.08.2021 00:55:53.762,6.48758,6.48712,1,1.67
11.08.2021 00:55:59.805,6.487590000000001,6.48716,1,1.12
11.08.2021 00:55:59.906,6.4876000000000005,6.487100000000001,1,1.05
11.08.2021 00:56:04.377,6.48762,6.48714,1,1.55
11.08.2021 00:56:05.934,6.48763,6.487190000000001,1,1
11.08.2021 00:56:06.035,6.4877,6.48725,1.6,1
11.08.2021 00:56:06.085,6.4877,6.487190000000001,1.1,1
11.08.2021 00:56:06.136,6.4877,6.48723,1.1,1
11.08.2021 00:56:06.236,6.4877,6.487190000000001,1.6,1
11.08.2021 00:56:12.252,6.487690000000001,6.487190000000001,1.6,1
11.08.2021 00:56:13.462,6.4877400000000005,6.48722,1.1,1
11.08.2021 00:56:13.563,6.48772,6.48732,1,1
11.08.2021 00:56:16.560,6.487730000000001,6.487280000000001,1,1.05
11.08.2021 00:56:16.912,6.487730000000001,6.48732,1,1
11.08.2021 00:56:17.013,6.4877400000000005,6.4874,1,1
11.08.2021 00:56:17.114,6.487780000000001,6.4874,1,1
11.08.2021 00:56:19.294,6.4878,6.4874,1.1,1
11.08.2021 00:56:19.395,6.4878100000000005,6.487410000000001,1.1,1
11.08.2021 00:56:19.546,6.487780000000001,6.4874,1.1,1
11.08.2021 00:56:19.597,6.48786,6.4874,1.6,1
11.08.2021 00:56:19.748,6.48789,6.4874,1.6,1
11.08.2021 00:56:19.913,6.4878800000000005,6.4874,1.6,1
11.08.2021 00:56:30.378,6.48784,6.487410000000001,1.15,1
11.08.2021 00:56:30.451,6.48785,6.4873400000000006,1.15,1
11.08.2021 00:56:39.139,6.48779,6.487410000000001,1.1,1
11.08.2021 00:56:40.742,6.487830000000001,6.487410000000001,1.15,1
11.08.2021 00:56:41.192,6.48782,6.48735,1.15,1.5
11.08.2021 00:56:46.930,6.487830000000001,6.4873400000000006,1.15,1.5
11.08.2021 00:56:47.031,6.48771,6.48735,1,1.5
11.08.2021 00:56:47.151,6.48762,6.487280000000001,1,1
11.08.2021 00:56:47.201,6.48756,6.48711,1,1
11.08.2021 00:56:47.252,6.48754,6.48711,1,1.1
11.08.2021 00:56:47.354,6.487430000000001,6.48716,1.5,1
11.08.2021 00:56:47.405,6.487480000000001,6.48716,1,1
11.08.2021 00:56:47.506,6.487590000000001,6.487240000000001,1.1,1
11.08.2021 00:56:47.607,6.48763,6.48725,1,1.5
11.08.2021 00:57:00.381,6.487680000000001,6.487240000000001,1.24,1
11.08.2021 00:57:00.533,6.4877,6.48732,1.09,1
11.08.2021 00:57:11.415,6.487730000000001,6.487330000000001,1.09,1
11.08.2021 00:57:11.517,6.48776,6.48736,1.09,1
11.08.2021 00:57:29.122,6.487690000000001,6.48731,1.09,1.1
11.08.2021 00:57:29.223,6.4877,6.4873,1.09,1.1
11.08.2021 00:57:29.721,6.487690000000001,6.48731,1.09,1.1
11.08.2021 00:57:29.772,6.4877,6.4873,1.09,1.1
11.08.2021 00:57:31.541,6.4877,6.48731,1.09,1.2
11.08.2021 00:57:31.835,6.48772,6.48732,1.09,1.2
11.08.2021 00:57:32.095,6.487730000000001,6.48731,1.09,1.2
11.08.2021 00:57:32.953,6.48772,6.48731,1.09,1.2
11.08.2021 00:57:34.848,6.48772,6.48731,1.09,1.2
11.08.2021 00:57:38.461,6.48772,6.48731,1.09,1.1
11.08.2021 00:57:40.902,6.4877400000000005,6.48737,1.09,1
11.08.2021 00:57:54.823,6.48766,6.48736,1,1
11.08.2021 00:58:00.890,6.48771,6.48736,1.09,1
11.08.2021 00:58:01.452,6.4877,6.48731,1.09,1.1
11.08.2021 00:58:01.507,6.48765,6.48731,1,1.1
11.08.2021 00:58:01.891,6.487640000000001,6.48731,1,1
11.08.2021 00:58:02.016,6.487640000000001,6.48726,1,1.1
11.08.2021 00:58:02.117,6.487640000000001,6.48725,1,1.1
11.08.2021 00:58:02.218,6.48763,6.48723,2.25,1
11.08.2021 00:58:02.268,6.48758,6.48723,1,1
11.08.2021 00:58:02.573,6.48762,6.48723,1,1
11.08.2021 00:58:04.619,6.48763,6.48723,1.5,1
11.08.2021 00:58:05.223,6.487640000000001,6.48725,1.5,1
11.08.2021 00:58:11.610,6.48763,6.48727,1.5,1.1
11.08.2021 00:58:11.789,6.48766,6.48726,1,1.1
11.08.2021 00:58:11.840,6.487730000000001,6.48727,1.59,1.1
11.08.2021 00:58:29.120,6.4877400000000005,6.48732,1.09,1
11.08.2021 00:58:29.602,6.4877400000000005,6.48726,1.09,1.1
11.08.2021 00:58:31.309,6.4877400000000005,6.48726,1.09,1.2
11.08.2021 00:58:31.410,6.48779,6.487330000000001,1,1.1
11.08.2021 00:58:31.461,6.48782,6.48735,1,1.1
11.08.2021 00:58:31.562,6.487830000000001,6.48735,1,1.1
11.08.2021 00:58:35.245,6.487830000000001,6.487380000000001,1,1.2
11.08.2021 00:58:36.262,6.48784,6.48739,1,1.1
11.08.2021 00:58:39.365,6.487830000000001,6.4874,1,1.1
11.08.2021 00:58:44.721,6.4878100000000005,6.4874,1,1
11.08.2021 00:58:44.822,6.4878100000000005,6.48739,1.05,1.1
11.08.2021 00:58:44.923,6.4878100000000005,6.48739,1.05,1.1
11.08.2021 00:58:45.065,6.4878100000000005,6.48737,1.05,1.1
11.08.2021 00:58:47.938,6.48782,6.4873400000000006,1,1.2
11.08.2021 00:58:48.308,6.4878100000000005,6.48735,1,1.2
11.08.2021 00:58:48.446,6.48784,6.4874,1,1
11.08.2021 00:58:48.546,6.48786,6.4874,1.05,1
11.08.2021 00:58:49.128,6.48785,6.487430000000001,1,1.1
11.08.2021 00:58:49.262,6.4878800000000005,6.487430000000001,1.1,1
11.08.2021 00:58:49.363,6.4878800000000005,6.48752,1,1
11.08.2021 00:58:49.413,6.48803,6.4875300000000005,1.6,1
11.08.2021 00:58:49.464,6.48803,6.4875300000000005,1,1.5
11.08.2021 00:58:49.514,6.488040000000001,6.48754,1,1.1
11.08.2021 00:58:49.615,6.48803,6.487590000000001,1,1.1
11.08.2021 00:58:49.723,6.48798,6.487590000000001,1,1.1
11.08.2021 00:58:49.825,6.487900000000001,6.48752,1.5,1.1
11.08.2021 00:58:49.875,6.48797,6.48752,1,1.1
11.08.2021 00:58:49.926,6.48802,6.48751,1.1,1.1
11.08.2021 00:58:49.976,6.48801,6.48754,1,1
11.08.2021 00:58:50.664,6.48792,6.4875300000000005,1,1
11.08.2021 00:58:50.715,6.48792,6.48751,1,1.1
11.08.2021 00:58:50.816,6.48791,6.48751,1,1.1
11.08.2021 00:58:50.981,6.48784,6.48751,1,1.1
11.08.2021 00:58:51.584,6.487830000000001,6.48751,1,1.1
11.08.2021 00:58:54.976,6.487690000000001,6.4873,1,1.5
11.08.2021 00:58:55.027,6.4877,6.48722,1,2
11.08.2021 00:58:55.128,6.4877,6.487190000000001,1,1
11.08.2021 00:58:55.229,6.487690000000001,6.487190000000001,1.5,1
11.08.2021 00:58:59.269,6.487690000000001,6.487240000000001,1,1
11.08.2021 00:58:59.320,6.487730000000001,6.487240000000001,1.5,1
11.08.2021 00:58:59.370,6.487730000000001,6.487290000000001,1.5,1
11.08.2021 00:58:59.621,6.4877400000000005,6.48725,1.5,1
11.08.2021 00:58:59.671,6.487730000000001,6.4873,1.5,1
11.08.2021 00:59:03.581,6.4878,6.487290000000001,1,1
11.08.2021 00:59:03.682,6.48784,6.48735,1,1
11.08.2021 00:59:10.545,6.487830000000001,6.48735,2.25,1
11.08.2021 00:59:19.511,6.487830000000001,6.48736,1,1
11.08.2021 00:59:30.672,6.487830000000001,6.487380000000001,1.5,1
11.08.2021 00:59:52.989,6.487830000000001,6.4874,1,1
11.08.2021 00:59:58.061,6.48785,6.4874,1,1
11.08.2021 01:00:00.230,6.48791,6.48742,1,1
11.08.2021 01:00:00.334,6.48802,6.48749,1.1,1
11.08.2021 01:00:00.435,6.48803,6.48747,1.72,1
11.08.2021 01:00:00.536,6.48802,6.487480000000001,1.72,1
11.08.2021 01:00:01.126,6.48802,6.487480000000001,1.72,1
11.08.2021 01:00:01.227,6.48802,6.487480000000001,1.72,1
11.08.2021 01:00:01.278,6.48802,6.48752,1,1
11.08.2021 01:00:01.328,6.48803,6.48752,1,1
11.08.2021 01:00:01.379,6.48803,6.48756,1.5,1
11.08.2021 01:00:01.480,6.48805,6.48756,1.5,1
11.08.2021 01:00:01.530,6.488080000000001,6.4876000000000005,1,1
11.08.2021 01:00:01.581,6.48812,6.48766,1.5,1
11.08.2021 01:00:01.682,6.48802,6.48761,1,1
11.08.2021 01:00:01.732,6.48802,6.487590000000001,1.5,1
11.08.2021 01:00:01.833,6.48802,6.487590000000001,1.12,1
11.08.2021 01:00:01.934,6.48802,6.487590000000001,1.5,1
11.08.2021 01:00:01.984,6.48802,6.48765,1.5,1
11.08.2021 01:00:02.035,6.488090000000001,6.487680000000001,1,1
11.08.2021 01:00:02.085,6.488160000000001,6.48771,2,1
11.08.2021 01:00:02.186,6.488160000000001,6.4877,1.5,1
11.08.2021 01:00:02.237,6.48815,6.48775,1,1
11.08.2021 01:00:02.411,6.488160000000001,6.48779,1,1
11.08.2021 01:00:02.612,6.488230000000001,6.4878,2.07,1.5
11.08.2021 01:00:02.663,6.488230000000001,6.48789,1.5,1
11.08.2021 01:00:02.915,6.488230000000001,6.48792,1,1
11.08.2021 01:00:03.016,6.48829,6.48794,1.5,1
11.08.2021 01:00:03.167,6.488300000000001,6.48794,1,1
11.08.2021 01:00:03.218,6.48829,6.487990000000001,1,1
11.08.2021 01:00:03.369,6.48826,6.487990000000001,1,1
11.08.2021 01:00:03.420,6.48827,6.48793,1,1
11.08.2021 01:00:03.671,6.488300000000001,6.48793,1.5,1
11.08.2021 01:00:03.772,6.488300000000001,6.48793,1,1
11.08.2021 01:00:03.873,6.48829,6.48794,1.5,1
11.08.2021 01:00:03.977,6.48829,6.48794,1,1
11.08.2021 01:00:04.220,6.488300000000001,6.48794,1,1.5
11.08.2021 01:00:04.271,6.488340000000001,6.488,1,1
11.08.2021 01:00:04.371,6.488440000000001,6.4880700000000004,1,1
11.08.2021 01:00:04.422,6.488440000000001,6.488040000000001,1,1
11.08.2021 01:00:04.523,6.48845,6.487990000000001,1,1
11.08.2021 01:00:04.792,6.488440000000001,6.488,1,1
11.08.2021 01:00:05.065,6.48845,6.487990000000001,1,1
11.08.2021 01:00:05.166,6.488440000000001,6.4879500000000005,1,1
11.08.2021 01:00:05.268,6.48845,6.48794,1,1
11.08.2021 01:00:05.388,6.488440000000001,6.4879500000000005,1,1
11.08.2021 01:00:05.498,6.488440000000001,6.4879500000000005,1,1
11.08.2021 01:00:05.599,6.488440000000001,6.48794,1,1
11.08.2021 01:00:05.700,6.488440000000001,6.4879500000000005,1,1
11.08.2021 01:00:05.750,6.488430000000001,6.48806,1,1
11.08.2021 01:00:05.851,6.48846,6.4880700000000004,1,1
11.08.2021 01:00:06.002,6.48847,6.4881,1,1
11.08.2021 01:00:06.104,6.488440000000001,6.48806,1,1
11.08.2021 01:00:06.205,6.48845,6.4880700000000004,1,1.5
11.08.2021 01:00:06.356,6.48847,6.48812,1,1
11.08.2021 01:00:06.457,6.48852,6.488080000000001,1,1
11.08.2021 01:00:06.608,6.48852,6.48815,1,1
11.08.2021 01:00:06.731,6.48854,6.488250000000001,1,1
11.08.2021 01:00:06.781,6.488530000000001,6.488230000000001,1,1
11.08.2021 01:00:06.832,6.4885600000000005,6.488180000000001,1,1
11.08.2021 01:00:06.933,6.488530000000001,6.488130000000001,1,1
11.08.2021 01:00:06.983,6.488530000000001,6.48815,1,1
11.08.2021 01:00:07.084,6.4885600000000005,6.4880700000000004,1.62,1.1
11.08.2021 01:00:07.135,6.48852,6.488160000000001,1.5,1
11.08.2021 01:00:07.236,6.4885600000000005,6.48817,1.5,2.25
11.08.2021 01:00:07.336,6.488530000000001,6.488130000000001,1.12,1.5
11.08.2021 01:00:07.437,6.488530000000001,6.48812,1.5,1.1
11.08.2021 01:00:07.538,6.48854,6.48806,1.62,1.6
11.08.2021 01:00:07.588,6.48854,6.488040000000001,1.62,1
11.08.2021 01:00:07.689,6.48817,6.48782,1,1
11.08.2021 01:00:07.790,6.48817,6.48806,1,1
11.08.2021 01:00:07.890,6.48847,6.48802,1.1,1.5
11.08.2021 01:00:07.941,6.48837,6.48803,1,1.5
11.08.2021 01:00:07.991,6.48842,6.4880700000000004,1,1
11.08.2021 01:00:08.042,6.48846,6.4880700000000004,1.5,1
11.08.2021 01:00:08.093,6.48847,6.48798,1.12,1
11.08.2021 01:00:08.194,6.488480000000001,6.48803,1.62,1
11.08.2021 01:00:08.345,6.4885,6.4880700000000004,1,2.32
11.08.2021 01:00:08.943,6.488530000000001,6.48806,1.62,2.32
11.08.2021 01:00:10.272,6.488530000000001,6.48806,1.5,2.32
11.08.2021 01:00:10.381,6.488530000000001,6.48815,1.5,1
11.08.2021 01:00:10.583,6.48857,6.48812,1.5,1.5
11.08.2021 01:00:10.684,6.4885,6.4881,1.12,1.1
11.08.2021 01:00:10.784,6.48855,6.4882100000000005,1.5,1
11.08.2021 01:00:10.835,6.48857,6.48817,1.5,1.57
11.08.2021 01:00:11.436,6.48851,6.48812,1,1.5
11.08.2021 01:00:11.537,6.48851,6.48806,1,1
11.08.2021 01:00:11.637,6.48845,6.48797,1,1
11.08.2021 01:00:12.077,6.48846,6.48805,1,1
11.08.2021 01:00:12.178,6.48846,6.48806,1,1
11.08.2021 01:00:12.229,6.4885,6.48805,1,1
11.08.2021 01:00:12.329,6.4884900000000005,6.488040000000001,1,1
11.08.2021 01:00:12.482,6.4884900000000005,6.488040000000001,1.5,1
11.08.2021 01:00:12.602,6.488480000000001,6.48801,1.5,1.1
11.08.2021 01:00:12.702,6.48845,6.48792,1,1
11.08.2021 01:00:12.753,6.48845,6.48796,1,1
11.08.2021 01:00:13.104,6.48845,6.48797,1,1
11.08.2021 01:00:13.205,6.48847,6.48796,1.12,2.32
11.08.2021 01:00:13.306,6.48847,6.48796,1.12,2.35
11.08.2021 01:00:13.431,6.48847,6.48805,1.12,1
11.08.2021 01:00:13.632,6.48847,6.48803,1.12,1.1
11.08.2021 01:00:13.733,6.48847,6.48802,1.5,1
11.08.2021 01:00:13.784,6.48847,6.488,1.5,1
11.08.2021 01:00:14.247,6.48847,6.48802,1.5,1
11.08.2021 01:00:14.349,6.48846,6.48806,1.5,1
11.08.2021 01:00:14.450,6.48847,6.48802,1.5,1.1
11.08.2021 01:00:14.500,6.4883500000000005,6.48802,1,1
11.08.2021 01:00:14.551,6.48847,6.48802,1.5,1
11.08.2021 01:00:14.652,6.48847,6.488,1,1
11.08.2021 01:00:14.871,6.48847,6.48805,1,1
11.08.2021 01:00:15.023,6.48846,6.48803,1,1.1
11.08.2021 01:00:15.124,6.48846,6.48801,1,1.1
11.08.2021 01:00:15.175,6.48846,6.48801,1,1.1
11.08.2021 01:00:15.276,6.488340000000001,6.48803,1,1.1
11.08.2021 01:00:15.327,6.48846,6.48801,1,1.1
11.08.2021 01:00:15.450,6.48847,6.488,1,1.1
11.08.2021 01:00:15.500,6.48847,6.48805,1,1
11.08.2021 01:00:15.907,6.48847,6.48802,1,1.57
11.08.2021 01:00:16.008,6.48847,6.48802,1,1.1
11.08.2021 01:00:16.059,6.48847,6.48805,1,1
11.08.2021 01:00:16.668,6.48847,6.48802,1,1.6
11.08.2021 01:00:16.769,6.48847,6.48805,1,1
11.08.2021 01:00:17.210,6.48847,6.488090000000001,1,1
11.08.2021 01:00:17.311,6.48855,6.488090000000001,1.5,1.1
11.08.2021 01:00:17.362,6.48855,6.48812,1.5,1.1
11.08.2021 01:00:17.462,6.48851,6.48812,1,1
11.08.2021 01:00:17.513,6.48851,6.48805,1,1.57
11.08.2021 01:00:18.127,6.48851,6.48806,1,1
11.08.2021 01:00:18.336,6.48851,6.48806,1.5,1
11.08.2021 01:00:18.446,6.48851,6.48805,1.5,1.57
11.08.2021 01:00:18.833,6.4885,6.4881,1.5,1
11.08.2021 01:00:18.934,6.4885600000000005,6.48812,1.5,1.1
11.08.2021 01:00:19.035,6.4885600000000005,6.488090000000001,1.5,1
11.08.2021 01:00:19.894,6.48854,6.48811,1.5,1.1
11.08.2021 01:00:20.149,6.48851,6.488090000000001,1.5,1
11.08.2021 01:00:21.651,6.4885,6.488040000000001,1.5,1
11.08.2021 01:00:22.056,6.48851,6.48805,1.5,1
11.08.2021 01:00:22.441,6.48851,6.48805,1.5,1.1
11.08.2021 01:00:22.542,6.488530000000001,6.48812,1.5,1.1
11.08.2021 01:00:22.693,6.48854,6.48811,1.5,1.1
11.08.2021 01:00:23.448,6.488530000000001,6.48812,1.5,1.1
11.08.2021 01:00:28.267,6.48836,6.48812,1,1.1
11.08.2021 01:00:28.368,6.48838,6.48803,1,1.5
11.08.2021 01:00:28.469,6.48838,6.48794,1,1
11.08.2021 01:00:28.520,6.48842,6.48796,1,1
11.08.2021 01:00:28.570,6.48842,6.48796,1,1.1
11.08.2021 01:00:28.725,6.488430000000001,6.4879500000000005,1,1.1
11.08.2021 01:00:29.625,6.48842,6.48793,1.5,1.5
11.08.2021 01:00:29.726,6.48838,6.48789,1.12,1
11.08.2021 01:00:30.183,6.48838,6.48797,1.12,1
11.08.2021 01:00:30.403,6.488430000000001,6.48797,1.5,1.1
11.08.2021 01:00:30.632,6.488440000000001,6.48796,1.5,1.1
11.08.2021 01:00:30.682,6.488390000000001,6.48797,1,1.1
11.08.2021 01:00:31.052,6.488390000000001,6.48797,1,1.1
11.08.2021 01:00:37.052,6.48846,6.48798,1.5,1
11.08.2021 01:00:38.694,6.48845,6.487990000000001,1.5,1
11.08.2021 01:00:41.703,6.48845,6.487990000000001,1.5,1
11.08.2021 01:00:42.703,6.48845,6.487990000000001,1.5,1
11.08.2021 01:00:42.754,6.488430000000001,6.48794,1.5,1
11.08.2021 01:00:43.703,6.488430000000001,6.48794,1.5,1
11.08.2021 01:00:43.753,6.488390000000001,6.48791,1.5,1
11.08.2021 01:00:43.804,6.48841,6.48787,2,1
11.08.2021 01:00:44.065,6.48837,6.48785,1.12,1
11.08.2021 01:00:44.166,6.488340000000001,6.4878100000000005,1,1
11.08.2021 01:00:44.231,6.48831,6.487780000000001,1,1
11.08.2021 01:00:44.281,6.48832,6.48779,1,1
11.08.2021 01:00:45.196,6.48829,6.48776,1.1,1.5
11.08.2021 01:00:45.297,6.488250000000001,6.487730000000001,1.1,1
11.08.2021 01:00:45.726,6.48826,6.487690000000001,1.1,1
11.08.2021 01:00:46.247,6.48822,6.487690000000001,1,1.12
11.08.2021 01:00:49.050,6.4882100000000005,6.48762,1.1,1.5
11.08.2021 01:00:49.151,6.488160000000001,6.48762,1,1.5
11.08.2021 01:00:49.252,6.48815,6.48763,1,1
11.08.2021 01:00:49.411,6.4882,6.48765,1.1,1
11.08.2021 01:00:49.512,6.48815,6.48765,1,1
11.08.2021 01:00:49.663,6.48815,6.48765,1,2
11.08.2021 01:00:50.214,6.488160000000001,6.487640000000001,1,1
