Gmt time,Ask,Bid,AskVolume,BidVolume
11.08.2021 00:00:00.122,1.25204,1.2519200000000001,1.6,1
11.08.2021 00:00:00.275,1.2520200000000001,1.2519200000000001,1.1,1.69
11.08.2021 00:00:01.059,1.25203,1.25191,1,1
11.08.2021 00:00:01.160,1.25204,1.25191,3.1,1
11.08.2021 00:00:08.419,1.25203,1.25191,2.32,1
11.08.2021 00:00:08.521,1.25197,1.2518799999999999,1,1
11.08.2021 00:00:08.625,1.25198,1.25187,1,1
11.08.2021 00:00:17.908,1.252,1.2518799999999999,2.25,1.25
11.08.2021 00:00:21.199,1.25199,1.2519,1,1
11.08.2021 00:00:21.950,1.2520200000000001,1.25191,1.5,1
11.08.2021 00:00:22.051,1.2520200000000001,1.2519,1.5,1
11.08.2021 00:00:22.455,1.25203,1.2519200000000001,1.5,1
11.08.2021 00:00:23.108,1.25203,1.2519200000000001,1.1,1
11.08.2021 00:00:23.159,1.2520200000000001,1.2519,1.22,1
11.08.2021 00:00:23.261,1.25199,1.25189,1.6,1
11.08.2021 00:00:23.413,1.25199,1.25187,1.1,1.12
11.08.2021 00:00:23.681,1.25198,1.25187,1.6,1
11.08.2021 00:00:23.782,1.25197,1.2518600000000002,1.1,1
11.08.2021 00:00:25.003,1.25198,1.2518600000000002,1.1,1.5
11.08.2021 00:00:26.624,1.25199,1.25187,1.6,1
11.08.2021 00:00:27.129,1.25199,1.25187,1.6,1
11.08.2021 00:00:28.826,1.25198,1.25187,1.1,1
11.08.2021 00:00:30.089,1.252,1.25189,1.1,1
11.08.2021 00:00:38.475,1.25203,1.2519200000000001,1.1,1
11.08.2021 00:00:39.993,1.25205,1.25193,2.35,1
11.08.2021 00:00:44.065,1.25205,1.25193,2.32,1
11.08.2021 00:00:44.166,1.2520200000000001,1.25194,1.6,1
11.08.2021 00:00:44.268,1.25198,1.25189,1,1
11.08.2021 00:00:44.382,1.25197,1.2518799999999999,1,1
11.08.2021 00:00:44.483,1.25197,1.25189,1.5,1
11.08.2021 00:00:48.724,1.2519600000000002,1.2518799999999999,1.6,1
11.08.2021 00:00:49.285,1.25198,1.2518799999999999,1,1
11.08.2021 00:00:52.585,1.25198,1.25187,1.5,1
11.08.2021 00:00:55.646,1.2519600000000002,1.25187,1,1
11.08.2021 00:00:55.697,1.25198,1.25187,1.5,1
11.08.2021 00:00:56.397,1.2519600000000002,1.25184,1.6,1
11.08.2021 00:00:57.241,1.25198,1.25187,1.5,1
11.08.2021 00:00:57.819,1.2519600000000002,1.2518799999999999,1.6,1
11.08.2021 00:00:57.921,1.2519600000000002,1.25187,1,1
11.08.2021 00:00:58.022,1.2519600000000002,1.2518600000000002,3.45,1
11.08.2021 00:00:58.561,1.25194,1.2518600000000002,1,1
11.08.2021 00:00:58.662,1.2519200000000001,1.2518600000000002,1,1
11.08.2021 00:00:58.763,1.25193,1.25184,1,1
11.08.2021 00:00:59.140,1.25189,1.25183,1,1
11.08.2021 00:00:59.801,1.25189,1.25181,1,1
11.08.2021 00:01:00.842,1.25191,1.2518,1,1
11.08.2021 00:01:03.050,1.2519200000000001,1.2518200000000002,2.35,1
11.08.2021 00:01:03.100,1.2519200000000001,1.2518200000000002,1,1
11.08.2021 00:01:03.811,1.25193,1.2518200000000002,3.45,1
11.08.2021 00:01:03.861,1.2519200000000001,1.25183,1.6,1
11.08.2021 00:01:04.063,1.2519200000000001,1.25183,1.1,1
11.08.2021 00:01:04.114,1.25191,1.25181,1.97,1
11.08.2021 00:01:04.215,1.25193,1.2518200000000002,3.45,1
11.08.2021 00:01:04.467,1.25193,1.2518200000000002,1.22,1
11.08.2021 00:01:04.656,1.2519500000000001,1.25184,1.1,1
11.08.2021 00:01:04.757,1.25194,1.25184,1.1,1
11.08.2021 00:01:05.490,1.2519500000000001,1.25184,1.1,1
11.08.2021 00:01:05.792,1.2519500000000001,1.25184,1.6,1
11.08.2021 00:01:06.059,1.2519500000000001,1.25184,1.5,1
11.08.2021 00:01:06.161,1.25193,1.25183,1,1
11.08.2021 00:01:06.476,1.2519200000000001,1.25183,1,1
11.08.2021 00:01:06.577,1.25193,1.25183,1,1
11.08.2021 00:01:07.326,1.25191,1.25183,1,1
11.08.2021 00:01:10.455,1.2519200000000001,1.25181,1.1,1
11.08.2021 00:01:10.750,1.2519200000000001,1.25181,2.7,1
11.08.2021 00:01:11.008,1.2519200000000001,1.2518200000000002,4.95,1
11.08.2021 00:01:11.262,1.2519200000000001,1.25181,2.7,1
11.08.2021 00:01:11.616,1.25191,1.2518200000000002,1.1,1
11.08.2021 00:01:12.502,1.25191,1.2518,1.5,1
11.08.2021 00:01:14.484,1.25193,1.25184,1.3,1
11.08.2021 00:01:14.585,1.2519500000000001,1.2518600000000002,1.1,1
11.08.2021 00:01:14.686,1.25197,1.2518600000000002,2.35,1
11.08.2021 00:01:15.413,1.25199,1.25187,1.2,1
11.08.2021 00:01:15.514,1.252,1.2518799999999999,2.1,1
11.08.2021 00:01:25.265,1.25199,1.2518799999999999,1.97,1
11.08.2021 00:01:27.058,1.25199,1.2518799999999999,3.45,1
11.08.2021 00:01:27.109,1.25199,1.25187,3.47,1
11.08.2021 00:01:28.116,1.25197,1.25187,1.6,1.5
11.08.2021 00:01:35.231,1.25198,1.2518600000000002,3.47,1
11.08.2021 00:01:37.054,1.25197,1.25187,1.1,1
11.08.2021 00:01:38.630,1.25198,1.25187,1.2,1
11.08.2021 00:01:46.719,1.25197,1.25187,1,1
11.08.2021 00:01:47.025,1.25198,1.25187,1.1,1
11.08.2021 00:01:48.528,1.25201,1.25191,2.72,1
11.08.2021 00:01:48.629,1.25199,1.2519,1.1,1
11.08.2021 00:01:48.732,1.25198,1.25189,1.1,1
11.08.2021 00:01:49.035,1.25199,1.25189,1,1
11.08.2021 00:01:49.136,1.25201,1.2519,1.79,1
11.08.2021 00:01:49.288,1.252,1.25189,1.1,1
11.08.2021 00:01:49.590,1.25199,1.2519,1.57,1
11.08.2021 00:01:50.484,1.252,1.2519200000000001,1,1
11.08.2021 00:01:50.585,1.2520200000000001,1.25191,3.07,1
11.08.2021 00:01:50.686,1.2520200000000001,1.25191,3.1,1
11.08.2021 00:01:50.787,1.25201,1.2519,1.76,1.5
11.08.2021 00:01:50.938,1.25201,1.2519,2.35,1
11.08.2021 00:01:51.039,1.25199,1.2519,1.79,1
11.08.2021 00:01:53.075,1.25201,1.25189,1.6,1.5
11.08.2021 00:01:54.053,1.25201,1.25189,1.57,1.5
11.08.2021 00:01:54.158,1.25201,1.25189,2.35,1.5
11.08.2021 00:01:54.259,1.25201,1.2519,1.1,1.5
11.08.2021 00:01:54.562,1.25201,1.2519200000000001,1.57,1
11.08.2021 00:01:54.842,1.25201,1.25191,1.57,1
11.08.2021 00:01:55.142,1.252,1.25193,1,1.75
11.08.2021 00:01:55.193,1.2520700000000002,1.25197,1,1
11.08.2021 00:01:55.294,1.2521,1.25201,1.8,1
11.08.2021 00:01:55.395,1.2521200000000001,1.252,1.6,1
11.08.2021 00:01:55.496,1.2521200000000001,1.2520200000000001,1.1,1
11.08.2021 00:01:57.446,1.25214,1.25203,1.1,1
11.08.2021 00:01:57.598,1.25218,1.2520600000000002,1.82,1
11.08.2021 00:01:57.700,1.25219,1.2520700000000002,1.6,1
11.08.2021 00:01:57.814,1.25219,1.25209,2.35,1
11.08.2021 00:02:00.719,1.2522,1.25209,1.6,1
11.08.2021 00:02:02.162,1.25219,1.25208,1.1,1
11.08.2021 00:02:02.272,1.25219,1.2520700000000002,1.57,1
11.08.2021 00:02:02.441,1.25218,1.25209,1.1,1
11.08.2021 00:02:02.693,1.2521600000000002,1.25208,1,1
11.08.2021 00:02:02.864,1.25218,1.25209,1.1,1
11.08.2021 00:02:03.575,1.25219,1.2521,1.97,1
11.08.2021 00:02:05.292,1.25219,1.2521,1.2,1
11.08.2021 00:02:06.228,1.25221,1.25209,1.57,1
11.08.2021 00:02:07.341,1.25221,1.2521,1.1,1
11.08.2021 00:02:10.088,1.25214,1.2520600000000002,1.25,1
11.08.2021 00:02:10.190,1.2521,1.2520200000000001,1.75,1
11.08.2021 00:02:10.241,1.2520700000000002,1.25199,1.22,1
11.08.2021 00:02:10.342,1.25209,1.25197,2.85,1
11.08.2021 00:02:10.543,1.2520700000000002,1.2519600000000002,1.1,1
11.08.2021 00:02:10.645,1.2520600000000002,1.2519600000000002,1.1,1
11.08.2021 00:02:11.344,1.2520600000000002,1.2519600000000002,1.5,1
11.08.2021 00:02:12.448,1.25205,1.2519600000000002,1,1
11.08.2021 00:02:12.499,1.25203,1.2519200000000001,1.1,1
11.08.2021 00:02:13.097,1.25203,1.2519200000000001,1.1,1
11.08.2021 00:02:13.198,1.2520200000000001,1.25193,1.1,1
11.08.2021 00:02:14.170,1.2520200000000001,1.25194,1.1,1
11.08.2021 00:02:14.709,1.25204,1.2519200000000001,1.6,1
11.08.2021 00:02:16.356,1.25203,1.25194,1.6,1
11.08.2021 00:02:16.558,1.25203,1.2519200000000001,1.6,1
11.08.2021 00:02:18.418,1.25203,1.25193,1.1,1
11.08.2021 00:02:20.947,1.25203,1.2519500000000001,1,1
11.08.2021 00:02:21.048,1.25204,1.2519500000000001,1.1,1
11.08.2021 00:02:29.107,1.25203,1.25194,1.1,1
11.08.2021 00:02:44.882,1.25203,1.25193,1,1
11.08.2021 00:02:57.797,1.2520200000000001,1.25193,1,1
11.08.2021 00:02:57.898,1.25199,1.2519200000000001,1.1,1
11.08.2021 00:02:59.225,1.25198,1.2518799999999999,1.1,1
11.08.2021 00:02:59.326,1.25197,1.25187,1,1
11.08.2021 00:02:59.427,1.25198,1.25189,1.1,1
11.08.2021 00:02:59.528,1.25199,1.25189,1.1,1
11.08.2021 00:03:00.115,1.252,1.25189,1.1,1
11.08.2021 00:03:00.216,1.252,1.2519,1.57,1
11.08.2021 00:03:00.424,1.25198,1.2518799999999999,1,1
11.08.2021 00:03:06.789,1.2519600000000002,1.25189,1,1
11.08.2021 00:03:07.293,1.25198,1.2518799999999999,1.1,1
11.08.2021 00:03:11.348,1.252,1.25191,1,1
11.08.2021 00:03:11.449,1.25203,1.25194,1.1,1
11.08.2021 00:03:11.551,1.25204,1.25193,1.57,1
11.08.2021 00:03:11.652,1.25205,1.25194,1.95,1
11.08.2021 00:03:13.469,1.2520600000000002,1.2519500000000001,1.97,1
11.08.2021 00:03:18.239,1.2520600000000002,1.25194,2.72,1
11.08.2021 00:03:18.705,1.25205,1.2519500000000001,3.47,1
11.08.2021 00:03:24.055,1.2520600000000002,1.25194,1.95,1
11.08.2021 00:03:26.147,1.2520600000000002,1.2519500000000001,1.2,1
11.08.2021 00:03:31.434,1.25205,1.2519500000000001,1.97,1
11.08.2021 00:03:31.766,1.2520600000000002,1.25194,3.56,1
11.08.2021 00:03:31.867,1.2520600000000002,1.25194,3.69,1
11.08.2021 00:03:33.335,1.25205,1.2519600000000002,2.1,1
11.08.2021 00:03:33.486,1.2520600000000002,1.25194,2.85,1
11.08.2021 00:03:34.097,1.2520600000000002,1.2519500000000001,1.97,1
11.08.2021 00:03:42.099,1.2520600000000002,1.2519500000000001,1.2,1
11.08.2021 00:03:54.625,1.25208,1.25198,1.5,1
11.08.2021 00:03:54.726,1.25211,1.25199,1.65,1
11.08.2021 00:03:54.827,1.25211,1.25201,3.79,1
11.08.2021 00:03:54.979,1.25213,1.2520200000000001,2.91,1
11.08.2021 00:03:55.080,1.25213,1.25201,1.22,1
11.08.2021 00:03:55.282,1.2521200000000001,1.2520200000000001,2.16,1
11.08.2021 00:03:55.484,1.25213,1.2520200000000001,1.41,1
11.08.2021 00:03:55.636,1.2521200000000001,1.2520200000000001,2.29,1
11.08.2021 00:03:56.437,1.25213,1.252,3.04,1
11.08.2021 00:03:58.687,1.25213,1.25201,3.04,1
11.08.2021 00:04:03.324,1.25213,1.25201,2.1,1
11.08.2021 00:04:11.851,1.25214,1.2520200000000001,2.85,1
11.08.2021 00:04:13.977,1.2521600000000002,1.2520600000000002,2.72,1
11.08.2021 00:04:14.078,1.25218,1.25205,3.79,1.5
11.08.2021 00:04:14.882,1.2521700000000002,1.2520700000000002,1.1,1
11.08.2021 00:04:34.558,1.2521700000000002,1.2520600000000002,1.1,1
11.08.2021 00:04:35.674,1.2521700000000002,1.25205,1.6,1
11.08.2021 00:04:35.775,1.2521700000000002,1.2520600000000002,1.1,1
11.08.2021 00:04:43.124,1.25215,1.2520600000000002,1,1
11.08.2021 00:04:43.269,1.2521700000000002,1.2520600000000002,1.1,1
11.08.2021 00:04:58.936,1.25218,1.2520600000000002,1.97,1
11.08.2021 00:05:00.083,1.25218,1.25209,1.1,1
11.08.2021 00:05:00.240,1.2522,1.25208,1.1,1
11.08.2021 00:05:02.223,1.25221,1.25208,3.47,1
11.08.2021 00:05:07.093,1.25221,1.25208,2.72,1
11.08.2021 00:05:07.613,1.2522,1.2521,1.1,1
11.08.2021 00:05:12.222,1.2522,1.25208,1.22,1
11.08.2021 00:05:13.189,1.25218,1.25208,1.1,1
11.08.2021 00:05:20.140,1.25219,1.25208,1,1
11.08.2021 00:05:20.459,1.25219,1.25209,1.57,1
11.08.2021 00:05:20.569,1.25219,1.2521,1.57,1
11.08.2021 00:05:30.498,1.25222,1.25209,2.32,1
11.08.2021 00:05:30.654,1.2522,1.25209,1,1
11.08.2021 00:05:31.550,1.25219,1.25211,1,1
11.08.2021 00:05:34.500,1.25221,1.2521,1.1,1
11.08.2021 00:05:36.384,1.2522,1.2521,1,1
11.08.2021 00:05:37.673,1.2522600000000002,1.2521700000000002,1.1,1
11.08.2021 00:05:38.026,1.2522900000000001,1.2521700000000002,1.6,1
11.08.2021 00:05:38.077,1.2522900000000001,1.25219,1,1
11.08.2021 00:05:38.531,1.25231,1.2522,1.57,1
11.08.2021 00:05:38.636,1.2523600000000001,1.25225,1.5,1
11.08.2021 00:05:38.737,1.2523700000000002,1.2522600000000002,1,1
11.08.2021 00:05:38.939,1.2523700000000002,1.25228,1,1
11.08.2021 00:05:38.990,1.2524,1.25231,3.25,1
11.08.2021 00:05:39.041,1.25241,1.25231,1.57,1.12
11.08.2021 00:05:39.091,1.25242,1.25233,1,1
11.08.2021 00:05:39.488,1.25244,1.25234,1,1
11.08.2021 00:05:39.538,1.25244,1.25232,1,1
11.08.2021 00:05:40.367,1.2524,1.25232,1,1
11.08.2021 00:05:40.417,1.2523700000000002,1.25225,1.76,1.5
11.08.2021 00:05:40.468,1.25233,1.25225,1,1.12
11.08.2021 00:05:40.519,1.25234,1.25222,1.5,1
11.08.2021 00:05:41.247,1.25232,1.25222,1,1
11.08.2021 00:05:41.297,1.25228,1.25218,1,1
11.08.2021 00:05:47.329,1.2523,1.2521700000000002,1,1.5
11.08.2021 00:05:47.380,1.25232,1.25219,1.5,1
11.08.2021 00:05:47.481,1.25232,1.2522,1,1
11.08.2021 00:05:47.757,1.25232,1.25221,1.57,1
11.08.2021 00:05:48.351,1.2522900000000001,1.2521700000000002,1,1
11.08.2021 00:05:48.825,1.2522900000000001,1.25218,1,1
11.08.2021 00:05:49.359,1.25228,1.2522,1,1
11.08.2021 00:05:49.409,1.25232,1.25219,1.5,1
11.08.2021 00:05:53.466,1.25233,1.2522,1.57,1
11.08.2021 00:05:58.211,1.25235,1.25224,2.32,1
11.08.2021 00:05:58.312,1.2523700000000002,1.25224,2.32,1
11.08.2021 00:06:00.250,1.25235,1.25225,1,1
11.08.2021 00:06:00.628,1.2523600000000001,1.25223,2.91,1
11.08.2021 00:06:10.580,1.25234,1.25221,1.87,1
11.08.2021 00:06:10.681,1.25235,1.25222,2.75,1
11.08.2021 00:06:11.301,1.25235,1.25222,1.5,1
11.08.2021 00:06:15.192,1.25234,1.25224,1,1
11.08.2021 00:06:19.846,1.2523600000000001,1.25223,1.5,1
11.08.2021 00:06:24.200,1.2523600000000001,1.25224,1,1
11.08.2021 00:06:30.487,1.25235,1.25224,1,1
11.08.2021 00:06:30.589,1.25234,1.25223,1,1
11.08.2021 00:06:37.498,1.25235,1.25224,1.87,1
11.08.2021 00:06:46.701,1.25235,1.25222,1,1.5
11.08.2021 00:06:47.776,1.25234,1.25222,1,1
11.08.2021 00:06:47.987,1.25233,1.25222,1,1
11.08.2021 00:06:48.038,1.25232,1.2522,1.12,1
11.08.2021 00:06:51.085,1.2523,1.2522,1,1
11.08.2021 00:06:53.409,1.2523,1.25221,1,1
11.08.2021 00:06:53.510,1.25232,1.2522,1,1
11.08.2021 00:07:10.358,1.25233,1.25222,1,1
11.08.2021 00:07:15.123,1.25233,1.25223,1,1
11.08.2021 00:07:15.225,1.25234,1.25223,1,1
11.08.2021 00:07:16.901,1.25234,1.25221,1,1.97
11.08.2021 00:07:18.473,1.25234,1.25221,1,1.95
11.08.2021 00:07:26.599,1.25234,1.25221,1,1.79
11.08.2021 00:07:26.700,1.25235,1.25222,1.5,1.1
11.08.2021 00:07:26.970,1.2523600000000001,1.25223,1.5,1.57
11.08.2021 00:07:28.832,1.2523600000000001,1.25224,1,1
11.08.2021 00:07:28.934,1.25238,1.25225,1.87,1
11.08.2021 00:07:32.921,1.2523600000000001,1.25225,1,3.64
11.08.2021 00:07:32.973,1.2523700000000002,1.2522700000000002,1,1
11.08.2021 00:07:33.024,1.2523900000000001,1.2522900000000001,1,1
11.08.2021 00:07:33.125,1.25241,1.25228,1,1.5
11.08.2021 00:07:33.176,1.25243,1.2523,1.5,1
11.08.2021 00:07:33.279,1.25233,1.25224,1,1
11.08.2021 00:07:33.380,1.25234,1.25223,1,1.57
11.08.2021 00:07:39.326,1.2523700000000002,1.2522600000000002,1.5,1
11.08.2021 00:07:39.428,1.25241,1.25228,1.95,1
11.08.2021 00:07:43.145,1.2523900000000001,1.2522900000000001,1,1
11.08.2021 00:07:43.196,1.2523700000000002,1.25224,1.5,1.1
11.08.2021 00:07:45.017,1.25235,1.25224,1,1.1
11.08.2021 00:07:45.319,1.2523600000000001,1.25224,1,1
11.08.2021 00:07:45.420,1.2523700000000002,1.25224,1.5,1
11.08.2021 00:07:47.432,1.2523700000000002,1.25223,1.5,1.76
11.08.2021 00:07:47.878,1.2523600000000001,1.25225,1.5,1
11.08.2021 00:07:48.807,1.2523700000000002,1.25225,1,1.1
11.08.2021 00:07:48.908,1.2523700000000002,1.25224,1,1.1
11.08.2021 00:07:50.560,1.2523600000000001,1.25223,1,2.16
11.08.2021 00:07:51.061,1.2523600000000001,1.25225,1.5,1.1
11.08.2021 00:07:53.148,1.2523600000000001,1.25223,1,2.16
11.08.2021 00:07:54.137,1.2523700000000002,1.25224,1.5,1.1
11.08.2021 00:07:54.250,1.2523600000000001,1.25223,1,2.16
11.08.2021 00:07:55.021,1.2523600000000001,1.25223,1,1.1
11.08.2021 00:08:04.368,1.25235,1.25222,1,1.1
11.08.2021 00:08:27.148,1.25235,1.25222,1,1.1
11.08.2021 00:08:28.928,1.25235,1.25222,1,1.1
11.08.2021 00:08:29.079,1.2523600000000001,1.25223,1,1.6
11.08.2021 00:08:29.239,1.2523600000000001,1.25223,1.5,1.1
11.08.2021 00:08:33.193,1.25235,1.25222,1,1.6
11.08.2021 00:08:39.361,1.25234,1.25222,1.5,1.6
11.08.2021 00:08:39.874,1.25233,1.25222,1,1.1
11.08.2021 00:08:39.925,1.25231,1.2522,1,1.57
11.08.2021 00:08:44.973,1.25233,1.25219,1.5,1.57
11.08.2021 00:08:46.136,1.25231,1.25219,1,1.2
11.08.2021 00:08:46.237,1.25228,1.25218,1,1
11.08.2021 00:09:00.120,1.2523,1.2521700000000002,1,1.1
11.08.2021 00:09:00.222,1.2523,1.25219,1.5,1.1
11.08.2021 00:09:01.582,1.25231,1.25221,1,1
11.08.2021 00:09:01.683,1.25233,1.2522,1.5,1.1
11.08.2021 00:09:04.570,1.25232,1.25222,1,1
11.08.2021 00:09:09.816,1.25235,1.25222,1.5,1
11.08.2021 00:09:09.917,1.25234,1.25224,1,1
11.08.2021 00:09:14.888,1.25235,1.25221,1.5,1.1
11.08.2021 00:09:14.990,1.25234,1.25222,2.12,1
11.08.2021 00:09:20.162,1.25234,1.2522,1.25,1.57
11.08.2021 00:09:20.275,1.25234,1.25221,1.25,1
11.08.2021 00:09:27.228,1.25235,1.25222,1.5,1
11.08.2021 00:09:31.035,1.25233,1.25222,1,1
11.08.2021 00:09:33.627,1.25234,1.25222,1,1
11.08.2021 00:09:36.192,1.25234,1.25221,1.5,1.1
11.08.2021 00:09:37.004,1.25233,1.25223,1,1
11.08.2021 00:09:37.105,1.25235,1.25222,1,1
11.08.2021 00:09:37.206,1.2523600000000001,1.25225,1,1
11.08.2021 00:09:39.226,1.2523600000000001,1.25224,1,1
11.08.2021 00:09:43.296,1.25234,1.25223,1,1.1
11.08.2021 00:09:43.498,1.25234,1.25222,1,1
11.08.2021 00:10:12.243,1.25235,1.25222,1.5,1
11.08.2021 00:10:33.816,1.25231,1.25219,1.25,1
11.08.2021 00:10:33.917,1.25231,1.2522,1.31,1
11.08.2021 00:10:34.069,1.25233,1.25223,1,1
11.08.2021 00:10:34.171,1.25234,1.25224,1.25,1
11.08.2021 00:10:35.157,1.25235,1.25225,1.25,1
11.08.2021 00:10:35.747,1.25234,1.25225,1.25,1
11.08.2021 00:10:35.848,1.25235,1.25223,1.25,1
11.08.2021 00:10:37.372,1.25234,1.25224,1.25,1
11.08.2021 00:10:37.474,1.25235,1.25223,1.25,1
11.08.2021 00:10:40.658,1.2523700000000002,1.2522600000000002,1.76,1
11.08.2021 00:10:44.481,1.2523600000000001,1.2522600000000002,1,1
11.08.2021 00:10:48.700,1.25235,1.2522600000000002,1,1
11.08.2021 00:10:50.760,1.25234,1.25225,1,1
11.08.2021 00:11:03.691,1.25235,1.2522600000000002,1,1
11.08.2021 00:11:03.742,1.2523700000000002,1.2522600000000002,2.51,1
11.08.2021 00:11:18.104,1.2524,1.2522700000000002,3.04,1
11.08.2021 00:11:18.212,1.2524,1.25228,3.01,1
11.08.2021 00:11:18.474,1.2524,1.25228,2.7,1
11.08.2021 00:11:19.464,1.2523900000000001,1.2522900000000001,2.82,1
11.08.2021 00:11:22.079,1.25241,1.25231,1.6,1
11.08.2021 00:11:22.489,1.25241,1.25231,1.1,1
11.08.2021 00:11:23.006,1.25244,1.25232,1.2,1.5
11.08.2021 00:11:23.111,1.25245,1.25234,2.14,1
11.08.2021 00:11:24.311,1.25243,1.25235,1.2,1
11.08.2021 00:11:24.412,1.25244,1.25233,1.39,1
11.08.2021 00:11:27.081,1.25244,1.25232,1.39,1
11.08.2021 00:11:27.182,1.2524,1.25228,2.82,1
11.08.2021 00:11:27.542,1.2523900000000001,1.2522900000000001,1.95,1
11.08.2021 00:11:29.971,1.2524,1.25228,3.01,1
11.08.2021 00:11:32.562,1.2523900000000001,1.2523,2.26,1
11.08.2021 00:11:35.975,1.2524,1.25228,2.26,1.5
11.08.2021 00:11:47.779,1.2524,1.2522900000000001,1.57,1
11.08.2021 00:11:47.880,1.25241,1.25232,2.29,1
11.08.2021 00:11:48.107,1.25242,1.25232,2.26,1
11.08.2021 00:11:48.208,1.25243,1.25232,2.54,1
11.08.2021 00:11:56.183,1.25242,1.25233,2.14,1
11.08.2021 00:11:59.463,1.25243,1.25231,2.14,1
11.08.2021 00:12:07.969,1.25242,1.25234,1,1
11.08.2021 00:12:08.070,1.25245,1.25234,2.62,1
11.08.2021 00:12:08.120,1.2524700000000002,1.2523700000000002,1,1
11.08.2021 00:12:08.171,1.25251,1.2523700000000002,2.16,1.5
11.08.2021 00:12:08.276,1.25251,1.2523900000000001,1.41,1
11.08.2021 00:12:08.853,1.2525000000000002,1.2523900000000001,1.41,1
11.08.2021 00:12:08.984,1.25249,1.2523900000000001,1.41,1
11.08.2021 00:12:09.085,1.25249,1.2524,1.41,1
11.08.2021 00:12:09.313,1.25249,1.2524,1.39,1.5
11.08.2021 00:12:10.930,1.25249,1.25238,1,1
11.08.2021 00:12:11.032,1.25249,1.2523900000000001,1.39,1.5
11.08.2021 00:12:18.936,1.25248,1.2523900000000001,1,1
11.08.2021 00:12:19.326,1.25252,1.2524,2.29,1
11.08.2021 00:12:19.478,1.25251,1.2524,1.39,1
11.08.2021 00:12:19.580,1.25249,1.25241,1,1
11.08.2021 00:12:23.227,1.25248,1.25241,1,1
11.08.2021 00:12:26.006,1.2525000000000002,1.2524,1.25,1
11.08.2021 00:12:27.111,1.25248,1.25235,2.26,1.5
11.08.2021 00:12:27.263,1.2524700000000002,1.2523700000000002,1.51,1
11.08.2021 00:12:28.039,1.25251,1.2524,1.1,1
11.08.2021 00:12:28.566,1.25251,1.2524,1.1,1
11.08.2021 00:12:31.428,1.25251,1.25238,1.6,1
11.08.2021 00:12:31.864,1.2525000000000002,1.2524,1.97,1
11.08.2021 00:12:32.442,1.25251,1.25241,1.39,1
11.08.2021 00:12:33.251,1.25251,1.2524,1,1
11.08.2021 00:12:34.122,1.25251,1.25241,1.12,1
11.08.2021 00:12:34.673,1.25251,1.2524,1,1
11.08.2021 00:12:37.708,1.25251,1.25241,1.12,1
11.08.2021 00:12:41.082,1.25251,1.2524,1,1
11.08.2021 00:12:44.747,1.25252,1.2524,1,1
11.08.2021 00:12:56.671,1.25251,1.2524,1,1
11.08.2021 00:12:56.772,1.25252,1.2524,1,1
11.08.2021 00:12:56.876,1.25251,1.2524,1,1
11.08.2021 00:13:06.070,1.25252,1.2524,1.12,1
11.08.2021 00:13:12.494,1.25251,1.2524,1.12,1.5
11.08.2021 00:13:26.844,1.25252,1.25241,1.12,1
11.08.2021 00:13:38.123,1.25253,1.25242,2,1
11.08.2021 00:13:38.432,1.25252,1.25242,1,3
11.08.2021 00:13:38.534,1.25254,1.25243,2.62,1
11.08.2021 00:13:38.635,1.25254,1.25242,2.7,1
11.08.2021 00:13:39.561,1.25252,1.25242,1,1
11.08.2021 00:13:39.792,1.25254,1.25242,2.32,1
11.08.2021 00:13:43.786,1.25252,1.25242,1,1.5
11.08.2021 00:13:43.887,1.25251,1.25242,1,1.5
11.08.2021 00:13:47.121,1.25252,1.2524,1.12,1.5
11.08.2021 00:13:55.009,1.25252,1.2523900000000001,1.12,1.5
11.08.2021 00:13:55.129,1.25251,1.25241,1.12,1
11.08.2021 00:13:58.332,1.25252,1.2523900000000001,1.5,1.5
11.08.2021 00:14:18.104,1.25251,1.2523900000000001,1,1
11.08.2021 00:14:18.257,1.25251,1.2524,1.57,1.5
11.08.2021 00:14:27.767,1.25252,1.2524,1.57,1
11.08.2021 00:14:35.363,1.25253,1.25242,1.12,1
11.08.2021 00:14:36.971,1.25254,1.25242,1.95,1
11.08.2021 00:14:37.434,1.25254,1.25245,1.5,1
11.08.2021 00:14:37.535,1.25253,1.25245,1,1
11.08.2021 00:14:37.889,1.25255,1.25244,1,1
11.08.2021 00:14:38.090,1.25254,1.25244,1,1
11.08.2021 00:14:38.314,1.25253,1.25241,1,1
11.08.2021 00:14:38.836,1.25251,1.25242,1,1
11.08.2021 00:14:40.873,1.25253,1.25241,2.14,1.5
11.08.2021 00:14:41.024,1.25252,1.25241,1,1
11.08.2021 00:14:47.912,1.25254,1.2524600000000001,1,1
11.08.2021 00:14:48.013,1.25258,1.25248,1,1
11.08.2021 00:14:48.114,1.25259,1.25249,1,1
11.08.2021 00:14:48.319,1.25259,1.2525000000000002,1.12,1
11.08.2021 00:14:49.308,1.2526000000000002,1.25251,1,1
11.08.2021 00:14:49.359,1.25266,1.25255,1,1
11.08.2021 00:14:49.460,1.25266,1.2525600000000001,1,1
11.08.2021 00:14:49.561,1.25266,1.25255,1,1
11.08.2021 00:14:49.662,1.25268,1.25255,1.1,1
11.08.2021 00:14:49.763,1.25268,1.2525600000000001,1.1,1
11.08.2021 00:15:00.570,1.2526700000000002,1.25258,2.62,1
11.08.2021 00:15:00.621,1.2526700000000002,1.25255,1.12,1
11.08.2021 00:15:01.163,1.25268,1.2525700000000002,1.5,1
11.08.2021 00:15:02.462,1.2526700000000002,1.2525700000000002,1,1
11.08.2021 00:15:05.048,1.2526700000000002,1.2525600000000001,1.5,1.5
11.08.2021 00:15:05.790,1.25264,1.25253,1,1
11.08.2021 00:15:05.840,1.25262,1.25252,1,1
11.08.2021 00:15:06.503,1.25261,1.25251,1,1
11.08.2021 00:15:06.604,1.25261,1.2525000000000002,1.5,1
11.08.2021 00:15:08.398,1.25261,1.25252,1,1
11.08.2021 00:15:16.034,1.25262,1.2525000000000002,1,1
11.08.2021 00:15:18.320,1.25261,1.25249,1.12,1
11.08.2021 00:15:20.061,1.2526000000000002,1.25249,1,1
11.08.2021 00:15:33.419,1.25261,1.25249,1.12,1
11.08.2021 00:15:33.690,1.25261,1.2525000000000002,1.12,1
11.08.2021 00:15:34.944,1.25263,1.25251,1,1.5
11.08.2021 00:15:35.095,1.25264,1.25251,1.5,1.5
11.08.2021 00:15:35.476,1.25264,1.25252,1,1
11.08.2021 00:15:41.763,1.25262,1.25251,1,1
11.08.2021 00:15:41.865,1.25261,1.25251,1,1
11.08.2021 00:15:44.228,1.25262,1.2525000000000002,1,1
11.08.2021 00:15:44.330,1.25262,1.25251,1,1
11.08.2021 00:15:50.746,1.25261,1.25251,1,1
11.08.2021 00:15:50.847,1.25261,1.2525000000000002,1,1
11.08.2021 00:15:56.230,1.25255,1.2524700000000002,1.5,1
11.08.2021 00:15:56.281,1.25254,1.25243,1.5,1
11.08.2021 00:15:56.382,1.25252,1.25243,1,1
11.08.2021 00:16:00.192,1.25253,1.25241,1,1
11.08.2021 00:16:04.373,1.25252,1.25241,1.5,1.5
11.08.2021 00:16:04.622,1.25253,1.25241,1,1
11.08.2021 00:16:11.114,1.25253,1.2524,1.5,1.5
11.08.2021 00:16:26.292,1.25252,1.2523900000000001,1,1.5
11.08.2021 00:16:32.603,1.25252,1.2524,1.5,1
11.08.2021 00:16:55.688,1.25252,1.25241,1,1
11.08.2021 00:17:03.511,1.25251,1.25241,1,1.5
11.08.2021 00:17:08.211,1.25251,1.2524,1,1
11.08.2021 00:17:11.075,1.2525000000000002,1.2524,1,1
11.08.2021 00:17:11.283,1.25251,1.2524,1,1
11.08.2021 00:17:12.127,1.2525000000000002,1.2523900000000001,1,1.12
11.08.2021 00:17:19.445,1.25248,1.2524,1,1
11.08.2021 00:17:21.459,1.2525000000000002,1.2523900000000001,1,1
11.08.2021 00:17:23.038,1.2525000000000002,1.25238,1.5,1.1
11.08.2021 00:17:26.288,1.2525000000000002,1.2523700000000002,1.5,1.95
11.08.2021 00:17:26.735,1.25249,1.2523900000000001,1,1
11.08.2021 00:17:28.437,1.25249,1.25238,1,1
11.08.2021 00:17:33.920,1.25248,1.2523600000000001,1,2.89
11.08.2021 00:18:07.504,1.25248,1.25238,1,1.57
11.08.2021 00:18:23.403,1.25255,1.25244,2.37,1
11.08.2021 00:18:23.455,1.2525600000000001,1.25244,1,1.1
11.08.2021 00:18:23.607,1.2525600000000001,1.25245,1.5,1.6
11.08.2021 00:18:24.514,1.25251,1.25241,1,2.7
11.08.2021 00:18:24.616,1.2525000000000002,1.25241,1,1.5
11.08.2021 00:18:24.667,1.2525000000000002,1.25238,1.5,1.1
11.08.2021 00:18:40.394,1.2525000000000002,1.2523700000000002,1.5,1.76
11.08.2021 00:18:42.326,1.2524700000000002,1.25238,1.5,1
11.08.2021 00:18:42.427,1.2524700000000002,1.2523700000000002,1.5,1.01
11.08.2021 00:18:43.764,1.25249,1.2523700000000002,1.5,1
11.08.2021 00:18:48.252,1.25249,1.2523700000000002,1.5,1.57
11.08.2021 00:18:48.451,1.25249,1.2523700000000002,1,1.57
11.08.2021 00:18:52.503,1.25249,1.2523600000000001,1.5,2.89
11.08.2021 00:18:57.417,1.25249,1.2523700000000002,1.5,1
11.08.2021 00:18:57.618,1.25248,1.2523700000000002,1.5,1.76
11.08.2021 00:18:59.645,1.25249,1.2523700000000002,1.5,1
11.08.2021 00:19:00.766,1.25248,1.2523700000000002,1,1
11.08.2021 00:19:01.113,1.25249,1.2523700000000002,1.5,1
11.08.2021 00:19:01.265,1.25248,1.2523700000000002,1,1
11.08.2021 00:19:01.657,1.25248,1.25238,1,1
11.08.2021 00:19:01.860,1.25248,1.2523600000000001,1,1.1
11.08.2021 00:19:02.649,1.2524700000000002,1.25238,1,1
11.08.2021 00:19:04.192,1.25248,1.2523600000000001,1.5,1.1
11.08.2021 00:19:07.221,1.25249,1.2523700000000002,1.5,1
11.08.2021 00:19:10.044,1.2525000000000002,1.2523700000000002,1.5,1
11.08.2021 00:19:14.331,1.25248,1.2523700000000002,1,1
11.08.2021 00:19:14.925,1.25248,1.25238,1.5,1
11.08.2021 00:19:18.753,1.2525000000000002,1.25238,1.5,1
11.08.2021 00:19:54.761,1.25249,1.2523700000000002,1,1.1
11.08.2021 00:20:06.029,1.25248,1.25242,1,1.5
11.08.2021 00:20:06.081,1.25253,1.25243,1,1.1
11.08.2021 00:20:06.232,1.25252,1.25242,1,1
11.08.2021 00:20:06.333,1.25251,1.25242,1,1
11.08.2021 00:20:12.192,1.25251,1.25241,1.5,1
11.08.2021 00:20:13.309,1.25251,1.2524,1,1
11.08.2021 00:20:18.192,1.25251,1.2523900000000001,1.5,1
11.08.2021 00:20:35.836,1.25252,1.25241,1,1
11.08.2021 00:20:36.735,1.25252,1.25242,1.5,1.5
11.08.2021 00:20:48.699,1.25252,1.25241,1,1.1
11.08.2021 00:20:48.801,1.2525000000000002,1.25241,1,1
11.08.2021 00:20:49.302,1.25251,1.2523900000000001,1,1.39
11.08.2021 00:20:49.403,1.25252,1.2524,1,1
11.08.2021 00:20:50.017,1.2525000000000002,1.25241,1,1.25
11.08.2021 00:20:53.510,1.25251,1.25241,1,1.25
11.08.2021 00:20:59.851,1.2525000000000002,1.2524,1,1
11.08.2021 00:21:02.541,1.25249,1.2523900000000001,1.5,1
11.08.2021 00:21:02.845,1.2525000000000002,1.2523900000000001,1,1
11.08.2021 00:21:02.946,1.2525700000000002,1.25245,2,1
11.08.2021 00:21:03.047,1.2525600000000001,1.2524600000000001,1.5,1
11.08.2021 00:21:03.149,1.25254,1.2524600000000001,1,1
11.08.2021 00:21:03.250,1.25255,1.25243,1.5,1.2
11.08.2021 00:21:12.500,1.25253,1.25241,1,1
11.08.2021 00:21:12.619,1.25255,1.25244,1,1
11.08.2021 00:21:18.192,1.25255,1.25243,1.5,1
11.08.2021 00:21:21.125,1.25254,1.25242,1,1.1
11.08.2021 00:21:21.261,1.25254,1.25244,1.5,1
11.08.2021 00:21:25.499,1.25255,1.25245,1,1
11.08.2021 00:21:27.619,1.2525600000000001,1.25244,1.5,1.5
11.08.2021 00:21:27.720,1.2525600000000001,1.25244,1.5,1.5
11.08.2021 00:21:27.822,1.2525600000000001,1.25244,1.5,1
11.08.2021 00:21:33.240,1.25255,1.25243,1,1.1
11.08.2021 00:21:33.742,1.25251,1.25242,1,1.1
11.08.2021 00:21:38.182,1.25251,1.25241,1,1
11.08.2021 00:21:38.719,1.25251,1.25242,1,1
11.08.2021 00:21:38.820,1.2525700000000002,1.25245,2.37,1
11.08.2021 00:21:38.922,1.2525600000000001,1.2524600000000001,1.5,1
11.08.2021 00:21:41.006,1.2525700000000002,1.2524700000000002,1.5,1
11.08.2021 00:21:51.245,1.2525700000000002,1.25245,1,1.6
11.08.2021 00:21:51.346,1.2525700000000002,1.2524700000000002,1.5,1.1
11.08.2021 00:21:53.989,1.2525700000000002,1.25245,2.25,1
11.08.2021 00:22:08.071,1.2525600000000001,1.25245,1,1
11.08.2021 00:22:08.835,1.25255,1.25243,1,1.1
11.08.2021 00:22:08.886,1.25251,1.2523900000000001,1.5,1.1
11.08.2021 00:22:09.919,1.25252,1.2524,1.5,1.1
11.08.2021 00:22:22.460,1.25251,1.25242,1,1
11.08.2021 00:22:22.511,1.2525600000000001,1.25244,1.5,1
11.08.2021 00:22:23.783,1.2525700000000002,1.25245,1.5,1
11.08.2021 00:22:23.894,1.2525600000000001,1.25244,1.5,1
11.08.2021 00:22:25.072,1.2525600000000001,1.25245,1.5,1.1
11.08.2021 00:22:25.481,1.2525600000000001,1.25244,1,1.1
11.08.2021 00:22:26.921,1.2525700000000002,1.25244,2.25,1
11.08.2021 00:22:27.024,1.25255,1.25245,1,1.1
11.08.2021 00:22:28.313,1.25255,1.25243,1,1.1
11.08.2021 00:22:28.962,1.25251,1.25241,1.5,1.1
11.08.2021 00:22:29.064,1.25251,1.2523900000000001,1,1.1
11.08.2021 00:22:32.158,1.2525000000000002,1.2524,1,1.1
11.08.2021 00:22:38.886,1.25252,1.2524,1,1.1
11.08.2021 00:22:41.620,1.25252,1.25241,1.5,1.1
11.08.2021 00:22:45.120,1.25251,1.25241,1,1.1
11.08.2021 00:22:49.255,1.25251,1.25242,1,1
11.08.2021 00:22:49.688,1.25253,1.25241,1.5,1
11.08.2021 00:22:54.344,1.25252,1.25241,1,1
11.08.2021 00:23:05.180,1.25253,1.25242,1,1
11.08.2021 00:23:05.281,1.25252,1.25242,1.5,1
11.08.2021 00:23:19.689,1.25252,1.25243,1,1
11.08.2021 00:23:20.752,1.2525000000000002,1.25243,1,1
11.08.2021 00:23:30.192,1.2525000000000002,1.25242,1,1
11.08.2021 00:23:35.152,1.25252,1.25242,1,1
11.08.2021 00:23:35.254,1.25253,1.25243,2.37,1
11.08.2021 00:23:35.355,1.25254,1.25242,1.5,1
11.08.2021 00:23:39.975,1.25254,1.25242,1.5,1
11.08.2021 00:23:40.137,1.25253,1.25243,1,1
11.08.2021 00:23:40.634,1.25253,1.25248,1,1
11.08.2021 00:23:40.685,1.25258,1.2524700000000002,1,1
11.08.2021 00:23:43.198,1.25258,1.25248,1,1
11.08.2021 00:23:44.381,1.2525700000000002,1.2525000000000002,1,1
11.08.2021 00:23:47.770,1.2525700000000002,1.2524600000000001,1,1.1
11.08.2021 00:23:47.898,1.2525700000000002,1.25249,1,1
11.08.2021 00:23:58.962,1.25258,1.2524700000000002,1,1
11.08.2021 00:24:00.985,1.2525700000000002,1.25249,1,1
11.08.2021 00:24:01.136,1.25258,1.2524700000000002,1,1
11.08.2021 00:24:01.678,1.25258,1.25248,1,1
11.08.2021 00:24:10.558,1.25259,1.25248,1,1
11.08.2021 00:24:35.018,1.25258,1.2525000000000002,1,1
11.08.2021 00:24:35.069,1.25263,1.25252,1,1
11.08.2021 00:24:35.170,1.25263,1.25253,1.88,1
11.08.2021 00:24:36.414,1.25266,1.25254,1.5,1
11.08.2021 00:24:36.515,1.25266,1.25255,1,1
11.08.2021 00:24:38.201,1.25265,1.25253,3,1
11.08.2021 00:24:39.824,1.25265,1.25254,1,1
11.08.2021 00:24:44.283,1.25265,1.25253,1,1
11.08.2021 00:24:48.041,1.25266,1.25254,1.5,1
11.08.2021 00:24:56.090,1.25266,1.25255,1,1
11.08.2021 00:24:56.191,1.2526700000000002,1.25255,1.5,1
11.08.2021 00:24:56.958,1.25266,1.2525700000000002,1,1
11.08.2021 00:25:25.102,1.25266,1.25255,1,1
11.08.2021 00:25:30.239,1.25266,1.25254,1.5,1
11.08.2021 00:25:32.791,1.25266,1.25255,1,1
11.08.2021 00:25:35.290,1.2526700000000002,1.25255,2.25,1
11.08.2021 00:25:54.757,1.25268,1.2525600000000001,1,2.25
11.08.2021 00:25:54.808,1.2527000000000001,1.25258,1.5,1
11.08.2021 00:25:54.960,1.2527000000000001,1.2526000000000002,1.5,1.5
11.08.2021 00:25:55.011,1.25273,1.25262,1,1
11.08.2021 00:25:55.113,1.25273,1.25263,1.5,1
11.08.2021 00:26:00.201,1.25274,1.25263,1,1
11.08.2021 00:26:13.958,1.25269,1.25259,1,1
11.08.2021 00:26:14.009,1.25268,1.25258,1.5,1.1
11.08.2021 00:26:16.133,1.2526700000000002,1.25258,1,1
11.08.2021 00:26:16.691,1.25268,1.2525600000000001,1.5,1.1
11.08.2021 00:26:16.908,1.2526700000000002,1.25258,1.5,1
11.08.2021 00:26:24.027,1.2526700000000002,1.2525700000000002,1.5,1.1
11.08.2021 00:26:35.021,1.2526700000000002,1.25258,1,1
11.08.2021 00:26:35.071,1.25271,1.2526000000000002,1.5,1
11.08.2021 00:26:35.329,1.25273,1.25261,1,1
11.08.2021 00:26:36.270,1.25274,1.25263,1.5,1.5
11.08.2021 00:26:36.372,1.25275,1.25263,1.5,1
11.08.2021 00:26:52.415,1.25276,1.25264,1.5,1
11.08.2021 00:27:06.889,1.25279,1.2526700000000002,1,1
11.08.2021 00:27:10.452,1.25275,1.25264,1,1
11.08.2021 00:27:10.554,1.25275,1.25263,1.5,1.1
11.08.2021 00:27:12.100,1.25274,1.25263,1,1
11.08.2021 00:27:17.183,1.25274,1.25262,1,1.57
11.08.2021 00:27:19.188,1.25275,1.25264,1,1
11.08.2021 00:27:19.401,1.25274,1.25264,1.5,1
11.08.2021 00:27:34.694,1.25274,1.25262,1,1.6
11.08.2021 00:27:36.924,1.25274,1.25262,1,1.57
11.08.2021 00:28:44.133,1.25271,1.25262,1,1
11.08.2021 00:28:49.313,1.25272,1.25263,1,1
11.08.2021 00:28:57.063,1.25272,1.25262,1,1
11.08.2021 00:28:57.591,1.25272,1.25263,1,1
11.08.2021 00:28:59.392,1.25272,1.25262,1,1
11.08.2021 00:29:18.368,1.25271,1.25262,1,1
11.08.2021 00:29:27.394,1.25272,1.25263,1.5,1
11.08.2021 00:30:00.527,1.25273,1.25261,1.5,1
11.08.2021 00:30:03.079,1.25273,1.25262,1,1
11.08.2021 00:30:20.098,1.25272,1.25261,1,1
11.08.2021 00:30:39.963,1.2526700000000002,1.2525600000000001,1.5,1.2
11.08.2021 00:30:40.064,1.25264,1.2525700000000002,1,1
11.08.2021 00:30:40.166,1.25265,1.25255,1,1.1
11.08.2021 00:30:46.408,1.25264,1.25255,1,1.1
11.08.2021 00:33:07.763,1.25263,1.25254,1.1,1
11.08.2021 00:33:07.814,1.2525700000000002,1.25249,1,1
11.08.2021 00:33:07.966,1.2525700000000002,1.25248,1,1
11.08.2021 00:33:50.349,1.25258,1.2524700000000002,1.5,1
11.08.2021 00:33:50.554,1.25258,1.2524700000000002,1,1
11.08.2021 00:33:56.879,1.2525700000000002,1.2524700000000002,1.5,1
11.08.2021 00:34:01.172,1.25258,1.2524700000000002,1.5,1
11.08.2021 00:34:19.379,1.25261,1.2525000000000002,1,1
11.08.2021 00:34:19.762,1.25259,1.25251,1,1
11.08.2021 00:34:19.814,1.25258,1.25249,1,1
11.08.2021 00:34:24.907,1.25258,1.2525000000000002,1,1
11.08.2021 00:34:31.778,1.2525700000000002,1.25248,1,1
11.08.2021 00:34:34.003,1.2525700000000002,1.25249,1,1
11.08.2021 00:34:34.525,1.25259,1.25248,1.5,1
11.08.2021 00:34:34.626,1.25259,1.25249,1,1
11.08.2021 00:34:37.450,1.25258,1.25249,1.5,1
11.08.2021 00:34:37.500,1.2525700000000002,1.25248,1,1
11.08.2021 00:34:44.302,1.2525700000000002,1.2524700000000002,1,1
11.08.2021 00:34:44.863,1.2525700000000002,1.2524600000000001,1,1
11.08.2021 00:34:44.965,1.2525000000000002,1.2524,1,1
11.08.2021 00:34:45.066,1.2525000000000002,1.25241,1,1
11.08.2021 00:34:47.554,1.2525000000000002,1.2524,1,1
11.08.2021 00:34:53.677,1.25251,1.2524,1.5,1
11.08.2021 00:34:54.675,1.2525000000000002,1.2524,1,1
11.08.2021 00:34:55.151,1.25249,1.25242,1,1
11.08.2021 00:34:55.202,1.25252,1.25241,1.5,1
11.08.2021 00:34:57.178,1.25251,1.25241,1.5,1
11.08.2021 00:35:02.701,1.25252,1.25241,1.5,1
11.08.2021 00:35:35.623,1.25254,1.2524700000000002,1,1
11.08.2021 00:35:35.674,1.25258,1.25248,1,1
11.08.2021 00:35:35.926,1.25263,1.25251,1.5,1
11.08.2021 00:35:42.227,1.25263,1.25252,1,1
11.08.2021 00:35:55.497,1.25264,1.25255,1,1.1
11.08.2021 00:35:55.598,1.25268,1.2525600000000001,1.57,1
11.08.2021 00:35:55.851,1.25269,1.25258,1.5,1
11.08.2021 00:35:56.206,1.25269,1.2525700000000002,1.5,1
11.08.2021 00:36:05.689,1.25272,1.2526000000000002,1.5,1.1
11.08.2021 00:36:17.383,1.25271,1.25259,1,1
11.08.2021 00:36:30.783,1.25269,1.25259,1,1
11.08.2021 00:36:30.935,1.25269,1.25258,1,1
11.08.2021 00:36:34.674,1.25266,1.25255,1,1.1
11.08.2021 00:36:44.384,1.25265,1.25255,1.5,1
11.08.2021 00:36:46.044,1.25265,1.25254,1,1
11.08.2021 00:36:46.152,1.25265,1.25253,1.5,1.12
11.08.2021 00:36:46.622,1.25264,1.25252,1,1.5
11.08.2021 00:36:47.704,1.25264,1.25255,1,1
11.08.2021 00:36:47.906,1.25264,1.25254,1.57,1
11.08.2021 00:36:51.192,1.25263,1.25253,1,1.1
11.08.2021 00:36:53.500,1.25264,1.25254,1.5,1
11.08.2021 00:36:57.772,1.25265,1.25255,1.5,1.1
11.08.2021 00:37:00.300,1.25264,1.25253,1,1
11.08.2021 00:37:00.401,1.25265,1.25253,1,1
11.08.2021 00:37:00.604,1.25266,1.25253,1.57,1
11.08.2021 00:37:01.501,1.25264,1.25254,2.25,1
11.08.2021 00:37:01.652,1.25266,1.25254,1.01,1
11.08.2021 00:38:34.864,1.2526700000000002,1.25255,1,1.5
11.08.2021 00:38:39.191,1.25268,1.2525600000000001,1.5,1
11.08.2021 00:39:30.975,1.25269,1.25258,1,1
11.08.2021 00:39:32.943,1.2526700000000002,1.25259,1,1
11.08.2021 00:39:33.044,1.2526700000000002,1.25258,1.1,1
11.08.2021 00:39:33.855,1.2526700000000002,1.2525700000000002,1,1
11.08.2021 00:39:33.956,1.2526700000000002,1.2525600000000001,1.5,1
11.08.2021 00:39:47.386,1.25268,1.2525600000000001,1.5,1
11.08.2021 00:39:47.488,1.2526700000000002,1.25258,1,1
11.08.2021 00:39:48.763,1.25269,1.2525700000000002,1.1,1.5
11.08.2021 00:39:48.874,1.2527000000000001,1.25258,1.57,1
11.08.2021 00:39:55.264,1.25269,1.25258,1,1
11.08.2021 00:39:56.689,1.25268,1.25258,1.1,1
11.08.2021 00:39:56.890,1.25268,1.2525700000000002,1.57,1
11.08.2021 00:40:02.000,1.25268,1.2525600000000001,1.57,1
11.08.2021 00:40:02.101,1.2526700000000002,1.25255,1.1,1
11.08.2021 00:40:03.671,1.25268,1.2525600000000001,1,1.5
11.08.2021 00:40:08.184,1.2527000000000001,1.25258,1,1.5
11.08.2021 00:40:08.286,1.2527000000000001,1.2526000000000002,1,1
11.08.2021 00:40:08.749,1.2527000000000001,1.25259,1.1,1
11.08.2021 00:40:08.850,1.2527000000000001,1.25258,1.57,1
11.08.2021 00:40:10.563,1.2527000000000001,1.25259,1.57,1
11.08.2021 00:40:15.624,1.25268,1.2525700000000002,1,1
11.08.2021 00:40:15.725,1.25266,1.2525700000000002,1,1
11.08.2021 00:40:30.437,1.2526700000000002,1.25255,1.5,1.1
11.08.2021 00:40:53.031,1.2526700000000002,1.2525600000000001,1.5,1
11.08.2021 00:40:57.293,1.2527000000000001,1.25258,1.57,1
11.08.2021 00:40:57.495,1.25271,1.25259,1.57,1
11.08.2021 00:41:00.025,1.25272,1.2526000000000002,1.5,1
11.08.2021 00:41:00.076,1.25274,1.25263,1,1
11.08.2021 00:41:00.177,1.25275,1.25263,1.5,1
11.08.2021 00:41:08.733,1.25273,1.25263,1,1.5
11.08.2021 00:41:24.883,1.25272,1.25262,1,1.5
11.08.2021 00:41:26.709,1.25272,1.25261,1,1
11.08.2021 00:41:26.760,1.2527000000000001,1.25258,2.32,1
11.08.2021 00:41:26.861,1.25266,1.2525700000000002,1,1
11.08.2021 00:41:30.192,1.2526700000000002,1.25255,1.5,1
11.08.2021 00:41:34.838,1.2526700000000002,1.2525600000000001,1,1
11.08.2021 00:41:38.818,1.25268,1.2525600000000001,1.57,1.5
11.08.2021 00:41:40.178,1.25268,1.2525700000000002,1.1,1
11.08.2021 00:41:40.228,1.25266,1.2525600000000001,1,1.57
11.08.2021 00:41:48.681,1.2526700000000002,1.2525600000000001,1,1
11.08.2021 00:41:48.782,1.25268,1.2525700000000002,1,1.1
11.08.2021 00:42:05.390,1.25269,1.2525700000000002,1,1.57
11.08.2021 00:42:18.872,1.2526700000000002,1.2525600000000001,1,1
11.08.2021 00:42:18.922,1.25266,1.25254,1.5,1
11.08.2021 00:42:19.023,1.25265,1.25253,1,1.5
11.08.2021 00:42:34.759,1.25262,1.25254,1,1
11.08.2021 00:42:34.867,1.25265,1.25253,2.32,1
11.08.2021 00:42:38.351,1.25262,1.25253,1,1
11.08.2021 00:42:43.645,1.25264,1.25253,1,1
11.08.2021 00:42:43.797,1.25265,1.25253,1,1.5
11.08.2021 00:42:45.349,1.25264,1.25253,1,1
11.08.2021 00:42:46.517,1.25265,1.25253,1,1
11.08.2021 00:42:47.337,1.25264,1.25252,1,1
11.08.2021 00:42:48.296,1.25265,1.25253,1,1.5
11.08.2021 00:42:48.397,1.25264,1.25253,1,1
11.08.2021 00:42:48.498,1.25263,1.25252,1,1
11.08.2021 00:42:56.117,1.2526000000000002,1.2525000000000002,1.5,1
11.08.2021 00:42:56.168,1.25258,1.2524700000000002,1,1.5
11.08.2021 00:42:57.421,1.25258,1.25248,1,1.5
11.08.2021 00:43:28.591,1.25258,1.2524600000000001,1,1.5
11.08.2021 00:43:30.253,1.25258,1.25248,1.5,1
11.08.2021 00:43:31.516,1.25258,1.2524700000000002,1.5,1.5
11.08.2021 00:43:39.081,1.25258,1.25248,1.5,1
11.08.2021 00:43:41.861,1.25258,1.2524600000000001,1,1.5
11.08.2021 00:43:43.121,1.25258,1.25248,1.5,1
11.08.2021 00:43:45.346,1.25258,1.2524600000000001,1,1.5
11.08.2021 00:43:54.192,1.25258,1.25248,1.5,1
11.08.2021 00:43:59.489,1.25258,1.2524600000000001,1,1.5
11.08.2021 00:44:34.912,1.25264,1.25254,2.62,1
11.08.2021 00:44:35.013,1.25264,1.2525600000000001,1,1
11.08.2021 00:44:35.168,1.25265,1.25254,1,1
11.08.2021 00:44:35.371,1.25264,1.2525600000000001,1,1
11.08.2021 00:44:35.472,1.25266,1.25255,1,1
11.08.2021 00:44:36.073,1.25263,1.25251,1.39,1.5
11.08.2021 00:44:39.090,1.25263,1.25253,1,1.5
11.08.2021 00:44:40.133,1.25265,1.25253,3.82,1
11.08.2021 00:44:44.719,1.2526700000000002,1.25255,1.1,1.5
11.08.2021 00:44:48.909,1.25268,1.2525600000000001,1.1,1.5
11.08.2021 00:45:00.677,1.25266,1.2525600000000001,1.1,1
11.08.2021 00:45:01.311,1.25266,1.25255,1.57,1.5
11.08.2021 00:45:02.389,1.25266,1.25254,1,1.5
11.08.2021 00:45:03.945,1.2526700000000002,1.25255,1.1,1
11.08.2021 00:45:10.344,1.2526700000000002,1.2525700000000002,2.54,1
11.08.2021 00:45:15.832,1.2526700000000002,1.2525600000000001,2.54,1
11.08.2021 00:45:21.157,1.25268,1.2525600000000001,3.29,1
11.08.2021 00:45:21.313,1.2526700000000002,1.25255,1.1,1
11.08.2021 00:45:24.965,1.2526700000000002,1.25255,1.6,1
11.08.2021 00:45:25.168,1.25266,1.2525600000000001,1.1,1
11.08.2021 00:45:25.573,1.25263,1.25254,1.57,1
11.08.2021 00:45:25.625,1.25261,1.25251,1.1,1
11.08.2021 00:45:34.595,1.25266,1.25254,1.57,1.5
11.08.2021 00:45:34.696,1.2526700000000002,1.25255,1.01,1.5
11.08.2021 00:45:48.446,1.25268,1.2525600000000001,2.97,1
11.08.2021 00:46:00.112,1.2526700000000002,1.25258,2.97,1
11.08.2021 00:46:00.745,1.25268,1.25258,1,1
11.08.2021 00:46:00.846,1.25269,1.25258,1.57,1
11.08.2021 00:46:04.903,1.25269,1.2526000000000002,1.2,1
11.08.2021 00:46:05.206,1.2527000000000001,1.25259,1.97,1
11.08.2021 00:46:05.843,1.2527000000000001,1.25258,1.2,1
11.08.2021 00:46:08.783,1.2527000000000001,1.25258,1.1,1
11.08.2021 00:46:26.100,1.25269,1.25259,1.57,1
11.08.2021 00:46:29.607,1.25268,1.25258,1.1,1
11.08.2021 00:46:29.708,1.25268,1.2525700000000002,1.01,1
11.08.2021 00:46:29.809,1.25266,1.25258,1,1
11.08.2021 00:46:33.380,1.25268,1.25258,2.16,1
11.08.2021 00:46:37.090,1.25268,1.2525600000000001,1.1,1
11.08.2021 00:46:40.115,1.2526700000000002,1.25258,1.1,1
11.08.2021 00:46:44.393,1.25268,1.25258,1.57,1.5
11.08.2021 00:46:45.393,1.2527000000000001,1.2525700000000002,1.2,1.5
11.08.2021 00:46:45.494,1.25271,1.25259,1.1,1
11.08.2021 00:46:45.595,1.25272,1.25259,2.72,1
11.08.2021 00:47:11.139,1.25271,1.25258,1.1,1.5
11.08.2021 00:47:15.921,1.25272,1.25262,1.1,1
11.08.2021 00:47:16.073,1.2527000000000001,1.2526000000000002,1.22,1
11.08.2021 00:47:16.175,1.25269,1.2525700000000002,1.1,1
11.08.2021 00:47:32.314,1.2527000000000001,1.25259,1.69,1
11.08.2021 00:47:32.416,1.25275,1.25262,4.26,1.5
11.08.2021 00:47:32.795,1.25275,1.25262,1.95,1.5
11.08.2021 00:47:38.207,1.25275,1.25263,1.1,1
11.08.2021 00:47:47.715,1.25276,1.25263,1.57,1.5
11.08.2021 00:47:47.868,1.25275,1.25266,1,1
11.08.2021 00:47:47.969,1.2527700000000002,1.25265,1.1,1
11.08.2021 00:47:48.121,1.25275,1.25265,1.1,1
11.08.2021 00:47:48.222,1.25276,1.25263,2.32,1.5
11.08.2021 00:47:49.217,1.25275,1.25264,3.29,1.5
11.08.2021 00:47:55.645,1.25276,1.25263,1.57,1.5
11.08.2021 00:47:57.503,1.25276,1.25266,1.1,1
11.08.2021 00:47:59.655,1.2527700000000002,1.2526700000000002,1.12,1
11.08.2021 00:48:05.480,1.25279,1.2526700000000002,1.2,1
11.08.2021 00:48:11.037,1.25276,1.25266,1,1
11.08.2021 00:48:18.921,1.25278,1.25265,2.7,1.5
11.08.2021 00:48:21.957,1.2527700000000002,1.2526700000000002,1.2,1
11.08.2021 00:48:23.673,1.2527700000000002,1.25266,2.7,1
11.08.2021 00:48:26.804,1.2527700000000002,1.25265,1,1
11.08.2021 00:48:30.113,1.25276,1.25265,2.32,1
11.08.2021 00:48:30.424,1.2527700000000002,1.25265,2.32,1
11.08.2021 00:48:30.646,1.25278,1.25265,1.1,1.5
11.08.2021 00:48:31.744,1.25276,1.25266,1,1
11.08.2021 00:48:34.111,1.25276,1.25263,1,1.5
11.08.2021 00:48:36.832,1.25275,1.25263,1.5,1
11.08.2021 00:48:36.983,1.25274,1.25264,1.6,1
11.08.2021 00:48:37.085,1.25275,1.25262,1.6,1.5
11.08.2021 00:48:43.538,1.25274,1.25261,1.1,1.5
11.08.2021 00:48:50.418,1.25273,1.25263,1.57,1
11.08.2021 00:48:51.705,1.25274,1.25263,1.1,1
11.08.2021 00:48:51.908,1.25275,1.25263,1,1.5
11.08.2021 00:48:56.668,1.25274,1.25263,1,1
11.08.2021 00:49:12.205,1.25274,1.25264,1,1
11.08.2021 00:49:12.306,1.25276,1.25265,1,1
11.08.2021 00:49:12.514,1.25276,1.25266,1,1
11.08.2021 00:49:18.894,1.25275,1.25266,1,1
11.08.2021 00:49:18.945,1.25275,1.25263,1,1
11.08.2021 00:49:24.248,1.25274,1.25263,1,1
11.08.2021 00:49:45.247,1.25275,1.25263,1,1
11.08.2021 00:49:46.854,1.25274,1.25263,1,1
11.08.2021 00:49:51.553,1.25276,1.25263,1.57,1
11.08.2021 00:50:01.509,1.25275,1.25263,1,1
11.08.2021 00:50:03.305,1.25276,1.25263,1.1,1.5
11.08.2021 00:50:14.243,1.25276,1.25265,1.57,1.1
11.08.2021 00:50:18.618,1.25276,1.25264,1.76,1
11.08.2021 00:50:18.669,1.25274,1.25263,1,1
11.08.2021 00:50:18.771,1.25274,1.25262,1.1,1
11.08.2021 00:50:19.903,1.25275,1.25262,2.32,1
11.08.2021 00:50:20.173,1.25274,1.25262,1.1,1
11.08.2021 00:50:20.453,1.25273,1.25262,1.1,1
11.08.2021 00:50:22.028,1.25275,1.25263,1.1,1
11.08.2021 00:50:22.880,1.25274,1.25262,1.1,1
11.08.2021 00:50:23.311,1.25274,1.25261,1.1,1.5
11.08.2021 00:50:25.448,1.25273,1.2526000000000002,1.1,1
11.08.2021 00:50:27.133,1.25272,1.2526000000000002,1.2,1
11.08.2021 00:50:27.184,1.25271,1.2525700000000002,1.6,1.5
11.08.2021 00:50:29.245,1.2527000000000001,1.25258,1,1
11.08.2021 00:50:39.206,1.2527000000000001,1.25259,1.1,1.5
11.08.2021 00:50:42.242,1.2527000000000001,1.25258,1.1,1
11.08.2021 00:51:12.632,1.25269,1.25258,1,1
11.08.2021 00:51:25.946,1.2526700000000002,1.2525600000000001,1,1
11.08.2021 00:51:25.998,1.25266,1.25254,1,1
11.08.2021 00:51:26.100,1.25266,1.25253,1.1,1.5
11.08.2021 00:51:26.252,1.25264,1.25254,1,1
11.08.2021 00:51:26.794,1.2526700000000002,1.25255,1.57,1
11.08.2021 00:51:28.374,1.2526700000000002,1.2525600000000001,1.57,1
11.08.2021 00:51:31.360,1.25266,1.25254,1.1,1
11.08.2021 00:51:31.485,1.25265,1.25254,1,1
11.08.2021 00:51:56.938,1.2526700000000002,1.25255,1.1,1
11.08.2021 00:52:00.235,1.25266,1.25254,1.1,1
11.08.2021 00:52:04.899,1.25266,1.25254,1.6,1
11.08.2021 00:52:05.100,1.25266,1.25254,1.1,1
11.08.2021 00:52:06.388,1.2526700000000002,1.25254,1.1,1.5
11.08.2021 00:52:06.489,1.2526700000000002,1.2525600000000001,1.76,1.5
11.08.2021 00:52:28.694,1.2526700000000002,1.25255,1,1
11.08.2021 00:52:38.856,1.25264,1.2525600000000001,1,1
11.08.2021 00:53:11.091,1.25266,1.25255,1,1
11.08.2021 00:53:13.265,1.25268,1.2525600000000001,1,2.89
11.08.2021 00:53:13.367,1.2526700000000002,1.25258,1,1.1
11.08.2021 00:53:13.978,1.25269,1.25259,1,1.57
11.08.2021 00:53:14.029,1.2527000000000001,1.2526000000000002,1,1
11.08.2021 00:53:14.131,1.25269,1.25261,1,1.5
11.08.2021 00:53:14.309,1.2527000000000001,1.2526000000000002,1,1
11.08.2021 00:53:40.284,1.25271,1.2526000000000002,1,1
11.08.2021 00:53:42.421,1.25271,1.25259,1,1
11.08.2021 00:53:47.319,1.25269,1.2526000000000002,1,1
11.08.2021 00:54:01.766,1.25272,1.25261,1,1
11.08.2021 00:54:04.495,1.25273,1.25261,1,1
11.08.2021 00:54:08.230,1.25273,1.25262,1,1
11.08.2021 00:54:08.281,1.25275,1.25263,1,1.1
11.08.2021 00:54:08.332,1.25275,1.2526700000000002,1,1
11.08.2021 00:54:08.829,1.25276,1.2526700000000002,1,1
11.08.2021 00:54:09.445,1.2527700000000002,1.2526700000000002,1,1.1
11.08.2021 00:54:09.546,1.25279,1.25268,1,1
11.08.2021 00:54:13.913,1.25276,1.25265,1,1
11.08.2021 00:54:13.964,1.25275,1.25264,1,1.57
11.08.2021 00:54:14.066,1.25274,1.25264,1,1
11.08.2021 00:54:14.269,1.25275,1.25264,1,1
11.08.2021 00:54:14.370,1.25275,1.25263,1,1
11.08.2021 00:54:17.164,1.25276,1.25263,1.1,1
11.08.2021 00:54:20.280,1.25275,1.25263,1,1
11.08.2021 00:54:27.116,1.25275,1.25264,1.57,1
11.08.2021 00:54:29.062,1.2527700000000002,1.25264,1,1.1
11.08.2021 00:54:29.113,1.25279,1.25266,1.5,1.1
11.08.2021 00:54:39.473,1.25279,1.2526700000000002,1,1
11.08.2021 00:54:43.103,1.2528100000000002,1.2526700000000002,1.95,1.1
11.08.2021 00:54:43.154,1.2528100000000002,1.25269,1.95,1
11.08.2021 00:54:43.255,1.2528000000000001,1.25269,1.2,1
11.08.2021 00:54:43.457,1.2528000000000001,1.25268,1,1
11.08.2021 00:54:45.987,1.2528100000000002,1.25268,1.95,1
11.08.2021 00:54:46.092,1.25279,1.25269,1,1
11.08.2021 00:55:04.442,1.25282,1.2527000000000001,1.6,1
11.08.2021 00:55:04.594,1.25282,1.2527000000000001,1.57,1
11.08.2021 00:55:06.386,1.2528000000000001,1.25269,1,1.57
11.08.2021 00:55:09.421,1.2528000000000001,1.25268,1.76,1.1
11.08.2021 00:55:09.522,1.2528000000000001,1.2526700000000002,1,1.1
11.08.2021 00:55:11.805,1.25276,1.25263,1,1.1
11.08.2021 00:55:11.907,1.25276,1.25262,1,1.97
11.08.2021 00:55:14.059,1.25275,1.25262,1,1.2
11.08.2021 00:55:17.539,1.25276,1.25263,1,1
11.08.2021 00:55:17.640,1.25276,1.25263,1,1.1
11.08.2021 00:55:22.119,1.2527700000000002,1.25263,1,1.6
11.08.2021 00:55:27.017,1.25275,1.25263,1,1.97
11.08.2021 00:55:27.119,1.25275,1.25261,1,2.85
11.08.2021 00:55:27.221,1.25276,1.25262,1,1.2
11.08.2021 00:55:34.019,1.25274,1.25262,1,2.85
11.08.2021 00:55:38.393,1.25274,1.25261,1,1.1
11.08.2021 00:55:39.170,1.25275,1.25261,1,1.57
11.08.2021 00:55:41.547,1.25275,1.25262,1,3.1
11.08.2021 00:55:41.648,1.25276,1.25262,1,1.1
11.08.2021 00:55:43.527,1.25276,1.25262,1,1.97
11.08.2021 00:55:47.954,1.2527700000000002,1.25263,1,1.6
11.08.2021 00:55:49.880,1.25278,1.25265,1,1
11.08.2021 00:56:05.456,1.25278,1.25265,1,1.6
11.08.2021 00:56:05.659,1.25278,1.25265,1,1.1
11.08.2021 00:56:16.546,1.25279,1.25266,1,2.35
11.08.2021 00:56:16.597,1.25282,1.25268,2.82,1
11.08.2021 00:56:16.698,1.25282,1.25268,2.25,1.57
11.08.2021 00:56:16.951,1.25284,1.25274,1,1
11.08.2021 00:56:17.002,1.25286,1.25275,1.87,1
11.08.2021 00:56:19.281,1.25289,1.25276,1,1
11.08.2021 00:56:32.563,1.25289,1.25276,1,2
11.08.2021 00:56:32.734,1.25288,1.2527700000000002,1,1.5
11.08.2021 00:56:38.976,1.2529000000000001,1.2527700000000002,1.5,1.69
11.08.2021 00:56:42.061,1.2529100000000002,1.25278,2.25,1
11.08.2021 00:57:01.176,1.25289,1.25279,1,1
11.08.2021 00:57:02.500,1.2529100000000002,1.25278,1.5,1
11.08.2021 00:57:02.602,1.2529000000000001,1.2528000000000001,1.1,1
11.08.2021 00:57:02.804,1.2529000000000001,1.25279,1,1
11.08.2021 00:57:14.769,1.2529100000000002,1.25278,1,1.1
11.08.2021 00:57:15.215,1.2529000000000001,1.2528000000000001,1,1
11.08.2021 00:57:15.316,1.2529299999999999,1.2528000000000001,1.5,1.1
11.08.2021 00:57:22.778,1.25292,1.25279,1,1.6
11.08.2021 00:57:22.879,1.2529100000000002,1.2528000000000001,1,1.1
11.08.2021 00:57:25.814,1.25292,1.2528100000000002,1.5,1.1
11.08.2021 00:57:28.877,1.25292,1.25279,1.5,1
11.08.2021 00:57:31.573,1.2529000000000001,1.2528000000000001,1,1
11.08.2021 00:57:34.500,1.2529100000000002,1.2528000000000001,1.87,1.1
11.08.2021 00:57:55.712,1.2529000000000001,1.2527700000000002,1,1.1
11.08.2021 00:57:56.079,1.2529000000000001,1.25276,1,1.1
11.08.2021 00:57:57.877,1.2528700000000002,1.25276,1,1.6
11.08.2021 00:57:57.997,1.25288,1.25275,1,1.1
11.08.2021 00:57:58.098,1.25289,1.25276,1.5,1.1
11.08.2021 00:57:58.249,1.2528700000000002,1.25276,1,1.1
11.08.2021 00:57:58.361,1.25288,1.25275,1,1.1
11.08.2021 00:58:03.958,1.25289,1.25276,1.5,1.1
11.08.2021 00:58:08.894,1.25289,1.25276,1,1.1
11.08.2021 00:58:10.536,1.25288,1.2527700000000002,1,1.1
11.08.2021 00:58:11.624,1.25288,1.2527700000000002,1,1.1
11.08.2021 00:58:16.759,1.25288,1.2527700000000002,1,1.1
11.08.2021 00:58:18.622,1.25289,1.25276,1,1.1
11.08.2021 00:58:21.110,1.25289,1.25276,1,1.1
11.08.2021 00:58:23.890,1.25289,1.25276,1,1.1
11.08.2021 00:58:26.055,1.25289,1.25276,1.5,1.1
11.08.2021 00:58:29.157,1.25288,1.2527700000000002,1,1.1
11.08.2021 00:58:29.520,1.25289,1.25276,1,1.1
11.08.2021 00:58:32.187,1.25288,1.25276,1,1.22
11.08.2021 00:58:32.926,1.25289,1.25275,1,1.22
11.08.2021 00:58:36.082,1.25288,1.25275,1,1.22
11.08.2021 00:58:46.734,1.25289,1.25275,1.5,1.1
11.08.2021 00:58:46.835,1.25288,1.25276,1,1.97
11.08.2021 00:58:48.327,1.2529000000000001,1.25276,1,1.1
11.08.2021 00:58:48.429,1.2529100000000002,1.2527700000000002,1.5,1.1
11.08.2021 00:58:49.163,1.2529100000000002,1.2527700000000002,1,1.6
11.08.2021 00:58:49.315,1.25292,1.2527700000000002,1.5,2.85
11.08.2021 00:58:53.060,1.25292,1.25278,1,1.22
11.08.2021 00:59:04.562,1.2529100000000002,1.2527700000000002,1,1.97
11.08.2021 00:59:04.664,1.2529000000000001,1.2527700000000002,1,1.22
11.08.2021 00:59:07.675,1.2529100000000002,1.2527700000000002,1,1.22
11.08.2021 00:59:09.513,1.2529100000000002,1.2527700000000002,1.5,1.22
11.08.2021 00:59:10.414,1.2529000000000001,1.25276,1,1.6
11.08.2021 00:59:13.744,1.2529000000000001,1.25276,1,1.22
11.08.2021 00:59:19.803,1.2529100000000002,1.2527700000000002,1,1.1
11.08.2021 00:59:40.854,1.2529000000000001,1.25276,1,1.6
11.08.2021 01:00:00.172,1.25289,1.25278,1,1.1
11.08.2021 01:00:01.162,1.2529000000000001,1.25279,1,1.1
11.08.2021 01:00:02.035,1.25292,1.2527700000000002,1,1.97
11.08.2021 01:00:02.238,1.25292,1.2527700000000002,1,1.1
11.08.2021 01:00:03.563,1.25292,1.25278,1.5,1.22
11.08.2021 01:00:10.473,1.25295,1.25282,1,1
11.08.2021 01:00:10.635,1.2529700000000001,1.25284,1.5,1
11.08.2021 01:00:14.174,1.25296,1.25284,1,1.2
11.08.2021 01:00:14.653,1.25296,1.25289,1,1
11.08.2021 01:00:15.654,1.25296,1.2529000000000001,1,1
11.08.2021 01:00:17.112,1.25298,1.25289,1,1
11.08.2021 01:00:19.624,1.25299,1.25289,1,1
11.08.2021 01:00:19.725,1.25299,1.25292,1,1
11.08.2021 01:00:19.826,1.25299,1.25292,1,1
11.08.2021 01:00:19.877,1.25299,1.2529000000000001,1,1
11.08.2021 01:00:19.978,1.25298,1.2529000000000001,1,1
11.08.2021 01:00:20.180,1.2530100000000002,1.2529100000000002,1,1
11.08.2021 01:00:20.874,1.25302,1.2529299999999999,3.69,1
11.08.2021 01:00:20.976,1.25302,1.2529299999999999,1.5,1
11.08.2021 01:00:22.471,1.25302,1.25292,1.5,1
11.08.2021 01:00:22.573,1.25304,1.2529299999999999,1,1
11.08.2021 01:00:22.675,1.25304,1.25292,1,1
11.08.2021 01:00:25.162,1.25303,1.2529299999999999,1,1
11.08.2021 01:00:28.075,1.25303,1.25292,1,1
11.08.2021 01:00:36.468,1.25302,1.25292,1,1
11.08.2021 01:00:39.638,1.25302,1.2529299999999999,1,1
11.08.2021 01:00:39.790,1.25304,1.25292,1,1
11.08.2021 01:00:40.316,1.25303,1.25294,1,1
11.08.2021 01:00:41.073,1.25304,1.2529100000000002,1,1.57
11.08.2021 01:00:45.913,1.25303,1.2529100000000002,1,1.1
11.08.2021 01:00:46.065,1.25302,1.2529100000000002,1,1.95
11.08.2021 01:00:50.774,1.2530000000000001,1.2528700000000002,1.5,1.12
11.08.2021 01:00:50.875,1.25298,1.2528700000000002,1,1.51
11.08.2021 01:00:57.987,1.25298,1.2528700000000002,1,1.1
11.08.2021 01:01:01.221,1.25299,1.25286,1,1.1
11.08.2021 01:01:01.568,1.2530000000000001,1.25289,1,1
11.08.2021 01:01:01.669,1.2530100000000002,1.25288,1,3.07
11.08.2021 01:01:01.956,1.2530000000000001,1.25288,1,1
11.08.2021 01:01:03.572,1.25296,1.25285,1,3.66
11.08.2021 01:01:08.088,1.25296,1.25285,1,2.14
11.08.2021 01:01:09.085,1.25298,1.25285,1,1.1
11.08.2021 01:01:14.076,1.2530100000000002,1.25289,1,1.5
11.08.2021 01:01:14.279,1.2530000000000001,1.25288,1,3.07
11.08.2021 01:01:14.685,1.2530000000000001,1.25289,1,2.32
11.08.2021 01:01:14.787,1.2530000000000001,1.2529000000000001,1,1
11.08.2021 01:01:15.092,1.25302,1.25289,1,2.32
11.08.2021 01:01:15.143,1.25304,1.2529000000000001,3.26,1
11.08.2021 01:01:15.346,1.25303,1.2529000000000001,1,1.1
11.08.2021 01:01:15.953,1.25302,1.25289,1,3.82
11.08.2021 01:01:16.054,1.25302,1.2529100000000002,1,1.1
11.08.2021 01:01:16.106,1.2530000000000001,1.25288,1,1.1
11.08.2021 01:01:16.207,1.2530100000000002,1.25288,1,1.1
11.08.2021 01:01:16.955,1.2530000000000001,1.25286,1,2.54
11.08.2021 01:01:19.439,1.25302,1.2529000000000001,1,1
11.08.2021 01:01:20.074,1.2530000000000001,1.25289,1,1.2
11.08.2021 01:01:20.237,1.25302,1.2529000000000001,1,1
11.08.2021 01:01:20.635,1.25303,1.2529000000000001,1,1.2
11.08.2021 01:01:21.172,1.25302,1.2529000000000001,1,1.2
11.08.2021 01:01:21.921,1.25303,1.2529000000000001,1.5,1.95
11.08.2021 01:01:41.854,1.2530100000000002,1.2529100000000002,1,1.95
11.08.2021 01:01:41.955,1.25302,1.25289,1.5,1.57
11.08.2021 01:01:43.044,1.25302,1.25288,1.5,1.57
11.08.2021 01:01:43.145,1.25299,1.2528700000000002,1,1.1
11.08.2021 01:01:45.011,1.25302,1.2529000000000001,1,1
11.08.2021 01:01:45.112,1.25303,1.2529000000000001,1.5,1.1
11.08.2021 01:01:49.812,1.25302,1.25289,1,1.57
11.08.2021 01:01:52.473,1.25302,1.2529100000000002,1,1.95
11.08.2021 01:01:55.904,1.25302,1.2529000000000001,1,1
11.08.2021 01:01:56.875,1.25303,1.2529000000000001,1.5,1.2
11.08.2021 01:01:57.380,1.25302,1.25289,1,1.57
11.08.2021 01:01:57.799,1.25302,1.2529100000000002,1.5,2.7
11.08.2021 01:01:58.052,1.2530100000000002,1.2529000000000001,1,2.35
11.08.2021 01:01:58.153,1.25302,1.25289,1,2.32
11.08.2021 01:02:00.649,1.2530100000000002,1.2529100000000002,1,1.1
11.08.2021 01:02:05.445,1.25302,1.2529100000000002,1.5,2.7
11.08.2021 01:02:07.544,1.25302,1.25295,1.5,1.5
11.08.2021 01:02:07.595,1.25304,1.2529100000000002,1,2.91
11.08.2021 01:02:07.645,1.25308,1.2530000000000001,1,1
11.08.2021 01:02:07.696,1.25306,1.25296,1,1.57
11.08.2021 01:02:07.798,1.25306,1.25295,1.5,1
11.08.2021 01:02:07.849,1.25306,1.25292,1.5,2.35
11.08.2021 01:02:08.782,1.25306,1.2529299999999999,1.5,1.22
11.08.2021 01:02:08.984,1.25306,1.25294,1,1.1
11.08.2021 01:02:09.861,1.25306,1.25295,1,1.1
11.08.2021 01:02:15.817,1.25308,1.25296,1,1.1
11.08.2021 01:02:15.868,1.2531100000000002,1.25299,1,1
11.08.2021 01:02:15.969,1.2531100000000002,1.25299,1,1.1
11.08.2021 01:02:18.150,1.25309,1.25298,1,1.22
11.08.2021 01:02:18.599,1.2531100000000002,1.2530000000000001,1,1.1
11.08.2021 01:02:22.111,1.2531100000000002,1.25299,1,1.1
11.08.2021 01:02:23.101,1.2531,1.2530000000000001,1,1.22
11.08.2021 01:02:27.827,1.2531,1.2530000000000001,1,1.22
11.08.2021 01:02:29.250,1.2531200000000002,1.2530000000000001,1,1.1
11.08.2021 01:02:37.132,1.2531100000000002,1.2530100000000002,1,1.57
11.08.2021 01:02:38.296,1.2531,1.2530100000000002,1,1.57
11.08.2021 01:02:38.397,1.25306,1.25296,1,1.57
11.08.2021 01:02:38.498,1.25306,1.25294,1,1.85
11.08.2021 01:02:43.330,1.25306,1.25295,1,1.85
11.08.2021 01:02:44.486,1.25306,1.25294,1,1.85
11.08.2021 01:02:51.913,1.25305,1.25295,1,1.1
11.08.2021 01:02:56.757,1.25304,1.25295,1,1.1
11.08.2021 01:02:58.264,1.2530700000000001,1.25294,2.07,1.1
11.08.2021 01:03:05.417,1.25305,1.25294,1,1
11.08.2021 01:03:07.729,1.25304,1.25295,1,1.35
11.08.2021 01:03:09.033,1.25305,1.25295,1,1.35
11.08.2021 01:03:16.729,1.25308,1.2529700000000001,1.5,1.1
11.08.2021 01:03:16.831,1.2531,1.2530000000000001,1,1
11.08.2021 01:03:16.933,1.2531100000000002,1.2530100000000002,1,1
11.08.2021 01:03:17.065,1.2531100000000002,1.2530100000000002,1,1.1
11.08.2021 01:03:18.260,1.2531200000000002,1.2530100000000002,1,1
11.08.2021 01:03:23.439,1.2531200000000002,1.2530000000000001,1,1.57
11.08.2021 01:03:24.339,1.2531,1.2530100000000002,1,1
11.08.2021 01:03:28.719,1.2531100000000002,1.25299,1.57,1
11.08.2021 01:03:45.525,1.2530700000000001,1.25296,1,1.1
11.08.2021 01:03:52.761,1.25306,1.25296,1,1
11.08.2021 01:04:00.500,1.2530700000000001,1.2529700000000001,1,1.6
11.08.2021 01:04:00.601,1.2530700000000001,1.25298,1,1.6
11.08.2021 01:04:02.566,1.2531100000000002,1.2530100000000002,1,1
11.08.2021 01:04:06.465,1.2531200000000002,1.2530100000000002,1,1.1
11.08.2021 01:04:09.545,1.25306,1.2529700000000001,1,1.1
11.08.2021 01:04:09.646,1.2530700000000001,1.25295,1,1.2
11.08.2021 01:04:11.105,1.25308,1.25295,1.5,1.2
11.08.2021 01:04:15.090,1.25306,1.25296,1.62,1
11.08.2021 01:04:15.191,1.2530700000000001,1.25294,1.62,1.57
11.08.2021 01:04:17.813,1.2530700000000001,1.25294,1,1.57
11.08.2021 01:04:31.759,1.2530700000000001,1.2529299999999999,1.5,1.1
11.08.2021 01:04:36.191,1.25306,1.2529299999999999,1,1.1
11.08.2021 01:04:41.913,1.25309,1.2529700000000001,2.37,2.75
11.08.2021 01:04:42.015,1.2531,1.2530000000000001,1,1.1
11.08.2021 01:04:42.116,1.2531100000000002,1.25299,1,1.1
11.08.2021 01:04:42.375,1.2531200000000002,1.25299,1,1.1
11.08.2021 01:04:43.532,1.25313,1.25299,1.5,1.1
11.08.2021 01:04:47.721,1.2531100000000002,1.2530000000000001,1.5,1.1
11.08.2021 01:04:47.873,1.2531100000000002,1.25299,1,1.1
11.08.2021 01:04:49.645,1.2531200000000002,1.25299,1.5,1.22
11.08.2021 01:04:52.164,1.25313,1.25299,1,1.22
11.08.2021 01:04:54.345,1.2531100000000002,1.2530000000000001,1,1.22
11.08.2021 01:04:55.476,1.2531200000000002,1.2530000000000001,1.5,1.1
11.08.2021 01:04:55.578,1.2531100000000002,1.2530000000000001,1,1.1
11.08.2021 01:04:56.001,1.2531200000000002,1.2530100000000002,1,2.35
11.08.2021 01:04:56.103,1.25314,1.2530000000000001,1,1.85
11.08.2021 01:04:57.781,1.25313,1.2530000000000001,1,2.72
11.08.2021 01:04:58.602,1.25315,1.25302,1,1.35
11.08.2021 01:04:58.703,1.25313,1.25302,1,1.41
11.08.2021 01:04:58.805,1.25313,1.2530000000000001,1,1.85
11.08.2021 01:05:00.403,1.25313,1.25299,1.5,1.41
11.08.2021 01:05:00.505,1.2531200000000002,1.25299,1,1.22
11.08.2021 01:05:00.606,1.25313,1.25299,1.5,1.22
11.08.2021 01:05:00.757,1.2531100000000002,1.2530000000000001,1,1.22
11.08.2021 01:05:02.096,1.2531200000000002,1.2530000000000001,1.5,1.41
11.08.2021 01:05:02.953,1.2531200000000002,1.25299,1,1.41
11.08.2021 01:05:03.145,1.2531200000000002,1.2530000000000001,1.5,1.41
11.08.2021 01:05:03.321,1.2531100000000002,1.2530000000000001,1,1.41
11.08.2021 01:05:03.422,1.2531200000000002,1.25299,1,1.85
11.08.2021 01:05:04.731,1.25313,1.25299,1.5,1.85
11.08.2021 01:05:05.096,1.2531200000000002,1.2530000000000001,1.5,1.85
11.08.2021 01:05:05.576,1.25313,1.25299,1.5,1.85
11.08.2021 01:05:05.896,1.25313,1.25299,1.5,1.85
11.08.2021 01:05:05.947,1.2530700000000001,1.2529700000000001,1,6.7
11.08.2021 01:05:05.998,1.25305,1.25295,1,1.22
11.08.2021 01:05:06.100,1.25306,1.2529299999999999,1,3.49
11.08.2021 01:05:07.436,1.25305,1.2529299999999999,1,1.35
11.08.2021 01:05:11.949,1.25305,1.2529299999999999,1,1.1
11.08.2021 01:05:19.193,1.2530000000000001,1.2529100000000002,1,1.1
11.08.2021 01:05:19.345,1.2530100000000002,1.2529100000000002,1,1.79
11.08.2021 01:05:19.447,1.25302,1.2529000000000001,1,3.04
11.08.2021 01:05:19.600,1.25304,1.25292,1,1.1
11.08.2021 01:05:19.752,1.25305,1.25292,1,1.1
11.08.2021 01:05:26.434,1.25304,1.25292,1,1.1
11.08.2021 01:05:26.607,1.25302,1.25292,1,1.22
11.08.2021 01:05:28.207,1.25303,1.2529100000000002,1,1.12
11.08.2021 01:05:28.308,1.2530100000000002,1.2529100000000002,1,1
11.08.2021 01:05:28.409,1.2530100000000002,1.2529000000000001,1,1.1
11.08.2021 01:05:29.130,1.25299,1.25286,1,2.16
11.08.2021 01:05:29.232,1.25298,1.25285,1,2.97
11.08.2021 01:05:29.840,1.25298,1.25286,1,2.6
11.08.2021 01:05:29.941,1.25298,1.25288,1,1.35
11.08.2021 01:05:30.194,1.2530000000000001,1.2528700000000002,1,1.35
11.08.2021 01:05:30.597,1.25298,1.2528700000000002,1,2.91
11.08.2021 01:05:31.114,1.2530000000000001,1.2528700000000002,1,1.1
11.08.2021 01:05:37.724,1.25304,1.2529000000000001,1.57,1.01
11.08.2021 01:05:37.826,1.25304,1.2529100000000002,1,1.1
11.08.2021 01:05:37.927,1.25304,1.2529100000000002,1,1.1
11.08.2021 01:05:41.165,1.25303,1.2529000000000001,1,1.1
11.08.2021 01:05:41.216,1.25299,1.2529000000000001,1,1.41
11.08.2021 01:05:41.267,1.25299,1.25286,1.5,2.54
11.08.2021 01:05:41.368,1.25298,1.2528700000000002,1.5,1.35
11.08.2021 01:05:41.469,1.25298,1.25285,1,3.35
11.08.2021 01:05:47.592,1.25299,1.25285,1.5,2.97
11.08.2021 01:05:51.586,1.25304,1.2529000000000001,2.32,2.54
11.08.2021 01:05:51.788,1.25303,1.2529299999999999,1,1
11.08.2021 01:05:53.776,1.25304,1.2529000000000001,1,1.85
11.08.2021 01:05:57.334,1.25304,1.2529000000000001,1,1.85
11.08.2021 01:06:01.256,1.25304,1.2529100000000002,1,5.35
11.08.2021 01:06:01.357,1.25306,1.2529100000000002,1.5,2.6
11.08.2021 01:06:02.988,1.25306,1.25292,1.5,1.35
11.08.2021 01:06:03.719,1.25305,1.25292,1.5,2.6
11.08.2021 01:06:04.020,1.25305,1.25292,1.5,3.35
11.08.2021 01:06:36.924,1.25305,1.2529299999999999,1.5,2.6
11.08.2021 01:06:37.254,1.25306,1.2529299999999999,1.5,1.35
11.08.2021 01:06:52.089,1.25306,1.25292,1.5,3.35
11.08.2021 01:07:00.675,1.25308,1.25296,1,1.57
11.08.2021 01:07:00.777,1.25309,1.25296,1,1.97
11.08.2021 01:07:06.677,1.25308,1.25294,1.57,1.85
11.08.2021 01:07:06.778,1.2530700000000001,1.25294,1,1.85
11.08.2021 01:07:17.565,1.25306,1.25294,1.57,1.97
11.08.2021 01:07:17.679,1.25306,1.2529299999999999,1,1.97
11.08.2021 01:07:54.634,1.25305,1.25294,1.1,1.2
11.08.2021 01:09:06.679,1.25305,1.2529299999999999,1,1.2
11.08.2021 01:09:31.459,1.25298,1.2528700000000002,1,1.57
11.08.2021 01:09:31.561,1.25298,1.25285,1.5,1.22
11.08.2021 01:09:31.662,1.25298,1.25284,2.32,2.1
11.08.2021 01:09:31.868,1.2529700000000001,1.25284,1,2.1
11.08.2021 01:09:36.191,1.25296,1.2528299999999999,1,1.6
11.08.2021 01:09:42.190,1.2529700000000001,1.2528299999999999,1.5,3.6
11.08.2021 01:09:47.318,1.25296,1.25285,1,1.6
11.08.2021 01:09:50.939,1.2529700000000001,1.2528299999999999,1.5,3.6
11.08.2021 01:09:54.758,1.25296,1.2528299999999999,1,1.6
11.08.2021 01:09:55.145,1.25295,1.25284,1,1.6
11.08.2021 01:09:58.941,1.25296,1.2528299999999999,1,2.85
11.08.2021 01:10:03.944,1.25296,1.2528299999999999,1,1.22
11.08.2021 01:10:08.284,1.25295,1.2528299999999999,1,1.22
11.08.2021 01:10:14.547,1.25295,1.2528299999999999,1,1.2
11.08.2021 01:10:39.963,1.25292,1.2528299999999999,1.5,1
11.08.2021 01:10:40.014,1.2529000000000001,1.25278,1.5,3.1
11.08.2021 01:10:40.115,1.25289,1.2527700000000002,1,2.35
11.08.2021 01:10:40.217,1.25289,1.2527700000000002,1,1.2
11.08.2021 01:10:42.134,1.25288,1.25275,1,2.7
11.08.2021 01:10:47.853,1.25282,1.25271,1,1.1
11.08.2021 01:10:47.956,1.25282,1.2527000000000001,1,1.87
11.08.2021 01:10:53.167,1.2528100000000002,1.25268,1.5,1.2
11.08.2021 01:10:53.268,1.2528000000000001,1.2526700000000002,1,1.6
11.08.2021 01:10:54.519,1.2528000000000001,1.25266,1,2.07
11.08.2021 01:10:56.891,1.25279,1.25266,1,2.07
11.08.2021 01:11:03.659,1.25279,1.25268,1,1.2
11.08.2021 01:11:03.863,1.25279,1.25268,1,3.22
11.08.2021 01:11:03.965,1.2528000000000001,1.25269,1.5,1.95
11.08.2021 01:11:04.117,1.2528000000000001,1.2526700000000002,1,2.1
11.08.2021 01:11:06.517,1.2528100000000002,1.25268,1.5,1.2
11.08.2021 01:11:06.618,1.2528100000000002,1.25269,1.5,1
11.08.2021 01:11:06.820,1.2528100000000002,1.25268,1.5,1.1
11.08.2021 01:11:12.109,1.2528100000000002,1.25268,1.5,2.45
11.08.2021 01:11:12.503,1.2528000000000001,1.2526700000000002,1,1.7
11.08.2021 01:11:19.276,1.2528000000000001,1.2526700000000002,1,1.2
11.08.2021 01:11:32.101,1.2528100000000002,1.25268,1.5,1.2
11.08.2021 01:11:40.962,1.2528000000000001,1.25266,1,2.85
11.08.2021 01:11:41.088,1.25279,1.2526700000000002,1.5,1.6
11.08.2021 01:11:41.239,1.25278,1.25266,1,5.1
11.08.2021 01:11:43.243,1.25279,1.25265,1,4.35
11.08.2021 01:11:43.344,1.25278,1.2526700000000002,1,2
11.08.2021 01:11:43.445,1.2528000000000001,1.25266,1.5,3.6
11.08.2021 01:11:43.890,1.2528000000000001,1.2526700000000002,1,2.1
11.08.2021 01:11:47.044,1.2528100000000002,1.2526700000000002,1.5,1.72
11.08.2021 01:12:14.084,1.25279,1.2526700000000002,1,5.47
11.08.2021 01:12:14.947,1.2528000000000001,1.25266,1,3.6
11.08.2021 01:12:20.024,1.25279,1.2526700000000002,1,3.6
11.08.2021 01:12:23.613,1.2528000000000001,1.25268,1.5,2.85
11.08.2021 01:12:27.975,1.2528100000000002,1.25268,1.5,1.6
11.08.2021 01:12:36.984,1.2528000000000001,1.2526700000000002,1,1.6
11.08.2021 01:12:37.425,1.2528100000000002,1.2526700000000002,1.5,2.07
11.08.2021 01:12:37.526,1.2528000000000001,1.2527000000000001,1,1.95
11.08.2021 01:12:49.174,1.25282,1.2526700000000002,1.5,2.85
11.08.2021 01:12:49.275,1.2528100000000002,1.2526700000000002,1,2.07
11.08.2021 01:12:50.465,1.25279,1.2526700000000002,1,1.12
11.08.2021 01:12:51.484,1.25278,1.25266,1.5,2.85
11.08.2021 01:13:01.097,1.25279,1.25269,1,1.95
11.08.2021 01:13:01.451,1.25282,1.25268,1.5,1.95
11.08.2021 01:13:01.552,1.2528100000000002,1.25269,1.5,1.97
11.08.2021 01:13:06.242,1.2528100000000002,1.25269,1.5,1.95
11.08.2021 01:13:26.104,1.2528100000000002,1.2526700000000002,1.5,1.95
11.08.2021 01:13:26.205,1.2528100000000002,1.25265,1.57,2.85
11.08.2021 01:13:26.256,1.25275,1.25266,1.25,1.1
11.08.2021 01:13:26.358,1.25274,1.2526000000000002,1,1.6
11.08.2021 01:13:29.940,1.25274,1.25261,1.5,1.6
11.08.2021 01:13:30.843,1.25274,1.25261,1.5,2.85
11.08.2021 01:13:30.995,1.25274,1.25261,1.5,2.1
11.08.2021 01:13:31.252,1.25275,1.25264,1,1.5
11.08.2021 01:13:31.354,1.25275,1.25265,1.5,2.07
11.08.2021 01:13:31.883,1.25274,1.25262,1,2.07
11.08.2021 01:13:36.845,1.25273,1.25263,1,1
11.08.2021 01:13:36.946,1.25273,1.25262,1,1.95
11.08.2021 01:13:37.048,1.25273,1.25263,1,1
11.08.2021 01:13:37.957,1.25273,1.25263,1,2.07
11.08.2021 01:13:45.975,1.25274,1.25261,1,2.07
11.08.2021 01:14:31.313,1.25274,1.25262,1,1.1
11.08.2021 01:14:33.015,1.25274,1.25261,1,2.35
11.08.2021 01:14:37.408,1.25275,1.25263,1,1.79
11.08.2021 01:14:37.459,1.25276,1.25266,1,1.57
11.08.2021 01:14:37.560,1.25278,1.25265,1,2.85
11.08.2021 01:14:37.662,1.2527700000000002,1.25266,1,2.85
11.08.2021 01:14:39.598,1.25278,1.25266,1.5,2.85
11.08.2021 01:14:39.700,1.2528000000000001,1.2526700000000002,1,1.22
11.08.2021 01:14:48.148,1.2528299999999999,1.2527000000000001,1,1.2
11.08.2021 01:14:48.199,1.2528299999999999,1.25272,1,1.57
11.08.2021 01:14:48.250,1.2528700000000002,1.25274,1.87,1.01
11.08.2021 01:14:48.351,1.25286,1.25273,1.5,2.72
11.08.2021 01:14:48.553,1.25285,1.25272,1,3.22
11.08.2021 01:14:50.729,1.25282,1.25269,1,2.85
11.08.2021 01:14:50.831,1.25282,1.25269,1,1.22
11.08.2021 01:14:56.164,1.2528100000000002,1.25269,1,1.12
11.08.2021 01:14:56.333,1.25278,1.2526700000000002,1,3.5
11.08.2021 01:14:56.485,1.25278,1.2526700000000002,1,1.5
11.08.2021 01:15:00.883,1.2528000000000001,1.2526700000000002,1,1.5
11.08.2021 01:15:02.590,1.25282,1.25269,1,1
11.08.2021 01:15:02.741,1.2528100000000002,1.25269,1,1.12
11.08.2021 01:15:03.980,1.25282,1.2526700000000002,1,3.5
11.08.2021 01:15:07.188,1.25282,1.2526700000000002,1,3.6
11.08.2021 01:15:10.308,1.2528100000000002,1.25268,1,2.85
11.08.2021 01:15:10.561,1.2528100000000002,1.25268,1,2.85
11.08.2021 01:15:10.933,1.2528100000000002,1.25268,1,2.85
11.08.2021 01:15:11.946,1.25282,1.2526700000000002,1.5,2.1
11.08.2021 01:15:12.839,1.2528000000000001,1.25269,1.5,1.2
11.08.2021 01:15:12.940,1.2528000000000001,1.2526700000000002,1,1.6
11.08.2021 01:15:16.456,1.2527700000000002,1.2526700000000002,1,1.6
11.08.2021 01:15:16.507,1.25278,1.25264,1.5,1.7
11.08.2021 01:15:16.982,1.25276,1.25264,1,1.6
11.08.2021 01:15:17.083,1.25276,1.25263,1.5,1.97
11.08.2021 01:15:17.986,1.25273,1.25262,1,2.1
11.08.2021 01:15:18.138,1.25274,1.2526000000000002,1,2.85
11.08.2021 01:15:26.411,1.25274,1.25261,1.5,1.2
11.08.2021 01:15:27.182,1.25274,1.25261,1,1.97
11.08.2021 01:15:29.758,1.25276,1.25265,1,1.6
11.08.2021 01:15:29.860,1.25278,1.25264,1,2.85
11.08.2021 01:15:29.961,1.2527700000000002,1.25265,1,2.85
11.08.2021 01:15:41.077,1.25276,1.25262,1.5,1.97
11.08.2021 01:15:41.179,1.25275,1.25262,1,1.97
11.08.2021 01:15:41.381,1.25275,1.25261,1.5,1.22
11.08.2021 01:15:49.568,1.25273,1.25259,1,2.85
11.08.2021 01:15:49.770,1.25274,1.25261,1.5,1.2
11.08.2021 01:15:59.628,1.25271,1.25261,1,1.1
11.08.2021 01:15:59.933,1.25271,1.25262,1,1.1
11.08.2021 01:16:00.034,1.25271,1.25261,1,1.1
11.08.2021 01:16:00.745,1.25272,1.25261,1,1.1
11.08.2021 01:16:03.357,1.25273,1.25262,1,1.1
11.08.2021 01:16:03.559,1.25273,1.25262,1,1.1
11.08.2021 01:16:06.680,1.25274,1.25263,1,1.1
11.08.2021 01:16:06.782,1.25273,1.25264,1,1.1
11.08.2021 01:16:06.884,1.25273,1.25264,1,1.1
11.08.2021 01:16:07.181,1.25273,1.25262,1,1.22
11.08.2021 01:16:15.079,1.25273,1.25262,1.5,2.72
11.08.2021 01:16:21.524,1.25274,1.25261,1.5,1.6
11.08.2021 01:16:27.941,1.25274,1.25261,1,1.2
11.08.2021 01:16:31.751,1.25273,1.2526000000000002,1,1.22
11.08.2021 01:16:31.852,1.25273,1.2526000000000002,1.5,1.2
11.08.2021 01:16:32.781,1.25268,1.25259,1,2.25
11.08.2021 01:16:32.882,1.25268,1.2525600000000001,1.5,1.6
11.08.2021 01:16:33.034,1.25268,1.25254,1,2.1
11.08.2021 01:16:33.136,1.25268,1.25254,1.5,1.22
11.08.2021 01:16:33.456,1.2526700000000002,1.25253,1.5,2.85
11.08.2021 01:16:39.186,1.2527000000000001,1.2525700000000002,1,1
11.08.2021 01:16:39.287,1.2527000000000001,1.2525700000000002,1,1.6
11.08.2021 01:16:39.511,1.2527000000000001,1.2525700000000002,1,1.1
11.08.2021 01:16:43.738,1.25271,1.2525700000000002,1.5,1.1
11.08.2021 01:16:43.890,1.25273,1.25259,1.5,1.95
11.08.2021 01:16:48.561,1.2526700000000002,1.2525600000000001,1,1.22
11.08.2021 01:16:48.857,1.25268,1.25254,1,1.6
11.08.2021 01:16:50.450,1.25266,1.25255,1,2.85
11.08.2021 01:16:53.019,1.2526700000000002,1.25253,1,2.29
11.08.2021 01:16:57.844,1.2526700000000002,1.25254,1,1.22
11.08.2021 01:16:57.945,1.25266,1.25255,1,1.2
11.08.2021 01:16:59.440,1.25266,1.25255,1,1.22
11.08.2021 01:16:59.541,1.2526700000000002,1.25254,1,1.2
11.08.2021 01:17:00.687,1.25266,1.2525600000000001,1,1.22
11.08.2021 01:17:00.838,1.25268,1.2525600000000001,1,1.1
11.08.2021 01:17:16.862,1.25268,1.2525600000000001,1,1.1
11.08.2021 01:18:00.608,1.2526700000000002,1.25254,1,1.97
11.08.2021 01:18:00.709,1.2526700000000002,1.25255,1,1.1
11.08.2021 01:18:02.088,1.2526700000000002,1.25254,1,1.57
11.08.2021 01:18:02.190,1.25264,1.2525000000000002,1.5,2.85
11.08.2021 01:18:02.392,1.25263,1.25249,1,1.6
11.08.2021 01:18:10.674,1.25263,1.25249,1.5,1.6
11.08.2021 01:18:11.023,1.25262,1.25249,1,1.6
11.08.2021 01:18:11.461,1.25261,1.25249,1,1.6
11.08.2021 01:18:12.842,1.2526000000000002,1.25249,1,1.6
11.08.2021 01:18:15.710,1.25261,1.25249,1,1.6
11.08.2021 01:18:17.626,1.25259,1.2524700000000002,1.5,1.6
11.08.2021 01:18:17.727,1.25258,1.2524700000000002,1.5,1.6
11.08.2021 01:18:28.128,1.25258,1.25245,1,1.2
11.08.2021 01:18:28.230,1.2525600000000001,1.2524600000000001,1,1.12
11.08.2021 01:18:32.494,1.25258,1.2524600000000001,1,1.1
11.08.2021 01:18:42.475,1.25258,1.25245,1,1.2
11.08.2021 01:18:42.646,1.2525700000000002,1.25245,1,1.12
11.08.2021 01:18:42.748,1.25258,1.25245,1,1.12
11.08.2021 01:19:05.923,1.25258,1.2524600000000001,1.5,1.2
11.08.2021 01:19:06.925,1.25258,1.25245,1,1.2
11.08.2021 01:19:10.298,1.25258,1.25245,1,1.22
11.08.2021 01:19:11.106,1.2525700000000002,1.25245,1,1.12
11.08.2021 01:19:13.336,1.25258,1.25245,1.5,1.12
11.08.2021 01:19:20.130,1.2525700000000002,1.2524600000000001,1,1.97
11.08.2021 01:19:25.036,1.25259,1.25245,1.5,1.6
11.08.2021 01:19:28.976,1.25258,1.2524600000000001,1.5,1.2
11.08.2021 01:19:33.999,1.25259,1.25245,1.5,2.72
11.08.2021 01:19:36.331,1.25259,1.25245,1.5,1.95
11.08.2021 01:19:40.115,1.2525700000000002,1.25245,1,1.2
11.08.2021 01:19:40.465,1.2525700000000002,1.2524600000000001,1,1.2
11.08.2021 01:19:40.875,1.25255,1.2524600000000001,1,1.2
11.08.2021 01:19:46.414,1.25255,1.2524700000000002,1,1.1
11.08.2021 01:19:55.823,1.25261,1.2525000000000002,1,1.97
11.08.2021 01:19:55.874,1.25263,1.25251,1,2.32
11.08.2021 01:19:55.926,1.25263,1.25253,1,1
11.08.2021 01:19:59.131,1.25264,1.25255,1,1.22
11.08.2021 01:19:59.233,1.25265,1.25255,1,2.7
11.08.2021 01:20:02.397,1.25265,1.25254,1,1.95
11.08.2021 01:20:03.221,1.25264,1.25253,1,1.2
11.08.2021 01:20:11.223,1.25262,1.25252,1,2.07
11.08.2021 01:20:15.242,1.25263,1.25252,1,2.07
11.08.2021 01:20:34.609,1.25263,1.25252,1,1.2
11.08.2021 01:20:34.862,1.25262,1.25254,1,1
11.08.2021 01:20:36.612,1.25264,1.25253,1,1.1
11.08.2021 01:20:37.642,1.25262,1.25253,1,1.1
11.08.2021 01:20:39.419,1.25262,1.25251,1,1.2
11.08.2021 01:20:39.520,1.25259,1.25249,1,1.22
11.08.2021 01:20:42.854,1.25259,1.25249,1,1.1
11.08.2021 01:20:52.628,1.25258,1.2524700000000002,1,1.22
11.08.2021 01:20:52.729,1.2525700000000002,1.2524600000000001,1,1.22
11.08.2021 01:20:53.089,1.2525600000000001,1.2524700000000002,1,1.2
11.08.2021 01:20:53.241,1.25255,1.2524600000000001,1,1.6
11.08.2021 01:20:54.976,1.2525600000000001,1.25245,1,1.2
11.08.2021 01:21:07.770,1.2525600000000001,1.2524600000000001,1,1.2
11.08.2021 01:21:07.872,1.2525700000000002,1.2524600000000001,1,1.95
11.08.2021 01:21:07.923,1.25259,1.2524700000000002,1,1.1
11.08.2021 01:21:08.024,1.25258,1.2524700000000002,1,1.1
11.08.2021 01:21:09.500,1.2525600000000001,1.2524700000000002,1,1.97
11.08.2021 01:21:09.601,1.2525700000000002,1.2524700000000002,1,2.72
11.08.2021 01:21:09.702,1.2525700000000002,1.2524700000000002,1,2.72
11.08.2021 01:21:16.764,1.2525600000000001,1.2524700000000002,1,1.1
11.08.2021 01:21:16.967,1.25258,1.2524700000000002,1,1.1
11.08.2021 01:21:19.273,1.25258,1.25245,1.5,1.97
11.08.2021 01:21:19.735,1.2525600000000001,1.25245,1,1.97
11.08.2021 01:21:19.836,1.2525700000000002,1.25245,1,2.72
11.08.2021 01:21:21.678,1.2525700000000002,1.2524600000000001,1,1.1
11.08.2021 01:21:35.632,1.2525700000000002,1.25245,1,1.22
11.08.2021 01:21:37.675,1.2525700000000002,1.2524600000000001,1,1.1
11.08.2021 01:21:46.191,1.2525600000000001,1.2524600000000001,1,1.22
11.08.2021 01:21:51.191,1.25255,1.2524600000000001,1,1.22
11.08.2021 01:22:00.682,1.25254,1.2524600000000001,1,1.6
11.08.2021 01:22:00.783,1.25255,1.25245,1,1.2
11.08.2021 01:22:08.121,1.2525600000000001,1.25245,1,1.6
11.08.2021 01:22:12.744,1.2525600000000001,1.25245,1,1.1
11.08.2021 01:22:17.261,1.25255,1.2524600000000001,1,1.97
11.08.2021 01:22:26.106,1.2525700000000002,1.25245,1,1.97
11.08.2021 01:22:26.333,1.2525700000000002,1.2524700000000002,1,1.22
11.08.2021 01:23:13.948,1.25258,1.25245,1,1.72
11.08.2021 01:23:23.756,1.2525700000000002,1.25244,1,2.1
11.08.2021 01:23:29.284,1.2525700000000002,1.25244,1,2.1
11.08.2021 01:23:29.981,1.2525700000000002,1.25244,1,1.6
11.08.2021 01:23:32.244,1.25255,1.25245,1,1.6
11.08.2021 01:23:34.545,1.2525600000000001,1.2524600000000001,1,1.1
11.08.2021 01:23:44.849,1.25259,1.25248,1,2.32
11.08.2021 01:23:45.333,1.25261,1.25251,1,1.2
11.08.2021 01:23:45.384,1.25263,1.25251,1,1.22
11.08.2021 01:23:45.638,1.25262,1.2525000000000002,1,2.85
11.08.2021 01:23:45.739,1.25263,1.25251,1,1.97
11.08.2021 01:23:45.841,1.25262,1.2525000000000002,1,2.85
11.08.2021 01:23:45.993,1.25262,1.25252,1,1.22
11.08.2021 01:23:50.258,1.25264,1.25251,1,2.85
11.08.2021 01:23:50.361,1.25263,1.25252,1,2.1
11.08.2021 01:23:52.256,1.25263,1.25251,1,2.1
11.08.2021 01:23:53.605,1.25263,1.25251,1,2.1
11.08.2021 01:23:56.071,1.25262,1.2525000000000002,1,2.85
11.08.2021 01:24:01.976,1.25262,1.2525000000000002,1,1.6
11.08.2021 01:24:29.064,1.25259,1.2524700000000002,1,1.22
11.08.2021 01:24:29.166,1.2526000000000002,1.2525000000000002,1,1
11.08.2021 01:24:29.268,1.25261,1.2525000000000002,1,1.1
11.08.2021 01:24:29.759,1.25262,1.25253,1,1.1
11.08.2021 01:24:29.860,1.25264,1.25252,1,1.1
11.08.2021 01:24:29.961,1.25264,1.25253,1,1
11.08.2021 01:24:30.738,1.25264,1.25255,1,2.89
11.08.2021 01:24:30.839,1.25266,1.25254,1,2.91
11.08.2021 01:24:39.466,1.25264,1.25254,1,1.1
11.08.2021 01:24:42.348,1.25263,1.25253,1,1
11.08.2021 01:24:42.450,1.25264,1.25253,1,1
11.08.2021 01:24:42.551,1.25265,1.25255,1,1
11.08.2021 01:24:49.027,1.25266,1.2525600000000001,1,1
11.08.2021 01:25:00.229,1.25266,1.25255,1,1
11.08.2021 01:25:01.695,1.25265,1.25255,1,1
11.08.2021 01:25:02.653,1.25265,1.25254,1,1
11.08.2021 01:25:02.812,1.25266,1.25255,1,1
11.08.2021 01:25:02.914,1.25264,1.25253,1,1
11.08.2021 01:25:03.016,1.25265,1.25252,1.6,1
11.08.2021 01:25:03.534,1.25265,1.2525600000000001,1.1,1
11.08.2021 01:25:03.635,1.25266,1.25254,1,1
11.08.2021 01:25:07.063,1.25265,1.2525600000000001,1,1
11.08.2021 01:25:07.164,1.25265,1.25255,1,1
11.08.2021 01:25:07.891,1.25266,1.25253,1,1
11.08.2021 01:25:07.993,1.25268,1.2525600000000001,1,1
11.08.2021 01:25:19.871,1.2526700000000002,1.2525600000000001,1,1.25
11.08.2021 01:25:19.973,1.2526700000000002,1.25253,1,2.29
11.08.2021 01:25:27.417,1.2526700000000002,1.25253,1,1.2
11.08.2021 01:25:27.751,1.25265,1.25253,1,1.95
11.08.2021 01:25:28.004,1.25265,1.25252,1,1.2
11.08.2021 01:25:28.921,1.25265,1.25253,1,1
11.08.2021 01:25:29.022,1.25265,1.25254,1.5,1
11.08.2021 01:25:29.727,1.25266,1.25253,1,1.97
11.08.2021 01:25:31.879,1.25263,1.25253,1,1.22
11.08.2021 01:25:32.141,1.25262,1.25253,1,1.2
11.08.2021 01:25:36.627,1.25263,1.25253,1,1.2
11.08.2021 01:25:38.936,1.25261,1.25254,1,1.2
11.08.2021 01:25:39.162,1.25262,1.25254,1,1.2
11.08.2021 01:26:03.253,1.25262,1.25253,1,1.12
11.08.2021 01:26:03.354,1.25261,1.25253,1,1
11.08.2021 01:26:06.572,1.25262,1.2525000000000002,1,4.32
11.08.2021 01:26:11.934,1.25263,1.2525000000000002,1,4.32
11.08.2021 01:26:35.894,1.25262,1.25253,1,1
11.08.2021 01:26:35.995,1.25264,1.25252,1,1.1
11.08.2021 01:26:41.770,1.25265,1.25252,1,2.1
11.08.2021 01:26:46.713,1.25264,1.25252,1,1.6
11.08.2021 01:26:51.685,1.25264,1.25253,1,1.6
11.08.2021 01:26:54.766,1.25264,1.25252,1,1.6
11.08.2021 01:26:55.567,1.2526000000000002,1.25251,1,3.45
11.08.2021 01:26:55.668,1.25261,1.25248,1,1.22
11.08.2021 01:27:00.977,1.25261,1.2524700000000002,1,2.29
11.08.2021 01:27:03.014,1.2526000000000002,1.25248,1,2.16
11.08.2021 01:27:03.658,1.25263,1.25252,1,1.95
11.08.2021 01:27:03.759,1.25265,1.25251,1.5,1.22
11.08.2021 01:27:08.347,1.25264,1.25252,1.5,1.2
11.08.2021 01:27:08.549,1.25265,1.25251,1.5,1.97
11.08.2021 01:27:10.237,1.25263,1.25252,1,1.6
11.08.2021 01:27:10.394,1.25263,1.25251,1.5,2.16
11.08.2021 01:27:10.445,1.25262,1.25248,1,1.85
11.08.2021 01:27:10.704,1.25262,1.2524700000000002,1.5,2.85
11.08.2021 01:27:10.924,1.25259,1.2524600000000001,1,1.22
11.08.2021 01:27:11.025,1.25259,1.2524600000000001,1.5,1.97
11.08.2021 01:27:11.355,1.25259,1.2524600000000001,1.5,1.97
11.08.2021 01:27:13.911,1.25259,1.25245,1.5,2.85
11.08.2021 01:27:15.925,1.25259,1.25245,1.5,2.85
11.08.2021 01:27:16.731,1.25258,1.2524600000000001,1.5,2.85
11.08.2021 01:27:16.832,1.25259,1.25245,1.5,2.85
11.08.2021 01:27:18.877,1.25258,1.25245,1,1.1
11.08.2021 01:27:19.029,1.2525600000000001,1.25244,1,1.95
11.08.2021 01:27:19.130,1.2525600000000001,1.25245,1.5,1.2
11.08.2021 01:27:19.886,1.2525600000000001,1.25243,1,1.6
11.08.2021 01:27:28.448,1.25253,1.25241,1.5,2.8
11.08.2021 01:27:28.550,1.2525000000000002,1.25241,1,1.65
11.08.2021 01:27:28.824,1.2525000000000002,1.2523900000000001,1.5,1.22
11.08.2021 01:27:31.789,1.25249,1.2524,1,1.2
11.08.2021 01:27:32.027,1.25249,1.2524,1,1.97
11.08.2021 01:27:33.581,1.25249,1.2523900000000001,1,2.1
11.08.2021 01:27:35.436,1.25251,1.2523900000000001,1,2.22
11.08.2021 01:27:35.539,1.25252,1.2523900000000001,1.5,1.2
11.08.2021 01:27:35.691,1.25252,1.2523900000000001,1.5,2.22
11.08.2021 01:27:36.455,1.25251,1.2523900000000001,1,1.85
11.08.2021 01:27:37.635,1.25251,1.2524,1.5,1.85
11.08.2021 01:27:38.878,1.2525000000000002,1.2524,1,1.35
11.08.2021 01:27:39.133,1.25252,1.2523900000000001,1.5,1.35
11.08.2021 01:27:40.519,1.25251,1.2523900000000001,1,1.35
11.08.2021 01:27:43.051,1.25252,1.2523900000000001,1.5,1.35
11.08.2021 01:27:44.104,1.25251,1.25238,1.5,2.16
11.08.2021 01:27:46.365,1.2525000000000002,1.25238,1,1.6
11.08.2021 01:27:47.910,1.25249,1.2523700000000002,1,3.04
11.08.2021 01:27:51.366,1.25249,1.25235,1,1.6
11.08.2021 01:27:55.597,1.25245,1.25234,1,1.1
11.08.2021 01:27:55.699,1.25243,1.25232,1,1.35
11.08.2021 01:27:55.801,1.25243,1.25231,1,1.85
11.08.2021 01:27:55.902,1.25244,1.25231,1,2.22
11.08.2021 01:27:56.261,1.2524700000000002,1.25234,1.5,1.79
11.08.2021 01:27:56.362,1.2524600000000001,1.25235,1,3.04
11.08.2021 01:27:57.307,1.25249,1.25235,1,2.72
11.08.2021 01:27:58.133,1.2525000000000002,1.2523600000000001,1.5,1.22
11.08.2021 01:27:58.234,1.25248,1.2523700000000002,1,1.22
11.08.2021 01:27:58.386,1.2524600000000001,1.25235,1,3.04
11.08.2021 01:27:58.495,1.25249,1.25235,1.5,1.22
11.08.2021 01:27:58.546,1.2524700000000002,1.25233,1,1.41
11.08.2021 01:27:58.907,1.2524700000000002,1.25233,1,1.41
11.08.2021 01:28:00.781,1.2524600000000001,1.25234,1,1.39
11.08.2021 01:28:07.707,1.25244,1.2523,1.5,3.41
11.08.2021 01:28:09.315,1.25241,1.25231,1,1.35
11.08.2021 01:28:11.243,1.2524600000000001,1.25234,1,1.6
11.08.2021 01:28:11.293,1.2524700000000002,1.25235,1.5,2.1
11.08.2021 01:28:12.181,1.25249,1.25235,1.5,1.22
11.08.2021 01:28:13.699,1.2524700000000002,1.25234,1.5,3.1
11.08.2021 01:28:13.800,1.2524700000000002,1.25234,1.5,3.1
11.08.2021 01:28:13.901,1.2524600000000001,1.25234,1,3.1
11.08.2021 01:28:14.052,1.2524700000000002,1.25232,1.5,1.41
11.08.2021 01:28:14.628,1.25244,1.25231,1.5,1.79
11.08.2021 01:28:14.915,1.25243,1.25232,1.5,1.57
11.08.2021 01:28:17.799,1.25243,1.25232,1.5,1.6
11.08.2021 01:28:23.106,1.25243,1.25231,1,2.91
11.08.2021 01:28:24.851,1.25244,1.2523,1,2.35
11.08.2021 01:28:30.191,1.25243,1.2523,1,1.97
11.08.2021 01:28:33.633,1.25243,1.2523,1,2.91
11.08.2021 01:28:33.735,1.25242,1.25231,1,1.22
11.08.2021 01:28:33.836,1.25243,1.2522900000000001,1,3.79
11.08.2021 01:28:34.655,1.25243,1.2522900000000001,1.5,2.1
11.08.2021 01:28:34.757,1.25242,1.2522900000000001,1,1.2
11.08.2021 01:28:38.082,1.25243,1.2523,1.5,1
11.08.2021 01:28:38.183,1.25248,1.2523600000000001,1,1
11.08.2021 01:28:38.385,1.25248,1.25234,1.5,1.85
11.08.2021 01:28:38.487,1.25248,1.25233,1.5,1.1
11.08.2021 01:28:39.081,1.25248,1.25235,1.5,2.7
11.08.2021 01:28:39.183,1.25249,1.2523600000000001,1,1.12
11.08.2021 01:28:39.652,1.25249,1.2523700000000002,1.5,1.87
11.08.2021 01:28:39.855,1.25249,1.25235,1,1.6
11.08.2021 01:28:39.957,1.2525000000000002,1.2523600000000001,1.5,1.12
11.08.2021 01:28:42.977,1.2525000000000002,1.2523600000000001,1.5,2.07
11.08.2021 01:28:47.864,1.25249,1.2523600000000001,1,2.07
11.08.2021 01:28:48.337,1.25248,1.2523700000000002,1,1.95
11.08.2021 01:28:52.651,1.2524600000000001,1.25235,1,1
11.08.2021 01:28:52.752,1.25243,1.25232,1,1.35
11.08.2021 01:28:52.922,1.25241,1.2523,1,1.76
11.08.2021 01:28:53.124,1.2523900000000001,1.2523,1,3.35
11.08.2021 01:28:53.226,1.2523900000000001,1.25232,1,1.1
11.08.2021 01:28:57.192,1.25241,1.25231,1,1.1
11.08.2021 01:29:00.311,1.2524,1.25231,1,1.1
11.08.2021 01:29:10.105,1.25238,1.25231,1,2.91
11.08.2021 01:29:16.003,1.2523900000000001,1.25231,1,2.16
11.08.2021 01:29:19.892,1.25241,1.2523,1,2.16
11.08.2021 01:29:21.663,1.2524,1.25231,1,2.14
11.08.2021 01:29:31.069,1.25242,1.2523,1,2.89
11.08.2021 01:29:38.022,1.25241,1.2523,1,2.89
11.08.2021 01:29:40.428,1.25241,1.25231,1,2.91
11.08.2021 01:29:41.135,1.25241,1.25233,1,1
11.08.2021 01:29:42.235,1.25242,1.25231,1,1.1
11.08.2021 01:29:43.184,1.25242,1.2523,1,1.2
11.08.2021 01:29:43.286,1.25241,1.2523,1,1.97
11.08.2021 01:29:43.387,1.25241,1.2523,1,1.95
11.08.2021 01:29:43.794,1.25241,1.2523,1,2.16
11.08.2021 01:29:48.968,1.25244,1.25233,1,1
11.08.2021 01:29:51.911,1.25243,1.25233,1,1
11.08.2021 01:29:57.683,1.25244,1.25231,1,1
11.08.2021 01:29:59.707,1.25244,1.2523,1,1.87
11.08.2021 01:30:00.302,1.25243,1.25232,1,1
11.08.2021 01:30:00.857,1.25242,1.25231,1,1.5
11.08.2021 01:30:01.377,1.25242,1.2523,1,1
11.08.2021 01:30:01.478,1.25243,1.2523,1,1.5
11.08.2021 01:30:16.893,1.25243,1.25231,1.1,1
11.08.2021 01:30:18.096,1.25243,1.25231,1.6,1
11.08.2021 01:30:18.608,1.25244,1.2523,1.1,1
11.08.2021 01:30:38.019,1.25244,1.25232,1,2.47
11.08.2021 01:30:38.070,1.2524600000000001,1.2523600000000001,1,1
11.08.2021 01:30:38.273,1.2524700000000002,1.25234,1.5,1
11.08.2021 01:30:41.994,1.2524600000000001,1.25233,2.32,1
11.08.2021 01:30:42.095,1.25245,1.25233,1,1
11.08.2021 01:30:42.374,1.25243,1.25232,1,1.12
11.08.2021 01:30:52.392,1.25241,1.2523,1,1.12
11.08.2021 01:30:52.493,1.25238,1.2522700000000002,1,1.1
11.08.2021 01:30:52.645,1.2524,1.2522600000000002,1.5,1.01
11.08.2021 01:30:52.746,1.2523900000000001,1.2522700000000002,1,2.54
11.08.2021 01:30:54.522,1.2523700000000002,1.25225,1,1.5
11.08.2021 01:30:54.573,1.25235,1.25224,1,1.1
11.08.2021 01:30:54.674,1.25235,1.25222,1,1.6
11.08.2021 01:30:54.775,1.25235,1.25222,1,1.2
11.08.2021 01:30:56.638,1.25235,1.25225,1,1
11.08.2021 01:30:57.680,1.2524,1.2522700000000002,1.95,1
11.08.2021 01:31:00.343,1.2523900000000001,1.25225,1,2.07
11.08.2021 01:31:01.695,1.2523600000000001,1.25223,1,1.72
11.08.2021 01:31:01.899,1.25235,1.25224,1,1.1
11.08.2021 01:31:03.388,1.2523600000000001,1.25221,1.5,1.95
11.08.2021 01:31:05.017,1.25234,1.25222,1.12,2
11.08.2021 01:31:07.238,1.2523600000000001,1.25222,1.12,1.7
11.08.2021 01:31:07.339,1.2523600000000001,1.25225,2,2
11.08.2021 01:31:10.112,1.2523600000000001,1.2522600000000002,1,1.12
11.08.2021 01:31:10.549,1.2523600000000001,1.25225,1.5,2.25
11.08.2021 01:31:12.625,1.25241,1.25228,1.5,1.12
11.08.2021 01:31:12.727,1.25241,1.25228,1,2.45
11.08.2021 01:31:12.829,1.25243,1.2522900000000001,1.5,2.45
11.08.2021 01:31:13.398,1.25243,1.2522900000000001,1.5,3.22
11.08.2021 01:31:13.612,1.25243,1.2523,1.5,1.6
11.08.2021 01:31:15.585,1.25243,1.2522900000000001,1.5,2.47
11.08.2021 01:31:16.139,1.25243,1.2522900000000001,1.5,2.47
11.08.2021 01:31:16.732,1.25242,1.2523,1.5,3.22
11.08.2021 01:31:17.229,1.25242,1.25231,1.5,1.6
11.08.2021 01:31:17.431,1.25243,1.2522900000000001,1.5,3.22
11.08.2021 01:31:17.632,1.25243,1.2523,1.5,1.6
11.08.2021 01:31:17.835,1.25242,1.25231,1,1.6
11.08.2021 01:31:18.037,1.25243,1.2522900000000001,1,2.47
11.08.2021 01:31:20.784,1.25244,1.25233,1.2,1
11.08.2021 01:31:23.582,1.25243,1.25233,1,1
11.08.2021 01:31:23.683,1.25241,1.25234,1,1
11.08.2021 01:31:27.308,1.25241,1.25233,1,1
11.08.2021 01:31:27.819,1.25242,1.25233,1,1
11.08.2021 01:31:29.589,1.25243,1.25231,1.2,1
11.08.2021 01:31:31.231,1.25243,1.25232,1,1
11.08.2021 01:31:40.958,1.25244,1.25232,1,1
11.08.2021 01:31:46.300,1.25243,1.25231,1,1
11.08.2021 01:31:50.027,1.25242,1.25231,1,1
11.08.2021 01:31:54.747,1.25241,1.2522900000000001,1,1
11.08.2021 01:31:54.848,1.25241,1.25231,1,1
11.08.2021 01:31:57.053,1.25242,1.2522900000000001,1.5,1
11.08.2021 01:31:57.104,1.2524,1.25228,1,1.12
11.08.2021 01:31:58.054,1.2524,1.2522900000000001,1.12,1
11.08.2021 01:31:58.155,1.25241,1.2523,1.1,1
11.08.2021 01:32:01.054,1.25242,1.25228,2.1,1.1
11.08.2021 01:32:02.447,1.2523700000000002,1.25228,1.12,1
11.08.2021 01:32:02.498,1.2523600000000001,1.25224,1,1.5
11.08.2021 01:32:02.650,1.2523600000000001,1.25224,1,1
11.08.2021 01:32:06.502,1.25235,1.25225,1,1.5
11.08.2021 01:32:06.661,1.2523600000000001,1.25224,1,1.5
11.08.2021 01:32:07.444,1.2523600000000001,1.25225,1.12,1.5
11.08.2021 01:32:11.941,1.2523600000000001,1.25224,1,1.5
11.08.2021 01:32:18.435,1.2523600000000001,1.25225,1,1
11.08.2021 01:32:19.141,1.2524,1.2522900000000001,1,1
11.08.2021 01:32:19.243,1.2523900000000001,1.25232,1,1
11.08.2021 01:32:19.770,1.25241,1.25232,1.6,1
11.08.2021 01:32:21.476,1.25243,1.25231,1.6,1
11.08.2021 01:32:25.254,1.25243,1.25231,1,1.57
11.08.2021 01:32:25.406,1.25243,1.25232,1,1
11.08.2021 01:32:26.314,1.25243,1.25231,1,1.57
11.08.2021 01:32:26.746,1.25243,1.25232,1,1
11.08.2021 01:32:26.848,1.25244,1.25232,1.87,1
11.08.2021 01:32:29.086,1.25243,1.25232,1,1
11.08.2021 01:32:33.070,1.25243,1.25231,1,1
11.08.2021 01:32:35.782,1.25242,1.25231,1,1
11.08.2021 01:32:45.215,1.25242,1.25232,1,1.57
11.08.2021 01:32:47.847,1.25242,1.25231,1,1.2
11.08.2021 01:32:50.294,1.25242,1.25231,1,1.6
11.08.2021 01:32:50.762,1.25242,1.25233,1,1
11.08.2021 01:32:50.863,1.25242,1.25234,1,1
11.08.2021 01:32:51.384,1.25242,1.25233,1,1.12
11.08.2021 01:33:00.157,1.25241,1.25233,1,1.12
11.08.2021 01:33:00.906,1.25242,1.25232,1,1.6
11.08.2021 01:33:01.057,1.25242,1.25232,1,1.1
11.08.2021 01:33:01.858,1.25243,1.25232,1,1.1
11.08.2021 01:33:10.984,1.25244,1.2523600000000001,1,1
11.08.2021 01:33:11.035,1.2524600000000001,1.25233,1.1,3
11.08.2021 01:33:11.137,1.25245,1.25232,1,1.79
11.08.2021 01:33:13.512,1.25245,1.25232,1,1.76
11.08.2021 01:33:14.240,1.25245,1.25234,1,1
11.08.2021 01:33:14.392,1.25245,1.25233,1,1
11.08.2021 01:33:14.493,1.25245,1.25234,1,1
11.08.2021 01:33:19.191,1.2524600000000001,1.25234,1,1.76
11.08.2021 01:33:19.292,1.25245,1.2523700000000002,1,1
11.08.2021 01:33:24.190,1.2524700000000002,1.2523600000000001,1,1
11.08.2021 01:33:26.454,1.2524700000000002,1.25234,1,1.1
11.08.2021 01:33:27.675,1.2524700000000002,1.25234,1,1.1
11.08.2021 01:33:30.572,1.2524700000000002,1.2523600000000001,1,1
11.08.2021 01:33:33.717,1.25248,1.2523600000000001,1,1.1
11.08.2021 01:33:33.818,1.25248,1.25238,1,1
11.08.2021 01:33:39.209,1.25249,1.25238,1,1
11.08.2021 01:33:41.285,1.2525000000000002,1.25238,1,1
11.08.2021 01:33:44.917,1.2525000000000002,1.2523700000000002,1.5,1.1
11.08.2021 01:33:48.191,1.25249,1.2523700000000002,1,1
11.08.2021 01:33:51.660,1.25249,1.2523700000000002,1,1.6
11.08.2021 01:33:52.208,1.25251,1.25238,1.5,1.1
11.08.2021 01:33:55.036,1.2524600000000001,1.25238,1,1.1
11.08.2021 01:33:59.148,1.2524600000000001,1.2523900000000001,1,1.35
11.08.2021 01:34:02.443,1.2524700000000002,1.25238,1,1.2
11.08.2021 01:34:07.299,1.25248,1.25238,1,1.2
11.08.2021 01:34:07.401,1.2524700000000002,1.2523900000000001,1,1.6
11.08.2021 01:34:12.511,1.25248,1.25238,1,1.2
11.08.2021 01:34:15.232,1.25248,1.25238,1,1.6
11.08.2021 01:34:20.094,1.25248,1.2523900000000001,1,2.1
11.08.2021 01:34:21.964,1.25249,1.2523900000000001,1,2.1
11.08.2021 01:34:23.155,1.25249,1.25238,1,1.6
11.08.2021 01:34:23.307,1.25249,1.25238,1,1.1
11.08.2021 01:34:32.483,1.25248,1.2523700000000002,1,1
11.08.2021 01:34:36.779,1.25248,1.2523600000000001,1.5,1
11.08.2021 01:34:36.830,1.25245,1.25232,1.5,1.1
11.08.2021 01:34:36.931,1.25244,1.25232,1,1
11.08.2021 01:34:38.169,1.25243,1.25232,1,1.1
11.08.2021 01:34:39.582,1.25244,1.25232,1,1.25
11.08.2021 01:34:39.835,1.25244,1.25233,1,1
11.08.2021 01:34:40.996,1.25244,1.25232,1,1.12
11.08.2021 01:34:41.556,1.25245,1.25232,1.5,1.12
11.08.2021 01:34:52.959,1.25244,1.25231,1,1.2
11.08.2021 01:34:57.004,1.25241,1.2523,1,1.22
11.08.2021 01:35:00.509,1.25242,1.2522700000000002,1.1,1.95
11.08.2021 01:35:00.610,1.2524,1.25225,1,2.85
11.08.2021 01:35:00.712,1.2524,1.25225,1.1,2.72
11.08.2021 01:35:02.409,1.25238,1.2522600000000002,1,2.72
11.08.2021 01:35:02.510,1.2524,1.25225,1.1,2.72
11.08.2021 01:35:29.295,1.2523700000000002,1.25223,1,1.22
11.08.2021 01:35:29.446,1.2523600000000001,1.25224,1.57,1.2
11.08.2021 01:35:33.183,1.2523700000000002,1.25225,1,1.95
11.08.2021 01:35:33.284,1.25241,1.2523,1.57,1
11.08.2021 01:35:33.385,1.25241,1.25231,1.1,1
11.08.2021 01:35:33.637,1.25242,1.25231,1.57,1
11.08.2021 01:35:34.523,1.25243,1.2523,1,1.6
11.08.2021 01:35:35.528,1.25242,1.25231,1,2.1
11.08.2021 01:35:35.657,1.25243,1.2523,1,1.6
11.08.2021 01:35:38.233,1.25244,1.2523,1,1.72
11.08.2021 01:35:38.435,1.25243,1.25231,1,1.72
11.08.2021 01:35:38.637,1.25243,1.25231,1,1.72
11.08.2021 01:35:39.222,1.25244,1.2523,1,1.72
11.08.2021 01:35:40.648,1.25244,1.2523,1,1.72
11.08.2021 01:35:40.851,1.25244,1.2523,1,1.72
11.08.2021 01:35:41.632,1.25243,1.25231,1,1.22
11.08.2021 01:35:41.992,1.25244,1.2523,1.1,1.2
11.08.2021 01:35:43.878,1.25243,1.2523,1.1,1
11.08.2021 01:36:06.910,1.25241,1.25228,1,2.72
11.08.2021 01:36:07.011,1.2523700000000002,1.25224,1,2.02
11.08.2021 01:36:14.079,1.2523700000000002,1.25225,1,1
11.08.2021 01:36:14.735,1.2523700000000002,1.2522600000000002,1.5,1.57
11.08.2021 01:36:19.811,1.2523900000000001,1.2522600000000002,1.5,1
11.08.2021 01:36:24.906,1.2523700000000002,1.25225,1,1.1
11.08.2021 01:36:24.957,1.2523600000000001,1.25223,1,2.51
11.08.2021 01:36:32.605,1.25241,1.25228,1,1.5
11.08.2021 01:36:32.707,1.25241,1.2523,1.95,1
11.08.2021 01:36:37.951,1.25242,1.2523,1,1
11.08.2021 01:36:38.052,1.25243,1.25232,1.57,1
11.08.2021 01:36:46.916,1.2524,1.2522700000000002,1.1,1
11.08.2021 01:37:01.335,1.25238,1.25225,1.57,1
11.08.2021 01:37:01.436,1.2523600000000001,1.25225,1,1
11.08.2021 01:37:04.163,1.2523700000000002,1.25225,1,1
11.08.2021 01:37:11.927,1.2523700000000002,1.25225,1,1.6
11.08.2021 01:37:13.140,1.2523700000000002,1.25225,1,1.2
11.08.2021 01:37:13.909,1.2523700000000002,1.25225,1,1.6
11.08.2021 01:37:15.156,1.2523700000000002,1.25225,1,1.2
11.08.2021 01:37:15.766,1.2523600000000001,1.2522600000000002,1,1.6
11.08.2021 01:37:16.243,1.2523600000000001,1.2522600000000002,1,1.2
11.08.2021 01:37:16.974,1.2523700000000002,1.25225,1,1.6
11.08.2021 01:37:17.710,1.2523700000000002,1.25225,1,1.2
11.08.2021 01:37:18.214,1.2523700000000002,1.25225,1,1.6
11.08.2021 01:37:20.184,1.2523600000000001,1.2522600000000002,1,1.2
11.08.2021 01:37:20.353,1.2523700000000002,1.25225,1,1.6
11.08.2021 01:37:20.554,1.2523700000000002,1.25225,1,1.2
11.08.2021 01:37:27.648,1.2523700000000002,1.25224,1,1.87
11.08.2021 01:37:27.850,1.2523700000000002,1.25225,1,1.25
11.08.2021 01:37:28.414,1.2523700000000002,1.25224,1,1.2
11.08.2021 01:37:28.766,1.2523700000000002,1.25225,1,1.25
11.08.2021 01:37:38.162,1.2523700000000002,1.25224,1,1
11.08.2021 01:37:39.329,1.2523700000000002,1.25224,1.5,1.82
11.08.2021 01:37:43.164,1.2523700000000002,1.25224,1,1
11.08.2021 01:37:44.267,1.2523700000000002,1.25225,1.5,1
11.08.2021 01:37:44.369,1.2523700000000002,1.25224,1.5,1
11.08.2021 01:38:00.705,1.2523900000000001,1.25228,1,1.87
11.08.2021 01:38:00.806,1.2524,1.25228,1,1
11.08.2021 01:38:01.063,1.25241,1.25228,1.57,1
11.08.2021 01:38:11.160,1.25238,1.25225,2.25,1
11.08.2021 01:38:11.261,1.2523600000000001,1.25223,1,1
11.08.2021 01:38:13.336,1.2523600000000001,1.25223,1.5,2
11.08.2021 01:38:13.724,1.2523600000000001,1.25223,1.5,1
11.08.2021 01:38:24.099,1.2523600000000001,1.25223,1,1.5
11.08.2021 01:38:24.304,1.25235,1.25224,1,1.12
11.08.2021 01:38:34.892,1.2523600000000001,1.25223,1.5,2.07
11.08.2021 01:38:40.517,1.2523600000000001,1.25223,1,1.1
11.08.2021 01:38:50.661,1.2523600000000001,1.25224,1.5,1
11.08.2021 01:38:51.567,1.2523600000000001,1.25223,1,2.07
11.08.2021 01:38:52.874,1.25235,1.2522700000000002,1,1
11.08.2021 01:38:54.091,1.2523600000000001,1.25224,1,1.5
11.08.2021 01:38:54.293,1.25235,1.25225,1,1.12
11.08.2021 01:38:54.455,1.25235,1.25225,1,1.5
11.08.2021 01:38:55.261,1.2523600000000001,1.2522600000000002,1,1
11.08.2021 01:39:02.800,1.2523600000000001,1.25225,1.5,1.01
11.08.2021 01:39:02.952,1.2523900000000001,1.2522600000000002,1.5,2.51
11.08.2021 01:39:03.053,1.2523900000000001,1.2522700000000002,1,1.1
11.08.2021 01:39:03.724,1.2524,1.25231,1,1
11.08.2021 01:39:03.876,1.25241,1.2522900000000001,1,1
11.08.2021 01:39:07.199,1.25241,1.2523,1,1
11.08.2021 01:39:07.300,1.25241,1.25231,1,1
11.08.2021 01:39:08.795,1.25245,1.25234,1.5,3.7
11.08.2021 01:39:08.897,1.2524600000000001,1.2523600000000001,1,1.1
11.08.2021 01:39:08.998,1.25248,1.2523600000000001,1,1
11.08.2021 01:39:11.389,1.25249,1.2523700000000002,1,1.1
11.08.2021 01:39:12.466,1.2525000000000002,1.2523700000000002,1.5,2.14
11.08.2021 01:39:12.567,1.25249,1.2523900000000001,1,1.5
11.08.2021 01:39:24.738,1.25248,1.25238,1,1.1
11.08.2021 01:39:24.840,1.25249,1.2523600000000001,1.5,1
11.08.2021 01:39:30.192,1.25248,1.2523600000000001,1,1
11.08.2021 01:39:31.277,1.2524600000000001,1.2523600000000001,1,1.1
11.08.2021 01:39:31.379,1.25243,1.25233,1,1.5
11.08.2021 01:39:31.633,1.25244,1.25231,1,1
11.08.2021 01:39:32.589,1.25244,1.25234,1,1.76
11.08.2021 01:39:32.690,1.25245,1.25234,1,1.01
11.08.2021 01:39:32.842,1.25245,1.25235,1,1
11.08.2021 01:39:33.017,1.25245,1.25234,1,1.01
11.08.2021 01:39:33.556,1.25243,1.25232,1,1.01
11.08.2021 01:39:34.599,1.25244,1.25233,1,1
11.08.2021 01:39:36.724,1.2524600000000001,1.25235,1,1
11.08.2021 01:39:36.825,1.2524700000000002,1.25235,1,1.1
11.08.2021 01:39:42.853,1.2525000000000002,1.2523700000000002,1.5,1.1
11.08.2021 01:39:42.955,1.2525000000000002,1.25238,1,1
11.08.2021 01:39:45.996,1.25245,1.25233,1,2.32
11.08.2021 01:39:46.097,1.25244,1.25233,1,1
11.08.2021 01:40:04.091,1.25244,1.25234,1,1
11.08.2021 01:40:04.142,1.25249,1.2523700000000002,1,1.1
11.08.2021 01:40:04.243,1.25249,1.25238,1,1
11.08.2021 01:40:10.667,1.25249,1.2523600000000001,1,1.1
11.08.2021 01:40:10.768,1.25248,1.2523900000000001,1,1
11.08.2021 01:40:21.103,1.2525000000000002,1.25238,1,1
11.08.2021 01:40:28.596,1.25251,1.25238,1.5,1
11.08.2021 01:40:44.000,1.2524700000000002,1.25235,1.57,1
11.08.2021 01:40:44.101,1.25245,1.25234,1.5,1
11.08.2021 01:40:44.152,1.25244,1.25233,1.5,1.12
11.08.2021 01:40:47.188,1.25244,1.25233,1.5,1.35
11.08.2021 01:40:47.289,1.25245,1.25232,1.5,1.85
11.08.2021 01:40:48.085,1.25245,1.25232,1.5,1.85
11.08.2021 01:40:49.073,1.25245,1.25232,1,1
11.08.2021 01:40:50.633,1.25245,1.25232,1.5,1.1
11.08.2021 01:40:50.999,1.25245,1.25233,1,1.1
11.08.2021 01:40:53.334,1.2524600000000001,1.25234,1.5,1.1
11.08.2021 01:40:53.435,1.2525000000000002,1.2523900000000001,1.5,1
11.08.2021 01:41:00.289,1.2525000000000002,1.2523900000000001,1.5,1.6
11.08.2021 01:41:00.798,1.25251,1.25238,1.5,1.2
11.08.2021 01:41:12.879,1.25251,1.25238,1.97,1
11.08.2021 01:41:13.670,1.2525000000000002,1.2523900000000001,1.57,1
11.08.2021 01:41:13.823,1.25251,1.2523900000000001,1,1
11.08.2021 01:41:13.927,1.25252,1.2523900000000001,1.1,1
11.08.2021 01:41:15.112,1.25252,1.2523900000000001,1,1.6
11.08.2021 01:41:15.318,1.25252,1.2523900000000001,1,1.2
11.08.2021 01:41:18.687,1.25252,1.2523900000000001,1.1,1
11.08.2021 01:41:29.792,1.25251,1.2523900000000001,1.1,1
11.08.2021 01:41:29.843,1.2524700000000002,1.25234,1.57,1.12
11.08.2021 01:41:43.157,1.2525000000000002,1.25238,1,1
