Gmt time,Ask,Bid,AskVolume,BidVolume
06.08.2021 00:00:00.605,0.9067600000000001,0.9066200000000001,1,2.72
06.08.2021 00:00:09.149,0.9067600000000001,0.9066200000000001,1,2.72
06.08.2021 00:00:10.769,0.90674,0.9066299999999999,1,1.39
06.08.2021 00:00:14.599,0.9067200000000001,0.9066200000000001,1,1.1
06.08.2021 00:00:19.068,0.9067000000000001,0.9066000000000001,1,1.22
06.08.2021 00:00:19.389,0.90674,0.90659,5,1.97
06.08.2021 00:00:24.122,0.9067299999999999,0.9066200000000001,1,1.39
06.08.2021 00:00:24.223,0.90674,0.9066299999999999,1,1.2
06.08.2021 00:00:24.325,0.90674,0.9066299999999999,3.5,1.12
06.08.2021 00:00:24.426,0.90674,0.9066299999999999,1,1.2
06.08.2021 00:00:36.944,0.90674,0.9066299999999999,1,1.22
06.08.2021 00:00:42.458,0.9067600000000001,0.9066600000000001,1,1.2
06.08.2021 00:00:42.561,0.9067700000000001,0.9066700000000001,1,1.2
06.08.2021 00:00:54.589,0.90679,0.9066799999999999,1.62,1
06.08.2021 00:01:10.878,0.9068,0.9067000000000001,1.62,1
06.08.2021 00:01:10.929,0.9068,0.9067000000000001,1.5,1
06.08.2021 00:01:27.193,0.9068,0.90669,2.25,1
06.08.2021 00:01:30.713,0.9068,0.9066799999999999,1,1
06.08.2021 00:01:45.079,0.9067799999999999,0.9066799999999999,1,1.1
06.08.2021 00:01:45.181,0.9067799999999999,0.9066600000000001,1,1.1
06.08.2021 00:02:00.316,0.9067600000000001,0.9066600000000001,1,1.1
06.08.2021 00:02:00.367,0.9067500000000001,0.90664,1.12,1.1
06.08.2021 00:02:01.296,0.9067500000000001,0.90664,1.62,1
06.08.2021 00:02:05.681,0.90674,0.9066299999999999,1.12,1.01
06.08.2021 00:02:07.141,0.9067200000000001,0.90661,2.25,1.1
06.08.2021 00:02:19.609,0.9067200000000001,0.90661,2,1.1
06.08.2021 00:02:21.346,0.9067200000000001,0.90661,1.87,1.1
06.08.2021 00:02:21.499,0.9067299999999999,0.9066000000000001,2,1.1
06.08.2021 00:02:27.059,0.9067200000000001,0.90661,2.25,1.1
06.08.2021 00:02:27.163,0.9067299999999999,0.9066000000000001,2.37,1.1
06.08.2021 00:02:28.156,0.9067299999999999,0.9066000000000001,2.25,1.1
06.08.2021 00:02:28.599,0.9067200000000001,0.90661,2.37,1.1
06.08.2021 00:02:29.641,0.9067200000000001,0.90661,2.25,1.1
06.08.2021 00:02:30.132,0.9067200000000001,0.90661,2.37,1.1
06.08.2021 00:02:44.954,0.90674,0.90664,1.12,1
06.08.2021 00:02:47.225,0.9067600000000001,0.9066600000000001,1.12,1.1
06.08.2021 00:02:47.327,0.9067799999999999,0.9066700000000001,1.12,1.1
06.08.2021 00:02:47.429,0.90679,0.9066799999999999,1.62,1
06.08.2021 00:02:59.287,0.90679,0.9066799999999999,1,1.1
06.08.2021 00:03:01.393,0.9068,0.9067000000000001,1.12,1
06.08.2021 00:03:01.494,0.9068100000000001,0.9067100000000001,1.12,1
06.08.2021 00:03:01.595,0.9068200000000001,0.9067000000000001,1.5,1
06.08.2021 00:03:08.572,0.9068100000000001,0.9067100000000001,2,1
06.08.2021 00:03:10.014,0.9068,0.9067000000000001,1.5,1
06.08.2021 00:03:12.178,0.90679,0.9066799999999999,1.12,1.41
06.08.2021 00:03:17.969,0.9068,0.9067000000000001,1.12,1
06.08.2021 00:03:27.299,0.9068100000000001,0.9067100000000001,1.12,1
06.08.2021 00:03:28.422,0.9068,0.9067000000000001,1,1.1
06.08.2021 00:03:33.460,0.9068100000000001,0.9067100000000001,1,1
06.08.2021 00:03:45.937,0.90683,0.9067200000000001,2.25,1
06.08.2021 00:03:46.039,0.9068200000000001,0.9067200000000001,1,1.5
06.08.2021 00:04:03.096,0.9068200000000001,0.9067100000000001,1.5,1.01
06.08.2021 00:04:05.260,0.90679,0.90669,1,1.2
06.08.2021 00:04:12.562,0.9067799999999999,0.9066799999999999,1,1.1
06.08.2021 00:04:16.122,0.9067700000000001,0.9066799999999999,1,1.57
06.08.2021 00:04:30.321,0.9067799999999999,0.9066799999999999,1,1.1
06.08.2021 00:04:50.864,0.90679,0.90669,1,1.1
06.08.2021 00:05:07.086,0.9068200000000001,0.90669,1,1
06.08.2021 00:05:07.187,0.9068200000000001,0.9067200000000001,1.5,1
06.08.2021 00:05:37.575,0.9068,0.9067000000000001,1,1.1
06.08.2021 00:06:01.262,0.9068100000000001,0.9067100000000001,1,1
06.08.2021 00:06:01.364,0.9068200000000001,0.9067200000000001,1.5,1
06.08.2021 00:06:45.503,0.9068200000000001,0.9067200000000001,2,1
06.08.2021 00:06:45.604,0.9068,0.9067000000000001,1.12,1.12
06.08.2021 00:07:03.977,0.9068100000000001,0.9067100000000001,1,1
06.08.2021 00:07:04.130,0.9068200000000001,0.9067200000000001,1,1
06.08.2021 00:07:07.605,0.9068100000000001,0.9067200000000001,1,1
06.08.2021 00:07:07.807,0.9068200000000001,0.9067200000000001,1.5,1
06.08.2021 00:07:18.494,0.90684,0.90674,1,1.01
06.08.2021 00:07:18.545,0.9068600000000001,0.9067500000000001,1,1.39
06.08.2021 00:07:18.646,0.9068700000000001,0.9067600000000001,1,1.1
06.08.2021 00:07:28.390,0.9068600000000001,0.9067600000000001,1,1.2
06.08.2021 00:07:50.434,0.90684,0.90674,1.5,1.1
06.08.2021 00:07:50.536,0.90684,0.9067299999999999,1.5,1.79
06.08.2021 00:08:20.351,0.9068600000000001,0.90674,1.87,1
06.08.2021 00:09:15.311,0.90685,0.90674,1,1
06.08.2021 00:10:10.352,0.90685,0.9067500000000001,1,1
06.08.2021 00:10:16.819,0.9068600000000001,0.9067600000000001,1,1.2
06.08.2021 00:10:24.721,0.90688,0.9067600000000001,1,1
06.08.2021 00:11:44.547,0.90688,0.9067799999999999,1,1.1
06.08.2021 00:11:44.649,0.90689,0.90679,1,1.01
06.08.2021 00:11:47.673,0.9069,0.9068,1,1
06.08.2021 00:11:54.190,0.90693,0.9068200000000001,1,1.35
06.08.2021 00:11:54.292,0.90694,0.90684,1,1.39
06.08.2021 00:11:54.443,0.90695,0.90685,1,1
06.08.2021 00:12:41.164,0.9069100000000001,0.9068100000000001,1,1.91
06.08.2021 00:12:41.419,0.9069100000000001,0.9068100000000001,1,1.2
06.08.2021 00:12:41.521,0.9069,0.9068,1,1.51
06.08.2021 00:12:41.623,0.9069,0.9068,1,1.39
06.08.2021 00:12:44.713,0.9069100000000001,0.9068100000000001,1,1.01
06.08.2021 00:12:44.865,0.90693,0.90683,1,1.39
06.08.2021 00:12:45.327,0.90693,0.90683,1,1.51
06.08.2021 00:12:45.428,0.90694,0.9068200000000001,1,1.39
06.08.2021 00:12:48.267,0.90693,0.90683,1,1.51
06.08.2021 00:12:48.368,0.90693,0.90683,1,1.01
06.08.2021 00:12:55.639,0.90694,0.90684,1,2.26
06.08.2021 00:12:55.792,0.90695,0.90683,1,2.14
06.08.2021 00:12:55.945,0.90694,0.90684,1,2.16
06.08.2021 00:13:01.365,0.90695,0.90683,1,1.85
06.08.2021 00:13:02.692,0.9069600000000001,0.9068600000000001,1.12,1.5
06.08.2021 00:13:06.885,0.9069700000000002,0.9068700000000001,1,1.12
06.08.2021 00:13:07.050,0.9069700000000002,0.90688,1,2.12
06.08.2021 00:13:07.101,0.9070100000000001,0.90693,1,1
06.08.2021 00:13:07.152,0.9070200000000002,0.9069100000000001,1,1.39
06.08.2021 00:13:07.253,0.9070200000000002,0.9069100000000001,1,2.54
06.08.2021 00:13:07.354,0.90703,0.90693,1,1
06.08.2021 00:13:38.125,0.9070200000000002,0.9069200000000002,1,1.6
06.08.2021 00:13:38.226,0.9070200000000002,0.9069200000000002,1,1.2
06.08.2021 00:13:39.748,0.90704,0.9069200000000002,1,1.12
06.08.2021 00:13:40.019,0.90703,0.90693,1,1.5
06.08.2021 00:13:41.941,0.90703,0.90693,1,1.12
06.08.2021 00:13:44.926,0.9070100000000001,0.9069100000000001,1,2.32
06.08.2021 00:13:45.028,0.9070100000000001,0.9069100000000001,1,1.62
06.08.2021 00:13:58.530,0.90704,0.9069100000000001,1.12,1.12
06.08.2021 00:13:59.594,0.90703,0.9069200000000002,1.12,2.07
06.08.2021 00:14:01.322,0.90704,0.90693,1.12,1.5
06.08.2021 00:14:23.340,0.90705,0.90695,1.25,1
06.08.2021 00:15:02.777,0.90703,0.90694,1,1.12
06.08.2021 00:15:02.878,0.90704,0.90694,1.25,1.87
06.08.2021 00:15:43.699,0.90703,0.90693,1,2.19
06.08.2021 00:15:43.800,0.90704,0.90694,1.12,1.12
06.08.2021 00:16:24.141,0.90703,0.90693,1.87,1.5
06.08.2021 00:16:32.544,0.90704,0.90694,1,1.87
06.08.2021 00:16:39.761,0.90704,0.90694,1,2.94
06.08.2021 00:16:42.149,0.90705,0.90693,1,2.89
06.08.2021 00:17:11.591,0.9071100000000001,0.907,1.12,1.25
06.08.2021 00:17:11.693,0.9071,0.907,1.5,1.87
06.08.2021 00:17:13.696,0.9071,0.9070100000000001,1,1
06.08.2021 00:17:17.991,0.9071100000000001,0.9070100000000001,1,1
06.08.2021 00:17:21.161,0.9071200000000001,0.9070200000000002,1,1
06.08.2021 00:18:00.289,0.9071400000000001,0.90703,1,1.25
06.08.2021 00:18:44.464,0.90713,0.9070200000000002,1,1.75
06.08.2021 00:19:00.453,0.90713,0.9070200000000002,1,1
06.08.2021 00:19:40.894,0.9071600000000001,0.90704,1,1
06.08.2021 00:20:02.393,0.90719,0.9071,1.12,1.25
06.08.2021 00:20:02.445,0.90719,0.9070700000000002,1,1.25
06.08.2021 00:20:02.597,0.9072,0.90709,1,1.31
06.08.2021 00:20:04.678,0.9072,0.9071,1,1.25
06.08.2021 00:20:04.780,0.9072100000000001,0.9071100000000001,1,1.75
06.08.2021 00:20:07.934,0.9072100000000001,0.9071100000000001,1,1.25
06.08.2021 00:20:40.410,0.9072,0.9071,1,1.25
06.08.2021 00:20:42.396,0.90719,0.90709,1.12,1.31
06.08.2021 00:21:05.532,0.90718,0.90708,1,1.25
06.08.2021 00:21:06.369,0.9071700000000001,0.9070600000000001,1,1.79
06.08.2021 00:21:06.471,0.9071700000000001,0.9070600000000001,1.12,1.76
06.08.2021 00:21:06.572,0.90715,0.90703,1,1.69
06.08.2021 00:21:17.149,0.90713,0.90703,1,1.76
06.08.2021 00:21:27.921,0.90713,0.9070100000000001,1,1.79
06.08.2021 00:21:51.179,0.90713,0.90703,1,1.76
06.08.2021 00:22:19.125,0.9071200000000001,0.9070200000000002,1,2.06
06.08.2021 00:23:45.818,0.9071100000000001,0.907,1,2.66
06.08.2021 00:23:45.970,0.9071200000000001,0.9070200000000002,1,1.1
06.08.2021 00:24:40.940,0.90713,0.90703,1.12,1
06.08.2021 00:24:51.311,0.9071100000000001,0.9070100000000001,1,3
06.08.2021 00:24:56.663,0.90713,0.9070200000000002,1.12,1.25
06.08.2021 00:25:20.850,0.9071200000000001,0.9070100000000001,1,1.31
06.08.2021 00:25:21.336,0.90713,0.9070200000000002,1.12,1.31
06.08.2021 00:26:00.235,0.9071400000000001,0.90704,1.12,1
06.08.2021 00:26:01.966,0.90715,0.90705,1,2.14
06.08.2021 00:26:37.076,0.90715,0.90705,1,2.95
06.08.2021 00:26:37.177,0.9071600000000001,0.9070600000000001,1,1.25
06.08.2021 00:26:43.554,0.9071600000000001,0.9070600000000001,1,1.75
06.08.2021 00:26:44.247,0.9072200000000001,0.90709,1.5,1.1
06.08.2021 00:26:44.348,0.9072100000000001,0.9071,1,2.01
06.08.2021 00:26:54.300,0.9072200000000001,0.9071100000000001,1.12,1.25
06.08.2021 00:26:55.787,0.90723,0.90713,1,1
06.08.2021 00:26:55.888,0.90724,0.9071400000000001,1,1.25
06.08.2021 00:27:52.595,0.90725,0.9071600000000001,1,1.39
06.08.2021 00:27:52.697,0.9072700000000001,0.9071700000000001,1,1.1
06.08.2021 00:27:52.798,0.90728,0.90718,1,1
06.08.2021 00:27:59.494,0.90724,0.90715,1.5,2.64
06.08.2021 00:27:59.596,0.90723,0.9071200000000001,1,1
06.08.2021 00:27:59.647,0.9072200000000001,0.9071200000000001,1,1.76
06.08.2021 00:28:07.445,0.90724,0.90713,1.5,1.69
06.08.2021 00:28:13.811,0.9072200000000001,0.9071200000000001,1,1.2
06.08.2021 00:28:29.433,0.9072,0.9071,1,1.41
06.08.2021 00:28:29.535,0.9072100000000001,0.9071100000000001,1,1.1
06.08.2021 00:29:22.562,0.9072200000000001,0.9071200000000001,1,1
06.08.2021 00:29:32.765,0.90724,0.90713,1,2.32
06.08.2021 00:29:33.476,0.90725,0.90715,1,1
06.08.2021 00:29:48.353,0.9072200000000001,0.9071100000000001,1,2.97
06.08.2021 00:29:49.313,0.9072200000000001,0.9071100000000001,1,2.97
06.08.2021 00:29:57.852,0.90724,0.9071100000000001,1.12,1.76
06.08.2021 00:29:57.954,0.9072600000000001,0.9071700000000001,1,1.01
06.08.2021 00:29:58.156,0.90728,0.9071700000000001,1,1.82
06.08.2021 00:30:26.238,0.90729,0.90719,1.12,1
06.08.2021 00:31:05.394,0.90729,0.90719,1,1.75
06.08.2021 00:31:07.483,0.9073,0.9072,1,1.25
06.08.2021 00:31:17.873,0.9073100000000001,0.9072100000000001,1,1.75
06.08.2021 00:31:17.974,0.9073200000000001,0.90724,1.12,1.1
06.08.2021 00:31:18.025,0.90736,0.90725,1.12,1.82
06.08.2021 00:31:19.583,0.90736,0.90725,1.12,1.76
06.08.2021 00:31:19.685,0.90736,0.90725,1.5,1.75
06.08.2021 00:31:21.182,0.9073100000000001,0.9072100000000001,1,1.51
06.08.2021 00:31:21.283,0.9073100000000001,0.9072100000000001,1,1.01
06.08.2021 00:31:21.536,0.9073200000000001,0.9072200000000001,3,1
06.08.2021 00:31:26.993,0.90734,0.90724,1.5,1.69
06.08.2021 00:31:38.225,0.9073100000000001,0.90723,1,1.25
06.08.2021 00:31:38.276,0.9073,0.9072,1.12,2.54
06.08.2021 00:31:43.610,0.9073,0.9072,1.5,1.01
06.08.2021 00:31:43.711,0.9073,0.9072,1.62,1.25
06.08.2021 00:31:43.914,0.9073,0.90719,1.62,2.51
06.08.2021 00:31:50.034,0.90729,0.90719,1.62,1.01
06.08.2021 00:31:56.269,0.90729,0.90718,1.62,1.76
06.08.2021 00:31:59.658,0.9073,0.90718,1.5,1.25
06.08.2021 00:32:00.821,0.9073,0.9072,1.5,1.69
06.08.2021 00:32:00.922,0.9073,0.9072,1.62,1.69
06.08.2021 00:32:34.618,0.9073,0.9072,1.5,1.69
06.08.2021 00:32:45.632,0.90729,0.9072,1,1.69
06.08.2021 00:32:53.703,0.9073,0.9072,1.5,1.69
06.08.2021 00:33:15.671,0.90729,0.9072,1,1
06.08.2021 00:33:28.027,0.90729,0.90719,1.5,1.69
06.08.2021 00:34:02.817,0.90729,0.9072,1.5,1.25
06.08.2021 00:34:09.150,0.90729,0.90719,1.5,1.69
06.08.2021 00:35:18.030,0.9073,0.90719,1,1.1
06.08.2021 00:36:13.032,0.9073,0.9072,1,1
06.08.2021 00:36:23.406,0.90729,0.90718,1,1.76
06.08.2021 00:36:33.726,0.90729,0.90718,2,1.76
06.08.2021 00:36:39.026,0.9072700000000001,0.9071700000000001,1,1.79
06.08.2021 00:36:42.078,0.9072700000000001,0.90718,1,1.35
06.08.2021 00:36:42.146,0.90729,0.90718,1.12,1.82
06.08.2021 00:36:42.936,0.90729,0.90718,1,1.01
06.08.2021 00:37:37.128,0.90728,0.90718,1,1
06.08.2021 00:39:06.499,0.90728,0.90718,1,1.41
06.08.2021 00:39:10.096,0.9073,0.90719,1,1.01
06.08.2021 00:39:37.524,0.90735,0.9072600000000001,3.69,1
06.08.2021 00:39:37.574,0.90736,0.9072600000000001,1.87,2.89
06.08.2021 00:39:37.676,0.9073700000000001,0.90728,1,1
06.08.2021 00:39:37.777,0.9073700000000001,0.9072700000000001,1,1.25
06.08.2021 00:39:37.879,0.9073700000000001,0.9072700000000001,1,2.57
06.08.2021 00:39:53.962,0.9073700000000001,0.9072700000000001,1,1
06.08.2021 00:40:19.282,0.90736,0.9072600000000001,1,1.76
06.08.2021 00:41:36.671,0.90735,0.90725,1,2.81
06.08.2021 00:41:41.417,0.90733,0.90723,1,1.57
06.08.2021 00:41:48.985,0.9073200000000001,0.9072200000000001,1,1.57
06.08.2021 00:41:49.087,0.9073,0.9072,1,1.76
06.08.2021 00:41:49.188,0.90729,0.90719,1,1
06.08.2021 00:42:55.179,0.90728,0.90718,1,1
06.08.2021 00:42:58.045,0.9072700000000001,0.9071700000000001,1,1
06.08.2021 00:42:58.197,0.9072700000000001,0.9071600000000001,1,2.89
06.08.2021 00:43:20.555,0.9072700000000001,0.9071700000000001,1,1.01
06.08.2021 00:43:20.656,0.90729,0.9071700000000001,1,1
06.08.2021 00:43:25.250,0.90729,0.90719,1.12,1.25
06.08.2021 00:43:25.969,0.9073100000000001,0.90719,1,1.25
06.08.2021 00:44:09.664,0.90729,0.90719,1,1.01
06.08.2021 00:46:17.936,0.90728,0.90719,1,1
06.08.2021 00:46:18.309,0.90728,0.90718,1.5,1
06.08.2021 00:46:18.411,0.9072700000000001,0.9071700000000001,1,2.51
06.08.2021 00:46:20.741,0.9072700000000001,0.90718,1,1
06.08.2021 00:46:31.067,0.9072600000000001,0.90718,1,1
06.08.2021 00:46:31.269,0.90723,0.9071600000000001,1,1
06.08.2021 00:46:31.794,0.90725,0.9071600000000001,1,1
06.08.2021 00:46:35.527,0.90725,0.9071400000000001,1.87,2.51
06.08.2021 00:46:40.875,0.90725,0.90715,1.87,1
06.08.2021 00:47:19.087,0.90723,0.90713,1.12,1.2
06.08.2021 00:47:19.188,0.9072200000000001,0.9071200000000001,1,1.01
06.08.2021 00:48:01.658,0.90723,0.90713,1,1.25
06.08.2021 00:48:01.759,0.90724,0.9071400000000001,1,1.25
06.08.2021 00:49:26.358,0.9072200000000001,0.9071200000000001,1,1.2
06.08.2021 00:50:01.283,0.9072,0.9071200000000001,1,1.5
06.08.2021 00:50:01.385,0.90719,0.9071200000000001,1,1
06.08.2021 00:50:04.918,0.9072100000000001,0.9071400000000001,1,1
06.08.2021 00:50:05.019,0.90723,0.90713,1,2.57
06.08.2021 00:50:05.283,0.9072200000000001,0.9071400000000001,1,1.69
06.08.2021 00:50:05.787,0.9072200000000001,0.9071400000000001,1,2.57
06.08.2021 00:50:09.510,0.9072600000000001,0.9071700000000001,1.87,2.44
06.08.2021 00:50:09.611,0.90728,0.90719,1,1
06.08.2021 00:50:13.186,0.90729,0.90719,1,1.5
06.08.2021 00:50:19.269,0.90729,0.90719,1,2.57
06.08.2021 00:50:26.830,0.9073,0.90718,1,1.25
06.08.2021 00:50:26.982,0.9073,0.9072,1.5,1.25
06.08.2021 00:50:27.084,0.9073200000000001,0.9072200000000001,1.87,1
06.08.2021 00:50:27.286,0.90733,0.90723,2.25,1
06.08.2021 00:50:43.610,0.9073200000000001,0.9072200000000001,1,1
06.08.2021 00:50:59.142,0.9073100000000001,0.9072,1.5,1
06.08.2021 00:50:59.244,0.90729,0.90719,1,1.76
06.08.2021 00:50:59.991,0.9073,0.90719,1.87,1.01
06.08.2021 00:51:15.486,0.90728,0.90719,1,1.01
06.08.2021 00:51:19.455,0.9073,0.90719,1.5,1.76
06.08.2021 00:51:21.380,0.90728,0.90719,1,1.01
06.08.2021 00:51:32.149,0.9073,0.90719,1,1.01
06.08.2021 00:51:40.630,0.90729,0.9071700000000001,1,1.01
06.08.2021 00:51:45.133,0.90729,0.90719,1,1
06.08.2021 00:52:07.537,0.9073,0.9072,1,1.25
06.08.2021 00:52:19.472,0.9073100000000001,0.9072100000000001,1,1.39
06.08.2021 00:52:35.407,0.90735,0.90725,1,1.01
06.08.2021 00:52:35.508,0.90735,0.90725,1,1.51
06.08.2021 00:52:35.847,0.90736,0.9072600000000001,1,1.39
06.08.2021 00:52:45.808,0.90736,0.9072600000000001,1,1.41
06.08.2021 00:52:46.135,0.90738,0.9072700000000001,1,1.01
06.08.2021 00:52:46.236,0.90738,0.9072700000000001,1,2.04
06.08.2021 00:53:00.087,0.90738,0.9072700000000001,1,1.01
06.08.2021 00:53:18.163,0.9073700000000001,0.9072700000000001,1,1.1
06.08.2021 00:53:28.460,0.90736,0.9072600000000001,1,1.39
06.08.2021 00:54:23.447,0.90738,0.90725,1,1.39
06.08.2021 00:54:27.327,0.9073700000000001,0.9072600000000001,1,2.22
06.08.2021 00:54:27.479,0.90738,0.90728,1,1
06.08.2021 00:54:30.313,0.90735,0.90725,1,2.22
06.08.2021 00:54:30.364,0.9073700000000001,0.9072600000000001,1,1.35
06.08.2021 00:54:37.723,0.9073700000000001,0.9072600000000001,1.5,1.01
06.08.2021 00:54:39.837,0.90736,0.9072600000000001,1,1.01
06.08.2021 00:54:39.990,0.9073700000000001,0.9072600000000001,1.5,1.01
06.08.2021 00:54:45.454,0.90736,0.9072600000000001,1,1.01
06.08.2021 00:54:48.050,0.9073700000000001,0.9072600000000001,1.5,1.01
06.08.2021 00:54:48.464,0.90736,0.9072600000000001,1,1.01
06.08.2021 00:54:51.649,0.9073700000000001,0.9072600000000001,1.5,2.01
06.08.2021 00:54:55.287,0.90738,0.9072600000000001,1.1,1.26
06.08.2021 00:54:55.896,0.9073700000000001,0.9072600000000001,1,1.26
06.08.2021 00:55:00.961,0.9073700000000001,0.90725,1.5,1.47
06.08.2021 00:55:01.164,0.90736,0.90725,1,1.82
06.08.2021 00:55:02.558,0.90738,0.90724,1,2.2
06.08.2021 00:55:03.525,0.9073100000000001,0.90725,1,1.37
06.08.2021 00:55:03.576,0.9073200000000001,0.9072,1.5,1.85
06.08.2021 00:55:03.778,0.90733,0.9072100000000001,1,1.85
06.08.2021 00:55:04.173,0.90734,0.9072200000000001,1,1.95
06.08.2021 00:55:04.401,0.90735,0.9072100000000001,1,1.85
06.08.2021 00:55:07.557,0.90733,0.90723,1,1.25
06.08.2021 00:55:28.192,0.90736,0.90723,1,2.35
06.08.2021 00:55:32.694,0.90736,0.9072600000000001,1,1.1
06.08.2021 00:55:38.227,0.9073700000000001,0.9072700000000001,1,1
06.08.2021 00:55:40.687,0.90739,0.90725,2.37,3.35
06.08.2021 00:55:44.666,0.9073700000000001,0.9072700000000001,1,1.1
06.08.2021 00:56:39.632,0.90738,0.9072700000000001,1,1.25
06.08.2021 00:57:20.629,0.90738,0.9072700000000001,1,1.5
06.08.2021 00:57:22.196,0.90739,0.9072600000000001,1,1.12
06.08.2021 00:57:24.980,0.90738,0.9072700000000001,1,2
06.08.2021 00:58:25.581,0.9073700000000001,0.9072700000000001,1,1.31
06.08.2021 00:58:35.827,0.90738,0.90728,1.12,1
06.08.2021 00:59:30.853,0.9073700000000001,0.9072700000000001,1,1.01
06.08.2021 00:59:41.186,0.90739,0.90728,1,1.01
06.08.2021 00:59:46.563,0.90739,0.9072600000000001,1,1.01
06.08.2021 01:00:00.120,0.9073700000000001,0.90725,1,2.14
06.08.2021 01:00:00.550,0.90734,0.90724,1.12,1.51
06.08.2021 01:00:00.652,0.90729,0.90719,1,3.79
06.08.2021 01:00:00.753,0.90729,0.90719,1,2.14
06.08.2021 01:00:00.905,0.9073100000000001,0.9072,1.69,1
06.08.2021 01:00:00.956,0.9073,0.90718,1,1.76
06.08.2021 01:00:01.668,0.9073200000000001,0.90718,1.69,1.01
06.08.2021 01:00:05.735,0.9073100000000001,0.90718,3.62,2.14
06.08.2021 01:00:07.184,0.9073100000000001,0.90718,3,2.2
06.08.2021 01:00:08.911,0.90729,0.9071700000000001,1,2.35
06.08.2021 01:00:09.012,0.9073,0.9071700000000001,1.12,3.1
06.08.2021 01:00:10.257,0.90728,0.90718,1,1.39
06.08.2021 01:00:13.169,0.9072700000000001,0.9071700000000001,1,1.85
06.08.2021 01:00:13.426,0.90729,0.9071700000000001,1,1.39
06.08.2021 01:00:32.713,0.9072700000000001,0.9071600000000001,1,2.72
06.08.2021 01:00:32.815,0.90728,0.90718,1,1.1
06.08.2021 01:00:33.326,0.90729,0.9071600000000001,1.5,3.85
06.08.2021 01:00:38.868,0.90729,0.9071700000000001,1,1.39
06.08.2021 01:00:44.633,0.90734,0.9072200000000001,2.87,1
06.08.2021 01:00:44.684,0.9073100000000001,0.9072100000000001,1,1.31
06.08.2021 01:00:57.040,0.90729,0.9072,1,1.39
06.08.2021 01:00:59.733,0.9073,0.9072,1,2.14
06.08.2021 01:01:19.171,0.9073200000000001,0.9072,4.44,1.39
06.08.2021 01:01:24.169,0.9073,0.9072,1,2.14
06.08.2021 01:01:45.410,0.90729,0.9072,1,1.25
06.08.2021 01:01:57.264,0.90729,0.90719,1,1.2
06.08.2021 01:02:14.587,0.90728,0.90719,1,1.31
06.08.2021 01:02:14.688,0.90728,0.90718,1,2.14
06.08.2021 01:02:36.321,0.9073100000000001,0.90719,3.19,1.01
06.08.2021 01:02:39.666,0.90729,0.90719,1,1.76
06.08.2021 01:02:45.314,0.90728,0.90719,1,1.25
06.08.2021 01:02:45.416,0.90728,0.90718,1,1.2
06.08.2021 01:02:45.517,0.9072700000000001,0.9071700000000001,1,2.26
06.08.2021 01:02:48.144,0.90728,0.90718,1,1.2
06.08.2021 01:03:01.110,0.90728,0.90719,1,1.25
06.08.2021 01:03:01.211,0.90729,0.90719,1,1.76
06.08.2021 01:04:36.906,0.9072700000000001,0.9071700000000001,1,3.47
06.08.2021 01:04:40.910,0.90729,0.90719,1,1.12
06.08.2021 01:05:00.640,0.9073,0.9072,1,1
06.08.2021 01:05:01.772,0.9072700000000001,0.90719,1,1.2
06.08.2021 01:05:02.360,0.9073,0.90718,1,1.2
06.08.2021 01:05:11.624,0.9073,0.9072,1,1.25
06.08.2021 01:05:11.726,0.9073200000000001,0.9072600000000001,1.5,1.1
06.08.2021 01:05:11.778,0.90736,0.90729,1,1.25
06.08.2021 01:05:11.829,0.90739,0.90729,1.57,1
06.08.2021 01:05:11.931,0.90738,0.90728,1,2.22
06.08.2021 01:05:12.301,0.90738,0.9072700000000001,1,3.1
06.08.2021 01:05:40.796,0.90739,0.9073,1,1.25
06.08.2021 01:05:40.898,0.90739,0.90729,1,1.01
06.08.2021 01:05:50.162,0.90738,0.90728,1,1.35
06.08.2021 01:05:50.263,0.90738,0.9072700000000001,1,3.35
06.08.2021 01:05:54.347,0.90738,0.9072700000000001,1.5,1.25
06.08.2021 01:05:54.508,0.9073700000000001,0.9072600000000001,1,2.95
06.08.2021 01:06:00.187,0.90735,0.90725,1,2.29
06.08.2021 01:06:00.288,0.90736,0.9072600000000001,1,1.76
06.08.2021 01:06:31.409,0.90736,0.9072600000000001,1,2.01
06.08.2021 01:06:38.816,0.90738,0.90725,1,2.2
06.08.2021 01:06:57.137,0.9073700000000001,0.9072700000000001,1,1.94
06.08.2021 01:07:01.279,0.90738,0.90728,1,1.01
06.08.2021 01:07:08.211,0.90738,0.90728,1,1.82
06.08.2021 01:07:20.180,0.90738,0.90728,1.5,1.82
06.08.2021 01:07:24.643,0.90736,0.90728,1,2.57
06.08.2021 01:08:52.204,0.90738,0.90733,1,1
06.08.2021 01:08:52.256,0.9074000000000001,0.90734,1,1
06.08.2021 01:08:52.357,0.90744,0.90736,2.25,1.5
06.08.2021 01:08:52.998,0.90743,0.90736,1,1.1
06.08.2021 01:08:59.110,0.90744,0.90736,1.5,1.5
06.08.2021 01:09:04.297,0.90743,0.90736,1,1.1
06.08.2021 01:09:37.898,0.90743,0.90735,1,1.76
06.08.2021 01:10:02.270,0.90743,0.90736,1,1.01
06.08.2021 01:10:02.321,0.90743,0.9073700000000001,1,1.25
06.08.2021 01:10:02.372,0.90743,0.90736,1,1.01
06.08.2021 01:11:02.993,0.90743,0.90736,1,2.57
06.08.2021 01:11:42.830,0.90746,0.90739,1.5,1
06.08.2021 01:11:42.933,0.9074700000000001,0.9074000000000001,1,1
06.08.2021 01:11:44.920,0.9075000000000001,0.90743,1.5,1
06.08.2021 01:11:45.021,0.9075200000000001,0.90744,1.12,1
06.08.2021 01:11:59.389,0.9075000000000001,0.90743,1,1
06.08.2021 01:11:59.491,0.9075000000000001,0.9074200000000001,1.12,1
06.08.2021 01:11:59.592,0.90749,0.90741,1,1
06.08.2021 01:12:03.780,0.90749,0.90741,1.5,1
06.08.2021 01:12:03.954,0.90749,0.90741,1.12,1
06.08.2021 01:12:13.575,0.90749,0.9074000000000001,1.12,1
06.08.2021 01:12:15.810,0.90749,0.9074000000000001,1.5,1
06.08.2021 01:12:15.911,0.90749,0.9074000000000001,1,1
06.08.2021 01:12:15.962,0.90749,0.9074000000000001,1.5,1
06.08.2021 01:12:16.063,0.90749,0.9074000000000001,1.5,1
06.08.2021 01:12:16.215,0.90749,0.90739,1.5,1.76
06.08.2021 01:12:17.487,0.90749,0.9074000000000001,1.12,1
06.08.2021 01:12:17.588,0.9075000000000001,0.90739,1.5,1
06.08.2021 01:12:17.639,0.90749,0.9074000000000001,1.12,1
06.08.2021 01:12:20.471,0.9075000000000001,0.90739,1.5,1
06.08.2021 01:12:20.572,0.90749,0.9074000000000001,1,1
06.08.2021 01:12:26.323,0.90749,0.9074000000000001,1.5,1
06.08.2021 01:12:26.374,0.90746,0.9073700000000001,1,1.01
06.08.2021 01:12:44.602,0.9074500000000001,0.9073700000000001,1,1.25
06.08.2021 01:13:18.861,0.9074500000000001,0.90738,1,1
06.08.2021 01:13:34.277,0.9074500000000001,0.9073700000000001,1,1
06.08.2021 01:13:39.566,0.90746,0.9073700000000001,1.12,1
06.08.2021 01:13:52.741,0.90746,0.90736,1.12,1
06.08.2021 01:13:52.843,0.90744,0.90735,1.12,1
06.08.2021 01:13:58.876,0.90744,0.90736,1,1
06.08.2021 01:14:05.947,0.9074500000000001,0.90736,1,1
06.08.2021 01:14:34.261,0.9074700000000001,0.90736,1.62,1.1
06.08.2021 01:14:37.924,0.9074700000000001,0.9073700000000001,1.62,1
06.08.2021 01:14:43.991,0.9074700000000001,0.90736,1.62,1
06.08.2021 01:14:50.677,0.9074700000000001,0.90735,3.31,1
06.08.2021 01:15:00.443,0.90746,0.90734,1,1
06.08.2021 01:15:00.544,0.90746,0.90735,1.5,1
06.08.2021 01:15:01.535,0.90746,0.90734,1.62,1
06.08.2021 01:15:02.478,0.90746,0.90735,1.5,1
06.08.2021 01:15:21.395,0.90746,0.90734,1.62,1
06.08.2021 01:15:21.549,0.90743,0.90734,1,1
06.08.2021 01:15:21.600,0.9074000000000001,0.9073,1.87,1.1
06.08.2021 01:15:21.702,0.90739,0.90728,1,1.1
06.08.2021 01:15:25.306,0.90739,0.90729,1,1
06.08.2021 01:15:42.191,0.90738,0.90729,1,1
06.08.2021 01:15:42.293,0.90738,0.90728,1.5,1
06.08.2021 01:15:42.394,0.90738,0.90728,2,1
06.08.2021 01:15:46.876,0.90738,0.9072700000000001,1.62,1.1
06.08.2021 01:15:49.707,0.90736,0.9072700000000001,1,1
06.08.2021 01:15:53.995,0.9073700000000001,0.9072700000000001,1,1
06.08.2021 01:15:57.088,0.90738,0.9072700000000001,2.19,1
06.08.2021 01:16:37.167,0.90736,0.9072700000000001,1,1.5
06.08.2021 01:16:37.217,0.90738,0.9072700000000001,1,1.1
06.08.2021 01:17:08.372,0.90739,0.90728,1,1
06.08.2021 01:17:08.474,0.9074000000000001,0.90729,3.69,1
06.08.2021 01:17:09.137,0.90741,0.9072700000000001,3.69,1
06.08.2021 01:17:11.425,0.90738,0.90728,1,1
06.08.2021 01:17:18.442,0.90738,0.9072700000000001,1,1.01
06.08.2021 01:18:34.895,0.9073700000000001,0.90728,1.5,1
06.08.2021 01:18:35.619,0.9073700000000001,0.9072700000000001,1,1
06.08.2021 01:18:47.985,0.90736,0.90728,1.5,1
06.08.2021 01:18:49.017,0.90736,0.90728,1.62,1
06.08.2021 01:18:54.105,0.90736,0.90728,1.5,1
06.08.2021 01:18:55.099,0.90736,0.90728,1.62,1
06.08.2021 01:19:01.578,0.90736,0.90728,2.25,1
06.08.2021 01:19:32.242,0.90736,0.9072700000000001,1.5,1
06.08.2021 01:20:09.068,0.9073700000000001,0.9072700000000001,1,1.1
06.08.2021 01:20:10.101,0.90739,0.9072700000000001,1.5,1
06.08.2021 01:20:11.093,0.90736,0.90728,1,1
06.08.2021 01:20:11.144,0.90738,0.90728,1.5,1
06.08.2021 01:20:16.897,0.90738,0.9072700000000001,1.5,1.57
06.08.2021 01:20:41.121,0.90738,0.9072700000000001,2.37,1.57
06.08.2021 01:20:41.823,0.90739,0.9072600000000001,1.87,1.57
06.08.2021 01:20:57.032,0.90738,0.9072700000000001,2.37,1.57
06.08.2021 01:21:20.830,0.9073700000000001,0.90728,1,1
06.08.2021 01:22:31.002,0.9073700000000001,0.9072700000000001,1,1.5
06.08.2021 01:22:56.150,0.90738,0.90728,1,1
06.08.2021 01:23:02.241,0.90738,0.90729,1,1
06.08.2021 01:23:51.137,0.90739,0.90729,1.12,1
06.08.2021 01:24:12.090,0.9074000000000001,0.9073100000000001,2.25,1
06.08.2021 01:24:12.191,0.9074000000000001,0.9073,2.62,1
06.08.2021 01:24:15.888,0.90739,0.9073,1,1
06.08.2021 01:24:58.196,0.9073700000000001,0.9073,1,1
06.08.2021 01:25:47.832,0.90738,0.9073,1,1
06.08.2021 01:25:56.548,0.90738,0.9073100000000001,1,1
06.08.2021 01:25:58.646,0.90739,0.9073100000000001,1,1
06.08.2021 01:25:58.799,0.9074000000000001,0.9073200000000001,1,1
06.08.2021 01:25:58.901,0.9074200000000001,0.90734,1,1
06.08.2021 01:25:59.003,0.90744,0.90736,1.5,1
06.08.2021 01:25:59.156,0.9074500000000001,0.90736,1,1
06.08.2021 01:26:04.454,0.9074500000000001,0.9073700000000001,1,1
06.08.2021 01:26:13.877,0.90746,0.90735,1,1
06.08.2021 01:26:18.330,0.9074500000000001,0.9073700000000001,1,1
06.08.2021 01:26:31.034,0.90746,0.90735,1,1
06.08.2021 01:26:54.148,0.90744,0.90736,1,1
06.08.2021 01:27:00.267,0.90743,0.90734,1,1
06.08.2021 01:27:02.825,0.90741,0.90734,1,1
06.08.2021 01:27:02.926,0.90741,0.90733,1,2.32
06.08.2021 01:27:18.130,0.90743,0.90735,1,1.57
06.08.2021 01:28:19.877,0.90744,0.90736,1,1
06.08.2021 01:29:37.113,0.90746,0.90736,1.5,2.32
06.08.2021 01:29:37.215,0.9074700000000001,0.90736,1,1
06.08.2021 01:29:40.206,0.90746,0.90736,1.5,2.32
06.08.2021 01:30:02.814,0.9074500000000001,0.90736,1,1
06.08.2021 01:30:02.915,0.9074500000000001,0.90735,1.5,1.5
06.08.2021 01:30:51.334,0.90746,0.90735,1.5,2.35
06.08.2021 01:30:53.953,0.90746,0.9073700000000001,1.5,1
06.08.2021 01:31:00.471,0.90746,0.90738,1.5,1
06.08.2021 01:31:00.522,0.90749,0.90739,1,1.5
06.08.2021 01:31:00.624,0.9075000000000001,0.9074000000000001,1,1.1
06.08.2021 01:31:00.725,0.9075000000000001,0.90741,1,1
06.08.2021 01:31:00.884,0.90749,0.90741,1,1
06.08.2021 01:31:00.985,0.9075000000000001,0.90741,1,1
06.08.2021 01:31:01.486,0.90748,0.90741,1,1
06.08.2021 01:31:03.127,0.9075000000000001,0.90741,1.5,1
06.08.2021 01:31:04.876,0.9075000000000001,0.9074000000000001,1.5,1.1
06.08.2021 01:31:20.577,0.90746,0.9073700000000001,1.5,1.5
06.08.2021 01:31:34.564,0.90746,0.90736,1.5,1.5
06.08.2021 01:31:48.699,0.9074500000000001,0.90736,1,1
06.08.2021 01:31:55.648,0.9074500000000001,0.90735,1.5,1.76
06.08.2021 01:32:26.551,0.90744,0.90735,1,1.1
06.08.2021 01:32:26.657,0.90744,0.90734,1.5,1.01
06.08.2021 01:33:21.613,0.9074500000000001,0.90734,1,1.76
06.08.2021 01:33:45.965,0.9074500000000001,0.90734,1.6,1
06.08.2021 01:33:46.066,0.90744,0.90733,1.5,1.69
06.08.2021 01:33:46.219,0.90744,0.90733,1.12,1.69
06.08.2021 01:33:55.960,0.90743,0.90733,1,1
06.08.2021 01:34:08.998,0.90741,0.90733,1,1.5
06.08.2021 01:34:09.100,0.90738,0.9073,1,1.5
06.08.2021 01:34:09.201,0.9073700000000001,0.90729,1,1.5
06.08.2021 01:34:14.010,0.9074000000000001,0.9073,2.25,1
06.08.2021 01:34:16.351,0.9074000000000001,0.9073200000000001,1,1
06.08.2021 01:34:16.457,0.90741,0.90733,1,1
06.08.2021 01:34:17.678,0.9074200000000001,0.90734,1,1
06.08.2021 01:35:04.880,0.9074000000000001,0.9073200000000001,1,1
06.08.2021 01:35:05.033,0.90741,0.9073200000000001,1.5,1
06.08.2021 01:35:05.134,0.90741,0.90733,1.5,1
06.08.2021 01:35:14.025,0.90743,0.9073200000000001,1.25,1
06.08.2021 01:35:14.138,0.90743,0.9073200000000001,1.75,1
06.08.2021 01:35:17.657,0.90743,0.9073200000000001,1.75,1
06.08.2021 01:35:44.975,0.90741,0.90733,1,1
06.08.2021 01:35:45.076,0.90743,0.90734,1,1.5
06.08.2021 01:36:03.306,0.90743,0.90735,1,1
06.08.2021 01:36:05.609,0.9074200000000001,0.90734,1,1.5
06.08.2021 01:36:16.782,0.90743,0.90735,1.5,1
06.08.2021 01:36:22.616,0.90743,0.90736,1,1
06.08.2021 01:36:24.421,0.9074500000000001,0.90735,1,1.5
06.08.2021 01:38:56.279,0.9074700000000001,0.90741,1,1.5
06.08.2021 01:38:56.330,0.90751,0.9074200000000001,1.5,1
06.08.2021 01:38:56.431,0.9075000000000001,0.9074200000000001,1,1.5
06.08.2021 01:38:57.026,0.9075000000000001,0.90743,1,1.25
06.08.2021 01:39:03.727,0.9075000000000001,0.9074200000000001,1,2.44
06.08.2021 01:39:09.635,0.9075000000000001,0.9074200000000001,1,3.81
06.08.2021 01:39:11.462,0.90751,0.90741,1,2.44
06.08.2021 01:39:17.424,0.90751,0.9074200000000001,1,2.44
06.08.2021 01:40:33.013,0.90751,0.9074200000000001,1,2.5
06.08.2021 01:41:10.217,0.90751,0.9074200000000001,1,2.32
06.08.2021 01:41:38.011,0.9075200000000001,0.9074200000000001,1,1.95
06.08.2021 01:42:28.149,0.90751,0.9074200000000001,1,1.95
06.08.2021 01:42:28.927,0.9075200000000001,0.9074200000000001,1,1.95
06.08.2021 01:42:47.424,0.90751,0.9074200000000001,1,1.57
06.08.2021 01:44:05.779,0.90751,0.90743,1,1
06.08.2021 01:44:06.220,0.90753,0.9074200000000001,1.5,1
06.08.2021 01:44:07.862,0.90753,0.90741,1.5,1.69
06.08.2021 01:44:07.968,0.9075200000000001,0.90743,1.5,1
06.08.2021 01:44:08.070,0.9075200000000001,0.9074200000000001,1.5,1.69
06.08.2021 01:44:10.846,0.9075200000000001,0.90743,1,1
06.08.2021 01:44:12.195,0.9075200000000001,0.9074200000000001,1.1,1.69
06.08.2021 01:44:29.797,0.9075200000000001,0.90743,1.1,1
06.08.2021 01:44:35.404,0.90751,0.90743,1,1
06.08.2021 01:45:00.622,0.90749,0.9074000000000001,3.07,1
06.08.2021 01:45:08.760,0.90749,0.90741,1.1,1
06.08.2021 01:45:54.877,0.90751,0.90743,1.1,1
06.08.2021 01:45:54.978,0.9075200000000001,0.90743,1.57,1
06.08.2021 01:46:01.284,0.9075200000000001,0.90744,1,1.25
06.08.2021 01:46:24.219,0.90753,0.90744,1.57,1.25
06.08.2021 01:46:34.950,0.90754,0.90744,1.6,2.5
06.08.2021 01:46:35.053,0.9075200000000001,0.90744,1,2.5
06.08.2021 01:46:40.401,0.90753,0.90744,1.1,2.5
06.08.2021 01:46:41.319,0.9075200000000001,0.90744,1,2.5
06.08.2021 01:46:46.549,0.90753,0.90746,1,4.22
06.08.2021 01:46:46.600,0.9075799999999999,0.90749,1.57,1
06.08.2021 01:46:47.661,0.9076000000000001,0.9075200000000001,1.1,1
06.08.2021 01:46:47.763,0.9076000000000001,0.9075200000000001,1.1,1
06.08.2021 01:46:49.800,0.90761,0.90751,1.1,1.5
06.08.2021 01:46:49.908,0.90761,0.90751,1,1.5
06.08.2021 01:46:57.267,0.9076000000000001,0.90751,1,1.5
06.08.2021 01:47:14.420,0.9076000000000001,0.9075200000000001,1.5,1
06.08.2021 01:47:32.279,0.90761,0.9075200000000001,1,1.25
06.08.2021 01:47:35.863,0.90761,0.90751,1.5,2.44
06.08.2021 01:48:04.250,0.90761,0.9075200000000001,1.12,1
06.08.2021 01:48:25.338,0.9076000000000001,0.9075200000000001,1,1
06.08.2021 01:48:50.185,0.9076600000000001,0.9075799999999999,1.5,1.5
06.08.2021 01:48:50.287,0.9076799999999999,0.9076000000000001,1,1.25
06.08.2021 01:48:50.390,0.9077200000000001,0.9076299999999999,1.2,1.25
06.08.2021 01:48:50.441,0.90774,0.9076500000000001,1,1.25
06.08.2021 01:48:50.492,0.9077600000000001,0.9076600000000001,1.1,1.25
06.08.2021 01:48:50.593,0.9077799999999999,0.9076700000000001,1.6,1
06.08.2021 01:48:50.745,0.9077500000000001,0.9076500000000001,1.51,1
06.08.2021 01:48:50.847,0.9077700000000001,0.9076600000000001,2.29,1
06.08.2021 01:48:50.948,0.9077700000000001,0.9076600000000001,1.97,1.69
06.08.2021 01:48:51.317,0.9077700000000001,0.9076600000000001,1.2,1.76
06.08.2021 01:48:52.272,0.9077799999999999,0.9076600000000001,1.2,1
06.08.2021 01:49:00.440,0.9077600000000001,0.9076700000000001,1,1
06.08.2021 01:49:08.955,0.9077799999999999,0.9076700000000001,1.5,1.69
06.08.2021 01:49:09.158,0.9077799999999999,0.9076799999999999,1.5,1
06.08.2021 01:49:14.229,0.9077799999999999,0.9076700000000001,1.5,1.5
06.08.2021 01:49:25.351,0.9077200000000001,0.9076299999999999,1,1.1
06.08.2021 01:49:25.452,0.9077600000000001,0.9076600000000001,1.6,1
06.08.2021 01:49:25.503,0.90774,0.90764,1,1.57
06.08.2021 01:49:25.605,0.9077600000000001,0.9076500000000001,2.26,1.57
06.08.2021 01:49:29.928,0.90774,0.90764,1.12,1.1
06.08.2021 01:49:30.030,0.9077500000000001,0.9076500000000001,1.1,1
06.08.2021 01:49:30.182,0.9077299999999999,0.9076299999999999,1,1.57
06.08.2021 01:49:30.333,0.90774,0.90764,1.51,1
06.08.2021 01:49:31.191,0.90774,0.90764,1.39,1
06.08.2021 01:49:33.996,0.9077200000000001,0.9076299999999999,1.1,1
06.08.2021 01:49:34.098,0.9077000000000001,0.9076200000000001,1,1.5
06.08.2021 01:49:35.395,0.9077000000000001,0.9076000000000001,1,1.57
06.08.2021 01:49:36.524,0.9076700000000001,0.9075700000000001,1,1.57
06.08.2021 01:49:36.740,0.9076799999999999,0.9075799999999999,1.76,1
06.08.2021 01:49:40.877,0.9076299999999999,0.90753,1,1.1
06.08.2021 01:49:40.979,0.9076299999999999,0.9075200000000001,1.1,1.2
06.08.2021 01:49:52.099,0.9076299999999999,0.9075200000000001,3.39,1.1
06.08.2021 01:49:56.336,0.9076200000000001,0.90751,1.6,1.1
06.08.2021 01:50:59.510,0.90759,0.90749,1,1.97
06.08.2021 01:50:59.612,0.90759,0.90749,1,1.57
06.08.2021 01:50:59.714,0.90756,0.9074500000000001,1.5,1
06.08.2021 01:50:59.866,0.9075500000000001,0.90744,2.29,1
06.08.2021 01:51:02.848,0.90754,0.9074200000000001,1,1
06.08.2021 01:51:08.945,0.9075200000000001,0.9074000000000001,1,1.57
06.08.2021 01:51:09.046,0.90753,0.90743,1.76,1
06.08.2021 01:51:29.530,0.90753,0.90743,2.45,1
06.08.2021 01:51:29.581,0.90751,0.90741,1.12,1
06.08.2021 01:52:02.080,0.90751,0.90741,1,1.6
06.08.2021 01:52:24.545,0.9075200000000001,0.9074200000000001,1,1.1
06.08.2021 01:52:59.097,0.90751,0.90741,1,1.1
06.08.2021 01:52:59.401,0.90751,0.9074000000000001,1,1.1
06.08.2021 01:52:59.509,0.90751,0.90741,1.5,1.1
06.08.2021 01:53:01.501,0.90751,0.9074200000000001,1,1.1
06.08.2021 01:53:02.162,0.90751,0.90743,1,1
06.08.2021 01:53:05.215,0.9075200000000001,0.90743,1,1
06.08.2021 01:54:24.859,0.90753,0.90743,1,1
06.08.2021 01:54:31.192,0.9075200000000001,0.90743,1,1
06.08.2021 01:55:06.489,0.90751,0.90741,1,1.2
06.08.2021 01:55:06.591,0.9075200000000001,0.9074200000000001,1.69,1
06.08.2021 01:55:15.557,0.90753,0.90743,1.69,1
06.08.2021 01:55:38.029,0.90753,0.90744,1,1
06.08.2021 01:55:46.727,0.90753,0.90743,1.87,1.1
06.08.2021 01:56:27.167,0.9075500000000001,0.90746,1,1.5
06.08.2021 01:56:27.268,0.90756,0.90746,1.12,2.7
06.08.2021 01:56:27.681,0.9075700000000001,0.90746,1.95,2.7
06.08.2021 01:56:44.168,0.9076000000000001,0.90749,1.57,1.1
06.08.2021 01:56:55.611,0.9076000000000001,0.90749,1.5,2.26
06.08.2021 01:56:56.589,0.9076000000000001,0.90749,1.5,1.76
06.08.2021 01:57:23.231,0.9076000000000001,0.90749,1,2.57
06.08.2021 01:57:23.332,0.90761,0.90751,1.12,1
06.08.2021 01:57:32.319,0.9076000000000001,0.9075000000000001,1.5,1
06.08.2021 01:57:33.284,0.9076000000000001,0.90751,1,1.5
06.08.2021 01:57:35.355,0.9076000000000001,0.90751,1,1.12
06.08.2021 01:57:37.877,0.90761,0.90751,1.5,1
06.08.2021 01:57:47.965,0.9076000000000001,0.9075000000000001,1.5,1
06.08.2021 01:57:48.016,0.90759,0.90748,1,2.89
06.08.2021 01:57:51.200,0.9076000000000001,0.9074700000000001,1,1.22
06.08.2021 01:57:55.429,0.9075700000000001,0.90748,1.12,1.1
06.08.2021 01:57:55.531,0.90753,0.90744,1.5,1.1
06.08.2021 01:57:55.632,0.90753,0.90743,1.87,1.1
06.08.2021 01:58:14.625,0.9075200000000001,0.9074200000000001,1,1.22
06.08.2021 01:58:14.778,0.9075200000000001,0.9074200000000001,1,1.1
06.08.2021 01:59:09.633,0.90754,0.90741,1.57,1.57
06.08.2021 01:59:22.342,0.90753,0.9074200000000001,1.5,2.75
06.08.2021 01:59:27.522,0.90753,0.90743,1.5,1
06.08.2021 01:59:28.563,0.90753,0.9074200000000001,1.5,2.75
06.08.2021 01:59:39.216,0.90753,0.90743,1.5,1.1
06.08.2021 01:59:59.690,0.9075200000000001,0.90743,1,1
06.08.2021 02:00:00.171,0.90751,0.90741,1,1
06.08.2021 02:00:06.495,0.90751,0.90741,1,1.1
06.08.2021 02:00:06.596,0.9075200000000001,0.90743,1,1
06.08.2021 02:00:12.147,0.9075200000000001,0.90741,1,1.6
06.08.2021 02:00:12.249,0.9075200000000001,0.90741,1,1.57
06.08.2021 02:00:22.170,0.9075200000000001,0.9074200000000001,1.5,1
06.08.2021 02:00:44.294,0.90751,0.90741,1,1.1
06.08.2021 02:00:44.396,0.9075200000000001,0.9074200000000001,1.5,1
06.08.2021 02:01:18.052,0.90751,0.9074200000000001,1,1.1
06.08.2021 02:01:18.358,0.9075000000000001,0.90741,1,1
06.08.2021 02:01:20.839,0.9075000000000001,0.9074000000000001,1,1.1
06.08.2021 02:01:21.367,0.9075000000000001,0.90741,1,1
06.08.2021 02:01:26.197,0.90749,0.90741,1,1
06.08.2021 02:01:27.747,0.9075000000000001,0.90741,1,1
06.08.2021 02:01:28.078,0.90751,0.90741,1.5,1
06.08.2021 02:02:29.363,0.90753,0.90741,1,1.12
06.08.2021 02:03:03.090,0.9075200000000001,0.9074200000000001,1,1.7
06.08.2021 02:03:15.464,0.90754,0.9074200000000001,1,1.2
06.08.2021 02:04:06.655,0.90756,0.90748,1.12,2.25
06.08.2021 02:04:06.757,0.9076000000000001,0.90748,2,1.2
06.08.2021 02:04:06.858,0.90759,0.90749,1,1.57
06.08.2021 02:04:06.959,0.9076000000000001,0.90748,1,1.7
06.08.2021 02:04:10.060,0.90761,0.90751,1.95,1
06.08.2021 02:04:22.810,0.90761,0.90751,1,1
06.08.2021 02:05:31.110,0.9076000000000001,0.9075000000000001,1.5,1.2
06.08.2021 02:06:04.248,0.9076000000000001,0.90751,1,1.12
06.08.2021 02:06:04.349,0.90761,0.9075200000000001,1,1
06.08.2021 02:06:51.251,0.90761,0.90751,1,1.2
06.08.2021 02:06:51.352,0.9076000000000001,0.9075000000000001,1.5,1.2
06.08.2021 02:06:55.331,0.90761,0.90749,1.5,2.07
06.08.2021 02:06:58.131,0.9076000000000001,0.9075000000000001,1.5,1.2
06.08.2021 02:07:06.600,0.9076000000000001,0.90751,1,1.12
06.08.2021 02:07:17.367,0.9076000000000001,0.9075000000000001,1.5,1.2
06.08.2021 02:08:12.306,0.9076000000000001,0.90751,1,1
06.08.2021 02:08:32.057,0.9076200000000001,0.9075000000000001,1.5,1
06.08.2021 02:08:32.252,0.90761,0.9075200000000001,1,1
06.08.2021 02:09:01.904,0.9076200000000001,0.9075200000000001,1,1
06.08.2021 02:09:02.005,0.9076299999999999,0.90754,1,3.2
06.08.2021 02:09:02.056,0.9076500000000001,0.90754,1.57,3.95
06.08.2021 02:09:02.287,0.9076500000000001,0.9075700000000001,1,1
06.08.2021 02:09:02.338,0.90769,0.90759,1.57,1
06.08.2021 02:09:07.902,0.9076799999999999,0.90759,1,1
06.08.2021 02:09:09.335,0.9076799999999999,0.9075799999999999,1.5,1.12
06.08.2021 02:09:45.014,0.9076799999999999,0.9075799999999999,1.5,1.5
06.08.2021 02:10:20.461,0.90769,0.90759,1,1
06.08.2021 02:10:24.690,0.9076799999999999,0.9075799999999999,1.5,1.1
06.08.2021 02:10:25.928,0.9076799999999999,0.9075700000000001,1.87,1
06.08.2021 02:10:25.979,0.9076299999999999,0.90753,1.5,2.07
06.08.2021 02:10:26.030,0.9076299999999999,0.90753,1.5,1.12
06.08.2021 02:10:26.080,0.90761,0.90753,1,1
06.08.2021 02:10:45.243,0.9076000000000001,0.90753,1.5,1
06.08.2021 02:10:51.700,0.9076000000000001,0.9075200000000001,1.5,1.5
06.08.2021 02:12:50.588,0.90761,0.90753,1.5,1
06.08.2021 02:13:05.912,0.9076299999999999,0.90756,1,1
06.08.2021 02:13:06.065,0.90764,0.90756,1.5,1
06.08.2021 02:13:41.054,0.9076299999999999,0.90754,1,1.57
06.08.2021 02:13:47.300,0.9076200000000001,0.90754,1,1.5
06.08.2021 02:14:21.136,0.9076299999999999,0.90754,1,1
06.08.2021 02:15:05.772,0.9076299999999999,0.9075700000000001,1,1.1
06.08.2021 02:15:05.824,0.9076700000000001,0.90759,2.25,1
06.08.2021 02:15:18.873,0.9076700000000001,0.9076000000000001,1.5,1
06.08.2021 02:15:23.592,0.9076700000000001,0.90759,2.25,1
06.08.2021 02:15:56.082,0.90764,0.9075500000000001,2.25,1.12
06.08.2021 02:15:56.183,0.9076299999999999,0.90754,2.51,1
06.08.2021 02:15:56.234,0.90761,0.90753,1,1.5
06.08.2021 02:16:03.258,0.9076200000000001,0.90754,1.5,1
06.08.2021 02:16:47.565,0.9076000000000001,0.90754,1,1.5
06.08.2021 02:17:04.346,0.90761,0.90754,1,1.5
06.08.2021 02:18:11.409,0.9076000000000001,0.90753,1,1
06.08.2021 02:19:13.982,0.90761,0.90753,1.5,1
06.08.2021 02:19:46.289,0.9076500000000001,0.9075700000000001,1.5,1.5
06.08.2021 02:19:46.391,0.9076500000000001,0.9075799999999999,1,1
06.08.2021 02:19:46.497,0.9076600000000001,0.9076000000000001,1,1
06.08.2021 02:19:51.103,0.9076600000000001,0.90761,1,1
06.08.2021 02:19:51.208,0.9076600000000001,0.9076000000000001,1,1.5
06.08.2021 02:19:51.361,0.9076600000000001,0.90761,1,1
06.08.2021 02:19:57.194,0.9076700000000001,0.90761,1,1
06.08.2021 02:20:25.252,0.9076799999999999,0.9076000000000001,1,1
06.08.2021 02:20:28.442,0.9077299999999999,0.9076500000000001,1.12,1.5
06.08.2021 02:20:28.544,0.9077799999999999,0.90769,1.5,1
06.08.2021 02:20:28.645,0.9077799999999999,0.90769,1,1.12
06.08.2021 02:20:28.961,0.9077799999999999,0.9077000000000001,1,1
06.08.2021 02:20:29.062,0.9077700000000001,0.90769,1,1.1
06.08.2021 02:20:29.163,0.9077700000000001,0.90769,1,1
06.08.2021 02:20:30.450,0.9077600000000001,0.90769,1,1
06.08.2021 02:20:30.564,0.9077600000000001,0.9076799999999999,1,1.12
06.08.2021 02:20:42.151,0.9077600000000001,0.90769,1,1
06.08.2021 02:20:43.715,0.9077700000000001,0.90769,1,1.25
06.08.2021 02:20:46.877,0.9077600000000001,0.90769,1,1
06.08.2021 02:21:02.541,0.9077700000000001,0.9076700000000001,1,1.39
06.08.2021 02:21:02.643,0.9077500000000001,0.9076799999999999,1,1
06.08.2021 02:21:07.688,0.9077600000000001,0.9076799999999999,1,1
06.08.2021 02:21:34.334,0.9077700000000001,0.9076799999999999,1,1.2
06.08.2021 02:21:34.436,0.9077700000000001,0.90769,1,1
06.08.2021 02:21:51.403,0.9077700000000001,0.90769,1,1.6
06.08.2021 02:21:52.568,0.9077700000000001,0.90769,1,1.2
06.08.2021 02:21:54.730,0.9077700000000001,0.9077000000000001,1,1
06.08.2021 02:21:54.781,0.90779,0.9077100000000001,1,2.7
06.08.2021 02:21:54.883,0.9078,0.9077100000000001,1,2.51
06.08.2021 02:21:55.253,0.9078200000000001,0.90774,1,1
06.08.2021 02:21:55.355,0.90783,0.9077600000000001,1,1
06.08.2021 02:21:57.494,0.90784,0.9077600000000001,1.5,1.5
06.08.2021 02:22:01.473,0.90784,0.9077500000000001,1,1.57
06.08.2021 02:22:21.537,0.90784,0.9077600000000001,1,1
06.08.2021 02:22:21.639,0.90784,0.90779,1,1
06.08.2021 02:22:21.690,0.90784,0.9077700000000001,1,1
06.08.2021 02:22:21.791,0.90784,0.9077600000000001,1,1.76
06.08.2021 02:22:35.265,0.90785,0.9077299999999999,2.25,1.57
06.08.2021 02:22:40.877,0.90783,0.90774,1,1.57
06.08.2021 02:22:43.366,0.90779,0.9077000000000001,2.32,1.62
06.08.2021 02:22:43.467,0.9077600000000001,0.90769,1,1
06.08.2021 02:22:43.619,0.9077700000000001,0.9076700000000001,1,1.57
06.08.2021 02:23:49.003,0.9077600000000001,0.9076600000000001,1.5,1.1
06.08.2021 02:24:08.641,0.9077500000000001,0.9076600000000001,1,1.1
06.08.2021 02:24:08.742,0.9077500000000001,0.9076500000000001,1.5,1.01
06.08.2021 02:25:03.741,0.9077500000000001,0.9076600000000001,1,1
06.08.2021 02:25:12.067,0.9077600000000001,0.9076600000000001,1.5,1
06.08.2021 02:25:28.391,0.9077600000000001,0.9076500000000001,1,1.31
06.08.2021 02:25:29.312,0.9077600000000001,0.9076600000000001,1,1.31
06.08.2021 02:25:29.801,0.9077500000000001,0.9076500000000001,1,3.19
06.08.2021 02:25:30.306,0.9077600000000001,0.9076500000000001,1,3.19
06.08.2021 02:26:16.396,0.9077500000000001,0.9076600000000001,1,1
06.08.2021 02:26:33.221,0.9077500000000001,0.9076500000000001,1,1.69
06.08.2021 02:27:29.523,0.9077000000000001,0.90764,1,1.25
06.08.2021 02:27:29.574,0.90769,0.9076000000000001,1,2.25
06.08.2021 02:27:29.675,0.90769,0.9076000000000001,1,1
06.08.2021 02:27:29.790,0.9076799999999999,0.90759,1,1
06.08.2021 02:28:05.693,0.9077000000000001,0.90759,1,1.69
06.08.2021 02:28:07.469,0.9077000000000001,0.9076000000000001,1.5,1.69
06.08.2021 02:29:07.576,0.9077000000000001,0.9076500000000001,1,1
06.08.2021 02:29:07.627,0.90774,0.9076200000000001,1.12,3.01
06.08.2021 02:29:07.728,0.9077500000000001,0.9076600000000001,1.12,1.25
06.08.2021 02:29:07.779,0.9077700000000001,0.9076700000000001,1.5,1.25
06.08.2021 02:29:07.880,0.9077799999999999,0.9076700000000001,3,1.25
06.08.2021 02:29:12.470,0.9077799999999999,0.9076799999999999,1.5,1.01
06.08.2021 02:29:13.167,0.90779,0.9076799999999999,1.5,1
06.08.2021 02:29:13.268,0.9077799999999999,0.9076700000000001,1,1.25
06.08.2021 02:29:24.624,0.9077700000000001,0.90769,1,1
06.08.2021 02:29:24.726,0.9077799999999999,0.9077000000000001,1,1.5
06.08.2021 02:29:32.895,0.9077700000000001,0.90769,1,1
06.08.2021 02:29:33.276,0.9077799999999999,0.9076700000000001,1,1
06.08.2021 02:30:43.811,0.9077700000000001,0.9077000000000001,1,1
06.08.2021 02:30:44.030,0.9077799999999999,0.9077000000000001,1,1
06.08.2021 02:30:45.126,0.9078,0.9077100000000001,2.25,1
06.08.2021 02:30:45.229,0.9078,0.9077200000000001,1,1
06.08.2021 02:30:45.330,0.9078100000000001,0.9077200000000001,1.1,1
06.08.2021 02:30:46.396,0.9078,0.9077200000000001,1,1
06.08.2021 02:30:59.600,0.9077799999999999,0.90769,1,2.32
06.08.2021 02:30:59.751,0.9077700000000001,0.90769,1,1.5
06.08.2021 02:31:41.581,0.9077700000000001,0.9077000000000001,1,1
06.08.2021 02:32:10.810,0.9077799999999999,0.9077000000000001,1,1
06.08.2021 02:33:03.229,0.9077799999999999,0.90769,1,1
06.08.2021 02:33:50.356,0.9077799999999999,0.9077100000000001,1,1
06.08.2021 02:33:50.783,0.90779,0.90769,1,1.5
06.08.2021 02:34:01.084,0.9077799999999999,0.90769,1.5,1
06.08.2021 02:34:45.074,0.9077700000000001,0.90769,1,1
06.08.2021 02:35:08.148,0.9077799999999999,0.9076700000000001,1,1.5
06.08.2021 02:35:17.098,0.9077799999999999,0.9076799999999999,2.81,1
06.08.2021 02:35:28.324,0.9077700000000001,0.9076799999999999,1,1
06.08.2021 02:35:28.457,0.9077700000000001,0.9076700000000001,1,1
06.08.2021 02:35:33.257,0.9077799999999999,0.9076600000000001,1.69,1
06.08.2021 02:35:35.446,0.9077700000000001,0.9076799999999999,1.25,1
06.08.2021 02:35:50.231,0.9077799999999999,0.9076799999999999,2.44,1
06.08.2021 02:36:00.278,0.9077799999999999,0.9076799999999999,2.5,1
06.08.2021 02:36:00.695,0.90779,0.9076700000000001,2.44,1
06.08.2021 02:36:31.719,0.9077600000000001,0.9076799999999999,1,1
06.08.2021 02:37:01.329,0.9077700000000001,0.90769,1,1
06.08.2021 02:37:52.108,0.9077799999999999,0.9077000000000001,1,1.5
06.08.2021 02:37:52.210,0.9078,0.9077000000000001,1,1
06.08.2021 02:37:52.625,0.90779,0.9077200000000001,1,1
06.08.2021 02:37:53.158,0.9078100000000001,0.9077200000000001,1,1
06.08.2021 02:37:53.569,0.90783,0.9077500000000001,1.5,1
06.08.2021 02:37:55.554,0.90784,0.9077600000000001,1,1
06.08.2021 02:37:58.875,0.90783,0.9077600000000001,1,1
06.08.2021 02:38:07.222,0.90784,0.9077600000000001,1,1.5
06.08.2021 02:38:55.835,0.90783,0.9077600000000001,1,1.5
06.08.2021 02:39:08.459,0.90784,0.9077600000000001,1,1
06.08.2021 02:39:13.812,0.90783,0.9077600000000001,1.5,1
06.08.2021 02:39:19.764,0.90785,0.9077600000000001,1,1.5
06.08.2021 02:39:22.898,0.90785,0.9077700000000001,1,1.5
06.08.2021 02:39:25.129,0.90779,0.9077200000000001,1.5,1
06.08.2021 02:39:25.231,0.9077799999999999,0.9077100000000001,1,1
06.08.2021 02:39:25.332,0.9077700000000001,0.9077000000000001,1,1
06.08.2021 02:39:25.484,0.90779,0.9077299999999999,1.5,1
06.08.2021 02:39:25.585,0.90785,0.9077600000000001,1,1
06.08.2021 02:39:25.636,0.9078600000000001,0.90779,1,1.5
06.08.2021 02:39:25.737,0.90788,0.9077799999999999,1,1.5
06.08.2021 02:39:25.838,0.90788,0.9078100000000001,1,1
06.08.2021 02:39:25.940,0.90789,0.9078100000000001,1,1
06.08.2021 02:39:26.092,0.9078600000000001,0.9077700000000001,1,1.2
06.08.2021 02:39:26.244,0.9078700000000001,0.9077700000000001,1,1
06.08.2021 02:39:30.625,0.90784,0.9077500000000001,1,1.1
06.08.2021 02:39:31.372,0.90784,0.9077600000000001,1,1
06.08.2021 02:39:39.377,0.90785,0.9077600000000001,1,1
06.08.2021 02:39:58.381,0.90784,0.9077500000000001,1,1.1
06.08.2021 02:39:58.532,0.90785,0.9077500000000001,1,1.57
06.08.2021 02:40:46.044,0.90785,0.9077600000000001,1,1
06.08.2021 02:40:46.212,0.9078600000000001,0.9077600000000001,1.87,1
06.08.2021 02:41:12.616,0.9078600000000001,0.9077600000000001,2.87,1.5
06.08.2021 02:41:13.279,0.90785,0.9077500000000001,1.69,1
06.08.2021 02:41:16.417,0.90785,0.9077500000000001,2.5,1
06.08.2021 02:41:16.519,0.90785,0.9077500000000001,1.69,1
06.08.2021 02:41:16.670,0.90785,0.9077500000000001,2.5,1
06.08.2021 02:42:03.324,0.90785,0.9077500000000001,1.69,1
06.08.2021 02:42:05.154,0.90785,0.9077600000000001,1,1
06.08.2021 02:42:05.859,0.9078600000000001,0.9077600000000001,2.06,1.5
06.08.2021 02:42:07.023,0.9078600000000001,0.9077600000000001,2.87,1.5
06.08.2021 02:42:07.125,0.9078600000000001,0.9077600000000001,2.06,1.5
06.08.2021 02:42:10.195,0.9078600000000001,0.9077600000000001,2.87,1.5
06.08.2021 02:42:20.213,0.90784,0.9077600000000001,1.25,1
06.08.2021 02:42:25.890,0.90784,0.9077500000000001,1.25,1
06.08.2021 02:42:26.422,0.90784,0.9077500000000001,1.75,1
06.08.2021 02:42:33.815,0.9077799999999999,0.9077100000000001,1.5,1.87
06.08.2021 02:42:33.917,0.9077799999999999,0.90769,1.25,1
06.08.2021 02:42:37.922,0.9077799999999999,0.9076799999999999,1.5,1.1
06.08.2021 02:42:44.672,0.9077799999999999,0.90769,1,1
06.08.2021 02:42:44.724,0.9078,0.9077000000000001,2.06,1
06.08.2021 02:42:44.826,0.9078200000000001,0.9077000000000001,1.87,1
06.08.2021 02:42:45.029,0.9078100000000001,0.9077200000000001,1.12,1
06.08.2021 02:43:02.561,0.9078,0.9077000000000001,1.25,1.5
06.08.2021 02:43:02.662,0.90779,0.9077000000000001,1,1
06.08.2021 02:43:02.864,0.9078,0.9077000000000001,1.69,1.5
06.08.2021 02:43:21.816,0.90779,0.90769,1.5,1
06.08.2021 02:43:21.917,0.9077700000000001,0.9076700000000001,1,1.5
06.08.2021 02:43:25.925,0.9077799999999999,0.9076799999999999,1,1.5
06.08.2021 02:43:29.620,0.90779,0.9076799999999999,1,1
06.08.2021 02:43:29.670,0.9078,0.90769,2.06,1.5
06.08.2021 02:43:29.772,0.9078,0.9077000000000001,1.69,1
06.08.2021 02:43:29.891,0.9078100000000001,0.9077100000000001,1.5,1.5
06.08.2021 02:43:38.705,0.90779,0.90769,1,2.32
06.08.2021 02:43:38.810,0.9078100000000001,0.90769,2.06,1
06.08.2021 02:43:43.875,0.90779,0.9077000000000001,1,1
06.08.2021 02:44:12.492,0.9078,0.9077100000000001,1.75,1
06.08.2021 02:44:12.543,0.9078200000000001,0.9077000000000001,1.5,1.5
06.08.2021 02:44:12.645,0.90783,0.9077200000000001,2.06,1.5
06.08.2021 02:44:18.882,0.9078200000000001,0.9077200000000001,1,1.5
06.08.2021 02:44:34.437,0.9077799999999999,0.9076799999999999,1,3.47
06.08.2021 02:44:34.538,0.9077799999999999,0.9076799999999999,1,1.57
06.08.2021 02:44:43.597,0.9078,0.9076799999999999,1.87,1.5
06.08.2021 02:44:44.321,0.9078,0.9077000000000001,1.01,1
06.08.2021 02:44:52.259,0.9078,0.9077100000000001,1,1
06.08.2021 02:44:52.412,0.9078100000000001,0.9077100000000001,1.25,1.5
06.08.2021 02:44:52.563,0.9078200000000001,0.9077100000000001,1.69,1.5
06.08.2021 02:45:00.616,0.9078200000000001,0.9077299999999999,1.69,1.12
06.08.2021 02:45:00.717,0.90784,0.90774,1.25,1.5
06.08.2021 02:45:00.819,0.90784,0.9077500000000001,1.25,1
06.08.2021 02:45:01.026,0.90784,0.90774,1.25,1.5
06.08.2021 02:45:01.279,0.9078200000000001,0.9077200000000001,1.25,1.57
06.08.2021 02:45:39.817,0.90783,0.9077200000000001,2.06,1
06.08.2021 02:45:39.918,0.90784,0.9077500000000001,1,1.1
06.08.2021 02:45:40.020,0.9078600000000001,0.90774,1,1.57
06.08.2021 02:45:56.072,0.90784,0.90774,1.25,1.5
06.08.2021 02:45:59.100,0.90784,0.9077500000000001,1,1
06.08.2021 02:46:04.875,0.90784,0.90774,1.25,1.57
06.08.2021 02:46:07.634,0.90784,0.9077500000000001,1,1
06.08.2021 02:46:15.824,0.90784,0.90774,1,1.57
06.08.2021 02:47:11.325,0.90785,0.9077500000000001,1,1.5
06.08.2021 02:47:24.152,0.90784,0.90774,1,1
06.08.2021 02:47:24.508,0.90784,0.9077299999999999,1,1.1
06.08.2021 02:47:24.610,0.90783,0.9077500000000001,1,1
06.08.2021 02:47:58.741,0.90783,0.90774,1,1
06.08.2021 02:48:24.658,0.90784,0.90774,1.5,1.1
06.08.2021 02:48:36.114,0.90783,0.90774,1,1
06.08.2021 02:48:39.742,0.90783,0.9077500000000001,1,1
06.08.2021 02:48:45.138,0.90784,0.9077500000000001,1,1
06.08.2021 02:49:00.493,0.90784,0.90774,1,1
06.08.2021 02:49:01.558,0.90784,0.9077500000000001,1,1
06.08.2021 02:49:01.659,0.90784,0.9077700000000001,1,1
06.08.2021 02:49:01.710,0.9078600000000001,0.9077700000000001,1,1
06.08.2021 02:49:02.165,0.9078600000000001,0.9077799999999999,1,1
06.08.2021 02:49:02.317,0.90785,0.9077799999999999,1,1
06.08.2021 02:49:03.545,0.9078600000000001,0.90779,1,1
06.08.2021 02:49:03.646,0.9078700000000001,0.90779,1,1
06.08.2021 02:49:07.874,0.90788,0.90779,1,1
06.08.2021 02:49:22.673,0.9078600000000001,0.9077500000000001,1.69,1.95
06.08.2021 02:49:22.774,0.90785,0.9077500000000001,1.25,1.87
06.08.2021 02:49:28.436,0.90784,0.9077500000000001,1,1
06.08.2021 02:49:31.843,0.90783,0.90774,1,1
06.08.2021 02:49:31.944,0.90785,0.9077299999999999,1.25,1.5
06.08.2021 02:49:44.732,0.90783,0.90774,1,1
06.08.2021 02:49:54.687,0.90785,0.9077299999999999,1.25,1.5
06.08.2021 02:50:01.280,0.9077700000000001,0.9077000000000001,1,2.25
06.08.2021 02:50:01.381,0.9077700000000001,0.9076799999999999,1,1
06.08.2021 02:50:01.634,0.9077799999999999,0.90769,1,1
06.08.2021 02:50:04.875,0.9077700000000001,0.90769,1,1
06.08.2021 02:50:09.209,0.9077700000000001,0.9076700000000001,1.12,1.1
06.08.2021 02:50:09.310,0.9077600000000001,0.9076600000000001,1.5,1.57
06.08.2021 02:50:18.678,0.9077600000000001,0.9076700000000001,1,1
06.08.2021 02:50:20.002,0.9077700000000001,0.9076700000000001,1.31,1.5
06.08.2021 02:50:33.286,0.9077799999999999,0.9077000000000001,1.85,1
06.08.2021 02:50:34.862,0.9077799999999999,0.9077000000000001,1,1
06.08.2021 02:50:36.299,0.90779,0.9077100000000001,1.39,1
06.08.2021 02:50:47.699,0.90779,0.9077000000000001,1.01,1
06.08.2021 02:50:50.265,0.90779,0.9077100000000001,1.01,1
06.08.2021 02:50:50.855,0.9078,0.9077100000000001,1.01,1
06.08.2021 02:50:51.071,0.90779,0.9077100000000001,1.01,1
06.08.2021 02:50:51.445,0.90779,0.9077200000000001,1.01,1
06.08.2021 02:50:51.664,0.90779,0.9077100000000001,1.01,1
06.08.2021 02:50:52.125,0.90779,0.9077200000000001,1.01,1
06.08.2021 02:50:52.235,0.9078,0.9077000000000001,1.01,1
06.08.2021 02:51:00.498,0.90779,0.9077000000000001,1.01,1
06.08.2021 02:51:15.302,0.9078,0.9076799999999999,1.25,1.5
06.08.2021 02:51:28.484,0.9078,0.9077000000000001,2.95,1
06.08.2021 02:51:31.203,0.9078200000000001,0.90774,1.69,1
06.08.2021 02:51:31.304,0.90784,0.9077299999999999,1,1
06.08.2021 02:51:31.456,0.90784,0.9077500000000001,1.25,1
06.08.2021 02:51:31.708,0.90784,0.9077600000000001,1,1
06.08.2021 02:51:35.768,0.90785,0.9077600000000001,1.25,1
06.08.2021 02:51:46.426,0.90784,0.9077500000000001,1.25,1
06.08.2021 02:51:48.039,0.90785,0.9077500000000001,1.25,1.5
06.08.2021 02:51:53.184,0.90785,0.9077600000000001,1.25,1
06.08.2021 02:51:57.904,0.9078600000000001,0.9077600000000001,1.31,1.5
06.08.2021 02:52:03.011,0.9078600000000001,0.9077600000000001,2.87,1
06.08.2021 02:52:03.535,0.90785,0.9077500000000001,1.25,1.5
06.08.2021 02:52:08.105,0.90784,0.9077500000000001,1.25,1
06.08.2021 02:52:11.672,0.90785,0.9077500000000001,1.25,1.5
06.08.2021 02:52:29.082,0.90785,0.9077700000000001,1,1
06.08.2021 02:52:31.750,0.9078600000000001,0.9077700000000001,1,1
06.08.2021 02:52:34.087,0.9078700000000001,0.9077700000000001,1.69,1.5
06.08.2021 02:53:02.765,0.90785,0.9077600000000001,1,1
06.08.2021 02:53:13.911,0.90785,0.9077500000000001,1.69,1.5
06.08.2021 02:53:19.060,0.90785,0.9077600000000001,1.25,1
06.08.2021 02:53:23.990,0.90785,0.9077500000000001,2.06,1.5
06.08.2021 02:53:24.091,0.90785,0.9077500000000001,2.87,1.5
06.08.2021 02:53:35.042,0.90785,0.9077600000000001,2.12,1
06.08.2021 02:53:35.416,0.90785,0.9077700000000001,2.12,1
06.08.2021 02:53:35.618,0.90785,0.9077600000000001,2.12,1
06.08.2021 02:53:37.277,0.90785,0.9077500000000001,2.12,1.5
06.08.2021 02:53:41.896,0.90785,0.9077500000000001,1.31,1.5
06.08.2021 02:53:43.874,0.90785,0.9077600000000001,1.31,1
06.08.2021 02:53:51.315,0.90785,0.9077500000000001,2.06,1.57
06.08.2021 02:53:51.417,0.90785,0.9077600000000001,1.12,1
06.08.2021 02:54:16.401,0.9078600000000001,0.9077600000000001,1.87,1.57
06.08.2021 02:54:16.502,0.9078600000000001,0.9077700000000001,1.12,1
06.08.2021 02:54:52.613,0.90784,0.9077700000000001,1,1
06.08.2021 02:54:54.924,0.90784,0.9077500000000001,1,1.1
06.08.2021 02:54:55.025,0.90784,0.9077600000000001,1,1
06.08.2021 02:54:55.279,0.90784,0.9077500000000001,1,1.1
06.08.2021 02:55:00.131,0.90785,0.9077500000000001,1,1
06.08.2021 02:55:19.057,0.90784,0.90774,1.5,1.6
06.08.2021 02:55:37.491,0.90784,0.9077600000000001,1,1
06.08.2021 02:55:38.670,0.90784,0.9077500000000001,1,1.1
06.08.2021 02:55:39.986,0.90784,0.9077600000000001,1,1
06.08.2021 02:55:40.087,0.90784,0.9077500000000001,1,1.2
06.08.2021 02:55:43.301,0.90784,0.9077600000000001,1,1
06.08.2021 02:55:43.352,0.90785,0.9077799999999999,1,1
06.08.2021 02:55:43.453,0.90785,0.9077600000000001,1,1.87
06.08.2021 02:55:49.068,0.90784,0.9077500000000001,1,1.6
06.08.2021 02:55:50.541,0.90784,0.9077500000000001,1,1.1
06.08.2021 02:56:04.239,0.90785,0.9077500000000001,1.25,1.57
06.08.2021 02:56:41.142,0.90785,0.9077600000000001,1,1
06.08.2021 02:56:46.925,0.90785,0.9077500000000001,1.69,1.1
06.08.2021 02:56:51.116,0.90785,0.9077600000000001,1.25,1
06.08.2021 02:56:51.268,0.90785,0.9077700000000001,1,1
06.08.2021 02:57:27.828,0.9078600000000001,0.9077700000000001,1,1
06.08.2021 02:57:36.313,0.90785,0.9077700000000001,1,1.1
06.08.2021 02:58:15.803,0.90784,0.9077700000000001,1,1.1
06.08.2021 02:58:15.937,0.90785,0.9077700000000001,1,1.1
06.08.2021 02:58:16.905,0.90784,0.9077700000000001,1,1.1
06.08.2021 02:58:17.006,0.90785,0.9077700000000001,1,1.1
06.08.2021 02:58:31.591,0.90785,0.9077600000000001,1.25,1.12
06.08.2021 02:59:14.597,0.90784,0.9077600000000001,1,1
06.08.2021 02:59:26.601,0.90784,0.9077500000000001,1,1
06.08.2021 02:59:36.226,0.90784,0.9077600000000001,1,1
06.08.2021 02:59:38.742,0.90784,0.9077500000000001,1,1.95
06.08.2021 03:00:00.656,0.9078,0.9077100000000001,1,1.57
06.08.2021 03:00:00.757,0.90779,0.9077200000000001,1,1
06.08.2021 03:00:00.858,0.9078,0.9077200000000001,1,1
06.08.2021 03:00:12.862,0.90779,0.9077200000000001,1,1
06.08.2021 03:00:15.237,0.9077799999999999,0.9077200000000001,1,1
06.08.2021 03:00:15.459,0.90779,0.9077200000000001,1,1
06.08.2021 03:00:16.227,0.9077799999999999,0.9077200000000001,1,1
06.08.2021 03:00:16.451,0.90779,0.9077200000000001,1,1
06.08.2021 03:00:23.893,0.9077799999999999,0.9077000000000001,1,1
06.08.2021 03:00:24.045,0.90779,0.9077000000000001,1,1.12
06.08.2021 03:00:25.275,0.90779,0.9077200000000001,1,1
06.08.2021 03:00:30.528,0.9078,0.9077200000000001,1,1.25
06.08.2021 03:00:55.405,0.9078100000000001,0.9077200000000001,1,1
06.08.2021 03:00:55.537,0.90783,0.9077299999999999,1.5,3.57
06.08.2021 03:00:55.639,0.90784,0.9077500000000001,1,1.57
06.08.2021 03:01:20.902,0.90785,0.9077500000000001,1,1
06.08.2021 03:02:27.854,0.90785,0.9077600000000001,1.5,1
06.08.2021 03:02:28.014,0.90789,0.90779,1.5,3.07
06.08.2021 03:02:28.115,0.9079,0.90779,1.5,1.12
06.08.2021 03:02:30.228,0.9079,0.9078,1.25,1.5
06.08.2021 03:02:37.887,0.9079200000000002,0.90783,1.5,1
06.08.2021 03:02:37.988,0.9079200000000002,0.9078200000000001,1.5,2.32
06.08.2021 03:02:38.090,0.9079200000000002,0.90783,1,1
06.08.2021 03:02:39.400,0.90793,0.90783,1.5,1
06.08.2021 03:03:08.417,0.9079200000000002,0.90783,1,1.12
06.08.2021 03:03:08.518,0.90793,0.90784,1,1
06.08.2021 03:03:18.825,0.9079200000000002,0.90784,1,1.5
06.08.2021 03:03:27.474,0.9079100000000001,0.9078200000000001,1,1.1
06.08.2021 03:03:27.525,0.9079200000000002,0.90784,1,1
06.08.2021 03:04:01.982,0.9079100000000001,0.9078200000000001,1,2.2
06.08.2021 03:04:02.084,0.9079100000000001,0.9078200000000001,1,1.39
06.08.2021 03:04:17.463,0.9079100000000001,0.90784,1,1
06.08.2021 03:04:31.171,0.9079200000000002,0.90784,1,1
06.08.2021 03:04:52.513,0.9079100000000001,0.90784,1,1
06.08.2021 03:05:01.938,0.9079100000000001,0.9078200000000001,1,1.25
06.08.2021 03:05:01.989,0.9079100000000001,0.90784,1,1
06.08.2021 03:05:04.653,0.9079100000000001,0.90785,1,1
06.08.2021 03:05:06.261,0.9079200000000002,0.90785,1,1
06.08.2021 03:05:29.464,0.90793,0.90785,1.5,1.5
06.08.2021 03:06:18.362,0.90798,0.9079100000000001,1,1
06.08.2021 03:06:18.464,0.9080200000000002,0.90795,1,1.1
06.08.2021 03:06:18.565,0.9080200000000002,0.9079600000000001,1,1.1
06.08.2021 03:06:18.616,0.9080700000000002,0.90799,1,1
06.08.2021 03:06:18.667,0.90805,0.9079700000000002,1,1
06.08.2021 03:06:19.446,0.9080600000000001,0.9079700000000002,1,1
06.08.2021 03:06:20.236,0.9080600000000001,0.90798,1,1
06.08.2021 03:06:28.076,0.9080600000000001,0.9079600000000001,1.5,1.6
06.08.2021 03:06:28.709,0.90805,0.9079700000000002,1,1.2
06.08.2021 03:06:35.520,0.9080600000000001,0.9079700000000002,1,1.2
06.08.2021 03:06:40.775,0.9080700000000002,0.90799,1,1
06.08.2021 03:06:40.876,0.9080700000000002,0.908,1,1
06.08.2021 03:06:40.978,0.90808,0.9080100000000001,1,1
06.08.2021 03:06:41.568,0.90808,0.9080200000000002,1,1
06.08.2021 03:06:42.885,0.90809,0.90803,1,1
06.08.2021 03:06:42.986,0.9081,0.90803,1,1
06.08.2021 03:06:43.087,0.9081100000000001,0.90803,1,1
06.08.2021 03:06:43.189,0.9081,0.9080200000000002,1,1
06.08.2021 03:06:43.239,0.9081,0.908,1,1.95
06.08.2021 03:06:43.341,0.90809,0.90799,1,3.1
06.08.2021 03:06:51.917,0.90809,0.9080100000000001,1,1
06.08.2021 03:06:55.177,0.90808,0.90799,1,1.22
06.08.2021 03:06:57.827,0.9080700000000002,0.90798,1,1
06.08.2021 03:06:57.978,0.9080700000000002,0.908,1,1
06.08.2021 03:07:01.551,0.90809,0.9080100000000001,1,1
06.08.2021 03:07:04.219,0.90809,0.908,1,1.1
06.08.2021 03:07:12.720,0.90805,0.908,1,1
06.08.2021 03:07:12.771,0.9080600000000001,0.9079600000000001,3,1.1
06.08.2021 03:07:12.872,0.90805,0.9079600000000001,1,1
06.08.2021 03:07:15.336,0.9080700000000002,0.9079700000000002,1,1
06.08.2021 03:07:19.167,0.90803,0.90794,1,1.2
06.08.2021 03:07:22.881,0.9080200000000002,0.90794,1,1.12
06.08.2021 03:07:35.474,0.9080200000000002,0.90793,1,1
06.08.2021 03:07:36.177,0.9080100000000001,0.90793,1,1
06.08.2021 03:07:36.278,0.9080100000000001,0.9079200000000002,1,1
06.08.2021 03:08:28.102,0.908,0.9079,1,1.57
06.08.2021 03:08:32.464,0.908,0.9079200000000002,1,1
06.08.2021 03:08:49.888,0.9080100000000001,0.9079200000000002,1,1
06.08.2021 03:09:49.860,0.908,0.9079200000000002,1,1
06.08.2021 03:10:00.591,0.90799,0.9079200000000002,1,1
06.08.2021 03:10:00.642,0.90795,0.9078600000000001,1.69,1.1
06.08.2021 03:10:00.693,0.90794,0.90783,1,2.85
06.08.2021 03:10:00.744,0.90794,0.90783,1,1.57
06.08.2021 03:10:04.892,0.9079200000000002,0.90784,1,1.57
06.08.2021 03:10:09.835,0.90793,0.9078600000000001,1,1
06.08.2021 03:10:11.062,0.9079200000000002,0.9078600000000001,1,1
06.08.2021 03:11:04.850,0.9079200000000002,0.90785,1,1
06.08.2021 03:11:19.482,0.9079200000000002,0.90783,1,1.12
06.08.2021 03:11:23.992,0.9079,0.9078200000000001,2.25,1.1
06.08.2021 03:11:24.093,0.9078600000000001,0.9077600000000001,1,1.1
06.08.2021 03:11:24.144,0.90785,0.9077500000000001,1,5.04
06.08.2021 03:11:24.245,0.9078600000000001,0.9077700000000001,1,2.16
06.08.2021 03:11:24.346,0.9078700000000001,0.9077799999999999,1,1.39
06.08.2021 03:11:24.448,0.9079100000000001,0.9078100000000001,1,1.1
06.08.2021 03:11:24.599,0.90789,0.9078,1,1.1
06.08.2021 03:11:28.826,0.9079100000000001,0.9078100000000001,1,1.1
06.08.2021 03:11:28.977,0.9079200000000002,0.9078100000000001,1,2.72
06.08.2021 03:11:35.002,0.9079,0.9078200000000001,1,1
06.08.2021 03:11:35.256,0.9079100000000001,0.9078200000000001,1,1
06.08.2021 03:11:43.518,0.9079200000000002,0.9078200000000001,1.5,1.12
06.08.2021 03:12:18.652,0.9079200000000002,0.90783,1,1
06.08.2021 03:12:20.390,0.9079200000000002,0.90784,1,1.12
06.08.2021 03:12:58.769,0.90793,0.90784,1,1
06.08.2021 03:13:04.405,0.9079200000000002,0.9078200000000001,1.5,1.76
06.08.2021 03:13:04.506,0.9079100000000001,0.9078200000000001,1,1.1
06.08.2021 03:13:08.908,0.9079,0.9078200000000001,1,1
06.08.2021 03:13:12.058,0.9078600000000001,0.9077799999999999,1,1.35
06.08.2021 03:13:12.160,0.9078700000000001,0.9077700000000001,1,1.01
06.08.2021 03:13:18.544,0.90788,0.9077799999999999,1,1
06.08.2021 03:13:18.646,0.90788,0.90779,1,1.1
06.08.2021 03:13:19.342,0.9078700000000001,0.90779,1,1.1
06.08.2021 03:13:31.116,0.9078600000000001,0.90779,1,1
06.08.2021 03:13:45.685,0.9078600000000001,0.9077799999999999,1,1.1
06.08.2021 03:13:45.786,0.90785,0.9077799999999999,1,1
06.08.2021 03:13:45.837,0.9078600000000001,0.9077500000000001,1,1.2
06.08.2021 03:13:45.938,0.90785,0.9077500000000001,1,1.1
06.08.2021 03:14:00.678,0.90783,0.9077500000000001,1,1
06.08.2021 03:14:54.885,0.90784,0.9077500000000001,1,1.1
06.08.2021 03:15:18.300,0.9078600000000001,0.90774,1,1
06.08.2021 03:15:50.662,0.90785,0.9077600000000001,1,1
06.08.2021 03:17:24.469,0.90785,0.9077700000000001,1,1
06.08.2021 03:17:27.041,0.9078700000000001,0.9077799999999999,1.31,1
06.08.2021 03:18:11.839,0.9078700000000001,0.90779,1,1
06.08.2021 03:18:19.520,0.90788,0.90779,1.31,1
06.08.2021 03:18:37.060,0.90789,0.9078,1.51,1
06.08.2021 03:18:37.212,0.90789,0.90779,1.37,1
06.08.2021 03:19:16.873,0.90788,0.90779,2.12,1
06.08.2021 03:19:37.352,0.90788,0.90779,1.12,1
06.08.2021 03:19:54.673,0.90788,0.9078,1,1
06.08.2021 03:20:45.412,0.90788,0.9078,1.22,1
06.08.2021 03:20:50.033,0.90788,0.9078,1.2,1
06.08.2021 03:20:53.969,0.9078600000000001,0.9078,1.25,1
06.08.2021 03:20:54.071,0.9078600000000001,0.90779,1.39,1
06.08.2021 03:20:58.874,0.9078600000000001,0.9078,1.01,1
06.08.2021 03:21:03.430,0.9078600000000001,0.90779,1.01,1
06.08.2021 03:21:12.149,0.9078700000000001,0.9077799999999999,3.1,1
06.08.2021 03:21:46.309,0.9078600000000001,0.9077700000000001,2.16,1
06.08.2021 03:21:54.892,0.90785,0.9077600000000001,1.01,1.5
06.08.2021 03:22:08.136,0.90785,0.9077600000000001,1.79,1
06.08.2021 03:22:16.191,0.90785,0.9077600000000001,1.69,1
06.08.2021 03:22:44.578,0.90785,0.9077700000000001,1,1
06.08.2021 03:22:58.971,0.9078600000000001,0.9077700000000001,1.31,1
06.08.2021 03:23:21.880,0.90785,0.9077700000000001,1,1
06.08.2021 03:23:51.356,0.9078600000000001,0.9077500000000001,1.25,1
06.08.2021 03:25:05.772,0.90785,0.9077299999999999,1.76,1.5
06.08.2021 03:25:05.873,0.90783,0.90774,1.25,1
06.08.2021 03:25:11.400,0.90784,0.90774,1.25,1
06.08.2021 03:25:21.590,0.90783,0.90774,1.25,1
06.08.2021 03:25:22.709,0.90784,0.9077600000000001,1,1
06.08.2021 03:25:29.475,0.90784,0.9077500000000001,1,1
06.08.2021 03:25:36.685,0.90784,0.9077600000000001,1,1
06.08.2021 03:25:39.541,0.90784,0.9077500000000001,1,1
06.08.2021 03:25:55.174,0.90783,0.90774,1,1
06.08.2021 03:25:55.275,0.90784,0.9077500000000001,1.25,1
06.08.2021 03:26:10.033,0.90783,0.9077500000000001,1,1
06.08.2021 03:26:10.135,0.90784,0.9077500000000001,1.25,1
06.08.2021 03:26:27.789,0.90783,0.9077500000000001,1,1
06.08.2021 03:26:27.890,0.90784,0.9077500000000001,1.01,1
06.08.2021 03:26:28.665,0.90783,0.9077500000000001,1,1
06.08.2021 03:26:34.340,0.90784,0.9077500000000001,1.01,1
06.08.2021 03:26:34.547,0.90785,0.9077500000000001,2.14,1.5
06.08.2021 03:27:33.575,0.90785,0.9077500000000001,2.76,1
06.08.2021 03:27:33.677,0.90785,0.9077500000000001,1.76,1
06.08.2021 03:27:51.804,0.90784,0.9077500000000001,1.25,1
06.08.2021 03:28:25.257,0.90783,0.9077500000000001,1,1
06.08.2021 03:28:25.358,0.90784,0.9077500000000001,1.25,1
06.08.2021 03:28:46.160,0.90783,0.9077500000000001,1,1
06.08.2021 03:29:23.405,0.90784,0.9077500000000001,1.25,1
06.08.2021 03:29:45.750,0.90779,0.9077100000000001,1.5,1.12
06.08.2021 03:29:45.802,0.90779,0.90769,1.76,1
06.08.2021 03:29:45.903,0.9077799999999999,0.9076799999999999,1.87,1
06.08.2021 03:29:55.077,0.9077700000000001,0.9076700000000001,1,1.69
06.08.2021 03:30:04.861,0.9077799999999999,0.9076700000000001,1.87,1.69
06.08.2021 03:30:11.459,0.9077799999999999,0.90769,1.12,1
06.08.2021 03:30:13.027,0.9078,0.9076799999999999,1,1.5
06.08.2021 03:30:13.129,0.9078,0.9077200000000001,1,1
06.08.2021 03:30:14.053,0.9078,0.9077000000000001,2,1.5
06.08.2021 03:30:14.205,0.9078,0.9077100000000001,1,1
06.08.2021 03:30:23.680,0.9078100000000001,0.9077100000000001,1.87,1.5
06.08.2021 03:30:24.598,0.9078100000000001,0.9077299999999999,1.87,1
06.08.2021 03:30:24.649,0.90784,0.9077500000000001,1,1
06.08.2021 03:30:24.801,0.90785,0.9077500000000001,1.01,1
06.08.2021 03:30:36.237,0.9078600000000001,0.9077500000000001,1,1
06.08.2021 03:31:38.815,0.90785,0.9077700000000001,1,1
06.08.2021 03:31:47.287,0.90784,0.9077600000000001,1,1
06.08.2021 03:31:49.939,0.90785,0.9077600000000001,1,1
06.08.2021 03:32:01.125,0.9078600000000001,0.9077700000000001,1.12,1
06.08.2021 03:32:19.578,0.90785,0.9077700000000001,1,1
06.08.2021 03:32:22.545,0.9078600000000001,0.9077500000000001,1,1
06.08.2021 03:32:31.802,0.90785,0.9077700000000001,1,1
06.08.2021 03:33:10.535,0.90785,0.9077600000000001,1,1
06.08.2021 03:33:23.410,0.90784,0.9077600000000001,1,1
06.08.2021 03:33:23.511,0.90785,0.9077600000000001,1.25,1
06.08.2021 03:34:03.233,0.9078200000000001,0.9077299999999999,2.81,1
06.08.2021 03:34:03.334,0.9078100000000001,0.9077100000000001,1,2.25
06.08.2021 03:34:03.435,0.9078100000000001,0.9077200000000001,1.12,1
06.08.2021 03:34:04.589,0.9078200000000001,0.9077100000000001,1.62,1
06.08.2021 03:34:06.109,0.9078100000000001,0.9077100000000001,2.56,1.5
06.08.2021 03:34:06.681,0.9078100000000001,0.9077100000000001,2.06,1.5
06.08.2021 03:34:07.956,0.90779,0.9077000000000001,1.25,1
06.08.2021 03:34:13.062,0.9078,0.90774,1,1
06.08.2021 03:34:13.113,0.90783,0.9077600000000001,1,1
06.08.2021 03:34:13.853,0.90784,0.9077600000000001,1,1
06.08.2021 03:35:00.916,0.9078600000000001,0.9077500000000001,1,1
06.08.2021 03:35:55.899,0.9078600000000001,0.9077600000000001,1.31,1
06.08.2021 03:36:55.809,0.90785,0.9077600000000001,1,1
06.08.2021 03:37:04.903,0.90785,0.9077500000000001,1,1
06.08.2021 03:37:09.854,0.9078600000000001,0.9077600000000001,2.14,1
06.08.2021 03:37:36.457,0.90785,0.9077600000000001,1.25,1
06.08.2021 03:37:41.875,0.9078600000000001,0.90774,1.69,1
06.08.2021 03:38:00.719,0.9078200000000001,0.9077299999999999,1,2.25
06.08.2021 03:38:00.821,0.90783,0.9077299999999999,3.56,1
06.08.2021 03:38:00.974,0.90784,0.90774,1.25,1
06.08.2021 03:38:05.640,0.90785,0.9077500000000001,2.87,1
06.08.2021 03:38:10.712,0.9078200000000001,0.90774,1,1
06.08.2021 03:38:10.865,0.9078200000000001,0.9077299999999999,1.12,1
06.08.2021 03:38:11.078,0.9078100000000001,0.9077200000000001,1,1
06.08.2021 03:38:11.180,0.9078200000000001,0.9077200000000001,2.06,1.5
06.08.2021 03:38:11.587,0.9078200000000001,0.9077299999999999,2.06,1.5
06.08.2021 03:38:11.690,0.90784,0.9077500000000001,1.69,1
06.08.2021 03:38:15.176,0.90779,0.9077000000000001,1.5,1.35
06.08.2021 03:38:15.227,0.90779,0.9076799999999999,1.69,1.6
06.08.2021 03:38:15.328,0.9077799999999999,0.9076799999999999,1,1.57
06.08.2021 03:38:15.429,0.9078200000000001,0.9077299999999999,1.12,1
06.08.2021 03:38:15.632,0.90783,0.90774,1,1
06.08.2021 03:38:20.328,0.9078200000000001,0.9077299999999999,1,1
06.08.2021 03:38:20.429,0.9078200000000001,0.9077200000000001,1.5,1.5
06.08.2021 03:38:20.531,0.9078,0.9077200000000001,1,1
06.08.2021 03:38:21.983,0.9078,0.9077100000000001,1,1
06.08.2021 03:38:23.297,0.9077799999999999,0.90769,1,1
06.08.2021 03:38:25.629,0.90779,0.90769,1,1.79
06.08.2021 03:38:25.730,0.9078,0.9077000000000001,1.5,1.1
06.08.2021 03:38:49.069,0.9077799999999999,0.9076799999999999,1.5,1.6
06.08.2021 03:38:49.171,0.9077799999999999,0.9076700000000001,1,1
06.08.2021 03:38:49.272,0.90779,0.90769,1,1.1
06.08.2021 03:38:49.374,0.90779,0.9077100000000001,1,1
06.08.2021 03:38:49.526,0.9078,0.9077100000000001,1,1
06.08.2021 03:38:50.306,0.9078,0.9077200000000001,1,1
06.08.2021 03:38:51.342,0.9078100000000001,0.9077200000000001,1.25,1
06.08.2021 03:39:44.510,0.9078100000000001,0.9077100000000001,1.5,1.1
06.08.2021 03:39:48.133,0.90783,0.90774,1.5,1
06.08.2021 03:39:48.235,0.90784,0.90774,1,1.57
06.08.2021 03:39:49.373,0.90784,0.9077500000000001,1,1
06.08.2021 03:39:55.574,0.90785,0.9077500000000001,1.31,1.5
06.08.2021 03:39:59.941,0.90783,0.9077299999999999,1,3.47
06.08.2021 03:40:00.043,0.90784,0.90774,1.69,1.1
06.08.2021 03:40:00.397,0.90783,0.90774,1,1.1
06.08.2021 03:40:00.499,0.90784,0.90774,1.25,1.57
06.08.2021 03:40:00.905,0.90783,0.90774,1,1.1
06.08.2021 03:40:01.007,0.90784,0.90774,1.25,1.57
06.08.2021 03:40:01.627,0.90783,0.90774,1,1.1
06.08.2021 03:40:01.780,0.90785,0.90774,2.87,1.57
06.08.2021 03:40:05.281,0.90785,0.90774,2.06,1.57
06.08.2021 03:40:40.424,0.90785,0.9077299999999999,1,1
06.08.2021 03:41:10.514,0.90783,0.90774,1,1.1
06.08.2021 03:41:51.773,0.90783,0.9077500000000001,1,1
06.08.2021 03:42:34.690,0.9078200000000001,0.90774,1,1
06.08.2021 03:42:34.792,0.90779,0.9077200000000001,1,1
06.08.2021 03:42:34.944,0.90779,0.9077100000000001,1,1
06.08.2021 03:42:47.854,0.9077600000000001,0.90769,1,1
06.08.2021 03:42:48.006,0.9077500000000001,0.90769,1,1
06.08.2021 03:42:48.158,0.9077500000000001,0.9076700000000001,1,1
06.08.2021 03:42:53.503,0.9077500000000001,0.9076799999999999,1,1
06.08.2021 03:43:21.760,0.9077500000000001,0.9076600000000001,1,1
06.08.2021 03:43:35.201,0.9077500000000001,0.9076799999999999,1,1
06.08.2021 03:43:43.212,0.90774,0.9076799999999999,1,1
06.08.2021 03:44:03.704,0.9077500000000001,0.9076799999999999,1,1
06.08.2021 03:44:30.376,0.9077600000000001,0.9076799999999999,1.5,1.5
06.08.2021 03:44:58.057,0.9077600000000001,0.9076700000000001,1.25,1
06.08.2021 03:45:03.667,0.9077600000000001,0.9076799999999999,1,1
06.08.2021 03:45:19.162,0.9077600000000001,0.90769,1,1
06.08.2021 03:45:19.263,0.9077799999999999,0.9076799999999999,1,1
06.08.2021 03:45:19.415,0.9078,0.9077100000000001,2.75,1.5
06.08.2021 03:45:19.517,0.9078,0.9077200000000001,1,1
06.08.2021 03:45:19.624,0.9078100000000001,0.9077200000000001,1.25,1
06.08.2021 03:45:19.725,0.9078100000000001,0.9077299999999999,1.25,1
06.08.2021 03:45:24.446,0.9078,0.9077100000000001,1,1.1
06.08.2021 03:45:24.548,0.9078,0.9077200000000001,1,1
06.08.2021 03:45:31.504,0.9078100000000001,0.9077200000000001,1.25,1
06.08.2021 03:45:45.154,0.9078,0.9077200000000001,1,1
06.08.2021 03:45:49.785,0.90779,0.9076799999999999,1,1
06.08.2021 03:45:49.907,0.9077799999999999,0.9076799999999999,1,1.57
06.08.2021 03:45:50.114,0.9077799999999999,0.90769,1,1
06.08.2021 03:45:59.133,0.90779,0.9077100000000001,1,1
06.08.2021 03:46:00.176,0.90779,0.9077200000000001,1,1
06.08.2021 03:46:00.227,0.9078200000000001,0.9077299999999999,1.75,3
06.08.2021 03:46:00.328,0.90784,0.90774,2.44,1.5
06.08.2021 03:46:01.261,0.90784,0.9077600000000001,1.69,1
06.08.2021 03:46:01.413,0.9078600000000001,0.9077600000000001,2.14,1.5
06.08.2021 03:46:01.514,0.9078700000000001,0.9077700000000001,2.19,1.95
06.08.2021 03:46:01.616,0.9078700000000001,0.9077700000000001,1.5,2.32
06.08.2021 03:46:04.877,0.9078600000000001,0.9077700000000001,1,1.2
06.08.2021 03:46:31.789,0.9078700000000001,0.9077700000000001,2.44,1.57
06.08.2021 03:46:31.840,0.90785,0.9077700000000001,1,1
06.08.2021 03:46:31.942,0.9078600000000001,0.9077700000000001,1,1
06.08.2021 03:46:56.087,0.9078600000000001,0.9077600000000001,1.87,1.5
06.08.2021 03:47:25.333,0.9078600000000001,0.9077700000000001,1.87,1
06.08.2021 03:50:24.398,0.9078600000000001,0.9077600000000001,1.87,1.5
06.08.2021 03:50:37.636,0.9078600000000001,0.9077700000000001,1.87,1
06.08.2021 03:51:37.923,0.9078700000000001,0.9077700000000001,1.5,1.5
06.08.2021 03:52:23.444,0.9078700000000001,0.9077700000000001,2,1.5
06.08.2021 03:52:27.481,0.9078700000000001,0.9077799999999999,1.5,1
06.08.2021 03:53:22.482,0.9078600000000001,0.9077700000000001,1.12,1.5
06.08.2021 03:55:26.793,0.9078700000000001,0.9077700000000001,1.5,1.5
06.08.2021 03:55:55.769,0.9078700000000001,0.9077700000000001,2,1.5
06.08.2021 03:56:17.714,0.90785,0.9077600000000001,1,1
06.08.2021 03:56:17.968,0.9078600000000001,0.9077600000000001,2.06,1.5
06.08.2021 03:57:00.118,0.9078700000000001,0.9077700000000001,1,1.5
06.08.2021 03:57:01.085,0.90788,0.90779,1.12,1
06.08.2021 03:57:01.187,0.9078700000000001,0.9077799999999999,1.12,1
06.08.2021 03:57:09.252,0.9078600000000001,0.9077700000000001,1.5,1
06.08.2021 03:57:09.354,0.9078600000000001,0.9077600000000001,1.5,1.57
06.08.2021 03:57:09.455,0.9078600000000001,0.9077700000000001,1,1
06.08.2021 03:57:47.518,0.9078600000000001,0.90779,1,1
06.08.2021 03:57:47.720,0.9078600000000001,0.9077700000000001,1,1
06.08.2021 03:57:55.496,0.90788,0.9077799999999999,1,1
06.08.2021 03:57:55.597,0.9078600000000001,0.90779,1,1
06.08.2021 03:57:55.898,0.9078600000000001,0.9077799999999999,1,1
06.08.2021 03:58:10.745,0.9078600000000001,0.9077700000000001,1,1
06.08.2021 03:59:05.758,0.9078600000000001,0.9077600000000001,1.5,1.5
06.08.2021 04:00:09.817,0.9078600000000001,0.9077700000000001,1,1
06.08.2021 04:01:11.247,0.9078700000000001,0.9077700000000001,1.2,1.5
06.08.2021 04:02:07.820,0.9078700000000001,0.9077799999999999,1.12,1
06.08.2021 04:02:09.256,0.90788,0.90779,1,1
06.08.2021 04:02:09.357,0.90789,0.9078,1,1
06.08.2021 04:02:09.458,0.9079,0.9078,1.01,1.5
06.08.2021 04:02:12.355,0.90793,0.90783,2.7,1.5
06.08.2021 04:02:12.456,0.90794,0.90784,1.57,1.5
06.08.2021 04:02:12.558,0.90794,0.90785,1,1
06.08.2021 04:02:15.264,0.90794,0.90784,1.5,1.57
06.08.2021 04:02:28.077,0.90793,0.90784,1.25,1
06.08.2021 04:02:31.348,0.90793,0.90783,1.69,1.2
06.08.2021 04:02:32.769,0.9079200000000002,0.9078,1.69,1.95
06.08.2021 04:02:33.274,0.9079,0.9078,1,1.87
06.08.2021 04:02:43.043,0.9079,0.9078100000000001,1,1
06.08.2021 04:02:53.647,0.9079,0.9078,1,1
06.08.2021 04:02:53.894,0.90789,0.9078,1,1
06.08.2021 04:03:03.372,0.90789,0.9078100000000001,1,1
06.08.2021 04:03:29.543,0.90789,0.90779,1,2.32
06.08.2021 04:03:35.572,0.9079,0.9078,1,1
06.08.2021 04:03:41.829,0.90794,0.90785,1.12,1.76
06.08.2021 04:03:41.980,0.9079600000000001,0.90784,1.5,3.72
06.08.2021 04:03:46.430,0.90794,0.90784,1.5,1.97
06.08.2021 04:03:46.531,0.90795,0.90785,1.5,4.1
06.08.2021 04:03:46.734,0.90794,0.90785,1,1.1
06.08.2021 04:03:46.835,0.90794,0.90785,1,3.32
06.08.2021 04:03:46.936,0.90795,0.90785,1.5,3.35
06.08.2021 04:03:52.043,0.90795,0.90784,1,1.1
06.08.2021 04:03:52.144,0.90794,0.90784,1.5,1.5
06.08.2021 04:04:13.906,0.90795,0.90785,1.87,1.5
06.08.2021 04:04:15.725,0.90793,0.90785,1,1
06.08.2021 04:04:15.877,0.90795,0.90785,2.87,1
06.08.2021 04:04:17.469,0.90794,0.90784,1,1.87
06.08.2021 04:04:30.395,0.90795,0.90785,1.87,1
06.08.2021 04:04:32.860,0.9079600000000001,0.90785,1.12,1
06.08.2021 04:04:42.926,0.90795,0.9078700000000001,1,1
06.08.2021 04:04:44.246,0.9079600000000001,0.9078700000000001,1,1
06.08.2021 04:04:45.880,0.9079600000000001,0.90788,1,1
06.08.2021 04:04:48.045,0.9079700000000002,0.90788,1,1
06.08.2021 04:04:48.095,0.90798,0.90789,1,1
06.08.2021 04:04:48.298,0.90798,0.90788,1.5,1.57
06.08.2021 04:04:52.438,0.90798,0.90789,1,1
06.08.2021 04:05:40.838,0.90799,0.90789,1.1,1
06.08.2021 04:05:43.005,0.90798,0.9078600000000001,1.5,2.51
06.08.2021 04:05:43.568,0.9079700000000002,0.90788,1,1
06.08.2021 04:05:43.815,0.9079700000000002,0.9078700000000001,1,1.87
06.08.2021 04:05:44.355,0.9079700000000002,0.90788,1,1
06.08.2021 04:05:44.594,0.9079700000000002,0.9078700000000001,1,1.87
06.08.2021 04:05:44.804,0.9079700000000002,0.90788,1,1
06.08.2021 04:05:44.956,0.9079700000000002,0.9078700000000001,1.5,1.87
06.08.2021 04:05:45.157,0.9079700000000002,0.90788,1,1
06.08.2021 04:06:05.535,0.9079700000000002,0.90789,1,1
06.08.2021 04:06:19.637,0.9079700000000002,0.90788,1.5,1.5
06.08.2021 04:06:33.044,0.9079700000000002,0.90789,1,1
06.08.2021 04:06:33.146,0.90798,0.90789,1.5,1
06.08.2021 04:06:33.299,0.9079700000000002,0.90789,1,1
06.08.2021 04:07:00.521,0.90799,0.9079100000000001,1,1
06.08.2021 04:07:00.623,0.908,0.9079200000000002,1,1
06.08.2021 04:07:00.776,0.9080100000000001,0.9079200000000002,1.5,1.5
06.08.2021 04:07:03.604,0.908,0.9079200000000002,1,1
06.08.2021 04:07:07.919,0.908,0.90793,1,1
06.08.2021 04:07:29.474,0.9080100000000001,0.90794,1.5,1
06.08.2021 04:07:51.699,0.9080100000000001,0.90793,2.25,1
06.08.2021 04:08:03.737,0.9080100000000001,0.9079200000000002,1,1.87
06.08.2021 04:08:09.018,0.908,0.9079200000000002,1,1.5
06.08.2021 04:08:09.119,0.9080100000000001,0.9079200000000002,1.5,1.5
06.08.2021 04:08:09.221,0.9080100000000001,0.9079200000000002,1.5,2
06.08.2021 04:08:09.323,0.9080100000000001,0.9079200000000002,1.5,1.87
06.08.2021 04:08:17.646,0.9080100000000001,0.90793,1.5,1
06.08.2021 04:08:57.482,0.9080100000000001,0.9079200000000002,1.5,1.12
06.08.2021 04:09:10.193,0.9080100000000001,0.90793,1,1
06.08.2021 04:09:10.294,0.9080200000000002,0.90793,1,1.5
06.08.2021 04:09:10.396,0.9080200000000002,0.90793,1,1.6
06.08.2021 04:09:58.330,0.9080100000000001,0.90793,1,1.35
06.08.2021 04:10:01.261,0.908,0.90793,1,1.35
06.08.2021 04:10:13.257,0.908,0.90793,1,1
06.08.2021 04:10:15.543,0.9080100000000001,0.90793,1,1
06.08.2021 04:10:17.168,0.908,0.90793,1,1
06.08.2021 04:10:17.269,0.908,0.90794,1,1
06.08.2021 04:11:00.625,0.9080100000000001,0.90794,1,1
06.08.2021 04:11:05.077,0.9080100000000001,0.9079200000000002,1,3.19
06.08.2021 04:11:17.269,0.9080100000000001,0.90794,1,1
06.08.2021 04:11:29.169,0.90803,0.90795,1,3.47
06.08.2021 04:11:29.271,0.9080200000000002,0.9079600000000001,1,1.1
06.08.2021 04:11:30.239,0.90803,0.9079600000000001,1,1.1
06.08.2021 04:11:32.374,0.90803,0.9079700000000002,1,1.12
06.08.2021 04:11:33.021,0.90803,0.9079600000000001,1,1.1
06.08.2021 04:12:13.310,0.90803,0.90798,1,1
06.08.2021 04:12:22.239,0.90804,0.90798,1,1
06.08.2021 04:12:22.543,0.90805,0.90798,1,1
06.08.2021 04:12:25.514,0.9080700000000002,0.90799,1,1.5
06.08.2021 04:12:25.615,0.9080700000000002,0.908,1,1
06.08.2021 04:12:25.767,0.90809,0.90799,1,1
06.08.2021 04:12:55.971,0.9080700000000002,0.908,1,1.5
06.08.2021 04:12:59.134,0.9080700000000002,0.9080100000000001,1,1
06.08.2021 04:13:00.774,0.90808,0.9080100000000001,1,1
06.08.2021 04:13:04.597,0.90809,0.9080100000000001,1,1
06.08.2021 04:13:25.760,0.9081,0.90805,1,1
06.08.2021 04:13:25.812,0.90813,0.90804,1,1.5
06.08.2021 04:13:26.884,0.9081200000000001,0.9080600000000001,1,1
06.08.2021 04:13:26.986,0.90813,0.9080600000000001,1,1
06.08.2021 04:14:00.675,0.9081400000000001,0.9080600000000001,1.5,1.5
06.08.2021 04:14:01.721,0.90813,0.9080600000000001,1,1.5
06.08.2021 04:14:03.519,0.9081600000000001,0.9081,1,1
06.08.2021 04:14:18.368,0.9081700000000001,0.9081,1,1
06.08.2021 04:14:42.680,0.9081400000000001,0.9080700000000002,1.5,1
06.08.2021 04:14:42.782,0.90813,0.9080600000000001,1,1
06.08.2021 04:14:44.018,0.90815,0.9080700000000002,1.5,1
06.08.2021 04:14:44.268,0.9081400000000001,0.9080600000000001,1,2.25
06.08.2021 04:14:47.514,0.9081100000000001,0.90804,1,1.12
06.08.2021 04:14:47.665,0.9081,0.90803,1,1.5
06.08.2021 04:15:02.630,0.90809,0.90803,1,1
06.08.2021 04:15:32.086,0.9081200000000001,0.90805,1,2.25
06.08.2021 04:15:32.137,0.9081600000000001,0.90808,1,1
06.08.2021 04:15:32.188,0.9081600000000001,0.9080700000000002,1,1.57
06.08.2021 04:15:32.289,0.9081700000000001,0.90808,1,1.57
06.08.2021 04:15:32.413,0.90818,0.90808,1.76,1.57
06.08.2021 04:15:39.009,0.90818,0.90809,1.69,1
06.08.2021 04:15:39.340,0.9081700000000001,0.90809,1,2.25
06.08.2021 04:15:43.646,0.90818,0.90809,1,1.87
06.08.2021 04:16:02.108,0.9081700000000001,0.90809,1,1.12
06.08.2021 04:16:15.755,0.90818,0.90809,1,1.12
06.08.2021 04:16:34.029,0.90818,0.9081,1,1
06.08.2021 04:16:36.193,0.9081,0.90805,1,1.87
06.08.2021 04:16:36.295,0.9080700000000002,0.9080100000000001,3.07,2
06.08.2021 04:16:36.398,0.90809,0.9080100000000001,1.5,1
06.08.2021 04:16:36.449,0.90805,0.9079700000000002,1.57,1
06.08.2021 04:16:36.551,0.90809,0.908,1.12,1.1
06.08.2021 04:16:38.224,0.9081,0.908,1,1
06.08.2021 04:16:48.107,0.90809,0.908,1,1.95
06.08.2021 04:16:58.067,0.90809,0.9080200000000002,1,1
06.08.2021 04:17:15.271,0.90809,0.908,1,1.57
06.08.2021 04:19:54.830,0.90809,0.90799,1.5,1.87
06.08.2021 04:19:57.222,0.9080600000000001,0.90798,2.7,1
06.08.2021 04:19:57.323,0.9080200000000002,0.90794,1,1.57
06.08.2021 04:19:57.424,0.9080200000000002,0.90793,1,1.01
06.08.2021 04:20:08.046,0.9080200000000002,0.9079700000000002,1,1
06.08.2021 04:20:08.097,0.9080700000000002,0.90799,1.5,1
06.08.2021 04:20:08.148,0.9080700000000002,0.90799,1,1
06.08.2021 04:20:08.199,0.9080700000000002,0.9079700000000002,1.5,1.57
06.08.2021 04:20:08.300,0.9080700000000002,0.90798,1,1.95
06.08.2021 04:20:13.592,0.9080700000000002,0.90799,1,1
06.08.2021 04:20:16.393,0.90808,0.90799,1.12,1
06.08.2021 04:20:24.751,0.90808,0.908,1.12,1
06.08.2021 04:20:44.793,0.90808,0.90799,1.12,1
06.08.2021 04:21:01.042,0.90808,0.908,1.12,1
06.08.2021 04:21:02.728,0.90808,0.90799,1.12,1
06.08.2021 04:21:04.237,0.90809,0.908,2,1
06.08.2021 04:21:04.338,0.9080700000000002,0.908,1,1
06.08.2021 04:21:06.945,0.9080700000000002,0.90799,1,1
06.08.2021 04:21:42.032,0.9080700000000002,0.90798,1,1
06.08.2021 04:21:43.787,0.9080700000000002,0.90799,1,1
06.08.2021 04:21:46.481,0.9080700000000002,0.90798,1,1
06.08.2021 04:21:46.592,0.90808,0.90798,1,1
06.08.2021 04:21:52.453,0.90808,0.9079700000000002,1,1
06.08.2021 04:21:52.555,0.9080700000000002,0.90799,1,1
06.08.2021 04:21:53.015,0.9080700000000002,0.90798,1,1
06.08.2021 04:21:53.066,0.90805,0.9079600000000001,1,1
06.08.2021 04:21:53.268,0.90804,0.9079600000000001,1,1
06.08.2021 04:21:53.471,0.90804,0.90795,1,1.69
06.08.2021 04:21:59.737,0.90805,0.9079600000000001,1.5,1
06.08.2021 04:22:02.931,0.9080600000000001,0.9079600000000001,1.5,1
06.08.2021 04:22:02.982,0.90808,0.90798,1.95,1.5
06.08.2021 04:22:03.084,0.90808,0.90799,1.12,1.5
06.08.2021 04:22:03.236,0.9080700000000002,0.90799,1,1
06.08.2021 04:23:39.784,0.9081,0.9080100000000001,1.12,1
06.08.2021 04:23:42.028,0.90809,0.908,1,1.22
06.08.2021 04:23:42.180,0.9081,0.9080100000000001,1,1.1
06.08.2021 04:23:43.561,0.90809,0.908,1,1.35
06.08.2021 04:23:47.571,0.90809,0.908,1,1.69
06.08.2021 04:24:04.141,0.9081,0.908,1.5,1.69
06.08.2021 04:24:04.242,0.90809,0.908,1,1.69
06.08.2021 04:24:16.901,0.90809,0.9080100000000001,1,1
06.08.2021 04:24:19.380,0.90809,0.908,2.25,1
06.08.2021 04:24:19.531,0.9080700000000002,0.908,1,1
06.08.2021 04:24:25.805,0.90809,0.908,1.5,1
06.08.2021 04:24:44.195,0.90808,0.90799,1,1.57
06.08.2021 04:24:47.815,0.90808,0.908,1.5,1
06.08.2021 04:24:55.163,0.90809,0.9080100000000001,1.5,1
06.08.2021 04:25:43.341,0.9081,0.90803,1,1.57
06.08.2021 04:25:43.442,0.9081200000000001,0.90804,1.5,1
06.08.2021 04:25:43.548,0.9081200000000001,0.90805,1,1
06.08.2021 04:25:49.879,0.9081400000000001,0.90804,2.25,1
06.08.2021 04:25:53.043,0.90815,0.9080700000000002,1,1.5
06.08.2021 04:25:53.145,0.9081600000000001,0.90809,1,1
06.08.2021 04:25:58.903,0.9081700000000001,0.90809,1.5,1
06.08.2021 04:26:25.424,0.9081700000000001,0.90808,1.5,1
06.08.2021 04:26:31.279,0.9081600000000001,0.9080700000000002,1,2.51
06.08.2021 04:27:05.472,0.9081700000000001,0.90808,1.5,1.5
06.08.2021 04:27:05.676,0.9081700000000001,0.9081,1,1
06.08.2021 04:27:18.940,0.90818,0.9081,1.5,1
06.08.2021 04:28:17.136,0.90819,0.9081,1.5,1
06.08.2021 04:28:19.169,0.90818,0.9081,1,1
06.08.2021 04:28:19.271,0.90818,0.90809,1.5,1.5
06.08.2021 04:28:40.811,0.9081700000000001,0.90809,1,1
06.08.2021 04:28:46.108,0.9081700000000001,0.9081,1,1
06.08.2021 04:28:54.000,0.90818,0.9081,1,1.5
06.08.2021 04:28:54.101,0.90819,0.9081,1.5,1.5
06.08.2021 04:29:13.580,0.90819,0.9081100000000001,2.25,1
06.08.2021 04:30:02.996,0.9082,0.9081100000000001,2.25,1.5
06.08.2021 04:30:20.017,0.90819,0.9081100000000001,1,1
06.08.2021 04:30:28.757,0.90818,0.9081100000000001,1,1
06.08.2021 04:30:38.706,0.90818,0.9081,1.5,1.5
06.08.2021 04:30:53.091,0.90819,0.90809,1.5,1.01
06.08.2021 04:31:36.645,0.90818,0.90809,1,1.25
06.08.2021 04:31:37.697,0.90818,0.9081,1,1
06.08.2021 04:31:38.309,0.90818,0.90809,1,1.25
06.08.2021 04:32:13.715,0.9082200000000001,0.90815,1.5,1
06.08.2021 04:32:13.766,0.90824,0.90815,1.69,1
06.08.2021 04:32:13.868,0.9082200000000001,0.90813,1.12,1
06.08.2021 04:32:14.021,0.9082100000000001,0.90813,1,1
06.08.2021 04:32:14.123,0.9082100000000001,0.9081200000000001,1,1.57
06.08.2021 04:32:14.239,0.9082,0.9081200000000001,1,1.57
06.08.2021 04:32:15.102,0.9082100000000001,0.9081200000000001,1,1.57
06.08.2021 04:32:20.325,0.9082,0.9081100000000001,1.1,1
06.08.2021 04:32:20.630,0.9082,0.9081200000000001,1,1.25
06.08.2021 04:32:20.735,0.9082,0.90813,1,1
06.08.2021 04:32:20.836,0.9082,0.9081100000000001,1,1.82
06.08.2021 04:32:33.577,0.90823,0.9081600000000001,1,1
06.08.2021 04:32:33.678,0.90824,0.90815,2.75,1
06.08.2021 04:32:33.779,0.90824,0.90815,1.5,1
06.08.2021 04:32:35.181,0.9082,0.9081200000000001,1,1
06.08.2021 04:32:35.282,0.90819,0.9081,1,1.5
06.08.2021 04:33:04.895,0.90818,0.9081,1,1.5
06.08.2021 04:33:30.203,0.90818,0.90809,1,1.5
06.08.2021 04:34:57.720,0.9081700000000001,0.90809,1,1
06.08.2021 04:36:58.194,0.9081600000000001,0.9080600000000001,2.25,1
06.08.2021 04:36:58.296,0.9081400000000001,0.90805,1.12,1
06.08.2021 04:36:58.397,0.90813,0.90803,1,1.5
06.08.2021 04:37:00.776,0.9081100000000001,0.90804,1,1
06.08.2021 04:37:00.878,0.90813,0.90804,1.12,1.5
06.08.2021 04:37:01.130,0.90815,0.90805,1.12,1
06.08.2021 04:37:02.094,0.90813,0.90804,1,1.5
06.08.2021 04:37:14.690,0.9081200000000001,0.90804,1,1.5
06.08.2021 04:37:53.260,0.9081200000000001,0.90805,1,1
06.08.2021 04:38:00.586,0.90813,0.90805,1,1.5
06.08.2021 04:38:00.740,0.9081200000000001,0.90805,1,1
06.08.2021 04:38:10.471,0.90815,0.90808,1.5,1
06.08.2021 04:38:10.522,0.9081600000000001,0.90808,1,1
06.08.2021 04:38:10.725,0.9081700000000001,0.90808,1.5,1
06.08.2021 04:38:20.712,0.90818,0.9081,1,1
06.08.2021 04:38:35.811,0.9081700000000001,0.90809,1,1
06.08.2021 04:39:42.119,0.9081700000000001,0.9081,1,1
06.08.2021 04:39:42.221,0.9081700000000001,0.90809,1,1.57
06.08.2021 04:39:59.383,0.90819,0.90808,1,2.25
06.08.2021 04:40:01.142,0.90818,0.9081,1,1
06.08.2021 04:40:01.621,0.90819,0.9081100000000001,1.5,1
06.08.2021 04:40:10.174,0.90819,0.9081200000000001,1,1
06.08.2021 04:40:12.121,0.9082,0.9081200000000001,2.25,1
06.08.2021 04:40:15.455,0.90819,0.9081200000000001,1,1
06.08.2021 04:40:15.557,0.90819,0.9081100000000001,2.25,1
06.08.2021 04:40:15.658,0.90819,0.90809,1.5,1
06.08.2021 04:40:53.209,0.90818,0.90809,1,1.5
06.08.2021 04:41:13.759,0.90818,0.90808,1,1
06.08.2021 04:41:13.860,0.9081400000000001,0.9080700000000002,1,1
06.08.2021 04:41:13.961,0.90815,0.90804,1.5,1
06.08.2021 04:41:14.127,0.9081400000000001,0.90804,1,1
06.08.2021 04:41:22.121,0.90813,0.90804,1,1.5
06.08.2021 04:41:26.000,0.9081100000000001,0.9080100000000001,1,1
06.08.2021 04:41:44.269,0.90809,0.9080100000000001,1,1
06.08.2021 04:42:01.327,0.90809,0.908,1,1
06.08.2021 04:42:02.453,0.90809,0.9080100000000001,1,1
06.08.2021 04:42:54.309,0.90808,0.908,1,1
06.08.2021 04:43:06.762,0.9081,0.90799,1,1
06.08.2021 04:43:08.832,0.90808,0.908,1,1
06.08.2021 04:43:45.800,0.90809,0.9080100000000001,1,1
06.08.2021 04:43:46.275,0.90809,0.908,1,1
06.08.2021 04:44:24.008,0.90808,0.908,1,1
06.08.2021 04:44:27.351,0.9080700000000002,0.908,1,1
06.08.2021 04:44:29.087,0.90808,0.908,1.69,1
06.08.2021 04:44:31.032,0.90808,0.90799,2.06,1
06.08.2021 04:44:38.496,0.9080700000000002,0.90799,1,1
06.08.2021 04:44:38.598,0.90808,0.90799,2.06,1
06.08.2021 04:44:55.895,0.90808,0.908,2.44,1
06.08.2021 04:45:38.346,0.9080700000000002,0.90799,1,1.5
06.08.2021 04:45:56.599,0.90803,0.90795,1.25,1
06.08.2021 04:45:56.701,0.90804,0.90795,1.12,1.5
06.08.2021 04:45:58.290,0.90804,0.9079600000000001,1,1
06.08.2021 04:46:01.810,0.90803,0.9079600000000001,1,1.1
06.08.2021 04:46:21.025,0.90804,0.9079600000000001,1,1.5
06.08.2021 04:46:34.206,0.90805,0.9079600000000001,1,1.5
06.08.2021 04:47:20.987,0.9080600000000001,0.90798,1,1
06.08.2021 04:47:35.410,0.90808,0.90799,1.69,1.5
06.08.2021 04:47:35.511,0.90808,0.908,2.44,1
06.08.2021 04:47:37.796,0.9080700000000002,0.908,1,1
06.08.2021 04:48:08.545,0.9080700000000002,0.90799,1,1.5
06.08.2021 04:48:14.228,0.90808,0.90799,1.5,2.25
06.08.2021 04:48:37.982,0.9080700000000002,0.90799,1,1
06.08.2021 04:48:38.920,0.9080600000000001,0.90798,1,2.25
06.08.2021 04:48:47.851,0.9080700000000002,0.90799,1,1
06.08.2021 04:48:55.932,0.90808,0.908,1.5,1
06.08.2021 04:49:47.699,0.90808,0.90799,2.25,2.25
06.08.2021 04:49:47.801,0.9080700000000002,0.90799,1,2.25
06.08.2021 04:50:03.749,0.9080600000000001,0.90799,1,1
06.08.2021 04:50:11.118,0.9080600000000001,0.90798,1.5,3
06.08.2021 04:50:11.219,0.90805,0.90798,1,1
06.08.2021 04:50:15.120,0.90805,0.9079700000000002,1.5,3
06.08.2021 04:50:15.221,0.90804,0.9079700000000002,1.5,1
06.08.2021 04:50:15.272,0.90803,0.90795,1,1
06.08.2021 04:50:24.565,0.9080600000000001,0.90798,1.5,1.5
06.08.2021 04:50:28.880,0.90805,0.90798,1,1
06.08.2021 04:50:52.646,0.9080200000000002,0.9079600000000001,1,1
06.08.2021 04:51:03.631,0.9080200000000002,0.90795,1,3.82
06.08.2021 04:51:44.614,0.90804,0.9079600000000001,1,1
06.08.2021 04:52:02.245,0.90803,0.90795,1,4.5
06.08.2021 04:52:02.296,0.90804,0.9079700000000002,1,1
06.08.2021 04:52:11.285,0.9080600000000001,0.90798,1,1
06.08.2021 04:52:29.418,0.90805,0.9079700000000002,1,1
06.08.2021 04:52:50.153,0.9080200000000002,0.9079600000000001,1,1.95
06.08.2021 04:52:50.548,0.908,0.90794,1,1
06.08.2021 04:52:50.650,0.90799,0.90794,1,1
06.08.2021 04:52:54.492,0.90799,0.9079200000000002,1,2.35
06.08.2021 04:53:35.351,0.9080200000000002,0.9079200000000002,1.91,1
06.08.2021 04:53:35.504,0.90799,0.9079100000000001,1,3.29
06.08.2021 04:53:43.473,0.90799,0.9079200000000002,1,1.1
06.08.2021 04:54:10.826,0.90799,0.9079200000000002,1,1
06.08.2021 04:54:17.072,0.90799,0.9079100000000001,1,1.76
06.08.2021 04:54:17.173,0.90793,0.9078700000000001,1,1.45
06.08.2021 04:54:17.224,0.90795,0.90788,1,3
06.08.2021 04:54:17.275,0.90793,0.90788,1,1
06.08.2021 04:54:17.529,0.90793,0.9078700000000001,1,1.57
06.08.2021 04:54:18.217,0.9079200000000002,0.9078700000000001,1,1.57
06.08.2021 04:54:18.780,0.90795,0.90785,2.19,1.1
06.08.2021 04:54:18.881,0.90795,0.90785,2.19,1.1
06.08.2021 04:54:22.107,0.9079,0.90785,1,1
06.08.2021 04:54:22.216,0.90789,0.90784,1,4.57
06.08.2021 04:54:25.138,0.90789,0.90783,1,4.95
06.08.2021 04:54:28.165,0.90794,0.90785,1.81,1
06.08.2021 04:54:28.331,0.90789,0.90783,1,4.57
06.08.2021 04:54:29.180,0.90789,0.90784,1,1
06.08.2021 04:55:42.861,0.90789,0.90783,1,1.57
06.08.2021 04:56:56.350,0.9079,0.90783,1,1
06.08.2021 04:57:04.281,0.90789,0.90783,1,1
06.08.2021 04:57:31.735,0.9079,0.90783,1,1
06.08.2021 04:57:31.854,0.9079,0.9078200000000001,1,2.14
06.08.2021 04:57:32.282,0.90789,0.9078200000000001,1,1.2
06.08.2021 04:57:39.875,0.9079,0.9078200000000001,1,1.95
06.08.2021 04:57:40.958,0.9078600000000001,0.9077799999999999,1,1.6
06.08.2021 04:57:41.060,0.90789,0.90779,1,2.25
06.08.2021 04:57:41.111,0.90789,0.9078200000000001,1.12,1
06.08.2021 04:57:41.456,0.90789,0.9078100000000001,1,1.1
06.08.2021 04:57:41.589,0.9079,0.9078200000000001,1,1
06.08.2021 04:57:50.675,0.90789,0.9078100000000001,1,1.1
06.08.2021 04:57:51.686,0.90788,0.9078,1,3.66
06.08.2021 04:57:54.182,0.9078700000000001,0.9078,1,3.66
06.08.2021 04:57:58.686,0.90788,0.9078,1,3.66
06.08.2021 04:57:58.839,0.90788,0.9078100000000001,1,1.35
06.08.2021 04:57:58.941,0.90789,0.9078100000000001,1,1.79
06.08.2021 04:58:09.822,0.9079,0.9078200000000001,1,1.1
06.08.2021 04:58:26.558,0.9079100000000001,0.90783,1,1.57
06.08.2021 04:58:50.197,0.9079200000000002,0.90784,1,1
06.08.2021 04:58:55.403,0.9079100000000001,0.90784,1,1
06.08.2021 04:59:11.584,0.9079200000000002,0.90784,1,1
06.08.2021 04:59:31.277,0.90794,0.90783,2.51,1
06.08.2021 04:59:46.265,0.90793,0.90785,1.5,1
06.08.2021 05:00:01.159,0.9079200000000002,0.90784,1,1.5
06.08.2021 05:00:02.471,0.90793,0.90785,1,1
06.08.2021 05:00:05.994,0.90793,0.90784,2.51,1
06.08.2021 05:00:06.812,0.90793,0.9078600000000001,1.2,1
06.08.2021 05:00:22.906,0.90793,0.90785,1.1,1
06.08.2021 05:00:24.218,0.90794,0.90785,1.69,1.1
06.08.2021 05:00:25.177,0.90794,0.9078600000000001,1.76,1
06.08.2021 05:00:31.218,0.90795,0.90784,2.44,1
06.08.2021 05:00:34.573,0.90794,0.9078600000000001,1.69,1
06.08.2021 05:00:42.104,0.90793,0.9078600000000001,1.25,1
06.08.2021 05:00:46.342,0.90794,0.9078600000000001,2.44,1
06.08.2021 05:00:47.100,0.90793,0.9078600000000001,1.25,1
06.08.2021 05:00:48.656,0.90794,0.9078600000000001,2.44,1
06.08.2021 05:00:50.361,0.90793,0.9078600000000001,1.25,1
06.08.2021 05:00:59.996,0.90793,0.90785,1.69,1
06.08.2021 05:01:20.211,0.90794,0.90785,1.5,1
06.08.2021 05:02:02.477,0.90793,0.90784,1,2.25
06.08.2021 05:02:04.019,0.9079200000000002,0.90784,1,1
06.08.2021 05:02:14.211,0.9079200000000002,0.90783,1,1.5
06.08.2021 05:02:24.802,0.9078600000000001,0.90779,1,2.75
06.08.2021 05:02:24.904,0.9078700000000001,0.9077799999999999,1.69,1.5
06.08.2021 05:02:25.006,0.9078700000000001,0.9077799999999999,1.5,1
06.08.2021 05:02:32.436,0.9078600000000001,0.9077799999999999,1,1
06.08.2021 05:02:36.175,0.90785,0.9077700000000001,1,1
06.08.2021 05:02:36.327,0.90785,0.9077799999999999,1,1
06.08.2021 05:02:36.803,0.9078700000000001,0.9077700000000001,1.5,1
06.08.2021 05:03:40.582,0.9078600000000001,0.90779,1,1
06.08.2021 05:03:59.908,0.9078700000000001,0.9077700000000001,1,1
06.08.2021 05:04:30.718,0.90785,0.9077799999999999,1,1
06.08.2021 05:04:35.096,0.9078600000000001,0.9077799999999999,1.5,1
06.08.2021 05:04:44.662,0.90785,0.9077700000000001,1,1
06.08.2021 05:04:45.526,0.9078600000000001,0.9077799999999999,1.5,1
06.08.2021 05:06:43.996,0.90784,0.9077799999999999,1.25,1
06.08.2021 05:06:44.098,0.90785,0.9077700000000001,1,1
06.08.2021 05:06:44.199,0.9078600000000001,0.9077799999999999,1,1
06.08.2021 05:06:44.351,0.90785,0.9077799999999999,1.25,1
06.08.2021 05:06:44.452,0.90784,0.9077700000000001,1.87,1
06.08.2021 05:06:44.656,0.90785,0.9077799999999999,1,1
06.08.2021 05:06:44.757,0.9078600000000001,0.9077799999999999,2.25,1.5
06.08.2021 05:06:45.273,0.90785,0.9077799999999999,1,1.5
06.08.2021 05:07:39.073,0.9078600000000001,0.90779,2.25,1
06.08.2021 05:08:14.889,0.9078600000000001,0.9078,1,1
06.08.2021 05:08:14.991,0.9078600000000001,0.90779,1,1
06.08.2021 05:08:17.621,0.9078600000000001,0.9078,1,1
06.08.2021 05:08:17.722,0.9078700000000001,0.9078,1.5,1
06.08.2021 05:08:18.128,0.9078700000000001,0.9078100000000001,1,1
06.08.2021 05:08:23.206,0.9078700000000001,0.9078,1,1
06.08.2021 05:08:23.307,0.9078700000000001,0.90779,1.5,1.5
06.08.2021 05:08:37.626,0.9078700000000001,0.9078200000000001,1,1
06.08.2021 05:08:37.677,0.90789,0.9078200000000001,1,1.5
