Gmt time,Ask,Bid,AskVolume,BidVolume
23.08.2021 00:00:00.155,1.28268,1.2825600000000001,1,1
23.08.2021 00:00:00.256,1.28269,1.2825600000000001,1,1.31
23.08.2021 00:00:00.633,1.2826700000000002,1.28254,1,1.41
23.08.2021 00:00:02.185,1.2826600000000001,1.28255,1,1.01
23.08.2021 00:00:02.397,1.28268,1.2825700000000002,1.57,1.5
23.08.2021 00:00:02.499,1.28272,1.2825900000000001,3.82,1.12
23.08.2021 00:00:02.688,1.2826600000000001,1.2825600000000001,1,1
23.08.2021 00:00:02.789,1.2826600000000001,1.28255,1,1
23.08.2021 00:00:10.565,1.28265,1.28254,1,1
23.08.2021 00:00:10.616,1.28264,1.28253,1.2,1
23.08.2021 00:00:10.666,1.28262,1.28252,1,2.25
23.08.2021 00:00:10.846,1.28263,1.2824900000000001,1,1.1
23.08.2021 00:00:10.997,1.2826,1.2824700000000002,1.57,1
23.08.2021 00:00:11.099,1.28258,1.28248,1,1
23.08.2021 00:00:11.675,1.2826,1.2824700000000002,1.1,1
23.08.2021 00:00:12.340,1.28258,1.28245,1.1,1
23.08.2021 00:00:12.441,1.2825700000000002,1.28244,1,1.39
23.08.2021 00:00:13.451,1.2825600000000001,1.28243,1,1.85
23.08.2021 00:00:13.502,1.28253,1.2824200000000001,1,1
23.08.2021 00:00:13.654,1.28253,1.28239,1,1.51
23.08.2021 00:00:13.806,1.28253,1.28239,1.1,1.25
23.08.2021 00:00:16.041,1.2824900000000001,1.28238,1.5,1
23.08.2021 00:00:16.143,1.2824900000000001,1.28235,1,1.51
23.08.2021 00:00:16.244,1.2824700000000002,1.28234,1,1
23.08.2021 00:00:16.650,1.28244,1.2823200000000001,1,1.01
23.08.2021 00:00:19.486,1.28244,1.2823,1,1.57
23.08.2021 00:00:19.537,1.28241,1.2823,1,1.12
23.08.2021 00:00:20.196,1.2824200000000001,1.28228,1.1,1
23.08.2021 00:00:20.349,1.2824200000000001,1.28228,1.6,1
23.08.2021 00:00:22.242,1.28239,1.2822600000000002,1,1
23.08.2021 00:00:22.344,1.2823700000000002,1.2822500000000001,1.1,1.12
23.08.2021 00:00:22.561,1.2823600000000002,1.28224,1,1.01
23.08.2021 00:00:28.226,1.28235,1.2822200000000001,2.32,1
23.08.2021 00:00:32.194,1.28234,1.2822200000000001,1,1.01
23.08.2021 00:00:47.966,1.28229,1.28218,1,1.6
23.08.2021 00:00:48.017,1.28229,1.2821600000000002,1,1.12
23.08.2021 00:00:48.118,1.28228,1.28214,1.57,1.5
23.08.2021 00:00:48.170,1.28221,1.28213,1,1
23.08.2021 00:00:48.221,1.28221,1.2821,1,1
23.08.2021 00:00:48.322,1.2822,1.2820799999999999,1.57,1.2
23.08.2021 00:00:48.424,1.2822,1.2820600000000002,1.57,1.1
23.08.2021 00:00:50.176,1.28218,1.2820500000000001,1.57,1.12
23.08.2021 00:00:50.277,1.28217,1.28203,1,1.85
23.08.2021 00:00:50.379,1.2821600000000002,1.28203,1.1,1.12
23.08.2021 00:00:51.088,1.2821500000000001,1.28203,1,1.12
23.08.2021 00:00:52.162,1.2821600000000002,1.28203,1.57,1.12
23.08.2021 00:00:52.414,1.28217,1.2820500000000001,1,1.12
23.08.2021 00:00:52.515,1.28219,1.2820500000000001,1.5,1.39
23.08.2021 00:00:53.738,1.28219,1.28207,1,1
23.08.2021 00:00:53.788,1.28221,1.2820799999999999,1.57,1.12
23.08.2021 00:00:53.940,1.28221,1.2821,1.57,1
23.08.2021 00:00:54.041,1.2822,1.28209,1,1.2
23.08.2021 00:00:54.143,1.28218,1.28207,1,1.6
23.08.2021 00:00:54.265,1.28218,1.2820500000000001,1,1.85
23.08.2021 00:00:56.237,1.28218,1.28207,1.5,1.6
23.08.2021 00:00:57.319,1.28221,1.2821,1.5,1.2
23.08.2021 00:00:57.370,1.28223,1.28211,1,1
23.08.2021 00:00:59.785,1.2822200000000001,1.28209,1,3.04
23.08.2021 00:00:59.836,1.2822200000000001,1.28209,1,1.12
23.08.2021 00:01:02.870,1.28221,1.2821500000000001,1.1,1
23.08.2021 00:01:03.110,1.28221,1.28214,1,1
23.08.2021 00:01:03.484,1.28219,1.2821,1,1.12
23.08.2021 00:01:03.535,1.28217,1.28209,1.1,1
23.08.2021 00:01:03.585,1.28219,1.2820600000000002,1.6,1
23.08.2021 00:01:03.737,1.28219,1.28211,1.1,1
23.08.2021 00:01:03.940,1.28218,1.28213,1,1
23.08.2021 00:01:09.707,1.28219,1.28211,1,1
23.08.2021 00:01:11.276,1.2821600000000002,1.2820799999999999,1,1
23.08.2021 00:01:11.377,1.28214,1.28207,1.35,1
23.08.2021 00:01:11.479,1.28211,1.28203,1,1
23.08.2021 00:01:11.783,1.28211,1.28204,1,1
23.08.2021 00:01:13.962,1.28214,1.28207,1,1
23.08.2021 00:01:14.265,1.2821600000000002,1.28207,1,1
23.08.2021 00:01:16.404,1.28217,1.2820799999999999,1,1
23.08.2021 00:01:16.505,1.28217,1.28209,1,1
23.08.2021 00:01:17.863,1.28219,1.28211,1.12,1
23.08.2021 00:01:17.914,1.28221,1.2821200000000001,1,1
23.08.2021 00:01:17.965,1.28218,1.28213,1,1
23.08.2021 00:01:18.628,1.28223,1.28213,1.57,1
23.08.2021 00:01:18.729,1.28223,1.2821600000000002,1,1
23.08.2021 00:01:19.395,1.28224,1.2821600000000002,1.1,1
23.08.2021 00:01:19.597,1.28224,1.28217,1,1
23.08.2021 00:01:19.698,1.2822600000000002,1.28219,1.57,1
23.08.2021 00:01:19.800,1.2823,1.28223,1.5,1
23.08.2021 00:01:20.062,1.28231,1.28223,1.1,1
23.08.2021 00:01:20.314,1.28228,1.28223,1,1
23.08.2021 00:01:20.812,1.28229,1.28221,1,1
23.08.2021 00:01:21.613,1.28228,1.28221,1,1
23.08.2021 00:01:22.693,1.28228,1.2822,1.1,1
23.08.2021 00:01:22.743,1.28224,1.28217,1.1,1
23.08.2021 00:01:22.845,1.28224,1.2821600000000002,1,1
23.08.2021 00:01:23.264,1.28221,1.28214,1,1
23.08.2021 00:01:23.366,1.28221,1.28213,1,1
23.08.2021 00:01:23.517,1.2822,1.28213,1,1
23.08.2021 00:01:23.618,1.2821600000000002,1.28209,1,1.12
23.08.2021 00:01:23.821,1.28217,1.28209,1,1
23.08.2021 00:01:24.022,1.2821600000000002,1.28209,1,1
23.08.2021 00:01:24.361,1.28214,1.2820799999999999,1,1
23.08.2021 00:01:24.752,1.28217,1.28211,1,1
23.08.2021 00:01:30.514,1.28218,1.28211,1,1
23.08.2021 00:01:31.187,1.28217,1.2820799999999999,1.1,1
23.08.2021 00:01:31.288,1.2821500000000001,1.28209,1,1
23.08.2021 00:01:32.711,1.2821600000000002,1.28207,1,1
23.08.2021 00:01:36.004,1.28218,1.2821,1,1
23.08.2021 00:01:40.162,1.2822200000000001,1.28213,1,1
23.08.2021 00:01:40.263,1.28223,1.28214,1.2,1
23.08.2021 00:01:41.310,1.2822200000000001,1.28213,1.22,1
23.08.2021 00:01:41.361,1.28218,1.28213,1,1
23.08.2021 00:01:41.462,1.28219,1.28211,1,1
23.08.2021 00:01:41.563,1.28219,1.2821,1,1
23.08.2021 00:01:46.616,1.2822200000000001,1.2821200000000001,1.1,1
23.08.2021 00:01:46.919,1.28223,1.28213,1.1,1
23.08.2021 00:01:47.021,1.28221,1.28214,1,1
23.08.2021 00:01:47.425,1.28221,1.2821200000000001,1.1,1
23.08.2021 00:01:47.526,1.2822,1.28211,1.1,1
23.08.2021 00:01:52.100,1.28223,1.2821200000000001,1.65,1
23.08.2021 00:01:52.473,1.28223,1.28213,1.1,1
23.08.2021 00:02:04.572,1.28224,1.28211,1.1,1.5
23.08.2021 00:02:12.922,1.28221,1.2821200000000001,1.1,1
23.08.2021 00:02:13.024,1.28221,1.2821200000000001,1.1,1
23.08.2021 00:02:13.074,1.28217,1.28209,1.1,1
23.08.2021 00:02:13.176,1.28217,1.2820799999999999,2.35,1
23.08.2021 00:02:16.867,1.2821200000000001,1.2820200000000002,1,1
23.08.2021 00:02:16.918,1.2821,1.282,1,1
23.08.2021 00:02:17.221,1.28213,1.2820200000000002,1.5,1
23.08.2021 00:02:17.322,1.2821200000000001,1.28203,1,1
23.08.2021 00:02:17.424,1.28213,1.28203,2.02,1
23.08.2021 00:02:17.525,1.2821500000000001,1.2820500000000001,1.1,1
23.08.2021 00:02:17.626,1.28217,1.28207,2.72,1
23.08.2021 00:02:19.061,1.28218,1.28207,1.6,1
23.08.2021 00:02:21.908,1.2821600000000002,1.2820600000000002,1,1
23.08.2021 00:02:23.169,1.2821600000000002,1.28207,1,1
23.08.2021 00:02:24.071,1.28213,1.28203,1.1,1
23.08.2021 00:02:27.575,1.28213,1.28203,1.1,1
23.08.2021 00:02:28.183,1.28217,1.2820600000000002,2.55,1
23.08.2021 00:02:28.285,1.2821600000000002,1.2820799999999999,2.05,1
23.08.2021 00:02:30.336,1.2821600000000002,1.28207,1.97,1
23.08.2021 00:02:31.072,1.28219,1.28209,3.02,1
23.08.2021 00:02:31.173,1.28224,1.2821,4.42,1
23.08.2021 00:02:31.275,1.28224,1.28213,2.55,1
23.08.2021 00:02:31.376,1.28224,1.2821500000000001,1.5,1
23.08.2021 00:02:31.478,1.28223,1.2821600000000002,1,1
23.08.2021 00:02:32.588,1.28224,1.2821600000000002,1,1
23.08.2021 00:02:32.639,1.2822600000000002,1.2821600000000002,1.2,1
23.08.2021 00:02:38.394,1.2822500000000001,1.2821600000000002,1.85,1
23.08.2021 00:02:39.249,1.2822600000000002,1.28217,1.6,1
23.08.2021 00:02:39.401,1.2822500000000001,1.28218,1.1,1
23.08.2021 00:02:40.793,1.2822600000000002,1.2821600000000002,1.1,1
23.08.2021 00:02:47.578,1.2822600000000002,1.28217,1.2,1
23.08.2021 00:02:49.638,1.28223,1.28214,1.6,1.5
23.08.2021 00:02:49.739,1.28223,1.2821500000000001,1.1,1
23.08.2021 00:02:49.840,1.2822600000000002,1.28214,2.1,1
23.08.2021 00:02:49.941,1.2822600000000002,1.2821600000000002,2.1,1
23.08.2021 00:02:50.314,1.2822700000000002,1.2821600000000002,1.22,1
23.08.2021 00:02:50.415,1.28228,1.28218,1.8,1
23.08.2021 00:02:50.617,1.28228,1.28217,1.22,1
23.08.2021 00:02:50.851,1.2822600000000002,1.28219,1.1,1
23.08.2021 00:02:52.070,1.2822600000000002,1.28217,1.97,1
23.08.2021 00:02:57.146,1.2822600000000002,1.28217,2.16,1
23.08.2021 00:03:00.200,1.2822700000000002,1.2821600000000002,4.92,1
23.08.2021 00:03:00.634,1.28223,1.28213,1.95,1
23.08.2021 00:03:00.735,1.28223,1.28213,2.72,1
23.08.2021 00:03:01.067,1.28221,1.2821200000000001,2.32,1
23.08.2021 00:03:01.118,1.28219,1.28209,1.1,1
23.08.2021 00:03:01.320,1.2822,1.28211,1.22,1
23.08.2021 00:03:01.597,1.28218,1.28209,2.54,1
23.08.2021 00:03:01.698,1.28218,1.2820799999999999,1.22,1
23.08.2021 00:03:03.601,1.28218,1.2820799999999999,2.91,1
23.08.2021 00:03:03.823,1.28218,1.2820799999999999,2.16,1
23.08.2021 00:03:03.925,1.2821600000000002,1.28209,1.35,1
23.08.2021 00:03:05.991,1.2821600000000002,1.28207,1.79,1
23.08.2021 00:03:06.147,1.2821600000000002,1.28207,1.79,1
23.08.2021 00:03:06.299,1.28217,1.28207,1.35,1
23.08.2021 00:03:06.400,1.2821600000000002,1.28207,1.1,1
23.08.2021 00:03:06.981,1.2821600000000002,1.2820600000000002,1.1,1
23.08.2021 00:03:07.366,1.2821,1.2820200000000002,1.1,1
23.08.2021 00:03:07.468,1.28207,1.28198,1.1,1
23.08.2021 00:03:07.519,1.28199,1.28191,1,1
23.08.2021 00:03:07.570,1.28198,1.28189,2.44,1
23.08.2021 00:03:07.621,1.28198,1.28187,2.32,1
23.08.2021 00:03:07.722,1.28199,1.28188,1.39,1
23.08.2021 00:03:07.974,1.28197,1.28189,1.01,1
23.08.2021 00:03:08.126,1.28198,1.28186,2,1
23.08.2021 00:03:08.227,1.28201,1.28187,1.5,1
23.08.2021 00:03:08.278,1.282,1.2819500000000001,1,1
23.08.2021 00:03:08.589,1.28203,1.28197,2.14,1
23.08.2021 00:03:08.690,1.28204,1.28197,1,1
23.08.2021 00:03:09.204,1.2820500000000001,1.28197,1,1
23.08.2021 00:03:09.355,1.2820500000000001,1.28199,1,1
23.08.2021 00:03:10.824,1.28204,1.28196,1.25,1
23.08.2021 00:03:10.926,1.28203,1.2819500000000001,1,1
23.08.2021 00:03:11.128,1.28201,1.28196,1,1
23.08.2021 00:03:11.538,1.28204,1.2819500000000001,1.39,1
23.08.2021 00:03:11.639,1.2820200000000002,1.2819500000000001,1,1
23.08.2021 00:03:11.897,1.28203,1.28196,1.39,1
23.08.2021 00:03:11.948,1.2820500000000001,1.28198,2.07,1
23.08.2021 00:03:12.050,1.28209,1.28196,1.62,1
23.08.2021 00:03:12.101,1.2821,1.28196,1.5,1
23.08.2021 00:03:12.202,1.2821,1.28204,1.95,1
23.08.2021 00:03:12.303,1.2821200000000001,1.28204,1.6,1
23.08.2021 00:03:12.505,1.2821600000000002,1.28211,1,1
23.08.2021 00:03:12.606,1.28218,1.2821,1,1
23.08.2021 00:03:18.160,1.28217,1.28209,1,1
23.08.2021 00:03:18.211,1.2821500000000001,1.28204,1.12,1
23.08.2021 00:03:18.409,1.28213,1.2820500000000001,1.5,1
23.08.2021 00:03:19.252,1.2821500000000001,1.2820500000000001,3.37,1
23.08.2021 00:03:19.303,1.2821600000000002,1.28207,1.75,1
23.08.2021 00:03:19.404,1.2821500000000001,1.28209,1.25,1
23.08.2021 00:03:21.104,1.2821600000000002,1.2821,1.57,1
23.08.2021 00:03:21.154,1.2821600000000002,1.2820500000000001,1.6,1
23.08.2021 00:03:21.306,1.28217,1.28211,1.12,1
23.08.2021 00:03:21.407,1.2822,1.28211,1.2,1
23.08.2021 00:03:22.565,1.28219,1.2821,1,1
23.08.2021 00:03:22.896,1.2822,1.2821,1.95,1
23.08.2021 00:03:23.328,1.28219,1.2821,1,1
23.08.2021 00:03:23.429,1.28218,1.2821200000000001,1,1
23.08.2021 00:03:23.789,1.2822,1.28211,1.12,1
23.08.2021 00:03:30.007,1.28218,1.2821200000000001,1,1
23.08.2021 00:03:30.159,1.28219,1.2821200000000001,1.12,1
23.08.2021 00:03:33.000,1.28219,1.2820600000000002,1.22,1.5
23.08.2021 00:03:33.219,1.2822,1.2820500000000001,1.6,1.5
23.08.2021 00:03:33.329,1.28219,1.2820600000000002,1.6,1.5
23.08.2021 00:03:36.301,1.2822,1.28211,2.7,1
23.08.2021 00:03:36.852,1.28218,1.2821200000000001,1,1
23.08.2021 00:03:36.953,1.2822,1.28211,3.45,1
23.08.2021 00:03:37.542,1.28218,1.2821200000000001,1,1
23.08.2021 00:03:37.644,1.28219,1.2821,1,1
23.08.2021 00:03:37.746,1.28218,1.2821,1,1
23.08.2021 00:03:38.362,1.28218,1.28211,1,1
23.08.2021 00:03:39.540,1.28218,1.2821,1,1
23.08.2021 00:03:43.015,1.2821600000000002,1.28211,1,1
23.08.2021 00:03:53.053,1.28217,1.28211,1,1
23.08.2021 00:03:56.352,1.28221,1.28213,1,1
23.08.2021 00:03:56.454,1.28224,1.28211,1.5,1.01
23.08.2021 00:03:56.555,1.2822700000000002,1.28219,1.57,1
23.08.2021 00:03:58.774,1.2822500000000001,1.2822,1,1
23.08.2021 00:03:58.876,1.2822500000000001,1.28218,1,1
23.08.2021 00:04:02.763,1.2822500000000001,1.28217,1,1
23.08.2021 00:04:09.842,1.28224,1.28213,1.25,1.5
23.08.2021 00:04:09.944,1.2822,1.2821200000000001,1,1
23.08.2021 00:04:15.159,1.28221,1.2821500000000001,1.2,1
23.08.2021 00:04:15.260,1.2822200000000001,1.28217,1,1
23.08.2021 00:04:15.311,1.28223,1.2821,1,1.1
23.08.2021 00:04:17.105,1.28223,1.28218,1,1
23.08.2021 00:04:18.705,1.2822600000000002,1.28217,1.22,1
23.08.2021 00:04:23.414,1.2822500000000001,1.28219,1,1
23.08.2021 00:04:23.516,1.2822600000000002,1.2822,1,1
23.08.2021 00:04:23.617,1.2822600000000002,1.28221,1,1
23.08.2021 00:04:25.792,1.2823,1.28219,1.5,1
23.08.2021 00:04:25.893,1.28233,1.2822500000000001,1.27,1
23.08.2021 00:04:26.774,1.28233,1.28224,1.1,1
23.08.2021 00:04:31.116,1.2823,1.28224,1.1,1
23.08.2021 00:04:32.373,1.2823,1.2822200000000001,1.2,1
23.08.2021 00:04:32.853,1.2822700000000002,1.2821600000000002,1,1.1
23.08.2021 00:04:32.904,1.2822500000000001,1.28218,1,1
23.08.2021 00:04:32.955,1.2822700000000002,1.28218,1.1,1
23.08.2021 00:04:33.056,1.2822700000000002,1.28219,1.1,1
23.08.2021 00:04:35.046,1.2822500000000001,1.28218,1,1
23.08.2021 00:04:36.217,1.2822500000000001,1.28213,1,1
23.08.2021 00:04:36.318,1.2822500000000001,1.2821200000000001,1,1.76
23.08.2021 00:04:36.419,1.2822500000000001,1.28213,1,1
23.08.2021 00:04:36.866,1.2822600000000002,1.28219,1,1
23.08.2021 00:04:38.086,1.2822200000000001,1.28213,1,1
23.08.2021 00:04:38.137,1.2822,1.28209,1,1.12
23.08.2021 00:04:38.289,1.2822,1.2820600000000002,1,3.07
23.08.2021 00:04:38.490,1.28221,1.2820799999999999,1.1,1
23.08.2021 00:04:38.607,1.2822,1.28207,1,1
23.08.2021 00:04:39.792,1.28218,1.28211,1,1
23.08.2021 00:04:41.065,1.28218,1.2821200000000001,1,1
23.08.2021 00:04:45.710,1.28219,1.2821200000000001,1,1
23.08.2021 00:04:47.084,1.28219,1.2821,1.12,1.1
23.08.2021 00:04:47.135,1.2822200000000001,1.28211,1.57,1.5
23.08.2021 00:04:48.151,1.2822500000000001,1.28218,1,1
23.08.2021 00:04:48.900,1.2822500000000001,1.28219,1.5,1
23.08.2021 00:04:53.184,1.2822700000000002,1.28221,7.2,1
23.08.2021 00:04:56.162,1.2822600000000002,1.28213,1,1.57
23.08.2021 00:05:00.445,1.2822600000000002,1.28221,1,1
23.08.2021 00:05:01.501,1.28231,1.28218,1.72,1.35
23.08.2021 00:05:01.552,1.28234,1.28221,1.1,1
23.08.2021 00:05:01.603,1.28234,1.28228,1.1,1
23.08.2021 00:05:01.654,1.2823600000000002,1.28224,1.5,1
23.08.2021 00:05:01.755,1.2823600000000002,1.28231,1,1
23.08.2021 00:05:01.856,1.2823700000000002,1.2823200000000001,1,1
23.08.2021 00:05:02.008,1.28238,1.28229,1,1
23.08.2021 00:05:02.160,1.28239,1.2823,1.1,1
23.08.2021 00:05:02.312,1.2824,1.2823200000000001,2.02,1
23.08.2021 00:05:02.840,1.28241,1.2823200000000001,1.1,1
23.08.2021 00:05:05.669,1.28239,1.28233,1,1
23.08.2021 00:05:06.229,1.28241,1.2823200000000001,1,1
23.08.2021 00:05:08.330,1.2823600000000002,1.2823,1,1
23.08.2021 00:05:08.432,1.2823700000000002,1.28228,1.1,1
23.08.2021 00:05:08.896,1.2823600000000002,1.2822700000000002,1,1
23.08.2021 00:05:10.190,1.2824,1.28229,1.6,1
23.08.2021 00:05:10.291,1.28239,1.2823,1.1,1
23.08.2021 00:05:11.561,1.28238,1.2823,1,1
23.08.2021 00:05:12.670,1.28238,1.28231,1,1
23.08.2021 00:05:17.041,1.28235,1.2822600000000002,1,1
23.08.2021 00:05:17.143,1.28235,1.2822500000000001,1,1
23.08.2021 00:05:17.608,1.28233,1.2822500000000001,1,1
23.08.2021 00:05:17.952,1.2823200000000001,1.2822200000000001,1.12,1
23.08.2021 00:05:18.674,1.2823,1.2822,1,1
23.08.2021 00:05:18.776,1.2823,1.28221,1,1
23.08.2021 00:05:19.291,1.28231,1.28221,1.1,1
23.08.2021 00:05:26.381,1.28231,1.28218,1,1
23.08.2021 00:05:39.347,1.28231,1.2822,1,1
23.08.2021 00:05:40.648,1.28233,1.28221,1.1,1.5
23.08.2021 00:05:43.097,1.2823200000000001,1.2822,1,2.51
23.08.2021 00:05:48.683,1.2823,1.2822,1,1.12
23.08.2021 00:05:48.784,1.28231,1.28218,1,1.1
23.08.2021 00:05:48.953,1.28228,1.2821600000000002,1.12,1.6
23.08.2021 00:05:49.054,1.28228,1.2821500000000001,1.12,1.1
23.08.2021 00:05:51.625,1.2823,1.28217,1.1,1
23.08.2021 00:05:51.726,1.28231,1.28217,1.1,1.57
23.08.2021 00:05:52.625,1.28231,1.28217,1.6,1.57
23.08.2021 00:05:55.159,1.28228,1.28217,1.5,1.1
23.08.2021 00:05:55.998,1.28229,1.2821500000000001,2.07,1.01
23.08.2021 00:05:56.100,1.2822500000000001,1.2821600000000002,1,1.25
23.08.2021 00:05:56.546,1.28224,1.28211,1,1.22
23.08.2021 00:05:56.648,1.2822200000000001,1.28211,1,1.6
23.08.2021 00:05:56.749,1.28223,1.2821,1.1,1
23.08.2021 00:05:57.218,1.28223,1.28209,1.22,1.87
23.08.2021 00:05:57.371,1.2822200000000001,1.2821,1.2,2.89
23.08.2021 00:05:57.907,1.28221,1.2820799999999999,1,1.6
23.08.2021 00:05:58.115,1.28221,1.2820799999999999,1.1,1
23.08.2021 00:05:59.384,1.28223,1.28209,1.97,1
23.08.2021 00:05:59.517,1.28219,1.2820799999999999,1,1.1
23.08.2021 00:05:59.619,1.2821600000000002,1.28203,1,1.77
23.08.2021 00:05:59.720,1.2821600000000002,1.2820200000000002,1,3.41
23.08.2021 00:06:00.361,1.2821600000000002,1.2820200000000002,1.1,1.57
23.08.2021 00:06:02.949,1.2821600000000002,1.2820200000000002,1,2.35
23.08.2021 00:06:06.255,1.2821600000000002,1.2820200000000002,1.1,1.57
23.08.2021 00:06:06.357,1.28214,1.2820200000000002,1,1
23.08.2021 00:06:06.407,1.28214,1.282,1.1,1.1
23.08.2021 00:06:11.083,1.2821,1.28197,1,1.1
23.08.2021 00:06:11.184,1.28209,1.2819500000000001,1.5,2.42
23.08.2021 00:06:17.527,1.28207,1.2819500000000001,1,1.1
23.08.2021 00:06:19.071,1.2820500000000001,1.2819500000000001,1,1.95
23.08.2021 00:06:19.172,1.2820500000000001,1.28193,1,1
23.08.2021 00:06:25.246,1.28207,1.28194,1,1.01
23.08.2021 00:06:25.348,1.28207,1.2819500000000001,1,1.57
23.08.2021 00:06:40.419,1.2820600000000002,1.28194,1,1
23.08.2021 00:06:40.995,1.2820600000000002,1.28193,1,1.1
23.08.2021 00:06:47.764,1.28203,1.28194,1,1
23.08.2021 00:06:54.509,1.28204,1.2819200000000002,1,1.1
23.08.2021 00:06:54.610,1.2820200000000002,1.28189,1,1.1
23.08.2021 00:06:54.712,1.28201,1.28189,1,1.1
23.08.2021 00:06:54.814,1.28201,1.28188,1,1.57
23.08.2021 00:06:59.374,1.28198,1.28189,1,1.1
23.08.2021 00:06:59.740,1.28204,1.2819200000000002,1.1,1
23.08.2021 00:06:59.892,1.28204,1.28191,1,1.1
23.08.2021 00:06:59.993,1.28203,1.28191,1,1.1
23.08.2021 00:07:00.466,1.28201,1.28189,1,1
23.08.2021 00:07:05.792,1.282,1.28189,1.1,1
23.08.2021 00:07:05.995,1.282,1.28188,1.1,1.95
23.08.2021 00:07:07.489,1.28199,1.28187,1,1.87
23.08.2021 00:07:07.591,1.2819500000000001,1.2818200000000002,1.5,1.6
23.08.2021 00:07:07.693,1.28191,1.2818100000000001,1,2.32
23.08.2021 00:07:07.795,1.2819200000000002,1.28179,1,2.32
23.08.2021 00:07:07.896,1.28191,1.28179,1,1
23.08.2021 00:07:07.998,1.28186,1.2817500000000002,1,2.75
23.08.2021 00:07:08.150,1.28184,1.28173,1,1.5
23.08.2021 00:07:08.795,1.28184,1.2817100000000001,1,1.5
23.08.2021 00:07:10.302,1.28183,1.2817,1,1
23.08.2021 00:07:10.580,1.28184,1.2817,1.1,1.5
23.08.2021 00:07:12.613,1.2818,1.2817,1.81,1
23.08.2021 00:07:12.664,1.28179,1.28166,1,2.07
23.08.2021 00:07:12.765,1.28177,1.28167,1,1.5
23.08.2021 00:07:12.866,1.28178,1.28166,1,1
23.08.2021 00:07:14.749,1.28176,1.28163,1,1.76
23.08.2021 00:07:14.850,1.28176,1.28163,1,1.79
23.08.2021 00:07:14.951,1.2817500000000002,1.28163,1,1.01
23.08.2021 00:07:17.308,1.2817500000000002,1.2816400000000001,1,1.1
23.08.2021 00:07:17.409,1.2817500000000002,1.28165,1,1.1
23.08.2021 00:07:17.610,1.28176,1.28165,1,1.1
23.08.2021 00:07:17.661,1.28179,1.28167,1.12,1.1
23.08.2021 00:07:18.168,1.2818,1.28167,1,1.1
23.08.2021 00:07:18.626,1.28178,1.28168,1,1
23.08.2021 00:07:21.315,1.28179,1.28168,1.1,1.5
23.08.2021 00:07:21.416,1.28183,1.2817200000000002,1.62,1.1
23.08.2021 00:07:21.517,1.28184,1.2817200000000002,1,1
23.08.2021 00:07:23.033,1.2818500000000002,1.28174,1,1
23.08.2021 00:07:23.135,1.28186,1.28173,1,1.1
23.08.2021 00:07:23.237,1.28188,1.2817500000000002,1,1.57
23.08.2021 00:07:23.338,1.28188,1.28176,1,1.5
23.08.2021 00:07:23.576,1.2819,1.28178,1,1
23.08.2021 00:07:26.386,1.2819,1.28179,1,1.57
23.08.2021 00:07:26.589,1.2819200000000002,1.28179,1,1
23.08.2021 00:07:26.690,1.28191,1.2818100000000001,1,1.1
23.08.2021 00:07:26.842,1.28191,1.28179,1,1.2
23.08.2021 00:07:26.943,1.28191,1.2818,1,1
23.08.2021 00:07:27.195,1.28191,1.28179,1,1.1
23.08.2021 00:07:27.710,1.28191,1.28178,1.1,1.87
23.08.2021 00:07:27.811,1.28188,1.28177,1,1.5
23.08.2021 00:07:27.912,1.28187,1.28176,1,1
23.08.2021 00:07:27.963,1.28186,1.28174,1,1.2
23.08.2021 00:07:28.216,1.2818500000000002,1.28174,1,1.1
23.08.2021 00:07:28.531,1.2818500000000002,1.28173,1,1.1
23.08.2021 00:07:28.733,1.28183,1.28174,1,1
23.08.2021 00:07:28.835,1.28184,1.2817200000000002,1,1
23.08.2021 00:07:28.987,1.28183,1.2817200000000002,1,1
23.08.2021 00:07:30.760,1.28183,1.2817100000000001,1,1.1
23.08.2021 00:07:37.753,1.28187,1.28174,1.2,1.69
23.08.2021 00:07:40.691,1.28186,1.28176,1,1
23.08.2021 00:07:44.043,1.2819,1.28178,1,1
23.08.2021 00:07:54.418,1.28191,1.28178,1,1.5
23.08.2021 00:07:59.403,1.28189,1.28179,1,1
23.08.2021 00:07:59.505,1.2819200000000002,1.28179,1,1
23.08.2021 00:08:00.199,1.2819200000000002,1.28183,1,1
23.08.2021 00:08:00.300,1.28199,1.28186,1,1.5
23.08.2021 00:08:00.402,1.28198,1.28188,1,1
23.08.2021 00:08:00.806,1.28197,1.2818500000000002,1,1
23.08.2021 00:08:00.907,1.28196,1.2818500000000002,1,1
23.08.2021 00:08:01.117,1.2819500000000001,1.2818500000000002,1,1
23.08.2021 00:08:01.269,1.28197,1.28184,1,1
23.08.2021 00:08:02.348,1.28197,1.2818500000000002,1,1
23.08.2021 00:08:04.177,1.28198,1.28187,1,1
23.08.2021 00:08:04.228,1.282,1.28187,1.1,1
23.08.2021 00:08:05.438,1.28198,1.2818500000000002,1.1,1.5
23.08.2021 00:08:05.539,1.28197,1.2818500000000002,1,1
23.08.2021 00:08:06.992,1.28198,1.2818500000000002,1.1,1.5
23.08.2021 00:08:07.802,1.28198,1.28187,1,1.5
23.08.2021 00:08:10.523,1.28198,1.28188,1,1
23.08.2021 00:08:13.417,1.28197,1.28186,1,1
23.08.2021 00:08:19.374,1.28197,1.2818500000000002,1,1
23.08.2021 00:08:19.425,1.2819500000000001,1.28183,1,1
23.08.2021 00:08:19.527,1.2819500000000001,1.28184,1,1
23.08.2021 00:08:25.711,1.28193,1.28183,1,1.2
23.08.2021 00:08:28.890,1.2819500000000001,1.28183,1,1
23.08.2021 00:08:28.992,1.28199,1.28186,1.2,1.5
23.08.2021 00:08:30.404,1.282,1.28187,1,1.57
23.08.2021 00:08:32.375,1.2820500000000001,1.2819200000000002,2.07,1.5
23.08.2021 00:08:32.476,1.28207,1.28194,1.1,1.5
23.08.2021 00:08:32.578,1.28207,1.2819500000000001,1,1.1
23.08.2021 00:08:35.213,1.2820799999999999,1.28196,1,1
23.08.2021 00:08:38.291,1.2820799999999999,1.28194,1,1.97
23.08.2021 00:08:42.196,1.28207,1.28194,1,1.97
23.08.2021 00:08:42.297,1.28201,1.2819200000000002,1,1.5
23.08.2021 00:08:42.399,1.28201,1.28188,1,1.6
23.08.2021 00:08:42.500,1.28201,1.28188,1,1.1
23.08.2021 00:08:42.601,1.282,1.28188,1,1.1
23.08.2021 00:08:50.948,1.28203,1.2819200000000002,1,2.32
23.08.2021 00:08:50.998,1.2820500000000001,1.28193,1.5,2.35
23.08.2021 00:08:51.150,1.2820600000000002,1.28193,1,1.1
23.08.2021 00:08:51.641,1.28204,1.28191,1,2.32
23.08.2021 00:08:53.194,1.282,1.28188,1,1.22
23.08.2021 00:08:53.295,1.282,1.28188,1,1.2
23.08.2021 00:08:56.149,1.28201,1.28188,1,1.57
23.08.2021 00:08:56.488,1.2820200000000002,1.28189,1.1,1
23.08.2021 00:08:58.217,1.28201,1.28189,1,1.1
23.08.2021 00:08:58.823,1.2820200000000002,1.28189,1,1.1
23.08.2021 00:08:59.465,1.28203,1.28189,1,2.54
23.08.2021 00:09:02.740,1.28201,1.28188,1,2.54
23.08.2021 00:09:02.992,1.28201,1.28188,1,1.57
23.08.2021 00:09:07.622,1.28201,1.28188,1,2.35
23.08.2021 00:09:08.066,1.28201,1.28188,1,1.1
23.08.2021 00:09:12.173,1.28201,1.28187,1.1,1.57
23.08.2021 00:09:12.576,1.282,1.28187,1.1,1.5
23.08.2021 00:09:12.881,1.28198,1.28186,1.5,1.5
23.08.2021 00:09:12.982,1.2819500000000001,1.28183,1,2.07
23.08.2021 00:09:13.033,1.28196,1.2818500000000002,1,1.2
23.08.2021 00:09:13.134,1.28196,1.28183,1,1.1
23.08.2021 00:09:16.302,1.28194,1.2818100000000001,1,1
23.08.2021 00:09:16.403,1.28193,1.2818,1,1.57
23.08.2021 00:09:17.070,1.28193,1.2818,1,1.82
23.08.2021 00:09:19.833,1.28193,1.2818,1,1.5
23.08.2021 00:09:20.465,1.28193,1.2818,1,1.75
23.08.2021 00:09:21.109,1.28193,1.2818,1,1.5
23.08.2021 00:09:25.987,1.2819200000000002,1.2818100000000001,1,1.75
23.08.2021 00:09:26.102,1.28194,1.2818100000000001,1,1.69
23.08.2021 00:09:26.203,1.28198,1.2818500000000002,1.6,1
23.08.2021 00:09:26.304,1.28199,1.28186,1.1,1
23.08.2021 00:09:28.023,1.28199,1.28188,1,1.1
23.08.2021 00:09:29.847,1.28199,1.28188,1,1.1
23.08.2021 00:09:31.746,1.28204,1.28191,1.5,1.57
23.08.2021 00:09:31.797,1.28204,1.28193,1,2.14
23.08.2021 00:09:31.847,1.28207,1.28194,1.6,1
23.08.2021 00:09:31.949,1.2820600000000002,1.2819500000000001,1.1,1
23.08.2021 00:09:32.151,1.2820799999999999,1.2819500000000001,1.1,1
23.08.2021 00:09:32.631,1.28207,1.28194,1,1.57
23.08.2021 00:09:32.733,1.2820500000000001,1.28194,1.1,1
23.08.2021 00:09:32.838,1.28204,1.2819200000000002,1,1.1
23.08.2021 00:09:33.054,1.28204,1.28191,1,1.2
23.08.2021 00:09:35.852,1.2820600000000002,1.28193,1,1.5
23.08.2021 00:09:36.436,1.2820600000000002,1.2819200000000002,1.1,1.57
23.08.2021 00:09:44.552,1.2820600000000002,1.28193,1.1,1
23.08.2021 00:09:44.653,1.2820600000000002,1.28194,1,1.1
23.08.2021 00:09:44.805,1.2820799999999999,1.2819500000000001,1.2,1
23.08.2021 00:09:45.822,1.28207,1.2819500000000001,2.32,1.1
23.08.2021 00:09:45.872,1.28204,1.28193,1,1.1
23.08.2021 00:09:48.948,1.2820500000000001,1.28191,1.1,1.1
23.08.2021 00:09:57.722,1.2820500000000001,1.2819200000000002,1.1,1
23.08.2021 00:09:57.823,1.28207,1.28194,1,1.57
23.08.2021 00:09:58.877,1.28207,1.28196,1,1.57
23.08.2021 00:10:00.448,1.2820600000000002,1.2819500000000001,1,1.1
23.08.2021 00:10:00.549,1.2820600000000002,1.28193,1,1.57
23.08.2021 00:10:00.756,1.2820600000000002,1.2819500000000001,1,1.1
23.08.2021 00:10:02.064,1.2820799999999999,1.2819500000000001,1,1.1
23.08.2021 00:10:14.187,1.28207,1.2819500000000001,1,1.1
23.08.2021 00:10:17.610,1.28204,1.28191,1,2.85
23.08.2021 00:10:17.814,1.28203,1.2819,1,1.39
23.08.2021 00:10:20.951,1.28201,1.28188,1,1.1
23.08.2021 00:10:21.052,1.28199,1.28188,1,1.2
23.08.2021 00:10:22.958,1.282,1.28189,1,1
23.08.2021 00:10:23.059,1.28201,1.28187,1,1.76
23.08.2021 00:10:25.022,1.28199,1.28186,1,2.72
23.08.2021 00:10:25.123,1.28199,1.28186,1,2.7
23.08.2021 00:10:25.269,1.28198,1.28186,1,1
23.08.2021 00:10:25.370,1.28198,1.28187,1,1.5
23.08.2021 00:10:39.564,1.282,1.2819,1.12,1.01
23.08.2021 00:10:39.665,1.28203,1.2819,1.5,1.1
23.08.2021 00:10:39.817,1.2820200000000002,1.28191,1.5,1.1
23.08.2021 00:10:40.178,1.2820200000000002,1.2819,1,1.1
23.08.2021 00:10:40.607,1.28203,1.2819,1.5,1
23.08.2021 00:10:40.838,1.2820200000000002,1.28189,1.5,1.1
23.08.2021 00:10:42.952,1.282,1.28187,1,1.79
23.08.2021 00:10:43.053,1.282,1.28187,1,1.79
23.08.2021 00:10:45.497,1.28201,1.28188,1,1.1
23.08.2021 00:10:45.599,1.28201,1.28188,1,1.6
23.08.2021 00:10:46.541,1.2820200000000002,1.28189,1,1.79
23.08.2021 00:10:56.045,1.2820600000000002,1.28193,1.5,1
23.08.2021 00:10:56.147,1.2820500000000001,1.28193,1.5,1.57
23.08.2021 00:11:08.211,1.2820500000000001,1.28191,1,1.6
23.08.2021 00:11:08.262,1.28203,1.2819,1,1.1
23.08.2021 00:11:15.058,1.28203,1.2819200000000002,1,3.47
23.08.2021 00:11:15.109,1.28207,1.28194,1.5,1
23.08.2021 00:11:27.278,1.28209,1.28196,1.5,1.5
23.08.2021 00:11:27.810,1.2820799999999999,1.28196,1,1
23.08.2021 00:11:27.911,1.2820799999999999,1.2819500000000001,1.5,1.1
23.08.2021 00:11:41.118,1.28204,1.2819500000000001,1.87,1
23.08.2021 00:11:41.168,1.2820200000000002,1.28189,1,6.9
23.08.2021 00:11:41.270,1.2820200000000002,1.28189,1,5.2
23.08.2021 00:11:41.371,1.2820200000000002,1.28189,1,3.07
23.08.2021 00:11:41.473,1.28201,1.2819,1,2.57
23.08.2021 00:11:43.468,1.2820200000000002,1.28189,1,1
23.08.2021 00:11:43.518,1.28199,1.28186,1,3.69
23.08.2021 00:11:43.670,1.28198,1.28187,1,1.5
23.08.2021 00:11:44.690,1.282,1.28187,1,1.25
23.08.2021 00:11:45.632,1.28199,1.28186,1,2.5
23.08.2021 00:11:45.734,1.28199,1.28186,1,1.5
23.08.2021 00:11:49.007,1.282,1.28186,1.5,2.44
23.08.2021 00:11:49.759,1.28197,1.28186,1,1
23.08.2021 00:11:53.991,1.28198,1.28187,1,2.35
23.08.2021 00:11:54.092,1.282,1.28187,1.5,1
23.08.2021 00:12:02.423,1.28198,1.28186,1,1.6
23.08.2021 00:12:05.293,1.28199,1.28186,1,2.35
23.08.2021 00:12:13.505,1.28197,1.28186,1,1.6
23.08.2021 00:12:14.548,1.2819500000000001,1.28186,1,1.63
23.08.2021 00:12:15.755,1.28197,1.28187,1,1.13
23.08.2021 00:12:17.949,1.28198,1.28187,1,2.35
23.08.2021 00:12:18.965,1.28198,1.28186,1,1.6
23.08.2021 00:12:33.337,1.28199,1.28187,1,1
23.08.2021 00:12:35.348,1.28199,1.28186,1,3.1
23.08.2021 00:12:41.026,1.28198,1.28188,1,1.5
23.08.2021 00:12:41.127,1.28199,1.28189,1,1
23.08.2021 00:12:41.229,1.282,1.28189,1,1
23.08.2021 00:12:41.330,1.282,1.2819,1,1
23.08.2021 00:12:43.158,1.282,1.28189,1,1
23.08.2021 00:12:50.035,1.28199,1.28189,1,1.5
23.08.2021 00:12:53.980,1.28198,1.28189,1,1
23.08.2021 00:12:54.889,1.28198,1.28188,1,1
23.08.2021 00:12:57.201,1.28197,1.28187,1,1
23.08.2021 00:12:57.302,1.28198,1.28187,1,1.25
23.08.2021 00:12:58.261,1.28198,1.28188,1.5,1.69
23.08.2021 00:13:00.173,1.28199,1.28188,1.5,1
23.08.2021 00:13:00.710,1.28198,1.28188,1.5,1
23.08.2021 00:13:02.263,1.28199,1.28188,1,1
23.08.2021 00:13:02.690,1.28199,1.28187,1,1.5
23.08.2021 00:13:05.783,1.28199,1.28188,1,1
23.08.2021 00:13:06.209,1.28199,1.28187,1,1.69
23.08.2021 00:13:07.224,1.282,1.28188,1,1
23.08.2021 00:13:07.325,1.28201,1.28188,1,2.25
23.08.2021 00:13:07.759,1.2820200000000002,1.28189,1.5,1
23.08.2021 00:13:07.860,1.2820600000000002,1.28193,1.12,1.5
23.08.2021 00:13:07.969,1.2820600000000002,1.2819500000000001,1.12,1
23.08.2021 00:13:08.171,1.2820799999999999,1.2819500000000001,1.95,1
23.08.2021 00:13:09.134,1.28207,1.2819500000000001,1.95,1
23.08.2021 00:13:09.235,1.2820799999999999,1.2819500000000001,1.95,1.5
23.08.2021 00:13:11.620,1.28209,1.28196,1.87,1
23.08.2021 00:13:11.721,1.28211,1.28198,1.72,1.5
23.08.2021 00:13:11.822,1.28211,1.28199,1.12,1
23.08.2021 00:13:23.779,1.2821200000000001,1.28199,1.5,1.1
23.08.2021 00:13:23.880,1.2821500000000001,1.2820200000000002,1.57,1
23.08.2021 00:13:24.032,1.2821600000000002,1.2820200000000002,1.87,1.57
23.08.2021 00:13:26.797,1.2821600000000002,1.28203,1.5,1.5
23.08.2021 00:13:27.895,1.2821500000000001,1.2820500000000001,1,1.1
23.08.2021 00:13:28.097,1.28217,1.28204,1.5,1.1
23.08.2021 00:13:29.090,1.2821500000000001,1.2820500000000001,1,1.76
23.08.2021 00:13:31.543,1.2821600000000002,1.28203,1.5,1.5
23.08.2021 00:13:31.645,1.2821500000000001,1.28203,1,1
23.08.2021 00:13:33.002,1.28214,1.28203,1,1
23.08.2021 00:13:33.053,1.28214,1.28201,1,1.2
23.08.2021 00:13:41.174,1.2821200000000001,1.282,1,1
23.08.2021 00:13:41.225,1.28211,1.28198,1,2.32
23.08.2021 00:13:43.148,1.28213,1.28203,1,1
23.08.2021 00:13:43.249,1.28214,1.28203,1.87,1
23.08.2021 00:13:49.798,1.2821600000000002,1.28203,1,2.54
23.08.2021 00:13:49.950,1.2821600000000002,1.2820500000000001,1.5,1.79
23.08.2021 00:13:50.051,1.28217,1.28204,1.5,1.76
23.08.2021 00:13:50.203,1.28217,1.2820500000000001,1,1
23.08.2021 00:13:52.637,1.28217,1.28204,1.5,1.76
23.08.2021 00:13:52.799,1.28217,1.2820500000000001,1,1
23.08.2021 00:13:54.031,1.2821600000000002,1.2820500000000001,1.5,1.57
23.08.2021 00:13:54.182,1.2821600000000002,1.28204,1,1.57
23.08.2021 00:13:55.685,1.2821600000000002,1.28207,1,1
23.08.2021 00:13:57.793,1.28217,1.28207,1,1
23.08.2021 00:14:00.036,1.28218,1.28207,1,1
23.08.2021 00:14:00.137,1.28221,1.28211,1.5,1
23.08.2021 00:14:00.289,1.2822200000000001,1.2821,1,1
23.08.2021 00:14:01.083,1.2822,1.28209,1,1
23.08.2021 00:14:01.185,1.2821600000000002,1.2820500000000001,1,3.27
23.08.2021 00:14:01.286,1.2821600000000002,1.2820500000000001,1,1.1
23.08.2021 00:14:01.706,1.2821600000000002,1.28204,1,1
23.08.2021 00:14:05.134,1.2821500000000001,1.28207,1,1
23.08.2021 00:14:05.236,1.28219,1.28207,1,1
23.08.2021 00:14:09.696,1.28217,1.2820799999999999,1,1
23.08.2021 00:14:10.463,1.2821600000000002,1.2820600000000002,1,1
23.08.2021 00:14:10.995,1.2821600000000002,1.28204,1,1
23.08.2021 00:14:13.404,1.28214,1.2820500000000001,1,1
23.08.2021 00:14:13.455,1.2821500000000001,1.2820200000000002,1,1
23.08.2021 00:14:13.707,1.2821,1.282,1,1
23.08.2021 00:14:55.605,1.28211,1.28198,1.5,1.1
23.08.2021 00:14:55.707,1.28209,1.28197,1,1.5
23.08.2021 00:14:56.322,1.28209,1.28198,1,1
23.08.2021 00:14:56.423,1.2821,1.28198,1,1.5
23.08.2021 00:15:00.027,1.2820799999999999,1.28198,1,1
23.08.2021 00:15:00.131,1.28203,1.2819200000000002,1,2
23.08.2021 00:15:00.233,1.2820200000000002,1.28189,1,1.5
23.08.2021 00:15:00.284,1.282,1.28189,1,1
23.08.2021 00:15:00.335,1.282,1.28187,1,1.57
23.08.2021 00:15:00.436,1.28199,1.28187,1.1,1
23.08.2021 00:15:00.587,1.28201,1.28189,1.5,1
23.08.2021 00:15:00.688,1.282,1.28191,1.5,1
23.08.2021 00:15:00.790,1.2820200000000002,1.2819,1,1
23.08.2021 00:15:00.992,1.28201,1.28189,1,1.1
23.08.2021 00:15:01.984,1.28201,1.2819,1,1
23.08.2021 00:15:02.699,1.28201,1.28189,1,1
23.08.2021 00:15:02.801,1.28201,1.2819,1,1
23.08.2021 00:15:03.057,1.28201,1.28188,1,1.01
23.08.2021 00:15:03.359,1.282,1.28188,1,1
23.08.2021 00:15:03.461,1.282,1.28187,1,1.12
23.08.2021 00:15:04.058,1.282,1.28188,1,1
23.08.2021 00:15:05.143,1.282,1.28189,1,1.1
23.08.2021 00:15:05.193,1.28201,1.2819,1,1
23.08.2021 00:15:05.345,1.2820200000000002,1.2819,1,1
23.08.2021 00:15:05.446,1.28203,1.2819,1,1.76
23.08.2021 00:15:05.698,1.28203,1.28191,1,1
23.08.2021 00:15:11.486,1.28204,1.2819200000000002,1,1.1
23.08.2021 00:15:17.167,1.28201,1.28189,1,1
23.08.2021 00:15:24.279,1.2820200000000002,1.2819,1,1
23.08.2021 00:15:27.682,1.28201,1.28189,1,1
23.08.2021 00:15:34.137,1.28199,1.28189,1,1
23.08.2021 00:15:34.188,1.28199,1.28187,1,1
23.08.2021 00:15:37.095,1.28199,1.28189,1,1
23.08.2021 00:15:37.196,1.28199,1.28187,1,1
23.08.2021 00:15:39.336,1.28199,1.28189,1,1
23.08.2021 00:15:41.054,1.282,1.28189,1,1
23.08.2021 00:15:45.864,1.282,1.2819,1,1
23.08.2021 00:15:45.915,1.2820200000000002,1.2819,1,1.69
23.08.2021 00:15:46.016,1.28203,1.28191,1.12,1
23.08.2021 00:15:53.756,1.2820600000000002,1.28194,1,1
23.08.2021 00:15:54.184,1.2820500000000001,1.28196,1,1
23.08.2021 00:15:56.479,1.28207,1.2819500000000001,1,1
23.08.2021 00:16:00.650,1.2820600000000002,1.2819500000000001,1,1
23.08.2021 00:16:04.455,1.2820600000000002,1.28196,1,1
23.08.2021 00:16:05.930,1.2820799999999999,1.2819500000000001,1,1.1
23.08.2021 00:16:06.032,1.2820799999999999,1.28196,1,1
23.08.2021 00:16:06.134,1.28209,1.282,1.1,1
23.08.2021 00:16:06.419,1.2821,1.28199,1,1
23.08.2021 00:16:14.476,1.2821,1.282,1,1
23.08.2021 00:16:14.527,1.28214,1.28201,1.12,1
23.08.2021 00:16:14.628,1.28214,1.2820200000000002,1,1
23.08.2021 00:16:15.733,1.28213,1.2820200000000002,1.1,1
23.08.2021 00:16:18.396,1.28213,1.28201,1,1
23.08.2021 00:16:22.824,1.28214,1.28201,1,1.1
23.08.2021 00:16:26.207,1.28214,1.28201,1,1.6
23.08.2021 00:16:31.064,1.2821200000000001,1.28203,1,1.1
23.08.2021 00:16:32.868,1.2821,1.282,1,1.1
23.08.2021 00:16:41.815,1.2821200000000001,1.2820200000000002,1,1
23.08.2021 00:16:45.283,1.28209,1.28197,1,2.32
23.08.2021 00:16:45.384,1.2820799999999999,1.28196,1,1.1
23.08.2021 00:16:45.536,1.28207,1.2819500000000001,1,1.1
23.08.2021 00:16:47.889,1.2820799999999999,1.28197,1,1
23.08.2021 00:16:47.990,1.2820799999999999,1.28198,1,1
23.08.2021 00:16:50.492,1.2820799999999999,1.282,1,1
23.08.2021 00:16:51.699,1.2821,1.28199,1,1
23.08.2021 00:16:52.161,1.28207,1.28197,1,1
23.08.2021 00:17:01.001,1.2820799999999999,1.28197,1,1
23.08.2021 00:17:01.102,1.2820799999999999,1.28198,1,1.1
23.08.2021 00:17:01.204,1.28209,1.28199,1,1
23.08.2021 00:17:01.384,1.2821,1.28199,1,1
23.08.2021 00:17:08.059,1.2821200000000001,1.28199,2.85,1
23.08.2021 00:17:11.836,1.2821,1.28197,1.1,1
23.08.2021 00:17:15.345,1.28209,1.28197,1,1
23.08.2021 00:17:20.420,1.2820799999999999,1.28197,1,1
23.08.2021 00:17:22.944,1.2820600000000002,1.28198,1,1
23.08.2021 00:17:24.930,1.28207,1.28196,1,1
23.08.2021 00:17:29.791,1.2820600000000002,1.28196,1,1.1
23.08.2021 00:17:29.842,1.2820500000000001,1.28193,1,1
23.08.2021 00:17:29.943,1.28201,1.28191,1,1
23.08.2021 00:17:33.069,1.28201,1.2819200000000002,1,1
23.08.2021 00:17:33.171,1.28203,1.2819200000000002,1,1
23.08.2021 00:17:42.747,1.282,1.28191,1,1
23.08.2021 00:17:42.797,1.28198,1.28189,1,1.12
23.08.2021 00:17:43.050,1.28198,1.28188,1,1
23.08.2021 00:17:46.566,1.28198,1.28187,1,1
23.08.2021 00:17:46.668,1.28197,1.2818500000000002,1,1.88
23.08.2021 00:17:46.718,1.2819500000000001,1.28184,1,2
23.08.2021 00:17:46.820,1.28194,1.28184,1,1.38
23.08.2021 00:17:51.199,1.28198,1.28186,1,1.48
23.08.2021 00:17:51.301,1.28197,1.28188,1,1
23.08.2021 00:17:51.661,1.28199,1.28188,1,1.1
23.08.2021 00:17:51.763,1.282,1.28189,1,1
23.08.2021 00:17:52.575,1.2820200000000002,1.2819,1,1.5
23.08.2021 00:17:52.676,1.2820200000000002,1.28191,1,1.25
23.08.2021 00:17:53.019,1.2820200000000002,1.2819200000000002,1,1
23.08.2021 00:17:53.120,1.28203,1.2819200000000002,1,1
23.08.2021 00:17:59.716,1.28203,1.28191,1,1.01
23.08.2021 00:17:59.818,1.2820200000000002,1.28191,1,1
23.08.2021 00:18:01.827,1.28199,1.2819,1,1
23.08.2021 00:18:03.386,1.28198,1.28187,2.25,1
23.08.2021 00:18:03.488,1.28196,1.28186,1,1.88
23.08.2021 00:18:06.293,1.28198,1.28186,1,1.41
23.08.2021 00:18:08.332,1.28199,1.28186,1,2.23
23.08.2021 00:18:08.433,1.28199,1.28187,1,1.57
23.08.2021 00:18:11.410,1.28198,1.28189,1,1
23.08.2021 00:18:16.222,1.28196,1.2818500000000002,1,1.98
23.08.2021 00:18:16.425,1.28198,1.28187,1,1
23.08.2021 00:18:18.757,1.28199,1.28187,1,1
23.08.2021 00:18:22.432,1.28199,1.28188,1,1
23.08.2021 00:18:22.534,1.28199,1.28189,1,1.1
23.08.2021 00:18:23.320,1.28199,1.2819,1,1
23.08.2021 00:18:28.512,1.28201,1.28189,1,1
23.08.2021 00:18:29.125,1.282,1.28189,1,1
23.08.2021 00:18:30.822,1.28201,1.28189,1,1
23.08.2021 00:18:37.718,1.28199,1.2819,1,1
23.08.2021 00:18:37.768,1.28204,1.2819500000000001,1.7,1
23.08.2021 00:18:37.971,1.2820600000000002,1.28194,1,1
23.08.2021 00:18:45.486,1.2820500000000001,1.28194,1,1
23.08.2021 00:18:45.537,1.2820600000000002,1.2819500000000001,1.57,1
23.08.2021 00:18:45.689,1.28207,1.28196,1,1
23.08.2021 00:18:46.213,1.28207,1.28197,1,1
23.08.2021 00:18:47.038,1.28211,1.2820200000000002,1.2,1
23.08.2021 00:18:47.140,1.28213,1.28203,1,1
23.08.2021 00:18:47.267,1.28214,1.28203,1,1
23.08.2021 00:18:48.050,1.2821200000000001,1.28203,1,1
23.08.2021 00:18:57.520,1.2821,1.28198,1,1
23.08.2021 00:18:57.621,1.28209,1.28198,1,1
23.08.2021 00:18:57.823,1.28209,1.282,1,1
23.08.2021 00:18:59.442,1.28209,1.28196,1.5,1.1
23.08.2021 00:18:59.543,1.2820799999999999,1.28196,1,1
23.08.2021 00:18:59.716,1.28207,1.28196,1,1
23.08.2021 00:19:01.038,1.28204,1.2819500000000001,1,1
23.08.2021 00:19:15.210,1.2820200000000002,1.2819200000000002,1,1
23.08.2021 00:19:15.261,1.28201,1.28189,1,1.2
23.08.2021 00:19:16.041,1.28201,1.28191,1,1
23.08.2021 00:19:16.145,1.2820200000000002,1.28191,1,1
23.08.2021 00:19:16.892,1.28201,1.28189,1,1
23.08.2021 00:19:16.993,1.28199,1.28189,1.1,1
23.08.2021 00:19:18.410,1.28199,1.28188,1,1
23.08.2021 00:19:18.512,1.28196,1.28188,1,1
23.08.2021 00:19:18.733,1.28196,1.28187,1,1
23.08.2021 00:19:19.297,1.28196,1.28186,1,1
23.08.2021 00:19:19.348,1.28198,1.28187,1,1
23.08.2021 00:19:19.449,1.28198,1.28188,1.12,1
23.08.2021 00:19:23.928,1.282,1.28188,1,1
23.08.2021 00:19:24.130,1.28201,1.28189,1,1
23.08.2021 00:19:24.426,1.28204,1.28193,1,1
23.08.2021 00:19:24.527,1.2820500000000001,1.2819500000000001,1.31,1
23.08.2021 00:19:25.003,1.28207,1.2819500000000001,1.1,1
23.08.2021 00:19:36.372,1.2820799999999999,1.28197,1,1
23.08.2021 00:19:36.473,1.28207,1.28197,1,1.5
23.08.2021 00:19:36.575,1.28207,1.28198,1,1
23.08.2021 00:19:37.301,1.28209,1.28198,1,1
23.08.2021 00:19:38.766,1.28207,1.28199,1,1
23.08.2021 00:19:38.817,1.2820799999999999,1.28196,1,1
23.08.2021 00:19:40.431,1.28207,1.28196,1,1
23.08.2021 00:19:41.360,1.2820600000000002,1.28196,1,1
23.08.2021 00:20:00.653,1.2820600000000002,1.2819500000000001,1,1
23.08.2021 00:20:03.057,1.2820600000000002,1.28194,1,1
23.08.2021 00:20:03.159,1.2820200000000002,1.28193,1,1
23.08.2021 00:20:03.260,1.2820200000000002,1.2819200000000002,1,1
23.08.2021 00:20:04.256,1.28201,1.28189,1,1
23.08.2021 00:20:04.657,1.282,1.28191,1,1
23.08.2021 00:20:05.188,1.282,1.2819,1,1
23.08.2021 00:20:05.289,1.282,1.28189,1,1
23.08.2021 00:20:08.009,1.2820200000000002,1.2819,1,1
23.08.2021 00:20:08.233,1.2820200000000002,1.2819,1,1.62
23.08.2021 00:20:08.287,1.2820600000000002,1.2819500000000001,1,1
23.08.2021 00:20:08.887,1.28207,1.2819500000000001,1,1
23.08.2021 00:20:09.660,1.2820600000000002,1.28194,1.5,1
23.08.2021 00:20:09.761,1.28203,1.28191,1,1
23.08.2021 00:20:11.301,1.28203,1.2819,1.5,1
23.08.2021 00:20:25.655,1.28199,1.28191,1,1
23.08.2021 00:20:25.756,1.28199,1.2819,1,1
23.08.2021 00:20:26.533,1.28199,1.28188,1,1
23.08.2021 00:20:26.634,1.28196,1.28184,1,1.12
23.08.2021 00:20:26.786,1.28198,1.28187,1,1
23.08.2021 00:20:36.728,1.2819500000000001,1.28186,1.12,1
23.08.2021 00:20:36.829,1.28193,1.28184,1,1
23.08.2021 00:20:37.081,1.28193,1.2818200000000002,1,1
23.08.2021 00:20:37.816,1.28193,1.2818100000000001,1,1
23.08.2021 00:20:41.890,1.2819200000000002,1.2818,1.1,1
23.08.2021 00:20:41.941,1.28189,1.28177,1,1.5
23.08.2021 00:20:42.093,1.28189,1.28177,1,1
23.08.2021 00:20:46.285,1.28189,1.28178,1,1
23.08.2021 00:20:46.387,1.2819,1.28178,1,1
23.08.2021 00:20:47.034,1.28191,1.28179,1,1
23.08.2021 00:20:57.185,1.28189,1.2818,1,1
23.08.2021 00:21:00.155,1.28191,1.28179,1,1
23.08.2021 00:21:03.363,1.28193,1.2818,1,1.35
23.08.2021 00:21:03.464,1.2819500000000001,1.2818200000000002,1.7,1
23.08.2021 00:21:03.565,1.2819500000000001,1.2818200000000002,1,1
23.08.2021 00:21:06.262,1.28194,1.2818200000000002,1,1
23.08.2021 00:21:06.364,1.28189,1.28178,1,1
23.08.2021 00:21:06.516,1.28191,1.28179,1,1
23.08.2021 00:21:06.759,1.28193,1.2818,1.5,1
23.08.2021 00:21:09.824,1.28191,1.2818100000000001,1,1
23.08.2021 00:21:12.883,1.28193,1.2818100000000001,1,1
23.08.2021 00:21:13.835,1.28193,1.2818,1.5,1.25
23.08.2021 00:21:15.435,1.28188,1.28179,1.5,1
23.08.2021 00:21:15.486,1.28186,1.28176,1.87,1
23.08.2021 00:21:15.537,1.2818500000000002,1.28173,1,1.5
23.08.2021 00:21:15.932,1.28184,1.28173,1,1
23.08.2021 00:21:17.030,1.28184,1.2817200000000002,1,1
23.08.2021 00:21:19.731,1.28183,1.2817200000000002,1.5,1
23.08.2021 00:21:30.696,1.28183,1.2817100000000001,1,1
23.08.2021 00:21:40.876,1.28183,1.2817200000000002,1.5,1
23.08.2021 00:21:42.263,1.28183,1.2817100000000001,1,1
23.08.2021 00:21:45.234,1.28183,1.28173,1,1
23.08.2021 00:21:48.056,1.28188,1.2817500000000002,2.07,1.5
23.08.2021 00:21:48.158,1.28189,1.28176,2.52,1.5
23.08.2021 00:21:48.259,1.28189,1.28176,1.57,1.5
23.08.2021 00:21:49.993,1.28187,1.28176,1.57,1
23.08.2021 00:21:50.548,1.28187,1.28177,1,1
23.08.2021 00:21:51.833,1.28186,1.2817500000000002,1,1.1
23.08.2021 00:21:52.302,1.28188,1.2817500000000002,1.2,1
23.08.2021 00:21:55.926,1.28187,1.2817500000000002,1,1
23.08.2021 00:22:00.252,1.28188,1.28176,1,1
23.08.2021 00:22:00.530,1.28188,1.28178,1,1
23.08.2021 00:22:00.581,1.2819,1.28178,1,1
23.08.2021 00:22:05.663,1.28188,1.2817500000000002,1.57,1
23.08.2021 00:22:06.675,1.28187,1.2817500000000002,1,1
23.08.2021 00:22:20.471,1.28187,1.28174,1,1.1
23.08.2021 00:22:29.102,1.28188,1.28176,1,1
23.08.2021 00:22:29.204,1.28187,1.28176,1.57,1
23.08.2021 00:22:38.759,1.28189,1.28178,1,1
23.08.2021 00:22:38.809,1.28191,1.28178,1.95,1
23.08.2021 00:22:39.930,1.2819,1.28177,1,1.1
23.08.2021 00:22:43.519,1.28189,1.28179,1,1
23.08.2021 00:22:45.607,1.28191,1.28178,1.57,1
23.08.2021 00:22:58.289,1.28191,1.28179,1.1,1
23.08.2021 00:23:00.192,1.28191,1.2818,1.1,1
23.08.2021 00:23:00.331,1.28191,1.28179,1.1,1
23.08.2021 00:23:15.591,1.28191,1.2818,1,1
23.08.2021 00:23:32.123,1.28191,1.2818,1.22,1.5
23.08.2021 00:23:34.279,1.2819200000000002,1.28179,1.1,1.5
23.08.2021 00:23:56.909,1.2819,1.28178,1.1,1
23.08.2021 00:23:58.497,1.28191,1.28179,1.1,1
23.08.2021 00:24:00.921,1.28191,1.28179,1.1,1
23.08.2021 00:24:22.902,1.28187,1.28174,1,2.25
23.08.2021 00:24:23.003,1.2818500000000002,1.2817500000000002,1,1
23.08.2021 00:24:40.914,1.28186,1.2817500000000002,1,1.5
23.08.2021 00:24:40.964,1.28188,1.28177,1.65,1.5
23.08.2021 00:24:50.394,1.28191,1.28179,1.12,1
23.08.2021 00:24:50.597,1.2819200000000002,1.28179,1,2.25
23.08.2021 00:25:00.294,1.28191,1.28179,1,1
23.08.2021 00:25:07.623,1.2819200000000002,1.28179,1.57,1
23.08.2021 00:25:33.892,1.2819,1.28177,3.07,1
23.08.2021 00:25:33.993,1.28186,1.28173,1,1
23.08.2021 00:25:34.094,1.2818500000000002,1.2817200000000002,1.5,1
23.08.2021 00:26:01.138,1.28188,1.28176,1.1,1.5
23.08.2021 00:26:01.189,1.28189,1.28176,1.1,1.5
23.08.2021 00:26:11.231,1.2819,1.28177,4.27,1
23.08.2021 00:26:13.333,1.28189,1.28177,1.12,1
23.08.2021 00:26:18.747,1.28189,1.28176,1.87,1
23.08.2021 00:26:20.218,1.28187,1.28176,1,1
23.08.2021 00:26:20.924,1.2818500000000002,1.28174,1,1
23.08.2021 00:26:21.026,1.2818500000000002,1.2817200000000002,1.5,1
23.08.2021 00:26:21.621,1.28184,1.2817200000000002,1,1
23.08.2021 00:26:23.605,1.28186,1.28174,1,1
23.08.2021 00:26:24.679,1.28187,1.28174,1.2,1
23.08.2021 00:26:28.410,1.28184,1.2817500000000002,1,1
23.08.2021 00:26:30.915,1.28187,1.28174,1.12,1
23.08.2021 00:26:31.017,1.28186,1.28176,1.12,1
23.08.2021 00:26:37.835,1.28188,1.2817500000000002,1.1,1
23.08.2021 00:26:38.074,1.28187,1.28174,1,1
23.08.2021 00:26:54.140,1.2818500000000002,1.28174,1,1.57
23.08.2021 00:27:02.438,1.28189,1.28176,1,1.5
23.08.2021 00:27:05.303,1.28191,1.28177,2.85,1
23.08.2021 00:27:15.145,1.28189,1.28176,2.25,1
23.08.2021 00:27:15.246,1.28187,1.2817500000000002,1,1
23.08.2021 00:27:16.095,1.28186,1.28173,1,2.25
23.08.2021 00:27:17.282,1.28187,1.28174,1,1
23.08.2021 00:27:27.462,1.28188,1.2817500000000002,1.5,1
23.08.2021 00:27:27.563,1.28189,1.28176,1,2.32
23.08.2021 00:27:27.614,1.28191,1.28178,1.57,1
23.08.2021 00:27:28.398,1.2819200000000002,1.28179,1.2,1
23.08.2021 00:27:29.062,1.2819200000000002,1.2818,1,1.1
23.08.2021 00:27:29.393,1.28194,1.28186,1.1,1
23.08.2021 00:27:29.444,1.28197,1.2818500000000002,1,1
23.08.2021 00:27:31.039,1.28198,1.28184,1.5,2.25
23.08.2021 00:27:33.131,1.2819500000000001,1.28184,1,1.5
23.08.2021 00:27:38.280,1.28199,1.28186,2.7,1
23.08.2021 00:27:38.482,1.28199,1.28188,1.12,1.5
23.08.2021 00:27:41.358,1.28201,1.28188,1,1.5
23.08.2021 00:27:50.858,1.282,1.28187,1,1.5
23.08.2021 00:27:59.497,1.28198,1.28187,1,1.5
23.08.2021 00:28:09.119,1.282,1.28187,1.5,1
23.08.2021 00:28:21.051,1.28196,1.28183,1,1.95
23.08.2021 00:28:35.237,1.2819200000000002,1.2818200000000002,1,1
23.08.2021 00:28:35.338,1.2819200000000002,1.2818100000000001,1,2.7
23.08.2021 00:28:35.439,1.28193,1.2818100000000001,1,1
23.08.2021 00:28:38.373,1.28193,1.2818,1,1.5
23.08.2021 00:28:39.840,1.28191,1.2818100000000001,1,1
23.08.2021 00:28:39.941,1.2819200000000002,1.28179,1.1,1.5
23.08.2021 00:28:41.542,1.2819,1.28178,1.5,1
23.08.2021 00:28:41.643,1.28188,1.28177,1,1.5
23.08.2021 00:28:42.071,1.28188,1.2817500000000002,1.1,1.5
23.08.2021 00:28:42.173,1.2818500000000002,1.2817500000000002,1,1
23.08.2021 00:28:42.776,1.28187,1.2817500000000002,1.12,1
23.08.2021 00:28:44.161,1.2818500000000002,1.28174,1,1
23.08.2021 00:28:44.262,1.28186,1.28174,1,1
23.08.2021 00:28:50.246,1.2818500000000002,1.2817200000000002,1.5,1.5
23.08.2021 00:28:50.347,1.28184,1.2817100000000001,1,1
23.08.2021 00:28:51.931,1.28183,1.28173,1,1
23.08.2021 00:29:03.094,1.28179,1.28167,1,1.1
23.08.2021 00:29:03.195,1.28179,1.28168,1,1
23.08.2021 00:29:03.653,1.28179,1.28167,1.5,1
23.08.2021 00:29:03.957,1.28177,1.28167,1,1
23.08.2021 00:29:05.353,1.28179,1.28168,1,1
23.08.2021 00:29:05.454,1.28176,1.28167,1,1
23.08.2021 00:29:09.747,1.28177,1.28169,1,1
23.08.2021 00:29:09.798,1.28179,1.2817,1,1
23.08.2021 00:29:10.539,1.28178,1.28168,1,1
23.08.2021 00:29:10.590,1.2818,1.28169,1,1
23.08.2021 00:29:12.815,1.28178,1.28169,1,1
23.08.2021 00:29:36.696,1.28178,1.28168,1,1
23.08.2021 00:29:42.000,1.28178,1.28166,1.5,1
23.08.2021 00:29:42.052,1.28177,1.2816400000000001,1,1.5
23.08.2021 00:29:42.470,1.28176,1.28167,1,1
23.08.2021 00:29:42.929,1.28174,1.28163,1,1
23.08.2021 00:29:43.477,1.2817500000000002,1.28163,1,1.25
23.08.2021 00:29:43.579,1.28174,1.28166,1,1
23.08.2021 00:29:43.680,1.2817500000000002,1.2816400000000001,1,1
23.08.2021 00:29:44.873,1.28176,1.28166,1,1
23.08.2021 00:29:45.025,1.28176,1.28168,1,1
23.08.2021 00:29:46.283,1.2817500000000002,1.28167,1,1
23.08.2021 00:29:48.439,1.2817500000000002,1.28165,1,1
23.08.2021 00:29:51.335,1.2817200000000002,1.2816100000000001,1,1
23.08.2021 00:29:51.537,1.28174,1.2816200000000002,1.95,1
23.08.2021 00:29:51.638,1.28174,1.2816400000000001,1.2,1
23.08.2021 00:30:00.384,1.28174,1.28165,1,1
23.08.2021 00:30:00.807,1.28176,1.2816400000000001,1,1
23.08.2021 00:30:00.958,1.28176,1.28165,1,1
23.08.2021 00:30:01.160,1.28178,1.28166,2.07,1
23.08.2021 00:30:01.262,1.28179,1.28169,1.12,1
23.08.2021 00:30:01.377,1.2818,1.28169,1.12,1
23.08.2021 00:30:01.478,1.2818100000000001,1.2817,1.12,1
23.08.2021 00:30:01.732,1.2818200000000002,1.2817100000000001,1.5,1
23.08.2021 00:30:01.834,1.2818200000000002,1.2817200000000002,1,1
23.08.2021 00:30:02.764,1.2818200000000002,1.28173,1,1
23.08.2021 00:30:03.472,1.28184,1.28173,1.6,1
23.08.2021 00:30:15.710,1.28177,1.28168,1.35,1.12
23.08.2021 00:30:15.813,1.2817500000000002,1.28165,1.1,1
23.08.2021 00:30:17.602,1.28176,1.28165,1.1,1
23.08.2021 00:30:18.126,1.28169,1.2816100000000001,1,1
23.08.2021 00:30:18.228,1.2817,1.28159,1.1,1
23.08.2021 00:30:19.725,1.2817100000000001,1.2816100000000001,1,1
23.08.2021 00:30:19.826,1.2817200000000002,1.2816200000000002,2.01,1
23.08.2021 00:30:19.927,1.28173,1.28163,1.22,1
23.08.2021 00:30:24.352,1.28168,1.2816,1,1
23.08.2021 00:30:24.656,1.28169,1.2816,1.1,1
23.08.2021 00:30:25.125,1.28169,1.28159,1.22,1
23.08.2021 00:30:25.226,1.28167,1.28155,1.1,1
23.08.2021 00:30:26.050,1.28167,1.28156,1.1,1
23.08.2021 00:30:31.615,1.28166,1.28156,1.1,1
23.08.2021 00:30:32.374,1.28167,1.28155,1.1,1
23.08.2021 00:30:32.881,1.28167,1.28155,1.1,1
23.08.2021 00:30:33.656,1.28168,1.28157,1.1,1
23.08.2021 00:30:33.866,1.28169,1.28157,1.1,1
23.08.2021 00:30:38.527,1.28169,1.28158,1.1,1
23.08.2021 00:30:49.104,1.28169,1.28156,1.1,1.5
23.08.2021 00:30:52.269,1.28168,1.28158,1.1,1
23.08.2021 00:30:57.366,1.2817100000000001,1.2816,1.97,1.5
23.08.2021 00:30:57.618,1.2817200000000002,1.2816,1.1,1
23.08.2021 00:30:59.579,1.2817100000000001,1.28158,1.6,1
23.08.2021 00:30:59.832,1.2817100000000001,1.28157,2.72,1.5
23.08.2021 00:31:00.086,1.28168,1.28157,1,1
23.08.2021 00:31:00.191,1.28169,1.28158,1.6,1
23.08.2021 00:31:01.182,1.2817,1.28156,1.6,1.5
23.08.2021 00:31:01.517,1.28168,1.28156,1.1,1
23.08.2021 00:31:01.824,1.28168,1.28156,1.1,1
23.08.2021 00:31:07.977,1.28167,1.28155,1.1,1
23.08.2021 00:31:16.171,1.28167,1.28155,1.1,1
23.08.2021 00:31:18.291,1.28166,1.28159,1,1.25
23.08.2021 00:31:18.342,1.2817100000000001,1.28159,2.52,1
23.08.2021 00:31:18.393,1.28173,1.2816200000000002,1.5,1
23.08.2021 00:31:18.494,1.28174,1.28163,1,1
23.08.2021 00:31:19.405,1.28174,1.28165,1.2,1
23.08.2021 00:31:20.397,1.28176,1.28166,1.1,1
23.08.2021 00:31:25.267,1.28177,1.28167,1.1,1
23.08.2021 00:31:28.261,1.2818100000000001,1.2817100000000001,1.27,1
23.08.2021 00:31:28.364,1.2818,1.28173,1.1,1
23.08.2021 00:31:28.465,1.2818200000000002,1.28174,1.1,1
23.08.2021 00:31:30.235,1.28189,1.28178,1.57,1
23.08.2021 00:31:30.291,1.2819,1.2818200000000002,2.2,1
23.08.2021 00:31:30.442,1.28191,1.2818100000000001,1.1,1
23.08.2021 00:31:32.118,1.28191,1.2818200000000002,1,1
23.08.2021 00:31:33.458,1.28191,1.2818100000000001,1,1
23.08.2021 00:31:34.867,1.2819,1.28183,1,1
23.08.2021 00:31:42.219,1.2819500000000001,1.28187,1.2,1
23.08.2021 00:31:42.270,1.28198,1.2818500000000002,1.6,1.5
23.08.2021 00:31:42.371,1.28194,1.28188,1.12,1
23.08.2021 00:31:42.472,1.28194,1.28187,1,1
23.08.2021 00:31:42.652,1.28196,1.28187,1.2,1
23.08.2021 00:31:45.711,1.2819500000000001,1.28187,1.1,1
23.08.2021 00:31:52.415,1.28197,1.28188,1.12,1
23.08.2021 00:31:52.516,1.28199,1.28189,1.77,1
23.08.2021 00:31:52.567,1.28198,1.2819,1.1,1
23.08.2021 00:31:56.642,1.28197,1.2819,1,1
23.08.2021 00:31:57.821,1.28198,1.2819,1.1,1
23.08.2021 00:31:57.973,1.28198,1.28189,1,1
23.08.2021 00:32:01.687,1.28199,1.28189,1.1,1
23.08.2021 00:32:03.027,1.28197,1.2819,1,1
23.08.2021 00:32:08.076,1.28198,1.28188,1.1,1
23.08.2021 00:32:08.127,1.2819500000000001,1.28186,1,1
23.08.2021 00:32:08.228,1.2819500000000001,1.2818500000000002,1,1
23.08.2021 00:32:09.831,1.28193,1.28183,1.1,1
23.08.2021 00:32:09.932,1.28193,1.28183,1.6,1
23.08.2021 00:32:10.033,1.28193,1.28184,1.6,1
23.08.2021 00:32:10.135,1.28194,1.28184,1,1
23.08.2021 00:32:11.489,1.28194,1.2818500000000002,1.1,1
23.08.2021 00:32:12.221,1.28196,1.28187,1,1
23.08.2021 00:32:12.322,1.28197,1.28188,1,1
23.08.2021 00:32:15.709,1.28197,1.28189,1.1,1
23.08.2021 00:32:16.323,1.282,1.28188,1.41,1
23.08.2021 00:32:16.425,1.282,1.28189,1.35,1
23.08.2021 00:32:21.786,1.28198,1.28189,1,1
23.08.2021 00:32:21.887,1.28198,1.28188,1.1,1
23.08.2021 00:32:23.175,1.28198,1.28189,1,1
23.08.2021 00:32:29.160,1.28196,1.2819,1,1
23.08.2021 00:32:29.261,1.28197,1.28188,1,1
23.08.2021 00:32:31.763,1.2819500000000001,1.2818500000000002,1,1
23.08.2021 00:32:33.452,1.2819200000000002,1.2818200000000002,1,1.12
23.08.2021 00:32:33.503,1.2819,1.2818100000000001,1,1
23.08.2021 00:32:34.127,1.28191,1.28178,1.5,2.32
23.08.2021 00:32:38.245,1.28184,1.28176,1,1
23.08.2021 00:32:38.296,1.28184,1.2817100000000001,1,5.26
23.08.2021 00:32:38.448,1.28184,1.2817100000000001,1,2.06
23.08.2021 00:32:39.987,1.2818500000000002,1.2817100000000001,1.57,2.51
23.08.2021 00:32:40.284,1.28183,1.2817200000000002,1,2.51
23.08.2021 00:32:40.436,1.2818,1.2817,1,1
23.08.2021 00:32:40.791,1.2818100000000001,1.28168,1,1.57
23.08.2021 00:32:41.292,1.2818200000000002,1.28169,1.57,1.5
23.08.2021 00:32:43.665,1.2818200000000002,1.2817,1,1
23.08.2021 00:32:43.872,1.28183,1.2817200000000002,1.57,1.5
23.08.2021 00:32:51.962,1.28183,1.2817,1,1.57
23.08.2021 00:33:03.615,1.2818100000000001,1.28169,1.1,1
23.08.2021 00:33:10.855,1.28174,1.28165,1,1
23.08.2021 00:33:10.956,1.2817500000000002,1.28163,1,1.12
23.08.2021 00:33:14.703,1.28176,1.2816400000000001,1,1
23.08.2021 00:33:15.180,1.28176,1.28165,1,1
23.08.2021 00:33:15.281,1.28177,1.28165,1,1
23.08.2021 00:33:15.957,1.28176,1.28165,1,1
23.08.2021 00:33:16.077,1.28176,1.28166,1,1
23.08.2021 00:33:16.178,1.28174,1.28165,1,1
23.08.2021 00:33:16.755,1.28177,1.2816400000000001,1,1
23.08.2021 00:33:17.114,1.28174,1.28165,1,1
23.08.2021 00:33:17.433,1.28176,1.28165,1.1,1
23.08.2021 00:33:17.760,1.28176,1.2816400000000001,1,1
23.08.2021 00:33:18.482,1.28174,1.28165,1,1
23.08.2021 00:33:19.379,1.28177,1.28165,1.1,1
23.08.2021 00:33:19.891,1.2817500000000002,1.2816400000000001,1,1
23.08.2021 00:33:19.992,1.28177,1.2816400000000001,1.57,1
23.08.2021 00:33:20.093,1.28176,1.28166,1.1,1
23.08.2021 00:33:20.964,1.2817500000000002,1.28165,1,1
23.08.2021 00:33:21.065,1.28177,1.28165,1.1,1
23.08.2021 00:33:21.116,1.28179,1.28167,2.8,1.5
23.08.2021 00:33:21.217,1.28179,1.28168,1.65,1.5
23.08.2021 00:33:22.224,1.2818,1.28169,1.2,1
23.08.2021 00:33:22.330,1.2818,1.28168,1.2,1
23.08.2021 00:33:25.422,1.2818100000000001,1.28169,1.1,1
23.08.2021 00:33:45.638,1.2818200000000002,1.2817,1.57,1
23.08.2021 00:33:45.740,1.28183,1.2817,2.32,1
23.08.2021 00:33:45.892,1.2818200000000002,1.2817200000000002,1.57,1
23.08.2021 00:33:48.820,1.28183,1.2817200000000002,1,1
23.08.2021 00:33:49.983,1.2818200000000002,1.2817200000000002,1,1.57
23.08.2021 00:33:50.084,1.28183,1.2817200000000002,1,1
23.08.2021 00:33:55.126,1.2818500000000002,1.28173,1.1,1
23.08.2021 00:33:56.238,1.2818500000000002,1.2817500000000002,1.1,1
23.08.2021 00:33:56.340,1.28187,1.28176,1.1,1
23.08.2021 00:34:06.095,1.28187,1.2817500000000002,1,1
23.08.2021 00:34:07.572,1.28187,1.28179,1,1
23.08.2021 00:34:07.746,1.28189,1.28178,1,1
23.08.2021 00:34:24.228,1.28186,1.28177,1,1
23.08.2021 00:34:24.581,1.28184,1.28177,1,1
23.08.2021 00:34:24.632,1.28184,1.28173,1,1
23.08.2021 00:34:26.486,1.2818200000000002,1.28173,1,1
23.08.2021 00:34:26.587,1.2818200000000002,1.2817200000000002,1,1
23.08.2021 00:34:30.464,1.2818100000000001,1.2817,1,1
23.08.2021 00:34:30.566,1.2818100000000001,1.2817100000000001,1,1
23.08.2021 00:34:30.667,1.2818,1.2817100000000001,1,1
23.08.2021 00:34:39.700,1.2818100000000001,1.2817200000000002,1,1
23.08.2021 00:34:39.751,1.28186,1.2817500000000002,2.75,1
23.08.2021 00:34:39.903,1.2818500000000002,1.28177,1,1
23.08.2021 00:34:40.299,1.28187,1.28176,1,1
23.08.2021 00:34:40.958,1.28189,1.28179,1,1
23.08.2021 00:34:43.404,1.28186,1.28176,1,1
23.08.2021 00:34:43.905,1.2818500000000002,1.28176,1,1
23.08.2021 00:34:44.484,1.28186,1.28176,1,1
23.08.2021 00:34:44.585,1.28187,1.28177,1,1
23.08.2021 00:34:44.870,1.28188,1.28177,1,1
23.08.2021 00:34:44.971,1.28187,1.28179,1,1
23.08.2021 00:34:46.240,1.28188,1.28179,1,1
23.08.2021 00:34:49.056,1.28189,1.28179,1,1
23.08.2021 00:35:04.529,1.28189,1.2818100000000001,1,1
23.08.2021 00:35:08.335,1.28189,1.2818,1,1
23.08.2021 00:35:11.411,1.28189,1.28179,1,1
23.08.2021 00:35:17.258,1.28189,1.2818,1,1
23.08.2021 00:35:24.394,1.2819,1.28177,1,1.1
23.08.2021 00:35:26.221,1.28188,1.28179,1,1
23.08.2021 00:35:27.222,1.28189,1.28177,1,1
23.08.2021 00:35:36.081,1.28189,1.28178,1,1.1
23.08.2021 00:35:39.696,1.28189,1.28179,1,1
23.08.2021 00:35:40.615,1.28189,1.28178,1,1
23.08.2021 00:35:41.664,1.28189,1.28177,1,1
23.08.2021 00:35:43.449,1.28189,1.28178,1,1
23.08.2021 00:35:43.556,1.28189,1.28179,1,1
23.08.2021 00:35:52.705,1.28187,1.28178,1,1
23.08.2021 00:35:52.755,1.2818500000000002,1.2817500000000002,1,2.7
23.08.2021 00:35:52.806,1.2818200000000002,1.28174,1,1.5
23.08.2021 00:35:52.907,1.2818200000000002,1.2817200000000002,1,1.1
23.08.2021 00:35:53.008,1.2818200000000002,1.2817100000000001,1,1
23.08.2021 00:35:55.999,1.2818200000000002,1.28174,1,1
23.08.2021 00:35:56.049,1.2818500000000002,1.28173,1,1
23.08.2021 00:35:58.725,1.2818500000000002,1.2817500000000002,1,1
23.08.2021 00:35:58.826,1.28187,1.2817500000000002,1.1,1
23.08.2021 00:36:06.637,1.28186,1.28176,1,1
23.08.2021 00:36:06.688,1.2818200000000002,1.28173,1,1
23.08.2021 00:36:06.795,1.28184,1.28173,1,1
23.08.2021 00:36:08.111,1.28184,1.2817200000000002,1,1
23.08.2021 00:36:08.975,1.28186,1.28174,1,1
23.08.2021 00:36:10.142,1.28187,1.28178,1,1
23.08.2021 00:36:10.243,1.28189,1.28178,1,1
23.08.2021 00:36:15.038,1.28188,1.2818,1,1
23.08.2021 00:36:16.160,1.2819,1.28179,1,1
23.08.2021 00:36:16.262,1.28189,1.28179,1,1
23.08.2021 00:36:22.206,1.28189,1.2818200000000002,1,1.5
23.08.2021 00:36:22.257,1.28193,1.28183,1.1,1
23.08.2021 00:36:22.409,1.2819500000000001,1.2818200000000002,1,1
23.08.2021 00:36:29.707,1.28194,1.2818200000000002,1,1
23.08.2021 00:36:29.808,1.28193,1.2818200000000002,1,1
23.08.2021 00:36:30.364,1.28193,1.2818,1.5,1
23.08.2021 00:36:30.414,1.2819,1.2818100000000001,1,1
23.08.2021 00:36:30.516,1.28189,1.2818,1,1
23.08.2021 00:36:39.051,1.28189,1.28179,1,1
23.08.2021 00:36:39.152,1.2818500000000002,1.28174,1,1.57
23.08.2021 00:36:39.253,1.2818100000000001,1.28173,1,1.5
23.08.2021 00:36:39.354,1.2818100000000001,1.2817200000000002,1,1.1
23.08.2021 00:36:39.456,1.2818200000000002,1.28173,1,1
23.08.2021 00:36:39.557,1.28184,1.28173,1,1
23.08.2021 00:36:39.724,1.2818200000000002,1.28173,1,1
23.08.2021 00:36:41.869,1.2818200000000002,1.2817200000000002,1,1
23.08.2021 00:36:42.340,1.28183,1.2817200000000002,1,1
23.08.2021 00:36:43.249,1.2818200000000002,1.2817200000000002,1,1
23.08.2021 00:36:43.351,1.2818200000000002,1.2817100000000001,1,1
23.08.2021 00:36:43.618,1.2818100000000001,1.2817100000000001,1,1
23.08.2021 00:36:46.040,1.28183,1.2817200000000002,1,1
23.08.2021 00:36:52.653,1.2818500000000002,1.28173,1,1
23.08.2021 00:36:52.703,1.2818200000000002,1.2817100000000001,1,1.95
23.08.2021 00:36:55.015,1.2818,1.2817100000000001,1,1.1
23.08.2021 00:37:08.070,1.2818,1.2817200000000002,1,1
23.08.2021 00:37:09.582,1.2818100000000001,1.2817,1,1.1
23.08.2021 00:37:28.327,1.28177,1.28169,1,1
23.08.2021 00:37:28.377,1.28176,1.28165,1,1.6
23.08.2021 00:37:28.529,1.28176,1.28165,1,1.5
23.08.2021 00:37:29.038,1.2817500000000002,1.2816400000000001,1,1.5
23.08.2021 00:37:29.139,1.2817500000000002,1.28166,1,1.5
23.08.2021 00:37:30.524,1.28174,1.2816200000000002,1,1.1
23.08.2021 00:37:30.726,1.28173,1.2816200000000002,1.5,1.5
23.08.2021 00:37:30.777,1.2817200000000002,1.2816,1,1.12
23.08.2021 00:37:30.878,1.2817200000000002,1.2816100000000001,1,1
23.08.2021 00:37:31.316,1.2817100000000001,1.2816100000000001,1,1
23.08.2021 00:37:31.797,1.2817200000000002,1.2816100000000001,1,1
23.08.2021 00:37:35.147,1.2817100000000001,1.28159,1,1
23.08.2021 00:37:41.982,1.28165,1.28156,1,1
23.08.2021 00:37:42.758,1.28167,1.28155,1,1.5
23.08.2021 00:37:42.859,1.28166,1.28157,1,1
23.08.2021 00:37:45.560,1.28168,1.2816,1,1
23.08.2021 00:37:45.611,1.2817200000000002,1.2816100000000001,1.12,1
23.08.2021 00:37:46.415,1.28173,1.2816100000000001,1,1.5
23.08.2021 00:37:46.466,1.28173,1.28163,1,1
23.08.2021 00:37:46.675,1.28174,1.2816400000000001,1,1
23.08.2021 00:37:46.776,1.2817500000000002,1.2816400000000001,1,1
23.08.2021 00:37:46.979,1.2817500000000002,1.28165,1,1
23.08.2021 00:37:49.456,1.28174,1.28165,1,1
23.08.2021 00:37:51.284,1.28173,1.2816200000000002,1,1
23.08.2021 00:37:51.435,1.2817200000000002,1.2816100000000001,1,1
23.08.2021 00:37:54.339,1.28173,1.2816100000000001,1,1
23.08.2021 00:37:54.958,1.28173,1.2816200000000002,1,1
23.08.2021 00:38:15.224,1.28168,1.2816,1,1
23.08.2021 00:38:15.990,1.2817100000000001,1.28159,1,1
23.08.2021 00:38:18.195,1.2817,1.28159,1,1
23.08.2021 00:38:19.363,1.28166,1.28155,1,1
23.08.2021 00:38:19.918,1.28165,1.2815400000000001,1,1
23.08.2021 00:38:20.103,1.28163,1.2815200000000002,1,1
23.08.2021 00:38:22.467,1.28163,1.28153,1,1
23.08.2021 00:38:23.533,1.28163,1.2815200000000002,1,1
23.08.2021 00:38:27.696,1.28163,1.28153,1,1
23.08.2021 00:38:29.169,1.28163,1.28155,1,1
23.08.2021 00:38:30.066,1.28165,1.28157,1,1
23.08.2021 00:38:30.117,1.28169,1.28158,2.07,1
23.08.2021 00:38:30.218,1.2817,1.2816,1.5,1
23.08.2021 00:38:30.269,1.2817100000000001,1.2816100000000001,1,1
23.08.2021 00:38:33.645,1.2817,1.2816,1,1
23.08.2021 00:38:35.806,1.28165,1.28155,1,1
23.08.2021 00:38:36.587,1.28163,1.2815400000000001,1,1
23.08.2021 00:38:37.963,1.2816200000000002,1.2815400000000001,1,1
23.08.2021 00:38:40.643,1.28163,1.2815200000000002,1,1.87
23.08.2021 00:38:41.686,1.2816200000000002,1.2815,1,1.1
23.08.2021 00:38:45.038,1.28163,1.2815100000000001,1,1.57
23.08.2021 00:38:45.139,1.28163,1.2815200000000002,1,1.5
23.08.2021 00:38:47.518,1.28163,1.28153,1,1
23.08.2021 00:38:47.722,1.28163,1.2815400000000001,1,1
23.08.2021 00:38:53.894,1.2816400000000001,1.2815400000000001,1,1
23.08.2021 00:38:53.995,1.2816400000000001,1.28155,1,1
23.08.2021 00:39:01.484,1.28163,1.28155,1,1
23.08.2021 00:39:01.585,1.2816,1.28149,1,2.75
23.08.2021 00:39:01.687,1.28158,1.28147,1,1.5
23.08.2021 00:39:01.838,1.28158,1.28149,1,1
23.08.2021 00:39:02.192,1.28157,1.28149,1,1
23.08.2021 00:39:02.293,1.28158,1.28147,1,1.87
23.08.2021 00:39:09.393,1.28157,1.28145,1,1.87
23.08.2021 00:39:09.896,1.28157,1.2814400000000001,1.5,1.87
23.08.2021 00:39:11.231,1.28157,1.28145,1.5,1
23.08.2021 00:39:11.890,1.28157,1.2814400000000001,1.5,1.87
23.08.2021 00:39:12.696,1.28155,1.28145,1,1.87
23.08.2021 00:39:14.114,1.28156,1.28145,1,1
23.08.2021 00:39:15.277,1.28155,1.28145,1,1
23.08.2021 00:39:15.711,1.2815400000000001,1.28145,1,1.87
23.08.2021 00:39:19.584,1.28156,1.2814400000000001,1,1.5
23.08.2021 00:39:24.588,1.2815,1.28143,1,1
23.08.2021 00:39:24.689,1.2815,1.28138,1.5,1.6
23.08.2021 00:39:24.791,1.2815,1.28138,1.5,1.12
23.08.2021 00:39:25.307,1.28149,1.2813700000000001,1,1
23.08.2021 00:39:25.408,1.28149,1.28136,1,1.87
23.08.2021 00:39:27.393,1.28149,1.2813700000000001,1,1
23.08.2021 00:39:27.494,1.2815,1.2813700000000001,1.5,1.1
23.08.2021 00:39:29.961,1.28149,1.28138,1,2.72
23.08.2021 00:39:34.235,1.2815100000000001,1.2814100000000002,1.5,1
23.08.2021 00:39:34.286,1.28155,1.28143,2,1.5
23.08.2021 00:39:34.387,1.28156,1.2814200000000002,1.5,2.82
23.08.2021 00:39:36.699,1.28157,1.2814400000000001,1.5,1.2
23.08.2021 00:39:36.800,1.28157,1.28145,1,1.1
23.08.2021 00:39:36.901,1.28157,1.28145,1,1.6
23.08.2021 00:39:37.002,1.28158,1.28145,1.5,1.6
23.08.2021 00:39:39.718,1.28158,1.2814400000000001,1.5,2.7
23.08.2021 00:39:40.900,1.28157,1.28145,1.5,2.82
23.08.2021 00:39:45.095,1.2816,1.28148,1.5,1.5
23.08.2021 00:39:45.196,1.2816,1.28149,1,1
23.08.2021 00:39:45.298,1.28159,1.28149,1,2.7
23.08.2021 00:39:46.228,1.28159,1.2815,1,1
23.08.2021 00:39:50.177,1.28159,1.28146,1.5,1.6
23.08.2021 00:39:50.279,1.28158,1.28146,1.5,2.7
23.08.2021 00:39:53.123,1.28159,1.28146,1.5,1
23.08.2021 00:39:53.781,1.28158,1.28148,1.5,1
23.08.2021 00:39:53.882,1.28158,1.28147,1.5,1.1
23.08.2021 00:39:54.519,1.28158,1.28148,1.5,1
23.08.2021 00:40:07.094,1.2816,1.28147,1,2.32
23.08.2021 00:40:09.047,1.2816,1.28148,1,1
23.08.2021 00:40:09.397,1.2816,1.28147,1,1.57
23.08.2021 00:40:14.150,1.2816200000000002,1.28153,1.25,1.95
23.08.2021 00:40:14.203,1.28165,1.2815200000000002,1,2.7
23.08.2021 00:40:14.304,1.28166,1.28153,1,1.57
23.08.2021 00:40:14.405,1.28166,1.2815400000000001,1.5,3.07
23.08.2021 00:40:14.506,1.28167,1.2815400000000001,1.5,1
23.08.2021 00:40:14.557,1.28168,1.28157,1.5,1
23.08.2021 00:40:14.658,1.28169,1.28157,1.5,1
23.08.2021 00:40:16.114,1.28169,1.28156,1.5,1
23.08.2021 00:40:17.426,1.28169,1.28155,1.5,2.7
23.08.2021 00:40:25.289,1.28168,1.28155,1.5,2.25
23.08.2021 00:40:26.338,1.28167,1.2815400000000001,1,2.32
23.08.2021 00:40:27.596,1.28163,1.2815200000000002,1,2
23.08.2021 00:40:27.697,1.2816,1.28147,1,4.32
23.08.2021 00:40:27.798,1.2816,1.28147,1,1.1
23.08.2021 00:40:27.900,1.28163,1.2815200000000002,1.57,1
23.08.2021 00:40:28.001,1.28163,1.28153,1,1
23.08.2021 00:40:29.385,1.2816400000000001,1.2815100000000001,1,1
23.08.2021 00:40:34.261,1.28165,1.28153,1,1
23.08.2021 00:40:38.612,1.28165,1.2815400000000001,1.5,1
23.08.2021 00:40:39.166,1.28165,1.2815200000000002,1.5,1.87
23.08.2021 00:40:40.857,1.28165,1.28153,1,1
23.08.2021 00:40:51.680,1.28165,1.2815200000000002,1,1.87
23.08.2021 00:40:51.940,1.2816,1.28149,1.5,3.5
23.08.2021 00:40:52.041,1.2816,1.28147,1,2
23.08.2021 00:40:52.143,1.2816,1.28147,1,1
23.08.2021 00:41:05.557,1.28159,1.28146,1.5,1.5
23.08.2021 00:41:13.204,1.28157,1.28146,1,1.5
23.08.2021 00:41:18.293,1.28158,1.28147,1,1.5
23.08.2021 00:41:22.709,1.28157,1.28146,1,1.5
23.08.2021 00:41:25.525,1.28155,1.28146,1,1
23.08.2021 00:41:27.660,1.2815400000000001,1.28146,1,1.12
23.08.2021 00:41:30.330,1.28153,1.28145,1,1
23.08.2021 00:41:30.381,1.2815200000000002,1.2814200000000002,1,1.5
23.08.2021 00:41:30.431,1.28149,1.28138,1,2
23.08.2021 00:41:30.533,1.2814400000000001,1.28138,1,1.87
23.08.2021 00:41:30.634,1.28146,1.2813700000000001,1,1.12
23.08.2021 00:41:31.593,1.28147,1.2813700000000001,1,1.12
23.08.2021 00:41:32.194,1.28146,1.2813700000000001,1,1.12
23.08.2021 00:41:33.543,1.28146,1.28138,1,1.2
23.08.2021 00:41:33.995,1.28148,1.2813700000000001,1,1.12
23.08.2021 00:41:36.594,1.28146,1.28138,1,1
23.08.2021 00:41:38.513,1.28146,1.28136,1,1
23.08.2021 00:41:38.615,1.2814200000000002,1.2813200000000002,1,1.1
23.08.2021 00:41:38.717,1.2814100000000002,1.2813200000000002,1,1.12
23.08.2021 00:41:38.818,1.28139,1.2813100000000002,1,1
23.08.2021 00:41:39.097,1.2814,1.2813100000000002,1,1
23.08.2021 00:41:39.203,1.2814100000000002,1.2813100000000002,1,1
23.08.2021 00:41:40.816,1.28143,1.28134,1,1
23.08.2021 00:41:40.917,1.2814200000000002,1.2813200000000002,1,2.25
23.08.2021 00:41:41.018,1.2814200000000002,1.2813100000000002,1,1.87
23.08.2021 00:41:43.265,1.2814400000000001,1.2813100000000002,1,1
23.08.2021 00:41:43.396,1.2814200000000002,1.2813200000000002,1,1
23.08.2021 00:41:43.826,1.28143,1.2813,1.5,2.25
23.08.2021 00:41:45.476,1.28145,1.28136,1.2,1
23.08.2021 00:41:45.577,1.28147,1.2813700000000001,1.6,1
23.08.2021 00:41:45.679,1.28148,1.28136,1,1
23.08.2021 00:41:48.291,1.28147,1.28135,1,1
23.08.2021 00:41:48.392,1.28146,1.28135,1,1.5
23.08.2021 00:41:48.543,1.28145,1.28134,1.5,1.5
23.08.2021 00:41:50.758,1.28145,1.28133,1,1
23.08.2021 00:41:51.601,1.28147,1.28135,1,1
23.08.2021 00:41:52.078,1.28148,1.28135,1.5,1.5
23.08.2021 00:41:52.180,1.28149,1.28136,1.5,1
23.08.2021 00:41:57.537,1.28148,1.28135,1,2.25
23.08.2021 00:41:58.351,1.28146,1.28133,1.5,1.12
23.08.2021 00:42:00.794,1.28145,1.28133,1,1
23.08.2021 00:42:00.897,1.2814200000000002,1.2813,1,2
23.08.2021 00:42:00.998,1.2814200000000002,1.2813,1,1.5
23.08.2021 00:42:02.364,1.2814200000000002,1.28129,1.5,2.62
23.08.2021 00:42:04.953,1.28143,1.2813,1.87,1
23.08.2021 00:42:05.125,1.28146,1.28135,1.2,1
23.08.2021 00:42:05.226,1.28147,1.28136,1,2.25
23.08.2021 00:42:05.277,1.28149,1.28136,1.87,2.25
23.08.2021 00:42:31.416,1.28148,1.28136,1,1
23.08.2021 00:42:31.517,1.28148,1.28135,1.5,1.12
23.08.2021 00:42:36.295,1.28143,1.2813200000000002,1,1
23.08.2021 00:42:36.346,1.2814200000000002,1.28129,1,1.6
23.08.2021 00:42:36.447,1.2814100000000002,1.28128,1.5,3.57
23.08.2021 00:42:36.498,1.2814100000000002,1.28128,1.5,3.45
23.08.2021 00:42:45.712,1.2814,1.2812700000000001,1,2.75
23.08.2021 00:42:48.388,1.2814,1.2812700000000001,1,2.62
23.08.2021 00:42:50.233,1.28139,1.2812700000000001,1,1.87
23.08.2021 00:42:56.266,1.2813700000000001,1.28128,1,1
23.08.2021 00:42:58.389,1.2813700000000001,1.2812700000000001,1,1.12
23.08.2021 00:43:00.192,1.28135,1.28126,1,1.12
23.08.2021 00:43:00.499,1.28134,1.28126,1,1
23.08.2021 00:43:05.255,1.2813700000000001,1.28126,1,1.5
23.08.2021 00:43:05.357,1.28139,1.2812700000000001,1.2,1
23.08.2021 00:43:05.458,1.28136,1.28126,1,1.12
23.08.2021 00:43:08.495,1.28134,1.28126,1,1
23.08.2021 00:43:09.637,1.28134,1.28122,1,1
23.08.2021 00:43:10.546,1.28133,1.28122,1,1
23.08.2021 00:43:12.510,1.28133,1.28123,1,1.5
23.08.2021 00:43:14.713,1.28133,1.28122,1.5,1
23.08.2021 00:43:15.012,1.2813200000000002,1.2812000000000001,1,1.12
23.08.2021 00:43:15.064,1.2813,1.2811700000000001,1.5,1.5
23.08.2021 00:43:19.668,1.28128,1.2811700000000001,1.5,1.5
23.08.2021 00:43:22.270,1.28128,1.28116,1,1
23.08.2021 00:43:24.320,1.28125,1.28116,1,1.87
23.08.2021 00:43:24.421,1.28119,1.28109,1.5,2.75
23.08.2021 00:43:24.522,1.28118,1.28109,1,2.75
23.08.2021 00:43:24.850,1.28118,1.28108,1,1
23.08.2021 00:43:24.952,1.28118,1.2810700000000002,1,1
23.08.2021 00:43:25.003,1.2812000000000001,1.2810700000000002,1.5,1
23.08.2021 00:43:25.104,1.2811700000000001,1.28105,1,1
23.08.2021 00:43:25.205,1.2811700000000001,1.28106,1.5,1.5
23.08.2021 00:43:25.307,1.28118,1.28106,1,1
23.08.2021 00:43:25.409,1.28116,1.28105,1,1
23.08.2021 00:43:25.511,1.2811700000000001,1.28105,1,1
23.08.2021 00:43:26.405,1.2811700000000001,1.28104,1.5,1.2
23.08.2021 00:43:26.506,1.28115,1.28104,1,2.75
23.08.2021 00:43:27.435,1.28115,1.28104,1,3.64
23.08.2021 00:43:29.378,1.28114,1.2810100000000002,1.87,3.56
23.08.2021 00:43:29.480,1.2811299999999999,1.2810100000000002,1,1.12
23.08.2021 00:43:29.582,1.2811299999999999,1.2810000000000001,1.5,1
23.08.2021 00:43:29.683,1.2811299999999999,1.28103,1,1
23.08.2021 00:43:29.936,1.2811299999999999,1.2810000000000001,1.5,1.12
23.08.2021 00:43:30.449,1.2811100000000002,1.2810000000000001,1,1
23.08.2021 00:43:31.832,1.2811100000000002,1.28099,1,1
23.08.2021 00:43:32.421,1.28109,1.28098,1,1
23.08.2021 00:43:35.264,1.28109,1.2809700000000002,1,1.69
23.08.2021 00:43:37.234,1.28109,1.28096,1,1.5
23.08.2021 00:43:51.510,1.28105,1.28095,1,1.25
23.08.2021 00:43:51.611,1.28108,1.28096,1,1
23.08.2021 00:44:02.918,1.28106,1.28096,1,1.12
23.08.2021 00:44:04.576,1.28105,1.28096,1,1.12
23.08.2021 00:44:04.627,1.2810000000000001,1.28089,1.87,4.12
23.08.2021 00:44:04.829,1.28099,1.28089,1,1.12
23.08.2021 00:44:06.504,1.2810000000000001,1.2809000000000001,1,1
23.08.2021 00:44:06.644,1.2810000000000001,1.28091,1,1
23.08.2021 00:44:07.586,1.28105,1.28095,1.5,1
23.08.2021 00:44:07.687,1.28106,1.28093,1.62,1
23.08.2021 00:44:07.738,1.28106,1.28096,1.12,1
23.08.2021 00:44:10.125,1.2810700000000002,1.28096,1,1
23.08.2021 00:44:10.229,1.2810700000000002,1.2809700000000002,1,1
23.08.2021 00:44:10.795,1.28108,1.2809700000000002,1,1
23.08.2021 00:44:12.105,1.28108,1.28096,1,1.1
23.08.2021 00:44:12.766,1.2810700000000002,1.2809700000000002,1,1.1
23.08.2021 00:44:13.096,1.28108,1.28096,1,1.1
23.08.2021 00:44:13.628,1.28108,1.28095,1,1.95
23.08.2021 00:44:46.829,1.28102,1.28091,1,1.62
23.08.2021 00:44:46.879,1.2810100000000002,1.28088,1,3.22
23.08.2021 00:44:46.980,1.2810100000000002,1.28088,1,2.47
23.08.2021 00:44:47.361,1.28099,1.28089,1,1.22
23.08.2021 00:44:48.877,1.28099,1.28089,1,1.1
23.08.2021 00:44:49.079,1.28099,1.28088,1.5,1.1
23.08.2021 00:44:50.998,1.2809700000000002,1.28085,1,1.1
23.08.2021 00:44:51.099,1.28096,1.28084,1,1.95
23.08.2021 00:44:51.200,1.2809700000000002,1.28085,1,1.1
23.08.2021 00:44:52.430,1.28096,1.28084,1,1.1
23.08.2021 00:44:53.508,1.2809700000000002,1.28084,1,2.7
23.08.2021 00:44:54.406,1.28095,1.28083,1,1.6
23.08.2021 00:44:54.507,1.28095,1.28083,1,1.1
23.08.2021 00:44:54.899,1.28093,1.2808000000000002,1.5,2.1
23.08.2021 00:44:54.950,1.28092,1.28079,1,1.22
23.08.2021 00:44:55.052,1.28091,1.28079,1,1.2
23.08.2021 00:44:55.102,1.28089,1.2807600000000001,1,2.1
23.08.2021 00:44:55.204,1.2808700000000002,1.2807700000000002,1,1.6
23.08.2021 00:44:55.305,1.28088,1.2807600000000001,1,1.1
23.08.2021 00:44:56.000,1.28088,1.28074,1.5,1.97
23.08.2021 00:44:56.511,1.28085,1.28072,1.5,1.6
23.08.2021 00:44:56.713,1.28085,1.28071,1.5,3.1
23.08.2021 00:44:57.659,1.28085,1.28071,1.5,3.07
23.08.2021 00:44:58.219,1.2808000000000002,1.2807000000000002,2.85,1
23.08.2021 00:44:58.320,1.28074,1.28063,1.5,1.12
23.08.2021 00:44:58.424,1.28074,1.28064,1.5,1
23.08.2021 00:44:59.034,1.28075,1.28061,1.5,1.57
23.08.2021 00:45:00.268,1.28074,1.28062,1.5,1.6
23.08.2021 00:45:01.486,1.2807700000000002,1.28063,1.57,1.5
23.08.2021 00:45:01.537,1.28081,1.28068,3.5,1.1
23.08.2021 00:45:01.588,1.28083,1.28069,2.07,1.1
23.08.2021 00:45:01.689,1.28082,1.2807000000000002,1.57,1.1
23.08.2021 00:45:01.942,1.28082,1.28069,1,1.1
23.08.2021 00:45:02.043,1.28081,1.2807000000000002,1,1.1
23.08.2021 00:45:02.205,1.2808000000000002,1.28069,1,1.1
23.08.2021 00:45:02.255,1.2807700000000002,1.2806700000000002,1,1.1
23.08.2021 00:45:02.785,1.2807700000000002,1.28064,1.5,1.2
23.08.2021 00:45:02.886,1.2807700000000002,1.28063,1.57,1.57
23.08.2021 00:45:05.111,1.28081,1.28068,1.5,1.22
23.08.2021 00:45:05.212,1.28083,1.2807000000000002,1.87,1.1
23.08.2021 00:45:10.034,1.28083,1.2807000000000002,1.5,1.2
23.08.2021 00:45:10.711,1.28083,1.2807000000000002,1.5,1.22
23.08.2021 00:45:11.295,1.28082,1.28069,1,2.1
23.08.2021 00:45:15.811,1.28083,1.2807000000000002,1,1.22
23.08.2021 00:45:21.723,1.28082,1.28069,1.5,1.6
23.08.2021 00:45:21.824,1.2808000000000002,1.28069,1,1.6
23.08.2021 00:45:22.186,1.2807700000000002,1.2806600000000001,1,1.6
23.08.2021 00:45:22.438,1.2807600000000001,1.28064,1,1.22
23.08.2021 00:45:22.940,1.28075,1.28062,1,2.85
23.08.2021 00:45:23.091,1.28074,1.28062,1,1.6
23.08.2021 00:45:23.416,1.28074,1.28063,1,2.1
23.08.2021 00:45:23.568,1.28074,1.28063,1,1.22
23.08.2021 00:45:24.337,1.28072,1.2806,1.5,3.1
23.08.2021 00:45:39.492,1.28071,1.2806,1,1.6
23.08.2021 00:45:39.964,1.2807000000000002,1.28061,1,1.2
23.08.2021 00:45:40.115,1.28069,1.28061,1,1.12
23.08.2021 00:45:41.023,1.28072,1.2806,1,1.2
23.08.2021 00:45:42.529,1.2807000000000002,1.2805900000000001,1,1.5
23.08.2021 00:45:42.681,1.2807000000000002,1.2805900000000001,1,1
23.08.2021 00:45:48.696,1.2807000000000002,1.28058,1,1.1
23.08.2021 00:45:51.114,1.28068,1.2805900000000001,1,1.1
23.08.2021 00:46:03.598,1.28069,1.2805700000000002,1,1.1
23.08.2021 00:46:04.430,1.28068,1.28055,1,1.22
23.08.2021 00:46:05.395,1.28065,1.28055,1,1.85
23.08.2021 00:46:06.118,1.28063,1.28055,1,1
23.08.2021 00:46:06.219,1.28061,1.28048,1,5.17
23.08.2021 00:46:06.320,1.28061,1.2804700000000002,1.5,1.6
23.08.2021 00:46:06.475,1.2806,1.28048,1.5,1.6
23.08.2021 00:46:08.490,1.2806,1.2804700000000002,1,1.6
23.08.2021 00:46:13.691,1.28062,1.2805,1,1.1
23.08.2021 00:46:13.843,1.28062,1.28051,1,1.1
23.08.2021 00:46:13.944,1.28062,1.28048,1,2.1
23.08.2021 00:46:15.773,1.28062,1.28048,1.5,1.5
23.08.2021 00:46:19.603,1.28062,1.28048,1.5,1.97
23.08.2021 00:46:20.721,1.28065,1.28052,1.87,1.3
23.08.2021 00:46:25.788,1.28065,1.28054,1.57,1.1
23.08.2021 00:46:28.117,1.2806600000000001,1.28053,1.5,1.1
23.08.2021 00:46:34.360,1.2806600000000001,1.28053,1,1.1
23.08.2021 00:46:34.563,1.28064,1.28052,1,1.2
23.08.2021 00:46:34.664,1.28063,1.2805,1,1.1
23.08.2021 00:46:35.451,1.2805900000000001,1.28048,1.5,1.97
23.08.2021 00:46:36.006,1.2806,1.2804900000000001,1,1.1
23.08.2021 00:46:38.641,1.28061,1.28048,1,1.6
23.08.2021 00:46:41.397,1.28064,1.28051,1,2.35
23.08.2021 00:46:41.851,1.28063,1.28052,1.12,1.95
23.08.2021 00:46:42.053,1.2806,1.28051,1,1.12
23.08.2021 00:46:42.154,1.28052,1.28044,1,1
23.08.2021 00:46:42.255,1.28052,1.2804,1.5,1.1
23.08.2021 00:46:42.357,1.28048,1.2803700000000002,1,5.42
23.08.2021 00:46:42.508,1.2804900000000001,1.2803600000000002,1,4.97
23.08.2021 00:46:42.609,1.2805,1.28039,1.5,1.1
23.08.2021 00:46:42.710,1.28051,1.28038,1.5,1.1
23.08.2021 00:46:42.862,1.28051,1.28038,1.5,1.1
23.08.2021 00:46:42.912,1.2804600000000002,1.28033,1,2.9
23.08.2021 00:46:43.013,1.28041,1.28033,1,1
23.08.2021 00:46:43.115,1.2804200000000001,1.28029,1.12,2.1
23.08.2021 00:46:43.216,1.28041,1.2803,1.12,1.1
23.08.2021 00:46:43.914,1.28038,1.28029,1,1.1
23.08.2021 00:46:44.217,1.28041,1.2803,1,1.1
23.08.2021 00:46:44.561,1.2804200000000001,1.28028,1.5,2.91
23.08.2021 00:46:44.857,1.2804200000000001,1.28028,1,2.72
23.08.2021 00:46:45.319,1.2803700000000002,1.28028,1,1
23.08.2021 00:46:45.420,1.28034,1.2802700000000002,1,2.94
23.08.2021 00:46:45.471,1.28038,1.2802700000000002,2,1.97
23.08.2021 00:46:45.522,1.28034,1.28024,1,1.1
23.08.2021 00:46:45.673,1.28031,1.28021,1,1.1
23.08.2021 00:46:45.724,1.28034,1.2802,1.5,1.6
23.08.2021 00:46:46.510,1.28034,1.2802,1.5,1.1
23.08.2021 00:46:46.712,1.28029,1.2802,1,1.1
23.08.2021 00:46:47.116,1.28028,1.2802,1,1
23.08.2021 00:46:47.474,1.2802600000000002,1.28021,1,1
23.08.2021 00:46:49.161,1.28034,1.2802,1.5,1.22
23.08.2021 00:46:51.598,1.28029,1.2802,1,1.22
23.08.2021 00:46:51.878,1.28028,1.2802,1,2.7
23.08.2021 00:46:52.376,1.28034,1.2802700000000002,2.75,1.5
23.08.2021 00:46:52.477,1.28035,1.2802700000000002,1,1.57
23.08.2021 00:46:55.558,1.28038,1.28028,1,2.05
23.08.2021 00:46:56.704,1.2803200000000001,1.28023,1,2.07
23.08.2021 00:46:56.805,1.28034,1.28023,1,3.3
23.08.2021 00:46:56.907,1.28029,1.2802200000000001,1,1.6
23.08.2021 00:46:58.433,1.28035,1.2802600000000002,1,3.89
23.08.2021 00:47:01.265,1.28038,1.28028,1,1.2
23.08.2021 00:47:01.366,1.28039,1.2802700000000002,1,1.2
23.08.2021 00:47:01.519,1.28039,1.28028,1,2.92
23.08.2021 00:47:01.570,1.28035,1.2802700000000002,2.51,1.3
23.08.2021 00:47:01.672,1.28029,1.28021,1,1.1
23.08.2021 00:47:01.825,1.28029,1.28019,1,1.22
23.08.2021 00:47:02.113,1.28028,1.2802,1,1.22
23.08.2021 00:47:02.220,1.2802700000000002,1.28019,1,2.7
23.08.2021 00:47:03.906,1.2802600000000002,1.2801600000000002,1,3.97
23.08.2021 00:47:04.008,1.28028,1.28018,1,1.6
23.08.2021 00:47:05.109,1.28029,1.28019,1,1.1
23.08.2021 00:47:05.685,1.2803,1.28023,1,1.75
23.08.2021 00:47:05.736,1.2803200000000001,1.28025,1,1.5
23.08.2021 00:47:05.787,1.28035,1.28024,1,1.6
23.08.2021 00:47:05.888,1.28034,1.28023,1,2.1
23.08.2021 00:47:07.200,1.2803200000000001,1.2802,1,1.6
23.08.2021 00:47:07.301,1.28031,1.28021,1,1.1
23.08.2021 00:47:08.294,1.28029,1.28018,1,1.6
23.08.2021 00:47:08.397,1.2803,1.28017,1,1.57
23.08.2021 00:47:10.331,1.2802600000000002,1.28018,1,1
23.08.2021 00:47:10.543,1.2802700000000002,1.28018,1,1
23.08.2021 00:47:10.843,1.2802700000000002,1.2801600000000002,1.5,1.1
23.08.2021 00:47:10.944,1.2802600000000002,1.28014,1,1.1
23.08.2021 00:47:11.095,1.2802700000000002,1.28014,1.5,1.1
23.08.2021 00:47:11.793,1.2802600000000002,1.2801500000000001,1.87,1.1
23.08.2021 00:47:12.243,1.2802600000000002,1.2801500000000001,1.87,1.1
23.08.2021 00:47:12.906,1.28025,1.2801500000000001,1,1.1
23.08.2021 00:47:14.696,1.2802700000000002,1.28014,1.87,1.6
23.08.2021 00:47:14.804,1.2802600000000002,1.28014,1,1.1
23.08.2021 00:47:16.312,1.28024,1.2801500000000001,1.12,1
23.08.2021 00:47:16.413,1.28017,1.28009,1,1.1
23.08.2021 00:47:16.514,1.28018,1.2800600000000002,1,1.22
23.08.2021 00:47:16.615,1.2801600000000002,1.28007,1,1.22
23.08.2021 00:47:16.767,1.2801600000000002,1.2800500000000001,1.5,1.22
23.08.2021 00:47:17.185,1.28019,1.28007,1,1.22
23.08.2021 00:47:17.337,1.28019,1.2800600000000002,1.5,1.22
23.08.2021 00:47:17.438,1.28018,1.28004,1,2.1
23.08.2021 00:47:18.610,1.28017,1.28004,1,1.22
23.08.2021 00:47:19.464,1.2801600000000002,1.28004,1,1.22
23.08.2021 00:47:26.635,1.2801600000000002,1.2800500000000001,1,1.1
23.08.2021 00:47:42.199,1.28017,1.28004,1,1.22
23.08.2021 00:47:43.599,1.28018,1.2800500000000001,1,1.6
23.08.2021 00:47:43.702,1.2802,1.2801200000000001,1,1.1
23.08.2021 00:47:43.803,1.28024,1.28011,1.7,1.1
23.08.2021 00:47:43.854,1.28023,1.2801200000000001,1.2,1.22
23.08.2021 00:47:43.955,1.28024,1.2801200000000001,1,1.1
23.08.2021 00:47:48.405,1.28023,1.28017,1,1
23.08.2021 00:47:48.506,1.28029,1.2802,1,1.1
23.08.2021 00:47:48.607,1.2803,1.2802,1,1.1
23.08.2021 00:47:48.759,1.2802700000000002,1.28013,1.5,2.85
23.08.2021 00:47:48.911,1.28025,1.2801200000000001,1,2.1
23.08.2021 00:47:50.806,1.2802600000000002,1.2801200000000001,1.5,2.1
23.08.2021 00:47:50.907,1.28024,1.2801200000000001,1,1.6
23.08.2021 00:47:54.938,1.28024,1.2801200000000001,1,1.6
23.08.2021 00:48:02.487,1.28024,1.28011,1.5,3
23.08.2021 00:48:02.589,1.2802,1.2801,1,1.12
23.08.2021 00:48:03.263,1.28019,1.2801,1,1
23.08.2021 00:48:03.365,1.2801500000000001,1.2800200000000002,3,1.87
23.08.2021 00:48:03.517,1.28011,1.27999,1,1.1
23.08.2021 00:48:03.670,1.2801200000000001,1.27999,1.5,1.1
23.08.2021 00:48:03.821,1.2801200000000001,1.27999,2,1.1
23.08.2021 00:48:05.178,1.2801,1.27998,1.5,2.72
23.08.2021 00:48:21.877,1.28009,1.27998,1,1.1
23.08.2021 00:48:21.928,1.2801,1.27998,1.87,2.35
23.08.2021 00:48:23.027,1.28007,1.2799500000000001,1.12,1.1
23.08.2021 00:48:23.128,1.28007,1.27994,1.12,2.32
23.08.2021 00:48:23.229,1.2800500000000001,1.27994,1.25,1
23.08.2021 00:48:23.280,1.2800200000000002,1.27991,1,2.72
23.08.2021 00:48:23.330,1.28,1.27989,1,1.6
23.08.2021 00:48:23.432,1.28,1.27989,1,1.6
23.08.2021 00:48:23.592,1.27999,1.27987,1,1.41
23.08.2021 00:48:23.693,1.27999,1.27987,1,1.41
23.08.2021 00:48:23.829,1.2799600000000002,1.27984,1,1.6
23.08.2021 00:48:23.930,1.2799500000000001,1.2798500000000002,1,1.57
23.08.2021 00:48:23.981,1.27994,1.2798200000000002,1,1.1
23.08.2021 00:48:24.183,1.2799500000000001,1.2798100000000001,1.5,2.35
23.08.2021 00:48:24.334,1.27993,1.2798200000000002,1.12,1.1
23.08.2021 00:48:24.435,1.27993,1.2798,1,1.1
23.08.2021 00:48:24.645,1.27994,1.2798,1.87,1.97
23.08.2021 00:48:24.753,1.27994,1.2798,1.87,1.97
23.08.2021 00:48:24.861,1.27994,1.2798,1.87,1.97
23.08.2021 00:48:28.554,1.27993,1.2798,1,1.22
23.08.2021 00:48:28.803,1.27986,1.27976,1,2.29
23.08.2021 00:48:28.905,1.27987,1.27976,1,1.6
23.08.2021 00:48:29.008,1.27988,1.2797500000000002,1.5,1.1
23.08.2021 00:48:29.359,1.27991,1.27978,2.82,1.1
23.08.2021 00:48:29.461,1.27991,1.27979,1.1,1.1
23.08.2021 00:48:29.513,1.2799200000000002,1.27979,1.87,1.1
23.08.2021 00:48:31.130,1.27988,1.27977,1,1.2
23.08.2021 00:48:31.282,1.27988,1.2797500000000002,1.12,1.57
23.08.2021 00:48:31.434,1.27987,1.2797500000000002,1,1
23.08.2021 00:48:31.535,1.27987,1.27974,1,1.39
23.08.2021 00:48:31.586,1.27986,1.2798100000000001,1,1
23.08.2021 00:48:31.687,1.27993,1.2798100000000001,1.5,1
23.08.2021 00:48:31.788,1.27993,1.2798100000000001,1,1
23.08.2021 00:48:32.504,1.2799,1.2798100000000001,1,1.1
23.08.2021 00:48:32.841,1.27991,1.2798,1,1.1
23.08.2021 00:48:36.740,1.2799500000000001,1.27987,1.1,1.97
23.08.2021 00:48:36.841,1.27999,1.27989,1,1.35
23.08.2021 00:48:36.942,1.28,1.2799,1.2,1.85
23.08.2021 00:48:37.905,1.2800500000000001,1.27994,1,2.6
23.08.2021 00:48:38.007,1.2800600000000002,1.2799500000000001,1,1.35
23.08.2021 00:48:38.108,1.28007,1.2799600000000002,1,1.35
23.08.2021 00:48:40.505,1.2800799999999999,1.2799600000000002,1,1.47
23.08.2021 00:48:42.225,1.2800799999999999,1.28,1,2.6
23.08.2021 00:48:43.246,1.2801,1.27999,1,1.47
23.08.2021 00:48:43.823,1.2801,1.27999,1,1.47
23.08.2021 00:48:44.226,1.2800799999999999,1.28,1,1.47
23.08.2021 00:48:45.871,1.2800600000000002,1.27997,1,1.97
23.08.2021 00:48:46.023,1.28007,1.2799600000000002,1,1.85
23.08.2021 00:48:46.261,1.2800799999999999,1.2799600000000002,1,1.91
23.08.2021 00:48:46.412,1.2800600000000002,1.2799500000000001,1,1.9
23.08.2021 00:48:46.564,1.2800500000000001,1.2799200000000002,1,9.1
23.08.2021 00:48:46.665,1.2800500000000001,1.2799200000000002,1,7.6
23.08.2021 00:48:48.997,1.2800500000000001,1.2799200000000002,1,3.79
23.08.2021 00:48:49.666,1.28004,1.2799200000000002,1,2.85
23.08.2021 00:48:49.768,1.28003,1.2799200000000002,1,2.1
23.08.2021 00:48:57.926,1.28003,1.2799,1,2.29
23.08.2021 00:48:58.027,1.28001,1.2799,1,1.22
23.08.2021 00:49:00.567,1.28,1.2799,1,1
23.08.2021 00:49:00.669,1.27998,1.27988,1,2.85
23.08.2021 00:49:00.820,1.27999,1.27987,1,2.72
23.08.2021 00:49:02.039,1.27997,1.2798500000000002,1,4.97
23.08.2021 00:49:03.588,1.2799600000000002,1.27984,1,1.97
23.08.2021 00:49:03.690,1.2799600000000002,1.27983,1,2.1
23.08.2021 00:49:04.172,1.2799500000000001,1.27983,1,1.22
23.08.2021 00:49:04.391,1.2799500000000001,1.27983,1,1.22
23.08.2021 00:49:04.492,1.27994,1.27983,1,1.22
23.08.2021 00:49:06.178,1.27993,1.27983,1,1.35
23.08.2021 00:49:06.815,1.2799500000000001,1.27984,1,1.1
23.08.2021 00:49:11.178,1.27999,1.27989,1.72,1
23.08.2021 00:49:11.229,1.2800200000000002,1.27988,1.5,1.57
23.08.2021 00:49:11.331,1.2800200000000002,1.27989,1,1.1
23.08.2021 00:49:11.432,1.28001,1.27993,1,1
23.08.2021 00:49:11.483,1.2800500000000001,1.2799200000000002,1.5,1.1
23.08.2021 00:49:12.034,1.28009,1.2799600000000002,1.12,1.01
23.08.2021 00:49:12.136,1.28009,1.28,1.1,2.51
23.08.2021 00:49:12.237,1.2801200000000001,1.27999,1,1.57
23.08.2021 00:49:13.915,1.2801200000000001,1.2800200000000002,1,1
23.08.2021 00:49:13.965,1.2801600000000002,1.28004,1.57,1.1
23.08.2021 00:49:14.066,1.28019,1.2800600000000002,1.5,1.35
23.08.2021 00:49:14.167,1.2802,1.2800600000000002,1,1.79
23.08.2021 00:49:17.586,1.28019,1.2800799999999999,1,1.1
23.08.2021 00:49:20.383,1.28018,1.2800600000000002,1,1.2
23.08.2021 00:49:21.551,1.28017,1.2800500000000001,1,1.57
23.08.2021 00:49:22.651,1.28017,1.2800600000000002,1.5,1.1
23.08.2021 00:49:32.838,1.28019,1.28007,1,1.1
23.08.2021 00:49:32.956,1.28019,1.2800600000000002,1.5,1.1
23.08.2021 00:49:34.622,1.2801500000000001,1.2800600000000002,1,1.1
23.08.2021 00:49:39.412,1.28014,1.28007,1,1.1
23.08.2021 00:49:39.513,1.2801600000000002,1.28009,1,1.1
23.08.2021 00:49:42.931,1.28021,1.28013,1,1
23.08.2021 00:49:42.982,1.28024,1.2801500000000001,1,1
23.08.2021 00:49:43.285,1.28025,1.2801500000000001,1,1.1
23.08.2021 00:49:43.498,1.28025,1.2801500000000001,1,1.1
23.08.2021 00:49:45.052,1.28025,1.2801500000000001,1,1
23.08.2021 00:49:51.114,1.28025,1.2801600000000002,1,1
23.08.2021 00:49:53.056,1.2802600000000002,1.2801600000000002,1,1
23.08.2021 00:49:53.180,1.2802700000000002,1.2801600000000002,1,1
23.08.2021 00:49:53.781,1.28025,1.2801500000000001,1,1
23.08.2021 00:49:57.696,1.28025,1.2801600000000002,1,1
23.08.2021 00:49:58.912,1.2802600000000002,1.2801600000000002,1,1
23.08.2021 00:49:59.074,1.28031,1.28019,1,1
23.08.2021 00:49:59.175,1.2803200000000001,1.2802,1.2,1
23.08.2021 00:49:59.277,1.28029,1.28017,1,1
23.08.2021 00:49:59.630,1.28028,1.28017,1,1
23.08.2021 00:50:01.140,1.28029,1.28018,1,1
23.08.2021 00:50:03.243,1.28031,1.28019,1,1
23.08.2021 00:50:03.355,1.28031,1.28018,1.5,1.12
23.08.2021 00:50:05.703,1.28029,1.28019,1,1
23.08.2021 00:50:09.696,1.28028,1.28019,1,1
23.08.2021 00:50:10.576,1.28029,1.2801600000000002,1,1.6
23.08.2021 00:50:12.871,1.28029,1.2801600000000002,1,1.1
23.08.2021 00:50:13.542,1.2802700000000002,1.28014,1.5,1.6
23.08.2021 00:50:13.693,1.2802700000000002,1.28014,1.5,1.1
23.08.2021 00:50:14.279,1.2802600000000002,1.28014,1,1.1
23.08.2021 00:50:14.733,1.2802700000000002,1.28014,1.5,1.1
23.08.2021 00:50:16.140,1.2802600000000002,1.28014,1,1.1
23.08.2021 00:50:16.298,1.2802200000000001,1.2801200000000001,1.5,1.1
23.08.2021 00:50:16.399,1.28021,1.28011,1,1.1
23.08.2021 00:50:16.753,1.2802,1.28009,1,1.22
23.08.2021 00:50:17.197,1.28021,1.2800799999999999,1,1.2
23.08.2021 00:50:18.342,1.28021,1.28009,1.5,1.95
23.08.2021 00:50:23.453,1.2802200000000001,1.2800799999999999,1.5,1.22
23.08.2021 00:50:23.928,1.28021,1.2800799999999999,1,1.22
23.08.2021 00:50:24.181,1.2802,1.28009,1.5,1.2
23.08.2021 00:50:32.115,1.28019,1.2800799999999999,1.5,1.12
23.08.2021 00:50:33.585,1.28021,1.2801,1.57,1
23.08.2021 00:50:35.365,1.28017,1.28009,1,1
23.08.2021 00:50:40.563,1.28018,1.28009,1,1
23.08.2021 00:50:41.346,1.2802200000000001,1.28013,1,1
23.08.2021 00:50:41.549,1.28014,1.28007,1,1
23.08.2021 00:50:41.600,1.2801200000000001,1.28001,1,1.5
23.08.2021 00:50:41.752,1.2800799999999999,1.27999,1,1
23.08.2021 00:50:44.202,1.2800799999999999,1.28,1,1.57
23.08.2021 00:50:45.710,1.2800799999999999,1.28,1,1.6
23.08.2021 00:50:46.463,1.28013,1.2800200000000002,1,1.5
23.08.2021 00:50:46.732,1.28009,1.28001,1,1.5
23.08.2021 00:50:46.834,1.28013,1.28003,1.5,1.57
23.08.2021 00:50:46.885,1.28013,1.2800600000000002,1,1
23.08.2021 00:50:47.224,1.28014,1.2800600000000002,1,1.5
23.08.2021 00:50:47.275,1.2801600000000002,1.2800600000000002,1,1.57
23.08.2021 00:50:47.983,1.2801500000000001,1.2800600000000002,1,1.57
23.08.2021 00:50:50.795,1.28014,1.2800799999999999,1,1.5
23.08.2021 00:50:50.997,1.28014,1.28007,1,1.57
23.08.2021 00:50:52.079,1.28014,1.2800799999999999,1,1.5
23.08.2021 00:50:52.231,1.2801500000000001,1.2800600000000002,1,1.57
23.08.2021 00:50:52.332,1.28014,1.2800799999999999,1,1.5
23.08.2021 00:50:53.400,1.28019,1.2800799999999999,1,1.5
23.08.2021 00:50:53.501,1.28018,1.2801,1,1.5
23.08.2021 00:50:53.652,1.28019,1.2800799999999999,1,1.87
23.08.2021 00:50:53.753,1.28019,1.28009,1,1.5
23.08.2021 00:50:54.329,1.28019,1.2800799999999999,1,1.5
23.08.2021 00:50:54.911,1.28018,1.2801,1,1.5
23.08.2021 00:50:55.013,1.28018,1.28009,1,1.5
23.08.2021 00:50:55.523,1.2801500000000001,1.28007,1,1.12
23.08.2021 00:50:55.624,1.2801500000000001,1.2800600000000002,1,1.1
23.08.2021 00:50:55.953,1.2801500000000001,1.2800600000000002,1,1.6
23.08.2021 00:50:56.155,1.2801500000000001,1.2800500000000001,1,2.7
23.08.2021 00:50:58.405,1.2801500000000001,1.28007,1,1
23.08.2021 00:50:58.456,1.2801500000000001,1.2800500000000001,1,3.07
23.08.2021 00:50:58.659,1.28011,1.28003,1,1.1
23.08.2021 00:50:58.760,1.28011,1.28001,1,1.95
23.08.2021 00:50:58.861,1.28011,1.2800200000000002,1,1.5
23.08.2021 00:50:59.603,1.28011,1.28003,1,1.5
23.08.2021 00:50:59.654,1.28013,1.28004,1,1.5
23.08.2021 00:50:59.755,1.28014,1.2800500000000001,1,1.5
23.08.2021 00:50:59.906,1.28014,1.28004,1,2.32
23.08.2021 00:51:00.008,1.28017,1.28007,1,1
23.08.2021 00:51:00.109,1.28017,1.2800799999999999,1,1.57
23.08.2021 00:51:00.211,1.2801500000000001,1.2800799999999999,1,1.57
23.08.2021 00:51:00.312,1.28014,1.2800799999999999,1,1.5
23.08.2021 00:51:00.413,1.2801500000000001,1.2800600000000002,1,1.95
23.08.2021 00:51:03.471,1.2801600000000002,1.2800600000000002,1,1.95
23.08.2021 00:51:03.936,1.2801600000000002,1.28007,1,1
23.08.2021 00:51:06.150,1.2801600000000002,1.2800600000000002,1,1.95
23.08.2021 00:51:08.778,1.28014,1.2800600000000002,1,1.1
23.08.2021 00:51:11.041,1.2801500000000001,1.2800600000000002,1,1
23.08.2021 00:51:14.935,1.2801500000000001,1.28007,1,1
23.08.2021 00:51:16.988,1.2801500000000001,1.2800600000000002,1,1.5
23.08.2021 00:51:17.531,1.28014,1.2800600000000002,1,2.32
23.08.2021 00:51:18.342,1.2801500000000001,1.2800600000000002,1,1.5
23.08.2021 00:51:19.058,1.28014,1.2800600000000002,1,2.32
23.08.2021 00:51:19.314,1.2801500000000001,1.2800600000000002,1,1
23.08.2021 00:51:19.465,1.2801500000000001,1.2800500000000001,1,2.32
23.08.2021 00:51:19.612,1.28014,1.28007,1,1.5
23.08.2021 00:51:19.872,1.2801500000000001,1.2800500000000001,1,2.32
23.08.2021 00:51:20.023,1.2801500000000001,1.2800600000000002,1,1.5
23.08.2021 00:51:20.548,1.2801500000000001,1.2800500000000001,1,2.32
23.08.2021 00:51:20.849,1.2801500000000001,1.2800600000000002,1,1
23.08.2021 00:51:20.955,1.2801500000000001,1.28007,1,1.5
23.08.2021 00:51:24.081,1.28018,1.2800799999999999,1,1.5
23.08.2021 00:51:24.131,1.2801600000000002,1.2800799999999999,1,1.5
23.08.2021 00:51:24.464,1.2801600000000002,1.28007,1,1.5
23.08.2021 00:51:24.878,1.2801600000000002,1.2800799999999999,1,1.5
23.08.2021 00:51:28.227,1.2801600000000002,1.2801,1,1.5
23.08.2021 00:51:28.278,1.28019,1.28009,1,1.5
23.08.2021 00:51:28.329,1.28023,1.2801500000000001,1.2,1.5
23.08.2021 00:51:28.430,1.28025,1.2801500000000001,1.5,1
23.08.2021 00:51:28.531,1.28025,1.2801600000000002,1,1.57
23.08.2021 00:51:32.645,1.28025,1.28014,1,1.2
23.08.2021 00:51:34.197,1.2802700000000002,1.28014,1,4.22
23.08.2021 00:51:34.298,1.2802600000000002,1.28014,1,2.72
23.08.2021 00:51:37.139,1.28025,1.28014,1,2.72
23.08.2021 00:51:40.441,1.28025,1.28014,1,2.32
23.08.2021 00:51:40.959,1.28025,1.28013,1,1.2
23.08.2021 00:51:43.082,1.28024,1.2801200000000001,1,1.2
23.08.2021 00:51:44.074,1.28021,1.28011,1,1.1
23.08.2021 00:51:44.125,1.28019,1.2801,1,1.2
23.08.2021 00:51:44.226,1.28019,1.2800799999999999,1,2.07
23.08.2021 00:51:44.609,1.28019,1.2800799999999999,1,1.57
23.08.2021 00:51:49.617,1.28018,1.2800799999999999,1,1.1
23.08.2021 00:51:51.787,1.28018,1.28009,1,1
23.08.2021 00:51:51.838,1.28021,1.28011,1,2.72
23.08.2021 00:51:51.940,1.2802200000000001,1.28013,1,1.1
23.08.2021 00:51:52.042,1.28024,1.28013,1,2.32
23.08.2021 00:51:52.143,1.28024,1.28014,1,1.5
23.08.2021 00:51:52.245,1.28023,1.28014,1,1.1
23.08.2021 00:51:53.531,1.28023,1.2801500000000001,1,1.57
23.08.2021 00:51:54.422,1.28024,1.2801500000000001,1,2.32
23.08.2021 00:52:00.246,1.28023,1.28013,1,1
23.08.2021 00:52:00.910,1.28025,1.28013,1,1
23.08.2021 00:52:04.589,1.28024,1.2801500000000001,1,1.1
23.08.2021 00:52:04.690,1.2802600000000002,1.28013,1.5,1.2
23.08.2021 00:52:08.084,1.2802600000000002,1.28014,1.5,1.5
23.08.2021 00:52:09.271,1.2802600000000002,1.2801500000000001,1.5,1
23.08.2021 00:52:10.022,1.28025,1.2801500000000001,1,2.25
23.08.2021 00:52:12.232,1.2802700000000002,1.28014,1,1
23.08.2021 00:52:16.251,1.2802600000000002,1.28014,1,1
23.08.2021 00:52:21.856,1.2802700000000002,1.28014,1,1
23.08.2021 00:52:36.775,1.28029,1.2801600000000002,1.87,1
23.08.2021 00:52:36.876,1.28028,1.2801600000000002,1,1
23.08.2021 00:52:36.977,1.28031,1.2802,3.95,1
23.08.2021 00:52:37.078,1.2803200000000001,1.28021,2.1,1
23.08.2021 00:52:37.179,1.28033,1.2802,1.5,1
23.08.2021 00:52:40.120,1.2803200000000001,1.2802200000000001,1,2.25
23.08.2021 00:52:40.524,1.28029,1.2802,1,1
23.08.2021 00:52:40.575,1.2803200000000001,1.2802200000000001,1.62,1
23.08.2021 00:52:40.695,1.28033,1.28021,1,1
23.08.2021 00:52:40.796,1.28033,1.2802,1.5,1.1
23.08.2021 00:52:40.967,1.2803200000000001,1.2802200000000001,1,1
23.08.2021 00:52:41.641,1.28034,1.28024,1.5,1
23.08.2021 00:52:41.742,1.28034,1.28024,1,1
23.08.2021 00:52:45.297,1.28034,1.28025,1,1.5
23.08.2021 00:52:45.399,1.28035,1.28023,1,2.25
23.08.2021 00:52:45.732,1.2803600000000002,1.28023,1.5,1.5
23.08.2021 00:52:46.190,1.28034,1.28021,1,1.57
23.08.2021 00:52:47.495,1.28034,1.2802200000000001,1,1.5
23.08.2021 00:52:47.697,1.28034,1.28021,1,3.07
23.08.2021 00:52:47.799,1.28034,1.2802200000000001,1,1.5
23.08.2021 00:52:48.102,1.28033,1.28024,1,1.5
23.08.2021 00:52:48.204,1.28033,1.28023,1,1.57
23.08.2021 00:52:48.329,1.28033,1.28024,1,1.5
23.08.2021 00:52:48.650,1.28034,1.2802200000000001,1,1.57
23.08.2021 00:52:49.018,1.28034,1.28021,1,3.07
23.08.2021 00:52:49.612,1.28033,1.28023,1,1.5
23.08.2021 00:52:49.713,1.28035,1.28023,1,1.5
23.08.2021 00:52:49.815,1.2803600000000002,1.28023,1.5,1.5
23.08.2021 00:52:49.969,1.28035,1.28023,1.5,3.07
23.08.2021 00:52:50.184,1.2803600000000002,1.2802200000000001,1.5,3.1
23.08.2021 00:52:51.775,1.2803600000000002,1.28025,1.5,1.5
23.08.2021 00:52:51.877,1.28041,1.2803,1.72,1
23.08.2021 00:52:51.978,1.2804,1.2803200000000001,1,1
23.08.2021 00:52:52.029,1.2804200000000001,1.28031,1.69,2.32
23.08.2021 00:52:52.952,1.2804200000000001,1.28029,1,1.6
23.08.2021 00:52:56.941,1.2803600000000002,1.2802700000000002,1,1.2
23.08.2021 00:52:57.602,1.2803700000000002,1.28024,1.5,1.6
23.08.2021 00:52:57.703,1.2803600000000002,1.28024,1,1.57
23.08.2021 00:52:58.038,1.28035,1.28024,1,3.85
23.08.2021 00:52:58.139,1.2803700000000002,1.2802600000000002,1,1.5
23.08.2021 00:52:59.047,1.2803700000000002,1.28025,1,1.57
23.08.2021 00:53:00.183,1.28035,1.28024,1.5,1.6
23.08.2021 00:53:00.284,1.28034,1.28023,1,1.57
23.08.2021 00:53:00.386,1.28033,1.2802200000000001,1,1.1
23.08.2021 00:53:03.578,1.28034,1.2802,1.5,3.1
23.08.2021 00:53:08.491,1.28034,1.2802200000000001,1.5,1.5
23.08.2021 00:53:10.139,1.28034,1.28023,1,1.5
23.08.2021 00:53:10.240,1.28038,1.2802600000000002,1.5,1.5
23.08.2021 00:53:10.341,1.28038,1.2802700000000002,1.5,1.5
23.08.2021 00:53:10.443,1.28039,1.28029,1,1
23.08.2021 00:53:10.493,1.28041,1.28029,1,1
23.08.2021 00:53:10.595,1.2804200000000001,1.28029,1.5,1.57
23.08.2021 00:53:12.659,1.2804200000000001,1.2803,1,1.5
23.08.2021 00:53:12.822,1.2804200000000001,1.28029,1,3.07
23.08.2021 00:53:13.590,1.2804200000000001,1.2803,1,1
23.08.2021 00:53:14.377,1.2804200000000001,1.28029,1,3.07
23.08.2021 00:53:14.492,1.2804200000000001,1.2803,1,2.25
23.08.2021 00:53:14.593,1.2804200000000001,1.28031,1,1
23.08.2021 00:53:14.695,1.28041,1.28033,1,1.5
23.08.2021 00:53:15.129,1.2804200000000001,1.28031,1,1.5
23.08.2021 00:53:15.277,1.28044,1.28031,1,2.25
23.08.2021 00:53:15.327,1.28045,1.28033,1,1.5
23.08.2021 00:53:15.429,1.2804600000000002,1.28038,1,1
23.08.2021 00:53:15.480,1.2805,1.2803700000000002,1,2.51
23.08.2021 00:53:15.581,1.28051,1.28038,1,1.1
23.08.2021 00:53:16.530,1.2805,1.28038,1,2.51
23.08.2021 00:53:16.631,1.28051,1.28038,1,1
23.08.2021 00:53:17.116,1.28051,1.28039,1,1.25
23.08.2021 00:53:17.217,1.28051,1.28038,1,1.01
23.08.2021 00:53:18.047,1.2805,1.28039,1,2.57
23.08.2021 00:53:18.148,1.28051,1.28038,1,1.01
23.08.2021 00:53:20.924,1.28051,1.28039,1,1
23.08.2021 00:53:21.297,1.28051,1.28038,1,1.01
23.08.2021 00:53:21.398,1.28051,1.28039,1,1.69
23.08.2021 00:53:22.262,1.2805,1.28039,1.5,1.76
23.08.2021 00:53:25.475,1.28051,1.28038,1.5,4.07
23.08.2021 00:53:25.879,1.28051,1.28038,1.5,1.01
23.08.2021 00:53:31.063,1.28051,1.28039,1.5,1.5
23.08.2021 00:53:31.113,1.2805,1.2804200000000001,1.25,1.35
23.08.2021 00:53:31.215,1.28054,1.2804600000000002,1,2.25
23.08.2021 00:53:31.265,1.2805600000000001,1.2804600000000002,1,1
23.08.2021 00:53:31.316,1.28058,1.2804700000000002,1,1.1
23.08.2021 00:53:36.769,1.2805900000000001,1.2804700000000002,1,1.75
23.08.2021 00:53:36.870,1.2806,1.2804700000000002,1,1.82
23.08.2021 00:53:37.365,1.2805900000000001,1.2804900000000001,1,1
23.08.2021 00:53:37.466,1.28058,1.2804900000000001,1,1.69
23.08.2021 00:53:38.139,1.2805900000000001,1.2804700000000002,1,1
23.08.2021 00:53:38.790,1.2805900000000001,1.28048,1,1.5
23.08.2021 00:53:39.358,1.2805900000000001,1.2804700000000002,1,2.51
23.08.2021 00:53:39.661,1.2805900000000001,1.28048,1,1.5
23.08.2021 00:53:41.701,1.2805900000000001,1.2804700000000002,1,2.51
23.08.2021 00:53:43.715,1.2805900000000001,1.28048,1,1
23.08.2021 00:53:43.816,1.28058,1.28048,1,1
23.08.2021 00:53:44.565,1.28054,1.28045,1,3.75
23.08.2021 00:53:44.666,1.28054,1.28044,1,3.75
