Gmt time,Ask,Bid,AskVolume,BidVolume
02.08.2021 00:00:00.159,0.9060200000000002,0.90595,1,1
02.08.2021 00:00:00.684,0.90603,0.90595,1,1
02.08.2021 00:00:00.951,0.90603,0.9059200000000002,1,1.35
02.08.2021 00:00:05.053,0.90603,0.90595,1,1
02.08.2021 00:00:05.768,0.90604,0.90595,1.12,1
02.08.2021 00:00:06.172,0.90604,0.9059600000000001,1,1
02.08.2021 00:00:08.608,0.90604,0.90595,1,1
02.08.2021 00:00:12.142,0.90604,0.90595,1.5,1
02.08.2021 00:00:15.377,0.90605,0.90598,1,1
02.08.2021 00:00:15.530,0.9060700000000002,0.90598,1,1.1
02.08.2021 00:00:15.580,0.90608,0.9060200000000002,1.25,1
02.08.2021 00:00:19.680,0.9061,0.90603,1,1
02.08.2021 00:00:25.890,0.9061100000000001,0.90603,1,1
02.08.2021 00:00:45.354,0.90608,0.9060200000000002,1,1
02.08.2021 00:00:45.507,0.90608,0.906,1,1
02.08.2021 00:00:51.203,0.90608,0.9060100000000001,1,1
02.08.2021 00:00:51.977,0.90608,0.9060200000000002,1,1
02.08.2021 00:00:56.311,0.9060900000000001,0.90603,1,1
02.08.2021 00:01:00.410,0.9061100000000001,0.90604,1.12,1
02.08.2021 00:01:01.347,0.9061400000000001,0.90608,1,1
02.08.2021 00:01:01.448,0.90615,0.9061,1,1
02.08.2021 00:01:04.420,0.9061400000000001,0.90604,1,1.41
02.08.2021 00:01:04.471,0.9061600000000001,0.9060900000000001,1,1
02.08.2021 00:01:22.986,0.9061700000000001,0.9061100000000001,1,1
02.08.2021 00:01:23.087,0.9061700000000001,0.9061200000000001,1,1
02.08.2021 00:01:28.602,0.9062100000000001,0.9061100000000001,1.12,1
02.08.2021 00:01:31.103,0.9062,0.9061100000000001,1.12,1
02.08.2021 00:01:38.165,0.9062,0.9061200000000001,1,1
02.08.2021 00:01:38.976,0.90625,0.90618,1.25,1
02.08.2021 00:01:39.078,0.9062600000000001,0.9062,1,1
02.08.2021 00:01:39.179,0.9062700000000001,0.9062,1.31,1
02.08.2021 00:01:41.057,0.90628,0.9062,1,1
02.08.2021 00:01:41.158,0.90629,0.9062,1.5,1
02.08.2021 00:01:41.557,0.90629,0.9062,1.62,1
02.08.2021 00:01:44.224,0.90628,0.9062100000000001,1.5,1
02.08.2021 00:01:49.928,0.9062700000000001,0.9062,1.12,1
02.08.2021 00:01:55.480,0.90624,0.9061600000000001,1.12,1
02.08.2021 00:01:55.581,0.90623,0.9061600000000001,1.12,1
02.08.2021 00:01:57.314,0.90624,0.9061700000000001,1,1
02.08.2021 00:01:58.683,0.90619,0.90613,1.12,1
02.08.2021 00:01:58.784,0.90618,0.9061200000000001,1.12,1
02.08.2021 00:01:58.885,0.90619,0.9061,1.12,1
02.08.2021 00:02:11.294,0.9061700000000001,0.9061,1,1
02.08.2021 00:02:16.882,0.9061700000000001,0.9060900000000001,1.12,1
02.08.2021 00:02:23.496,0.9061600000000001,0.90608,1.12,1
02.08.2021 00:02:23.598,0.90613,0.90604,1.87,1.5
02.08.2021 00:02:23.648,0.9061200000000001,0.90603,1.5,1.1
02.08.2021 00:02:31.689,0.9061200000000001,0.9060200000000002,1.62,1
02.08.2021 00:02:33.027,0.9061200000000001,0.9060100000000001,1.62,1
02.08.2021 00:02:35.992,0.9061,0.90603,1.12,1
02.08.2021 00:03:03.790,0.9061100000000001,0.9060100000000001,1.5,1.01
02.08.2021 00:03:04.935,0.9061100000000001,0.9060100000000001,1.87,1.01
02.08.2021 00:03:31.429,0.9061100000000001,0.9060200000000002,1.12,1.1
02.08.2021 00:03:31.530,0.9061600000000001,0.9060700000000002,2.75,1.01
02.08.2021 00:03:31.581,0.9061600000000001,0.9060600000000001,3,3.35
02.08.2021 00:03:31.682,0.9061600000000001,0.90608,1,1
02.08.2021 00:03:32.015,0.9061600000000001,0.9060600000000001,1,1.76
02.08.2021 00:03:44.854,0.9061600000000001,0.9060600000000001,1,1.79
02.08.2021 00:03:45.298,0.9061700000000001,0.9060700000000002,1,1.79
02.08.2021 00:03:51.350,0.90618,0.90608,1,1.76
02.08.2021 00:03:58.201,0.90618,0.90608,1,1.82
02.08.2021 00:03:59.083,0.90619,0.9060700000000002,1,1.76
02.08.2021 00:03:59.828,0.90618,0.90608,1,2.57
02.08.2021 00:03:59.929,0.90618,0.90608,1,1.76
02.08.2021 00:04:01.435,0.9061700000000001,0.90608,1,1.01
02.08.2021 00:04:01.537,0.9061600000000001,0.9060700000000002,1,1.57
02.08.2021 00:04:01.639,0.9061400000000001,0.90604,2.25,1.6
02.08.2021 00:04:01.740,0.9061200000000001,0.90603,1,3.29
02.08.2021 00:04:01.942,0.9061100000000001,0.90603,1,2.54
02.08.2021 00:04:08.098,0.9061100000000001,0.9060200000000002,1.5,1.76
02.08.2021 00:04:08.452,0.9061100000000001,0.9060100000000001,1.5,1.1
02.08.2021 00:04:11.379,0.9061100000000001,0.9060100000000001,1.5,2.16
02.08.2021 00:04:13.308,0.9061100000000001,0.9060100000000001,1.5,2.14
02.08.2021 00:04:53.199,0.9061100000000001,0.9060100000000001,1,1.35
02.08.2021 00:04:54.241,0.9061100000000001,0.9060100000000001,1,1.01
02.08.2021 00:04:55.560,0.9061100000000001,0.9060100000000001,1,1.35
02.08.2021 00:04:57.922,0.9061100000000001,0.9060100000000001,1,1.01
02.08.2021 00:04:59.142,0.9061100000000001,0.9060100000000001,1,1.35
02.08.2021 00:05:00.462,0.9061200000000001,0.906,1,1.01
02.08.2021 00:05:02.123,0.9061100000000001,0.9060100000000001,1,1.79
02.08.2021 00:05:11.287,0.9061100000000001,0.9060100000000001,1,1.01
02.08.2021 00:05:11.489,0.9061100000000001,0.90603,1,1
02.08.2021 00:05:46.439,0.90615,0.9060600000000001,1,1.35
02.08.2021 00:05:46.540,0.90618,0.9061200000000001,1.5,1
02.08.2021 00:05:46.642,0.90618,0.90613,1,1
02.08.2021 00:05:46.743,0.90618,0.9061200000000001,1,1
02.08.2021 00:05:49.557,0.90618,0.9061100000000001,1,1
02.08.2021 00:05:56.181,0.90618,0.9061200000000001,1,1
02.08.2021 00:06:47.027,0.9062200000000001,0.9061600000000001,1.69,1
02.08.2021 00:06:47.078,0.90624,0.9061600000000001,1.25,1.5
02.08.2021 00:06:47.129,0.90625,0.9061700000000001,1,1
02.08.2021 00:06:47.231,0.9062600000000001,0.90618,1.12,1
02.08.2021 00:06:47.927,0.9062600000000001,0.90619,1,1
02.08.2021 00:06:48.029,0.90628,0.90618,1,1
02.08.2021 00:06:48.382,0.90628,0.90619,1,1
02.08.2021 00:06:51.037,0.90628,0.9062,1,1
02.08.2021 00:06:51.139,0.9062700000000001,0.9062,1,1
02.08.2021 00:06:53.948,0.9062700000000001,0.9062100000000001,1,1
02.08.2021 00:06:55.443,0.90628,0.9062100000000001,1,1
02.08.2021 00:07:00.019,0.90629,0.9062100000000001,1.5,1
02.08.2021 00:07:00.120,0.9063100000000001,0.9062200000000001,1,1
02.08.2021 00:07:00.171,0.90633,0.90623,1.87,1
02.08.2021 00:07:00.408,0.9063100000000001,0.90623,1,1
02.08.2021 00:07:03.971,0.9063100000000001,0.90624,1.5,1
02.08.2021 00:07:12.484,0.9063200000000001,0.9062600000000001,1,1
02.08.2021 00:07:14.771,0.9063,0.90624,1,1
02.08.2021 00:07:14.822,0.9063200000000001,0.90625,1.5,1
02.08.2021 00:07:14.924,0.90633,0.90625,1.5,1
02.08.2021 00:07:16.898,0.90634,0.9062700000000001,1.5,1
02.08.2021 00:07:17.000,0.9063200000000001,0.9062700000000001,1,1
02.08.2021 00:07:17.102,0.9063200000000001,0.9062600000000001,1,1
02.08.2021 00:07:24.401,0.9063,0.90623,1,1
02.08.2021 00:07:24.552,0.9063,0.9062200000000001,1.5,1
02.08.2021 00:07:25.262,0.9063,0.9062100000000001,3,1
02.08.2021 00:07:26.799,0.90629,0.9062100000000001,1,1
02.08.2021 00:07:28.031,0.90629,0.9062200000000001,1,1
02.08.2021 00:07:31.584,0.9063200000000001,0.90623,2.25,1
02.08.2021 00:07:31.685,0.90634,0.90623,1.5,1
02.08.2021 00:07:31.837,0.9063200000000001,0.90624,1,1
02.08.2021 00:07:34.613,0.9063200000000001,0.90625,1,1
02.08.2021 00:07:45.327,0.90629,0.9062200000000001,1,1
02.08.2021 00:07:47.302,0.90628,0.9062100000000001,1,1
02.08.2021 00:07:47.605,0.9062600000000001,0.9062,1,1
02.08.2021 00:07:48.425,0.9062600000000001,0.90619,1,1
02.08.2021 00:07:48.526,0.9062600000000001,0.90618,1,1
02.08.2021 00:07:52.400,0.9062600000000001,0.90619,1,1
02.08.2021 00:08:01.697,0.9062600000000001,0.9062,1,1
02.08.2021 00:08:06.431,0.90625,0.90619,1,1
02.08.2021 00:08:17.791,0.9062600000000001,0.9061700000000001,1,1
02.08.2021 00:08:22.881,0.90625,0.90619,1,1
02.08.2021 00:08:25.857,0.90625,0.90618,1,1
02.08.2021 00:08:27.120,0.9062200000000001,0.9061600000000001,1,1
02.08.2021 00:08:27.221,0.90623,0.9061600000000001,1,1
02.08.2021 00:08:31.443,0.90623,0.90618,1,1
02.08.2021 00:08:31.595,0.90624,0.9061600000000001,1,1
02.08.2021 00:08:31.747,0.90623,0.9061600000000001,1,1
02.08.2021 00:08:38.022,0.90625,0.9061600000000001,1.12,1
02.08.2021 00:08:38.073,0.90623,0.9061600000000001,1,1
02.08.2021 00:08:42.883,0.90625,0.9061600000000001,1.12,1
02.08.2021 00:08:42.984,0.90624,0.9061700000000001,1,1
02.08.2021 00:08:51.380,0.90624,0.9061600000000001,1,1
02.08.2021 00:08:52.280,0.9062100000000001,0.90613,3,1.25
02.08.2021 00:08:52.381,0.9062,0.90613,1,1
02.08.2021 00:08:55.880,0.9062,0.9061200000000001,1.5,1
02.08.2021 00:09:08.937,0.9062,0.9061100000000001,1,1
02.08.2021 00:09:48.153,0.90618,0.9061200000000001,1,1
02.08.2021 00:09:48.319,0.9061700000000001,0.9061100000000001,1,1
02.08.2021 00:09:52.882,0.90618,0.9060900000000001,1,1
02.08.2021 00:10:13.537,0.9061600000000001,0.9061,1,1
02.08.2021 00:10:13.639,0.9061600000000001,0.9060900000000001,1,1
02.08.2021 00:10:37.566,0.9061700000000001,0.9060900000000001,1,1
02.08.2021 00:10:37.668,0.90615,0.9060900000000001,1,1
02.08.2021 00:10:45.345,0.9061400000000001,0.90604,2.62,1.25
02.08.2021 00:10:45.396,0.90613,0.90604,2.62,1.1
02.08.2021 00:10:45.498,0.9061200000000001,0.90604,1.5,1
02.08.2021 00:10:48.123,0.9061,0.90604,1,1
02.08.2021 00:10:49.929,0.9061,0.90603,1,1
02.08.2021 00:11:04.123,0.9060900000000001,0.90603,1,1
02.08.2021 00:11:21.204,0.9060900000000001,0.9060200000000002,1,1
02.08.2021 00:11:27.878,0.90604,0.9059700000000002,1,1.12
02.08.2021 00:11:27.929,0.90603,0.90595,1,1.57
02.08.2021 00:11:27.980,0.9060200000000002,0.90594,1,1
02.08.2021 00:11:29.244,0.9060100000000001,0.90594,1,1
02.08.2021 00:11:30.749,0.90604,0.90598,1,1
02.08.2021 00:11:30.850,0.9060600000000001,0.90599,1,1
02.08.2021 00:11:30.952,0.9060700000000002,0.90599,1.5,1.5
02.08.2021 00:11:31.959,0.90608,0.90599,1,1
02.08.2021 00:11:48.323,0.90608,0.9060100000000001,1,1.1
02.08.2021 00:11:48.424,0.9060900000000001,0.9060100000000001,1,2.51
02.08.2021 00:11:48.647,0.9060900000000001,0.9060200000000002,1,1
02.08.2021 00:11:54.864,0.9060900000000001,0.9060100000000001,1.5,1.5
02.08.2021 00:12:02.771,0.90605,0.90598,1,1
02.08.2021 00:12:02.873,0.9060600000000001,0.90598,1,1
02.08.2021 00:12:03.282,0.9060700000000002,0.90598,1.5,1
02.08.2021 00:12:07.501,0.9060700000000002,0.90599,1.5,1
02.08.2021 00:12:13.867,0.90608,0.906,1,1
02.08.2021 00:12:16.788,0.9060900000000001,0.9060100000000001,1,1.5
02.08.2021 00:12:16.890,0.9061,0.9060100000000001,1.5,1.5
02.08.2021 00:12:49.450,0.9060900000000001,0.9060100000000001,1,1.5
02.08.2021 00:12:50.629,0.90608,0.906,1,1.5
02.08.2021 00:12:50.732,0.9060700000000002,0.906,1,1
02.08.2021 00:12:55.899,0.9060700000000002,0.90599,1,1.57
02.08.2021 00:13:05.168,0.90608,0.90599,1,1.1
02.08.2021 00:13:05.269,0.9060700000000002,0.90599,1,1
02.08.2021 00:13:41.336,0.90608,0.90599,1,1.5
02.08.2021 00:13:41.488,0.9060700000000002,0.90599,1,1.1
02.08.2021 00:13:54.316,0.9060700000000002,0.90598,1,1
02.08.2021 00:13:57.287,0.90604,0.90595,1,1.57
02.08.2021 00:13:57.389,0.90604,0.90594,1,1
02.08.2021 00:14:01.881,0.90603,0.90594,1,1.1
02.08.2021 00:14:02.070,0.9060200000000002,0.90594,1,1.1
02.08.2021 00:14:03.718,0.90603,0.9059200000000002,1,1.1
02.08.2021 00:15:11.013,0.9060100000000001,0.90593,1,1.12
02.08.2021 00:15:12.606,0.9060100000000001,0.9059200000000002,1,1.1
02.08.2021 00:15:12.707,0.90603,0.9059200000000002,3.56,1
02.08.2021 00:15:12.809,0.90598,0.90588,2.25,1
02.08.2021 00:15:12.910,0.9059600000000001,0.9058700000000001,1,1.76
02.08.2021 00:15:13.858,0.9059600000000001,0.90585,1,2.72
02.08.2021 00:15:15.202,0.9059600000000001,0.90585,1.12,1.39
02.08.2021 00:15:15.425,0.9059600000000001,0.90585,1.5,1.39
02.08.2021 00:15:15.526,0.9059600000000001,0.90585,1.12,1.41
02.08.2021 00:15:15.627,0.9059600000000001,0.90584,1,1.39
02.08.2021 00:15:15.816,0.90595,0.90585,1,2.22
02.08.2021 00:15:21.417,0.90595,0.90585,1,1.1
02.08.2021 00:15:33.418,0.90595,0.90589,1,1
02.08.2021 00:15:33.468,0.90599,0.9059,1,1.1
02.08.2021 00:15:33.570,0.906,0.9059100000000001,1,1.1
02.08.2021 00:15:33.671,0.906,0.9059100000000001,1,1.1
02.08.2021 00:15:33.772,0.906,0.9059100000000001,1,1.1
02.08.2021 00:15:33.925,0.906,0.9059100000000001,1,1.1
02.08.2021 00:15:34.026,0.9060200000000002,0.9059,1.25,1.6
02.08.2021 00:15:41.711,0.9060100000000001,0.9059100000000001,1.5,1.57
02.08.2021 00:15:41.812,0.906,0.9059100000000001,1,1
02.08.2021 00:15:41.964,0.90595,0.9058600000000001,1,1.1
02.08.2021 00:15:42.066,0.90595,0.90585,1,2.16
02.08.2021 00:15:48.664,0.90595,0.9058700000000001,1,1
02.08.2021 00:15:49.676,0.90595,0.9058700000000001,1,1
02.08.2021 00:15:50.654,0.90595,0.9058700000000001,1,1
02.08.2021 00:15:52.774,0.9059600000000001,0.9058700000000001,1,1
02.08.2021 00:15:52.930,0.90595,0.9058700000000001,1,1
02.08.2021 00:15:54.656,0.90595,0.9058700000000001,1,1
02.08.2021 00:15:55.656,0.90595,0.9058700000000001,1,1
02.08.2021 00:15:57.657,0.90595,0.9058600000000001,1,1.69
02.08.2021 00:16:02.744,0.90595,0.90585,1,1.76
02.08.2021 00:16:17.883,0.90594,0.90584,1,3.7
02.08.2021 00:16:17.984,0.9059,0.90584,1,1
02.08.2021 00:16:18.035,0.90593,0.90583,1,1
02.08.2021 00:16:18.187,0.90594,0.90583,1,1
02.08.2021 00:16:18.591,0.90593,0.9058600000000001,1,1
02.08.2021 00:16:20.061,0.90594,0.9058600000000001,1.5,1
02.08.2021 00:16:20.600,0.90594,0.90584,1.5,2.45
02.08.2021 00:16:21.616,0.90594,0.90584,1.5,2.32
02.08.2021 00:16:22.590,0.90594,0.90585,1.5,1
02.08.2021 00:16:31.510,0.90594,0.90584,1,1
02.08.2021 00:16:31.655,0.90593,0.90584,1,2.32
02.08.2021 00:16:37.033,0.90594,0.90584,1,1.95
02.08.2021 00:16:59.888,0.90593,0.90584,1,1.1
02.08.2021 00:16:59.989,0.9059100000000001,0.90583,1,1.1
02.08.2021 00:17:02.497,0.90589,0.9058,1,1.6
02.08.2021 00:17:02.598,0.90589,0.9058,1,1.1
02.08.2021 00:17:03.617,0.90589,0.9058,1,1.1
02.08.2021 00:17:03.668,0.9059100000000001,0.9058100000000001,1,1.1
02.08.2021 00:17:03.771,0.9059,0.9058,1,2.91
02.08.2021 00:17:06.960,0.9059,0.9058200000000001,1,1
02.08.2021 00:17:07.011,0.9059200000000002,0.90583,1,1
02.08.2021 00:17:08.479,0.9059200000000002,0.90583,1,1.22
02.08.2021 00:17:08.646,0.90593,0.90583,1,2.91
02.08.2021 00:17:16.982,0.9059200000000002,0.90583,1,1.41
02.08.2021 00:17:19.141,0.90593,0.9058200000000001,1,1.39
02.08.2021 00:17:41.351,0.9059100000000001,0.9058200000000001,1,1.1
02.08.2021 00:17:41.856,0.9059,0.9058200000000001,1,1
02.08.2021 00:17:46.455,0.90589,0.9058100000000001,1,1
02.08.2021 00:17:57.420,0.9059,0.9058100000000001,1,1
02.08.2021 00:18:01.872,0.90589,0.9058100000000001,1,1
02.08.2021 00:18:03.549,0.9059100000000001,0.9058,1.12,1
02.08.2021 00:18:05.254,0.90589,0.9057799999999999,2.75,1.01
02.08.2021 00:18:05.507,0.90589,0.9057799999999999,1.12,1.01
02.08.2021 00:18:05.709,0.9059,0.9057799999999999,2.44,1.01
02.08.2021 00:18:05.861,0.9059,0.90579,1.69,1.1
02.08.2021 00:18:06.825,0.9058700000000001,0.9057700000000001,1.25,1.1
02.08.2021 00:18:06.928,0.9058700000000001,0.90575,2.37,2.79
02.08.2021 00:18:07.030,0.9058700000000001,0.90575,2,2.04
02.08.2021 00:18:07.081,0.90585,0.90574,3.69,1.1
02.08.2021 00:18:07.233,0.90585,0.90575,1.5,1.01
02.08.2021 00:18:07.334,0.9058700000000001,0.90575,2.19,1.79
02.08.2021 00:18:07.436,0.9058700000000001,0.9057700000000001,1.12,1
02.08.2021 00:18:18.017,0.9058700000000001,0.9057700000000001,1.12,1.35
02.08.2021 00:18:18.120,0.90588,0.9057700000000001,1,1.79
02.08.2021 00:18:18.762,0.9059,0.9058100000000001,1,1
02.08.2021 00:18:20.237,0.9059100000000001,0.9058100000000001,1.12,1.1
02.08.2021 00:18:30.568,0.9059,0.9058100000000001,1,1
02.08.2021 00:18:36.887,0.9059,0.9058,1,1.95
02.08.2021 00:18:36.988,0.90589,0.9058,1,1.2
02.08.2021 00:18:39.757,0.9058700000000001,0.9057700000000001,1,1.76
02.08.2021 00:18:41.923,0.9058600000000001,0.9057700000000001,1,1.2
02.08.2021 00:18:43.923,0.9058700000000001,0.9057700000000001,1,2.26
02.08.2021 00:18:44.125,0.9058700000000001,0.9057799999999999,1,1.51
02.08.2021 00:18:45.042,0.90589,0.9057700000000001,1,2.26
02.08.2021 00:18:47.311,0.90589,0.90579,1,1.2
02.08.2021 00:18:47.362,0.9059100000000001,0.9058200000000001,1,1.6
02.08.2021 00:18:47.464,0.9059200000000002,0.90583,1,1.95
02.08.2021 00:18:47.566,0.9059200000000002,0.90583,1,1.97
02.08.2021 00:18:50.889,0.9059200000000002,0.90583,1.25,1.12
02.08.2021 00:18:59.214,0.9059100000000001,0.9058200000000001,1,1.1
02.08.2021 00:18:59.315,0.9059,0.9058100000000001,1.25,1.1
02.08.2021 00:19:18.642,0.9059,0.90579,1.75,1.97
02.08.2021 00:19:18.744,0.9059,0.9058,1.69,1.2
02.08.2021 00:19:18.845,0.9059,0.9058200000000001,1,1.1
02.08.2021 00:19:19.221,0.9059200000000002,0.9058100000000001,1.25,1.1
02.08.2021 00:19:26.234,0.9059100000000001,0.90583,1,1
02.08.2021 00:19:26.679,0.9059200000000002,0.90583,1,1.12
02.08.2021 00:19:34.416,0.90593,0.90583,1.25,2.62
02.08.2021 00:19:41.479,0.90593,0.90584,1,1
02.08.2021 00:19:42.549,0.90594,0.90585,1,1.1
02.08.2021 00:19:42.668,0.90594,0.90585,1,1.7
02.08.2021 00:19:43.622,0.90594,0.90585,1,1.1
02.08.2021 00:19:44.013,0.90595,0.90585,1,1.95
02.08.2021 00:19:49.834,0.90595,0.90585,1,2.07
02.08.2021 00:19:49.985,0.90594,0.90585,1,1.1
02.08.2021 00:19:50.086,0.90594,0.90585,1,1.1
02.08.2021 00:19:58.115,0.9059600000000001,0.9058600000000001,1,2.07
02.08.2021 00:19:58.833,0.9059600000000001,0.9058600000000001,1,1.2
02.08.2021 00:20:00.500,0.90595,0.90585,1,1.1
02.08.2021 00:20:31.078,0.9059700000000002,0.9058700000000001,1.25,2.07
02.08.2021 00:20:33.364,0.90598,0.9059,1,1
02.08.2021 00:20:33.465,0.90598,0.9059100000000001,1,1
02.08.2021 00:20:33.516,0.906,0.9059100000000001,1.25,1
02.08.2021 00:20:47.467,0.9060100000000001,0.9059100000000001,1.25,1
02.08.2021 00:20:47.569,0.9060200000000002,0.9059100000000001,1,2.07
02.08.2021 00:20:53.618,0.9060100000000001,0.9059100000000001,1,1.1
02.08.2021 00:21:15.427,0.9060100000000001,0.9059,1.25,1.57
02.08.2021 00:21:16.242,0.906,0.9059,1,1.57
02.08.2021 00:21:16.293,0.90595,0.90588,1,1.2
02.08.2021 00:21:16.394,0.9059700000000002,0.90588,1.25,1.12
02.08.2021 00:21:16.496,0.90595,0.90585,1,2.1
02.08.2021 00:21:16.880,0.90595,0.90585,1.25,1.1
02.08.2021 00:21:17.452,0.90594,0.90584,1,1.95
02.08.2021 00:21:24.265,0.90593,0.90583,1,2.1
02.08.2021 00:21:29.691,0.90595,0.90584,1,1.2
02.08.2021 00:21:29.810,0.90593,0.90583,1,2.85
02.08.2021 00:21:57.498,0.9059200000000002,0.90583,1,1.6
02.08.2021 00:22:00.468,0.9059200000000002,0.90583,1,1.1
02.08.2021 00:22:01.695,0.9059100000000001,0.9058100000000001,1.25,1.1
02.08.2021 00:22:01.797,0.9059100000000001,0.9058100000000001,1.25,1.1
02.08.2021 00:22:04.018,0.90589,0.9058200000000001,1,1
02.08.2021 00:23:03.619,0.9059,0.9058,1,1
02.08.2021 00:23:13.995,0.90589,0.9058,1,1
02.08.2021 00:23:14.147,0.90589,0.9057700000000001,1,1.6
02.08.2021 00:23:30.252,0.9058700000000001,0.9057700000000001,1,1.1
02.08.2021 00:23:30.354,0.9058600000000001,0.90575,1,1.6
02.08.2021 00:23:38.064,0.90585,0.90575,1,1.22
02.08.2021 00:24:01.256,0.9058600000000001,0.9057700000000001,1,1.5
02.08.2021 00:24:01.357,0.90588,0.9057600000000001,1,1.57
02.08.2021 00:24:02.055,0.9058600000000001,0.9057700000000001,1,1.2
02.08.2021 00:24:19.018,0.9058600000000001,0.9057799999999999,1,1
02.08.2021 00:24:25.982,0.9058600000000001,0.9057700000000001,1,1.2
02.08.2021 00:24:57.058,0.90585,0.9057700000000001,1,1
02.08.2021 00:24:58.494,0.9058700000000001,0.9057700000000001,1.25,1.1
02.08.2021 00:25:23.594,0.90585,0.9057700000000001,1,1
02.08.2021 00:26:10.012,0.9058700000000001,0.90579,1,1.5
02.08.2021 00:26:10.113,0.90588,0.9058,1,1
02.08.2021 00:26:15.017,0.90588,0.9058100000000001,1,1
02.08.2021 00:26:16.322,0.9059,0.9058200000000001,1,1
02.08.2021 00:26:16.423,0.9059100000000001,0.90583,1,1.12
02.08.2021 00:26:16.524,0.9059200000000002,0.90584,1,1
02.08.2021 00:26:17.863,0.90593,0.90584,1,1
02.08.2021 00:26:21.349,0.90593,0.90584,1.94,1
02.08.2021 00:26:22.404,0.90593,0.90584,1.25,1
02.08.2021 00:27:21.308,0.90588,0.9058,1,1.6
02.08.2021 00:27:21.359,0.90588,0.90579,1,1.6
02.08.2021 00:27:21.460,0.90589,0.9057799999999999,1,1.2
02.08.2021 00:27:29.647,0.90588,0.90579,1,1.6
02.08.2021 00:27:39.851,0.9058700000000001,0.9057700000000001,1,1.57
02.08.2021 00:27:40.103,0.9058600000000001,0.9057600000000001,1,1.1
02.08.2021 00:28:17.157,0.90585,0.90575,1.25,1.2
02.08.2021 00:28:25.564,0.90585,0.90575,1.25,1.2
02.08.2021 00:28:25.716,0.9058600000000001,0.90574,1.25,1.2
02.08.2021 00:28:50.606,0.90585,0.90575,1.25,1.2
02.08.2021 00:30:14.565,0.9058600000000001,0.9057600000000001,1.25,1
02.08.2021 00:30:22.845,0.9059100000000001,0.9058100000000001,1.5,1.12
02.08.2021 00:30:22.897,0.9059200000000002,0.9058100000000001,1.25,1.95
02.08.2021 00:30:22.998,0.9059200000000002,0.90583,1,1.5
02.08.2021 00:30:23.099,0.90593,0.90583,1,2.07
02.08.2021 00:30:30.444,0.90594,0.90584,1,1.2
02.08.2021 00:30:37.477,0.9059600000000001,0.9058600000000001,1,2.07
02.08.2021 00:30:37.578,0.9059600000000001,0.90588,1,1.12
02.08.2021 00:30:37.629,0.90599,0.9058700000000001,1.25,1.12
02.08.2021 00:30:37.970,0.90599,0.9059200000000002,1.25,1
02.08.2021 00:30:38.021,0.9060100000000001,0.9059200000000002,1,1
02.08.2021 00:30:41.309,0.906,0.9059200000000002,1,1
02.08.2021 00:30:41.662,0.9060100000000001,0.9059200000000002,1,1
02.08.2021 00:30:46.900,0.90605,0.90595,1.37,1.5
02.08.2021 00:30:47.002,0.90604,0.90594,1,2.07
02.08.2021 00:30:47.103,0.90603,0.90594,1,1.12
02.08.2021 00:30:56.942,0.90603,0.90594,1.25,1.12
02.08.2021 00:30:57.043,0.9060100000000001,0.90593,1,1.5
02.08.2021 00:31:51.991,0.90603,0.9059200000000002,1.25,1.5
02.08.2021 00:32:32.473,0.9060200000000002,0.9059200000000002,1.25,1.95
02.08.2021 00:32:32.625,0.9060200000000002,0.9059200000000002,1.75,1.87
02.08.2021 00:32:38.523,0.9060200000000002,0.9059200000000002,1.25,1.95
02.08.2021 00:32:39.799,0.9060200000000002,0.9059200000000002,1.75,1.95
02.08.2021 00:32:42.005,0.9060100000000001,0.9059100000000001,1.25,1.2
02.08.2021 00:32:42.157,0.9060100000000001,0.9059100000000001,1.75,1.2
02.08.2021 00:32:42.258,0.9060100000000001,0.9059100000000001,1.25,1.2
02.08.2021 00:32:43.066,0.9060100000000001,0.9059100000000001,1.75,1.2
02.08.2021 00:32:44.331,0.9060100000000001,0.9059100000000001,1.25,1.2
02.08.2021 00:32:44.684,0.9060100000000001,0.9059100000000001,1.75,1.2
02.08.2021 00:32:45.151,0.9060100000000001,0.9059100000000001,1.25,1.2
02.08.2021 00:32:46.675,0.9060100000000001,0.9059100000000001,1.75,1.2
02.08.2021 00:32:46.878,0.9060200000000002,0.9059,1.25,1.2
02.08.2021 00:32:47.233,0.9060100000000001,0.9059100000000001,1.75,1.2
02.08.2021 00:32:47.620,0.9060100000000001,0.9059100000000001,1.25,1.2
02.08.2021 00:32:48.034,0.9060200000000002,0.9059100000000001,1.75,1.97
02.08.2021 00:32:48.135,0.9060200000000002,0.9059100000000001,1.75,1.95
02.08.2021 00:32:50.061,0.9060200000000002,0.9059100000000001,1.25,1.97
02.08.2021 00:32:51.989,0.9060200000000002,0.9059100000000001,1.75,1.95
02.08.2021 00:32:53.763,0.9060200000000002,0.9059100000000001,1.25,1.97
02.08.2021 00:32:54.594,0.9060200000000002,0.9059100000000001,1.75,1.95
02.08.2021 00:32:58.632,0.9060200000000002,0.9059100000000001,1.25,1.97
02.08.2021 00:32:59.758,0.9060200000000002,0.9059100000000001,1.75,1.95
02.08.2021 00:33:02.426,0.9060200000000002,0.9059100000000001,1.25,1.97
02.08.2021 00:33:05.271,0.9060200000000002,0.9059100000000001,1.75,1.97
02.08.2021 00:33:05.377,0.9060200000000002,0.9059100000000001,1.75,1.95
02.08.2021 00:33:11.964,0.9060200000000002,0.9059100000000001,1.25,1.97
02.08.2021 00:33:12.789,0.9060200000000002,0.9059100000000001,1.25,1.95
02.08.2021 00:33:12.890,0.9060200000000002,0.9059100000000001,1.75,1.95
02.08.2021 00:33:15.293,0.9060200000000002,0.9059100000000001,1.25,1.97
02.08.2021 00:33:15.931,0.9060200000000002,0.9059100000000001,1.75,1.95
02.08.2021 00:33:16.473,0.9060200000000002,0.9059100000000001,1.25,1.97
02.08.2021 00:33:16.795,0.9060200000000002,0.9059100000000001,1.75,1.97
02.08.2021 00:33:16.896,0.9060200000000002,0.9059100000000001,1.75,1.95
02.08.2021 00:33:18.969,0.9060200000000002,0.9059100000000001,1.25,1.97
02.08.2021 00:33:19.867,0.9060200000000002,0.9059100000000001,1.75,1.95
02.08.2021 00:33:20.785,0.90603,0.9059,1.25,1.97
02.08.2021 00:33:20.886,0.9060200000000002,0.9059100000000001,1.75,1.97
02.08.2021 00:33:21.037,0.9060200000000002,0.9059100000000001,1.75,1.95
02.08.2021 00:33:22.146,0.9060200000000002,0.9059100000000001,1.75,1.97
02.08.2021 00:33:22.357,0.9060200000000002,0.9059100000000001,1.25,1.97
02.08.2021 00:33:22.508,0.9060200000000002,0.9059100000000001,1.75,1.97
02.08.2021 00:33:22.610,0.9060200000000002,0.9059100000000001,1.75,1.95
02.08.2021 00:33:27.363,0.9060200000000002,0.9059100000000001,1.25,1.97
02.08.2021 00:33:27.565,0.9060200000000002,0.9059100000000001,1.75,1.97
02.08.2021 00:33:27.666,0.9060200000000002,0.9059100000000001,1.75,1.95
02.08.2021 00:33:31.989,0.9060200000000002,0.9059100000000001,1.25,1.97
02.08.2021 00:33:33.332,0.9060200000000002,0.9059100000000001,1.75,1.97
02.08.2021 00:33:36.494,0.9060200000000002,0.9059100000000001,1,1.97
02.08.2021 00:33:38.225,0.9060200000000002,0.9059100000000001,1.75,1.97
02.08.2021 00:33:45.461,0.9060200000000002,0.9059200000000002,1.25,1.1
02.08.2021 00:33:45.807,0.9060200000000002,0.9059200000000002,1.75,1.1
02.08.2021 00:33:58.414,0.9060100000000001,0.9059100000000001,1.25,1.57
02.08.2021 00:33:58.617,0.9060100000000001,0.9059100000000001,1.75,1.57
02.08.2021 00:33:58.718,0.90599,0.9059,1.25,1.1
02.08.2021 00:33:58.820,0.90598,0.9059,1.25,1.12
02.08.2021 00:34:09.099,0.90598,0.90588,1.25,1.57
02.08.2021 00:34:09.251,0.9059700000000002,0.9058700000000001,2.87,1.95
02.08.2021 00:34:09.352,0.9059600000000001,0.9058600000000001,1.75,1
02.08.2021 00:34:09.690,0.9059600000000001,0.9058600000000001,1.25,1
02.08.2021 00:34:10.014,0.9059600000000001,0.9058600000000001,1.75,1
02.08.2021 00:34:10.765,0.9059600000000001,0.9058600000000001,1.25,1
02.08.2021 00:34:22.301,0.9059600000000001,0.9058600000000001,2.12,1
02.08.2021 00:34:29.520,0.90595,0.90585,1.25,1.87
02.08.2021 00:35:31.880,0.90595,0.90584,1.25,1.87
02.08.2021 00:35:50.063,0.90595,0.90585,1,1.2
02.08.2021 00:35:50.391,0.90598,0.9058700000000001,2.87,1
02.08.2021 00:35:50.494,0.90599,0.9059,1.25,1.12
02.08.2021 00:35:50.545,0.9060100000000001,0.9059,1.25,1.95
02.08.2021 00:35:50.646,0.9060100000000001,0.9059100000000001,1.25,1.12
02.08.2021 00:36:15.864,0.9060200000000002,0.9059100000000001,1.87,1.95
02.08.2021 00:36:16.535,0.9060200000000002,0.9059100000000001,1.94,1.95
02.08.2021 00:36:19.854,0.9060200000000002,0.9059100000000001,1.12,1.95
02.08.2021 00:36:21.698,0.9060200000000002,0.9059100000000001,1.94,1.95
02.08.2021 00:36:21.850,0.9060200000000002,0.9059100000000001,1.25,1.95
02.08.2021 00:36:23.950,0.9060200000000002,0.9059100000000001,1.94,1.95
02.08.2021 00:36:27.028,0.9060200000000002,0.9059100000000001,1.87,1.95
02.08.2021 00:36:27.129,0.9060200000000002,0.9059100000000001,1.94,1.95
02.08.2021 00:36:27.642,0.9060200000000002,0.9059100000000001,1.25,1.95
02.08.2021 00:37:34.577,0.9060100000000001,0.9059100000000001,1,1.12
02.08.2021 00:37:34.680,0.90598,0.9058700000000001,1,2.85
02.08.2021 00:37:34.731,0.90599,0.90589,1,1.57
02.08.2021 00:37:34.833,0.90599,0.90589,1,2.16
02.08.2021 00:37:35.064,0.90599,0.90589,1,2.29
02.08.2021 00:37:35.217,0.9060100000000001,0.90589,1,3.04
02.08.2021 00:37:38.411,0.90598,0.90588,2.25,1.57
02.08.2021 00:37:38.513,0.90598,0.90588,2.25,1.6
02.08.2021 00:37:38.614,0.90599,0.9058700000000001,2.62,1
02.08.2021 00:37:40.204,0.9059700000000002,0.9058700000000001,1,2.32
02.08.2021 00:37:45.400,0.90599,0.90588,1,1.12
02.08.2021 00:37:45.501,0.906,0.90589,1,1
02.08.2021 00:37:45.805,0.9060100000000001,0.9059,1,2.14
02.08.2021 00:37:48.980,0.906,0.9059,1,1.1
02.08.2021 00:37:51.353,0.90598,0.9059,1,1
02.08.2021 00:37:51.454,0.90598,0.90589,1,1.2
02.08.2021 00:37:51.555,0.9059700000000002,0.90589,1,1.12
02.08.2021 00:37:55.714,0.9059700000000002,0.90588,1,1
02.08.2021 00:37:56.147,0.9059600000000001,0.90588,1,1
02.08.2021 00:38:00.010,0.90595,0.90585,1,2.32
02.08.2021 00:38:23.992,0.90594,0.90585,1,1.12
02.08.2021 00:38:24.254,0.9059200000000002,0.90585,1,1.12
02.08.2021 00:38:44.815,0.9059100000000001,0.90583,1,1.57
02.08.2021 00:38:44.866,0.90589,0.90579,1.25,1.8
02.08.2021 00:38:44.917,0.90588,0.9057799999999999,1,1
02.08.2021 00:38:45.018,0.9058600000000001,0.9057700000000001,1,1
02.08.2021 00:38:45.372,0.9058600000000001,0.9057600000000001,1,1.76
02.08.2021 00:38:45.473,0.9058700000000001,0.90575,1,2.57
02.08.2021 00:38:45.624,0.9058600000000001,0.9057600000000001,1,1.76
02.08.2021 00:38:57.252,0.90585,0.9057600000000001,1,1
02.08.2021 00:38:58.527,0.90584,0.9057600000000001,1,1
02.08.2021 00:38:58.629,0.90585,0.9057600000000001,1,1
02.08.2021 00:39:02.490,0.90584,0.90575,1,1.1
02.08.2021 00:39:02.978,0.9058600000000001,0.9057600000000001,1.25,1
02.08.2021 00:39:03.029,0.90585,0.90574,1,1.1
02.08.2021 00:39:04.927,0.90588,0.9057700000000001,1,1
02.08.2021 00:39:05.028,0.90585,0.9057700000000001,1,1.12
02.08.2021 00:39:05.129,0.90588,0.9057799999999999,1.25,1.5
02.08.2021 00:39:05.180,0.9058600000000001,0.9057799999999999,1,1
02.08.2021 00:39:06.653,0.9058600000000001,0.9057700000000001,1,1
02.08.2021 00:39:22.125,0.90588,0.9057799999999999,1,2.19
02.08.2021 00:39:22.682,0.90588,0.90579,1,2.2
02.08.2021 00:39:23.328,0.90588,0.90579,1,1.39
02.08.2021 00:40:17.100,0.90589,0.90579,1,1.2
02.08.2021 00:40:19.521,0.9058700000000001,0.9057700000000001,1,2.25
02.08.2021 00:40:51.030,0.9058700000000001,0.9057700000000001,1,1.25
02.08.2021 00:41:43.698,0.9058600000000001,0.9057799999999999,1,1
02.08.2021 00:41:43.930,0.9058700000000001,0.9057700000000001,1.5,1.69
02.08.2021 00:42:59.154,0.90588,0.9057700000000001,1.12,1.31
02.08.2021 00:43:01.313,0.9058700000000001,0.9057799999999999,1,1
02.08.2021 00:43:09.250,0.90588,0.9057700000000001,1.5,1
02.08.2021 00:43:09.456,0.9058700000000001,0.9057700000000001,1,1.5
02.08.2021 00:44:14.999,0.9059200000000002,0.9058200000000001,1.12,1.69
02.08.2021 00:44:15.101,0.9059200000000002,0.90583,1,1
02.08.2021 00:44:15.405,0.90594,0.90583,1,2.44
02.08.2021 00:44:15.456,0.9059200000000002,0.90583,1,1.69
02.08.2021 00:44:18.045,0.9059200000000002,0.90584,1,1
02.08.2021 00:45:11.389,0.90595,0.90584,1,2.89
02.08.2021 00:45:11.440,0.90593,0.90584,1,2.14
02.08.2021 00:45:12.871,0.90594,0.90584,1,2.14
02.08.2021 00:45:12.973,0.90595,0.90583,1,2.2
02.08.2021 00:45:15.760,0.90599,0.9059,1.5,2.5
02.08.2021 00:45:15.811,0.906,0.9059100000000001,1,1
02.08.2021 00:45:15.862,0.9060200000000002,0.9059200000000002,1,1.1
02.08.2021 00:45:15.963,0.9060200000000002,0.90593,1,1
02.08.2021 00:45:16.093,0.906,0.90593,1,1
02.08.2021 00:45:23.070,0.90603,0.90593,1,1.1
02.08.2021 00:45:32.524,0.9060200000000002,0.90593,1,1
02.08.2021 00:45:54.945,0.90603,0.90594,1,1
02.08.2021 00:45:57.421,0.90603,0.9059200000000002,1,1.12
02.08.2021 00:46:01.299,0.9060100000000001,0.90593,1,1.12
02.08.2021 00:46:24.276,0.906,0.9059200000000002,1,1.51
02.08.2021 00:46:26.778,0.906,0.9059100000000001,1,1.39
02.08.2021 00:46:26.879,0.906,0.9059200000000002,1,1
02.08.2021 00:46:28.256,0.9060100000000001,0.9059200000000002,1,1.01
02.08.2021 00:46:31.549,0.9060200000000002,0.9059200000000002,1,1.57
02.08.2021 00:46:31.651,0.9060100000000001,0.9059200000000002,1,1.01
02.08.2021 00:46:38.665,0.90603,0.9059200000000002,1,1.01
02.08.2021 00:46:39.866,0.90603,0.9059200000000002,1,1.82
02.08.2021 00:46:48.424,0.9060100000000001,0.9059200000000002,1,1.82
02.08.2021 00:46:51.035,0.9060100000000001,0.9059200000000002,1,1.01
02.08.2021 00:46:52.482,0.90603,0.90593,1,1.25
02.08.2021 00:46:52.584,0.9060200000000002,0.9059200000000002,1,1.82
02.08.2021 00:46:52.635,0.90605,0.90594,4.25,1.25
02.08.2021 00:46:52.686,0.9060200000000002,0.90593,1,1.25
02.08.2021 00:46:52.737,0.90605,0.90593,1.12,1.25
02.08.2021 00:46:52.788,0.9060200000000002,0.90593,1,1.35
02.08.2021 00:46:53.212,0.9060200000000002,0.9059200000000002,1,2.57
02.08.2021 00:46:54.140,0.90604,0.90594,1.12,1
02.08.2021 00:46:54.241,0.90603,0.90593,1,1.76
02.08.2021 00:46:56.760,0.90603,0.90594,1,1.25
02.08.2021 00:47:02.817,0.90603,0.90593,1,2.51
02.08.2021 00:47:29.276,0.90605,0.90595,1,1
02.08.2021 00:47:29.378,0.90605,0.90593,1,1.69
02.08.2021 00:47:38.096,0.9061,0.906,1,1
02.08.2021 00:47:38.197,0.9061200000000001,0.90599,1.5,1.69
02.08.2021 00:47:38.349,0.9061100000000001,0.906,1.5,2.57
02.08.2021 00:47:38.450,0.9060900000000001,0.906,1,1.82
02.08.2021 00:47:41.331,0.90608,0.906,1,1.82
02.08.2021 00:47:41.534,0.9060900000000001,0.906,1,1.82
02.08.2021 00:47:51.623,0.9061,0.90599,1,1.01
02.08.2021 00:47:58.118,0.9061,0.906,1,1.76
02.08.2021 00:47:58.220,0.9061,0.906,1,2.97
02.08.2021 00:47:58.372,0.9061200000000001,0.906,1,1.01
02.08.2021 00:48:09.353,0.9061100000000001,0.9060100000000001,1,1.82
02.08.2021 00:48:25.660,0.9061,0.906,1,2.95
02.08.2021 00:48:32.293,0.9061100000000001,0.9060100000000001,1,1.01
02.08.2021 00:49:00.106,0.9061200000000001,0.90603,1,1
02.08.2021 00:49:00.386,0.9061100000000001,0.9060100000000001,1,2.57
02.08.2021 00:49:01.798,0.9061100000000001,0.9060100000000001,1,1.25
02.08.2021 00:49:04.188,0.9061200000000001,0.906,1,2.57
02.08.2021 00:49:34.051,0.9061100000000001,0.9060100000000001,1,1.69
02.08.2021 00:49:36.078,0.9061100000000001,0.9060100000000001,1,1.82
02.08.2021 00:49:41.415,0.9061200000000001,0.906,1,1.69
02.08.2021 00:50:31.051,0.9061,0.9060100000000001,1,1
02.08.2021 00:51:23.552,0.9060600000000001,0.90598,1,1
02.08.2021 00:51:23.603,0.9060600000000001,0.9059600000000001,1,1.2
02.08.2021 00:51:23.755,0.90604,0.90595,1,1.51
02.08.2021 00:51:24.513,0.90603,0.90593,1,2.95
02.08.2021 00:51:25.270,0.90603,0.90593,1,2.06
02.08.2021 00:51:30.863,0.9060200000000002,0.90593,1,1.12
02.08.2021 00:51:49.291,0.90603,0.90593,1,1.87
02.08.2021 00:51:52.420,0.9060200000000002,0.90593,1,1.12
02.08.2021 00:52:00.447,0.906,0.9059200000000002,1,1.6
02.08.2021 00:52:01.312,0.9059700000000002,0.90588,1,3.19
02.08.2021 00:52:01.414,0.9059700000000002,0.9058700000000001,2.62,1.69
02.08.2021 00:52:01.516,0.9059600000000001,0.9058600000000001,1,1.69
02.08.2021 00:52:12.624,0.90595,0.90585,1,1.5
02.08.2021 00:52:12.811,0.90595,0.90584,1,1
02.08.2021 00:52:19.825,0.9059600000000001,0.90585,1.2,1.69
02.08.2021 00:52:20.778,0.90594,0.90585,1,1
02.08.2021 00:52:51.584,0.90595,0.90585,1,1.5
02.08.2021 00:52:51.787,0.9060100000000001,0.9059,1,1
02.08.2021 00:52:53.173,0.906,0.9059,1,1.87
02.08.2021 00:52:53.275,0.906,0.9059100000000001,1,1
02.08.2021 00:52:53.376,0.9059700000000002,0.9058700000000001,1,2.5
02.08.2021 00:52:53.427,0.9059600000000001,0.9058600000000001,1,2.44
02.08.2021 00:53:08.064,0.9059700000000002,0.90589,1,1
02.08.2021 00:53:08.166,0.90598,0.90589,1,1
02.08.2021 00:53:08.338,0.90599,0.9059100000000001,1,1.12
02.08.2021 00:53:08.439,0.906,0.9059100000000001,1,1.12
02.08.2021 00:53:10.790,0.906,0.9059,2.25,2.06
02.08.2021 00:53:14.375,0.9060200000000002,0.9059200000000002,1,1.5
02.08.2021 00:53:14.477,0.9060200000000002,0.9059200000000002,1,1
02.08.2021 00:53:21.638,0.9060100000000001,0.9059200000000002,1,1.25
02.08.2021 00:53:22.377,0.9060200000000002,0.9059200000000002,1,1.75
02.08.2021 00:53:24.432,0.9060200000000002,0.90593,1,1.25
02.08.2021 00:53:24.533,0.90603,0.90593,1,1.25
02.08.2021 00:53:25.920,0.90603,0.90593,1,1
02.08.2021 00:53:26.022,0.90603,0.9059200000000002,1.1,2.44
02.08.2021 00:53:27.887,0.90603,0.9059200000000002,1.1,2.5
02.08.2021 00:53:28.267,0.90603,0.9059200000000002,1.01,1.5
02.08.2021 00:53:28.630,0.90604,0.9059100000000001,1.1,2.5
02.08.2021 00:53:28.832,0.90603,0.9059200000000002,1.1,1.69
02.08.2021 00:53:29.061,0.90603,0.9059200000000002,1.1,2.5
02.08.2021 00:53:29.867,0.90603,0.9059200000000002,1.01,1.5
02.08.2021 00:53:30.667,0.90603,0.9059200000000002,1.1,2.5
02.08.2021 00:53:33.778,0.90603,0.9059200000000002,1.01,1.5
02.08.2021 00:53:33.984,0.9060100000000001,0.9059100000000001,1,2.89
02.08.2021 00:53:34.085,0.9060100000000001,0.9059200000000002,1,1
02.08.2021 00:53:38.832,0.9060100000000001,0.9059100000000001,1,2.14
02.08.2021 00:53:38.935,0.9060100000000001,0.9059200000000002,1,1
02.08.2021 00:53:40.752,0.9060100000000001,0.9059200000000002,1,1.75
02.08.2021 00:53:41.317,0.9060100000000001,0.9059200000000002,1,1
02.08.2021 00:53:42.704,0.9060100000000001,0.9059200000000002,1,1.75
02.08.2021 00:53:43.668,0.9060200000000002,0.9059100000000001,1,1
02.08.2021 00:53:44.410,0.9060100000000001,0.9059100000000001,1,2.14
02.08.2021 00:53:44.512,0.90603,0.9059200000000002,1.1,1.25
02.08.2021 00:53:44.562,0.90603,0.9059100000000001,1.01,2.14
02.08.2021 00:53:44.814,0.90603,0.9059200000000002,1.1,1.25
02.08.2021 00:53:44.977,0.90603,0.9059100000000001,1.01,2.14
02.08.2021 00:53:45.483,0.90603,0.9059200000000002,1.1,1.25
02.08.2021 00:53:45.769,0.90603,0.9059100000000001,1.1,2.2
02.08.2021 00:53:46.167,0.9060100000000001,0.9059100000000001,1,2.2
02.08.2021 00:53:48.437,0.9060200000000002,0.9059,1,1.39
02.08.2021 00:53:48.549,0.90604,0.90593,2.85,1.25
02.08.2021 00:53:48.650,0.9060600000000001,0.9059200000000002,5.54,1.69
02.08.2021 00:53:49.228,0.90604,0.90593,1.1,1.75
02.08.2021 00:53:49.886,0.90604,0.90593,1.1,1.25
02.08.2021 00:53:50.088,0.90604,0.90593,1.57,1.25
02.08.2021 00:53:50.189,0.90604,0.9059200000000002,1.57,1.82
02.08.2021 00:53:50.349,0.90604,0.90593,1.57,1.25
02.08.2021 00:53:50.876,0.90604,0.9059200000000002,1.57,1.82
02.08.2021 00:53:53.173,0.90604,0.90593,1,1.82
02.08.2021 00:53:53.274,0.90604,0.9059200000000002,1.57,2.2
02.08.2021 00:53:53.375,0.90604,0.90593,1.57,1.25
02.08.2021 00:53:53.476,0.90605,0.9059100000000001,1.57,1.82
02.08.2021 00:53:53.587,0.90604,0.90593,1.57,1.25
02.08.2021 00:53:53.689,0.90604,0.9059200000000002,1.57,1.35
02.08.2021 00:53:53.891,0.90604,0.9059200000000002,1.76,1.01
02.08.2021 00:53:55.567,0.90603,0.9059100000000001,1,1.01
02.08.2021 00:54:01.147,0.9060200000000002,0.9059100000000001,1,2.89
02.08.2021 00:54:01.299,0.9060200000000002,0.9059200000000002,1,1.35
02.08.2021 00:54:01.350,0.906,0.9059,1,1.12
02.08.2021 00:54:01.452,0.906,0.9059100000000001,1,1
02.08.2021 00:54:09.230,0.906,0.9059,1,2.81
02.08.2021 00:54:09.750,0.906,0.9059100000000001,1,1
02.08.2021 00:54:10.536,0.9059600000000001,0.90588,1,1.62
02.08.2021 00:54:11.311,0.90595,0.9058600000000001,1,2.19
02.08.2021 00:54:11.412,0.90595,0.90585,1,2.51
02.08.2021 00:54:12.323,0.90594,0.90585,1,1.69
02.08.2021 00:54:13.454,0.90595,0.90585,1,2.51
02.08.2021 00:54:14.457,0.90594,0.90585,1,1
02.08.2021 00:54:18.185,0.90595,0.90584,1,1.75
02.08.2021 00:54:19.412,0.9059600000000001,0.90585,1.1,1.75
02.08.2021 00:54:19.514,0.9059600000000001,0.90585,1.1,1
02.08.2021 00:54:21.527,0.90598,0.9058700000000001,5.91,1
02.08.2021 00:54:23.448,0.9059700000000002,0.9058600000000001,1,1
02.08.2021 00:54:23.701,0.9059700000000002,0.9058700000000001,1.25,1
02.08.2021 00:54:23.802,0.9059700000000002,0.9058600000000001,3.19,1
02.08.2021 00:54:25.276,0.90598,0.9058700000000001,1,1
02.08.2021 00:54:25.378,0.90598,0.9059100000000001,1,1
02.08.2021 00:54:25.479,0.9060200000000002,0.9059100000000001,1.69,1.2
02.08.2021 00:54:25.732,0.9060100000000001,0.9059100000000001,1,1.2
02.08.2021 00:54:26.834,0.9060100000000001,0.9059200000000002,1,1
02.08.2021 00:54:28.812,0.9060100000000001,0.9059100000000001,1,1.2
02.08.2021 00:54:29.599,0.90603,0.9059200000000002,1.76,1
02.08.2021 00:54:30.642,0.9060200000000002,0.9059200000000002,1.25,1
02.08.2021 00:54:30.764,0.9060100000000001,0.9059200000000002,1,1
02.08.2021 00:54:36.052,0.90603,0.90593,1.12,1.5
02.08.2021 00:54:36.153,0.90603,0.9059100000000001,1,1.5
02.08.2021 00:54:38.620,0.90604,0.9059200000000002,1,1.57
02.08.2021 00:54:38.773,0.90604,0.9059600000000001,1,1
02.08.2021 00:54:38.926,0.90604,0.9059700000000002,1,1
02.08.2021 00:54:39.105,0.90604,0.9059600000000001,1,1.1
02.08.2021 00:54:42.494,0.90608,0.90599,1.12,1
02.08.2021 00:54:42.595,0.90608,0.906,1,1.12
02.08.2021 00:54:43.522,0.9060900000000001,0.906,1,1.12
02.08.2021 00:54:46.393,0.9060600000000001,0.90599,1.1,1.5
02.08.2021 00:54:46.495,0.9060600000000001,0.9059600000000001,1.5,1.5
02.08.2021 00:54:46.596,0.90605,0.9059600000000001,1,1
02.08.2021 00:54:46.698,0.90604,0.90593,1.25,3.45
02.08.2021 00:54:47.001,0.90604,0.90595,1,1
02.08.2021 00:54:47.102,0.90605,0.90595,1,1.6
02.08.2021 00:54:47.669,0.90605,0.9059600000000001,1,1.5
02.08.2021 00:54:51.036,0.9060600000000001,0.9059600000000001,1,2.19
02.08.2021 00:54:59.584,0.9061,0.906,1.12,1
02.08.2021 00:54:59.685,0.9061100000000001,0.906,1.1,1.87
02.08.2021 00:54:59.887,0.9061,0.90599,1,1.12
02.08.2021 00:55:00.354,0.9060600000000001,0.906,1,1.12
02.08.2021 00:55:00.405,0.90604,0.90595,1,2
02.08.2021 00:55:00.456,0.90603,0.90594,1,1.5
02.08.2021 00:55:00.507,0.9060200000000002,0.90593,1,1
02.08.2021 00:55:00.608,0.9060100000000001,0.9059200000000002,1,1.2
02.08.2021 00:55:01.429,0.906,0.9059200000000002,1,1.12
02.08.2021 00:55:02.304,0.90599,0.90588,1.5,1.95
02.08.2021 00:55:02.405,0.9059700000000002,0.90589,1,1.12
02.08.2021 00:55:02.776,0.90595,0.9058600000000001,1,1.5
02.08.2021 00:55:02.827,0.90595,0.90585,1,1.95
02.08.2021 00:55:04.342,0.90594,0.90584,1,1.2
02.08.2021 00:55:04.595,0.90595,0.90585,1,1
02.08.2021 00:55:08.283,0.90594,0.90585,1,1
02.08.2021 00:55:08.384,0.90594,0.90584,1,1.39
02.08.2021 00:55:09.836,0.90595,0.90584,1,2.14
02.08.2021 00:55:10.729,0.90595,0.90585,1,1
02.08.2021 00:55:17.481,0.90598,0.90589,1.5,1
02.08.2021 00:55:17.582,0.90598,0.9059,1,1
02.08.2021 00:55:19.264,0.906,0.90589,1,1
02.08.2021 00:55:22.015,0.90599,0.9059200000000002,1,1
02.08.2021 00:55:22.116,0.906,0.9059200000000002,1,1
02.08.2021 00:55:24.137,0.9060100000000001,0.9059200000000002,1,1.2
02.08.2021 00:55:24.968,0.9060100000000001,0.90593,1,1
02.08.2021 00:55:25.120,0.9060100000000001,0.9059200000000002,1,1.2
02.08.2021 00:55:34.575,0.906,0.9059200000000002,1,1.2
02.08.2021 00:55:40.504,0.9060100000000001,0.9059200000000002,1,1.2
02.08.2021 00:55:45.758,0.9060200000000002,0.9059200000000002,1,1.95
02.08.2021 00:55:50.539,0.9060100000000001,0.9059200000000002,1,1.2
02.08.2021 00:55:57.412,0.9060200000000002,0.9059200000000002,1,1.95
02.08.2021 00:56:01.081,0.90605,0.90593,1,1.57
02.08.2021 00:56:01.183,0.9060600000000001,0.9059600000000001,1,1.1
02.08.2021 00:56:01.386,0.90604,0.90595,1,1.1
02.08.2021 00:56:06.649,0.90604,0.90595,1,1.1
02.08.2021 00:56:17.830,0.90608,0.90598,1,1.57
02.08.2021 00:56:17.932,0.9060900000000001,0.906,1,1
02.08.2021 00:56:18.428,0.9061,0.906,1,1.95
02.08.2021 00:56:19.725,0.9060900000000001,0.906,1,1.2
02.08.2021 00:56:19.877,0.90608,0.906,1,1.2
02.08.2021 00:56:27.914,0.9060900000000001,0.906,1,1.2
02.08.2021 00:56:34.705,0.90608,0.90599,1,1.6
02.08.2021 00:56:34.858,0.9061,0.906,1,1.95
02.08.2021 00:56:35.263,0.9061,0.90599,1,1.2
02.08.2021 00:56:40.619,0.90608,0.90599,1,1.6
02.08.2021 00:56:56.618,0.90608,0.90599,1,1.1
02.08.2021 00:56:56.819,0.9061,0.90599,1.25,1.6
02.08.2021 00:56:56.971,0.90608,0.90599,1,1.1
02.08.2021 00:57:33.179,0.9061,0.906,1,1.95
02.08.2021 00:57:36.188,0.9060900000000001,0.906,1,1.2
02.08.2021 00:57:42.921,0.90608,0.90599,1,1.6
02.08.2021 00:57:46.923,0.9060600000000001,0.9059700000000002,1,1.41
02.08.2021 00:57:47.024,0.9060600000000001,0.9059700000000002,1,1.41
02.08.2021 00:57:48.101,0.9060600000000001,0.9059600000000001,1,2.16
02.08.2021 00:57:48.203,0.90605,0.9059600000000001,1,1.2
02.08.2021 00:57:53.391,0.9060700000000002,0.90598,1,1.6
02.08.2021 00:58:03.501,0.9060900000000001,0.90599,1,1.97
02.08.2021 00:58:03.603,0.90608,0.90598,1,1.2
02.08.2021 00:58:03.807,0.9061,0.90599,1.87,1.97
02.08.2021 00:58:03.910,0.90608,0.90599,1,1.22
02.08.2021 00:58:03.961,0.9061100000000001,0.9060100000000001,1,1
02.08.2021 00:58:04.063,0.9060900000000001,0.906,1,1.1
02.08.2021 00:58:10.764,0.9061200000000001,0.9060100000000001,2.25,1.1
02.08.2021 00:58:10.815,0.9061,0.906,1,1.79
02.08.2021 00:58:13.623,0.9061,0.906,1,1.1
02.08.2021 00:58:13.724,0.9061,0.906,1,1.1
02.08.2021 00:58:14.982,0.9061,0.906,1,1.1
02.08.2021 00:58:28.182,0.9060900000000001,0.906,1,1.1
02.08.2021 00:58:40.523,0.90608,0.90598,1,1.22
02.08.2021 00:58:46.733,0.9060700000000002,0.9060100000000001,1,1
02.08.2021 00:58:47.246,0.9060900000000001,0.9060100000000001,1.5,1
02.08.2021 00:58:47.296,0.9060700000000002,0.9060100000000001,1,1
02.08.2021 00:58:48.204,0.9060900000000001,0.9060100000000001,1,1
02.08.2021 00:58:48.254,0.9060700000000002,0.9060100000000001,1,1
02.08.2021 00:58:59.986,0.9060700000000002,0.906,1,1.1
02.08.2021 00:59:01.819,0.9060600000000001,0.906,1,1
02.08.2021 00:59:01.920,0.9060600000000001,0.90599,1,1.1
02.08.2021 00:59:04.163,0.90608,0.90599,1,1.57
02.08.2021 00:59:04.365,0.9060600000000001,0.90599,1,1.57
02.08.2021 00:59:07.500,0.90605,0.90599,1,1.1
02.08.2021 00:59:07.602,0.90604,0.9059700000000002,1,1.57
02.08.2021 00:59:25.574,0.9060100000000001,0.90595,1,1
02.08.2021 00:59:39.948,0.9060100000000001,0.90594,1,1.1
02.08.2021 00:59:44.540,0.9060100000000001,0.90594,1,1.1
02.08.2021 00:59:44.642,0.9060100000000001,0.90594,1,1.1
02.08.2021 01:00:03.057,0.9060200000000002,0.9059100000000001,1,2.32
02.08.2021 01:00:04.265,0.906,0.9059200000000002,1,1.1
02.08.2021 01:00:12.360,0.906,0.90593,1,1
02.08.2021 01:00:14.389,0.90599,0.90593,1,1
02.08.2021 01:00:14.541,0.906,0.9059,1,1.1
02.08.2021 01:00:15.050,0.90599,0.9059,1,1.1
02.08.2021 01:00:17.199,0.9059700000000002,0.90588,1,1.97
02.08.2021 01:00:17.411,0.9059700000000002,0.9058700000000001,1,1.57
02.08.2021 01:00:17.513,0.9059600000000001,0.9058600000000001,1,3.66
02.08.2021 01:00:17.614,0.906,0.9059,1.5,2.51
02.08.2021 01:00:17.665,0.9060200000000002,0.9059100000000001,4.51,1
02.08.2021 01:00:17.969,0.90598,0.9059,1,1.1
02.08.2021 01:00:18.121,0.90599,0.90589,1,1.1
02.08.2021 01:00:18.323,0.90599,0.9059,1,1.1
02.08.2021 01:00:18.685,0.90599,0.9059,1,1.1
02.08.2021 01:00:22.079,0.90599,0.9059100000000001,1,1
02.08.2021 01:00:22.447,0.90599,0.9059,1,1.1
02.08.2021 01:00:22.723,0.90603,0.9059,2.26,2.6
02.08.2021 01:00:22.953,0.90603,0.9059100000000001,1.7,2.76
02.08.2021 01:00:23.155,0.9060200000000002,0.9059100000000001,1.12,1.01
02.08.2021 01:00:23.256,0.9060200000000002,0.9059100000000001,1.12,1.35
02.08.2021 01:00:28.424,0.906,0.9059100000000001,1,2.04
02.08.2021 01:00:31.956,0.9060100000000001,0.9059100000000001,1,1.79
02.08.2021 01:00:32.058,0.9060200000000002,0.9059200000000002,1.12,1.57
02.08.2021 01:00:33.260,0.90603,0.90593,1.5,1
02.08.2021 01:00:33.362,0.9060200000000002,0.9059200000000002,1.12,1.76
02.08.2021 01:00:35.530,0.9060100000000001,0.9059200000000002,1,1.1
02.08.2021 01:01:00.094,0.906,0.9059100000000001,1,1.1
02.08.2021 01:01:00.601,0.9060100000000001,0.9059100000000001,1,1.76
02.08.2021 01:01:02.514,0.9060200000000002,0.9059200000000002,1.2,1
02.08.2021 01:01:43.976,0.90604,0.90593,3.41,1
02.08.2021 01:01:44.078,0.9060200000000002,0.9059200000000002,1,1.76
02.08.2021 01:01:53.409,0.9060100000000001,0.9059200000000002,1,1.1
02.08.2021 01:02:00.006,0.9060100000000001,0.9059100000000001,1,1.57
02.08.2021 01:02:04.543,0.90598,0.9059100000000001,1,1.1
02.08.2021 01:02:04.846,0.906,0.9059100000000001,1,1.1
02.08.2021 01:02:10.076,0.906,0.9059,1,1.1
02.08.2021 01:02:11.341,0.90599,0.90589,1,1.57
02.08.2021 01:02:13.141,0.9059700000000002,0.90589,1,1.1
02.08.2021 01:02:22.930,0.9059700000000002,0.90589,1,1.79
02.08.2021 01:02:30.138,0.9060200000000002,0.9059100000000001,1.91,1
02.08.2021 01:02:30.189,0.90599,0.9059,1,1.01
02.08.2021 01:02:30.291,0.90599,0.9059,1,1.35
02.08.2021 01:02:30.748,0.90603,0.9059200000000002,3.04,1
02.08.2021 01:02:30.800,0.90599,0.9059,1,2.04
02.08.2021 01:02:44.234,0.906,0.9059100000000001,1,1.76
02.08.2021 01:02:47.115,0.90605,0.90595,1.7,1
02.08.2021 01:02:47.166,0.9060600000000001,0.90594,1.2,1.5
02.08.2021 01:02:47.267,0.90603,0.90595,1,1
02.08.2021 01:03:42.374,0.90603,0.90593,1,2.39
02.08.2021 01:03:42.476,0.90603,0.90593,1,1.39
02.08.2021 01:03:47.698,0.9060100000000001,0.9059100000000001,1,1.51
02.08.2021 01:03:47.799,0.9060100000000001,0.9059100000000001,1,1.01
02.08.2021 01:03:48.609,0.9060100000000001,0.9059100000000001,1,1.26
02.08.2021 01:03:52.285,0.9060100000000001,0.9059,1,3.89
02.08.2021 01:03:53.328,0.9060100000000001,0.9059100000000001,1,1.5
02.08.2021 01:03:53.433,0.9060100000000001,0.9059,1,3.51
02.08.2021 01:03:54.625,0.906,0.9059,1,2.76
02.08.2021 01:04:04.329,0.9059700000000002,0.90589,1,1.5
02.08.2021 01:04:04.430,0.9059700000000002,0.90588,1,3.29
02.08.2021 01:04:11.355,0.9059700000000002,0.90588,1,2.51
02.08.2021 01:04:11.456,0.9059700000000002,0.90589,1,1.69
02.08.2021 01:04:13.720,0.90598,0.90588,1,1.26
02.08.2021 01:04:13.821,0.9059700000000002,0.90588,1,5.04
02.08.2021 01:04:21.361,0.9059600000000001,0.90589,1,1
02.08.2021 01:04:21.563,0.9059700000000002,0.90589,1,2.51
02.08.2021 01:04:23.818,0.9059700000000002,0.90589,1,3.89
02.08.2021 01:04:24.075,0.9059700000000002,0.90589,1,1.01
02.08.2021 01:04:28.205,0.90598,0.90589,1,2.01
02.08.2021 01:04:28.306,0.90598,0.90589,1,1.01
02.08.2021 01:04:29.120,0.90598,0.9059,1,1
02.08.2021 01:04:29.272,0.90598,0.90589,1,1.25
02.08.2021 01:04:30.881,0.90598,0.9059,1,1
02.08.2021 01:04:34.660,0.90598,0.9059100000000001,1,1
02.08.2021 01:04:35.310,0.90598,0.9059,1,1.25
02.08.2021 01:04:36.076,0.90598,0.9059100000000001,1,1
02.08.2021 01:04:36.430,0.90598,0.9059,1,1.25
02.08.2021 01:04:36.531,0.90598,0.9059100000000001,1,1
02.08.2021 01:04:43.693,0.90599,0.9059100000000001,1,1.25
02.08.2021 01:04:43.794,0.906,0.9059100000000001,1,1.69
02.08.2021 01:04:43.896,0.9060200000000002,0.90594,1,1
02.08.2021 01:04:43.997,0.9060100000000001,0.9059200000000002,1,1.25
02.08.2021 01:04:48.640,0.906,0.9059100000000001,1,1.81
02.08.2021 01:04:49.151,0.906,0.9059100000000001,1,1
02.08.2021 01:04:51.101,0.906,0.9059,1,2.14
02.08.2021 01:04:51.482,0.906,0.9059100000000001,1,1
02.08.2021 01:04:51.634,0.906,0.9059,1,2.44
02.08.2021 01:04:51.870,0.906,0.9059100000000001,1,1
02.08.2021 01:04:53.299,0.906,0.9059,1,2.14
02.08.2021 01:04:53.400,0.906,0.9059100000000001,1,1
02.08.2021 01:04:53.677,0.906,0.9059,1,1.76
02.08.2021 01:04:53.801,0.906,0.9059100000000001,1,1
02.08.2021 01:04:55.221,0.90599,0.9059100000000001,1,1
02.08.2021 01:04:57.408,0.9060100000000001,0.9059100000000001,1,1
02.08.2021 01:04:57.459,0.9060200000000002,0.90593,1.2,1
02.08.2021 01:04:57.510,0.906,0.9059200000000002,1,1
02.08.2021 01:05:02.615,0.906,0.90593,1,1
02.08.2021 01:05:08.346,0.9060100000000001,0.90594,1,1
02.08.2021 01:05:08.498,0.90605,0.9059700000000002,2,1
02.08.2021 01:05:08.599,0.9060700000000002,0.90599,2.32,1
02.08.2021 01:05:08.861,0.90604,0.90599,1,1
02.08.2021 01:05:08.912,0.90604,0.9059700000000002,1,1.57
02.08.2021 01:05:09.013,0.90603,0.9059600000000001,1.5,2.25
02.08.2021 01:05:09.115,0.9060200000000002,0.90595,1,1.5
02.08.2021 01:05:09.884,0.90603,0.90593,1.5,1
02.08.2021 01:05:26.768,0.9060100000000001,0.90594,1,1
02.08.2021 01:05:27.340,0.906,0.90594,1,1
02.08.2021 01:05:35.191,0.9060100000000001,0.90594,1,1
02.08.2021 01:06:00.877,0.9060100000000001,0.9059100000000001,1,2.25
02.08.2021 01:06:09.192,0.906,0.90593,1,1
02.08.2021 01:06:09.363,0.9060100000000001,0.90593,1,1.5
02.08.2021 01:06:12.916,0.9060600000000001,0.9059700000000002,1,1.5
02.08.2021 01:06:13.017,0.90608,0.906,1.5,1
02.08.2021 01:06:13.271,0.9060700000000002,0.906,1,1
02.08.2021 01:06:24.237,0.90608,0.906,1,1
02.08.2021 01:07:15.357,0.9060900000000001,0.9060100000000001,2.25,1
02.08.2021 01:07:22.776,0.9061,0.9060200000000002,1,1.5
02.08.2021 01:07:22.877,0.9061200000000001,0.90603,1.5,1
02.08.2021 01:07:23.080,0.9061200000000001,0.90604,1.5,1
02.08.2021 01:07:25.673,0.9061600000000001,0.90608,1.57,1
02.08.2021 01:07:25.979,0.9061700000000001,0.9060900000000001,1.5,1.5
02.08.2021 01:07:32.319,0.9061700000000001,0.90608,1,1
02.08.2021 01:08:00.638,0.9061600000000001,0.90608,1,1
02.08.2021 01:08:07.257,0.9061700000000001,0.90608,1,1.12
02.08.2021 01:08:15.798,0.90618,0.90608,1.95,1
02.08.2021 01:08:26.153,0.9061700000000001,0.90608,1,1
02.08.2021 01:08:45.244,0.9061600000000001,0.90608,1,1
02.08.2021 01:08:51.340,0.9061700000000001,0.90608,1,1
02.08.2021 01:09:01.143,0.9061600000000001,0.90608,1,1
02.08.2021 01:09:01.548,0.90618,0.9060900000000001,1.2,1
02.08.2021 01:09:01.649,0.9061700000000001,0.90608,1,1
02.08.2021 01:09:12.956,0.90618,0.90608,1.12,1.5
02.08.2021 01:09:13.353,0.90619,0.90608,1.5,1.79
02.08.2021 01:09:13.470,0.9062200000000001,0.90613,1.5,1.01
02.08.2021 01:09:13.521,0.90623,0.90613,1.1,2.32
02.08.2021 01:09:13.571,0.90624,0.90615,1.2,1
02.08.2021 01:09:13.673,0.90625,0.90615,1.95,1.57
02.08.2021 01:09:13.876,0.90624,0.90615,1,1.1
02.08.2021 01:09:18.686,0.90625,0.9061700000000001,1.12,1
02.08.2021 01:09:18.889,0.90625,0.90615,1.87,1.76
02.08.2021 01:09:25.008,0.90624,0.9061400000000001,1,2.01
02.08.2021 01:09:27.692,0.90624,0.9061400000000001,1,1.1
02.08.2021 01:09:28.131,0.9062200000000001,0.9061400000000001,1,1.1
02.08.2021 01:09:28.533,0.90619,0.9061100000000001,1.2,1.56
02.08.2021 01:09:28.584,0.90618,0.9060900000000001,1.87,1.01
02.08.2021 01:09:28.686,0.90618,0.90608,1.87,1.57
02.08.2021 01:09:34.412,0.9061700000000001,0.9060700000000002,1,2.54
02.08.2021 01:09:37.770,0.90618,0.9060700000000002,1.87,2.91
02.08.2021 01:09:40.367,0.9061700000000001,0.9060600000000001,1,2.16
02.08.2021 01:09:42.609,0.9061600000000001,0.9060700000000002,1,1
02.08.2021 01:09:57.452,0.90618,0.90608,1.87,1.1
02.08.2021 01:10:01.343,0.9061700000000001,0.9060700000000002,1.5,1.76
02.08.2021 01:10:01.495,0.9061600000000001,0.9060600000000001,1,2.16
02.08.2021 01:10:10.616,0.90615,0.9060600000000001,1,1.41
02.08.2021 01:10:10.768,0.90615,0.90605,1,2.41
02.08.2021 01:10:12.416,0.9061600000000001,0.9060600000000001,1,1.01
02.08.2021 01:10:12.947,0.9061700000000001,0.9060900000000001,1.12,1
02.08.2021 01:10:12.998,0.9061700000000001,0.9060600000000001,1.87,3.16
02.08.2021 01:10:20.131,0.9061600000000001,0.9060600000000001,1,2.41
02.08.2021 01:10:22.443,0.90618,0.9060900000000001,1.2,1
02.08.2021 01:10:22.494,0.9061700000000001,0.9060700000000002,1,1.39
02.08.2021 01:10:30.494,0.9061700000000001,0.9060700000000002,1,2.39
02.08.2021 01:10:32.632,0.9061700000000001,0.9060700000000002,1,2.14
02.08.2021 01:10:33.303,0.9061700000000001,0.9060700000000002,1,3.14
02.08.2021 01:10:34.383,0.90618,0.90608,1.12,1.25
02.08.2021 01:10:34.646,0.9062,0.9061100000000001,1,1
02.08.2021 01:10:34.798,0.90623,0.9061200000000001,3.01,1
02.08.2021 01:10:34.899,0.90623,0.9061200000000001,2.89,1
02.08.2021 01:10:35.001,0.90623,0.9061,1,1.95
02.08.2021 01:11:02.424,0.9062200000000001,0.90613,1,1
02.08.2021 01:11:02.525,0.9062600000000001,0.90615,2.32,1
02.08.2021 01:11:02.627,0.9062600000000001,0.9061600000000001,1.12,1
02.08.2021 01:11:02.829,0.90625,0.90615,1,1.1
02.08.2021 01:11:04.096,0.9062600000000001,0.9061700000000001,1.12,1
02.08.2021 01:11:04.197,0.9062600000000001,0.90618,1.12,1
02.08.2021 01:11:04.298,0.90628,0.9061600000000001,2,1
02.08.2021 01:11:04.400,0.9062700000000001,0.9061700000000001,1.87,1
02.08.2021 01:11:04.826,0.9062600000000001,0.9061700000000001,1,1.5
02.08.2021 01:11:15.250,0.90625,0.9061700000000001,1,1
02.08.2021 01:11:19.444,0.90624,0.9061700000000001,1,1
02.08.2021 01:11:19.545,0.90624,0.9061600000000001,1.5,1
02.08.2021 01:11:19.646,0.90623,0.9061600000000001,1,1
02.08.2021 01:11:22.779,0.90623,0.90615,1,1
02.08.2021 01:11:45.874,0.90625,0.9061600000000001,1,1.5
02.08.2021 01:11:45.977,0.90624,0.9061600000000001,1,1
02.08.2021 01:11:48.892,0.90623,0.9061600000000001,1,1
02.08.2021 01:11:49.390,0.90623,0.90615,1.5,1
02.08.2021 01:12:13.634,0.9062200000000001,0.9061400000000001,1.5,1
02.08.2021 01:12:13.737,0.9062100000000001,0.90613,1,1
02.08.2021 01:12:14.459,0.9062,0.9061,1,1
02.08.2021 01:12:14.560,0.90618,0.9061,1.5,1
02.08.2021 01:12:26.154,0.9061700000000001,0.90608,1,1
02.08.2021 01:12:31.506,0.9061700000000001,0.9060900000000001,1,1.5
02.08.2021 01:12:32.031,0.9061600000000001,0.9060900000000001,1,1
02.08.2021 01:12:37.089,0.9061600000000001,0.90608,1.5,1
02.08.2021 01:12:38.599,0.90615,0.90608,1,1
02.08.2021 01:12:39.130,0.90613,0.90608,1,1
02.08.2021 01:12:39.231,0.90613,0.9060700000000002,1,1
02.08.2021 01:12:46.241,0.90613,0.9060600000000001,1,1
02.08.2021 01:12:46.292,0.9061200000000001,0.90603,1.5,1
02.08.2021 01:12:46.394,0.9061100000000001,0.9060200000000002,2.25,1
02.08.2021 01:12:46.597,0.9061,0.9060100000000001,1,1.69
02.08.2021 01:12:51.573,0.9061100000000001,0.9060200000000002,1.5,1
02.08.2021 01:12:53.957,0.90615,0.9060600000000001,2.25,1.5
02.08.2021 01:12:54.311,0.9061400000000001,0.9060600000000001,1,1.1
02.08.2021 01:13:01.243,0.9061200000000001,0.9060600000000001,1,1
02.08.2021 01:13:01.344,0.9061200000000001,0.90605,1,1
02.08.2021 01:13:01.446,0.9061200000000001,0.90604,1,1.1
02.08.2021 01:13:01.659,0.9061,0.9060100000000001,1,1.69
02.08.2021 01:13:01.810,0.9060900000000001,0.9060100000000001,1,1
02.08.2021 01:13:03.277,0.90608,0.9060100000000001,1,1.25
02.08.2021 01:13:21.292,0.90608,0.906,1,1.69
02.08.2021 01:13:21.393,0.9060700000000002,0.906,1,1.25
02.08.2021 01:13:33.566,0.90605,0.906,1,1.25
02.08.2021 01:13:38.819,0.90604,0.90599,1,1
02.08.2021 01:13:39.161,0.90605,0.906,1,1.25
02.08.2021 01:14:08.614,0.9060600000000001,0.90598,1,1.01
02.08.2021 01:14:09.358,0.9060600000000001,0.90598,1,2.01
02.08.2021 01:14:11.052,0.90604,0.90599,1,1.1
02.08.2021 01:14:11.256,0.90605,0.90599,1,1.1
02.08.2021 01:14:11.792,0.90604,0.90599,1,1.01
02.08.2021 01:14:12.096,0.90604,0.90598,1,1.76
02.08.2021 01:14:12.390,0.9060200000000002,0.90594,1,1.79
02.08.2021 01:14:12.441,0.906,0.90594,1,1
02.08.2021 01:14:12.543,0.90603,0.90593,1.6,1
02.08.2021 01:14:15.524,0.90598,0.9059100000000001,1,1.25
02.08.2021 01:14:18.623,0.90603,0.90593,1.57,1
02.08.2021 01:14:19.880,0.9059700000000002,0.9059200000000002,1,1.25
02.08.2021 01:14:22.916,0.90603,0.90593,3.07,1
02.08.2021 01:14:24.996,0.90603,0.90593,1.5,1.1
02.08.2021 01:14:28.908,0.90598,0.90593,1,1
02.08.2021 01:14:33.454,0.906,0.90593,1,2.54
02.08.2021 01:14:33.556,0.906,0.90595,1,1
02.08.2021 01:14:33.658,0.906,0.90594,1,1.1
02.08.2021 01:14:38.469,0.906,0.90595,1,1.25
02.08.2021 01:14:38.963,0.90604,0.90595,1,2.14
02.08.2021 01:14:39.417,0.9060600000000001,0.90595,1.5,2.14
02.08.2021 01:14:41.525,0.9060100000000001,0.90595,1,1.39
02.08.2021 01:14:44.751,0.9060100000000001,0.90595,1,1.64
02.08.2021 01:14:52.676,0.90603,0.90595,1,1.25
02.08.2021 01:14:52.727,0.90603,0.9059100000000001,1.57,1.26
02.08.2021 01:14:55.879,0.9059600000000001,0.9059,1,1.12
02.08.2021 01:15:00.897,0.90604,0.9059100000000001,1.5,1.94
02.08.2021 01:15:01.709,0.90599,0.90594,1,1
02.08.2021 01:15:03.304,0.906,0.90595,1,1
02.08.2021 01:15:03.405,0.9060100000000001,0.9059600000000001,1,1
02.08.2021 01:15:03.506,0.90603,0.9059700000000002,1,1.31
02.08.2021 01:15:03.608,0.90603,0.9059700000000002,1,2.31
02.08.2021 01:15:04.126,0.90608,0.90599,1.5,1
02.08.2021 01:15:04.753,0.90604,0.90599,1,1
02.08.2021 01:15:05.582,0.9060900000000001,0.906,1.5,1
02.08.2021 01:15:08.088,0.9061100000000001,0.90599,3.07,1.79
02.08.2021 01:15:08.139,0.9061100000000001,0.90599,2.82,1.79
02.08.2021 01:15:08.512,0.9061100000000001,0.90599,2.82,1.35
02.08.2021 01:15:08.614,0.90605,0.90599,1,1.25
02.08.2021 01:15:09.266,0.90605,0.90598,1,1.25
02.08.2021 01:15:18.215,0.90604,0.9059700000000002,1,2.22
02.08.2021 01:15:18.317,0.90603,0.90595,1,2.04
02.08.2021 01:15:18.419,0.9060200000000002,0.90595,1,2.41
02.08.2021 01:15:18.521,0.9060600000000001,0.90595,1.5,2.41
02.08.2021 01:15:22.880,0.906,0.90595,1,2.32
02.08.2021 01:15:23.479,0.9060600000000001,0.90595,1.5,2.39
02.08.2021 01:15:28.140,0.9060700000000002,0.90594,1.5,1.01
02.08.2021 01:15:32.205,0.906,0.90595,1,1.01
02.08.2021 01:15:33.257,0.90604,0.90598,1,1
02.08.2021 01:15:39.520,0.90603,0.90598,1,1.2
02.08.2021 01:15:41.150,0.90604,0.90598,1,1.39
02.08.2021 01:16:02.621,0.90604,0.90599,1,1
02.08.2021 01:16:10.918,0.9061,0.90599,2,1.1
02.08.2021 01:16:11.525,0.90604,0.90599,1,1
02.08.2021 01:16:11.576,0.9061,0.90599,1.5,1.1
02.08.2021 01:16:12.622,0.90605,0.90599,1,1.76
02.08.2021 01:16:28.790,0.90604,0.90599,1,6.64
02.08.2021 01:16:31.847,0.9061,0.90599,2,1.76
02.08.2021 01:16:31.897,0.90604,0.90599,1,6.64
02.08.2021 01:16:37.939,0.9061,0.90599,2,1.76
02.08.2021 01:16:40.897,0.90604,0.90599,1,1.01
02.08.2021 01:16:45.159,0.90605,0.906,1,1
02.08.2021 01:17:02.946,0.90605,0.90598,1,1.25
02.08.2021 01:17:05.995,0.9060900000000001,0.906,1.12,1
02.08.2021 01:17:07.880,0.90604,0.90599,1,1
02.08.2021 01:17:10.946,0.9060900000000001,0.906,1.12,1
02.08.2021 01:17:16.139,0.90604,0.90599,1,1
02.08.2021 01:17:16.890,0.9060900000000001,0.906,1.12,1
02.08.2021 01:17:19.912,0.90604,0.90599,1,1
02.08.2021 01:17:25.911,0.9061,0.90599,1.12,1
02.08.2021 01:17:28.880,0.90604,0.90599,1,1
02.08.2021 01:17:32.062,0.9060900000000001,0.906,1.12,1
02.08.2021 01:17:34.907,0.90604,0.90599,1,1
02.08.2021 01:17:40.988,0.9060900000000001,0.906,1.12,1
02.08.2021 01:17:43.884,0.90604,0.90599,1,1
02.08.2021 01:17:46.700,0.90605,0.906,1,1
02.08.2021 01:17:48.582,0.9060600000000001,0.906,1,1
02.08.2021 01:17:48.683,0.9061,0.90604,1,1.5
02.08.2021 01:17:48.785,0.9061100000000001,0.90604,1,2.25
02.08.2021 01:17:54.904,0.9061400000000001,0.9060200000000002,1,1.41
02.08.2021 01:17:55.514,0.90608,0.90603,1,1.25
02.08.2021 01:17:57.465,0.90608,0.9060100000000001,1,2.57
02.08.2021 01:17:57.566,0.9061,0.906,1,2.01
02.08.2021 01:18:00.514,0.9061,0.906,1,1.76
02.08.2021 01:18:01.879,0.90605,0.906,1,1.69
02.08.2021 01:18:04.665,0.9060700000000002,0.906,1,1.76
02.08.2021 01:18:19.416,0.9060700000000002,0.9060200000000002,1,1
02.08.2021 01:18:20.135,0.9060700000000002,0.906,1,2.51
02.08.2021 01:18:24.099,0.90605,0.90599,1,1.25
02.08.2021 01:18:24.201,0.90604,0.90599,1,1
02.08.2021 01:18:28.017,0.9061,0.906,1.5,1
02.08.2021 01:18:28.126,0.90608,0.90599,1,1.01
02.08.2021 01:18:31.879,0.90604,0.90599,1,1.01
02.08.2021 01:19:50.603,0.9060200000000002,0.90595,1,1.25
02.08.2021 01:19:50.654,0.9060100000000001,0.90593,1,1
02.08.2021 01:19:50.706,0.9060200000000002,0.9059200000000002,2.62,2.5
02.08.2021 01:19:53.679,0.9059700000000002,0.9059200000000002,1,2.44
02.08.2021 01:19:54.018,0.9060200000000002,0.9059200000000002,2.62,2.5
02.08.2021 01:19:55.880,0.9059700000000002,0.9059200000000002,1,2.44
02.08.2021 01:20:04.200,0.9059700000000002,0.9059100000000001,1,1
02.08.2021 01:20:04.900,0.9059700000000002,0.9059200000000002,1,1.5
02.08.2021 01:20:30.510,0.90603,0.90594,2,1
02.08.2021 01:20:30.561,0.90605,0.9059600000000001,1,2.06
02.08.2021 01:20:30.662,0.90604,0.90599,1,1
02.08.2021 01:21:07.012,0.90604,0.90598,1,1.76
02.08.2021 01:21:11.109,0.90608,0.906,1.5,1
02.08.2021 01:21:13.891,0.90605,0.9059700000000002,1,1.69
02.08.2021 01:21:17.118,0.90608,0.906,1.5,1
02.08.2021 01:21:19.889,0.90604,0.90598,1,1.69
02.08.2021 01:21:25.728,0.90604,0.90599,1,1
02.08.2021 01:21:26.260,0.9061,0.90599,1.12,2.51
02.08.2021 01:21:29.221,0.90604,0.90599,1,1.69
02.08.2021 01:21:29.323,0.9061,0.90599,1.12,2.51
02.08.2021 01:21:30.588,0.90604,0.90599,1,1.69
02.08.2021 01:21:52.900,0.90605,0.90599,1,1.25
02.08.2021 01:21:55.870,0.9060900000000001,0.9060100000000001,2.25,1
02.08.2021 01:21:58.460,0.90605,0.90599,1,1.25
02.08.2021 01:22:02.753,0.9060900000000001,0.9060100000000001,2.25,1
02.08.2021 01:22:04.188,0.90605,0.90599,1,1.25
02.08.2021 01:22:07.252,0.9061,0.906,2.25,1
02.08.2021 01:22:07.879,0.9060600000000001,0.90598,1,1.25
02.08.2021 01:22:19.972,0.9060900000000001,0.9060100000000001,2.25,1
02.08.2021 01:22:20.071,0.90605,0.90599,1,1
02.08.2021 01:22:22.512,0.9060900000000001,0.9060100000000001,2.25,1
02.08.2021 01:22:22.879,0.90605,0.90599,1,1
02.08.2021 01:22:25.910,0.9060900000000001,0.9060100000000001,2.25,1
02.08.2021 01:22:26.107,0.90608,0.9060100000000001,1,1
02.08.2021 01:22:28.221,0.9060900000000001,0.9060100000000001,2.25,1
02.08.2021 01:22:28.891,0.90605,0.90599,1,1.5
02.08.2021 01:22:33.518,0.90605,0.90599,1,1.94
02.08.2021 01:22:34.162,0.9060900000000001,0.9060100000000001,1.5,1.5
02.08.2021 01:22:34.883,0.90605,0.90599,1,1.94
02.08.2021 01:22:36.109,0.90605,0.90599,1,1.25
02.08.2021 01:22:41.043,0.9060900000000001,0.9060100000000001,1.5,1
02.08.2021 01:22:43.880,0.90605,0.90599,1,1.69
02.08.2021 01:22:50.251,0.9060900000000001,0.9060100000000001,1.5,1
02.08.2021 01:22:51.521,0.90605,0.90599,1,1.5
02.08.2021 01:22:54.907,0.9060900000000001,0.9060100000000001,2.25,1
02.08.2021 01:22:55.880,0.90605,0.90598,1,1.31
02.08.2021 01:23:02.366,0.9061,0.906,2.25,1
02.08.2021 01:23:07.208,0.90605,0.90598,1,1.31
02.08.2021 01:23:08.010,0.9060900000000001,0.9060100000000001,2.25,1
02.08.2021 01:23:08.690,0.90605,0.90599,1,1
02.08.2021 01:23:22.024,0.90605,0.90599,1,2.76
02.08.2021 01:23:33.612,0.90605,0.90599,1,1.95
02.08.2021 01:23:41.587,0.90605,0.9060100000000001,1,1
02.08.2021 01:23:41.783,0.9061,0.9060100000000001,2.62,1
02.08.2021 01:23:43.880,0.90605,0.90599,1,1.01
02.08.2021 01:23:55.963,0.9061,0.9060100000000001,2.62,1
02.08.2021 01:23:58.880,0.90605,0.90599,1,1.01
02.08.2021 01:24:03.242,0.9060600000000001,0.9060100000000001,1,1
02.08.2021 01:24:08.720,0.9061100000000001,0.90604,1,3.07
02.08.2021 01:24:08.821,0.9061100000000001,0.90604,1,3.1
02.08.2021 01:24:08.922,0.9061100000000001,0.9060600000000001,1,1
02.08.2021 01:24:10.919,0.9061400000000001,0.9060700000000002,1,1
02.08.2021 01:24:14.133,0.9061100000000001,0.90604,1,2.44
02.08.2021 01:24:15.782,0.9061,0.90604,1,1.25
02.08.2021 01:24:15.883,0.9061,0.90605,1,1
02.08.2021 01:24:31.012,0.9061,0.9060200000000002,1.5,1
02.08.2021 01:24:37.199,0.9060600000000001,0.906,1,2.69
02.08.2021 01:24:37.304,0.9060600000000001,0.906,1,1.69
02.08.2021 01:24:40.062,0.9060600000000001,0.906,1,1.75
02.08.2021 01:24:42.191,0.9061,0.9060200000000002,1.87,1
02.08.2021 01:24:43.893,0.9060600000000001,0.9060100000000001,1,1
02.08.2021 01:24:46.913,0.9061,0.9060200000000002,1.87,1
02.08.2021 01:24:49.893,0.9060600000000001,0.9060100000000001,1,1
02.08.2021 01:24:51.076,0.9060600000000001,0.906,1,1
02.08.2021 01:24:53.068,0.9061,0.9060200000000002,2.62,1
02.08.2021 01:24:53.623,0.9060600000000001,0.9060100000000001,1,1.25
02.08.2021 01:24:54.083,0.9061200000000001,0.9060700000000002,1,1
02.08.2021 01:24:56.052,0.9061200000000001,0.90605,1,4.01
02.08.2021 01:24:56.154,0.9061200000000001,0.9060600000000001,1,1
02.08.2021 01:24:57.097,0.9061600000000001,0.9060700000000002,1,1
02.08.2021 01:24:59.077,0.9061200000000001,0.9060600000000001,1,1
02.08.2021 01:25:01.545,0.9061200000000001,0.9060700000000002,1,1.25
02.08.2021 01:25:01.647,0.9061200000000001,0.9060600000000001,1,2.89
02.08.2021 01:25:04.640,0.9061700000000001,0.90608,1.12,1
02.08.2021 01:25:06.951,0.9061200000000001,0.9060600000000001,1,2.89
02.08.2021 01:25:08.272,0.9061700000000001,0.90608,1.12,1
02.08.2021 01:25:10.879,0.9061200000000001,0.9060600000000001,1,2.89
02.08.2021 01:25:17.324,0.90618,0.9060900000000001,1.87,1
02.08.2021 01:25:17.439,0.9061700000000001,0.90608,1,1
02.08.2021 01:25:17.935,0.90613,0.90608,1,1
02.08.2021 01:25:42.821,0.9061400000000001,0.90608,1,1.5
02.08.2021 01:25:46.931,0.90613,0.90608,1,1.5
02.08.2021 01:25:51.648,0.9061400000000001,0.90608,1,1.5
02.08.2021 01:25:51.994,0.90613,0.90608,1,1.5
02.08.2021 01:25:57.095,0.9061400000000001,0.90608,1,1.5
02.08.2021 01:25:59.741,0.90613,0.90608,1,1.5
02.08.2021 01:26:01.399,0.9061400000000001,0.90608,1,1.5
02.08.2021 01:26:03.835,0.90613,0.90608,1,1.5
02.08.2021 01:26:10.103,0.9061400000000001,0.90608,1,1.5
02.08.2021 01:26:24.809,0.90613,0.90608,1,1.5
02.08.2021 01:26:27.684,0.9061400000000001,0.90608,1,1
02.08.2021 01:26:28.293,0.90613,0.90608,1,1.5
02.08.2021 01:26:29.591,0.9061400000000001,0.90608,1,1.5
02.08.2021 01:26:31.103,0.9061400000000001,0.9060700000000002,1,1.5
02.08.2021 01:26:31.255,0.9061400000000001,0.90608,1,1.5
02.08.2021 01:26:52.569,0.90613,0.90608,1,1.5
02.08.2021 01:27:14.496,0.90613,0.9060700000000002,1,1.5
02.08.2021 01:27:16.980,0.9061700000000001,0.9060900000000001,2.25,1
02.08.2021 01:27:19.879,0.90613,0.9060700000000002,1,1.5
02.08.2021 01:27:23.114,0.9061700000000001,0.9060900000000001,2.25,1
02.08.2021 01:27:25.879,0.90613,0.9060700000000002,1,1.5
02.08.2021 01:27:28.905,0.90613,0.9060900000000001,1,1
02.08.2021 01:27:28.968,0.90618,0.90608,2.25,1
02.08.2021 01:27:31.898,0.90613,0.9060700000000002,1,1.5
02.08.2021 01:27:35.058,0.9061700000000001,0.9060900000000001,2.25,1
02.08.2021 01:27:37.919,0.90613,0.9060700000000002,1,1.5
02.08.2021 01:27:44.090,0.9061700000000001,0.9060900000000001,2.25,1
02.08.2021 01:27:46.891,0.90613,0.9060700000000002,1,1.5
02.08.2021 01:27:49.968,0.90618,0.90608,2.25,1
02.08.2021 01:27:52.925,0.90613,0.9060700000000002,1,1.5
02.08.2021 01:27:55.974,0.9061700000000001,0.9060900000000001,2.25,1
02.08.2021 01:27:58.903,0.90613,0.9060700000000002,1,1.5
02.08.2021 01:28:00.976,0.90613,0.90608,1,1
02.08.2021 01:28:10.149,0.9061600000000001,0.90608,1.5,1.57
02.08.2021 01:28:10.251,0.9061700000000001,0.9060900000000001,1,1
02.08.2021 01:28:10.403,0.90619,0.90608,1.95,1.5
02.08.2021 01:28:10.505,0.90618,0.90608,1,1
02.08.2021 01:28:13.403,0.90613,0.9060700000000002,1,1.57
02.08.2021 01:28:17.669,0.90613,0.9060900000000001,1,1
02.08.2021 01:28:17.768,0.9061700000000001,0.9060900000000001,1,1
02.08.2021 01:28:19.880,0.90613,0.9060700000000002,1,1.57
02.08.2021 01:28:22.286,0.9061400000000001,0.9060900000000001,1,1
02.08.2021 01:28:27.823,0.9061400000000001,0.90608,1,1
02.08.2021 01:28:28.076,0.90615,0.90608,1,1
02.08.2021 01:28:34.636,0.9061400000000001,0.90608,1,1
02.08.2021 01:29:05.978,0.90615,0.9060900000000001,1,1.5
02.08.2021 01:29:54.072,0.90615,0.90608,1,1.01
02.08.2021 01:29:55.893,0.90619,0.9061200000000001,1,1.57
02.08.2021 01:29:55.994,0.9062,0.9061200000000001,1,2.82
02.08.2021 01:29:57.503,0.9062200000000001,0.9061200000000001,1,3.31
02.08.2021 01:30:01.980,0.9062200000000001,0.90615,1,1
02.08.2021 01:30:02.662,0.90623,0.90615,1,1.12
02.08.2021 01:30:07.776,0.90625,0.9061600000000001,1,1
02.08.2021 01:30:07.877,0.90625,0.9061700000000001,1,1
02.08.2021 01:30:11.456,0.9062600000000001,0.9061700000000001,1,1.25
02.08.2021 01:30:12.038,0.9062600000000001,0.90618,1,1
02.08.2021 01:30:13.590,0.90629,0.90623,1,1
02.08.2021 01:30:13.744,0.90629,0.9062200000000001,1,1.2
02.08.2021 01:30:14.348,0.90629,0.90623,1,1.25
02.08.2021 01:30:14.399,0.9063100000000001,0.90623,1,1.6
02.08.2021 01:30:16.100,0.9063200000000001,0.90623,1,1.6
02.08.2021 01:30:19.991,0.90634,0.90625,1,1
02.08.2021 01:30:20.440,0.90633,0.90625,1,1.2
02.08.2021 01:30:30.886,0.9063700000000001,0.9063200000000001,1,1
02.08.2021 01:30:30.937,0.90639,0.9063200000000001,1.25,1
02.08.2021 01:30:31.038,0.9064000000000001,0.90633,1,1
02.08.2021 01:30:31.139,0.9064000000000001,0.9063200000000001,1,1
02.08.2021 01:30:31.831,0.9064000000000001,0.9063100000000001,1,2.14
02.08.2021 01:30:32.636,0.9064000000000001,0.90633,1,1
02.08.2021 01:30:32.737,0.9064000000000001,0.9063100000000001,1,2.22
02.08.2021 01:30:42.210,0.90639,0.9063,1.5,2.6
02.08.2021 01:30:42.311,0.90635,0.90629,1,1.25
02.08.2021 01:30:42.362,0.90634,0.9062600000000001,1,1.76
02.08.2021 01:30:42.463,0.9063200000000001,0.90625,1,2.04
02.08.2021 01:30:42.564,0.9063200000000001,0.90624,1,2.16
02.08.2021 01:30:47.020,0.9063200000000001,0.9062600000000001,1,1
02.08.2021 01:30:47.368,0.90634,0.90628,1,1
02.08.2021 01:30:47.469,0.90635,0.90628,1,1
02.08.2021 01:30:47.571,0.90635,0.9062700000000001,1,1.01
02.08.2021 01:30:48.433,0.90635,0.90629,1,1
02.08.2021 01:30:48.553,0.90635,0.9062700000000001,1,2.39
02.08.2021 01:30:48.756,0.90635,0.9062700000000001,1,1.39
02.08.2021 01:30:50.020,0.9063700000000001,0.9062700000000001,1.5,1.01
02.08.2021 01:30:50.732,0.9063700000000001,0.9062700000000001,1.5,1.41
02.08.2021 01:30:51.215,0.90638,0.9062600000000001,1.5,1.39
02.08.2021 01:30:51.317,0.9063700000000001,0.90628,1,1
02.08.2021 01:30:55.383,0.9063700000000001,0.9062700000000001,1.5,1.01
02.08.2021 01:31:02.317,0.9063700000000001,0.9063,1,1
02.08.2021 01:31:02.368,0.9063700000000001,0.90628,1,1
02.08.2021 01:31:22.460,0.90639,0.9062600000000001,1,2.54
02.08.2021 01:31:25.438,0.90635,0.9062700000000001,1,1.01
02.08.2021 01:31:25.834,0.90636,0.90628,1,1.25
02.08.2021 01:31:25.936,0.90638,0.9062700000000001,1,1.31
02.08.2021 01:31:26.292,0.90636,0.9062700000000001,1,1.25
02.08.2021 01:31:26.394,0.9063700000000001,0.9062700000000001,1,1.56
02.08.2021 01:31:26.495,0.90635,0.90625,1,2.04
02.08.2021 01:31:26.597,0.90634,0.90625,1,1.01
02.08.2021 01:31:31.355,0.90634,0.9062600000000001,1,1
02.08.2021 01:31:32.289,0.90634,0.90625,1,1.01
02.08.2021 01:31:37.900,0.90633,0.90625,1,1
02.08.2021 01:31:38.976,0.90634,0.90625,1,1
02.08.2021 01:32:03.941,0.90634,0.90623,1.5,1.01
02.08.2021 01:32:11.148,0.90634,0.90624,1,1
02.08.2021 01:32:18.102,0.90635,0.90625,1,1
02.08.2021 01:32:18.557,0.90634,0.90624,1,1.94
02.08.2021 01:32:23.737,0.90634,0.90624,1.5,1.69
02.08.2021 01:32:30.216,0.90634,0.90625,1,1
02.08.2021 01:32:36.411,0.90634,0.90624,1.5,1.69
02.08.2021 01:32:40.466,0.90634,0.90625,2.25,1
02.08.2021 01:32:45.114,0.90636,0.9062700000000001,1.5,1.57
02.08.2021 01:32:45.216,0.90638,0.9063,1,1
02.08.2021 01:32:45.317,0.9064000000000001,0.90629,3,1
02.08.2021 01:32:45.444,0.9063700000000001,0.9063,1,1
02.08.2021 01:32:49.036,0.9063700000000001,0.9063100000000001,1,1
02.08.2021 01:32:50.265,0.90639,0.9063100000000001,1.5,1
02.08.2021 01:32:50.366,0.90638,0.9063100000000001,1,1
02.08.2021 01:32:53.793,0.90639,0.9063100000000001,1.5,1.5
02.08.2021 01:32:53.895,0.9064000000000001,0.9063200000000001,1.5,1
02.08.2021 01:32:54.961,0.90641,0.90634,1.5,1
02.08.2021 01:32:57.799,0.9064200000000001,0.90634,1.5,1.5
02.08.2021 01:33:31.355,0.90641,0.90634,1,1
02.08.2021 01:33:59.674,0.90638,0.9063200000000001,1,1
02.08.2021 01:33:59.725,0.90636,0.90629,1,1
02.08.2021 01:33:59.827,0.90635,0.9062600000000001,1.5,2.7
02.08.2021 01:33:59.928,0.90634,0.9062600000000001,1,2.51
02.08.2021 01:34:06.528,0.9063700000000001,0.9063,1,1
02.08.2021 01:34:06.630,0.90638,0.9063100000000001,1,1
02.08.2021 01:34:28.224,0.90639,0.9063100000000001,1.5,1
02.08.2021 01:34:28.650,0.90636,0.9063100000000001,1,1
02.08.2021 01:34:28.701,0.90636,0.90628,1,1.5
02.08.2021 01:34:28.803,0.90635,0.9062700000000001,1,1.5
02.08.2021 01:34:28.904,0.90634,0.9062700000000001,1,1.5
02.08.2021 01:34:29.940,0.90633,0.9062600000000001,1,1
02.08.2021 01:34:33.459,0.9063200000000001,0.90625,1,1.76
02.08.2021 01:34:40.134,0.90633,0.90625,1,1.95
02.08.2021 01:34:40.235,0.90633,0.90625,1,2.76
02.08.2021 01:34:40.337,0.90633,0.90625,1,1.76
02.08.2021 01:34:41.557,0.90633,0.90628,1,1
02.08.2021 01:34:41.658,0.9063700000000001,0.90628,1,1
02.08.2021 01:34:42.111,0.90634,0.90628,1,1.5
02.08.2021 01:34:42.213,0.90633,0.9062700000000001,1,1
02.08.2021 01:34:42.315,0.90634,0.90625,1,1.57
02.08.2021 01:34:42.423,0.90634,0.90628,1,1
02.08.2021 01:34:42.526,0.90635,0.90628,1,1.57
02.08.2021 01:34:42.627,0.90636,0.90628,1,1.57
02.08.2021 01:34:46.165,0.90634,0.9062700000000001,1,1.5
02.08.2021 01:34:46.267,0.90634,0.9062600000000001,1,1.5
02.08.2021 01:34:46.721,0.9063200000000001,0.9062700000000001,1,1
02.08.2021 01:34:47.225,0.90633,0.9062700000000001,1,1
02.08.2021 01:34:49.361,0.9063200000000001,0.9062700000000001,1,1
02.08.2021 01:34:51.121,0.90633,0.9062700000000001,1,1
02.08.2021 01:34:51.611,0.9063200000000001,0.9062700000000001,1,1
02.08.2021 01:34:51.662,0.9063200000000001,0.90625,1,1.76
02.08.2021 01:34:52.676,0.90633,0.9062600000000001,1,1
02.08.2021 01:34:54.243,0.90633,0.9062700000000001,1,1.5
02.08.2021 01:34:54.294,0.90635,0.9062700000000001,1,2.06
02.08.2021 01:34:54.396,0.90636,0.90628,1,1.12
02.08.2021 01:34:54.758,0.90633,0.9062700000000001,1,1.5
02.08.2021 01:34:59.181,0.90634,0.90628,1,1
02.08.2021 01:34:59.283,0.90635,0.90629,1,1
02.08.2021 01:34:59.436,0.90634,0.9062700000000001,1,2.32
02.08.2021 01:34:59.555,0.90633,0.9062700000000001,1,1.5
02.08.2021 01:34:59.656,0.90633,0.9062600000000001,1,1.57
02.08.2021 01:35:02.397,0.9063200000000001,0.9062600000000001,1,1.5
02.08.2021 01:35:17.052,0.90633,0.9062600000000001,1,1
02.08.2021 01:35:20.352,0.90636,0.9062600000000001,1,1
02.08.2021 01:35:20.454,0.90636,0.9062700000000001,1,1.57
02.08.2021 01:35:22.385,0.90634,0.9062700000000001,1,1
02.08.2021 01:35:23.320,0.90634,0.90625,1,1.69
02.08.2021 01:35:24.664,0.90635,0.90625,1,1
02.08.2021 01:35:24.766,0.90634,0.90625,1,1.69
02.08.2021 01:35:25.072,0.90634,0.9062600000000001,1,1
02.08.2021 01:35:25.695,0.90633,0.90625,1,1.5
02.08.2021 01:35:27.300,0.90634,0.90625,1,1.69
02.08.2021 01:35:30.894,0.90634,0.9062700000000001,1,1
02.08.2021 01:35:30.944,0.90634,0.90625,1,1.69
02.08.2021 01:35:36.914,0.90633,0.90625,1,1.25
02.08.2021 01:35:39.037,0.90634,0.90625,1,1.25
02.08.2021 01:35:39.138,0.90636,0.90628,1,1
02.08.2021 01:35:39.240,0.90634,0.9062600000000001,1,1.1
02.08.2021 01:35:47.332,0.90633,0.9062600000000001,1,1.1
02.08.2021 01:35:47.996,0.90634,0.9062600000000001,1,1
02.08.2021 01:35:52.251,0.90635,0.9062600000000001,1,1.1
02.08.2021 01:35:55.784,0.90634,0.9062600000000001,1,1
02.08.2021 01:36:20.305,0.90639,0.90629,1,3.19
02.08.2021 01:36:20.406,0.9064000000000001,0.90629,1.5,5.16
02.08.2021 01:36:21.803,0.9064000000000001,0.9063200000000001,1,1
02.08.2021 01:36:22.164,0.90641,0.9063200000000001,1,1
02.08.2021 01:36:22.266,0.90643,0.90633,1,1.25
02.08.2021 01:36:22.417,0.90643,0.90635,1,1
02.08.2021 01:36:22.518,0.90643,0.90633,1.5,1.25
02.08.2021 01:36:27.398,0.9064200000000001,0.90633,1,1.25
02.08.2021 01:36:49.427,0.90643,0.90633,1,1.76
02.08.2021 01:36:53.992,0.90644,0.90633,1.5,2.32
02.08.2021 01:36:54.350,0.90643,0.90633,1,1.95
02.08.2021 01:37:08.928,0.9064200000000001,0.90633,1,1.25
02.08.2021 01:37:26.399,0.9064200000000001,0.90633,1,1.94
02.08.2021 01:37:33.753,0.90644,0.90634,1.5,1.75
02.08.2021 01:37:33.854,0.9064500000000001,0.90635,1.5,1.25
02.08.2021 01:37:34.157,0.9064500000000001,0.90636,1,1.25
02.08.2021 01:37:34.628,0.90644,0.90636,1,1.25
02.08.2021 01:37:34.730,0.90643,0.90636,1,1.25
02.08.2021 01:37:35.683,0.90643,0.90635,1,1.87
02.08.2021 01:37:35.784,0.90643,0.90636,1,1.25
02.08.2021 01:37:39.827,0.90643,0.90635,1,1.25
02.08.2021 01:37:43.813,0.90643,0.90634,1,1.69
02.08.2021 01:37:46.362,0.90643,0.90633,1.57,1
02.08.2021 01:37:51.717,0.9064200000000001,0.90633,1,1.25
02.08.2021 01:37:52.035,0.9064200000000001,0.9063200000000001,1,1.76
02.08.2021 01:37:52.278,0.9064200000000001,0.90633,1,1.25
02.08.2021 01:37:53.025,0.9064200000000001,0.9063200000000001,1,1.76
02.08.2021 01:37:56.231,0.90641,0.9063200000000001,1,1.01
02.08.2021 01:37:56.332,0.9064200000000001,0.9063200000000001,1.5,1.01
02.08.2021 01:38:01.803,0.90644,0.9063200000000001,1.5,1.35
02.08.2021 01:38:07.653,0.90643,0.9063200000000001,1.5,1.85
02.08.2021 01:38:07.805,0.90644,0.9063200000000001,1.5,1.35
02.08.2021 01:38:10.219,0.9064000000000001,0.9063100000000001,1,1.01
02.08.2021 01:38:10.370,0.9064000000000001,0.9063200000000001,1,1.25
02.08.2021 01:38:13.248,0.90641,0.90633,1,1.25
02.08.2021 01:38:13.452,0.9064200000000001,0.90633,1,1.69
02.08.2021 01:38:13.553,0.90641,0.90633,1,1.25
02.08.2021 01:38:16.368,0.90641,0.9063200000000001,1,1.01
02.08.2021 01:38:16.570,0.9064200000000001,0.90633,1,1.75
02.08.2021 01:38:16.671,0.90641,0.90633,1,1.25
02.08.2021 01:38:18.163,0.90641,0.9063200000000001,1,1.01
02.08.2021 01:38:18.662,0.9064000000000001,0.9063200000000001,1.5,1.25
02.08.2021 01:38:18.763,0.90639,0.9063100000000001,1,1.25
02.08.2021 01:38:21.182,0.9063700000000001,0.9063100000000001,1,1.01
02.08.2021 01:38:21.307,0.90635,0.90628,1,1.2
02.08.2021 01:38:21.358,0.90635,0.9062600000000001,1,1.25
02.08.2021 01:38:21.459,0.90634,0.9062600000000001,1,1.25
02.08.2021 01:38:21.510,0.90635,0.90623,1,2.51
02.08.2021 01:38:21.630,0.90634,0.90623,1,1.01
02.08.2021 01:38:28.213,0.9063200000000001,0.90623,1,1.01
02.08.2021 01:38:31.590,0.9063200000000001,0.90624,1,1.25
02.08.2021 01:38:33.191,0.90633,0.90624,1,1.25
02.08.2021 01:38:36.733,0.90634,0.90625,1,1
02.08.2021 01:38:37.530,0.9063200000000001,0.90625,1,1
02.08.2021 01:38:51.723,0.9063200000000001,0.90624,1,1.69
02.08.2021 01:39:15.473,0.9063200000000001,0.90623,1,1.69
02.08.2021 01:39:16.314,0.9063,0.9062200000000001,1,1.76
02.08.2021 01:39:16.516,0.9063,0.90623,1,1.25
02.08.2021 01:39:18.562,0.9063100000000001,0.90623,1,1.25
02.08.2021 01:39:24.043,0.9063200000000001,0.90623,1,1.25
02.08.2021 01:39:27.304,0.9063200000000001,0.90624,1,1.25
02.08.2021 01:39:43.095,0.9063700000000001,0.90629,2.75,1.25
02.08.2021 01:39:43.197,0.9063700000000001,0.90629,1,1.25
02.08.2021 01:39:43.602,0.9063700000000001,0.90628,1.5,2.51
02.08.2021 01:39:43.839,0.9063700000000001,0.90629,1,1
02.08.2021 01:39:43.991,0.90636,0.90628,1.5,1.69
02.08.2021 01:39:46.022,0.90638,0.90629,2.32,1
02.08.2021 01:39:46.123,0.9063700000000001,0.90629,1,1
02.08.2021 01:39:46.224,0.90638,0.9062700000000001,1.5,1.69
02.08.2021 01:39:46.275,0.90635,0.90628,1,1.25
02.08.2021 01:39:46.427,0.90636,0.90628,1.5,1.69
02.08.2021 01:39:46.528,0.90638,0.90629,1.57,1.69
02.08.2021 01:39:46.659,0.90638,0.9063,1,1.25
02.08.2021 01:39:52.891,0.90639,0.90628,1,1
02.08.2021 01:40:05.647,0.90636,0.90628,1.1,1
02.08.2021 01:40:05.748,0.90634,0.9062700000000001,1,1.69
02.08.2021 01:40:09.513,0.90634,0.90628,1,1.25
02.08.2021 01:40:09.715,0.90635,0.9062600000000001,1,1.69
02.08.2021 01:40:18.532,0.90634,0.9062600000000001,1,1.76
02.08.2021 01:40:21.783,0.90636,0.9062600000000001,1,1.25
02.08.2021 01:40:30.387,0.90635,0.90625,1.5,1.25
02.08.2021 01:40:31.167,0.90635,0.9062600000000001,1,1.25
02.08.2021 01:40:31.268,0.90634,0.9062600000000001,1,1.25
02.08.2021 01:40:31.440,0.90634,0.90625,1,1.12
02.08.2021 01:40:39.871,0.90633,0.90624,1,1.01
02.08.2021 01:40:56.617,0.90635,0.9062600000000001,1.1,1.25
02.08.2021 01:40:56.719,0.90634,0.9062600000000001,1,1.25
02.08.2021 01:40:57.551,0.90634,0.90625,1,1.2
02.08.2021 01:40:57.657,0.9063200000000001,0.90625,1,1.01
02.08.2021 01:40:59.362,0.90633,0.9062600000000001,1,1.25
02.08.2021 01:40:59.463,0.90635,0.9062700000000001,1.1,1.25
02.08.2021 01:40:59.565,0.90633,0.90625,1,1.01
02.08.2021 01:41:24.121,0.90635,0.90625,2.32,2.51
02.08.2021 01:41:24.173,0.90634,0.90624,1,1.76
02.08.2021 01:41:29.839,0.90634,0.9062600000000001,1,1.25
02.08.2021 01:41:30.106,0.90633,0.90625,1,1
02.08.2021 01:41:37.290,0.90633,0.90624,1,1.69
02.08.2021 01:41:39.170,0.90634,0.90625,1,1.25
02.08.2021 01:41:39.271,0.90633,0.90625,1,1.25
02.08.2021 01:41:41.839,0.90633,0.90624,1,1.69
02.08.2021 01:41:41.952,0.90633,0.90625,1,1.25
02.08.2021 01:41:46.177,0.90635,0.90625,2.32,1.69
02.08.2021 01:41:46.228,0.90633,0.90625,1,1.25
02.08.2021 01:42:41.487,0.90633,0.90624,1,1.69
02.08.2021 01:42:57.984,0.90634,0.9062600000000001,1,1.25
02.08.2021 01:42:58.085,0.90633,0.90624,1,1.69
02.08.2021 01:42:58.187,0.90634,0.90624,1,1.25
02.08.2021 01:42:58.297,0.90633,0.90624,1,1.69
02.08.2021 01:42:58.449,0.90634,0.90624,1,1.25
02.08.2021 01:43:25.269,0.90633,0.90624,1,1.69
02.08.2021 01:43:30.154,0.90633,0.90625,1,1.25
02.08.2021 01:43:30.255,0.90634,0.9062600000000001,1,1
02.08.2021 01:43:41.522,0.90634,0.90625,1,1.25
02.08.2021 01:44:00.505,0.90634,0.9062600000000001,1,1.25
02.08.2021 01:44:00.657,0.90634,0.90625,1,1.25
02.08.2021 01:44:01.072,0.90634,0.9062600000000001,1,1.25
02.08.2021 01:44:01.174,0.90636,0.90625,1,1.25
02.08.2021 01:44:06.381,0.90635,0.90625,1,1.25
02.08.2021 01:44:12.320,0.90635,0.9062600000000001,1,1.25
02.08.2021 01:44:25.323,0.90635,0.90625,1.5,1.25
02.08.2021 01:44:35.851,0.90635,0.90625,1.5,1.25
02.08.2021 01:44:40.674,0.90636,0.90625,1,1.75
02.08.2021 01:44:42.220,0.90635,0.90625,1.5,1.75
02.08.2021 01:44:47.325,0.9063700000000001,0.90629,1,1.69
02.08.2021 01:44:47.376,0.90639,0.9063,1.1,1.25
02.08.2021 01:44:47.479,0.90639,0.90629,1,1.01
02.08.2021 01:44:47.581,0.90638,0.90629,1,1.01
02.08.2021 01:44:47.705,0.90639,0.90629,1.5,1.01
02.08.2021 01:44:48.623,0.90636,0.9062700000000001,1,1.01
02.08.2021 01:44:48.726,0.9063700000000001,0.9062700000000001,1,1.26
02.08.2021 01:44:48.828,0.90638,0.90628,1,1.5
02.08.2021 01:44:52.503,0.90639,0.90628,1.5,1.5
02.08.2021 01:45:01.508,0.90641,0.9063100000000001,1,1.5
02.08.2021 01:45:01.610,0.9064200000000001,0.9063100000000001,1,1.5
02.08.2021 01:45:11.847,0.90641,0.9063100000000001,1,1.26
02.08.2021 01:45:11.948,0.90641,0.9063,1,2.41
02.08.2021 01:45:15.555,0.90641,0.9063200000000001,1,1.25
02.08.2021 01:45:31.245,0.9064200000000001,0.9063200000000001,1.5,1.75
02.08.2021 01:45:31.346,0.9064200000000001,0.90633,1,3.32
02.08.2021 01:45:31.397,0.90644,0.90635,1,1.25
02.08.2021 01:45:31.666,0.90644,0.90634,1.5,1.25
02.08.2021 01:45:35.412,0.90646,0.90636,1.5,1.76
02.08.2021 01:45:35.514,0.90644,0.90635,1,1.76
02.08.2021 01:45:37.330,0.90644,0.90633,1,1.75
02.08.2021 01:45:38.646,0.90644,0.90635,1,1.25
02.08.2021 01:45:38.747,0.9064500000000001,0.90635,1.5,1.25
02.08.2021 01:45:40.298,0.9064500000000001,0.90635,2,1.25
02.08.2021 01:45:40.478,0.9064500000000001,0.90635,1.5,1.25
02.08.2021 01:45:41.103,0.90649,0.90639,1.57,1.69
02.08.2021 01:45:41.204,0.90649,0.9064000000000001,1,1.25
02.08.2021 01:45:41.466,0.9065000000000001,0.90641,1.1,1.25
02.08.2021 01:45:53.779,0.9065000000000001,0.9064200000000001,1.57,1
02.08.2021 01:46:03.137,0.90651,0.90641,1.1,2.44
02.08.2021 01:46:23.021,0.90651,0.9064200000000001,1.1,1.25
02.08.2021 01:46:39.991,0.90651,0.90641,1.57,2.44
02.08.2021 01:47:03.122,0.90651,0.9064200000000001,1,1.69
02.08.2021 01:47:30.347,0.90651,0.9064200000000001,2.45,1
02.08.2021 01:47:32.023,0.9065200000000001,0.90641,1.5,1.25
02.08.2021 01:48:41.136,0.90649,0.9064200000000001,1,1
02.08.2021 01:48:43.131,0.9065000000000001,0.9064200000000001,1.5,1
02.08.2021 01:48:43.182,0.9065000000000001,0.9064200000000001,1,1
02.08.2021 01:48:49.187,0.9064700000000001,0.90639,1.5,1.69
02.08.2021 01:48:49.289,0.9064500000000001,0.90638,1.5,1.25
02.08.2021 01:48:49.390,0.90644,0.90636,1,1.69
02.08.2021 01:48:49.442,0.9064200000000001,0.90635,1,1.25
02.08.2021 01:48:55.334,0.90641,0.90635,1,1.25
02.08.2021 01:48:57.905,0.9064200000000001,0.90635,1.5,1.25
02.08.2021 01:49:12.910,0.9064200000000001,0.90634,1,2.44
02.08.2021 01:50:02.926,0.90643,0.90634,1,1.69
02.08.2021 01:50:03.078,0.9064200000000001,0.90634,1,1.69
02.08.2021 01:50:03.179,0.90643,0.90634,1,1.69
02.08.2021 01:50:03.280,0.9064200000000001,0.90634,1,1.69
02.08.2021 01:50:15.680,0.90644,0.90636,2.25,1
02.08.2021 01:50:18.116,0.9064200000000001,0.90634,1,1.75
02.08.2021 01:50:21.336,0.9064200000000001,0.90634,1,1
02.08.2021 01:50:36.860,0.9064500000000001,0.90638,1,1
02.08.2021 01:50:36.962,0.90646,0.90638,1,1
02.08.2021 01:50:37.751,0.90648,0.90638,2.25,1
02.08.2021 01:50:42.915,0.90648,0.90641,1,1
02.08.2021 01:50:43.017,0.90649,0.90641,1.5,1
02.08.2021 01:50:47.594,0.9065000000000001,0.9064200000000001,2.25,1
02.08.2021 01:51:11.747,0.90651,0.90643,1.5,1
02.08.2021 01:51:16.272,0.9065000000000001,0.9064200000000001,1,1.25
02.08.2021 01:51:18.690,0.90649,0.9064200000000001,1,1
02.08.2021 01:51:22.608,0.9065000000000001,0.9064200000000001,1.5,1.25
02.08.2021 01:51:39.266,0.90649,0.90641,1,1.25
02.08.2021 01:51:40.186,0.90648,0.9064000000000001,1.5,1
02.08.2021 01:51:40.288,0.9064700000000001,0.90639,1.5,1
02.08.2021 01:51:40.530,0.90646,0.9063700000000001,1.5,1.82
02.08.2021 01:51:40.632,0.90646,0.90638,1.5,1.25
02.08.2021 01:51:40.783,0.90646,0.90638,1,1.25
02.08.2021 01:51:46.296,0.90646,0.9063700000000001,1.5,1.1
02.08.2021 01:51:46.548,0.9064500000000001,0.9063700000000001,1,1.25
02.08.2021 01:51:49.773,0.90643,0.90635,1,1.69
02.08.2021 01:51:49.874,0.9064200000000001,0.90634,1,1.76
02.08.2021 01:52:09.811,0.9064500000000001,0.9063700000000001,1,2.25
02.08.2021 01:52:09.912,0.90646,0.90638,1.5,1.69
02.08.2021 01:52:10.176,0.9064700000000001,0.90639,1.5,1
02.08.2021 01:52:12.426,0.90649,0.90641,1.5,1
02.08.2021 01:52:14.839,0.90649,0.9064200000000001,1,1
02.08.2021 01:52:16.880,0.9065000000000001,0.9064200000000001,2.32,1
02.08.2021 01:52:20.482,0.9065000000000001,0.90641,2.32,1.69
02.08.2021 01:52:21.420,0.90651,0.90644,1.5,1.25
02.08.2021 01:52:21.521,0.9065000000000001,0.9064200000000001,1,2.44
02.08.2021 01:52:25.341,0.9065000000000001,0.90643,1,1.25
02.08.2021 01:52:25.493,0.90651,0.90641,1,2.44
02.08.2021 01:52:26.651,0.90649,0.90641,1,1
02.08.2021 01:52:31.085,0.90648,0.90641,1,1
02.08.2021 01:52:32.963,0.9064700000000001,0.90641,1,1
02.08.2021 01:52:33.770,0.9064700000000001,0.9064000000000001,1,1.76
02.08.2021 01:52:35.113,0.90649,0.9064000000000001,1.57,1.69
02.08.2021 01:52:40.529,0.9065000000000001,0.90638,1.1,1.76
02.08.2021 01:52:50.079,0.90649,0.9064000000000001,1.1,1.25
02.08.2021 01:53:41.216,0.9065000000000001,0.9064000000000001,1.5,1.69
02.08.2021 01:53:41.317,0.90649,0.9064000000000001,1,1.25
02.08.2021 01:53:43.492,0.9064700000000001,0.9064000000000001,1,1.25
02.08.2021 01:53:47.521,0.9065000000000001,0.90639,1,1.25
02.08.2021 01:53:50.112,0.90649,0.90639,1,1.76
02.08.2021 01:53:56.509,0.9065000000000001,0.90639,1.5,1.1
02.08.2021 01:54:00.323,0.9065000000000001,0.90638,1,1.1
02.08.2021 01:54:02.541,0.9065000000000001,0.90641,1,1.69
02.08.2021 01:54:02.747,0.90651,0.90639,1.5,1.69
02.08.2021 01:54:09.233,0.90651,0.90641,1.2,1.76
02.08.2021 01:54:09.346,0.9065000000000001,0.90641,1,1.01
02.08.2021 01:54:09.448,0.90651,0.9064200000000001,1,1.01
02.08.2021 01:54:09.549,0.90651,0.90643,1,1.25
02.08.2021 01:54:10.543,0.90654,0.90643,2.07,1.25
02.08.2021 01:54:16.746,0.9065200000000001,0.90643,1.1,1.25
02.08.2021 01:54:17.740,0.90653,0.90643,1.5,1.5
02.08.2021 01:54:23.413,0.90653,0.90643,1.87,1.5
02.08.2021 01:54:23.716,0.90653,0.90644,1,1.25
02.08.2021 01:54:32.588,0.90653,0.90641,1.12,1.25
02.08.2021 01:54:32.689,0.90653,0.90641,2.62,1.25
02.08.2021 01:54:32.740,0.9065000000000001,0.90641,1,1.25
02.08.2021 01:54:36.909,0.90649,0.90641,1,1.69
02.08.2021 01:54:55.942,0.90648,0.90641,1,1.69
02.08.2021 01:54:56.575,0.90648,0.9064200000000001,1,1.69
02.08.2021 01:54:56.676,0.90648,0.90643,1,1.25
02.08.2021 01:54:56.828,0.90651,0.9064200000000001,1,1.25
02.08.2021 01:54:57.630,0.9065000000000001,0.90643,1.62,1.25
02.08.2021 01:54:57.731,0.9065000000000001,0.9064200000000001,2.37,1.69
02.08.2021 01:54:59.927,0.9065000000000001,0.9064200000000001,1.5,1.69
02.08.2021 01:55:13.269,0.90649,0.90641,1,2.44
02.08.2021 01:55:17.868,0.90651,0.90641,1.5,1.25
02.08.2021 01:55:22.830,0.90651,0.9064200000000001,1.57,1.25
02.08.2021 01:55:28.013,0.90651,0.90641,1.57,1.69
02.08.2021 01:55:28.114,0.9065000000000001,0.9064000000000001,1,1.76
02.08.2021 01:55:28.265,0.9065000000000001,0.90641,1.5,1.25
02.08.2021 01:55:29.411,0.9065000000000001,0.9064000000000001,1.5,1.76
02.08.2021 01:55:30.069,0.9065000000000001,0.90641,1.5,1.25
02.08.2021 01:55:30.531,0.90649,0.9064000000000001,1,1.69
02.08.2021 01:55:31.699,0.90649,0.90641,1,1.25
02.08.2021 01:55:34.590,0.90649,0.9064000000000001,1,1.69
02.08.2021 01:55:43.473,0.90649,0.90641,1,1.25
02.08.2021 01:55:54.158,0.90649,0.9064000000000001,1,1.69
02.08.2021 01:55:54.999,0.90646,0.9063700000000001,1,2.26
02.08.2021 01:55:55.049,0.90646,0.9063700000000001,1,1.76
02.08.2021 01:55:55.100,0.90644,0.90636,1,1.25
02.08.2021 01:55:55.302,0.90644,0.90635,1,1.25
02.08.2021 01:55:56.343,0.90644,0.90636,1,1.25
02.08.2021 01:55:57.165,0.90644,0.9063700000000001,1,1.25
02.08.2021 01:55:57.266,0.90644,0.90636,1,1.25
02.08.2021 01:55:58.102,0.90644,0.90635,1,1.25
02.08.2021 01:55:58.294,0.9064500000000001,0.90635,1,1.25
02.08.2021 01:55:58.440,0.90644,0.90635,1,1.25
02.08.2021 01:55:58.992,0.90644,0.90636,1,1.25
02.08.2021 01:55:59.194,0.90644,0.90635,1,1.25
02.08.2021 01:55:59.295,0.90644,0.90636,1,1.25
02.08.2021 01:55:59.396,0.90643,0.90635,1.5,1.25
02.08.2021 01:56:01.023,0.90643,0.90634,1.5,1.25
02.08.2021 01:56:01.678,0.90643,0.90633,1.5,2.7
02.08.2021 01:56:01.826,0.90643,0.90634,1.5,1.25
02.08.2021 01:56:07.635,0.9064200000000001,0.90633,1,2.57
02.08.2021 01:56:07.743,0.9064200000000001,0.90633,1,1.69
02.08.2021 01:56:07.955,0.90641,0.90633,1,1.25
02.08.2021 01:56:08.107,0.9064200000000001,0.90633,1.5,1.25
02.08.2021 01:56:08.309,0.9064000000000001,0.90633,1,1.25
02.08.2021 01:56:11.394,0.90641,0.90633,1,1
02.08.2021 01:56:13.822,0.90643,0.9063200000000001,1.5,1.69
02.08.2021 01:56:15.317,0.9064200000000001,0.90634,1.5,1.25
02.08.2021 01:56:15.446,0.9064200000000001,0.90633,1.5,1.69
02.08.2021 01:56:22.724,0.9064200000000001,0.9063200000000001,1.5,2.89
02.08.2021 01:56:27.634,0.90641,0.9063200000000001,1.5,1.1
02.08.2021 01:56:27.887,0.9064000000000001,0.9063200000000001,1,1
02.08.2021 01:56:31.291,0.9064000000000001,0.9063100000000001,1,2.51
02.08.2021 01:56:32.510,0.9064000000000001,0.9063200000000001,1,1.25
02.08.2021 01:56:32.612,0.9064000000000001,0.9063100000000001,1,2.51
02.08.2021 01:56:32.763,0.9064000000000001,0.9063200000000001,1,1.25
02.08.2021 01:56:34.837,0.9064000000000001,0.9063100000000001,1,2.51
02.08.2021 01:56:35.089,0.9064000000000001,0.9063200000000001,1,1.25
02.08.2021 01:56:35.248,0.9064000000000001,0.9063100000000001,1,2.51
02.08.2021 01:56:40.256,0.9064000000000001,0.9063200000000001,1,1.25
02.08.2021 01:56:40.392,0.9064000000000001,0.9063100000000001,1,2.51
02.08.2021 01:56:40.732,0.9064000000000001,0.9063200000000001,1,1.25
02.08.2021 01:56:40.833,0.90641,0.9063,1,2.51
02.08.2021 01:56:44.648,0.9064000000000001,0.9063200000000001,1,1.25
02.08.2021 01:56:46.148,0.9064000000000001,0.9063100000000001,1,2.51
02.08.2021 01:56:46.828,0.9064000000000001,0.9063200000000001,1,1.25
02.08.2021 01:56:46.932,0.9064000000000001,0.9063100000000001,1,2.51
02.08.2021 01:56:49.316,0.9064000000000001,0.9063200000000001,1,1.25
02.08.2021 01:56:49.504,0.9064000000000001,0.9063100000000001,1,2.51
02.08.2021 01:56:50.650,0.9064000000000001,0.9063200000000001,1,1.25
02.08.2021 01:56:50.755,0.9064000000000001,0.9063100000000001,1,2.51
02.08.2021 01:56:51.988,0.9064000000000001,0.9063200000000001,1,1.25
02.08.2021 01:56:52.089,0.90641,0.9063,1,2.51
02.08.2021 01:56:53.005,0.90639,0.9063,1.5,1
02.08.2021 01:56:53.106,0.90639,0.90628,2.25,2.54
02.08.2021 01:56:53.207,0.90639,0.90628,2.25,1.69
02.08.2021 01:56:53.308,0.90638,0.90628,1,1.69
02.08.2021 01:56:56.328,0.90636,0.9062700000000001,1,1.69
02.08.2021 01:56:56.530,0.90634,0.9062600000000001,1,1.25
02.08.2021 01:56:58.924,0.90634,0.90625,1,2.44
02.08.2021 01:57:01.253,0.90635,0.9062600000000001,1.5,1.69
02.08.2021 01:57:01.527,0.90635,0.9062600000000001,1.5,1.75
02.08.2021 01:57:01.628,0.90636,0.9062700000000001,1.5,1.69
02.08.2021 01:57:01.830,0.90636,0.9062600000000001,1.5,2.44
02.08.2021 01:57:01.960,0.90636,0.9062700000000001,1.5,1.25
02.08.2021 01:57:09.878,0.90636,0.90628,1,1.25
02.08.2021 01:57:11.353,0.90634,0.9062700000000001,1,1.25
02.08.2021 01:57:11.455,0.90634,0.90625,1.5,2.44
02.08.2021 01:57:15.894,0.90634,0.9062600000000001,1.5,1.25
02.08.2021 01:57:16.049,0.90634,0.90625,1.5,2.44
02.08.2021 01:57:20.723,0.90633,0.90625,1,1.69
02.08.2021 01:57:22.729,0.90633,0.9062600000000001,1,1.25
02.08.2021 01:57:22.830,0.90634,0.9062600000000001,1,1.25
02.08.2021 01:57:22.931,0.90634,0.9062700000000001,1,1.25
02.08.2021 01:57:23.775,0.90634,0.9062700000000001,1,1.25
02.08.2021 01:57:23.826,0.90636,0.9062700000000001,1,1.25
02.08.2021 01:57:23.877,0.90636,0.9062600000000001,1,1.39
02.08.2021 01:57:24.703,0.90635,0.9062600000000001,1,1
02.08.2021 01:57:26.056,0.90635,0.90625,1.5,2.14
02.08.2021 01:57:26.208,0.90634,0.90625,1,1
02.08.2021 01:57:28.993,0.90635,0.90625,1.5,1.1
02.08.2021 01:57:29.900,0.90636,0.9062600000000001,1.5,1.31
02.08.2021 01:57:30.828,0.90635,0.90625,1.5,1.01
02.08.2021 01:58:01.877,0.90634,0.90624,1.5,2.89
02.08.2021 01:58:03.230,0.90634,0.9062600000000001,2.25,1
02.08.2021 01:58:03.331,0.90633,0.90623,4.5,1
02.08.2021 01:58:03.432,0.9063200000000001,0.90625,1,1
02.08.2021 01:58:03.534,0.90633,0.90625,1.12,1
02.08.2021 01:58:33.164,0.9063200000000001,0.90625,1,1
02.08.2021 01:58:36.192,0.90633,0.90625,1.5,1
02.08.2021 01:58:36.314,0.90633,0.90623,1,1.35
02.08.2021 01:59:04.696,0.90633,0.90623,1,1.01
02.08.2021 01:59:06.687,0.9063100000000001,0.9062200000000001,1.12,1.57
02.08.2021 01:59:06.738,0.9063,0.9062,1.5,2.51
02.08.2021 01:59:06.839,0.90629,0.90619,1.5,1
02.08.2021 01:59:07.042,0.90628,0.90619,1,1
02.08.2021 01:59:07.402,0.90628,0.9061700000000001,1.5,1.82
02.08.2021 01:59:43.194,0.9063100000000001,0.9062100000000001,2,3.82
02.08.2021 01:59:43.295,0.9063100000000001,0.9062100000000001,1.5,3.85
02.08.2021 01:59:45.558,0.9063,0.9062100000000001,1,2.72
02.08.2021 01:59:47.659,0.9063,0.9062100000000001,1,2.32
02.08.2021 01:59:47.811,0.9063,0.9062100000000001,1,4.22
02.08.2021 01:59:48.600,0.9063200000000001,0.9062,1.5,2.72
02.08.2021 01:59:48.701,0.9062700000000001,0.9061700000000001,1,1.79
02.08.2021 01:59:48.802,0.9062700000000001,0.9061700000000001,1,1.1
02.08.2021 01:59:56.018,0.90628,0.90619,1.87,1.37
02.08.2021 01:59:56.069,0.9063100000000001,0.9062100000000001,1,1.95
02.08.2021 01:59:56.170,0.9063200000000001,0.9062200000000001,1.5,1.1
02.08.2021 01:59:56.931,0.90634,0.90624,1,1.1
02.08.2021 01:59:57.903,0.90634,0.90624,1,3.66
02.08.2021 02:00:01.406,0.90635,0.90625,1.87,1.1
02.08.2021 02:00:05.534,0.90635,0.9062600000000001,2.25,1
02.08.2021 02:00:26.580,0.90634,0.9062600000000001,1,1
02.08.2021 02:00:42.485,0.90633,0.90625,1,1.1
02.08.2021 02:00:50.660,0.90634,0.9062600000000001,1,1
02.08.2021 02:00:50.812,0.90634,0.90628,1,1
02.08.2021 02:00:50.913,0.90635,0.90628,1,1
02.08.2021 02:00:51.345,0.90635,0.9062600000000001,1,1.76
02.08.2021 02:00:51.838,0.90635,0.9062600000000001,1,2.57
02.08.2021 02:00:52.102,0.90638,0.9062700000000001,2.25,1
02.08.2021 02:00:56.607,0.90638,0.90628,1,1
02.08.2021 02:00:56.658,0.90639,0.9063200000000001,1,1
02.08.2021 02:00:59.899,0.90638,0.9063200000000001,1,1
02.08.2021 02:01:02.946,0.9064000000000001,0.9063200000000001,1,1
02.08.2021 02:01:11.230,0.90641,0.9063200000000001,1.5,1
02.08.2021 02:01:11.931,0.90641,0.9063200000000001,1,2.57
02.08.2021 02:01:12.226,0.90641,0.90634,1,1
02.08.2021 02:01:12.327,0.9064200000000001,0.90634,1,1
02.08.2021 02:01:29.030,0.90641,0.90634,1,1
02.08.2021 02:01:37.141,0.9064200000000001,0.90634,1.5,1
02.08.2021 02:02:28.300,0.90643,0.9063700000000001,1,1
02.08.2021 02:02:28.351,0.90648,0.90638,2.82,1
02.08.2021 02:02:28.452,0.90648,0.90638,1.95,1
02.08.2021 02:02:29.380,0.90648,0.90639,1.5,1
02.08.2021 02:02:29.481,0.90648,0.9064000000000001,1,1
02.08.2021 02:02:30.053,0.90648,0.90639,1,1
02.08.2021 02:02:31.200,0.90646,0.9063700000000001,1.5,1
02.08.2021 02:02:39.135,0.90646,0.90638,1.1,1
02.08.2021 02:02:39.237,0.90648,0.9064000000000001,1,1
02.08.2021 02:02:45.264,0.90649,0.9064000000000001,1.5,1
02.08.2021 02:02:49.110,0.90649,0.90641,1,1
02.08.2021 02:02:49.212,0.9065000000000001,0.90641,1,1.5
02.08.2021 02:02:50.044,0.90653,0.9064500000000001,1.5,3.75
02.08.2021 02:02:50.195,0.90653,0.90644,1.5,1.5
02.08.2021 02:02:50.297,0.90653,0.9064500000000001,1.5,1.5
02.08.2021 02:02:51.145,0.90654,0.9064500000000001,1.5,2.25
02.08.2021 02:02:51.363,0.90654,0.9064700000000001,1,1
02.08.2021 02:02:55.775,0.90654,0.90646,1.5,1
02.08.2021 02:03:29.361,0.90656,0.90648,1,1
02.08.2021 02:03:29.563,0.9065700000000001,0.90649,1,1
02.08.2021 02:03:37.458,0.90654,0.90646,1,1.87
02.08.2021 02:03:37.559,0.90654,0.9064500000000001,1,1.69
02.08.2021 02:03:37.712,0.90654,0.90646,1,1.25
02.08.2021 02:03:41.563,0.90656,0.90648,1,1
02.08.2021 02:03:43.405,0.9065700000000001,0.90649,1.5,1
02.08.2021 02:03:45.804,0.90656,0.90648,1,1
02.08.2021 02:03:46.157,0.9065700000000001,0.90649,1.5,1
02.08.2021 02:04:20.711,0.9065700000000001,0.9065000000000001,1,1
02.08.2021 02:04:20.813,0.9065700000000001,0.90649,1,1
02.08.2021 02:04:33.996,0.9065799999999999,0.9065000000000001,1,1
02.08.2021 02:04:43.027,0.90656,0.90648,3,1
02.08.2021 02:04:43.128,0.90654,0.90646,1,1
02.08.2021 02:04:43.766,0.9065500000000001,0.9064700000000001,1,1
02.08.2021 02:04:43.868,0.9065700000000001,0.9064700000000001,1,1
02.08.2021 02:04:44.827,0.9065700000000001,0.90649,1.87,1
02.08.2021 02:05:24.858,0.9066000000000001,0.90654,1,1
02.08.2021 02:05:24.959,0.9066200000000001,0.90654,3,1
02.08.2021 02:05:25.467,0.9066200000000001,0.9065200000000001,1,1
02.08.2021 02:05:39.744,0.9066200000000001,0.90651,1,1
02.08.2021 02:05:40.292,0.9066000000000001,0.90651,1.5,1
02.08.2021 02:05:40.393,0.9066000000000001,0.9065000000000001,2.25,1.69
02.08.2021 02:05:40.507,0.90659,0.9065000000000001,1,1.5
02.08.2021 02:05:49.379,0.9065799999999999,0.9065000000000001,1,1
02.08.2021 02:05:58.730,0.90656,0.9065000000000001,1,1
02.08.2021 02:06:02.809,0.9065799999999999,0.9065000000000001,1,1
02.08.2021 02:06:13.675,0.9065700000000001,0.9065000000000001,1,1
