Gmt time,Ask,Bid,AskVolume,BidVolume
09.08.2021 00:00:00.418,0.9157700000000001,0.9156799999999999,1,1
09.08.2021 00:00:00.581,0.9157700000000001,0.9156700000000001,1,1.5
09.08.2021 00:00:00.941,0.91579,0.9156700000000001,2,1
09.08.2021 00:00:02.105,0.91574,0.9156200000000001,1.5,1.81
09.08.2021 00:00:02.156,0.91574,0.91561,2.62,1.12
09.08.2021 00:00:02.257,0.9157299999999999,0.9156200000000001,1.51,1
09.08.2021 00:00:02.512,0.9157100000000001,0.9156200000000001,2.19,1
09.08.2021 00:00:04.328,0.9157000000000001,0.91561,2.62,1
09.08.2021 00:00:04.429,0.9156700000000001,0.9156200000000001,1,1
09.08.2021 00:00:04.682,0.91569,0.9156200000000001,4.12,1
09.08.2021 00:00:05.734,0.9156700000000001,0.9156200000000001,1,1
09.08.2021 00:00:06.394,0.91564,0.9155700000000001,1,1
09.08.2021 00:00:11.329,0.91566,0.9155700000000001,1,1
09.08.2021 00:00:17.690,0.9156500000000001,0.91556,1,1
09.08.2021 00:00:17.741,0.9156700000000001,0.9155700000000001,1,1
09.08.2021 00:00:17.843,0.91569,0.91559,1,1.5
09.08.2021 00:00:17.944,0.91569,0.9156000000000001,1,1
09.08.2021 00:00:18.248,0.91569,0.91559,1.5,1.5
09.08.2021 00:00:21.125,0.9157100000000001,0.91561,1.5,1.5
09.08.2021 00:00:25.759,0.9157100000000001,0.9156200000000001,1,1
09.08.2021 00:00:25.860,0.9157100000000001,0.9156299999999999,1,1
09.08.2021 00:00:25.911,0.9157299999999999,0.9156299999999999,1,1
09.08.2021 00:00:27.767,0.91574,0.91564,2.06,1
09.08.2021 00:00:28.068,0.9157700000000001,0.9156700000000001,1.25,1
09.08.2021 00:00:28.169,0.9157799999999999,0.9156799999999999,1.5,1
09.08.2021 00:00:28.270,0.9157799999999999,0.9156700000000001,1.5,1
09.08.2021 00:00:30.862,0.9157700000000001,0.9156700000000001,1.31,1
09.08.2021 00:00:32.166,0.9157799999999999,0.9156799999999999,5.44,1
09.08.2021 00:00:35.317,0.9157600000000001,0.9156500000000001,3.94,1
09.08.2021 00:00:38.296,0.9157600000000001,0.9156700000000001,1,1
09.08.2021 00:00:38.499,0.9157700000000001,0.9156700000000001,1.69,1.5
09.08.2021 00:00:45.778,0.9157799999999999,0.9156799999999999,2.87,1
09.08.2021 00:00:45.880,0.9157799999999999,0.91569,1,1
09.08.2021 00:00:50.616,0.9158000000000001,0.9157100000000001,1,1
09.08.2021 00:00:50.717,0.9158100000000001,0.9157100000000001,1,1.5
09.08.2021 00:00:50.819,0.9158200000000001,0.9157200000000001,1.31,1.5
09.08.2021 00:00:54.700,0.9158100000000001,0.9157200000000001,1,1
09.08.2021 00:01:00.150,0.9157799999999999,0.91569,1,1
09.08.2021 00:01:01.014,0.9157700000000001,0.91569,1,1.69
09.08.2021 00:01:01.115,0.9157700000000001,0.9157100000000001,1,1
09.08.2021 00:01:03.525,0.91579,0.9157000000000001,1,1
09.08.2021 00:01:03.576,0.9158100000000001,0.9157299999999999,1.12,3.19
09.08.2021 00:01:03.677,0.91584,0.9157500000000001,1,1
09.08.2021 00:01:03.779,0.91585,0.9157600000000001,1,1
09.08.2021 00:01:11.071,0.9158600000000001,0.9157600000000001,1.5,1.5
09.08.2021 00:01:13.080,0.9158600000000001,0.9157700000000001,1,1
09.08.2021 00:01:18.946,0.9158700000000001,0.9157700000000001,2.25,1
09.08.2021 00:01:19.149,0.9158700000000001,0.9157799999999999,1.5,1
09.08.2021 00:01:21.987,0.9159100000000001,0.9158299999999999,1,1
09.08.2021 00:01:22.038,0.91593,0.91584,1.5,1.25
09.08.2021 00:01:22.089,0.91595,0.91585,2.44,1
09.08.2021 00:01:32.368,0.91595,0.9158600000000001,1.69,1
09.08.2021 00:01:34.161,0.91595,0.91585,2.81,1
09.08.2021 00:01:34.332,0.9159600000000001,0.9158700000000001,1,3.19
09.08.2021 00:01:34.484,0.9159600000000001,0.91585,1,1.5
09.08.2021 00:01:34.637,0.9159600000000001,0.9158600000000001,2.62,1.5
09.08.2021 00:01:34.739,0.91595,0.9158600000000001,1,1.5
09.08.2021 00:01:35.163,0.9159700000000001,0.91585,2.62,1.5
09.08.2021 00:01:35.265,0.91595,0.9158600000000001,1,1.5
09.08.2021 00:01:36.452,0.9159600000000001,0.9158600000000001,3.56,1.5
09.08.2021 00:01:36.655,0.91595,0.9158600000000001,1,1.5
09.08.2021 00:01:36.983,0.9159600000000001,0.9158600000000001,3.56,1.5
09.08.2021 00:01:37.085,0.91595,0.9158600000000001,1,1.5
09.08.2021 00:01:37.649,0.9159600000000001,0.9158600000000001,3.56,1.5
09.08.2021 00:01:37.761,0.91595,0.9158600000000001,1.5,1
09.08.2021 00:02:01.680,0.9159600000000001,0.9158600000000001,2.25,1.5
09.08.2021 00:02:03.146,0.91594,0.9158600000000001,1,1.5
09.08.2021 00:02:03.247,0.91594,0.91585,1.5,1
09.08.2021 00:02:06.076,0.9158700000000001,0.91579,1,1.5
09.08.2021 00:02:06.127,0.9158799999999999,0.9157700000000001,1,1.69
09.08.2021 00:02:06.229,0.9158799999999999,0.9157799999999999,2.25,1
09.08.2021 00:02:17.383,0.9158600000000001,0.9157700000000001,2.44,1
09.08.2021 00:02:17.638,0.9158299999999999,0.9157500000000001,1,1
09.08.2021 00:02:17.805,0.91584,0.9157500000000001,1.25,1
09.08.2021 00:02:17.907,0.9158299999999999,0.91574,1.25,1
09.08.2021 00:02:18.059,0.91584,0.91574,1.69,1.5
09.08.2021 00:02:42.079,0.9158799999999999,0.9158000000000001,1.12,1
09.08.2021 00:02:42.130,0.9159,0.9158299999999999,1.5,1
09.08.2021 00:02:42.181,0.91584,0.91574,1,3.94
09.08.2021 00:02:42.232,0.9158600000000001,0.9157700000000001,3.19,1
09.08.2021 00:02:43.298,0.9158700000000001,0.9157700000000001,2.25,1.5
09.08.2021 00:02:46.938,0.9159,0.9158299999999999,1,1
09.08.2021 00:02:47.039,0.9159,0.91584,1,1
09.08.2021 00:02:47.364,0.91594,0.91584,1.69,1.5
09.08.2021 00:02:47.849,0.91594,0.9158600000000001,1,1
09.08.2021 00:02:47.899,0.9159600000000001,0.9158600000000001,2.44,1.5
09.08.2021 00:02:48.051,0.9159600000000001,0.9158700000000001,1,1
09.08.2021 00:02:48.556,0.91599,0.9159,1,1
09.08.2021 00:02:48.658,0.9160100000000001,0.9159200000000001,1.25,1
09.08.2021 00:02:48.759,0.91603,0.91595,1,1
09.08.2021 00:02:48.810,0.91608,0.91599,2.25,1
09.08.2021 00:02:48.860,0.91609,0.9160200000000002,1.75,1
09.08.2021 00:02:48.962,0.9161200000000002,0.9160200000000002,2.25,1.5
09.08.2021 00:02:49.012,0.91613,0.91604,1.5,1
09.08.2021 00:02:49.164,0.91613,0.91603,2.25,1.5
09.08.2021 00:02:50.357,0.91615,0.9160600000000001,1.5,1.5
09.08.2021 00:02:50.459,0.9161600000000001,0.9160600000000001,1.5,1.69
09.08.2021 00:02:50.560,0.9161700000000002,0.91608,1.5,1
09.08.2021 00:02:51.166,0.91618,0.91608,3.94,1.5
09.08.2021 00:02:51.267,0.9161900000000001,0.91608,3.19,1
09.08.2021 00:02:51.386,0.91618,0.91608,3.19,1.5
09.08.2021 00:02:51.538,0.91613,0.91604,1,1.87
09.08.2021 00:02:51.639,0.9161200000000002,0.91603,1.5,1
09.08.2021 00:02:51.741,0.9161200000000002,0.9160100000000001,1.5,1
09.08.2021 00:02:52.515,0.9161,0.9160100000000001,1,1
09.08.2021 00:02:52.616,0.9161,0.916,2.25,1
09.08.2021 00:02:52.869,0.9161,0.9160200000000002,1,1
09.08.2021 00:02:54.728,0.9161100000000001,0.91599,1.5,1
09.08.2021 00:02:54.879,0.9161,0.9160100000000001,1,1
09.08.2021 00:02:55.233,0.9161,0.91599,1,1
09.08.2021 00:02:55.436,0.9160700000000002,0.9159700000000001,3.19,1.5
09.08.2021 00:02:55.537,0.9160700000000002,0.9159600000000001,1.5,1
09.08.2021 00:02:57.269,0.9160700000000002,0.9159700000000001,1.5,1
09.08.2021 00:02:58.371,0.91605,0.91595,2.25,1.87
09.08.2021 00:02:59.092,0.91603,0.91594,1,1
09.08.2021 00:02:59.194,0.91603,0.91593,1.5,1
09.08.2021 00:03:00.082,0.9160200000000002,0.91593,1,1
09.08.2021 00:03:03.051,0.9160100000000001,0.9159200000000001,1,1.5
09.08.2021 00:03:03.153,0.916,0.9159100000000001,1.5,1
09.08.2021 00:03:03.254,0.91599,0.9159,1,1
09.08.2021 00:03:05.875,0.916,0.9158799999999999,1.5,1.69
09.08.2021 00:03:06.759,0.91598,0.91589,1,1.69
09.08.2021 00:03:06.911,0.91603,0.9159600000000001,1.5,3
09.08.2021 00:03:06.961,0.91604,0.9159600000000001,2.25,1.69
09.08.2021 00:03:07.012,0.91604,0.91598,1.5,1.69
09.08.2021 00:03:07.063,0.91609,0.916,1.5,1
09.08.2021 00:03:07.164,0.9161,0.9160100000000001,2.25,1.5
09.08.2021 00:03:07.584,0.9160700000000002,0.91598,1.5,1.69
09.08.2021 00:03:07.685,0.9160700000000002,0.91599,1,1.5
09.08.2021 00:03:07.786,0.9161,0.91598,1.5,2.44
09.08.2021 00:03:09.654,0.9161,0.9160100000000001,1.5,1
09.08.2021 00:03:09.762,0.9161,0.916,2.25,1.5
09.08.2021 00:03:10.097,0.9161,0.9160100000000001,1.5,1
09.08.2021 00:03:13.386,0.9161100000000001,0.9160100000000001,2.25,1
09.08.2021 00:03:16.462,0.9161100000000001,0.9160100000000001,1.5,2.5
09.08.2021 00:03:17.259,0.9161200000000002,0.91603,1.5,1.25
09.08.2021 00:03:17.412,0.91613,0.91604,1,1
09.08.2021 00:03:17.513,0.91614,0.91604,2.25,1.5
09.08.2021 00:03:23.272,0.91613,0.91604,1,1.5
09.08.2021 00:03:23.322,0.9161200000000002,0.9160200000000002,2.25,1.5
09.08.2021 00:03:23.784,0.9161100000000001,0.9160200000000002,1,1.5
09.08.2021 00:03:24.902,0.91609,0.9160100000000001,1.5,1.5
09.08.2021 00:03:25.003,0.91604,0.91595,1,1.5
09.08.2021 00:03:25.104,0.91603,0.91595,1,1
09.08.2021 00:03:25.205,0.91603,0.91594,1.5,1.25
09.08.2021 00:03:28.731,0.9160100000000001,0.91594,1,1
09.08.2021 00:03:28.782,0.9160100000000001,0.9159200000000001,1.5,1
09.08.2021 00:03:29.186,0.916,0.9159200000000001,1,1
09.08.2021 00:03:29.288,0.9160100000000001,0.9159200000000001,1.87,1
09.08.2021 00:03:30.598,0.9160200000000002,0.91593,1.5,1
09.08.2021 00:03:33.222,0.91605,0.9159600000000001,1.5,1.5
09.08.2021 00:03:33.489,0.9160600000000001,0.9159600000000001,2.25,2.25
09.08.2021 00:03:33.591,0.9160600000000001,0.91598,1,1
09.08.2021 00:03:33.692,0.9160600000000001,0.9159700000000001,1,1.5
09.08.2021 00:03:34.156,0.91608,0.91599,2,1
09.08.2021 00:03:34.258,0.91608,0.916,1,1
09.08.2021 00:03:34.359,0.9161,0.9160100000000001,1.5,1
09.08.2021 00:03:35.284,0.9161100000000001,0.9160200000000002,1.5,1
09.08.2021 00:03:41.422,0.9161100000000001,0.916,1.5,1.5
09.08.2021 00:03:44.178,0.91609,0.91599,1,1
09.08.2021 00:03:44.279,0.91608,0.91599,1,1
09.08.2021 00:03:46.017,0.9160700000000002,0.91599,1,1
09.08.2021 00:03:46.119,0.9160700000000002,0.9159700000000001,2.25,1.69
09.08.2021 00:03:49.668,0.91603,0.91594,1,1.5
09.08.2021 00:03:50.203,0.91604,0.91594,2.25,2.25
09.08.2021 00:03:52.843,0.9160600000000001,0.91595,1.5,1
09.08.2021 00:03:56.219,0.9160600000000001,0.9159600000000001,1.5,1.5
09.08.2021 00:03:56.690,0.9160700000000002,0.9159600000000001,1.5,1
09.08.2021 00:03:57.575,0.9160600000000001,0.91599,1,1.5
09.08.2021 00:03:57.676,0.91608,0.91599,1,1.69
09.08.2021 00:03:57.778,0.91609,0.91599,2.25,2.44
09.08.2021 00:03:57.879,0.9161,0.916,2.44,1.5
09.08.2021 00:03:58.081,0.9161,0.9160200000000002,1.5,1
09.08.2021 00:03:59.634,0.9161,0.9160100000000001,1.5,1
09.08.2021 00:04:00.064,0.91609,0.91598,1.5,1
09.08.2021 00:04:00.166,0.9160700000000002,0.91599,1.5,1
09.08.2021 00:04:00.268,0.9160600000000001,0.91598,1,1
09.08.2021 00:04:00.370,0.91609,0.91599,2.25,1.5
09.08.2021 00:04:01.481,0.9160600000000001,0.91599,1,1
09.08.2021 00:04:01.584,0.9160600000000001,0.91598,1,1
09.08.2021 00:04:04.934,0.9160700000000002,0.91598,1.5,1
09.08.2021 00:04:05.577,0.9160700000000002,0.9160100000000001,1,1
09.08.2021 00:04:05.628,0.9161,0.9160100000000001,1,1
09.08.2021 00:04:05.807,0.9161100000000001,0.9160100000000001,1.25,1.5
09.08.2021 00:04:05.909,0.9161100000000001,0.9160200000000002,1,1
09.08.2021 00:04:08.447,0.9161200000000002,0.9160200000000002,1.5,1.69
09.08.2021 00:04:09.245,0.91618,0.91608,1.5,1.25
09.08.2021 00:04:09.795,0.91618,0.91609,1,1
09.08.2021 00:04:12.656,0.9161900000000001,0.91609,1.5,1.5
09.08.2021 00:04:12.757,0.9162,0.9161100000000001,1.5,1
09.08.2021 00:04:13.722,0.9162,0.9161,1.5,1.69
09.08.2021 00:04:20.276,0.9162,0.9161100000000001,2.25,1
09.08.2021 00:04:20.479,0.9162100000000001,0.9161100000000001,2.25,1.5
09.08.2021 00:04:25.333,0.9162,0.9161100000000001,1,1.5
09.08.2021 00:04:26.693,0.9162100000000001,0.9161100000000001,1.5,1.5
09.08.2021 00:04:26.794,0.9162100000000001,0.9161200000000002,1,1
09.08.2021 00:04:35.050,0.9162100000000001,0.9161100000000001,1.5,1.5
09.08.2021 00:04:45.583,0.9162100000000001,0.9161200000000002,1.12,1
09.08.2021 00:04:45.786,0.9162200000000001,0.9161200000000002,1.5,1.5
09.08.2021 00:04:48.389,0.9162100000000001,0.9161200000000002,1,1.5
09.08.2021 00:04:48.541,0.9162100000000001,0.9161100000000001,1.5,1.5
09.08.2021 00:04:49.079,0.9162,0.9161100000000001,1.12,1.5
09.08.2021 00:04:59.582,0.9162,0.91614,1.5,1
09.08.2021 00:05:00.895,0.9162100000000001,0.91615,2.25,1
09.08.2021 00:05:02.245,0.9162100000000001,0.91614,1,1
09.08.2021 00:05:06.169,0.9162100000000001,0.91615,1,1
09.08.2021 00:05:06.693,0.9162200000000001,0.91615,1.12,1
09.08.2021 00:05:11.457,0.9161900000000001,0.91614,1,1
09.08.2021 00:05:11.558,0.9162200000000001,0.9161600000000001,2.62,1
09.08.2021 00:05:11.609,0.9162200000000001,0.91614,1.31,1
09.08.2021 00:05:11.761,0.91618,0.9161,1,1
09.08.2021 00:05:11.863,0.9162100000000001,0.9161100000000001,2.81,1.5
09.08.2021 00:05:11.914,0.9162200000000001,0.9161200000000002,1.69,1
09.08.2021 00:05:12.015,0.9162200000000001,0.91613,1.69,1
09.08.2021 00:05:14.022,0.9162200000000001,0.91615,1.31,1
09.08.2021 00:05:16.271,0.9162,0.91614,1,1
09.08.2021 00:05:16.373,0.9162100000000001,0.91614,1,1
09.08.2021 00:05:18.310,0.9162100000000001,0.91615,1.12,1
09.08.2021 00:05:18.411,0.9162200000000001,0.91615,1.12,1
09.08.2021 00:05:19.223,0.9162100000000001,0.91615,1,1
09.08.2021 00:05:22.103,0.9162,0.91614,1,1
09.08.2021 00:05:26.164,0.9162,0.91613,1.87,1
09.08.2021 00:05:26.366,0.9162200000000001,0.9161200000000002,1,1
09.08.2021 00:05:29.219,0.9162100000000001,0.9161200000000002,1,1
09.08.2021 00:05:46.802,0.9162,0.9161200000000002,1,1
09.08.2021 00:05:46.904,0.9161900000000001,0.9161200000000002,1.5,1
09.08.2021 00:05:51.388,0.9161100000000001,0.91604,1,1
09.08.2021 00:05:51.491,0.9161200000000002,0.91604,1.2,1
09.08.2021 00:05:52.235,0.9161200000000002,0.91603,1.95,1
09.08.2021 00:05:59.467,0.9161200000000002,0.91604,1.95,1
09.08.2021 00:05:59.670,0.91613,0.91604,1.95,1
09.08.2021 00:06:27.244,0.9161100000000001,0.91603,1,1
09.08.2021 00:06:27.346,0.9161200000000002,0.91603,2.44,1
09.08.2021 00:06:28.719,0.9161,0.916,1,1
09.08.2021 00:06:29.344,0.9161,0.9160100000000001,1.31,1
09.08.2021 00:06:56.716,0.9161200000000002,0.91603,1.5,1
09.08.2021 00:06:56.868,0.9161100000000001,0.9160200000000002,1.57,1
09.08.2021 00:06:57.277,0.9161100000000001,0.9160200000000002,2.26,1
09.08.2021 00:06:57.379,0.9160600000000001,0.91598,1,1
09.08.2021 00:06:57.481,0.9160600000000001,0.9159700000000001,2.7,1
09.08.2021 00:06:58.276,0.91609,0.9159700000000001,4.14,1
09.08.2021 00:06:58.327,0.91608,0.91598,1.76,1.5
09.08.2021 00:06:58.378,0.91609,0.916,2.5,1
09.08.2021 00:06:59.905,0.91609,0.916,1.12,1
09.08.2021 00:07:05.613,0.9161200000000002,0.9160100000000001,1,1
09.08.2021 00:07:07.170,0.9161,0.9160200000000002,1.69,1
09.08.2021 00:07:07.221,0.9160700000000002,0.91598,1.5,1.5
09.08.2021 00:07:08.774,0.9161100000000001,0.9160200000000002,1.95,1
09.08.2021 00:07:09.596,0.91609,0.9160200000000002,6.75,1
09.08.2021 00:07:09.646,0.9160700000000002,0.91599,1.5,1
09.08.2021 00:07:09.748,0.9161200000000002,0.9160200000000002,2.81,1.5
09.08.2021 00:07:17.738,0.9161200000000002,0.91603,1.12,1
09.08.2021 00:07:17.889,0.91613,0.91603,1.87,1.5
09.08.2021 00:07:26.401,0.91613,0.9160200000000002,1,1
09.08.2021 00:07:35.460,0.91613,0.91603,1.87,1.5
09.08.2021 00:07:36.733,0.9161100000000001,0.91603,1,1
09.08.2021 00:07:36.834,0.9161200000000002,0.91603,1,1
09.08.2021 00:07:39.524,0.9161100000000001,0.9160200000000002,1,1
09.08.2021 00:07:43.680,0.9161100000000001,0.91603,1,1
09.08.2021 00:07:51.497,0.91613,0.91603,2.62,1
09.08.2021 00:07:55.708,0.91614,0.91603,1.12,1
09.08.2021 00:08:00.100,0.9161700000000002,0.91608,1.69,1
09.08.2021 00:08:00.201,0.9161600000000001,0.91608,1.25,1
09.08.2021 00:08:02.565,0.91615,0.9160700000000002,2.06,1
09.08.2021 00:08:05.865,0.91614,0.91605,1,1
09.08.2021 00:08:10.681,0.91615,0.91603,1.95,1
09.08.2021 00:08:20.481,0.91613,0.91603,1,1.5
09.08.2021 00:08:22.367,0.9161100000000001,0.9160200000000002,1,1
09.08.2021 00:08:24.732,0.9161,0.9160200000000002,1,1
09.08.2021 00:08:24.783,0.91605,0.9159600000000001,1,1.5
09.08.2021 00:08:31.039,0.91609,0.91599,2.25,1.5
09.08.2021 00:08:31.141,0.9161,0.916,2.14,1.5
09.08.2021 00:08:31.242,0.9161,0.9160100000000001,1,1
09.08.2021 00:08:33.316,0.9161200000000002,0.9160200000000002,3.7,1
09.08.2021 00:08:35.924,0.91605,0.9159700000000001,1,1.12
09.08.2021 00:08:36.025,0.9160600000000001,0.91594,1.5,1.69
09.08.2021 00:08:36.409,0.9160200000000002,0.91594,1,1
09.08.2021 00:08:36.561,0.91604,0.91594,2.95,1.5
09.08.2021 00:08:37.327,0.91604,0.91595,1,1
09.08.2021 00:08:39.732,0.91603,0.91594,1,1
09.08.2021 00:08:40.392,0.91604,0.91594,1.95,1
09.08.2021 00:08:40.822,0.91604,0.91595,1,1
09.08.2021 00:08:44.075,0.91603,0.91594,1,1.12
09.08.2021 00:08:47.867,0.91603,0.91593,1.5,1.5
09.08.2021 00:08:52.606,0.91604,0.91594,1.5,1.5
09.08.2021 00:08:53.139,0.91603,0.91594,1,1
09.08.2021 00:08:54.133,0.91604,0.91594,1.5,1.5
09.08.2021 00:08:54.234,0.91604,0.91595,1,1
09.08.2021 00:09:01.367,0.91605,0.91595,2.14,1.5
09.08.2021 00:09:01.468,0.91603,0.91594,1,1
09.08.2021 00:09:01.570,0.91604,0.91594,1,1.5
09.08.2021 00:09:01.671,0.9160700000000002,0.91598,1.69,1
09.08.2021 00:09:01.722,0.9160600000000001,0.9159600000000001,3,1
09.08.2021 00:09:01.823,0.91605,0.91595,1.12,1.5
09.08.2021 00:09:02.608,0.9160700000000002,0.9159700000000001,2.06,1.5
09.08.2021 00:09:02.709,0.9160700000000002,0.91598,1,1
09.08.2021 00:09:02.760,0.91605,0.91595,1.5,2.44
09.08.2021 00:09:10.843,0.91604,0.91595,1,1
09.08.2021 00:09:20.124,0.9160200000000002,0.91594,1,1
09.08.2021 00:09:20.275,0.91604,0.91593,1.25,1
09.08.2021 00:09:26.048,0.91604,0.91594,1.31,1.5
09.08.2021 00:09:32.618,0.91604,0.91594,2.87,1
09.08.2021 00:09:32.719,0.91604,0.91594,2.44,1.5
09.08.2021 00:09:35.564,0.91604,0.91594,2.56,1.5
09.08.2021 00:09:37.628,0.91603,0.91594,1.5,1
09.08.2021 00:09:37.730,0.91598,0.9159,1.5,1
09.08.2021 00:09:37.831,0.91598,0.91589,1.5,1.69
09.08.2021 00:09:38.580,0.9160100000000001,0.9159200000000001,1.81,1
09.08.2021 00:09:38.631,0.9160100000000001,0.9159200000000001,1.31,1
09.08.2021 00:09:41.450,0.91598,0.9159,1.5,1.25
09.08.2021 00:09:46.020,0.916,0.9159,2.44,1
09.08.2021 00:10:00.184,0.9159600000000001,0.9158700000000001,1,1
09.08.2021 00:10:00.285,0.91595,0.9158600000000001,1.12,1
09.08.2021 00:10:00.386,0.9158799999999999,0.9158000000000001,1,2.25
09.08.2021 00:10:00.487,0.91589,0.9158000000000001,1,2.25
09.08.2021 00:10:00.895,0.91589,0.9158100000000001,1,1
09.08.2021 00:10:01.494,0.9159,0.9158100000000001,1,1
09.08.2021 00:10:09.605,0.9158700000000001,0.9157700000000001,1.12,1.5
09.08.2021 00:10:10.603,0.9158700000000001,0.9157600000000001,1,1
09.08.2021 00:10:11.486,0.9158600000000001,0.9157700000000001,1.5,1
09.08.2021 00:10:11.588,0.91585,0.9157600000000001,1,1
09.08.2021 00:10:14.660,0.91585,0.9157700000000001,1.5,1
09.08.2021 00:10:18.506,0.91584,0.9157500000000001,1,1
09.08.2021 00:10:18.608,0.91584,0.91574,1.87,1.5
09.08.2021 00:10:18.709,0.9158299999999999,0.91574,1,1
09.08.2021 00:10:22.293,0.91579,0.9157000000000001,1,2.37
09.08.2021 00:10:22.398,0.9157700000000001,0.9156700000000001,2.25,1
09.08.2021 00:10:22.499,0.9157500000000001,0.9156700000000001,1,1
09.08.2021 00:10:22.651,0.9157500000000001,0.9156500000000001,1,1
09.08.2021 00:10:22.752,0.91574,0.9156500000000001,2.62,1
09.08.2021 00:10:25.916,0.9157200000000001,0.9156299999999999,1.5,1
09.08.2021 00:10:26.018,0.9157200000000001,0.91561,1.12,1
09.08.2021 00:10:27.009,0.9157200000000001,0.91564,1.5,1.5
09.08.2021 00:10:27.060,0.91574,0.91564,2.62,1.5
09.08.2021 00:10:27.162,0.91574,0.9156500000000001,2.75,1
09.08.2021 00:10:32.953,0.9157200000000001,0.9156500000000001,1,1
09.08.2021 00:10:33.838,0.9157200000000001,0.91564,1,1.5
09.08.2021 00:10:58.560,0.9157100000000001,0.9156299999999999,1,1
09.08.2021 00:11:00.315,0.9157100000000001,0.91564,1,1
09.08.2021 00:11:05.492,0.91574,0.9156799999999999,1,1
09.08.2021 00:11:05.543,0.9157700000000001,0.9156799999999999,1.5,1
09.08.2021 00:11:05.695,0.91579,0.9157000000000001,1,3
09.08.2021 00:11:09.639,0.91579,0.9157100000000001,1,1
09.08.2021 00:11:09.791,0.9158100000000001,0.9157100000000001,1.5,1.5
09.08.2021 00:11:10.759,0.9158100000000001,0.9157200000000001,1,1
09.08.2021 00:11:24.497,0.9158200000000001,0.9157200000000001,2.62,1.5
09.08.2021 00:11:40.504,0.9158200000000001,0.9157299999999999,2.25,1
09.08.2021 00:11:42.506,0.91584,0.9157500000000001,1.5,1
09.08.2021 00:11:42.607,0.9158600000000001,0.9157600000000001,1.5,1
09.08.2021 00:11:42.709,0.9158600000000001,0.9157700000000001,1,1
09.08.2021 00:11:43.236,0.9158700000000001,0.9157700000000001,1.5,1.5
09.08.2021 00:11:43.959,0.9158700000000001,0.9157799999999999,1,1
09.08.2021 00:11:45.708,0.9158799999999999,0.9157799999999999,2.25,1.5
09.08.2021 00:11:45.813,0.9158799999999999,0.91579,1,1.5
09.08.2021 00:11:45.914,0.91589,0.9158000000000001,1,1
09.08.2021 00:11:47.488,0.9159,0.9158100000000001,1.12,1
09.08.2021 00:11:54.451,0.9159,0.9158000000000001,1,1.69
09.08.2021 00:11:58.040,0.9158799999999999,0.9157799999999999,1.5,1.12
09.08.2021 00:11:58.142,0.9158700000000001,0.9157700000000001,1,2.25
09.08.2021 00:12:06.221,0.91589,0.91579,1,1
09.08.2021 00:12:06.372,0.91589,0.9158000000000001,1.25,1
09.08.2021 00:12:20.506,0.9159,0.9158000000000001,1.87,1.5
09.08.2021 00:12:26.503,0.9159100000000001,0.9158100000000001,2.19,1.5
09.08.2021 00:12:31.507,0.9159200000000001,0.9158000000000001,2.06,1.5
09.08.2021 00:12:44.687,0.9158799999999999,0.9157799999999999,1.5,1
09.08.2021 00:12:44.789,0.9158700000000001,0.9157700000000001,1,1.69
09.08.2021 00:12:51.078,0.9159,0.9158100000000001,5.25,1
09.08.2021 00:12:51.180,0.91589,0.9158000000000001,1.12,1
09.08.2021 00:12:51.282,0.9159,0.9158100000000001,2.25,1
09.08.2021 00:12:51.384,0.9159100000000001,0.9158200000000001,1,1
09.08.2021 00:13:11.216,0.91593,0.91584,1.31,1
09.08.2021 00:13:11.367,0.91594,0.91585,1,1
09.08.2021 00:13:19.413,0.91595,0.91585,1.5,1.5
09.08.2021 00:13:30.467,0.91594,0.91585,1,1
09.08.2021 00:13:30.568,0.91589,0.9158100000000001,1,1
09.08.2021 00:13:30.669,0.9159,0.9158000000000001,2.62,1.5
09.08.2021 00:13:30.770,0.91589,0.9158000000000001,1,1
09.08.2021 00:13:35.414,0.9158799999999999,0.9157700000000001,1.5,1.69
09.08.2021 00:13:35.566,0.9158799999999999,0.9157799999999999,1,1
09.08.2021 00:13:56.897,0.91589,0.91579,2.81,1
09.08.2021 00:13:59.678,0.9159,0.9158000000000001,2.06,1.5
09.08.2021 00:13:59.779,0.9159,0.9158100000000001,1,1
09.08.2021 00:14:00.467,0.9159100000000001,0.9158100000000001,1,1
09.08.2021 00:14:05.208,0.9159200000000001,0.9158200000000001,1.5,1
09.08.2021 00:14:10.717,0.9159200000000001,0.9158299999999999,1,1
09.08.2021 00:14:39.934,0.9159200000000001,0.9158200000000001,1,1
09.08.2021 00:14:42.826,0.9159200000000001,0.9158299999999999,3.37,1
09.08.2021 00:14:44.029,0.9159100000000001,0.9158299999999999,1,1
09.08.2021 00:14:47.234,0.91593,0.9158200000000001,3.37,1
09.08.2021 00:14:53.667,0.91593,0.91584,1.69,1
09.08.2021 00:14:53.769,0.91594,0.91585,1.25,1
09.08.2021 00:14:53.870,0.91595,0.9158600000000001,1.69,1
09.08.2021 00:15:07.282,0.91595,0.9158700000000001,1,1
09.08.2021 00:15:07.383,0.9159700000000001,0.9158700000000001,2.06,1
09.08.2021 00:15:07.484,0.91598,0.9158799999999999,3.19,1.5
09.08.2021 00:15:15.294,0.9159700000000001,0.9158799999999999,1,1.5
09.08.2021 00:15:17.128,0.91598,0.9158799999999999,5.81,1.5
09.08.2021 00:15:30.744,0.91599,0.9159,1.5,1
09.08.2021 00:15:30.897,0.9160200000000002,0.9159100000000001,1,1
09.08.2021 00:15:31.100,0.9160100000000001,0.91594,1,1
09.08.2021 00:15:34.454,0.91603,0.91594,1,1
09.08.2021 00:15:42.918,0.91604,0.91594,1.5,1.5
09.08.2021 00:15:46.680,0.91604,0.91595,1,1
09.08.2021 00:15:47.094,0.9160200000000002,0.91595,1,1
09.08.2021 00:15:48.738,0.91604,0.91595,1.12,1
09.08.2021 00:16:01.565,0.91605,0.9159700000000001,1,1
09.08.2021 00:16:01.667,0.9160600000000001,0.9159700000000001,1.5,1
09.08.2021 00:16:01.768,0.91608,0.916,1,1
09.08.2021 00:16:02.163,0.91608,0.91599,1.31,1
09.08.2021 00:16:02.264,0.91608,0.91598,2.81,1
09.08.2021 00:16:04.420,0.91609,0.916,1,1
09.08.2021 00:16:04.723,0.9161100000000001,0.91599,3.56,1.5
09.08.2021 00:16:08.079,0.9161,0.9160100000000001,2.62,1
09.08.2021 00:16:08.180,0.9161,0.91603,1.69,1
09.08.2021 00:16:13.863,0.91614,0.91605,1.69,1
09.08.2021 00:16:14.014,0.91614,0.91604,2.06,1
09.08.2021 00:16:15.052,0.9161200000000002,0.91604,1,1
09.08.2021 00:16:25.040,0.9161100000000001,0.91604,1,1
09.08.2021 00:16:25.501,0.91613,0.91604,1.31,1
09.08.2021 00:16:27.330,0.9161100000000001,0.91604,1,1
09.08.2021 00:16:27.381,0.91615,0.9160700000000002,1,1
09.08.2021 00:16:27.483,0.9161600000000001,0.9160700000000002,1,1
09.08.2021 00:16:27.635,0.9161700000000002,0.91608,1,1
09.08.2021 00:16:29.676,0.91614,0.9160700000000002,1,1
09.08.2021 00:16:29.777,0.91613,0.9160600000000001,1,1
09.08.2021 00:16:30.487,0.91614,0.91608,1,1
09.08.2021 00:16:30.589,0.9161700000000002,0.9160700000000002,1,1
09.08.2021 00:16:32.542,0.9161700000000002,0.9161,1,1
09.08.2021 00:16:32.862,0.9161700000000002,0.91609,1,1
09.08.2021 00:16:33.678,0.91618,0.9161,1,1
09.08.2021 00:16:42.981,0.9161900000000001,0.9161100000000001,1,1
09.08.2021 00:16:46.983,0.9162100000000001,0.9161100000000001,2.62,1.69
09.08.2021 00:16:47.085,0.9162100000000001,0.9161200000000002,1.87,1
09.08.2021 00:16:48.250,0.9162100000000001,0.9161100000000001,3,1.5
09.08.2021 00:16:48.357,0.9162,0.9161100000000001,1,1
09.08.2021 00:17:00.117,0.9162100000000001,0.9161200000000002,1.12,1
09.08.2021 00:17:00.545,0.9162,0.9161200000000002,1,1
09.08.2021 00:17:10.680,0.9162,0.9161100000000001,1,1
09.08.2021 00:17:14.800,0.9162,0.9161200000000002,1,1
09.08.2021 00:17:14.902,0.9162100000000001,0.9161200000000002,1,1
09.08.2021 00:17:15.003,0.9162100000000001,0.91613,1,1
09.08.2021 00:17:35.492,0.91623,0.91615,1,1
09.08.2021 00:17:35.594,0.91624,0.91615,1,1
09.08.2021 00:17:35.695,0.91623,0.9161700000000002,1,1
09.08.2021 00:17:43.308,0.9161900000000001,0.9161200000000002,1.87,1
09.08.2021 00:17:43.410,0.91615,0.9160600000000001,1.5,1.69
09.08.2021 00:17:43.511,0.91614,0.9160600000000001,1,1
09.08.2021 00:17:43.613,0.91613,0.9160600000000001,1,1
09.08.2021 00:17:43.714,0.91613,0.91605,1.5,1
09.08.2021 00:17:45.094,0.9161200000000002,0.91605,1,1
09.08.2021 00:17:58.653,0.9161200000000002,0.91603,2.44,1
09.08.2021 00:18:04.019,0.91608,0.9160200000000002,1,1
09.08.2021 00:18:04.121,0.9161100000000001,0.9160100000000001,2.06,1
09.08.2021 00:18:04.223,0.9161,0.91603,1,1
09.08.2021 00:18:04.324,0.9161100000000001,0.91603,3,1
09.08.2021 00:18:05.512,0.9161100000000001,0.91604,1.69,1
09.08.2021 00:18:06.164,0.9161200000000002,0.91604,2.06,1
09.08.2021 00:18:11.542,0.91613,0.91604,2.81,1
09.08.2021 00:18:27.321,0.9161200000000002,0.91604,1,1
09.08.2021 00:18:35.861,0.91613,0.91604,4.31,1
09.08.2021 00:18:39.207,0.9161200000000002,0.91604,1.12,1
09.08.2021 00:18:39.308,0.9161,0.91604,1.87,1
09.08.2021 00:18:39.364,0.9160600000000001,0.91599,1,1
09.08.2021 00:18:39.465,0.91609,0.916,2.44,1.25
09.08.2021 00:18:39.617,0.9161,0.9160200000000002,1,1
09.08.2021 00:18:44.683,0.9161,0.91603,1,1
09.08.2021 00:18:48.794,0.9161100000000001,0.91603,1.25,1
09.08.2021 00:18:50.185,0.9161200000000002,0.91603,3.75,1
09.08.2021 00:19:02.506,0.9161200000000002,0.91604,2.62,1
09.08.2021 00:19:02.690,0.91609,0.916,1,1
09.08.2021 00:19:02.792,0.9161100000000001,0.91603,4.75,1
09.08.2021 00:19:02.893,0.91609,0.9160200000000002,1.25,1
09.08.2021 00:19:02.994,0.9161,0.916,1.25,1
09.08.2021 00:19:03.096,0.91609,0.916,1.25,1
09.08.2021 00:19:05.816,0.9161,0.9160200000000002,1.25,1
09.08.2021 00:19:26.920,0.9161100000000001,0.9160200000000002,1.25,1
09.08.2021 00:19:27.604,0.91613,0.9160700000000002,1,1
09.08.2021 00:19:27.655,0.91614,0.91604,1,1
09.08.2021 00:19:27.806,0.91613,0.91604,1.69,1
09.08.2021 00:19:28.160,0.9161100000000001,0.91604,1,1
09.08.2021 00:19:28.662,0.9161200000000002,0.91604,1.69,1
09.08.2021 00:19:29.554,0.9161200000000002,0.91603,1.25,1
09.08.2021 00:19:29.655,0.9161100000000001,0.91603,1,1
09.08.2021 00:19:29.757,0.9160700000000002,0.91599,1.5,1
09.08.2021 00:19:29.858,0.9160700000000002,0.91598,1,1
09.08.2021 00:19:34.695,0.9160700000000002,0.91599,1.25,1
09.08.2021 00:19:37.693,0.91605,0.9159700000000001,1.12,1
09.08.2021 00:19:37.795,0.91603,0.9159600000000001,1,1
09.08.2021 00:19:37.997,0.91605,0.9159600000000001,2.06,1
09.08.2021 00:19:46.197,0.91605,0.91595,2.06,1
09.08.2021 00:19:46.348,0.91604,0.91595,1,1
09.08.2021 00:19:54.200,0.91605,0.9159600000000001,1.87,1
09.08.2021 00:19:54.604,0.91603,0.91595,1,1
09.08.2021 00:19:54.706,0.91604,0.91595,1.87,1
09.08.2021 00:19:57.301,0.91604,0.91594,1,1
09.08.2021 00:19:58.539,0.91603,0.91594,1.87,1
09.08.2021 00:20:01.331,0.9160200000000002,0.91594,1,1
09.08.2021 00:20:01.432,0.9160100000000001,0.91593,1,1
09.08.2021 00:20:02.453,0.9160200000000002,0.91593,3.19,1
09.08.2021 00:20:20.255,0.916,0.9159200000000001,1,1
09.08.2021 00:20:21.324,0.916,0.91593,1,1
09.08.2021 00:20:21.476,0.916,0.9159200000000001,1,1
09.08.2021 00:20:27.203,0.9160200000000002,0.9159200000000001,3.62,1
09.08.2021 00:20:29.233,0.9160200000000002,0.91593,1,1
09.08.2021 00:20:31.142,0.91604,0.91593,1,1
09.08.2021 00:21:14.901,0.91604,0.91594,1.87,1.5
09.08.2021 00:21:32.706,0.91603,0.91594,1,1
09.08.2021 00:21:46.484,0.91603,0.91595,1,1
09.08.2021 00:21:46.585,0.91604,0.91595,1.12,1
09.08.2021 00:21:55.708,0.91604,0.9159600000000001,1,1
09.08.2021 00:21:59.093,0.91605,0.9159600000000001,1.87,1
09.08.2021 00:22:10.361,0.9160600000000001,0.91599,1,1
09.08.2021 00:22:10.462,0.9160700000000002,0.9160100000000001,1,1
09.08.2021 00:22:10.564,0.9160700000000002,0.916,1,1
09.08.2021 00:22:20.875,0.9160700000000002,0.91599,1,1
09.08.2021 00:22:22.247,0.91604,0.9159700000000001,1,1
09.08.2021 00:22:22.348,0.91604,0.9159600000000001,1,1
09.08.2021 00:22:22.581,0.91604,0.91595,1,1
09.08.2021 00:22:28.165,0.91603,0.91595,1,1
09.08.2021 00:22:32.679,0.91605,0.91595,2.14,1
09.08.2021 00:22:32.897,0.91605,0.9159700000000001,1.25,1
09.08.2021 00:22:32.998,0.91605,0.9159600000000001,1.31,1
09.08.2021 00:22:45.809,0.91604,0.9159600000000001,1,1
09.08.2021 00:22:49.154,0.91604,0.91595,1.12,1
09.08.2021 00:22:52.832,0.91604,0.91594,2.06,1
09.08.2021 00:22:52.934,0.91603,0.91594,1,1
09.08.2021 00:23:00.099,0.9160200000000002,0.91594,1,1
09.08.2021 00:23:03.750,0.9160100000000001,0.91593,1,1
09.08.2021 00:23:03.956,0.916,0.9159100000000001,1.5,1.5
09.08.2021 00:23:04.007,0.91598,0.9159,1.5,1.12
09.08.2021 00:23:04.108,0.91598,0.91589,1.87,1.5
09.08.2021 00:23:14.699,0.9160200000000002,0.91593,1.69,1
09.08.2021 00:23:24.839,0.9160200000000002,0.9159200000000001,1.69,1
09.08.2021 00:23:35.852,0.9160200000000002,0.91593,1.5,1
09.08.2021 00:23:38.406,0.916,0.9159200000000001,1,1
09.08.2021 00:23:38.558,0.91599,0.9159200000000001,1,1
09.08.2021 00:23:42.086,0.9160100000000001,0.9159200000000001,1,1
09.08.2021 00:23:42.189,0.9160100000000001,0.91593,1,1
09.08.2021 00:23:44.761,0.9160100000000001,0.9159200000000001,1,1
09.08.2021 00:23:45.515,0.9160200000000002,0.9159200000000001,1.69,1
09.08.2021 00:23:57.432,0.916,0.9159200000000001,1.25,1
09.08.2021 00:23:57.482,0.91598,0.91589,1.5,1.69
09.08.2021 00:23:57.783,0.9159700000000001,0.9158799999999999,1,1
09.08.2021 00:24:04.055,0.916,0.9159100000000001,1,1.12
09.08.2021 00:24:04.156,0.9160100000000001,0.9159100000000001,1.5,1.12
09.08.2021 00:24:04.258,0.9160200000000002,0.9159200000000001,1.69,1
09.08.2021 00:24:04.460,0.9160100000000001,0.9159200000000001,1,1
09.08.2021 00:24:09.093,0.9160200000000002,0.9159200000000001,1.5,1
09.08.2021 00:24:40.058,0.9160100000000001,0.9159200000000001,1.12,1
09.08.2021 00:24:43.510,0.9160200000000002,0.9159200000000001,2.06,1
09.08.2021 00:25:01.188,0.9160200000000002,0.9159100000000001,3.19,2.06
09.08.2021 00:25:01.466,0.9160100000000001,0.9159100000000001,1,2.06
09.08.2021 00:25:02.753,0.91599,0.9159100000000001,1,2.06
09.08.2021 00:25:02.804,0.91598,0.9158799999999999,3.94,2.25
09.08.2021 00:25:02.905,0.9159700000000001,0.9158799999999999,1,1.12
09.08.2021 00:25:13.765,0.91598,0.9158799999999999,1.5,1.69
09.08.2021 00:25:14.023,0.91598,0.91589,1,1
09.08.2021 00:25:14.125,0.91599,0.9159,1.25,1
09.08.2021 00:25:14.860,0.91599,0.9159100000000001,1,1
09.08.2021 00:25:17.097,0.916,0.9159100000000001,1,1.25
09.08.2021 00:25:18.135,0.9160100000000001,0.9159100000000001,1,1.69
09.08.2021 00:25:28.379,0.9160200000000002,0.9159200000000001,1.69,1
09.08.2021 00:25:44.523,0.9160100000000001,0.9159200000000001,1,1
09.08.2021 00:25:44.727,0.916,0.9159100000000001,1.5,1
09.08.2021 00:25:44.778,0.91599,0.9158700000000001,5.25,1.87
09.08.2021 00:25:44.880,0.9159600000000001,0.9158700000000001,1,1
09.08.2021 00:25:45.031,0.9159600000000001,0.9158600000000001,1,1.5
09.08.2021 00:25:47.931,0.91595,0.9158600000000001,1,1
09.08.2021 00:25:48.032,0.91595,0.91585,2.44,1.87
09.08.2021 00:25:48.134,0.91594,0.91585,1,1
09.08.2021 00:25:48.235,0.91594,0.91584,2.44,1.87
09.08.2021 00:25:51.795,0.9159,0.9158200000000001,1.5,1.12
09.08.2021 00:25:51.896,0.9159,0.9157799999999999,4.37,1.87
09.08.2021 00:25:51.998,0.91589,0.9157700000000001,1.69,1
09.08.2021 00:25:52.401,0.91585,0.9157700000000001,1,1.12
09.08.2021 00:25:52.553,0.9158700000000001,0.9157700000000001,3.25,1.12
09.08.2021 00:25:54.107,0.9158700000000001,0.9157700000000001,2.06,1
09.08.2021 00:26:02.846,0.9158700000000001,0.9157799999999999,1,1.5
09.08.2021 00:26:02.947,0.91589,0.9158200000000001,1.25,1
09.08.2021 00:26:02.998,0.91593,0.9158100000000001,1.5,1.25
09.08.2021 00:26:03.099,0.9159200000000001,0.9158299999999999,1,1
09.08.2021 00:26:03.200,0.91593,0.91584,1,1
09.08.2021 00:26:03.726,0.9158799999999999,0.9158000000000001,1,1
09.08.2021 00:26:03.827,0.9158799999999999,0.91579,1.5,1
09.08.2021 00:26:03.979,0.9158799999999999,0.9157799999999999,1.5,1.5
09.08.2021 00:26:13.950,0.9158700000000001,0.9157799999999999,1,1
09.08.2021 00:26:43.617,0.9158700000000001,0.9157700000000001,1.5,1.69
09.08.2021 00:26:52.519,0.9158600000000001,0.9157700000000001,1,1
09.08.2021 00:27:06.377,0.9158700000000001,0.9157700000000001,1.69,1.5
09.08.2021 00:27:08.929,0.9158700000000001,0.9157600000000001,1,1
09.08.2021 00:27:21.350,0.91585,0.9157700000000001,1,1
09.08.2021 00:27:29.568,0.91585,0.9157500000000001,1.69,2
09.08.2021 00:27:32.185,0.9158600000000001,0.9157600000000001,1.12,1.87
09.08.2021 00:27:37.697,0.9158700000000001,0.9157700000000001,1.5,1
09.08.2021 00:28:03.461,0.9158600000000001,0.9157700000000001,1.87,1
09.08.2021 00:28:23.785,0.9158700000000001,0.9157700000000001,2.81,1
09.08.2021 00:28:47.042,0.9158700000000001,0.9157799999999999,1,1
09.08.2021 00:29:03.305,0.9158700000000001,0.9157700000000001,2.81,1
09.08.2021 00:29:03.457,0.9158600000000001,0.9157700000000001,1,1
09.08.2021 00:29:35.535,0.91579,0.9157100000000001,1,1
09.08.2021 00:29:35.636,0.9158000000000001,0.9157100000000001,2.06,1
09.08.2021 00:29:35.737,0.91579,0.9157100000000001,1,1
09.08.2021 00:29:37.179,0.91579,0.9157000000000001,1,1
09.08.2021 00:29:37.281,0.9158000000000001,0.9157000000000001,2.81,1.5
09.08.2021 00:29:43.090,0.9158100000000001,0.9157200000000001,1,1
09.08.2021 00:29:43.191,0.9158200000000001,0.9157200000000001,1,1
09.08.2021 00:29:49.681,0.9158100000000001,0.9157200000000001,1.25,1
09.08.2021 00:29:54.392,0.9158000000000001,0.9157100000000001,1.31,1
09.08.2021 00:29:54.747,0.9158000000000001,0.9157000000000001,2.06,1.5
09.08.2021 00:30:03.075,0.91579,0.91569,1.25,1
09.08.2021 00:30:03.177,0.91579,0.91569,2.06,1.5
09.08.2021 00:30:03.491,0.91579,0.9157100000000001,1,1
09.08.2021 00:30:05.764,0.91579,0.9157000000000001,1,1
09.08.2021 00:30:11.361,0.9157799999999999,0.9157000000000001,1,1
09.08.2021 00:30:11.462,0.91579,0.9157000000000001,2.06,1
09.08.2021 00:30:16.692,0.91579,0.91569,2.81,1.5
09.08.2021 00:30:19.181,0.9157799999999999,0.91569,1,1
09.08.2021 00:30:42.317,0.91579,0.91569,1.87,1.5
09.08.2021 00:30:53.177,0.9158100000000001,0.9157299999999999,1.5,1
09.08.2021 00:30:53.278,0.9158200000000001,0.91574,1.25,1
09.08.2021 00:31:00.194,0.9158299999999999,0.9157200000000001,1.25,1
09.08.2021 00:31:03.048,0.9157700000000001,0.91569,1,1.75
09.08.2021 00:31:03.150,0.9157700000000001,0.91569,1,1
09.08.2021 00:31:03.608,0.9157700000000001,0.9156799999999999,1.25,1
09.08.2021 00:31:10.785,0.9157200000000001,0.91564,1,1.5
09.08.2021 00:31:10.836,0.9157000000000001,0.9156299999999999,1,1.12
09.08.2021 00:31:10.937,0.91569,0.91561,1,1
09.08.2021 00:31:14.931,0.9157000000000001,0.91561,1.69,1
09.08.2021 00:31:15.267,0.9156799999999999,0.91561,1,1
09.08.2021 00:31:25.274,0.91569,0.91561,1,1
09.08.2021 00:31:33.617,0.9157000000000001,0.91561,2.44,1
09.08.2021 00:31:34.689,0.9157000000000001,0.9156200000000001,1.5,1
09.08.2021 00:31:38.630,0.9157100000000001,0.9156299999999999,1.87,1
09.08.2021 00:31:46.071,0.9157100000000001,0.91566,1,1
09.08.2021 00:31:46.123,0.9157600000000001,0.9156700000000001,2.5,1
09.08.2021 00:31:46.224,0.9157700000000001,0.9156799999999999,1,1
09.08.2021 00:31:49.702,0.9157700000000001,0.91569,1,1
09.08.2021 00:31:49.867,0.9157200000000001,0.91566,1,1.25
09.08.2021 00:31:49.969,0.9157100000000001,0.91564,1,1
09.08.2021 00:31:50.070,0.9157100000000001,0.9156299999999999,1,1
09.08.2021 00:31:58.982,0.91569,0.9156200000000001,1,1
09.08.2021 00:32:02.487,0.9157000000000001,0.9156200000000001,1.5,1
09.08.2021 00:32:19.562,0.9157100000000001,0.9156200000000001,2.06,1
09.08.2021 00:32:29.088,0.9157000000000001,0.9156200000000001,1,1
09.08.2021 00:32:37.179,0.9157100000000001,0.9156000000000001,1,1
09.08.2021 00:32:56.873,0.9157000000000001,0.9156200000000001,1,1
09.08.2021 00:33:03.289,0.91574,0.91566,1,1
09.08.2021 00:33:03.390,0.9157500000000001,0.9156700000000001,1,1
09.08.2021 00:33:03.441,0.9157700000000001,0.9156700000000001,3.19,1
09.08.2021 00:33:03.642,0.9157700000000001,0.9156799999999999,2.06,1
09.08.2021 00:33:12.471,0.9157799999999999,0.9156799999999999,2.81,1
09.08.2021 00:33:12.623,0.91579,0.91569,2.06,1
09.08.2021 00:33:16.712,0.91579,0.9157000000000001,1.12,1
09.08.2021 00:33:22.612,0.9158000000000001,0.9157200000000001,1,1
09.08.2021 00:33:22.714,0.9158100000000001,0.9157200000000001,1.12,1
09.08.2021 00:33:29.413,0.9158000000000001,0.9157100000000001,1.12,1
09.08.2021 00:33:40.531,0.9158000000000001,0.91569,2.94,2.25
09.08.2021 00:33:40.633,0.9157799999999999,0.9156799999999999,1.5,2.37
09.08.2021 00:33:40.735,0.9157799999999999,0.9156799999999999,1.5,1.87
09.08.2021 00:33:45.929,0.9157799999999999,0.91569,1,1
09.08.2021 00:34:02.238,0.9157799999999999,0.9156799999999999,1,1.5
09.08.2021 00:34:03.021,0.9157700000000001,0.9156799999999999,1,1
09.08.2021 00:34:04.695,0.9157700000000001,0.9156700000000001,1,1
09.08.2021 00:34:15.389,0.9157700000000001,0.9156799999999999,2.25,1
09.08.2021 00:34:50.750,0.9157700000000001,0.91569,1,1
09.08.2021 00:34:50.851,0.91579,0.91569,2.19,1
09.08.2021 00:34:57.003,0.91579,0.91569,1.87,1
09.08.2021 00:35:16.586,0.9157799999999999,0.91569,1,1
09.08.2021 00:35:16.688,0.91579,0.91569,2.06,1
09.08.2021 00:35:25.432,0.91579,0.9157000000000001,1.12,1
09.08.2021 00:35:34.148,0.91579,0.91569,1.87,1
09.08.2021 00:35:38.264,0.91579,0.91569,2.19,1
09.08.2021 00:35:41.172,0.91579,0.91569,1.87,1
09.08.2021 00:35:51.963,0.91579,0.9157000000000001,1.12,1
09.08.2021 00:36:11.422,0.9158100000000001,0.9157299999999999,1.5,1
09.08.2021 00:36:11.905,0.9158200000000001,0.9157299999999999,1.69,1
09.08.2021 00:36:14.572,0.9158200000000001,0.91574,1,1
09.08.2021 00:36:16.652,0.9158200000000001,0.9157299999999999,2.06,1
09.08.2021 00:36:19.418,0.9158100000000001,0.9157100000000001,3.94,1.5
09.08.2021 00:36:20.009,0.9158000000000001,0.9157000000000001,1.87,1.5
09.08.2021 00:36:30.264,0.91579,0.9157000000000001,1.12,1
09.08.2021 00:36:30.415,0.91579,0.91569,1.87,1.5
09.08.2021 00:36:46.074,0.91579,0.9157000000000001,1.12,1
09.08.2021 00:37:06.505,0.9158100000000001,0.9157200000000001,1.12,1
09.08.2021 00:37:09.509,0.9158100000000001,0.9157299999999999,1,1
09.08.2021 00:37:10.429,0.9158299999999999,0.9157299999999999,1.31,1
09.08.2021 00:37:13.846,0.9158100000000001,0.9157100000000001,3.37,1
09.08.2021 00:37:13.998,0.9158100000000001,0.9157200000000001,1.87,1
09.08.2021 00:37:26.719,0.9158299999999999,0.9157100000000001,1.12,1
09.08.2021 00:37:39.303,0.9158000000000001,0.9157100000000001,1.31,1
09.08.2021 00:37:39.404,0.91579,0.9157000000000001,1.31,1
09.08.2021 00:37:51.437,0.9158100000000001,0.91569,1.31,1.5
09.08.2021 00:37:51.538,0.9158000000000001,0.9157100000000001,1.31,1
09.08.2021 00:37:59.174,0.9158299999999999,0.9157600000000001,1,1
09.08.2021 00:37:59.277,0.91585,0.9157799999999999,1,1
09.08.2021 00:38:00.851,0.9158600000000001,0.9157799999999999,1,1
09.08.2021 00:38:04.684,0.9158600000000001,0.91579,1,1
09.08.2021 00:38:06.750,0.9158700000000001,0.91579,1,1
09.08.2021 00:38:10.031,0.9158700000000001,0.9157799999999999,1.25,1
09.08.2021 00:38:12.603,0.9158700000000001,0.91579,1,1
09.08.2021 00:38:55.571,0.9158799999999999,0.9157700000000001,1.25,1
09.08.2021 00:39:06.019,0.9158799999999999,0.9157799999999999,1,1
09.08.2021 00:39:08.045,0.9158799999999999,0.91579,1.25,1
09.08.2021 00:39:15.167,0.91589,0.9158000000000001,1.5,1
09.08.2021 00:39:15.706,0.91589,0.9158100000000001,1,1
09.08.2021 00:39:20.754,0.9159,0.9158100000000001,1.31,1
09.08.2021 00:39:24.730,0.9159100000000001,0.9158100000000001,1.31,1
09.08.2021 00:39:31.891,0.9159200000000001,0.91584,1,1
09.08.2021 00:39:35.221,0.91594,0.9158600000000001,1.25,1
09.08.2021 00:39:35.323,0.9159600000000001,0.91589,1.25,1
09.08.2021 00:39:35.374,0.91598,0.91589,1,1
09.08.2021 00:39:35.425,0.9160100000000001,0.9159200000000001,1,1
09.08.2021 00:39:35.526,0.9160200000000002,0.9159200000000001,1,1
09.08.2021 00:39:38.169,0.9160200000000002,0.91593,1,1
09.08.2021 00:39:49.687,0.91599,0.9159,3.19,1
09.08.2021 00:39:49.788,0.9159700000000001,0.9158799999999999,2.06,1
09.08.2021 00:39:49.890,0.9159700000000001,0.9158700000000001,1,1
09.08.2021 00:39:50.041,0.9159600000000001,0.9158700000000001,1.69,1
09.08.2021 00:39:50.345,0.9159700000000001,0.9158799999999999,1,1
09.08.2021 00:39:51.670,0.91598,0.91589,1.69,1
09.08.2021 00:39:51.822,0.91599,0.91589,1,1
09.08.2021 00:39:56.896,0.916,0.91593,1,1
09.08.2021 00:39:57.099,0.91599,0.9159200000000001,1,1
09.08.2021 00:39:57.200,0.91599,0.9159100000000001,1,1
09.08.2021 00:40:06.114,0.91599,0.9159200000000001,1,1
09.08.2021 00:40:06.548,0.91599,0.9159100000000001,1,1
09.08.2021 00:40:34.019,0.9159700000000001,0.9158799999999999,1.1,1.5
09.08.2021 00:40:34.121,0.9159700000000001,0.9158799999999999,1.2,1
09.08.2021 00:40:44.978,0.91593,0.9158600000000001,1,1
09.08.2021 00:40:45.080,0.91593,0.91585,1,1
09.08.2021 00:40:48.440,0.91593,0.91584,1.2,1
09.08.2021 00:40:48.541,0.9159200000000001,0.9158299999999999,1,1
09.08.2021 00:40:56.555,0.9159100000000001,0.9158299999999999,1,1
09.08.2021 00:40:56.657,0.9159100000000001,0.9158200000000001,1,1
09.08.2021 00:41:07.664,0.9159200000000001,0.91585,1,1
09.08.2021 00:41:07.715,0.91594,0.91585,1.1,1
09.08.2021 00:41:14.456,0.91594,0.9158600000000001,1,1
09.08.2021 00:41:21.755,0.9159600000000001,0.91585,1,1
09.08.2021 00:41:31.858,0.91594,0.9158600000000001,1,1
09.08.2021 00:41:47.367,0.91594,0.9158700000000001,1,1
09.08.2021 00:41:51.682,0.9159700000000001,0.9158799999999999,1,1
09.08.2021 00:41:51.784,0.91598,0.9158799999999999,1,1.5
09.08.2021 00:41:51.835,0.91599,0.91589,1,1
09.08.2021 00:41:55.270,0.9159600000000001,0.9158799999999999,1.12,1
09.08.2021 00:41:55.371,0.9159600000000001,0.9158700000000001,1.12,1
09.08.2021 00:41:55.775,0.9159700000000001,0.9158799999999999,1,1
09.08.2021 00:41:55.876,0.9159700000000001,0.9159,1,1
09.08.2021 00:41:55.978,0.91599,0.91589,1.12,1
09.08.2021 00:42:15.179,0.91598,0.91589,1,1
09.08.2021 00:42:22.053,0.91598,0.9159,1,1
09.08.2021 00:42:22.157,0.91599,0.9159,1,1
09.08.2021 00:42:40.108,0.91595,0.9158700000000001,1,1.5
09.08.2021 00:42:40.159,0.91595,0.9158600000000001,1,1
09.08.2021 00:42:46.679,0.9159600000000001,0.9158600000000001,1,1
09.08.2021 00:42:55.336,0.91598,0.9158700000000001,1.26,1.5
09.08.2021 00:42:55.437,0.91598,0.9158799999999999,1.01,1
09.08.2021 00:42:55.741,0.91599,0.91589,2.39,1
09.08.2021 00:43:01.728,0.91599,0.9159,2.01,1
09.08.2021 00:43:08.519,0.91599,0.9159,1,1
09.08.2021 00:43:08.823,0.916,0.9159200000000001,1,1
09.08.2021 00:43:08.924,0.9160200000000002,0.9159200000000001,1,1
09.08.2021 00:43:10.353,0.9160200000000002,0.91593,1,1
09.08.2021 00:43:14.042,0.91603,0.91593,2.14,1.5
09.08.2021 00:43:27.427,0.91604,0.91593,1,1
09.08.2021 00:43:48.265,0.9160600000000001,0.9159700000000001,1.57,1
09.08.2021 00:43:48.366,0.9160700000000002,0.91598,1,1
09.08.2021 00:43:50.539,0.9160700000000002,0.91599,1,1
09.08.2021 00:43:53.198,0.9160600000000001,0.91599,1,1
09.08.2021 00:43:53.248,0.91604,0.91595,1,1.12
09.08.2021 00:43:53.350,0.91603,0.91595,1,1
09.08.2021 00:44:00.284,0.9160200000000002,0.91595,1,1
09.08.2021 00:44:00.385,0.9160200000000002,0.91594,1,1
09.08.2021 00:44:00.487,0.9160200000000002,0.91593,1,1.12
09.08.2021 00:44:03.677,0.91598,0.9159,1.5,1
09.08.2021 00:44:03.778,0.91598,0.91589,2.81,1
09.08.2021 00:44:10.144,0.91598,0.9159,1,1
09.08.2021 00:44:10.246,0.91598,0.9159100000000001,1,1
09.08.2021 00:44:10.700,0.916,0.9159100000000001,1.39,1
09.08.2021 00:44:12.768,0.916,0.9159,1.39,1.12
09.08.2021 00:44:12.819,0.9160200000000002,0.91593,1,1
09.08.2021 00:44:13.175,0.9160200000000002,0.91594,1,1
09.08.2021 00:44:13.277,0.91603,0.91594,1,1
09.08.2021 00:44:15.615,0.91604,0.9159600000000001,1,1
09.08.2021 00:44:15.717,0.91604,0.91594,1.1,1.69
09.08.2021 00:44:15.818,0.91603,0.91594,1,1
09.08.2021 00:44:17.881,0.91603,0.91593,1,1.69
09.08.2021 00:44:18.619,0.9160200000000002,0.9159200000000001,1.01,1.5
09.08.2021 00:44:20.658,0.9160100000000001,0.9159200000000001,1.39,1
09.08.2021 00:44:20.760,0.916,0.9159100000000001,1,1
09.08.2021 00:44:20.861,0.916,0.9159,1.76,1.5
09.08.2021 00:44:31.057,0.9159700000000001,0.9158799999999999,1,1.12
09.08.2021 00:44:31.159,0.91598,0.9158799999999999,1,1.5
09.08.2021 00:44:39.972,0.9159600000000001,0.9158600000000001,1.39,1
09.08.2021 00:45:34.986,0.9159600000000001,0.91585,1.39,1.5
09.08.2021 00:45:55.079,0.9159600000000001,0.9158600000000001,1.12,1
09.08.2021 00:45:55.890,0.9159600000000001,0.9158600000000001,2.72,1
09.08.2021 00:45:58.417,0.9159600000000001,0.91585,3.85,1.5
09.08.2021 00:46:01.620,0.91594,0.91585,1,1
09.08.2021 00:46:03.009,0.91594,0.91584,1.1,1.5
09.08.2021 00:46:09.639,0.91595,0.91585,1.01,1.5
09.08.2021 00:47:02.186,0.91594,0.91585,1,1
09.08.2021 00:48:08.403,0.91595,0.91585,1,1.5
09.08.2021 00:49:03.448,0.9159600000000001,0.91585,1.31,1.87
09.08.2021 00:49:24.074,0.91599,0.9159100000000001,1,1
09.08.2021 00:49:24.125,0.9160100000000001,0.9159100000000001,1,2.06
09.08.2021 00:49:24.176,0.9160100000000001,0.91593,1,1
09.08.2021 00:49:24.750,0.91603,0.91593,1.25,1
09.08.2021 00:50:00.074,0.91604,0.91594,1.57,1
09.08.2021 00:50:13.735,0.91604,0.91595,1,1
09.08.2021 00:50:50.323,0.91603,0.91595,1,1
09.08.2021 00:50:56.065,0.91604,0.91595,1.69,1
09.08.2021 00:51:02.734,0.91598,0.9159100000000001,1.5,1
09.08.2021 00:51:02.835,0.91599,0.9158799999999999,3.56,1
09.08.2021 00:51:08.345,0.91594,0.9158600000000001,1,1.12
09.08.2021 00:51:08.446,0.91594,0.91585,1.69,1
09.08.2021 00:51:08.598,0.91593,0.91585,1,1
09.08.2021 00:51:11.181,0.91593,0.91584,1.69,1
09.08.2021 00:51:19.471,0.9158700000000001,0.9158100000000001,1,1
09.08.2021 00:51:19.572,0.9158700000000001,0.91579,1,1
09.08.2021 00:51:19.674,0.9158700000000001,0.9157799999999999,1,1
09.08.2021 00:51:38.556,0.9159,0.9157799999999999,1.76,1
09.08.2021 00:51:38.657,0.91589,0.9158000000000001,1,1
09.08.2021 00:51:38.808,0.9159,0.9158100000000001,1.2,1
09.08.2021 00:51:47.670,0.9158799999999999,0.91579,1,1
09.08.2021 00:52:16.901,0.9158799999999999,0.9157799999999999,1.1,1.5
09.08.2021 00:52:19.053,0.9158799999999999,0.9158000000000001,1,1
09.08.2021 00:52:19.154,0.91589,0.9158100000000001,1,1
09.08.2021 00:52:26.636,0.9159,0.9158100000000001,1,1
09.08.2021 00:52:48.472,0.9159,0.9158200000000001,1,1
09.08.2021 00:52:54.431,0.91589,0.9158000000000001,1.12,1
09.08.2021 00:52:54.583,0.91589,0.9158100000000001,1,1
09.08.2021 00:52:54.898,0.9159,0.9158100000000001,1,1
09.08.2021 00:52:59.961,0.91589,0.9158100000000001,1,1
09.08.2021 00:53:00.062,0.9159,0.9158100000000001,3.56,1
09.08.2021 00:53:00.163,0.9159,0.9158200000000001,1.69,1
09.08.2021 00:53:05.974,0.9159,0.9158100000000001,2.06,1
09.08.2021 00:53:11.423,0.91593,0.9158200000000001,1.25,1
09.08.2021 00:53:13.634,0.9159200000000001,0.9158299999999999,1,1
09.08.2021 00:53:14.984,0.9159200000000001,0.91584,1,1
09.08.2021 00:53:15.187,0.9159200000000001,0.9158299999999999,1,1
09.08.2021 00:53:15.350,0.91593,0.91584,1.69,1
09.08.2021 00:53:28.561,0.9158600000000001,0.9158000000000001,1,1.5
09.08.2021 00:53:28.613,0.9158600000000001,0.91579,1,1
09.08.2021 00:53:28.664,0.91585,0.9157600000000001,1,1
09.08.2021 00:53:28.765,0.91584,0.9157600000000001,1,1
09.08.2021 00:53:29.220,0.91585,0.9157600000000001,1.69,1
09.08.2021 00:53:32.862,0.91585,0.9157700000000001,1.69,1
09.08.2021 00:53:36.874,0.9158299999999999,0.9157500000000001,1,1
09.08.2021 00:53:37.282,0.9158299999999999,0.9157500000000001,1.1,1
09.08.2021 00:53:37.333,0.9158200000000001,0.9157200000000001,2.06,1.5
09.08.2021 00:53:38.472,0.91584,0.9157500000000001,1,1
09.08.2021 00:53:38.574,0.91584,0.9157600000000001,1,1
09.08.2021 00:53:38.675,0.91585,0.9157600000000001,1,1
09.08.2021 00:53:38.877,0.9158700000000001,0.9157700000000001,1.1,1.5
09.08.2021 00:53:47.186,0.9158600000000001,0.9157700000000001,1,1
09.08.2021 00:54:15.533,0.9158700000000001,0.9157700000000001,1.25,1.5
09.08.2021 00:54:17.266,0.9158700000000001,0.9157799999999999,1,1
09.08.2021 00:55:06.889,0.9158600000000001,0.9157700000000001,1.25,1
09.08.2021 00:55:12.314,0.91585,0.9157700000000001,1,1
09.08.2021 00:55:12.364,0.9158000000000001,0.9157299999999999,1,1.5
09.08.2021 00:55:12.415,0.9158000000000001,0.9157200000000001,1,1
09.08.2021 00:55:12.517,0.9158200000000001,0.9157200000000001,1.31,1
09.08.2021 00:55:23.284,0.9157799999999999,0.91569,1,1
09.08.2021 00:55:23.386,0.9157700000000001,0.91566,1,1.12
09.08.2021 00:55:23.487,0.91574,0.91566,1,1.5
09.08.2021 00:55:23.588,0.91574,0.9156500000000001,1,1.5
09.08.2021 00:55:23.741,0.9157299999999999,0.91566,1,1
09.08.2021 00:55:23.842,0.9157299999999999,0.9156500000000001,1,1
09.08.2021 00:55:25.214,0.91574,0.9156299999999999,1,1
09.08.2021 00:55:27.648,0.9157299999999999,0.9156500000000001,1,1
09.08.2021 00:55:30.759,0.91574,0.9156500000000001,1,1
09.08.2021 00:55:36.243,0.91574,0.91564,1,1.87
09.08.2021 00:55:41.547,0.9157000000000001,0.9156200000000001,1,1
09.08.2021 00:55:41.649,0.9157000000000001,0.91561,1,1
09.08.2021 00:56:17.579,0.9157000000000001,0.91561,1,1.5
09.08.2021 00:56:26.854,0.9157200000000001,0.9156000000000001,1.25,1.5
09.08.2021 00:56:26.955,0.9157600000000001,0.9156500000000001,1,1.5
09.08.2021 00:56:27.057,0.9157600000000001,0.9156700000000001,2.06,1.12
09.08.2021 00:56:28.973,0.9157600000000001,0.9156799999999999,2.06,1
09.08.2021 00:56:35.705,0.9157700000000001,0.9156799999999999,1,1
09.08.2021 00:56:35.807,0.9157799999999999,0.9156799999999999,1,1.69
09.08.2021 00:56:41.638,0.9157700000000001,0.9156799999999999,1,1
09.08.2021 00:57:00.400,0.9158000000000001,0.9157299999999999,1,1
09.08.2021 00:57:00.502,0.9158100000000001,0.9157299999999999,1,1
09.08.2021 00:57:00.603,0.9158100000000001,0.91574,1,1
09.08.2021 00:57:00.961,0.9158299999999999,0.91574,1,1
09.08.2021 00:57:01.113,0.9158299999999999,0.9157500000000001,1,1
09.08.2021 00:57:01.289,0.91584,0.9157500000000001,1,1
09.08.2021 00:57:01.415,0.91585,0.9157500000000001,1,1
09.08.2021 00:57:03.424,0.9158299999999999,0.91574,1,1
09.08.2021 00:57:03.525,0.9158299999999999,0.9157299999999999,1.12,1
09.08.2021 00:57:11.832,0.9158000000000001,0.9157200000000001,1,1
09.08.2021 00:57:11.933,0.9158200000000001,0.9157200000000001,1.39,1.5
09.08.2021 00:57:16.438,0.9158200000000001,0.9157299999999999,1.12,1
09.08.2021 00:57:17.702,0.91585,0.91574,1.25,1
09.08.2021 00:57:17.803,0.91584,0.9157600000000001,1,1
09.08.2021 00:57:21.207,0.91584,0.9157500000000001,1,1.12
09.08.2021 00:57:25.727,0.91584,0.9157600000000001,1,1
09.08.2021 00:57:26.336,0.91585,0.9157600000000001,1,1
09.08.2021 00:57:30.378,0.9158700000000001,0.9157600000000001,1,1
09.08.2021 00:57:49.536,0.91585,0.9157600000000001,1,1
09.08.2021 00:57:50.780,0.91585,0.9157500000000001,2.62,1.87
09.08.2021 00:57:52.032,0.91584,0.9157500000000001,1,1.5
09.08.2021 00:57:53.603,0.91584,0.91574,2.37,1.87
09.08.2021 00:57:53.704,0.9158299999999999,0.9157299999999999,1.12,1
09.08.2021 00:57:54.164,0.9158100000000001,0.9157299999999999,1,1
09.08.2021 00:58:07.085,0.91579,0.9157000000000001,1,1.12
09.08.2021 00:58:07.187,0.91579,0.91569,1.12,1
09.08.2021 00:58:07.288,0.9157799999999999,0.91569,1,1
09.08.2021 00:58:09.187,0.91579,0.91569,1.12,1
09.08.2021 00:58:09.547,0.9157799999999999,0.91569,1,1
09.08.2021 00:58:09.955,0.91579,0.91569,1.12,1
09.08.2021 00:58:10.359,0.9157799999999999,0.91569,1,1
09.08.2021 00:58:11.193,0.9158000000000001,0.9156799999999999,1.12,1.5
09.08.2021 00:58:11.413,0.9157799999999999,0.91569,1,1
09.08.2021 00:58:13.118,0.91579,0.91569,1.12,1.5
09.08.2021 00:58:14.003,0.9157799999999999,0.91569,1,1
09.08.2021 00:58:19.164,0.9157799999999999,0.9156799999999999,1,1.87
09.08.2021 00:58:44.254,0.9157700000000001,0.9156799999999999,1,2.44
09.08.2021 00:58:44.355,0.9157700000000001,0.91569,1,1
09.08.2021 00:58:50.746,0.9157799999999999,0.9156700000000001,1,1.69
09.08.2021 00:58:56.883,0.91579,0.9157100000000001,1.12,1
09.08.2021 00:58:56.985,0.91579,0.9157200000000001,1,1
09.08.2021 00:58:57.708,0.9157799999999999,0.9157000000000001,1,1
09.08.2021 00:58:57.910,0.9157799999999999,0.91569,1,2.44
09.08.2021 00:59:03.612,0.91579,0.91569,1.87,1.5
09.08.2021 00:59:19.151,0.91579,0.9157200000000001,1,1
09.08.2021 00:59:19.201,0.9158100000000001,0.9157200000000001,1,1.25
09.08.2021 00:59:19.252,0.9158299999999999,0.9157299999999999,1.87,1.5
09.08.2021 00:59:19.819,0.9158299999999999,0.9157200000000001,1,1.5
09.08.2021 00:59:20.367,0.91579,0.91569,1.5,1.5
09.08.2021 00:59:21.059,0.9157799999999999,0.91569,1,1.5
09.08.2021 00:59:25.898,0.91579,0.91569,1.87,1.5
09.08.2021 00:59:26.902,0.9157799999999999,0.91569,1,1.5
09.08.2021 00:59:27.532,0.91579,0.91569,1.87,1.5
09.08.2021 00:59:31.936,0.9158000000000001,0.9157100000000001,1,1
09.08.2021 00:59:36.599,0.9158000000000001,0.9157000000000001,1.5,1.5
09.08.2021 00:59:43.511,0.9157799999999999,0.91569,1,1
09.08.2021 00:59:48.985,0.91579,0.91569,1.12,1.5
09.08.2021 01:00:00.528,0.9157799999999999,0.9156799999999999,1.5,1
09.08.2021 01:00:02.269,0.9157299999999999,0.91564,2.25,2
09.08.2021 01:00:02.320,0.9157299999999999,0.91564,2.25,1
09.08.2021 01:00:03.520,0.9157299999999999,0.9156299999999999,3,1.69
09.08.2021 01:00:03.849,0.9157100000000001,0.9156299999999999,1,1.69
09.08.2021 01:00:05.185,0.9157500000000001,0.9156500000000001,1.5,2.44
09.08.2021 01:00:05.287,0.9157600000000001,0.9156500000000001,1,1.69
09.08.2021 01:00:07.130,0.9157600000000001,0.9156700000000001,1.5,1
09.08.2021 01:00:09.440,0.9157700000000001,0.9156799999999999,1,1.25
09.08.2021 01:00:12.061,0.9157799999999999,0.9156799999999999,1.5,1.69
09.08.2021 01:00:20.500,0.9157700000000001,0.9156700000000001,1.5,1.69
09.08.2021 01:00:20.602,0.9157600000000001,0.9156700000000001,1,1.5
09.08.2021 01:00:21.270,0.9157200000000001,0.9156299999999999,1,1.69
09.08.2021 01:00:21.767,0.9157200000000001,0.9156000000000001,1.5,2.44
09.08.2021 01:00:22.745,0.9157000000000001,0.91561,1.5,1
09.08.2021 01:00:22.897,0.9157000000000001,0.9156000000000001,2.25,1.69
09.08.2021 01:00:26.522,0.9157000000000001,0.91561,1.5,1
09.08.2021 01:00:40.757,0.9157000000000001,0.9156000000000001,2.25,1
09.08.2021 01:00:40.858,0.9157000000000001,0.91561,1.5,1
09.08.2021 01:00:59.897,0.9157200000000001,0.9156500000000001,1.25,1
09.08.2021 01:00:59.948,0.9157299999999999,0.9156500000000001,1.12,1
09.08.2021 01:01:00.100,0.91574,0.9156500000000001,1,1
09.08.2021 01:01:00.201,0.9157500000000001,0.9156500000000001,2.7,1
09.08.2021 01:01:00.664,0.9157500000000001,0.91566,1,1
09.08.2021 01:01:02.450,0.9157600000000001,0.91566,1,1.25
09.08.2021 01:01:02.551,0.9157600000000001,0.9156700000000001,1,1
09.08.2021 01:01:07.638,0.9157700000000001,0.9156700000000001,1.5,1
09.08.2021 01:01:07.901,0.9157700000000001,0.9156799999999999,1,1
09.08.2021 01:01:10.014,0.9157700000000001,0.9156700000000001,1.87,1
09.08.2021 01:01:10.116,0.9157600000000001,0.9156700000000001,1,1
09.08.2021 01:01:10.272,0.91574,0.9156700000000001,1,1
09.08.2021 01:01:10.376,0.91574,0.91566,1,1
09.08.2021 01:01:17.544,0.9157299999999999,0.91566,1,1
09.08.2021 01:01:27.085,0.9157100000000001,0.9156200000000001,1,1
09.08.2021 01:01:27.237,0.9157100000000001,0.91561,1,1
09.08.2021 01:01:44.908,0.91569,0.9156200000000001,1,1
09.08.2021 01:01:46.186,0.91569,0.91559,1,3.72
09.08.2021 01:01:53.833,0.91569,0.91559,1,2.89
09.08.2021 01:01:53.884,0.9157100000000001,0.9156000000000001,2.32,1
09.08.2021 01:02:04.170,0.9157000000000001,0.9156000000000001,1,1.5
09.08.2021 01:02:10.729,0.91569,0.9156000000000001,1,1
09.08.2021 01:02:46.229,0.9157000000000001,0.91558,1,1.5
09.08.2021 01:02:46.684,0.9156799999999999,0.91559,1,2.25
09.08.2021 01:02:47.654,0.9157000000000001,0.91558,1,1.5
09.08.2021 01:02:53.395,0.91564,0.91558,1.25,1
09.08.2021 01:02:53.446,0.9156200000000001,0.9155500000000001,1,1
09.08.2021 01:02:53.497,0.9156200000000001,0.91553,1,1
09.08.2021 01:02:53.598,0.9156299999999999,0.91551,1,3.19
09.08.2021 01:02:53.750,0.9156200000000001,0.91551,1,1.25
09.08.2021 01:02:53.801,0.91559,0.91551,1,1.25
09.08.2021 01:02:55.121,0.9156000000000001,0.91551,1.5,1
09.08.2021 01:02:56.021,0.91561,0.9155200000000001,1.5,1
09.08.2021 01:02:56.692,0.91561,0.91551,1,2.44
09.08.2021 01:02:57.956,0.91564,0.91556,1,1
09.08.2021 01:02:58.312,0.9156700000000001,0.9155700000000001,2.32,1.25
09.08.2021 01:02:58.463,0.9156799999999999,0.91558,1.25,1.5
09.08.2021 01:02:58.565,0.9156799999999999,0.91559,1,1.25
09.08.2021 01:03:00.809,0.9156299999999999,0.91553,1,1
09.08.2021 01:03:00.910,0.9156200000000001,0.91551,1,1.01
09.08.2021 01:03:03.553,0.9156200000000001,0.9155200000000001,1.1,1
09.08.2021 01:03:03.883,0.91561,0.9155200000000001,1,1
09.08.2021 01:03:08.216,0.9156299999999999,0.9155200000000001,2.91,1
09.08.2021 01:03:24.487,0.9156200000000001,0.91551,1.1,1
09.08.2021 01:03:30.578,0.91561,0.9155000000000001,1.1,1
09.08.2021 01:03:34.312,0.91558,0.91549,1,1.31
09.08.2021 01:03:34.767,0.91559,0.91549,1,1.5
09.08.2021 01:03:36.530,0.9155500000000001,0.91546,2.51,1
09.08.2021 01:03:36.632,0.9155500000000001,0.91544,2.91,1.12
09.08.2021 01:03:36.733,0.91554,0.91543,1.1,1.69
09.08.2021 01:03:37.496,0.91553,0.91543,1,2.44
09.08.2021 01:03:37.598,0.9155200000000001,0.91543,1,1.69
09.08.2021 01:03:39.670,0.91554,0.91543,1.57,3.19
09.08.2021 01:03:39.780,0.91554,0.91544,1.1,1
09.08.2021 01:03:46.110,0.9155500000000001,0.9154700000000001,1,1
09.08.2021 01:03:46.211,0.91558,0.91548,1,1.69
09.08.2021 01:03:47.321,0.91559,0.9155000000000001,1,1
09.08.2021 01:03:53.083,0.9155700000000001,0.91549,1,1.25
09.08.2021 01:03:53.253,0.9155700000000001,0.91548,1,1.69
09.08.2021 01:03:56.990,0.91556,0.91548,1,1.69
09.08.2021 01:03:57.092,0.9155700000000001,0.91548,1,2.44
09.08.2021 01:03:59.073,0.91559,0.91548,1.5,1
09.08.2021 01:04:00.549,0.91559,0.9155000000000001,1.5,1
09.08.2021 01:04:04.004,0.9156000000000001,0.9155000000000001,2.32,1.25
09.08.2021 01:04:04.206,0.91559,0.91549,1,3.25
09.08.2021 01:04:04.307,0.91556,0.91548,1,2.44
09.08.2021 01:04:09.174,0.91558,0.9155000000000001,1,1
09.08.2021 01:04:11.933,0.91558,0.91548,1,1.5
09.08.2021 01:04:29.835,0.91558,0.9155000000000001,1,1.5
09.08.2021 01:04:41.925,0.91556,0.91549,1,1
09.08.2021 01:04:41.976,0.91554,0.91546,1.5,1.5
09.08.2021 01:04:42.077,0.91553,0.9154500000000001,1,1.5
09.08.2021 01:05:00.663,0.9155700000000001,0.9154700000000001,1,1.5
09.08.2021 01:05:00.764,0.91558,0.9155000000000001,1,1
09.08.2021 01:05:00.865,0.91559,0.91551,1,1
09.08.2021 01:05:05.572,0.91556,0.91549,1.5,1
09.08.2021 01:05:05.624,0.9155500000000001,0.9154700000000001,1,2.44
09.08.2021 01:05:09.061,0.91554,0.91546,1,2.25
09.08.2021 01:05:11.359,0.91554,0.9154500000000001,1,2.44
09.08.2021 01:05:12.232,0.9155500000000001,0.9154500000000001,1,1
09.08.2021 01:05:16.343,0.91554,0.9154500000000001,1.5,1
09.08.2021 01:05:22.486,0.91553,0.91544,1.5,1.25
09.08.2021 01:05:22.587,0.9155200000000001,0.91544,1,1
09.08.2021 01:05:22.992,0.91553,0.91544,1.5,1
09.08.2021 01:05:42.781,0.9155200000000001,0.91544,1.5,1
09.08.2021 01:05:42.882,0.9155200000000001,0.91543,1.5,1
09.08.2021 01:06:00.937,0.91553,0.91543,1.5,1
09.08.2021 01:06:04.002,0.91553,0.91544,1,1
09.08.2021 01:06:04.103,0.91554,0.91544,1.69,1.5
09.08.2021 01:06:04.154,0.91556,0.9154700000000001,1,1
09.08.2021 01:06:04.256,0.9155700000000001,0.91548,1,1
09.08.2021 01:06:04.409,0.91559,0.9155000000000001,1,1
09.08.2021 01:06:05.983,0.91561,0.9155000000000001,1.5,2.44
09.08.2021 01:06:06.135,0.91561,0.9155000000000001,1.5,2.5
09.08.2021 01:06:08.074,0.9156200000000001,0.91551,1.87,2.44
09.08.2021 01:06:09.970,0.9156200000000001,0.9155200000000001,1.12,1
09.08.2021 01:06:11.312,0.91561,0.9155200000000001,1,1
09.08.2021 01:06:12.658,0.9156200000000001,0.9155200000000001,1.5,1
09.08.2021 01:06:24.253,0.9156000000000001,0.91551,1,1
09.08.2021 01:06:32.905,0.9156299999999999,0.91551,2.62,1
09.08.2021 01:06:49.862,0.9156299999999999,0.91553,1.5,1
09.08.2021 01:06:49.963,0.9156299999999999,0.91554,1,1
09.08.2021 01:06:50.064,0.91564,0.9155500000000001,1,1
09.08.2021 01:06:50.216,0.9156700000000001,0.9155700000000001,1.5,1.69
09.08.2021 01:06:50.317,0.9156700000000001,0.91558,1,1
09.08.2021 01:06:53.033,0.9156500000000001,0.9155700000000001,1.1,1
09.08.2021 01:06:53.084,0.91564,0.9155500000000001,1.5,1
09.08.2021 01:06:53.488,0.9156700000000001,0.9155700000000001,1,1.5
09.08.2021 01:06:53.640,0.9156799999999999,0.9155700000000001,1,1
09.08.2021 01:06:55.106,0.9156799999999999,0.91558,1,1.69
09.08.2021 01:07:01.463,0.9156500000000001,0.9155500000000001,3.07,1.69
09.08.2021 01:07:01.564,0.91564,0.9155500000000001,1,1.25
09.08.2021 01:07:03.034,0.91564,0.91554,1,1.69
09.08.2021 01:07:05.459,0.9156299999999999,0.91554,1,1
09.08.2021 01:07:07.834,0.9156200000000001,0.91553,1,1
09.08.2021 01:07:09.960,0.9156299999999999,0.91554,1.12,1
09.08.2021 01:07:10.314,0.91564,0.91554,1,1.5
09.08.2021 01:07:10.428,0.91564,0.9155500000000001,1,1
09.08.2021 01:07:13.202,0.9156299999999999,0.91554,1.12,1
09.08.2021 01:07:13.657,0.9156200000000001,0.91554,1,1
09.08.2021 01:07:31.780,0.9156299999999999,0.91554,1,1
09.08.2021 01:07:34.431,0.9156299999999999,0.91556,1,1
09.08.2021 01:07:34.532,0.9156500000000001,0.9155500000000001,1,1
09.08.2021 01:07:35.636,0.9156500000000001,0.9155700000000001,1,1
09.08.2021 01:07:59.926,0.91566,0.91558,1,1
09.08.2021 01:08:00.027,0.9156700000000001,0.91559,1,1
09.08.2021 01:08:00.179,0.9156799999999999,0.91559,1,1
09.08.2021 01:08:32.477,0.91569,0.91559,1.57,1.5
09.08.2021 01:08:47.853,0.9156799999999999,0.91559,1,1
09.08.2021 01:09:01.663,0.9157100000000001,0.91559,1.39,1
09.08.2021 01:09:04.998,0.9157000000000001,0.91559,2.51,1.69
09.08.2021 01:09:05.151,0.9157000000000001,0.9156000000000001,1.57,1
09.08.2021 01:09:07.094,0.9157100000000001,0.9156000000000001,2.25,1.69
09.08.2021 01:09:10.808,0.9157000000000001,0.9156000000000001,1.5,1
09.08.2021 01:09:12.854,0.9157000000000001,0.91561,1,1
09.08.2021 01:09:12.956,0.9157100000000001,0.91561,2.81,1
09.08.2021 01:09:13.057,0.9157100000000001,0.9156200000000001,1.5,1
09.08.2021 01:09:13.259,0.9157100000000001,0.9156299999999999,1,1
09.08.2021 01:09:18.853,0.9157299999999999,0.91564,1.69,1
09.08.2021 01:09:19.055,0.9157299999999999,0.9156299999999999,1.69,1.5
09.08.2021 01:09:19.943,0.9157200000000001,0.9156200000000001,2.89,1.5
09.08.2021 01:09:20.095,0.9157100000000001,0.9156200000000001,1,1
09.08.2021 01:09:21.393,0.9157100000000001,0.91561,2.44,1
09.08.2021 01:09:22.435,0.9157100000000001,0.9156000000000001,3.64,1.5
09.08.2021 01:09:22.536,0.91569,0.9156000000000001,1,1
09.08.2021 01:09:30.583,0.9157000000000001,0.9156000000000001,1.5,1.5
09.08.2021 01:09:31.064,0.9157000000000001,0.91561,1.5,1
09.08.2021 01:09:31.266,0.9157000000000001,0.9156000000000001,1.5,1.5
09.08.2021 01:09:40.075,0.91569,0.9156000000000001,1.75,1.5
09.08.2021 01:09:40.127,0.9156700000000001,0.91558,1.12,1
09.08.2021 01:09:40.715,0.9156799999999999,0.91559,1,1
09.08.2021 01:09:41.605,0.91569,0.9156000000000001,1.5,1
09.08.2021 01:09:47.445,0.91569,0.91561,1,1
09.08.2021 01:09:52.922,0.91569,0.9156000000000001,1,1
09.08.2021 01:10:19.896,0.9156500000000001,0.9155500000000001,3,1.5
09.08.2021 01:10:19.998,0.91564,0.9155500000000001,1.12,1
09.08.2021 01:10:20.100,0.9156299999999999,0.91554,1,1
09.08.2021 01:10:59.067,0.91561,0.91554,1,1
09.08.2021 01:11:05.438,0.91561,0.91553,1,1
09.08.2021 01:11:05.881,0.91556,0.91546,1,1.5
09.08.2021 01:11:05.982,0.9155500000000001,0.9154500000000001,1.95,1.5
09.08.2021 01:11:06.084,0.91554,0.9154500000000001,1.1,1.5
09.08.2021 01:11:19.679,0.91554,0.91544,2.7,2.44
09.08.2021 01:11:27.270,0.91553,0.91544,1,1.69
09.08.2021 01:11:38.547,0.9155200000000001,0.91543,1.57,1
09.08.2021 01:11:38.598,0.91549,0.91538,1.5,3.69
09.08.2021 01:11:38.649,0.9154700000000001,0.91538,1,2.25
09.08.2021 01:11:38.751,0.91546,0.9153700000000001,1.57,1
09.08.2021 01:11:38.852,0.91544,0.91535,1,1
09.08.2021 01:11:39.414,0.9154500000000001,0.91535,1.57,1.69
09.08.2021 01:11:46.183,0.9154500000000001,0.91535,2.35,1.5
09.08.2021 01:11:49.462,0.91544,0.91534,1.2,1.69
09.08.2021 01:11:51.130,0.91544,0.91534,1,2.5
09.08.2021 01:11:53.420,0.9154500000000001,0.91535,1.1,1.25
09.08.2021 01:11:56.348,0.91543,0.91533,2.32,1
09.08.2021 01:11:56.449,0.9154100000000001,0.9153100000000001,1,1
09.08.2021 01:11:57.003,0.9154100000000001,0.9153200000000001,1,1
09.08.2021 01:11:57.238,0.91543,0.9153100000000001,1,1
09.08.2021 01:11:57.339,0.91543,0.91533,1.95,1.25
09.08.2021 01:11:57.453,0.91544,0.91534,1.57,1
09.08.2021 01:12:04.869,0.91544,0.91535,1.57,1
09.08.2021 01:12:13.229,0.9154500000000001,0.91535,1.1,1.5
09.08.2021 01:12:15.956,0.91544,0.91535,1,1.5
09.08.2021 01:12:23.113,0.9154500000000001,0.9153600000000001,1.1,1
09.08.2021 01:12:23.618,0.91544,0.9153600000000001,1,1
09.08.2021 01:12:23.720,0.9154,0.9153200000000001,1,1
09.08.2021 01:12:23.841,0.91539,0.9153100000000001,1,1
09.08.2021 01:12:30.780,0.91539,0.91529,1,1.69
09.08.2021 01:13:06.494,0.9154200000000001,0.9153200000000001,1,1
09.08.2021 01:13:06.595,0.91543,0.91534,1.1,1
09.08.2021 01:13:10.564,0.91544,0.91535,1.01,1
09.08.2021 01:13:15.615,0.9154,0.9153200000000001,1.5,1.5
09.08.2021 01:13:15.666,0.9154,0.9153100000000001,1.5,1.69
09.08.2021 01:13:33.185,0.9154100000000001,0.9153100000000001,1.1,1.69
09.08.2021 01:13:40.157,0.9154100000000001,0.9153100000000001,1,1.79
09.08.2021 01:13:40.208,0.91544,0.9153600000000001,1,1
09.08.2021 01:13:40.309,0.91546,0.91535,1.1,1
09.08.2021 01:13:53.311,0.9154500000000001,0.9153700000000001,1,1
09.08.2021 01:13:53.413,0.91546,0.9153700000000001,1.1,1
09.08.2021 01:13:55.976,0.91546,0.91538,1,1
09.08.2021 01:13:56.077,0.91548,0.91539,1.1,1
09.08.2021 01:13:57.915,0.91549,0.91539,1.2,1
09.08.2021 01:14:00.317,0.91549,0.9154,1.1,1
09.08.2021 01:14:03.216,0.91548,0.9153700000000001,5.1,1.5
09.08.2021 01:14:03.317,0.91546,0.9153700000000001,1.1,1.25
09.08.2021 01:14:04.126,0.9154700000000001,0.9153700000000001,1,1
09.08.2021 01:14:04.227,0.91548,0.91539,1.1,1
09.08.2021 01:14:12.193,0.91548,0.91538,1.1,1
09.08.2021 01:14:25.220,0.91546,0.9153700000000001,1.2,1
09.08.2021 01:14:25.372,0.91546,0.9153600000000001,1,1
09.08.2021 01:14:25.473,0.9154500000000001,0.9153600000000001,1,1
09.08.2021 01:14:36.654,0.91548,0.91539,2.44,1
09.08.2021 01:14:36.755,0.9155000000000001,0.9154200000000001,1.1,1
09.08.2021 01:14:36.856,0.91551,0.9154200000000001,1.1,1
09.08.2021 01:14:41.619,0.9155200000000001,0.9154200000000001,1.01,1
09.08.2021 01:14:41.772,0.9155200000000001,0.9154200000000001,2.54,1
09.08.2021 01:14:41.873,0.9155200000000001,0.9154,1.1,1
09.08.2021 01:14:41.974,0.91549,0.9154,1.25,1
09.08.2021 01:14:42.076,0.91549,0.91539,1.39,1
09.08.2021 01:14:46.134,0.91551,0.9154200000000001,1.6,1
09.08.2021 01:14:46.868,0.91553,0.9154100000000001,3.14,1
09.08.2021 01:14:53.099,0.9155200000000001,0.9154200000000001,1.57,1
09.08.2021 01:14:58.452,0.9155200000000001,0.91543,1.31,1
09.08.2021 01:14:58.717,0.91554,0.91543,1.31,1
09.08.2021 01:14:59.404,0.91554,0.9154500000000001,1,1
09.08.2021 01:15:02.163,0.91554,0.91544,1,1
09.08.2021 01:15:11.553,0.91553,0.91544,1.01,1
09.08.2021 01:15:15.708,0.9155200000000001,0.91543,2.62,1
09.08.2021 01:15:21.108,0.91554,0.9154200000000001,2.14,1
09.08.2021 01:15:27.788,0.9154700000000001,0.91539,1.6,1.81
09.08.2021 01:15:27.889,0.9154700000000001,0.9153700000000001,5.15,2.25
09.08.2021 01:15:27.991,0.9154700000000001,0.9153700000000001,3.41,1
09.08.2021 01:15:28.092,0.91546,0.9153600000000001,2.16,1
09.08.2021 01:15:40.869,0.91546,0.9153600000000001,1.69,1
09.08.2021 01:15:49.070,0.9154700000000001,0.91538,1.12,1
09.08.2021 01:15:50.192,0.91549,0.91539,2.07,1
09.08.2021 01:15:52.292,0.91548,0.91538,5.07,1
09.08.2021 01:15:52.444,0.91546,0.9153700000000001,1,1
09.08.2021 01:15:53.259,0.91548,0.9153600000000001,1.95,1
09.08.2021 01:15:54.727,0.9154100000000001,0.91533,1.69,1
09.08.2021 01:15:58.680,0.9154100000000001,0.9153200000000001,2.06,1
09.08.2021 01:15:59.481,0.9154500000000001,0.91535,5.82,1.69
09.08.2021 01:15:59.583,0.9154500000000001,0.9153600000000001,1,1.25
09.08.2021 01:15:59.634,0.9154700000000001,0.9153700000000001,1.2,1
09.08.2021 01:16:00.113,0.91549,0.91538,1,1
09.08.2021 01:16:00.214,0.91549,0.91539,1,2.06
09.08.2021 01:16:00.316,0.9155000000000001,0.9154,1.1,1.69
09.08.2021 01:16:06.832,0.91548,0.91538,5.47,1.12
09.08.2021 01:16:07.136,0.9154700000000001,0.9153700000000001,1.95,1
09.08.2021 01:16:07.288,0.91546,0.9153700000000001,1.39,1
09.08.2021 01:16:08.429,0.91544,0.9153700000000001,1,1
09.08.2021 01:16:10.688,0.91544,0.9153600000000001,1,1
09.08.2021 01:16:14.935,0.9154500000000001,0.9153700000000001,1,1
09.08.2021 01:16:16.723,0.91544,0.9153700000000001,1,1
09.08.2021 01:16:21.752,0.9154500000000001,0.9153700000000001,1,1
09.08.2021 01:16:21.853,0.91546,0.9153700000000001,1,1
09.08.2021 01:16:32.279,0.9154500000000001,0.9153600000000001,1,2.44
09.08.2021 01:16:34.058,0.9154500000000001,0.91535,1.5,1.69
09.08.2021 01:16:52.919,0.9154500000000001,0.9153600000000001,1.01,1
09.08.2021 01:17:06.064,0.91543,0.9153600000000001,1,1
09.08.2021 01:17:08.048,0.9154500000000001,0.9153600000000001,2.32,1
09.08.2021 01:17:14.107,0.91544,0.9153600000000001,1,1
09.08.2021 01:17:23.894,0.91543,0.91535,1.75,1
09.08.2021 01:17:23.945,0.9154,0.9153200000000001,1.5,1
09.08.2021 01:17:30.040,0.91539,0.9153200000000001,1,1
09.08.2021 01:17:30.091,0.91538,0.91529,1,1.12
09.08.2021 01:17:31.811,0.91538,0.91528,1.5,2.44
09.08.2021 01:17:31.862,0.91539,0.9153100000000001,1,1
09.08.2021 01:17:31.913,0.9154100000000001,0.9153100000000001,1.5,2.44
09.08.2021 01:17:32.014,0.9154100000000001,0.9153200000000001,1,1
09.08.2021 01:17:37.678,0.9154100000000001,0.91533,1,1
09.08.2021 01:17:38.603,0.9153700000000001,0.91528,1,1.5
09.08.2021 01:18:03.114,0.9154,0.9153,3,2.44
09.08.2021 01:18:03.215,0.9154,0.9153200000000001,1.5,1
09.08.2021 01:18:03.317,0.9154,0.91533,1,1
09.08.2021 01:18:03.418,0.91543,0.91534,1.5,1
09.08.2021 01:18:03.520,0.91543,0.91535,2.25,1
09.08.2021 01:18:08.376,0.91543,0.9153600000000001,1,1
09.08.2021 01:18:08.540,0.9154500000000001,0.9153600000000001,1.5,1
09.08.2021 01:18:12.911,0.91543,0.9153600000000001,1,1
09.08.2021 01:18:20.171,0.91544,0.9153600000000001,1,1
09.08.2021 01:18:20.272,0.9154500000000001,0.9153600000000001,2.25,1
09.08.2021 01:18:21.199,0.9154500000000001,0.91538,1.5,1
09.08.2021 01:18:21.301,0.9154700000000001,0.91538,1.5,1.5
09.08.2021 01:18:21.353,0.9154700000000001,0.9154,1,1
09.08.2021 01:18:23.117,0.9154500000000001,0.91538,1,1
09.08.2021 01:18:23.788,0.91544,0.91538,1,1
09.08.2021 01:18:24.948,0.9154500000000001,0.91538,1.5,1
09.08.2021 01:18:25.596,0.91546,0.9153600000000001,1.5,1
09.08.2021 01:18:29.920,0.91544,0.9153700000000001,1,1
09.08.2021 01:18:30.642,0.9154500000000001,0.9153700000000001,1,1
09.08.2021 01:19:08.740,0.91546,0.9153700000000001,1.5,1
09.08.2021 01:19:14.358,0.9154500000000001,0.9153700000000001,1,1
09.08.2021 01:19:18.459,0.91546,0.91538,1.5,1
09.08.2021 01:19:18.611,0.91549,0.9154100000000001,1,2.06
09.08.2021 01:19:18.713,0.91551,0.9154200000000001,1.5,1
09.08.2021 01:19:22.679,0.91551,0.91543,1.5,1
09.08.2021 01:19:27.338,0.9155200000000001,0.91544,1.5,1
09.08.2021 01:19:27.439,0.91553,0.91544,2.25,1.69
09.08.2021 01:19:27.541,0.91553,0.9154500000000001,1.5,1
09.08.2021 01:19:31.461,0.91553,0.91543,1,1
09.08.2021 01:19:33.379,0.9155200000000001,0.91543,1.5,1
09.08.2021 01:20:10.934,0.9155200000000001,0.91544,1,1
09.08.2021 01:20:24.946,0.91551,0.91544,1,1
09.08.2021 01:20:28.366,0.91551,0.91543,1,1
09.08.2021 01:20:35.150,0.91551,0.9154200000000001,1,1
09.08.2021 01:20:35.302,0.91551,0.91543,1,1
09.08.2021 01:20:47.320,0.9155200000000001,0.91543,1,1
09.08.2021 01:20:52.589,0.91551,0.91543,1,1
09.08.2021 01:21:04.416,0.9155200000000001,0.91543,1,1
09.08.2021 01:21:04.518,0.9155200000000001,0.91544,1,1
09.08.2021 01:21:04.670,0.91553,0.91544,1,1
09.08.2021 01:21:06.099,0.91554,0.91544,1,1
09.08.2021 01:21:06.250,0.9155500000000001,0.9154500000000001,2.07,1
09.08.2021 01:21:10.678,0.9155500000000001,0.91546,2.07,1
09.08.2021 01:21:17.441,0.9155200000000001,0.9154500000000001,1,1
09.08.2021 01:21:17.542,0.9155200000000001,0.91544,1,1
09.08.2021 01:21:19.908,0.9155200000000001,0.9154500000000001,1,1
09.08.2021 01:21:20.010,0.91554,0.91544,1,1
09.08.2021 01:21:50.863,0.9155500000000001,0.91546,1.5,1
09.08.2021 01:21:51.015,0.91556,0.9154700000000001,1,1
09.08.2021 01:21:53.038,0.9155500000000001,0.9154700000000001,1,1.5
09.08.2021 01:21:53.191,0.9155500000000001,0.91546,1.12,1
09.08.2021 01:21:53.344,0.91556,0.9154700000000001,1.01,1
09.08.2021 01:21:53.395,0.91558,0.91548,1,1
09.08.2021 01:21:53.548,0.9155700000000001,0.91548,1.69,1
09.08.2021 01:21:54.881,0.91558,0.9155000000000001,1.25,1
09.08.2021 01:21:55.085,0.91559,0.91551,1,1
09.08.2021 01:22:05.780,0.9156000000000001,0.91551,1,1
09.08.2021 01:22:15.051,0.9156200000000001,0.9155000000000001,1.12,1
09.08.2021 01:22:42.561,0.91561,0.9155200000000001,1.12,1
09.08.2021 01:23:04.229,0.9156200000000001,0.91553,1.5,1
09.08.2021 01:23:07.683,0.9156200000000001,0.91554,1.5,1
09.08.2021 01:23:09.919,0.9156200000000001,0.91553,1.5,1
09.08.2021 01:23:09.970,0.9156500000000001,0.91553,2.89,1.5
09.08.2021 01:23:10.022,0.91564,0.91556,1,1
09.08.2021 01:23:10.175,0.9156500000000001,0.91556,1.25,1
09.08.2021 01:23:19.138,0.9156200000000001,0.91554,1,1.12
09.08.2021 01:23:20.097,0.9156200000000001,0.91553,1.82,1
09.08.2021 01:23:20.198,0.9156000000000001,0.9155200000000001,1,1
09.08.2021 01:23:28.821,0.91561,0.9155200000000001,1,1
09.08.2021 01:23:28.922,0.91561,0.91553,1,1
09.08.2021 01:23:37.670,0.9156200000000001,0.91553,1,1
09.08.2021 01:23:47.886,0.9156200000000001,0.91554,1,1
09.08.2021 01:24:57.660,0.9156200000000001,0.91553,1.87,1
09.08.2021 01:24:57.762,0.91561,0.91553,1,1
09.08.2021 01:24:58.727,0.91561,0.9155200000000001,1,1
09.08.2021 01:25:55.101,0.9156200000000001,0.9155200000000001,1.95,1.5
09.08.2021 01:26:09.388,0.91561,0.9155200000000001,1,1
09.08.2021 01:26:12.574,0.91559,0.9155200000000001,1,1
09.08.2021 01:26:15.462,0.91561,0.9155200000000001,1.5,1
09.08.2021 01:26:41.097,0.9156200000000001,0.9155200000000001,1.95,1.5
09.08.2021 01:27:19.532,0.9156500000000001,0.9155500000000001,2.25,1.5
09.08.2021 01:27:19.634,0.9156500000000001,0.91556,1,1
09.08.2021 01:27:19.835,0.9156500000000001,0.9155700000000001,1,1
09.08.2021 01:27:26.719,0.91566,0.9155700000000001,1,1
09.08.2021 01:27:28.126,0.91566,0.91556,1.87,1.5
09.08.2021 01:27:28.227,0.9156200000000001,0.9155200000000001,1.12,1.5
09.08.2021 01:27:28.329,0.9156299999999999,0.91553,2.37,1
09.08.2021 01:27:36.969,0.91561,0.9155200000000001,1.12,1
09.08.2021 01:27:37.444,0.91561,0.91551,1.87,2.44
09.08.2021 01:27:42.406,0.91561,0.9155200000000001,1.12,1.69
09.08.2021 01:27:42.507,0.9156200000000001,0.9155200000000001,1.12,2.44
09.08.2021 01:27:49.182,0.91561,0.91551,1,1.69
09.08.2021 01:27:50.893,0.91561,0.91551,2.19,1
09.08.2021 01:27:51.832,0.91561,0.91551,2.44,1
09.08.2021 01:27:52.174,0.9156000000000001,0.9155000000000001,1,1.69
09.08.2021 01:27:52.275,0.91556,0.91548,1.87,1
09.08.2021 01:27:52.377,0.9155700000000001,0.9154500000000001,3.87,1.69
09.08.2021 01:27:52.478,0.9155500000000001,0.91546,1.5,1.25
09.08.2021 01:27:53.453,0.91554,0.9154500000000001,1.62,1
09.08.2021 01:27:54.368,0.91553,0.91543,1,1
09.08.2021 01:28:15.880,0.91553,0.9154200000000001,1,1
09.08.2021 01:28:16.850,0.91553,0.91543,2.44,1.5
09.08.2021 01:28:36.779,0.9155200000000001,0.9154200000000001,1,2.25
09.08.2021 01:28:46.485,0.9155200000000001,0.91543,1,2.44
09.08.2021 01:29:05.050,0.91551,0.91543,1,1
09.08.2021 01:29:14.123,0.91551,0.9154200000000001,1,1.69
09.08.2021 01:29:14.224,0.91551,0.91543,1,1.25
09.08.2021 01:29:15.060,0.91551,0.91543,1,1.75
09.08.2021 01:29:19.485,0.91551,0.91543,1,1.25
09.08.2021 01:30:07.730,0.91553,0.91544,2.25,2.44
09.08.2021 01:30:07.933,0.91551,0.91544,1,1.25
09.08.2021 01:30:10.077,0.9155200000000001,0.91544,1,1.25
09.08.2021 01:30:10.869,0.9155200000000001,0.91543,1,3.19
09.08.2021 01:30:11.171,0.9155200000000001,0.91544,1,1.25
09.08.2021 01:30:12.192,0.91554,0.91546,1,1
09.08.2021 01:30:12.294,0.9155500000000001,0.91546,2.25,1
09.08.2021 01:30:12.792,0.91554,0.9154500000000001,1,2.44
09.08.2021 01:30:14.420,0.91554,0.91546,1,1
09.08.2021 01:30:14.522,0.91554,0.9154500000000001,1,2.44
09.08.2021 01:30:16.491,0.91553,0.9154500000000001,1,2.44
09.08.2021 01:30:16.592,0.91554,0.9154500000000001,1,2.44
09.08.2021 01:30:18.177,0.91556,0.91548,1,1.5
09.08.2021 01:30:18.279,0.9155700000000001,0.91549,2.25,1
09.08.2021 01:30:18.745,0.91559,0.9155000000000001,1.5,2.44
09.08.2021 01:30:19.048,0.91559,0.91551,1,1.69
09.08.2021 01:30:26.654,0.91559,0.9155200000000001,1,1.69
09.08.2021 01:30:26.755,0.91561,0.91553,1.5,2.44
09.08.2021 01:30:27.111,0.9156299999999999,0.9155200000000001,1.5,3.19
09.08.2021 01:30:30.676,0.9156200000000001,0.91554,1.5,1
09.08.2021 01:30:35.262,0.9156500000000001,0.9155700000000001,1.6,1.75
09.08.2021 01:30:35.364,0.9156700000000001,0.91559,1.5,1.25
09.08.2021 01:30:36.863,0.9156799999999999,0.9156000000000001,1.5,1.69
09.08.2021 01:30:54.490,0.9156799999999999,0.91558,1,2.57
09.08.2021 01:30:59.615,0.9156700000000001,0.9155700000000001,1,1
09.08.2021 01:30:59.666,0.9156299999999999,0.91554,1,2.44
09.08.2021 01:31:01.256,0.9156200000000001,0.91553,1,1.69
09.08.2021 01:31:06.776,0.9156299999999999,0.91553,1.5,2.5
09.08.2021 01:31:06.877,0.9156299999999999,0.91554,1.5,1.25
09.08.2021 01:31:08.648,0.9156299999999999,0.91554,1,1.25
09.08.2021 01:31:13.688,0.9156200000000001,0.91553,1.12,1
09.08.2021 01:31:14.041,0.9156200000000001,0.91553,1.5,1
09.08.2021 01:31:14.712,0.91561,0.9155200000000001,1.12,1.69
09.08.2021 01:31:18.273,0.91561,0.91551,1.5,1.69
09.08.2021 01:31:26.167,0.91561,0.91551,1.5,2.5
09.08.2021 01:31:32.043,0.9156000000000001,0.9155200000000001,1,1.25
09.08.2021 01:31:44.242,0.91561,0.9155200000000001,1,1.25
09.08.2021 01:31:50.961,0.91561,0.91553,1,1.25
09.08.2021 01:31:51.174,0.91561,0.91553,1,1.75
09.08.2021 01:31:52.013,0.9156299999999999,0.91554,1.5,1.75
09.08.2021 01:31:52.396,0.9156299999999999,0.9155500000000001,1,1.25
09.08.2021 01:31:53.023,0.9156500000000001,0.91556,1.5,2.5
09.08.2021 01:31:53.175,0.91566,0.9155700000000001,1,1.69
09.08.2021 01:31:57.328,0.9156500000000001,0.91556,1,1.25
09.08.2021 01:31:57.429,0.91564,0.91556,1,1.25
09.08.2021 01:31:58.637,0.91564,0.9155500000000001,1,1.25
09.08.2021 01:31:58.739,0.9156299999999999,0.9155500000000001,1,1.25
09.08.2021 01:32:04.519,0.9156000000000001,0.91551,1,1.5
09.08.2021 01:32:04.620,0.9156000000000001,0.9155200000000001,1,1
09.08.2021 01:32:12.260,0.91561,0.91549,1.5,1.69
09.08.2021 01:32:12.462,0.91559,0.9155000000000001,1,1
09.08.2021 01:32:14.234,0.91559,0.9155000000000001,1,1.75
09.08.2021 01:32:34.659,0.91559,0.9155000000000001,1,1.69
09.08.2021 01:32:36.367,0.91559,0.91551,1,1.25
09.08.2021 01:32:38.211,0.91559,0.9155000000000001,1,1.87
09.08.2021 01:32:39.366,0.91556,0.91548,1,1.25
09.08.2021 01:32:39.417,0.91554,0.9154500000000001,1,2.89
09.08.2021 01:32:39.518,0.91554,0.91546,1,1.25
09.08.2021 01:32:39.619,0.91553,0.91546,1,1.25
09.08.2021 01:32:40.504,0.91553,0.91543,1,2.51
09.08.2021 01:32:41.607,0.91551,0.91544,1,1
09.08.2021 01:32:41.658,0.91549,0.91543,1,1.69
09.08.2021 01:32:42.373,0.91551,0.91543,1,1.25
09.08.2021 01:32:42.526,0.91551,0.91544,1,1.25
09.08.2021 01:32:44.909,0.9155200000000001,0.91544,1,1.25
09.08.2021 01:32:55.037,0.9155200000000001,0.91544,1,1.75
09.08.2021 01:32:57.229,0.9155200000000001,0.91543,1,1.76
09.08.2021 01:33:04.403,0.9155200000000001,0.91544,1,1.69
09.08.2021 01:33:04.555,0.91554,0.91544,1.5,2.51
09.08.2021 01:33:04.807,0.91554,0.91546,2.25,1
09.08.2021 01:33:04.959,0.91553,0.9154500000000001,1,1.25
09.08.2021 01:33:08.031,0.9155200000000001,0.91544,1,2.5
09.08.2021 01:33:08.575,0.91553,0.9154500000000001,1.5,1.69
09.08.2021 01:33:08.677,0.91554,0.91546,1,1
09.08.2021 01:33:10.731,0.91553,0.9154500000000001,1,2.57
09.08.2021 01:33:10.833,0.91553,0.9154500000000001,1.5,1.25
09.08.2021 01:33:18.353,0.91554,0.9154500000000001,1.5,1.69
09.08.2021 01:33:18.506,0.91554,0.9154500000000001,1.5,2.5
09.08.2021 01:33:18.816,0.9155200000000001,0.91544,1,2.5
09.08.2021 01:33:20.457,0.91553,0.91546,1,1
09.08.2021 01:33:20.558,0.91554,0.91546,1.5,1
09.08.2021 01:33:25.344,0.9155200000000001,0.91544,1,2.25
09.08.2021 01:33:26.398,0.91551,0.91543,1,2.5
09.08.2021 01:33:26.500,0.9155200000000001,0.9154200000000001,1.5,1
09.08.2021 01:33:34.833,0.9155000000000001,0.91543,1.5,1
09.08.2021 01:33:35.942,0.9155000000000001,0.9154200000000001,2.25,1
09.08.2021 01:33:36.093,0.91549,0.9154100000000001,1,1
09.08.2021 01:33:36.499,0.91549,0.9154200000000001,1,1
09.08.2021 01:33:39.376,0.91548,0.9154,1.5,1.69
09.08.2021 01:33:39.427,0.91546,0.9154,1,1
09.08.2021 01:33:39.529,0.91546,0.91538,1,1.76
09.08.2021 01:33:42.422,0.91548,0.9153700000000001,1,1.01
09.08.2021 01:33:43.650,0.91548,0.91539,1,2.57
09.08.2021 01:33:43.752,0.9155000000000001,0.91538,1,2.95
09.08.2021 01:33:46.751,0.91548,0.91539,1,4.07
09.08.2021 01:33:46.852,0.91548,0.91538,1,2.5
09.08.2021 01:33:47.284,0.9154700000000001,0.91538,1,2.5
09.08.2021 01:33:49.109,0.91548,0.91539,1,1.82
09.08.2021 01:33:49.210,0.91548,0.91539,1,1.1
09.08.2021 01:33:49.312,0.91548,0.91539,1,2.57
09.08.2021 01:33:49.891,0.9155000000000001,0.91538,1,3.7
09.08.2021 01:34:01.208,0.91549,0.9154100000000001,1,1
09.08.2021 01:34:01.931,0.9155000000000001,0.9154100000000001,1,1.69
09.08.2021 01:34:06.115,0.9155000000000001,0.9154100000000001,1,2.5
09.08.2021 01:34:06.368,0.91551,0.9154200000000001,1,1.75
09.08.2021 01:34:23.376,0.9155000000000001,0.9154200000000001,1,1.25
09.08.2021 01:34:23.655,0.91551,0.9154200000000001,1,1.75
09.08.2021 01:34:23.836,0.91551,0.9154200000000001,1,1.25
09.08.2021 01:34:23.937,0.9155000000000001,0.9154200000000001,1,1.25
09.08.2021 01:34:26.378,0.91551,0.9154200000000001,1,1.75
09.08.2021 01:34:28.746,0.91551,0.9154200000000001,1,1.69
09.08.2021 01:34:31.711,0.91551,0.9154200000000001,1,2.5
09.08.2021 01:34:31.975,0.91551,0.9154200000000001,1,1.69
09.08.2021 01:34:36.652,0.91551,0.9154100000000001,1.5,1.76
09.08.2021 01:34:45.312,0.9154700000000001,0.91539,1.95,1
09.08.2021 01:34:45.363,0.91546,0.9153600000000001,1,2.57
09.08.2021 01:34:45.464,0.91546,0.91535,1,1.25
09.08.2021 01:34:45.565,0.9154500000000001,0.91535,1.87,1.76
09.08.2021 01:34:48.638,0.91544,0.91535,1,1.25
09.08.2021 01:34:48.739,0.91544,0.91534,1.5,1.01
09.08.2021 01:34:52.620,0.9154200000000001,0.91533,1.5,1.25
09.08.2021 01:34:56.505,0.91546,0.9153600000000001,2.82,1.69
09.08.2021 01:34:56.556,0.91546,0.9153600000000001,2.7,1.69
09.08.2021 01:34:56.658,0.9154700000000001,0.9153600000000001,1,1
09.08.2021 01:34:57.242,0.9154500000000001,0.9153600000000001,1,1.69
09.08.2021 01:34:57.343,0.91546,0.9153700000000001,1.1,1
09.08.2021 01:34:58.816,0.91546,0.91538,1,1.25
09.08.2021 01:34:58.968,0.91548,0.91538,1.57,1.69
09.08.2021 01:34:59.722,0.9154700000000001,0.91538,1,1.25
09.08.2021 01:35:00.700,0.9154500000000001,0.9153600000000001,1,2.57
09.08.2021 01:35:00.804,0.91546,0.9153700000000001,1.12,1.25
09.08.2021 01:35:00.905,0.9154700000000001,0.9153700000000001,1.57,1.69
09.08.2021 01:35:01.724,0.9154700000000001,0.9153700000000001,1.57,2.5
09.08.2021 01:35:02.904,0.9154700000000001,0.9153700000000001,2.07,2.5
09.08.2021 01:35:03.006,0.91546,0.91534,1.87,2.76
09.08.2021 01:35:03.309,0.91546,0.9153700000000001,1,1
09.08.2021 01:35:04.355,0.9154700000000001,0.9153700000000001,1.1,1.69
09.08.2021 01:35:06.900,0.9154700000000001,0.91538,1,1
09.08.2021 01:35:08.381,0.91548,0.9153600000000001,1,1.69
09.08.2021 01:35:08.482,0.91546,0.9153700000000001,1.12,1.25
09.08.2021 01:35:10.997,0.9154700000000001,0.9153700000000001,1,1.69
09.08.2021 01:35:11.098,0.91546,0.9153700000000001,1.12,1.25
09.08.2021 01:35:11.377,0.91543,0.91535,1,1.69
09.08.2021 01:35:11.630,0.91544,0.91535,1.1,1.69
09.08.2021 01:35:37.849,0.9154200000000001,0.91535,1,1.69
09.08.2021 01:35:41.406,0.9154100000000001,0.91535,1,1.25
09.08.2021 01:35:41.507,0.9154100000000001,0.91533,1,1.82
09.08.2021 01:35:42.380,0.9154100000000001,0.91533,1,1
09.08.2021 01:35:42.481,0.9154200000000001,0.9153100000000001,1,1.1
09.08.2021 01:35:50.847,0.9154200000000001,0.91534,1,1.25
09.08.2021 01:35:50.999,0.9154200000000001,0.91533,1,1.25
09.08.2021 01:35:52.484,0.9154200000000001,0.9153100000000001,1,1
09.08.2021 01:35:54.788,0.91539,0.9153200000000001,1,1
09.08.2021 01:35:54.847,0.9153600000000001,0.9152700000000001,1,2.97
09.08.2021 01:35:54.948,0.9153600000000001,0.9152700000000001,1,1.01
09.08.2021 01:35:55.252,0.91535,0.9152700000000001,1,1.01
09.08.2021 01:35:58.407,0.91533,0.9152600000000001,1,1.25
09.08.2021 01:36:02.267,0.91533,0.9152700000000001,1,1
09.08.2021 01:36:03.078,0.91538,0.91529,1,1.25
09.08.2021 01:36:03.230,0.91538,0.9153,1,1.01
09.08.2021 01:36:03.662,0.91539,0.9153,1,1.01
09.08.2021 01:36:03.714,0.9153700000000001,0.91529,1,1.25
09.08.2021 01:36:17.334,0.91538,0.91529,1,1.25
09.08.2021 01:36:17.760,0.9153700000000001,0.91529,1,1
09.08.2021 01:36:23.046,0.9154,0.9153,1.5,3.37
09.08.2021 01:36:23.148,0.9154,0.9153,1.5,2.87
09.08.2021 01:36:33.246,0.9154,0.91533,1,1.25
09.08.2021 01:36:33.398,0.9154,0.91534,1,1.25
09.08.2021 01:36:33.449,0.9154200000000001,0.91534,1,1.25
09.08.2021 01:36:34.845,0.9154200000000001,0.91534,1,1.25
09.08.2021 01:36:38.764,0.91546,0.9153700000000001,1,2.25
09.08.2021 01:36:42.392,0.91543,0.91535,1,1.25
09.08.2021 01:36:42.507,0.9154200000000001,0.91535,1,1.25
09.08.2021 01:36:42.711,0.91543,0.91535,1,1
09.08.2021 01:36:44.399,0.9154200000000001,0.9153200000000001,1,1
09.08.2021 01:36:51.725,0.9154200000000001,0.91533,1,1
09.08.2021 01:36:54.208,0.9154200000000001,0.91533,1,1.25
09.08.2021 01:36:54.310,0.91543,0.91534,1,1.25
09.08.2021 01:36:58.713,0.9154200000000001,0.91534,1,1
09.08.2021 01:37:11.032,0.9154200000000001,0.91533,1,1
09.08.2021 01:37:19.168,0.9153600000000001,0.9152700000000001,1,4.44
09.08.2021 01:37:19.219,0.9153600000000001,0.9152600000000001,1.5,3.19
09.08.2021 01:37:19.853,0.9153600000000001,0.91524,1.5,2.44
09.08.2021 01:37:19.954,0.91535,0.9152600000000001,1,1
09.08.2021 01:37:23.582,0.91534,0.9152600000000001,1,1
09.08.2021 01:37:37.262,0.9153600000000001,0.9152600000000001,1.5,1
09.08.2021 01:37:45.666,0.9153700000000001,0.91529,1,1.5
09.08.2021 01:37:45.768,0.91538,0.9153,1.5,1
09.08.2021 01:37:48.023,0.9154,0.9153,1.5,1
09.08.2021 01:37:48.124,0.91538,0.9153,1,1
09.08.2021 01:37:48.643,0.91539,0.9153200000000001,1.5,1
09.08.2021 01:37:53.370,0.9153700000000001,0.91529,1,1.69
09.08.2021 01:37:57.451,0.91535,0.9152700000000001,1,1.5
09.08.2021 01:37:58.869,0.9153600000000001,0.9152700000000001,1.5,1
09.08.2021 01:37:59.395,0.91534,0.9152700000000001,1,1
09.08.2021 01:37:59.512,0.91534,0.9152600000000001,1,1.25
09.08.2021 01:37:59.634,0.91533,0.9152600000000001,1,1
09.08.2021 01:38:00.140,0.91535,0.91525,1,1.5
09.08.2021 01:38:06.688,0.91535,0.9152600000000001,1,1.25
09.08.2021 01:38:26.291,0.9153600000000001,0.91528,1,1
09.08.2021 01:38:31.697,0.91538,0.9152700000000001,1,1.25
09.08.2021 01:38:33.335,0.9153600000000001,0.9152700000000001,1,1
09.08.2021 01:38:37.707,0.91535,0.9152700000000001,1,1
09.08.2021 01:38:39.526,0.91539,0.91528,1,1
09.08.2021 01:38:39.627,0.91539,0.91529,1,1.69
09.08.2021 01:38:42.421,0.91538,0.91529,1,1.25
09.08.2021 01:38:44.393,0.9153600000000001,0.9152700000000001,1,1
09.08.2021 01:38:44.495,0.91535,0.9152700000000001,1,1
09.08.2021 01:38:45.200,0.91535,0.9152600000000001,1,1
09.08.2021 01:38:53.402,0.91534,0.9152600000000001,1,1
09.08.2021 01:38:53.604,0.91534,0.91524,1,3.19
09.08.2021 01:38:58.679,0.9153600000000001,0.91524,1.5,1
09.08.2021 01:39:08.583,0.91538,0.91528,2,2.44
09.08.2021 01:39:08.684,0.9153700000000001,0.91528,1,2.44
09.08.2021 01:39:12.238,0.9153600000000001,0.91528,1,1
09.08.2021 01:39:23.077,0.91535,0.9152700000000001,1,1
09.08.2021 01:39:23.178,0.91535,0.9152600000000001,1,1
09.08.2021 01:39:33.047,0.9153600000000001,0.9152700000000001,1,1.25
09.08.2021 01:39:33.501,0.9153700000000001,0.9152700000000001,1.5,1.69
09.08.2021 01:39:36.433,0.9153700000000001,0.9152600000000001,1,1.25
09.08.2021 01:39:38.406,0.91534,0.9152600000000001,1,1
09.08.2021 01:39:40.400,0.91535,0.9152600000000001,1,1.25
09.08.2021 01:39:49.953,0.91534,0.91525,1,1
09.08.2021 01:39:50.055,0.91535,0.91525,1.5,1.69
09.08.2021 01:40:06.391,0.91533,0.91525,1,1.75
09.08.2021 01:40:06.542,0.91533,0.91525,1,1.25
09.08.2021 01:40:06.646,0.91535,0.91525,1.5,1.69
09.08.2021 01:40:06.898,0.91534,0.91525,1,1.25
09.08.2021 01:40:07.302,0.91534,0.91525,1,1.75
09.08.2021 01:40:07.572,0.91534,0.91525,1,1.25
09.08.2021 01:40:08.401,0.91534,0.91524,1,1.75
09.08.2021 01:40:10.406,0.91534,0.91525,1,1.25
09.08.2021 01:40:10.558,0.9153200000000001,0.91524,1,1.12
09.08.2021 01:40:13.521,0.91533,0.91524,1,1.75
09.08.2021 01:40:14.555,0.91534,0.91524,1.5,3.25
09.08.2021 01:40:20.944,0.91534,0.91524,2.44,1.5
09.08.2021 01:40:21.046,0.91528,0.9151900000000001,1,1.69
09.08.2021 01:40:21.147,0.9152600000000001,0.9151700000000002,1,1
09.08.2021 01:40:21.249,0.9152600000000001,0.9151600000000001,1.5,1.69
09.08.2021 01:40:23.795,0.91525,0.9151600000000001,1,1.25
09.08.2021 01:40:24.411,0.9152600000000001,0.9151700000000002,1,2.5
09.08.2021 01:40:34.302,0.91528,0.91518,1.5,2.44
09.08.2021 01:40:34.826,0.91529,0.91518,1,1
09.08.2021 01:40:35.219,0.9153,0.91518,1.5,2.25
09.08.2021 01:40:44.134,0.9152600000000001,0.9151600000000001,1.5,3.26
09.08.2021 01:40:50.752,0.91525,0.9151600000000001,1,1
09.08.2021 01:40:58.933,0.91525,0.91515,1.5,1
09.08.2021 01:40:59.397,0.91524,0.91514,1,2.44
09.08.2021 01:41:04.461,0.91524,0.91513,1,1.69
09.08.2021 01:41:04.563,0.91524,0.91514,1,2.81
09.08.2021 01:41:04.665,0.91524,0.91514,1,3.62
09.08.2021 01:41:05.152,0.91524,0.91514,1,2.06
09.08.2021 01:41:06.839,0.91524,0.91514,1,3.25
09.08.2021 01:41:07.397,0.91524,0.91513,1,1
09.08.2021 01:41:11.806,0.91523,0.9151600000000001,1,1
09.08.2021 01:41:11.856,0.9152600000000001,0.9151700000000002,1,1.75
09.08.2021 01:41:11.958,0.9152600000000001,0.9151700000000002,1,1
09.08.2021 01:41:21.547,0.9152600000000001,0.9151600000000001,1,1.69
09.08.2021 01:41:29.967,0.9152700000000001,0.9151600000000001,1,1
09.08.2021 01:41:31.132,0.91525,0.9151600000000001,1,1
09.08.2021 01:41:35.205,0.9152600000000001,0.9151600000000001,1.5,1.5
09.08.2021 01:41:35.306,0.9152600000000001,0.9151700000000002,1,1
09.08.2021 01:41:42.391,0.91525,0.9151600000000001,1,1
09.08.2021 01:41:42.492,0.91524,0.9151600000000001,1,1
09.08.2021 01:41:43.406,0.91523,0.91513,1.5,6.64
09.08.2021 01:41:43.637,0.91525,0.91515,1.5,1.69
09.08.2021 01:41:43.738,0.91525,0.91515,1.5,2.5
09.08.2021 01:41:51.744,0.91524,0.91515,1,1.5
09.08.2021 01:41:53.472,0.91525,0.9151600000000001,1,1
09.08.2021 01:41:58.267,0.91525,0.9151700000000002,1,1
09.08.2021 01:42:01.688,0.9152600000000001,0.9151700000000002,1,1
09.08.2021 01:42:16.416,0.91524,0.9151700000000002,1,1
09.08.2021 01:42:17.118,0.91525,0.91514,1,1.69
09.08.2021 01:42:19.730,0.91523,0.91515,1,1
09.08.2021 01:42:23.031,0.9152200000000001,0.91514,1,1
09.08.2021 01:42:23.389,0.91523,0.9151200000000002,1,1.5
09.08.2021 01:42:24.171,0.9152,0.9151200000000002,1,3
09.08.2021 01:42:24.272,0.9151600000000001,0.91509,1,1.12
09.08.2021 01:42:24.373,0.9151700000000002,0.91508,1,2.44
09.08.2021 01:42:24.474,0.9151600000000001,0.9150700000000002,1,1.25
09.08.2021 01:42:30.477,0.9151600000000001,0.9150700000000002,1,2.5
09.08.2021 01:42:30.836,0.9151600000000001,0.9150700000000002,1,1.69
09.08.2021 01:42:34.653,0.9151600000000001,0.91508,1,1
09.08.2021 01:42:41.728,0.9151700000000002,0.91508,1,1
09.08.2021 01:42:50.843,0.9151700000000002,0.91509,2.25,1
09.08.2021 01:42:50.944,0.9151600000000001,0.91508,1.5,1
09.08.2021 01:42:51.198,0.91515,0.91508,1,1
09.08.2021 01:43:00.393,0.9151600000000001,0.91508,2.25,1
09.08.2021 01:43:54.802,0.91515,0.91508,1,1
09.08.2021 01:43:56.742,0.9151600000000001,0.91509,1,1
09.08.2021 01:44:02.953,0.9151700000000002,0.91509,1.5,1
09.08.2021 01:44:03.972,0.9151700000000002,0.9151100000000001,1,1
09.08.2021 01:44:07.585,0.9152,0.9151100000000001,1,1.5
09.08.2021 01:44:15.917,0.9151900000000001,0.9151100000000001,1.5,1
09.08.2021 01:44:17.079,0.91518,0.9151100000000001,1,1
09.08.2021 01:44:30.119,0.91518,0.9151,1.5,1
09.08.2021 01:45:01.653,0.9151700000000002,0.9151,1,1
09.08.2021 01:45:50.055,0.91518,0.9151,2.25,1
09.08.2021 01:45:57.242,0.9152100000000001,0.9151,1.69,1.5
09.08.2021 01:45:57.344,0.9152,0.9151,1,1.5
09.08.2021 01:45:58.092,0.91518,0.9151,1,2.25
09.08.2021 01:46:11.920,0.9152200000000001,0.91514,3.57,1.5
09.08.2021 01:46:12.022,0.9152,0.91513,1,1
09.08.2021 01:46:15.016,0.9152100000000001,0.91513,1.5,1
09.08.2021 01:46:15.218,0.9151900000000001,0.9151200000000002,1,2.25
09.08.2021 01:46:16.028,0.91518,0.9151100000000001,1,1
09.08.2021 01:46:20.386,0.91518,0.9151,1.5,1.5
09.08.2021 01:46:20.494,0.9152,0.91513,1,2.25
09.08.2021 01:46:20.545,0.9151900000000001,0.9151100000000001,1.1,1
09.08.2021 01:46:20.646,0.9151700000000002,0.91509,1,1.95
09.08.2021 01:46:31.455,0.9151700000000002,0.9151,1.5,1
09.08.2021 01:46:35.483,0.9151700000000002,0.91509,2.44,1.5
09.08.2021 01:46:41.858,0.9151700000000002,0.91509,1.5,1.5
09.08.2021 01:46:42.824,0.9151700000000002,0.91509,1.5,1.12
09.08.2021 01:47:00.166,0.91518,0.9151,1.5,1
09.08.2021 01:47:08.521,0.91518,0.91509,1,1.95
09.08.2021 01:47:09.284,0.9151900000000001,0.91509,1.01,1.95
09.08.2021 01:47:09.436,0.9151900000000001,0.91508,1,1.95
09.08.2021 01:47:14.846,0.9152200000000001,0.91513,2.94,2.25
09.08.2021 01:47:14.897,0.9152,0.9151,1.87,2.89
09.08.2021 01:47:14.999,0.91518,0.9151,1,1.12
09.08.2021 01:47:20.131,0.91518,0.91509,1,1.57
09.08.2021 01:48:02.948,0.91518,0.91508,3.32,2.25
09.08.2021 01:48:10.131,0.91518,0.91508,2.44,2.7
09.08.2021 01:48:20.755,0.91518,0.91508,3.32,1.5
09.08.2021 01:48:42.971,0.9151600000000001,0.91508,1,2.25
09.08.2021 01:48:51.112,0.9151700000000002,0.9150700000000002,2.56,1.5
09.08.2021 01:48:51.213,0.9151200000000002,0.91504,1,1.57
09.08.2021 01:48:51.416,0.9151100000000001,0.91504,1.25,1.5
09.08.2021 01:48:51.776,0.9151200000000002,0.91503,2.5,2.25
09.08.2021 01:49:06.263,0.9150600000000001,0.91498,1,13.82
09.08.2021 01:49:06.314,0.9151100000000001,0.915,2.44,1
09.08.2021 01:49:06.529,0.91509,0.9150100000000001,1.25,1
09.08.2021 01:49:06.809,0.9151,0.915,1.75,1
09.08.2021 01:49:06.910,0.91509,0.91499,1.75,1.57
09.08.2021 01:49:09.473,0.91504,0.91499,1,1.5
09.08.2021 01:49:10.462,0.91509,0.91499,1.75,1.57
09.08.2021 01:49:10.679,0.91504,0.91499,1,1.5
09.08.2021 01:49:16.107,0.9151,0.915,1.75,1
09.08.2021 01:49:16.680,0.91504,0.91499,1,1
09.08.2021 01:49:19.738,0.9151100000000001,0.915,2.32,1
09.08.2021 01:49:22.678,0.91504,0.91499,1,1
09.08.2021 01:49:28.980,0.9151200000000002,0.91499,2.32,1
09.08.2021 01:49:29.333,0.9151200000000002,0.9150600000000001,1.5,1
09.08.2021 01:49:29.435,0.91514,0.91505,1.57,1.25
09.08.2021 01:49:29.485,0.91513,0.91504,1.12,1.57
09.08.2021 01:49:29.587,0.9151200000000002,0.91505,1,3.1
09.08.2021 01:49:32.867,0.9151200000000002,0.91504,1,1.1
09.08.2021 01:49:32.968,0.9151100000000001,0.91504,1,1.6
09.08.2021 01:49:33.070,0.9151,0.91505,1,1
09.08.2021 01:49:33.171,0.9151200000000002,0.91505,1,4.57
09.08.2021 01:49:33.272,0.9151200000000002,0.9150600000000001,1,1.5
09.08.2021 01:49:36.624,0.9151700000000002,0.91505,1.5,1.35
09.08.2021 01:49:36.835,0.9151200000000002,0.9150600000000001,1,1.25
09.08.2021 01:49:39.873,0.9151600000000001,0.9150600000000001,1.5,1.35
09.08.2021 01:49:41.230,0.9151200000000002,0.9150600000000001,1,1.25
09.08.2021 01:49:49.139,0.9151600000000001,0.9150600000000001,1.5,1.35
09.08.2021 01:49:49.678,0.9151200000000002,0.9150600000000001,1,1.25
09.08.2021 01:49:52.345,0.9151200000000002,0.9150700000000002,1,1.25
09.08.2021 01:49:52.598,0.9151900000000001,0.9150700000000002,1.25,1
09.08.2021 01:49:54.778,0.9151600000000001,0.9150700000000002,1,1.1
09.08.2021 01:49:54.829,0.91518,0.9151,1,1
09.08.2021 01:49:54.880,0.91514,0.91508,1,1.25
09.08.2021 01:49:54.981,0.91518,0.91508,2.25,1
09.08.2021 01:49:58.533,0.9151,0.91504,1,1.1
09.08.2021 01:49:58.685,0.9150600000000001,0.9150100000000001,1,1
09.08.2021 01:49:58.786,0.9151100000000001,0.9150100000000001,1.75,1
09.08.2021 01:49:58.888,0.91505,0.91499,1,1.57
09.08.2021 01:50:00.102,0.9151100000000001,0.9150100000000001,2.25,1
09.08.2021 01:50:02.319,0.91504,0.91499,1,1
09.08.2021 01:50:03.080,0.91503,0.9149700000000002,1,10.79
09.08.2021 01:50:06.281,0.9151,0.915,1.75,1
09.08.2021 01:50:07.983,0.91503,0.9149700000000002,1,10.79
09.08.2021 01:50:10.902,0.9151100000000001,0.91499,1.75,1
09.08.2021 01:50:11.565,0.91504,0.91499,1,1
09.08.2021 01:50:29.211,0.9151,0.915,1.75,1
09.08.2021 01:50:31.678,0.91504,0.91499,1,1
09.08.2021 01:50:41.044,0.91505,0.91499,1,1.57
09.08.2021 01:50:48.305,0.9150100000000001,0.91494,1.69,1.12
09.08.2021 01:50:48.356,0.91499,0.9149200000000001,1,1
09.08.2021 01:50:48.407,0.91499,0.9149,1.25,1.2
09.08.2021 01:50:48.458,0.9149700000000002,0.9148700000000001,2.06,1.1
09.08.2021 01:50:48.509,0.9149200000000001,0.91485,1,1.6
09.08.2021 01:50:48.610,0.9149,0.91485,1,1
09.08.2021 01:50:48.814,0.9149,0.91484,1,1.2
09.08.2021 01:50:48.916,0.9149,0.91485,1,1
09.08.2021 01:50:49.842,0.9149100000000001,0.91485,1,1
09.08.2021 01:50:53.514,0.9149600000000001,0.9148700000000001,1.5,1.57
09.08.2021 01:50:53.615,0.91495,0.91488,1.5,1.97
09.08.2021 01:51:00.602,0.91495,0.9149,1,1
09.08.2021 01:51:07.069,0.9149600000000001,0.9149,1,1
09.08.2021 01:51:26.780,0.9149700000000002,0.9149100000000001,1,1
09.08.2021 01:51:31.705,0.91498,0.9149100000000001,1,1.5
09.08.2021 01:51:34.741,0.91498,0.9149200000000001,1,1
09.08.2021 01:51:35.708,0.915,0.91494,1,1
09.08.2021 01:51:35.809,0.915,0.91493,1,1
09.08.2021 01:51:35.911,0.91499,0.9149200000000001,1,1.5
09.08.2021 01:51:40.684,0.915,0.91493,1,1
09.08.2021 01:51:40.785,0.9150100000000001,0.91494,1,1
09.08.2021 01:51:40.886,0.9150200000000002,0.91494,1,1.5
09.08.2021 01:51:42.331,0.9150200000000002,0.91495,1,1
09.08.2021 01:51:43.509,0.91505,0.91498,1,1
09.08.2021 01:51:43.610,0.9150600000000001,0.91499,1.5,1
09.08.2021 01:51:43.813,0.9150700000000002,0.91499,1,1
09.08.2021 01:52:09.293,0.9150700000000002,0.915,1,1
09.08.2021 01:52:13.152,0.9150700000000002,0.91498,1,2.32
09.08.2021 01:52:39.677,0.9150700000000002,0.9149700000000002,1,1.1
09.08.2021 01:52:40.088,0.9150600000000001,0.915,1,1
09.08.2021 01:52:44.170,0.9150700000000002,0.915,1,1
09.08.2021 01:53:18.590,0.91508,0.915,1,1
09.08.2021 01:53:18.692,0.91509,0.915,2.44,1
09.08.2021 01:53:32.781,0.9151100000000001,0.91503,1,1
09.08.2021 01:53:33.135,0.9151100000000001,0.9150100000000001,1,1
