Gmt time,Ask,Bid,AskVolume,BidVolume
16.08.2021 00:00:00.015,6.48139,6.480230000000001,1.5,1.1
16.08.2021 00:00:00.116,6.48135,6.480230000000001,1,1.1
16.08.2021 00:00:00.217,6.48135,6.480230000000001,1,1.1
16.08.2021 00:00:00.318,6.4814300000000005,6.48022,1.5,1
16.08.2021 00:00:00.469,6.48142,6.480230000000001,1.5,1
16.08.2021 00:00:00.811,6.4814300000000005,6.4802100000000005,1.5,1.5
16.08.2021 00:00:01.193,6.4814300000000005,6.48017,1.5,1.5
16.08.2021 00:00:01.363,6.4814300000000005,6.480160000000001,1.5,1.5
16.08.2021 00:00:01.464,6.4814300000000005,6.48017,1.5,1.5
16.08.2021 00:00:01.615,6.4814300000000005,6.48015,1.5,1
16.08.2021 00:00:02.315,6.4814300000000005,6.48015,1.5,1
16.08.2021 00:00:03.207,6.48142,6.480160000000001,1.5,1
16.08.2021 00:00:03.316,6.4814300000000005,6.48015,1.5,1
16.08.2021 00:00:03.417,6.4813600000000005,6.480160000000001,1.5,1
16.08.2021 00:00:03.537,6.48137,6.48015,1.5,1
16.08.2021 00:00:04.399,6.48134,6.480230000000001,1.12,1.1
16.08.2021 00:00:04.450,6.481310000000001,6.48022,1,1.1
16.08.2021 00:00:04.551,6.481310000000001,6.48022,1.5,1.1
16.08.2021 00:00:04.652,6.481280000000001,6.480230000000001,1,1.1
16.08.2021 00:00:04.795,6.48129,6.48022,1,1.1
16.08.2021 00:00:04.896,6.48126,6.480230000000001,1.5,1.1
16.08.2021 00:00:11.742,6.48127,6.48007,1.5,1
16.08.2021 00:00:11.843,6.48126,6.480080000000001,1.5,1
16.08.2021 00:00:11.944,6.48127,6.48007,1.5,1
16.08.2021 00:00:13.955,6.481280000000001,6.4802100000000005,1,1.1
16.08.2021 00:00:14.284,6.4813,6.480040000000001,1.75,1
16.08.2021 00:00:14.392,6.4813,6.480040000000001,1.75,1
16.08.2021 00:00:14.596,6.48129,6.4802100000000005,1,1.1
16.08.2021 00:00:35.962,6.48126,6.480040000000001,1.5,1
16.08.2021 00:00:36.091,6.48126,6.480040000000001,1.5,1
16.08.2021 00:00:36.192,6.48126,6.48007,1.5,1.5
16.08.2021 00:00:36.293,6.48127,6.48007,1.5,1.5
16.08.2021 00:00:38.127,6.48126,6.48022,1.5,1.1
16.08.2021 00:00:41.671,6.48126,6.480040000000001,1.5,1
16.08.2021 00:00:41.772,6.48127,6.48003,1.5,1
16.08.2021 00:00:42.497,6.48126,6.48022,1.5,1.1
16.08.2021 00:00:52.036,6.481230000000001,6.480040000000001,1.5,1
16.08.2021 00:00:52.137,6.481240000000001,6.48006,1.5,1.5
16.08.2021 00:00:52.317,6.481230000000001,6.48007,1.5,1.5
16.08.2021 00:00:52.686,6.481240000000001,6.4802100000000005,1.5,1.1
16.08.2021 00:00:52.867,6.481230000000001,6.480040000000001,1.5,1
16.08.2021 00:00:52.968,6.481230000000001,6.480040000000001,1.5,1
16.08.2021 00:00:53.747,6.481230000000001,6.48007,1.5,1.5
16.08.2021 00:00:54.027,6.481230000000001,6.48007,1.5,1.5
16.08.2021 00:00:54.680,6.48121,6.480080000000001,1.12,1.5
16.08.2021 00:00:54.866,6.48122,6.4802100000000005,1.12,1.1
16.08.2021 00:00:54.930,6.48122,6.4802100000000005,1.62,1.1
16.08.2021 00:00:55.690,6.48121,6.48022,1.62,1.1
16.08.2021 00:00:56.427,6.48121,6.48002,1,1.67
16.08.2021 00:00:57.150,6.48121,6.48002,1,1.55
16.08.2021 00:00:57.537,6.48122,6.48001,1,1.05
16.08.2021 00:00:57.638,6.48121,6.47992,1,1.55
16.08.2021 00:00:57.688,6.48122,6.4802,1,1.1
16.08.2021 00:00:57.892,6.48122,6.4802,1,1.1
16.08.2021 00:00:58.151,6.48121,6.4802100000000005,1,1.1
16.08.2021 00:00:58.430,6.48121,6.4802100000000005,1,1.1
16.08.2021 00:00:58.563,6.48122,6.4802,1,1.1
16.08.2021 00:00:58.664,6.4812,6.4802100000000005,1.5,1.1
16.08.2021 00:00:58.765,6.4812,6.4802100000000005,1.5,1.1
16.08.2021 00:00:59.116,6.48121,6.4802,1.5,1.1
16.08.2021 00:00:59.167,6.48117,6.4802,1,1.1
16.08.2021 00:00:59.415,6.48117,6.4802,1.5,1.1
16.08.2021 00:00:59.556,6.48116,6.4802100000000005,1,1.1
16.08.2021 00:00:59.657,6.48116,6.4802,1.5,1.1
16.08.2021 00:01:00.330,6.481190000000001,6.4802,1.5,1.1
16.08.2021 00:01:00.431,6.48116,6.4802,1.5,1.1
16.08.2021 00:01:00.896,6.48115,6.4802100000000005,1.12,1.1
16.08.2021 00:01:02.455,6.48117,6.4802,1,1.1
16.08.2021 00:01:02.716,6.48116,6.4802100000000005,1.5,1.1
16.08.2021 00:01:05.657,6.48116,6.4802100000000005,1.5,1.1
16.08.2021 00:01:06.393,6.48116,6.4802100000000005,1.5,1.1
16.08.2021 00:01:08.672,6.48116,6.4802100000000005,1.5,1.1
16.08.2021 00:01:12.429,6.48116,6.4802100000000005,1.5,1.1
16.08.2021 00:01:12.727,6.48117,6.4802,1.12,1.1
16.08.2021 00:01:12.828,6.48115,6.4802100000000005,1.12,1.1
16.08.2021 00:01:13.000,6.48109,6.4802100000000005,1,1.1
16.08.2021 00:01:13.747,6.48112,6.4802,1,1.1
16.08.2021 00:01:14.911,6.48109,6.4802100000000005,1,1.1
16.08.2021 00:01:15.971,6.48111,6.4802100000000005,1,1.1
16.08.2021 00:01:34.372,6.48106,6.4802100000000005,1,1.1
16.08.2021 00:01:45.932,6.481050000000001,6.4802100000000005,1,1.1
16.08.2021 00:01:46.420,6.48101,6.4802100000000005,1,1.1
16.08.2021 00:02:04.466,6.48111,6.4802,1,1.1
16.08.2021 00:02:07.383,6.48104,6.4802,1,1.1
16.08.2021 00:02:11.567,6.48099,6.4802100000000005,1,1.1
16.08.2021 00:02:20.276,6.481050000000001,6.4802,1,1.1
16.08.2021 00:02:41.328,6.481,6.4802100000000005,1,1.1
16.08.2021 00:02:41.496,6.4811000000000005,6.4802100000000005,1,1.1
16.08.2021 00:02:41.997,6.481050000000001,6.4802100000000005,1,1.1
16.08.2021 00:03:08.252,6.4811000000000005,6.4802,1,1.1
16.08.2021 00:03:12.777,6.481050000000001,6.4802,1,1.1
16.08.2021 00:03:23.741,6.48104,6.48007,1,1.5
16.08.2021 00:03:27.337,6.48104,6.4802100000000005,1,1.1
16.08.2021 00:03:41.644,6.481050000000001,6.48005,1,1
16.08.2021 00:03:41.755,6.48104,6.4801,1,1.5
16.08.2021 00:03:42.002,6.481050000000001,6.4802,1,1.1
16.08.2021 00:03:46.121,6.48104,6.48006,1,1
16.08.2021 00:03:46.243,6.48104,6.48012,1,1
16.08.2021 00:03:48.021,6.48111,6.48012,1,1
16.08.2021 00:03:48.128,6.48111,6.48012,1,1
16.08.2021 00:03:48.229,6.48112,6.48011,1,1
16.08.2021 00:03:48.380,6.48112,6.48011,1,1
16.08.2021 00:03:50.086,6.48111,6.4802100000000005,1,1.1
16.08.2021 00:03:57.680,6.48111,6.480300000000001,1,1.1
16.08.2021 00:03:59.018,6.481140000000001,6.480300000000001,1,1.1
16.08.2021 00:03:59.491,6.48109,6.480300000000001,1,1.1
16.08.2021 00:04:02.475,6.481050000000001,6.480300000000001,1,1.1
16.08.2021 00:04:09.530,6.4811000000000005,6.48029,1,1.1
16.08.2021 00:04:10.311,6.481050000000001,6.480300000000001,1,1.1
16.08.2021 00:04:10.412,6.481050000000001,6.480180000000001,1,1
16.08.2021 00:04:10.462,6.481050000000001,6.480180000000001,1,1
16.08.2021 00:04:25.906,6.48101,6.480130000000001,1,1
16.08.2021 00:04:26.192,6.48101,6.480300000000001,1,1.1
16.08.2021 00:04:29.358,6.481050000000001,6.480300000000001,1,1.1
16.08.2021 00:04:32.881,6.4809600000000005,6.480300000000001,1,1.1
16.08.2021 00:04:32.931,6.4809600000000005,6.48,1,1.5
16.08.2021 00:04:32.981,6.480930000000001,6.48,1,1.5
16.08.2021 00:04:33.032,6.4808900000000005,6.479830000000001,1,1
16.08.2021 00:04:33.082,6.480840000000001,6.47982,1,1
16.08.2021 00:04:33.133,6.48071,6.47951,1,1
16.08.2021 00:04:33.183,6.48068,6.47952,1.05,1
16.08.2021 00:04:33.234,6.48051,6.47925,1,1
16.08.2021 00:04:33.285,6.48046,6.47911,1,1.5
16.08.2021 00:04:33.398,6.48031,6.47891,1,1.62
16.08.2021 00:04:33.520,6.48019,6.4789200000000005,1,1.5
16.08.2021 00:04:33.622,6.480130000000001,6.47925,1,0.75
16.08.2021 00:04:33.823,6.479830000000001,6.47912,0.75,0.75
16.08.2021 00:04:33.924,6.479830000000001,6.47891,1,1.5
16.08.2021 00:04:34.025,6.47986,6.47813,1,1
16.08.2021 00:04:34.126,6.48005,6.478440000000001,1,1
16.08.2021 00:04:34.226,6.480130000000001,6.478440000000001,1,1.5
16.08.2021 00:04:34.377,6.4801400000000005,6.4786,1,1
16.08.2021 00:04:34.577,6.48027,6.478750000000001,1,1
16.08.2021 00:04:34.728,6.480180000000001,6.478800000000001,1,1
16.08.2021 00:04:34.829,6.48026,6.47879,1,1
16.08.2021 00:04:34.880,6.480230000000001,6.47879,1,1
16.08.2021 00:04:35.031,6.48029,6.47879,1.5,1
16.08.2021 00:04:35.168,6.4802800000000005,6.47879,1,1
16.08.2021 00:04:35.219,6.480250000000001,6.47878,1,1
16.08.2021 00:04:35.269,6.48029,6.47872,1,1
16.08.2021 00:04:35.514,6.48027,6.47872,1,1
16.08.2021 00:04:35.743,6.48019,6.47861,1,1
16.08.2021 00:04:35.928,6.4802100000000005,6.47861,1,1
16.08.2021 00:04:36.032,6.48022,6.478680000000001,1,1
16.08.2021 00:04:36.268,6.48011,6.47864,1,1
16.08.2021 00:04:36.595,6.480130000000001,6.47864,1,1
16.08.2021 00:04:37.461,6.4801400000000005,6.47864,1,1
16.08.2021 00:04:37.790,6.48019,6.47865,1,1
16.08.2021 00:04:37.841,6.48012,6.47865,1,1
16.08.2021 00:04:38.604,6.48019,6.47864,1,1
16.08.2021 00:04:38.654,6.480130000000001,6.47865,1,1
16.08.2021 00:04:38.868,6.48019,6.47865,1,1
16.08.2021 00:04:38.921,6.480130000000001,6.47871,1,1
16.08.2021 00:04:39.184,6.480130000000001,6.47867,1,1
16.08.2021 00:04:40.106,6.4803500000000005,6.47867,1,1
16.08.2021 00:04:40.207,6.4804900000000005,6.4793,1,1
16.08.2021 00:04:40.418,6.4804900000000005,6.4793,1,1.5
16.08.2021 00:04:40.519,6.480480000000001,6.47936,1,1
16.08.2021 00:04:40.797,6.48052,6.47936,1,1
16.08.2021 00:04:41.286,6.48054,6.47935,1,1
16.08.2021 00:04:41.598,6.480530000000001,6.47944,1,1
16.08.2021 00:04:41.991,6.48059,6.47962,1.5,1.1
16.08.2021 00:04:44.014,6.480530000000001,6.47963,1,1.1
16.08.2021 00:04:44.334,6.480580000000001,6.47962,1.5,1.1
16.08.2021 00:04:44.678,6.480530000000001,6.47962,1,1.1
16.08.2021 00:04:48.577,6.4805,6.47963,1,1.1
16.08.2021 00:04:51.365,6.48051,6.47963,1,1.1
16.08.2021 00:04:52.901,6.4806,6.47963,1.5,1.1
16.08.2021 00:04:53.002,6.480650000000001,6.47963,1.12,1.1
16.08.2021 00:04:53.195,6.48066,6.47963,1.12,1.1
16.08.2021 00:04:54.037,6.48066,6.47963,1.5,1.1
16.08.2021 00:04:54.414,6.48067,6.47962,1.5,1.1
16.08.2021 00:04:54.527,6.48067,6.47962,1.5,1.1
16.08.2021 00:04:54.628,6.480630000000001,6.47963,1,1.1
16.08.2021 00:04:54.876,6.48064,6.47962,1.5,1.1
16.08.2021 00:04:55.002,6.48064,6.47962,1.5,1.1
16.08.2021 00:04:55.120,6.48069,6.47962,1.5,1.1
16.08.2021 00:04:55.221,6.48072,6.47963,1.5,1.1
16.08.2021 00:04:55.349,6.48071,6.47963,1.5,1.1
16.08.2021 00:04:55.537,6.480740000000001,6.47963,1.62,1.1
16.08.2021 00:04:56.548,6.480700000000001,6.47962,1.5,1.1
16.08.2021 00:05:00.116,6.480700000000001,6.47962,1.5,1.1
16.08.2021 00:05:00.229,6.48071,6.47962,1.5,1.1
16.08.2021 00:05:00.333,6.480700000000001,6.47963,1.5,1.1
16.08.2021 00:05:00.462,6.48068,6.47962,1.5,1.1
16.08.2021 00:05:00.557,6.48067,6.47963,1.5,1.1
16.08.2021 00:05:01.309,6.48071,6.47963,1.5,1.1
16.08.2021 00:05:01.918,6.48067,6.47963,1.5,1.1
16.08.2021 00:05:02.377,6.48068,6.47963,1.5,1.1
16.08.2021 00:05:02.431,6.48068,6.47963,1.5,1.1
16.08.2021 00:05:08.110,6.48069,6.47962,1.5,1.1
16.08.2021 00:05:08.228,6.480740000000001,6.47963,1.62,1.1
16.08.2021 00:05:08.331,6.48076,6.47963,1.5,1.1
16.08.2021 00:05:08.432,6.4809,6.47962,1,1.1
16.08.2021 00:05:08.533,6.4808900000000005,6.47963,1,1.1
16.08.2021 00:05:08.724,6.48086,6.47962,1.5,1.1
16.08.2021 00:05:09.259,6.48085,6.47963,1.5,1.1
16.08.2021 00:05:09.392,6.48086,6.47982,1.5,1.1
16.08.2021 00:05:09.442,6.48086,6.47982,1.5,1.1
16.08.2021 00:05:09.657,6.48085,6.479830000000001,1.12,1.1
16.08.2021 00:05:10.019,6.48085,6.479830000000001,1.5,1.1
16.08.2021 00:05:10.340,6.48086,6.47982,1.5,1.1
16.08.2021 00:05:13.954,6.48085,6.47982,1.5,1.1
16.08.2021 00:05:18.211,6.480930000000001,6.479830000000001,1.5,1.1
16.08.2021 00:05:18.262,6.4809600000000005,6.47982,1.5,1.1
16.08.2021 00:05:18.312,6.48108,6.479830000000001,1.62,1.35
16.08.2021 00:05:18.413,6.48108,6.479830000000001,1.5,1.6
16.08.2021 00:05:18.951,6.48109,6.479690000000001,1.5,1.05
16.08.2021 00:05:19.052,6.48109,6.479690000000001,1.5,1.05
16.08.2021 00:05:19.111,6.48109,6.47997,1.5,1
16.08.2021 00:05:19.212,6.48109,6.480160000000001,1.5,1.1
16.08.2021 00:05:19.262,6.48108,6.48017,1.5,1.1
16.08.2021 00:05:19.363,6.48109,6.48017,1.5,1.1
16.08.2021 00:05:19.499,6.48109,6.48017,1.5,1.1
16.08.2021 00:05:20.339,6.48107,6.48017,1,1.1
16.08.2021 00:05:20.436,6.48107,6.48017,1.5,1.1
16.08.2021 00:05:20.537,6.48108,6.480160000000001,1,1.1
16.08.2021 00:05:20.636,6.48107,6.48017,1.5,1.1
16.08.2021 00:05:20.974,6.48111,6.48017,1,1.1
16.08.2021 00:05:21.024,6.48117,6.48017,1.5,1.1
16.08.2021 00:05:23.679,6.48117,6.48017,1.5,1.1
16.08.2021 00:05:23.826,6.481140000000001,6.48017,1.5,1.1
16.08.2021 00:05:23.953,6.48121,6.480160000000001,1.5,1.1
16.08.2021 00:05:24.004,6.481230000000001,6.48017,1.5,1.1
16.08.2021 00:05:24.078,6.481240000000001,6.480160000000001,1.5,1.1
16.08.2021 00:05:25.173,6.481190000000001,6.480160000000001,1.5,1.1
16.08.2021 00:05:25.294,6.48118,6.48017,1.5,1.1
16.08.2021 00:05:26.032,6.48115,6.480160000000001,1.5,1.1
16.08.2021 00:05:26.150,6.48118,6.480160000000001,1.5,1.1
16.08.2021 00:05:26.281,6.48118,6.480160000000001,1.5,1.1
16.08.2021 00:05:29.881,6.48108,6.480160000000001,1.5,1.1
16.08.2021 00:05:30.335,6.48108,6.480160000000001,1.5,1.1
16.08.2021 00:05:32.750,6.48111,6.480160000000001,1.5,1.1
16.08.2021 00:05:33.437,6.48112,6.480160000000001,1.5,1.1
16.08.2021 00:05:34.087,6.48112,6.480160000000001,1.5,1.1
16.08.2021 00:05:34.169,6.48111,6.48017,1.5,1.1
16.08.2021 00:05:34.819,6.48111,6.480160000000001,1.5,1.1
16.08.2021 00:05:34.920,6.48118,6.480160000000001,1.5,1.1
16.08.2021 00:05:35.946,6.48111,6.48017,1,1.1
16.08.2021 00:05:36.066,6.481140000000001,6.480160000000001,1,1.1
16.08.2021 00:05:36.142,6.48113,6.48017,1.5,1.1
16.08.2021 00:05:36.277,6.48112,6.480160000000001,1.5,1.1
16.08.2021 00:05:36.537,6.481140000000001,6.48017,1.5,1.1
16.08.2021 00:05:37.141,6.48115,6.480160000000001,1.5,1.1
16.08.2021 00:05:38.012,6.481140000000001,6.48017,1.5,1.1
16.08.2021 00:05:39.377,6.481140000000001,6.48017,1.5,1.1
16.08.2021 00:05:44.852,6.48115,6.480160000000001,1.5,1.1
16.08.2021 00:05:45.028,6.48113,6.48017,1.5,1.1
16.08.2021 00:05:45.586,6.48111,6.480160000000001,1.5,1.1
16.08.2021 00:05:45.737,6.48108,6.48017,1.5,1.1
16.08.2021 00:05:45.846,6.48108,6.48017,1.5,1.1
16.08.2021 00:05:45.947,6.48109,6.480160000000001,1.5,1.1
16.08.2021 00:05:46.082,6.48102,6.48017,1.5,1.1
16.08.2021 00:05:47.071,6.48102,6.48017,1.5,1.1
16.08.2021 00:05:47.447,6.4810300000000005,6.480160000000001,1,1.1
16.08.2021 00:05:48.020,6.48106,6.480160000000001,1,1.1
16.08.2021 00:05:48.171,6.48108,6.48017,1,1.1
16.08.2021 00:05:48.289,6.48111,6.480160000000001,1.5,1.1
16.08.2021 00:05:49.433,6.48111,6.480160000000001,1.5,1.1
16.08.2021 00:05:49.803,6.4811000000000005,6.480300000000001,1.5,1.1
16.08.2021 00:05:50.087,6.48111,6.48029,1.5,1.1
16.08.2021 00:05:50.186,6.4811000000000005,6.480300000000001,1.5,1.1
16.08.2021 00:05:51.337,6.48108,6.480300000000001,1.5,1.1
16.08.2021 00:05:52.298,6.48108,6.480300000000001,1.5,1.1
16.08.2021 00:05:52.449,6.48108,6.480300000000001,1.5,1.1
16.08.2021 00:05:52.733,6.48107,6.48029,1.5,1.1
16.08.2021 00:05:54.687,6.48112,6.480300000000001,1.5,1.1
16.08.2021 00:05:55.111,6.48112,6.480300000000001,1.5,1.1
16.08.2021 00:05:55.299,6.48113,6.48029,1.5,1.1
16.08.2021 00:05:55.400,6.48111,6.48029,1.5,1.1
16.08.2021 00:05:56.526,6.48111,6.480300000000001,1.5,1.1
16.08.2021 00:05:56.577,6.48046,6.48,1,1.5
16.08.2021 00:05:56.678,6.48061,6.48007,1,1
16.08.2021 00:05:56.729,6.4804,6.47992,1,1.5
16.08.2021 00:05:56.780,6.480930000000001,6.479900000000001,1,1.5
16.08.2021 00:05:56.881,6.48092,6.47997,1,1.5
16.08.2021 00:05:56.931,6.480830000000001,6.48001,1,1
16.08.2021 00:05:57.032,6.4804900000000005,6.4798800000000005,1,1.75
16.08.2021 00:05:57.083,6.48087,6.4798800000000005,1,1.25
16.08.2021 00:05:57.133,6.48095,6.47984,1.5,1.75
16.08.2021 00:05:57.183,6.48094,6.47985,1.35,1.5
16.08.2021 00:05:57.234,6.48054,6.47963,1,1.5
16.08.2021 00:05:57.285,6.48086,6.479640000000001,1.25,1.75
16.08.2021 00:05:57.335,6.480880000000001,6.479680000000001,1,1
16.08.2021 00:05:57.440,6.48087,6.479680000000001,1,1
16.08.2021 00:05:57.491,6.48027,6.4798,1,1
16.08.2021 00:05:57.542,6.4802800000000005,6.4798,1,1
16.08.2021 00:05:57.593,6.480300000000001,6.479330000000001,1.5,1.3
16.08.2021 00:05:57.643,6.4804,6.479430000000001,1,1.55
16.08.2021 00:05:57.694,6.4804900000000005,6.47944,1.25,1.55
16.08.2021 00:05:57.745,6.48051,6.479430000000001,1,2
16.08.2021 00:05:57.795,6.48051,6.47957,1,1
16.08.2021 00:05:57.846,6.48057,6.47958,1.12,1
16.08.2021 00:05:57.947,6.480630000000001,6.47958,1.5,1
16.08.2021 00:05:58.382,6.480630000000001,6.47958,1,1
16.08.2021 00:05:58.516,6.480630000000001,6.47952,1.5,1.5
16.08.2021 00:05:58.617,6.480630000000001,6.47958,1,1.5
16.08.2021 00:05:58.718,6.480630000000001,6.47952,1.5,1.5
16.08.2021 00:05:58.819,6.480630000000001,6.47958,1.5,1.5
16.08.2021 00:05:58.920,6.480630000000001,6.47958,1.5,1
16.08.2021 00:05:59.021,6.480630000000001,6.47957,1.5,1
16.08.2021 00:05:59.072,6.480630000000001,6.478930000000001,1.5,1.9
16.08.2021 00:05:59.123,6.48062,6.478940000000001,1.5,1.9
16.08.2021 00:05:59.274,6.48064,6.478930000000001,2,1.9
16.08.2021 00:05:59.698,6.48062,6.478940000000001,1.5,1.9
16.08.2021 00:05:59.839,6.480630000000001,6.478940000000001,1.5,1.9
16.08.2021 00:05:59.941,6.480630000000001,6.478940000000001,2,1.9
16.08.2021 00:06:00.092,6.48062,6.47945,1.5,1
16.08.2021 00:06:00.327,6.48062,6.47945,1.5,1
16.08.2021 00:06:00.431,6.4806,6.47945,1.5,1
16.08.2021 00:06:00.575,6.48059,6.47946,1.5,1
16.08.2021 00:06:01.886,6.4806,6.47945,1.5,0.74
16.08.2021 00:06:04.661,6.4806,6.4789200000000005,1.5,1.9
16.08.2021 00:06:04.762,6.48059,6.47952,1.5,0.87
16.08.2021 00:06:04.813,6.4806,6.47951,1.5,1
16.08.2021 00:06:05.057,6.4806,6.47944,1.5,0.94
16.08.2021 00:06:05.158,6.48059,6.47945,1.5,1
16.08.2021 00:06:05.259,6.4806,6.47944,1.5,0.74
16.08.2021 00:06:05.360,6.4806,6.47944,1.5,0.74
16.08.2021 00:06:05.708,6.48059,6.478930000000001,1.5,1.9
16.08.2021 00:06:06.332,6.48059,6.478930000000001,1.5,1.9
16.08.2021 00:06:06.431,6.4806,6.4789200000000005,1.5,1.9
16.08.2021 00:06:06.788,6.4806,6.479430000000001,1.12,1.8
16.08.2021 00:06:10.980,6.48059,6.47944,1.5,1.8
16.08.2021 00:06:13.941,6.48059,6.47946,1.5,1.5
16.08.2021 00:06:26.905,6.4805600000000005,6.47945,1,1.5
16.08.2021 00:06:27.006,6.480530000000001,6.47951,1,1
16.08.2021 00:06:27.157,6.4805600000000005,6.47952,1.5,1
16.08.2021 00:06:27.207,6.48051,6.479500000000001,1.5,1
16.08.2021 00:06:27.331,6.48051,6.479500000000001,1.5,1
16.08.2021 00:06:27.431,6.4805,6.47946,1.5,1
16.08.2021 00:06:27.535,6.4805,6.47946,1.5,1.25
16.08.2021 00:06:27.663,6.48051,6.47951,1.5,1.5
16.08.2021 00:06:27.907,6.4804900000000005,6.479550000000001,1.5,1
16.08.2021 00:06:28.076,6.4804900000000005,6.479550000000001,1.5,1
16.08.2021 00:06:28.407,6.480430000000001,6.47946,1.5,1.25
16.08.2021 00:06:28.909,6.480440000000001,6.47945,1.5,1.25
16.08.2021 00:06:29.374,6.480440000000001,6.47945,1,1.25
16.08.2021 00:06:29.826,6.480440000000001,6.47945,1.5,1.25
16.08.2021 00:06:30.026,6.480440000000001,6.47945,1.5,1.25
16.08.2021 00:06:30.211,6.480440000000001,6.47945,1.5,1.25
16.08.2021 00:06:30.312,6.480440000000001,6.47945,1.5,1.25
16.08.2021 00:06:30.425,6.480440000000001,6.47945,1.5,1.25
16.08.2021 00:06:34.538,6.480440000000001,6.479500000000001,1.5,1.6
16.08.2021 00:06:35.572,6.480440000000001,6.479500000000001,1.5,1.6
16.08.2021 00:06:35.764,6.480430000000001,6.47954,1.5,1
16.08.2021 00:06:35.865,6.48042,6.479550000000001,1.12,1
16.08.2021 00:06:35.966,6.48045,6.479550000000001,1.5,1
16.08.2021 00:06:36.021,6.48046,6.47954,1,1
16.08.2021 00:06:36.122,6.480480000000001,6.47954,1,1.25
16.08.2021 00:06:36.181,6.480480000000001,6.47945,1,1
16.08.2021 00:06:36.292,6.480440000000001,6.47946,1,1
16.08.2021 00:06:36.493,6.480390000000001,6.47957,1,1.1
16.08.2021 00:06:36.543,6.480430000000001,6.47956,1,1.1
16.08.2021 00:06:36.644,6.48042,6.47957,1.5,1.1
16.08.2021 00:06:36.756,6.48042,6.47957,1.5,1.1
16.08.2021 00:06:36.857,6.480430000000001,6.47956,1.5,1.1
16.08.2021 00:06:37.258,6.48037,6.47956,1,1.1
16.08.2021 00:06:37.429,6.48036,6.47952,1,1.6
16.08.2021 00:06:37.482,6.48032,6.47951,1,1.6
16.08.2021 00:06:39.647,6.480340000000001,6.47952,1,1.6
16.08.2021 00:06:40.078,6.48031,6.47952,1,1.6
16.08.2021 00:06:43.806,6.48036,6.47951,1,1.6
16.08.2021 00:06:44.209,6.480300000000001,6.47952,1,1.6
16.08.2021 00:06:49.733,6.48031,6.47957,1,1.1
16.08.2021 00:06:55.577,6.48029,6.47958,1,1.1
16.08.2021 00:07:01.319,6.48029,6.4796000000000005,1,1
16.08.2021 00:07:01.825,6.48029,6.47958,1,1.1
16.08.2021 00:07:07.652,6.48032,6.47946,1,1.05
16.08.2021 00:07:07.703,6.480440000000001,6.47935,1,1.8
16.08.2021 00:07:08.161,6.480430000000001,6.47937,1,1.3
16.08.2021 00:07:08.212,6.48038,6.47954,1,1.05
16.08.2021 00:07:08.335,6.4804,6.47954,1,1.05
16.08.2021 00:07:08.727,6.48041,6.4795300000000005,1,1.05
16.08.2021 00:07:09.287,6.48038,6.47954,1,1.05
16.08.2021 00:07:11.379,6.48038,6.4795300000000005,1,1.05
16.08.2021 00:07:11.430,6.48037,6.47956,1,1
16.08.2021 00:07:15.046,6.48032,6.47954,1,1.05
16.08.2021 00:07:15.147,6.48032,6.47951,1,1.5
16.08.2021 00:07:22.686,6.48027,6.479500000000001,1,1.5
16.08.2021 00:07:33.483,6.48029,6.47951,1,1.5
16.08.2021 00:07:35.473,6.480300000000001,6.47951,1,1.5
16.08.2021 00:07:35.771,6.480390000000001,6.479550000000001,1,1
16.08.2021 00:07:36.037,6.480390000000001,6.4795300000000005,1,1
16.08.2021 00:07:36.087,6.48032,6.47954,1,1
16.08.2021 00:07:36.538,6.4802800000000005,6.47954,1,1
16.08.2021 00:07:36.685,6.48026,6.4795300000000005,1,1
16.08.2021 00:07:37.700,6.480250000000001,6.47947,1,1.05
16.08.2021 00:07:38.265,6.48027,6.479410000000001,1,1.05
16.08.2021 00:07:38.315,6.48032,6.479590000000001,1,1
16.08.2021 00:07:38.424,6.48033,6.479590000000001,1,1
16.08.2021 00:07:38.525,6.48031,6.479590000000001,1,1
16.08.2021 00:07:39.851,6.48027,6.479590000000001,1,1
16.08.2021 00:07:40.753,6.48029,6.479590000000001,1,1
16.08.2021 00:07:41.119,6.48027,6.479590000000001,1,1
16.08.2021 00:07:41.261,6.480230000000001,6.479590000000001,1,1
16.08.2021 00:07:41.311,6.480250000000001,6.4796000000000005,1,1
16.08.2021 00:07:48.267,6.48026,6.47957,1,1.05
16.08.2021 00:07:54.669,6.48026,6.47957,1,1.05
16.08.2021 00:07:55.285,6.48026,6.47957,1,1.05
16.08.2021 00:07:57.287,6.480250000000001,6.47958,1,1.05
16.08.2021 00:07:59.810,6.480250000000001,6.47958,1,1.05
16.08.2021 00:08:09.717,6.48024,6.47957,1,1.05
16.08.2021 00:08:09.767,6.4802800000000005,6.47958,1,1.05
16.08.2021 00:08:15.536,6.48031,6.47963,1,1.05
16.08.2021 00:08:19.532,6.48031,6.479690000000001,1,1.05
16.08.2021 00:08:26.361,6.48032,6.4797,1,1.05
16.08.2021 00:08:35.487,6.4804,6.4797,1.05,1.05
16.08.2021 00:08:37.336,6.48041,6.479690000000001,1.05,1.05
16.08.2021 00:08:37.387,6.4805,6.47975,1.5,1
16.08.2021 00:08:37.437,6.48047,6.47976,1,1.5
16.08.2021 00:08:37.538,6.4805,6.47975,1,1.5
16.08.2021 00:08:37.589,6.48059,6.479900000000001,1,1
16.08.2021 00:08:37.741,6.48055,6.47991,1,1
16.08.2021 00:08:37.845,6.480480000000001,6.47991,1,1
16.08.2021 00:08:38.030,6.4805600000000005,6.47991,1,1
16.08.2021 00:08:38.195,6.48057,6.479900000000001,1.05,1
16.08.2021 00:08:38.908,6.48057,6.479900000000001,1.05,1
16.08.2021 00:08:41.564,6.4806,6.47987,1.05,1.05
16.08.2021 00:08:42.143,6.48057,6.479900000000001,1.05,1
16.08.2021 00:08:43.409,6.48057,6.479900000000001,1.05,1
16.08.2021 00:08:44.411,6.4805600000000005,6.4798800000000005,1.05,1.05
16.08.2021 00:08:48.415,6.48054,6.4798800000000005,1.05,1.05
16.08.2021 00:08:50.304,6.48052,6.4798800000000005,1,1.05
16.08.2021 00:08:50.465,6.48051,6.47987,1,1.05
16.08.2021 00:08:51.448,6.4805,6.47996,1,1
16.08.2021 00:08:51.771,6.480480000000001,6.47996,1,1
16.08.2021 00:08:53.741,6.48054,6.4799500000000005,1,1
16.08.2021 00:09:03.669,6.480530000000001,6.47996,1.05,1
16.08.2021 00:09:05.351,6.480530000000001,6.47996,1,1
16.08.2021 00:09:06.353,6.480580000000001,6.4799500000000005,1,1
16.08.2021 00:09:12.431,6.48057,6.47996,1.05,1
16.08.2021 00:09:12.992,6.480580000000001,6.4799500000000005,1,1
16.08.2021 00:09:15.379,6.48061,6.4799500000000005,1.5,1
16.08.2021 00:09:15.430,6.48057,6.47996,1,1
16.08.2021 00:09:15.627,6.48057,6.47996,1.05,1
16.08.2021 00:09:32.777,6.48057,6.4799500000000005,1.05,1
16.08.2021 00:10:05.340,6.48051,6.479900000000001,1.05,1.05
16.08.2021 00:10:05.390,6.48047,6.479900000000001,1,1.5
16.08.2021 00:10:06.946,6.48045,6.479900000000001,1,1.5
16.08.2021 00:10:08.156,6.480340000000001,6.47991,1,1
16.08.2021 00:10:08.207,6.4804,6.4797,1,1.1
16.08.2021 00:10:08.308,6.48036,6.47956,1.6,1
16.08.2021 00:10:08.408,6.48031,6.47954,1,1.1
16.08.2021 00:10:08.777,6.48031,6.47951,1.05,1.05
16.08.2021 00:10:09.101,6.48032,6.479500000000001,1.05,1.05
16.08.2021 00:10:09.152,6.480390000000001,6.47966,1.1,1
16.08.2021 00:10:09.202,6.480390000000001,6.47991,1,1
16.08.2021 00:10:09.253,6.48046,6.47991,1,1
16.08.2021 00:10:10.191,6.48047,6.479900000000001,1.5,1
16.08.2021 00:10:10.506,6.48047,6.479900000000001,1.5,1
16.08.2021 00:10:24.030,6.48046,6.47989,1,1.05
16.08.2021 00:10:24.131,6.48046,6.47989,1,1.05
16.08.2021 00:10:24.232,6.480440000000001,6.47989,1,1.05
16.08.2021 00:10:24.333,6.480440000000001,6.47989,1,1.05
16.08.2021 00:10:24.383,6.48066,6.4798800000000005,1.6,1.05
16.08.2021 00:10:24.485,6.480630000000001,6.480080000000001,1.1,1
16.08.2021 00:10:24.629,6.480630000000001,6.480080000000001,1.1,1
16.08.2021 00:10:24.679,6.48064,6.48007,1.1,1
16.08.2021 00:10:24.780,6.48064,6.48007,1.1,1
16.08.2021 00:10:25.063,6.480630000000001,6.480080000000001,1.1,1
16.08.2021 00:10:25.492,6.48076,6.48007,1.1,1
16.08.2021 00:10:25.610,6.4807500000000005,6.4801,1.1,1
16.08.2021 00:10:25.760,6.480630000000001,6.480090000000001,1.1,1
16.08.2021 00:10:25.861,6.4806,6.480090000000001,1,1
16.08.2021 00:10:26.245,6.48054,6.4801,1,1
16.08.2021 00:10:26.351,6.48055,6.479990000000001,1,1.05
16.08.2021 00:10:27.051,6.48054,6.4801,1,1
16.08.2021 00:10:27.152,6.480580000000001,6.479900000000001,1.1,1
16.08.2021 00:10:27.858,6.480580000000001,6.47987,1.1,1.05
16.08.2021 00:10:28.185,6.480580000000001,6.47987,1.1,1.05
16.08.2021 00:10:28.688,6.48051,6.47987,1,1.05
16.08.2021 00:10:28.788,6.48051,6.47987,1,1.05
16.08.2021 00:10:28.889,6.480580000000001,6.47989,1.6,1.05
16.08.2021 00:10:29.281,6.480580000000001,6.47989,1.1,1.05
16.08.2021 00:10:35.180,6.480530000000001,6.47987,1,1.05
16.08.2021 00:11:00.242,6.48047,6.479900000000001,1,1
16.08.2021 00:11:00.401,6.48037,6.4798800000000005,1,1
16.08.2021 00:11:00.451,6.48037,6.4796000000000005,1,1.05
16.08.2021 00:11:00.502,6.48031,6.4796000000000005,1.1,1.1
16.08.2021 00:11:00.603,6.48037,6.47966,1.1,1
16.08.2021 00:11:00.704,6.48037,6.47966,1.1,1
16.08.2021 00:11:04.580,6.4803500000000005,6.47966,1.1,1
16.08.2021 00:11:09.942,6.48011,6.47967,1,1
16.08.2021 00:11:09.992,6.480180000000001,6.47961,1.1,1
16.08.2021 00:11:10.043,6.480180000000001,6.47961,1,1
16.08.2021 00:11:10.093,6.4799500000000005,6.4796000000000005,1,1
16.08.2021 00:11:10.194,6.47992,6.4796000000000005,1,1
16.08.2021 00:11:10.525,6.47993,6.4796000000000005,1,1
16.08.2021 00:11:10.575,6.48001,6.47961,1,1
16.08.2021 00:11:12.097,6.48003,6.47961,1,1
16.08.2021 00:11:12.934,6.48005,6.47961,1,1
16.08.2021 00:11:15.524,6.48001,6.4796000000000005,1,1
16.08.2021 00:11:25.055,6.48001,6.479380000000001,1,1.65
16.08.2021 00:11:26.112,6.48,6.47961,1,1
16.08.2021 00:11:26.163,6.479990000000001,6.47949,1,1.1
16.08.2021 00:11:26.213,6.479900000000001,6.479500000000001,1,1.1
16.08.2021 00:11:26.264,6.480040000000001,6.479500000000001,1,1.1
16.08.2021 00:11:26.500,6.47998,6.47935,1.1,1
16.08.2021 00:11:26.602,6.47965,6.4792000000000005,1,1
16.08.2021 00:11:26.652,6.47956,6.47895,1,1
16.08.2021 00:11:26.703,6.47976,6.479010000000001,1.1,1.25
16.08.2021 00:11:26.804,6.479780000000001,6.478840000000001,1.1,1.5
16.08.2021 00:11:26.855,6.47976,6.47916,1.1,1
16.08.2021 00:11:26.906,6.479830000000001,6.47917,1,1
16.08.2021 00:11:26.956,6.47984,6.47916,1.1,1
16.08.2021 00:11:27.058,6.47949,6.47905,1.1,1
16.08.2021 00:11:27.159,6.47967,6.47905,1.1,1
16.08.2021 00:11:27.260,6.47966,6.479240000000001,1.1,1
16.08.2021 00:11:27.310,6.47966,6.47916,1.1,1
16.08.2021 00:11:27.361,6.47966,6.47923,1.1,1
16.08.2021 00:11:27.465,6.47976,6.479240000000001,1.6,1
16.08.2021 00:11:27.617,6.47972,6.479240000000001,1,1
16.08.2021 00:11:27.718,6.4798100000000005,6.47923,1.6,1.05
16.08.2021 00:11:27.819,6.479590000000001,6.47918,1.1,1
16.08.2021 00:11:27.920,6.479480000000001,6.47912,1,1.5
16.08.2021 00:11:27.993,6.479550000000001,6.47911,1.1,1.5
16.08.2021 00:11:28.044,6.47954,6.47909,1.1,1
16.08.2021 00:11:29.129,6.4795300000000005,6.47909,1.1,1
16.08.2021 00:11:29.346,6.4795300000000005,6.47914,1.1,1
16.08.2021 00:11:29.696,6.47956,6.47914,1.1,1
16.08.2021 00:11:30.311,6.47956,6.47909,1.1,1
16.08.2021 00:11:30.471,6.47954,6.479010000000001,1,1.05
16.08.2021 00:11:32.271,6.47954,6.479030000000001,1,1
16.08.2021 00:11:32.531,6.47954,6.4790600000000005,1,1
16.08.2021 00:11:33.330,6.47954,6.4791300000000005,1,1
16.08.2021 00:11:50.213,6.47954,6.4790600000000005,1,1
16.08.2021 00:12:02.506,6.47954,6.479030000000001,1,1
16.08.2021 00:12:03.460,6.47954,6.4790600000000005,1,1
16.08.2021 00:12:03.773,6.47956,6.4790600000000005,1,1
16.08.2021 00:12:03.874,6.47956,6.47907,1,1
16.08.2021 00:12:08.577,6.47951,6.4790600000000005,1,1
16.08.2021 00:12:12.329,6.479500000000001,6.47914,1,1
16.08.2021 00:12:14.116,6.479780000000001,6.479330000000001,1.5,1
16.08.2021 00:12:14.216,6.47994,6.4794,1,1
16.08.2021 00:12:14.267,6.48022,6.479410000000001,1.1,1
16.08.2021 00:12:14.317,6.48017,6.479550000000001,1,1
16.08.2021 00:12:14.368,6.480160000000001,6.479410000000001,1,1
16.08.2021 00:12:14.418,6.48002,6.479410000000001,1.1,1
16.08.2021 00:12:14.519,6.47986,6.47926,1,2.35
16.08.2021 00:12:14.569,6.4801,6.47936,1.35,1
16.08.2021 00:12:14.670,6.480090000000001,6.47912,1.05,1
16.08.2021 00:12:14.771,6.479900000000001,6.47911,1,1
16.08.2021 00:12:14.872,6.47987,6.478890000000001,1,1
16.08.2021 00:12:15.205,6.4798800000000005,6.47882,1,1.05
16.08.2021 00:12:15.393,6.47989,6.47882,1,1.05
16.08.2021 00:12:15.531,6.4798800000000005,6.47883,1,1.05
16.08.2021 00:12:15.632,6.47992,6.47882,1,1.05
16.08.2021 00:12:15.742,6.47991,6.47883,1,1.05
16.08.2021 00:12:16.030,6.48,6.47883,1,1.05
16.08.2021 00:12:16.987,6.48,6.47883,1,1.05
16.08.2021 00:12:17.088,6.48001,6.47882,1,1.05
16.08.2021 00:12:18.631,6.48001,6.47882,1,1.05
16.08.2021 00:12:19.037,6.48001,6.47882,1,1.05
16.08.2021 00:12:23.888,6.48,6.47883,1,1.05
16.08.2021 00:12:24.022,6.48,6.47883,1,1.05
16.08.2021 00:12:30.988,6.47994,6.47883,1.5,1.05
16.08.2021 00:12:35.361,6.4799500000000005,6.47882,1.5,1.05
16.08.2021 00:12:39.226,6.4799500000000005,6.47882,1.5,1.05
16.08.2021 00:12:42.838,6.4799500000000005,6.47882,1.5,1.05
16.08.2021 00:12:43.381,6.47994,6.47883,1.5,1.05
16.08.2021 00:12:43.482,6.47987,6.479030000000001,1,1
16.08.2021 00:12:43.533,6.47994,6.479030000000001,1.1,1
16.08.2021 00:12:44.786,6.47997,6.47883,1,1.5
16.08.2021 00:12:44.886,6.48,6.47882,1.5,1.5
16.08.2021 00:12:44.987,6.47994,6.47883,1.6,1
16.08.2021 00:12:45.088,6.47984,6.47883,1,1
16.08.2021 00:12:48.896,6.47989,6.47882,1.5,1
16.08.2021 00:12:58.041,6.4799500000000005,6.47882,1.5,1
16.08.2021 00:13:00.122,6.47994,6.47883,1.5,1.5
16.08.2021 00:13:01.511,6.4799500000000005,6.47882,1.5,1.5
16.08.2021 00:13:02.020,6.47994,6.47882,1.5,1
16.08.2021 00:13:02.121,6.47993,6.47883,1,1.5
16.08.2021 00:13:02.488,6.47998,6.47882,1,1.5
16.08.2021 00:13:05.372,6.48002,6.47882,1.5,1.5
16.08.2021 00:13:06.060,6.48001,6.47883,1.12,1.5
16.08.2021 00:13:06.111,6.48001,6.478840000000001,1.12,1.5
16.08.2021 00:13:07.024,6.48003,6.47886,1.12,1.5
16.08.2021 00:13:07.507,6.48006,6.47887,1.5,1.5
16.08.2021 00:13:10.020,6.48007,6.478930000000001,1.5,1.5
16.08.2021 00:13:12.876,6.48006,6.478940000000001,1.5,1.5
16.08.2021 00:13:13.721,6.48007,6.478940000000001,1.5,1.5
16.08.2021 00:13:19.946,6.48006,6.478940000000001,1,1.5
16.08.2021 00:13:21.375,6.48002,6.478940000000001,1,1.5
16.08.2021 00:13:30.280,6.48012,6.47922,1.12,1
16.08.2021 00:13:30.381,6.4801400000000005,6.47922,1.1,1
16.08.2021 00:13:30.482,6.4802,6.47921,1,1.5
16.08.2021 00:13:31.544,6.4802,6.47921,1,1.5
16.08.2021 00:13:34.319,6.4802,6.47921,1.1,1.5
16.08.2021 00:13:37.358,6.48019,6.47922,1.1,1.5
16.08.2021 00:13:47.450,6.48024,6.47921,1.15,1.55
16.08.2021 00:13:48.041,6.48024,6.47921,1.6,1.55
16.08.2021 00:13:57.487,6.48022,6.47921,1.15,1.55
16.08.2021 00:13:58.117,6.48022,6.47921,1.6,1.55
16.08.2021 00:14:00.854,6.48022,6.47921,1.6,1.55
16.08.2021 00:14:17.352,6.48022,6.47931,1.15,1.05
16.08.2021 00:14:18.117,6.48022,6.47931,1.6,1.05
16.08.2021 00:14:19.370,6.48022,6.47931,1.6,1.55
16.08.2021 00:14:29.813,6.480230000000001,6.4793,1.6,1.05
16.08.2021 00:14:29.913,6.480300000000001,6.47931,1.6,1.05
16.08.2021 00:14:30.015,6.480300000000001,6.47931,1.6,1.55
16.08.2021 00:14:30.379,6.48031,6.4793,1.6,1
16.08.2021 00:14:30.430,6.48029,6.4794,1.6,1
16.08.2021 00:14:30.530,6.480300000000001,6.4794,1.5,1
16.08.2021 00:14:30.671,6.48031,6.47939,1.5,1
16.08.2021 00:14:32.468,6.480300000000001,6.47921,1.5,1.05
16.08.2021 00:14:33.429,6.48031,6.47939,1.5,1
16.08.2021 00:14:33.530,6.4801400000000005,6.4794,1,1
16.08.2021 00:14:33.580,6.48022,6.47939,1,1
16.08.2021 00:14:33.859,6.48027,6.4794,1.5,1
16.08.2021 00:14:41.779,6.48036,6.4794,1.1,1
16.08.2021 00:14:44.143,6.48036,6.4794,1.1,1
16.08.2021 00:14:45.421,6.480390000000001,6.47921,1.6,1.55
16.08.2021 00:14:46.116,6.4804,6.4792000000000005,1.6,1.55
16.08.2021 00:14:49.656,6.4804,6.4792000000000005,1.6,1.55
16.08.2021 00:14:49.857,6.480390000000001,6.47921,1.6,1.55
16.08.2021 00:14:51.360,6.4804,6.4792000000000005,1.6,1.55
16.08.2021 00:15:02.721,6.480390000000001,6.47921,1.6,1.55
16.08.2021 00:15:03.873,6.4804,6.4792000000000005,1.6,1.55
16.08.2021 00:15:06.446,6.480390000000001,6.47921,1.15,1.55
16.08.2021 00:15:12.374,6.480340000000001,6.47921,1.15,1.55
16.08.2021 00:15:16.661,6.4803500000000005,6.4792000000000005,1.15,1.55
16.08.2021 00:15:19.666,6.4803500000000005,6.4792000000000005,1.15,1.55
16.08.2021 00:15:24.608,6.48038,6.4792000000000005,1.6,1.55
16.08.2021 00:15:25.853,6.48038,6.47939,1.6,1
16.08.2021 00:15:26.012,6.48027,6.47921,1.1,1.55
16.08.2021 00:15:26.320,6.48027,6.47921,1.1,1.55
16.08.2021 00:15:26.370,6.48038,6.4792000000000005,1.6,1.55
16.08.2021 00:15:26.662,6.48038,6.4792000000000005,1.6,1.55
16.08.2021 00:15:30.036,6.48037,6.47921,1.15,1.55
16.08.2021 00:15:31.530,6.48038,6.47921,1.6,1.55
16.08.2021 00:15:32.076,6.48038,6.47921,1.6,1.55
16.08.2021 00:15:32.882,6.480390000000001,6.47922,1.15,1.55
16.08.2021 00:15:33.446,6.48038,6.47923,1.6,1.55
16.08.2021 00:15:34.328,6.4802800000000005,6.479430000000001,1.1,1
16.08.2021 00:15:34.482,6.480390000000001,6.479430000000001,1.15,1
16.08.2021 00:15:36.455,6.48027,6.47944,1.1,1.5
16.08.2021 00:15:38.406,6.48037,6.47944,1.15,1.5
16.08.2021 00:15:38.906,6.48038,6.479430000000001,1.6,1.5
16.08.2021 00:15:42.360,6.48036,6.47944,1.15,1.5
16.08.2021 00:15:42.511,6.48037,6.47922,1.15,2.8
16.08.2021 00:15:42.612,6.48037,6.47922,1.15,2.8
16.08.2021 00:15:44.931,6.48036,6.47923,1.15,2.8
16.08.2021 00:15:46.639,6.48026,6.47922,1.15,2.8
16.08.2021 00:15:47.876,6.48037,6.47923,1.15,1.55
16.08.2021 00:15:49.002,6.48037,6.47923,1.15,1.55
16.08.2021 00:15:49.186,6.48037,6.47923,1.15,1.55
16.08.2021 00:16:02.031,6.48038,6.47922,1.15,1.55
16.08.2021 00:16:02.082,6.48038,6.47922,1.1,1.55
16.08.2021 00:16:02.183,6.48027,6.4794,1.1,1.5
16.08.2021 00:16:02.334,6.48024,6.4794,1.6,1
16.08.2021 00:16:03.162,6.48022,6.4794,1.6,1
16.08.2021 00:16:03.314,6.480130000000001,6.4794,1,1
16.08.2021 00:16:04.215,6.4801400000000005,6.47939,1.1,1
16.08.2021 00:16:05.477,6.4801400000000005,6.4794,1.22,1
16.08.2021 00:16:05.578,6.4801400000000005,6.4794,1.22,1
16.08.2021 00:16:05.679,6.48015,6.479150000000001,1.22,1
16.08.2021 00:16:05.779,6.4801400000000005,6.47916,1.1,1
16.08.2021 00:16:05.880,6.48017,6.479150000000001,1.1,1
16.08.2021 00:16:06.091,6.480160000000001,6.47916,1.1,1
16.08.2021 00:16:06.227,6.48019,6.47916,1.15,1
16.08.2021 00:16:06.464,6.4802,6.47923,1.15,1
16.08.2021 00:16:06.619,6.48017,6.47923,1.1,1
16.08.2021 00:16:06.670,6.48019,6.479280000000001,1.1,1
16.08.2021 00:16:07.029,6.48019,6.479080000000001,1.15,1.55
16.08.2021 00:16:10.057,6.4802,6.47907,1.15,1.55
16.08.2021 00:16:11.109,6.480230000000001,6.479080000000001,1.15,1.55
16.08.2021 00:16:11.919,6.480230000000001,6.479080000000001,1.15,1.55
16.08.2021 00:16:13.421,6.48024,6.47907,1.15,1.55
16.08.2021 00:16:13.752,6.48024,6.47907,1.15,1.55
16.08.2021 00:16:15.618,6.480230000000001,6.479280000000001,1.15,1
16.08.2021 00:16:18.149,6.480230000000001,6.479080000000001,1.65,1.05
16.08.2021 00:16:19.265,6.48027,6.47907,1.15,1.55
16.08.2021 00:16:19.366,6.48036,6.4794,1.15,1
16.08.2021 00:16:19.526,6.48026,6.47965,1,1
16.08.2021 00:16:19.627,6.480250000000001,6.4797,1,1
16.08.2021 00:16:19.678,6.480250000000001,6.47957,1,1
16.08.2021 00:16:20.041,6.48047,6.47956,1.15,1
16.08.2021 00:16:20.091,6.48047,6.479690000000001,1.05,1
16.08.2021 00:16:23.583,6.48042,6.47957,1,1.55
16.08.2021 00:16:24.974,6.48042,6.47957,1,1.55
16.08.2021 00:16:25.956,6.480430000000001,6.47956,1.5,1.05
16.08.2021 00:16:26.071,6.480430000000001,6.47956,1.5,1.05
16.08.2021 00:16:28.000,6.48042,6.47957,1.5,1.05
16.08.2021 00:16:32.067,6.48042,6.47957,1.5,1.05
16.08.2021 00:16:32.117,6.48042,6.4797,1.05,1
16.08.2021 00:16:33.529,6.48036,6.479690000000001,1,1
16.08.2021 00:16:34.225,6.48036,6.47956,1,1.05
16.08.2021 00:16:34.275,6.48036,6.479690000000001,1,1
16.08.2021 00:16:35.608,6.4803500000000005,6.47957,1,1.05
16.08.2021 00:16:35.658,6.4803500000000005,6.4797,1.05,1
16.08.2021 00:16:35.759,6.480300000000001,6.4797,1,1
16.08.2021 00:16:38.073,6.480300000000001,6.47957,1,1.05
16.08.2021 00:16:38.124,6.480300000000001,6.4797,1,1
16.08.2021 00:16:39.074,6.48031,6.47956,1,1.05
16.08.2021 00:16:39.125,6.48031,6.479690000000001,1,1
16.08.2021 00:16:40.131,6.48032,6.4797,1,1
16.08.2021 00:16:40.329,6.48031,6.479690000000001,1,1
16.08.2021 00:16:42.078,6.48031,6.47956,1,1.05
16.08.2021 00:16:42.129,6.48031,6.479690000000001,1,1
16.08.2021 00:16:43.157,6.480300000000001,6.47957,1,1.05
16.08.2021 00:16:43.207,6.480300000000001,6.47966,1,1
16.08.2021 00:16:43.258,6.48047,6.47965,1,1
16.08.2021 00:16:43.359,6.48047,6.47975,1,1
16.08.2021 00:16:43.409,6.48045,6.47967,1,1
16.08.2021 00:16:43.460,6.480440000000001,6.479550000000001,1.5,1.5
16.08.2021 00:16:43.539,6.480440000000001,6.479550000000001,1.5,1
16.08.2021 00:16:43.590,6.48045,6.479500000000001,1.6,1.1
16.08.2021 00:16:43.693,6.480440000000001,6.47951,1.6,1.1
16.08.2021 00:16:43.916,6.480440000000001,6.47951,1.12,1.1
16.08.2021 00:16:44.134,6.480440000000001,6.47951,1.5,1.1
16.08.2021 00:16:44.757,6.48045,6.47945,1.5,1.1
16.08.2021 00:16:45.064,6.48045,6.47945,1,1.1
16.08.2021 00:16:45.392,6.480440000000001,6.47946,1.5,1.1
16.08.2021 00:16:45.492,6.480440000000001,6.47946,1.5,1.1
16.08.2021 00:16:45.626,6.480440000000001,6.47946,1.5,1.1
16.08.2021 00:16:45.742,6.48045,6.47945,1.6,1.1
16.08.2021 00:16:45.891,6.480440000000001,6.47946,1.6,1.1
16.08.2021 00:16:45.992,6.480440000000001,6.47946,1.1,1.1
16.08.2021 00:16:46.576,6.48045,6.47945,1,1.1
16.08.2021 00:16:51.176,6.480440000000001,6.47952,1,1.1
16.08.2021 00:16:51.277,6.480440000000001,6.47952,1.5,1.1
16.08.2021 00:16:51.901,6.48045,6.47951,1.12,1.1
16.08.2021 00:16:52.002,6.48045,6.47951,1.5,1.1
16.08.2021 00:16:53.146,6.48045,6.47951,1.5,1.1
16.08.2021 00:16:53.346,6.48045,6.47951,1.5,1.1
16.08.2021 00:16:53.447,6.48047,6.47976,1,1
16.08.2021 00:16:53.548,6.48051,6.47957,1,1.35
16.08.2021 00:16:53.598,6.480530000000001,6.47975,1.5,1
16.08.2021 00:16:54.575,6.48052,6.47989,1.5,1.1
16.08.2021 00:16:59.646,6.4806,6.47989,1,1.1
16.08.2021 00:17:00.129,6.4806,6.47993,1,1.1
16.08.2021 00:17:00.651,6.48061,6.4798800000000005,1,1.1
16.08.2021 00:17:03.061,6.48061,6.47989,1,1.1
16.08.2021 00:17:03.229,6.48061,6.47986,1,1.1
16.08.2021 00:17:03.701,6.48062,6.47977,1,1.05
16.08.2021 00:17:06.944,6.48062,6.47977,1,1.05
16.08.2021 00:17:08.371,6.48062,6.47977,1,1.05
16.08.2021 00:17:09.050,6.48062,6.479900000000001,1,1
16.08.2021 00:17:10.198,6.48061,6.47989,1,1.05
16.08.2021 00:17:14.267,6.48061,6.47989,1,1.05
16.08.2021 00:17:19.120,6.480580000000001,6.4798800000000005,1,1.05
16.08.2021 00:17:19.221,6.480480000000001,6.4798800000000005,1,1.05
16.08.2021 00:17:19.470,6.48041,6.47989,1,1.05
16.08.2021 00:17:19.671,6.48041,6.47989,1,1.05
16.08.2021 00:17:22.186,6.48041,6.47996,1,1
16.08.2021 00:17:23.203,6.48041,6.47989,1,1.05
16.08.2021 00:17:26.371,6.48045,6.47989,1,1.05
16.08.2021 00:17:29.396,6.48041,6.47989,1,1.05
16.08.2021 00:17:33.017,6.48041,6.48001,1,1
16.08.2021 00:17:43.809,6.480440000000001,6.48,1,1
16.08.2021 00:17:43.859,6.48026,6.4798800000000005,1,1
16.08.2021 00:17:43.960,6.48027,6.47984,1,1
16.08.2021 00:17:44.363,6.48026,6.479640000000001,1,1.05
16.08.2021 00:17:44.413,6.48026,6.47976,1,1
16.08.2021 00:17:44.975,6.48026,6.479640000000001,1,1.05
16.08.2021 00:17:45.307,6.48027,6.47963,1,1.05
16.08.2021 00:17:45.497,6.480300000000001,6.479640000000001,1,1.05
16.08.2021 00:17:46.202,6.48031,6.47963,1,1.05
16.08.2021 00:17:52.096,6.4802,6.479640000000001,1,1.05
16.08.2021 00:18:11.195,6.4802,6.479640000000001,1,1.05
16.08.2021 00:18:21.579,6.48022,6.479640000000001,1,1.05
16.08.2021 00:18:27.136,6.48022,6.479640000000001,1,1.05
16.08.2021 00:18:27.711,6.480230000000001,6.47963,1,1.05
16.08.2021 00:18:28.577,6.48022,6.47963,1,1.05
16.08.2021 00:18:31.657,6.48022,6.47963,1,1.05
16.08.2021 00:18:41.681,6.48022,6.47963,1,1.05
16.08.2021 00:18:41.874,6.48024,6.47963,1,1.05
16.08.2021 00:18:42.148,6.480230000000001,6.479640000000001,1,1.05
16.08.2021 00:18:42.626,6.480230000000001,6.479640000000001,1,1.05
16.08.2021 00:18:43.984,6.480230000000001,6.47972,1,1
16.08.2021 00:18:44.034,6.48019,6.47971,1,1
16.08.2021 00:18:44.185,6.480180000000001,6.47971,1,1
16.08.2021 00:18:44.570,6.480180000000001,6.47961,1,1.05
16.08.2021 00:18:46.651,6.480180000000001,6.47961,1,1.05
16.08.2021 00:18:51.940,6.480180000000001,6.47961,1,1.05
16.08.2021 00:18:52.453,6.480180000000001,6.47961,1,1.05
16.08.2021 00:18:54.942,6.48019,6.4796000000000005,1,1.05
16.08.2021 00:18:55.943,6.48019,6.4796000000000005,1,1.05
16.08.2021 00:18:58.947,6.480180000000001,6.47961,1,1.05
16.08.2021 00:19:04.827,6.480180000000001,6.47961,1,1.05
16.08.2021 00:19:18.659,6.48019,6.4796000000000005,1,1.05
16.08.2021 00:19:23.274,6.4801400000000005,6.47961,1,1.05
16.08.2021 00:19:23.416,6.480160000000001,6.4796000000000005,1,1.05
16.08.2021 00:19:23.466,6.48019,6.47961,1,1.05
16.08.2021 00:19:23.567,6.4802100000000005,6.47977,1,1.05
16.08.2021 00:19:23.718,6.48029,6.47976,1,1.05
16.08.2021 00:19:23.922,6.48029,6.47976,1,1.05
16.08.2021 00:19:27.613,6.4802800000000005,6.47986,1,1
16.08.2021 00:19:28.252,6.4802800000000005,6.47977,1,1.05
16.08.2021 00:19:29.027,6.48029,6.47976,1,1
16.08.2021 00:19:29.078,6.47992,6.47977,1,1
16.08.2021 00:19:29.128,6.4798,6.479480000000001,1,1
16.08.2021 00:19:29.179,6.47975,6.47949,1,1
16.08.2021 00:19:29.230,6.47977,6.479240000000001,1,1.5
16.08.2021 00:19:29.280,6.47979,6.47925,1,1
16.08.2021 00:19:29.381,6.479780000000001,6.479240000000001,1,1.05
16.08.2021 00:19:29.482,6.4797400000000005,6.47916,1,1.05
16.08.2021 00:19:29.633,6.479730000000001,6.479240000000001,1,1
16.08.2021 00:19:29.683,6.47971,6.47917,1,1
16.08.2021 00:19:29.734,6.47966,6.47914,1,1
16.08.2021 00:19:30.060,6.47966,6.47907,1,1.05
16.08.2021 00:19:30.166,6.47962,6.47907,1,1
16.08.2021 00:19:30.317,6.47956,6.479030000000001,1,1
16.08.2021 00:19:30.661,6.47954,6.479,1,1
16.08.2021 00:19:30.761,6.47954,6.479010000000001,1,1.5
16.08.2021 00:19:36.510,6.47956,6.479030000000001,1,1
16.08.2021 00:19:37.672,6.47952,6.479030000000001,1,1
16.08.2021 00:19:40.327,6.47946,6.478940000000001,1,1
16.08.2021 00:19:40.377,6.47936,6.478940000000001,1,1
16.08.2021 00:19:40.478,6.479330000000001,6.47883,1,1
16.08.2021 00:19:40.529,6.47927,6.47883,1,1
16.08.2021 00:19:40.978,6.47923,6.47877,1,1
16.08.2021 00:19:42.350,6.47923,6.478800000000001,1,1.1
16.08.2021 00:19:42.401,6.4792000000000005,6.47872,1,1
16.08.2021 00:19:42.452,6.4791300000000005,6.47864,1,1
16.08.2021 00:19:42.553,6.4791300000000005,6.47867,1,1
16.08.2021 00:19:42.832,6.479100000000001,6.4786600000000005,1,1
16.08.2021 00:19:43.043,6.47909,6.47856,1,1.5
16.08.2021 00:19:43.143,6.47904,6.47856,1,1.5
16.08.2021 00:19:43.211,6.47909,6.47856,1,1.5
16.08.2021 00:19:43.779,6.479,6.47856,1,1.5
16.08.2021 00:19:43.830,6.479,6.47851,1,1.5
16.08.2021 00:19:43.881,6.47895,6.47827,1.6,1
16.08.2021 00:19:43.932,6.47877,6.478230000000001,1,1.5
16.08.2021 00:19:43.982,6.47865,6.47824,1,1
16.08.2021 00:19:44.083,6.4785,6.47815,1,1
16.08.2021 00:19:44.184,6.4785900000000005,6.47816,1,1.5
16.08.2021 00:19:44.235,6.47856,6.47816,1,1.5
16.08.2021 00:19:44.336,6.47841,6.4780500000000005,1,1
16.08.2021 00:19:44.438,6.4783800000000005,6.47797,1,1.62
16.08.2021 00:19:44.565,6.478400000000001,6.47807,1,1
16.08.2021 00:19:44.687,6.478400000000001,6.47808,1,1
16.08.2021 00:19:45.563,6.47839,6.4779800000000005,1,1
16.08.2021 00:19:45.664,6.47846,6.4779800000000005,1,1
16.08.2021 00:19:45.765,6.4785,6.47789,1,1
16.08.2021 00:19:45.815,6.47848,6.477880000000001,1,1
16.08.2021 00:19:47.244,6.47851,6.47787,1.1,1
16.08.2021 00:19:47.295,6.47847,6.47794,1,1
16.08.2021 00:19:47.613,6.47848,6.477930000000001,1.1,1
16.08.2021 00:19:49.027,6.478490000000001,6.477930000000001,1.1,1
16.08.2021 00:19:49.613,6.47848,6.47794,1.1,1.5
16.08.2021 00:19:50.219,6.47847,6.47795,1.1,1
16.08.2021 00:19:53.752,6.47861,6.47799,1.1,1
16.08.2021 00:19:57.236,6.478750000000001,6.477930000000001,1.15,1
16.08.2021 00:19:57.343,6.47874,6.47804,1.15,1
16.08.2021 00:19:57.738,6.47877,6.47803,1.15,1
16.08.2021 00:19:58.684,6.47876,6.47804,1.15,1
16.08.2021 00:19:58.991,6.47877,6.47803,1.1,1
16.08.2021 00:19:59.200,6.47876,6.47804,1.1,1
16.08.2021 00:19:59.250,6.47877,6.47815,1.1,1
16.08.2021 00:20:02.946,6.47888,6.47816,1.15,1
16.08.2021 00:20:03.138,6.478890000000001,6.47815,1.6,1
16.08.2021 00:20:03.188,6.47879,6.478260000000001,1.1,1
16.08.2021 00:20:07.712,6.47888,6.47825,1.1,1
16.08.2021 00:20:07.817,6.47895,6.47824,1.1,1
16.08.2021 00:20:27.229,6.47896,6.47824,1.6,1
16.08.2021 00:20:36.134,6.47896,6.47821,1.6,1.5
16.08.2021 00:20:42.910,6.47907,6.478330000000001,1.6,1.5
16.08.2021 00:20:43.011,6.479030000000001,6.478260000000001,1.6,1
16.08.2021 00:20:43.062,6.479,6.4783100000000005,1.6,1
16.08.2021 00:20:43.388,6.479010000000001,6.4783,1.6,1
16.08.2021 00:20:43.813,6.478930000000001,6.4783100000000005,1.1,1
16.08.2021 00:20:45.723,6.478930000000001,6.4783100000000005,1.6,1
16.08.2021 00:20:48.820,6.478930000000001,6.4783100000000005,1.6,1
16.08.2021 00:21:00.974,6.478930000000001,6.478280000000001,1.6,1
16.08.2021 00:21:01.025,6.4789,6.478280000000001,1.22,1
16.08.2021 00:21:01.075,6.4789,6.47824,1.22,1.1
16.08.2021 00:21:02.100,6.47891,6.478230000000001,1.22,1.6
16.08.2021 00:21:03.099,6.47891,6.478230000000001,1.22,1.6
16.08.2021 00:21:08.187,6.4789,6.47824,1.1,1.6
16.08.2021 00:21:08.238,6.4789,6.47824,1.22,1.1
16.08.2021 00:21:09.382,6.47891,6.478230000000001,1.22,1.1
16.08.2021 00:21:10.914,6.47891,6.478230000000001,1.22,1.6
16.08.2021 00:21:29.243,6.47891,6.478230000000001,1.22,1.6
16.08.2021 00:21:29.550,6.478890000000001,6.47825,1.1,1
16.08.2021 00:21:29.987,6.478890000000001,6.478280000000001,1.1,1
16.08.2021 00:21:31.061,6.478890000000001,6.478280000000001,1.1,1
16.08.2021 00:21:36.012,6.478890000000001,6.478280000000001,1,1
16.08.2021 00:21:50.865,6.4789900000000005,6.47834,1.6,1
16.08.2021 00:21:52.200,6.478980000000001,6.47834,1.1,1.5
16.08.2021 00:21:53.202,6.478980000000001,6.47834,1.1,1.5
16.08.2021 00:22:08.381,6.478980000000001,6.47834,1.1,1.5
16.08.2021 00:22:09.124,6.479,6.478350000000001,1.1,1.5
16.08.2021 00:22:21.902,6.479,6.478350000000001,1.1,1.5
16.08.2021 00:22:22.263,6.479,6.47836,1.1,1.5
16.08.2021 00:22:25.269,6.479,6.478350000000001,1.1,1.5
16.08.2021 00:22:36.992,6.4789900000000005,6.47836,1.1,1.5
16.08.2021 00:22:37.093,6.478980000000001,6.4783,1.6,1.5
16.08.2021 00:22:37.294,6.478980000000001,6.4783,1.6,1.5
16.08.2021 00:22:40.017,6.47897,6.4783100000000005,1.2,1.5
16.08.2021 00:22:47.252,6.478980000000001,6.4783,1.15,1.5
16.08.2021 00:22:52.330,6.47897,6.4783100000000005,1.15,1.5
16.08.2021 00:22:54.339,6.478980000000001,6.4783,1.15,1.5
16.08.2021 00:23:00.364,6.47897,6.4783100000000005,1.1,1.5
16.08.2021 00:23:08.208,6.478980000000001,6.478350000000001,1.1,1
16.08.2021 00:23:31.996,6.47897,6.4783100000000005,1,2
16.08.2021 00:23:32.463,6.47897,6.4783100000000005,1,2
16.08.2021 00:23:34.468,6.47897,6.478350000000001,1,1
16.08.2021 00:23:34.990,6.4789900000000005,6.47834,1.15,1
16.08.2021 00:23:40.152,6.47905,6.47839,1.65,1
16.08.2021 00:23:40.253,6.479080000000001,6.4783800000000005,1.65,1
16.08.2021 00:23:40.557,6.47909,6.47837,1.65,1.5
16.08.2021 00:23:40.666,6.479080000000001,6.4783800000000005,1.65,1
16.08.2021 00:23:41.203,6.47907,6.47839,1.25,1.5
16.08.2021 00:23:42.209,6.4790600000000005,6.4783800000000005,1.05,2
16.08.2021 00:23:42.578,6.478980000000001,6.47842,1,1.5
16.08.2021 00:23:48.234,6.4789900000000005,6.47841,1,1.5
16.08.2021 00:23:55.453,6.47905,6.47851,1.27,1
16.08.2021 00:23:55.579,6.4789900000000005,6.47843,1,1
16.08.2021 00:24:11.117,6.47905,6.47848,1.15,1
16.08.2021 00:24:11.167,6.47904,6.478490000000001,1.15,1
16.08.2021 00:24:11.268,6.47897,6.478440000000001,1,1
16.08.2021 00:24:13.715,6.478980000000001,6.47842,1,1.12
16.08.2021 00:24:41.422,6.478980000000001,6.47842,1,1.5
16.08.2021 00:24:42.431,6.47897,6.47843,1,1.12
16.08.2021 00:25:03.998,6.478980000000001,6.47842,1.05,1.62
16.08.2021 00:25:08.513,6.47897,6.47843,1,1.5
16.08.2021 00:25:09.009,6.478980000000001,6.47842,1,1
16.08.2021 00:25:11.606,6.47897,6.47843,1,1.5
16.08.2021 00:25:12.611,6.47897,6.47843,1,1.5
16.08.2021 00:25:14.054,6.479010000000001,6.47847,1,1
16.08.2021 00:25:14.215,6.47905,6.478440000000001,1.1,1.5
16.08.2021 00:25:14.265,6.47891,6.4783800000000005,1,1.5
16.08.2021 00:25:14.375,6.478980000000001,6.47843,1,1.5
16.08.2021 00:25:14.612,6.478980000000001,6.47843,1,1.5
16.08.2021 00:25:15.614,6.478980000000001,6.47843,1,1.5
16.08.2021 00:25:16.630,6.478980000000001,6.47843,1,1.5
16.08.2021 00:25:19.119,6.478980000000001,6.47843,1,1.5
16.08.2021 00:25:29.475,6.478930000000001,6.478400000000001,1,1.5
16.08.2021 00:25:30.167,6.478930000000001,6.47839,1,1.5
16.08.2021 00:25:45.220,6.478940000000001,6.4783800000000005,1,1.5
16.08.2021 00:25:55.107,6.47904,6.47862,1.22,1
16.08.2021 00:25:55.258,6.479150000000001,6.4787,1.1,1
16.08.2021 00:25:55.372,6.47916,6.4787,1.1,1
16.08.2021 00:25:55.595,6.47916,6.4787,1.1,1
16.08.2021 00:25:55.699,6.479190000000001,6.47869,1.1,1
16.08.2021 00:25:55.750,6.479190000000001,6.47874,1.1,1
16.08.2021 00:25:56.239,6.47922,6.47871,1.6,1
16.08.2021 00:26:03.363,6.47922,6.4787,1.15,1
16.08.2021 00:26:03.464,6.47911,6.47871,1.5,1
16.08.2021 00:26:03.762,6.47911,6.478680000000001,1.5,1
16.08.2021 00:26:03.813,6.47912,6.47865,1.6,1
16.08.2021 00:26:09.287,6.47912,6.47865,1,1
16.08.2021 00:26:09.388,6.47922,6.47865,1.6,1
16.08.2021 00:26:09.799,6.47922,6.47869,1.6,1
16.08.2021 00:26:10.242,6.47921,6.47872,1.6,1
16.08.2021 00:26:42.386,6.47922,6.478680000000001,1.15,1
16.08.2021 00:26:52.910,6.479100000000001,6.478680000000001,1.1,1
16.08.2021 00:26:53.011,6.4791300000000005,6.478680000000001,1.6,1
16.08.2021 00:26:53.162,6.4791300000000005,6.47869,1.15,1
16.08.2021 00:26:53.421,6.47914,6.47865,1.15,1
16.08.2021 00:26:53.910,6.47914,6.47867,1.15,1
16.08.2021 00:26:58.222,6.4791300000000005,6.4785900000000005,1.15,1
16.08.2021 00:26:58.359,6.4791300000000005,6.47855,1.15,1
16.08.2021 00:26:59.286,6.47912,6.478540000000001,1.65,1
16.08.2021 00:27:01.655,6.4791300000000005,6.4785900000000005,1.65,1
16.08.2021 00:27:53.142,6.47914,6.478540000000001,1.55,1
16.08.2021 00:27:53.373,6.47912,6.478540000000001,1.65,1
16.08.2021 00:27:58.434,6.47912,6.478580000000001,1.65,1
16.08.2021 00:27:59.075,6.47911,6.47857,1.65,1
16.08.2021 00:27:59.176,6.47911,6.478580000000001,1.65,1
16.08.2021 00:28:04.590,6.47911,6.478580000000001,1.65,1
16.08.2021 00:28:04.859,6.47911,6.47862,1.65,1
16.08.2021 00:28:05.133,6.47912,6.47857,1.65,1
16.08.2021 00:28:05.657,6.479010000000001,6.478490000000001,1.15,1
16.08.2021 00:28:05.768,6.47902,6.478400000000001,1.15,1.5
16.08.2021 00:28:05.921,6.479010000000001,6.47841,1.15,1
16.08.2021 00:28:06.643,6.47897,6.478400000000001,1,1
16.08.2021 00:28:14.413,6.47897,6.478400000000001,1.1,1
16.08.2021 00:28:17.405,6.47897,6.4784500000000005,1.1,1
16.08.2021 00:28:17.912,6.47896,6.47846,1.1,1
16.08.2021 00:28:20.486,6.479010000000001,6.47847,1.65,1
16.08.2021 00:28:20.565,6.479010000000001,6.47841,1.65,1
16.08.2021 00:28:20.693,6.47902,6.478400000000001,1.65,1
16.08.2021 00:28:30.950,6.479010000000001,6.47837,1.27,1.5
16.08.2021 00:28:31.455,6.47895,6.47841,1.1,1
16.08.2021 00:28:31.913,6.47895,6.47841,1.1,1
16.08.2021 00:28:35.831,6.478980000000001,6.47842,1.1,1
16.08.2021 00:28:53.943,6.479,6.47841,1.6,1
16.08.2021 00:28:59.401,6.4789900000000005,6.478400000000001,1.15,1
16.08.2021 00:29:21.875,6.47896,6.47841,1.1,1
16.08.2021 00:29:32.304,6.47896,6.47834,1.1,1.5
16.08.2021 00:29:33.236,6.47896,6.47837,1.1,1
16.08.2021 00:29:43.409,6.479010000000001,6.478330000000001,2.15,1.5
16.08.2021 00:29:43.909,6.478980000000001,6.47839,1.1,1
16.08.2021 00:29:48.697,6.47886,6.478400000000001,1,1
16.08.2021 00:29:51.105,6.47887,6.478350000000001,1,1.12
16.08.2021 00:29:51.331,6.47891,6.478350000000001,1.1,1
16.08.2021 00:29:51.640,6.4789,6.47836,1.1,1
16.08.2021 00:29:54.457,6.4789200000000005,6.478350000000001,1.1,1
16.08.2021 00:29:54.641,6.478890000000001,6.478350000000001,1.1,1
16.08.2021 00:29:55.407,6.478890000000001,6.4783100000000005,1.6,1.12
16.08.2021 00:29:55.457,6.47888,6.47832,1.6,1.12
16.08.2021 00:29:58.492,6.478890000000001,6.4783100000000005,1.1,1
16.08.2021 00:30:01.040,6.478890000000001,6.4783100000000005,1,1
16.08.2021 00:30:01.091,6.478940000000001,6.47834,1.22,1
16.08.2021 00:30:01.250,6.47896,6.47842,1.6,1
16.08.2021 00:30:02.248,6.479,6.47836,1.22,1
16.08.2021 00:30:02.299,6.478980000000001,6.478400000000001,1.1,1
16.08.2021 00:30:04.902,6.4789900000000005,6.4783100000000005,1.1,1.55
16.08.2021 00:30:06.273,6.478930000000001,6.478350000000001,1.1,1
16.08.2021 00:30:07.365,6.47895,6.4783100000000005,1.1,1.55
16.08.2021 00:30:09.351,6.479,6.47847,1.6,1
16.08.2021 00:30:13.771,6.479,6.47864,1.1,1
16.08.2021 00:30:13.872,6.4789900000000005,6.47871,1.1,1
16.08.2021 00:30:13.973,6.479030000000001,6.478800000000001,1,1
16.08.2021 00:30:14.023,6.479100000000001,6.47879,1.1,1
16.08.2021 00:30:14.133,6.47909,6.478800000000001,1.1,1
16.08.2021 00:30:14.234,6.47909,6.478800000000001,1.1,1
16.08.2021 00:30:14.426,6.47909,6.478800000000001,1.1,1
16.08.2021 00:30:16.107,6.47909,6.478800000000001,1.1,1
16.08.2021 00:30:18.311,6.47909,6.478800000000001,1.1,1
16.08.2021 00:30:18.621,6.47911,6.47879,1.15,1
16.08.2021 00:30:18.672,6.47911,6.47885,1.15,1
16.08.2021 00:30:18.966,6.47911,6.478890000000001,1.05,1
16.08.2021 00:30:19.126,6.47911,6.4789,1.15,1
16.08.2021 00:30:19.227,6.47925,6.4789,1.1,1
16.08.2021 00:30:19.277,6.479240000000001,6.47896,1.1,1
16.08.2021 00:30:19.899,6.479240000000001,6.47896,1.1,1
16.08.2021 00:30:20.229,6.47925,6.4789200000000005,1.1,1
16.08.2021 00:30:20.280,6.47925,6.47883,1.1,1
16.08.2021 00:30:20.659,6.47925,6.47883,1.1,1
16.08.2021 00:30:22.248,6.47925,6.47886,1.1,1
16.08.2021 00:30:29.167,6.479240000000001,6.47883,1.1,1
16.08.2021 00:30:30.712,6.4792000000000005,6.47876,1.1,1
16.08.2021 00:30:34.511,6.479190000000001,6.47877,1.1,1
16.08.2021 00:30:37.556,6.479190000000001,6.478840000000001,1.1,1
16.08.2021 00:30:39.461,6.479240000000001,6.47877,1.6,1
16.08.2021 00:30:40.273,6.47925,6.47876,1.6,1
16.08.2021 00:30:40.995,6.479190000000001,6.478750000000001,1.1,1
16.08.2021 00:30:46.242,6.479240000000001,6.47879,1.1,1
16.08.2021 00:30:46.394,6.479240000000001,6.47879,1.6,1
16.08.2021 00:30:46.884,6.4792000000000005,6.478750000000001,1.1,1
16.08.2021 00:30:50.055,6.479240000000001,6.47879,1.1,1
16.08.2021 00:30:50.156,6.47925,6.47878,1,1
16.08.2021 00:30:50.206,6.47927,6.47886,1,1
16.08.2021 00:30:50.257,6.47935,6.47886,1.6,1
16.08.2021 00:30:50.358,6.47935,6.47886,1.6,1
16.08.2021 00:30:51.303,6.47935,6.47886,1.1,1
16.08.2021 00:30:51.672,6.4793400000000005,6.47887,1.1,1
16.08.2021 00:30:51.916,6.47925,6.47879,1,1
16.08.2021 00:30:51.967,6.47935,6.47887,1.1,1
16.08.2021 00:30:52.017,6.47942,6.478840000000001,1.35,1
16.08.2021 00:30:52.068,6.47935,6.47883,1.1,1
16.08.2021 00:30:52.257,6.4793400000000005,6.478890000000001,1.1,1
16.08.2021 00:30:52.759,6.4793400000000005,6.478930000000001,1.1,1
16.08.2021 00:30:53.020,6.4793400000000005,6.478940000000001,1.1,1
16.08.2021 00:30:53.470,6.47947,6.4790600000000005,1.5,1
16.08.2021 00:30:53.571,6.47958,6.47912,1.6,1
16.08.2021 00:30:55.473,6.47958,6.479150000000001,1.6,1
16.08.2021 00:30:55.574,6.47957,6.47926,1,1
16.08.2021 00:30:55.675,6.47957,6.479290000000001,1,1
16.08.2021 00:30:55.725,6.479680000000001,6.4793,1.2,1
16.08.2021 00:30:55.891,6.479680000000001,6.47926,1.2,1
16.08.2021 00:30:56.059,6.47967,6.47925,1.2,1
16.08.2021 00:30:56.132,6.479680000000001,6.47927,1.2,1
16.08.2021 00:30:56.283,6.47967,6.47927,1.2,1
16.08.2021 00:30:57.193,6.479680000000001,6.47926,1.2,1
16.08.2021 00:30:58.207,6.479680000000001,6.47926,1.1,1
16.08.2021 00:30:58.308,6.479590000000001,6.4792000000000005,1,1
16.08.2021 00:31:01.029,6.47967,6.47921,1.1,1
16.08.2021 00:31:01.079,6.47967,6.47923,1.1,1
16.08.2021 00:31:01.180,6.47967,6.47932,1.1,1
16.08.2021 00:31:01.230,6.47967,6.47927,1.1,1
16.08.2021 00:31:01.281,6.47967,6.479240000000001,1.1,1
16.08.2021 00:31:01.382,6.47967,6.479190000000001,1.1,1
16.08.2021 00:31:01.484,6.47967,6.479240000000001,1.1,1
16.08.2021 00:31:01.732,6.479680000000001,6.479190000000001,1.1,1
16.08.2021 00:31:02.370,6.479680000000001,6.479240000000001,1.1,1
16.08.2021 00:31:03.322,6.47967,6.479290000000001,1.1,1
16.08.2021 00:31:04.788,6.479680000000001,6.479280000000001,1.1,1
16.08.2021 00:31:11.413,6.479680000000001,6.479280000000001,1.1,1
16.08.2021 00:31:14.419,6.47967,6.479290000000001,1.1,1
16.08.2021 00:31:19.082,6.47976,6.47936,1.15,1
16.08.2021 00:31:19.199,6.47984,6.47937,1,1
16.08.2021 00:31:19.300,6.47997,6.4794,1.57,1
16.08.2021 00:31:19.400,6.480130000000001,6.479410000000001,1.25,1.1
16.08.2021 00:31:19.662,6.48012,6.479430000000001,1.15,1.1
16.08.2021 00:31:19.871,6.48005,6.47942,1,1.1
16.08.2021 00:31:19.968,6.48003,6.47942,1,1.1
16.08.2021 00:31:20.721,6.48002,6.479430000000001,1,1
16.08.2021 00:31:23.970,6.48002,6.479430000000001,1.1,1.1
16.08.2021 00:31:24.071,6.47992,6.47949,1,1
16.08.2021 00:31:24.193,6.47992,6.47937,1,1.1
16.08.2021 00:31:24.294,6.47992,6.47942,1,1.1
16.08.2021 00:31:24.394,6.47993,6.479410000000001,1.1,1
16.08.2021 00:31:24.701,6.47992,6.47942,1.1,1
16.08.2021 00:31:25.387,6.47982,6.47937,1,1
16.08.2021 00:31:25.848,6.47982,6.479330000000001,1,1.6
16.08.2021 00:31:25.982,6.47982,6.479330000000001,1,1.6
16.08.2021 00:31:32.741,6.47975,6.4793,1.1,1
16.08.2021 00:31:32.841,6.47965,6.47921,1,1
16.08.2021 00:31:32.892,6.47965,6.479190000000001,1.1,1
16.08.2021 00:31:32.992,6.479640000000001,6.479150000000001,1,1
16.08.2021 00:31:33.143,6.47965,6.47917,1,1
16.08.2021 00:31:33.406,6.479640000000001,6.47917,1,1
16.08.2021 00:31:33.906,6.479640000000001,6.47918,1,1
16.08.2021 00:31:34.524,6.47965,6.47923,1,1
16.08.2021 00:31:35.525,6.47965,6.479240000000001,1,1
16.08.2021 00:31:37.857,6.47984,6.47925,1.65,1
16.08.2021 00:31:37.961,6.47985,6.47923,1.65,1
16.08.2021 00:31:39.927,6.47985,6.47923,1.65,1
16.08.2021 00:31:45.707,6.47985,6.47923,1.65,1
16.08.2021 00:31:46.112,6.47982,6.4792000000000005,1.65,1
16.08.2021 00:31:50.786,6.479830000000001,6.479190000000001,1.65,1
16.08.2021 00:31:53.681,6.47985,6.47923,1.65,1
16.08.2021 00:31:53.786,6.47985,6.47923,1.65,1
16.08.2021 00:31:57.191,6.47962,6.479240000000001,1,1
16.08.2021 00:31:57.242,6.47967,6.479290000000001,1,1
16.08.2021 00:31:57.393,6.47967,6.47923,1,1
16.08.2021 00:31:57.444,6.4798,6.47922,1.15,1
16.08.2021 00:31:57.798,6.4798,6.47922,1.15,1
16.08.2021 00:32:03.242,6.47972,6.47918,1.05,1.1
16.08.2021 00:32:03.293,6.47971,6.479190000000001,1.15,1.1
16.08.2021 00:32:04.423,6.47971,6.479190000000001,1.15,1.1
16.08.2021 00:32:07.241,6.47966,6.47918,1,1.1
16.08.2021 00:32:10.740,6.47965,6.47918,1,1.1
16.08.2021 00:32:12.116,6.47962,6.47917,1,1.1
16.08.2021 00:32:20.065,6.47962,6.4791300000000005,1,1.1
16.08.2021 00:32:22.436,6.47957,6.47914,1,1.1
16.08.2021 00:32:24.617,6.4796000000000005,6.47914,1,1.1
16.08.2021 00:32:24.718,6.4796000000000005,6.479100000000001,1.1,1
16.08.2021 00:32:25.724,6.47961,6.479100000000001,1,1
16.08.2021 00:32:26.173,6.47963,6.479290000000001,1.1,1
16.08.2021 00:32:33.116,6.47966,6.479290000000001,1.1,1
16.08.2021 00:32:33.503,6.47963,6.479290000000001,1.1,1
16.08.2021 00:32:34.278,6.479640000000001,6.47926,1.1,1
16.08.2021 00:32:34.605,6.479640000000001,6.479240000000001,1.1,1
16.08.2021 00:32:34.705,6.47963,6.479240000000001,1.1,1
16.08.2021 00:32:35.656,6.479640000000001,6.47925,1.1,1
16.08.2021 00:32:37.856,6.479640000000001,6.47949,1,1
16.08.2021 00:32:37.957,6.47979,6.4796000000000005,1,1
16.08.2021 00:32:38.008,6.4798,6.479550000000001,1,1
16.08.2021 00:32:38.109,6.4797400000000005,6.47946,1,1
16.08.2021 00:32:38.210,6.4797400000000005,6.47945,1,1
16.08.2021 00:32:38.261,6.47967,6.47945,1,1
16.08.2021 00:32:41.305,6.479690000000001,6.47944,1,1
16.08.2021 00:32:41.406,6.47967,6.47944,1,1
16.08.2021 00:32:41.658,6.479680000000001,6.47935,1,1
16.08.2021 00:32:41.709,6.47958,6.47923,1,1
16.08.2021 00:32:41.810,6.479590000000001,6.47931,1,1
16.08.2021 00:32:41.911,6.47958,6.4794,1,1
16.08.2021 00:32:42.209,6.47965,6.4794,1,1
16.08.2021 00:32:42.512,6.47967,6.4794,1,1
16.08.2021 00:32:44.091,6.47967,6.47944,1,1
16.08.2021 00:32:44.192,6.47967,6.47956,1,1
16.08.2021 00:32:44.242,6.47991,6.47963,1.6,1
16.08.2021 00:32:44.293,6.47991,6.47963,1.1,1
16.08.2021 00:32:44.344,6.47989,6.47963,1.1,1
16.08.2021 00:32:44.395,6.47992,6.47958,1.1,1
16.08.2021 00:32:44.523,6.47991,6.47956,1.1,1
16.08.2021 00:32:44.624,6.47991,6.47956,1.1,1
16.08.2021 00:32:44.947,6.47982,6.47956,1,1
16.08.2021 00:32:49.000,6.4798100000000005,6.47961,1,1
16.08.2021 00:32:49.051,6.48001,6.47966,1.1,1
16.08.2021 00:32:49.152,6.47996,6.47966,1,1
16.08.2021 00:32:49.203,6.47992,6.479640000000001,1,1
16.08.2021 00:32:49.253,6.47991,6.47958,1,1
16.08.2021 00:32:49.725,6.47992,6.4796000000000005,1,1
16.08.2021 00:32:56.283,6.47992,6.479500000000001,1,1
16.08.2021 00:32:57.996,6.47991,6.47956,1,1
16.08.2021 00:33:04.173,6.4799500000000005,6.47976,1,1
16.08.2021 00:33:04.224,6.48003,6.479830000000001,1,1.33
16.08.2021 00:33:04.325,6.48003,6.479590000000001,1,1
16.08.2021 00:33:04.376,6.48003,6.47972,1,1
16.08.2021 00:33:04.477,6.480040000000001,6.47982,1,1
16.08.2021 00:33:04.846,6.48003,6.479640000000001,1,1
16.08.2021 00:33:05.048,6.48011,6.479640000000001,1.1,1
16.08.2021 00:33:05.098,6.48011,6.47961,1.1,1
16.08.2021 00:33:06.553,6.48011,6.4796000000000005,1.1,1
16.08.2021 00:33:06.656,6.48012,6.479640000000001,1.1,1
16.08.2021 00:33:06.757,6.48019,6.4797400000000005,1.6,1
16.08.2021 00:33:06.858,6.480230000000001,6.479730000000001,1.1,1
16.08.2021 00:33:06.959,6.480230000000001,6.47963,1.1,1.1
16.08.2021 00:33:07.009,6.480230000000001,6.4797,1.1,1
16.08.2021 00:33:07.196,6.480230000000001,6.4797,1.1,1
16.08.2021 00:33:07.297,6.480230000000001,6.47975,1.1,1
16.08.2021 00:33:07.553,6.480230000000001,6.47979,1,1
16.08.2021 00:33:07.885,6.4802800000000005,6.47979,1.6,1
16.08.2021 00:33:08.468,6.4802800000000005,6.47979,1.22,1
16.08.2021 00:33:08.621,6.48037,6.47984,1.6,1
16.08.2021 00:33:08.966,6.48032,6.47987,1.1,1
16.08.2021 00:33:09.066,6.48031,6.47984,1,1
16.08.2021 00:33:09.117,6.480480000000001,6.47996,1.2,1
16.08.2021 00:33:09.218,6.480480000000001,6.48001,2.42,1
16.08.2021 00:33:09.683,6.48047,6.48002,1.67,1
16.08.2021 00:33:27.122,6.48045,6.47994,1.57,1
16.08.2021 00:33:40.043,6.48045,6.47996,1.1,1
16.08.2021 00:33:40.195,6.480440000000001,6.48003,1.1,1
16.08.2021 00:33:49.507,6.480440000000001,6.47996,1.1,1
16.08.2021 00:33:49.731,6.480440000000001,6.48,1.1,1
16.08.2021 00:33:53.001,6.480440000000001,6.48005,1.1,1
16.08.2021 00:34:14.748,6.480440000000001,6.480040000000001,1.1,1
16.08.2021 00:34:33.093,6.48055,6.48005,1,1
16.08.2021 00:34:33.144,6.48055,6.48033,1,1
16.08.2021 00:34:33.245,6.48071,6.48042,1,1.12
16.08.2021 00:34:33.346,6.48076,6.48042,1.1,1.12
16.08.2021 00:34:33.447,6.4807500000000005,6.480160000000001,1.1,1.04
16.08.2021 00:34:33.650,6.48064,6.480160000000001,1,1.04
16.08.2021 00:34:33.751,6.48064,6.480160000000001,1.1,1
16.08.2021 00:34:33.931,6.480530000000001,6.48,1,1
16.08.2021 00:34:34.092,6.480530000000001,6.4798800000000005,1,1.05
16.08.2021 00:34:34.193,6.480530000000001,6.47996,1,1
16.08.2021 00:34:34.400,6.480530000000001,6.47987,1,1.62
16.08.2021 00:34:34.993,6.48054,6.479990000000001,1,1
16.08.2021 00:34:35.044,6.48064,6.48001,1.15,1
16.08.2021 00:34:35.094,6.48064,6.480080000000001,1.62,1
16.08.2021 00:34:35.246,6.48068,6.48005,2.15,1.5
16.08.2021 00:34:35.296,6.48076,6.48019,1.15,1
16.08.2021 00:34:35.397,6.480840000000001,6.48024,1.65,1
16.08.2021 00:34:35.498,6.480880000000001,6.4802,1.65,1
16.08.2021 00:34:35.703,6.480700000000001,6.4802100000000005,1,1
16.08.2021 00:34:35.822,6.48087,6.4802800000000005,1.65,1
16.08.2021 00:34:35.954,6.480880000000001,6.48015,1.65,1
16.08.2021 00:34:36.456,6.48081,6.48019,1.15,1
16.08.2021 00:34:36.507,6.480790000000001,6.48011,1.15,1
16.08.2021 00:34:36.956,6.480740000000001,6.4801400000000005,1.05,1
16.08.2021 00:34:37.057,6.480630000000001,6.48005,1.1,1
16.08.2021 00:34:37.107,6.48057,6.48003,1,1
16.08.2021 00:34:37.158,6.480580000000001,6.480080000000001,1,1
16.08.2021 00:34:37.208,6.480630000000001,6.480090000000001,1,1
16.08.2021 00:34:38.906,6.48066,6.480080000000001,1,1
16.08.2021 00:34:38.956,6.48062,6.480080000000001,1,1
16.08.2021 00:34:39.397,6.48064,6.480090000000001,1,1
16.08.2021 00:34:39.762,6.48068,6.480080000000001,1,1
16.08.2021 00:34:39.905,6.48068,6.480080000000001,1.1,1
16.08.2021 00:34:40.899,6.48061,6.480090000000001,1,1
16.08.2021 00:34:41.370,6.48062,6.480080000000001,1.1,1
16.08.2021 00:34:41.421,6.48061,6.48,1.1,1
16.08.2021 00:34:41.891,6.4806,6.48006,1.1,1
16.08.2021 00:34:42.767,6.4806,6.48006,1.6,1
16.08.2021 00:34:45.030,6.48061,6.48005,1.5,1
16.08.2021 00:34:53.071,6.48061,6.48005,1.5,1
16.08.2021 00:35:00.105,6.48061,6.48005,1.12,1
16.08.2021 00:35:09.189,6.480530000000001,6.479990000000001,1,1.65
16.08.2021 00:35:12.976,6.480530000000001,6.479990000000001,1,1.64
16.08.2021 00:35:18.083,6.48052,6.48,1,1.65
16.08.2021 00:35:18.733,6.480530000000001,6.48003,1,1
16.08.2021 00:35:18.834,6.48052,6.48007,1,1
16.08.2021 00:35:28.582,6.4805600000000005,6.48007,1,1
16.08.2021 00:35:29.425,6.4805600000000005,6.480040000000001,1,1.55
16.08.2021 00:35:30.073,6.4805600000000005,6.480040000000001,1,2.25
16.08.2021 00:35:30.123,6.48057,6.48006,1,1
16.08.2021 00:35:37.385,6.480580000000001,6.48007,1,1
16.08.2021 00:35:37.436,6.4806,6.4801,1,1
16.08.2021 00:35:44.525,6.48066,6.48011,1.5,1
16.08.2021 00:35:59.521,6.48062,6.480080000000001,1,1
16.08.2021 00:35:59.632,6.48064,6.48011,1,1
16.08.2021 00:35:59.683,6.48068,6.48012,1,1
16.08.2021 00:36:00.082,6.48064,6.4801400000000005,1,1
16.08.2021 00:36:14.758,6.480650000000001,6.4801400000000005,1,1
16.08.2021 00:36:14.859,6.480630000000001,6.4801400000000005,1,1
16.08.2021 00:36:14.909,6.48062,6.4801,1,1
16.08.2021 00:36:15.255,6.48062,6.4801,1,1.1
16.08.2021 00:36:29.692,6.480630000000001,6.480090000000001,1,1.5
16.08.2021 00:36:29.743,6.480580000000001,6.4801,1,1
16.08.2021 00:36:29.844,6.480580000000001,6.480080000000001,1,1
16.08.2021 00:36:35.102,6.480580000000001,6.480040000000001,1,1
16.08.2021 00:36:35.235,6.48057,6.48001,1,1.1
16.08.2021 00:36:35.462,6.48057,6.48001,1,1.1
16.08.2021 00:36:35.562,6.4806,6.48007,1,1.1
16.08.2021 00:36:35.613,6.4806,6.48003,1,1.5
16.08.2021 00:36:35.911,6.480580000000001,6.48006,1,1
16.08.2021 00:36:36.472,6.48064,6.480090000000001,2.25,1.5
16.08.2021 00:36:49.071,6.48061,6.48006,1,1.1
16.08.2021 00:37:03.632,6.48062,6.480080000000001,1,1
16.08.2021 00:37:06.007,6.48061,6.48006,1,1.6
16.08.2021 00:37:09.954,6.48062,6.480080000000001,1,1
16.08.2021 00:37:18.432,6.480530000000001,6.480090000000001,1,1
16.08.2021 00:37:23.122,6.48054,6.48003,1,1
16.08.2021 00:37:23.230,6.48054,6.47998,1,1.1
16.08.2021 00:37:23.280,6.4804900000000005,6.47996,1,1.15
16.08.2021 00:37:23.496,6.48042,6.47992,1,1
16.08.2021 00:37:23.700,6.48042,6.4798100000000005,1,1.15
16.08.2021 00:37:23.751,6.480440000000001,6.47984,1,1.15
16.08.2021 00:37:23.801,6.480430000000001,6.47985,1,1.15
16.08.2021 00:37:24.240,6.48046,6.47991,1,1.1
16.08.2021 00:37:25.874,6.4804900000000005,6.47996,1,1.1
16.08.2021 00:38:16.480,6.480530000000001,6.47998,1.05,1
16.08.2021 00:38:16.530,6.480530000000001,6.47998,1.05,1.1
16.08.2021 00:38:17.506,6.480530000000001,6.480040000000001,1,1
16.08.2021 00:38:23.600,6.480530000000001,6.48002,1,1.1
16.08.2021 00:38:24.955,6.48054,6.48001,1,1.15
16.08.2021 00:38:25.056,6.4805,6.48,1,1.15
16.08.2021 00:38:32.905,6.4805600000000005,6.479990000000001,1,1.15
16.08.2021 00:38:32.955,6.4805600000000005,6.48,1,1.15
16.08.2021 00:39:24.213,6.480580000000001,6.4801400000000005,1,1
16.08.2021 00:39:26.957,6.48059,6.48006,1,1.1
16.08.2021 00:39:40.436,6.480580000000001,6.480040000000001,1,1
16.08.2021 00:39:48.650,6.48059,6.48006,1,1.1
16.08.2021 00:39:49.095,6.48052,6.48006,1,1.1
16.08.2021 00:39:49.285,6.48057,6.48007,1,1
16.08.2021 00:40:09.687,6.480580000000001,6.48006,1,1.15
16.08.2021 00:40:26.779,6.480580000000001,6.48006,1,1.15
16.08.2021 00:40:35.297,6.48046,6.48007,1,1.15
16.08.2021 00:40:35.802,6.48046,6.48006,1,1
16.08.2021 00:40:35.903,6.48047,6.48003,1,1.05
16.08.2021 00:40:43.710,6.48046,6.480040000000001,1,1.05
16.08.2021 00:40:45.612,6.4805600000000005,6.48007,1,1.05
16.08.2021 00:40:45.715,6.4805600000000005,6.48007,1,1.05
16.08.2021 00:40:51.479,6.48055,6.480040000000001,1,1.15
16.08.2021 00:40:51.530,6.4805600000000005,6.48001,1,1.1
16.08.2021 00:40:52.530,6.4805600000000005,6.48003,1,1
16.08.2021 00:40:53.031,6.48055,6.48,1,1.15
16.08.2021 00:40:53.456,6.4805600000000005,6.48007,1,1
16.08.2021 00:41:17.503,6.48055,6.48,1,1.15
16.08.2021 00:41:17.554,6.480530000000001,6.479990000000001,1,1.15
16.08.2021 00:41:24.776,6.480530000000001,6.479990000000001,1,1.15
16.08.2021 00:41:28.811,6.480530000000001,6.480040000000001,1,1
16.08.2021 00:41:35.657,6.48052,6.47998,1,1.15
16.08.2021 00:41:38.206,6.48052,6.47998,1,1.15
16.08.2021 00:41:40.108,6.480530000000001,6.480040000000001,1,1.05
16.08.2021 00:41:49.932,6.48052,6.48005,1,1.15
16.08.2021 00:41:50.402,6.480530000000001,6.480040000000001,1,1.05
16.08.2021 00:41:51.021,6.48052,6.48005,1,1.15
16.08.2021 00:41:53.223,6.48052,6.48005,1,1.05
16.08.2021 00:41:53.724,6.48052,6.48005,1,1.15
16.08.2021 00:41:58.459,6.480430000000001,6.479990000000001,1,1
16.08.2021 00:41:58.510,6.48042,6.47994,1,1.1
16.08.2021 00:41:58.661,6.48037,6.4798800000000005,1,1
16.08.2021 00:41:58.762,6.48037,6.47987,1,1
16.08.2021 00:41:58.813,6.48041,6.47985,1,1.1
16.08.2021 00:41:58.958,6.48041,6.47985,1,1.1
16.08.2021 00:41:59.775,6.48041,6.47986,1,1.1
16.08.2021 00:42:00.486,6.48042,6.47984,1,1.1
16.08.2021 00:42:06.059,6.480390000000001,6.47984,1,1.1
16.08.2021 00:42:12.906,6.48045,6.47993,1,1
16.08.2021 00:42:17.170,6.4804,6.47992,1,1
16.08.2021 00:42:18.211,6.480440000000001,6.47996,1,1
16.08.2021 00:42:18.261,6.48046,6.47997,1,1
16.08.2021 00:42:18.736,6.4804900000000005,6.48,1,1
16.08.2021 00:42:22.522,6.480480000000001,6.4799500000000005,1,1.6
16.08.2021 00:42:22.687,6.48047,6.47996,1,1
16.08.2021 00:42:27.512,6.480430000000001,6.47992,1,1
16.08.2021 00:42:27.623,6.480430000000001,6.47991,1,1
16.08.2021 00:42:27.774,6.48036,6.479830000000001,1,1.12
16.08.2021 00:42:30.448,6.48031,6.47982,1,1.12
16.08.2021 00:42:30.843,6.48031,6.47977,1,1.6
16.08.2021 00:42:30.944,6.48027,6.47977,1,1.6
16.08.2021 00:42:30.995,6.48026,6.47975,1,1
16.08.2021 00:42:31.045,6.48019,6.47972,1,1
16.08.2021 00:42:31.146,6.480160000000001,6.47957,1,1.6
16.08.2021 00:42:31.197,6.48015,6.47956,1,1
16.08.2021 00:42:31.247,6.480080000000001,6.4795300000000005,1,1
16.08.2021 00:42:31.298,6.48015,6.4795300000000005,1,1
16.08.2021 00:42:31.398,6.4802100000000005,6.4795300000000005,1,1
16.08.2021 00:42:31.565,6.480160000000001,6.47957,1,1
16.08.2021 00:42:31.615,6.480230000000001,6.4795300000000005,1.12,1
16.08.2021 00:42:31.716,6.48027,6.47957,2.05,1
16.08.2021 00:42:32.429,6.48024,6.47961,1,1.5
16.08.2021 00:42:49.641,6.48027,6.4796000000000005,1.55,1.5
16.08.2021 00:42:49.856,6.4802,6.4796000000000005,1,1.5
16.08.2021 00:42:50.007,6.48019,6.479550000000001,1.5,1.1
16.08.2021 00:42:50.905,6.480180000000001,6.47956,1.5,1
16.08.2021 00:42:54.317,6.48019,6.479550000000001,1.55,1
16.08.2021 00:42:54.367,6.48015,6.47956,1,1
16.08.2021 00:42:54.473,6.48,6.47956,1,1
16.08.2021 00:42:54.655,6.48001,6.47947,1,1
16.08.2021 00:42:54.764,6.48,6.47946,1,1
16.08.2021 00:42:56.262,6.48,6.47944,1,1
16.08.2021 00:42:57.442,6.48,6.47946,1,1
16.08.2021 00:43:01.433,6.47996,6.47946,1,1
16.08.2021 00:43:03.797,6.47997,6.479410000000001,1,1
16.08.2021 00:43:04.092,6.47994,6.479380000000001,1,1
16.08.2021 00:43:04.252,6.47994,6.47937,1,1.12
16.08.2021 00:43:04.550,6.47989,6.47937,1,1.12
16.08.2021 00:43:04.651,6.47986,6.47937,1,1
16.08.2021 00:43:07.077,6.47992,6.479380000000001,1,1
16.08.2021 00:43:07.594,6.47992,6.479280000000001,1,1.6
16.08.2021 00:43:07.791,6.47992,6.479280000000001,1,1
16.08.2021 00:43:07.842,6.47982,6.47927,1,1
16.08.2021 00:43:08.351,6.4798100000000005,6.479240000000001,1,1.05
16.08.2021 00:43:08.454,6.47982,6.47925,1,1
16.08.2021 00:43:08.646,6.479680000000001,6.47925,1,1
16.08.2021 00:43:13.833,6.479640000000001,6.47925,1,1
16.08.2021 00:43:14.730,6.47976,6.47926,1,1
16.08.2021 00:43:24.351,6.479640000000001,6.47926,1,1
16.08.2021 00:43:26.802,6.479640000000001,6.479240000000001,1,1
16.08.2021 00:43:28.495,6.47971,6.47923,1,1
16.08.2021 00:43:28.960,6.479680000000001,6.47923,1,1
16.08.2021 00:43:46.188,6.479780000000001,6.47923,1,1
16.08.2021 00:43:56.048,6.47965,6.479240000000001,1,1
16.08.2021 00:43:56.099,6.47966,6.47917,1,1
16.08.2021 00:44:01.054,6.47965,6.47918,1,1.05
16.08.2021 00:44:03.425,6.479690000000001,6.47918,1,1.05
16.08.2021 00:44:03.475,6.47977,6.479330000000001,1,1
16.08.2021 00:44:03.576,6.479830000000001,6.479500000000001,1,1
16.08.2021 00:44:03.828,6.47998,6.479500000000001,1,1
16.08.2021 00:44:03.929,6.47997,6.479500000000001,1,1
16.08.2021 00:44:04.862,6.47993,6.479500000000001,1,1
16.08.2021 00:44:09.660,6.47993,6.4794,1,1
16.08.2021 00:44:09.711,6.4798100000000005,6.47926,1,1
16.08.2021 00:44:09.862,6.47982,6.4791300000000005,1,1.05
16.08.2021 00:44:09.963,6.4797400000000005,6.47914,1,1.6
16.08.2021 00:44:10.013,6.47972,6.47914,1,1.5
16.08.2021 00:44:10.164,6.47966,6.47914,1,1
16.08.2021 00:44:10.397,6.4797,6.47914,1,1
16.08.2021 00:44:10.503,6.47971,6.479100000000001,1,1.05
16.08.2021 00:44:11.283,6.4797,6.47911,1,1.05
16.08.2021 00:44:11.919,6.4797,6.479100000000001,1,1.05
16.08.2021 00:44:16.046,6.4797,6.479100000000001,1,1.05
16.08.2021 00:44:18.146,6.47971,6.479100000000001,1,1.15
16.08.2021 00:44:18.489,6.47975,6.4791300000000005,1,1.15
16.08.2021 00:44:18.540,6.47975,6.47926,1,1
16.08.2021 00:44:18.696,6.47976,6.47926,1,1
16.08.2021 00:44:18.796,6.47984,6.47926,1,1.1
16.08.2021 00:44:20.267,6.4798,6.47926,1,1.1
16.08.2021 00:44:21.051,6.479730000000001,6.47926,1,1.1
16.08.2021 00:44:27.597,6.479730000000001,6.47926,1,1
16.08.2021 00:44:39.124,6.4797400000000005,6.47923,1,1.5
16.08.2021 00:44:39.225,6.47982,6.47923,1,1.5
16.08.2021 00:44:40.712,6.47976,6.479240000000001,1,1
16.08.2021 00:44:41.171,6.47976,6.479150000000001,1,1.15
16.08.2021 00:44:41.221,6.47966,6.47914,1,1.15
16.08.2021 00:44:41.272,6.479730000000001,6.47916,1,1.2
16.08.2021 00:44:41.586,6.4797400000000005,6.4792000000000005,1,1
16.08.2021 00:44:41.753,6.47972,6.4792000000000005,1,1
16.08.2021 00:44:43.381,6.479640000000001,6.47921,1,1
16.08.2021 00:44:43.431,6.47962,6.47895,1,1.15
16.08.2021 00:44:43.534,6.47962,6.478930000000001,1,1.27
16.08.2021 00:44:43.585,6.479590000000001,6.4789200000000005,1,1.27
16.08.2021 00:44:45.163,6.479590000000001,6.4789200000000005,1,1.15
16.08.2021 00:44:45.791,6.47958,6.47907,1,1
16.08.2021 00:44:45.892,6.479590000000001,6.47895,1,1.15
16.08.2021 00:44:46.632,6.4796000000000005,6.478940000000001,1,1.15
16.08.2021 00:44:46.749,6.47965,6.478940000000001,1,1.15
16.08.2021 00:44:46.850,6.479640000000001,6.47907,1,1
16.08.2021 00:44:47.042,6.47965,6.47914,1,1
16.08.2021 00:44:58.202,6.479640000000001,6.47907,1,1.05
16.08.2021 00:45:00.131,6.479640000000001,6.47907,1,1.5
16.08.2021 00:45:00.182,6.47956,6.4790600000000005,1,1.5
16.08.2021 00:45:00.283,6.47945,6.47907,1,1.5
16.08.2021 00:45:00.732,6.47951,6.47907,1,1
16.08.2021 00:45:01.763,6.47952,6.479030000000001,1,1
16.08.2021 00:45:05.784,6.47958,6.479030000000001,1,1
16.08.2021 00:45:09.800,6.4795300000000005,6.479030000000001,1,1
16.08.2021 00:45:09.954,6.47952,6.479,1,1.05
16.08.2021 00:45:10.104,6.4795300000000005,6.479,1,1
16.08.2021 00:45:11.775,6.479480000000001,6.479,1,1
16.08.2021 00:45:12.835,6.47942,6.479,1,1
16.08.2021 00:45:12.954,6.47956,6.479010000000001,1,1
16.08.2021 00:45:13.956,6.47946,6.479010000000001,1,1
16.08.2021 00:45:14.455,6.4795300000000005,6.479010000000001,1,1
16.08.2021 00:45:16.865,6.479430000000001,6.479010000000001,1,1
16.08.2021 00:45:26.549,6.479480000000001,6.479010000000001,1,1
16.08.2021 00:45:31.486,6.47951,6.479,1,1
16.08.2021 00:45:31.537,6.4795300000000005,6.479010000000001,1,1
16.08.2021 00:45:33.815,6.47951,6.479,1,1
16.08.2021 00:45:33.964,6.47952,6.479,1,1
16.08.2021 00:45:37.315,6.479500000000001,6.479010000000001,1,1
16.08.2021 00:45:39.470,6.47952,6.479010000000001,1,1
16.08.2021 00:45:41.052,6.47956,6.479,1,1
16.08.2021 00:45:41.577,6.479480000000001,6.479,1,1
16.08.2021 00:45:42.255,6.47946,6.479,1,1
16.08.2021 00:45:46.146,6.47951,6.479,1,1
16.08.2021 00:45:46.790,6.479410000000001,6.479010000000001,1,1
16.08.2021 00:46:12.330,6.47951,6.479010000000001,1,1
16.08.2021 00:46:17.984,6.479410000000001,6.479,1,1
16.08.2021 00:46:18.212,6.47945,6.479010000000001,1,1
16.08.2021 00:46:18.464,6.47949,6.479,1,1
16.08.2021 00:46:18.515,6.4794,6.479010000000001,1,1
16.08.2021 00:46:18.616,6.479480000000001,6.479010000000001,1,1
16.08.2021 00:46:18.723,6.47939,6.479,1,1
16.08.2021 00:46:18.824,6.47937,6.479010000000001,1,1
16.08.2021 00:46:26.537,6.479480000000001,6.479010000000001,1,1
16.08.2021 00:46:33.265,6.479410000000001,6.479,1,1
16.08.2021 00:47:02.180,6.4794,6.47904,1,1
16.08.2021 00:47:08.480,6.4794,6.479010000000001,1,1
16.08.2021 00:47:19.001,6.479500000000001,6.479010000000001,1,1
16.08.2021 00:47:20.731,6.479410000000001,6.479010000000001,1,1
16.08.2021 00:47:40.305,6.47942,6.479010000000001,1,1
16.08.2021 00:47:53.102,6.479380000000001,6.479010000000001,1,1
16.08.2021 00:47:54.461,6.47945,6.479,1,1
16.08.2021 00:47:54.695,6.47936,6.479010000000001,1,1
16.08.2021 00:47:54.831,6.479380000000001,6.479,1,1
16.08.2021 00:48:08.372,6.479380000000001,6.47902,1,1
16.08.2021 00:48:08.423,6.479410000000001,6.479030000000001,1,1
16.08.2021 00:48:08.524,6.479410000000001,6.479010000000001,1,1
16.08.2021 00:48:39.941,6.479410000000001,6.478890000000001,1,1.65
16.08.2021 00:48:53.652,6.479410000000001,6.479010000000001,1,1
16.08.2021 00:48:54.120,6.47945,6.479010000000001,1,1
16.08.2021 00:48:54.221,6.479550000000001,6.479,1,1
16.08.2021 00:49:02.234,6.4795300000000005,6.479,1,1
16.08.2021 00:49:23.819,6.47956,6.479,1,1
16.08.2021 00:49:26.834,6.47957,6.479010000000001,1,1
16.08.2021 00:49:26.885,6.47958,6.479150000000001,1,1
16.08.2021 00:49:26.986,6.47962,6.47922,1,1
16.08.2021 00:49:27.036,6.479640000000001,6.47922,1,1
16.08.2021 00:49:27.087,6.47966,6.47922,1,1
16.08.2021 00:49:27.188,6.479730000000001,6.47926,1,1
16.08.2021 00:49:28.072,6.479730000000001,6.47932,1,1
16.08.2021 00:49:30.188,6.47975,6.47932,1,1
16.08.2021 00:49:30.299,6.4797,6.47932,1,1
16.08.2021 00:49:38.013,6.4797,6.47936,1,1
16.08.2021 00:49:38.063,6.47972,6.47936,1,1
16.08.2021 00:49:38.114,6.4798,6.47937,1,1.1
16.08.2021 00:49:38.265,6.4798,6.47937,1,1.15
16.08.2021 00:49:38.586,6.4798100000000005,6.479330000000001,1,1.15
16.08.2021 00:49:41.501,6.47976,6.479330000000001,1,1.15
16.08.2021 00:49:56.109,6.47976,6.479330000000001,1,1.05
16.08.2021 00:50:02.727,6.4798100000000005,6.47932,1,1.05
16.08.2021 00:50:03.245,6.479830000000001,6.47932,1,1.05
16.08.2021 00:50:06.125,6.47985,6.47932,1,1.05
16.08.2021 00:50:11.400,6.47985,6.47932,1,1.05
16.08.2021 00:50:12.421,6.47985,6.47932,1,1.15
16.08.2021 00:50:14.590,6.47985,6.47932,1,1.15
16.08.2021 00:50:14.759,6.4798800000000005,6.47947,1,1.1
16.08.2021 00:50:15.162,6.48,6.47946,1,1.1
16.08.2021 00:50:15.263,6.47989,6.47946,1,1
16.08.2021 00:50:17.189,6.47984,6.47946,1,1
16.08.2021 00:50:17.240,6.47984,6.4794,1,1.6
16.08.2021 00:50:17.290,6.479780000000001,6.479410000000001,1,1.05
16.08.2021 00:50:18.247,6.479780000000001,6.479330000000001,1,1.05
16.08.2021 00:50:18.410,6.479780000000001,6.47936,1,1
16.08.2021 00:50:25.879,6.47976,6.47932,1,1.05
16.08.2021 00:50:25.990,6.47976,6.47932,1,1.05
16.08.2021 00:50:42.170,6.479690000000001,6.4794,1,1.05
16.08.2021 00:50:42.221,6.4797,6.47935,1,1
16.08.2021 00:50:42.272,6.479590000000001,6.47936,1,1
16.08.2021 00:50:42.322,6.4796000000000005,6.47932,1,1
16.08.2021 00:50:59.928,6.4796000000000005,6.47932,1,1.05
16.08.2021 00:51:04.195,6.47966,6.479330000000001,1,1.05
16.08.2021 00:51:04.259,6.479730000000001,6.47932,1,1.05
16.08.2021 00:51:04.361,6.479730000000001,6.47932,1,1.05
16.08.2021 00:51:04.658,6.4797400000000005,6.47936,1,1.05
16.08.2021 00:51:04.709,6.4798100000000005,6.47937,1,1.05
16.08.2021 00:51:04.986,6.4797400000000005,6.47937,1,1.05
16.08.2021 00:51:06.044,6.47975,6.47932,1,1.05
16.08.2021 00:51:06.153,6.47975,6.47932,1,1.57
16.08.2021 00:51:06.285,6.479730000000001,6.479330000000001,1,1.57
16.08.2021 00:51:09.468,6.47966,6.47932,1,1.57
16.08.2021 00:51:09.569,6.47971,6.479330000000001,1,1
16.08.2021 00:51:11.231,6.47977,6.47932,1,1
16.08.2021 00:51:11.282,6.47966,6.47932,1,1
16.08.2021 00:51:27.525,6.47972,6.479330000000001,1,1
16.08.2021 00:51:32.506,6.479730000000001,6.47932,1,1.05
16.08.2021 00:51:32.557,6.47977,6.479330000000001,1,1.05
16.08.2021 00:51:32.879,6.47979,6.47932,1,1.05
16.08.2021 00:51:32.929,6.47975,6.47932,1,1.05
16.08.2021 00:51:46.983,6.47975,6.47932,1,1.05
16.08.2021 00:51:55.896,6.4797400000000005,6.479330000000001,1,1.05
16.08.2021 00:51:56.845,6.47975,6.47932,1,1
16.08.2021 00:52:01.739,6.4797,6.479330000000001,1,1
16.08.2021 00:52:01.790,6.47975,6.47932,1,1
16.08.2021 00:52:01.895,6.47976,6.479330000000001,1,1
16.08.2021 00:52:02.058,6.479730000000001,6.47932,1,1
16.08.2021 00:52:02.192,6.47972,6.47937,1,1
16.08.2021 00:52:02.655,6.47972,6.47937,1,1.05
16.08.2021 00:52:05.707,6.47971,6.47937,1,1.05
16.08.2021 00:52:15.882,6.47972,6.47936,1,1
16.08.2021 00:52:16.119,6.47972,6.47932,1,1.05
16.08.2021 00:52:16.198,6.47976,6.479330000000001,1,1.05
16.08.2021 00:52:19.193,6.4797400000000005,6.479330000000001,1,1.05
16.08.2021 00:52:19.314,6.47975,6.47932,1,1.05
16.08.2021 00:52:19.897,6.47976,6.47932,1,1.05
16.08.2021 00:52:35.477,6.4797400000000005,6.479330000000001,1,1.05
16.08.2021 00:52:35.528,6.4798100000000005,6.479330000000001,1.05,1.15
16.08.2021 00:52:35.649,6.4798,6.479410000000001,1.05,1
16.08.2021 00:52:36.116,6.47975,6.4794,1,1
16.08.2021 00:52:43.143,6.47975,6.47932,1,1.05
16.08.2021 00:52:48.531,6.47975,6.479410000000001,1,1
16.08.2021 00:53:03.529,6.4798100000000005,6.47942,1,1
16.08.2021 00:53:03.724,6.47976,6.479410000000001,1,1
16.08.2021 00:53:15.920,6.47982,6.479410000000001,1,1
16.08.2021 00:53:30.745,6.47976,6.479410000000001,1,1
16.08.2021 00:53:30.796,6.47975,6.4793400000000005,1,1.5
16.08.2021 00:53:30.970,6.47976,6.47935,1,1
16.08.2021 00:53:40.972,6.47975,6.47936,1,1.05
16.08.2021 00:53:41.023,6.47975,6.47936,1,1.05
16.08.2021 00:53:42.500,6.47976,6.47935,1,1.05
16.08.2021 00:53:48.030,6.47975,6.47936,1,1.05
16.08.2021 00:54:19.214,6.47976,6.47935,1,1.05
16.08.2021 00:54:32.190,6.47975,6.47936,1,1.05
16.08.2021 00:54:35.605,6.479730000000001,6.47936,1,1.15
16.08.2021 00:54:35.906,6.4797400000000005,6.47935,1,1.05
16.08.2021 00:54:47.313,6.479730000000001,6.479330000000001,1,1.05
16.08.2021 00:54:47.364,6.4797400000000005,6.47935,1,1
16.08.2021 00:54:47.838,6.4797400000000005,6.47935,1,1.05
16.08.2021 00:54:47.975,6.479730000000001,6.47936,1,1.05
16.08.2021 00:54:54.632,6.4797400000000005,6.47935,1,1.05
16.08.2021 00:55:00.363,6.4797400000000005,6.4793400000000005,1,1
16.08.2021 00:55:00.413,6.47993,6.479730000000001,1.42,1
16.08.2021 00:55:00.464,6.47985,6.4796000000000005,1,1
16.08.2021 00:55:00.565,6.47985,6.479640000000001,1,1
16.08.2021 00:55:00.615,6.47984,6.47958,1,1
16.08.2021 00:55:00.666,6.47984,6.47949,1,1
16.08.2021 00:55:01.227,6.47984,6.47951,1,1.1
16.08.2021 00:55:01.797,6.47984,6.4795300000000005,1,1.1
16.08.2021 00:55:02.003,6.47985,6.479480000000001,1,1
16.08.2021 00:55:02.371,6.47984,6.47942,1,1
16.08.2021 00:55:08.577,6.47985,6.479410000000001,1,1.67
16.08.2021 00:55:09.460,6.4797400000000005,6.479380000000001,1,1
16.08.2021 00:55:09.561,6.47972,6.47932,1,1
16.08.2021 00:55:09.662,6.47975,6.47926,1,1.1
16.08.2021 00:55:09.712,6.4797400000000005,6.47923,1,1.1
16.08.2021 00:55:09.849,6.47976,6.47932,1,1
16.08.2021 00:55:11.525,6.47975,6.47936,1,1
16.08.2021 00:55:18.478,6.47975,6.47936,1,1.05
16.08.2021 00:55:18.791,6.47975,6.47936,1,1.05
16.08.2021 00:55:21.002,6.47958,6.479330000000001,1,1
16.08.2021 00:55:21.103,6.47946,6.4793,1,1
16.08.2021 00:55:21.154,6.47945,6.479240000000001,1,1
16.08.2021 00:55:21.327,6.47945,6.47917,1,1
16.08.2021 00:55:21.377,6.479430000000001,6.47916,1,1
16.08.2021 00:55:21.478,6.4794,6.47917,1,1
16.08.2021 00:55:21.529,6.479410000000001,6.47907,1,1
16.08.2021 00:55:21.580,6.47932,6.479080000000001,1,1
16.08.2021 00:55:21.871,6.479280000000001,6.479080000000001,1,1
16.08.2021 00:55:22.171,6.479290000000001,6.47902,1,1.1
16.08.2021 00:55:22.272,6.4793,6.479030000000001,1,1.1
16.08.2021 00:55:22.380,6.479290000000001,6.479030000000001,1,1.1
16.08.2021 00:55:22.891,6.47925,6.47902,1,1.1
16.08.2021 00:55:23.817,6.479240000000001,6.479010000000001,1,1.57
16.08.2021 00:55:26.510,6.479240000000001,6.47904,1,1
16.08.2021 00:55:28.277,6.479280000000001,6.47904,1,1
16.08.2021 00:55:33.982,6.479290000000001,6.479010000000001,1,1.1
16.08.2021 00:55:39.896,6.479290000000001,6.479,1,1
16.08.2021 00:55:39.947,6.47923,6.4789,1,1
16.08.2021 00:55:40.098,6.47918,6.4789,1,1
16.08.2021 00:55:40.360,6.47922,6.479,1,1
16.08.2021 00:55:40.662,6.47922,6.478940000000001,1,1
16.08.2021 00:55:42.212,6.47922,6.478930000000001,1,1
16.08.2021 00:55:42.334,6.47921,6.478930000000001,1,1
16.08.2021 00:55:46.432,6.4792000000000005,6.478930000000001,1,1
16.08.2021 00:55:46.741,6.4792000000000005,6.47885,1,1
16.08.2021 00:55:47.384,6.4792000000000005,6.4789,1,1
16.08.2021 00:55:47.485,6.47916,6.4789,1,1
16.08.2021 00:55:53.839,6.47916,6.478890000000001,1,1
16.08.2021 00:55:53.889,6.47916,6.478840000000001,1,1
16.08.2021 00:55:53.990,6.479150000000001,6.47883,1,1
16.08.2021 00:55:57.141,6.479150000000001,6.478840000000001,1,1
16.08.2021 00:55:57.243,6.47916,6.47883,1,1.5
16.08.2021 00:55:57.426,6.479150000000001,6.478840000000001,1,1
16.08.2021 00:55:59.844,6.479150000000001,6.47883,1,1
16.08.2021 00:55:59.895,6.47917,6.47883,1,1
16.08.2021 00:56:00.654,6.47918,6.47883,1,1
16.08.2021 00:56:07.159,6.47917,6.47883,1,1
16.08.2021 00:56:10.062,6.47917,6.47883,1,1.5
16.08.2021 00:56:15.551,6.47916,6.47883,1,1.5
16.08.2021 00:56:18.129,6.47916,6.47883,1,1
16.08.2021 00:56:21.096,6.479150000000001,6.47883,1,1
16.08.2021 00:56:27.015,6.479150000000001,6.478840000000001,1,1
16.08.2021 00:56:30.169,6.47916,6.47883,1,1.5
16.08.2021 00:56:52.843,6.47916,6.47883,1,1
16.08.2021 00:56:54.801,6.47922,6.47886,1,1
16.08.2021 00:56:55.081,6.47922,6.47885,1,1
16.08.2021 00:56:55.183,6.47922,6.47883,1,1
16.08.2021 00:56:58.651,6.47922,6.47883,1,1.5
16.08.2021 00:57:11.000,6.47925,6.478840000000001,1,1.5
16.08.2021 00:57:11.102,6.47925,6.478840000000001,1,1
16.08.2021 00:57:11.200,6.47923,6.47883,1,1
16.08.2021 00:57:17.940,6.4793,6.478840000000001,1,1
16.08.2021 00:57:17.991,6.4793,6.4789200000000005,1,1.1
16.08.2021 00:57:18.042,6.4793400000000005,6.478940000000001,1,1
16.08.2021 00:57:18.093,6.47927,6.47896,1,1
16.08.2021 00:57:18.144,6.479330000000001,6.478940000000001,1,1
16.08.2021 00:57:18.195,6.479280000000001,6.479,1,1
16.08.2021 00:57:18.470,6.479280000000001,6.478940000000001,1,1
16.08.2021 00:57:18.520,6.47927,6.479010000000001,1,1
16.08.2021 00:57:19.428,6.47927,6.47907,1,1.1
16.08.2021 00:57:19.869,6.47922,6.47907,1,1.1
16.08.2021 00:57:20.368,6.479240000000001,6.4790600000000005,1,1.1
16.08.2021 00:57:20.469,6.47926,6.4790600000000005,1,1.1
16.08.2021 00:57:28.446,6.47925,6.479010000000001,1,1
16.08.2021 00:57:29.842,6.47921,6.479010000000001,1,1
16.08.2021 00:57:40.804,6.479280000000001,6.47909,1,1
16.08.2021 00:57:40.855,6.47931,6.47909,1,1
16.08.2021 00:57:40.956,6.47931,6.479,1,1.1
16.08.2021 00:57:41.057,6.47931,6.479,1,1
16.08.2021 00:57:41.265,6.4793,6.479,1,1
16.08.2021 00:57:41.518,6.479240000000001,6.479010000000001,1,1
16.08.2021 00:58:18.850,6.47925,6.47882,1,1.05
16.08.2021 00:58:18.900,6.47921,6.47882,1,1.05
16.08.2021 00:58:19.001,6.47921,6.47882,1,1.05
16.08.2021 00:58:19.502,6.47921,6.47885,1,1
16.08.2021 00:58:20.854,6.47916,6.47886,1,1
16.08.2021 00:58:21.200,6.47917,6.47886,1,1
16.08.2021 00:58:21.251,6.47916,6.47878,1,1.1
16.08.2021 00:58:21.301,6.47916,6.47886,1,1
16.08.2021 00:58:21.402,6.47917,6.47882,1,1
16.08.2021 00:58:27.680,6.47916,6.47886,1,1
16.08.2021 00:58:27.731,6.47916,6.47883,1,1
16.08.2021 00:58:28.964,6.47917,6.47885,1,1
16.08.2021 00:58:29.065,6.47912,6.4787300000000005,1,1.05
16.08.2021 00:58:29.166,6.47907,6.4787300000000005,1,1
16.08.2021 00:58:29.331,6.47904,6.4787300000000005,1,1
16.08.2021 00:58:29.758,6.479010000000001,6.47872,1,1
16.08.2021 00:58:29.809,6.478980000000001,6.47856,1,1.15
16.08.2021 00:58:29.860,6.478980000000001,6.47865,1,1
16.08.2021 00:58:29.961,6.478980000000001,6.4786600000000005,1,1
16.08.2021 00:58:30.474,6.4789900000000005,6.4787,1,1
16.08.2021 00:58:30.843,6.479030000000001,6.4787,1,1
16.08.2021 00:58:34.760,6.479010000000001,6.47871,1,1
16.08.2021 00:58:39.503,6.47905,6.4787300000000005,1,1
16.08.2021 00:59:14.559,6.47905,6.47874,1,1
16.08.2021 00:59:14.711,6.47905,6.4787,1,1
16.08.2021 00:59:14.862,6.4790600000000005,6.47872,1,1
16.08.2021 00:59:14.974,6.47905,6.47874,1,1
16.08.2021 00:59:15.075,6.479150000000001,6.47888,1,1
16.08.2021 00:59:15.226,6.47914,6.47879,1,1
16.08.2021 00:59:15.277,6.47909,6.47877,1,1
16.08.2021 00:59:15.590,6.47909,6.47876,1,1
16.08.2021 00:59:20.691,6.47911,6.478750000000001,1,1
16.08.2021 00:59:20.900,6.479100000000001,6.478750000000001,1,1
16.08.2021 00:59:22.155,6.47905,6.47876,1,1
16.08.2021 00:59:22.256,6.479010000000001,6.47876,1,1
16.08.2021 00:59:22.697,6.47896,6.4787300000000005,1,1
16.08.2021 00:59:22.748,6.47896,6.47871,1,1
16.08.2021 00:59:28.173,6.47897,6.478750000000001,1,1
16.08.2021 00:59:30.170,6.478940000000001,6.47857,1,1.1
16.08.2021 00:59:30.221,6.47896,6.47865,1,1
16.08.2021 00:59:30.341,6.47896,6.478750000000001,1,1
16.08.2021 00:59:30.392,6.47895,6.478530000000001,1,1.6
16.08.2021 00:59:30.442,6.47883,6.478530000000001,1,1.5
16.08.2021 00:59:30.544,6.478840000000001,6.47851,1,1.1
16.08.2021 00:59:30.746,6.478800000000001,6.47852,1,1.1
16.08.2021 00:59:30.848,6.478800000000001,6.478530000000001,1,1.1
16.08.2021 00:59:37.531,6.478800000000001,6.47857,1,1.1
16.08.2021 00:59:37.735,6.478800000000001,6.478530000000001,1,1.1
16.08.2021 00:59:39.650,6.47881,6.47856,1,1.1
16.08.2021 00:59:40.050,6.478800000000001,6.478530000000001,1,1.1
16.08.2021 00:59:40.820,6.47878,6.478530000000001,1,1.1
16.08.2021 00:59:40.871,6.47876,6.478330000000001,1.5,2.25
16.08.2021 00:59:40.921,6.47848,6.47832,1,2.25
16.08.2021 00:59:40.972,6.47841,6.4780500000000005,1,1.1
16.08.2021 00:59:41.074,6.47837,6.47802,1,1.1
16.08.2021 00:59:41.226,6.4783800000000005,6.478000000000001,1,1.1
16.08.2021 00:59:41.923,6.4783800000000005,6.47799,1,1.1
16.08.2021 00:59:43.333,6.47841,6.478000000000001,1,1.1
16.08.2021 00:59:43.385,6.4784500000000005,6.478000000000001,1,1.2
16.08.2021 00:59:54.519,6.478400000000001,6.47803,1,1.2
16.08.2021 00:59:54.620,6.47839,6.47799,1,1.67
16.08.2021 00:59:55.024,6.47837,6.47799,1,1.67
16.08.2021 00:59:56.655,6.47834,6.47794,1,1.3
16.08.2021 00:59:56.840,6.47834,6.477930000000001,1,1.3
16.08.2021 01:00:00.165,6.47832,6.47802,1,1.2
16.08.2021 01:00:01.586,6.47839,6.47802,1,1.2
16.08.2021 01:00:03.262,6.47843,6.47801,1,1.2
16.08.2021 01:00:03.674,6.47839,6.47802,1,1.2
16.08.2021 01:00:03.725,6.478400000000001,6.47801,1,1.1
16.08.2021 01:00:04.194,6.478400000000001,6.47802,1,1.1
16.08.2021 01:00:05.165,6.478440000000001,6.47802,1,1.2
16.08.2021 01:00:05.266,6.47848,6.47808,1,1.1
16.08.2021 01:00:05.367,6.47851,6.478190000000001,1,1
16.08.2021 01:00:05.468,6.47851,6.47821,1,1
16.08.2021 01:00:05.570,6.47851,6.4782,1,1
16.08.2021 01:00:05.671,6.4785,6.478180000000001,1,1
16.08.2021 01:00:05.729,6.4785,6.4782,1,1
16.08.2021 01:00:05.881,6.47851,6.478180000000001,1,1
16.08.2021 01:00:05.982,6.47855,6.47822,1,1
16.08.2021 01:00:06.032,6.47857,6.478230000000001,1,1
16.08.2021 01:00:06.083,6.47865,6.4783,1,1
16.08.2021 01:00:06.133,6.4786600000000005,6.47836,1,1
16.08.2021 01:00:06.234,6.47871,6.4784500000000005,1,2.25
16.08.2021 01:00:06.335,6.478800000000001,6.47851,1,1
16.08.2021 01:00:06.386,6.47882,6.478680000000001,1,1
16.08.2021 01:00:06.437,6.47882,6.47865,1,1
16.08.2021 01:00:06.538,6.47897,6.47865,1,1
16.08.2021 01:00:06.589,6.479,6.47864,1,1
16.08.2021 01:00:06.690,6.479,6.47865,1,1
16.08.2021 01:00:07.062,6.479,6.47869,1,1
16.08.2021 01:00:07.112,6.47904,6.47869,1,1
16.08.2021 01:00:07.163,6.47904,6.478750000000001,1,1
16.08.2021 01:00:07.314,6.47905,6.47876,1,1
16.08.2021 01:00:07.365,6.47907,6.47876,1,1
16.08.2021 01:00:07.616,6.4791300000000005,6.47877,1.12,1
16.08.2021 01:00:07.667,6.479190000000001,6.478800000000001,1.5,1
16.08.2021 01:00:07.717,6.479190000000001,6.47886,1,1
16.08.2021 01:00:07.768,6.47923,6.47896,1.5,1
16.08.2021 01:00:07.869,6.479240000000001,6.47895,1,1
16.08.2021 01:00:07.919,6.47931,6.47896,1,1
16.08.2021 01:00:08.070,6.4793,6.47897,1,1
16.08.2021 01:00:08.121,6.47931,6.4790600000000005,1,1
16.08.2021 01:00:08.222,6.479410000000001,6.47905,1.5,1
16.08.2021 01:00:08.273,6.47945,6.479030000000001,1.5,1
16.08.2021 01:00:08.373,6.47958,6.47909,1.5,1
16.08.2021 01:00:08.424,6.47956,6.47917,1,1.5
16.08.2021 01:00:08.525,6.47963,6.479150000000001,1.5,1
16.08.2021 01:00:08.625,6.479590000000001,6.47912,1,1.5
16.08.2021 01:00:08.726,6.4795300000000005,6.47916,1.5,1
16.08.2021 01:00:08.827,6.4795300000000005,6.47917,1.5,1.5
16.08.2021 01:00:08.878,6.4795300000000005,6.479100000000001,1,1
16.08.2021 01:00:08.928,6.47954,6.47925,1,1
16.08.2021 01:00:09.029,6.479590000000001,6.47925,1,1
16.08.2021 01:00:09.180,6.47958,6.47936,1,1
16.08.2021 01:00:09.281,6.479590000000001,6.47937,1,1.5
16.08.2021 01:00:09.331,6.47965,6.47937,1,1.5
16.08.2021 01:00:09.600,6.47966,6.47951,1,1
16.08.2021 01:00:09.701,6.47975,6.4795300000000005,1.5,1.5
16.08.2021 01:00:09.802,6.47976,6.47946,2,1.5
16.08.2021 01:00:09.853,6.4797400000000005,6.47936,1.5,1.5
16.08.2021 01:00:09.953,6.47971,6.47935,1.5,1
16.08.2021 01:00:10.054,6.47975,6.47945,1.5,1
16.08.2021 01:00:10.105,6.47975,6.47935,1.5,1
16.08.2021 01:00:10.206,6.479690000000001,6.47935,1.5,1
16.08.2021 01:00:10.307,6.479680000000001,6.47936,1.5,1
16.08.2021 01:00:10.358,6.479680000000001,6.479330000000001,1.5,1
16.08.2021 01:00:10.411,6.479680000000001,6.47927,1.5,2.25
16.08.2021 01:00:10.512,6.47967,6.47926,1.5,2.25
16.08.2021 01:00:10.663,6.47963,6.47946,1,1
16.08.2021 01:00:10.713,6.47967,6.47926,1.5,1.5
16.08.2021 01:00:10.764,6.47967,6.47926,2,2.25
16.08.2021 01:00:10.865,6.47966,6.47937,1.5,1
16.08.2021 01:00:10.966,6.47966,6.47927,1.5,1.5
16.08.2021 01:00:11.068,6.479640000000001,6.47927,2,1
16.08.2021 01:00:11.169,6.479640000000001,6.47927,2,1
16.08.2021 01:00:11.270,6.47965,6.47926,2,1
16.08.2021 01:00:11.517,6.479640000000001,6.47937,1.5,1
16.08.2021 01:00:11.618,6.47967,6.47936,1.5,1
16.08.2021 01:00:11.719,6.47966,6.47926,1.5,1
16.08.2021 01:00:11.770,6.47965,6.47927,1.5,1
16.08.2021 01:00:11.871,6.47966,6.47926,1.5,1
16.08.2021 01:00:11.983,6.47966,6.47926,1.5,1
16.08.2021 01:00:12.084,6.47965,6.47927,1.5,1
16.08.2021 01:00:12.274,6.47965,6.47927,1.5,1
16.08.2021 01:00:12.627,6.47966,6.4793,1.5,1
16.08.2021 01:00:12.678,6.47966,6.4793,1.5,1
16.08.2021 01:00:12.729,6.47965,6.47927,1.5,1
16.08.2021 01:00:12.779,6.47966,6.479290000000001,1.5,1
16.08.2021 01:00:12.830,6.47966,6.47926,1.5,1
16.08.2021 01:00:12.982,6.47965,6.47923,1.5,1
16.08.2021 01:00:13.032,6.47966,6.47926,1.5,1
16.08.2021 01:00:13.133,6.47965,6.47935,1.5,1
16.08.2021 01:00:13.184,6.47965,6.47936,1.5,1
16.08.2021 01:00:13.236,6.47966,6.47927,2,1
16.08.2021 01:00:13.287,6.47967,6.47932,2,1
16.08.2021 01:00:13.388,6.47967,6.47926,2,1
16.08.2021 01:00:13.604,6.47966,6.47927,2,1
16.08.2021 01:00:13.655,6.47967,6.47916,2,2.35
16.08.2021 01:00:13.706,6.47966,6.47927,2,1
16.08.2021 01:00:13.756,6.47966,6.47917,2,2.35
16.08.2021 01:00:13.857,6.47966,6.47917,2,2.35
16.08.2021 01:00:13.959,6.47963,6.47917,1.5,1.6
16.08.2021 01:00:14.065,6.479640000000001,6.47926,1.5,1
16.08.2021 01:00:14.431,6.47966,6.479280000000001,1.5,1
16.08.2021 01:00:14.482,6.47966,6.47926,1.5,1
16.08.2021 01:00:14.533,6.47965,6.47927,1.5,1
16.08.2021 01:00:14.635,6.47966,6.479290000000001,1.5,1
16.08.2021 01:00:14.736,6.47967,6.47926,1.5,1
16.08.2021 01:00:15.119,6.47967,6.47935,1.5,1
16.08.2021 01:00:15.169,6.47967,6.47936,1.5,1
16.08.2021 01:00:15.271,6.47966,6.47937,1.5,1
16.08.2021 01:00:15.321,6.4797,6.4794,1.5,1
16.08.2021 01:00:15.422,6.4797,6.47936,1.5,1
16.08.2021 01:00:15.625,6.4797,6.47939,1.5,1
16.08.2021 01:00:15.726,6.47976,6.47936,1.5,1.5
16.08.2021 01:00:15.827,6.47972,6.47937,1.5,1
16.08.2021 01:00:16.587,6.47972,6.47946,1.5,1
16.08.2021 01:00:16.689,6.47977,6.47946,1.5,1
16.08.2021 01:00:16.790,6.479780000000001,6.47947,1.5,1
16.08.2021 01:00:16.841,6.47979,6.47946,1.5,1
16.08.2021 01:00:16.892,6.47979,6.47946,1.5,1
16.08.2021 01:00:16.993,6.47976,6.47946,1.5,1
16.08.2021 01:00:17.176,6.47976,6.47946,1.5,1
16.08.2021 01:00:17.227,6.479730000000001,6.47937,1.5,1.5
16.08.2021 01:00:17.591,6.479730000000001,6.47937,1.5,1.5
16.08.2021 01:00:17.642,6.479730000000001,6.47937,1.5,1.5
16.08.2021 01:00:18.525,6.4797400000000005,6.47945,1.5,1
16.08.2021 01:00:18.575,6.47972,6.47937,2,1.5
16.08.2021 01:00:18.626,6.47972,6.47937,2,1.5
16.08.2021 01:00:18.777,6.479680000000001,6.479330000000001,1.5,1.5
16.08.2021 01:00:18.878,6.479690000000001,6.47926,1.5,1.57
16.08.2021 01:00:19.092,6.479680000000001,6.47927,1.5,1.57
16.08.2021 01:00:19.193,6.479680000000001,6.47927,1.5,1
16.08.2021 01:00:19.403,6.479690000000001,6.47926,1.5,1
16.08.2021 01:00:19.600,6.479690000000001,6.47939,1.5,1
16.08.2021 01:00:19.751,6.47971,6.47936,1.5,1
16.08.2021 01:00:19.801,6.4797,6.479330000000001,1.5,1.5
16.08.2021 01:00:19.902,6.47967,6.47926,2,1
16.08.2021 01:00:19.952,6.47966,6.479410000000001,2,1
16.08.2021 01:00:20.003,6.47966,6.47927,2,1.5
16.08.2021 01:00:20.104,6.47966,6.47927,1.5,1.5
16.08.2021 01:00:20.256,6.47961,6.47926,1.5,1
16.08.2021 01:00:20.307,6.47962,6.47922,1.5,1
16.08.2021 01:00:20.408,6.47961,6.47917,1.5,2.25
16.08.2021 01:00:20.458,6.47961,6.479380000000001,1.5,1
16.08.2021 01:00:20.559,6.47962,6.47926,1.5,1.5
16.08.2021 01:00:20.894,6.47962,6.47922,1.5,1
16.08.2021 01:00:20.945,6.47961,6.47923,1.5,1
16.08.2021 01:00:20.995,6.47961,6.47917,1.5,1.5
16.08.2021 01:00:21.046,6.47961,6.47927,1.5,1.5
16.08.2021 01:00:21.197,6.47961,6.47917,1.5,1.5
16.08.2021 01:00:21.298,6.47962,6.4793,1.5,1
16.08.2021 01:00:21.348,6.47962,6.47925,1.5,1
16.08.2021 01:00:21.399,6.47962,6.47925,1.5,1
16.08.2021 01:00:21.550,6.47962,6.47925,1.5,1
16.08.2021 01:00:21.701,6.47961,6.47923,1.5,1
16.08.2021 01:00:21.802,6.47956,6.47917,1.5,1
16.08.2021 01:00:21.953,6.47951,6.47912,1.5,1
16.08.2021 01:00:22.003,6.47951,6.479030000000001,1.5,1.3
