Gmt time,Ask,Bid,AskVolume,BidVolume
12.08.2021 00:00:00.015,6.4779100000000005,6.47733,1,1.1
12.08.2021 00:00:00.116,6.47795,6.47733,1,1.1
12.08.2021 00:00:00.385,6.47796,6.477340000000001,1,1.1
12.08.2021 00:00:00.436,6.4779100000000005,6.47733,1,1.1
12.08.2021 00:00:00.530,6.47792,6.477340000000001,1,1.1
12.08.2021 00:00:00.720,6.47796,6.47733,1,1.1
12.08.2021 00:00:00.771,6.4779800000000005,6.47733,1,1.1
12.08.2021 00:00:01.232,6.47792,6.477340000000001,1,1.1
12.08.2021 00:00:01.686,6.47789,6.47733,1,1.1
12.08.2021 00:00:01.993,6.47789,6.47736,1,1
12.08.2021 00:00:02.043,6.47795,6.47736,1,1
12.08.2021 00:00:02.474,6.47794,6.477340000000001,1,1.1
12.08.2021 00:00:03.093,6.47795,6.47735,1,1
12.08.2021 00:00:03.143,6.47796,6.47737,1,1
12.08.2021 00:00:03.422,6.47801,6.47736,1,1.1
12.08.2021 00:00:03.473,6.478090000000001,6.477430000000001,1,1
12.08.2021 00:00:03.574,6.47808,6.47747,1,1
12.08.2021 00:00:03.682,6.47803,6.47747,1,1
12.08.2021 00:00:03.794,6.47807,6.47746,1,1
12.08.2021 00:00:03.978,6.47808,6.47737,1,1.25
12.08.2021 00:00:04.029,6.47797,6.477380000000001,1,1
12.08.2021 00:00:04.505,6.47797,6.47737,1,1.1
12.08.2021 00:00:04.972,6.47796,6.47736,1,1.1
12.08.2021 00:00:05.827,6.4779800000000005,6.47736,1,1.1
12.08.2021 00:00:05.877,6.477930000000001,6.47736,1,1.1
12.08.2021 00:00:06.227,6.47796,6.47736,1,1.1
12.08.2021 00:00:06.370,6.47796,6.47737,1,1
12.08.2021 00:00:06.491,6.47796,6.477480000000001,1,1
12.08.2021 00:00:06.686,6.478000000000001,6.477480000000001,1,1
12.08.2021 00:00:06.804,6.47799,6.477480000000001,1,1
12.08.2021 00:00:06.855,6.47799,6.477380000000001,1,1
12.08.2021 00:00:07.059,6.478000000000001,6.47736,1,1.1
12.08.2021 00:00:07.213,6.478000000000001,6.4774,1,1
12.08.2021 00:00:07.315,6.478000000000001,6.47742,1,1
12.08.2021 00:00:07.442,6.478000000000001,6.47747,1,1
12.08.2021 00:00:07.704,6.47799,6.477430000000001,1,1
12.08.2021 00:00:08.161,6.47803,6.477430000000001,1,1
12.08.2021 00:00:08.242,6.47804,6.47746,1,1
12.08.2021 00:00:08.343,6.47804,6.477480000000001,1,1
12.08.2021 00:00:08.842,6.47803,6.4775100000000005,1,1
12.08.2021 00:00:08.977,6.47807,6.4775100000000005,1.5,1
12.08.2021 00:00:09.179,6.47807,6.47747,1.5,1.25
12.08.2021 00:00:11.167,6.47808,6.4774400000000005,1.5,1
12.08.2021 00:00:12.148,6.47806,6.4774400000000005,1,1
12.08.2021 00:00:12.198,6.4780500000000005,6.47741,1,1
12.08.2021 00:00:12.413,6.47801,6.4774,1,1
12.08.2021 00:00:12.676,6.47802,6.4774,1,1
12.08.2021 00:00:13.029,6.4780500000000005,6.47741,1,1
12.08.2021 00:00:13.703,6.478000000000001,6.47741,1,1
12.08.2021 00:00:13.889,6.47801,6.47741,1,1
12.08.2021 00:00:13.939,6.47806,6.4774,1,1
12.08.2021 00:00:14.890,6.478000000000001,6.47741,1,1
12.08.2021 00:00:15.522,6.47794,6.4774400000000005,1,1
12.08.2021 00:00:15.878,6.47795,6.47741,1,1.05
12.08.2021 00:00:15.979,6.478000000000001,6.47733,1,1.05
12.08.2021 00:00:16.080,6.4779800000000005,6.4773000000000005,1,1.05
12.08.2021 00:00:16.463,6.47797,6.47731,1,1.05
12.08.2021 00:00:16.578,6.47803,6.47722,1,1.55
12.08.2021 00:00:17.036,6.47794,6.47741,1,1
12.08.2021 00:00:17.087,6.47806,6.47741,1,1
12.08.2021 00:00:17.414,6.47804,6.47741,1,1
12.08.2021 00:00:17.610,6.47806,6.4774,1,1
12.08.2021 00:00:17.854,6.47806,6.47747,1,1
12.08.2021 00:00:17.955,6.47806,6.477480000000001,1,1.5
12.08.2021 00:00:18.056,6.47807,6.4774400000000005,1,1
12.08.2021 00:00:18.157,6.47807,6.4774,1,1.5
12.08.2021 00:00:18.258,6.47807,6.47741,1.5,1
12.08.2021 00:00:19.076,6.47807,6.4774,1,1.1
12.08.2021 00:00:19.177,6.47807,6.4774,1.05,1.1
12.08.2021 00:00:19.656,6.47808,6.477390000000001,1,1.1
12.08.2021 00:00:21.730,6.47803,6.477390000000001,1,1.57
12.08.2021 00:00:24.143,6.47802,6.4774400000000005,1,1
12.08.2021 00:00:24.344,6.47802,6.47746,1,1
12.08.2021 00:00:24.635,6.47802,6.47746,1,1.05
12.08.2021 00:00:24.833,6.47802,6.47754,1,1
12.08.2021 00:00:26.407,6.47803,6.47745,1,1.05
12.08.2021 00:00:26.518,6.47803,6.47745,1,1
12.08.2021 00:00:26.569,6.47803,6.477390000000001,1,1.05
12.08.2021 00:00:26.914,6.47802,6.477430000000001,1,1
12.08.2021 00:00:27.712,6.47802,6.4774400000000005,1,1
12.08.2021 00:00:31.527,6.4781,6.477430000000001,1,1
12.08.2021 00:00:31.577,6.47801,6.477430000000001,1,1
12.08.2021 00:00:32.263,6.47801,6.477390000000001,1,1.05
12.08.2021 00:00:32.414,6.47799,6.477390000000001,1,1.05
12.08.2021 00:00:32.465,6.4779800000000005,6.4774,1,1.57
12.08.2021 00:00:33.354,6.478000000000001,6.477390000000001,1,1.1
12.08.2021 00:00:33.806,6.477930000000001,6.4774,1,1.1
12.08.2021 00:00:33.857,6.47802,6.477390000000001,1,1.1
12.08.2021 00:00:34.043,6.47807,6.4774,1,1.1
12.08.2021 00:00:34.094,6.4779800000000005,6.477390000000001,1,1.1
12.08.2021 00:00:34.829,6.47802,6.477390000000001,1,1.1
12.08.2021 00:00:35.045,6.47803,6.477390000000001,1,1.1
12.08.2021 00:00:35.095,6.47797,6.477390000000001,1,1.1
12.08.2021 00:00:35.358,6.47801,6.477390000000001,1,1.1
12.08.2021 00:00:35.571,6.47799,6.477390000000001,1,1.1
12.08.2021 00:00:37.972,6.47806,6.477390000000001,1,1.1
12.08.2021 00:00:40.811,6.478000000000001,6.4774,1,1.1
12.08.2021 00:00:43.765,6.47797,6.4774,1,1.1
12.08.2021 00:00:44.369,6.47799,6.477390000000001,1,1.1
12.08.2021 00:00:46.222,6.4779800000000005,6.477390000000001,1,1.1
12.08.2021 00:00:48.142,6.47801,6.4774,1,1.1
12.08.2021 00:00:49.355,6.47795,6.477390000000001,1,1.1
12.08.2021 00:00:50.419,6.47803,6.477390000000001,1,1.1
12.08.2021 00:00:50.734,6.47796,6.477390000000001,1,1.1
12.08.2021 00:00:52.202,6.47797,6.4774,1,1.1
12.08.2021 00:00:52.442,6.4779800000000005,6.4774,1,1.1
12.08.2021 00:00:52.493,6.47792,6.4774,1,1.1
12.08.2021 00:00:52.682,6.477930000000001,6.4774,1,1.1
12.08.2021 00:00:52.733,6.47799,6.477390000000001,1,1.1
12.08.2021 00:00:59.885,6.477930000000001,6.477390000000001,1,1.1
12.08.2021 00:00:59.935,6.47801,6.477390000000001,1,1.1
12.08.2021 00:01:00.146,6.47796,6.477390000000001,1,1.1
12.08.2021 00:01:00.909,6.47796,6.47741,1,1.1
12.08.2021 00:01:10.131,6.47795,6.47741,1,1.1
12.08.2021 00:01:15.758,6.47796,6.47741,1,1.1
12.08.2021 00:01:21.542,6.4779,6.47742,1,1.1
12.08.2021 00:01:51.315,6.4779,6.47727,1,1.05
12.08.2021 00:01:52.160,6.47786,6.47722,1,1.55
12.08.2021 00:01:52.401,6.47787,6.47724,1,1.05
12.08.2021 00:01:57.157,6.4779,6.47724,1,1.05
12.08.2021 00:01:59.087,6.47794,6.4772300000000005,1,1.05
12.08.2021 00:01:59.137,6.4778400000000005,6.47724,1,1.05
12.08.2021 00:02:02.715,6.4778400000000005,6.47724,1,1.05
12.08.2021 00:02:03.151,6.4778400000000005,6.4773000000000005,1,1
12.08.2021 00:02:05.698,6.477880000000001,6.4773000000000005,1,1.25
12.08.2021 00:02:05.748,6.47786,6.4773000000000005,1,1.25
12.08.2021 00:02:05.961,6.477790000000001,6.4772300000000005,1,1
12.08.2021 00:02:06.219,6.4778,6.47714,1,1.55
12.08.2021 00:02:06.449,6.47777,6.47714,1,1.55
12.08.2021 00:02:06.500,6.47776,6.477200000000001,1,1.1
12.08.2021 00:02:06.926,6.477780000000001,6.47719,1,1.1
12.08.2021 00:02:07.027,6.477780000000001,6.47719,1,1.6
12.08.2021 00:02:08.024,6.47772,6.4772300000000005,1,1.6
12.08.2021 00:02:08.235,6.47771,6.4772300000000005,1,1.6
12.08.2021 00:02:08.336,6.47772,6.47722,1,1.1
12.08.2021 00:02:12.207,6.47771,6.47715,1,1.05
12.08.2021 00:02:12.590,6.47771,6.4772300000000005,1,1.1
12.08.2021 00:02:12.846,6.477740000000001,6.47722,1,1.1
12.08.2021 00:02:17.270,6.477780000000001,6.47722,1,1.1
12.08.2021 00:02:18.379,6.47773,6.47722,1,1.1
12.08.2021 00:02:18.702,6.477740000000001,6.4772300000000005,1,1.1
12.08.2021 00:02:25.622,6.47775,6.4772300000000005,1,1.1
12.08.2021 00:02:25.673,6.4777000000000005,6.4772300000000005,1,1.1
12.08.2021 00:02:28.892,6.47775,6.47722,1,1.1
12.08.2021 00:02:29.788,6.47782,6.47722,1.05,1.1
12.08.2021 00:02:29.838,6.47772,6.47722,1,1.1
12.08.2021 00:02:30.008,6.47777,6.47722,1,1.1
12.08.2021 00:02:31.769,6.47773,6.4772300000000005,1,1.1
12.08.2021 00:02:32.375,6.47781,6.4772300000000005,1.05,1.1
12.08.2021 00:02:32.426,6.47771,6.4772300000000005,1,1.1
12.08.2021 00:02:32.596,6.47775,6.4772300000000005,1,1.1
12.08.2021 00:02:32.960,6.47781,6.4772300000000005,1.05,1.1
12.08.2021 00:02:33.013,6.47771,6.4772300000000005,1,1.1
12.08.2021 00:02:33.181,6.477740000000001,6.47722,1,1.1
12.08.2021 00:02:35.286,6.47776,6.47722,1,1.1
12.08.2021 00:02:35.630,6.47781,6.4772300000000005,1.05,1.1
12.08.2021 00:02:35.680,6.47772,6.47722,1,1.1
12.08.2021 00:02:35.850,6.47776,6.47722,1,1.1
12.08.2021 00:02:36.205,6.47782,6.47722,1.05,1.1
12.08.2021 00:02:36.256,6.47771,6.4772300000000005,1,1.1
12.08.2021 00:02:36.426,6.477740000000001,6.47722,1,1.1
12.08.2021 00:02:36.781,6.47781,6.4772300000000005,1.05,1.1
12.08.2021 00:02:36.832,6.47771,6.4772300000000005,1,1.1
12.08.2021 00:02:37.001,6.477740000000001,6.47722,1,1.1
12.08.2021 00:02:37.473,6.47781,6.4772300000000005,1.05,1.1
12.08.2021 00:02:37.523,6.47772,6.47722,1,1.1
12.08.2021 00:02:37.694,6.477740000000001,6.47722,1,1.1
12.08.2021 00:02:38.098,6.47771,6.4772300000000005,1,1.1
12.08.2021 00:02:38.296,6.477740000000001,6.47722,1,1.1
12.08.2021 00:02:38.634,6.47782,6.47722,1.05,1.1
12.08.2021 00:02:38.685,6.47772,6.47722,1,1.1
12.08.2021 00:02:38.812,6.477790000000001,6.4772300000000005,1.05,1.1
12.08.2021 00:02:38.863,6.47785,6.47728,1.05,1
12.08.2021 00:02:38.965,6.47786,6.4773000000000005,1.05,1
12.08.2021 00:02:39.066,6.4779100000000005,6.47735,1.05,1
12.08.2021 00:02:39.167,6.4779100000000005,6.47735,1.05,1
12.08.2021 00:02:39.218,6.47795,6.477380000000001,2.3,1
12.08.2021 00:02:39.319,6.47796,6.477380000000001,1.55,1.25
12.08.2021 00:02:39.483,6.47796,6.47737,1.55,1.25
12.08.2021 00:02:39.584,6.47795,6.47736,1.55,1
12.08.2021 00:02:39.901,6.47795,6.47736,1.55,1
12.08.2021 00:02:41.199,6.47795,6.477390000000001,1.55,1
12.08.2021 00:02:41.746,6.47795,6.477390000000001,1.55,1
12.08.2021 00:02:44.877,6.47796,6.47735,1.55,1
12.08.2021 00:02:47.214,6.47796,6.47735,1.55,1
12.08.2021 00:02:50.504,6.47795,6.47741,1.55,1
12.08.2021 00:02:54.617,6.47796,6.4774,1.05,1
12.08.2021 00:02:55.251,6.47795,6.47741,1.05,1
12.08.2021 00:02:57.103,6.47796,6.4774,1.05,1
12.08.2021 00:02:57.747,6.47792,6.4774,1.55,1
12.08.2021 00:02:57.848,6.47787,6.47735,1.05,1
12.08.2021 00:03:00.040,6.47786,6.47736,1.05,1
12.08.2021 00:03:00.351,6.47786,6.47736,1,1
12.08.2021 00:03:00.401,6.477830000000001,6.47736,1,1
12.08.2021 00:03:05.873,6.4778400000000005,6.4773000000000005,1,1
12.08.2021 00:03:05.924,6.47777,6.47731,1,1
12.08.2021 00:03:05.975,6.477780000000001,6.47728,1,1.2
12.08.2021 00:03:07.439,6.47781,6.477290000000001,1,1.1
12.08.2021 00:03:07.735,6.4778,6.477290000000001,1,1.1
12.08.2021 00:03:08.657,6.47781,6.4773000000000005,1,1.1
12.08.2021 00:03:09.680,6.4778,6.47733,1,1
12.08.2021 00:03:09.731,6.47785,6.47732,1,1
12.08.2021 00:03:09.831,6.47785,6.47735,1,1
12.08.2021 00:03:10.777,6.4778400000000005,6.47737,1,1.1
12.08.2021 00:03:23.076,6.47786,6.47737,1,1.1
12.08.2021 00:03:23.448,6.47781,6.47737,1,1.1
12.08.2021 00:03:24.059,6.47787,6.47736,1,1.1
12.08.2021 00:03:27.839,6.47781,6.47737,1,1.1
12.08.2021 00:03:28.149,6.47786,6.47737,1,1.1
12.08.2021 00:03:28.640,6.47792,6.47736,1.5,1.1
12.08.2021 00:03:28.691,6.47785,6.47736,1,1.1
12.08.2021 00:03:43.696,6.47787,6.47736,1,1.1
12.08.2021 00:03:43.978,6.4778400000000005,6.47737,1,1.1
12.08.2021 00:03:44.028,6.4779,6.47737,1.5,1.1
12.08.2021 00:03:44.287,6.4779100000000005,6.47736,1.12,1.1
12.08.2021 00:03:45.984,6.477880000000001,6.47736,1,1.1
12.08.2021 00:03:46.483,6.47785,6.47736,1,1.1
12.08.2021 00:03:53.821,6.47787,6.47736,1,1.1
12.08.2021 00:03:54.321,6.47786,6.47736,1,1.1
12.08.2021 00:03:56.236,6.4778400000000005,6.47737,1,1.1
12.08.2021 00:03:57.717,6.477880000000001,6.47737,1.1,1.1
12.08.2021 00:04:02.287,6.477880000000001,6.477390000000001,1.1,1
12.08.2021 00:04:05.756,6.47789,6.47736,1.1,1.1
12.08.2021 00:04:05.956,6.477880000000001,6.477390000000001,1,1
12.08.2021 00:04:19.963,6.47786,6.477380000000001,1,1.1
12.08.2021 00:04:25.843,6.47787,6.477380000000001,1,1
12.08.2021 00:04:37.136,6.47782,6.477390000000001,1,1
12.08.2021 00:04:37.280,6.477830000000001,6.477390000000001,1,1
12.08.2021 00:04:48.505,6.477830000000001,6.477340000000001,1,1.2
12.08.2021 00:04:48.555,6.47776,6.47733,1,1.1
12.08.2021 00:04:48.656,6.47772,6.477340000000001,1,1.1
12.08.2021 00:04:48.857,6.47776,6.477340000000001,1,1.1
12.08.2021 00:04:49.335,6.47777,6.47735,1,1.1
12.08.2021 00:04:49.453,6.47781,6.47735,1,1.1
12.08.2021 00:04:49.604,6.4778400000000005,6.47735,1,1.2
12.08.2021 00:05:09.579,6.4778,6.47735,1,1.1
12.08.2021 00:05:16.260,6.477790000000001,6.47735,1,1.1
12.08.2021 00:05:16.361,6.47775,6.47735,1,1.1
12.08.2021 00:05:16.471,6.47772,6.47736,1,1.1
12.08.2021 00:05:17.483,6.47772,6.477390000000001,1,1.1
12.08.2021 00:05:20.645,6.477600000000001,6.47721,1,1.7
12.08.2021 00:05:20.696,6.477600000000001,6.47721,1,1.1
12.08.2021 00:05:20.747,6.47757,6.47721,1,1.1
12.08.2021 00:05:22.995,6.47772,6.4772300000000005,1.5,1
12.08.2021 00:05:23.046,6.47763,6.4772300000000005,1,1
12.08.2021 00:05:25.164,6.47764,6.4772300000000005,1,1
12.08.2021 00:05:25.917,6.47763,6.4772300000000005,1,1
12.08.2021 00:05:25.968,6.47776,6.4772300000000005,1.5,1.6
12.08.2021 00:05:26.019,6.47776,6.47733,1,1
12.08.2021 00:05:26.483,6.47775,6.47736,1,1.1
12.08.2021 00:05:27.358,6.47775,6.4774,1,1.1
12.08.2021 00:05:27.459,6.47777,6.477390000000001,1,1.1
12.08.2021 00:05:29.116,6.4778400000000005,6.477390000000001,1,1.1
12.08.2021 00:05:39.865,6.4778400000000005,6.477390000000001,1.05,1.57
12.08.2021 00:05:40.377,6.477830000000001,6.4774,1.05,1.1
12.08.2021 00:05:42.534,6.47782,6.47742,1.05,1.1
12.08.2021 00:05:49.076,6.47781,6.47742,1,1.1
12.08.2021 00:05:49.469,6.4778,6.477430000000001,1.05,1.1
12.08.2021 00:06:12.669,6.4778,6.47733,1.15,1.1
12.08.2021 00:06:16.373,6.4778,6.47733,1.15,1.1
12.08.2021 00:06:36.684,6.47776,6.47733,1,1.1
12.08.2021 00:06:43.014,6.47776,6.4773000000000005,1,1
12.08.2021 00:06:46.863,6.47777,6.477290000000001,1,1.1
12.08.2021 00:06:53.783,6.47777,6.47727,1,1.15
12.08.2021 00:06:54.805,6.47776,6.47728,1,1.15
12.08.2021 00:06:59.472,6.477780000000001,6.47733,1,1
12.08.2021 00:07:00.292,6.477780000000001,6.4773000000000005,1,1.1
12.08.2021 00:07:02.649,6.477780000000001,6.47727,1,1.15
12.08.2021 00:07:05.298,6.477790000000001,6.47727,1,1.15
12.08.2021 00:07:08.665,6.477740000000001,6.47728,1,1.1
12.08.2021 00:07:08.766,6.47775,6.477250000000001,1,1.1
12.08.2021 00:07:08.817,6.4777000000000005,6.47722,1,1.15
12.08.2021 00:07:08.918,6.47766,6.47719,1,1.6
12.08.2021 00:07:08.969,6.47767,6.477180000000001,1,1.6
12.08.2021 00:07:09.070,6.47759,6.4771600000000005,1,1.6
12.08.2021 00:07:09.172,6.47749,6.47707,1,1.6
12.08.2021 00:07:09.273,6.47747,6.47702,1,1
12.08.2021 00:07:09.324,6.47712,6.477,1,1
12.08.2021 00:07:09.374,6.47698,6.476540000000001,1,1
12.08.2021 00:07:09.425,6.47695,6.476540000000001,1,1.5
12.08.2021 00:07:09.526,6.47665,6.47642,1,0.75
12.08.2021 00:07:09.577,6.47647,6.47583,1,1
12.08.2021 00:07:09.627,6.47651,6.47583,1.5,1
12.08.2021 00:07:09.739,6.47651,6.475840000000001,1,1
12.08.2021 00:07:10.587,6.47656,6.475840000000001,1.5,1
12.08.2021 00:07:10.688,6.47652,6.475840000000001,1.5,1
12.08.2021 00:07:10.809,6.4764800000000005,6.47583,1,1
12.08.2021 00:07:10.860,6.47653,6.475840000000001,1.12,1
12.08.2021 00:07:10.978,6.47653,6.475840000000001,1.5,1
12.08.2021 00:07:11.028,6.4764800000000005,6.47583,1,1
12.08.2021 00:07:11.078,6.47653,6.475840000000001,1.5,1
12.08.2021 00:07:11.186,6.476540000000001,6.47583,1.5,1
12.08.2021 00:07:11.287,6.47653,6.475840000000001,1.12,1
12.08.2021 00:07:11.462,6.476540000000001,6.47583,1.5,1
12.08.2021 00:07:11.525,6.476500000000001,6.47583,1,1
12.08.2021 00:07:11.727,6.47651,6.47583,1,1
12.08.2021 00:07:13.926,6.47651,6.47583,1.5,1
12.08.2021 00:07:17.598,6.47651,6.47583,1.5,1
12.08.2021 00:07:21.658,6.47656,6.47583,1.12,1
12.08.2021 00:07:21.883,6.47656,6.47583,1.5,1
12.08.2021 00:07:21.984,6.47656,6.47583,1.12,1
12.08.2021 00:07:22.574,6.47656,6.47583,1.5,1
12.08.2021 00:07:22.698,6.4765500000000005,6.47583,1,1
12.08.2021 00:07:29.952,6.4765500000000005,6.47583,1,1
12.08.2021 00:07:34.258,6.4765500000000005,6.47595,1,1
12.08.2021 00:07:34.359,6.476990000000001,6.47652,1,1
12.08.2021 00:07:34.460,6.477040000000001,6.476330000000001,1,1
12.08.2021 00:07:34.510,6.47697,6.476330000000001,1,1
12.08.2021 00:07:34.561,6.47715,6.47634,1,1
12.08.2021 00:07:34.612,6.47715,6.4764,1.1,1
12.08.2021 00:07:34.662,6.4771600000000005,6.47639,1,1
12.08.2021 00:07:34.816,6.477130000000001,6.47639,1,1
12.08.2021 00:07:34.867,6.477200000000001,6.47646,1.05,1
12.08.2021 00:07:34.918,6.47721,6.4764800000000005,1.05,1
12.08.2021 00:07:35.425,6.477200000000001,6.47649,1.05,1
12.08.2021 00:07:39.655,6.47722,6.47649,1,1
12.08.2021 00:07:39.706,6.477200000000001,6.4764800000000005,1,1
12.08.2021 00:07:39.820,6.47724,6.4764800000000005,1,1
12.08.2021 00:07:40.652,6.477250000000001,6.47649,1,1
12.08.2021 00:07:40.702,6.47724,6.47649,1,1.1
12.08.2021 00:07:40.803,6.477340000000001,6.47662,1,1
12.08.2021 00:07:40.904,6.47737,6.47671,1,1
12.08.2021 00:07:40.955,6.477390000000001,6.47672,1,1
12.08.2021 00:07:48.632,6.47736,6.47672,1,1
12.08.2021 00:07:49.919,6.47747,6.47671,1,1
12.08.2021 00:07:50.172,6.4775100000000005,6.47672,1,1
12.08.2021 00:07:51.174,6.47745,6.47671,1,1
12.08.2021 00:07:51.225,6.47745,6.476590000000001,1,1.1
12.08.2021 00:07:51.284,6.47745,6.476590000000001,1,1
12.08.2021 00:07:51.617,6.4774400000000005,6.476590000000001,1,1.12
12.08.2021 00:07:52.240,6.4774,6.476590000000001,1,1.12
12.08.2021 00:07:52.291,6.47745,6.476590000000001,1,1
12.08.2021 00:07:52.741,6.477430000000001,6.47658,1,1
12.08.2021 00:07:57.269,6.477380000000001,6.476590000000001,1,1
12.08.2021 00:08:09.128,6.477390000000001,6.47658,1,1.05
12.08.2021 00:08:09.470,6.477380000000001,6.47661,1,1
12.08.2021 00:08:12.573,6.477390000000001,6.47661,1,1
12.08.2021 00:08:12.674,6.477430000000001,6.476680000000001,1,1
12.08.2021 00:08:16.731,6.477430000000001,6.4766900000000005,1,1
12.08.2021 00:08:44.272,6.477430000000001,6.47671,1,1
12.08.2021 00:08:52.734,6.4774400000000005,6.476680000000001,1,1
12.08.2021 00:08:52.835,6.4774400000000005,6.4766900000000005,1,1
12.08.2021 00:08:53.218,6.47745,6.476680000000001,1,1.1
12.08.2021 00:08:53.718,6.4774400000000005,6.4766900000000005,1,1
12.08.2021 00:08:55.771,6.4774400000000005,6.47671,1,1
12.08.2021 00:08:59.936,6.47745,6.4767,1,1.1
12.08.2021 00:09:01.765,6.47745,6.476680000000001,1,1.15
12.08.2021 00:09:07.880,6.4774400000000005,6.4766900000000005,1,1.15
12.08.2021 00:09:13.026,6.4774400000000005,6.476630000000001,1.1,1.65
12.08.2021 00:09:13.816,6.477390000000001,6.47662,1,1.65
12.08.2021 00:09:15.474,6.477390000000001,6.47679,1,1
12.08.2021 00:09:23.245,6.477390000000001,6.47679,1,1.1
12.08.2021 00:09:24.888,6.477390000000001,6.47679,1,1
12.08.2021 00:09:30.717,6.477340000000001,6.476780000000001,1,1
12.08.2021 00:09:30.767,6.47733,6.4767,1,1.65
12.08.2021 00:09:31.717,6.47733,6.47666,1,1.65
12.08.2021 00:09:38.955,6.47726,6.4767,1,1.6
12.08.2021 00:09:39.056,6.477110000000001,6.47662,1,1.1
12.08.2021 00:09:39.107,6.4771600000000005,6.47662,1,1.1
12.08.2021 00:09:39.529,6.47715,6.47662,1,1.1
12.08.2021 00:09:39.579,6.47712,6.47661,1,1.1
12.08.2021 00:09:40.361,6.47714,6.47662,1,1.1
12.08.2021 00:09:40.411,6.47715,6.47661,1,1.6
12.08.2021 00:09:43.011,6.47714,6.47661,1,1.6
12.08.2021 00:09:45.826,6.477200000000001,6.47661,1,1.6
12.08.2021 00:09:45.877,6.477250000000001,6.47666,1,1.6
12.08.2021 00:09:46.070,6.47724,6.47667,1,1.6
12.08.2021 00:09:46.181,6.47727,6.47665,1,2.1
12.08.2021 00:09:46.453,6.477250000000001,6.47665,1,1.6
12.08.2021 00:09:47.556,6.47721,6.47666,1,1.6
12.08.2021 00:10:11.135,6.47721,6.47666,1,1.5
12.08.2021 00:10:18.294,6.47722,6.47665,1,1.5
12.08.2021 00:10:20.308,6.47721,6.47666,1,1.5
12.08.2021 00:10:27.157,6.47724,6.476680000000001,1.1,1.5
12.08.2021 00:10:28.011,6.47728,6.4766900000000005,1,1.5
12.08.2021 00:10:28.198,6.47728,6.4766900000000005,1,1.5
12.08.2021 00:10:31.060,6.47728,6.47681,1,1
12.08.2021 00:10:35.708,6.47728,6.47674,1,1.5
12.08.2021 00:10:36.225,6.47727,6.47674,1,1.5
12.08.2021 00:10:37.229,6.47727,6.47674,1,1.5
12.08.2021 00:10:46.330,6.47731,6.47662,1,1.65
12.08.2021 00:10:46.381,6.477340000000001,6.476640000000001,1,1.65
12.08.2021 00:10:46.813,6.4773000000000005,6.476680000000001,1,1.65
12.08.2021 00:10:47.220,6.477290000000001,6.4766900000000005,1,1.65
12.08.2021 00:10:51.776,6.477290000000001,6.476630000000001,1,1.6
12.08.2021 00:10:52.011,6.477340000000001,6.47662,1.05,1.6
12.08.2021 00:10:55.408,6.477340000000001,6.47662,1.05,1
12.08.2021 00:11:00.176,6.477290000000001,6.47662,1,1.12
12.08.2021 00:11:00.378,6.477290000000001,6.47662,1,1.05
12.08.2021 00:11:05.922,6.477290000000001,6.47662,1.5,1
12.08.2021 00:11:07.045,6.47721,6.47662,1,1
12.08.2021 00:11:07.146,6.47701,6.476630000000001,1,1
12.08.2021 00:11:07.197,6.47701,6.47657,1,1
12.08.2021 00:11:07.382,6.476990000000001,6.476540000000001,1,1
12.08.2021 00:11:07.561,6.477030000000001,6.476540000000001,1,1
12.08.2021 00:11:09.041,6.477030000000001,6.47646,1,1.6
12.08.2021 00:11:09.155,6.477040000000001,6.476450000000001,1,1.6
12.08.2021 00:11:09.206,6.477,6.47646,1,1.6
12.08.2021 00:11:09.481,6.47701,6.4764100000000004,1,1.6
12.08.2021 00:11:09.588,6.47702,6.4764,1,1.6
12.08.2021 00:11:14.241,6.476940000000001,6.476450000000001,1,1.1
12.08.2021 00:11:16.147,6.476940000000001,6.47626,1,1.65
12.08.2021 00:11:16.208,6.47697,6.47626,1,1.65
12.08.2021 00:11:16.309,6.476940000000001,6.476380000000001,1,1.6
12.08.2021 00:11:23.568,6.47693,6.476430000000001,1,1
12.08.2021 00:11:25.088,6.47693,6.47639,1,1.6
12.08.2021 00:11:25.431,6.47698,6.476380000000001,1,2.14
12.08.2021 00:11:26.200,6.47698,6.476380000000001,1,2.14
12.08.2021 00:11:26.449,6.47697,6.47639,1,2.14
12.08.2021 00:11:30.470,6.477,6.47644,1,1.5
12.08.2021 00:11:34.625,6.477110000000001,6.47657,1.1,1
12.08.2021 00:11:34.676,6.477180000000001,6.47653,1.5,1
12.08.2021 00:11:34.726,6.477180000000001,6.47657,1,1
12.08.2021 00:11:34.828,6.477290000000001,6.47671,1,1.1
12.08.2021 00:11:35.030,6.47728,6.476730000000001,1,1.1
12.08.2021 00:11:35.818,6.47732,6.476640000000001,1,1.15
12.08.2021 00:11:35.919,6.47732,6.47666,1,1.15
12.08.2021 00:11:36.191,6.47731,6.47667,1,1.65
12.08.2021 00:11:37.195,6.47732,6.47666,1,1.65
12.08.2021 00:11:37.544,6.47726,6.4767,1,1.6
12.08.2021 00:11:38.034,6.477250000000001,6.47677,1,1
12.08.2021 00:11:38.877,6.47726,6.47675,1,1
12.08.2021 00:11:41.073,6.47726,6.4767,1,1.6
12.08.2021 00:11:41.942,6.47722,6.47671,1,1.6
12.08.2021 00:11:42.043,6.47714,6.47665,1,1.6
12.08.2021 00:11:42.466,6.477130000000001,6.47666,1,1.6
12.08.2021 00:11:43.467,6.47714,6.47666,1,1.6
12.08.2021 00:11:47.397,6.477130000000001,6.47692,1,1
12.08.2021 00:11:47.560,6.47717,6.47691,1,1
12.08.2021 00:11:47.903,6.477180000000001,6.47691,1,1
12.08.2021 00:11:49.305,6.47717,6.47695,1,1
12.08.2021 00:11:49.449,6.47722,6.476940000000001,1,1
12.08.2021 00:11:50.092,6.477250000000001,6.47695,1,1
12.08.2021 00:11:50.143,6.47727,6.47695,1,1
12.08.2021 00:11:50.244,6.47745,6.476940000000001,1.1,1
12.08.2021 00:11:50.717,6.47735,6.476940000000001,1,1
12.08.2021 00:11:51.132,6.477380000000001,6.476940000000001,1,1
12.08.2021 00:11:51.233,6.477390000000001,6.47707,1.1,1
12.08.2021 00:11:51.334,6.47737,6.47707,1,1
12.08.2021 00:11:51.874,6.477390000000001,6.47707,1.15,1
12.08.2021 00:11:53.256,6.477380000000001,6.4770900000000005,1.15,1
12.08.2021 00:11:53.835,6.477390000000001,6.4767,1.15,1.1
12.08.2021 00:11:54.243,6.477380000000001,6.47671,1.15,1
12.08.2021 00:11:55.627,6.47737,6.47667,1.05,1.65
12.08.2021 00:11:55.729,6.4773000000000005,6.47672,1,1
12.08.2021 00:11:55.903,6.47727,6.47671,1.5,1
12.08.2021 00:11:56.419,6.47727,6.47705,1.5,1
12.08.2021 00:11:56.717,6.477200000000001,6.477040000000001,1,1
12.08.2021 00:11:57.423,6.47721,6.47702,1,1
12.08.2021 00:11:57.744,6.477200000000001,6.47696,1,1
12.08.2021 00:11:58.716,6.4772300000000005,6.47696,1,1
12.08.2021 00:11:58.767,6.47728,6.47695,1,1
12.08.2021 00:12:00.144,6.47727,6.47675,1,1
12.08.2021 00:12:02.875,6.47727,6.47675,1.05,1
12.08.2021 00:12:03.557,6.47728,6.4768300000000005,1,1
12.08.2021 00:12:03.607,6.47728,6.47679,1,1
12.08.2021 00:12:13.396,6.47727,6.4768,1.05,1
12.08.2021 00:12:17.585,6.47728,6.47679,1,1
12.08.2021 00:12:18.607,6.47728,6.47684,1,1
12.08.2021 00:12:20.084,6.4774400000000005,6.47696,2.07,1
12.08.2021 00:12:20.135,6.4774400000000005,6.47692,2.07,1
12.08.2021 00:12:20.564,6.477430000000001,6.47693,1.1,1
12.08.2021 00:12:20.820,6.477430000000001,6.47692,1,1
12.08.2021 00:12:21.092,6.477430000000001,6.47701,1,1
12.08.2021 00:12:21.142,6.47749,6.476990000000001,1.6,1
12.08.2021 00:12:21.289,6.47749,6.47702,1.5,1
12.08.2021 00:12:21.390,6.477390000000001,6.476940000000001,1,1
12.08.2021 00:12:21.553,6.4774,6.47695,1,1
12.08.2021 00:12:21.706,6.4774,6.47697,1,1
12.08.2021 00:12:21.756,6.47747,6.47696,1,1
12.08.2021 00:12:21.928,6.47747,6.47697,1,1
12.08.2021 00:12:27.350,6.47747,6.47693,1,1
12.08.2021 00:12:33.242,6.4775,6.47693,1,1
12.08.2021 00:12:34.145,6.47754,6.476940000000001,1.15,1
12.08.2021 00:12:34.195,6.47754,6.47697,1.15,1
12.08.2021 00:12:43.075,6.47754,6.47697,1.15,1
12.08.2021 00:12:43.227,6.47754,6.47693,1.62,1
12.08.2021 00:12:43.365,6.477480000000001,6.476940000000001,1,1
12.08.2021 00:12:48.366,6.47749,6.476990000000001,1,1
12.08.2021 00:12:48.420,6.477480000000001,6.47695,1,1
12.08.2021 00:12:48.531,6.477480000000001,6.476990000000001,1,1
12.08.2021 00:12:50.208,6.47749,6.47701,1,1
12.08.2021 00:12:50.364,6.47749,6.47698,1,1
12.08.2021 00:12:58.418,6.47749,6.476990000000001,1,1
12.08.2021 00:12:59.944,6.477480000000001,6.47701,1,1
12.08.2021 00:13:00.045,6.47757,6.477040000000001,2.2,1
12.08.2021 00:13:00.146,6.47759,6.4770900000000005,1.9,1
12.08.2021 00:13:00.271,6.477780000000001,6.47698,1.95,1
12.08.2021 00:13:00.321,6.47781,6.47702,1.95,1
12.08.2021 00:13:00.422,6.4775,6.477030000000001,1,1
12.08.2021 00:13:00.573,6.477790000000001,6.477130000000001,1.15,1
12.08.2021 00:13:00.637,6.47781,6.477030000000001,1.15,1
12.08.2021 00:13:00.687,6.47749,6.477040000000001,1,1
12.08.2021 00:13:00.788,6.4775,6.477130000000001,1,1
12.08.2021 00:13:00.889,6.47767,6.477200000000001,1,1
12.08.2021 00:13:01.374,6.47767,6.47717,1,1
12.08.2021 00:13:01.475,6.47766,6.47707,1,1
12.08.2021 00:13:01.575,6.47767,6.47714,1,1
12.08.2021 00:13:01.881,6.47767,6.47715,1,1
12.08.2021 00:13:03.534,6.47767,6.47714,1,1
12.08.2021 00:13:03.727,6.47767,6.47702,1,1
12.08.2021 00:13:03.777,6.47762,6.47707,1,1
12.08.2021 00:13:03.828,6.47763,6.47701,1,1
12.08.2021 00:13:03.906,6.47762,6.47706,1,1
12.08.2021 00:13:03.957,6.47763,6.47698,1,1.05
12.08.2021 00:13:04.160,6.47763,6.476990000000001,1,1
12.08.2021 00:13:07.714,6.47763,6.476990000000001,1,1.05
12.08.2021 00:13:08.505,6.47762,6.477,1,1.05
12.08.2021 00:13:16.386,6.47763,6.476990000000001,1,1.05
12.08.2021 00:13:18.639,6.47763,6.47705,1,1
12.08.2021 00:13:18.740,6.47766,6.477200000000001,1,1
12.08.2021 00:13:20.346,6.47767,6.4771,1,1
12.08.2021 00:13:20.451,6.47767,6.47717,1,1
12.08.2021 00:13:20.545,6.4777000000000005,6.47717,1.1,1
12.08.2021 00:13:20.657,6.477690000000001,6.477110000000001,1.1,1
12.08.2021 00:13:20.707,6.477690000000001,6.47719,1.1,1
12.08.2021 00:13:21.202,6.477690000000001,6.477110000000001,1.1,1
12.08.2021 00:13:21.271,6.477690000000001,6.477180000000001,1.1,1
12.08.2021 00:13:21.346,6.477690000000001,6.477110000000001,1.1,1
12.08.2021 00:13:21.396,6.47767,6.4771,1,1
12.08.2021 00:13:27.493,6.477690000000001,6.477110000000001,1.1,1
12.08.2021 00:13:29.936,6.4777000000000005,6.47717,1.1,1
12.08.2021 00:13:30.366,6.47766,6.477180000000001,1,1
12.08.2021 00:13:30.416,6.477690000000001,6.477180000000001,1.1,1
12.08.2021 00:13:30.620,6.47766,6.477180000000001,1,1
12.08.2021 00:13:32.063,6.477690000000001,6.477180000000001,1.1,1
12.08.2021 00:13:32.686,6.477690000000001,6.47712,1.1,1
12.08.2021 00:13:32.736,6.47764,6.477110000000001,1,1
12.08.2021 00:13:32.918,6.47763,6.47702,1,1.05
12.08.2021 00:13:33.572,6.47763,6.47702,1.1,1.05
12.08.2021 00:13:39.052,6.47764,6.47701,1.1,1.05
12.08.2021 00:13:40.787,6.47764,6.47701,1.1,1.05
12.08.2021 00:13:43.377,6.47764,6.47701,1.1,1.05
12.08.2021 00:13:43.428,6.47763,6.47702,1.1,1.05
12.08.2021 00:13:48.124,6.47764,6.477130000000001,1.1,1
12.08.2021 00:13:48.174,6.47767,6.477130000000001,1.12,1
12.08.2021 00:13:48.442,6.47767,6.477110000000001,1.12,1
12.08.2021 00:13:48.543,6.47766,6.477080000000001,1,1
12.08.2021 00:13:50.021,6.47767,6.47706,1,1.05
12.08.2021 00:13:51.753,6.477690000000001,6.47707,2.85,1.05
12.08.2021 00:14:00.895,6.47763,6.477040000000001,1,1.55
12.08.2021 00:14:01.415,6.47763,6.476990000000001,1.1,1
12.08.2021 00:14:01.786,6.47764,6.47698,1.1,1
12.08.2021 00:14:02.316,6.47763,6.476990000000001,1.1,1.05
12.08.2021 00:14:02.747,6.47764,6.47698,1.6,1.17
12.08.2021 00:14:10.274,6.47763,6.476990000000001,1.65,1.55
12.08.2021 00:14:16.589,6.47764,6.47698,1.65,1.55
12.08.2021 00:14:22.073,6.47764,6.47698,1.65,1.55
12.08.2021 00:14:42.030,6.47761,6.476990000000001,1,1.15
12.08.2021 00:14:42.364,6.47761,6.476990000000001,1,1.15
12.08.2021 00:14:43.031,6.477600000000001,6.477,1,1.1
12.08.2021 00:14:43.081,6.47757,6.47695,1,1.1
12.08.2021 00:14:43.131,6.47749,6.47688,1,1.6
12.08.2021 00:14:43.232,6.47746,6.4768300000000005,1,1.6
12.08.2021 00:14:43.333,6.47745,6.47684,1,1.6
12.08.2021 00:14:43.622,6.47745,6.47684,1,1.6
12.08.2021 00:14:45.406,6.47745,6.47684,1,1.6
12.08.2021 00:14:45.543,6.4774,6.47686,1,1.6
12.08.2021 00:14:46.835,6.477390000000001,6.47687,1,1.6
12.08.2021 00:14:47.946,6.4774,6.4769000000000005,1,1
12.08.2021 00:14:47.997,6.47747,6.476940000000001,1.1,1
12.08.2021 00:14:49.881,6.47747,6.476940000000001,1.1,1.5
12.08.2021 00:14:50.988,6.47747,6.476940000000001,1.1,1.5
12.08.2021 00:14:51.991,6.4775,6.47693,1.6,1.12
12.08.2021 00:14:52.116,6.47742,6.4769000000000005,1,1.6
12.08.2021 00:14:52.994,6.47742,6.4769000000000005,1,1.12
12.08.2021 00:14:56.574,6.4774400000000005,6.47684,2.25,1.5
12.08.2021 00:14:56.813,6.47745,6.4768,2.25,1.6
12.08.2021 00:14:58.071,6.4774400000000005,6.47681,2.25,1.6
12.08.2021 00:14:58.208,6.47745,6.4768,1.5,2.1
12.08.2021 00:14:59.112,6.47745,6.476850000000001,1.5,1.6
12.08.2021 00:15:03.918,6.47745,6.4769000000000005,1,1.1
12.08.2021 00:15:05.153,6.47745,6.4769000000000005,1,1.1
12.08.2021 00:15:05.273,6.47737,6.4769000000000005,1,1.1
12.08.2021 00:15:06.523,6.47737,6.47687,1,1.6
12.08.2021 00:15:07.025,6.4774400000000005,6.47688,2.25,1.6
12.08.2021 00:15:07.075,6.47745,6.476940000000001,1,1.1
12.08.2021 00:15:07.782,6.47745,6.476940000000001,1,1.1
12.08.2021 00:15:12.428,6.47745,6.476940000000001,1,1.5
12.08.2021 00:15:15.108,6.47745,6.476940000000001,1,1.5
12.08.2021 00:15:21.131,6.47745,6.476940000000001,1,1.12
12.08.2021 00:15:21.549,6.4774400000000005,6.47697,1,1
12.08.2021 00:15:22.052,6.4774400000000005,6.47698,1,1
12.08.2021 00:15:23.843,6.47745,6.477,1,1
12.08.2021 00:15:34.341,6.4774400000000005,6.477040000000001,1,1
12.08.2021 00:16:39.443,6.4774400000000005,6.47702,1,1
12.08.2021 00:16:39.745,6.4774400000000005,6.47701,1,1
12.08.2021 00:16:46.875,6.47745,6.477030000000001,1,1
12.08.2021 00:17:16.681,6.4775100000000005,6.477040000000001,1.1,1
12.08.2021 00:17:17.181,6.47754,6.47705,1.1,1
12.08.2021 00:17:17.232,6.47754,6.4770900000000005,1.1,1
12.08.2021 00:17:17.336,6.47754,6.4770900000000005,1.1,1
12.08.2021 00:17:17.483,6.47759,6.477110000000001,1.6,1
12.08.2021 00:17:17.696,6.477600000000001,6.4770900000000005,1.6,1
12.08.2021 00:17:20.150,6.47754,6.4770900000000005,1.1,1
12.08.2021 00:17:20.201,6.477530000000001,6.47707,1.1,1
12.08.2021 00:17:27.638,6.47747,6.47706,1,1
12.08.2021 00:17:28.829,6.47747,6.47702,1,1
12.08.2021 00:17:33.300,6.477430000000001,6.47702,1,1
12.08.2021 00:17:33.444,6.477430000000001,6.476990000000001,1,1.12
12.08.2021 00:17:33.655,6.47742,6.477030000000001,1,1.1
12.08.2021 00:17:33.756,6.47742,6.477030000000001,1,1.1
12.08.2021 00:17:36.564,6.47742,6.477030000000001,1,1.1
12.08.2021 00:17:36.690,6.4775100000000005,6.47706,1,1
12.08.2021 00:17:44.707,6.4775100000000005,6.47707,1,1
12.08.2021 00:17:45.578,6.47752,6.4770900000000005,1,1
12.08.2021 00:18:11.303,6.47742,6.4770900000000005,1,1
12.08.2021 00:18:11.354,6.47741,6.47706,1,1.1
12.08.2021 00:18:12.255,6.47742,6.47701,1,1.1
12.08.2021 00:18:12.705,6.47741,6.47702,1,1.1
12.08.2021 00:18:17.461,6.47741,6.47702,1,1.1
12.08.2021 00:18:26.593,6.47747,6.47701,1,1
12.08.2021 00:18:32.282,6.477480000000001,6.47701,1,1
12.08.2021 00:18:36.959,6.47747,6.47705,1,1
12.08.2021 00:18:44.322,6.47747,6.47706,1,1
12.08.2021 00:18:45.439,6.47746,6.47706,1,1.1
12.08.2021 00:18:46.121,6.47747,6.4770900000000005,1,1.1
12.08.2021 00:18:58.806,6.47745,6.4770900000000005,1,1.1
12.08.2021 00:19:01.581,6.47737,6.4771,1,1.1
12.08.2021 00:19:09.314,6.477430000000001,6.4771,1,1.1
12.08.2021 00:19:17.399,6.4774400000000005,6.4771,1,1
12.08.2021 00:19:17.681,6.477430000000001,6.4771,1,1.1
12.08.2021 00:19:18.173,6.4775100000000005,6.4771,1,1.1
12.08.2021 00:19:18.224,6.47756,6.47712,1.1,1
12.08.2021 00:19:18.325,6.47756,6.477130000000001,1.1,1.1
12.08.2021 00:19:18.375,6.47757,6.47715,1.1,1
12.08.2021 00:19:20.058,6.47757,6.47715,1.1,1
12.08.2021 00:19:25.868,6.47756,6.4771600000000005,1.1,1
12.08.2021 00:19:26.150,6.47756,6.4771600000000005,1.1,1
12.08.2021 00:19:44.170,6.47757,6.47715,1.1,1
12.08.2021 00:19:44.271,6.47756,6.4771600000000005,1,1
12.08.2021 00:19:45.493,6.47757,6.4771600000000005,1,1.1
12.08.2021 00:19:46.397,6.47757,6.47715,1,1
12.08.2021 00:19:51.683,6.47768,6.47715,1.15,1
12.08.2021 00:19:52.612,6.47757,6.4771600000000005,1,1
12.08.2021 00:20:18.063,6.47757,6.47715,1,1
12.08.2021 00:20:18.168,6.47757,6.47714,1,1.1
12.08.2021 00:20:18.269,6.47746,6.47714,1,1
12.08.2021 00:20:20.611,6.47747,6.4770900000000005,1,1
12.08.2021 00:20:21.512,6.47746,6.477110000000001,1,1
12.08.2021 00:20:27.323,6.47747,6.477110000000001,1,1
12.08.2021 00:20:28.295,6.47747,6.4771,1,1
12.08.2021 00:21:06.564,6.47761,6.477110000000001,1.05,1
12.08.2021 00:21:06.723,6.47757,6.4771,1,1
12.08.2021 00:21:06.847,6.47757,6.4771600000000005,1,1
12.08.2021 00:21:07.158,6.47757,6.477110000000001,1,1
12.08.2021 00:21:07.417,6.47757,6.47714,1,1
12.08.2021 00:21:10.207,6.47757,6.47715,1,1.1
12.08.2021 00:21:12.946,6.47767,6.47724,1.65,1.1
12.08.2021 00:21:13.047,6.47764,6.47724,1.1,1.1
12.08.2021 00:21:13.148,6.47762,6.47724,1,1.1
12.08.2021 00:21:14.687,6.477650000000001,6.47724,1,1.1
12.08.2021 00:21:14.789,6.47767,6.477250000000001,1.05,1.1
12.08.2021 00:21:15.095,6.47768,6.47724,1.05,1.1
12.08.2021 00:21:15.145,6.47768,6.47727,1,1.1
12.08.2021 00:21:15.301,6.47767,6.47733,1,1
12.08.2021 00:21:15.402,6.47776,6.477340000000001,1,1
12.08.2021 00:21:15.503,6.47773,6.477390000000001,1,1
12.08.2021 00:21:15.553,6.47773,6.477340000000001,1,1
12.08.2021 00:21:15.604,6.47768,6.47733,1,1
12.08.2021 00:21:15.705,6.477740000000001,6.477380000000001,1,1
12.08.2021 00:21:15.806,6.477740000000001,6.47735,1,1
12.08.2021 00:21:16.007,6.47796,6.47745,1.65,1
12.08.2021 00:21:16.058,6.47785,6.47752,1,1
12.08.2021 00:21:16.108,6.477930000000001,6.477530000000001,1,1
12.08.2021 00:21:16.209,6.47801,6.477600000000001,1.1,1
12.08.2021 00:21:16.260,6.47806,6.47764,1,1
12.08.2021 00:21:16.310,6.47806,6.47766,1,1
12.08.2021 00:21:16.412,6.47806,6.477690000000001,1,1
12.08.2021 00:21:16.513,6.47812,6.47777,1,1
12.08.2021 00:21:16.613,6.47812,6.477830000000001,1,1
12.08.2021 00:21:16.715,6.47811,6.47782,1,1
12.08.2021 00:21:16.816,6.47811,6.477740000000001,1,1
12.08.2021 00:21:16.967,6.47812,6.47767,1,1
12.08.2021 00:21:17.018,6.47812,6.477650000000001,1,1
12.08.2021 00:21:17.119,6.47811,6.47763,1,2
12.08.2021 00:21:17.234,6.47801,6.47763,1,2
12.08.2021 00:21:17.634,6.47801,6.47763,1,1
12.08.2021 00:21:19.352,6.47801,6.47757,1.1,1.12
12.08.2021 00:21:19.454,6.47801,6.47755,1,1
12.08.2021 00:21:19.504,6.47802,6.47756,1,1
12.08.2021 00:21:19.606,6.47802,6.47754,1,1
12.08.2021 00:21:19.757,6.47802,6.47763,1,1
12.08.2021 00:21:19.960,6.47801,6.47768,1,1
12.08.2021 00:21:20.061,6.47802,6.47773,1,1
12.08.2021 00:21:22.236,6.47801,6.47771,1,1
12.08.2021 00:21:22.289,6.47796,6.477690000000001,1,1
12.08.2021 00:21:22.339,6.47797,6.47763,1,1
12.08.2021 00:21:22.440,6.47796,6.47761,1,1
12.08.2021 00:21:23.317,6.47802,6.477600000000001,1,1
12.08.2021 00:21:24.572,6.47801,6.47763,1,1
12.08.2021 00:21:24.638,6.47802,6.47757,1,1
12.08.2021 00:21:24.843,6.47802,6.47763,1,1
12.08.2021 00:21:25.124,6.47801,6.47759,1,1
12.08.2021 00:21:25.524,6.47802,6.477580000000001,1.1,1
12.08.2021 00:21:25.877,6.47801,6.47759,1,1
12.08.2021 00:21:26.827,6.47801,6.47763,1,1
12.08.2021 00:21:26.985,6.47802,6.47766,1,1
12.08.2021 00:21:27.093,6.47808,6.47772,1,1
12.08.2021 00:21:27.877,6.47808,6.47768,1,1
12.08.2021 00:21:27.989,6.47807,6.47773,1,1
12.08.2021 00:21:28.090,6.47808,6.477740000000001,1,1
12.08.2021 00:21:32.992,6.47808,6.47768,1,1
12.08.2021 00:21:33.092,6.47811,6.47771,1,1
12.08.2021 00:21:37.767,6.4781,6.47773,1,1
12.08.2021 00:21:40.928,6.478230000000001,6.4777000000000005,1.1,1
12.08.2021 00:21:41.383,6.478230000000001,6.4777000000000005,1,1
12.08.2021 00:21:41.440,6.478230000000001,6.47776,1,1
12.08.2021 00:21:49.734,6.478230000000001,6.47776,1.1,1
12.08.2021 00:21:50.636,6.47822,6.47777,1.1,1
12.08.2021 00:21:51.893,6.478230000000001,6.47772,1.1,1
12.08.2021 00:21:52.056,6.47822,6.47773,1.1,1.57
12.08.2021 00:21:52.165,6.478230000000001,6.47776,1.1,1
12.08.2021 00:21:52.509,6.478230000000001,6.47772,1.1,1.1
12.08.2021 00:21:52.559,6.47822,6.47776,1.1,1
12.08.2021 00:21:53.214,6.47822,6.47776,1.1,1
12.08.2021 00:21:59.163,6.47822,6.47773,1.1,1.1
12.08.2021 00:21:59.368,6.47822,6.47773,1.1,1.1
12.08.2021 00:21:59.419,6.478230000000001,6.47777,1.1,1
12.08.2021 00:21:59.469,6.478230000000001,6.47773,1.1,1
12.08.2021 00:22:00.674,6.47822,6.47777,1.1,1
12.08.2021 00:22:02.217,6.47822,6.47773,1.1,1.1
12.08.2021 00:22:02.267,6.478230000000001,6.47777,1.1,1
12.08.2021 00:22:02.373,6.47822,6.477740000000001,1.1,1
12.08.2021 00:22:02.980,6.478230000000001,6.477780000000001,1.1,1
12.08.2021 00:22:05.763,6.478230000000001,6.47772,1.1,1.57
12.08.2021 00:22:06.038,6.47822,6.47773,1.1,1.57
12.08.2021 00:22:06.687,6.47822,6.477780000000001,1.1,1
12.08.2021 00:22:07.009,6.478230000000001,6.47772,1.1,1.57
12.08.2021 00:22:07.612,6.478230000000001,6.47777,1.1,1
12.08.2021 00:22:11.199,6.47822,6.47776,1.1,1.1
12.08.2021 00:22:11.792,6.478230000000001,6.47777,1.1,1
12.08.2021 00:22:23.133,6.478230000000001,6.47777,1.5,1
12.08.2021 00:22:23.474,6.478230000000001,6.477830000000001,1.1,1
12.08.2021 00:22:23.583,6.478230000000001,6.477830000000001,1.1,1
12.08.2021 00:22:23.633,6.4783100000000005,6.4778400000000005,1.22,1
12.08.2021 00:22:23.684,6.47827,6.47782,1,1
12.08.2021 00:22:24.071,6.478280000000001,6.47785,1,1
12.08.2021 00:22:29.567,6.478280000000001,6.47789,1,1
12.08.2021 00:22:29.719,6.47827,6.47794,1,1
12.08.2021 00:22:29.982,6.47827,6.4779,1,1
12.08.2021 00:22:31.115,6.47827,6.47785,1,1
12.08.2021 00:22:36.244,6.478280000000001,6.47781,1,1
12.08.2021 00:22:36.354,6.47827,6.47781,1,1
12.08.2021 00:22:38.644,6.478260000000001,6.47781,1,1
12.08.2021 00:22:39.076,6.47827,6.47777,1,1
12.08.2021 00:22:39.430,6.47827,6.47776,1,1.12
12.08.2021 00:22:39.833,6.4782,6.47777,1,1
12.08.2021 00:22:39.935,6.47825,6.47772,2.25,1.6
12.08.2021 00:22:39.985,6.47824,6.477790000000001,1,1
12.08.2021 00:22:40.173,6.47824,6.47776,1,1
12.08.2021 00:22:40.274,6.47825,6.47772,1,1.65
12.08.2021 00:22:40.375,6.47824,6.47773,1.5,1.65
12.08.2021 00:22:40.546,6.47825,6.47772,1.5,1.65
12.08.2021 00:22:40.647,6.47824,6.477790000000001,1,1
12.08.2021 00:22:40.749,6.47825,6.47773,1,1.15
12.08.2021 00:22:40.850,6.47813,6.477740000000001,1,1.15
12.08.2021 00:22:40.952,6.47813,6.47768,1,1.5
12.08.2021 00:22:41.848,6.478140000000001,6.47767,1,1.12
12.08.2021 00:22:41.899,6.478140000000001,6.477690000000001,1,1
12.08.2021 00:23:03.278,6.478140000000001,6.47766,1,1
12.08.2021 00:23:03.329,6.478140000000001,6.47762,1,1
12.08.2021 00:23:04.717,6.478140000000001,6.47762,1,1
12.08.2021 00:23:06.906,6.47813,6.47763,1,1
12.08.2021 00:23:08.011,6.478140000000001,6.47762,1,1
12.08.2021 00:23:10.018,6.47813,6.47763,1,1
12.08.2021 00:23:11.020,6.478140000000001,6.47762,1,1
12.08.2021 00:23:13.029,6.478140000000001,6.47762,1,1
12.08.2021 00:23:13.230,6.47812,6.47763,1,1
12.08.2021 00:23:13.695,6.47807,6.47763,1,1.1
12.08.2021 00:23:14.467,6.47808,6.47754,1,1.6
12.08.2021 00:23:14.611,6.47807,6.47755,1,1.6
12.08.2021 00:23:21.030,6.478090000000001,6.47754,1,2.15
12.08.2021 00:23:22.377,6.47808,6.47755,1,2.15
12.08.2021 00:23:22.478,6.47811,6.47757,1.1,1.65
12.08.2021 00:23:22.529,6.47812,6.477580000000001,1.1,1.6
12.08.2021 00:23:22.682,6.47806,6.47759,1,1.6
12.08.2021 00:23:23.505,6.47807,6.47757,1,1.1
12.08.2021 00:23:26.936,6.47806,6.477580000000001,1,1.1
12.08.2021 00:23:27.633,6.47807,6.47756,1,1.2
12.08.2021 00:23:28.633,6.47807,6.47757,1,1
12.08.2021 00:23:30.123,6.47807,6.47756,1,1.1
12.08.2021 00:23:31.124,6.47806,6.477580000000001,1,1
12.08.2021 00:23:41.483,6.47806,6.47757,1,1.1
12.08.2021 00:23:41.642,6.47806,6.47754,1,1.1
12.08.2021 00:23:43.725,6.47803,6.477530000000001,1,1.1
12.08.2021 00:23:43.929,6.47803,6.47755,1,1.1
12.08.2021 00:23:57.143,6.47807,6.47755,1,1.1
12.08.2021 00:24:01.334,6.47806,6.47759,1,1.1
12.08.2021 00:24:02.367,6.47806,6.47755,1,1.57
12.08.2021 00:24:03.490,6.47807,6.477580000000001,1,1.1
12.08.2021 00:24:05.908,6.4781,6.47759,1,1.1
12.08.2021 00:24:06.536,6.47811,6.47761,1,1
12.08.2021 00:24:06.586,6.47813,6.47764,1.57,1
12.08.2021 00:24:09.467,6.47813,6.47762,1,1
12.08.2021 00:24:23.845,6.47813,6.47763,1,1
12.08.2021 00:24:24.302,6.47813,6.47762,1,1
12.08.2021 00:24:32.165,6.47813,6.47761,1.1,1
12.08.2021 00:24:32.959,6.47811,6.47761,1.1,1
12.08.2021 00:24:40.411,6.47811,6.47762,1.1,1
12.08.2021 00:24:40.966,6.47811,6.477650000000001,1.1,1
12.08.2021 00:24:42.618,6.47811,6.47766,1.1,1.1
12.08.2021 00:24:42.931,6.47812,6.477650000000001,1.1,1.1
12.08.2021 00:24:43.032,6.47812,6.47762,1.1,1
12.08.2021 00:24:43.248,6.478140000000001,6.47762,1.1,1
12.08.2021 00:24:43.387,6.47813,6.47764,1.1,1
12.08.2021 00:24:43.634,6.47816,6.47767,1.1,1
12.08.2021 00:24:44.383,6.47815,6.477650000000001,1.1,1
12.08.2021 00:24:44.513,6.47816,6.47763,1.1,1
12.08.2021 00:24:48.650,6.47815,6.477790000000001,1.1,1
12.08.2021 00:24:50.720,6.47816,6.47776,1.1,1
12.08.2021 00:24:55.387,6.47816,6.477790000000001,1.1,1
12.08.2021 00:25:01.910,6.47815,6.477790000000001,1.1,1
12.08.2021 00:25:02.564,6.47815,6.4778,1.1,1
12.08.2021 00:25:06.235,6.47816,6.4778,1.1,1
12.08.2021 00:25:14.444,6.47817,6.47782,1.1,1
12.08.2021 00:25:15.217,6.47816,6.47782,1.1,1
12.08.2021 00:25:17.185,6.47816,6.477780000000001,1.1,1
12.08.2021 00:25:17.430,6.47816,6.47782,1.1,1
12.08.2021 00:25:17.712,6.47816,6.477790000000001,1.1,1
12.08.2021 00:25:17.763,6.47817,6.47776,1.1,1
12.08.2021 00:25:18.750,6.47808,6.47776,1.1,1
12.08.2021 00:25:20.481,6.478090000000001,6.47771,1.1,1
12.08.2021 00:25:26.396,6.47812,6.47775,1.1,1
12.08.2021 00:25:26.724,6.47812,6.47776,1.1,1
12.08.2021 00:25:27.487,6.47815,6.47776,1.1,1
12.08.2021 00:25:27.538,6.47816,6.47781,1.1,1
12.08.2021 00:25:32.955,6.478180000000001,6.47782,1.1,1
12.08.2021 00:25:45.503,6.478190000000001,6.47782,1.1,1
12.08.2021 00:25:45.553,6.47832,6.477880000000001,1.6,1
12.08.2021 00:25:45.604,6.47834,6.47789,1.1,1
12.08.2021 00:25:45.705,6.478400000000001,6.47794,1.2,1
12.08.2021 00:25:45.755,6.47839,6.47799,1.1,1
12.08.2021 00:25:45.856,6.47846,6.47803,1.1,1
12.08.2021 00:25:45.907,6.4784500000000005,6.47812,1.1,1
12.08.2021 00:25:46.179,6.4785,6.47812,1.57,1
12.08.2021 00:25:46.363,6.47852,6.47812,1.1,1
12.08.2021 00:25:55.542,6.47852,6.47815,1.1,1
12.08.2021 00:26:14.790,6.47851,6.478140000000001,1.1,1
12.08.2021 00:26:14.841,6.47857,6.478140000000001,1.1,1
12.08.2021 00:26:16.063,6.478530000000001,6.478140000000001,1.1,1
12.08.2021 00:26:18.214,6.478530000000001,6.478180000000001,1.1,1
12.08.2021 00:26:25.235,6.478530000000001,6.478140000000001,1.1,1
12.08.2021 00:26:45.773,6.47855,6.478140000000001,1.1,1
12.08.2021 00:26:51.521,6.4785900000000005,6.478140000000001,1,1
12.08.2021 00:26:51.572,6.47865,6.478140000000001,1.97,1
12.08.2021 00:26:51.622,6.47861,6.478140000000001,1,1
12.08.2021 00:26:51.723,6.47861,6.478180000000001,1,1
12.08.2021 00:26:51.875,6.478680000000001,6.47827,1,1
12.08.2021 00:26:51.976,6.47878,6.47837,1.5,1
12.08.2021 00:26:52.026,6.47879,6.47836,1,1.5
12.08.2021 00:26:52.077,6.47882,6.47836,1,1.5
12.08.2021 00:26:52.178,6.47888,6.47839,1.6,1.5
12.08.2021 00:26:52.756,6.47885,6.47839,1,1.5
12.08.2021 00:26:52.807,6.47877,6.478400000000001,1,1
12.08.2021 00:26:52.908,6.47864,6.47825,1,1.1
12.08.2021 00:26:52.958,6.47864,6.47825,1,1.1
12.08.2021 00:26:53.110,6.478630000000001,6.4783,1,1
12.08.2021 00:26:54.964,6.478630000000001,6.4783,1,1.1
12.08.2021 00:26:57.231,6.47864,6.47824,1,1
12.08.2021 00:26:57.945,6.47864,6.478190000000001,1,1
12.08.2021 00:26:58.911,6.47864,6.478230000000001,1,1
12.08.2021 00:26:59.012,6.47864,6.4783,1,1
12.08.2021 00:27:06.937,6.478630000000001,6.47829,1,1
12.08.2021 00:27:07.038,6.47864,6.4782,1,1.57
12.08.2021 00:27:07.627,6.47864,6.478260000000001,1,1
12.08.2021 00:27:08.157,6.478630000000001,6.4783100000000005,1,1
12.08.2021 00:27:08.208,6.4787,6.478350000000001,1,1
12.08.2021 00:27:14.881,6.47878,6.47834,1,1
12.08.2021 00:27:23.412,6.47882,6.47834,1.6,1
12.08.2021 00:27:23.645,6.47881,6.478350000000001,1,1
12.08.2021 00:27:30.455,6.478840000000001,6.47846,1,1
12.08.2021 00:27:30.556,6.47887,6.47846,1,1
12.08.2021 00:27:30.753,6.47887,6.478440000000001,1,1
12.08.2021 00:27:39.414,6.47886,6.4783800000000005,1,1.5
12.08.2021 00:27:39.571,6.47881,6.4783800000000005,1,1
12.08.2021 00:27:39.672,6.47879,6.47834,1,1
12.08.2021 00:27:41.959,6.47882,6.478350000000001,1,1
12.08.2021 00:27:42.092,6.47887,6.47861,1,1
12.08.2021 00:27:42.142,6.47886,6.47848,1,1
12.08.2021 00:27:42.193,6.478930000000001,6.47848,1,1.5
12.08.2021 00:27:42.244,6.47895,6.478490000000001,1,2.25
12.08.2021 00:27:42.295,6.4789,6.47851,1,1
12.08.2021 00:27:42.446,6.47885,6.47852,1,1
12.08.2021 00:27:42.698,6.47886,6.4784500000000005,1,1
12.08.2021 00:27:42.906,6.47887,6.4784500000000005,1,1.5
12.08.2021 00:27:43.007,6.4789,6.47855,1.5,1
12.08.2021 00:27:53.539,6.47887,6.47848,1,1.5
12.08.2021 00:27:56.252,6.4789200000000005,6.478490000000001,1.5,1
12.08.2021 00:28:01.566,6.47888,6.478490000000001,1,1
12.08.2021 00:28:09.486,6.47888,6.478540000000001,1,1
12.08.2021 00:28:09.637,6.47888,6.478580000000001,1,1
12.08.2021 00:28:10.048,6.47887,6.478530000000001,1,1
12.08.2021 00:28:12.725,6.47897,6.47847,1.6,1
12.08.2021 00:28:13.154,6.47891,6.47847,1.6,1
12.08.2021 00:28:13.832,6.4789200000000005,6.47846,1.1,1
12.08.2021 00:28:17.045,6.47895,6.47846,1.57,1
12.08.2021 00:28:17.146,6.47897,6.47861,1.57,1
12.08.2021 00:28:17.247,6.47897,6.47867,1.1,1
12.08.2021 00:28:18.301,6.478980000000001,6.4786,1.1,1
12.08.2021 00:28:20.157,6.47897,6.478580000000001,1.1,1.5
12.08.2021 00:28:20.383,6.47895,6.47857,1.1,1
12.08.2021 00:28:37.759,6.479080000000001,6.478680000000001,1.5,1
12.08.2021 00:28:37.810,6.479080000000001,6.47871,1,1
12.08.2021 00:28:37.860,6.47917,6.47871,1.57,1
12.08.2021 00:28:37.961,6.47916,6.478750000000001,1.1,1
12.08.2021 00:28:38.062,6.478930000000001,6.478630000000001,1,1
12.08.2021 00:28:38.163,6.47888,6.478530000000001,1,1
12.08.2021 00:28:38.214,6.47888,6.478490000000001,1,1.5
12.08.2021 00:28:38.264,6.47888,6.478540000000001,1,1
12.08.2021 00:28:38.365,6.47891,6.47852,1.5,1
12.08.2021 00:28:38.466,6.47888,6.47856,1,1
12.08.2021 00:28:41.033,6.47887,6.47851,1,1
12.08.2021 00:28:41.084,6.47887,6.47848,1,1
12.08.2021 00:28:41.185,6.47887,6.47857,1,1
12.08.2021 00:28:41.593,6.47888,6.47851,1,1
12.08.2021 00:28:41.743,6.47888,6.47847,1,1.5
12.08.2021 00:28:41.793,6.47888,6.47856,1,1
12.08.2021 00:28:41.843,6.47888,6.47851,1,1
12.08.2021 00:28:41.894,6.47887,6.47848,1,1.5
12.08.2021 00:28:42.034,6.47887,6.47857,1,1
12.08.2021 00:28:42.135,6.47888,6.47851,1,1
12.08.2021 00:28:42.483,6.47888,6.47856,1,1
12.08.2021 00:28:44.752,6.47888,6.4785,1,1
12.08.2021 00:28:44.803,6.47887,6.47848,1,1.5
12.08.2021 00:28:44.928,6.47887,6.47857,1,1
12.08.2021 00:28:44.979,6.47888,6.47851,1,1
12.08.2021 00:28:45.199,6.47888,6.47847,1,2.25
12.08.2021 00:28:45.249,6.47888,6.47856,1,1
12.08.2021 00:28:45.300,6.47888,6.47852,1,1
12.08.2021 00:28:45.351,6.47888,6.47848,1,1
12.08.2021 00:28:45.484,6.47888,6.47856,1,1
12.08.2021 00:28:45.534,6.47888,6.47852,1,1
12.08.2021 00:28:45.585,6.47887,6.47848,1,1.5
12.08.2021 00:28:45.708,6.47887,6.47857,1,1
12.08.2021 00:28:49.066,6.47888,6.47869,1,1
12.08.2021 00:28:49.117,6.47911,6.47874,1,1.5
12.08.2021 00:28:49.167,6.47911,6.47876,1,1
12.08.2021 00:28:49.218,6.47914,6.478750000000001,1.57,1
12.08.2021 00:28:49.319,6.47905,6.47869,1.5,1
12.08.2021 00:28:49.420,6.47887,6.47857,1,1
12.08.2021 00:28:49.471,6.47887,6.478530000000001,1,1
12.08.2021 00:28:49.522,6.478930000000001,6.47857,2,1
12.08.2021 00:29:19.306,6.47896,6.47856,1,1
12.08.2021 00:29:20.489,6.47897,6.4785900000000005,1,1
12.08.2021 00:29:29.473,6.47897,6.478580000000001,1,1
12.08.2021 00:29:40.845,6.47886,6.4785900000000005,1,1
12.08.2021 00:29:41.876,6.47891,6.4785900000000005,1,1
12.08.2021 00:29:42.207,6.47897,6.478580000000001,1,1
12.08.2021 00:29:42.358,6.478980000000001,6.4786600000000005,1.5,1
12.08.2021 00:29:43.623,6.47897,6.4786600000000005,1,1
12.08.2021 00:29:43.724,6.478940000000001,6.478580000000001,1,1
12.08.2021 00:29:43.825,6.47886,6.47847,1,1.64
12.08.2021 00:29:43.926,6.478940000000001,6.47846,1,1.05
12.08.2021 00:29:44.077,6.478940000000001,6.4784500000000005,1,1.15
12.08.2021 00:29:44.243,6.478930000000001,6.47846,1,1.05
12.08.2021 00:29:44.624,6.478630000000001,6.4784500000000005,1,1
12.08.2021 00:29:44.675,6.47882,6.47846,1,1
12.08.2021 00:29:45.014,6.4787300000000005,6.4784500000000005,1,1
12.08.2021 00:29:45.064,6.4787300000000005,6.478400000000001,1,1
12.08.2021 00:29:45.115,6.4787300000000005,6.47837,1,1
12.08.2021 00:29:45.514,6.4787300000000005,6.47836,1,1
12.08.2021 00:29:45.564,6.4787300000000005,6.4783800000000005,1,1.5
12.08.2021 00:29:45.665,6.47872,6.47842,1,1
12.08.2021 00:29:46.441,6.4787300000000005,6.47837,1,1
12.08.2021 00:29:46.683,6.47877,6.4783800000000005,1,1.5
12.08.2021 00:29:46.734,6.47876,6.47842,1,1
12.08.2021 00:29:47.284,6.47877,6.47837,1,1
12.08.2021 00:29:47.820,6.47876,6.47843,1,1
12.08.2021 00:29:48.024,6.47876,6.47839,1,1
12.08.2021 00:29:48.456,6.47877,6.47842,1,1
12.08.2021 00:29:50.377,6.47876,6.47839,1,1
12.08.2021 00:30:00.807,6.47877,6.47834,1.5,1
12.08.2021 00:30:02.534,6.47877,6.47837,1.5,1
12.08.2021 00:30:04.311,6.47876,6.47836,1,1
12.08.2021 00:30:04.535,6.47877,6.47836,1,1
12.08.2021 00:30:08.365,6.47876,6.47842,1,1
12.08.2021 00:30:10.165,6.47885,6.47842,1.2,1
12.08.2021 00:30:10.367,6.47886,6.47841,1.2,1
12.08.2021 00:30:10.974,6.47886,6.47842,1.6,1
12.08.2021 00:30:11.386,6.47887,6.47841,1.6,1
12.08.2021 00:30:11.544,6.47886,6.47842,1.6,1
12.08.2021 00:30:12.747,6.47885,6.47843,1,1
12.08.2021 00:30:13.908,6.47887,6.47843,1.6,1
12.08.2021 00:30:14.342,6.47887,6.47843,1.57,1
12.08.2021 00:30:15.516,6.47885,6.47843,1.1,1
12.08.2021 00:30:16.144,6.47885,6.478440000000001,1.1,1
12.08.2021 00:30:17.082,6.47886,6.4784500000000005,1,1
12.08.2021 00:30:18.585,6.47887,6.4784500000000005,1,1
12.08.2021 00:30:18.707,6.47891,6.4784500000000005,1.6,1.1
12.08.2021 00:30:18.757,6.478930000000001,6.47852,1,1
12.08.2021 00:30:19.084,6.478930000000001,6.47856,1.62,1
12.08.2021 00:30:20.424,6.478930000000001,6.47852,2.07,1
12.08.2021 00:30:43.742,6.47886,6.47851,1.1,1
12.08.2021 00:30:43.893,6.47886,6.47847,1.1,1
12.08.2021 00:30:44.073,6.478840000000001,6.47847,1,1
12.08.2021 00:30:44.124,6.47883,6.4784500000000005,1,1
12.08.2021 00:30:44.225,6.47883,6.478440000000001,1,1
12.08.2021 00:30:44.361,6.47883,6.478400000000001,1,1.5
12.08.2021 00:30:44.462,6.47881,6.478400000000001,1.1,1
12.08.2021 00:30:49.909,6.47879,6.47839,1.1,1
12.08.2021 00:30:56.393,6.478800000000001,6.478400000000001,1.1,1
12.08.2021 00:30:57.842,6.478800000000001,6.4784500000000005,1.1,1
12.08.2021 00:30:57.892,6.47886,6.4784500000000005,1.1,1
12.08.2021 00:30:58.841,6.478840000000001,6.47846,1.1,1
12.08.2021 00:31:01.455,6.47883,6.47846,1.1,1
12.08.2021 00:31:04.658,6.47879,6.47846,1.1,1
12.08.2021 00:31:04.708,6.47881,6.47846,1.1,1
12.08.2021 00:31:06.873,6.47882,6.47848,1.1,1
12.08.2021 00:31:07.012,6.47882,6.478490000000001,1.1,1
12.08.2021 00:31:14.995,6.478800000000001,6.478490000000001,1.1,1
12.08.2021 00:31:19.346,6.47881,6.4784500000000005,1.1,1
12.08.2021 00:31:20.947,6.47881,6.47841,1.57,1
12.08.2021 00:31:21.048,6.4787,6.47836,1,1
12.08.2021 00:31:21.149,6.47857,6.478090000000001,1,1.6
12.08.2021 00:31:21.200,6.47846,6.47808,1,1
12.08.2021 00:31:21.301,6.47836,6.4779800000000005,1,1.12
12.08.2021 00:31:21.402,6.47836,6.47786,1.5,1.5
12.08.2021 00:31:21.502,6.4783100000000005,6.47782,1,1.5
12.08.2021 00:31:21.553,6.47827,6.47781,1,1
12.08.2021 00:31:21.654,6.478260000000001,6.4778400000000005,1,1
12.08.2021 00:31:21.754,6.47832,6.477880000000001,1,1
12.08.2021 00:31:21.805,6.47842,6.47796,1.5,1
12.08.2021 00:31:21.855,6.478440000000001,6.47797,1.57,1
12.08.2021 00:31:21.906,6.4784500000000005,6.4779800000000005,1.1,1
12.08.2021 00:31:22.006,6.478540000000001,6.47802,2.17,1.5
12.08.2021 00:31:22.057,6.47856,6.478140000000001,1.7,1.5
12.08.2021 00:31:22.108,6.47857,6.47813,1.65,1
12.08.2021 00:31:22.209,6.47856,6.47815,1.65,1
12.08.2021 00:31:22.320,6.47857,6.47811,1.65,1
12.08.2021 00:31:26.942,6.47862,6.478180000000001,1.1,1
12.08.2021 00:31:26.992,6.47865,6.478190000000001,1.2,1.5
12.08.2021 00:31:27.043,6.47865,6.4783,1.1,1
12.08.2021 00:31:29.375,6.47865,6.47824,1,1
12.08.2021 00:31:29.498,6.478630000000001,6.47824,1.5,1
12.08.2021 00:31:29.599,6.478580000000001,6.47825,1.5,1
12.08.2021 00:31:29.700,6.47857,6.47822,1,1
12.08.2021 00:31:29.865,6.4785900000000005,6.47821,1.57,1
12.08.2021 00:31:34.169,6.478580000000001,6.478190000000001,1.57,2.25
12.08.2021 00:31:37.512,6.4785900000000005,6.478180000000001,1.62,1
12.08.2021 00:31:37.613,6.47848,6.47813,1,1
12.08.2021 00:31:37.667,6.47848,6.47811,1,1
12.08.2021 00:31:37.768,6.47848,6.47807,1,1
12.08.2021 00:31:41.452,6.47847,6.4780500000000005,1,1
12.08.2021 00:31:41.845,6.47847,6.47804,1,1
12.08.2021 00:31:43.673,6.47847,6.47803,1,1
12.08.2021 00:32:00.087,6.47847,6.47804,1,1
12.08.2021 00:32:00.239,6.47848,6.47808,1,1
12.08.2021 00:32:00.290,6.47855,6.47808,1,1.5
12.08.2021 00:32:00.341,6.478540000000001,6.47816,1,1
12.08.2021 00:32:00.392,6.47862,6.478180000000001,1.1,1
12.08.2021 00:32:00.493,6.47865,6.478280000000001,1,1
12.08.2021 00:32:00.594,6.47864,6.47824,1,1.5
12.08.2021 00:32:01.463,6.478630000000001,6.47822,1.5,1
12.08.2021 00:32:01.514,6.47857,6.478180000000001,1,1.5
12.08.2021 00:32:01.615,6.47857,6.478140000000001,1.5,1
12.08.2021 00:32:01.767,6.47855,6.4781,1.5,1.5
12.08.2021 00:32:01.883,6.47856,6.478090000000001,1.5,1
12.08.2021 00:32:02.275,6.47856,6.4781,1,1
12.08.2021 00:32:02.933,6.47856,6.47811,1.5,1
12.08.2021 00:32:03.085,6.47856,6.47816,1,1
12.08.2021 00:32:03.334,6.478630000000001,6.47816,1.57,1
12.08.2021 00:32:03.436,6.478630000000001,6.478190000000001,1.57,1
12.08.2021 00:32:03.537,6.47864,6.478190000000001,1.1,1
12.08.2021 00:32:03.639,6.47865,6.4782,2.82,1
12.08.2021 00:32:03.872,6.47862,6.47817,1,1.1
12.08.2021 00:32:04.584,6.47864,6.47817,1,1.5
12.08.2021 00:32:04.635,6.47862,6.47816,1,1.5
12.08.2021 00:32:08.636,6.47856,6.47816,1,1
12.08.2021 00:32:09.659,6.47856,6.47807,1,1
12.08.2021 00:32:09.860,6.47846,6.47807,1,1
12.08.2021 00:32:15.728,6.47846,6.47804,1,1.5
12.08.2021 00:32:16.223,6.478530000000001,6.47804,1.1,1
12.08.2021 00:32:16.324,6.478530000000001,6.47804,1,1
12.08.2021 00:32:18.843,6.47851,6.47804,1,1
12.08.2021 00:32:18.944,6.47843,6.47799,1,1
12.08.2021 00:32:19.095,6.47827,6.477880000000001,1,1.5
12.08.2021 00:32:19.146,6.4782,6.47782,1,1
12.08.2021 00:32:19.197,6.478190000000001,6.47776,1,1
12.08.2021 00:32:19.298,6.4782,6.477690000000001,1,1
12.08.2021 00:32:20.067,6.47825,6.4777000000000005,1,2.25
12.08.2021 00:32:20.117,6.47827,6.477740000000001,2.25,1
12.08.2021 00:32:20.369,6.478260000000001,6.47773,3,1
12.08.2021 00:32:20.854,6.47827,6.477740000000001,1.5,1
12.08.2021 00:32:20.955,6.47827,6.477780000000001,1.5,1
12.08.2021 00:32:21.056,6.47827,6.47772,2.25,1
12.08.2021 00:32:22.335,6.47827,6.47776,2.35,1
12.08.2021 00:32:22.486,6.47827,6.47776,1.5,1
12.08.2021 00:32:22.536,6.47825,6.47772,1,1.5
12.08.2021 00:32:22.966,6.478260000000001,6.47777,1.6,1
12.08.2021 00:32:23.154,6.478260000000001,6.47777,2.25,1
12.08.2021 00:32:23.255,6.47825,6.47771,1,1
12.08.2021 00:32:24.689,6.478260000000001,6.47776,2.35,1
12.08.2021 00:32:24.844,6.47827,6.47775,1.57,1
12.08.2021 00:32:25.157,6.478260000000001,6.4777000000000005,1,1
12.08.2021 00:32:26.514,6.478260000000001,6.47776,3.1,1
12.08.2021 00:32:26.615,6.478260000000001,6.47776,3.07,1
12.08.2021 00:32:26.985,6.478260000000001,6.47772,3,1
12.08.2021 00:32:27.851,6.47827,6.47776,2.32,1
12.08.2021 00:32:28.032,6.478260000000001,6.47771,1,1
12.08.2021 00:32:28.695,6.478260000000001,6.47777,3.1,1
12.08.2021 00:32:28.846,6.478260000000001,6.47777,3,1
12.08.2021 00:32:28.947,6.478260000000001,6.47772,3,1
12.08.2021 00:32:29.099,6.47827,6.47776,2.32,1
12.08.2021 00:32:29.357,6.47827,6.47771,3,1
12.08.2021 00:32:30.074,6.478260000000001,6.47776,2.35,1
12.08.2021 00:32:30.176,6.478260000000001,6.477790000000001,1,1.5
12.08.2021 00:32:30.227,6.47832,6.477790000000001,1.5,1.5
12.08.2021 00:32:30.328,6.4783100000000005,6.477790000000001,1,1.5
12.08.2021 00:32:30.644,6.47832,6.477830000000001,1.57,1
12.08.2021 00:32:30.745,6.47832,6.4778400000000005,1.1,1
12.08.2021 00:32:30.796,6.4783800000000005,6.47789,1,1
12.08.2021 00:32:30.847,6.478440000000001,6.47795,1,1
12.08.2021 00:32:30.898,6.47847,6.47795,1.6,1
12.08.2021 00:32:30.999,6.478440000000001,6.4779100000000005,1,1
12.08.2021 00:32:31.050,6.47846,6.47797,2.07,1
12.08.2021 00:32:31.202,6.47837,6.47792,1,1
12.08.2021 00:32:31.253,6.47836,6.47789,1,1
12.08.2021 00:32:31.354,6.47837,6.47785,1,1
12.08.2021 00:32:31.679,6.478350000000001,6.47782,1,1
12.08.2021 00:32:31.730,6.478350000000001,6.477790000000001,1,1.5
12.08.2021 00:32:32.029,6.47834,6.4778,1.57,1
12.08.2021 00:32:32.270,6.478350000000001,6.4778400000000005,1.1,1
12.08.2021 00:32:32.371,6.47837,6.47789,1.5,1.5
12.08.2021 00:32:32.421,6.47846,6.477930000000001,1.12,1
12.08.2021 00:32:32.472,6.47846,6.4779800000000005,1,1
12.08.2021 00:32:32.573,6.47846,6.477930000000001,1,1
12.08.2021 00:32:32.624,6.47847,6.47796,1,1
12.08.2021 00:32:32.935,6.4784500000000005,6.4779,1.5,1
12.08.2021 00:32:33.141,6.47843,6.4779,1.1,1
12.08.2021 00:32:34.141,6.4783800000000005,6.4779100000000005,1.1,1
12.08.2021 00:32:38.129,6.47839,6.477880000000001,1.57,1
12.08.2021 00:32:46.387,6.4783800000000005,6.47794,1.1,1.1
12.08.2021 00:32:46.488,6.47839,6.47794,1,1.1
12.08.2021 00:32:46.752,6.47839,6.4779100000000005,1,1.5
12.08.2021 00:32:46.968,6.47839,6.4779,1.5,1
12.08.2021 00:32:47.171,6.4783800000000005,6.47785,1,1.5
12.08.2021 00:32:47.327,6.478280000000001,6.47781,1,1
12.08.2021 00:32:47.377,6.47827,6.477780000000001,1,1.1
12.08.2021 00:32:48.146,6.47827,6.47777,1,1
12.08.2021 00:32:48.388,6.47817,6.477740000000001,1,1
12.08.2021 00:32:48.439,6.478180000000001,6.4777000000000005,1,1.5
12.08.2021 00:32:49.325,6.47825,6.47773,2.25,1
12.08.2021 00:32:49.426,6.47825,6.47777,1,1
12.08.2021 00:32:49.527,6.47825,6.47773,1,1
12.08.2021 00:33:13.517,6.47817,6.47773,1,1
12.08.2021 00:33:14.469,6.47825,6.47773,1,1
12.08.2021 00:33:15.614,6.47822,6.47771,1,1
12.08.2021 00:33:16.406,6.47817,6.47771,1,1
12.08.2021 00:33:17.197,6.47816,6.477690000000001,1,1.5
12.08.2021 00:33:20.099,6.47816,6.47768,1,1
12.08.2021 00:33:25.864,6.47813,6.47767,1,1
12.08.2021 00:33:26.891,6.47813,6.47766,1,1
12.08.2021 00:33:26.992,6.47812,6.477650000000001,1,1.5
12.08.2021 00:33:27.501,6.47803,6.47759,1,1.5
12.08.2021 00:33:27.551,6.47803,6.477580000000001,1,1
12.08.2021 00:33:28.513,6.47808,6.477580000000001,1.1,1
12.08.2021 00:33:28.632,6.47804,6.47759,1,1
12.08.2021 00:33:29.432,6.47804,6.47756,1,1.12
12.08.2021 00:33:29.533,6.47804,6.47755,1,1
12.08.2021 00:33:39.996,6.47804,6.47755,1.1,1
12.08.2021 00:33:40.047,6.4780500000000005,6.47752,1.6,1
12.08.2021 00:33:40.796,6.47804,6.47752,1.6,1
12.08.2021 00:33:41.404,6.47804,6.47752,1.5,1
12.08.2021 00:33:56.943,6.4780500000000005,6.4775100000000005,1.64,1
12.08.2021 00:33:57.500,6.47804,6.47752,1.54,1
12.08.2021 00:34:03.153,6.47804,6.47752,1.64,1
12.08.2021 00:34:03.413,6.47804,6.47752,1.54,1
12.08.2021 00:34:04.896,6.47804,6.47756,1.05,1
12.08.2021 00:34:07.337,6.47808,6.47756,1.1,1
12.08.2021 00:34:07.438,6.47813,6.477600000000001,1.27,1
12.08.2021 00:34:09.014,6.47807,6.477600000000001,1,1
12.08.2021 00:34:16.193,6.47812,6.477600000000001,1.15,1
12.08.2021 00:34:22.313,6.47807,6.477600000000001,1,1
12.08.2021 00:34:24.163,6.47806,6.47761,1.05,1
12.08.2021 00:34:27.263,6.47807,6.477600000000001,1.05,1
12.08.2021 00:34:27.365,6.47807,6.477580000000001,1.54,1
12.08.2021 00:34:29.121,6.47803,6.47757,1,1
12.08.2021 00:34:29.172,6.47803,6.47755,1,1
12.08.2021 00:34:32.595,6.47806,6.477600000000001,1.5,1
12.08.2021 00:34:32.646,6.47806,6.47755,1,1
12.08.2021 00:34:33.399,6.47806,6.47756,1,1
12.08.2021 00:34:33.450,6.47806,6.477600000000001,1.05,1
12.08.2021 00:34:40.560,6.47807,6.477600000000001,1.05,1.5
12.08.2021 00:34:44.491,6.47806,6.47755,1,1
12.08.2021 00:35:03.796,6.47806,6.477580000000001,1,1.1
12.08.2021 00:35:06.134,6.4780500000000005,6.47756,1,1
12.08.2021 00:35:07.279,6.47807,6.47761,1.5,1
12.08.2021 00:35:08.363,6.4781,6.477650000000001,1.05,1
12.08.2021 00:35:08.644,6.47813,6.47767,1.55,1
12.08.2021 00:35:08.908,6.47813,6.47767,1.55,1
12.08.2021 00:35:15.989,6.47813,6.47767,1.65,1
12.08.2021 00:35:19.449,6.47808,6.47766,1,1
12.08.2021 00:35:21.617,6.47808,6.47764,1,1
12.08.2021 00:35:21.668,6.47813,6.477780000000001,1,1
12.08.2021 00:35:21.768,6.478260000000001,6.47777,1.1,1
12.08.2021 00:35:21.819,6.47821,6.477780000000001,1.5,1
12.08.2021 00:35:21.869,6.478190000000001,6.477740000000001,2.25,1
12.08.2021 00:35:21.920,6.4782,6.47773,1.55,1
12.08.2021 00:35:22.725,6.478190000000001,6.47773,1.55,1
12.08.2021 00:35:26.753,6.478190000000001,6.477740000000001,1.1,1.05
12.08.2021 00:35:26.854,6.478230000000001,6.477830000000001,1.5,1
12.08.2021 00:35:26.955,6.47821,6.477830000000001,1,1
12.08.2021 00:35:27.006,6.47824,6.47776,2.25,1
12.08.2021 00:35:27.186,6.478230000000001,6.47785,1,1
12.08.2021 00:35:27.288,6.47829,6.47787,1.5,1
12.08.2021 00:35:27.388,6.47829,6.47787,1,1
12.08.2021 00:35:27.489,6.4783100000000005,6.47786,1,1
12.08.2021 00:35:27.641,6.4783,6.4779100000000005,1,1
12.08.2021 00:35:27.691,6.47837,6.4779,1,1
12.08.2021 00:35:27.792,6.47836,6.47795,1,1
12.08.2021 00:35:30.055,6.478350000000001,6.4779100000000005,1,1
12.08.2021 00:35:30.106,6.47836,6.47792,1.57,1
12.08.2021 00:35:30.156,6.478280000000001,6.47787,1,1
12.08.2021 00:35:30.257,6.47834,6.477880000000001,1,1
12.08.2021 00:35:30.358,6.47834,6.47792,1,1
12.08.2021 00:35:32.668,6.47834,6.4779100000000005,1.1,1
12.08.2021 00:35:32.976,6.47834,6.47796,1,1
12.08.2021 00:35:33.898,6.47841,6.47795,1,1
12.08.2021 00:35:35.349,6.478400000000001,6.4779100000000005,1.1,1
12.08.2021 00:35:35.811,6.47841,6.47787,1,1
12.08.2021 00:35:35.899,6.47836,6.47787,1.1,1
12.08.2021 00:35:38.554,6.478330000000001,6.47787,1.1,1
12.08.2021 00:35:39.252,6.478330000000001,6.4779100000000005,1.1,1
12.08.2021 00:35:42.320,6.47832,6.47789,1.1,1
12.08.2021 00:35:45.238,6.478350000000001,6.477880000000001,1.1,1
12.08.2021 00:35:45.455,6.47837,6.47789,1.1,1.5
12.08.2021 00:35:45.505,6.47837,6.47792,1.1,1
12.08.2021 00:35:46.683,6.4783800000000005,6.477880000000001,1.1,1
12.08.2021 00:35:49.658,6.4783800000000005,6.47789,1.1,1
12.08.2021 00:35:51.610,6.47841,6.477880000000001,1.1,1
12.08.2021 00:35:51.741,6.478400000000001,6.47792,1.1,1
12.08.2021 00:35:52.190,6.478400000000001,6.47789,1.1,1
12.08.2021 00:35:52.291,6.478400000000001,6.477880000000001,1.1,1.05
12.08.2021 00:35:52.342,6.47841,6.4779100000000005,1.1,1
12.08.2021 00:35:52.443,6.478400000000001,6.477880000000001,1.1,1.54
12.08.2021 00:35:53.073,6.478400000000001,6.477880000000001,1.2,1.54
12.08.2021 00:35:54.028,6.47837,6.477880000000001,1.1,1.54
12.08.2021 00:35:56.053,6.47841,6.47787,1.2,1
12.08.2021 00:35:59.539,6.47843,6.477880000000001,1.22,1.1
12.08.2021 00:35:59.875,6.47843,6.477880000000001,1.12,1.1
12.08.2021 00:35:59.976,6.47843,6.4779100000000005,1.1,1
12.08.2021 00:36:00.394,6.47843,6.4779100000000005,1.1,1
12.08.2021 00:36:00.851,6.47843,6.4779100000000005,1,1
12.08.2021 00:36:01.534,6.47839,6.47792,1.1,1
12.08.2021 00:36:01.636,6.47836,6.4779100000000005,1,1
12.08.2021 00:36:01.778,6.478350000000001,6.47789,1,1.1
12.08.2021 00:36:18.156,6.47836,6.47787,1,1.1
12.08.2021 00:36:33.310,6.47836,6.47786,1,1
12.08.2021 00:36:34.271,6.478350000000001,6.4778400000000005,1,1.05
12.08.2021 00:36:34.373,6.47834,6.4778400000000005,1,1.05
12.08.2021 00:36:45.256,6.47836,6.477830000000001,1.1,1.05
12.08.2021 00:36:45.729,6.478350000000001,6.4778400000000005,1.1,1.05
12.08.2021 00:36:46.062,6.478330000000001,6.477830000000001,1,1.05
12.08.2021 00:36:46.163,6.47824,6.477790000000001,1,1
12.08.2021 00:36:46.315,6.478230000000001,6.47773,1,1.6
12.08.2021 00:36:46.415,6.478230000000001,6.4777000000000005,1.1,1
12.08.2021 00:36:46.529,6.4782,6.477650000000001,1,1.05
12.08.2021 00:36:46.837,6.478190000000001,6.47766,1.5,1.05
12.08.2021 00:36:47.933,6.478190000000001,6.47766,1.5,1.05
12.08.2021 00:36:49.601,6.478190000000001,6.47766,1.5,1.05
12.08.2021 00:36:50.325,6.478190000000001,6.47766,1,1.05
12.08.2021 00:36:56.254,6.478190000000001,6.47766,1,1.15
12.08.2021 00:36:56.994,6.4782,6.477690000000001,1,1
12.08.2021 00:36:57.755,6.47821,6.4777000000000005,1,1
12.08.2021 00:36:58.064,6.47824,6.47773,1,1
12.08.2021 00:36:58.165,6.478260000000001,6.47777,2,1
12.08.2021 00:36:58.457,6.478260000000001,6.47777,1.5,1
12.08.2021 00:37:03.403,6.47827,6.47776,1.55,1
12.08.2021 00:37:06.245,6.47827,6.47776,1.55,1
12.08.2021 00:37:07.371,6.478260000000001,6.47777,1.55,1
12.08.2021 00:37:11.890,6.47822,6.47773,1,1.65
12.08.2021 00:37:12.705,6.47822,6.47773,1.05,1.57
12.08.2021 00:37:13.050,6.478260000000001,6.477780000000001,1.05,1
12.08.2021 00:37:13.152,6.47827,6.47777,1.05,1
12.08.2021 00:37:19.153,6.47824,6.47777,1.05,1
12.08.2021 00:37:19.254,6.478190000000001,6.4778,1,1
12.08.2021 00:37:19.355,6.47817,6.4778,1,1
12.08.2021 00:37:19.456,6.47817,6.47775,1,1
12.08.2021 00:37:19.781,6.478180000000001,6.477740000000001,1.05,1
12.08.2021 00:37:24.009,6.478180000000001,6.477740000000001,1.05,1
12.08.2021 00:37:24.243,6.47816,6.4777000000000005,1.55,1.1
12.08.2021 00:37:27.847,6.47817,6.47773,1.05,1.1
12.08.2021 00:37:35.464,6.47816,6.47777,1.55,1.1
12.08.2021 00:37:52.175,6.478180000000001,6.477790000000001,1.05,1.1
12.08.2021 00:38:08.841,6.47812,6.4778,1.05,1.1
12.08.2021 00:38:14.217,6.47817,6.47782,1.05,1.1
12.08.2021 00:38:19.583,6.47817,6.477780000000001,1.05,1.1
12.08.2021 00:38:22.129,6.47816,6.477790000000001,1.05,1.1
12.08.2021 00:38:28.181,6.47816,6.477790000000001,1.05,1.1
12.08.2021 00:38:28.391,6.47812,6.477780000000001,1.05,1.1
12.08.2021 00:38:28.526,6.4781,6.477780000000001,1,1.1
12.08.2021 00:38:28.577,6.47804,6.47766,1,1
12.08.2021 00:38:28.678,6.47806,6.47762,1,1.5
12.08.2021 00:38:28.728,6.47804,6.47764,1,1
12.08.2021 00:38:28.829,6.47803,6.47764,1,1
12.08.2021 00:38:29.233,6.47803,6.477650000000001,1,1
12.08.2021 00:38:52.533,6.47815,6.47764,1.15,1
12.08.2021 00:38:58.821,6.47801,6.477650000000001,1,1
12.08.2021 00:38:59.463,6.47801,6.47761,1,1
12.08.2021 00:39:00.233,6.47801,6.477600000000001,1,1
12.08.2021 00:39:02.115,6.47801,6.47763,1,1
12.08.2021 00:39:02.253,6.47802,6.47766,1,1
12.08.2021 00:39:04.828,6.47802,6.47762,1,1
12.08.2021 00:39:05.943,6.47802,6.477600000000001,1,1
12.08.2021 00:39:27.896,6.47813,6.477600000000001,1.27,1
12.08.2021 00:39:27.946,6.47799,6.47761,1,1
12.08.2021 00:39:27.997,6.47806,6.47761,1.1,1
12.08.2021 00:39:28.048,6.478000000000001,6.477600000000001,1,1
12.08.2021 00:39:39.279,6.47813,6.47761,2.15,1
12.08.2021 00:40:04.025,6.478000000000001,6.47761,1,1
12.08.2021 00:40:04.374,6.4779800000000005,6.47761,1,1
12.08.2021 00:40:04.475,6.47797,6.477600000000001,1,1
12.08.2021 00:40:09.265,6.478000000000001,6.47761,1,1
12.08.2021 00:40:09.315,6.47801,6.477650000000001,1,1
12.08.2021 00:40:17.064,6.47807,6.47766,1.1,1
12.08.2021 00:40:17.290,6.47804,6.47759,1,1.57
12.08.2021 00:40:29.644,6.47806,6.477600000000001,1.1,1
12.08.2021 00:40:36.185,6.47813,6.47764,1.15,1
12.08.2021 00:40:36.301,6.47813,6.477650000000001,1.15,1
12.08.2021 00:40:36.402,6.47813,6.47767,1.15,1
12.08.2021 00:40:39.033,6.47815,6.47766,1.15,1.57
12.08.2021 00:40:39.184,6.47815,6.47768,1.15,1.1
12.08.2021 00:40:39.289,6.47815,6.47777,1,1
12.08.2021 00:40:39.340,6.478180000000001,6.47777,1,1.5
12.08.2021 00:40:39.391,6.47825,6.47777,1.5,1.5
12.08.2021 00:40:39.542,6.47827,6.47782,1.54,1
12.08.2021 00:40:40.362,6.47825,6.47781,1,1.57
12.08.2021 00:40:47.038,6.47824,6.477830000000001,1,1.1
12.08.2021 00:40:48.866,6.47825,6.47781,1,1
12.08.2021 00:42:01.778,6.478280000000001,6.47781,1.05,1
12.08.2021 00:42:03.442,6.47827,6.4778400000000005,1.05,1
12.08.2021 00:42:03.543,6.4783100000000005,6.47787,1.1,1.5
12.08.2021 00:42:03.593,6.47832,6.4779,1.1,1
12.08.2021 00:42:03.694,6.47836,6.47794,1.6,1
12.08.2021 00:42:04.163,6.47836,6.47794,1.1,1
12.08.2021 00:42:06.384,6.47841,6.4779800000000005,1.1,1
12.08.2021 00:42:06.485,6.47841,6.47799,1,1
12.08.2021 00:42:06.586,6.478400000000001,6.47801,1,1
12.08.2021 00:42:06.636,6.47846,6.47801,1.6,1.5
12.08.2021 00:42:06.737,6.478490000000001,6.47802,1.5,1
12.08.2021 00:42:07.032,6.47852,6.47806,1.6,1
12.08.2021 00:42:07.083,6.478540000000001,6.47807,1.6,1
12.08.2021 00:42:07.133,6.478530000000001,6.478090000000001,1.1,1
12.08.2021 00:42:07.234,6.478530000000001,6.4781,1.1,1
12.08.2021 00:42:09.424,6.478530000000001,6.4781,1.1,1
12.08.2021 00:42:09.774,6.478490000000001,6.47811,1,1
12.08.2021 00:42:10.772,6.478530000000001,6.4781,1.1,1
12.08.2021 00:42:12.802,6.478490000000001,6.47811,1,1
12.08.2021 00:42:13.726,6.478490000000001,6.4781,1,1.5
12.08.2021 00:42:30.458,6.478490000000001,6.47811,1,1
12.08.2021 00:42:30.508,6.478530000000001,6.4781,1,1
12.08.2021 00:42:30.559,6.47852,6.47815,1,1
12.08.2021 00:42:30.660,6.478490000000001,6.47815,1,1
12.08.2021 00:42:30.811,6.47856,6.4782,1,1
12.08.2021 00:42:30.861,6.478580000000001,6.47821,1,1
12.08.2021 00:42:30.912,6.47861,6.47822,1.5,1
12.08.2021 00:42:35.804,6.4785900000000005,6.478230000000001,1,1
12.08.2021 00:42:40.408,6.47861,6.47822,1,1
12.08.2021 00:42:40.528,6.47864,6.47825,1.5,1
12.08.2021 00:42:42.362,6.47862,6.478230000000001,1,1.5
12.08.2021 00:42:42.914,6.47865,6.47824,1.1,1
12.08.2021 00:42:43.617,6.47865,6.478230000000001,1.1,1.5
12.08.2021 00:42:49.216,6.47865,6.47824,1,1
12.08.2021 00:43:38.465,6.47865,6.47825,1,1.1
12.08.2021 00:43:59.706,6.47865,6.47824,1,1
12.08.2021 00:44:00.037,6.47855,6.47824,1,1
12.08.2021 00:44:00.435,6.4787,6.47825,1.1,1
12.08.2021 00:44:00.486,6.47865,6.47824,1,1
12.08.2021 00:44:02.834,6.47864,6.47824,1.5,1
12.08.2021 00:44:02.985,6.47855,6.478230000000001,1,1
12.08.2021 00:44:03.085,6.478540000000001,6.47822,1,1
12.08.2021 00:44:03.136,6.4786,6.47821,1.1,1
12.08.2021 00:44:04.134,6.47855,6.47821,1,1
12.08.2021 00:44:09.560,6.4785900000000005,6.47822,1.1,1
12.08.2021 00:44:19.552,6.478630000000001,6.47824,1.6,1
12.08.2021 00:44:19.653,6.47865,6.4783100000000005,1.5,1
12.08.2021 00:44:34.369,6.4787,6.4783100000000005,1.1,1
12.08.2021 00:44:34.420,6.4787,6.4783100000000005,1.1,1
12.08.2021 00:44:40.814,6.47869,6.47842,1.1,1
12.08.2021 00:44:59.108,6.4787,6.47836,1.1,1
12.08.2021 00:44:59.211,6.4787,6.47836,1.1,1
12.08.2021 00:44:59.312,6.47864,6.47832,1,1
12.08.2021 00:45:05.708,6.4787,6.47832,1.1,1
12.08.2021 00:45:05.758,6.47864,6.47832,1,1
12.08.2021 00:45:13.520,6.47879,6.47837,1.6,1
12.08.2021 00:45:13.621,6.47878,6.47841,1.6,1
12.08.2021 00:45:13.671,6.47869,6.47836,1,1
12.08.2021 00:45:18.677,6.47869,6.4783100000000005,1,1
12.08.2021 00:45:31.174,6.47869,6.478330000000001,1,1
12.08.2021 00:45:31.880,6.47869,6.4783100000000005,1,1
12.08.2021 00:45:32.333,6.47865,6.4783,1,1
12.08.2021 00:45:32.953,6.47864,6.4783,1,1
12.08.2021 00:45:36.331,6.478750000000001,6.47839,1.22,1
12.08.2021 00:45:36.382,6.47883,6.4783800000000005,3.97,1
12.08.2021 00:45:36.483,6.478750000000001,6.478330000000001,1.22,1
12.08.2021 00:45:36.533,6.478750000000001,6.47837,1.22,1
12.08.2021 00:45:36.634,6.47874,6.4783800000000005,1.22,1
12.08.2021 00:45:36.685,6.47885,6.47842,1.1,1.5
12.08.2021 00:45:36.735,6.47885,6.47846,1,1
12.08.2021 00:45:36.836,6.47885,6.478540000000001,1,1
12.08.2021 00:45:36.887,6.47888,6.478540000000001,1.5,1
12.08.2021 00:45:36.988,6.478940000000001,6.47856,1.6,1
12.08.2021 00:45:37.089,6.47897,6.478630000000001,1.6,1
12.08.2021 00:45:37.139,6.47897,6.47867,1.1,1
12.08.2021 00:45:37.190,6.47907,6.47867,1.97,1
12.08.2021 00:45:37.240,6.4789900000000005,6.47867,1,1
12.08.2021 00:45:39.049,6.479,6.47865,1,1
12.08.2021 00:45:39.150,6.478980000000001,6.47865,1,1
12.08.2021 00:45:39.201,6.478980000000001,6.478630000000001,1,1
12.08.2021 00:45:39.252,6.4789900000000005,6.47864,1.5,1
12.08.2021 00:45:39.303,6.47895,6.47862,1,1
12.08.2021 00:45:39.404,6.478940000000001,6.47862,1,1
12.08.2021 00:45:39.913,6.478940000000001,6.4786,1,1
12.08.2021 00:45:40.154,6.47895,6.4785900000000005,1.5,1
12.08.2021 00:45:40.533,6.47885,6.4785900000000005,1,1
12.08.2021 00:45:41.436,6.478840000000001,6.478580000000001,1,1
12.08.2021 00:45:41.487,6.47885,6.47852,1,1
12.08.2021 00:45:41.588,6.47885,6.478490000000001,1,1
12.08.2021 00:45:41.840,6.47885,6.47852,1,1
12.08.2021 00:45:41.940,6.47887,6.478530000000001,1,1
12.08.2021 00:45:47.813,6.47885,6.478530000000001,1,1
12.08.2021 00:45:48.858,6.47887,6.478530000000001,1,1
12.08.2021 00:45:49.664,6.47891,6.478540000000001,1,1
12.08.2021 00:45:49.915,6.47895,6.478530000000001,1,1
12.08.2021 00:45:50.016,6.478930000000001,6.478540000000001,1,1
12.08.2021 00:45:50.145,6.4789200000000005,6.47855,1.5,1
12.08.2021 00:45:51.033,6.4789200000000005,6.478540000000001,1.6,1
12.08.2021 00:45:51.135,6.47885,6.478530000000001,1,1
12.08.2021 00:45:52.059,6.478930000000001,6.478530000000001,2.85,1
12.08.2021 00:46:05.464,6.478940000000001,6.47856,1.6,1
12.08.2021 00:46:05.565,6.47895,6.47856,1,1
12.08.2021 00:46:07.573,6.47895,6.47857,1,1
12.08.2021 00:46:09.244,6.478940000000001,6.47857,1,1
12.08.2021 00:46:14.695,6.47897,6.47857,1.1,1.5
12.08.2021 00:46:14.796,6.47897,6.478680000000001,1,1
12.08.2021 00:46:14.897,6.478980000000001,6.478680000000001,1,1
12.08.2021 00:46:16.881,6.478980000000001,6.47861,1,1
12.08.2021 00:46:23.531,6.47895,6.47857,1,1
12.08.2021 00:46:25.791,6.478940000000001,6.47856,1,1.1
12.08.2021 00:46:29.051,6.478980000000001,6.47871,1,1
12.08.2021 00:46:29.102,6.478980000000001,6.4786600000000005,1,1
12.08.2021 00:46:29.153,6.47907,6.47862,1,1
12.08.2021 00:46:29.254,6.47917,6.47871,1.1,1
12.08.2021 00:46:29.405,6.4789900000000005,6.4786,1.1,1
12.08.2021 00:46:29.506,6.47895,6.4785900000000005,1,1
12.08.2021 00:46:29.557,6.478940000000001,6.47856,1,1
12.08.2021 00:46:29.671,6.478940000000001,6.47855,1,1
12.08.2021 00:46:29.822,6.478930000000001,6.47846,1.1,1.12
12.08.2021 00:46:29.873,6.4789200000000005,6.47847,1.6,1
12.08.2021 00:46:29.974,6.47888,6.47841,1.12,1.1
12.08.2021 00:46:30.025,6.47885,6.47841,1,1
12.08.2021 00:46:30.285,6.47886,6.47841,1,1
12.08.2021 00:46:30.815,6.478840000000001,6.47842,1,1
12.08.2021 00:46:35.785,6.47885,6.47842,1,1
12.08.2021 00:46:37.495,6.47885,6.47841,1,1
12.08.2021 00:46:38.025,6.47886,6.47841,1,1
12.08.2021 00:46:39.252,6.47885,6.47843,1,1
12.08.2021 00:46:39.702,6.47886,6.4784500000000005,1,1
12.08.2021 00:46:41.213,6.478890000000001,6.4784500000000005,1.1,1.5
12.08.2021 00:46:44.370,6.47888,6.47846,1.1,1.6
12.08.2021 00:46:47.084,6.478890000000001,6.4784500000000005,1.1,2.35
12.08.2021 00:46:47.235,6.4789,6.47852,1.2,1
12.08.2021 00:46:47.386,6.478940000000001,6.47855,1.57,1
12.08.2021 00:46:47.503,6.478930000000001,6.478530000000001,1.1,1.5
12.08.2021 00:46:52.234,6.478930000000001,6.47857,1.1,1
12.08.2021 00:46:53.756,6.478980000000001,6.4785900000000005,1,1
12.08.2021 00:46:53.857,6.479010000000001,6.47864,1.1,1
12.08.2021 00:46:53.907,6.47909,6.47864,1.67,1
12.08.2021 00:46:53.958,6.479010000000001,6.47867,1,1
12.08.2021 00:46:54.059,6.47902,6.4786600000000005,1.6,1
12.08.2021 00:46:54.160,6.47902,6.4786600000000005,1.1,1
12.08.2021 00:46:54.726,6.4790600000000005,6.47869,1.1,1
12.08.2021 00:46:54.827,6.47914,6.47871,2.22,1.5
12.08.2021 00:46:54.878,6.47914,6.47871,2.17,1.5
12.08.2021 00:46:54.928,6.47916,6.4787300000000005,1.7,1
12.08.2021 00:46:54.979,6.47917,6.47872,1.1,1
12.08.2021 00:46:55.098,6.479030000000001,6.47871,1,1
12.08.2021 00:46:55.199,6.47904,6.4787,1.1,1
12.08.2021 00:46:55.250,6.479030000000001,6.478680000000001,1.1,1
12.08.2021 00:46:55.351,6.479030000000001,6.478680000000001,1.1,1
12.08.2021 00:46:55.584,6.479030000000001,6.478680000000001,1.1,1
12.08.2021 00:46:55.690,6.479030000000001,6.478680000000001,1.1,1
12.08.2021 00:46:55.841,6.479010000000001,6.47865,1.1,1
12.08.2021 00:46:56.976,6.479010000000001,6.478630000000001,1.1,1
12.08.2021 00:46:57.605,6.479,6.4786,1,1.57
12.08.2021 00:46:57.758,6.4789900000000005,6.4786,1,1.57
12.08.2021 00:46:59.266,6.478940000000001,6.4786,1,1.5
12.08.2021 00:46:59.510,6.478940000000001,6.47856,1,1
12.08.2021 00:46:59.561,6.478940000000001,6.478540000000001,1.5,1
12.08.2021 00:46:59.662,6.47891,6.47855,1,1
12.08.2021 00:46:59.763,6.47891,6.47855,1.05,1
12.08.2021 00:46:59.864,6.47891,6.47855,1,1
12.08.2021 00:47:00.112,6.478940000000001,6.47855,1.5,1
12.08.2021 00:47:03.115,6.478940000000001,6.47864,1.1,1
12.08.2021 00:47:05.644,6.478940000000001,6.4785900000000005,1,1.5
12.08.2021 00:47:11.435,6.47895,6.478630000000001,1,1
12.08.2021 00:47:11.485,6.478980000000001,6.47861,1,1.1
12.08.2021 00:47:11.536,6.479,6.478680000000001,1.54,1
12.08.2021 00:47:13.399,6.479150000000001,6.478840000000001,2.15,1
12.08.2021 00:47:13.449,6.47916,6.47885,1,1.5
12.08.2021 00:47:13.550,6.47923,6.478840000000001,1.6,1.5
12.08.2021 00:47:13.654,6.479190000000001,6.47879,1.1,1.5
12.08.2021 00:47:13.755,6.47926,6.478800000000001,1.6,1.1
12.08.2021 00:47:13.805,6.47925,6.478840000000001,1.6,1
12.08.2021 00:47:13.906,6.479240000000001,6.478890000000001,1.1,1
12.08.2021 00:47:13.957,6.4793,6.47888,1.1,1
12.08.2021 00:47:14.059,6.4793,6.47883,1.1,1.5
12.08.2021 00:47:14.183,6.479290000000001,6.478840000000001,1.1,1.5
12.08.2021 00:47:14.967,6.4793,6.47885,1.1,1
12.08.2021 00:47:15.068,6.4793,6.47897,1.1,1
12.08.2021 00:47:15.119,6.47936,6.47897,1.6,1
12.08.2021 00:47:15.220,6.479380000000001,6.47902,1,1
12.08.2021 00:47:15.270,6.4795300000000005,6.47905,3.67,1
12.08.2021 00:47:15.321,6.47951,6.47909,1.1,1
12.08.2021 00:47:15.371,6.47952,6.47912,1.1,1
12.08.2021 00:47:15.660,6.47952,6.479080000000001,1.1,1
12.08.2021 00:47:15.812,6.47952,6.47909,1.1,1
12.08.2021 00:47:16.155,6.47952,6.47909,1,1
12.08.2021 00:47:16.489,6.47951,6.47909,1.1,1
12.08.2021 00:47:16.540,6.47951,6.47909,1.1,1
12.08.2021 00:47:19.649,6.47951,6.479100000000001,1.1,1
12.08.2021 00:47:19.841,6.47952,6.47909,1,1
12.08.2021 00:47:19.942,6.4795300000000005,6.47912,1.6,1
12.08.2021 00:47:20.043,6.4795300000000005,6.4791300000000005,1.5,1
12.08.2021 00:47:20.194,6.47954,6.47914,1,1
12.08.2021 00:47:37.013,6.479590000000001,6.47914,1.2,1
12.08.2021 00:47:38.932,6.479590000000001,6.47914,1.1,1
12.08.2021 00:47:39.134,6.47958,6.479150000000001,1.2,1
12.08.2021 00:47:42.025,6.4796000000000005,6.479150000000001,1.6,1.5
12.08.2021 00:47:42.076,6.47962,6.479190000000001,1.1,1
12.08.2021 00:47:42.177,6.47963,6.47922,1.6,1
12.08.2021 00:47:42.228,6.47962,6.4792000000000005,1,1.5
12.08.2021 00:47:42.329,6.479640000000001,6.479380000000001,1,1.5
12.08.2021 00:47:42.381,6.479680000000001,6.47944,1.12,1.5
12.08.2021 00:47:42.432,6.47977,6.479500000000001,1.5,1
12.08.2021 00:47:42.482,6.47976,6.47951,1,1
12.08.2021 00:47:42.533,6.47993,6.47963,1.5,1.5
12.08.2021 00:47:42.584,6.47998,6.47963,1,1.5
12.08.2021 00:47:42.685,6.479990000000001,6.47965,1,1
12.08.2021 00:47:42.887,6.479990000000001,6.47962,1,1
12.08.2021 00:47:42.988,6.479990000000001,6.47963,1,1
12.08.2021 00:47:43.325,6.48,6.47966,1,1
12.08.2021 00:47:44.089,6.48,6.479640000000001,1,1
12.08.2021 00:47:44.140,6.479990000000001,6.47971,1,1
12.08.2021 00:47:44.191,6.4801,6.47971,1,1
12.08.2021 00:47:44.292,6.480090000000001,6.479730000000001,1.5,1.5
12.08.2021 00:47:47.299,6.4801,6.479680000000001,1.5,1
12.08.2021 00:47:47.819,6.48,6.479680000000001,1,1
12.08.2021 00:47:56.883,6.48002,6.479690000000001,1,1.6
12.08.2021 00:47:57.059,6.48003,6.479680000000001,1,1
12.08.2021 00:47:57.109,6.479990000000001,6.479690000000001,1,1
12.08.2021 00:47:57.168,6.48003,6.479680000000001,1,1
12.08.2021 00:47:57.219,6.479990000000001,6.479690000000001,1,1
12.08.2021 00:47:58.047,6.48003,6.479680000000001,1,1
12.08.2021 00:47:58.098,6.479990000000001,6.479690000000001,1,1
12.08.2021 00:47:59.228,6.48003,6.479680000000001,1,1
12.08.2021 00:48:00.322,6.48002,6.4797400000000005,1,1
12.08.2021 00:48:00.956,6.48005,6.4797400000000005,1,1
12.08.2021 00:48:03.778,6.48,6.479730000000001,1,1
12.08.2021 00:48:04.179,6.48,6.479680000000001,1,1
12.08.2021 00:48:06.357,6.4799500000000005,6.479690000000001,1,1
12.08.2021 00:48:06.458,6.4798,6.479480000000001,1,1.5
12.08.2021 00:48:06.509,6.479680000000001,6.479480000000001,1,1.5
12.08.2021 00:48:06.609,6.47966,6.479330000000001,1,4.5
12.08.2021 00:48:06.660,6.47958,6.47932,1,1
12.08.2021 00:48:06.761,6.47946,6.47907,1,1
12.08.2021 00:48:06.862,6.479430000000001,6.478930000000001,1,1
12.08.2021 00:48:06.963,6.4794,6.4789900000000005,1,1
12.08.2021 00:48:07.114,6.47942,6.47909,1,1
12.08.2021 00:48:07.164,6.47945,6.479100000000001,1,1
12.08.2021 00:48:07.265,6.47947,6.47909,1,1
12.08.2021 00:48:23.037,6.47944,6.479030000000001,1,1.1
12.08.2021 00:48:23.188,6.479430000000001,6.479030000000001,1,1
12.08.2021 00:48:23.339,6.47944,6.47895,1,1.5
12.08.2021 00:48:24.279,6.479430000000001,6.479,1,1.1
12.08.2021 00:48:34.985,6.479430000000001,6.47897,1,1.1
12.08.2021 00:48:35.876,6.47944,6.47895,1,1.5
12.08.2021 00:48:35.927,6.4794,6.47896,1,1
12.08.2021 00:48:36.031,6.47936,6.47896,1,1
12.08.2021 00:48:36.082,6.47937,6.4789,1,1.1
12.08.2021 00:48:36.183,6.479330000000001,6.4789,1,1.1
12.08.2021 00:48:36.305,6.479240000000001,6.47891,1,1.1
12.08.2021 00:48:36.356,6.479240000000001,6.47887,1,1.1
12.08.2021 00:48:36.406,6.4792000000000005,6.47887,1,1.1
12.08.2021 00:48:36.632,6.47916,6.47886,1,1.1
12.08.2021 00:48:37.497,6.47916,6.47885,1,1.1
12.08.2021 00:48:41.304,6.479150000000001,6.478840000000001,1,1
12.08.2021 00:48:41.355,6.47918,6.47883,1,1
12.08.2021 00:48:43.330,6.47917,6.47877,1,1.05
12.08.2021 00:48:46.215,6.4791300000000005,6.47877,1,1.05
12.08.2021 00:48:46.266,6.479150000000001,6.47877,1,1.05
12.08.2021 00:48:46.317,6.47905,6.47862,1,1.05
12.08.2021 00:48:46.368,6.479030000000001,6.47857,1,2.35
12.08.2021 00:48:46.469,6.479010000000001,6.47856,1,1.6
12.08.2021 00:48:46.571,6.47895,6.47861,1,1
12.08.2021 00:48:46.672,6.47891,6.4786,1,1
12.08.2021 00:48:46.773,6.4789200000000005,6.4786,1,1
12.08.2021 00:48:47.070,6.47896,6.478630000000001,1,1
12.08.2021 00:48:47.172,6.47896,6.4786600000000005,1,1
12.08.2021 00:48:47.273,6.47897,6.47871,1,1
12.08.2021 00:48:50.167,6.47897,6.4786600000000005,1,1
12.08.2021 00:48:50.218,6.478930000000001,6.4786600000000005,1,1
12.08.2021 00:48:50.269,6.4789,6.4784500000000005,1,1.6
12.08.2021 00:48:50.369,6.47881,6.4783800000000005,1,2.35
12.08.2021 00:48:50.521,6.47887,6.47847,1,1
12.08.2021 00:48:50.622,6.478930000000001,6.478540000000001,1,1
12.08.2021 00:48:50.917,6.478930000000001,6.47855,1,1
12.08.2021 00:48:57.232,6.47897,6.47855,1,1
12.08.2021 00:49:00.650,6.479030000000001,6.478540000000001,1,1
12.08.2021 00:49:01.124,6.479030000000001,6.47856,1,1
12.08.2021 00:49:06.300,6.47902,6.47855,1,1
12.08.2021 00:49:06.384,6.479030000000001,6.47856,1,1
12.08.2021 00:49:06.604,6.47902,6.47855,1,1
12.08.2021 00:49:07.413,6.47902,6.47857,1,1
12.08.2021 00:49:13.414,6.47902,6.47864,1,1
12.08.2021 00:49:13.715,6.47905,6.478630000000001,1,1
12.08.2021 00:49:13.816,6.47905,6.4786600000000005,1,1
12.08.2021 00:49:13.917,6.47909,6.4786600000000005,1,1
12.08.2021 00:49:13.974,6.47916,6.4787300000000005,1,1
12.08.2021 00:49:14.075,6.4792000000000005,6.4787300000000005,1,1
12.08.2021 00:49:14.126,6.47922,6.4787300000000005,1,1
12.08.2021 00:49:14.328,6.47921,6.47869,1,1
12.08.2021 00:49:14.379,6.479190000000001,6.47867,1,1
12.08.2021 00:49:14.530,6.479150000000001,6.478680000000001,1,1
12.08.2021 00:49:25.708,6.479150000000001,6.47867,1,1
12.08.2021 00:49:25.809,6.47912,6.478680000000001,1,1
12.08.2021 00:49:25.860,6.47912,6.4786,1,2.82
12.08.2021 00:49:25.911,6.479080000000001,6.4786,1,1.5
12.08.2021 00:49:26.900,6.479080000000001,6.47857,1,1.95
12.08.2021 00:49:27.096,6.47905,6.47856,1,1.2
12.08.2021 00:49:30.248,6.479010000000001,6.47856,1,1.57
12.08.2021 00:49:32.634,6.479010000000001,6.478530000000001,1,1.95
12.08.2021 00:49:34.504,6.47897,6.478530000000001,1,1.2
12.08.2021 00:49:35.261,6.47896,6.47857,1,1
12.08.2021 00:49:36.053,6.47896,6.478540000000001,1,1.1
12.08.2021 00:49:36.457,6.47897,6.4785,1,1
12.08.2021 00:49:36.624,6.47896,6.47846,1,1.5
12.08.2021 00:49:36.724,6.4789200000000005,6.47842,1,1.6
12.08.2021 00:49:36.926,6.4789200000000005,6.47846,1,1
12.08.2021 00:49:41.066,6.4789200000000005,6.47847,1,1
12.08.2021 00:49:41.707,6.47896,6.478530000000001,1,1
12.08.2021 00:49:42.585,6.4789200000000005,6.4785,1,1
12.08.2021 00:49:42.636,6.4789200000000005,6.47847,1,1
12.08.2021 00:49:43.701,6.478930000000001,6.478490000000001,1,1
12.08.2021 00:49:43.751,6.47896,6.478530000000001,1,1
12.08.2021 00:49:43.802,6.4790600000000005,6.478580000000001,1.6,1
12.08.2021 00:49:50.520,6.47896,6.478530000000001,1,1
12.08.2021 00:50:00.064,6.47896,6.478540000000001,1.5,1
12.08.2021 00:50:00.165,6.47907,6.4785900000000005,1.1,1
12.08.2021 00:50:00.274,6.47907,6.4785900000000005,1.1,1
12.08.2021 00:50:00.375,6.47911,6.478630000000001,1.6,1
12.08.2021 00:50:00.527,6.47911,6.478630000000001,1.1,1
12.08.2021 00:50:00.678,6.47912,6.47862,1,1
12.08.2021 00:50:10.889,6.47916,6.4786600000000005,1,1.12
12.08.2021 00:50:15.986,6.47916,6.4786600000000005,1.1,1
12.08.2021 00:50:16.138,6.479150000000001,6.47867,1.1,1
12.08.2021 00:50:16.802,6.479100000000001,6.4786600000000005,1,1
12.08.2021 00:50:18.997,6.47909,6.478630000000001,1,1
12.08.2021 00:50:28.108,6.4791300000000005,6.47865,1,1
12.08.2021 00:50:28.159,6.479150000000001,6.47865,1,1
12.08.2021 00:50:28.209,6.479150000000001,6.47865,1,1.5
12.08.2021 00:50:28.607,6.47917,6.478680000000001,1.2,1.5
12.08.2021 00:50:28.895,6.47918,6.478680000000001,1.6,1.5
12.08.2021 00:50:28.996,6.47914,6.47867,1.1,1.5
12.08.2021 00:50:29.046,6.479150000000001,6.4786600000000005,1.1,1
12.08.2021 00:50:30.164,6.479150000000001,6.4786600000000005,1.1,1
12.08.2021 00:50:38.551,6.47914,6.47864,1.1,1
12.08.2021 00:50:38.601,6.47909,6.478630000000001,1,1
12.08.2021 00:50:38.958,6.479100000000001,6.47861,1,1
12.08.2021 00:50:39.059,6.47909,6.47861,1.1,1
12.08.2021 00:50:39.372,6.479080000000001,6.4785900000000005,1,1
12.08.2021 00:50:42.247,6.4790600000000005,6.4785900000000005,1.5,1
12.08.2021 00:50:42.466,6.47911,6.47865,1.12,1
12.08.2021 00:50:42.572,6.479150000000001,6.4786600000000005,2.07,1
12.08.2021 00:50:42.835,6.47918,6.478680000000001,2.1,1
12.08.2021 00:50:42.936,6.479190000000001,6.4786600000000005,1.1,1
12.08.2021 00:50:45.707,6.47918,6.47867,1,1
12.08.2021 00:50:47.013,6.47918,6.47867,1.1,1
12.08.2021 00:50:49.395,6.479190000000001,6.47867,1,1
12.08.2021 00:50:49.577,6.47922,6.4787,1.6,1
12.08.2021 00:50:50.072,6.479190000000001,6.47871,1,1
12.08.2021 00:50:50.948,6.4792000000000005,6.47867,1.1,1.5
12.08.2021 00:50:51.062,6.47918,6.47867,1.1,1
12.08.2021 00:50:51.336,6.47918,6.47865,1.1,1
12.08.2021 00:50:51.437,6.479150000000001,6.47864,1.1,1
12.08.2021 00:50:51.985,6.47911,6.478630000000001,1,1
12.08.2021 00:50:52.707,6.479100000000001,6.478630000000001,1.6,1
12.08.2021 00:50:52.826,6.47907,6.47861,1.1,1
12.08.2021 00:50:53.419,6.47905,6.47861,1,1
12.08.2021 00:50:53.521,6.478980000000001,6.478530000000001,1,1
12.08.2021 00:50:53.622,6.478980000000001,6.478540000000001,1.1,1
12.08.2021 00:51:05.579,6.478980000000001,6.478540000000001,1.1,1
12.08.2021 00:51:14.694,6.478940000000001,6.478540000000001,1,1
12.08.2021 00:51:30.623,6.478980000000001,6.478540000000001,1,1
12.08.2021 00:51:30.674,6.479030000000001,6.47856,1.6,1
12.08.2021 00:51:31.004,6.479030000000001,6.47856,1.6,1
12.08.2021 00:51:53.064,6.47902,6.47857,1.65,1
12.08.2021 00:51:53.215,6.4790600000000005,6.47857,1.15,1
12.08.2021 00:51:53.359,6.4790600000000005,6.47857,1.15,1.12
12.08.2021 00:51:53.706,6.47905,6.478580000000001,1.15,1.12
12.08.2021 00:51:54.363,6.4790600000000005,6.4786,1.15,1.1
12.08.2021 00:51:56.563,6.47905,6.478580000000001,1.15,1.12
12.08.2021 00:51:57.108,6.4790600000000005,6.47857,1.15,1.12
12.08.2021 00:52:01.160,6.47905,6.478580000000001,1.15,1.95
12.08.2021 00:52:03.517,6.4790600000000005,6.4786,1.15,1.1
12.08.2021 00:52:05.790,6.4790600000000005,6.47857,1.15,1.57
12.08.2021 00:52:30.160,6.47902,6.478580000000001,1.05,1
12.08.2021 00:52:37.303,6.47907,6.4786,1.15,1
12.08.2021 00:52:38.765,6.4790600000000005,6.47861,1.15,1
12.08.2021 00:52:38.865,6.47907,6.47864,1,1.12
12.08.2021 00:52:38.916,6.47909,6.478680000000001,1,1.5
12.08.2021 00:52:38.966,6.479150000000001,6.47871,1.05,1.5
12.08.2021 00:52:39.067,6.47914,6.47872,1.05,1.6
12.08.2021 00:52:39.187,6.479150000000001,6.47871,1,1.1
12.08.2021 00:52:41.127,6.479150000000001,6.47871,1.05,1
12.08.2021 00:52:41.392,6.47911,6.47869,1,1
12.08.2021 00:52:41.594,6.47911,6.478680000000001,1,1.1
12.08.2021 00:52:42.477,6.479080000000001,6.47865,1,1.1
12.08.2021 00:52:42.527,6.4790600000000005,6.4786,1,1.2
12.08.2021 00:52:42.794,6.479010000000001,6.478580000000001,1,1.65
12.08.2021 00:52:42.895,6.479010000000001,6.478580000000001,1,1.65
12.08.2021 00:52:43.074,6.479010000000001,6.478580000000001,1,1.65
12.08.2021 00:52:43.406,6.479080000000001,6.4786,1,1.6
12.08.2021 00:52:44.654,6.47907,6.47861,1,1.15
12.08.2021 00:52:47.841,6.479100000000001,6.47865,1,1.1
12.08.2021 00:52:47.944,6.47909,6.4786600000000005,1,1.6
12.08.2021 00:52:48.045,6.47916,6.478750000000001,1,1
12.08.2021 00:52:48.095,6.47918,6.47877,1,1
12.08.2021 00:52:48.197,6.47925,6.478800000000001,1,1
12.08.2021 00:52:48.298,6.4793,6.47885,1.5,1
12.08.2021 00:52:48.449,6.47926,6.47882,1,1
12.08.2021 00:52:49.709,6.4793,6.478840000000001,1,1
12.08.2021 00:52:49.961,6.4793400000000005,6.47887,1,1
12.08.2021 00:53:01.075,6.47925,6.47887,1,1
12.08.2021 00:53:01.126,6.47927,6.47881,1,1.57
12.08.2021 00:53:01.227,6.47923,6.47882,1,1
12.08.2021 00:53:01.278,6.4792000000000005,6.47876,1,1
12.08.2021 00:53:01.379,6.47918,6.4787300000000005,1,1.1
12.08.2021 00:53:01.429,6.4792000000000005,6.47872,1,1.1
12.08.2021 00:53:01.995,6.479190000000001,6.4787,1,1.1
12.08.2021 00:53:05.831,6.47917,6.47871,1.1,1.1
12.08.2021 00:53:05.882,6.47914,6.47871,1,1.1
12.08.2021 00:53:06.033,6.4792000000000005,6.47878,1.1,1
12.08.2021 00:53:06.083,6.479240000000001,6.47879,1,1
12.08.2021 00:53:06.134,6.47926,6.478800000000001,1,1
12.08.2021 00:53:06.235,6.47927,6.47879,1,1.6
12.08.2021 00:53:06.297,6.479280000000001,6.47883,1,1
12.08.2021 00:53:10.408,6.479100000000001,6.478840000000001,1,1
12.08.2021 00:53:10.509,6.47904,6.4786,1.5,1.5
12.08.2021 00:53:10.560,6.4789900000000005,6.47856,1,1
12.08.2021 00:53:10.611,6.47895,6.47855,1,1
12.08.2021 00:53:10.712,6.478940000000001,6.47855,1,1
12.08.2021 00:53:11.143,6.478940000000001,6.4785,1,1.5
12.08.2021 00:53:11.257,6.47895,6.478490000000001,1,1
12.08.2021 00:53:11.964,6.47895,6.4785,1,1
12.08.2021 00:53:14.913,6.47896,6.4785,1,1.1
12.08.2021 00:53:15.582,6.4789,6.47851,1,1.1
12.08.2021 00:53:24.362,6.47895,6.47851,1,1.1
12.08.2021 00:53:26.712,6.47896,6.478490000000001,1.1,1
12.08.2021 00:53:27.023,6.47896,6.478490000000001,1.1,1
12.08.2021 00:53:27.524,6.47896,6.478490000000001,1,1
12.08.2021 00:53:27.887,6.47895,6.4785,1.1,1
12.08.2021 00:53:28.009,6.47895,6.4785,1,1
12.08.2021 00:53:28.110,6.47895,6.4785,1.1,1
12.08.2021 00:53:28.386,6.47896,6.478490000000001,1.1,1
12.08.2021 00:53:31.669,6.47895,6.4785,1.1,1
12.08.2021 00:53:35.060,6.47895,6.4785,1.1,1
12.08.2021 00:53:44.250,6.478630000000001,6.47847,1,1.5
12.08.2021 00:53:44.300,6.47864,6.47827,1,1
12.08.2021 00:53:44.351,6.47865,6.47824,1,1
12.08.2021 00:53:44.451,6.47846,6.47807,1,1
12.08.2021 00:53:44.552,6.47842,6.4779800000000005,1,1
12.08.2021 00:53:44.603,6.4783,6.47794,1,1
12.08.2021 00:53:44.654,6.47834,6.47792,1,1
12.08.2021 00:53:44.829,6.47839,6.47789,1,1
12.08.2021 00:53:44.930,6.47839,6.4779,1.5,1
12.08.2021 00:53:44.981,6.47842,6.477930000000001,1.5,1
12.08.2021 00:53:45.031,6.47842,6.477930000000001,1,1.5
12.08.2021 00:53:45.082,6.47848,6.47797,1.5,1
12.08.2021 00:53:46.088,6.47847,6.4779800000000005,1,1.1
12.08.2021 00:53:46.692,6.47847,6.4779800000000005,1,1.1
12.08.2021 00:53:47.622,6.47847,6.4779800000000005,1,1.6
12.08.2021 00:53:47.910,6.478490000000001,6.47801,1,1.5
12.08.2021 00:53:48.617,6.47852,6.4780500000000005,1,1.12
12.08.2021 00:53:49.585,6.478350000000001,6.47796,1.1,1.5
12.08.2021 00:53:49.686,6.478180000000001,6.47787,1.5,1
12.08.2021 00:53:49.787,6.478180000000001,6.477830000000001,2.25,1.5
12.08.2021 00:53:50.125,6.47813,6.47777,1,2.82
12.08.2021 00:53:50.277,6.478140000000001,6.47782,1,1
12.08.2021 00:53:51.761,6.47812,6.47782,1,1
12.08.2021 00:53:51.812,6.4781,6.47767,1,1.5
12.08.2021 00:53:51.862,6.47806,6.47763,1,1
12.08.2021 00:53:51.913,6.47807,6.477580000000001,1,1.1
12.08.2021 00:53:52.015,6.47806,6.47759,1,1
12.08.2021 00:53:52.490,6.47807,6.477580000000001,1,2.07
12.08.2021 00:53:52.846,6.47807,6.47763,1,1.12
12.08.2021 00:53:52.997,6.47807,6.47763,1,1.7
12.08.2021 00:53:53.123,6.47811,6.47767,1,1.5
12.08.2021 00:53:54.347,6.47811,6.47772,1,1
12.08.2021 00:53:54.449,6.47811,6.47768,1,1
12.08.2021 00:54:07.173,6.47811,6.47773,1,1
12.08.2021 00:54:07.274,6.47812,6.477780000000001,1,1
12.08.2021 00:54:07.376,6.47812,6.47794,1,1
12.08.2021 00:54:07.577,6.478180000000001,6.47802,1.14,1
12.08.2021 00:54:07.678,6.478280000000001,6.47794,1.81,1
12.08.2021 00:54:08.063,6.478400000000001,6.47794,1,1
12.08.2021 00:54:08.224,6.47842,6.47797,1,1
12.08.2021 00:54:08.333,6.47843,6.47797,1.12,1
12.08.2021 00:54:11.806,6.4783100000000005,6.477830000000001,1,2.07
12.08.2021 00:54:11.907,6.47815,6.47767,1,1
12.08.2021 00:54:12.008,6.47806,6.47761,1,1
12.08.2021 00:54:12.159,6.47796,6.4775,1.5,1.5
12.08.2021 00:54:12.209,6.47797,6.47749,1.5,1
12.08.2021 00:54:12.260,6.47796,6.47746,2.25,1
12.08.2021 00:54:12.310,6.47797,6.47755,1,1.5
12.08.2021 00:54:12.411,6.47812,6.47767,1,1
12.08.2021 00:54:12.562,6.47816,6.477690000000001,1.2,1
12.08.2021 00:54:12.663,6.478190000000001,6.47771,2,1
12.08.2021 00:54:12.714,6.478190000000001,6.47771,1.5,1
12.08.2021 00:54:12.765,6.478190000000001,6.47776,1,1
12.08.2021 00:54:12.916,6.478280000000001,6.47786,2.62,1
12.08.2021 00:54:13.017,6.47827,6.47795,1,1
12.08.2021 00:54:13.067,6.47837,6.47795,1,1.57
12.08.2021 00:54:13.168,6.478440000000001,6.47802,1,1
12.08.2021 00:54:13.218,6.47848,6.47803,1,1
12.08.2021 00:54:13.269,6.47848,6.478000000000001,1,1.57
12.08.2021 00:54:13.320,6.47852,6.47799,1,1.5
12.08.2021 00:54:13.421,6.47848,6.478000000000001,1.5,1
12.08.2021 00:54:13.522,6.47855,6.47803,1,1
12.08.2021 00:54:14.255,6.478540000000001,6.47807,1.1,1
12.08.2021 00:54:17.079,6.47851,6.47807,1.1,1
12.08.2021 00:54:17.478,6.47857,6.47806,1.57,1
12.08.2021 00:54:17.687,6.478580000000001,6.47806,1,1.1
12.08.2021 00:54:17.738,6.47862,6.47811,1,1
12.08.2021 00:54:17.889,6.47864,6.47812,1.1,1
12.08.2021 00:54:19.637,6.4786600000000005,6.47812,1,1
12.08.2021 00:54:19.687,6.47869,6.47817,1,1
12.08.2021 00:54:26.966,6.47867,6.478180000000001,1.1,1
12.08.2021 00:54:27.103,6.4786600000000005,6.478180000000001,1.1,1
12.08.2021 00:54:28.351,6.47864,6.47817,1.1,1
12.08.2021 00:54:29.219,6.47861,6.478180000000001,1.1,1
12.08.2021 00:54:29.320,6.47861,6.478140000000001,1.1,1
12.08.2021 00:54:29.637,6.47862,6.47815,1.1,1
12.08.2021 00:54:30.639,6.47864,6.478140000000001,1.1,1
12.08.2021 00:54:30.760,6.47865,6.478140000000001,1,1
12.08.2021 00:54:34.580,6.47862,6.47815,1,1
12.08.2021 00:54:34.681,6.4786,6.47812,2.32,1
12.08.2021 00:54:34.731,6.4786,6.47812,2.35,1
12.08.2021 00:54:34.901,6.4786,6.47812,2.35,1
12.08.2021 00:54:35.002,6.47856,6.4781,1.1,1
12.08.2021 00:54:39.318,6.4785900000000005,6.47829,1,1
12.08.2021 00:54:39.369,6.4787,6.478280000000001,1.6,1
12.08.2021 00:54:39.469,6.47864,6.478260000000001,1,1
12.08.2021 00:54:39.521,6.47869,6.478260000000001,1.1,1
12.08.2021 00:54:39.571,6.4787300000000005,6.478350000000001,1.1,1
12.08.2021 00:54:39.773,6.4787300000000005,6.47839,1,1
12.08.2021 00:54:39.924,6.4787300000000005,6.47842,1,1
12.08.2021 00:54:40.922,6.47881,6.47841,1,1
12.08.2021 00:54:40.972,6.478800000000001,6.47842,1.1,1
12.08.2021 00:54:41.073,6.47883,6.47842,1.1,1
12.08.2021 00:54:41.124,6.478840000000001,6.47841,1.5,1
12.08.2021 00:54:46.344,6.478890000000001,6.47846,1.2,1
12.08.2021 00:54:46.446,6.47891,6.478490000000001,1.7,1
12.08.2021 00:54:46.547,6.479030000000001,6.47855,1.5,1
12.08.2021 00:54:46.648,6.47904,6.47857,1.6,1
12.08.2021 00:54:46.824,6.47902,6.47857,1,1
12.08.2021 00:54:46.925,6.4789200000000005,6.478580000000001,1,1
12.08.2021 00:54:47.040,6.478930000000001,6.47856,1,1
12.08.2021 00:54:47.192,6.478930000000001,6.47852,1,1
12.08.2021 00:54:47.242,6.4789,6.478530000000001,1,1
12.08.2021 00:54:48.702,6.4789,6.4785,1,1
12.08.2021 00:54:48.967,6.47887,6.478490000000001,1,1
12.08.2021 00:54:49.579,6.47882,6.4785,1,1
12.08.2021 00:54:52.925,6.47885,6.478490000000001,1.1,1
12.08.2021 00:54:53.076,6.478890000000001,6.478490000000001,1.1,1
12.08.2021 00:54:53.881,6.4789,6.4785,1.1,1
12.08.2021 00:54:54.208,6.4789,6.478530000000001,1.1,1
12.08.2021 00:54:54.411,6.4789200000000005,6.478530000000001,1,1
12.08.2021 00:54:54.562,6.478930000000001,6.478540000000001,1,1
12.08.2021 00:54:54.866,6.478940000000001,6.478540000000001,1,1
12.08.2021 00:54:54.968,6.47897,6.478540000000001,1.2,1
12.08.2021 00:54:55.707,6.47895,6.47855,1.1,1
12.08.2021 00:54:57.713,6.478940000000001,6.478540000000001,1.1,1
12.08.2021 00:54:57.814,6.478940000000001,6.478530000000001,1.1,1
12.08.2021 00:54:58.712,6.478890000000001,6.478530000000001,1.1,1
12.08.2021 00:54:59.934,6.47888,6.478530000000001,1.1,1
12.08.2021 00:55:00.096,6.47886,6.478540000000001,1,1
12.08.2021 00:55:00.197,6.47886,6.4785,1,1
12.08.2021 00:55:00.248,6.47887,6.47852,1.1,1
12.08.2021 00:55:00.349,6.478260000000001,6.47803,1,1
12.08.2021 00:55:00.449,6.478230000000001,6.47777,1,1
12.08.2021 00:55:00.500,6.47817,6.477740000000001,1,1
12.08.2021 00:55:00.601,6.47812,6.47771,1,1
12.08.2021 00:55:00.651,6.4781,6.47768,1,1
12.08.2021 00:55:00.752,6.47811,6.47762,1,1
12.08.2021 00:55:00.956,6.47811,6.4777000000000005,1,1
12.08.2021 00:55:01.057,6.478180000000001,6.4777000000000005,1,1
12.08.2021 00:55:01.163,6.47816,6.47771,1,1
12.08.2021 00:55:01.395,6.47817,6.477740000000001,1,1
12.08.2021 00:55:01.496,6.47817,6.47775,1,1
12.08.2021 00:55:01.638,6.478140000000001,6.47775,1.1,1
12.08.2021 00:55:02.743,6.478140000000001,6.47773,1.1,1
12.08.2021 00:55:02.794,6.47807,6.47771,1,1
12.08.2021 00:55:03.923,6.47812,6.47771,1.1,1
12.08.2021 00:55:07.244,6.47813,6.4777000000000005,1.1,1
12.08.2021 00:55:09.427,6.47813,6.47767,1.1,1
12.08.2021 00:55:09.585,6.47806,6.47768,1,1
12.08.2021 00:55:09.676,6.47812,6.47768,1.1,1
12.08.2021 00:55:10.922,6.47813,6.47768,1,1
12.08.2021 00:55:10.973,6.478190000000001,6.47768,1.6,1
