Gmt time,Ask,Bid,AskVolume,BidVolume
10.08.2021 00:00:00.114,0.92098,0.9208799999999999,1,1.1
10.08.2021 00:00:00.330,0.9209700000000001,0.9208799999999999,1,1.1
10.08.2021 00:00:00.532,0.9209700000000001,0.9208600000000001,1,3.85
10.08.2021 00:00:00.941,0.921,0.9208700000000001,2.12,1.39
10.08.2021 00:00:05.038,0.9209700000000001,0.9208700000000001,1,1.01
10.08.2021 00:00:05.714,0.9209600000000001,0.9208600000000001,1,2.14
10.08.2021 00:00:13.431,0.9209700000000001,0.9208600000000001,1.5,1.76
10.08.2021 00:00:20.060,0.9209700000000001,0.9208799999999999,1,1
10.08.2021 00:00:20.212,0.92098,0.9208600000000001,1,2.51
10.08.2021 00:00:30.315,0.92098,0.9208700000000001,1,2.51
10.08.2021 00:00:43.485,0.9209600000000001,0.9208700000000001,1,2.14
10.08.2021 00:00:45.411,0.92095,0.9208700000000001,1,2.14
10.08.2021 00:00:50.296,0.92089,0.92079,1,1.35
10.08.2021 00:00:50.398,0.92089,0.9207799999999999,1,1.85
10.08.2021 00:00:50.499,0.9208799999999999,0.9208000000000001,1,1.35
10.08.2021 00:00:50.601,0.9208799999999999,0.92079,1,1.35
10.08.2021 00:00:50.702,0.9208700000000001,0.92079,1,1.1
10.08.2021 00:00:50.803,0.9208700000000001,0.92079,1,1.1
10.08.2021 00:00:52.016,0.9208700000000001,0.9208000000000001,1,1.09
10.08.2021 00:00:52.117,0.9208799999999999,0.9207700000000001,1,2.85
10.08.2021 00:00:55.430,0.9208700000000001,0.92079,1,2.3
10.08.2021 00:01:00.301,0.9208700000000001,0.9207799999999999,1,1.61
10.08.2021 00:01:00.553,0.9208700000000001,0.9208000000000001,1,1
10.08.2021 00:01:01.439,0.9209,0.92079,1,1
10.08.2021 00:01:01.677,0.92089,0.9208100000000001,1,1
10.08.2021 00:01:01.728,0.92089,0.92079,1,2.14
10.08.2021 00:01:04.802,0.92089,0.92079,1,1.71
10.08.2021 00:01:04.904,0.92089,0.92079,1,1.09
10.08.2021 00:01:07.574,0.92094,0.9208299999999999,1.5,1.56
10.08.2021 00:01:07.676,0.92094,0.9208500000000001,1,1
10.08.2021 00:01:07.829,0.92095,0.9208500000000001,1.25,1.1
10.08.2021 00:01:07.931,0.9209600000000001,0.9208500000000001,1.69,2.07
10.08.2021 00:01:08.133,0.9209600000000001,0.9208700000000001,1,1
10.08.2021 00:01:08.234,0.9209600000000001,0.9208600000000001,1,1.39
10.08.2021 00:01:11.625,0.9209700000000001,0.9208500000000001,1.75,1
10.08.2021 00:01:16.353,0.9209600000000001,0.9208600000000001,1,1.2
10.08.2021 00:01:16.454,0.9209700000000001,0.9208600000000001,1.69,1.2
10.08.2021 00:01:30.204,0.9209700000000001,0.9208700000000001,1,1
10.08.2021 00:01:30.305,0.9209700000000001,0.9208600000000001,1.69,1.2
10.08.2021 00:01:30.457,0.92098,0.9208500000000001,1.75,1.2
10.08.2021 00:01:30.608,0.9209700000000001,0.9208600000000001,1,1.2
10.08.2021 00:01:35.272,0.9209700000000001,0.9208700000000001,1,1.2
10.08.2021 00:01:42.047,0.9209600000000001,0.9208600000000001,1,1.2
10.08.2021 00:01:49.755,0.92095,0.9208600000000001,1.25,1
10.08.2021 00:01:49.856,0.92095,0.9208299999999999,1,3.47
10.08.2021 00:01:51.325,0.92095,0.92084,1.25,4.54
10.08.2021 00:01:51.476,0.92095,0.9208600000000001,1,1.12
10.08.2021 00:01:57.033,0.92098,0.92089,1,1.1
10.08.2021 00:01:57.135,0.9209700000000001,0.9208700000000001,1,2.16
10.08.2021 00:02:00.555,0.9209600000000001,0.9208799999999999,1,1
10.08.2021 00:02:00.803,0.9209700000000001,0.9208799999999999,1,1
10.08.2021 00:02:00.904,0.92098,0.9208799999999999,1.69,1.1
10.08.2021 00:02:05.798,0.9210200000000002,0.92093,1.5,1.12
10.08.2021 00:02:05.899,0.92103,0.92093,1,2.51
10.08.2021 00:02:06.010,0.92104,0.92093,1.25,4.16
10.08.2021 00:02:06.966,0.9209700000000001,0.92089,1.75,1.87
10.08.2021 00:02:07.017,0.92094,0.9208600000000001,1,1
10.08.2021 00:02:07.068,0.9209200000000001,0.9208500000000001,1.75,1
10.08.2021 00:02:07.118,0.9209200000000001,0.9208299999999999,1.25,1.1
10.08.2021 00:02:07.169,0.92089,0.92079,1.25,1.1
10.08.2021 00:02:07.271,0.9208799999999999,0.9207799999999999,1,1.6
10.08.2021 00:02:14.957,0.9208799999999999,0.9207799999999999,1,1.1
10.08.2021 00:02:15.109,0.9208799999999999,0.9207700000000001,1.25,2.7
10.08.2021 00:02:16.088,0.9208200000000001,0.9207700000000001,1.69,1.5
10.08.2021 00:02:16.139,0.9208200000000001,0.9207299999999999,1.5,2.32
10.08.2021 00:02:16.241,0.9208000000000001,0.92071,1,1.57
10.08.2021 00:02:19.097,0.9208000000000001,0.9207200000000001,1,1
10.08.2021 00:02:21.643,0.92079,0.9207200000000001,1,1
10.08.2021 00:02:21.744,0.92079,0.92071,1,1
10.08.2021 00:02:22.126,0.92079,0.9207000000000001,1,1
10.08.2021 00:02:24.587,0.9207600000000001,0.92066,1.25,2.32
10.08.2021 00:02:24.638,0.9207500000000001,0.9206500000000001,1.5,1
10.08.2021 00:02:24.739,0.9207200000000001,0.92063,1.25,2.32
10.08.2021 00:02:24.841,0.9207200000000001,0.92063,1.25,1.5
10.08.2021 00:02:25.267,0.9207299999999999,0.92063,2.5,1.5
10.08.2021 00:02:25.368,0.9207299999999999,0.92063,1.5,1.5
10.08.2021 00:02:25.873,0.9207299999999999,0.9206200000000001,1,1.5
10.08.2021 00:02:26.540,0.92074,0.92064,2.25,1
10.08.2021 00:02:53.246,0.92074,0.9206500000000001,1,1
10.08.2021 00:02:55.996,0.9207500000000001,0.9206500000000001,1.5,1
10.08.2021 00:02:56.198,0.92079,0.92069,1.25,1.5
10.08.2021 00:02:56.249,0.92079,0.92069,1,1.5
10.08.2021 00:02:56.351,0.92079,0.9207000000000001,1,1
10.08.2021 00:02:56.503,0.9208000000000001,0.9207000000000001,1.69,1.5
10.08.2021 00:02:58.565,0.9208000000000001,0.92071,1.25,1
10.08.2021 00:03:02.932,0.9208600000000001,0.9207600000000001,4.69,1
10.08.2021 00:03:03.034,0.9208200000000001,0.92074,1.25,1.57
10.08.2021 00:03:03.136,0.9208299999999999,0.9207299999999999,1.25,1.57
10.08.2021 00:03:03.467,0.9208299999999999,0.9207200000000001,1,1.1
10.08.2021 00:03:04.400,0.92084,0.9207299999999999,1.5,1.57
10.08.2021 00:03:04.502,0.9208299999999999,0.9207299999999999,1.25,1.57
10.08.2021 00:03:04.604,0.92084,0.9207299999999999,2.44,1.57
10.08.2021 00:03:08.236,0.92084,0.9207299999999999,2.5,1.5
10.08.2021 00:03:10.291,0.92084,0.92074,1.75,1
10.08.2021 00:03:19.102,0.92084,0.92074,1.69,1
10.08.2021 00:03:19.244,0.92084,0.92074,1.75,1
10.08.2021 00:03:20.590,0.92084,0.92074,1.25,1
10.08.2021 00:03:20.691,0.92084,0.92074,1.75,1
10.08.2021 00:03:20.792,0.92084,0.92074,1.25,1
10.08.2021 00:03:20.894,0.92084,0.92074,1.75,1
10.08.2021 00:03:21.012,0.92084,0.92074,1.25,1
10.08.2021 00:03:21.218,0.92084,0.92074,1.75,1
10.08.2021 00:03:25.211,0.92084,0.92074,1.25,1
10.08.2021 00:03:25.313,0.92084,0.92074,1.75,1
10.08.2021 00:03:26.219,0.92084,0.92074,1.25,1
10.08.2021 00:03:27.041,0.9208600000000001,0.9207600000000001,1.25,1.5
10.08.2021 00:03:27.143,0.92084,0.9207500000000001,1.25,1.95
10.08.2021 00:03:27.244,0.92089,0.92079,1.12,1
10.08.2021 00:03:27.348,0.9209,0.9208000000000001,2.87,1
10.08.2021 00:03:27.450,0.9209,0.9208000000000001,2.06,1
10.08.2021 00:03:28.842,0.92089,0.92079,1.69,1.5
10.08.2021 00:04:01.229,0.92089,0.9208000000000001,1,1
10.08.2021 00:04:01.331,0.9209,0.9208000000000001,1.5,1
10.08.2021 00:04:04.381,0.9209100000000001,0.9208100000000001,2.06,1
10.08.2021 00:04:10.976,0.9209200000000001,0.9208200000000001,1,1
10.08.2021 00:04:11.027,0.9209700000000001,0.9208500000000001,1.31,1
10.08.2021 00:04:11.180,0.92098,0.9208799999999999,2.75,1
10.08.2021 00:04:11.433,0.92098,0.9208799999999999,1.87,1
10.08.2021 00:04:14.902,0.92099,0.92089,2.06,1
10.08.2021 00:04:16.706,0.9209700000000001,0.9208600000000001,1.94,1.1
10.08.2021 00:04:16.808,0.92095,0.9208200000000001,3.62,1
10.08.2021 00:04:17.104,0.92093,0.9208000000000001,1.12,4.57
10.08.2021 00:04:21.112,0.92095,0.92084,1.5,1.51
10.08.2021 00:04:21.162,0.9209600000000001,0.92084,1.12,3.64
10.08.2021 00:04:21.213,0.9209700000000001,0.92084,1,2.95
10.08.2021 00:04:21.315,0.92098,0.9208600000000001,2.19,1.39
10.08.2021 00:04:21.416,0.92099,0.9208500000000001,2.06,1.39
10.08.2021 00:04:23.425,0.92098,0.9208600000000001,2.12,1.2
10.08.2021 00:04:26.066,0.9209700000000001,0.9208700000000001,1.25,1
10.08.2021 00:04:29.575,0.9209700000000001,0.9208700000000001,1.75,1
10.08.2021 00:04:37.909,0.9209700000000001,0.9208600000000001,1.25,1
10.08.2021 00:04:38.011,0.9209700000000001,0.9208500000000001,1.25,1.1
10.08.2021 00:04:40.370,0.9209700000000001,0.9208700000000001,1.25,1
10.08.2021 00:04:41.241,0.92098,0.9208500000000001,1.75,1.57
10.08.2021 00:04:42.740,0.9209700000000001,0.9208600000000001,1.25,1.76
10.08.2021 00:04:42.841,0.92099,0.9208600000000001,1.75,1
10.08.2021 00:04:42.993,0.92098,0.9208700000000001,1.25,1.01
10.08.2021 00:04:45.655,0.92098,0.9208700000000001,1.75,1
10.08.2021 00:04:45.763,0.92098,0.9208700000000001,1.25,1
10.08.2021 00:04:45.865,0.92098,0.9208700000000001,1.75,1
10.08.2021 00:04:46.018,0.92098,0.9208700000000001,1.25,1.1
10.08.2021 00:04:46.119,0.92098,0.9208700000000001,1.75,1
10.08.2021 00:04:46.221,0.92098,0.9208700000000001,1.25,1.1
10.08.2021 00:04:46.323,0.92098,0.9208700000000001,1.75,1
10.08.2021 00:04:46.462,0.92098,0.9208700000000001,1.25,1.1
10.08.2021 00:04:46.563,0.92098,0.9208700000000001,1.75,1
10.08.2021 00:04:46.716,0.92098,0.9208700000000001,1.25,1
10.08.2021 00:04:48.047,0.92098,0.9208799999999999,1.5,1
10.08.2021 00:05:00.185,0.92099,0.9209,1,1
10.08.2021 00:05:00.287,0.921,0.9209100000000001,1,1
10.08.2021 00:05:00.388,0.92099,0.92089,1,1
10.08.2021 00:05:02.940,0.92103,0.92093,1,1
10.08.2021 00:05:03.041,0.92105,0.92093,1.69,1
10.08.2021 00:05:07.221,0.92104,0.92095,1.25,1
10.08.2021 00:05:07.728,0.92104,0.92094,1.69,1.1
10.08.2021 00:05:08.706,0.92104,0.92094,1.5,1.51
10.08.2021 00:05:08.807,0.92104,0.9209600000000001,1,1
10.08.2021 00:05:09.109,0.92104,0.92095,1.25,1
10.08.2021 00:05:10.939,0.92105,0.92095,1.69,1
10.08.2021 00:05:18.750,0.92105,0.9209600000000001,1,1
10.08.2021 00:05:37.089,0.92108,0.9209700000000001,3.25,1.5
10.08.2021 00:05:37.140,0.92105,0.9209700000000001,1,1
10.08.2021 00:05:38.186,0.92105,0.9209600000000001,1,1
10.08.2021 00:05:38.287,0.92103,0.9209600000000001,1.25,1
10.08.2021 00:05:38.388,0.92103,0.92095,1,1
10.08.2021 00:05:45.929,0.92104,0.92095,1,1
10.08.2021 00:06:03.024,0.92105,0.92095,1.25,1
10.08.2021 00:06:09.773,0.92103,0.9209200000000001,1.5,1.5
10.08.2021 00:06:09.875,0.92099,0.9209,2.12,1
10.08.2021 00:06:09.977,0.9209600000000001,0.9208799999999999,1.25,1.5
10.08.2021 00:06:10.028,0.92095,0.92084,2.25,1.1
10.08.2021 00:06:10.129,0.92095,0.9208600000000001,2.06,1
10.08.2021 00:06:24.395,0.92093,0.92084,1.69,1
10.08.2021 00:06:24.446,0.9209200000000001,0.9208200000000001,1.69,1.2
10.08.2021 00:06:24.549,0.9209100000000001,0.9208100000000001,1.25,1.6
10.08.2021 00:06:25.109,0.9209100000000001,0.9208100000000001,1,1.2
10.08.2021 00:06:25.312,0.9209200000000001,0.9208200000000001,1,1.5
10.08.2021 00:06:25.515,0.9209,0.9208200000000001,1,1.5
10.08.2021 00:06:25.795,0.9209200000000001,0.9208200000000001,1,1.5
10.08.2021 00:06:26.439,0.9209100000000001,0.9208000000000001,1.69,2.07
10.08.2021 00:06:26.641,0.9209100000000001,0.9208000000000001,1.69,1.95
10.08.2021 00:06:27.190,0.9209100000000001,0.9208000000000001,1.5,2.15
10.08.2021 00:06:27.809,0.9209100000000001,0.9208000000000001,2.5,2.07
10.08.2021 00:06:27.911,0.9209100000000001,0.9208000000000001,1.69,2.07
10.08.2021 00:06:28.397,0.9209100000000001,0.9208000000000001,2.69,2.07
10.08.2021 00:06:28.550,0.9209200000000001,0.92079,1.69,2.07
10.08.2021 00:06:28.703,0.9209100000000001,0.9208000000000001,2.69,2.07
10.08.2021 00:06:28.805,0.9209100000000001,0.9208000000000001,1.69,1.95
10.08.2021 00:06:28.958,0.9209200000000001,0.92079,2.5,1.95
10.08.2021 00:06:29.088,0.9209100000000001,0.9208000000000001,1.69,1.95
10.08.2021 00:06:29.241,0.9209100000000001,0.9208000000000001,2.5,1.95
10.08.2021 00:06:29.343,0.9209100000000001,0.9208000000000001,1.69,1.95
10.08.2021 00:06:29.698,0.9209100000000001,0.9208000000000001,2.5,1.95
10.08.2021 00:06:29.799,0.9209100000000001,0.9208000000000001,1.69,1.95
10.08.2021 00:06:30.031,0.9209100000000001,0.9208000000000001,2.5,1.95
10.08.2021 00:06:31.232,0.9209100000000001,0.9208000000000001,1.69,1.95
10.08.2021 00:06:31.382,0.9209100000000001,0.9208000000000001,2.5,1.95
10.08.2021 00:06:34.207,0.9209100000000001,0.9208000000000001,1.69,1.87
10.08.2021 00:06:34.308,0.9209100000000001,0.9208000000000001,2.5,1.87
10.08.2021 00:06:34.771,0.9209100000000001,0.9208100000000001,1.75,1
10.08.2021 00:06:35.020,0.9209100000000001,0.9208100000000001,1.25,1
10.08.2021 00:06:35.146,0.9209100000000001,0.9208100000000001,1.75,1
10.08.2021 00:06:38.829,0.9209100000000001,0.9208000000000001,2.5,1.87
10.08.2021 00:06:46.396,0.9209,0.92079,1.75,2.82
10.08.2021 00:06:46.497,0.92089,0.9207799999999999,1,1.5
10.08.2021 00:06:47.032,0.9208799999999999,0.92079,1,1
10.08.2021 00:06:55.582,0.9209,0.92079,2.5,2.82
10.08.2021 00:07:38.314,0.9209,0.9208100000000001,1,1.5
10.08.2021 00:08:06.871,0.9209200000000001,0.9208500000000001,1.12,1
10.08.2021 00:08:06.922,0.9209600000000001,0.92084,2.44,2.25
10.08.2021 00:08:07.023,0.92095,0.9208600000000001,1.25,1
10.08.2021 00:08:07.125,0.9209600000000001,0.9208700000000001,1.75,1.5
10.08.2021 00:08:13.155,0.9209700000000001,0.9208799999999999,1.69,1
10.08.2021 00:08:29.000,0.9209600000000001,0.9208700000000001,2.44,1.5
10.08.2021 00:08:29.111,0.92095,0.9208700000000001,1.69,1.5
10.08.2021 00:08:29.213,0.92094,0.9208700000000001,1,1.5
10.08.2021 00:08:39.565,0.92094,0.9208700000000001,1.25,1
10.08.2021 00:08:39.616,0.9209100000000001,0.9208200000000001,1.75,1.5
10.08.2021 00:08:39.667,0.9209100000000001,0.9208100000000001,1.69,1.5
10.08.2021 00:08:39.768,0.9209100000000001,0.9208200000000001,1.76,1
10.08.2021 00:08:47.443,0.9209100000000001,0.9208100000000001,1.76,1.5
10.08.2021 00:08:47.545,0.9209,0.9208100000000001,1.01,1
10.08.2021 00:08:50.832,0.9209,0.9208200000000001,1.01,1
10.08.2021 00:09:05.028,0.9209,0.9208100000000001,1.25,1
10.08.2021 00:09:13.683,0.9209100000000001,0.92079,1.01,1.5
10.08.2021 00:09:50.371,0.9209100000000001,0.9208100000000001,1.01,1.5
10.08.2021 00:09:50.472,0.9209100000000001,0.9208200000000001,1,1
10.08.2021 00:09:50.573,0.92093,0.9208299999999999,1.35,1
10.08.2021 00:09:50.776,0.9209200000000001,0.9208200000000001,1.01,1.5
10.08.2021 00:09:54.165,0.9209200000000001,0.9208299999999999,1,1
10.08.2021 00:10:02.675,0.9209,0.9208100000000001,1,1
10.08.2021 00:10:08.552,0.9209,0.9208000000000001,1.25,1.5
10.08.2021 00:10:25.318,0.9209,0.9208000000000001,1.82,1.5
10.08.2021 00:10:25.807,0.9209,0.9208000000000001,1.01,1.5
10.08.2021 00:10:38.404,0.9209,0.9208000000000001,1.82,1.5
10.08.2021 00:10:39.000,0.9209,0.9208000000000001,1.01,1.5
10.08.2021 00:10:49.780,0.9209,0.9208000000000001,1.82,1.5
10.08.2021 00:10:49.992,0.9209,0.9208000000000001,1.01,1.5
10.08.2021 00:10:56.147,0.9209,0.9208000000000001,1.82,1.5
10.08.2021 00:11:27.502,0.9208200000000001,0.9207600000000001,1.25,1
10.08.2021 00:11:27.553,0.9207700000000001,0.9207000000000001,3.19,1
10.08.2021 00:11:27.654,0.92079,0.92069,1.01,1
10.08.2021 00:11:27.756,0.9208000000000001,0.9207000000000001,1.82,1
10.08.2021 00:11:27.862,0.9208000000000001,0.9207000000000001,1.25,1
10.08.2021 00:11:35.867,0.9208000000000001,0.92071,1,1
10.08.2021 00:11:44.716,0.9208000000000001,0.9207000000000001,1.76,1
10.08.2021 00:11:45.760,0.92079,0.9207000000000001,1,1
10.08.2021 00:11:47.609,0.9208000000000001,0.9207000000000001,1.76,1
10.08.2021 00:11:57.365,0.9208000000000001,0.9207200000000001,1.69,1
10.08.2021 00:11:57.517,0.9208100000000001,0.9207299999999999,1.69,1
10.08.2021 00:11:58.665,0.9207700000000001,0.9206700000000001,3.44,3
10.08.2021 00:11:58.817,0.9207600000000001,0.9206799999999999,1.25,1.5
10.08.2021 00:11:58.868,0.9207500000000001,0.92066,2.57,1
10.08.2021 00:11:58.919,0.9207299999999999,0.92064,1.25,1.5
10.08.2021 00:11:59.020,0.9207299999999999,0.9206500000000001,1.69,1
10.08.2021 00:11:59.736,0.9207200000000001,0.9206500000000001,1,1
10.08.2021 00:12:02.774,0.9207700000000001,0.92069,1.01,1
10.08.2021 00:12:02.875,0.9207799999999999,0.92071,1.25,1
10.08.2021 00:12:10.842,0.9208299999999999,0.9207600000000001,2.44,1
10.08.2021 00:12:10.944,0.92084,0.9207600000000001,1.5,1
10.08.2021 00:12:11.046,0.92084,0.9207700000000001,1,1
10.08.2021 00:12:22.357,0.92084,0.9207600000000001,1,1
10.08.2021 00:12:27.432,0.9208299999999999,0.9207600000000001,1,1
10.08.2021 00:12:27.534,0.9208200000000001,0.92074,1,1
10.08.2021 00:12:27.635,0.9208100000000001,0.9207299999999999,1,1.5
10.08.2021 00:12:32.115,0.9208200000000001,0.92074,1.69,1
10.08.2021 00:12:32.166,0.92084,0.9207500000000001,2.44,1
10.08.2021 00:12:32.368,0.9208299999999999,0.9207500000000001,1,1.5
10.08.2021 00:12:35.709,0.92084,0.9207299999999999,1,1
10.08.2021 00:12:35.810,0.9208200000000001,0.92074,1,1
10.08.2021 00:12:40.077,0.9208100000000001,0.92074,1,1
10.08.2021 00:12:42.109,0.92084,0.92074,1,1
10.08.2021 00:12:45.814,0.9208200000000001,0.9207299999999999,1,1
10.08.2021 00:12:46.017,0.9208299999999999,0.92074,1,1
10.08.2021 00:12:49.725,0.9208299999999999,0.9207500000000001,1,1
10.08.2021 00:12:57.255,0.9208700000000001,0.9207799999999999,1.5,1
10.08.2021 00:12:57.305,0.9208700000000001,0.9207799999999999,1,1
10.08.2021 00:12:57.406,0.9208700000000001,0.92079,1,1
10.08.2021 00:13:01.683,0.9208700000000001,0.9208000000000001,1,1
10.08.2021 00:13:52.283,0.9208799999999999,0.9208000000000001,1,1
10.08.2021 00:14:37.992,0.9208200000000001,0.9207500000000001,1.25,1.5
10.08.2021 00:14:38.094,0.9208200000000001,0.9207200000000001,1.31,1.5
10.08.2021 00:14:38.144,0.9208100000000001,0.9207200000000001,2.12,1
10.08.2021 00:14:38.245,0.9208100000000001,0.9207200000000001,1.31,1
10.08.2021 00:14:39.279,0.9208100000000001,0.9207200000000001,2.12,1
10.08.2021 00:14:39.380,0.9208100000000001,0.9207200000000001,1.12,1
10.08.2021 00:14:43.683,0.9208100000000001,0.92071,1.31,1.5
10.08.2021 00:14:52.994,0.9208299999999999,0.92071,1.5,1
10.08.2021 00:14:53.096,0.9208100000000001,0.92071,1.12,1.69
10.08.2021 00:15:00.303,0.9208100000000001,0.9207200000000001,1.31,1
10.08.2021 00:15:03.609,0.9208100000000001,0.92071,1.12,1.5
10.08.2021 00:15:06.893,0.9208100000000001,0.9207000000000001,1.25,1
10.08.2021 00:15:08.653,0.9208299999999999,0.9207299999999999,1.6,1
10.08.2021 00:15:10.590,0.9208100000000001,0.92071,1.12,1.5
10.08.2021 00:15:13.422,0.9208000000000001,0.92071,1,1
10.08.2021 00:15:16.028,0.9208200000000001,0.92071,2.07,1.5
10.08.2021 00:15:19.456,0.9208100000000001,0.9207000000000001,1.31,1.5
10.08.2021 00:15:20.288,0.9208200000000001,0.9207200000000001,2.07,1
10.08.2021 00:15:20.390,0.9208299999999999,0.92071,1.87,1
10.08.2021 00:15:20.542,0.9208100000000001,0.92071,1,1
10.08.2021 00:15:38.250,0.9208299999999999,0.9207200000000001,2.64,1
10.08.2021 00:15:38.402,0.9208100000000001,0.92071,1.25,1.5
10.08.2021 00:15:41.174,0.9208000000000001,0.92071,1,1
10.08.2021 00:15:43.321,0.9208000000000001,0.9207000000000001,1.25,1.5
10.08.2021 00:15:43.574,0.9208000000000001,0.9207000000000001,1.25,1.5
10.08.2021 00:15:43.676,0.9208000000000001,0.9207000000000001,1.25,1.5
10.08.2021 00:15:44.053,0.9208000000000001,0.9207000000000001,1.75,1.5
10.08.2021 00:15:44.154,0.9208000000000001,0.9207000000000001,1.25,1.5
10.08.2021 00:15:44.356,0.9208000000000001,0.9207000000000001,1.75,1.5
10.08.2021 00:15:44.457,0.9208000000000001,0.9207000000000001,1.25,1.5
10.08.2021 00:15:49.611,0.9208000000000001,0.92071,1,1
10.08.2021 00:15:49.864,0.9208100000000001,0.92071,1.12,1.5
10.08.2021 00:16:30.673,0.9208100000000001,0.92071,2.12,1
10.08.2021 00:16:30.876,0.9208000000000001,0.9207000000000001,1.31,1.5
10.08.2021 00:16:52.967,0.9208200000000001,0.9207200000000001,1.5,1
10.08.2021 00:16:53.068,0.9208200000000001,0.92071,1.87,1.5
10.08.2021 00:17:04.916,0.9208000000000001,0.9207000000000001,1,1.5
10.08.2021 00:17:05.587,0.9207799999999999,0.9207000000000001,1.12,1
10.08.2021 00:17:05.689,0.92074,0.92064,1,1.5
10.08.2021 00:17:05.790,0.9207600000000001,0.9206500000000001,3.32,1
10.08.2021 00:17:05.992,0.9207600000000001,0.9206500000000001,2.14,1
10.08.2021 00:17:06.295,0.9207600000000001,0.9206500000000001,2.07,1
10.08.2021 00:17:14.530,0.92074,0.92064,1,1
10.08.2021 00:17:14.631,0.9207299999999999,0.92063,1,1.5
10.08.2021 00:17:30.729,0.9207200000000001,0.9206200000000001,1,1.5
10.08.2021 00:17:40.523,0.92071,0.92061,1.25,1.5
10.08.2021 00:17:52.024,0.9207299999999999,0.9206200000000001,3.07,1.5
10.08.2021 00:17:52.125,0.9207299999999999,0.9206200000000001,2.06,1.5
10.08.2021 00:18:02.400,0.9207000000000001,0.9206000000000001,1.75,1
10.08.2021 00:18:02.501,0.92069,0.92059,1.25,1
10.08.2021 00:18:02.603,0.9206799999999999,0.92058,1.31,1.5
10.08.2021 00:18:07.294,0.9206700000000001,0.92058,1.5,1
10.08.2021 00:18:07.345,0.92066,0.92054,1.69,1
10.08.2021 00:18:07.446,0.92064,0.92054,1,1.5
10.08.2021 00:18:09.615,0.9206500000000001,0.9205500000000001,1.12,1.5
10.08.2021 00:18:09.716,0.92064,0.92054,1,1.87
10.08.2021 00:18:15.501,0.92063,0.92053,1.31,1
10.08.2021 00:18:16.146,0.9206200000000001,0.9205200000000001,1,1.5
10.08.2021 00:18:41.719,0.92063,0.92053,1.5,1.25
10.08.2021 00:18:58.646,0.92063,0.9205200000000001,1,1
10.08.2021 00:19:01.258,0.9206200000000001,0.9205200000000001,1,1.5
10.08.2021 00:19:02.002,0.9206200000000001,0.9205000000000001,1,1.25
10.08.2021 00:19:02.104,0.92061,0.9205000000000001,1.5,1.69
10.08.2021 00:19:03.098,0.9206000000000001,0.92049,1,1
10.08.2021 00:19:06.254,0.92059,0.92049,1,2.06
10.08.2021 00:19:14.933,0.92056,0.92048,1,1
10.08.2021 00:19:15.085,0.92056,0.9204700000000001,1,1
10.08.2021 00:19:15.186,0.9205500000000001,0.9204700000000001,1,1
10.08.2021 00:19:15.535,0.9205500000000001,0.9204600000000001,1,1
10.08.2021 00:19:16.394,0.92054,0.9204600000000001,1,1
10.08.2021 00:19:16.597,0.92054,0.92045,1,1
10.08.2021 00:19:16.698,0.92053,0.92043,1,1.12
10.08.2021 00:19:27.736,0.92054,0.92043,1.5,1.87
10.08.2021 00:20:02.901,0.92054,0.92044,1,1
10.08.2021 00:20:29.965,0.92054,0.92043,1.5,1.87
10.08.2021 00:20:42.079,0.9205500000000001,0.9204600000000001,1.87,1
10.08.2021 00:20:42.180,0.9205500000000001,0.92045,1.5,1
10.08.2021 00:20:50.244,0.9205700000000001,0.9205000000000001,1.37,1
10.08.2021 00:20:50.295,0.9206000000000001,0.9205000000000001,2.5,1.5
10.08.2021 00:20:50.346,0.92061,0.92051,1.5,1
10.08.2021 00:20:50.751,0.9206200000000001,0.9205200000000001,1,1
10.08.2021 00:21:12.563,0.92058,0.9205000000000001,1,1.5
10.08.2021 00:21:12.664,0.92058,0.92048,1,1
10.08.2021 00:21:25.461,0.9205700000000001,0.9204700000000001,1,1.69
10.08.2021 00:21:25.612,0.9205700000000001,0.9204700000000001,1,2.69
10.08.2021 00:21:25.713,0.9205700000000001,0.9204700000000001,1,1.69
10.08.2021 00:21:25.822,0.9205700000000001,0.9204700000000001,1,2.69
10.08.2021 00:21:26.024,0.9205700000000001,0.9204700000000001,1,1.69
10.08.2021 00:21:33.002,0.9205700000000001,0.92048,1,1
10.08.2021 00:22:04.665,0.92058,0.92048,1.5,1
10.08.2021 00:22:06.002,0.92056,0.9204700000000001,1,1
10.08.2021 00:22:07.306,0.92056,0.9204600000000001,1.69,1
10.08.2021 00:22:07.457,0.9205500000000001,0.92045,1.25,1
10.08.2021 00:22:39.595,0.9205500000000001,0.9204600000000001,1,1
10.08.2021 00:22:40.820,0.92056,0.9204600000000001,1.69,1
10.08.2021 00:23:34.557,0.92056,0.9204700000000001,1.12,1
10.08.2021 00:23:44.035,0.9205700000000001,0.9204700000000001,1,1
10.08.2021 00:23:45.947,0.9205700000000001,0.9204600000000001,1,1
10.08.2021 00:23:46.204,0.92056,0.92048,1,1
10.08.2021 00:24:04.370,0.9205700000000001,0.92048,1.31,1
10.08.2021 00:24:04.472,0.92063,0.92051,3.37,1
10.08.2021 00:24:04.573,0.9206200000000001,0.92053,1.5,1.25
10.08.2021 00:24:04.884,0.92063,0.92053,1.87,1
10.08.2021 00:24:07.340,0.9206200000000001,0.92053,1,1
10.08.2021 00:24:07.530,0.9206000000000001,0.92053,1,1
10.08.2021 00:24:07.632,0.9206200000000001,0.9205200000000001,1.69,1
10.08.2021 00:24:27.134,0.9206200000000001,0.9205200000000001,1.69,1.5
10.08.2021 00:25:12.336,0.9206200000000001,0.92054,1,1.25
10.08.2021 00:25:27.194,0.9206200000000001,0.92054,1,1.25
10.08.2021 00:25:30.369,0.92063,0.92051,1,2.25
10.08.2021 00:25:30.637,0.9206200000000001,0.92053,1,1.37
10.08.2021 00:25:31.018,0.9206200000000001,0.9205200000000001,1,2.25
10.08.2021 00:25:31.121,0.9206200000000001,0.92053,1,1.37
10.08.2021 00:25:31.398,0.9206200000000001,0.9205200000000001,1,2.25
10.08.2021 00:25:31.508,0.9206200000000001,0.92053,1,1.37
10.08.2021 00:25:31.811,0.9206200000000001,0.9205200000000001,1,2.25
10.08.2021 00:25:31.959,0.9206200000000001,0.92053,1,1.37
10.08.2021 00:25:32.633,0.9206200000000001,0.9205200000000001,1,2.25
10.08.2021 00:25:32.734,0.92063,0.9205200000000001,1,1.37
10.08.2021 00:25:33.145,0.9206200000000001,0.9205200000000001,1,2.25
10.08.2021 00:25:33.611,0.9206200000000001,0.92053,1,1.37
10.08.2021 00:25:33.841,0.9206200000000001,0.9205200000000001,1,2.25
10.08.2021 00:25:33.942,0.9206200000000001,0.92053,1,1.37
10.08.2021 00:25:41.635,0.92063,0.92051,1,1.75
10.08.2021 00:25:44.189,0.9206200000000001,0.92053,1,1.37
10.08.2021 00:25:48.696,0.9206200000000001,0.9205200000000001,1,2.25
10.08.2021 00:25:49.912,0.9206200000000001,0.92053,1,1.37
10.08.2021 00:25:50.165,0.9206200000000001,0.9205200000000001,1,2.25
10.08.2021 00:25:50.318,0.9206200000000001,0.92053,1,1.37
10.08.2021 00:25:50.706,0.9206200000000001,0.9205200000000001,1,2.25
10.08.2021 00:25:50.858,0.9206200000000001,0.92053,1,1.37
10.08.2021 00:25:51.163,0.9206200000000001,0.9205200000000001,1,2.25
10.08.2021 00:25:51.358,0.9206200000000001,0.92053,1,1.37
10.08.2021 00:25:54.800,0.9206200000000001,0.9205200000000001,1,2.25
10.08.2021 00:25:54.901,0.9206200000000001,0.92053,1,1.37
10.08.2021 00:25:55.077,0.9206200000000001,0.92053,1,1.31
10.08.2021 00:25:55.220,0.9206200000000001,0.92053,1,1.37
10.08.2021 00:25:55.565,0.9206200000000001,0.9205200000000001,1,2.62
10.08.2021 00:25:55.679,0.9206200000000001,0.92053,1,1.37
10.08.2021 00:25:55.978,0.9206200000000001,0.92053,1,1.31
10.08.2021 00:25:56.132,0.9206200000000001,0.92053,1,1.37
10.08.2021 00:25:56.334,0.9206200000000001,0.9205200000000001,1,2.25
10.08.2021 00:25:56.475,0.9206200000000001,0.92053,1,1.37
10.08.2021 00:25:57.299,0.9206200000000001,0.9205200000000001,1,2.25
10.08.2021 00:25:57.443,0.9206200000000001,0.92053,1,1.37
10.08.2021 00:25:59.572,0.9206200000000001,0.92053,1,1.31
10.08.2021 00:25:59.673,0.9206200000000001,0.92053,1,1.37
10.08.2021 00:26:00.637,0.9206200000000001,0.9205200000000001,1,2.25
10.08.2021 00:26:00.738,0.9206200000000001,0.92053,1,1.37
10.08.2021 00:26:01.414,0.9206200000000001,0.9205200000000001,1,2.25
10.08.2021 00:26:01.539,0.9206200000000001,0.92053,1,1.37
10.08.2021 00:26:04.731,0.9206200000000001,0.9205200000000001,1,2.25
10.08.2021 00:26:04.840,0.9206200000000001,0.92053,1,1.37
10.08.2021 00:26:07.729,0.9206200000000001,0.9205200000000001,1,2.25
10.08.2021 00:26:07.831,0.9206200000000001,0.92053,1,1.37
10.08.2021 00:26:08.192,0.9206200000000001,0.9205200000000001,1,2.25
10.08.2021 00:26:08.322,0.92063,0.9205200000000001,1,1.37
10.08.2021 00:26:09.028,0.92063,0.9205200000000001,1.5,3.37
10.08.2021 00:26:42.842,0.92064,0.92054,1.5,1.25
10.08.2021 00:26:55.818,0.92064,0.9205500000000001,1,1.25
10.08.2021 00:27:01.401,0.9206500000000001,0.92053,1,2.06
10.08.2021 00:27:43.300,0.92064,0.92053,1,1.25
10.08.2021 00:27:47.594,0.92064,0.92053,1,3.25
10.08.2021 00:28:11.725,0.9206500000000001,0.92053,2.32,2.5
10.08.2021 00:28:16.307,0.92064,0.92054,2.25,2.44
10.08.2021 00:28:38.477,0.92064,0.92054,2.25,2.5
10.08.2021 00:28:38.579,0.92064,0.92054,2.25,1.69
10.08.2021 00:28:38.705,0.92064,0.92054,2.25,2.5
10.08.2021 00:28:44.551,0.92064,0.92054,2.32,1.69
10.08.2021 00:28:47.327,0.92064,0.92054,2.25,2.5
10.08.2021 00:28:55.792,0.92064,0.92054,2.25,1.69
10.08.2021 00:28:55.896,0.92064,0.92054,2.25,2.5
10.08.2021 00:28:56.098,0.92064,0.92054,1.5,1.69
10.08.2021 00:28:56.238,0.92064,0.92054,1.5,2.5
10.08.2021 00:28:57.990,0.92064,0.92054,1.57,1.69
10.08.2021 00:29:00.324,0.92064,0.92054,1.5,2.5
10.08.2021 00:29:00.425,0.92064,0.92054,1.5,1.69
10.08.2021 00:29:01.275,0.92064,0.92054,1.5,2.5
10.08.2021 00:29:01.494,0.92064,0.92054,1.5,1.69
10.08.2021 00:29:01.595,0.92064,0.92054,1.5,2.5
10.08.2021 00:29:01.747,0.92064,0.92054,1.5,1.69
10.08.2021 00:29:01.892,0.92064,0.92054,1.5,2.5
10.08.2021 00:29:01.993,0.92064,0.92054,1.5,1.69
10.08.2021 00:29:45.475,0.92064,0.92054,1,2.5
10.08.2021 00:29:46.192,0.92069,0.92058,1,1.25
10.08.2021 00:29:46.295,0.9207000000000001,0.9206000000000001,1.1,1.69
10.08.2021 00:30:04.362,0.9206799999999999,0.9206000000000001,1,1
10.08.2021 00:30:05.350,0.9207000000000001,0.92061,1,1.69
10.08.2021 00:30:05.452,0.92071,0.9206000000000001,1,1.75
10.08.2021 00:30:05.553,0.9207200000000001,0.9206200000000001,1.95,1.25
10.08.2021 00:30:05.654,0.9207200000000001,0.9206000000000001,1,1.94
10.08.2021 00:30:05.806,0.92071,0.92063,1,1
10.08.2021 00:30:05.907,0.9207299999999999,0.92063,1.57,1.75
10.08.2021 00:30:05.958,0.9207200000000001,0.9206200000000001,1,1.69
10.08.2021 00:30:06.063,0.9207299999999999,0.92061,1,2.69
10.08.2021 00:30:06.568,0.9207200000000001,0.9206200000000001,1,2.69
10.08.2021 00:30:06.669,0.9207200000000001,0.9206200000000001,1,2.5
10.08.2021 00:30:06.770,0.9207299999999999,0.92064,1,1.25
10.08.2021 00:30:06.922,0.92074,0.92064,1.1,1.69
10.08.2021 00:30:07.955,0.9207299999999999,0.92063,1.1,1.69
10.08.2021 00:30:09.244,0.9207299999999999,0.92063,1.1,1.75
10.08.2021 00:30:09.345,0.9207299999999999,0.92063,1.1,1.69
10.08.2021 00:30:10.510,0.9207299999999999,0.92063,1.1,1.75
10.08.2021 00:30:10.612,0.9207299999999999,0.92063,1.1,1.69
10.08.2021 00:30:13.211,0.92071,0.9206200000000001,1,1.25
10.08.2021 00:30:20.097,0.9207299999999999,0.9206200000000001,1.57,2.5
10.08.2021 00:30:20.809,0.9207299999999999,0.9206200000000001,1.57,1.69
10.08.2021 00:30:20.910,0.9207299999999999,0.9206200000000001,1.57,2.69
10.08.2021 00:30:21.113,0.9207299999999999,0.9206200000000001,1.57,1.69
10.08.2021 00:30:21.214,0.9207299999999999,0.9206200000000001,1.57,2.5
10.08.2021 00:30:22.742,0.9207299999999999,0.9206200000000001,1.57,1.69
10.08.2021 00:30:22.894,0.9207299999999999,0.9206200000000001,1.57,2.5
10.08.2021 00:30:23.283,0.9207299999999999,0.92063,1.57,1.25
10.08.2021 00:30:26.604,0.92074,0.92064,1.1,1.25
10.08.2021 00:30:26.756,0.92074,0.92064,1.1,1.75
10.08.2021 00:30:29.137,0.9207500000000001,0.92064,4.54,1.5
10.08.2021 00:30:31.383,0.9207299999999999,0.92064,1,1
10.08.2021 00:30:38.000,0.9207299999999999,0.92063,1.1,1.69
10.08.2021 00:30:38.101,0.9207299999999999,0.92063,1.1,2.5
10.08.2021 00:31:01.405,0.9207299999999999,0.92063,1.1,1.69
10.08.2021 00:31:01.506,0.9207299999999999,0.92063,1.1,2.5
10.08.2021 00:31:01.831,0.9207299999999999,0.92063,1.1,1.69
10.08.2021 00:31:01.983,0.9207299999999999,0.92063,1.1,2.5
10.08.2021 00:31:02.085,0.9207299999999999,0.92063,1.1,1.69
10.08.2021 00:31:02.187,0.9207299999999999,0.92063,1.1,2.5
10.08.2021 00:31:02.542,0.9207299999999999,0.92063,1.1,1.69
10.08.2021 00:31:02.644,0.9207299999999999,0.92063,1.1,2.5
10.08.2021 00:31:02.753,0.9207299999999999,0.92063,1.1,1.69
10.08.2021 00:31:02.884,0.9207299999999999,0.92063,1.1,2.5
10.08.2021 00:31:03.095,0.9207299999999999,0.92063,1.1,1.69
10.08.2021 00:31:03.204,0.9207299999999999,0.92063,1.1,2.5
10.08.2021 00:31:03.488,0.9207299999999999,0.92063,1.1,1.69
10.08.2021 00:31:03.590,0.92074,0.9206200000000001,1.1,2.5
10.08.2021 00:31:03.793,0.9207299999999999,0.92063,1.1,1.69
10.08.2021 00:31:03.895,0.9207299999999999,0.92063,1.1,2.5
10.08.2021 00:31:04.165,0.9207299999999999,0.92063,1.1,2.44
10.08.2021 00:31:04.266,0.9207299999999999,0.92063,1.1,2.5
10.08.2021 00:31:04.419,0.9207200000000001,0.92063,1,1
10.08.2021 00:31:04.540,0.92074,0.9206200000000001,1.1,1.69
10.08.2021 00:31:06.906,0.9207299999999999,0.92063,1.1,2.69
10.08.2021 00:31:07.058,0.9207299999999999,0.92063,1.1,1.69
10.08.2021 00:31:07.159,0.9207299999999999,0.92063,1.1,2.5
10.08.2021 00:31:07.311,0.9207299999999999,0.92063,1.1,1.69
10.08.2021 00:31:07.412,0.9207299999999999,0.92063,1.1,2.5
10.08.2021 00:31:07.564,0.9207299999999999,0.92063,1.1,1.69
10.08.2021 00:31:07.666,0.9207299999999999,0.92063,1.1,2.5
10.08.2021 00:31:07.817,0.9207299999999999,0.92063,1.1,1.69
10.08.2021 00:31:07.919,0.9207299999999999,0.92063,1.1,2.5
10.08.2021 00:31:08.121,0.9207299999999999,0.92063,1.1,1.69
10.08.2021 00:31:08.243,0.9207299999999999,0.92063,1.1,2.5
10.08.2021 00:31:08.496,0.9207299999999999,0.92063,1.1,1.69
10.08.2021 00:31:08.648,0.9207299999999999,0.92063,1.1,2.5
10.08.2021 00:31:09.442,0.9207299999999999,0.92063,1.1,1.69
10.08.2021 00:31:09.561,0.9207299999999999,0.92063,1.1,2.5
10.08.2021 00:31:09.763,0.92074,0.9206200000000001,1.1,1.69
10.08.2021 00:31:09.865,0.9207299999999999,0.92063,1.1,2.5
10.08.2021 00:31:10.160,0.9207299999999999,0.92063,1.1,1.69
10.08.2021 00:31:10.327,0.9207299999999999,0.92063,1.1,2.5
10.08.2021 00:31:10.630,0.9207299999999999,0.92063,1.1,1.69
10.08.2021 00:31:10.752,0.9207299999999999,0.92063,1.1,2.5
10.08.2021 00:31:11.095,0.9207299999999999,0.92063,1.1,1.69
10.08.2021 00:31:11.221,0.9207299999999999,0.92063,1.1,2.5
10.08.2021 00:31:11.759,0.9207299999999999,0.92063,1.1,1.69
10.08.2021 00:31:11.881,0.9207299999999999,0.92063,1.1,2.5
10.08.2021 00:31:12.252,0.92074,0.9206200000000001,1.1,1.69
10.08.2021 00:31:12.393,0.9207299999999999,0.92063,1.1,2.5
10.08.2021 00:31:12.647,0.9207299999999999,0.92063,1.1,1.69
10.08.2021 00:31:12.749,0.9207299999999999,0.92063,1.1,2.5
10.08.2021 00:31:12.902,0.9207299999999999,0.92063,1.1,1.69
10.08.2021 00:31:13.037,0.9207299999999999,0.92063,1.1,2.5
10.08.2021 00:31:13.298,0.9207299999999999,0.92063,1.1,2.44
10.08.2021 00:31:13.435,0.9207299999999999,0.92063,1.1,2.5
10.08.2021 00:31:13.652,0.9207299999999999,0.92063,1.1,1.69
10.08.2021 00:31:13.772,0.92074,0.9206200000000001,1.1,2.5
10.08.2021 00:31:14.366,0.9207299999999999,0.92063,1.1,1.69
10.08.2021 00:31:14.475,0.92074,0.9206200000000001,1.1,2.5
10.08.2021 00:31:15.495,0.9207299999999999,0.92063,1.1,1.69
10.08.2021 00:31:15.605,0.9207299999999999,0.92063,1.1,2.5
10.08.2021 00:31:15.758,0.9207299999999999,0.92063,1.1,1.69
10.08.2021 00:31:15.860,0.9207299999999999,0.92063,1.1,2.5
10.08.2021 00:31:16.605,0.9207299999999999,0.92063,1.1,1.69
10.08.2021 00:31:16.734,0.9207299999999999,0.92063,1.1,2.5
10.08.2021 00:31:16.938,0.9207299999999999,0.92063,1.1,1.69
10.08.2021 00:31:17.040,0.9207299999999999,0.92063,1.1,2.5
10.08.2021 00:31:17.750,0.9207299999999999,0.92063,1.1,1.69
10.08.2021 00:31:17.903,0.9207299999999999,0.92063,1.1,2.5
10.08.2021 00:31:18.005,0.9207299999999999,0.92063,1.1,1.69
10.08.2021 00:31:18.107,0.9207299999999999,0.92063,1.1,2.5
10.08.2021 00:31:18.362,0.9207299999999999,0.92063,1.1,1.69
10.08.2021 00:31:18.464,0.9207299999999999,0.92063,1.1,2.5
10.08.2021 00:31:18.812,0.9207299999999999,0.92063,1.1,1.69
10.08.2021 00:31:18.943,0.9207299999999999,0.92063,1.1,2.5
10.08.2021 00:31:19.448,0.9207299999999999,0.92063,1.1,1.69
10.08.2021 00:31:19.588,0.9207299999999999,0.92063,1.1,2.5
10.08.2021 00:31:20.100,0.9207299999999999,0.92063,1.1,1.69
10.08.2021 00:31:20.205,0.92074,0.9206200000000001,1.1,2.5
10.08.2021 00:31:20.545,0.9207299999999999,0.92063,1.1,1.69
10.08.2021 00:31:20.652,0.9207299999999999,0.92063,1.1,2.5
10.08.2021 00:31:20.943,0.9207299999999999,0.92063,1.1,1.69
10.08.2021 00:31:21.078,0.9207299999999999,0.92063,1.1,2.5
10.08.2021 00:31:21.231,0.92074,0.9206200000000001,1.1,1.69
10.08.2021 00:31:21.534,0.9207299999999999,0.92063,1.1,2.5
10.08.2021 00:31:21.750,0.9207299999999999,0.92063,1.1,1.69
10.08.2021 00:31:21.902,0.9207299999999999,0.92063,1.1,2.5
10.08.2021 00:31:22.327,0.9207299999999999,0.92063,1.1,1.69
10.08.2021 00:31:22.432,0.9207299999999999,0.92063,1.1,2.5
10.08.2021 00:31:22.634,0.9207299999999999,0.92063,1.1,1.69
10.08.2021 00:31:22.773,0.9207299999999999,0.92063,1.1,2.5
10.08.2021 00:31:23.410,0.9207299999999999,0.92063,1.1,1.69
10.08.2021 00:31:23.554,0.9207299999999999,0.92063,1.1,2.5
10.08.2021 00:31:23.895,0.92074,0.9206200000000001,1.1,1.69
10.08.2021 00:31:24.014,0.9207299999999999,0.92063,1.1,2.5
10.08.2021 00:31:24.481,0.9207299999999999,0.92063,1.1,1.69
10.08.2021 00:31:24.632,0.9207299999999999,0.92063,1.1,2.5
10.08.2021 00:31:26.111,0.9207299999999999,0.92063,1.1,1.69
10.08.2021 00:31:26.263,0.9207299999999999,0.92063,1.1,2.5
10.08.2021 00:31:27.093,0.9207299999999999,0.92063,1.1,1.69
10.08.2021 00:31:27.201,0.9207299999999999,0.92063,1.1,2.5
10.08.2021 00:31:27.370,0.9207299999999999,0.92063,1.1,1.69
10.08.2021 00:31:27.505,0.9207299999999999,0.92063,1.1,2.5
10.08.2021 00:31:28.360,0.92074,0.9206200000000001,1.1,1.69
10.08.2021 00:31:28.474,0.9207299999999999,0.92063,1.1,2.5
10.08.2021 00:31:29.885,0.92074,0.9206200000000001,1.1,1.69
10.08.2021 00:31:30.002,0.9207299999999999,0.92063,1.1,2.5
10.08.2021 00:31:30.308,0.9207299999999999,0.92063,1.1,1.69
10.08.2021 00:31:30.409,0.9207299999999999,0.92063,1.1,2.5
10.08.2021 00:31:30.740,0.9207299999999999,0.92063,1.1,1.69
10.08.2021 00:31:30.860,0.9207299999999999,0.92063,1.1,2.5
10.08.2021 00:31:31.179,0.92074,0.9206200000000001,1.1,2.44
10.08.2021 00:31:31.327,0.9207299999999999,0.92063,1.1,2.5
10.08.2021 00:31:31.978,0.9207299999999999,0.92063,1.1,1.69
10.08.2021 00:31:32.088,0.9207299999999999,0.92063,1.1,2.5
10.08.2021 00:31:32.347,0.9207299999999999,0.92063,1.1,1.69
10.08.2021 00:31:32.477,0.9207299999999999,0.92063,1.1,2.5
10.08.2021 00:31:32.885,0.9207299999999999,0.92063,1.1,1.69
10.08.2021 00:31:32.995,0.9207299999999999,0.92063,1.1,2.5
10.08.2021 00:31:33.645,0.9207299999999999,0.92063,1.1,1.69
10.08.2021 00:31:33.797,0.9207200000000001,0.92063,1,1
10.08.2021 00:31:41.350,0.9207200000000001,0.9206200000000001,1,1.69
10.08.2021 00:31:41.557,0.9207200000000001,0.9206200000000001,1,2.5
10.08.2021 00:31:44.886,0.9207000000000001,0.92059,2.32,1
10.08.2021 00:31:44.987,0.9206799999999999,0.92058,1.5,1.25
10.08.2021 00:31:45.089,0.9206700000000001,0.92058,1,1.25
10.08.2021 00:31:45.190,0.9206799999999999,0.9205700000000001,1,1.25
10.08.2021 00:31:45.645,0.9206700000000001,0.92058,1,1.25
10.08.2021 00:31:45.797,0.9206700000000001,0.92058,1,1.25
10.08.2021 00:31:45.950,0.9206700000000001,0.92058,1,1.25
10.08.2021 00:31:46.051,0.9206700000000001,0.92058,1,1.25
10.08.2021 00:31:46.274,0.9206700000000001,0.92058,1,1.25
10.08.2021 00:31:46.376,0.9206700000000001,0.92058,1,1.25
10.08.2021 00:31:46.528,0.9206700000000001,0.92058,1,1.25
10.08.2021 00:31:46.629,0.9206700000000001,0.92058,1,1.25
10.08.2021 00:31:47.066,0.9206700000000001,0.92058,1,1.25
10.08.2021 00:31:47.168,0.9206799999999999,0.9205700000000001,1,1.25
10.08.2021 00:31:47.370,0.9206700000000001,0.92058,1,1.25
10.08.2021 00:31:47.472,0.9206700000000001,0.92058,1,1.25
10.08.2021 00:31:47.727,0.9206700000000001,0.92058,1,1.25
10.08.2021 00:31:47.828,0.9206700000000001,0.92058,1,1.25
10.08.2021 00:31:48.182,0.9206700000000001,0.92058,1,1.25
10.08.2021 00:31:48.284,0.9206700000000001,0.92058,1,1.25
10.08.2021 00:31:48.786,0.9206700000000001,0.92058,1,1.25
10.08.2021 00:31:48.887,0.9206799999999999,0.9205700000000001,1,1.25
10.08.2021 00:31:49.191,0.9206700000000001,0.92058,1,1.25
10.08.2021 00:31:49.292,0.9206700000000001,0.92058,1,1.25
10.08.2021 00:31:49.636,0.9206700000000001,0.92058,1,1.25
10.08.2021 00:31:49.787,0.9206700000000001,0.92058,1,1.25
10.08.2021 00:31:50.709,0.9206799999999999,0.9205700000000001,1,1.25
10.08.2021 00:31:50.810,0.9206700000000001,0.92058,1,1.25
10.08.2021 00:31:51.113,0.9206700000000001,0.92058,1,1.25
10.08.2021 00:31:51.215,0.9206700000000001,0.92058,1,1.25
10.08.2021 00:31:51.366,0.9206799999999999,0.9205700000000001,1,1.25
10.08.2021 00:31:51.518,0.9206700000000001,0.92058,1,1.25
10.08.2021 00:31:51.721,0.9206700000000001,0.92058,1,1.25
10.08.2021 00:31:51.827,0.9206700000000001,0.92058,1,1.25
10.08.2021 00:31:51.929,0.9206700000000001,0.92058,1,1.25
10.08.2021 00:31:52.030,0.9206700000000001,0.92058,1,1.25
10.08.2021 00:31:52.182,0.9206700000000001,0.92058,1,1.25
10.08.2021 00:31:52.385,0.9206700000000001,0.92058,1,1.25
10.08.2021 00:31:52.536,0.9206700000000001,0.92058,1,1.25
10.08.2021 00:31:52.688,0.9206700000000001,0.92058,1,1.25
10.08.2021 00:31:53.526,0.9206700000000001,0.92058,1,1.25
10.08.2021 00:31:53.639,0.9206799999999999,0.9205700000000001,1,1.25
10.08.2021 00:31:54.840,0.9206700000000001,0.92058,1,1.25
10.08.2021 00:31:54.942,0.9206700000000001,0.92058,1,1.25
10.08.2021 00:31:55.050,0.9206700000000001,0.92058,1,1.25
10.08.2021 00:31:55.152,0.9206700000000001,0.92058,1,1.25
10.08.2021 00:31:55.509,0.9206700000000001,0.92058,1,1.25
10.08.2021 00:31:55.661,0.9206700000000001,0.92058,1,1.25
10.08.2021 00:31:55.921,0.9206700000000001,0.92058,1,1.25
10.08.2021 00:31:56.022,0.9206700000000001,0.92058,1,1.25
10.08.2021 00:31:56.980,0.9206700000000001,0.92058,1,1.25
10.08.2021 00:31:57.081,0.9206799999999999,0.9205700000000001,1,1.25
10.08.2021 00:31:57.484,0.9206799999999999,0.9205700000000001,1,1.25
10.08.2021 00:31:57.745,0.9206700000000001,0.92058,1,1.25
10.08.2021 00:31:58.448,0.9206700000000001,0.92058,1,1.25
10.08.2021 00:31:58.599,0.9206700000000001,0.92058,1,1.25
10.08.2021 00:32:00.500,0.9206700000000001,0.92058,1,1.25
10.08.2021 00:32:00.671,0.9206700000000001,0.92058,1,1.25
10.08.2021 00:32:01.364,0.9206700000000001,0.92058,1,1.25
10.08.2021 00:32:01.465,0.9206799999999999,0.9205700000000001,1,1.25
10.08.2021 00:32:01.617,0.9206700000000001,0.92058,1,1.25
10.08.2021 00:32:01.718,0.9206700000000001,0.92058,1,1.25
10.08.2021 00:32:01.983,0.9206700000000001,0.92058,1,1.25
10.08.2021 00:32:02.084,0.9206700000000001,0.92058,1,1.25
10.08.2021 00:32:02.286,0.9206700000000001,0.92058,1,1.25
10.08.2021 00:32:02.387,0.9206700000000001,0.92058,1,1.25
10.08.2021 00:32:02.539,0.9206700000000001,0.92058,1,1.25
10.08.2021 00:32:02.640,0.9206700000000001,0.92058,1,1.25
10.08.2021 00:32:03.110,0.9206700000000001,0.92058,1,1.25
10.08.2021 00:32:03.211,0.9206799999999999,0.9205700000000001,1,1.25
10.08.2021 00:32:03.433,0.9206700000000001,0.92058,1,1.25
10.08.2021 00:32:03.534,0.9206700000000001,0.92058,1,1.25
10.08.2021 00:32:03.813,0.9206700000000001,0.92058,1,1.25
10.08.2021 00:32:03.965,0.9206700000000001,0.92058,1,1.25
10.08.2021 00:32:04.832,0.9206799999999999,0.9205700000000001,1,1.69
10.08.2021 00:32:04.934,0.9206700000000001,0.92058,1,1.75
10.08.2021 00:32:06.371,0.9206700000000001,0.92058,1,1.69
10.08.2021 00:32:06.543,0.9206700000000001,0.92058,1,1.75
10.08.2021 00:32:06.785,0.9206700000000001,0.92058,1,1.69
10.08.2021 00:32:06.942,0.9206700000000001,0.92058,1,1.75
10.08.2021 00:32:06.994,0.9206500000000001,0.92056,1.5,1.25
10.08.2021 00:32:07.096,0.9206500000000001,0.9205500000000001,1.57,2.5
10.08.2021 00:32:07.198,0.9206500000000001,0.9205500000000001,1.57,2.44
10.08.2021 00:32:07.300,0.9206500000000001,0.9205500000000001,1.57,3.44
10.08.2021 00:32:07.958,0.9206500000000001,0.9205500000000001,1.57,2.44
10.08.2021 00:32:08.060,0.92066,0.92054,1.57,3.25
10.08.2021 00:32:08.174,0.92066,0.92054,2.32,2.44
10.08.2021 00:32:08.330,0.9206500000000001,0.9205500000000001,2.32,1.75
10.08.2021 00:32:08.481,0.9206500000000001,0.92053,1,1.76
10.08.2021 00:32:08.583,0.9206500000000001,0.9205500000000001,2.32,1.94
10.08.2021 00:32:08.738,0.9206500000000001,0.9205500000000001,2.32,1.25
10.08.2021 00:32:08.852,0.9206500000000001,0.9205500000000001,2.32,1.94
10.08.2021 00:32:09.195,0.9206500000000001,0.9205500000000001,2.32,1.25
10.08.2021 00:32:09.327,0.9206500000000001,0.9205500000000001,2.32,1.94
10.08.2021 00:32:09.596,0.9206500000000001,0.9205500000000001,2.32,1.25
10.08.2021 00:32:09.697,0.9206500000000001,0.9205500000000001,2.32,1.94
10.08.2021 00:32:10.181,0.92064,0.92054,1,2.69
10.08.2021 00:32:10.282,0.9206500000000001,0.92053,1,1.76
10.08.2021 00:32:10.383,0.92064,0.9205500000000001,1,1.5
10.08.2021 00:32:10.509,0.92064,0.92054,1,2.69
10.08.2021 00:32:10.610,0.92064,0.9205500000000001,1,1.25
10.08.2021 00:32:10.711,0.9206500000000001,0.92056,1.5,1.5
10.08.2021 00:32:10.762,0.9206500000000001,0.9205500000000001,1.5,1.25
10.08.2021 00:32:10.863,0.9206500000000001,0.9205500000000001,1.5,1.94
10.08.2021 00:32:10.964,0.9206500000000001,0.9205500000000001,1.5,1.25
10.08.2021 00:32:11.167,0.9206500000000001,0.9205500000000001,2.32,1.94
10.08.2021 00:32:11.299,0.9206500000000001,0.9205500000000001,2.32,1.25
10.08.2021 00:32:11.502,0.9206500000000001,0.9205500000000001,2.32,1.94
10.08.2021 00:32:11.614,0.9206500000000001,0.9205500000000001,2.32,1.25
10.08.2021 00:32:11.715,0.9206500000000001,0.9205500000000001,2.32,1.94
10.08.2021 00:32:11.816,0.9206500000000001,0.9205500000000001,2.32,1.25
10.08.2021 00:32:11.918,0.92064,0.92054,1,1.69
10.08.2021 00:32:12.019,0.92064,0.92054,1,2.69
10.08.2021 00:32:12.706,0.92064,0.92054,1,1.69
10.08.2021 00:32:12.807,0.9206500000000001,0.92053,1,2.69
10.08.2021 00:32:13.009,0.92064,0.92054,1,1.87
10.08.2021 00:32:13.110,0.92064,0.92054,1,2.69
10.08.2021 00:32:13.401,0.92064,0.92054,1,1.87
10.08.2021 00:32:13.553,0.92064,0.92054,1,2.69
10.08.2021 00:32:13.654,0.92064,0.92054,1,1.87
10.08.2021 00:32:13.755,0.9206500000000001,0.92053,1,2.69
10.08.2021 00:32:14.139,0.92064,0.92054,1,1.69
10.08.2021 00:32:14.240,0.9206500000000001,0.92053,1,2.69
10.08.2021 00:32:14.391,0.92064,0.92054,1,1.69
10.08.2021 00:32:14.493,0.92064,0.92054,1,2.69
10.08.2021 00:32:14.644,0.92064,0.92054,1,1.69
10.08.2021 00:32:14.796,0.92064,0.92054,1,2.69
10.08.2021 00:32:14.903,0.92064,0.92054,1,1.69
10.08.2021 00:32:15.005,0.92064,0.92054,1,2.69
10.08.2021 00:32:15.319,0.92064,0.92054,1,1.69
10.08.2021 00:32:15.420,0.92064,0.92054,1,2.69
10.08.2021 00:32:15.839,0.92064,0.92054,1,1.69
10.08.2021 00:32:15.941,0.92064,0.92054,1,2.69
10.08.2021 00:32:16.253,0.92064,0.92054,1,1.69
10.08.2021 00:32:16.355,0.92064,0.92054,1,2.69
10.08.2021 00:32:16.715,0.92064,0.92054,1,1.69
10.08.2021 00:32:16.817,0.92064,0.92054,1,2.69
10.08.2021 00:32:16.999,0.92064,0.92054,1,1.69
10.08.2021 00:32:17.103,0.92064,0.92054,1,2.69
10.08.2021 00:32:17.282,0.9206500000000001,0.92053,1,1.69
10.08.2021 00:32:17.383,0.92064,0.92054,1,2.69
10.08.2021 00:32:18.394,0.92064,0.92054,1,1.87
10.08.2021 00:32:18.522,0.92064,0.92054,1,2.69
10.08.2021 00:32:18.674,0.9206500000000001,0.92053,1,1.69
10.08.2021 00:32:18.776,0.92064,0.92054,1,2.69
10.08.2021 00:32:19.091,0.92064,0.92054,1,1.69
10.08.2021 00:32:19.193,0.92064,0.92054,1,2.69
10.08.2021 00:32:19.503,0.92064,0.92054,1,1.69
10.08.2021 00:32:19.604,0.9206500000000001,0.92053,1,2.69
10.08.2021 00:32:19.771,0.92064,0.92054,1,1.69
10.08.2021 00:32:19.873,0.92064,0.92054,1,2.69
10.08.2021 00:32:20.025,0.92064,0.92054,1,1.87
10.08.2021 00:32:20.127,0.9206500000000001,0.92053,1,2.69
10.08.2021 00:32:20.281,0.92064,0.92054,1,1.69
10.08.2021 00:32:20.385,0.92064,0.92054,1,2.69
10.08.2021 00:32:21.103,0.92064,0.92054,1,1.69
10.08.2021 00:32:21.211,0.92064,0.92054,1,2.69
10.08.2021 00:32:21.364,0.92064,0.92054,1,1.87
10.08.2021 00:32:21.466,0.92064,0.92054,1,2.69
10.08.2021 00:32:21.619,0.92064,0.92054,1,1.69
10.08.2021 00:32:21.728,0.92064,0.92054,1,2.69
10.08.2021 00:32:21.881,0.92064,0.92054,1,1.69
10.08.2021 00:32:21.982,0.92064,0.92054,1,2.69
10.08.2021 00:32:22.604,0.92064,0.92054,1,1.69
10.08.2021 00:32:22.706,0.92064,0.92054,1,2.69
10.08.2021 00:32:23.074,0.9206500000000001,0.92053,1,1.69
10.08.2021 00:32:23.176,0.92064,0.92054,1,2.69
10.08.2021 00:32:23.328,0.92064,0.92054,1,1.69
10.08.2021 00:32:23.443,0.92064,0.92054,1,2.69
10.08.2021 00:32:24.006,0.92064,0.92054,1,1.69
10.08.2021 00:32:24.108,0.9206500000000001,0.92053,1,3.44
10.08.2021 00:32:24.322,0.92064,0.92054,1,3.37
10.08.2021 00:32:24.454,0.92064,0.92054,1,3.44
10.08.2021 00:32:24.658,0.92064,0.92054,1,2.44
10.08.2021 00:32:24.760,0.9206500000000001,0.92053,1,3.44
10.08.2021 00:32:25.294,0.92064,0.92054,1,2.44
10.08.2021 00:32:25.396,0.92064,0.92054,1,3.44
10.08.2021 00:32:25.548,0.92064,0.92054,1,2.44
10.08.2021 00:32:25.658,0.92064,0.92054,1,3.44
10.08.2021 00:32:25.964,0.92064,0.92054,1,2.44
10.08.2021 00:32:26.143,0.92064,0.92054,1,3.44
10.08.2021 00:32:26.261,0.92064,0.92054,1,2.44
10.08.2021 00:32:26.413,0.92064,0.92054,1,3.44
10.08.2021 00:32:26.514,0.92064,0.92054,1,2.44
10.08.2021 00:32:26.626,0.92064,0.92054,1,3.44
10.08.2021 00:32:26.782,0.92064,0.92054,1,3.19
10.08.2021 00:32:26.883,0.92064,0.92054,1,3.44
10.08.2021 00:32:27.193,0.92064,0.92054,1,2.44
10.08.2021 00:32:27.294,0.92064,0.92054,1,3.44
10.08.2021 00:32:27.653,0.92064,0.92054,1,2.44
10.08.2021 00:32:27.761,0.92064,0.92054,1,3.44
10.08.2021 00:32:28.253,0.9206500000000001,0.92053,1,2.44
10.08.2021 00:32:28.355,0.92064,0.92054,1,3.44
10.08.2021 00:32:28.456,0.92064,0.92054,1,2.62
10.08.2021 00:32:28.608,0.9206500000000001,0.92053,1,3.44
10.08.2021 00:32:28.904,0.92064,0.92054,1,2.44
10.08.2021 00:32:29.005,0.92064,0.92054,1,3.44
10.08.2021 00:32:29.157,0.9206500000000001,0.92053,1,2.44
10.08.2021 00:32:29.270,0.92064,0.92054,1,3.44
10.08.2021 00:32:29.472,0.92064,0.92054,1,2.44
10.08.2021 00:32:29.580,0.92064,0.92054,1,3.44
10.08.2021 00:32:29.984,0.92064,0.92054,1,2.44
10.08.2021 00:32:30.135,0.92064,0.92054,1,3.44
10.08.2021 00:32:30.714,0.92064,0.92054,1,1.69
10.08.2021 00:32:30.826,0.92064,0.92054,1,2.69
10.08.2021 00:32:30.981,0.92064,0.92054,1,1.69
10.08.2021 00:32:31.082,0.92064,0.92054,1,2.69
10.08.2021 00:32:31.234,0.9206500000000001,0.92053,1,1.69
10.08.2021 00:32:31.345,0.92064,0.92054,1,2.69
10.08.2021 00:32:31.498,0.92064,0.92054,1,1.69
10.08.2021 00:32:31.650,0.92064,0.92054,1,2.69
10.08.2021 00:32:31.751,0.92064,0.92054,1,1.69
10.08.2021 00:32:31.853,0.92064,0.92054,1,2.69
10.08.2021 00:32:32.015,0.92064,0.92054,1,1.69
10.08.2021 00:32:32.116,0.9206500000000001,0.92053,1,2.69
10.08.2021 00:32:32.509,0.92064,0.92054,1,1.87
10.08.2021 00:32:32.682,0.92064,0.92054,1,2.69
10.08.2021 00:32:32.965,0.92064,0.92054,1,1.69
10.08.2021 00:32:33.067,0.92064,0.92054,1,2.69
10.08.2021 00:32:33.219,0.92064,0.92054,1,1.69
10.08.2021 00:32:33.347,0.92064,0.92054,1,2.69
10.08.2021 00:32:33.549,0.92064,0.92054,1,1.69
10.08.2021 00:32:33.652,0.92064,0.92054,1,2.69
10.08.2021 00:32:33.943,0.92064,0.92054,1,1.69
10.08.2021 00:32:34.059,0.92064,0.92054,1,2.5
10.08.2021 00:32:34.213,0.9206500000000001,0.92053,1,1.69
10.08.2021 00:32:34.314,0.92064,0.92054,1,2.69
10.08.2021 00:32:34.967,0.92064,0.92054,1,1.69
10.08.2021 00:32:35.069,0.92064,0.92054,1,2.69
10.08.2021 00:32:35.414,0.9206500000000001,0.92053,1,1.69
10.08.2021 00:32:35.516,0.92064,0.92054,1,2.69
10.08.2021 00:32:35.725,0.92064,0.92054,1,1.69
10.08.2021 00:32:35.826,0.92064,0.92054,1,2.69
10.08.2021 00:32:36.180,0.92064,0.92054,1,1.87
10.08.2021 00:32:36.281,0.9206500000000001,0.92053,1,2.69
10.08.2021 00:32:36.671,0.92064,0.92054,1,2.62
10.08.2021 00:32:36.773,0.9206500000000001,0.92053,1,2.69
10.08.2021 00:32:37.106,0.92064,0.92054,1,1.69
10.08.2021 00:32:37.258,0.92064,0.92054,1,2.69
10.08.2021 00:32:37.380,0.92064,0.92054,1,1.69
10.08.2021 00:32:37.481,0.92064,0.92054,1,2.69
10.08.2021 00:32:37.691,0.92064,0.92054,1,1.69
10.08.2021 00:32:37.793,0.92064,0.92054,1,2.69
10.08.2021 00:32:38.208,0.92064,0.92054,1,1.69
10.08.2021 00:32:38.310,0.92064,0.92054,1,2.69
10.08.2021 00:32:38.622,0.92064,0.92054,1,1.69
10.08.2021 00:32:38.723,0.92064,0.92054,1,2.69
10.08.2021 00:32:38.875,0.92064,0.92054,1,1.69
10.08.2021 00:32:39.026,0.92064,0.92054,1,2.69
10.08.2021 00:32:39.349,0.92064,0.92054,1,1.87
10.08.2021 00:32:39.501,0.9206500000000001,0.92053,1,2.69
10.08.2021 00:32:39.710,0.92064,0.92054,1,1.69
10.08.2021 00:32:39.862,0.92064,0.92054,1,2.69
10.08.2021 00:32:39.964,0.92064,0.92054,1,1.69
10.08.2021 00:32:40.077,0.92064,0.92054,1,2.69
10.08.2021 00:32:40.371,0.92064,0.92054,1,1.69
10.08.2021 00:32:40.473,0.9206500000000001,0.92053,1,2.69
10.08.2021 00:32:40.625,0.92064,0.92054,1,1.69
10.08.2021 00:32:40.727,0.92064,0.92054,1,2.69
10.08.2021 00:32:41.249,0.92064,0.92054,1,1.69
10.08.2021 00:32:41.401,0.92064,0.92054,1,2.69
10.08.2021 00:32:41.615,0.92064,0.92054,1,1.69
10.08.2021 00:32:41.717,0.92064,0.92054,1,2.69
10.08.2021 00:32:41.870,0.9206500000000001,0.92053,1,1.69
10.08.2021 00:32:42.022,0.92064,0.92054,1,2.69
10.08.2021 00:32:42.175,0.92064,0.92054,1,1.69
10.08.2021 00:32:42.277,0.92064,0.92054,1,2.69
10.08.2021 00:32:42.598,0.92064,0.92054,1,1.69
10.08.2021 00:32:42.750,0.92064,0.92054,1,2.69
10.08.2021 00:32:42.860,0.92064,0.92054,1,1.69
10.08.2021 00:32:42.961,0.92064,0.92054,1,2.69
10.08.2021 00:32:43.275,0.92064,0.92054,1,1.69
10.08.2021 00:32:43.377,0.92064,0.92054,1,2.69
10.08.2021 00:32:43.581,0.92064,0.92054,1,1.69
10.08.2021 00:32:43.683,0.92064,0.92054,1,2.69
10.08.2021 00:32:44.188,0.92064,0.92054,1,1.69
10.08.2021 00:32:44.290,0.92064,0.92054,1,2.69
10.08.2021 00:32:44.493,0.9206500000000001,0.92053,1,1.69
10.08.2021 00:32:44.595,0.92064,0.92054,1,2.69
10.08.2021 00:32:45.065,0.9206500000000001,0.92053,1,1.69
10.08.2021 00:32:45.166,0.92064,0.92054,1,2.69
10.08.2021 00:32:45.582,0.92064,0.92054,1,1.69
10.08.2021 00:32:45.683,0.92064,0.92054,1,2.69
10.08.2021 00:32:46.280,0.9206500000000001,0.92053,1,1.69
10.08.2021 00:32:46.381,0.92064,0.92054,1,2.69
10.08.2021 00:32:47.666,0.92064,0.92054,1,1.69
10.08.2021 00:32:47.767,0.92064,0.92054,1,2.69
10.08.2021 00:32:47.918,0.92064,0.92054,1,1.69
10.08.2021 00:32:48.028,0.92064,0.92054,1,2.69
10.08.2021 00:32:48.494,0.92064,0.92054,1,1.69
10.08.2021 00:32:48.595,0.92064,0.92054,1,2.69
10.08.2021 00:32:49.218,0.92064,0.92054,1,1.69
10.08.2021 00:32:49.369,0.92064,0.92054,1,2.69
10.08.2021 00:32:49.470,0.92064,0.92054,1,1.69
10.08.2021 00:32:49.571,0.92064,0.92054,1,2.69
10.08.2021 00:32:49.958,0.92064,0.92054,1,1.69
10.08.2021 00:32:50.059,0.92064,0.92054,1,2.69
10.08.2021 00:32:50.261,0.92064,0.92054,1,1.69
10.08.2021 00:32:50.362,0.92064,0.92054,1,2.5
10.08.2021 00:32:50.942,0.92064,0.92054,1,1.69
10.08.2021 00:32:51.093,0.92064,0.92054,1,2.69
10.08.2021 00:32:51.408,0.92064,0.92054,1,1.69
10.08.2021 00:32:51.509,0.92064,0.92054,1,2.69
10.08.2021 00:32:51.720,0.92064,0.92054,1,1.69
10.08.2021 00:32:51.821,0.92064,0.92054,1,2.69
10.08.2021 00:32:51.972,0.92064,0.92054,1,1.69
10.08.2021 00:32:52.124,0.92064,0.92054,1,2.69
10.08.2021 00:32:52.655,0.92064,0.92054,1,1.69
10.08.2021 00:32:52.811,0.92064,0.92054,1,2.69
10.08.2021 00:32:52.963,0.92064,0.92054,1,1.69
10.08.2021 00:32:53.064,0.92064,0.92054,1,2.69
10.08.2021 00:32:53.596,0.92064,0.92054,1,1.69
10.08.2021 00:32:53.697,0.92064,0.92054,1,2.69
10.08.2021 00:32:53.949,0.92064,0.92054,1,1.69
10.08.2021 00:32:54.062,0.92064,0.92054,1,2.69
10.08.2021 00:32:54.202,0.92064,0.92054,1,1.69
10.08.2021 00:32:54.353,0.92064,0.92054,1,2.69
10.08.2021 00:32:54.555,0.92064,0.92054,1,1.69
10.08.2021 00:32:54.692,0.9206500000000001,0.92053,1,2.69
10.08.2021 00:32:54.849,0.92064,0.92054,1,1.69
10.08.2021 00:32:55.000,0.92064,0.92054,1,2.69
10.08.2021 00:32:55.101,0.92064,0.92054,1,1.69
10.08.2021 00:32:55.214,0.92064,0.92054,1,2.69
10.08.2021 00:32:55.366,0.92064,0.92054,1,1.69
10.08.2021 00:32:55.517,0.92064,0.92054,1,2.69
10.08.2021 00:32:55.619,0.92064,0.92054,1,1.69
10.08.2021 00:32:55.720,0.92064,0.92054,1,2.5
10.08.2021 00:32:55.957,0.92064,0.92054,1,1.69
10.08.2021 00:32:56.109,0.92064,0.92054,1,2.69
10.08.2021 00:32:56.582,0.92064,0.92054,1,1.69
10.08.2021 00:32:56.683,0.9206500000000001,0.92053,1,2.69
10.08.2021 00:32:57.528,0.92064,0.92054,1,2.62
10.08.2021 00:32:57.629,0.92064,0.92054,1,2.69
10.08.2021 00:32:58.038,0.92064,0.92054,1,1.69
10.08.2021 00:32:58.190,0.92064,0.92054,1,1.75
10.08.2021 00:32:58.342,0.92064,0.92054,1,1.69
10.08.2021 00:32:58.443,0.92064,0.92054,1,1.75
10.08.2021 00:32:58.696,0.92064,0.92054,1,1.69
10.08.2021 00:32:58.848,0.92064,0.92054,1,1.75
10.08.2021 00:32:59.252,0.92064,0.92054,1,1.69
10.08.2021 00:32:59.403,0.92064,0.92054,1,1.75
10.08.2021 00:32:59.555,0.9206500000000001,0.92053,1,1.69
10.08.2021 00:32:59.669,0.92064,0.92054,1,1.75
10.08.2021 00:33:00.125,0.92064,0.92054,1,1.69
10.08.2021 00:33:00.277,0.92064,0.92054,1,1.75
10.08.2021 00:33:00.638,0.92064,0.92054,1,1.69
10.08.2021 00:33:00.790,0.92064,0.92054,1,1.75
10.08.2021 00:33:00.942,0.92064,0.92054,1,1.69
10.08.2021 00:33:01.049,0.92064,0.92054,1,1.75
10.08.2021 00:33:01.202,0.92064,0.92054,1,1.69
10.08.2021 00:33:01.454,0.92064,0.92054,1,1.75
10.08.2021 00:33:01.607,0.92064,0.92054,1,1.69
10.08.2021 00:33:01.709,0.92064,0.92054,1,1.75
10.08.2021 00:33:01.861,0.92064,0.92054,1,1.69
10.08.2021 00:33:02.726,0.92064,0.92054,1,1.75
10.08.2021 00:33:02.878,0.92064,0.92054,1,1.69
10.08.2021 00:33:03.031,0.92064,0.92054,1,1.75
10.08.2021 00:33:03.335,0.92064,0.92054,1,1.69
10.08.2021 00:33:03.487,0.92064,0.92054,1,1.75
10.08.2021 00:33:03.691,0.92064,0.92054,1,1.69
10.08.2021 00:33:05.453,0.92064,0.92054,1,1.75
10.08.2021 00:33:05.562,0.92064,0.92054,1,1.69
10.08.2021 00:33:05.840,0.92064,0.92054,1,1.75
10.08.2021 00:33:05.993,0.92064,0.92054,1,1.69
10.08.2021 00:33:06.094,0.92064,0.92054,1,1.75
10.08.2021 00:33:06.196,0.92064,0.92054,1,1.69
10.08.2021 00:33:06.348,0.92064,0.92054,1,1.75
10.08.2021 00:33:06.653,0.92064,0.92054,1,1.69
10.08.2021 00:33:06.805,0.92064,0.92054,1,1.75
10.08.2021 00:33:06.958,0.9206500000000001,0.92054,1.95,1.75
10.08.2021 00:33:07.059,0.9206500000000001,0.92054,1.95,1.69
10.08.2021 00:33:07.161,0.9206500000000001,0.92054,1.95,1.75
10.08.2021 00:33:07.415,0.9206500000000001,0.92054,1.95,1.69
10.08.2021 00:33:07.519,0.9206500000000001,0.92054,1.95,1.75
10.08.2021 00:33:07.671,0.9206500000000001,0.92054,1.95,1.69
10.08.2021 00:33:07.828,0.9206500000000001,0.92054,1.95,1.75
10.08.2021 00:33:08.448,0.9206500000000001,0.92054,1.95,1.69
10.08.2021 00:33:08.561,0.9206500000000001,0.92054,1.95,1.75
10.08.2021 00:33:08.726,0.9206500000000001,0.92054,1.95,1.69
10.08.2021 00:33:08.850,0.9206500000000001,0.92054,1.95,1.75
10.08.2021 00:33:09.158,0.9206500000000001,0.92054,1.95,1.69
10.08.2021 00:33:09.260,0.9206500000000001,0.92054,1.95,1.75
10.08.2021 00:33:09.713,0.9206500000000001,0.92054,1.95,1.69
10.08.2021 00:33:09.851,0.9206500000000001,0.92054,1.95,1.75
10.08.2021 00:33:10.006,0.9206500000000001,0.92054,1.95,1.69
10.08.2021 00:33:10.143,0.9206500000000001,0.92054,1.95,1.75
10.08.2021 00:33:11.120,0.9206500000000001,0.92054,1.87,1.69
10.08.2021 00:33:11.275,0.9206500000000001,0.92054,1.87,1.75
10.08.2021 00:33:11.377,0.92066,0.92053,1.87,1.69
10.08.2021 00:33:11.542,0.92066,0.92053,1.87,1.75
10.08.2021 00:33:11.694,0.9206500000000001,0.92054,1.87,1.69
10.08.2021 00:33:11.811,0.9206500000000001,0.92054,1.87,1.75
10.08.2021 00:33:12.065,0.9206500000000001,0.92054,1.87,1.69
10.08.2021 00:33:12.179,0.9206500000000001,0.92054,1.87,1.75
10.08.2021 00:33:12.381,0.9206500000000001,0.92054,1.87,1.69
10.08.2021 00:33:12.561,0.9206500000000001,0.92054,1.87,1.75
10.08.2021 00:33:13.183,0.9206500000000001,0.92054,1.87,1.69
10.08.2021 00:33:13.285,0.9206500000000001,0.92054,1.87,1.75
10.08.2021 00:33:13.951,0.9206500000000001,0.92054,1.87,1.69
10.08.2021 00:33:14.052,0.9206500000000001,0.92054,1.87,1.75
10.08.2021 00:33:15.000,0.9206500000000001,0.92054,1.87,1.69
10.08.2021 00:33:15.153,0.9206500000000001,0.92054,1.87,1.75
10.08.2021 00:33:15.812,0.9206500000000001,0.9205500000000001,1.87,1.25
10.08.2021 00:33:16.015,0.9206500000000001,0.9205500000000001,1.87,1.25
10.08.2021 00:33:19.340,0.9206500000000001,0.9205500000000001,1.87,1.25
10.08.2021 00:33:19.503,0.9206500000000001,0.9205500000000001,1.87,1.25
10.08.2021 00:33:21.972,0.9206500000000001,0.92054,1.87,1.69
10.08.2021 00:33:22.111,0.9206500000000001,0.92054,1.87,2.69
10.08.2021 00:33:22.263,0.9206500000000001,0.92054,1.87,1.69
10.08.2021 00:33:22.366,0.9206500000000001,0.92054,1.87,2.69
10.08.2021 00:33:22.467,0.9206500000000001,0.92054,1.87,2.69
10.08.2021 00:33:22.591,0.9206500000000001,0.92054,1.87,1.87
10.08.2021 00:33:22.743,0.9206500000000001,0.92054,1.87,2.69
10.08.2021 00:33:22.945,0.9206500000000001,0.92054,1.87,1.69
10.08.2021 00:33:22.995,0.9206500000000001,0.92054,1.87,2.69
10.08.2021 00:33:23.114,0.9206500000000001,0.92054,1.87,2.69
10.08.2021 00:33:23.273,0.9206500000000001,0.92054,1.87,1.87
10.08.2021 00:33:23.391,0.9206500000000001,0.92054,1.87,2.69
10.08.2021 00:33:23.926,0.9206500000000001,0.92054,1.87,1.87
10.08.2021 00:33:24.027,0.9206500000000001,0.92054,1.87,2.69
10.08.2021 00:33:24.241,0.9206500000000001,0.92054,1.87,1.69
10.08.2021 00:33:24.392,0.9206500000000001,0.92054,1.87,2.69
10.08.2021 00:33:24.505,0.9206500000000001,0.92054,2.25,1.69
10.08.2021 00:33:24.606,0.92066,0.92053,1.87,1.75
10.08.2021 00:33:24.809,0.9206500000000001,0.92054,1.87,2.69
10.08.2021 00:33:25.012,0.9206500000000001,0.92054,1.87,1.75
10.08.2021 00:33:25.123,0.92066,0.92053,1.87,2.69
10.08.2021 00:33:25.705,0.9206500000000001,0.92054,1.87,1.75
10.08.2021 00:33:25.836,0.9206500000000001,0.92054,1.87,2.69
10.08.2021 00:33:26.114,0.92066,0.92053,1.87,1.75
10.08.2021 00:33:26.383,0.9206500000000001,0.92054,1.87,2.69
10.08.2021 00:33:26.687,0.9206500000000001,0.92054,1.87,1.94
10.08.2021 00:33:26.839,0.9206500000000001,0.92054,1.87,2.69
10.08.2021 00:33:27.155,0.9206500000000001,0.92054,1.87,1.75
10.08.2021 00:33:27.307,0.9206500000000001,0.92054,1.95,2.69
10.08.2021 00:33:27.459,0.9206500000000001,0.92054,1.95,1.75
10.08.2021 00:33:27.560,0.9206500000000001,0.92054,1.95,2.69
10.08.2021 00:33:27.711,0.9206500000000001,0.92054,1.95,1.75
10.08.2021 00:33:27.813,0.9206500000000001,0.92054,1.95,2.69
10.08.2021 00:33:27.965,0.9206500000000001,0.92054,1.95,1.75
10.08.2021 00:33:28.066,0.9206500000000001,0.92054,1.95,2.69
10.08.2021 00:33:28.168,0.9206500000000001,0.92054,1.95,1.75
10.08.2021 00:33:28.321,0.9206500000000001,0.92054,1.95,2.69
10.08.2021 00:33:28.524,0.9206500000000001,0.92054,1.95,1.75
10.08.2021 00:33:28.631,0.9206500000000001,0.92054,1.95,2.69
10.08.2021 00:33:28.784,0.9206500000000001,0.92054,1.95,1.75
10.08.2021 00:33:28.885,0.9206500000000001,0.92054,1.95,2.69
10.08.2021 00:33:29.037,0.9206500000000001,0.92054,1.95,1.75
10.08.2021 00:33:29.138,0.9206500000000001,0.92054,1.95,2.69
10.08.2021 00:33:29.511,0.9206500000000001,0.92054,1.95,1.75
10.08.2021 00:33:29.617,0.9206500000000001,0.92054,1.95,2.69
10.08.2021 00:33:30.206,0.9206500000000001,0.92054,1.95,1.75
10.08.2021 00:33:30.347,0.9206500000000001,0.92054,1.95,2.69
10.08.2021 00:33:30.813,0.9206500000000001,0.92054,1.95,1.75
10.08.2021 00:33:30.965,0.92066,0.92053,1.95,2.69
10.08.2021 00:33:31.167,0.9206500000000001,0.92054,1.95,1.75
10.08.2021 00:33:31.269,0.9206500000000001,0.92054,1.95,2.69
10.08.2021 00:33:31.370,0.92066,0.92053,1.95,1.75
10.08.2021 00:33:31.521,0.9206500000000001,0.92054,1.87,2.76
10.08.2021 00:33:31.673,0.92066,0.92053,1.95,1.75
10.08.2021 00:33:31.825,0.9206500000000001,0.92054,1.95,2.69
10.08.2021 00:33:31.958,0.9206500000000001,0.92054,2.32,1.69
10.08.2021 00:33:32.195,0.9206500000000001,0.92054,2.32,1.75
10.08.2021 00:33:32.651,0.9206500000000001,0.92054,2.32,1.69
10.08.2021 00:33:32.781,0.9206500000000001,0.92054,2.32,1.75
10.08.2021 00:33:32.983,0.92066,0.92053,2.32,2.06
10.08.2021 00:33:33.034,0.9206799999999999,0.92058,2.45,3.25
10.08.2021 00:33:33.135,0.92069,0.9206000000000001,1.12,1.25
10.08.2021 00:33:48.208,0.92066,0.92056,1.1,1.5
10.08.2021 00:33:48.309,0.92064,0.92054,1,1.76
10.08.2021 00:33:49.602,0.92063,0.92054,1,1
10.08.2021 00:33:49.955,0.92061,0.9205000000000001,1.57,7.01
10.08.2021 00:33:50.057,0.9206000000000001,0.9205000000000001,2.25,2.51
10.08.2021 00:33:50.158,0.92059,0.9205000000000001,1,1.5
10.08.2021 00:33:59.837,0.92059,0.9205000000000001,1,1.25
10.08.2021 00:33:59.938,0.92059,0.9205000000000001,1,1
10.08.2021 00:34:00.090,0.9206000000000001,0.9205000000000001,2.32,1.25
10.08.2021 00:34:00.983,0.9206000000000001,0.9205000000000001,2.35,1
10.08.2021 00:34:01.085,0.9206000000000001,0.9205000000000001,2.32,1.25
10.08.2021 00:34:15.984,0.92058,0.92049,1.57,1
10.08.2021 00:34:16.186,0.92058,0.92049,1.97,1
10.08.2021 00:34:19.780,0.92058,0.92048,1.97,1
10.08.2021 00:34:20.246,0.92058,0.92048,1.95,1
10.08.2021 00:34:20.627,0.92059,0.9205000000000001,1.2,1
10.08.2021 00:34:20.729,0.92059,0.92051,1,1
10.08.2021 00:34:23.259,0.9206000000000001,0.9205200000000001,1,1
10.08.2021 00:34:29.794,0.92063,0.92053,1.95,1.69
10.08.2021 00:34:29.895,0.92063,0.92054,1,1
10.08.2021 00:34:31.494,0.9206200000000001,0.92054,1,1.5
10.08.2021 00:34:31.900,0.92063,0.92054,1,1
10.08.2021 00:34:45.174,0.92063,0.92053,1,2.51
10.08.2021 00:34:47.261,0.9206200000000001,0.92054,1,1
10.08.2021 00:34:48.259,0.9206200000000001,0.9205500000000001,1,1
10.08.2021 00:34:51.383,0.9206200000000001,0.92054,1,1
10.08.2021 00:35:06.208,0.92061,0.92053,1,1
10.08.2021 00:35:21.816,0.9206200000000001,0.92053,1,1
10.08.2021 00:35:22.081,0.92061,0.92053,1,1
10.08.2021 00:35:22.132,0.9206200000000001,0.9205500000000001,1,1
10.08.2021 00:35:23.453,0.92061,0.9205500000000001,1,1
10.08.2021 00:35:25.133,0.9206200000000001,0.9205500000000001,1,1
10.08.2021 00:35:25.236,0.92061,0.9205500000000001,1,1
10.08.2021 00:35:25.539,0.92063,0.9205500000000001,1.95,1
10.08.2021 00:35:25.590,0.92064,0.9205200000000001,1.95,1
10.08.2021 00:35:25.842,0.9206200000000001,0.92053,1,1
10.08.2021 00:35:28.079,0.92061,0.92053,1,1
10.08.2021 00:35:28.783,0.92061,0.92051,1,2.76
10.08.2021 00:35:28.897,0.92061,0.92051,1,1.76
10.08.2021 00:35:29.003,0.9206200000000001,0.9205000000000001,1,2.76
10.08.2021 00:35:29.155,0.92061,0.92051,1,1.76
10.08.2021 00:35:29.256,0.92061,0.92051,1,2.76
10.08.2021 00:35:29.468,0.92061,0.92051,1,1.76
10.08.2021 00:35:29.619,0.92061,0.92051,1,3.64
10.08.2021 00:35:30.619,0.92061,0.92051,1,3.64
10.08.2021 00:35:30.891,0.9206200000000001,0.9205200000000001,1.5,1.12
10.08.2021 00:35:30.993,0.92061,0.92051,1,2.56
10.08.2021 00:35:31.581,0.92061,0.92051,1,1.87
10.08.2021 00:35:52.784,0.9206200000000001,0.9205200000000001,1,1.5
10.08.2021 00:36:03.877,0.92063,0.92053,1,1.5
10.08.2021 00:36:12.886,0.9206200000000001,0.9205200000000001,1.69,1
10.08.2021 00:36:20.196,0.92061,0.92053,1,1
10.08.2021 00:36:56.732,0.9206200000000001,0.92054,1,1
10.08.2021 00:36:56.884,0.9206000000000001,0.9205200000000001,1,1
10.08.2021 00:36:56.986,0.92059,0.92051,1,1.5
10.08.2021 00:37:02.575,0.9206000000000001,0.92051,1,1.5
10.08.2021 00:37:22.649,0.9205700000000001,0.92049,1,1.87
10.08.2021 00:37:22.750,0.92056,0.92048,1,2.25
10.08.2021 00:37:36.223,0.9205700000000001,0.9205000000000001,1,1.25
10.08.2021 00:37:36.274,0.9206000000000001,0.92051,1.1,1.87
10.08.2021 00:37:36.375,0.9206200000000001,0.92051,1.5,1
10.08.2021 00:37:43.645,0.92061,0.92051,1.5,3.19
10.08.2021 00:37:58.027,0.92061,0.92053,1.5,1.25
10.08.2021 00:37:58.128,0.92061,0.9205200000000001,1.5,1.25
10.08.2021 00:38:00.142,0.92058,0.9205000000000001,1,1
10.08.2021 00:38:00.243,0.9205700000000001,0.92048,1,3.19
10.08.2021 00:38:02.865,0.9206000000000001,0.92051,1,2.44
10.08.2021 00:38:02.966,0.92063,0.9205200000000001,1.5,1.69
10.08.2021 00:38:03.321,0.9206200000000001,0.92053,1,3.25
10.08.2021 00:38:03.422,0.92063,0.92054,1,1.75
10.08.2021 00:38:03.950,0.92063,0.92054,1,1.31
10.08.2021 00:38:31.255,0.92063,0.92054,1,1.75
10.08.2021 00:38:51.118,0.92061,0.92053,1,1.69
10.08.2021 00:38:52.018,0.92061,0.92054,1,1.69
10.08.2021 00:38:56.644,0.92061,0.9205500000000001,1,1.25
10.08.2021 00:38:56.694,0.92063,0.9205500000000001,1,1.69
10.08.2021 00:40:27.392,0.9206500000000001,0.92054,1.5,1.25
10.08.2021 00:41:19.338,0.9206500000000001,0.9205500000000001,2.32,1.69
10.08.2021 00:41:53.055,0.9206500000000001,0.9205500000000001,2.72,1.5
10.08.2021 00:42:00.889,0.9206500000000001,0.9205500000000001,1.57,2.44
10.08.2021 00:42:01.429,0.9206500000000001,0.9205500000000001,1.6,2.25
10.08.2021 00:42:10.340,0.9206500000000001,0.9205500000000001,1.57,2.44
10.08.2021 00:42:54.014,0.92066,0.92054,2.35,1.5
10.08.2021 00:42:54.192,0.9206500000000001,0.9205500000000001,2.32,1.5
10.08.2021 00:43:09.377,0.9207000000000001,0.9206000000000001,2.25,1.5
10.08.2021 00:43:09.427,0.92071,0.92061,1.57,2.95
10.08.2021 00:43:09.529,0.9207299999999999,0.92063,1.57,1.76
10.08.2021 00:43:09.630,0.92074,0.92064,2.35,1.69
10.08.2021 00:43:12.566,0.92074,0.92064,2.32,1.76
10.08.2021 00:43:13.491,0.92074,0.92064,2.35,1.69
10.08.2021 00:43:14.432,0.9207500000000001,0.92066,1,1.76
10.08.2021 00:43:14.534,0.9207600000000001,0.9206799999999999,1,1.25
10.08.2021 00:43:14.635,0.9207700000000001,0.9206799999999999,1.1,1.31
10.08.2021 00:43:16.429,0.9207799999999999,0.9206799999999999,1.57,2.14
10.08.2021 00:43:22.117,0.9207500000000001,0.92066,1.57,1.82
10.08.2021 00:43:22.168,0.92074,0.9206500000000001,1.1,1.12
10.08.2021 00:43:22.269,0.9207299999999999,0.92064,1.1,2.19
10.08.2021 00:43:22.380,0.9207299999999999,0.92064,1.1,1.69
10.08.2021 00:43:22.512,0.92074,0.9206500000000001,1.57,1.25
10.08.2021 00:43:24.075,0.92074,0.92064,1.95,2.51
10.08.2021 00:43:28.337,0.9207799999999999,0.92069,1.1,1.75
10.08.2021 00:43:28.439,0.92079,0.92071,1,1.5
10.08.2021 00:43:28.540,0.92079,0.9207200000000001,1,1
10.08.2021 00:43:37.973,0.92079,0.92071,1,2.25
10.08.2021 00:43:40.741,0.9208100000000001,0.92071,1.6,2.44
10.08.2021 00:43:48.930,0.92079,0.92071,1.25,1.5
10.08.2021 00:43:58.577,0.9208000000000001,0.92071,1.01,1.5
10.08.2021 00:44:02.400,0.9208000000000001,0.92071,1.82,1
10.08.2021 00:44:10.394,0.9207500000000001,0.9206700000000001,2.57,2
10.08.2021 00:44:10.445,0.92074,0.92066,1.69,1
10.08.2021 00:44:10.547,0.9207200000000001,0.92066,1.25,1
10.08.2021 00:44:10.649,0.9207200000000001,0.92063,1.25,1.1
10.08.2021 00:44:11.824,0.9207200000000001,0.92063,1.76,1
10.08.2021 00:44:12.026,0.9207000000000001,0.92063,1.25,1
10.08.2021 00:44:12.128,0.9207200000000001,0.92063,1.76,1
10.08.2021 00:44:12.230,0.9207200000000001,0.92063,1.82,1
10.08.2021 00:44:12.382,0.92071,0.92063,1.25,1
10.08.2021 00:44:12.484,0.9207200000000001,0.92063,1.82,1
10.08.2021 00:44:12.810,0.92071,0.92063,1.25,1
10.08.2021 00:44:12.915,0.9207299999999999,0.9206200000000001,1.82,1
10.08.2021 00:44:13.329,0.92071,0.92063,1.25,1
10.08.2021 00:44:13.481,0.9207200000000001,0.92063,1.82,1
10.08.2021 00:44:13.582,0.92071,0.92063,1.25,1
10.08.2021 00:44:13.683,0.9207200000000001,0.92063,1.82,1
10.08.2021 00:44:14.169,0.92071,0.92063,1.25,1
10.08.2021 00:44:14.270,0.9207299999999999,0.9206200000000001,1.82,1
10.08.2021 00:44:16.213,0.92071,0.92063,1.25,1
10.08.2021 00:44:16.324,0.9207200000000001,0.92063,1.82,1
10.08.2021 00:44:16.714,0.9207200000000001,0.9206200000000001,1.25,1
10.08.2021 00:44:16.815,0.9207200000000001,0.92063,1.82,1
10.08.2021 00:44:17.222,0.92071,0.92063,1.25,1
10.08.2021 00:44:17.373,0.9207200000000001,0.92063,1.82,1
10.08.2021 00:44:17.607,0.92071,0.92063,1.25,1
10.08.2021 00:44:17.712,0.9207200000000001,0.92063,1.82,1
10.08.2021 00:44:18.212,0.92071,0.92063,1.25,1
10.08.2021 00:44:18.313,0.9207200000000001,0.92063,1.82,1
10.08.2021 00:44:18.547,0.92071,0.92063,1.25,1
10.08.2021 00:44:18.653,0.9207200000000001,0.92063,1.82,1
10.08.2021 00:44:18.905,0.92071,0.92063,1.25,1
10.08.2021 00:44:19.036,0.9207200000000001,0.92063,1.82,1
10.08.2021 00:44:20.457,0.92071,0.92063,1.25,1
10.08.2021 00:44:20.558,0.9207200000000001,0.92063,2.01,1
10.08.2021 00:44:20.760,0.92071,0.92063,1.25,1
10.08.2021 00:44:20.861,0.9207200000000001,0.92063,1.82,1
10.08.2021 00:44:22.717,0.92071,0.92063,1.25,1
10.08.2021 00:44:22.841,0.9207200000000001,0.92063,1.82,1
10.08.2021 00:44:23.205,0.92071,0.92063,1.25,1
10.08.2021 00:44:23.306,0.9207200000000001,0.92063,1.82,1
10.08.2021 00:44:23.408,0.9207200000000001,0.92063,1.76,1
10.08.2021 00:44:23.459,0.92071,0.92063,1.25,1
10.08.2021 00:44:23.510,0.9207200000000001,0.92063,1.76,1
10.08.2021 00:44:23.560,0.92071,0.92063,1.75,1
10.08.2021 00:44:24.113,0.92071,0.92063,1.25,1
10.08.2021 00:44:24.225,0.92071,0.92063,1.75,1
10.08.2021 00:44:24.431,0.92071,0.92063,1.25,1
10.08.2021 00:44:24.533,0.9207200000000001,0.9206200000000001,1.75,1
10.08.2021 00:44:24.698,0.92071,0.92063,1.25,1
10.08.2021 00:44:24.919,0.92071,0.92063,1.75,1
10.08.2021 00:44:25.020,0.92071,0.92063,1.25,1
10.08.2021 00:44:25.121,0.92071,0.92063,1.75,1
10.08.2021 00:44:25.222,0.9207200000000001,0.9206200000000001,1.25,1
10.08.2021 00:44:25.339,0.92071,0.92063,1.75,1
10.08.2021 00:44:25.541,0.92071,0.92063,1.25,1
10.08.2021 00:44:25.693,0.92071,0.92063,1.75,1
10.08.2021 00:44:25.794,0.92071,0.92063,1,1
10.08.2021 00:44:25.895,0.9207200000000001,0.9206200000000001,1.75,1
10.08.2021 00:44:26.133,0.92071,0.92063,1.25,1
10.08.2021 00:44:26.235,0.92071,0.92063,1.75,1
10.08.2021 00:44:26.349,0.92071,0.92063,1.25,1
10.08.2021 00:44:26.460,0.92071,0.92063,1.75,1
10.08.2021 00:44:26.797,0.9207200000000001,0.9206200000000001,1.82,1.57
10.08.2021 00:44:27.603,0.9207200000000001,0.9206200000000001,1.01,1.57
10.08.2021 00:44:27.718,0.9207200000000001,0.9206200000000001,1.82,1.57
10.08.2021 00:44:28.412,0.9207299999999999,0.92061,1.01,1.57
10.08.2021 00:44:28.513,0.92071,0.9206200000000001,1.25,1.57
10.08.2021 00:44:28.665,0.9207200000000001,0.9206200000000001,1.76,1.57
10.08.2021 00:44:29.829,0.92071,0.92063,1,1
10.08.2021 00:45:05.525,0.92069,0.92063,1.25,1
10.08.2021 00:45:05.627,0.92069,0.9206200000000001,1.25,1
10.08.2021 00:45:13.873,0.92069,0.92061,1.25,1.5
10.08.2021 00:45:13.980,0.9207000000000001,0.92061,1.69,1.5
10.08.2021 00:45:15.887,0.9207000000000001,0.9206200000000001,2.44,1
10.08.2021 00:45:31.959,0.9206700000000001,0.9205700000000001,1.5,1.5
10.08.2021 00:45:32.060,0.92064,0.92058,1.69,1
10.08.2021 00:45:32.111,0.92064,0.92056,1.69,2.25
10.08.2021 00:45:32.313,0.92064,0.92056,1.75,1.5
10.08.2021 00:45:32.414,0.92064,0.92056,1,2.25
10.08.2021 00:45:37.436,0.9206500000000001,0.92054,1.69,1.57
10.08.2021 00:45:37.537,0.92064,0.92056,1.69,1
10.08.2021 00:45:37.808,0.92064,0.9205500000000001,1.25,2.32
10.08.2021 00:45:38.948,0.92064,0.9205500000000001,2.5,1.57
10.08.2021 00:45:39.100,0.92064,0.9205500000000001,1.25,2.32
10.08.2021 00:45:39.202,0.92064,0.9205500000000001,1.75,2.32
10.08.2021 00:45:39.303,0.92064,0.9205500000000001,1.25,2.32
10.08.2021 00:45:39.556,0.92064,0.9205500000000001,1.75,2.32
10.08.2021 00:45:39.657,0.92064,0.9205500000000001,1.25,2.32
10.08.2021 00:45:39.859,0.92064,0.9205500000000001,1.75,2.32
10.08.2021 00:45:39.960,0.92064,0.9205500000000001,1.25,2.32
10.08.2021 00:45:42.932,0.92064,0.9205500000000001,2.5,1.57
10.08.2021 00:45:43.078,0.92064,0.9205500000000001,1.25,2.32
10.08.2021 00:45:44.198,0.92064,0.9205500000000001,1.25,2.32
10.08.2021 00:45:44.299,0.92064,0.9205500000000001,1.25,2.32
10.08.2021 00:45:44.534,0.92064,0.9205500000000001,1.75,2.32
10.08.2021 00:45:44.636,0.92064,0.9205500000000001,1.25,2.32
10.08.2021 00:45:48.134,0.92064,0.9205500000000001,1.82,2.25
10.08.2021 00:45:48.286,0.92064,0.9205500000000001,1.01,2.25
10.08.2021 00:45:49.073,0.92064,0.9205500000000001,1.82,2.25
10.08.2021 00:45:49.175,0.92064,0.9205500000000001,1.01,2.25
10.08.2021 00:45:49.404,0.92064,0.9205500000000001,1.82,2.25
10.08.2021 00:45:49.505,0.92064,0.9205500000000001,1.01,2.25
10.08.2021 00:45:50.031,0.92064,0.9205500000000001,1.82,2.25
10.08.2021 00:45:50.145,0.92064,0.9205500000000001,1.01,2.25
10.08.2021 00:45:50.455,0.9206500000000001,0.92054,1.35,2.25
10.08.2021 00:45:50.606,0.92064,0.9205500000000001,1.01,2.25
10.08.2021 00:45:51.208,0.92064,0.9205500000000001,1.35,2.25
10.08.2021 00:45:51.334,0.92064,0.9205500000000001,1.01,2.25
10.08.2021 00:45:51.595,0.9206500000000001,0.92054,2.57,1.5
10.08.2021 00:45:51.747,0.92064,0.9205500000000001,1.01,2.25
10.08.2021 00:45:52.422,0.92064,0.9205500000000001,1.82,2.25
10.08.2021 00:45:52.523,0.92064,0.9205500000000001,1.01,2.25
10.08.2021 00:45:53.059,0.9206500000000001,0.92054,1.82,2.25
10.08.2021 00:45:53.162,0.92064,0.9205500000000001,1.01,2.25
10.08.2021 00:45:53.388,0.92064,0.9205500000000001,1.82,2.25
10.08.2021 00:45:53.489,0.92064,0.9205500000000001,1.01,2.25
10.08.2021 00:45:53.909,0.92064,0.9205500000000001,1.82,2.25
10.08.2021 00:45:54.010,0.92064,0.9205500000000001,1.01,2.25
10.08.2021 00:45:54.453,0.92064,0.9205500000000001,1.82,2.25
10.08.2021 00:45:54.554,0.92064,0.9205500000000001,1.01,2.25
10.08.2021 00:45:54.706,0.92064,0.9205500000000001,1.82,2.25
10.08.2021 00:46:36.138,0.92064,0.92054,3.32,1.57
10.08.2021 00:46:36.953,0.9206000000000001,0.9205200000000001,2.5,1
10.08.2021 00:46:37.054,0.92059,0.9205200000000001,1.82,1
10.08.2021 00:46:38.884,0.9205700000000001,0.9205200000000001,1.25,1
10.08.2021 00:46:39.086,0.9205700000000001,0.92048,1.01,1
10.08.2021 00:46:55.708,0.9205700000000001,0.9204700000000001,3.26,1.57
10.08.2021 00:47:08.791,0.9205700000000001,0.9204700000000001,3.29,1.5
10.08.2021 00:47:22.192,0.9205500000000001,0.9204700000000001,1.25,1.5
10.08.2021 00:47:22.294,0.9205500000000001,0.9204600000000001,2.44,1.5
10.08.2021 00:47:36.720,0.9205500000000001,0.9204600000000001,1.25,1.5
10.08.2021 00:47:36.821,0.9205500000000001,0.9204600000000001,1,1.5
10.08.2021 00:47:36.972,0.9205500000000001,0.9204600000000001,1.75,1.5
10.08.2021 00:47:37.073,0.9205500000000001,0.9204600000000001,1,1.5
10.08.2021 00:47:37.933,0.92056,0.92045,2.5,1.5
10.08.2021 00:47:38.034,0.9205500000000001,0.9204600000000001,1.5,1.5
10.08.2021 00:47:47.243,0.92056,0.9204600000000001,2.51,1.57
10.08.2021 00:47:47.344,0.92056,0.9204600000000001,3.32,1.57
10.08.2021 00:47:48.203,0.92056,0.9204600000000001,2.51,1.57
10.08.2021 00:47:48.376,0.92056,0.9204600000000001,3.32,1.57
10.08.2021 00:47:49.284,0.92056,0.9204600000000001,2.51,1.57
10.08.2021 00:47:49.537,0.92056,0.9204600000000001,3.32,2.7
10.08.2021 00:47:49.648,0.92056,0.9204600000000001,2.51,2.7
10.08.2021 00:47:49.749,0.92056,0.9204600000000001,3.32,2.7
10.08.2021 00:47:50.585,0.9205700000000001,0.92045,2.51,1.57
10.08.2021 00:47:50.686,0.92056,0.9204600000000001,3.32,1.57
10.08.2021 00:47:54.903,0.92056,0.9204600000000001,2.51,1.57
10.08.2021 00:47:55.005,0.92056,0.9204600000000001,3.32,1.57
10.08.2021 00:47:55.259,0.92056,0.9204600000000001,2.51,1.57
10.08.2021 00:47:55.361,0.92056,0.9204600000000001,3.32,1.57
10.08.2021 00:47:56.533,0.9205500000000001,0.9204600000000001,1.75,1
10.08.2021 00:47:56.735,0.92056,0.92044,2.5,1.5
10.08.2021 00:47:59.006,0.92056,0.92044,2.44,1.5
10.08.2021 00:47:59.208,0.9205500000000001,0.92045,3.25,1.5
10.08.2021 00:47:59.323,0.9205500000000001,0.92045,2.44,1.5
10.08.2021 00:47:59.474,0.9205500000000001,0.92045,3.25,1.5
10.08.2021 00:47:59.576,0.9205500000000001,0.92045,3.19,1.5
10.08.2021 00:48:05.468,0.9205500000000001,0.92045,3.25,1.5
10.08.2021 00:48:05.569,0.9205500000000001,0.92045,2.44,1.5
10.08.2021 00:48:17.390,0.9205500000000001,0.92045,3.25,1.5
10.08.2021 00:48:35.969,0.92054,0.92045,1.25,1.57
10.08.2021 00:48:36.121,0.9205500000000001,0.92045,3.32,1.57
10.08.2021 00:48:36.352,0.92054,0.92045,1.25,1.57
10.08.2021 00:48:36.454,0.9205500000000001,0.92045,3.32,1.57
10.08.2021 00:48:50.836,0.9205500000000001,0.92045,2.51,1.57
10.08.2021 00:48:51.748,0.92054,0.92045,1.25,1.57
10.08.2021 00:48:51.849,0.9205500000000001,0.92045,3.26,1.57
10.08.2021 00:48:52.648,0.92054,0.92045,1.25,1.57
10.08.2021 00:48:52.800,0.9205500000000001,0.92045,3.26,1.57
10.08.2021 00:48:52.952,0.92054,0.92045,1.25,1.57
10.08.2021 00:48:53.103,0.92056,0.92044,3.26,1.57
10.08.2021 00:48:53.255,0.92054,0.92045,1.25,1.57
10.08.2021 00:48:53.505,0.9205500000000001,0.92045,3.26,1.57
10.08.2021 00:48:53.722,0.92054,0.92045,1.25,1.57
10.08.2021 00:48:53.873,0.9205500000000001,0.92045,3.26,1.57
10.08.2021 00:48:54.235,0.92054,0.92045,1.25,1.57
10.08.2021 00:48:54.336,0.9205500000000001,0.92045,3.26,1.57
10.08.2021 00:48:54.538,0.92054,0.92045,1.25,1.57
10.08.2021 00:48:54.640,0.92056,0.92044,3.26,1.57
10.08.2021 00:48:54.791,0.92054,0.92045,1.25,1.57
10.08.2021 00:48:54.904,0.9205500000000001,0.92045,3.45,1.57
10.08.2021 00:48:55.056,0.9205500000000001,0.92045,3.51,1.57
10.08.2021 00:48:55.157,0.9205500000000001,0.92045,3.26,1.57
10.08.2021 00:48:55.309,0.92054,0.92045,1.25,1.57
10.08.2021 00:48:55.428,0.9205500000000001,0.92045,3.45,1.57
10.08.2021 00:48:55.580,0.9205500000000001,0.92044,1.25,1.57
10.08.2021 00:48:55.681,0.9205500000000001,0.92045,3.45,1.57
10.08.2021 00:48:55.934,0.92054,0.92045,1.25,1.57
10.08.2021 00:48:56.086,0.9205500000000001,0.92045,3.26,1.57
10.08.2021 00:48:56.239,0.92054,0.92045,1.25,1.57
10.08.2021 00:48:56.373,0.9205500000000001,0.92045,3.26,1.57
10.08.2021 00:48:56.525,0.92054,0.92045,1.25,1.57
10.08.2021 00:48:56.627,0.9205500000000001,0.92045,3.45,1.57
10.08.2021 00:48:56.779,0.92054,0.92045,1.25,1.57
10.08.2021 00:48:56.937,0.9205500000000001,0.92045,3.26,1.57
10.08.2021 00:48:57.039,0.92054,0.92045,1.25,1.57
10.08.2021 00:48:57.191,0.9205500000000001,0.92045,3.26,1.57
10.08.2021 00:48:57.394,0.92054,0.92045,1.25,1.57
10.08.2021 00:48:57.547,0.9205500000000001,0.92045,3.26,1.57
10.08.2021 00:48:57.953,0.92054,0.92045,1.25,1.57
10.08.2021 00:48:58.089,0.9205500000000001,0.92045,3.26,1.57
10.08.2021 00:48:58.310,0.9205500000000001,0.92044,1.25,1.57
10.08.2021 00:48:58.462,0.9205500000000001,0.92045,3.26,1.57
10.08.2021 00:48:58.614,0.92054,0.92045,1.25,1.57
10.08.2021 00:48:58.731,0.9205500000000001,0.92045,3.45,1.57
10.08.2021 00:48:59.058,0.92054,0.92045,1.25,1.57
10.08.2021 00:48:59.178,0.9205500000000001,0.92045,3.45,1.57
10.08.2021 00:48:59.448,0.92054,0.92045,1.25,1.57
10.08.2021 00:48:59.561,0.9205500000000001,0.92045,3.45,1.57
10.08.2021 00:49:00.312,0.92054,0.92045,1.25,1.57
10.08.2021 00:49:00.413,0.9205500000000001,0.92045,3.26,1.57
10.08.2021 00:49:00.933,0.9205500000000001,0.92045,3.32,1.57
10.08.2021 00:49:01.035,0.9205500000000001,0.92045,2.51,1.57
10.08.2021 00:49:01.137,0.9205500000000001,0.92045,3.32,1.57
10.08.2021 00:49:01.289,0.9205500000000001,0.92045,2.51,1.57
10.08.2021 00:49:01.468,0.9205500000000001,0.92045,2.57,1.57
10.08.2021 00:49:01.619,0.9205500000000001,0.92045,2.51,1.57
10.08.2021 00:49:01.720,0.9205500000000001,0.92045,3.32,1.57
10.08.2021 00:49:01.872,0.9205500000000001,0.92045,2.51,1.57
10.08.2021 00:49:02.023,0.9205500000000001,0.92045,3.32,1.57
10.08.2021 00:49:02.164,0.9205500000000001,0.92045,2.51,1.57
10.08.2021 00:49:02.417,0.9205500000000001,0.92045,3.32,1.57
10.08.2021 00:49:02.742,0.9205500000000001,0.92045,2.51,1.57
10.08.2021 00:49:02.893,0.92056,0.92044,3.32,1.57
10.08.2021 00:49:03.045,0.9205500000000001,0.92045,2.51,1.57
10.08.2021 00:49:03.146,0.9205500000000001,0.92045,3.32,1.57
10.08.2021 00:49:03.249,0.9205500000000001,0.92045,2.51,1.57
10.08.2021 00:49:03.528,0.9205500000000001,0.92045,3.32,1.57
10.08.2021 00:49:03.654,0.9205500000000001,0.92045,2.51,1.57
10.08.2021 00:49:03.969,0.9205500000000001,0.92045,3.32,1.57
10.08.2021 00:49:04.070,0.9205500000000001,0.92045,2.51,1.57
10.08.2021 00:49:04.222,0.9205500000000001,0.92045,3.32,1.57
10.08.2021 00:49:04.324,0.9205500000000001,0.92045,2.51,1.57
10.08.2021 00:49:04.692,0.9205500000000001,0.92045,3.32,1.57
10.08.2021 00:49:04.802,0.9205500000000001,0.92045,2.51,1.57
10.08.2021 00:49:05.226,0.9205500000000001,0.92045,3.32,1.57
10.08.2021 00:49:07.327,0.9205500000000001,0.92045,2.51,1.57
10.08.2021 00:49:07.428,0.9205500000000001,0.92045,3.32,1.57
10.08.2021 00:49:07.684,0.9205000000000001,0.9204200000000001,1.25,3.94
10.08.2021 00:49:07.785,0.92049,0.9204100000000001,1.25,1
10.08.2021 00:49:07.835,0.92048,0.92039,1,2.32
10.08.2021 00:49:10.235,0.9205200000000001,0.9204100000000001,1.5,1.1
10.08.2021 00:49:10.336,0.9205200000000001,0.92043,3.26,1
10.08.2021 00:49:10.488,0.92053,0.92043,3.26,2.32
10.08.2021 00:49:10.590,0.92053,0.92043,3.32,2.32
10.08.2021 00:49:18.970,0.92053,0.92043,2.51,2.32
10.08.2021 00:49:19.081,0.92053,0.92043,2.44,2.35
10.08.2021 00:49:19.815,0.92054,0.9204200000000001,3.25,2.25
10.08.2021 00:49:30.190,0.92053,0.9204200000000001,2.5,1.95
10.08.2021 00:50:04.977,0.9205200000000001,0.92043,1.25,1
10.08.2021 00:50:05.603,0.9205000000000001,0.92043,1,1
10.08.2021 00:50:05.957,0.9205000000000001,0.9204200000000001,1,1.57
10.08.2021 00:51:00.459,0.9205200000000001,0.92043,2.5,1
10.08.2021 00:51:00.560,0.9205200000000001,0.92043,1.25,2.25
10.08.2021 00:51:00.661,0.92053,0.92045,3.25,1
10.08.2021 00:51:06.302,0.92053,0.92044,3.25,1.12
10.08.2021 00:51:06.702,0.92053,0.92045,2.5,1
10.08.2021 00:51:06.912,0.92053,0.9204600000000001,1.25,1
10.08.2021 00:51:07.316,0.92054,0.9204600000000001,2.44,1
10.08.2021 00:51:07.999,0.92054,0.92045,2.44,1.12
10.08.2021 00:51:09.828,0.92054,0.92044,2.44,1.2
10.08.2021 00:51:10.461,0.92053,0.92044,1.25,1.12
10.08.2021 00:51:10.981,0.9205000000000001,0.92043,1,1
10.08.2021 00:51:11.180,0.9205000000000001,0.9204200000000001,1,1.57
10.08.2021 00:51:11.663,0.92049,0.92044,1,1
10.08.2021 00:51:13.161,0.92049,0.92043,1,1.57
10.08.2021 00:51:15.638,0.92049,0.9204,1.25,1.2
10.08.2021 00:51:15.740,0.92044,0.92039,1,1
10.08.2021 00:51:15.842,0.92044,0.92038,1,1.1
10.08.2021 00:51:18.407,0.92044,0.9203600000000001,1,1.6
10.08.2021 00:51:30.399,0.9204200000000001,0.92035,1,1
10.08.2021 00:51:30.501,0.92038,0.92033,1,1.5
10.08.2021 00:51:42.351,0.9203700000000001,0.9203100000000001,1,12.34
10.08.2021 00:51:43.641,0.92039,0.9203200000000001,1,1.5
10.08.2021 00:51:44.467,0.9204,0.92033,1,1.1
10.08.2021 00:51:44.571,0.9204100000000001,0.92035,1,1.1
10.08.2021 00:51:52.728,0.9204600000000001,0.9203700000000001,1.75,1
10.08.2021 00:51:56.942,0.9204100000000001,0.92034,1,6.64
10.08.2021 00:51:57.325,0.9204100000000001,0.9203600000000001,1,1
10.08.2021 00:51:57.621,0.9204100000000001,0.92034,1,6.64
10.08.2021 00:51:58.692,0.9204700000000001,0.9203700000000001,1.51,1
10.08.2021 00:51:58.851,0.9204200000000001,0.92035,1,1
10.08.2021 00:51:59.124,0.9204700000000001,0.9203700000000001,1.51,1
10.08.2021 00:52:03.965,0.9204100000000001,0.92034,1,5.61
10.08.2021 00:52:04.472,0.92049,0.9204,1.5,2.25
10.08.2021 00:52:04.573,0.92048,0.9204200000000001,1,1
10.08.2021 00:52:07.320,0.92048,0.9204100000000001,1,2.32
10.08.2021 00:52:14.043,0.92051,0.9204100000000001,2.06,2.32
10.08.2021 00:52:14.094,0.9204600000000001,0.9204100000000001,1,1
10.08.2021 00:52:14.704,0.92044,0.92039,1,1
10.08.2021 00:52:15.818,0.92044,0.9203700000000001,1,1.1
10.08.2021 00:52:15.869,0.92044,0.92039,1,1
10.08.2021 00:52:17.653,0.9204700000000001,0.92039,1,1
10.08.2021 00:52:17.704,0.92048,0.92039,2.64,1
10.08.2021 00:52:18.879,0.9204200000000001,0.92035,1,7.92
10.08.2021 00:52:20.624,0.92048,0.92039,2.64,1
10.08.2021 00:52:22.677,0.9204200000000001,0.92035,1,7.82
10.08.2021 00:52:23.492,0.9204700000000001,0.9203700000000001,2.32,1
10.08.2021 00:52:23.594,0.9204700000000001,0.92038,1.85,1
10.08.2021 00:52:23.947,0.9204,0.92034,1,1.1
10.08.2021 00:52:24.049,0.92043,0.92035,2,1
10.08.2021 00:52:24.150,0.9204200000000001,0.9203,1.6,1.82
10.08.2021 00:52:24.201,0.9204,0.9203,2.14,1.1
10.08.2021 00:52:24.403,0.9204,0.9203,2.26,1.1
10.08.2021 00:52:24.931,0.92034,0.92029,1,1
10.08.2021 00:52:27.401,0.92034,0.92028,1,1
10.08.2021 00:52:36.285,0.92034,0.9202600000000001,1,1.1
10.08.2021 00:52:36.437,0.92034,0.9202600000000001,1,1.1
10.08.2021 00:52:37.355,0.92035,0.92028,1,1
10.08.2021 00:52:37.557,0.92035,0.9202600000000001,1,1.1
10.08.2021 00:52:37.608,0.92033,0.92025,1,2.32
10.08.2021 00:52:38.525,0.9203200000000001,0.9202400000000001,1,1.57
10.08.2021 00:52:38.627,0.92034,0.92025,1,2.72
10.08.2021 00:52:50.453,0.92035,0.92025,1,1.22
10.08.2021 00:52:55.826,0.9203200000000001,0.9202400000000001,1,2.85
10.08.2021 00:52:55.877,0.9203600000000001,0.92023,2.2,2.54
10.08.2021 00:52:55.979,0.9203600000000001,0.92023,2.32,2.54
10.08.2021 00:52:56.889,0.9203600000000001,0.92023,2.7,2.16
10.08.2021 00:52:57.445,0.92029,0.9202100000000001,1,1.01
10.08.2021 00:52:57.562,0.92028,0.9202100000000001,1,1.25
10.08.2021 00:52:58.173,0.9202600000000001,0.9202,1,1.1
10.08.2021 00:53:00.456,0.92025,0.92019,1,2.14
10.08.2021 00:53:02.370,0.92025,0.9202,1,1
10.08.2021 00:53:03.465,0.9203,0.9202,1.5,1.1
10.08.2021 00:53:04.433,0.92025,0.9202,1,1
10.08.2021 00:53:04.534,0.9203,0.9202,1.5,1.1
10.08.2021 00:53:04.941,0.92025,0.9202,1,1
10.08.2021 00:53:06.940,0.9203,0.9202,1.5,1.2
10.08.2021 00:53:06.992,0.92025,0.9202,1,1
10.08.2021 00:53:07.144,0.9203,0.9202,1.5,1.2
10.08.2021 00:53:07.498,0.92025,0.9202,1,1
10.08.2021 00:53:19.656,0.9202600000000001,0.9202,1,1.5
10.08.2021 00:53:27.054,0.9203100000000001,0.9202400000000001,1.12,1.5
10.08.2021 00:53:40.504,0.9203,0.9202,1,1
10.08.2021 00:53:40.555,0.9202700000000001,0.9202,1,1.57
10.08.2021 00:53:53.363,0.9202700000000001,0.92019,1,1.57
10.08.2021 00:53:53.465,0.92025,0.9201600000000001,1,1
10.08.2021 00:53:56.787,0.9202200000000001,0.9201600000000001,1,1
10.08.2021 00:53:58.803,0.9202400000000001,0.9201600000000001,1,1.1
10.08.2021 00:53:58.904,0.9202400000000001,0.9201700000000002,1,1
10.08.2021 00:53:59.327,0.92025,0.9201700000000002,2.81,1
10.08.2021 00:53:59.377,0.9202100000000001,0.9201600000000001,1,1
10.08.2021 00:53:59.479,0.9202200000000001,0.9201600000000001,1,1.1
10.08.2021 00:53:59.530,0.9202400000000001,0.9201600000000001,1,1.1
10.08.2021 00:54:02.265,0.9202200000000001,0.92015,1,3.07
10.08.2021 00:54:02.608,0.9202100000000001,0.92015,1,3.07
10.08.2021 00:54:03.786,0.9202200000000001,0.92015,1,2.32
10.08.2021 00:54:03.887,0.9202400000000001,0.9201600000000001,1,1.1
10.08.2021 00:54:05.417,0.9202100000000001,0.9201600000000001,1,1
10.08.2021 00:54:05.518,0.9202100000000001,0.92015,1,2.32
10.08.2021 00:54:06.198,0.9202100000000001,0.9201200000000002,1,2.7
10.08.2021 00:54:06.300,0.92019,0.9201200000000002,1,1.57
10.08.2021 00:54:12.351,0.92019,0.92013,1,1
10.08.2021 00:54:15.810,0.92019,0.92014,1,1
10.08.2021 00:54:17.981,0.9202,0.92014,1,1
10.08.2021 00:54:18.235,0.9202100000000001,0.92014,1,1
10.08.2021 00:54:21.891,0.9202,0.92014,1,1
10.08.2021 00:54:22.741,0.9202400000000001,0.92019,1,1
10.08.2021 00:54:22.842,0.92025,0.92019,1,1
10.08.2021 00:54:27.522,0.92028,0.92018,1,1
10.08.2021 00:54:36.736,0.9202700000000001,0.9202,1,1
10.08.2021 00:54:37.494,0.9202600000000001,0.9202,1,1
10.08.2021 00:54:44.955,0.9202700000000001,0.9202,1.25,1
10.08.2021 00:54:45.682,0.92023,0.9201700000000002,1,1
10.08.2021 00:54:45.783,0.9202200000000001,0.92015,1,1
10.08.2021 00:54:45.990,0.9202100000000001,0.92015,1,1
10.08.2021 00:54:51.340,0.9202100000000001,0.92013,1.69,1
10.08.2021 00:54:51.474,0.9202100000000001,0.9201200000000002,1.69,1.1
10.08.2021 00:54:52.626,0.92018,0.9201,1,1.1
10.08.2021 00:54:52.777,0.92018,0.92008,1,4.97
10.08.2021 00:54:52.879,0.92018,0.92008,1,5.91
10.08.2021 00:54:53.131,0.9201700000000002,0.92008,1,2.72
10.08.2021 00:54:54.048,0.9201700000000002,0.92008,1,1.1
10.08.2021 00:54:54.150,0.9201600000000001,0.92008,1,2.35
10.08.2021 00:54:54.252,0.9201700000000002,0.92009,1,1.22
10.08.2021 00:54:55.216,0.9201600000000001,0.9200600000000001,1,2.72
10.08.2021 00:54:55.368,0.92015,0.92005,1,5.16
10.08.2021 00:54:55.469,0.92015,0.92005,1,6.66
10.08.2021 00:54:56.151,0.9201600000000001,0.92005,1,5.91
10.08.2021 00:54:56.267,0.9201700000000002,0.92008,1,2.66
10.08.2021 00:54:56.368,0.92018,0.92009,1,1.2
10.08.2021 00:54:56.963,0.92019,0.92008,1,1.51
10.08.2021 00:54:59.330,0.92019,0.9200700000000002,1,3.29
10.08.2021 00:55:00.613,0.92015,0.9200600000000001,1,1.1
10.08.2021 00:55:00.815,0.9201600000000001,0.9200700000000002,1,1.2
10.08.2021 00:55:03.747,0.92018,0.92008,1.5,2.16
10.08.2021 00:55:05.499,0.92018,0.9201,1,1.2
10.08.2021 00:55:10.451,0.92019,0.9201,1.5,1.2
10.08.2021 00:55:21.228,0.9202,0.9201200000000002,1,1
10.08.2021 00:55:21.581,0.9202,0.92013,1,1
10.08.2021 00:55:27.837,0.9201700000000002,0.92008,1,1.22
10.08.2021 00:55:27.938,0.9201600000000001,0.9200700000000002,1,2.72
10.08.2021 00:55:28.040,0.9201700000000002,0.9200700000000002,1.25,1.97
10.08.2021 00:55:29.356,0.92019,0.9201,1.25,1
10.08.2021 00:55:48.972,0.9202,0.9201,1.69,1.57
10.08.2021 00:55:55.530,0.9202,0.9201100000000001,1.69,1
10.08.2021 00:55:56.033,0.92023,0.92014,1,1
10.08.2021 00:55:56.156,0.92023,0.92015,1,1
10.08.2021 00:55:56.207,0.92023,0.92013,1,1.1
10.08.2021 00:55:56.310,0.92023,0.92013,1,1.1
10.08.2021 00:55:57.192,0.9202200000000001,0.92013,1,1.57
10.08.2021 00:56:00.672,0.9202100000000001,0.9201100000000001,1,1
10.08.2021 00:56:06.465,0.9202200000000001,0.9201100000000001,1,1
10.08.2021 00:56:11.324,0.9202200000000001,0.9201200000000002,2.44,1.5
10.08.2021 00:56:33.485,0.9202,0.9201100000000001,2.12,1
10.08.2021 00:56:33.587,0.9202100000000001,0.9201200000000002,1.75,1
10.08.2021 00:56:59.748,0.9202200000000001,0.9201200000000002,2.81,1.5
10.08.2021 00:57:03.239,0.9202200000000001,0.92013,1,1
10.08.2021 00:57:03.442,0.9202100000000001,0.9201200000000002,1.25,1.5
10.08.2021 00:57:30.537,0.92018,0.92009,1.75,1.5
10.08.2021 00:57:30.689,0.92018,0.92009,1.31,1.5
10.08.2021 00:58:03.707,0.92019,0.9201,1,1.57
10.08.2021 00:58:03.808,0.9202,0.9201,1.25,2.32
10.08.2021 00:58:03.910,0.9202,0.9201100000000001,1.25,1
10.08.2021 00:58:10.417,0.92018,0.92009,2.25,1.5
10.08.2021 00:58:10.922,0.9201700000000002,0.92009,1,1
10.08.2021 00:58:13.679,0.9201700000000002,0.92008,1,1
10.08.2021 00:58:17.060,0.9201700000000002,0.9200600000000001,1.25,1.5
10.08.2021 00:58:17.162,0.9201700000000002,0.92008,1.25,1.5
10.08.2021 00:58:20.477,0.92018,0.92008,1.75,1.5
10.08.2021 00:58:25.389,0.9202,0.9201,1.69,1.95
10.08.2021 00:58:25.491,0.9202100000000001,0.9201100000000001,2.5,1.5
10.08.2021 00:58:53.904,0.9202100000000001,0.9201100000000001,1.25,2.32
10.08.2021 00:59:13.369,0.9202200000000001,0.9201100000000001,1,1
10.08.2021 00:59:14.598,0.9202100000000001,0.9201100000000001,1.69,2.25
10.08.2021 00:59:19.503,0.9202100000000001,0.92013,1.69,1
10.08.2021 00:59:27.308,0.92025,0.92014,1.69,3
10.08.2021 00:59:27.409,0.92023,0.92015,1.25,1.5
10.08.2021 00:59:34.476,0.9202400000000001,0.9201600000000001,2.44,1
10.08.2021 00:59:45.135,0.92023,0.9201600000000001,2.69,1
10.08.2021 00:59:45.237,0.92023,0.92015,3.44,1
10.08.2021 00:59:46.364,0.92023,0.92015,1.25,1
10.08.2021 00:59:46.645,0.9202400000000001,0.9201600000000001,1.69,1
10.08.2021 00:59:56.743,0.92023,0.92015,1,1.5
10.08.2021 00:59:56.845,0.9202200000000001,0.92015,1.25,1
10.08.2021 00:59:59.120,0.9202200000000001,0.92014,1.25,1.5
10.08.2021 01:00:00.369,0.92023,0.92015,1.25,1
10.08.2021 01:00:01.202,0.9202400000000001,0.9201600000000001,2.69,1
10.08.2021 01:00:01.303,0.9202400000000001,0.9201600000000001,1.69,1
10.08.2021 01:00:01.455,0.9202400000000001,0.9201600000000001,2.69,1
10.08.2021 01:00:01.578,0.92023,0.92015,1.25,1
10.08.2021 01:00:03.014,0.92023,0.92015,2.69,1
10.08.2021 01:00:03.289,0.92023,0.92013,2.69,2.25
10.08.2021 01:00:04.253,0.9202200000000001,0.9201200000000002,1.69,1.57
10.08.2021 01:00:04.685,0.9202200000000001,0.9201200000000002,2.69,1.5
10.08.2021 01:00:09.151,0.9202,0.9201200000000002,2.69,1
10.08.2021 01:00:09.304,0.9202,0.9201200000000002,1.25,1
10.08.2021 01:00:10.905,0.92019,0.9201100000000001,1.25,1
10.08.2021 01:00:13.268,0.9202100000000001,0.9201100000000001,2.12,1
10.08.2021 01:00:14.740,0.9201600000000001,0.9200700000000002,1.25,1
10.08.2021 01:00:17.595,0.92018,0.9200700000000002,2.19,1.1
10.08.2021 01:00:17.696,0.92018,0.92008,1.31,1
10.08.2021 01:00:22.047,0.9201600000000001,0.9200600000000001,1.69,1.12
10.08.2021 01:00:22.148,0.92015,0.9200600000000001,1.25,1.12
10.08.2021 01:00:22.616,0.9201600000000001,0.9200700000000002,1.25,1
10.08.2021 01:00:27.616,0.92018,0.92009,2.12,1
10.08.2021 01:00:27.717,0.92019,0.92009,2.5,1.5
10.08.2021 01:00:30.338,0.92019,0.92008,1.94,1.12
10.08.2021 01:00:35.180,0.92019,0.92009,1.94,1
10.08.2021 01:00:37.011,0.92019,0.9201,1.5,1
10.08.2021 01:00:37.171,0.9202,0.9201,1.94,1.1
10.08.2021 01:00:44.020,0.9202200000000001,0.9201100000000001,2.25,1.1
10.08.2021 01:00:44.122,0.9202200000000001,0.9201200000000002,1.75,1
10.08.2021 01:01:33.330,0.9202,0.9201100000000001,1,1
10.08.2021 01:02:13.780,0.9202100000000001,0.9201100000000001,1.69,1
10.08.2021 01:02:18.425,0.9202100000000001,0.9201200000000002,1,1.1
10.08.2021 01:02:22.907,0.9202100000000001,0.92013,1,1
10.08.2021 01:02:23.009,0.9202100000000001,0.9201100000000001,1,1.97
10.08.2021 01:02:28.271,0.9202200000000001,0.9201200000000002,1,1
10.08.2021 01:02:32.979,0.9202100000000001,0.9201200000000002,1,1.1
10.08.2021 01:02:37.055,0.9202100000000001,0.9201600000000001,1,1
10.08.2021 01:02:37.107,0.92025,0.9201600000000001,1,1.1
10.08.2021 01:02:37.209,0.92025,0.92015,1.5,2.32
10.08.2021 01:02:39.069,0.92025,0.9201600000000001,1,2.32
10.08.2021 01:02:39.171,0.9202600000000001,0.9201600000000001,1,1
10.08.2021 01:02:41.156,0.9202600000000001,0.9201700000000002,1.5,1.1
10.08.2021 01:02:52.014,0.9202600000000001,0.92018,1,1.1
10.08.2021 01:02:55.709,0.9202700000000001,0.92018,1,1.1
10.08.2021 01:02:57.113,0.9202700000000001,0.92019,1,1
10.08.2021 01:02:57.215,0.92028,0.92019,1.5,1.5
10.08.2021 01:02:57.266,0.9203100000000001,0.92023,1.5,1
10.08.2021 01:02:57.373,0.9203200000000001,0.92023,1.5,1.5
10.08.2021 01:02:58.078,0.92033,0.92023,1.5,1
10.08.2021 01:03:40.728,0.9203100000000001,0.92023,1,1
10.08.2021 01:03:40.880,0.9203,0.9202200000000001,1.5,1
10.08.2021 01:03:43.975,0.9203,0.9202100000000001,1,1.5
10.08.2021 01:04:20.229,0.9203,0.9202100000000001,1.25,1.5
10.08.2021 01:04:20.432,0.9203,0.9202,2.5,1.5
10.08.2021 01:04:29.794,0.92028,0.9202,1.25,1
10.08.2021 01:04:30.528,0.92029,0.9202,1.25,1.5
10.08.2021 01:04:49.693,0.92028,0.9202,1,1
10.08.2021 01:05:10.848,0.92029,0.9202,1,1.5
10.08.2021 01:05:12.543,0.9202600000000001,0.92019,1,1
10.08.2021 01:05:12.695,0.9202400000000001,0.9201700000000002,1,1.5
10.08.2021 01:05:12.796,0.9202400000000001,0.92015,1,1
10.08.2021 01:05:22.882,0.92025,0.9201600000000001,1.25,1.5
10.08.2021 01:05:24.800,0.9202400000000001,0.9201600000000001,1,1.5
10.08.2021 01:05:24.901,0.9202400000000001,0.9201700000000002,1,1
10.08.2021 01:05:28.006,0.9202200000000001,0.92014,1,1
10.08.2021 01:05:28.107,0.9202200000000001,0.9201200000000002,1.25,1.5
10.08.2021 01:05:28.212,0.9202100000000001,0.9201200000000002,1,1.5
10.08.2021 01:05:29.489,0.92023,0.9201100000000001,1.25,1.5
10.08.2021 01:05:29.902,0.9202200000000001,0.9201200000000002,2.5,1
10.08.2021 01:05:30.681,0.9202200000000001,0.9201200000000002,1.25,1.5
10.08.2021 01:05:32.690,0.92023,0.92014,1.5,1
10.08.2021 01:05:32.791,0.92023,0.92013,1,1
10.08.2021 01:05:32.893,0.9202100000000001,0.92014,1,1
10.08.2021 01:05:33.443,0.9202100000000001,0.9201200000000002,1,1.5
10.08.2021 01:05:53.352,0.9202200000000001,0.92013,1.25,1
10.08.2021 01:05:53.687,0.9202100000000001,0.92013,1,1
10.08.2021 01:05:54.615,0.9202100000000001,0.9201200000000002,1,1.5
10.08.2021 01:06:01.918,0.9202200000000001,0.92013,1,1.5
10.08.2021 01:06:02.020,0.9202400000000001,0.92015,1.01,1
10.08.2021 01:06:07.134,0.92023,0.92015,1,1
10.08.2021 01:06:07.997,0.9202200000000001,0.92014,1,1
10.08.2021 01:06:08.465,0.9202200000000001,0.92013,1,1.5
10.08.2021 01:06:09.097,0.9202,0.92013,1,1.5
10.08.2021 01:06:43.677,0.9202100000000001,0.92013,1,1
10.08.2021 01:07:14.412,0.92019,0.9201100000000001,1.5,1
10.08.2021 01:07:19.712,0.9202,0.9201100000000001,2.44,1
10.08.2021 01:07:25.076,0.9202,0.9201200000000002,1.5,1.5
10.08.2021 01:07:55.468,0.9202100000000001,0.9201200000000002,1.5,1.5
10.08.2021 01:07:55.578,0.9202100000000001,0.92013,1.5,1
10.08.2021 01:09:25.009,0.9202200000000001,0.92014,1.5,1
10.08.2021 01:09:54.853,0.92023,0.92015,1,1
10.08.2021 01:10:08.028,0.9202400000000001,0.92015,1.69,1
10.08.2021 01:10:09.940,0.92025,0.92013,1.69,1.5
10.08.2021 01:10:20.496,0.92023,0.92014,1,1
10.08.2021 01:10:20.599,0.9202200000000001,0.92013,1.12,1
10.08.2021 01:10:56.759,0.9202200000000001,0.9201200000000002,1.5,1.1
10.08.2021 01:11:40.841,0.9202200000000001,0.9201200000000002,2.5,1
10.08.2021 01:11:48.151,0.92019,0.92009,1.25,2.7
10.08.2021 01:11:48.202,0.9202,0.9201100000000001,1.87,1
10.08.2021 01:11:49.265,0.9202,0.92013,1.69,1
10.08.2021 01:11:50.575,0.9202,0.9201100000000001,1.69,1
10.08.2021 01:12:39.870,0.9202100000000001,0.9201100000000001,1.25,1.57
10.08.2021 01:12:39.972,0.9202200000000001,0.9201200000000002,2.57,1
10.08.2021 01:12:40.073,0.9202200000000001,0.9201200000000002,1.76,1
10.08.2021 01:12:40.174,0.9202200000000001,0.92013,1.01,1
10.08.2021 01:12:42.117,0.9202200000000001,0.9201200000000002,2.57,1.87
10.08.2021 01:12:55.458,0.9202200000000001,0.92013,3.32,1
10.08.2021 01:13:03.854,0.9202200000000001,0.92013,2.44,1
10.08.2021 01:13:05.753,0.92023,0.9201200000000002,3.25,1
10.08.2021 01:13:08.910,0.9202200000000001,0.92014,2.44,1
10.08.2021 01:13:11.971,0.9202200000000001,0.92014,2.5,1
10.08.2021 01:13:20.559,0.9202200000000001,0.92014,1.69,1
10.08.2021 01:13:44.551,0.9202200000000001,0.92014,2.5,1
10.08.2021 01:13:54.847,0.9202200000000001,0.92014,2.44,1
10.08.2021 01:14:00.087,0.9202200000000001,0.92014,2.57,1
10.08.2021 01:14:02.067,0.9202200000000001,0.92014,1.69,1
