Gmt time,Ask,Bid,AskVolume,BidVolume
17.08.2021 00:00:00.979,0.9126700000000001,0.9125500000000001,1.5,1.12
17.08.2021 00:00:05.030,0.9126799999999999,0.91256,2.25,1
17.08.2021 00:00:19.844,0.91266,0.9125700000000001,1,1
17.08.2021 00:00:20.139,0.9126500000000001,0.9125700000000001,1,1
17.08.2021 00:00:22.309,0.9126299999999999,0.91254,1,2.44
17.08.2021 00:00:39.090,0.9126299999999999,0.91254,1,2.19
17.08.2021 00:00:53.878,0.9126299999999999,0.91254,1,2.06
17.08.2021 00:00:55.375,0.9126299999999999,0.9125500000000001,1,1
17.08.2021 00:00:59.543,0.91264,0.9125500000000001,1,1.69
17.08.2021 00:00:59.644,0.91264,0.91256,1,1
17.08.2021 00:01:04.636,0.91264,0.9125500000000001,1,1.31
17.08.2021 00:01:16.122,0.9126700000000001,0.91259,2.25,1.81
17.08.2021 00:01:16.223,0.91266,0.91259,1,1
17.08.2021 00:01:16.325,0.9126799999999999,0.91258,1,1
17.08.2021 00:01:16.427,0.91269,0.9126000000000001,1.5,1.12
17.08.2021 00:01:16.528,0.9127000000000001,0.91261,1,1.25
17.08.2021 00:01:18.369,0.9127100000000001,0.9126200000000001,1,1.31
17.08.2021 00:01:18.470,0.9127299999999999,0.9126200000000001,1,1.12
17.08.2021 00:01:18.521,0.9127299999999999,0.91264,1,2.19
17.08.2021 00:01:18.622,0.91274,0.9126500000000001,1,2.06
17.08.2021 00:01:18.673,0.9127700000000001,0.9126700000000001,1,3.19
17.08.2021 00:01:18.774,0.9127700000000001,0.9126799999999999,1,2.06
17.08.2021 00:01:18.825,0.91279,0.9127100000000001,1,1
17.08.2021 00:01:18.926,0.9128000000000001,0.9127100000000001,1,1.12
17.08.2021 00:01:22.978,0.91284,0.9127700000000001,1.5,1
17.08.2021 00:01:23.029,0.91284,0.9127500000000001,2.25,2.81
17.08.2021 00:01:23.130,0.9128200000000001,0.91274,1,1
17.08.2021 00:01:23.232,0.9128100000000001,0.91274,1,1
17.08.2021 00:01:23.282,0.9128100000000001,0.9127200000000001,1,1.12
17.08.2021 00:01:38.775,0.9128000000000001,0.91269,1,2.44
17.08.2021 00:01:43.065,0.9127500000000001,0.91266,1,1.5
17.08.2021 00:01:43.167,0.91274,0.91266,1,1
17.08.2021 00:01:43.218,0.91274,0.91264,1.5,1.87
17.08.2021 00:01:43.532,0.9127299999999999,0.91264,1,1.5
17.08.2021 00:01:47.675,0.9127200000000001,0.9126299999999999,1,1.87
17.08.2021 00:02:09.858,0.91269,0.9126000000000001,1,1
17.08.2021 00:02:09.959,0.9126700000000001,0.91259,1,2.62
17.08.2021 00:02:10.061,0.91269,0.9126000000000001,1.5,2.06
17.08.2021 00:02:22.443,0.91266,0.91256,1,1.12
17.08.2021 00:02:36.132,0.91266,0.9125700000000001,1.5,1.5
17.08.2021 00:02:43.025,0.91266,0.91258,1,1
17.08.2021 00:02:43.127,0.9127100000000001,0.9126200000000001,1,1.5
17.08.2021 00:02:43.228,0.9127200000000001,0.9126299999999999,1.5,1.12
17.08.2021 00:02:43.329,0.9127299999999999,0.91264,1,1
17.08.2021 00:02:46.030,0.9127299999999999,0.9126500000000001,1,1
17.08.2021 00:02:56.090,0.9127500000000001,0.91266,1.5,1.12
17.08.2021 00:02:56.242,0.9127500000000001,0.9126500000000001,2.25,2.44
17.08.2021 00:02:58.445,0.9127700000000001,0.9126799999999999,1,1.12
17.08.2021 00:02:58.546,0.91279,0.9126799999999999,1.5,1
17.08.2021 00:03:04.487,0.9127700000000001,0.9126799999999999,1,1.5
17.08.2021 00:03:30.664,0.9127500000000001,0.9126700000000001,1,1
17.08.2021 00:03:30.715,0.91274,0.9126500000000001,1,1.5
17.08.2021 00:03:45.470,0.9127200000000001,0.91264,1,2.19
17.08.2021 00:04:09.686,0.9127299999999999,0.9126500000000001,1.5,1.12
17.08.2021 00:04:09.829,0.9126700000000001,0.91259,1.12,2.37
17.08.2021 00:04:09.930,0.9126500000000001,0.9125700000000001,1,1.5
17.08.2021 00:04:10.031,0.9126500000000001,0.91256,1.5,2.81
17.08.2021 00:04:10.184,0.9126799999999999,0.91258,1.5,1.31
17.08.2021 00:04:10.285,0.9126799999999999,0.91259,1,2.81
17.08.2021 00:04:10.386,0.9126700000000001,0.91259,1,2.81
17.08.2021 00:04:10.843,0.91266,0.9125700000000001,1,4.06
17.08.2021 00:04:10.944,0.9126500000000001,0.9125700000000001,1,2.56
17.08.2021 00:04:11.376,0.9126500000000001,0.9125700000000001,1,1
17.08.2021 00:04:13.307,0.9126500000000001,0.91256,1,3.56
17.08.2021 00:04:17.982,0.91266,0.9126000000000001,1.5,1
17.08.2021 00:04:18.185,0.9126799999999999,0.9126000000000001,3,1.12
17.08.2021 00:04:18.237,0.9127000000000001,0.91264,3.19,1
17.08.2021 00:04:18.338,0.9127100000000001,0.91266,1,1
17.08.2021 00:04:18.795,0.9127200000000001,0.91266,1,1
17.08.2021 00:04:20.841,0.9127500000000001,0.91269,1,1
17.08.2021 00:04:20.943,0.9127600000000001,0.91269,1.5,1
17.08.2021 00:04:21.633,0.9127799999999999,0.9127200000000001,1,1
17.08.2021 00:04:21.785,0.91279,0.9127200000000001,2.25,1
17.08.2021 00:04:21.886,0.91279,0.9127299999999999,1.5,1
17.08.2021 00:04:22.419,0.9127700000000001,0.9127000000000001,1.5,1
17.08.2021 00:04:22.520,0.9127600000000001,0.9127000000000001,1,1
17.08.2021 00:04:37.412,0.9127600000000001,0.91269,1,1
17.08.2021 00:04:43.036,0.9127799999999999,0.9127100000000001,1,1.12
17.08.2021 00:04:48.811,0.91279,0.9127100000000001,1,1
17.08.2021 00:04:49.339,0.9128000000000001,0.9127200000000001,1.5,1
17.08.2021 00:04:51.375,0.9127799999999999,0.9127200000000001,1,1
17.08.2021 00:04:51.477,0.91274,0.91266,1,3.75
17.08.2021 00:05:11.376,0.9127299999999999,0.91266,1,1
17.08.2021 00:05:16.298,0.9127299999999999,0.9126500000000001,1.5,1
17.08.2021 00:06:00.221,0.9127299999999999,0.91264,2.25,1.12
17.08.2021 00:06:16.210,0.9127299999999999,0.9126500000000001,1,1
17.08.2021 00:06:20.466,0.9127299999999999,0.91266,1,1
17.08.2021 00:06:20.517,0.9127600000000001,0.9126799999999999,1.5,1
17.08.2021 00:06:20.618,0.91279,0.9127000000000001,1.57,1
17.08.2021 00:06:25.299,0.91279,0.9127100000000001,1,1
17.08.2021 00:06:31.626,0.9128000000000001,0.9127200000000001,1,1
17.08.2021 00:06:31.727,0.9128000000000001,0.9127100000000001,1.5,1
17.08.2021 00:06:31.828,0.91279,0.9127100000000001,1,1
17.08.2021 00:06:37.299,0.91279,0.9127000000000001,1.5,1
17.08.2021 00:06:53.434,0.9128000000000001,0.9127100000000001,1,1
17.08.2021 00:06:53.638,0.9128000000000001,0.9127200000000001,1,1
17.08.2021 00:07:00.330,0.9128100000000001,0.9127200000000001,1.5,1
17.08.2021 00:07:03.747,0.9128000000000001,0.9127200000000001,1,1
17.08.2021 00:07:06.277,0.9128000000000001,0.9127100000000001,1,1.12
17.08.2021 00:07:41.782,0.9128100000000001,0.9127200000000001,1,2.44
17.08.2021 00:07:41.883,0.9128200000000001,0.9127200000000001,1,2.81
17.08.2021 00:07:43.040,0.9128100000000001,0.9127200000000001,1,1.12
17.08.2021 00:07:49.992,0.9128100000000001,0.9127100000000001,1.25,1.12
17.08.2021 00:07:50.094,0.9128000000000001,0.9127100000000001,1,1
17.08.2021 00:08:10.210,0.9128000000000001,0.9127000000000001,2.25,1.12
17.08.2021 00:08:10.312,0.9127799999999999,0.9127000000000001,1,1.12
17.08.2021 00:08:10.526,0.9127799999999999,0.91269,1.5,1.31
17.08.2021 00:08:12.312,0.91274,0.9126500000000001,1.5,2.06
17.08.2021 00:08:12.522,0.91274,0.91264,1.5,4.01
17.08.2021 00:08:29.344,0.9127700000000001,0.9127000000000001,1.5,1.25
17.08.2021 00:08:29.445,0.9127700000000001,0.9126799999999999,1,2.94
17.08.2021 00:08:29.547,0.9127799999999999,0.91269,1.5,1.5
17.08.2021 00:08:39.499,0.9127799999999999,0.91269,1.5,2.06
17.08.2021 00:08:39.751,0.9127700000000001,0.9126799999999999,1,1.5
17.08.2021 00:08:40.496,0.91274,0.91266,1,1.12
17.08.2021 00:08:40.597,0.91274,0.91264,1.5,2
17.08.2021 00:08:40.698,0.9127500000000001,0.9126299999999999,1.5,1.5
17.08.2021 00:08:41.036,0.9127299999999999,0.91264,1,1.12
17.08.2021 00:08:41.187,0.9127200000000001,0.91264,1,1
17.08.2021 00:08:41.986,0.9127200000000001,0.9126299999999999,1.5,1.12
17.08.2021 00:08:47.934,0.9127299999999999,0.91264,1,1
17.08.2021 00:08:48.035,0.9127299999999999,0.9126500000000001,1,1
17.08.2021 00:08:48.946,0.9127299999999999,0.91264,1,2.94
17.08.2021 00:08:52.206,0.9127299999999999,0.91264,1,2.06
17.08.2021 00:09:17.200,0.9127200000000001,0.91264,1,1
17.08.2021 00:09:42.497,0.9127299999999999,0.91264,1,1
17.08.2021 00:10:36.711,0.9127100000000001,0.91264,1,1
17.08.2021 00:10:36.762,0.9127299999999999,0.91264,2.25,1
17.08.2021 00:11:08.620,0.9127299999999999,0.9126500000000001,1,1
17.08.2021 00:11:24.183,0.91274,0.9126500000000001,1.5,1
17.08.2021 00:11:33.018,0.9127299999999999,0.9126500000000001,1,1
17.08.2021 00:11:36.155,0.9127299999999999,0.91264,3.07,1
17.08.2021 00:11:36.257,0.9127299999999999,0.9126200000000001,1,1
17.08.2021 00:11:37.672,0.9127200000000001,0.91264,1,1
17.08.2021 00:11:40.425,0.9127299999999999,0.91264,1.5,1
17.08.2021 00:11:52.743,0.9127299999999999,0.9126299999999999,1.5,1.87
17.08.2021 00:12:14.711,0.9127100000000001,0.9126299999999999,1,1.87
17.08.2021 00:12:14.812,0.9127200000000001,0.9126299999999999,1,1.12
17.08.2021 00:12:15.959,0.9127200000000001,0.91264,1,1
17.08.2021 00:12:16.011,0.9127799999999999,0.9126799999999999,1.5,1
17.08.2021 00:12:16.113,0.9127799999999999,0.91269,1.5,1
17.08.2021 00:12:16.215,0.9127700000000001,0.9126799999999999,1.5,1
17.08.2021 00:12:16.317,0.9127600000000001,0.91266,1,2.32
17.08.2021 00:12:18.136,0.9127799999999999,0.9126700000000001,1.5,1.12
17.08.2021 00:12:22.308,0.9127700000000001,0.91266,1,1
17.08.2021 00:12:44.070,0.9127600000000001,0.91266,1.5,3.19
17.08.2021 00:12:44.920,0.9127600000000001,0.9126799999999999,1,1
17.08.2021 00:12:45.058,0.9127600000000001,0.9126700000000001,1.5,1
17.08.2021 00:13:07.323,0.9127500000000001,0.91266,2.14,1.12
17.08.2021 00:13:07.424,0.91274,0.91266,1,1
17.08.2021 00:13:07.526,0.91274,0.9126500000000001,1.5,1
17.08.2021 00:13:08.484,0.91274,0.91264,1.5,1.12
17.08.2021 00:14:01.869,0.9127200000000001,0.91264,1,1.12
17.08.2021 00:14:03.321,0.9127200000000001,0.9126299999999999,1,1.5
17.08.2021 00:14:44.893,0.9127299999999999,0.9126500000000001,1,1
17.08.2021 00:14:47.807,0.9127600000000001,0.9126799999999999,1,1
17.08.2021 00:14:47.908,0.9127600000000001,0.9126700000000001,1,1.12
17.08.2021 00:14:55.655,0.9127500000000001,0.91266,1.5,1.69
17.08.2021 00:15:00.098,0.9127600000000001,0.91266,1.5,2.81
17.08.2021 00:15:12.726,0.9127600000000001,0.9126700000000001,1.5,1
17.08.2021 00:15:34.092,0.9127500000000001,0.91266,1,1
17.08.2021 00:15:34.193,0.9127500000000001,0.9126500000000001,1.5,1.87
17.08.2021 00:15:34.295,0.91274,0.9126500000000001,1,1.5
17.08.2021 00:15:52.708,0.91274,0.91264,1,2.81
17.08.2021 00:15:59.581,0.9127600000000001,0.9126700000000001,1,1
17.08.2021 00:15:59.682,0.9127700000000001,0.9126799999999999,1.5,1
17.08.2021 00:16:00.661,0.9127700000000001,0.91269,1,1
17.08.2021 00:16:07.100,0.9127799999999999,0.9127100000000001,1,1
17.08.2021 00:16:07.151,0.9128000000000001,0.9127100000000001,1.5,1.12
17.08.2021 00:16:07.744,0.9128000000000001,0.9127200000000001,1,1
17.08.2021 00:16:09.901,0.9128100000000001,0.9127200000000001,1.5,1
17.08.2021 00:16:24.741,0.9128000000000001,0.9127100000000001,1,1.12
17.08.2021 00:16:59.602,0.9127799999999999,0.9127000000000001,1,1.12
17.08.2021 00:16:59.754,0.91279,0.9126799999999999,1,1.5
17.08.2021 00:17:00.246,0.91279,0.91269,1.5,2.44
17.08.2021 00:17:00.347,0.91279,0.9127000000000001,1.5,1
17.08.2021 00:17:10.891,0.9127600000000001,0.91266,1,1.31
17.08.2021 00:17:11.094,0.9127500000000001,0.91266,1,1.5
17.08.2021 00:17:11.398,0.9127500000000001,0.9126500000000001,1.5,2.81
17.08.2021 00:17:12.380,0.9127500000000001,0.91266,1,1.12
17.08.2021 00:17:13.511,0.9127600000000001,0.91266,1.5,2.19
17.08.2021 00:17:15.553,0.9127600000000001,0.91266,1.5,1.12
17.08.2021 00:17:16.299,0.9127700000000001,0.91266,1.5,1
17.08.2021 00:17:21.985,0.91274,0.9126500000000001,1,2.44
17.08.2021 00:17:23.100,0.91274,0.91266,1,1.25
17.08.2021 00:17:25.299,0.9127500000000001,0.91266,1,1.69
17.08.2021 00:17:51.410,0.9127600000000001,0.91266,1.5,1
17.08.2021 00:18:06.315,0.9127799999999999,0.9126799999999999,1.5,1.87
17.08.2021 00:18:06.417,0.91279,0.91269,1.5,2.06
17.08.2021 00:18:06.518,0.9128000000000001,0.91269,1,1.31
17.08.2021 00:18:09.596,0.9128000000000001,0.9127000000000001,1.5,2.06
17.08.2021 00:18:12.104,0.9127799999999999,0.91269,1.5,1
17.08.2021 00:18:12.206,0.9127799999999999,0.9126799999999999,1,1.39
17.08.2021 00:18:34.051,0.9127600000000001,0.9126700000000001,1,1.5
17.08.2021 00:18:34.204,0.9127700000000001,0.9126700000000001,1.5,1.87
17.08.2021 00:18:41.559,0.9127600000000001,0.91266,1,1.7
17.08.2021 00:19:01.280,0.91274,0.91264,1.5,3.19
17.08.2021 00:19:07.125,0.9127299999999999,0.9126299999999999,1,1.95
17.08.2021 00:19:37.260,0.91274,0.91264,1.5,1
17.08.2021 00:19:42.113,0.9127299999999999,0.9126299999999999,1,2.19
17.08.2021 00:19:42.214,0.9127299999999999,0.9126299999999999,1,2.06
17.08.2021 00:19:43.150,0.9127200000000001,0.9126299999999999,1,1
17.08.2021 00:19:45.275,0.9127100000000001,0.91261,1,2.44
17.08.2021 00:19:45.377,0.9127000000000001,0.91261,1,1.12
17.08.2021 00:19:46.370,0.91269,0.91261,1,1
17.08.2021 00:19:52.393,0.91269,0.91259,1.69,1.87
17.08.2021 00:19:52.495,0.9126799999999999,0.91258,1.5,1.12
17.08.2021 00:19:58.771,0.9126700000000001,0.91258,1,1
17.08.2021 00:20:07.318,0.91269,0.9126000000000001,1.25,1
17.08.2021 00:20:27.439,0.9126700000000001,0.91261,1,1
17.08.2021 00:20:48.423,0.9127100000000001,0.91264,1.69,1
17.08.2021 00:20:48.530,0.9127100000000001,0.9126500000000001,1,1
17.08.2021 00:20:48.707,0.9127200000000001,0.9126500000000001,2.44,1
17.08.2021 00:20:49.899,0.9127200000000001,0.91266,2.44,1
17.08.2021 00:20:52.922,0.9127000000000001,0.91266,1,1
17.08.2021 00:20:52.972,0.91269,0.91261,1,1.7
17.08.2021 00:20:53.144,0.9127000000000001,0.91261,1,1.7
17.08.2021 00:20:53.246,0.9127200000000001,0.9126700000000001,1,1
17.08.2021 00:20:53.378,0.91274,0.9126700000000001,1.94,1
17.08.2021 00:20:53.630,0.9127500000000001,0.9126700000000001,6.94,1
17.08.2021 00:20:56.773,0.9127200000000001,0.9126700000000001,1,1
17.08.2021 00:20:57.055,0.9127200000000001,0.9126299999999999,1,1.62
17.08.2021 00:20:57.161,0.91274,0.9126799999999999,1,1
17.08.2021 00:21:16.398,0.9127500000000001,0.9126799999999999,1.12,1
17.08.2021 00:21:19.829,0.9127200000000001,0.9126299999999999,1,1.81
17.08.2021 00:21:22.299,0.9127500000000001,0.9126799999999999,1.2,1
17.08.2021 00:21:28.742,0.9127200000000001,0.9126299999999999,1,1.81
17.08.2021 00:21:31.897,0.9127600000000001,0.9126700000000001,1.2,1
17.08.2021 00:21:38.660,0.9127799999999999,0.9126799999999999,1.5,1
17.08.2021 00:21:38.761,0.9127600000000001,0.9127100000000001,1,1
17.08.2021 00:21:39.501,0.91279,0.91274,1,1
17.08.2021 00:21:39.623,0.9128200000000001,0.9127500000000001,5.47,1
17.08.2021 00:21:39.724,0.9127600000000001,0.91269,2.25,1
17.08.2021 00:21:45.359,0.9127600000000001,0.9127000000000001,1,1
17.08.2021 00:21:45.461,0.9127600000000001,0.9127100000000001,1,1
17.08.2021 00:22:02.953,0.9128100000000001,0.9127200000000001,1.97,1
17.08.2021 00:22:03.055,0.9128000000000001,0.9127299999999999,1.2,1
17.08.2021 00:22:04.465,0.91279,0.91274,1,1
17.08.2021 00:22:04.516,0.9128000000000001,0.9127000000000001,1,2.56
17.08.2021 00:22:04.567,0.9127799999999999,0.9127000000000001,1,1.62
17.08.2021 00:22:04.668,0.9127799999999999,0.9127000000000001,1,1.62
17.08.2021 00:22:10.299,0.9128100000000001,0.9127500000000001,1,1
17.08.2021 00:22:13.305,0.91279,0.9127500000000001,1,1
17.08.2021 00:22:13.508,0.9127799999999999,0.91269,1,1.89
17.08.2021 00:22:16.328,0.9128100000000001,0.9127500000000001,1,1
17.08.2021 00:22:18.405,0.9128200000000001,0.9127500000000001,6.07,1
17.08.2021 00:22:18.506,0.9128000000000001,0.9127200000000001,1.1,1
17.08.2021 00:22:18.770,0.9128100000000001,0.9127200000000001,1.1,1
17.08.2021 00:22:19.488,0.9127799999999999,0.9127299999999999,1,1
17.08.2021 00:22:22.107,0.91279,0.9127299999999999,1,1
17.08.2021 00:22:22.209,0.91279,0.91274,1,1
17.08.2021 00:22:22.323,0.9128100000000001,0.91274,8.45,1
17.08.2021 00:22:23.001,0.9128100000000001,0.91274,7.95,1
17.08.2021 00:22:23.605,0.9128200000000001,0.9127299999999999,7.32,1
17.08.2021 00:22:23.716,0.91279,0.9127100000000001,1,1
17.08.2021 00:22:24.106,0.9127799999999999,0.9127299999999999,1,1
17.08.2021 00:22:25.352,0.9127799999999999,0.9127200000000001,1,1
17.08.2021 00:22:25.453,0.9127799999999999,0.9127299999999999,1,1
17.08.2021 00:22:29.761,0.9127700000000001,0.9126799999999999,1,1.7
17.08.2021 00:22:32.786,0.9128100000000001,0.91274,3.45,1
17.08.2021 00:22:33.196,0.9128200000000001,0.91274,8.97,1
17.08.2021 00:22:33.297,0.9128100000000001,0.9127500000000001,1.25,1
17.08.2021 00:22:36.446,0.91279,0.91269,1,1.7
17.08.2021 00:22:37.299,0.9128100000000001,0.9127500000000001,1.25,1
17.08.2021 00:22:40.429,0.91279,0.9127500000000001,1,1
17.08.2021 00:22:40.709,0.9128000000000001,0.9126799999999999,1,1.7
17.08.2021 00:22:43.299,0.9128200000000001,0.9127500000000001,2.01,1
17.08.2021 00:22:49.307,0.91279,0.9127500000000001,1,1
17.08.2021 00:22:49.360,0.91279,0.91269,1,1.7
17.08.2021 00:22:53.222,0.9128200000000001,0.9127500000000001,2.01,1
17.08.2021 00:22:58.533,0.91279,0.9127500000000001,1,1
17.08.2021 00:22:58.795,0.91279,0.91269,1,1.7
17.08.2021 00:23:01.298,0.9128100000000001,0.9127500000000001,1.25,1
17.08.2021 00:23:06.187,0.91279,0.9127500000000001,1,1
17.08.2021 00:23:06.238,0.9128000000000001,0.9126799999999999,1,1.57
17.08.2021 00:23:07.298,0.9128100000000001,0.9127500000000001,1.25,1
17.08.2021 00:23:12.619,0.91279,0.91274,1,1
17.08.2021 00:23:22.846,0.9127799999999999,0.9127200000000001,1.25,1
17.08.2021 00:23:22.897,0.91279,0.9127299999999999,1,1
17.08.2021 00:23:22.948,0.91279,0.9127100000000001,1.25,1
17.08.2021 00:23:22.999,0.91279,0.9127299999999999,1,1
17.08.2021 00:23:23.100,0.91279,0.91274,1,1
17.08.2021 00:23:24.497,0.9128299999999999,0.91274,1.6,1
17.08.2021 00:23:25.885,0.9128000000000001,0.9127500000000001,1,1
17.08.2021 00:25:48.146,0.9128100000000001,0.9127500000000001,1,1
17.08.2021 00:25:48.248,0.91284,0.9127799999999999,1,1
17.08.2021 00:25:48.300,0.9128700000000001,0.91279,1.56,1
17.08.2021 00:25:48.402,0.91288,0.9128200000000001,1,1
17.08.2021 00:25:48.503,0.91288,0.9128299999999999,1,1
17.08.2021 00:25:48.605,0.91288,0.9128200000000001,1,1
17.08.2021 00:25:48.706,0.91288,0.9128100000000001,1,1
17.08.2021 00:25:48.808,0.91288,0.9128000000000001,1,1
17.08.2021 00:25:49.011,0.91288,0.9128200000000001,1,1
17.08.2021 00:26:43.245,0.9128700000000001,0.9128200000000001,1,1
17.08.2021 00:27:04.239,0.91285,0.9127799999999999,1.5,1
17.08.2021 00:27:04.341,0.91284,0.9127700000000001,1,1.12
17.08.2021 00:27:04.442,0.9128299999999999,0.9127500000000001,1.69,1
17.08.2021 00:27:04.645,0.9128200000000001,0.9127500000000001,1,1
17.08.2021 00:27:11.843,0.9128200000000001,0.91274,1.25,1
17.08.2021 00:27:18.604,0.9128299999999999,0.91274,1,1
17.08.2021 00:27:25.147,0.9128700000000001,0.9127799999999999,1.5,1
17.08.2021 00:27:25.198,0.9128700000000001,0.9128000000000001,1,1
17.08.2021 00:27:25.300,0.91288,0.9128100000000001,1,1
17.08.2021 00:27:25.402,0.91288,0.9128200000000001,1,1
17.08.2021 00:27:25.503,0.91289,0.9128200000000001,1,1
17.08.2021 00:27:25.614,0.91288,0.9128100000000001,1,1
17.08.2021 00:27:25.801,0.91289,0.9128100000000001,1,1
17.08.2021 00:27:25.902,0.91288,0.9128100000000001,1,1
17.08.2021 00:27:34.577,0.91288,0.9128299999999999,1,1
17.08.2021 00:27:47.250,0.9128700000000001,0.9128200000000001,1,1
17.08.2021 00:27:47.352,0.91285,0.9128000000000001,1,1
17.08.2021 00:27:48.394,0.91284,0.91279,1,1
17.08.2021 00:27:56.084,0.9128600000000001,0.9127799999999999,1,1
17.08.2021 00:28:03.293,0.91284,0.9127500000000001,1.12,1
17.08.2021 00:28:03.394,0.9128200000000001,0.9127500000000001,1,1
17.08.2021 00:28:46.648,0.9128200000000001,0.91274,1,1
17.08.2021 00:28:46.749,0.9128000000000001,0.91274,1,1
17.08.2021 00:28:46.850,0.9127600000000001,0.91269,1.25,2.1
17.08.2021 00:28:46.901,0.9127500000000001,0.9126799999999999,2.25,1
17.08.2021 00:28:47.053,0.9127500000000001,0.91266,1,1
17.08.2021 00:28:47.356,0.9127299999999999,0.9126700000000001,1,1
17.08.2021 00:28:55.728,0.9127299999999999,0.91266,1,1
17.08.2021 00:29:09.518,0.9127100000000001,0.91266,1,1
17.08.2021 00:29:13.464,0.91274,0.9126500000000001,1,1
17.08.2021 00:29:13.961,0.9127200000000001,0.91266,1,1
17.08.2021 00:29:19.718,0.9127299999999999,0.91266,1,1
17.08.2021 00:29:59.978,0.91274,0.91266,1,1
17.08.2021 00:30:06.949,0.9127299999999999,0.9126500000000001,1,1
17.08.2021 00:30:37.883,0.9127600000000001,0.91269,2.06,1
17.08.2021 00:30:38.035,0.9127700000000001,0.91269,1,1
17.08.2021 00:30:38.137,0.9127700000000001,0.9127100000000001,1,1
17.08.2021 00:30:39.660,0.9127799999999999,0.9127200000000001,1,1
17.08.2021 00:30:39.762,0.9127700000000001,0.9127200000000001,1,1
17.08.2021 00:30:45.082,0.9127700000000001,0.9127100000000001,1,1
17.08.2021 00:30:48.278,0.9127700000000001,0.9127000000000001,1,1
17.08.2021 00:30:53.715,0.9127600000000001,0.9127000000000001,1,1
17.08.2021 00:30:59.045,0.9127700000000001,0.9127000000000001,1,1
17.08.2021 00:30:59.146,0.9128000000000001,0.9127100000000001,1,1
17.08.2021 00:31:03.327,0.9128100000000001,0.9127299999999999,1,1
17.08.2021 00:31:03.429,0.91279,0.9127299999999999,1,1
17.08.2021 00:31:20.740,0.9128100000000001,0.9127299999999999,1,1
17.08.2021 00:31:20.859,0.91279,0.9127299999999999,1,1
17.08.2021 00:31:28.154,0.9128299999999999,0.9127200000000001,1,1
17.08.2021 00:31:28.205,0.9128000000000001,0.9127299999999999,1,1
17.08.2021 00:31:31.301,0.9128000000000001,0.91274,1,1
17.08.2021 00:31:37.299,0.9128000000000001,0.9127299999999999,1,1
17.08.2021 00:31:37.957,0.9128000000000001,0.9127200000000001,1,1
17.08.2021 00:31:39.410,0.9128200000000001,0.9127299999999999,1,1
17.08.2021 00:31:39.511,0.9128000000000001,0.9127299999999999,1,1
17.08.2021 00:31:56.782,0.9128000000000001,0.91274,1,1
17.08.2021 00:32:00.354,0.9128200000000001,0.91274,1,1
17.08.2021 00:32:00.455,0.9128000000000001,0.91274,1,1
17.08.2021 00:32:38.165,0.91284,0.9127700000000001,1.12,1
17.08.2021 00:32:38.266,0.91285,0.9127799999999999,2.25,1
17.08.2021 00:32:38.469,0.91284,0.9127799999999999,1,1
17.08.2021 00:32:43.140,0.91285,0.9127799999999999,1,1
17.08.2021 00:32:43.191,0.9128700000000001,0.91279,1.87,1
17.08.2021 00:32:43.343,0.91288,0.9128100000000001,1,1
17.08.2021 00:32:43.494,0.91289,0.9128100000000001,1,1
17.08.2021 00:33:38.525,0.9129,0.9128100000000001,1,1
17.08.2021 00:33:58.810,0.91289,0.9128100000000001,1,1
17.08.2021 00:34:34.203,0.9129100000000001,0.9128100000000001,1,1
17.08.2021 00:34:34.355,0.91293,0.9128600000000001,1.5,1
17.08.2021 00:34:34.457,0.91294,0.9128600000000001,2.25,1
17.08.2021 00:34:34.559,0.91295,0.9128700000000001,1.12,1
17.08.2021 00:34:34.711,0.91293,0.9128700000000001,1,1
17.08.2021 00:34:39.869,0.91293,0.9128600000000001,1,1
17.08.2021 00:35:05.319,0.9129200000000001,0.9128600000000001,1,1
17.08.2021 00:35:20.263,0.9129,0.9128200000000001,1,1.31
17.08.2021 00:35:20.365,0.91289,0.9128200000000001,1,1
17.08.2021 00:35:20.466,0.91289,0.9128100000000001,1,1.12
17.08.2021 00:35:22.516,0.91289,0.9128000000000001,1,1.25
17.08.2021 00:35:37.059,0.9128700000000001,0.9128000000000001,1,1
17.08.2021 00:35:39.477,0.91293,0.91285,1.5,1
17.08.2021 00:35:39.529,0.91294,0.91285,1.12,1
17.08.2021 00:35:39.630,0.9129700000000002,0.91285,1.12,1.1
17.08.2021 00:35:39.782,0.9129700000000002,0.9128600000000001,1.69,1.87
17.08.2021 00:35:39.985,0.91298,0.91285,1.5,3.76
17.08.2021 00:35:47.692,0.91298,0.91288,1.5,1
17.08.2021 00:36:15.432,0.9129700000000002,0.9128600000000001,1.5,2.7
17.08.2021 00:36:21.034,0.9129700000000002,0.9128700000000001,1,1
17.08.2021 00:36:25.299,0.9129700000000002,0.9128600000000001,1.5,3.26
17.08.2021 00:36:31.663,0.9129600000000001,0.9128600000000001,1,1.87
17.08.2021 00:36:36.786,0.9129700000000002,0.9128600000000001,1.5,2.14
17.08.2021 00:36:41.990,0.9129700000000002,0.9128700000000001,1,1
17.08.2021 00:36:53.313,0.91298,0.9128700000000001,1.5,1.76
17.08.2021 00:37:03.360,0.9129700000000002,0.9128700000000001,1,1.69
17.08.2021 00:37:23.060,0.91299,0.9128600000000001,1.5,1.5
17.08.2021 00:37:30.452,0.9129700000000002,0.91285,1,2.26
17.08.2021 00:37:30.554,0.9129700000000002,0.9128700000000001,1.57,1.12
17.08.2021 00:37:33.252,0.9129600000000001,0.9128700000000001,1,1
17.08.2021 00:37:46.950,0.9129700000000002,0.9128700000000001,1,1.5
17.08.2021 00:38:02.534,0.9129600000000001,0.9128600000000001,1,1.57
17.08.2021 00:38:04.955,0.9129600000000001,0.9128700000000001,1,1
17.08.2021 00:38:05.359,0.9129600000000001,0.9128600000000001,1,1.69
17.08.2021 00:38:11.743,0.9129600000000001,0.9128700000000001,1,1
17.08.2021 00:38:50.132,0.91298,0.9128700000000001,1.5,2.06
17.08.2021 00:38:50.233,0.9129700000000002,0.9128600000000001,1,2.81
17.08.2021 00:38:50.284,0.91298,0.9128700000000001,1.5,2.44
17.08.2021 00:38:50.394,0.91298,0.91289,1,1
17.08.2021 00:38:51.111,0.91298,0.9128700000000001,1.5,3.64
17.08.2021 00:39:06.940,0.9129600000000001,0.9128700000000001,1,1
17.08.2021 00:39:13.281,0.9129600000000001,0.9128600000000001,1,2.89
17.08.2021 00:39:13.796,0.91295,0.9128600000000001,1,1
17.08.2021 00:39:51.856,0.9129600000000001,0.9128600000000001,1,2.81
17.08.2021 00:39:52.390,0.9129600000000001,0.9128600000000001,1,3.69
17.08.2021 00:39:57.475,0.9129600000000001,0.9128600000000001,1,2.44
17.08.2021 00:40:17.285,0.91295,0.9128600000000001,1,1.12
17.08.2021 00:40:17.590,0.9129,0.9128200000000001,1,1
17.08.2021 00:40:17.691,0.9129,0.9128000000000001,1,2.51
17.08.2021 00:40:28.540,0.9129,0.91279,1.5,1
17.08.2021 00:40:38.260,0.91289,0.9128100000000001,1,1
17.08.2021 00:40:38.361,0.9129,0.9128100000000001,1,1
17.08.2021 00:40:38.462,0.91289,0.9128100000000001,1,1
17.08.2021 00:40:42.982,0.9129100000000001,0.9128299999999999,1,1
17.08.2021 00:40:43.134,0.9129,0.9128200000000001,1,1
17.08.2021 00:40:46.338,0.9129,0.9128100000000001,1,1
17.08.2021 00:40:48.642,0.91288,0.9128100000000001,1,1
17.08.2021 00:40:48.743,0.91289,0.9128100000000001,1,1
17.08.2021 00:41:07.001,0.91289,0.9128000000000001,1,1
17.08.2021 00:41:22.259,0.9129200000000001,0.9128100000000001,2.25,1
17.08.2021 00:41:22.361,0.9129,0.9128200000000001,1,1
17.08.2021 00:41:26.323,0.9129,0.9128100000000001,1,1
17.08.2021 00:42:17.356,0.91289,0.9128100000000001,1,1
17.08.2021 00:42:49.147,0.91289,0.9128200000000001,1,1
17.08.2021 00:43:24.107,0.9129100000000001,0.9128200000000001,3,1
17.08.2021 00:43:24.259,0.91294,0.9128700000000001,4.12,1
17.08.2021 00:43:24.360,0.91295,0.9128700000000001,1,1
17.08.2021 00:43:24.461,0.9129700000000002,0.91289,1.12,1
17.08.2021 00:43:24.563,0.9129700000000002,0.9129,1,1
17.08.2021 00:43:35.299,0.91299,0.9129,1,1
17.08.2021 00:43:40.346,0.91299,0.9129100000000001,1,1
17.08.2021 00:43:43.247,0.91298,0.9129100000000001,1,1
17.08.2021 00:43:49.298,0.91298,0.9129,1,1
17.08.2021 00:44:29.724,0.9129600000000001,0.9129,1,1
17.08.2021 00:44:33.110,0.9129600000000001,0.91289,1,1
17.08.2021 00:44:38.050,0.91298,0.9129,1.12,1
17.08.2021 00:44:44.017,0.91295,0.91289,1,1
17.08.2021 00:44:44.168,0.91295,0.91288,1,1
17.08.2021 00:44:45.442,0.91295,0.91289,1,1
17.08.2021 00:44:46.098,0.9129700000000002,0.9129,1,1
17.08.2021 00:44:51.313,0.9129700000000002,0.91289,1,1
17.08.2021 00:45:06.135,0.9129700000000002,0.9129,1,1
17.08.2021 00:45:11.587,0.9129700000000002,0.91289,1,1
17.08.2021 00:46:14.202,0.9129700000000002,0.9129,1,1
17.08.2021 00:46:36.125,0.91298,0.9129,1,1
17.08.2021 00:46:46.671,0.91303,0.91295,3.31,1
17.08.2021 00:46:46.773,0.913,0.9129100000000001,1,1
17.08.2021 00:46:47.076,0.91298,0.9129200000000001,1,1
17.08.2021 00:46:47.874,0.91298,0.9129100000000001,1,1
17.08.2021 00:46:52.299,0.91298,0.9129,1,1
17.08.2021 00:47:20.166,0.91298,0.9129,1,1.62
17.08.2021 00:47:20.217,0.91303,0.91295,1.12,1
17.08.2021 00:47:20.268,0.9130100000000001,0.91295,1,1
17.08.2021 00:47:20.419,0.9130200000000002,0.91295,1.25,1
17.08.2021 00:47:20.521,0.9130100000000001,0.91294,1,1
17.08.2021 00:47:20.982,0.9130100000000001,0.91295,1,1
17.08.2021 00:47:23.204,0.91303,0.91295,1.75,1
17.08.2021 00:47:26.887,0.9130200000000002,0.91295,1.25,1
17.08.2021 00:47:29.850,0.91303,0.91295,1.75,1
17.08.2021 00:47:31.552,0.91303,0.91294,2.12,1
17.08.2021 00:47:52.546,0.91303,0.91294,1.25,1
17.08.2021 00:48:12.285,0.91303,0.91295,1.25,1
17.08.2021 00:48:14.268,0.91304,0.9129600000000001,1,1
17.08.2021 00:48:22.243,0.91304,0.91298,1,1
17.08.2021 00:48:34.926,0.91304,0.9129700000000002,1,1
17.08.2021 00:49:12.876,0.91299,0.9129200000000001,1.75,1.12
17.08.2021 00:49:12.977,0.91299,0.9129100000000001,2.12,1
17.08.2021 00:49:13.078,0.91298,0.9129,1.25,1
17.08.2021 00:49:15.037,0.9130200000000002,0.91294,1.25,1
17.08.2021 00:49:15.138,0.91303,0.91295,1.25,1
17.08.2021 00:49:47.986,0.91304,0.91295,1,1
17.08.2021 00:49:48.087,0.91304,0.9129700000000002,1,1
17.08.2021 00:50:43.021,0.91305,0.9129700000000002,1.25,1
17.08.2021 00:51:14.673,0.91304,0.9129700000000002,1,1
17.08.2021 00:51:37.592,0.91305,0.9129700000000002,1.25,1
17.08.2021 00:52:08.541,0.91303,0.9129700000000002,1,1
17.08.2021 00:52:19.324,0.91303,0.9129600000000001,1,1
17.08.2021 00:54:36.463,0.91303,0.9129700000000002,1,1
17.08.2021 00:55:37.607,0.91305,0.91299,1.25,1
17.08.2021 00:55:40.620,0.91305,0.91298,1.25,1
17.08.2021 00:55:42.767,0.91304,0.91298,1.25,1
17.08.2021 00:55:51.284,0.91304,0.9129600000000001,1.25,1
17.08.2021 00:58:14.994,0.91304,0.9129700000000002,1,1
17.08.2021 00:58:15.045,0.9130600000000001,0.9129700000000002,1.25,1
17.08.2021 00:58:18.518,0.9130600000000001,0.9129600000000001,1.69,1
17.08.2021 00:58:20.879,0.9130600000000001,0.9129600000000001,2.69,1
17.08.2021 00:58:20.980,0.9130600000000001,0.9129600000000001,1.69,1
17.08.2021 00:58:45.774,0.9130600000000001,0.9129600000000001,2.5,1
17.08.2021 00:58:45.875,0.9130700000000002,0.91295,1.69,1
17.08.2021 00:59:03.798,0.9130600000000001,0.9129600000000001,1.75,1
17.08.2021 00:59:34.820,0.91304,0.9129600000000001,1,1
17.08.2021 01:00:01.023,0.91303,0.9129600000000001,1.25,1
17.08.2021 01:00:04.324,0.91303,0.91295,1.25,1.5
17.08.2021 01:00:07.278,0.91304,0.9129600000000001,1.75,1
17.08.2021 01:00:07.961,0.91304,0.9129600000000001,1.25,1
17.08.2021 01:00:25.058,0.913,0.91293,3,1
17.08.2021 01:00:25.109,0.913,0.9129100000000001,4.94,1
17.08.2021 01:00:25.212,0.9129700000000002,0.91288,1,1.5
17.08.2021 01:00:25.314,0.9129700000000002,0.91288,2.5,1
17.08.2021 01:00:28.299,0.9129600000000001,0.9128700000000001,1.25,1.5
17.08.2021 01:01:24.454,0.9129600000000001,0.91288,1,1
17.08.2021 01:01:30.979,0.913,0.91294,1.12,1
17.08.2021 01:01:31.080,0.9130100000000001,0.91294,1,1.5
17.08.2021 01:01:31.181,0.9130200000000002,0.91295,1,1
17.08.2021 01:01:31.827,0.9130200000000002,0.9129600000000001,1,1
17.08.2021 01:02:08.941,0.91303,0.9129700000000002,1,1
17.08.2021 01:02:31.088,0.91303,0.9129600000000001,1,1
17.08.2021 01:02:47.865,0.9130600000000001,0.9129700000000002,1.69,1
17.08.2021 01:03:02.975,0.9130700000000002,0.9129600000000001,1.75,1
17.08.2021 01:03:51.912,0.91304,0.9129700000000002,1.25,1
17.08.2021 01:03:52.165,0.91305,0.9129700000000002,1.25,1
17.08.2021 01:03:55.300,0.91305,0.9129600000000001,1.25,1
17.08.2021 01:04:20.785,0.9130600000000001,0.9129600000000001,1.25,1.5
17.08.2021 01:04:21.438,0.91305,0.9129600000000001,1,1
17.08.2021 01:04:57.419,0.91304,0.9129600000000001,1,1.5
17.08.2021 01:05:08.577,0.91304,0.9129700000000002,1,1
17.08.2021 01:06:02.818,0.91305,0.91295,1.76,1.5
17.08.2021 01:06:30.412,0.91304,0.9129600000000001,2.69,1
17.08.2021 01:06:44.674,0.91303,0.91295,1.25,1.5
17.08.2021 01:06:44.776,0.9130200000000002,0.91294,1,1.5
17.08.2021 01:06:48.085,0.9130100000000001,0.91294,1,1.5
17.08.2021 01:06:48.237,0.9130100000000001,0.91293,1.5,1
17.08.2021 01:06:48.338,0.91299,0.9129,1.25,2.25
17.08.2021 01:06:48.439,0.91298,0.9129,1,2.25
17.08.2021 01:06:49.554,0.9129600000000001,0.91289,1,1
17.08.2021 01:06:49.655,0.9129600000000001,0.91288,1,1.5
17.08.2021 01:07:16.018,0.9129700000000002,0.91288,1.69,1
17.08.2021 01:07:17.207,0.9129700000000002,0.91288,2.12,1
17.08.2021 01:07:17.895,0.9129700000000002,0.91288,1.31,1
17.08.2021 01:07:18.629,0.9129700000000002,0.91288,2.12,1
17.08.2021 01:07:19.362,0.9129700000000002,0.91288,1.31,1
17.08.2021 01:07:20.006,0.9129700000000002,0.91288,2.12,1
17.08.2021 01:07:22.757,0.9129700000000002,0.91288,1.31,1
17.08.2021 01:07:23.135,0.9129700000000002,0.91288,2.12,1
17.08.2021 01:07:34.031,0.9129600000000001,0.9128700000000001,1.25,1
17.08.2021 01:07:34.133,0.91295,0.9128600000000001,1.25,1
17.08.2021 01:07:34.386,0.91295,0.9128700000000001,1.25,1
17.08.2021 01:08:16.430,0.9129700000000002,0.9128600000000001,1,1
17.08.2021 01:08:41.929,0.9129700000000002,0.9128700000000001,1,1.5
17.08.2021 01:09:19.750,0.9129600000000001,0.9128700000000001,1,1
17.08.2021 01:10:08.590,0.9129600000000001,0.91288,1,1
17.08.2021 01:10:23.019,0.9129600000000001,0.91288,1.1,1
17.08.2021 01:10:23.121,0.9129700000000002,0.9128600000000001,1.1,1
17.08.2021 01:10:56.200,0.9129600000000001,0.91288,1.1,1
17.08.2021 01:10:57.293,0.9129600000000001,0.91288,1,1
17.08.2021 01:10:59.426,0.9129700000000002,0.91288,1,1
17.08.2021 01:11:01.964,0.9129700000000002,0.91288,1.1,1
17.08.2021 01:11:20.567,0.9129700000000002,0.91288,1.25,1
17.08.2021 01:11:24.238,0.9129700000000002,0.91288,1.25,1
17.08.2021 01:11:39.638,0.9129700000000002,0.91288,1,1
17.08.2021 01:11:49.681,0.9129700000000002,0.91289,1,1
17.08.2021 01:12:25.882,0.9130200000000002,0.91294,1.5,1
17.08.2021 01:12:25.983,0.91305,0.9129700000000002,1.51,1
17.08.2021 01:12:26.034,0.91305,0.9129700000000002,1.39,1
17.08.2021 01:12:26.236,0.91303,0.9129700000000002,1,1
17.08.2021 01:12:26.382,0.91304,0.9129700000000002,1,1
17.08.2021 01:12:29.345,0.91305,0.9129700000000002,1.25,1
17.08.2021 01:12:34.318,0.9130200000000002,0.9129700000000002,1,1
17.08.2021 01:12:34.368,0.91299,0.9129200000000001,1,1.5
17.08.2021 01:12:34.419,0.91299,0.9129,1,1
17.08.2021 01:12:34.470,0.9129600000000001,0.91289,1,1
17.08.2021 01:12:34.571,0.91295,0.9128600000000001,2.44,1.2
17.08.2021 01:12:34.673,0.9129600000000001,0.91285,3.25,1
17.08.2021 01:12:34.774,0.91295,0.91288,1,1
17.08.2021 01:12:34.875,0.9129600000000001,0.91289,1.25,1
17.08.2021 01:12:40.588,0.9129600000000001,0.9129,1,1
17.08.2021 01:13:02.778,0.9129600000000001,0.91289,1.69,1
17.08.2021 01:13:29.582,0.9129600000000001,0.91288,1.76,1
17.08.2021 01:13:29.760,0.91295,0.91288,1,1
17.08.2021 01:14:01.215,0.91295,0.9128700000000001,1.25,1.5
17.08.2021 01:14:01.840,0.91294,0.9128600000000001,1.01,1
17.08.2021 01:14:01.942,0.91289,0.9128100000000001,1,1
17.08.2021 01:14:03.046,0.91289,0.9128000000000001,2.14,1
17.08.2021 01:14:16.505,0.91289,0.9128000000000001,1.35,1.5
17.08.2021 01:14:21.079,0.9128700000000001,0.9128000000000001,1,1
17.08.2021 01:14:26.725,0.91288,0.9128000000000001,1.57,1
17.08.2021 01:15:27.488,0.9128700000000001,0.9128000000000001,1,1
17.08.2021 01:16:07.301,0.9128700000000001,0.91279,1,1
17.08.2021 01:16:18.760,0.91289,0.91279,1.1,1.5
17.08.2021 01:16:18.965,0.9129,0.9128000000000001,2.16,1
17.08.2021 01:16:30.059,0.91288,0.9128000000000001,1.25,1
17.08.2021 01:16:52.201,0.9129,0.9128000000000001,2.35,1
17.08.2021 01:17:15.139,0.9129,0.9128000000000001,1.57,1
17.08.2021 01:17:15.962,0.9129,0.9128000000000001,1.6,1
17.08.2021 01:17:17.290,0.9129,0.9128000000000001,1.57,1
17.08.2021 01:17:18.120,0.9129100000000001,0.91279,1.6,1
17.08.2021 01:17:19.017,0.91288,0.9128000000000001,1,1
17.08.2021 01:17:19.118,0.91289,0.9127799999999999,1,1
17.08.2021 01:17:28.301,0.91288,0.9128000000000001,1,1
17.08.2021 01:18:17.919,0.9129,0.91279,1.97,1.5
17.08.2021 01:18:18.070,0.91288,0.91279,1,1
17.08.2021 01:19:13.099,0.9128700000000001,0.91279,1,1
17.08.2021 01:19:35.580,0.91289,0.91279,1.1,1
17.08.2021 01:19:42.484,0.91288,0.91279,1,1
17.08.2021 01:20:17.745,0.9128600000000001,0.9127799999999999,1,1.12
17.08.2021 01:20:39.267,0.91288,0.9127799999999999,1,1.5
17.08.2021 01:20:39.432,0.91288,0.91279,1,1
17.08.2021 01:20:39.828,0.91289,0.91279,1,1.5
17.08.2021 01:20:39.930,0.91288,0.91279,1,1
17.08.2021 01:21:34.969,0.9128700000000001,0.91279,1,1
17.08.2021 01:22:10.366,0.9128600000000001,0.9127799999999999,1,1.12
17.08.2021 01:22:23.042,0.9128600000000001,0.91279,1,1
17.08.2021 01:22:23.093,0.91288,0.91279,1.1,1
17.08.2021 01:22:27.223,0.9128700000000001,0.91279,1,1
17.08.2021 01:22:43.037,0.9128700000000001,0.9127799999999999,1.25,1
17.08.2021 01:22:52.742,0.9128700000000001,0.91279,1,1
17.08.2021 01:22:54.725,0.91289,0.91279,1.1,1.5
17.08.2021 01:22:54.826,0.91288,0.91279,1,1
17.08.2021 01:23:26.448,0.91288,0.9128000000000001,1,1
17.08.2021 01:23:26.650,0.91293,0.91284,1.95,1
17.08.2021 01:23:26.752,0.9129200000000001,0.91284,1.25,1
17.08.2021 01:23:27.182,0.91295,0.9128600000000001,1.79,1
17.08.2021 01:23:27.283,0.91295,0.9128700000000001,1.76,1
17.08.2021 01:23:46.268,0.9129600000000001,0.9128700000000001,1,1
17.08.2021 01:24:02.204,0.9129600000000001,0.91288,1.1,1
17.08.2021 01:24:33.065,0.9129600000000001,0.9128700000000001,1.01,1
17.08.2021 01:24:34.238,0.91295,0.9128700000000001,1.01,1
17.08.2021 01:24:42.883,0.9129600000000001,0.91285,1,1
17.08.2021 01:26:00.170,0.91295,0.9128700000000001,1,1
17.08.2021 01:26:19.813,0.91295,0.9128600000000001,1.1,1
17.08.2021 01:27:01.749,0.91295,0.9128700000000001,1,1
17.08.2021 01:27:01.851,0.9129700000000002,0.9128700000000001,1.47,1
17.08.2021 01:27:02.070,0.9129600000000001,0.91285,1.1,2.06
17.08.2021 01:27:02.222,0.9129600000000001,0.91285,1.1,1.75
17.08.2021 01:27:02.609,0.9129700000000002,0.9128700000000001,1.22,1
17.08.2021 01:27:02.711,0.9129700000000002,0.9128600000000001,1.97,1.25
17.08.2021 01:27:03.510,0.9129700000000002,0.9128600000000001,1.97,1.25
17.08.2021 01:27:12.022,0.9129600000000001,0.91285,1,1.31
17.08.2021 01:27:22.705,0.91295,0.9128700000000001,1,1
17.08.2021 01:27:28.064,0.91294,0.9128700000000001,1,1
17.08.2021 01:27:28.165,0.91294,0.9128600000000001,1,1.25
17.08.2021 01:27:28.580,0.9129600000000001,0.9128600000000001,1.22,1.69
17.08.2021 01:27:28.681,0.91294,0.9128600000000001,1,1.25
17.08.2021 01:28:50.927,0.9129600000000001,0.9128600000000001,1,1.76
17.08.2021 01:28:51.028,0.9129600000000001,0.9128700000000001,1,1
17.08.2021 01:28:51.180,0.9129700000000002,0.9128700000000001,1,1.5
17.08.2021 01:29:21.036,0.9129700000000002,0.91288,1,1
17.08.2021 01:29:38.909,0.91298,0.91288,1.12,1.57
17.08.2021 01:29:39.010,0.91298,0.91289,1,1
17.08.2021 01:29:39.592,0.91298,0.91288,1,1
17.08.2021 01:29:43.310,0.9129700000000002,0.91288,1,1
17.08.2021 01:30:02.378,0.91298,0.91288,1.12,1
17.08.2021 01:30:07.352,0.9129700000000002,0.91288,1,1
17.08.2021 01:30:08.194,0.91304,0.91294,4.32,1
17.08.2021 01:30:08.295,0.91305,0.9129600000000001,1,1
17.08.2021 01:31:21.783,0.91305,0.9129700000000002,1,1
17.08.2021 01:31:23.096,0.9130600000000001,0.9129700000000002,1.12,1
17.08.2021 01:32:07.080,0.9130700000000002,0.9129600000000001,1,2.69
17.08.2021 01:32:07.232,0.9130600000000001,0.9129700000000002,1,1.01
17.08.2021 01:32:30.108,0.91308,0.9129700000000002,3.87,1.01
17.08.2021 01:32:32.733,0.91308,0.91298,3.12,1
17.08.2021 01:32:33.358,0.9130600000000001,0.91298,1,1
17.08.2021 01:32:34.045,0.9130600000000001,0.9130100000000001,1,1.01
17.08.2021 01:32:34.096,0.9131200000000002,0.91305,1.5,1
17.08.2021 01:32:34.197,0.91313,0.91305,1,1
17.08.2021 01:32:34.298,0.9131400000000001,0.91304,1,1
17.08.2021 01:32:37.302,0.9131400000000001,0.91305,1,1
17.08.2021 01:32:39.494,0.91315,0.91308,1,1
17.08.2021 01:32:39.646,0.9131600000000001,0.91308,1.12,1
17.08.2021 01:32:39.777,0.91315,0.91308,1,1
17.08.2021 01:32:40.150,0.91315,0.9130700000000002,1,1
17.08.2021 01:32:47.047,0.9131900000000001,0.9131,3,1
17.08.2021 01:32:47.149,0.9132,0.9131100000000001,1,1
17.08.2021 01:32:47.250,0.9132,0.91313,1,1
17.08.2021 01:32:47.301,0.9132200000000001,0.9131400000000001,1.12,1
17.08.2021 01:32:48.105,0.91323,0.9131400000000001,1.12,1
17.08.2021 01:32:48.206,0.91323,0.91313,1,1
17.08.2021 01:32:49.683,0.91323,0.9131400000000001,1.12,1.25
17.08.2021 01:32:49.734,0.91324,0.91318,1,1
17.08.2021 01:32:49.784,0.9132700000000001,0.9131900000000001,1.5,1
17.08.2021 01:32:49.886,0.91328,0.9132100000000001,1.5,1
17.08.2021 01:32:49.937,0.9132700000000001,0.9131900000000001,1,1.1
17.08.2021 01:32:50.088,0.9133,0.9132200000000001,1,1
17.08.2021 01:32:50.501,0.91329,0.9132200000000001,1,1
17.08.2021 01:32:51.412,0.9132600000000001,0.91318,1,1.5
17.08.2021 01:32:51.463,0.91325,0.9131700000000001,2.62,1
17.08.2021 01:32:51.514,0.9132600000000001,0.9131900000000001,1,1
17.08.2021 01:32:52.599,0.91329,0.91318,1,1
17.08.2021 01:32:52.701,0.91325,0.9131700000000001,1,1.12
17.08.2021 01:32:52.802,0.91324,0.91315,1,1
17.08.2021 01:32:52.903,0.91323,0.91315,1,1
17.08.2021 01:32:53.005,0.9132200000000001,0.91315,1,1
17.08.2021 01:32:54.127,0.91325,0.9131400000000001,1.01,1
17.08.2021 01:32:54.760,0.91325,0.91315,3.41,1
17.08.2021 01:32:58.315,0.91324,0.9131400000000001,2.29,1
17.08.2021 01:32:59.335,0.9132600000000001,0.91315,1.25,2.19
17.08.2021 01:32:59.385,0.9133200000000001,0.91324,1,1.69
17.08.2021 01:32:59.436,0.91335,0.9132200000000001,2.32,1.25
17.08.2021 01:32:59.487,0.91333,0.91324,1.12,1.25
17.08.2021 01:32:59.538,0.91334,0.91323,1,1.01
17.08.2021 01:32:59.639,0.91333,0.91324,1,1
17.08.2021 01:32:59.741,0.9133200000000001,0.9132200000000001,1,1.69
17.08.2021 01:33:00.094,0.91334,0.9132100000000001,1.5,1.69
17.08.2021 01:33:01.017,0.91333,0.9132200000000001,1.5,1.79
17.08.2021 01:33:03.122,0.9133200000000001,0.9132200000000001,1,1.76
17.08.2021 01:33:05.707,0.9133100000000001,0.9132200000000001,1,1
17.08.2021 01:33:08.720,0.9133200000000001,0.9132200000000001,1.87,1.25
17.08.2021 01:33:08.872,0.9133200000000001,0.91323,1.12,1
17.08.2021 01:33:09.730,0.91334,0.9132200000000001,1.87,1
17.08.2021 01:33:10.600,0.91333,0.9132200000000001,3.5,1.01
17.08.2021 01:33:20.349,0.91333,0.9132200000000001,3.37,1.76
17.08.2021 01:33:21.308,0.91333,0.9132200000000001,3.5,1.76
17.08.2021 01:33:22.675,0.9133100000000001,0.9132100000000001,1.5,1
17.08.2021 01:33:22.727,0.91325,0.9131700000000001,3,1.22
17.08.2021 01:33:22.778,0.91324,0.9131400000000001,1.5,4.76
17.08.2021 01:33:22.879,0.91325,0.9131400000000001,2.62,2.51
17.08.2021 01:33:22.981,0.91325,0.91315,4.12,1
17.08.2021 01:33:23.149,0.9132600000000001,0.91313,4.12,1.01
17.08.2021 01:33:23.201,0.91323,0.9131400000000001,1,1.01
17.08.2021 01:33:29.092,0.9132200000000001,0.9131400000000001,1,1.25
17.08.2021 01:33:38.234,0.9132600000000001,0.91318,1.5,1
17.08.2021 01:33:38.336,0.9132600000000001,0.9131900000000001,1.5,1
17.08.2021 01:33:38.437,0.9132700000000001,0.9131900000000001,1.5,1
17.08.2021 01:33:38.953,0.91329,0.9132,1,1
17.08.2021 01:33:45.089,0.91328,0.9132200000000001,1,1
17.08.2021 01:33:45.190,0.9133,0.91323,1,1
17.08.2021 01:33:46.449,0.91329,0.91323,1,1
17.08.2021 01:33:47.820,0.91328,0.91323,1,1
17.08.2021 01:33:52.424,0.91328,0.9132200000000001,1,1
17.08.2021 01:33:54.183,0.91328,0.91323,1,1
17.08.2021 01:33:54.696,0.9133200000000001,0.91324,1.5,1.1
17.08.2021 01:33:54.798,0.9133200000000001,0.9132700000000001,1.5,1
17.08.2021 01:33:54.848,0.9133700000000001,0.9133,1,1.25
17.08.2021 01:33:54.950,0.91338,0.9133,1.5,1
17.08.2021 01:33:56.412,0.91339,0.9133,1,1
17.08.2021 01:33:57.685,0.91338,0.9133,1,1
17.08.2021 01:33:57.787,0.91338,0.91328,1,1
17.08.2021 01:33:58.805,0.9133700000000001,0.91328,1,1
17.08.2021 01:33:59.007,0.9133600000000001,0.91328,1,1
17.08.2021 01:34:02.337,0.9133600000000001,0.91329,1,1
17.08.2021 01:34:02.439,0.9133600000000001,0.9133100000000001,1,1
17.08.2021 01:34:02.540,0.91338,0.9133100000000001,1,1
17.08.2021 01:34:10.081,0.91338,0.9133,1,1.5
17.08.2021 01:34:10.423,0.9133700000000001,0.91329,1,1
17.08.2021 01:34:10.524,0.9133600000000001,0.91329,1,1
17.08.2021 01:34:13.334,0.9133600000000001,0.91328,1,1.5
17.08.2021 01:34:13.436,0.91335,0.91328,1,1
17.08.2021 01:34:13.537,0.91334,0.9132700000000001,1,1
17.08.2021 01:34:13.689,0.91334,0.9132600000000001,1,1.69
17.08.2021 01:34:13.844,0.9133600000000001,0.9132600000000001,1.6,1.25
17.08.2021 01:34:13.975,0.9133600000000001,0.91328,1.1,1
17.08.2021 01:34:14.026,0.9133700000000001,0.91328,1.1,1
17.08.2021 01:34:15.029,0.9133600000000001,0.91328,1,1
17.08.2021 01:34:15.130,0.9133700000000001,0.9132700000000001,1.57,1.25
17.08.2021 01:34:15.235,0.9133700000000001,0.91328,1.1,1
17.08.2021 01:34:16.899,0.9133700000000001,0.91329,1,1
17.08.2021 01:34:21.869,0.9133700000000001,0.91328,1.57,1
17.08.2021 01:34:31.814,0.9133600000000001,0.91328,1,1
17.08.2021 01:34:33.982,0.91338,0.91329,1.57,1.69
17.08.2021 01:34:34.084,0.91339,0.9133,1.57,1
17.08.2021 01:34:34.639,0.91338,0.9133,1.1,1
17.08.2021 01:34:34.980,0.9133600000000001,0.9133,1,1
17.08.2021 01:34:35.132,0.9133600000000001,0.91328,1,2.44
17.08.2021 01:34:40.960,0.9133600000000001,0.91329,1,1.25
17.08.2021 01:34:41.062,0.9133700000000001,0.91329,1,1.69
17.08.2021 01:34:44.432,0.9133600000000001,0.91329,1,1
17.08.2021 01:34:44.935,0.91335,0.91329,1,1
17.08.2021 01:34:45.037,0.91335,0.91328,1,1
17.08.2021 01:35:04.546,0.91335,0.91329,1,1.25
17.08.2021 01:35:04.647,0.9133700000000001,0.91329,1,1.69
17.08.2021 01:35:16.416,0.9133600000000001,0.91328,1,1.5
17.08.2021 01:35:17.812,0.91335,0.91328,1,1
17.08.2021 01:35:21.748,0.91335,0.9132700000000001,1,2.44
17.08.2021 01:35:21.915,0.91334,0.9132700000000001,1,1
17.08.2021 01:35:36.941,0.9133200000000001,0.91323,1.1,1
17.08.2021 01:35:37.043,0.9133100000000001,0.91323,1.1,1.5
17.08.2021 01:35:37.146,0.9133,0.91323,1,1
17.08.2021 01:35:37.911,0.91329,0.9132100000000001,1.1,1
17.08.2021 01:35:38.012,0.9132600000000001,0.9131900000000001,1,1
17.08.2021 01:35:38.113,0.91328,0.9132,1.1,1
17.08.2021 01:35:38.215,0.91328,0.9132100000000001,1,1
17.08.2021 01:35:38.468,0.91329,0.9132100000000001,1,1.5
17.08.2021 01:35:48.457,0.9133,0.9132100000000001,1.57,1.5
17.08.2021 01:36:00.300,0.91329,0.9132,1.5,1.5
17.08.2021 01:36:02.565,0.91329,0.9132100000000001,1.57,1
17.08.2021 01:36:07.273,0.9133,0.9132100000000001,1.5,1
17.08.2021 01:36:10.976,0.91329,0.9132100000000001,1,1
17.08.2021 01:36:26.468,0.9133100000000001,0.9132,1,1
17.08.2021 01:36:30.491,0.9133100000000001,0.9132100000000001,1.76,1
17.08.2021 01:36:33.314,0.9133200000000001,0.9132,2.54,1
17.08.2021 01:36:34.462,0.9133100000000001,0.9132100000000001,2.51,1
17.08.2021 01:36:41.228,0.9133200000000001,0.9132,3.35,1
17.08.2021 01:36:41.329,0.91329,0.9132100000000001,1,1
17.08.2021 01:36:46.269,0.9133,0.9131900000000001,2.25,1
17.08.2021 01:36:47.234,0.91329,0.9131900000000001,1.12,1
17.08.2021 01:36:47.336,0.91328,0.9131900000000001,1.2,1.5
17.08.2021 01:36:54.954,0.9133100000000001,0.9131900000000001,3.26,1
17.08.2021 01:36:55.056,0.91329,0.9132,1,1
17.08.2021 01:37:08.360,0.91325,0.9131600000000001,2.72,1.5
17.08.2021 01:37:08.410,0.91325,0.91315,3.47,1.12
17.08.2021 01:37:08.461,0.91323,0.9131400000000001,1.1,1
17.08.2021 01:37:08.764,0.91323,0.91313,2.54,1
17.08.2021 01:37:09.629,0.9132200000000001,0.91313,1,1
17.08.2021 01:37:13.311,0.9132200000000001,0.9131200000000002,2.51,1
17.08.2021 01:37:22.215,0.9132200000000001,0.91313,2.25,1
17.08.2021 01:37:24.927,0.9132100000000001,0.91313,1,1
17.08.2021 01:37:28.302,0.9132100000000001,0.9131200000000002,1,1
17.08.2021 01:37:34.228,0.9132200000000001,0.9131200000000002,2.32,1
17.08.2021 01:37:41.346,0.9132100000000001,0.9131100000000001,1,1
17.08.2021 01:37:46.573,0.9132100000000001,0.9131100000000001,1.1,1
17.08.2021 01:37:48.465,0.9132100000000001,0.9131100000000001,1.87,1
17.08.2021 01:38:00.247,0.9132200000000001,0.9131200000000002,2.32,1
17.08.2021 01:38:03.273,0.9132200000000001,0.91313,1,1
17.08.2021 01:38:03.375,0.91328,0.91318,1.6,2.44
17.08.2021 01:38:03.476,0.9133100000000001,0.9132100000000001,1.79,1
17.08.2021 01:38:03.578,0.9133100000000001,0.9132200000000001,1.35,1
17.08.2021 01:38:03.729,0.91329,0.9132200000000001,1,1
17.08.2021 01:38:06.197,0.9133200000000001,0.9132200000000001,5.22,1
17.08.2021 01:38:06.299,0.9133,0.9132200000000001,1,1
17.08.2021 01:38:12.070,0.91328,0.9132200000000001,1.5,1
17.08.2021 01:38:12.120,0.9133,0.9132200000000001,1.1,1
17.08.2021 01:38:12.171,0.91329,0.9132,1.1,1.12
17.08.2021 01:38:12.272,0.91329,0.9132100000000001,1.1,1
17.08.2021 01:38:12.478,0.9133100000000001,0.9132100000000001,1.01,1
17.08.2021 01:38:30.115,0.91329,0.9132100000000001,1.1,1
17.08.2021 01:38:34.326,0.91329,0.9132,1.1,1
17.08.2021 01:38:37.592,0.9133100000000001,0.9132100000000001,1.6,1
17.08.2021 01:38:37.694,0.9133100000000001,0.9132100000000001,1.6,1
17.08.2021 01:38:45.664,0.91329,0.9132100000000001,1,1
17.08.2021 01:38:54.542,0.91329,0.9132,1.1,1
17.08.2021 01:39:33.577,0.9133,0.9132,4.01,1
17.08.2021 01:39:33.628,0.91328,0.9132,1,1
17.08.2021 01:39:38.699,0.9133,0.9131900000000001,1,1
17.08.2021 01:39:38.800,0.9133,0.9132100000000001,1.1,1
17.08.2021 01:39:38.902,0.91329,0.9132100000000001,1,1
17.08.2021 01:39:41.053,0.9132700000000001,0.9132100000000001,1,1
17.08.2021 01:39:41.154,0.91325,0.9131700000000001,1.57,1.5
17.08.2021 01:39:41.205,0.91325,0.91315,1.6,2.25
17.08.2021 01:39:45.960,0.91325,0.91315,3.29,1.5
17.08.2021 01:40:01.936,0.91325,0.91315,3.29,1.5
17.08.2021 01:40:03.708,0.9132600000000001,0.91318,1,1
17.08.2021 01:40:03.810,0.91328,0.9132,1.1,1
17.08.2021 01:40:03.911,0.9133,0.9132100000000001,1.35,1
17.08.2021 01:40:26.134,0.91329,0.9132,1.1,1
17.08.2021 01:40:26.285,0.91329,0.9132100000000001,1.1,1
17.08.2021 01:40:32.628,0.91329,0.9132200000000001,1,1
17.08.2021 01:40:32.679,0.9133200000000001,0.9132200000000001,2.16,1.5
17.08.2021 01:40:32.780,0.9133,0.9132200000000001,1,1
17.08.2021 01:41:12.254,0.9133100000000001,0.91323,1,1
17.08.2021 01:41:12.356,0.91335,0.9132600000000001,2.32,1
17.08.2021 01:41:12.457,0.91338,0.91329,1.2,1
17.08.2021 01:41:12.558,0.91339,0.9133,1.1,1
17.08.2021 01:41:12.862,0.91338,0.9133,1,1
17.08.2021 01:41:43.396,0.91339,0.9133,1,1.1
17.08.2021 01:41:43.499,0.9134,0.9133100000000001,1.1,1
17.08.2021 01:42:04.823,0.9134,0.9133100000000001,1.6,1
17.08.2021 01:42:05.893,0.9134,0.9133100000000001,1.79,1
17.08.2021 01:42:05.994,0.91339,0.9133,1.6,1
17.08.2021 01:42:14.442,0.91339,0.9133,1.1,1.5
17.08.2021 01:42:14.555,0.91339,0.91329,1,1
17.08.2021 01:42:17.511,0.91339,0.9133,1,1.1
17.08.2021 01:42:19.063,0.91339,0.9133100000000001,1,1
17.08.2021 01:42:40.352,0.9134,0.9133,1.1,1
17.08.2021 01:42:40.719,0.91339,0.9133100000000001,1.1,1
17.08.2021 01:42:43.275,0.91339,0.9133100000000001,1.1,1
17.08.2021 01:42:43.699,0.91339,0.9133100000000001,1.1,1
17.08.2021 01:42:44.144,0.91338,0.91329,1.01,1
17.08.2021 01:42:44.247,0.91338,0.91329,1.6,1
17.08.2021 01:42:44.349,0.91338,0.91328,2.54,1.5
17.08.2021 01:42:49.136,0.9133600000000001,0.91325,1.1,1
17.08.2021 01:42:49.237,0.91335,0.91325,1.1,1
17.08.2021 01:42:58.223,0.91335,0.91324,1.1,1
17.08.2021 01:42:59.098,0.91335,0.91325,1,1
17.08.2021 01:42:59.673,0.91334,0.91325,1.1,1
17.08.2021 01:43:07.167,0.91334,0.91325,1.79,1
17.08.2021 01:43:08.236,0.91334,0.91325,1.5,1
17.08.2021 01:43:08.725,0.91334,0.9132600000000001,1.5,1
17.08.2021 01:43:08.827,0.91335,0.9132600000000001,1,1
17.08.2021 01:43:10.162,0.91334,0.9132600000000001,1,1
17.08.2021 01:43:15.810,0.9133600000000001,0.91328,1,1
17.08.2021 01:43:15.912,0.9133700000000001,0.91328,1.1,1.5
17.08.2021 01:43:16.013,0.91338,0.91328,1.57,1.57
17.08.2021 01:43:16.146,0.91338,0.91329,1.57,1
17.08.2021 01:43:18.456,0.91338,0.91329,2.35,1
17.08.2021 01:43:20.685,0.9133700000000001,0.9132700000000001,1,1
17.08.2021 01:43:31.595,0.91338,0.91329,1.6,1
17.08.2021 01:43:31.697,0.9133700000000001,0.91328,1.1,1
17.08.2021 01:43:37.216,0.9133700000000001,0.91329,1,1
17.08.2021 01:43:37.318,0.91338,0.9133,1,1
17.08.2021 01:43:37.419,0.91339,0.9133,1.1,1.5
17.08.2021 01:43:37.520,0.91338,0.9133,1,1
17.08.2021 01:43:49.755,0.91338,0.91329,1,1.1
17.08.2021 01:43:58.472,0.91338,0.91328,1.57,3.26
17.08.2021 01:43:59.859,0.9133700000000001,0.91328,1.57,1
17.08.2021 01:43:59.960,0.9133600000000001,0.9132700000000001,1.5,1.2
17.08.2021 01:44:02.091,0.9133600000000001,0.91328,1,1
17.08.2021 01:44:02.398,0.9133600000000001,0.9132700000000001,1,1.57
17.08.2021 01:44:04.714,0.9133200000000001,0.91325,1,1.5
17.08.2021 01:44:04.765,0.91335,0.91324,1,2.32
17.08.2021 01:44:04.866,0.91335,0.91325,1.57,1.57
17.08.2021 01:44:04.968,0.91334,0.91325,1.5,1
17.08.2021 01:44:06.754,0.9133600000000001,0.9132700000000001,1.1,1
17.08.2021 01:44:06.855,0.9133700000000001,0.91328,1.1,1
17.08.2021 01:44:24.884,0.91338,0.9133,1,1
17.08.2021 01:44:24.935,0.91338,0.91328,1.5,4.01
17.08.2021 01:44:25.036,0.91338,0.91329,1.5,1
17.08.2021 01:44:26.553,0.9133700000000001,0.91328,1.5,1
17.08.2021 01:44:26.657,0.9133700000000001,0.9132700000000001,1.57,1.5
17.08.2021 01:44:29.629,0.91338,0.9132700000000001,1,1
17.08.2021 01:44:29.799,0.91338,0.91328,1.57,3.19
17.08.2021 01:44:36.096,0.91338,0.91329,2.32,1
17.08.2021 01:44:37.291,0.91338,0.91328,1.57,2.44
17.08.2021 01:44:40.673,0.91338,0.91329,1.1,1.25
17.08.2021 01:44:43.066,0.91338,0.91328,1.5,2.51
17.08.2021 01:44:43.320,0.9133700000000001,0.91328,1.5,1.12
17.08.2021 01:44:46.586,0.91338,0.91329,1,1
17.08.2021 01:44:46.687,0.9133700000000001,0.9132700000000001,1,3
17.08.2021 01:44:55.000,0.9133700000000001,0.9132700000000001,1.57,1.95
17.08.2021 01:44:55.152,0.9133700000000001,0.91328,1.1,1
17.08.2021 01:44:55.304,0.91338,0.91328,1,1.5
17.08.2021 01:44:55.405,0.9133700000000001,0.91328,1,1
17.08.2021 01:44:58.309,0.9133600000000001,0.9132700000000001,1,1.57
17.08.2021 01:44:58.512,0.9133700000000001,0.9132700000000001,1.57,1.2
17.08.2021 01:44:59.252,0.9133700000000001,0.91328,1,1
17.08.2021 01:44:59.404,0.9133700000000001,0.9132700000000001,1.5,1.87
17.08.2021 01:45:00.598,0.9133200000000001,0.9132600000000001,1,1
17.08.2021 01:45:00.649,0.91333,0.91324,1,1.87
17.08.2021 01:45:00.700,0.9133600000000001,0.9132700000000001,1,1
17.08.2021 01:45:00.802,0.91335,0.91324,1,1
17.08.2021 01:45:06.150,0.91334,0.91324,1.57,1.87
17.08.2021 01:45:28.483,0.91334,0.91323,1.1,1.12
17.08.2021 01:45:33.879,0.91335,0.91324,1,1
17.08.2021 01:45:36.329,0.91334,0.91324,1.5,1.87
17.08.2021 01:45:41.313,0.9133200000000001,0.91323,1.1,1
17.08.2021 01:46:12.637,0.9133200000000001,0.9132200000000001,1.69,1
17.08.2021 01:46:22.551,0.91333,0.91325,1.25,1
17.08.2021 01:46:22.653,0.9133600000000001,0.9132600000000001,3,1
17.08.2021 01:46:22.703,0.9133700000000001,0.91328,1,1
17.08.2021 01:46:22.805,0.9133600000000001,0.91328,1,1
17.08.2021 01:46:27.075,0.91338,0.9132700000000001,1,1.5
17.08.2021 01:46:28.520,0.91338,0.91328,1.69,1.5
17.08.2021 01:46:28.622,0.91339,0.91329,2.06,1.5
17.08.2021 01:46:28.723,0.91338,0.91329,1,1.2
17.08.2021 01:46:33.409,0.9133700000000001,0.91328,1.41,1.12
17.08.2021 01:46:33.511,0.91333,0.91323,2.44,1
17.08.2021 01:46:33.613,0.9133200000000001,0.91323,1,1
17.08.2021 01:46:34.213,0.9133200000000001,0.91323,2.5,1
17.08.2021 01:46:34.315,0.9133100000000001,0.9132200000000001,1.25,1.12
17.08.2021 01:46:34.417,0.9133100000000001,0.9132100000000001,1.25,1.87
17.08.2021 01:46:38.803,0.9133,0.9132100000000001,1,1.12
17.08.2021 01:46:39.004,0.91329,0.9132100000000001,1,1.12
17.08.2021 01:46:39.682,0.91329,0.9132,1,1
17.08.2021 01:46:43.359,0.91328,0.9132,1,1
17.08.2021 01:46:50.776,0.91328,0.9131900000000001,1.25,1.12
17.08.2021 01:46:50.878,0.9132600000000001,0.91318,1,1.12
17.08.2021 01:46:50.979,0.91325,0.9131700000000001,1,1
17.08.2021 01:46:51.181,0.91324,0.9131400000000001,1.69,1.62
17.08.2021 01:46:51.232,0.91324,0.9131400000000001,1.69,1.12
17.08.2021 01:46:51.283,0.9132200000000001,0.9131400000000001,1,1
17.08.2021 01:46:57.375,0.9132200000000001,0.91313,1,1.12
17.08.2021 01:47:08.347,0.9132100000000001,0.9131400000000001,1,1
17.08.2021 01:47:08.499,0.9132100000000001,0.91313,1,1
17.08.2021 01:47:21.728,0.9132,0.91313,1,1
17.08.2021 01:47:29.882,0.9132100000000001,0.91313,1,1
17.08.2021 01:47:29.997,0.9132,0.91313,1,1
17.08.2021 01:47:33.842,0.9132,0.9131200000000002,1,1
17.08.2021 01:47:35.169,0.9132100000000001,0.9131200000000002,1,1
17.08.2021 01:47:44.991,0.9132,0.9131200000000002,1,1
17.08.2021 01:48:34.454,0.91318,0.91309,2.25,1
17.08.2021 01:48:34.505,0.9131600000000001,0.91308,1,1.12
17.08.2021 01:48:34.607,0.91315,0.9130600000000001,1.5,1
17.08.2021 01:49:07.904,0.9131400000000001,0.91305,1,1.5
17.08.2021 01:49:15.678,0.91313,0.91305,1,1
17.08.2021 01:49:15.830,0.91313,0.91304,1,1.5
17.08.2021 01:49:55.490,0.91318,0.9131,1.5,1
17.08.2021 01:49:55.592,0.9132,0.9131200000000002,5.44,1
17.08.2021 01:49:56.235,0.9132200000000001,0.9131200000000002,2.62,1.1
17.08.2021 01:49:56.336,0.9132,0.9131200000000002,1,1.1
17.08.2021 01:49:59.533,0.9131900000000001,0.9131200000000002,1,1
17.08.2021 01:50:36.276,0.9131400000000001,0.9130600000000001,1,2.94
17.08.2021 01:50:36.378,0.9131400000000001,0.91305,1,1
17.08.2021 01:51:01.214,0.91313,0.91305,1,1
17.08.2021 01:51:22.840,0.9131400000000001,0.91305,1,1
17.08.2021 01:51:24.146,0.91315,0.91305,2.62,1.5
17.08.2021 01:51:33.641,0.91315,0.9130600000000001,1,1
17.08.2021 01:51:55.074,0.91315,0.91305,1.5,1.69
17.08.2021 01:52:18.824,0.9131400000000001,0.91305,1,1
17.08.2021 01:52:53.328,0.9131400000000001,0.91304,1,1
17.08.2021 01:52:56.422,0.91313,0.91304,1,1
17.08.2021 01:53:10.639,0.91313,0.91305,1,1
17.08.2021 01:53:19.238,0.91313,0.91304,1,1
17.08.2021 01:53:41.162,0.91313,0.91305,1,1
17.08.2021 01:53:44.673,0.9131400000000001,0.91305,1.12,1
17.08.2021 01:54:15.953,0.9131400000000001,0.9130600000000001,1.69,1
17.08.2021 01:54:31.506,0.91313,0.91303,1,1.5
17.08.2021 01:55:09.131,0.9131100000000001,0.91304,1,1
17.08.2021 01:55:09.283,0.9131,0.9130200000000002,3.94,1
17.08.2021 01:55:29.689,0.9130700000000002,0.91299,1,1.5
17.08.2021 01:55:29.790,0.91308,0.913,1.5,1
17.08.2021 01:55:42.789,0.91309,0.913,1.5,1.57
17.08.2021 01:55:46.652,0.9130700000000002,0.91299,1.1,1.5
17.08.2021 01:55:46.804,0.9130700000000002,0.9129700000000002,1.5,1.5
17.08.2021 01:57:22.870,0.9130700000000002,0.91299,2.32,1
17.08.2021 01:57:45.263,0.91299,0.91294,1,1.5
17.08.2021 01:57:45.314,0.91299,0.9129200000000001,1,1
17.08.2021 01:57:45.365,0.91298,0.9129,2.44,1.5
17.08.2021 01:57:45.718,0.9129700000000002,0.9129,1,1.5
17.08.2021 01:57:46.072,0.9129700000000002,0.91289,1.5,1
17.08.2021 01:57:46.224,0.9129600000000001,0.91288,1.69,1
17.08.2021 01:57:49.289,0.9129200000000001,0.9128700000000001,1,1
17.08.2021 01:57:52.338,0.9129600000000001,0.9128700000000001,1.69,1.5
17.08.2021 01:58:33.130,0.91294,0.9128700000000001,1,1
17.08.2021 01:58:33.550,0.91295,0.9128700000000001,1.25,1
17.08.2021 01:58:33.702,0.9129100000000001,0.91284,1,1.12
17.08.2021 01:58:33.804,0.91293,0.91285,1.5,1
17.08.2021 01:58:33.905,0.91294,0.9128600000000001,1,1
17.08.2021 01:58:34.008,0.91295,0.9128600000000001,2.51,1.5
17.08.2021 01:58:37.335,0.91295,0.9128700000000001,1.76,1
17.08.2021 01:59:22.848,0.91295,0.91288,1,1
17.08.2021 01:59:28.305,0.91295,0.9128700000000001,1,1
17.08.2021 01:59:36.382,0.9129600000000001,0.9128700000000001,1.76,1
17.08.2021 01:59:36.484,0.9129600000000001,0.9128600000000001,1,1
17.08.2021 01:59:43.407,0.9129600000000001,0.9128700000000001,1.76,1
17.08.2021 02:00:23.850,0.91295,0.9128600000000001,1.01,1.5
17.08.2021 02:00:27.789,0.9129600000000001,0.9128700000000001,3.54,1
17.08.2021 02:00:31.305,0.91295,0.9128600000000001,1.01,1.5
17.08.2021 02:00:31.618,0.9129600000000001,0.9128700000000001,3.54,1
17.08.2021 02:00:45.315,0.91293,0.9128700000000001,1,1
17.08.2021 02:00:51.199,0.91294,0.9128700000000001,1,1
17.08.2021 02:01:01.227,0.91294,0.9128600000000001,1,1
17.08.2021 02:01:11.788,0.91295,0.9128600000000001,1,1
17.08.2021 02:01:11.890,0.91295,0.9128700000000001,1.57,1
17.08.2021 02:01:13.654,0.91295,0.91288,1.1,1
17.08.2021 02:01:19.111,0.91295,0.9128700000000001,1.1,1
17.08.2021 02:01:29.451,0.9129600000000001,0.9128700000000001,2.51,1
17.08.2021 02:01:32.044,0.9129600000000001,0.9128700000000001,2.54,1
17.08.2021 02:01:37.979,0.9129600000000001,0.9128700000000001,2.51,1
17.08.2021 02:01:43.622,0.91295,0.9128700000000001,1,1
17.08.2021 02:01:53.277,0.91295,0.9128600000000001,1.76,1
17.08.2021 02:01:53.478,0.91295,0.9128600000000001,1.79,1
17.08.2021 02:01:55.754,0.91293,0.9128600000000001,1,1
17.08.2021 02:01:56.932,0.91289,0.9128100000000001,1,1.75
17.08.2021 02:01:57.034,0.91288,0.9128000000000001,1.25,1
17.08.2021 02:01:59.958,0.91288,0.91279,1.76,1
17.08.2021 02:02:14.103,0.91288,0.9128000000000001,1.5,1
17.08.2021 02:02:37.234,0.91288,0.9128100000000001,1,1
17.08.2021 02:02:44.085,0.91288,0.9128000000000001,1,1
17.08.2021 02:02:55.154,0.9129,0.91284,1,1
17.08.2021 02:02:55.255,0.9129,0.91285,1,1.5
17.08.2021 02:02:55.356,0.91293,0.9128700000000001,1,1
17.08.2021 02:03:03.298,0.91294,0.9128700000000001,1,1
17.08.2021 02:03:03.400,0.91294,0.91288,1,1
17.08.2021 02:03:15.646,0.91295,0.91288,1.5,1
17.08.2021 02:03:19.305,0.91295,0.9128700000000001,1.5,1.5
17.08.2021 02:03:31.454,0.91295,0.91288,1.5,1
17.08.2021 02:04:31.315,0.9129600000000001,0.91288,1.69,1
17.08.2021 02:06:52.821,0.91295,0.91288,1.25,1
17.08.2021 02:06:57.795,0.9129700000000002,0.91288,3.51,1
17.08.2021 02:07:09.167,0.91295,0.91288,1,1
17.08.2021 02:07:19.625,0.9129700000000002,0.9128700000000001,1.76,1
17.08.2021 02:07:21.960,0.9129,0.9128299999999999,1.1,1.81
17.08.2021 02:07:22.061,0.91289,0.9128100000000001,1.76,1.5
17.08.2021 02:07:22.112,0.91289,0.9128000000000001,1.01,1
17.08.2021 02:07:25.002,0.91288,0.9128000000000001,1,1
17.08.2021 02:07:54.344,0.91288,0.91279,2.69,1
17.08.2021 02:08:04.268,0.91284,0.9127799999999999,1,1
17.08.2021 02:08:04.502,0.91288,0.91279,2.69,1
17.08.2021 02:08:10.090,0.91289,0.9127799999999999,1.69,1
17.08.2021 02:08:10.191,0.91288,0.91279,2.69,1
17.08.2021 02:08:21.816,0.9128700000000001,0.9127799999999999,1.01,1.5
17.08.2021 02:08:21.917,0.9128600000000001,0.9127700000000001,2.76,1
17.08.2021 02:08:22.019,0.91284,0.9127700000000001,1.25,1
17.08.2021 02:08:22.121,0.91284,0.9127600000000001,1.25,1
17.08.2021 02:08:23.307,0.91284,0.9127500000000001,1.69,1
17.08.2021 02:08:25.930,0.9128100000000001,0.9127200000000001,1.1,1.5
17.08.2021 02:08:27.034,0.91279,0.9127200000000001,1,1
17.08.2021 02:08:31.305,0.91279,0.9127100000000001,1,1.5
17.08.2021 02:08:35.260,0.9128000000000001,0.9127100000000001,1,1.5
17.08.2021 02:08:38.458,0.9128100000000001,0.9127299999999999,1.5,1
17.08.2021 02:08:38.645,0.9128299999999999,0.9127500000000001,1.6,1.12
17.08.2021 02:08:38.746,0.91289,0.9127799999999999,3.29,1
17.08.2021 02:08:54.920,0.91288,0.91279,2.44,1
17.08.2021 02:08:55.021,0.91289,0.9128000000000001,3.26,1
17.08.2021 02:08:55.677,0.91289,0.9128100000000001,1.76,1
17.08.2021 02:09:04.975,0.9129100000000001,0.91285,3.44,1
17.08.2021 02:09:05.026,0.91294,0.91285,1.57,1
17.08.2021 02:09:05.127,0.9129600000000001,0.9128700000000001,2.54,1
17.08.2021 02:09:08.480,0.9129600000000001,0.9128700000000001,2.44,1
17.08.2021 02:09:12.252,0.91295,0.9128700000000001,1.25,1
17.08.2021 02:09:12.353,0.9129200000000001,0.91285,1.25,1
17.08.2021 02:09:12.404,0.9129,0.9128100000000001,1.39,1
17.08.2021 02:09:12.455,0.9128700000000001,0.9128100000000001,1,1
17.08.2021 02:09:12.824,0.91289,0.9128100000000001,1,1
17.08.2021 02:09:13.157,0.91289,0.9128000000000001,1.69,1
17.08.2021 02:09:14.293,0.91289,0.9128000000000001,2.57,1
17.08.2021 02:09:14.395,0.91288,0.91279,1.25,1.87
17.08.2021 02:09:14.547,0.91289,0.9128000000000001,1.57,1
17.08.2021 02:09:19.886,0.9129,0.9128200000000001,1.01,1
17.08.2021 02:09:28.279,0.9128700000000001,0.9128000000000001,1,1.87
17.08.2021 02:09:30.326,0.91289,0.9128000000000001,1,1.87
17.08.2021 02:09:30.531,0.91289,0.9128100000000001,1.69,1
17.08.2021 02:09:37.354,0.91289,0.9128000000000001,1.69,1.5
17.08.2021 02:10:02.771,0.91289,0.9128100000000001,1,1
17.08.2021 02:10:07.198,0.9129,0.9128100000000001,2.51,1
17.08.2021 02:10:07.249,0.9128600000000001,0.9128000000000001,1,1.87
17.08.2021 02:10:08.179,0.9129,0.9128100000000001,2.51,1
17.08.2021 02:10:13.972,0.9129,0.9128100000000001,2.54,1
17.08.2021 02:11:04.776,0.91289,0.9128200000000001,1,1
17.08.2021 02:11:04.928,0.9129100000000001,0.9128200000000001,2.89,1
17.08.2021 02:11:05.283,0.9129100000000001,0.9128200000000001,3.16,1
17.08.2021 02:11:15.225,0.91289,0.9128200000000001,1,1
17.08.2021 02:11:16.313,0.9129,0.9128000000000001,1,1
17.08.2021 02:11:57.599,0.91289,0.9128000000000001,1.69,1
17.08.2021 02:12:27.146,0.9128700000000001,0.9128000000000001,1,1
17.08.2021 02:12:27.248,0.9128700000000001,0.91279,1.69,1
17.08.2021 02:13:00.506,0.9128700000000001,0.9128000000000001,1,1
17.08.2021 02:13:00.557,0.91289,0.9128000000000001,2.51,1
17.08.2021 02:13:16.317,0.91289,0.9128100000000001,2.32,1
17.08.2021 02:13:18.391,0.9129100000000001,0.9128200000000001,1.76,1
17.08.2021 02:13:18.493,0.9129100000000001,0.9128100000000001,1,1
17.08.2021 02:13:22.090,0.9129,0.9128100000000001,1.5,1
17.08.2021 02:14:07.022,0.91289,0.9128000000000001,1,1.5
17.08.2021 02:14:12.272,0.91289,0.9128200000000001,1,1
17.08.2021 02:14:13.413,0.9129100000000001,0.9128200000000001,1.76,1
17.08.2021 02:14:16.996,0.9129,0.9128200000000001,1,1
17.08.2021 02:14:21.052,0.9129100000000001,0.9128200000000001,2.51,1
17.08.2021 02:14:22.305,0.9129,0.9128100000000001,1,1
17.08.2021 02:14:50.602,0.9129,0.91284,1,1.12
17.08.2021 02:14:50.704,0.91295,0.9128600000000001,1.6,1
17.08.2021 02:14:50.805,0.91295,0.9128700000000001,1.1,1
17.08.2021 02:15:22.985,0.91294,0.9128700000000001,1,1
17.08.2021 02:15:23.086,0.91295,0.9128700000000001,1.76,1
17.08.2021 02:15:35.613,0.91295,0.91288,1,1
17.08.2021 02:15:44.446,0.91295,0.9128700000000001,1,1
17.08.2021 02:15:50.272,0.9129600000000001,0.9128700000000001,1,1
17.08.2021 02:15:50.424,0.9129600000000001,0.91288,1,1
17.08.2021 02:16:48.997,0.9129600000000001,0.91288,2.76,1
17.08.2021 02:16:49.098,0.9129600000000001,0.91288,1.95,1
17.08.2021 02:18:20.509,0.91295,0.9128700000000001,1,1
17.08.2021 02:20:54.773,0.9129600000000001,0.9128700000000001,1,1.12
17.08.2021 02:21:47.710,0.9129100000000001,0.9128299999999999,1,2.25
17.08.2021 02:21:47.832,0.9129100000000001,0.9128299999999999,1,1
17.08.2021 02:21:49.306,0.9129700000000002,0.9128600000000001,1.69,1.12
17.08.2021 02:22:36.578,0.9129600000000001,0.9128700000000001,2.57,1
17.08.2021 02:22:37.561,0.9129600000000001,0.9128700000000001,1.76,1
17.08.2021 02:23:10.126,0.91295,0.9128600000000001,1,2.07
17.08.2021 02:23:13.426,0.91295,0.9128600000000001,1,1.95
17.08.2021 02:24:26.856,0.91288,0.9128000000000001,1,2.47
17.08.2021 02:24:26.957,0.9128700000000001,0.9128000000000001,1,1
17.08.2021 02:24:27.058,0.9128700000000001,0.91279,1,1.12
17.08.2021 02:24:27.709,0.9128700000000001,0.9127799999999999,1,1.12
17.08.2021 02:24:27.861,0.9128600000000001,0.9127700000000001,1,1.5
17.08.2021 02:24:28.062,0.9128600000000001,0.9127700000000001,1,1.12
17.08.2021 02:24:31.846,0.9128299999999999,0.9127500000000001,1,1.2
17.08.2021 02:24:31.948,0.9128000000000001,0.9127299999999999,1,1
17.08.2021 02:24:32.251,0.9128100000000001,0.9127000000000001,1,2
17.08.2021 02:24:37.176,0.91279,0.9127100000000001,1,1.5
17.08.2021 02:25:03.876,0.91279,0.9127100000000001,1,1.12
17.08.2021 02:25:22.689,0.91279,0.9127000000000001,1,1.87
17.08.2021 02:25:46.409,0.9128000000000001,0.9127100000000001,1.25,1
17.08.2021 02:28:05.130,0.9128000000000001,0.9127200000000001,1,1
17.08.2021 02:28:05.333,0.9128100000000001,0.9127200000000001,1,1
17.08.2021 02:28:05.434,0.9128299999999999,0.9127600000000001,1,1
17.08.2021 02:28:05.485,0.9128600000000001,0.9127799999999999,1,1
17.08.2021 02:28:05.687,0.9128700000000001,0.9127799999999999,1.25,1
17.08.2021 02:28:46.869,0.9128600000000001,0.9127799999999999,1,1
17.08.2021 02:29:25.767,0.9128700000000001,0.9127799999999999,1,1
17.08.2021 02:30:30.328,0.9128200000000001,0.9127299999999999,1.69,1.5
17.08.2021 02:30:30.430,0.9128100000000001,0.9127200000000001,1.69,1
17.08.2021 02:30:30.531,0.9128100000000001,0.9127100000000001,1.69,1.87
17.08.2021 02:30:30.632,0.9128000000000001,0.9127100000000001,1,1
17.08.2021 02:30:32.167,0.91279,0.9127000000000001,1,1.87
17.08.2021 02:30:53.993,0.9128000000000001,0.9127100000000001,2.44,1
17.08.2021 02:31:35.885,0.91279,0.9127000000000001,1,1.87
17.08.2021 02:31:39.107,0.9128000000000001,0.9127100000000001,1.5,1
17.08.2021 02:32:18.923,0.9128000000000001,0.9127100000000001,1.75,1
17.08.2021 02:32:19.326,0.91279,0.9127000000000001,1.25,1.12
17.08.2021 02:32:27.778,0.9128000000000001,0.9127000000000001,1.69,1.87
17.08.2021 02:32:27.880,0.9128000000000001,0.9127100000000001,1,1
17.08.2021 02:32:40.029,0.9128000000000001,0.9127100000000001,1.75,1
17.08.2021 02:32:45.426,0.9128000000000001,0.9127100000000001,1.69,1
17.08.2021 02:33:23.103,0.9128299999999999,0.9127700000000001,1.5,1
17.08.2021 02:33:23.153,0.91285,0.9127600000000001,3.94,1
17.08.2021 02:33:23.204,0.9128600000000001,0.9127799999999999,1.25,1
17.08.2021 02:33:28.784,0.9128600000000001,0.91279,1,1
17.08.2021 02:33:32.677,0.9128600000000001,0.9128000000000001,1,1
17.08.2021 02:33:32.934,0.91288,0.9128000000000001,2.31,1
17.08.2021 02:33:33.085,0.91289,0.91279,1.69,1
17.08.2021 02:33:33.236,0.91289,0.9128200000000001,1,1
17.08.2021 02:33:34.434,0.91289,0.9128000000000001,1.25,1
17.08.2021 02:33:35.592,0.9129,0.9128000000000001,1.25,1
17.08.2021 02:33:38.050,0.91294,0.9128600000000001,1.5,1
17.08.2021 02:33:38.151,0.9129600000000001,0.9128600000000001,1,1
17.08.2021 02:33:38.252,0.91294,0.91288,1,1
17.08.2021 02:33:38.706,0.9129600000000001,0.9128700000000001,1,1
17.08.2021 02:33:39.988,0.9129600000000001,0.91288,1,1
17.08.2021 02:33:40.089,0.9129600000000001,0.91289,1,1
17.08.2021 02:33:41.508,0.9129600000000001,0.91288,1,1
17.08.2021 02:33:49.118,0.9129700000000002,0.91288,1,1
17.08.2021 02:33:49.514,0.9129700000000002,0.91289,1,1
17.08.2021 02:33:49.565,0.91298,0.9129100000000001,1,1.1
17.08.2021 02:33:49.666,0.913,0.9129,2.81,1.95
17.08.2021 02:33:49.717,0.9130200000000002,0.9129100000000001,3.94,1
17.08.2021 02:33:49.871,0.9130100000000001,0.91294,1,1
17.08.2021 02:33:52.059,0.91303,0.91294,1.25,1.5
17.08.2021 02:33:52.160,0.91304,0.91295,1.25,1
17.08.2021 02:33:52.261,0.91305,0.9129600000000001,1,1
17.08.2021 02:33:56.641,0.91305,0.91298,1.25,1
17.08.2021 02:33:56.742,0.91304,0.91298,1,1
17.08.2021 02:33:59.150,0.91305,0.91298,1,1
17.08.2021 02:34:00.140,0.9130600000000001,0.91298,1.12,1
17.08.2021 02:34:00.241,0.9130700000000002,0.91298,1,1
17.08.2021 02:34:06.166,0.9130700000000002,0.91299,1,1.12
17.08.2021 02:34:06.268,0.9131200000000002,0.91303,3.56,1
17.08.2021 02:34:06.319,0.9131200000000002,0.91305,1.69,1
17.08.2021 02:34:06.420,0.91313,0.91305,1.31,1
17.08.2021 02:34:06.522,0.91313,0.91305,2.31,1
17.08.2021 02:34:07.222,0.9131400000000001,0.91304,1.31,1
17.08.2021 02:34:08.984,0.91313,0.91305,2.31,1
17.08.2021 02:34:09.503,0.9131400000000001,0.91304,1.12,1
17.08.2021 02:34:09.820,0.9131400000000001,0.91305,1.87,1
17.08.2021 02:34:09.928,0.9131700000000001,0.91308,4.31,1
17.08.2021 02:34:10.030,0.91315,0.9130700000000002,1,1
17.08.2021 02:34:11.210,0.91315,0.9130700000000002,1.22,1
17.08.2021 02:34:11.597,0.9131400000000001,0.9130600000000001,1.1,1
17.08.2021 02:34:11.749,0.9131400000000001,0.91305,1.39,1
17.08.2021 02:34:12.416,0.91315,0.9130600000000001,1.2,1
17.08.2021 02:34:14.190,0.91315,0.91305,1.79,1.5
17.08.2021 02:34:14.849,0.9131400000000001,0.91304,1.25,1.5
17.08.2021 02:34:16.641,0.9131400000000001,0.91305,1.1,1
17.08.2021 02:34:16.742,0.9131600000000001,0.91305,2.29,1.5
17.08.2021 02:34:16.844,0.9131600000000001,0.9130600000000001,2.16,1
17.08.2021 02:34:16.945,0.91318,0.9131200000000002,1.1,1
17.08.2021 02:34:16.996,0.9132,0.9131200000000002,1.01,1
17.08.2021 02:34:18.123,0.9132,0.9131,3.97,1
17.08.2021 02:34:18.224,0.9131700000000001,0.91309,1.01,1
17.08.2021 02:34:18.477,0.9132,0.9131200000000002,1.1,1
17.08.2021 02:34:18.629,0.9132100000000001,0.9131200000000002,1.01,1
17.08.2021 02:34:20.824,0.91323,0.91315,2.14,1
17.08.2021 02:34:21.591,0.91323,0.9131400000000001,1.01,1
17.08.2021 02:34:21.810,0.91324,0.9131200000000002,1.01,1.87
17.08.2021 02:34:21.961,0.91323,0.91313,1.41,1.5
17.08.2021 02:34:22.300,0.9132200000000001,0.9131200000000002,1.01,1
17.08.2021 02:34:27.593,0.9132100000000001,0.9131200000000002,1.76,1
17.08.2021 02:34:29.285,0.9132100000000001,0.9131100000000001,1.76,1
17.08.2021 02:34:32.717,0.9132100000000001,0.9131200000000002,2.51,1
17.08.2021 02:34:35.240,0.9132100000000001,0.91313,2.51,1
17.08.2021 02:34:38.764,0.9132200000000001,0.9131400000000001,1.1,1
17.08.2021 02:34:39.762,0.91323,0.9131400000000001,1.76,1
17.08.2021 02:34:39.863,0.91324,0.9131400000000001,1.1,1
17.08.2021 02:34:39.964,0.9132200000000001,0.91315,1,1
17.08.2021 02:34:40.065,0.91323,0.91315,1.1,1
17.08.2021 02:34:41.533,0.91324,0.9131600000000001,1.01,1
17.08.2021 02:34:41.635,0.9132700000000001,0.9132100000000001,1,1
17.08.2021 02:34:41.736,0.91329,0.9132100000000001,1.79,1
17.08.2021 02:34:41.888,0.91329,0.9132200000000001,1.76,1
17.08.2021 02:34:44.785,0.9133,0.9132200000000001,1.01,1
17.08.2021 02:34:56.764,0.9133,0.9132200000000001,2.01,1
17.08.2021 02:34:57.195,0.91325,0.9131600000000001,2.25,1.87
17.08.2021 02:34:57.246,0.9132600000000001,0.9131900000000001,1,1
17.08.2021 02:34:57.348,0.91325,0.9131400000000001,1.25,1
17.08.2021 02:35:01.186,0.91325,0.91313,2.2,1
17.08.2021 02:35:04.322,0.9132600000000001,0.9132,1,1
17.08.2021 02:35:04.423,0.91329,0.9132100000000001,2.07,1
17.08.2021 02:35:06.354,0.91329,0.9131900000000001,3.85,1
17.08.2021 02:35:06.455,0.9132700000000001,0.91318,2.2,1
17.08.2021 02:35:06.865,0.91325,0.9131600000000001,2.87,1
17.08.2021 02:35:06.966,0.91325,0.91315,2.12,1
17.08.2021 02:35:08.546,0.91324,0.91315,1.37,1
17.08.2021 02:35:09.875,0.91323,0.91315,1.37,1
17.08.2021 02:35:09.977,0.9132200000000001,0.9131400000000001,1.37,1
17.08.2021 02:35:18.739,0.9131900000000001,0.9131200000000002,1.25,1
17.08.2021 02:35:18.840,0.9131900000000001,0.9131,1.39,1
17.08.2021 02:35:18.941,0.9131900000000001,0.9131100000000001,1.01,1
17.08.2021 02:35:20.719,0.91318,0.9131100000000001,1.25,1
17.08.2021 02:35:20.924,0.9132,0.9131100000000001,1.47,1
17.08.2021 02:35:21.025,0.9131900000000001,0.91313,1.25,1
17.08.2021 02:35:21.126,0.9132200000000001,0.9131200000000002,1.37,1
17.08.2021 02:35:23.951,0.9132200000000001,0.91313,2.26,1
17.08.2021 02:35:24.103,0.9132100000000001,0.91313,1.37,1
17.08.2021 02:35:26.583,0.9132200000000001,0.91313,2.32,1
17.08.2021 02:35:30.393,0.91323,0.91313,4.97,1
17.08.2021 02:35:31.213,0.9132200000000001,0.91313,1.45,1
17.08.2021 02:35:36.873,0.9132100000000001,0.91313,1.25,1
17.08.2021 02:35:37.075,0.91323,0.9131200000000002,2.2,1
17.08.2021 02:35:38.055,0.91324,0.9131200000000002,3.62,1
17.08.2021 02:35:42.920,0.9132200000000001,0.91313,1.45,1
17.08.2021 02:35:43.908,0.9132,0.9131200000000002,1.45,1
17.08.2021 02:35:44.060,0.9132,0.9131100000000001,2.39,1
17.08.2021 02:35:44.161,0.9131900000000001,0.9131,1.35,1
17.08.2021 02:35:44.906,0.91318,0.9131,1.35,1
17.08.2021 02:35:56.907,0.91318,0.91309,2.22,1
17.08.2021 02:35:57.009,0.91318,0.91309,2.22,1
17.08.2021 02:35:57.161,0.9131600000000001,0.9130600000000001,1.41,1.5
17.08.2021 02:35:57.262,0.9131600000000001,0.9130600000000001,1.41,1
17.08.2021 02:35:57.363,0.9131400000000001,0.91305,1.01,1.5
17.08.2021 02:35:57.768,0.9131400000000001,0.91305,1.82,1
17.08.2021 02:36:00.730,0.91313,0.91304,1.35,1
17.08.2021 02:36:20.366,0.9131400000000001,0.91305,2.16,1
17.08.2021 02:36:20.518,0.91315,0.9130600000000001,1.41,1
17.08.2021 02:36:21.245,0.9131700000000001,0.9130600000000001,2.22,1
17.08.2021 02:36:21.346,0.9131700000000001,0.91309,2.22,1
17.08.2021 02:36:21.448,0.91318,0.91309,2.22,1
17.08.2021 02:36:26.962,0.9131400000000001,0.9130700000000002,1.35,1
17.08.2021 02:36:27.063,0.9131400000000001,0.9130600000000001,1.35,1
17.08.2021 02:36:27.165,0.91315,0.9130600000000001,1.39,1
17.08.2021 02:36:29.332,0.91315,0.9130600000000001,2.2,1
17.08.2021 02:36:37.110,0.9131600000000001,0.9130600000000001,3.85,1
17.08.2021 02:36:37.211,0.9131600000000001,0.91304,2.32,1
17.08.2021 02:36:37.313,0.91315,0.9130600000000001,1.85,1
17.08.2021 02:36:39.743,0.91315,0.91305,1.85,1
17.08.2021 02:36:39.844,0.91315,0.9130600000000001,1.85,1
17.08.2021 02:36:41.282,0.91313,0.91305,1.25,1
17.08.2021 02:36:45.754,0.9131200000000002,0.91304,1.25,1
17.08.2021 02:36:45.855,0.91313,0.91304,2.57,1
17.08.2021 02:36:48.327,0.9131400000000001,0.91304,2.2,1
17.08.2021 02:36:48.890,0.91313,0.91304,1.45,1
17.08.2021 02:36:51.840,0.91313,0.91304,1.25,1
17.08.2021 02:36:54.092,0.9131400000000001,0.91304,2.14,1
17.08.2021 02:36:56.413,0.91313,0.91304,1.31,1
17.08.2021 02:36:59.225,0.9131200000000002,0.91304,1.25,1
17.08.2021 02:36:59.648,0.9131,0.9130100000000001,1.01,1
17.08.2021 02:37:06.166,0.91313,0.91303,3.2,1
17.08.2021 02:37:06.519,0.9131200000000002,0.91303,1.35,1
17.08.2021 02:37:06.722,0.9131200000000002,0.91304,1.35,1
17.08.2021 02:37:08.188,0.9131200000000002,0.91303,1.35,1
17.08.2021 02:37:08.313,0.9131200000000002,0.91304,1.25,1
17.08.2021 02:37:11.162,0.91313,0.91304,1.76,1
17.08.2021 02:37:14.392,0.91313,0.91305,1.76,1
17.08.2021 02:37:16.462,0.9131200000000002,0.91304,1.01,1
17.08.2021 02:37:19.149,0.9131100000000001,0.91304,1,1
17.08.2021 02:37:23.655,0.9131200000000002,0.91304,2.51,1
17.08.2021 02:37:29.205,0.91313,0.91304,4.01,1
17.08.2021 02:37:29.306,0.91313,0.91305,1.76,1
17.08.2021 02:37:42.781,0.91315,0.91304,1.2,1
17.08.2021 02:37:42.882,0.91315,0.9130600000000001,1.31,1
17.08.2021 02:37:46.863,0.9131400000000001,0.91305,1.39,1
17.08.2021 02:37:47.488,0.9131400000000001,0.91305,2.2,1
17.08.2021 02:37:50.234,0.91315,0.9130600000000001,3.1,1
17.08.2021 02:37:50.335,0.9131400000000001,0.91305,1.39,1
17.08.2021 02:37:53.788,0.9131400000000001,0.91305,1.45,1
17.08.2021 02:37:53.889,0.91313,0.91305,1.35,1
17.08.2021 02:37:54.454,0.91313,0.91304,2.57,1
17.08.2021 02:37:55.636,0.91313,0.91303,2.6,1
17.08.2021 02:38:07.795,0.9131100000000001,0.913,1.76,1
17.08.2021 02:38:07.896,0.9131,0.91303,1.25,1
17.08.2021 02:38:07.997,0.9131,0.9130200000000002,1.01,1
17.08.2021 02:38:13.391,0.91308,0.91298,1.95,1.12
17.08.2021 02:38:13.712,0.91308,0.91298,3.01,1
17.08.2021 02:38:14.391,0.91308,0.913,1.39,1
17.08.2021 02:38:14.643,0.91309,0.9130100000000001,1.25,1
17.08.2021 02:38:14.744,0.9131,0.9130100000000001,1.1,1
17.08.2021 02:38:14.846,0.9131200000000002,0.9130200000000002,1.41,1
17.08.2021 02:38:19.079,0.9131,0.9130200000000002,1.01,1
17.08.2021 02:38:24.307,0.9131100000000001,0.9130200000000002,2.14,1
17.08.2021 02:38:26.491,0.9131100000000001,0.9130200000000002,2.97,1
17.08.2021 02:38:35.588,0.9131100000000001,0.913,1.01,1
17.08.2021 02:38:38.725,0.9131100000000001,0.9130200000000002,4.1,1
17.08.2021 02:38:41.728,0.9131,0.9130100000000001,1.01,1
17.08.2021 02:38:43.094,0.91308,0.91299,1.12,1
17.08.2021 02:38:43.718,0.91308,0.91299,2.91,1
17.08.2021 02:38:44.898,0.9130600000000001,0.9129700000000002,1.82,1
17.08.2021 02:38:45.000,0.91305,0.9129600000000001,1.01,1
17.08.2021 02:38:50.464,0.9130600000000001,0.91294,1.01,1
17.08.2021 02:38:50.666,0.91305,0.91295,1.85,1
17.08.2021 02:38:50.767,0.91303,0.91293,2.14,1
17.08.2021 02:38:58.065,0.9130200000000002,0.91293,1.31,1
17.08.2021 02:39:07.329,0.9130200000000002,0.91294,1.31,1
17.08.2021 02:39:22.636,0.9130200000000002,0.91293,2.16,1
17.08.2021 02:39:30.773,0.9130100000000001,0.9129200000000001,1.79,1
17.08.2021 02:39:34.306,0.9130200000000002,0.91293,2.91,1
17.08.2021 02:39:42.041,0.9130200000000002,0.91293,2.91,1
17.08.2021 02:39:42.548,0.91299,0.9129,1.1,1
17.08.2021 02:39:42.649,0.91299,0.9129,2.16,1
17.08.2021 02:39:48.317,0.91298,0.91289,2.97,1
17.08.2021 02:39:48.469,0.9129700000000002,0.91289,2.16,1
17.08.2021 02:39:48.571,0.9129700000000002,0.91288,2.91,1
17.08.2021 02:39:50.842,0.9129700000000002,0.91288,1.5,1
17.08.2021 02:39:50.943,0.9129700000000002,0.91289,1,1
17.08.2021 02:40:00.942,0.91298,0.91289,1.39,1
17.08.2021 02:40:03.766,0.91298,0.91289,1.45,1
17.08.2021 02:40:04.423,0.91299,0.91289,4.04,1
17.08.2021 02:40:04.758,0.91299,0.9129,3.66,1
17.08.2021 02:40:05.337,0.91299,0.9129,2.89,1
17.08.2021 02:40:14.106,0.913,0.9129100000000001,6.22,1
17.08.2021 02:40:14.207,0.913,0.9129200000000001,1.01,1
17.08.2021 02:40:14.309,0.9130100000000001,0.91293,1.41,1
17.08.2021 02:40:14.626,0.9130100000000001,0.91293,1.39,1
17.08.2021 02:40:25.356,0.91303,0.91293,1.1,1.5
17.08.2021 02:40:25.408,0.91305,0.9129700000000002,1.5,1
17.08.2021 02:40:41.497,0.9130600000000001,0.9129700000000002,1,1
17.08.2021 02:40:41.598,0.9130600000000001,0.91298,1.1,1
17.08.2021 02:40:55.303,0.9130600000000001,0.91298,1.79,1
17.08.2021 02:41:13.436,0.91305,0.9129700000000002,1.79,1
17.08.2021 02:41:31.865,0.91305,0.9129700000000002,1.69,1
17.08.2021 02:41:36.737,0.9130600000000001,0.9129700000000002,1.39,1
17.08.2021 02:41:43.605,0.9130700000000002,0.9129700000000002,2.89,1
17.08.2021 02:41:44.713,0.9130600000000001,0.9129700000000002,1.25,1
17.08.2021 02:41:46.086,0.9130700000000002,0.9129700000000002,2.89,1
17.08.2021 02:41:46.188,0.9130600000000001,0.9129700000000002,1.25,1
17.08.2021 02:41:49.062,0.9130700000000002,0.9129700000000002,2.89,1
17.08.2021 02:41:51.026,0.9130600000000001,0.9129700000000002,1.25,1
17.08.2021 02:41:56.600,0.9130700000000002,0.9129600000000001,1.35,1
17.08.2021 02:41:59.838,0.9130700000000002,0.9129600000000001,1,1
17.08.2021 02:42:32.303,0.9130600000000001,0.913,1,1
17.08.2021 02:42:32.876,0.9131,0.9130200000000002,3.45,1
17.08.2021 02:42:32.978,0.91313,0.91304,1.2,1
17.08.2021 02:42:33.079,0.91313,0.91305,1.2,1
17.08.2021 02:42:33.181,0.91313,0.91305,1.82,1
17.08.2021 02:42:35.345,0.91313,0.91305,1.12,1
17.08.2021 02:42:35.755,0.9131400000000001,0.91305,1.12,1
17.08.2021 02:42:36.153,0.9131700000000001,0.9130700000000002,3.01,1
17.08.2021 02:42:38.605,0.9131600000000001,0.9130700000000002,1.22,1
17.08.2021 02:42:41.814,0.9131600000000001,0.9130600000000001,3.66,1
17.08.2021 02:43:06.096,0.91315,0.91305,1.76,1
17.08.2021 02:43:06.248,0.9131400000000001,0.91305,2.14,1
17.08.2021 02:43:06.349,0.9131400000000001,0.91305,2.12,1
17.08.2021 02:43:11.263,0.9131400000000001,0.91305,1.31,1
17.08.2021 02:43:19.466,0.91315,0.91305,1.25,1
17.08.2021 02:43:55.109,0.9131400000000001,0.91305,1.31,1
17.08.2021 02:43:55.367,0.91315,0.91304,2.31,1
17.08.2021 02:43:55.518,0.91313,0.91305,2.12,1
17.08.2021 02:44:00.274,0.91313,0.91305,1.12,1
17.08.2021 02:44:05.292,0.9131400000000001,0.91305,2.81,1
17.08.2021 02:44:11.017,0.9131400000000001,0.91305,3.06,1
17.08.2021 02:44:11.119,0.91313,0.91304,2.89,1
17.08.2021 02:44:11.868,0.91313,0.91305,1.12,1
17.08.2021 02:44:12.482,0.9131400000000001,0.91305,1.31,1
17.08.2021 02:44:35.293,0.91315,0.91304,2.22,1
17.08.2021 02:44:35.394,0.91313,0.91305,1.82,1
17.08.2021 02:44:39.361,0.9131400000000001,0.91304,1,1
17.08.2021 02:44:52.356,0.9131400000000001,0.91305,1,1
17.08.2021 02:44:59.646,0.91315,0.91305,1.87,1.5
17.08.2021 02:45:00.535,0.91315,0.9130600000000001,1.87,1
17.08.2021 02:45:00.740,0.9131600000000001,0.9131100000000001,1,1
17.08.2021 02:45:00.791,0.9131900000000001,0.9131100000000001,1.5,1
17.08.2021 02:45:00.892,0.91318,0.9131100000000001,1,1.95
17.08.2021 02:45:00.993,0.9132100000000001,0.91313,1.25,1
17.08.2021 02:45:01.603,0.9132100000000001,0.91313,1.75,1
17.08.2021 02:45:01.705,0.9132100000000001,0.9131200000000002,1.69,1
17.08.2021 02:45:01.857,0.9132100000000001,0.9131200000000002,2.5,1
17.08.2021 02:45:02.579,0.9132100000000001,0.9131200000000002,1.31,1
17.08.2021 02:45:06.194,0.91323,0.9131400000000001,2.51,1
17.08.2021 02:45:06.620,0.91323,0.9131200000000002,1.25,1
17.08.2021 02:45:06.772,0.9132200000000001,0.91313,1.75,1
17.08.2021 02:45:07.074,0.9132200000000001,0.91313,1.25,1
17.08.2021 02:45:09.704,0.91323,0.91313,2.06,1
17.08.2021 02:45:09.805,0.91324,0.91313,1.25,1
17.08.2021 02:45:16.491,0.91323,0.91315,1.25,1
17.08.2021 02:45:17.588,0.91323,0.9131400000000001,1.69,1
17.08.2021 02:45:17.689,0.9132200000000001,0.91313,1.25,1
17.08.2021 02:45:18.148,0.9132100000000001,0.91313,1.25,1
17.08.2021 02:46:01.336,0.9132100000000001,0.9131200000000002,1.25,1
17.08.2021 02:46:17.130,0.9131900000000001,0.91309,2.44,1.5
17.08.2021 02:46:17.231,0.91318,0.91309,1.12,1
17.08.2021 02:46:17.332,0.91318,0.91308,1.87,1
17.08.2021 02:46:21.086,0.9131700000000001,0.9130700000000002,1.31,1.5
17.08.2021 02:46:21.137,0.91318,0.91309,1.25,1
17.08.2021 02:46:21.293,0.91318,0.91308,1.69,1.12
17.08.2021 02:46:25.295,0.9131700000000001,0.91308,1,1
17.08.2021 02:46:25.910,0.9132,0.9131,1.2,1.5
17.08.2021 02:46:26.011,0.9132100000000001,0.9131100000000001,2.7,1
17.08.2021 02:47:07.355,0.9132200000000001,0.9131,1.6,1
17.08.2021 02:47:07.456,0.9131900000000001,0.9131100000000001,1,1
17.08.2021 02:47:13.306,0.9131900000000001,0.9131,1.01,1
17.08.2021 02:47:15.019,0.91318,0.9131,1.01,1
17.08.2021 02:47:15.071,0.9131600000000001,0.9130600000000001,1.1,2
17.08.2021 02:47:15.122,0.9131600000000001,0.9130600000000001,1.2,1.5
17.08.2021 02:47:15.223,0.91315,0.91305,2.89,1.5
17.08.2021 02:47:15.375,0.9131400000000001,0.91304,1.69,2.25
17.08.2021 02:47:19.802,0.9131200000000002,0.91304,1,1
17.08.2021 02:47:19.903,0.9131400000000001,0.9130200000000002,2.54,1.5
17.08.2021 02:47:24.440,0.91313,0.91303,1.5,1.5
17.08.2021 02:47:28.408,0.91313,0.91303,2.91,1.5
17.08.2021 02:47:32.580,0.9131200000000002,0.9130200000000002,2.54,1
17.08.2021 02:47:32.732,0.9131,0.9130100000000001,1.1,1
17.08.2021 02:47:34.233,0.9131100000000001,0.9130100000000001,1,1
17.08.2021 02:47:35.060,0.91313,0.9130200000000002,2.32,1
17.08.2021 02:47:42.435,0.9131,0.9130200000000002,1.25,1
17.08.2021 02:47:42.587,0.9131,0.9130100000000001,1.01,1
17.08.2021 02:47:45.218,0.9131,0.9130100000000001,1.79,1
17.08.2021 02:47:48.526,0.9131,0.9130100000000001,1.01,1
17.08.2021 02:47:56.112,0.9131100000000001,0.91303,1.75,1
17.08.2021 02:47:56.213,0.9131100000000001,0.91303,1,1
17.08.2021 02:47:56.315,0.91313,0.91304,4.66,1
17.08.2021 02:48:11.048,0.91313,0.91304,1.69,1
17.08.2021 02:48:30.550,0.9131400000000001,0.91303,2.16,1
17.08.2021 02:48:30.701,0.9131400000000001,0.91303,1.1,1
17.08.2021 02:48:49.886,0.9131200000000002,0.91304,1.01,1
17.08.2021 02:49:00.277,0.91313,0.91304,1.5,1
17.08.2021 02:49:27.842,0.91313,0.91304,2.04,1
17.08.2021 02:49:46.334,0.9131200000000002,0.91303,1.76,1
17.08.2021 02:49:46.738,0.91313,0.91303,1.69,1.5
17.08.2021 02:50:12.475,0.91313,0.91304,1,1.12
17.08.2021 02:50:12.576,0.9131400000000001,0.91304,1.25,1.5
17.08.2021 02:50:14.282,0.91313,0.91304,1,1.87
17.08.2021 02:50:16.091,0.9131400000000001,0.91305,1,1
17.08.2021 02:50:17.133,0.9131400000000001,0.91304,1,1.87
17.08.2021 02:50:20.016,0.9131400000000001,0.91305,1,1
17.08.2021 02:50:21.168,0.91315,0.91305,2.06,1
17.08.2021 02:50:23.787,0.91315,0.91305,2.87,1
17.08.2021 02:50:29.259,0.91315,0.91305,2.14,1
17.08.2021 02:50:35.405,0.9131700000000001,0.91305,2.06,1.5
17.08.2021 02:50:35.506,0.9132,0.9131,4.45,1
17.08.2021 02:50:35.609,0.9132100000000001,0.9131200000000002,1.25,1
17.08.2021 02:50:49.613,0.9132100000000001,0.9131200000000002,2.2,1
17.08.2021 02:50:54.059,0.9131700000000001,0.91308,1.69,1
17.08.2021 02:50:54.110,0.9131700000000001,0.9130700000000002,1.69,2.25
17.08.2021 02:50:54.212,0.9131600000000001,0.9130600000000001,2.12,1.5
17.08.2021 02:50:54.514,0.91315,0.91305,1.69,1.87
17.08.2021 02:50:56.871,0.9131400000000001,0.91305,1.25,1.5
17.08.2021 02:51:22.599,0.91313,0.91304,1.25,1.5
17.08.2021 02:51:27.288,0.9131400000000001,0.91304,1.5,1.5
17.08.2021 02:51:37.283,0.9131400000000001,0.91305,1.5,1
17.08.2021 02:51:37.587,0.9131400000000001,0.91304,1.5,1.87
17.08.2021 02:51:39.594,0.9131400000000001,0.91305,1.5,1
17.08.2021 02:51:54.960,0.9131400000000001,0.91304,1.5,1.87
17.08.2021 02:52:01.178,0.9131400000000001,0.91305,1.87,1
17.08.2021 02:52:02.322,0.9131400000000001,0.91304,2.06,1
17.08.2021 02:52:14.327,0.9131400000000001,0.91305,1.87,1
17.08.2021 02:52:15.516,0.91315,0.91303,1.12,1.5
17.08.2021 02:52:40.772,0.9131400000000001,0.91305,1,1
17.08.2021 02:53:01.076,0.91315,0.91305,1.69,1
17.08.2021 02:53:01.461,0.9131900000000001,0.91309,3.64,1.5
17.08.2021 02:53:01.563,0.9132100000000001,0.9131200000000002,2.06,1
17.08.2021 02:53:06.725,0.9131600000000001,0.9130700000000002,1,1.62
17.08.2021 02:53:06.827,0.9131600000000001,0.9130700000000002,1,1
17.08.2021 02:53:06.928,0.91315,0.9130600000000001,1,2.25
17.08.2021 02:53:09.811,0.91315,0.91305,1.5,1.87
17.08.2021 02:53:13.785,0.91315,0.9130600000000001,1,1
17.08.2021 02:53:13.886,0.91315,0.91305,1.5,1.5
17.08.2021 02:53:33.806,0.9131400000000001,0.91305,1,1
17.08.2021 02:53:33.908,0.9131400000000001,0.91304,2.89,1.5
17.08.2021 02:53:46.138,0.9131400000000001,0.91305,1.12,1
17.08.2021 02:53:46.240,0.9131400000000001,0.91304,1.87,1.5
17.08.2021 02:53:51.184,0.9131400000000001,0.91305,1,1
17.08.2021 02:53:51.285,0.91315,0.9130600000000001,1,1
17.08.2021 02:53:51.386,0.91315,0.91305,1.5,1.87
17.08.2021 02:53:51.722,0.91315,0.91305,1.5,3.31
17.08.2021 02:53:51.823,0.91315,0.91305,1.5,1.5
17.08.2021 02:53:52.247,0.91315,0.9130600000000001,1,1.87
17.08.2021 02:53:52.399,0.91315,0.91305,1.5,1.87
17.08.2021 02:53:54.409,0.91318,0.91309,3.07,1
17.08.2021 02:53:54.511,0.91318,0.9131,1,1
17.08.2021 02:53:54.612,0.91318,0.91309,1,1
17.08.2021 02:53:54.713,0.9131700000000001,0.91309,1,1
17.08.2021 02:53:54.814,0.9131700000000001,0.9131,1,1
17.08.2021 02:53:56.186,0.91315,0.9130600000000001,1.5,1.12
17.08.2021 02:53:56.236,0.9131600000000001,0.91308,1,1
17.08.2021 02:53:56.337,0.9131700000000001,0.9130600000000001,1,1.12
17.08.2021 02:53:56.438,0.9131600000000001,0.91308,1,1
17.08.2021 02:54:02.591,0.91315,0.9130600000000001,1,1
17.08.2021 02:54:02.743,0.9131600000000001,0.9130700000000002,1.69,1
17.08.2021 02:54:04.340,0.91315,0.91305,1.5,1.95
17.08.2021 02:54:04.492,0.91315,0.9130600000000001,1,1.1
17.08.2021 02:54:04.643,0.91315,0.91305,1.5,1.57
17.08.2021 02:54:05.457,0.9131400000000001,0.91305,1,1
17.08.2021 02:54:12.245,0.91313,0.91305,1,1
17.08.2021 02:54:12.346,0.91313,0.91303,2.44,1.87
17.08.2021 02:54:26.965,0.91313,0.91304,1,1
17.08.2021 02:54:28.666,0.9131400000000001,0.91305,1,1.5
17.08.2021 02:54:28.818,0.91315,0.91305,1.5,1.5
17.08.2021 02:54:30.197,0.9131400000000001,0.91305,1,1.5
17.08.2021 02:54:35.758,0.91315,0.91305,1.69,1.5
17.08.2021 02:54:39.537,0.91318,0.9131,1,1
17.08.2021 02:54:39.638,0.9132,0.9131200000000002,1.12,1
17.08.2021 02:54:40.322,0.9132100000000001,0.9131200000000002,1.25,1
17.08.2021 02:56:06.377,0.9132200000000001,0.91313,1,1
17.08.2021 02:56:06.529,0.9132200000000001,0.9131200000000002,1.5,1.5
17.08.2021 02:56:13.546,0.9132200000000001,0.91313,1,1
17.08.2021 02:56:13.658,0.9132200000000001,0.9131200000000002,1.5,1.5
17.08.2021 02:56:40.877,0.91323,0.9131400000000001,1,1
17.08.2021 02:56:40.978,0.9132200000000001,0.9131200000000002,1.5,1.6
17.08.2021 02:56:42.114,0.9132100000000001,0.9131200000000002,1,1.5
17.08.2021 02:57:08.267,0.9132200000000001,0.9131400000000001,1,1
17.08.2021 02:57:08.369,0.9132100000000001,0.9131400000000001,1,1
17.08.2021 02:57:08.470,0.9132100000000001,0.9131200000000002,1,1.6
17.08.2021 02:57:08.572,0.9132100000000001,0.9131200000000002,1,1.5
17.08.2021 02:58:50.216,0.9132200000000001,0.9131200000000002,1.5,1.76
17.08.2021 02:58:50.326,0.91323,0.9131400000000001,1.5,1
17.08.2021 02:58:51.098,0.91323,0.91313,1.5,1.57
17.08.2021 02:58:55.938,0.9132200000000001,0.91313,1,1
17.08.2021 02:58:56.039,0.9132200000000001,0.9131200000000002,1.25,1.57
17.08.2021 02:58:56.191,0.9132100000000001,0.9131200000000002,1,1.57
17.08.2021 02:59:05.349,0.9132200000000001,0.91313,1.5,1
17.08.2021 02:59:05.456,0.9132200000000001,0.9131200000000002,1.5,1.57
17.08.2021 02:59:59.012,0.9132100000000001,0.9131200000000002,1,1
17.08.2021 03:00:28.766,0.9132200000000001,0.9131200000000002,1.5,1.57
17.08.2021 03:00:35.518,0.9132100000000001,0.9131100000000001,1.69,1.1
17.08.2021 03:00:41.608,0.9132100000000001,0.9131100000000001,1.5,1.1
17.08.2021 03:00:41.853,0.9132100000000001,0.9131100000000001,1.5,1.1
17.08.2021 03:00:44.791,0.9132200000000001,0.9131200000000002,1.5,1
17.08.2021 03:01:01.960,0.9132200000000001,0.91313,1.5,1
17.08.2021 03:01:21.116,0.91323,0.91313,1,1.57
17.08.2021 03:01:29.208,0.9132200000000001,0.91313,1,1.57
17.08.2021 03:01:41.714,0.91323,0.91313,1,1.57
17.08.2021 03:01:42.970,0.91324,0.9131400000000001,1.5,1
17.08.2021 03:01:43.899,0.9132200000000001,0.91313,1,1
17.08.2021 03:02:00.968,0.91323,0.91313,1,1.1
17.08.2021 03:02:03.440,0.9132200000000001,0.9131200000000002,1,1.76
17.08.2021 03:02:03.766,0.91323,0.91313,1,1.1
17.08.2021 03:02:19.042,0.91324,0.9131400000000001,1,1
17.08.2021 03:02:19.144,0.9132700000000001,0.9131700000000001,1,1.57
17.08.2021 03:02:19.245,0.91329,0.9132,1,1
17.08.2021 03:02:33.620,0.9133,0.9132,1,1
17.08.2021 03:02:46.155,0.91329,0.9132,1.01,1
17.08.2021 03:02:46.257,0.9133100000000001,0.9131900000000001,1.76,1
17.08.2021 03:02:53.051,0.9133,0.9132,1.6,1
17.08.2021 03:02:53.153,0.9133,0.9132,1.5,1
17.08.2021 03:03:11.814,0.91329,0.9132,1,1
17.08.2021 03:03:17.776,0.91324,0.9131600000000001,1,1
17.08.2021 03:03:17.877,0.91324,0.91315,1,1
17.08.2021 03:03:17.978,0.91323,0.9131400000000001,1,1.5
17.08.2021 03:03:18.593,0.91323,0.91313,2.44,1
17.08.2021 03:03:18.694,0.9132100000000001,0.9131200000000002,1.25,1
17.08.2021 03:03:18.795,0.9132200000000001,0.9131200000000002,2.81,1
17.08.2021 03:03:29.900,0.9132100000000001,0.9131200000000002,1,1
17.08.2021 03:03:39.658,0.9132100000000001,0.91313,1,1
17.08.2021 03:03:43.459,0.9132200000000001,0.91313,2.25,1
17.08.2021 03:03:49.306,0.9132200000000001,0.9131200000000002,2.44,1
17.08.2021 03:03:51.688,0.9132200000000001,0.91313,2.25,1
17.08.2021 03:04:07.504,0.9132200000000001,0.9131200000000002,3.19,1
17.08.2021 03:04:12.808,0.9132,0.9131200000000002,1,1
17.08.2021 03:04:49.958,0.9132,0.9131100000000001,1.76,1
17.08.2021 03:04:53.589,0.9132,0.9131200000000002,1.1,1
17.08.2021 03:05:05.481,0.9132,0.9131,2.54,1
17.08.2021 03:05:10.797,0.9132,0.9131,1.57,1
17.08.2021 03:05:12.666,0.9132100000000001,0.9131100000000001,1.57,1
17.08.2021 03:05:23.977,0.9132100000000001,0.9131100000000001,1.6,1
17.08.2021 03:05:33.201,0.9132,0.9131,2.51,1.5
17.08.2021 03:05:35.279,0.9132100000000001,0.9131100000000001,1.57,1
17.08.2021 03:05:41.433,0.9132100000000001,0.9131200000000002,1.1,1
17.08.2021 03:05:42.273,0.9132200000000001,0.9131200000000002,1.5,1.5
17.08.2021 03:05:45.081,0.9132100000000001,0.9131200000000002,1,1.5
17.08.2021 03:06:03.045,0.9132100000000001,0.9131100000000001,1.1,1.5
17.08.2021 03:06:15.296,0.9132100000000001,0.9131100000000001,1.1,1.5
17.08.2021 03:06:15.594,0.9132100000000001,0.9131100000000001,1,1.5
17.08.2021 03:06:19.812,0.9132200000000001,0.9131,2.54,1
17.08.2021 03:06:44.788,0.9132100000000001,0.9131100000000001,2.25,1
17.08.2021 03:07:08.751,0.91315,0.9130700000000002,1,1.5
17.08.2021 03:07:08.802,0.91315,0.91303,1,1.57
17.08.2021 03:07:12.251,0.91313,0.91303,1.5,1
17.08.2021 03:07:12.503,0.91313,0.91303,3.7,1
17.08.2021 03:07:16.307,0.9131200000000002,0.9130200000000002,1.5,1
17.08.2021 03:08:16.741,0.9131100000000001,0.9130100000000001,2.51,1
17.08.2021 03:08:16.842,0.9131100000000001,0.9130200000000002,1.25,1
17.08.2021 03:08:20.998,0.9131200000000002,0.9130200000000002,1.25,1
17.08.2021 03:08:26.933,0.9131200000000002,0.91303,1,1
17.08.2021 03:08:27.136,0.91313,0.91303,1,1.5
17.08.2021 03:08:28.719,0.91313,0.9130200000000002,1,1.5
17.08.2021 03:08:43.308,0.91313,0.91303,1,1.5
17.08.2021 03:08:54.461,0.9131400000000001,0.91303,1,1
17.08.2021 03:08:58.130,0.91313,0.91303,1,1.57
17.08.2021 03:09:01.036,0.9131700000000001,0.91309,1,1
17.08.2021 03:09:01.137,0.91318,0.9131,1,1
17.08.2021 03:09:01.238,0.9131900000000001,0.9131,2.06,1
17.08.2021 03:09:01.340,0.91318,0.91309,1,1
17.08.2021 03:09:01.494,0.9131900000000001,0.91309,2.06,1
17.08.2021 03:09:03.876,0.9131900000000001,0.91309,2.87,1
17.08.2021 03:09:10.410,0.9131700000000001,0.9130700000000002,2.81,1
17.08.2021 03:09:10.619,0.91315,0.9130600000000001,1,1
17.08.2021 03:09:12.237,0.9131600000000001,0.9130600000000001,2.06,1.5
17.08.2021 03:09:16.416,0.9131600000000001,0.9130700000000002,1.5,1
17.08.2021 03:09:18.163,0.9132,0.91308,1,1.57
17.08.2021 03:09:18.265,0.9132100000000001,0.9131100000000001,2,1
17.08.2021 03:09:18.367,0.9132100000000001,0.9131100000000001,1.5,1
17.08.2021 03:09:21.196,0.9132200000000001,0.9131200000000002,1,1
17.08.2021 03:09:32.827,0.9132100000000001,0.9131100000000001,1,1.76
17.08.2021 03:09:34.109,0.9132100000000001,0.9131200000000002,1,1
17.08.2021 03:09:36.205,0.9132200000000001,0.91313,1,1
17.08.2021 03:09:39.099,0.91323,0.9131400000000001,1.5,1
17.08.2021 03:09:39.919,0.91324,0.9131400000000001,1.5,1.1
17.08.2021 03:09:58.902,0.91324,0.91315,1,1
17.08.2021 03:09:59.958,0.91325,0.9131600000000001,1,1
17.08.2021 03:10:00.067,0.9132600000000001,0.9131600000000001,1,1.57
17.08.2021 03:10:00.168,0.9132600000000001,0.9131700000000001,1,1
17.08.2021 03:10:00.269,0.91329,0.9132,1.5,1
17.08.2021 03:10:00.370,0.9133100000000001,0.9132,1.25,1
17.08.2021 03:10:04.983,0.9133,0.9132,1.25,1
17.08.2021 03:10:06.532,0.9133,0.9132,2.69,1
17.08.2021 03:10:07.949,0.9133,0.9132,1.31,1
17.08.2021 03:10:12.256,0.9133,0.9132100000000001,1.25,1
17.08.2021 03:11:06.451,0.9133,0.9132100000000001,2.2,1
17.08.2021 03:11:07.332,0.9133100000000001,0.9132,1.01,1
17.08.2021 03:11:14.637,0.9133100000000001,0.9132,2.2,1
17.08.2021 03:11:14.952,0.9133,0.9132100000000001,1.39,1
17.08.2021 03:11:32.600,0.9133200000000001,0.9132,1.5,1
17.08.2021 03:11:44.698,0.9133200000000001,0.9132,2.95,1
17.08.2021 03:11:44.850,0.9133100000000001,0.9132100000000001,2.14,1
17.08.2021 03:11:58.529,0.9133200000000001,0.9132200000000001,1.95,1
17.08.2021 03:12:01.362,0.91333,0.91323,1.76,1
17.08.2021 03:12:01.754,0.91335,0.9132700000000001,2.25,1
17.08.2021 03:12:01.855,0.91338,0.91328,3.64,1
17.08.2021 03:12:01.956,0.91339,0.91328,1.25,1
17.08.2021 03:12:02.108,0.91339,0.91329,2.06,1
17.08.2021 03:12:02.573,0.91339,0.9133,1.5,1
17.08.2021 03:12:02.725,0.9134,0.9133,2.89,1
17.08.2021 03:12:02.826,0.9134,0.9133200000000001,1,1
17.08.2021 03:12:02.927,0.91341,0.9133200000000001,1.87,1
17.08.2021 03:12:03.079,0.9134,0.9133200000000001,1,1
17.08.2021 03:12:20.302,0.91341,0.9133200000000001,1.5,1
17.08.2021 03:12:20.554,0.91341,0.9133100000000001,2.7,2.25
17.08.2021 03:12:21.138,0.91341,0.9133,1,1.5
17.08.2021 03:12:33.584,0.9134,0.9133,1.69,2.25
17.08.2021 03:12:33.736,0.91338,0.9133,1,1
17.08.2021 03:12:37.306,0.91338,0.91329,1,1
17.08.2021 03:12:48.936,0.9133700000000001,0.91329,1,1
17.08.2021 03:12:59.393,0.91338,0.91329,1.25,1
17.08.2021 03:13:17.305,0.91338,0.91329,2.57,1
17.08.2021 03:13:21.532,0.91338,0.91329,1.01,1
17.08.2021 03:13:29.518,0.91338,0.91329,2.57,1
17.08.2021 03:13:32.240,0.9133700000000001,0.91328,1.25,1
17.08.2021 03:13:32.961,0.91338,0.91329,1.69,1
17.08.2021 03:13:33.062,0.91338,0.91329,2.5,1
17.08.2021 03:13:33.824,0.91338,0.91328,2.57,1
17.08.2021 03:13:34.228,0.91338,0.91329,2.5,1
17.08.2021 03:13:37.642,0.9133600000000001,0.9132700000000001,1,1.1
17.08.2021 03:13:53.243,0.9133600000000001,0.9132600000000001,1,1.5
17.08.2021 03:13:53.294,0.9133100000000001,0.91323,1,1.5
17.08.2021 03:13:53.396,0.9133100000000001,0.9132,1,1.5
17.08.2021 03:13:56.918,0.91329,0.9132,1,1.1
17.08.2021 03:14:09.373,0.9133,0.9132,1,1
17.08.2021 03:14:30.175,0.91329,0.9132,1,1.76
17.08.2021 03:14:50.575,0.91328,0.9131900000000001,1,1.79
17.08.2021 03:14:53.913,0.91328,0.9131900000000001,1,1.76
17.08.2021 03:14:55.403,0.9132700000000001,0.9131900000000001,1,1.57
17.08.2021 03:14:59.217,0.9132600000000001,0.9131900000000001,1,1
17.08.2021 03:14:59.318,0.9132600000000001,0.91318,1,1.57
17.08.2021 03:14:59.370,0.9132600000000001,0.9132,1,1
17.08.2021 03:15:00.003,0.9132700000000001,0.9132,1,1
17.08.2021 03:15:00.108,0.9132600000000001,0.9131900000000001,1,1
17.08.2021 03:15:00.803,0.91325,0.9131900000000001,1,1.1
17.08.2021 03:15:01.037,0.91325,0.9132,1,1
17.08.2021 03:15:09.772,0.91325,0.9131900000000001,1,1
17.08.2021 03:15:13.758,0.9132600000000001,0.9132,1,1
17.08.2021 03:15:35.985,0.9132700000000001,0.9132,1,1
17.08.2021 03:15:40.292,0.91328,0.9132,1,1
17.08.2021 03:15:53.166,0.91328,0.9132100000000001,1,1
17.08.2021 03:15:58.418,0.91329,0.9132100000000001,1.5,1
17.08.2021 03:16:26.166,0.9133,0.9132200000000001,1.5,1
17.08.2021 03:16:31.315,0.91329,0.9132200000000001,1,1
17.08.2021 03:16:37.148,0.91329,0.9132100000000001,1,1.57
17.08.2021 03:16:43.373,0.91329,0.9131900000000001,1.5,2.32
17.08.2021 03:16:44.876,0.91329,0.9131900000000001,1.5,2.35
17.08.2021 03:16:50.208,0.91329,0.9131900000000001,1.5,1.57
17.08.2021 03:17:06.606,0.91329,0.9132,1,1
17.08.2021 03:17:39.967,0.91329,0.9131900000000001,1.57,2.25
