Gmt time,Ask,Bid,AskVolume,BidVolume
20.08.2021 00:00:01.867,1.28323,1.2831000000000001,1.41,1
20.08.2021 00:00:02.221,1.28318,1.28305,1,2.85
20.08.2021 00:00:02.322,1.28319,1.28306,1.1,1
20.08.2021 00:00:02.636,1.28318,1.28304,1.1,1
20.08.2021 00:00:02.737,1.28318,1.28304,1.1,1
20.08.2021 00:00:02.889,1.2831700000000001,1.28303,1.1,1
20.08.2021 00:00:02.990,1.2831700000000001,1.28303,1.1,1
20.08.2021 00:00:03.459,1.28315,1.28302,1.85,1
20.08.2021 00:00:03.560,1.28314,1.2830100000000002,2.16,1
20.08.2021 00:00:03.964,1.2831000000000001,1.2830100000000002,1.69,1
20.08.2021 00:00:04.014,1.28308,1.28296,1.82,1.57
20.08.2021 00:00:04.116,1.28306,1.28295,1.35,1
20.08.2021 00:00:08.687,1.28306,1.28294,1.35,1
20.08.2021 00:00:08.788,1.28306,1.28293,1.35,1.5
20.08.2021 00:00:12.213,1.28303,1.28292,1.35,1.5
20.08.2021 00:00:12.315,1.28299,1.2829000000000002,1.25,1.2
20.08.2021 00:00:12.365,1.2830000000000001,1.2828700000000002,1.25,1.87
20.08.2021 00:00:13.246,1.2830000000000001,1.2828700000000002,1.79,1
20.08.2021 00:00:14.750,1.28302,1.28289,1.2,1.5
20.08.2021 00:00:15.965,1.28303,1.2829000000000002,1.1,1
20.08.2021 00:00:16.509,1.28302,1.28289,1,1.5
20.08.2021 00:00:17.839,1.2830000000000001,1.28289,1.35,1.5
20.08.2021 00:00:17.890,1.2830000000000001,1.2828600000000001,1.76,3.07
20.08.2021 00:00:17.992,1.2830000000000001,1.2828600000000001,1.79,2.7
20.08.2021 00:00:33.610,1.28298,1.28285,1.76,1
20.08.2021 00:00:35.066,1.2829700000000002,1.28285,2.51,1.5
20.08.2021 00:00:35.907,1.28298,1.28285,1.76,1
20.08.2021 00:00:37.874,1.2829700000000002,1.28285,1.39,1.5
20.08.2021 00:00:38.639,1.28298,1.28285,1.39,1
20.08.2021 00:00:54.056,1.28299,1.2828600000000001,1.87,1
20.08.2021 00:00:54.750,1.28299,1.2828600000000001,1.69,1
20.08.2021 00:00:57.888,1.28299,1.2828700000000002,1.31,1
20.08.2021 00:00:58.192,1.2830000000000001,1.28288,1.25,1
20.08.2021 00:00:58.344,1.28302,1.28291,1.01,1
20.08.2021 00:00:58.395,1.28302,1.28289,1.47,1
20.08.2021 00:00:58.497,1.2830100000000002,1.28289,2.72,1
20.08.2021 00:01:00.345,1.2830100000000002,1.2828700000000002,3.04,1.5
20.08.2021 00:01:00.901,1.28298,1.28285,2.2,1
20.08.2021 00:01:01.415,1.28295,1.2828600000000001,1,1
20.08.2021 00:01:02.307,1.28292,1.28281,1,1.5
20.08.2021 00:01:02.784,1.28291,1.2828000000000002,1,1
20.08.2021 00:01:02.885,1.2829000000000002,1.2828000000000002,1,1
20.08.2021 00:01:03.139,1.2829000000000002,1.28279,1,1
20.08.2021 00:01:03.291,1.28289,1.28279,1.25,1
20.08.2021 00:01:03.392,1.2829000000000002,1.2827700000000002,1.25,1.5
20.08.2021 00:01:04.936,1.2829000000000002,1.28278,1.39,1
20.08.2021 00:01:05.037,1.28288,1.28279,1,1
20.08.2021 00:01:05.138,1.28289,1.2827700000000002,1,1
20.08.2021 00:01:07.931,1.2829000000000002,1.28278,1.39,1
20.08.2021 00:01:09.346,1.2829000000000002,1.2827700000000002,1.01,1.5
20.08.2021 00:01:15.026,1.2829000000000002,1.2827700000000002,1.35,1.5
20.08.2021 00:01:16.927,1.2829000000000002,1.28278,1.01,1
20.08.2021 00:01:33.184,1.28291,1.28278,2.14,1.5
20.08.2021 00:01:40.896,1.2829000000000002,1.2828000000000002,1.25,1
20.08.2021 00:01:43.636,1.28295,1.28283,1.1,1
20.08.2021 00:01:43.738,1.28298,1.28285,2.7,1.5
20.08.2021 00:01:43.839,1.2829700000000002,1.2828600000000001,1.37,1.5
20.08.2021 00:01:44.343,1.28298,1.2828600000000001,1.37,1
20.08.2021 00:01:55.811,1.28295,1.2828600000000001,1,1
20.08.2021 00:01:55.912,1.28296,1.2828600000000001,1.31,1
20.08.2021 00:01:59.216,1.28293,1.28284,1,1.5
20.08.2021 00:01:59.267,1.28292,1.2828000000000002,1.25,3.07
20.08.2021 00:01:59.317,1.28289,1.28279,1,1.12
20.08.2021 00:01:59.937,1.28288,1.28278,1,1
20.08.2021 00:02:05.586,1.2829000000000002,1.28278,1.35,1
20.08.2021 00:02:05.989,1.2829000000000002,1.2827700000000002,1.35,1.5
20.08.2021 00:02:06.508,1.2829000000000002,1.28278,1.35,1
20.08.2021 00:02:06.724,1.28291,1.28278,2.97,1
20.08.2021 00:02:12.417,1.2829000000000002,1.2828000000000002,1.35,1
20.08.2021 00:02:12.468,1.28294,1.28282,1.1,1
20.08.2021 00:02:12.671,1.28293,1.28282,1.85,1.5
20.08.2021 00:02:16.535,1.28293,1.28279,3.47,1.5
20.08.2021 00:02:21.226,1.28292,1.28281,1.97,1
20.08.2021 00:02:26.353,1.28292,1.2828000000000002,1.41,1
20.08.2021 00:02:30.045,1.28291,1.2828000000000002,2.26,1
20.08.2021 00:02:30.790,1.28291,1.28278,1.39,1
20.08.2021 00:02:31.060,1.28291,1.28278,2.2,1
20.08.2021 00:02:33.898,1.28291,1.2827700000000002,3.72,1.5
20.08.2021 00:02:34.120,1.28291,1.2827700000000002,2.14,1.5
20.08.2021 00:02:39.414,1.2829000000000002,1.28279,1.39,1
20.08.2021 00:02:41.216,1.28291,1.2827700000000002,2.14,1.5
20.08.2021 00:02:41.317,1.2829000000000002,1.2827700000000002,2.2,1.5
20.08.2021 00:02:41.418,1.28285,1.28273,1.31,2.32
20.08.2021 00:02:41.520,1.28284,1.28273,1.25,1
20.08.2021 00:02:46.252,1.28284,1.28271,1.39,1
20.08.2021 00:02:47.486,1.28283,1.28271,1,1
20.08.2021 00:02:49.077,1.28283,1.2827,1,1.5
20.08.2021 00:02:50.689,1.28283,1.2827,2.2,1
20.08.2021 00:02:51.262,1.28283,1.28269,2.97,1.5
20.08.2021 00:02:51.493,1.28281,1.28268,2.51,1
20.08.2021 00:02:51.645,1.28281,1.28268,3.51,1
20.08.2021 00:02:52.026,1.2828000000000002,1.28269,2.74,1.5
20.08.2021 00:02:53.266,1.28281,1.28268,3.51,1
20.08.2021 00:02:53.367,1.28279,1.28268,1.1,1
20.08.2021 00:02:56.022,1.28281,1.28268,2.74,1
20.08.2021 00:02:56.667,1.28282,1.28268,1.69,1.57
20.08.2021 00:02:56.902,1.28282,1.28269,1.25,1
20.08.2021 00:03:00.274,1.28282,1.28269,1.82,1
20.08.2021 00:03:00.547,1.28283,1.2827,5.7,1
20.08.2021 00:03:00.750,1.28281,1.2827,1.82,1
20.08.2021 00:03:01.164,1.28283,1.2827,4.2,1
20.08.2021 00:03:01.316,1.28282,1.28271,2.95,1
20.08.2021 00:03:03.780,1.28283,1.2827,1.31,1.5
20.08.2021 00:03:03.882,1.28284,1.28271,1.12,1.5
20.08.2021 00:03:06.148,1.28283,1.28271,1,1
20.08.2021 00:03:07.175,1.28282,1.28271,1,1.5
20.08.2021 00:03:09.759,1.28285,1.28272,2.57,1.5
20.08.2021 00:03:10.737,1.28283,1.2827,1,1.5
20.08.2021 00:03:11.346,1.28281,1.28268,1.25,1.5
20.08.2021 00:03:12.032,1.28282,1.28269,1.76,1
20.08.2021 00:03:12.234,1.28282,1.28268,1.76,1.5
20.08.2021 00:03:12.518,1.28281,1.2827,1.76,1
20.08.2021 00:03:19.567,1.28274,1.28265,1.5,2.7
20.08.2021 00:03:19.618,1.2827600000000001,1.28264,1.25,1.5
20.08.2021 00:03:19.720,1.28274,1.28263,1.25,2
20.08.2021 00:03:19.771,1.28275,1.28262,1.25,1.5
20.08.2021 00:03:20.425,1.28272,1.2826,3.19,1
20.08.2021 00:03:20.526,1.28271,1.2825900000000001,1,1
20.08.2021 00:03:27.959,1.28272,1.2825900000000001,1.31,1.5
20.08.2021 00:03:28.414,1.28273,1.2826,1.95,1
20.08.2021 00:03:29.921,1.28274,1.28261,1.35,1.5
20.08.2021 00:03:30.022,1.28274,1.28262,1.25,1.5
20.08.2021 00:03:30.174,1.2827600000000001,1.28265,1,1.5
20.08.2021 00:03:30.326,1.2827600000000001,1.2826600000000001,1.25,1
20.08.2021 00:03:30.427,1.2827600000000001,1.2826700000000002,1.25,1
20.08.2021 00:03:30.841,1.28279,1.2826600000000001,3.1,1
20.08.2021 00:03:31.656,1.2828000000000002,1.28268,1.35,1
20.08.2021 00:03:32.311,1.2828000000000002,1.28271,1.35,1
20.08.2021 00:03:32.412,1.28282,1.28269,2.72,1
20.08.2021 00:03:33.992,1.28282,1.2827,1.35,1
20.08.2021 00:03:34.144,1.28282,1.28269,1.35,1.5
20.08.2021 00:03:34.397,1.28281,1.28271,1.35,1
20.08.2021 00:03:35.584,1.28282,1.28269,1.35,1.5
20.08.2021 00:03:40.634,1.28281,1.28269,2.72,1.5
20.08.2021 00:03:41.729,1.28282,1.28269,1.97,1.5
20.08.2021 00:03:45.579,1.28278,1.2826700000000002,1.85,1.5
20.08.2021 00:03:45.681,1.2827700000000002,1.28265,2.22,1
20.08.2021 00:03:46.224,1.28274,1.28263,1.1,1
20.08.2021 00:03:46.391,1.2827600000000001,1.28263,2.16,1
20.08.2021 00:03:46.492,1.28275,1.28265,1.41,1
20.08.2021 00:03:46.866,1.2827600000000001,1.28264,1.01,1
20.08.2021 00:03:50.915,1.28274,1.28264,1,1
20.08.2021 00:03:50.966,1.28274,1.28262,1,1
20.08.2021 00:03:51.219,1.28273,1.28263,1.82,1
20.08.2021 00:03:53.317,1.28273,1.2826,1.01,1
20.08.2021 00:03:53.368,1.28268,1.2825700000000002,1.25,1.2
20.08.2021 00:03:53.723,1.28265,1.28255,1,1
20.08.2021 00:03:54.917,1.2826700000000002,1.2825600000000001,1,1
20.08.2021 00:03:55.035,1.2826700000000002,1.2825700000000002,1,1
20.08.2021 00:03:58.127,1.2826600000000001,1.28255,1,1
20.08.2021 00:04:00.707,1.28264,1.28251,3.19,1
20.08.2021 00:04:00.758,1.28261,1.28252,1,1
20.08.2021 00:04:00.859,1.28258,1.2824700000000002,1,1.5
20.08.2021 00:04:00.910,1.2825600000000001,1.2824700000000002,1,1
20.08.2021 00:04:01.062,1.2825900000000001,1.2824600000000002,1.5,1
20.08.2021 00:04:01.112,1.2825900000000001,1.28248,1,1
20.08.2021 00:04:01.264,1.2826,1.28248,1,1
20.08.2021 00:04:01.416,1.28263,1.28252,1,1
20.08.2021 00:04:01.517,1.28264,1.28252,1.12,1
20.08.2021 00:04:01.669,1.28265,1.28252,1,1
20.08.2021 00:04:02.370,1.28262,1.28251,1.85,1
20.08.2021 00:04:02.471,1.2826,1.2824900000000001,1,1
20.08.2021 00:04:04.462,1.28258,1.2824900000000001,1,1
20.08.2021 00:04:10.951,1.2826,1.28251,1,1
20.08.2021 00:04:11.002,1.28261,1.28252,1,1
20.08.2021 00:04:11.407,1.28261,1.28251,1,1
20.08.2021 00:04:11.649,1.28262,1.28251,1,1
20.08.2021 00:04:11.750,1.28263,1.28251,1,1
20.08.2021 00:04:13.120,1.28262,1.28251,1,1
20.08.2021 00:04:13.234,1.28262,1.28252,1,1
20.08.2021 00:04:14.328,1.28261,1.28252,1,1
20.08.2021 00:04:14.378,1.2826,1.2824900000000001,1.25,1.12
20.08.2021 00:04:14.480,1.28258,1.28248,1.1,1.5
20.08.2021 00:04:14.751,1.2825700000000002,1.2824700000000002,1,1
20.08.2021 00:04:15.374,1.2825600000000001,1.2824700000000002,1,1
20.08.2021 00:04:18.481,1.2825600000000001,1.2825,1,1
20.08.2021 00:04:18.532,1.28262,1.28251,1.12,1
20.08.2021 00:04:18.582,1.28262,1.28254,1.5,1
20.08.2021 00:04:18.684,1.28262,1.28254,1,1
20.08.2021 00:04:19.176,1.28263,1.28252,1,1
20.08.2021 00:04:19.625,1.28262,1.28252,1.1,1
20.08.2021 00:04:20.243,1.2826,1.2824900000000001,1,1
20.08.2021 00:04:20.344,1.2825900000000001,1.2824700000000002,1.1,1.12
20.08.2021 00:04:20.806,1.2825700000000002,1.28248,1,1
20.08.2021 00:04:21.069,1.28258,1.2824600000000002,1.1,1
20.08.2021 00:04:21.512,1.2825700000000002,1.2824600000000002,1.1,1
20.08.2021 00:04:22.157,1.2825700000000002,1.28245,1.1,1
20.08.2021 00:04:24.580,1.28255,1.2824600000000002,1.01,1
20.08.2021 00:04:27.605,1.2825700000000002,1.28245,1.39,1
20.08.2021 00:04:31.658,1.28255,1.2824600000000002,1.69,1
20.08.2021 00:04:31.860,1.28255,1.28245,1.25,1
20.08.2021 00:04:31.911,1.28255,1.28243,1.35,1
20.08.2021 00:04:32.012,1.28254,1.2824200000000001,1.25,1
20.08.2021 00:04:32.786,1.28253,1.2824200000000001,1,1
20.08.2021 00:04:33.064,1.28254,1.2824200000000001,1,1
20.08.2021 00:04:33.115,1.2825600000000001,1.28244,1,1
20.08.2021 00:04:36.216,1.2825600000000001,1.28245,1,1
20.08.2021 00:04:37.464,1.2825600000000001,1.28244,1,1
20.08.2021 00:04:39.202,1.2825600000000001,1.28243,1,1.5
20.08.2021 00:04:44.803,1.2825700000000002,1.28244,1.01,1
20.08.2021 00:04:45.167,1.28254,1.28243,1.25,1.12
20.08.2021 00:04:45.371,1.28254,1.2824,3.32,1
20.08.2021 00:04:45.473,1.28251,1.28239,1,1
20.08.2021 00:04:45.575,1.28253,1.28239,2.29,1
20.08.2021 00:04:45.989,1.28251,1.2823700000000002,1.5,1.5
20.08.2021 00:04:46.090,1.2824900000000001,1.2823700000000002,2.14,1.5
20.08.2021 00:04:47.556,1.2824900000000001,1.2823600000000002,1,1
20.08.2021 00:04:47.766,1.2825,1.2823700000000002,2.89,1
20.08.2021 00:04:47.893,1.2824900000000001,1.2823700000000002,1,1
20.08.2021 00:04:47.997,1.2824900000000001,1.2823600000000002,1,1
20.08.2021 00:04:48.101,1.28248,1.28238,1,1
20.08.2021 00:04:48.260,1.2824900000000001,1.2823600000000002,1.1,1
20.08.2021 00:04:52.098,1.28248,1.2823700000000002,1.1,1
20.08.2021 00:04:52.199,1.2824900000000001,1.2823700000000002,1.1,1
20.08.2021 00:04:55.457,1.2825,1.2823700000000002,1.22,1
20.08.2021 00:04:55.558,1.28251,1.28238,1,1
20.08.2021 00:04:55.660,1.28252,1.2824,3.6,1.5
20.08.2021 00:04:58.895,1.28252,1.28238,1.22,1.1
20.08.2021 00:04:59.283,1.28251,1.28241,2.62,1
20.08.2021 00:04:59.385,1.28251,1.28239,1,1
20.08.2021 00:04:59.486,1.2825,1.2823700000000002,1.1,1.87
20.08.2021 00:05:00.705,1.28252,1.28238,1.95,1.57
20.08.2021 00:05:01.835,1.2825,1.2823700000000002,1.95,1
20.08.2021 00:05:01.936,1.2824900000000001,1.28238,1.97,1
20.08.2021 00:05:04.861,1.2825,1.2823700000000002,1.95,1
20.08.2021 00:05:05.164,1.2825,1.28238,1,1
20.08.2021 00:05:05.266,1.2824900000000001,1.28238,1,1.5
20.08.2021 00:05:25.618,1.2825,1.28238,1.95,1.5
20.08.2021 00:05:25.759,1.2825,1.2823700000000002,1,1.5
20.08.2021 00:05:31.797,1.2825,1.28239,2.32,1
20.08.2021 00:05:31.898,1.2825,1.2824200000000001,1,1
20.08.2021 00:05:32.000,1.2824900000000001,1.2824,1,1
20.08.2021 00:05:32.203,1.2825,1.2823700000000002,1,1.57
20.08.2021 00:05:38.103,1.2824700000000002,1.2823600000000002,1,1.1
20.08.2021 00:05:42.654,1.28251,1.28239,1,2.32
20.08.2021 00:05:42.755,1.28251,1.28241,1,1
20.08.2021 00:05:42.856,1.28251,1.2824,1,1.1
20.08.2021 00:05:42.958,1.2825,1.2824,1,1
20.08.2021 00:05:43.665,1.2825,1.28239,1,1
20.08.2021 00:05:46.467,1.28251,1.28241,1,1
20.08.2021 00:05:46.569,1.2825,1.2824,1,1.1
20.08.2021 00:05:47.515,1.2825,1.28239,1,1.2
20.08.2021 00:05:47.826,1.28248,1.2823700000000002,1,1.2
20.08.2021 00:05:48.079,1.2825,1.28239,1,1
20.08.2021 00:05:55.109,1.2824700000000002,1.2823600000000002,1,1.2
20.08.2021 00:05:55.563,1.2824600000000002,1.2823600000000002,1,1
20.08.2021 00:05:55.664,1.2824600000000002,1.28235,1,1.2
20.08.2021 00:05:56.222,1.2824200000000001,1.28231,1,1.6
20.08.2021 00:05:56.273,1.28241,1.28231,1,1
20.08.2021 00:05:56.324,1.28239,1.2823,1,1.12
20.08.2021 00:05:56.426,1.2824,1.28229,1,1.5
20.08.2021 00:05:56.528,1.2824,1.28229,1,1
20.08.2021 00:05:56.629,1.2824,1.28228,1,1.2
20.08.2021 00:05:58.626,1.28239,1.28228,1,1
20.08.2021 00:05:58.728,1.28239,1.2822700000000002,1,1
20.08.2021 00:06:00.449,1.28239,1.28228,1,1
20.08.2021 00:06:00.551,1.28239,1.28229,1,1
20.08.2021 00:06:00.652,1.28239,1.28228,1,1
20.08.2021 00:06:01.705,1.28239,1.2822700000000002,1,1
20.08.2021 00:06:02.457,1.28238,1.2822600000000002,1,1.1
20.08.2021 00:06:02.663,1.28234,1.2822500000000001,1,1
20.08.2021 00:06:02.765,1.28233,1.2822200000000001,1,1.87
20.08.2021 00:06:03.119,1.28234,1.2822200000000001,1,1
20.08.2021 00:06:03.220,1.28233,1.2822200000000001,1,1
20.08.2021 00:06:03.328,1.28233,1.28221,1,1.1
20.08.2021 00:06:04.104,1.2823200000000001,1.2822,1,1
20.08.2021 00:06:04.256,1.28231,1.2822,1,1
20.08.2021 00:06:09.465,1.2823200000000001,1.2822,1,1
20.08.2021 00:06:11.775,1.28231,1.2822,1,1
20.08.2021 00:06:12.233,1.2823200000000001,1.2822,1,1
20.08.2021 00:06:13.543,1.2823,1.28219,1,1
20.08.2021 00:06:16.002,1.28231,1.28219,1,1
20.08.2021 00:06:18.178,1.28235,1.2822500000000001,1,1
20.08.2021 00:06:18.280,1.28235,1.28224,1,1
20.08.2021 00:06:18.381,1.2823700000000002,1.2822500000000001,1.12,1
20.08.2021 00:06:18.533,1.28238,1.2822500000000001,1,1.1
20.08.2021 00:06:19.752,1.28238,1.2822600000000002,1,1
20.08.2021 00:06:19.905,1.28239,1.28228,1,1
20.08.2021 00:06:20.797,1.2824,1.28229,1,1
20.08.2021 00:06:20.898,1.2824200000000001,1.28229,1,1.1
20.08.2021 00:06:23.145,1.2824,1.28229,1,1
20.08.2021 00:06:23.297,1.2824,1.28228,1,1.1
20.08.2021 00:06:25.219,1.2824200000000001,1.28229,1,1.1
20.08.2021 00:06:25.320,1.2824200000000001,1.2823,1,1
20.08.2021 00:06:25.421,1.2824200000000001,1.28231,1,1
20.08.2021 00:06:28.307,1.2824200000000001,1.28229,1,1.1
20.08.2021 00:06:29.213,1.2824200000000001,1.2823,1.57,1.57
20.08.2021 00:06:33.006,1.2824200000000001,1.2823,1.69,1.5
20.08.2021 00:06:33.107,1.28241,1.2823,1.57,1
20.08.2021 00:06:36.304,1.28241,1.28228,1,1.1
20.08.2021 00:06:38.121,1.28239,1.28228,1,1.1
20.08.2021 00:06:40.559,1.28235,1.2822500000000001,1,1
20.08.2021 00:06:40.661,1.2823200000000001,1.2822200000000001,1,1.12
20.08.2021 00:06:40.762,1.2823200000000001,1.2822,1,1
20.08.2021 00:06:41.115,1.2823200000000001,1.28219,1,1.95
20.08.2021 00:06:54.043,1.28229,1.2821600000000002,1,1.95
20.08.2021 00:06:54.144,1.28228,1.2821500000000001,1,1.6
20.08.2021 00:06:54.245,1.28229,1.2821500000000001,1.57,1.95
20.08.2021 00:07:00.241,1.28231,1.28218,1.5,1
20.08.2021 00:07:10.949,1.2823200000000001,1.28219,1.57,1
20.08.2021 00:07:11.101,1.28231,1.28221,1,1.1
20.08.2021 00:07:12.003,1.28231,1.2822,1,1.57
20.08.2021 00:07:15.508,1.2823200000000001,1.28218,2.35,1.5
20.08.2021 00:07:15.609,1.2822600000000002,1.2821500000000001,1,2.07
20.08.2021 00:07:15.710,1.2822700000000002,1.28214,1,1.57
20.08.2021 00:07:15.912,1.28228,1.28214,1.95,1.5
20.08.2021 00:07:16.841,1.2822700000000002,1.2821600000000002,1.2,1
20.08.2021 00:07:17.419,1.28228,1.28214,1.2,1.5
20.08.2021 00:07:21.764,1.28228,1.2821500000000001,1,2.25
20.08.2021 00:07:23.693,1.2822600000000002,1.2821500000000001,1,1.5
20.08.2021 00:07:23.794,1.2822500000000001,1.2821500000000001,1,1
20.08.2021 00:07:24.306,1.2822600000000002,1.28213,1,1
20.08.2021 00:07:27.403,1.2822700000000002,1.28214,1.97,1.5
20.08.2021 00:07:29.368,1.2822500000000001,1.28213,1.2,1.5
20.08.2021 00:07:29.796,1.2822600000000002,1.28213,1,1.5
20.08.2021 00:07:34.932,1.28229,1.28217,1.5,1
20.08.2021 00:07:35.033,1.2823200000000001,1.28219,2.02,1
20.08.2021 00:07:46.333,1.2823200000000001,1.2822,1,1.5
20.08.2021 00:07:46.434,1.2823200000000001,1.28219,1,1.57
20.08.2021 00:07:51.600,1.2823,1.28217,1.1,1.5
20.08.2021 00:07:51.702,1.28228,1.28218,1,1
20.08.2021 00:07:51.803,1.28228,1.2821600000000002,1.1,1
20.08.2021 00:07:52.947,1.2822700000000002,1.2821600000000002,1.1,1
20.08.2021 00:07:53.048,1.28228,1.28214,1.1,1.5
20.08.2021 00:07:56.322,1.28229,1.2821600000000002,1.2,1.5
20.08.2021 00:07:56.698,1.28229,1.2821500000000001,1.57,1.5
20.08.2021 00:07:59.693,1.2823,1.28217,1.2,1.5
20.08.2021 00:07:59.795,1.2823200000000001,1.28219,1.6,1
20.08.2021 00:07:59.896,1.2823200000000001,1.28219,1.1,1
20.08.2021 00:08:32.759,1.2822700000000002,1.2821500000000001,1.31,1.31
20.08.2021 00:08:32.809,1.2822500000000001,1.28214,1,1.5
20.08.2021 00:08:32.911,1.28224,1.2821200000000001,1,1
20.08.2021 00:08:36.720,1.2822600000000002,1.28213,1.1,1
20.08.2021 00:08:38.803,1.2823,1.28217,1.95,1.5
20.08.2021 00:08:38.854,1.28231,1.28219,3.27,1
20.08.2021 00:08:39.005,1.28231,1.2822,1.2,1.5
20.08.2021 00:08:39.157,1.2823200000000001,1.28219,1.41,1.5
20.08.2021 00:08:39.849,1.2823200000000001,1.28219,1.01,1.5
20.08.2021 00:08:53.993,1.2823200000000001,1.28219,2.22,1
20.08.2021 00:08:54.095,1.2823200000000001,1.28218,2.97,1
20.08.2021 00:08:55.381,1.28231,1.28217,1.35,1.5
20.08.2021 00:08:55.747,1.28231,1.28218,1.1,1
20.08.2021 00:08:56.213,1.2823200000000001,1.28218,2.14,1.5
20.08.2021 00:08:57.097,1.28233,1.28219,3.04,1.5
20.08.2021 00:09:00.255,1.2823,1.28218,3.64,1
20.08.2021 00:09:00.306,1.2823,1.28217,1.1,1
20.08.2021 00:09:05.206,1.28231,1.28218,5.22,1
20.08.2021 00:09:10.307,1.28231,1.28218,3.66,1
20.08.2021 00:09:10.408,1.28229,1.28217,1.1,1
20.08.2021 00:09:10.510,1.28229,1.2821600000000002,1.1,1
20.08.2021 00:09:10.611,1.2823200000000001,1.28219,2.29,1
20.08.2021 00:09:10.713,1.28233,1.2822,3.04,1
20.08.2021 00:09:10.763,1.28233,1.2822,2.91,1
20.08.2021 00:09:13.196,1.28234,1.2822,2.97,1.5
20.08.2021 00:09:14.219,1.28235,1.2822200000000001,2.1,1
20.08.2021 00:09:14.371,1.2823600000000002,1.2822500000000001,2,1
20.08.2021 00:09:14.472,1.28238,1.28224,2.54,1.5
20.08.2021 00:09:14.623,1.2823700000000002,1.2822600000000002,1.1,1
20.08.2021 00:09:20.415,1.28234,1.28224,1.57,1
20.08.2021 00:09:20.466,1.28234,1.2822200000000001,2.54,1.5
20.08.2021 00:09:20.567,1.2823600000000002,1.28223,1.1,1.5
20.08.2021 00:09:21.895,1.28235,1.2822200000000001,1.39,1.5
20.08.2021 00:09:21.997,1.28235,1.2822200000000001,4.54,1
20.08.2021 00:09:22.263,1.28234,1.2822200000000001,2.16,1
20.08.2021 00:09:23.666,1.28234,1.2822200000000001,1.35,1
20.08.2021 00:09:26.480,1.28235,1.28221,3.47,1.5
20.08.2021 00:09:26.682,1.28233,1.28221,3.72,1.5
20.08.2021 00:09:29.075,1.28233,1.28219,2.22,1.5
20.08.2021 00:09:29.176,1.28233,1.28221,1.47,1
20.08.2021 00:09:34.732,1.2823200000000001,1.28223,1.41,1
20.08.2021 00:09:34.937,1.28234,1.2822200000000001,2.35,1
20.08.2021 00:09:36.161,1.28234,1.2822200000000001,2.35,1
20.08.2021 00:09:36.666,1.28234,1.28221,2.35,1
20.08.2021 00:09:36.977,1.28234,1.2822200000000001,2.35,1
20.08.2021 00:09:40.759,1.28233,1.28221,2.22,1
20.08.2021 00:09:40.861,1.28231,1.2822200000000001,1.35,1
20.08.2021 00:09:40.962,1.2823200000000001,1.2822200000000001,1.85,1
20.08.2021 00:09:41.319,1.28233,1.2822200000000001,1.85,1
20.08.2021 00:09:45.047,1.28233,1.28221,1.82,1
20.08.2021 00:09:50.134,1.28233,1.28221,1.39,1
20.08.2021 00:09:50.236,1.28235,1.28223,1.39,1
20.08.2021 00:09:50.337,1.2823700000000002,1.2822500000000001,1.6,1
20.08.2021 00:09:50.438,1.2823600000000002,1.2822600000000002,1.1,1
20.08.2021 00:09:50.750,1.2823600000000002,1.2822500000000001,1.1,1
20.08.2021 00:09:54.958,1.28238,1.2822600000000002,1.1,1
20.08.2021 00:09:55.060,1.2824,1.28229,1.1,1
20.08.2021 00:09:55.567,1.28239,1.28229,2.6,1
20.08.2021 00:09:55.669,1.28239,1.28228,2.95,1
20.08.2021 00:09:55.770,1.28238,1.28228,3.35,1
20.08.2021 00:09:58.937,1.28239,1.2822700000000002,1.01,1
20.08.2021 00:09:59.039,1.2824,1.28229,1.45,1
20.08.2021 00:10:00.286,1.2824,1.28229,1,1
20.08.2021 00:10:05.121,1.28241,1.2823,1,1
20.08.2021 00:10:06.414,1.28241,1.28229,1.1,1
20.08.2021 00:10:15.233,1.28241,1.2823,1,1
20.08.2021 00:10:21.121,1.28241,1.28229,2.51,1
20.08.2021 00:10:25.175,1.28243,1.28231,1.76,1
20.08.2021 00:10:26.574,1.2824,1.2823,1,1
20.08.2021 00:10:35.594,1.28241,1.28231,1,1
20.08.2021 00:10:35.947,1.2824,1.28231,1,1
20.08.2021 00:10:36.049,1.28241,1.28229,1,1.1
20.08.2021 00:10:38.243,1.28243,1.2823,1.2,1.5
20.08.2021 00:10:38.538,1.28241,1.2823,1.1,1
20.08.2021 00:10:40.117,1.28241,1.28229,1.01,1
20.08.2021 00:10:41.921,1.28241,1.28228,1.5,1
20.08.2021 00:10:46.367,1.28239,1.2822700000000002,2.25,1
20.08.2021 00:10:46.468,1.2823600000000002,1.28224,1,1.57
20.08.2021 00:10:46.569,1.2823600000000002,1.28223,1,1.57
20.08.2021 00:10:47.557,1.2823700000000002,1.28224,1.12,1
20.08.2021 00:10:50.145,1.28233,1.28221,1,1.2
20.08.2021 00:10:50.246,1.28233,1.2822,1,1.57
20.08.2021 00:10:50.503,1.28233,1.2822200000000001,3.45,1
20.08.2021 00:10:50.604,1.28234,1.28223,2,1
20.08.2021 00:10:50.755,1.28235,1.2822200000000001,1.5,1
20.08.2021 00:10:51.600,1.28234,1.2822,1.76,1.57
20.08.2021 00:10:51.652,1.28231,1.28221,1,1.1
20.08.2021 00:10:53.095,1.2823200000000001,1.2822200000000001,1,1
20.08.2021 00:10:53.197,1.28234,1.28221,1,1
20.08.2021 00:10:54.855,1.28233,1.28221,2.25,1.57
20.08.2021 00:10:55.510,1.28233,1.2822,1,1.57
20.08.2021 00:11:00.213,1.28233,1.2822200000000001,2.62,1
20.08.2021 00:11:01.018,1.28233,1.28223,1,1
20.08.2021 00:11:03.181,1.2823700000000002,1.28224,2.44,1.5
20.08.2021 00:11:03.434,1.2823700000000002,1.2822600000000002,1.69,1.5
20.08.2021 00:11:03.535,1.28239,1.28228,1.75,1
20.08.2021 00:11:03.636,1.28238,1.28228,1.25,1.5
20.08.2021 00:11:03.737,1.28239,1.28228,1.82,1
20.08.2021 00:11:03.901,1.28238,1.2822700000000002,1.25,1.5
20.08.2021 00:11:04.030,1.28238,1.2822600000000002,1.25,1.5
20.08.2021 00:11:05.366,1.2823700000000002,1.2822500000000001,1.25,1
20.08.2021 00:11:05.739,1.28238,1.2822500000000001,1.25,1.5
20.08.2021 00:11:05.840,1.2824,1.2822700000000002,2.7,1
20.08.2021 00:11:05.992,1.28241,1.28228,1.62,1.5
20.08.2021 00:11:06.093,1.28241,1.28228,1.12,1.5
20.08.2021 00:11:13.177,1.28241,1.28228,1.75,1.5
20.08.2021 00:11:13.387,1.28241,1.28228,1.69,1.5
20.08.2021 00:11:22.152,1.28239,1.2822700000000002,1,1
20.08.2021 00:11:25.198,1.2824,1.2822700000000002,2.25,1
20.08.2021 00:11:25.299,1.28239,1.28229,1,1
20.08.2021 00:11:25.609,1.28239,1.28228,1,1
20.08.2021 00:11:26.531,1.28238,1.2822600000000002,1,1
20.08.2021 00:11:26.632,1.28239,1.2822600000000002,3.94,1
20.08.2021 00:11:26.748,1.2823700000000002,1.2822500000000001,2.25,1.57
20.08.2021 00:11:27.162,1.2824,1.2822700000000002,1.5,1
20.08.2021 00:11:28.061,1.28239,1.2822700000000002,1,1
20.08.2021 00:11:28.314,1.28238,1.2822500000000001,2.25,1
20.08.2021 00:11:28.590,1.2823700000000002,1.28224,1.5,1
20.08.2021 00:11:28.743,1.28235,1.2822200000000001,1.5,1.95
20.08.2021 00:11:28.946,1.28233,1.28221,1,1
20.08.2021 00:11:29.048,1.2823200000000001,1.28221,1,1.57
20.08.2021 00:11:47.842,1.2823200000000001,1.2822,1,1
20.08.2021 00:11:53.669,1.2823200000000001,1.28221,4.95,1
20.08.2021 00:11:54.645,1.2823200000000001,1.2822,1,1
20.08.2021 00:11:55.579,1.28233,1.2822,5.7,1
20.08.2021 00:12:09.689,1.28233,1.2822,4.6,1
20.08.2021 00:12:09.902,1.28233,1.2822,4.57,1
20.08.2021 00:12:10.348,1.28233,1.2822,4.6,1
20.08.2021 00:12:10.498,1.28233,1.2822,4.57,1
20.08.2021 00:12:12.182,1.2823200000000001,1.2822,1,1
20.08.2021 00:12:16.553,1.2823200000000001,1.28221,3.07,1
20.08.2021 00:12:17.244,1.28233,1.28224,1,1.69
20.08.2021 00:12:17.345,1.2824,1.2823,1.5,1
20.08.2021 00:12:17.447,1.2824,1.2823,1,1
20.08.2021 00:12:17.954,1.2824200000000001,1.28229,1.95,1.5
20.08.2021 00:12:18.056,1.28243,1.2823,1.6,1.25
20.08.2021 00:12:18.158,1.28243,1.2823,1,1.25
20.08.2021 00:12:18.209,1.28244,1.28234,1.12,1
20.08.2021 00:12:18.260,1.2824700000000002,1.28238,1,1
20.08.2021 00:12:18.312,1.2824900000000001,1.28238,1.2,1.5
20.08.2021 00:12:18.616,1.28251,1.28238,1.1,1
20.08.2021 00:12:19.592,1.2825,1.28238,1,1
20.08.2021 00:12:22.221,1.2825,1.28239,1,1.5
20.08.2021 00:12:23.602,1.28252,1.28238,1.95,1.5
20.08.2021 00:12:25.571,1.28252,1.28239,1.95,1
20.08.2021 00:12:25.824,1.28252,1.28238,2.7,1.5
20.08.2021 00:12:25.925,1.28251,1.28238,1,1
20.08.2021 00:12:30.075,1.2825,1.28238,1,1
20.08.2021 00:12:30.176,1.2824900000000001,1.2823700000000002,1,1
20.08.2021 00:12:30.277,1.2824900000000001,1.2823600000000002,1,1
20.08.2021 00:12:33.194,1.2824900000000001,1.28238,1,1
20.08.2021 00:12:33.738,1.28245,1.2823700000000002,1.5,1
20.08.2021 00:12:33.788,1.28245,1.2823200000000001,1,2.07
20.08.2021 00:12:33.889,1.28245,1.2823200000000001,1.1,1.2
20.08.2021 00:12:33.991,1.28245,1.28231,1.95,1.5
20.08.2021 00:12:34.092,1.28245,1.28233,1.12,1
20.08.2021 00:12:34.194,1.2824900000000001,1.28235,1.1,1.5
20.08.2021 00:12:34.295,1.2824900000000001,1.28235,1,1.5
20.08.2021 00:12:34.760,1.2825,1.2823700000000002,1.12,1
20.08.2021 00:12:34.965,1.2824900000000001,1.2823700000000002,1,1
20.08.2021 00:12:37.854,1.2825,1.2823700000000002,1,1
20.08.2021 00:12:38.882,1.2824900000000001,1.2823600000000002,1,1.5
20.08.2021 00:12:40.206,1.2824900000000001,1.28238,1,1
20.08.2021 00:12:41.260,1.2825,1.28238,1,1
20.08.2021 00:12:41.632,1.2824900000000001,1.28238,1,1
20.08.2021 00:12:43.105,1.2824900000000001,1.28239,1.12,1
20.08.2021 00:12:44.362,1.2824900000000001,1.2823700000000002,1.87,1
20.08.2021 00:12:44.514,1.2825,1.28238,1.5,1
20.08.2021 00:12:44.616,1.2825,1.2823600000000002,1.5,1.5
20.08.2021 00:12:44.931,1.28248,1.2823700000000002,1.2,1
20.08.2021 00:12:45.083,1.2824700000000002,1.2823700000000002,1,1
20.08.2021 00:12:45.234,1.2824600000000002,1.2823200000000001,2.32,1.5
20.08.2021 00:12:45.335,1.2824600000000002,1.2823200000000001,2.72,1.5
20.08.2021 00:12:45.436,1.28244,1.28231,1.57,1
20.08.2021 00:12:45.537,1.28248,1.28234,3.57,1.5
20.08.2021 00:12:45.639,1.2824700000000002,1.2823600000000002,1.6,1
20.08.2021 00:12:45.740,1.28248,1.28235,1,1
20.08.2021 00:12:45.942,1.2824600000000002,1.2823200000000001,2.7,2.7
20.08.2021 00:12:46.094,1.28244,1.28231,2.32,1
20.08.2021 00:12:46.500,1.28243,1.28231,1,1
20.08.2021 00:12:46.753,1.28243,1.2823,1.5,1
20.08.2021 00:12:49.624,1.2824200000000001,1.2823,1,1
20.08.2021 00:12:50.364,1.28241,1.2823,1.5,1
20.08.2021 00:12:52.123,1.28241,1.28231,1.2,1
20.08.2021 00:12:52.932,1.28241,1.2823,1.2,1
20.08.2021 00:12:54.583,1.28243,1.2823,2.1,1
20.08.2021 00:12:56.491,1.28243,1.28231,1.6,1
20.08.2021 00:13:04.718,1.28244,1.28231,2.1,1
20.08.2021 00:13:07.291,1.28243,1.28231,2.85,1
20.08.2021 00:13:07.602,1.28244,1.2823,2.85,1
20.08.2021 00:13:08.421,1.28244,1.2823,2.85,1
20.08.2021 00:13:08.932,1.28244,1.2823,2.85,1
20.08.2021 00:13:13.697,1.28244,1.28231,1.6,1
20.08.2021 00:13:13.798,1.28244,1.28231,1.6,1
20.08.2021 00:13:13.899,1.2824600000000002,1.2823600000000002,1.5,1
20.08.2021 00:13:13.949,1.28248,1.2824,1.82,1.5
20.08.2021 00:13:14.051,1.28253,1.2824,3.22,1
20.08.2021 00:13:14.253,1.2825,1.2824,1.6,1.5
20.08.2021 00:13:21.101,1.28252,1.28239,2.07,1
20.08.2021 00:13:30.477,1.28252,1.2824,1.5,1
20.08.2021 00:13:32.005,1.28251,1.2824,1.5,1
20.08.2021 00:13:37.154,1.28253,1.28241,1.5,1
20.08.2021 00:13:37.256,1.28253,1.28241,1.5,1
20.08.2021 00:13:37.725,1.28254,1.28244,1,1
20.08.2021 00:13:37.877,1.2825700000000002,1.2824600000000002,1,1
20.08.2021 00:13:38.028,1.2825600000000001,1.28248,1,1
20.08.2021 00:13:38.409,1.2825700000000002,1.28248,1,1
20.08.2021 00:13:43.537,1.28258,1.28248,1.62,1
20.08.2021 00:13:47.857,1.28258,1.2824900000000001,1,1
20.08.2021 00:13:48.822,1.2825900000000001,1.28248,1,1
20.08.2021 00:13:54.806,1.2825900000000001,1.28248,1,1
20.08.2021 00:13:56.195,1.2825900000000001,1.2824900000000001,1.5,1
20.08.2021 00:13:57.743,1.2826,1.28248,1.5,1
20.08.2021 00:13:57.957,1.2826,1.28248,2,1
20.08.2021 00:14:06.485,1.2826,1.2824700000000002,2,1
20.08.2021 00:14:07.588,1.2826,1.28248,1.5,1
20.08.2021 00:14:12.266,1.2825900000000001,1.2825,2,1
20.08.2021 00:14:18.637,1.28262,1.2825,2,1
20.08.2021 00:14:18.739,1.28263,1.28253,1.5,1
20.08.2021 00:14:18.840,1.2826700000000002,1.28255,1.12,1
20.08.2021 00:14:19.002,1.2826700000000002,1.28255,1.5,1
20.08.2021 00:14:19.204,1.2826600000000001,1.28254,1.12,1
20.08.2021 00:14:19.406,1.2826600000000001,1.2825600000000001,1.5,1
20.08.2021 00:14:19.869,1.28265,1.28254,1,1
20.08.2021 00:14:19.971,1.2826700000000002,1.28255,1.6,1
20.08.2021 00:14:20.406,1.2826700000000002,1.28255,1.12,1
20.08.2021 00:14:27.822,1.2826700000000002,1.2825600000000001,1.12,1
20.08.2021 00:14:28.329,1.28269,1.2825700000000002,1.12,1
20.08.2021 00:14:28.430,1.28269,1.2825600000000001,1.87,1
20.08.2021 00:14:28.532,1.2826700000000002,1.2825700000000002,1.12,1
20.08.2021 00:14:33.795,1.2826700000000002,1.2825600000000001,1.12,1.5
20.08.2021 00:14:34.179,1.28268,1.2825700000000002,1.5,1
20.08.2021 00:14:36.459,1.28271,1.28262,1,1
20.08.2021 00:14:36.560,1.28272,1.28262,1.12,1
20.08.2021 00:14:36.661,1.2827600000000001,1.28262,5.29,1
20.08.2021 00:14:37.251,1.2827600000000001,1.28262,3.01,1
20.08.2021 00:14:37.660,1.28271,1.2826,1.12,1
20.08.2021 00:14:37.710,1.2827,1.2825900000000001,1.12,1.5
20.08.2021 00:14:38.311,1.28269,1.28258,1.12,1
20.08.2021 00:14:38.362,1.28268,1.2825600000000001,1.5,1
20.08.2021 00:14:40.318,1.28268,1.28255,1.5,1.5
20.08.2021 00:14:41.826,1.28268,1.2825600000000001,1.5,1
20.08.2021 00:14:42.040,1.2826700000000002,1.2825600000000001,1.5,1
20.08.2021 00:14:42.858,1.28268,1.28255,2,1
20.08.2021 00:14:43.051,1.2826700000000002,1.2825600000000001,1.5,1
20.08.2021 00:14:46.104,1.2826700000000002,1.28255,2.25,1
20.08.2021 00:14:46.155,1.28261,1.2825,2.25,3.2
20.08.2021 00:14:46.206,1.2825900000000001,1.28248,1,1.5
20.08.2021 00:14:46.307,1.2826,1.2824600000000002,2.25,1.69
20.08.2021 00:14:46.408,1.2826,1.28248,1.5,1
20.08.2021 00:14:46.633,1.2825900000000001,1.2824900000000001,1.1,1
20.08.2021 00:14:46.734,1.2825900000000001,1.28248,1.6,1
20.08.2021 00:14:46.835,1.2826,1.2824700000000002,1.6,1
20.08.2021 00:14:47.179,1.2826,1.2824600000000002,3.47,1.5
20.08.2021 00:14:51.012,1.28258,1.2824700000000002,1.1,1.5
20.08.2021 00:14:51.113,1.2825900000000001,1.2824600000000002,1.1,1.5
20.08.2021 00:14:55.913,1.2825900000000001,1.2824600000000002,1.57,1
20.08.2021 00:14:59.549,1.2825900000000001,1.2824600000000002,2.35,1
20.08.2021 00:15:04.340,1.28258,1.2824700000000002,1.57,1
20.08.2021 00:15:11.271,1.2826,1.2824700000000002,1.97,1.5
20.08.2021 00:15:11.372,1.28261,1.2824700000000002,2.72,1.5
20.08.2021 00:15:15.105,1.28261,1.28248,1.22,1
20.08.2021 00:15:16.191,1.28262,1.2824900000000001,3.1,1.5
20.08.2021 00:15:16.344,1.28261,1.28248,1.6,1
20.08.2021 00:15:16.496,1.2826,1.2824700000000002,1.1,1.5
20.08.2021 00:15:16.860,1.2826,1.28248,1.1,1
20.08.2021 00:15:17.116,1.2826,1.28248,1.1,1
20.08.2021 00:15:17.268,1.2826,1.2824900000000001,1.1,1
20.08.2021 00:15:20.185,1.2825900000000001,1.28248,1.1,1.69
20.08.2021 00:15:20.295,1.28261,1.2824700000000002,2.1,1.69
20.08.2021 00:15:21.034,1.28261,1.28248,2.1,1.25
20.08.2021 00:15:21.085,1.28262,1.28251,1.2,1
20.08.2021 00:15:21.287,1.28264,1.28251,3.47,1
20.08.2021 00:15:22.697,1.2826,1.28248,1.57,1
20.08.2021 00:15:22.799,1.28258,1.28248,1,1.5
20.08.2021 00:15:22.900,1.28258,1.2824700000000002,1.1,1.25
20.08.2021 00:15:23.336,1.2826,1.2824600000000002,1.2,1.75
20.08.2021 00:15:24.518,1.2826,1.2824900000000001,1.1,1
20.08.2021 00:15:25.531,1.28261,1.2824700000000002,1.6,1.69
20.08.2021 00:15:25.683,1.28261,1.2825,1.22,1.5
20.08.2021 00:15:25.785,1.28263,1.2824900000000001,2.1,1.5
20.08.2021 00:15:25.887,1.28264,1.2825,1.6,1.5
20.08.2021 00:15:25.988,1.28264,1.2825,1.22,1.5
20.08.2021 00:15:27.770,1.28265,1.28252,1.1,1.5
20.08.2021 00:15:30.386,1.2826600000000001,1.28252,1.97,1.5
20.08.2021 00:15:30.966,1.2826600000000001,1.28252,1.57,1.5
20.08.2021 00:15:31.740,1.2826600000000001,1.28253,1.1,1
20.08.2021 00:15:33.317,1.28261,1.2824900000000001,1,1.5
20.08.2021 00:15:33.368,1.28261,1.28248,1.1,1
20.08.2021 00:15:33.469,1.2826,1.2824700000000002,1.1,1
20.08.2021 00:15:33.722,1.2825700000000002,1.2824700000000002,1,1
20.08.2021 00:15:34.025,1.28258,1.2824700000000002,1,1
20.08.2021 00:15:34.896,1.2825700000000002,1.2824700000000002,1,1
20.08.2021 00:15:35.306,1.28258,1.2824700000000002,1,1
20.08.2021 00:15:38.567,1.2825900000000001,1.2824700000000002,1.1,1
20.08.2021 00:15:39.663,1.28262,1.28251,1.2,1.69
20.08.2021 00:15:39.764,1.28261,1.28253,1.1,1
20.08.2021 00:15:39.866,1.28264,1.28251,1.1,1
20.08.2021 00:15:39.968,1.28261,1.2825,1,1
20.08.2021 00:15:40.070,1.28261,1.2824900000000001,1.1,1
20.08.2021 00:15:40.373,1.28263,1.28251,1.2,1
20.08.2021 00:15:41.282,1.28263,1.28253,1,1.5
20.08.2021 00:15:43.515,1.28265,1.28252,1.1,1.5
20.08.2021 00:15:46.352,1.2826600000000001,1.28253,1.6,1
20.08.2021 00:15:46.661,1.2826600000000001,1.28253,1.1,1.5
20.08.2021 00:15:50.337,1.2826600000000001,1.28254,1,1
20.08.2021 00:15:53.000,1.2826600000000001,1.2825600000000001,1,1
20.08.2021 00:15:54.239,1.2826700000000002,1.2825600000000001,1.87,1
20.08.2021 00:15:54.341,1.28268,1.2825600000000001,1.5,1
20.08.2021 00:15:54.442,1.2826600000000001,1.2825700000000002,1,1
20.08.2021 00:15:54.493,1.2826600000000001,1.28255,1,1.69
20.08.2021 00:15:56.499,1.28268,1.28255,1.1,1
20.08.2021 00:15:56.550,1.28268,1.28258,1,1
20.08.2021 00:15:56.752,1.28268,1.2825600000000001,1,1
20.08.2021 00:15:56.853,1.28268,1.2825700000000002,1,1
20.08.2021 00:16:00.185,1.2826700000000002,1.28255,1,1
20.08.2021 00:16:00.864,1.2826700000000002,1.2825600000000001,1,3.19
20.08.2021 00:16:01.626,1.2826600000000001,1.2825600000000001,1,1
20.08.2021 00:16:02.080,1.2826700000000002,1.28254,1,1.5
20.08.2021 00:16:02.232,1.2826600000000001,1.2825600000000001,1,1
20.08.2021 00:16:04.386,1.2826700000000002,1.28254,1,1.57
20.08.2021 00:16:07.895,1.2826600000000001,1.2825600000000001,1,1
20.08.2021 00:16:09.213,1.2826600000000001,1.28255,1,1.57
20.08.2021 00:16:13.262,1.28268,1.28255,1.12,1
20.08.2021 00:16:13.364,1.28269,1.2825600000000001,1,1
20.08.2021 00:16:14.377,1.2827,1.2825600000000001,2.7,1.5
20.08.2021 00:16:14.479,1.28271,1.2825700000000002,4.32,1.5
20.08.2021 00:16:14.581,1.28271,1.2826,1.12,1
20.08.2021 00:16:14.733,1.28274,1.2826,2.77,1
20.08.2021 00:16:15.037,1.28272,1.2826,1,1.57
20.08.2021 00:16:15.138,1.28274,1.2826,2.77,1
20.08.2021 00:16:16.668,1.28275,1.28262,1,1.57
20.08.2021 00:16:17.681,1.28273,1.28263,1,1
20.08.2021 00:16:17.834,1.28273,1.28262,1,1.1
20.08.2021 00:16:17.936,1.28273,1.28261,1,1.1
20.08.2021 00:16:19.157,1.28273,1.2826,1,1.95
20.08.2021 00:16:19.258,1.28273,1.2826,1,3.72
20.08.2021 00:16:19.410,1.28273,1.2826,1.5,2.7
20.08.2021 00:16:19.511,1.28274,1.28262,1.5,1.57
20.08.2021 00:16:19.612,1.28273,1.2826,1,3.35
20.08.2021 00:16:20.864,1.28272,1.2826,1.5,1
20.08.2021 00:16:20.965,1.28265,1.2825600000000001,1,1.6
20.08.2021 00:16:21.067,1.2826700000000002,1.28255,1.5,1.5
20.08.2021 00:16:21.119,1.2826700000000002,1.28254,1,1.57
20.08.2021 00:16:21.373,1.28268,1.28255,1,1.1
20.08.2021 00:16:21.726,1.2826700000000002,1.2825600000000001,1,1.1
20.08.2021 00:16:21.828,1.28271,1.28258,1.5,1.1
20.08.2021 00:16:22.375,1.28271,1.2825900000000001,1,1
20.08.2021 00:16:22.476,1.28272,1.2825900000000001,1.5,1.1
20.08.2021 00:16:23.499,1.28272,1.2825900000000001,1.5,1.1
20.08.2021 00:16:26.080,1.28273,1.2826,1.5,1.57
20.08.2021 00:16:26.231,1.28273,1.2826,1.5,1.6
20.08.2021 00:16:32.442,1.2827700000000002,1.28264,1.5,1
20.08.2021 00:16:32.593,1.28278,1.28265,1.2,1.1
20.08.2021 00:16:32.694,1.28279,1.2826600000000001,1,1.1
20.08.2021 00:16:32.896,1.28278,1.2826600000000001,1,1
20.08.2021 00:16:32.998,1.28278,1.28265,1.5,1
20.08.2021 00:16:33.228,1.28279,1.28265,1.5,1.57
20.08.2021 00:16:35.143,1.28278,1.28268,1,1
20.08.2021 00:16:35.194,1.28281,1.28268,1.5,1.1
20.08.2021 00:16:36.903,1.28282,1.28268,1.5,1.5
20.08.2021 00:16:40.875,1.28281,1.28269,1.5,1.6
20.08.2021 00:17:21.115,1.28281,1.2827,1.5,1.1
20.08.2021 00:17:30.190,1.28281,1.28269,1,1.6
20.08.2021 00:17:30.241,1.28282,1.28273,1,1
20.08.2021 00:17:30.292,1.28284,1.28272,1.2,1
20.08.2021 00:17:30.393,1.28283,1.28271,1.5,1
20.08.2021 00:17:30.494,1.28282,1.2827,1,1.1
20.08.2021 00:17:30.696,1.28281,1.2827,1.5,1.57
20.08.2021 00:17:30.797,1.28279,1.28269,1,1.76
20.08.2021 00:17:31.489,1.28281,1.28268,1.5,1
20.08.2021 00:17:47.735,1.28281,1.28269,1.5,2.35
20.08.2021 00:17:48.746,1.28279,1.28268,1,1.97
20.08.2021 00:17:52.184,1.28281,1.28269,1,1
20.08.2021 00:17:52.399,1.28281,1.2827,1.5,1
20.08.2021 00:17:52.616,1.28281,1.28269,1,1
20.08.2021 00:17:52.717,1.28281,1.28268,1.5,1.1
20.08.2021 00:17:58.000,1.2827700000000002,1.28269,1,1.2
20.08.2021 00:18:00.908,1.28278,1.28269,1,1
20.08.2021 00:18:01.010,1.28279,1.28269,1,1.1
20.08.2021 00:18:01.400,1.2828000000000002,1.2827,1,1.57
20.08.2021 00:18:01.551,1.28283,1.28273,1,1.5
20.08.2021 00:18:01.905,1.28282,1.28271,1,1.6
20.08.2021 00:18:02.868,1.28278,1.28269,1,1.1
20.08.2021 00:18:02.969,1.2827700000000002,1.28269,1,1.1
20.08.2021 00:18:07.229,1.28279,1.2826700000000002,1,2.16
20.08.2021 00:18:12.229,1.2828000000000002,1.2826700000000002,1.5,2.16
20.08.2021 00:18:22.452,1.28278,1.28265,1.5,1.6
20.08.2021 00:18:22.554,1.28272,1.2825900000000001,1.5,3.85
20.08.2021 00:18:22.656,1.28271,1.2825900000000001,1,1.22
20.08.2021 00:18:23.539,1.2827,1.2825900000000001,1,1.1
20.08.2021 00:18:23.640,1.28271,1.2825900000000001,1,1.1
20.08.2021 00:18:23.742,1.2827,1.2826,1,1.1
20.08.2021 00:18:40.493,1.28271,1.2825900000000001,1,1.1
20.08.2021 00:18:49.465,1.2827,1.2826,1,1.1
20.08.2021 00:18:49.567,1.28268,1.2825700000000002,1,1.6
20.08.2021 00:18:50.047,1.28269,1.2825700000000002,1,1.1
20.08.2021 00:18:50.199,1.28268,1.28258,1,1.6
20.08.2021 00:18:50.351,1.28268,1.2825700000000002,1,1.6
20.08.2021 00:18:50.452,1.28265,1.28254,1,1.6
20.08.2021 00:18:50.554,1.28264,1.28251,1,1.6
20.08.2021 00:18:50.655,1.28262,1.28252,1,1.1
20.08.2021 00:18:50.756,1.28263,1.28252,1,1.1
20.08.2021 00:18:51.235,1.28263,1.2825,1,1.6
20.08.2021 00:18:51.843,1.28263,1.28252,1.5,1.1
20.08.2021 00:18:52.394,1.28263,1.2824900000000001,1.5,2.85
20.08.2021 00:18:52.546,1.28263,1.28251,1.5,1.1
20.08.2021 00:18:53.204,1.28263,1.2824900000000001,1.5,2.85
20.08.2021 00:18:53.305,1.28262,1.28252,1,1.1
20.08.2021 00:18:53.730,1.28263,1.28251,1.5,1.1
20.08.2021 00:18:53.882,1.28263,1.2824900000000001,1.5,3.41
20.08.2021 00:18:54.046,1.28262,1.28253,1.5,1.1
20.08.2021 00:18:55.278,1.28262,1.2825,1.5,3.22
20.08.2021 00:18:55.429,1.28263,1.28252,1.5,1.1
20.08.2021 00:18:56.170,1.28263,1.2824900000000001,1.5,3.22
20.08.2021 00:18:56.551,1.28263,1.28252,1.5,1.1
20.08.2021 00:18:57.217,1.28262,1.2825,1.5,3.41
20.08.2021 00:18:57.369,1.28262,1.28253,1.5,1.1
20.08.2021 00:18:59.125,1.28263,1.2824900000000001,1.5,3.22
20.08.2021 00:19:00.096,1.28261,1.28248,1,5.1
20.08.2021 00:19:00.197,1.2825900000000001,1.2825,1.5,1.97
20.08.2021 00:19:00.299,1.2826,1.2824900000000001,1,1.97
20.08.2021 00:19:00.400,1.2826,1.2825,1,2.72
20.08.2021 00:19:01.202,1.28261,1.2824900000000001,1,1.6
20.08.2021 00:19:01.304,1.28254,1.28248,1,1.1
20.08.2021 00:19:01.762,1.28255,1.28243,1.5,1.97
20.08.2021 00:19:01.864,1.28253,1.2824200000000001,1.5,1.6
20.08.2021 00:19:02.218,1.28254,1.28244,1,1.1
20.08.2021 00:19:02.320,1.28254,1.2824200000000001,1.5,1.6
20.08.2021 00:19:11.401,1.28254,1.2824200000000001,1,1.85
20.08.2021 00:19:11.603,1.28253,1.28243,1,1.85
20.08.2021 00:19:16.382,1.28253,1.2824200000000001,1.5,3.41
20.08.2021 00:19:16.685,1.28254,1.28241,1.5,3.41
20.08.2021 00:19:24.629,1.28253,1.28241,1.5,1.1
20.08.2021 00:19:24.730,1.28252,1.2824200000000001,1,1.6
20.08.2021 00:19:25.233,1.28248,1.2824,1,5.77
20.08.2021 00:19:25.335,1.28245,1.2824,1,1.12
20.08.2021 00:19:25.436,1.28245,1.28234,1.5,2.29
20.08.2021 00:19:26.174,1.28245,1.2823200000000001,1,3.85
20.08.2021 00:19:26.275,1.28245,1.28234,1.5,1.85
20.08.2021 00:19:27.518,1.28245,1.28233,2.25,2.85
20.08.2021 00:19:27.568,1.28244,1.2823200000000001,1.5,1.6
20.08.2021 00:19:27.949,1.28244,1.28233,1,1.1
20.08.2021 00:19:28.171,1.28244,1.28233,1,1.1
20.08.2021 00:19:28.418,1.2824200000000001,1.2823200000000001,1,1.2
20.08.2021 00:19:28.469,1.28244,1.2823200000000001,1,1.1
20.08.2021 00:19:28.621,1.28244,1.2823200000000001,1,1.1
20.08.2021 00:19:28.722,1.28245,1.2823200000000001,1.5,2.29
20.08.2021 00:19:28.823,1.2824600000000002,1.28233,1.5,1.97
20.08.2021 00:19:37.945,1.2824600000000002,1.2823600000000002,1,1
20.08.2021 00:19:37.996,1.28251,1.28241,1.5,1.57
20.08.2021 00:19:38.097,1.28251,1.28241,1,2.72
20.08.2021 00:19:38.198,1.28252,1.2824200000000001,1,1.1
20.08.2021 00:19:39.167,1.28254,1.2824200000000001,1,1.1
20.08.2021 00:19:55.945,1.28253,1.2824200000000001,1,1.2
20.08.2021 00:19:56.046,1.28248,1.28235,1.5,2.1
20.08.2021 00:19:56.147,1.2824600000000002,1.28235,1.5,1.85
20.08.2021 00:19:56.248,1.2824700000000002,1.28234,1.5,1.85
20.08.2021 00:19:56.407,1.2824700000000002,1.2823600000000002,1,1.1
20.08.2021 00:19:56.508,1.2824700000000002,1.28234,1.5,2.35
20.08.2021 00:19:56.778,1.2824700000000002,1.28234,1.5,1.1
20.08.2021 00:19:56.880,1.2824600000000002,1.28233,1.5,1.97
20.08.2021 00:19:57.480,1.2824600000000002,1.28233,1.5,1.97
20.08.2021 00:19:58.355,1.2824700000000002,1.28234,1.5,1.1
20.08.2021 00:19:58.457,1.2824600000000002,1.28233,1.5,1.2
20.08.2021 00:19:58.563,1.28244,1.28234,1,1.2
20.08.2021 00:19:59.456,1.28241,1.28229,1.5,1.1
20.08.2021 00:19:59.557,1.28239,1.28228,1,1.6
20.08.2021 00:19:59.658,1.28239,1.28228,1,1.1
20.08.2021 00:19:59.760,1.28239,1.28228,1,1.1
20.08.2021 00:20:00.774,1.28239,1.2822700000000002,1,1.2
20.08.2021 00:20:18.401,1.2823700000000002,1.28224,1,2
20.08.2021 00:20:18.503,1.2823700000000002,1.28224,2.25,1
20.08.2021 00:20:19.475,1.2823600000000002,1.28224,1,1.1
20.08.2021 00:20:19.526,1.28238,1.2822600000000002,1.1,1.1
20.08.2021 00:20:19.628,1.28238,1.2822700000000002,1.6,1.1
20.08.2021 00:20:19.738,1.28239,1.2822600000000002,1,1.1
20.08.2021 00:20:22.827,1.2824,1.2822700000000002,1.5,1.1
20.08.2021 00:20:29.897,1.2824,1.28228,1.5,1.1
20.08.2021 00:20:29.999,1.28245,1.28233,1.72,1
20.08.2021 00:20:30.101,1.28245,1.28233,1.12,1.1
20.08.2021 00:20:31.102,1.28245,1.28234,1,1.1
20.08.2021 00:20:32.807,1.2824600000000002,1.28234,1,1.1
20.08.2021 00:20:33.406,1.2824700000000002,1.2823600000000002,1.5,1.1
20.08.2021 00:20:34.481,1.28248,1.2824,1,1.87
20.08.2021 00:20:34.582,1.28254,1.2824200000000001,1,1
20.08.2021 00:20:35.252,1.28254,1.28244,1,1.1
20.08.2021 00:20:35.998,1.28254,1.28243,1,1.57
20.08.2021 00:20:36.815,1.28255,1.28243,1.5,1.57
20.08.2021 00:20:36.916,1.28255,1.28244,1.5,1.1
20.08.2021 00:20:37.018,1.28255,1.2824200000000001,1,1.57
20.08.2021 00:20:37.428,1.28255,1.28243,1,1.1
20.08.2021 00:20:38.015,1.2825,1.28241,1,1
20.08.2021 00:20:38.066,1.2824900000000001,1.2823600000000002,1.5,2.1
20.08.2021 00:20:38.168,1.2824700000000002,1.2823700000000002,1,1.6
20.08.2021 00:20:38.269,1.28248,1.2823600000000002,1,1.1
20.08.2021 00:20:39.079,1.2824700000000002,1.2823700000000002,1,1
20.08.2021 00:20:40.021,1.2824900000000001,1.2823600000000002,1.5,3.1
20.08.2021 00:20:40.123,1.28248,1.2823600000000002,1,1.1
20.08.2021 00:20:40.755,1.28248,1.2823600000000002,1,1
20.08.2021 00:20:43.964,1.28248,1.28235,1.5,2.7
20.08.2021 00:20:44.066,1.2824600000000002,1.28235,1.5,1.6
20.08.2021 00:20:44.170,1.2824700000000002,1.28234,1.5,1.1
20.08.2021 00:20:44.588,1.2824700000000002,1.28235,1,1
20.08.2021 00:20:44.690,1.2824700000000002,1.2823600000000002,1.5,1.57
20.08.2021 00:20:45.004,1.2824700000000002,1.2823600000000002,1,1.6
20.08.2021 00:20:49.297,1.28248,1.28235,1.5,1.57
20.08.2021 00:20:58.709,1.2824700000000002,1.28235,1,1
20.08.2021 00:20:58.965,1.28243,1.28233,1,2.72
20.08.2021 00:20:59.116,1.28245,1.28233,1.5,2.91
20.08.2021 00:20:59.224,1.2824600000000002,1.28234,1,1
20.08.2021 00:21:00.728,1.28245,1.2823600000000002,1,1
20.08.2021 00:21:00.830,1.2824700000000002,1.2823600000000002,1,1
20.08.2021 00:21:02.121,1.2824600000000002,1.2823600000000002,1,1.1
20.08.2021 00:21:05.157,1.28245,1.2823600000000002,1,1.1
20.08.2021 00:21:05.258,1.2824600000000002,1.28234,1,1
20.08.2021 00:21:05.360,1.28245,1.28234,1,1
20.08.2021 00:21:05.461,1.2824600000000002,1.28233,1.5,1
20.08.2021 00:21:06.228,1.28244,1.28233,1,1
20.08.2021 00:21:06.349,1.2824200000000001,1.2823,1,1.1
20.08.2021 00:21:06.450,1.28245,1.28235,1.57,1
20.08.2021 00:21:06.551,1.2824600000000002,1.28235,2.62,1.1
20.08.2021 00:21:06.653,1.2824700000000002,1.28235,2.25,1
20.08.2021 00:21:08.022,1.2824600000000002,1.28235,1,1
20.08.2021 00:21:08.309,1.2824700000000002,1.28235,1,1
20.08.2021 00:21:08.839,1.2824600000000002,1.28234,1,1.12
20.08.2021 00:21:09.041,1.28245,1.28233,1,1
20.08.2021 00:21:09.243,1.28244,1.28235,1,1
20.08.2021 00:21:09.294,1.2824700000000002,1.28235,1,1
20.08.2021 00:21:09.563,1.2824600000000002,1.28233,1,1.2
20.08.2021 00:21:09.766,1.2824200000000001,1.28231,1.5,1.6
20.08.2021 00:21:09.917,1.28244,1.28233,1,1
20.08.2021 00:21:10.018,1.28245,1.28233,1,1.1
20.08.2021 00:21:10.119,1.2824600000000002,1.28233,1.5,1.1
20.08.2021 00:21:10.321,1.2824600000000002,1.2823200000000001,1.5,1.95
20.08.2021 00:21:10.523,1.28243,1.2823200000000001,1.5,1.57
20.08.2021 00:21:10.625,1.2824200000000001,1.28231,1,1
20.08.2021 00:21:10.726,1.28245,1.28234,1.5,1.57
20.08.2021 00:21:10.827,1.2824600000000002,1.28234,1,1
20.08.2021 00:21:11.080,1.2824200000000001,1.2823200000000001,1,1.6
20.08.2021 00:21:11.181,1.28243,1.28231,1,1
20.08.2021 00:21:11.726,1.28245,1.28234,1,1
20.08.2021 00:21:11.935,1.2824600000000002,1.28234,1,1
20.08.2021 00:21:12.040,1.2824600000000002,1.28233,1.5,1
20.08.2021 00:21:12.141,1.28243,1.28234,1,1
20.08.2021 00:21:12.992,1.28243,1.28233,1,1
20.08.2021 00:21:13.143,1.28243,1.2823200000000001,1.5,1
20.08.2021 00:21:13.885,1.28245,1.28234,1,1
20.08.2021 00:21:13.953,1.2824700000000002,1.28234,4.12,1
20.08.2021 00:21:14.054,1.2824700000000002,1.28235,1.12,1
20.08.2021 00:21:14.155,1.28248,1.2823700000000002,1.95,1.5
20.08.2021 00:21:14.799,1.2824900000000001,1.2823700000000002,1,1
20.08.2021 00:21:15.171,1.28252,1.28243,1.2,1
20.08.2021 00:21:15.273,1.2825600000000001,1.28243,1.5,1
20.08.2021 00:21:15.525,1.28258,1.28245,1.57,1
20.08.2021 00:21:15.626,1.28263,1.28251,1.7,1.5
20.08.2021 00:21:15.677,1.28263,1.28253,1.1,1.5
20.08.2021 00:21:15.728,1.2826600000000001,1.28253,1,1.5
20.08.2021 00:21:15.829,1.2826700000000002,1.28254,1.12,1.5
20.08.2021 00:21:16.182,1.2826600000000001,1.28253,1,1.5
20.08.2021 00:21:16.451,1.28265,1.28252,1,1.5
20.08.2021 00:21:17.461,1.28265,1.28254,1.5,1
20.08.2021 00:21:19.477,1.28265,1.28252,1,1.5
20.08.2021 00:21:21.490,1.2826600000000001,1.28253,1.87,1
20.08.2021 00:21:26.597,1.28265,1.28252,1.5,1.5
20.08.2021 00:21:26.749,1.28264,1.28254,1,1
20.08.2021 00:21:28.282,1.28262,1.28253,1.25,1
20.08.2021 00:21:28.333,1.28264,1.28251,2.25,1.5
20.08.2021 00:21:28.535,1.28263,1.2824900000000001,1,1.5
20.08.2021 00:21:29.116,1.28263,1.2825,1,1
20.08.2021 00:21:29.218,1.28265,1.28253,1.1,1
20.08.2021 00:21:29.361,1.28265,1.28254,1.87,1
20.08.2021 00:21:31.905,1.28263,1.28254,1,1
20.08.2021 00:21:32.007,1.28263,1.28253,2.25,1
20.08.2021 00:21:32.383,1.28265,1.28252,1.87,1.5
20.08.2021 00:21:32.849,1.28264,1.28252,2.25,1
20.08.2021 00:21:33.001,1.28264,1.28253,1.95,1.5
20.08.2021 00:21:33.255,1.28265,1.28253,1.87,1.5
20.08.2021 00:21:37.894,1.2826600000000001,1.28253,1.87,1
20.08.2021 00:21:40.815,1.28265,1.28252,1,1
20.08.2021 00:21:42.904,1.28264,1.28252,1,1.5
20.08.2021 00:21:43.005,1.28263,1.2825,1.5,1.5
20.08.2021 00:21:43.106,1.28262,1.2824900000000001,1,1
20.08.2021 00:21:43.260,1.28263,1.2825,1,1
20.08.2021 00:21:43.720,1.28264,1.28253,1.5,1
20.08.2021 00:21:45.767,1.28263,1.28252,1,1
20.08.2021 00:21:45.868,1.28264,1.28252,2.62,1
20.08.2021 00:21:45.970,1.2826,1.2824900000000001,1,1.5
20.08.2021 00:21:46.072,1.2826,1.2824700000000002,1,1.2
20.08.2021 00:21:46.174,1.2825900000000001,1.28245,2.25,1.57
20.08.2021 00:21:46.326,1.28258,1.28245,1,1
20.08.2021 00:21:48.832,1.2825900000000001,1.28248,1.12,1.5
20.08.2021 00:21:48.934,1.28261,1.2825,1.6,1
20.08.2021 00:21:48.985,1.28261,1.2824900000000001,2.1,3.07
20.08.2021 00:21:49.036,1.28265,1.28252,3.2,1
20.08.2021 00:21:49.138,1.28265,1.28251,2.45,1.5
20.08.2021 00:21:49.239,1.28264,1.28252,1.87,1.5
20.08.2021 00:21:49.466,1.28264,1.28251,1.5,1
20.08.2021 00:21:49.567,1.28263,1.2825,1,1
20.08.2021 00:21:49.617,1.28262,1.28248,1.5,2.32
20.08.2021 00:21:49.668,1.28263,1.2825,1.5,1
20.08.2021 00:21:50.625,1.28262,1.2824900000000001,1.5,1
20.08.2021 00:21:51.051,1.2825900000000001,1.2824700000000002,1,4
20.08.2021 00:21:51.152,1.28263,1.28253,1.7,1.5
20.08.2021 00:21:51.253,1.2826600000000001,1.28252,2.62,1.5
20.08.2021 00:21:51.916,1.28265,1.28252,1,1
20.08.2021 00:21:52.130,1.28265,1.28251,1.5,1.57
20.08.2021 00:21:52.181,1.28263,1.28251,1,1
20.08.2021 00:21:52.282,1.28263,1.28252,2.62,1
20.08.2021 00:21:52.384,1.28262,1.2824900000000001,1,1.57
20.08.2021 00:21:52.702,1.28263,1.2824900000000001,1.5,1.01
20.08.2021 00:21:52.803,1.28264,1.28252,1.87,1.5
20.08.2021 00:21:53.521,1.28264,1.28251,2.25,1.5
20.08.2021 00:21:53.673,1.28263,1.2825,1,1.12
20.08.2021 00:21:53.875,1.28261,1.2824900000000001,1,1.95
20.08.2021 00:21:53.977,1.2826,1.2824900000000001,1,1.5
20.08.2021 00:21:54.079,1.2825900000000001,1.2824600000000002,1,1.12
20.08.2021 00:21:54.180,1.28262,1.2825,1.1,1.57
20.08.2021 00:21:54.282,1.28263,1.2825,1,1.1
20.08.2021 00:21:54.434,1.28263,1.28252,1.12,1
20.08.2021 00:21:54.535,1.28264,1.28252,1.87,1
20.08.2021 00:21:54.636,1.2826600000000001,1.28253,1.6,1
20.08.2021 00:21:54.788,1.2826700000000002,1.28253,1.87,1
20.08.2021 00:21:55.246,1.28272,1.2826,1.5,1
20.08.2021 00:21:55.296,1.28272,1.28262,1.95,1
20.08.2021 00:21:55.448,1.28274,1.28262,1.5,1
20.08.2021 00:21:55.855,1.28274,1.28262,1.5,1.5
20.08.2021 00:21:56.082,1.28275,1.28261,2.7,1
20.08.2021 00:21:57.805,1.28272,1.2826,1.5,1.1
20.08.2021 00:21:57.906,1.28271,1.28262,1.5,1
20.08.2021 00:21:58.008,1.28273,1.28262,1.12,1
20.08.2021 00:22:04.205,1.28274,1.28262,2.7,1.1
20.08.2021 00:22:04.637,1.28274,1.28261,1,1
20.08.2021 00:22:05.535,1.28274,1.28262,2.7,1.1
20.08.2021 00:22:06.376,1.28269,1.2826,1,1
20.08.2021 00:22:06.428,1.28268,1.28255,2.25,1.6
20.08.2021 00:22:06.530,1.2826700000000002,1.28254,1.5,1.6
20.08.2021 00:22:06.581,1.2826700000000002,1.28254,1.87,1
20.08.2021 00:22:07.376,1.2826600000000001,1.28252,1.87,1.57
20.08.2021 00:22:07.478,1.28265,1.28254,1.5,1
20.08.2021 00:22:10.782,1.28268,1.28255,3.82,1
20.08.2021 00:22:10.984,1.28269,1.28255,3.07,1.57
20.08.2021 00:22:11.085,1.28268,1.28258,1.1,1
20.08.2021 00:22:11.604,1.2827,1.2825700000000002,1.87,1
20.08.2021 00:22:11.705,1.2826600000000001,1.28255,1.5,1.1
20.08.2021 00:22:12.010,1.2826700000000002,1.28253,1.5,1.57
20.08.2021 00:22:14.292,1.2826600000000001,1.28253,1,1.1
20.08.2021 00:22:22.737,1.28265,1.2825600000000001,1,1
20.08.2021 00:22:22.838,1.2826600000000001,1.28254,1,1
20.08.2021 00:22:28.053,1.28265,1.28254,1,1
20.08.2021 00:22:30.059,1.28265,1.28253,1,1.1
20.08.2021 00:22:41.329,1.2826,1.2824900000000001,1.5,1
20.08.2021 00:22:41.379,1.28258,1.2824600000000002,1,1.2
20.08.2021 00:22:41.531,1.2825700000000002,1.2824600000000002,1.5,1
20.08.2021 00:22:41.632,1.2825700000000002,1.28245,1.5,1.95
20.08.2021 00:22:43.904,1.2825700000000002,1.28244,1,1.57
20.08.2021 00:22:44.362,1.2825600000000001,1.28244,2.25,1.5
20.08.2021 00:22:44.464,1.28251,1.2824200000000001,1,1
20.08.2021 00:22:44.565,1.2825,1.2823700000000002,1,2.07
20.08.2021 00:22:44.616,1.2824900000000001,1.28238,1,1.57
20.08.2021 00:22:45.467,1.2825,1.28238,1,1
20.08.2021 00:22:45.695,1.28251,1.28238,1.5,1.5
20.08.2021 00:22:45.799,1.28251,1.28239,1,1.1
20.08.2021 00:22:45.901,1.2824900000000001,1.28238,1,1.57
20.08.2021 00:22:55.647,1.2824900000000001,1.2823600000000002,1,1
20.08.2021 00:22:56.105,1.2824700000000002,1.2823700000000002,1,1
20.08.2021 00:22:56.771,1.28245,1.28234,1,1
20.08.2021 00:22:56.822,1.28245,1.2823200000000001,1,1.5
20.08.2021 00:22:56.924,1.2824700000000002,1.28234,2.37,1
20.08.2021 00:22:57.026,1.2824700000000002,1.28234,1.5,1
20.08.2021 00:22:57.337,1.28245,1.28233,1,1.1
20.08.2021 00:22:57.439,1.2824600000000002,1.28233,1.5,1.1
20.08.2021 00:23:00.865,1.28244,1.28233,1,1.57
20.08.2021 00:23:01.233,1.2824700000000002,1.2823600000000002,1.5,1
20.08.2021 00:23:03.367,1.28248,1.2823600000000002,1,1.1
20.08.2021 00:23:03.642,1.2824700000000002,1.2823600000000002,1,1.1
20.08.2021 00:23:04.026,1.2824700000000002,1.2823700000000002,1,1.1
20.08.2021 00:23:10.645,1.2824600000000002,1.2823700000000002,1.5,1.1
20.08.2021 00:23:10.747,1.28241,1.2823,1,2.1
20.08.2021 00:23:10.849,1.2824,1.2823,1,1.6
20.08.2021 00:23:10.954,1.2824,1.2823,1,1.1
20.08.2021 00:23:12.208,1.28241,1.28229,1,1.1
20.08.2021 00:23:27.136,1.28241,1.28228,1,1.57
20.08.2021 00:23:27.243,1.28241,1.28228,1,1.6
20.08.2021 00:23:34.493,1.28241,1.28228,1.5,1.1
20.08.2021 00:23:36.971,1.28239,1.28229,1,1.1
20.08.2021 00:23:39.221,1.28241,1.28228,1.12,1.57
20.08.2021 00:23:44.636,1.28241,1.2823,1.12,1
20.08.2021 00:23:47.363,1.2824,1.28229,1,1.1
20.08.2021 00:23:50.120,1.2824,1.2823200000000001,1,1.69
20.08.2021 00:23:50.171,1.28244,1.2823600000000002,1.1,1.1
20.08.2021 00:23:50.272,1.2824700000000002,1.2823700000000002,1.5,1.1
20.08.2021 00:23:50.323,1.2824700000000002,1.2823700000000002,1,1.1
20.08.2021 00:23:50.576,1.28248,1.2823700000000002,1,1.1
20.08.2021 00:23:50.898,1.28248,1.28238,1,1
20.08.2021 00:23:51.025,1.2825,1.2823700000000002,1,1.5
20.08.2021 00:23:51.128,1.2824900000000001,1.28239,1,1
20.08.2021 00:23:58.085,1.28253,1.28241,2.07,1.1
20.08.2021 00:23:58.186,1.2825700000000002,1.2824600000000002,1,1
20.08.2021 00:23:58.287,1.2825900000000001,1.2824600000000002,1.6,1
20.08.2021 00:23:58.389,1.28258,1.28248,1,1
20.08.2021 00:23:58.641,1.2825900000000001,1.2824600000000002,1,1.1
20.08.2021 00:24:02.560,1.28258,1.2824600000000002,1,1
20.08.2021 00:24:02.864,1.2825900000000001,1.28248,1.5,1
20.08.2021 00:24:02.984,1.28258,1.2824700000000002,1.12,1.1
20.08.2021 00:24:03.135,1.2825700000000002,1.2824700000000002,1,1
20.08.2021 00:24:03.337,1.2825900000000001,1.2824600000000002,1,1
20.08.2021 00:24:04.740,1.2825700000000002,1.2824700000000002,1,1
20.08.2021 00:24:04.891,1.28252,1.2824200000000001,1,1.5
20.08.2021 00:24:05.094,1.28251,1.28239,1.12,1
20.08.2021 00:24:05.245,1.28252,1.2824,1.62,1
20.08.2021 00:24:05.346,1.28251,1.28238,1,1.1
20.08.2021 00:24:08.401,1.2825,1.2824,1,1
20.08.2021 00:24:09.925,1.28252,1.28239,1,1.57
20.08.2021 00:24:12.313,1.2825,1.2824,1,1
20.08.2021 00:24:12.414,1.2825,1.28238,1,1
20.08.2021 00:24:14.643,1.28248,1.2823700000000002,1.5,1
20.08.2021 00:24:14.693,1.2824900000000001,1.28238,1,1
20.08.2021 00:24:15.919,1.2824600000000002,1.2823700000000002,1.5,1.5
20.08.2021 00:24:16.020,1.28245,1.2823600000000002,1,1
20.08.2021 00:24:16.121,1.28245,1.28233,1,1
20.08.2021 00:24:16.327,1.28244,1.2823200000000001,1.87,1
20.08.2021 00:24:16.708,1.28244,1.2823,1.87,1.57
20.08.2021 00:24:16.860,1.28244,1.28231,1.87,1
20.08.2021 00:24:17.555,1.28244,1.2823200000000001,1.12,1
20.08.2021 00:24:17.879,1.2824200000000001,1.2823200000000001,1,1
20.08.2021 00:24:17.981,1.28243,1.2823,1,1.1
20.08.2021 00:24:18.082,1.28243,1.28231,1,1
20.08.2021 00:24:18.234,1.2824200000000001,1.28233,1,1
20.08.2021 00:24:19.485,1.28244,1.2823200000000001,1.12,1
20.08.2021 00:24:19.961,1.2824200000000001,1.2823200000000001,1,1
20.08.2021 00:24:21.958,1.2824200000000001,1.28231,1,1
20.08.2021 00:24:22.597,1.2823700000000002,1.2822500000000001,1,1.6
20.08.2021 00:24:22.698,1.28235,1.28221,1.5,2.66
20.08.2021 00:24:22.850,1.28234,1.2822200000000001,1,1.1
20.08.2021 00:24:23.363,1.28233,1.28221,1,1.1
20.08.2021 00:24:28.716,1.28233,1.2822,1,1.57
20.08.2021 00:24:29.074,1.2823200000000001,1.2822,1,1
20.08.2021 00:24:29.226,1.28228,1.2821600000000002,1.5,2.1
20.08.2021 00:24:29.277,1.2822700000000002,1.28214,1,2.1
20.08.2021 00:24:29.378,1.2822700000000002,1.28214,1.5,1
20.08.2021 00:24:29.631,1.2822500000000001,1.28214,1,1.57
20.08.2021 00:24:29.734,1.28224,1.2821200000000001,1,1.1
20.08.2021 00:24:29.835,1.2822500000000001,1.2821200000000001,1.5,1.57
20.08.2021 00:24:30.297,1.2822500000000001,1.2821200000000001,1.5,1.6
20.08.2021 00:24:31.700,1.2822500000000001,1.28214,1.5,2.51
20.08.2021 00:24:31.751,1.28228,1.28217,1.5,1.1
20.08.2021 00:24:33.432,1.2822500000000001,1.2821200000000001,1.5,2.07
20.08.2021 00:24:33.584,1.2822500000000001,1.2821200000000001,1.5,1.57
20.08.2021 00:24:34.360,1.28224,1.2821200000000001,1,1
20.08.2021 00:24:34.462,1.28224,1.28211,1,1.57
20.08.2021 00:24:34.563,1.28224,1.28211,1,1.6
20.08.2021 00:24:35.402,1.28223,1.28211,1,1.1
20.08.2021 00:24:35.504,1.28224,1.28211,1,1.57
20.08.2021 00:24:35.605,1.28224,1.28213,1.5,1.5
20.08.2021 00:24:35.959,1.28224,1.28214,1,1
20.08.2021 00:24:36.061,1.2823,1.2822,1.62,1
20.08.2021 00:24:36.112,1.2823200000000001,1.28219,1,1.57
20.08.2021 00:24:36.264,1.2823200000000001,1.28221,1,1
20.08.2021 00:24:36.365,1.28233,1.28221,1.57,1.5
20.08.2021 00:24:36.466,1.28233,1.28219,1,1.57
20.08.2021 00:24:36.568,1.28228,1.28217,1,1.95
20.08.2021 00:24:36.669,1.2823,1.2821600000000002,2.62,1.57
20.08.2021 00:24:36.770,1.2823,1.2822,2.62,1
20.08.2021 00:24:37.076,1.2823200000000001,1.28221,2.19,1
20.08.2021 00:24:37.127,1.28233,1.2822,1.12,1
20.08.2021 00:24:37.228,1.28229,1.2822,1.01,1.5
20.08.2021 00:24:37.279,1.2823,1.28217,1.5,1
20.08.2021 00:24:37.633,1.28233,1.2822,2.82,1
20.08.2021 00:24:37.735,1.28233,1.28221,1.12,1
20.08.2021 00:24:37.937,1.28234,1.28221,1.87,1
20.08.2021 00:24:40.121,1.2823200000000001,1.2822200000000001,1,1
20.08.2021 00:24:40.529,1.28233,1.28219,1.5,1.57
20.08.2021 00:24:41.136,1.2823,1.2822,1,1
20.08.2021 00:24:41.338,1.28228,1.28219,1,1
20.08.2021 00:24:41.389,1.28229,1.2821600000000002,1,1.2
20.08.2021 00:24:41.490,1.2822600000000002,1.28217,1,1.12
20.08.2021 00:24:41.591,1.28229,1.2821600000000002,1.5,1.5
20.08.2021 00:24:41.692,1.2822600000000002,1.2821600000000002,1,1
20.08.2021 00:24:41.793,1.28228,1.2821500000000001,2.7,1
20.08.2021 00:24:41.894,1.2822700000000002,1.2821500000000001,1,1
20.08.2021 00:24:41.995,1.2822700000000002,1.28214,1.5,1.5
20.08.2021 00:24:42.340,1.2822700000000002,1.2821600000000002,1.87,1.5
20.08.2021 00:24:47.081,1.2822700000000002,1.28214,1,1.5
20.08.2021 00:24:47.182,1.28228,1.28214,1.95,1.5
20.08.2021 00:24:47.283,1.2822700000000002,1.2821500000000001,1,1
20.08.2021 00:24:47.384,1.28228,1.2821500000000001,1.95,1
20.08.2021 00:24:47.555,1.28228,1.2821500000000001,2.07,1
20.08.2021 00:24:47.837,1.2822700000000002,1.28214,1.2,1.5
20.08.2021 00:24:47.938,1.2822600000000002,1.28214,1,1
20.08.2021 00:24:48.337,1.2822700000000002,1.2821500000000001,2.32,1.25
20.08.2021 00:24:48.438,1.2823,1.28217,2.82,1.5
20.08.2021 00:24:48.540,1.28229,1.28219,1.12,1
20.08.2021 00:24:48.642,1.28229,1.28217,2.7,1.5
20.08.2021 00:24:48.743,1.2823,1.2821600000000002,3.6,1.5
20.08.2021 00:24:48.895,1.2822700000000002,1.2821500000000001,1,1.5
20.08.2021 00:24:48.997,1.2822700000000002,1.28214,1.87,1.5
20.08.2021 00:24:49.104,1.2822700000000002,1.28213,3.45,1.5
20.08.2021 00:24:49.206,1.2822600000000002,1.28213,1.2,1.5
20.08.2021 00:24:49.342,1.28224,1.28214,1,1
20.08.2021 00:24:49.443,1.2822500000000001,1.28213,3.45,1.5
20.08.2021 00:24:49.544,1.2822600000000002,1.2821200000000001,3.47,1.5
20.08.2021 00:24:49.645,1.2822600000000002,1.28213,2.7,1.5
20.08.2021 00:24:49.797,1.28224,1.2821200000000001,1,1
20.08.2021 00:24:49.912,1.2822500000000001,1.2821200000000001,1.1,1
20.08.2021 00:24:50.013,1.28223,1.28213,1,1
20.08.2021 00:24:50.114,1.28223,1.2821,3.5,2.25
20.08.2021 00:24:50.165,1.28223,1.28211,2.7,1.5
20.08.2021 00:24:50.216,1.2822700000000002,1.28213,3.53,1.5
20.08.2021 00:24:50.317,1.2822600000000002,1.2821600000000002,2.82,1
20.08.2021 00:24:50.620,1.28228,1.2821600000000002,1.12,1
20.08.2021 00:24:50.722,1.2822700000000002,1.28217,1,1
20.08.2021 00:24:50.773,1.2823,1.28219,1.5,1
20.08.2021 00:24:50.875,1.2823,1.28218,1.5,1
20.08.2021 00:24:51.027,1.28231,1.2822,1.2,1
20.08.2021 00:24:51.129,1.28233,1.28219,3.79,1
20.08.2021 00:24:51.180,1.28233,1.28221,2.07,1
20.08.2021 00:24:51.282,1.28233,1.28223,4.02,1
20.08.2021 00:24:51.383,1.28234,1.28221,3.57,1
20.08.2021 00:24:51.486,1.28234,1.28223,1.6,1
20.08.2021 00:24:51.588,1.28235,1.28224,1.6,1
20.08.2021 00:24:51.741,1.28235,1.28224,1.95,1
20.08.2021 00:24:51.843,1.2823200000000001,1.2822500000000001,1,1
20.08.2021 00:24:52.010,1.28235,1.28223,1.95,1
20.08.2021 00:24:52.166,1.28233,1.28224,1,1
20.08.2021 00:24:52.268,1.28233,1.28223,1,1
20.08.2021 00:24:52.369,1.28234,1.2822200000000001,1.12,1
20.08.2021 00:24:52.497,1.28233,1.2822200000000001,1.12,1
20.08.2021 00:24:52.649,1.2823200000000001,1.2822200000000001,1.12,1
20.08.2021 00:24:53.416,1.2823,1.28219,1.12,1
20.08.2021 00:24:53.567,1.28229,1.28219,1.87,1
20.08.2021 00:24:54.933,1.28234,1.28223,2.52,1
20.08.2021 00:24:55.084,1.28235,1.28223,2.45,1
20.08.2021 00:24:55.485,1.28235,1.28224,1.6,1
20.08.2021 00:24:55.586,1.28235,1.28224,1.87,1
20.08.2021 00:24:55.688,1.28233,1.2822500000000001,1,1
20.08.2021 00:24:55.794,1.28235,1.28224,1.87,1
20.08.2021 00:24:55.895,1.28233,1.2822500000000001,1,1
20.08.2021 00:24:56.047,1.28233,1.28223,1,1
20.08.2021 00:24:56.148,1.28234,1.28223,1.87,1
20.08.2021 00:24:56.300,1.28234,1.28221,1,1.57
20.08.2021 00:24:56.934,1.28234,1.28221,1.5,1
20.08.2021 00:24:57.770,1.2823200000000001,1.2822,1,1
20.08.2021 00:24:57.871,1.2823200000000001,1.28221,1.12,1.5
20.08.2021 00:24:58.176,1.2823200000000001,1.2822,1,1
20.08.2021 00:24:58.585,1.28233,1.2822,1.12,1.5
20.08.2021 00:24:59.835,1.28231,1.28221,1,1
20.08.2021 00:25:00.274,1.2823200000000001,1.28221,1.12,1
20.08.2021 00:25:03.192,1.28234,1.2822,1.2,1.5
20.08.2021 00:25:03.395,1.28233,1.2822,1,1.5
20.08.2021 00:25:03.496,1.28231,1.2822,1,1.5
20.08.2021 00:25:03.547,1.2823,1.28217,2.25,1
20.08.2021 00:25:03.648,1.2823,1.28217,2.75,1
20.08.2021 00:25:04.003,1.2822700000000002,1.2821500000000001,1,1.5
20.08.2021 00:25:04.105,1.28231,1.28218,2.1,1
20.08.2021 00:25:04.206,1.2823,1.28219,1.6,1
20.08.2021 00:25:04.514,1.2823,1.2821600000000002,3.6,1.5
20.08.2021 00:25:04.743,1.2822700000000002,1.28217,1,1.5
20.08.2021 00:25:04.845,1.2822700000000002,1.2821500000000001,1,1
20.08.2021 00:25:04.997,1.2822600000000002,1.2821500000000001,1,1.57
20.08.2021 00:25:05.099,1.2822700000000002,1.2821500000000001,1,1
20.08.2021 00:25:05.305,1.28228,1.2821500000000001,1.95,1
20.08.2021 00:25:05.407,1.2822700000000002,1.28214,1,1.57
20.08.2021 00:25:05.775,1.28229,1.2821600000000002,2,1
20.08.2021 00:25:05.977,1.2823,1.2821600000000002,2.82,1.5
20.08.2021 00:25:07.377,1.28228,1.28217,1.5,1.5
20.08.2021 00:25:07.593,1.2822700000000002,1.2821600000000002,1,1
20.08.2021 00:25:07.694,1.2822600000000002,1.2821600000000002,1,1
20.08.2021 00:25:07.795,1.28228,1.2821600000000002,2.07,1.5
20.08.2021 00:25:08.207,1.2822600000000002,1.2821600000000002,1,1
20.08.2021 00:25:08.308,1.28228,1.2821500000000001,1.12,1
20.08.2021 00:25:08.460,1.2822700000000002,1.2821500000000001,1.12,1
20.08.2021 00:25:08.561,1.2822700000000002,1.28214,1.87,1
20.08.2021 00:25:08.663,1.2822600000000002,1.28214,1.87,1.5
20.08.2021 00:25:09.270,1.2822600000000002,1.28213,1,1.5
20.08.2021 00:25:09.624,1.2822600000000002,1.28214,1.95,1.5
20.08.2021 00:25:09.776,1.2822600000000002,1.28213,1.5,1.5
20.08.2021 00:25:09.877,1.2822700000000002,1.28213,1.95,1.5
20.08.2021 00:25:09.978,1.28224,1.28214,1,1.5
20.08.2021 00:25:10.129,1.2822600000000002,1.28214,1.95,1.5
20.08.2021 00:25:10.281,1.28224,1.28214,1,1.5
20.08.2021 00:25:10.382,1.2822600000000002,1.28213,1.1,1.5
20.08.2021 00:25:10.943,1.2822700000000002,1.28213,2.7,1.5
20.08.2021 00:25:11.095,1.2822600000000002,1.28213,1.12,1.5
20.08.2021 00:25:11.618,1.2822500000000001,1.2821200000000001,1.5,1.5
20.08.2021 00:25:12.274,1.28224,1.2821,1.95,1.76
20.08.2021 00:25:12.325,1.2822500000000001,1.28213,1.5,1
20.08.2021 00:25:12.376,1.2822700000000002,1.28213,2.07,1.5
20.08.2021 00:25:14.457,1.28228,1.28214,1.6,1.5
20.08.2021 00:25:14.558,1.28229,1.2821500000000001,2.1,1
20.08.2021 00:25:14.659,1.2822600000000002,1.2821600000000002,1.12,1
20.08.2021 00:25:14.760,1.2822700000000002,1.28214,1.12,1.5
20.08.2021 00:25:14.862,1.28229,1.2821500000000001,1.6,1.5
20.08.2021 00:25:14.963,1.2822700000000002,1.28214,1.12,1.5
20.08.2021 00:25:15.267,1.2822600000000002,1.2821500000000001,3.57,1
20.08.2021 00:25:15.989,1.2822600000000002,1.28213,1.12,1.5
20.08.2021 00:25:16.090,1.2822700000000002,1.28214,2.07,1
20.08.2021 00:25:16.194,1.2822700000000002,1.28213,2.82,1.5
20.08.2021 00:25:16.346,1.2822700000000002,1.28214,2.07,1
20.08.2021 00:25:17.405,1.2822700000000002,1.28213,2.82,1.5
20.08.2021 00:25:19.136,1.2822700000000002,1.28214,2.07,1
20.08.2021 00:25:19.305,1.2822700000000002,1.28213,2.82,1.5
20.08.2021 00:25:19.613,1.2822600000000002,1.2821500000000001,2.82,1
20.08.2021 00:25:19.714,1.2822700000000002,1.28213,2.82,1.5
20.08.2021 00:25:20.023,1.2822600000000002,1.2821500000000001,2.07,1
20.08.2021 00:25:20.501,1.2822700000000002,1.28213,2.82,1.5
20.08.2021 00:25:21.211,1.2822500000000001,1.28213,1.2,1.5
20.08.2021 00:25:22.385,1.2822500000000001,1.28214,1.2,1
20.08.2021 00:25:22.486,1.28224,1.28214,1,1
20.08.2021 00:25:22.587,1.2822700000000002,1.28213,2.85,1
20.08.2021 00:25:22.782,1.2822700000000002,1.2821500000000001,2.07,1
20.08.2021 00:25:22.833,1.2823,1.28218,2.02,1
20.08.2021 00:25:22.934,1.28229,1.28218,3.55,1
20.08.2021 00:25:23.036,1.28231,1.28218,1.95,1
20.08.2021 00:25:23.137,1.2823,1.28218,1.5,1
20.08.2021 00:25:23.288,1.28231,1.2822,1.2,1
20.08.2021 00:25:23.440,1.28229,1.2822,1,1
20.08.2021 00:25:23.541,1.2823,1.2822,1.12,1
20.08.2021 00:25:23.642,1.2823,1.28219,1.5,1
20.08.2021 00:25:23.995,1.28231,1.28218,3.39,1
20.08.2021 00:25:24.198,1.2823,1.28218,1,1.5
20.08.2021 00:25:24.350,1.2823,1.28217,1.57,1.5
20.08.2021 00:25:24.451,1.2822700000000002,1.2821600000000002,1,1
20.08.2021 00:25:24.703,1.2822600000000002,1.2821600000000002,1.12,1
20.08.2021 00:25:24.856,1.2822700000000002,1.28214,2.82,1.5
20.08.2021 00:25:24.958,1.2822500000000001,1.28214,1,1
20.08.2021 00:25:25.060,1.2822500000000001,1.28214,1.2,1.5
20.08.2021 00:25:25.263,1.28224,1.28213,2,1
20.08.2021 00:25:25.416,1.28223,1.28211,1.95,1
20.08.2021 00:25:25.518,1.2822600000000002,1.28213,2.72,1
20.08.2021 00:25:25.620,1.2822600000000002,1.28214,1.2,1
20.08.2021 00:25:26.279,1.2822600000000002,1.28214,3.6,1
20.08.2021 00:25:26.595,1.2822600000000002,1.28214,3.6,1
20.08.2021 00:25:26.697,1.2822500000000001,1.28213,1,1
20.08.2021 00:25:26.850,1.2822700000000002,1.28213,3.6,1
20.08.2021 00:25:26.951,1.2822500000000001,1.28213,1,1
20.08.2021 00:25:27.074,1.2822600000000002,1.28213,1.2,1
20.08.2021 00:25:27.181,1.2822500000000001,1.28213,1,1
20.08.2021 00:25:27.333,1.2822600000000002,1.28214,3.6,1
20.08.2021 00:25:27.434,1.2822700000000002,1.28214,3.6,1
20.08.2021 00:25:30.190,1.2822600000000002,1.28213,1.97,1
20.08.2021 00:25:32.863,1.28218,1.2821,1,1
20.08.2021 00:25:32.914,1.28221,1.28209,3.07,1
20.08.2021 00:25:33.015,1.28221,1.28209,1.22,1
20.08.2021 00:25:33.117,1.28218,1.28211,1,1
20.08.2021 00:25:33.167,1.28223,1.2821200000000001,1.1,1
20.08.2021 00:25:33.269,1.2822500000000001,1.28214,1.6,1
20.08.2021 00:25:33.960,1.2822700000000002,1.28214,3.6,1
20.08.2021 00:25:34.112,1.2822700000000002,1.28213,3.6,1.5
20.08.2021 00:25:34.213,1.2822600000000002,1.28213,1.22,1.5
20.08.2021 00:25:35.172,1.2822200000000001,1.2821200000000001,2.7,1.5
20.08.2021 00:25:35.273,1.2822200000000001,1.28213,1.2,1.5
20.08.2021 00:25:35.374,1.2822600000000002,1.28213,3.3,1.5
20.08.2021 00:25:35.475,1.28223,1.2821200000000001,1.6,1
20.08.2021 00:25:35.576,1.28223,1.28211,2,1
20.08.2021 00:25:35.677,1.28223,1.28213,1.5,1
20.08.2021 00:25:35.829,1.2822600000000002,1.28213,1.6,1
20.08.2021 00:25:36.651,1.2822700000000002,1.28214,2.82,1
20.08.2021 00:25:37.685,1.2822700000000002,1.28213,2.82,1.5
20.08.2021 00:25:39.207,1.28221,1.28213,1,1.5
20.08.2021 00:25:39.258,1.28221,1.2821,1,1
20.08.2021 00:25:39.359,1.28221,1.28209,1.1,1
20.08.2021 00:25:39.613,1.28223,1.2821,2.1,1
20.08.2021 00:25:39.714,1.2822500000000001,1.28213,1.2,1
20.08.2021 00:25:40.827,1.28219,1.28209,1,1
20.08.2021 00:25:40.878,1.28221,1.28209,1.1,1
20.08.2021 00:25:40.980,1.28221,1.28209,1.1,1.5
20.08.2021 00:25:41.082,1.28219,1.28209,1,1.5
20.08.2021 00:25:41.184,1.2822,1.2821,1.97,1
20.08.2021 00:25:41.285,1.2822,1.2820799999999999,1.2,1
20.08.2021 00:25:41.387,1.28221,1.28209,2.85,1
20.08.2021 00:25:42.765,1.28221,1.28209,1.1,1
20.08.2021 00:25:42.866,1.28221,1.2821,1.1,1
20.08.2021 00:25:43.471,1.28223,1.2821,1.22,1.5
20.08.2021 00:25:43.522,1.2822600000000002,1.2821200000000001,3.3,1
20.08.2021 00:25:43.673,1.2822500000000001,1.28213,2.85,1.5
20.08.2021 00:25:44.011,1.2822500000000001,1.28214,2.1,1
20.08.2021 00:25:44.665,1.2822600000000002,1.2821200000000001,2.85,1.5
20.08.2021 00:25:44.767,1.2822500000000001,1.28213,2.85,1.5
20.08.2021 00:25:45.023,1.28221,1.2821,1,1.5
20.08.2021 00:25:46.347,1.2822600000000002,1.2821200000000001,3.9,1
20.08.2021 00:25:46.397,1.2822600000000002,1.2821200000000001,1.77,1
20.08.2021 00:25:47.212,1.2822700000000002,1.28213,3.57,1
20.08.2021 00:25:49.923,1.28223,1.2821200000000001,1,1
20.08.2021 00:25:50.075,1.2822500000000001,1.28213,2.1,1.5
20.08.2021 00:25:51.075,1.2822200000000001,1.28211,1.95,1
20.08.2021 00:25:51.126,1.28223,1.2821200000000001,1.12,1
20.08.2021 00:25:51.278,1.2822600000000002,1.2821200000000001,2.85,1
20.08.2021 00:25:51.623,1.2822200000000001,1.28211,2.7,1.5
20.08.2021 00:25:51.725,1.28223,1.2821200000000001,1.12,1
20.08.2021 00:25:51.826,1.2822600000000002,1.2821200000000001,2.85,1.5
20.08.2021 00:25:51.927,1.2822600000000002,1.28213,2.1,1
20.08.2021 00:25:52.180,1.2822600000000002,1.28213,1.6,1
20.08.2021 00:25:52.332,1.2822600000000002,1.28213,1.6,1
20.08.2021 00:25:53.540,1.2822,1.28214,1,1
20.08.2021 00:25:53.591,1.2822,1.28211,1,1.5
20.08.2021 00:25:53.693,1.28223,1.2821200000000001,2.85,1
20.08.2021 00:25:53.795,1.2822500000000001,1.2821200000000001,1.6,1
20.08.2021 00:25:53.947,1.2822500000000001,1.2821200000000001,1.2,1
20.08.2021 00:25:54.422,1.28223,1.28213,1,1
20.08.2021 00:25:54.474,1.28221,1.2821,1,1.5
20.08.2021 00:25:54.986,1.28221,1.28209,1.22,1
20.08.2021 00:25:55.088,1.28219,1.28209,1,1.5
20.08.2021 00:25:55.194,1.28221,1.28209,2.7,1.5
20.08.2021 00:25:56.895,1.2822600000000002,1.28213,3.67,1
20.08.2021 00:25:57.098,1.2822600000000002,1.28213,2.1,1
20.08.2021 00:25:58.115,1.2822500000000001,1.28214,2.1,1
20.08.2021 00:25:59.255,1.2822500000000001,1.28213,2.1,1.5
20.08.2021 00:26:00.325,1.28221,1.28211,1,1
20.08.2021 00:26:00.426,1.2822,1.28211,1.12,1.5
20.08.2021 00:26:00.728,1.28223,1.28211,4.35,1.5
20.08.2021 00:26:00.830,1.2822600000000002,1.28213,2.55,1
20.08.2021 00:26:00.931,1.2822700000000002,1.28213,3.6,1
20.08.2021 00:26:01.032,1.2822600000000002,1.28214,3.6,1
20.08.2021 00:26:01.183,1.2822500000000001,1.28213,1.2,1.5
20.08.2021 00:26:01.844,1.2822600000000002,1.2821200000000001,1.22,1.5
20.08.2021 00:26:02.001,1.2822700000000002,1.28213,3.6,1
20.08.2021 00:26:03.860,1.2822700000000002,1.28213,2.85,1
20.08.2021 00:26:05.619,1.2822600000000002,1.2821500000000001,2.72,1
20.08.2021 00:26:05.721,1.2822700000000002,1.28214,2.7,1
20.08.2021 00:26:06.034,1.2822700000000002,1.28214,2.72,1
20.08.2021 00:26:10.550,1.2822700000000002,1.2821500000000001,1.2,1
20.08.2021 00:26:11.657,1.2822700000000002,1.28214,2.7,1
20.08.2021 00:26:11.758,1.2822700000000002,1.28214,2.72,1
20.08.2021 00:26:16.894,1.2822700000000002,1.28213,2.85,1.5
20.08.2021 00:26:18.976,1.2822600000000002,1.2821500000000001,2.85,1
20.08.2021 00:26:52.811,1.2822600000000002,1.28214,2.72,1.5
20.08.2021 00:26:53.064,1.2822500000000001,1.28214,1.6,1
20.08.2021 00:27:06.805,1.28223,1.28214,1,1
20.08.2021 00:27:06.856,1.28219,1.28209,1,1
20.08.2021 00:27:07.060,1.28221,1.2820799999999999,1.1,1.5
20.08.2021 00:27:07.110,1.28218,1.2820799999999999,1,1
20.08.2021 00:27:07.264,1.2822,1.2821,1.95,1
20.08.2021 00:27:11.302,1.28219,1.2821,1,1
20.08.2021 00:27:11.353,1.28219,1.28207,1.87,1
20.08.2021 00:27:11.404,1.28221,1.28211,1.6,1
20.08.2021 00:27:11.505,1.28224,1.2821200000000001,1.6,1
20.08.2021 00:27:11.556,1.2822500000000001,1.28213,1.5,1
20.08.2021 00:27:14.277,1.2822500000000001,1.28213,1,1
20.08.2021 00:27:14.379,1.2822600000000002,1.28213,1.12,1
20.08.2021 00:27:14.581,1.2822500000000001,1.2821500000000001,1.12,1
20.08.2021 00:27:18.555,1.2822600000000002,1.2821500000000001,1.12,1
20.08.2021 00:27:22.894,1.2822600000000002,1.2821500000000001,2,1
20.08.2021 00:27:23.597,1.2822700000000002,1.28214,2.62,1
20.08.2021 00:27:45.843,1.2822700000000002,1.28213,2.62,1.5
20.08.2021 00:27:49.503,1.2823,1.28219,1.5,1
20.08.2021 00:27:49.604,1.28234,1.2822,2.07,1
20.08.2021 00:27:49.705,1.28234,1.28221,2.07,1
20.08.2021 00:27:49.907,1.28234,1.28221,1.95,1
20.08.2021 00:27:55.040,1.28234,1.2822,1.87,1.5
20.08.2021 00:27:57.194,1.28234,1.28221,1.87,1
20.08.2021 00:28:05.899,1.28234,1.2822200000000001,1.12,1
20.08.2021 00:28:06.051,1.28229,1.28218,1.5,1
20.08.2021 00:28:06.102,1.28228,1.2821600000000002,1,1
20.08.2021 00:28:06.205,1.2822600000000002,1.28217,1,1
20.08.2021 00:28:06.256,1.28233,1.28221,2.37,1
20.08.2021 00:28:06.307,1.28233,1.28223,1.6,1
20.08.2021 00:28:06.560,1.28234,1.2822200000000001,1.2,1
20.08.2021 00:28:09.861,1.28234,1.28223,1.12,1
20.08.2021 00:28:09.912,1.2823600000000002,1.28223,1.12,1.5
20.08.2021 00:28:10.013,1.28234,1.28224,1.5,1
20.08.2021 00:28:10.645,1.28233,1.28224,1,1
20.08.2021 00:28:12.434,1.28233,1.28223,1.12,1
20.08.2021 00:28:15.012,1.28233,1.2822200000000001,1.87,1
20.08.2021 00:28:15.214,1.28234,1.2822200000000001,1.2,1
20.08.2021 00:28:25.928,1.28233,1.2822200000000001,1,1
20.08.2021 00:28:32.606,1.2823200000000001,1.2822200000000001,1,1
20.08.2021 00:28:32.808,1.2823200000000001,1.28223,1,1
20.08.2021 00:28:39.147,1.28233,1.28221,1,1
20.08.2021 00:28:42.755,1.2823,1.2822200000000001,1,1
20.08.2021 00:28:43.027,1.2823200000000001,1.28221,1.12,1
20.08.2021 00:28:45.706,1.2822700000000002,1.2821500000000001,1,1.2
20.08.2021 00:28:45.807,1.2822600000000002,1.2821500000000001,1.5,1
20.08.2021 00:28:47.866,1.2822600000000002,1.28214,1,1
20.08.2021 00:28:55.554,1.2822600000000002,1.28213,1.12,1
20.08.2021 00:28:56.836,1.2822500000000001,1.28213,1,1
20.08.2021 00:29:03.277,1.2822500000000001,1.2821200000000001,1.5,1.5
20.08.2021 00:29:13.608,1.28224,1.28214,1,1
20.08.2021 00:29:13.710,1.2822500000000001,1.2821200000000001,1,1.76
20.08.2021 00:29:18.411,1.2822200000000001,1.28211,1,1
20.08.2021 00:29:20.272,1.28224,1.28213,2.62,1
20.08.2021 00:29:20.599,1.28224,1.2821200000000001,1.87,1.5
20.08.2021 00:29:21.208,1.28224,1.28213,1.87,1
20.08.2021 00:29:21.410,1.28224,1.28211,1,1
20.08.2021 00:29:21.766,1.28223,1.28213,1,1
20.08.2021 00:29:22.526,1.2822500000000001,1.2821200000000001,1.87,1
20.08.2021 00:29:23.348,1.2822200000000001,1.28211,1,1
20.08.2021 00:29:27.093,1.2822200000000001,1.28213,1.12,1
20.08.2021 00:29:27.194,1.2822200000000001,1.2821200000000001,1.12,1
20.08.2021 00:29:27.295,1.28224,1.28211,1,1
20.08.2021 00:29:27.397,1.28223,1.28213,1,1
20.08.2021 00:29:27.649,1.28224,1.28211,1,1
20.08.2021 00:29:38.997,1.2822500000000001,1.2821200000000001,2.62,1
20.08.2021 00:29:39.557,1.28224,1.2821200000000001,2.25,1.5
20.08.2021 00:29:40.591,1.28224,1.28213,1.5,1
20.08.2021 00:29:40.692,1.28224,1.2821200000000001,2.25,1.5
20.08.2021 00:29:44.356,1.2822500000000001,1.2821200000000001,1.5,1
20.08.2021 00:29:45.711,1.28221,1.2820799999999999,2.06,1.57
20.08.2021 00:29:45.813,1.28218,1.2820500000000001,1.5,1.2
20.08.2021 00:30:16.756,1.28219,1.2820500000000001,2.62,1.5
20.08.2021 00:30:18.315,1.28218,1.2820500000000001,1,1
20.08.2021 00:30:19.736,1.28219,1.2820500000000001,1.87,1.5
20.08.2021 00:30:20.619,1.28219,1.2820600000000002,1.12,1
20.08.2021 00:30:24.928,1.28219,1.2820799999999999,1.12,1
20.08.2021 00:30:28.286,1.28219,1.28207,1.12,1
20.08.2021 00:30:31.405,1.28218,1.28209,1.12,1
20.08.2021 00:30:35.723,1.28218,1.2820799999999999,1.12,1
20.08.2021 00:30:44.253,1.2822,1.28207,2.72,1
20.08.2021 00:30:47.602,1.2822,1.28207,2.85,1
20.08.2021 00:30:48.284,1.2822,1.28207,2.85,1
20.08.2021 00:30:48.998,1.28214,1.2820500000000001,3.82,1
20.08.2021 00:30:49.049,1.2821200000000001,1.2820200000000002,1.6,1.5
20.08.2021 00:30:49.150,1.2821200000000001,1.282,1.6,1.5
20.08.2021 00:30:49.201,1.2821200000000001,1.282,1.97,1
20.08.2021 00:30:57.711,1.2820799999999999,1.28198,1.12,1
20.08.2021 00:30:57.813,1.2820799999999999,1.28197,1.97,1
20.08.2021 00:30:57.966,1.2820500000000001,1.28193,1.57,1.5
20.08.2021 00:30:58.068,1.2820500000000001,1.28193,2.1,1.5
20.08.2021 00:30:58.170,1.2820500000000001,1.28193,1.1,1.5
20.08.2021 00:30:58.222,1.2820600000000002,1.2819500000000001,2.16,1
20.08.2021 00:30:58.374,1.2820500000000001,1.28194,1.57,1
20.08.2021 00:30:58.475,1.28203,1.28194,1.1,1.5
20.08.2021 00:30:59.254,1.2820600000000002,1.2819500000000001,2.16,1
20.08.2021 00:30:59.356,1.2820600000000002,1.2819500000000001,2.14,1
20.08.2021 00:30:59.507,1.28204,1.2819500000000001,1.57,1
20.08.2021 00:30:59.608,1.2820500000000001,1.28194,1.6,1
20.08.2021 00:30:59.816,1.2820500000000001,1.28194,1.57,1
20.08.2021 00:31:00.226,1.2820500000000001,1.28197,2.14,1
20.08.2021 00:31:02.085,1.2820500000000001,1.28196,1,1
20.08.2021 00:31:02.136,1.2820500000000001,1.28193,1.1,1.5
20.08.2021 00:31:02.188,1.2820600000000002,1.2819500000000001,2.16,1
20.08.2021 00:31:02.289,1.2820600000000002,1.2819500000000001,2.14,1
20.08.2021 00:31:04.660,1.28209,1.28196,3.1,1
20.08.2021 00:31:06.178,1.28209,1.28198,1.97,1.5
20.08.2021 00:31:06.280,1.28211,1.28197,3.1,1.5
20.08.2021 00:31:06.546,1.28209,1.28197,2.35,1
20.08.2021 00:31:09.170,1.28204,1.28194,1.57,1.5
20.08.2021 00:31:09.271,1.2820500000000001,1.28193,1.6,1.5
20.08.2021 00:31:10.851,1.2820500000000001,1.28193,1.95,1.5
20.08.2021 00:31:11.386,1.28204,1.28193,1.1,1.5
20.08.2021 00:31:18.112,1.2820600000000002,1.28194,2.47,1
20.08.2021 00:31:18.315,1.28203,1.28194,1.1,1.5
20.08.2021 00:31:21.219,1.28197,1.2819,1.5,1
20.08.2021 00:31:21.270,1.28197,1.28184,6.41,1
20.08.2021 00:31:21.371,1.2819500000000001,1.28184,1,1
20.08.2021 00:31:22.454,1.28194,1.28184,1.2,1.5
20.08.2021 00:31:25.095,1.28194,1.28184,2.72,1.5
20.08.2021 00:31:25.256,1.2819500000000001,1.28183,1.95,1.5
20.08.2021 00:31:33.627,1.28197,1.2818500000000002,1.57,1
20.08.2021 00:31:33.728,1.28196,1.28189,1,1
20.08.2021 00:31:33.829,1.2819500000000001,1.28188,1,1
20.08.2021 00:31:33.880,1.28193,1.28186,1,1
20.08.2021 00:31:36.942,1.2819200000000002,1.2818200000000002,1,8.02
20.08.2021 00:31:37.044,1.28191,1.28184,1,1
20.08.2021 00:31:46.172,1.2819200000000002,1.28184,1.1,1
20.08.2021 00:31:48.302,1.2819,1.28179,1.57,1
20.08.2021 00:31:48.404,1.2819,1.28179,2.35,1
20.08.2021 00:31:48.505,1.28187,1.2818,1,1
20.08.2021 00:31:48.817,1.28186,1.2817500000000002,1.1,1
20.08.2021 00:31:49.753,1.28186,1.2817500000000002,1.1,1
20.08.2021 00:31:50.223,1.2818500000000002,1.28176,1.1,1
20.08.2021 00:31:52.114,1.2818500000000002,1.28176,1.1,1
20.08.2021 00:31:53.348,1.2818500000000002,1.28176,1.1,1
20.08.2021 00:31:55.761,1.28186,1.28174,1.1,1
20.08.2021 00:31:59.638,1.28188,1.28179,1.6,1
20.08.2021 00:31:59.739,1.28189,1.28179,1.6,1
20.08.2021 00:31:59.840,1.28189,1.28179,1.1,1
20.08.2021 00:32:02.110,1.28188,1.28177,1.1,1
20.08.2021 00:32:04.741,1.28187,1.28174,1.97,1.5
20.08.2021 00:32:05.903,1.2818500000000002,1.28174,1.1,1
20.08.2021 00:32:06.638,1.28186,1.28174,1.22,1
20.08.2021 00:32:07.862,1.28186,1.28174,1.22,1
20.08.2021 00:32:07.998,1.28186,1.28174,1.22,1
20.08.2021 00:32:08.256,1.28186,1.28174,1.22,1
20.08.2021 00:32:09.727,1.28186,1.28174,1.22,1
20.08.2021 00:32:10.801,1.28186,1.28174,1.22,1
20.08.2021 00:32:11.240,1.28186,1.28174,1.22,1
20.08.2021 00:32:13.984,1.28188,1.28176,2.1,1
20.08.2021 00:32:14.086,1.28191,1.28178,1.8,1.5
20.08.2021 00:32:14.136,1.2819,1.2818,1.67,1
20.08.2021 00:32:14.237,1.28189,1.28177,1.6,1
20.08.2021 00:32:14.339,1.28189,1.28178,1.1,1
20.08.2021 00:32:14.440,1.28191,1.28179,1.6,1.5
20.08.2021 00:32:14.921,1.28191,1.2818100000000001,1.1,1.5
20.08.2021 00:32:16.591,1.2819200000000002,1.2818,1.1,1.5
20.08.2021 00:32:17.163,1.2819200000000002,1.2818,1.1,1.5
20.08.2021 00:32:18.542,1.2819200000000002,1.2818,1.1,1.5
20.08.2021 00:32:18.993,1.28193,1.2818100000000001,1.1,1
20.08.2021 00:32:23.263,1.28193,1.2818100000000001,1.1,1
20.08.2021 00:32:23.655,1.2819200000000002,1.2818200000000002,1.1,1
20.08.2021 00:32:23.808,1.28193,1.2818100000000001,1.1,1
20.08.2021 00:32:26.116,1.28193,1.2818100000000001,1.1,1
20.08.2021 00:32:26.167,1.28196,1.28187,1.6,1
20.08.2021 00:32:26.269,1.28201,1.28189,1.6,1
20.08.2021 00:32:26.370,1.28201,1.28189,1.22,1
20.08.2021 00:32:26.471,1.28201,1.28188,1.22,1.5
20.08.2021 00:32:39.360,1.28197,1.2818500000000002,1.22,1.5
20.08.2021 00:32:41.435,1.28197,1.2818500000000002,1.22,1
20.08.2021 00:32:43.216,1.28194,1.2818200000000002,1.1,1
20.08.2021 00:32:44.750,1.28193,1.2818100000000001,1.1,1.5
20.08.2021 00:32:46.902,1.2819200000000002,1.2818200000000002,1.1,1
20.08.2021 00:32:47.106,1.28193,1.2818100000000001,1.1,1
20.08.2021 00:32:47.284,1.2819200000000002,1.2818200000000002,1.1,1
20.08.2021 00:32:48.467,1.28193,1.2818200000000002,1.97,1
20.08.2021 00:32:48.568,1.28193,1.28183,1.22,1
20.08.2021 00:32:48.984,1.28194,1.2818200000000002,1.22,1
20.08.2021 00:32:49.136,1.28194,1.2818200000000002,1.22,1
20.08.2021 00:32:49.315,1.28194,1.2818200000000002,1.22,1
20.08.2021 00:32:49.492,1.28194,1.2818200000000002,1.22,1
20.08.2021 00:32:50.966,1.28193,1.28183,1.22,1
20.08.2021 00:32:52.757,1.28193,1.2818200000000002,1.1,1
20.08.2021 00:32:52.858,1.2819200000000002,1.28183,1.1,1
20.08.2021 00:32:53.323,1.28193,1.2818200000000002,1.1,1
20.08.2021 00:33:00.410,1.28194,1.2818200000000002,1.22,1
20.08.2021 00:33:02.456,1.28193,1.2818200000000002,1.22,1.5
20.08.2021 00:33:05.459,1.28194,1.2818100000000001,1.22,1.5
20.08.2021 00:33:09.136,1.2819500000000001,1.28186,1.1,1.5
20.08.2021 00:33:09.237,1.28199,1.28189,1.22,1
20.08.2021 00:33:09.523,1.282,1.28188,1.1,1
20.08.2021 00:33:09.881,1.282,1.2819,1.1,1
20.08.2021 00:33:13.784,1.28201,1.28188,1.6,1.5
20.08.2021 00:33:14.452,1.2820200000000002,1.28189,1.97,1.5
20.08.2021 00:33:24.789,1.28201,1.28188,1.6,1.5
20.08.2021 00:33:24.890,1.28201,1.28189,1.1,1
20.08.2021 00:33:26.331,1.28201,1.28188,1.6,1.5
20.08.2021 00:33:26.709,1.28201,1.28189,1.1,1
20.08.2021 00:33:34.758,1.2820200000000002,1.2819,1.22,1
20.08.2021 00:33:34.859,1.28203,1.2819,3.6,1
20.08.2021 00:33:35.010,1.28203,1.2819,3.6,1
20.08.2021 00:33:35.111,1.28203,1.28191,1.6,1
20.08.2021 00:33:35.212,1.28204,1.28191,1.97,1.5
20.08.2021 00:33:40.006,1.2820500000000001,1.2819500000000001,1.1,1
20.08.2021 00:33:40.107,1.28209,1.28196,2.1,1
20.08.2021 00:33:40.613,1.28209,1.28198,1.97,1
20.08.2021 00:33:40.764,1.2821,1.28197,1.97,1
20.08.2021 00:33:40.976,1.2820799999999999,1.28197,1.1,1.5
20.08.2021 00:33:41.545,1.28209,1.28196,1.1,1.5
20.08.2021 00:33:41.651,1.2820799999999999,1.28197,1.1,1.5
20.08.2021 00:33:46.283,1.28209,1.28198,1.97,1
20.08.2021 00:33:48.446,1.28209,1.28196,1.1,1.5
20.08.2021 00:33:48.886,1.28209,1.28197,1.1,1
20.08.2021 00:33:51.240,1.2820200000000002,1.2819,1.1,1.5
20.08.2021 00:33:51.292,1.2820200000000002,1.28189,1.1,1
20.08.2021 00:33:51.393,1.28201,1.28189,1.1,1
20.08.2021 00:33:52.089,1.2820200000000002,1.28189,1.22,1
20.08.2021 00:33:54.922,1.28201,1.2819,1.22,1.5
20.08.2021 00:34:00.254,1.2820200000000002,1.28189,1.22,1.5
20.08.2021 00:34:00.478,1.2820200000000002,1.28189,1.22,1.5
20.08.2021 00:34:03.228,1.28203,1.28189,1.97,1.5
20.08.2021 00:34:03.922,1.28203,1.28189,2.72,1.5
20.08.2021 00:34:06.959,1.2820500000000001,1.28193,1.22,1
20.08.2021 00:34:07.061,1.2820500000000001,1.28194,2.1,1.5
20.08.2021 00:34:07.623,1.2820600000000002,1.28193,1.6,1.5
20.08.2021 00:34:08.026,1.28204,1.2819200000000002,1.6,1
20.08.2021 00:34:08.127,1.28203,1.2819200000000002,1.6,1
20.08.2021 00:34:08.229,1.28204,1.28191,1.1,1
20.08.2021 00:34:08.428,1.28204,1.28191,1.1,1
20.08.2021 00:34:08.580,1.28204,1.2819,2.35,1.5
20.08.2021 00:34:09.073,1.2820200000000002,1.28191,1.1,1.5
20.08.2021 00:34:09.744,1.28203,1.2819,1.1,1.5
20.08.2021 00:34:12.342,1.28204,1.28191,1.6,1.5
20.08.2021 00:34:13.892,1.28204,1.28191,2.35,1
20.08.2021 00:34:13.994,1.2820200000000002,1.2819,1.1,1
20.08.2021 00:34:14.735,1.2820200000000002,1.28189,1.6,1.5
20.08.2021 00:34:15.245,1.282,1.28188,1.1,1
20.08.2021 00:34:15.347,1.28201,1.28187,1.97,1.5
20.08.2021 00:34:15.584,1.28201,1.28189,1.22,1
20.08.2021 00:34:15.686,1.282,1.2819,1.22,1
20.08.2021 00:34:15.990,1.2820200000000002,1.2819,1.6,1
20.08.2021 00:34:16.093,1.28201,1.28191,1.1,1
20.08.2021 00:34:33.314,1.28203,1.2819,1.22,1.5
20.08.2021 00:34:33.415,1.28203,1.2819,1.97,1
20.08.2021 00:34:34.624,1.28203,1.2819,1.6,1.5
20.08.2021 00:34:35.574,1.2820500000000001,1.2819200000000002,2.1,1.5
20.08.2021 00:34:35.728,1.2820799999999999,1.28194,3.6,1.5
20.08.2021 00:34:35.829,1.2820799999999999,1.28194,1.6,1.5
20.08.2021 00:34:36.335,1.2820799999999999,1.28194,2.35,1.5
20.08.2021 00:34:36.643,1.2820799999999999,1.28194,2.35,1.5
20.08.2021 00:34:36.845,1.28207,1.2819500000000001,2.35,1.5
20.08.2021 00:34:37.043,1.2820799999999999,1.28194,2.35,1.5
20.08.2021 00:34:37.333,1.28209,1.28196,1.22,1.5
20.08.2021 00:34:37.636,1.28211,1.28198,2.85,1
20.08.2021 00:34:38.616,1.28209,1.28198,1.22,1
20.08.2021 00:34:47.678,1.28209,1.28198,1.1,1.5
20.08.2021 00:34:49.090,1.28209,1.28198,1.97,1.5
20.08.2021 00:34:53.798,1.28211,1.28198,1.6,1.5
20.08.2021 00:34:54.101,1.28213,1.28199,1.97,1
20.08.2021 00:34:54.253,1.28213,1.28199,3.66,1
20.08.2021 00:34:54.354,1.2821,1.28198,1.1,1
20.08.2021 00:34:55.866,1.28211,1.28198,1.22,1
20.08.2021 00:34:55.967,1.28211,1.28198,1.22,1
20.08.2021 00:34:57.032,1.28209,1.28199,1.1,1
20.08.2021 00:35:03.274,1.28209,1.28197,1.1,1
20.08.2021 00:35:08.065,1.2821200000000001,1.282,1.6,1
20.08.2021 00:35:08.166,1.28211,1.2820200000000002,1.6,1
20.08.2021 00:35:08.267,1.2821200000000001,1.28201,1.1,1
20.08.2021 00:35:08.779,1.2821200000000001,1.28203,1.1,1
20.08.2021 00:35:09.470,1.2821600000000002,1.2820500000000001,2.1,1
20.08.2021 00:35:09.572,1.28218,1.2820500000000001,1.6,1
20.08.2021 00:35:11.944,1.28218,1.2820500000000001,1.1,1
20.08.2021 00:35:15.083,1.2821600000000002,1.2820500000000001,1.1,1
20.08.2021 00:35:15.184,1.2821600000000002,1.2820500000000001,1.1,1
20.08.2021 00:35:16.055,1.28217,1.2820500000000001,1.1,1
20.08.2021 00:35:16.257,1.28217,1.28204,1.1,1
20.08.2021 00:35:23.423,1.28217,1.28204,1.1,1
20.08.2021 00:35:23.844,1.28218,1.28204,1.97,1.5
20.08.2021 00:35:24.287,1.2821600000000002,1.2820500000000001,2.35,1
20.08.2021 00:35:26.156,1.28218,1.2820500000000001,1.97,1
20.08.2021 00:35:29.108,1.2821200000000001,1.282,1.1,1
20.08.2021 00:35:29.159,1.2821200000000001,1.28198,2.35,1.5
20.08.2021 00:35:29.463,1.28211,1.28198,1.1,1
20.08.2021 00:35:29.834,1.2821,1.28197,1.97,1
20.08.2021 00:35:32.947,1.28211,1.28198,1.6,1.5
20.08.2021 00:35:33.049,1.28209,1.28198,1.2,1.5
20.08.2021 00:35:33.150,1.2821,1.28197,1.22,1.5
20.08.2021 00:35:33.344,1.28209,1.28196,1.1,1.5
20.08.2021 00:35:34.975,1.28209,1.28198,1.97,1.5
20.08.2021 00:35:35.076,1.28209,1.28198,1.57,1.5
20.08.2021 00:35:38.942,1.2821,1.28197,1.6,1.5
20.08.2021 00:35:44.088,1.28211,1.28197,1.22,1.5
20.08.2021 00:35:45.562,1.2821200000000001,1.28198,2.1,1
20.08.2021 00:35:45.663,1.2821200000000001,1.28198,1.6,1.5
20.08.2021 00:35:46.474,1.2821,1.28199,1.97,1
20.08.2021 00:35:48.759,1.28211,1.28198,1.97,1
20.08.2021 00:35:49.013,1.28211,1.28198,1.97,1
20.08.2021 00:35:49.165,1.28211,1.28199,1.97,1.5
20.08.2021 00:35:51.916,1.2821200000000001,1.28198,1.2,1.5
20.08.2021 00:35:52.588,1.28213,1.282,1.1,1
20.08.2021 00:35:54.133,1.2821600000000002,1.2820200000000002,1.6,1.5
20.08.2021 00:35:56.041,1.28217,1.28203,2.85,1
20.08.2021 00:35:56.706,1.28218,1.28204,2.85,1.5
20.08.2021 00:36:01.894,1.28217,1.28203,1.97,1.5
20.08.2021 00:36:09.146,1.2821500000000001,1.28203,1,1.5
20.08.2021 00:36:09.197,1.2821200000000001,1.28199,1.95,1
20.08.2021 00:36:09.248,1.28211,1.28198,1.6,1.12
20.08.2021 00:36:09.454,1.28211,1.28198,2.1,1
20.08.2021 00:36:10.060,1.2821,1.28199,2.1,1
20.08.2021 00:36:13.894,1.28211,1.28197,2.85,1.5
20.08.2021 00:36:14.657,1.2820600000000002,1.28198,1,1
20.08.2021 00:36:17.620,1.2820200000000002,1.2819500000000001,1,1
20.08.2021 00:36:17.723,1.28203,1.28193,1,1
20.08.2021 00:36:19.785,1.2820200000000002,1.2819200000000002,1,1
20.08.2021 00:36:28.146,1.28203,1.28191,1.1,1
20.08.2021 00:36:28.247,1.282,1.2819200000000002,1,1
20.08.2021 00:36:30.550,1.28198,1.2819,1,1
20.08.2021 00:36:35.942,1.28199,1.28188,1,1
20.08.2021 00:36:37.058,1.28199,1.28189,1,1
20.08.2021 00:36:37.160,1.28198,1.28189,1,1
20.08.2021 00:36:41.503,1.28197,1.28188,1,1
20.08.2021 00:36:41.605,1.2819200000000002,1.2818500000000002,1,1
20.08.2021 00:36:41.706,1.28191,1.28184,1,1
20.08.2021 00:36:41.858,1.2819500000000001,1.28183,1.1,1
20.08.2021 00:36:42.497,1.28194,1.2818500000000002,1,1
20.08.2021 00:36:47.629,1.2819500000000001,1.28183,1,1
20.08.2021 00:36:47.679,1.28193,1.2818200000000002,1,1
20.08.2021 00:36:53.355,1.28191,1.28183,1,1
20.08.2021 00:36:53.456,1.2819,1.2818,1,1
20.08.2021 00:36:55.491,1.28189,1.2818,1,1
20.08.2021 00:36:55.592,1.28189,1.28179,1,1
20.08.2021 00:36:57.328,1.2819,1.2818,1,1
20.08.2021 00:36:57.380,1.2819200000000002,1.2818100000000001,1,1
20.08.2021 00:37:00.238,1.28191,1.2818100000000001,1,1
20.08.2021 00:37:00.340,1.28191,1.2818,1,1
20.08.2021 00:37:03.101,1.28191,1.28179,1,1
20.08.2021 00:37:13.566,1.28189,1.28179,1,1
20.08.2021 00:37:27.627,1.28189,1.28178,1,1
20.08.2021 00:37:43.894,1.28189,1.28179,1,1
20.08.2021 00:37:47.613,1.2819500000000001,1.28184,2,1.5
20.08.2021 00:37:47.664,1.28199,1.28188,4.2,1
20.08.2021 00:37:47.873,1.2820500000000001,1.28193,1.6,1
20.08.2021 00:37:47.974,1.28204,1.2819200000000002,1.1,1
20.08.2021 00:37:48.552,1.28203,1.2819200000000002,1,1
20.08.2021 00:37:49.333,1.282,1.28189,1,1
20.08.2021 00:37:49.725,1.28203,1.28191,1,1
20.08.2021 00:38:11.988,1.282,1.28189,1,1.12
20.08.2021 00:38:12.089,1.28198,1.28189,1,1.5
20.08.2021 00:38:12.191,1.28199,1.28188,1,1
20.08.2021 00:38:12.776,1.28201,1.2819,1,1
20.08.2021 00:38:12.879,1.28201,1.28191,1,1
20.08.2021 00:38:15.817,1.28201,1.2819200000000002,1,1
20.08.2021 00:38:22.040,1.28201,1.28188,1,1.6
20.08.2021 00:38:28.259,1.28197,1.28188,1,1.7
20.08.2021 00:38:28.310,1.28199,1.28189,1,1.6
20.08.2021 00:38:28.412,1.282,1.28188,1,1.1
20.08.2021 00:38:33.119,1.28199,1.28186,1.5,3.46
20.08.2021 00:38:33.170,1.28198,1.28186,1,1.84
20.08.2021 00:38:41.791,1.28199,1.28186,1.5,2.89
20.08.2021 00:38:48.504,1.28199,1.28187,1,1
20.08.2021 00:38:48.609,1.28199,1.28188,1,2.51
20.08.2021 00:38:59.104,1.28198,1.28187,1,1.57
20.08.2021 00:39:02.777,1.28198,1.28186,1,2.89
20.08.2021 00:39:05.364,1.2819500000000001,1.28183,1.5,1
20.08.2021 00:39:05.465,1.2819500000000001,1.2818200000000002,1.5,1.87
20.08.2021 00:39:20.503,1.28194,1.28184,1,1
20.08.2021 00:39:30.807,1.28198,1.2818500000000002,1,1
20.08.2021 00:39:47.085,1.2819200000000002,1.2818200000000002,1.5,1.62
20.08.2021 00:39:47.233,1.2819200000000002,1.2818,1,1.5
20.08.2021 00:39:47.283,1.28191,1.2818100000000001,1,1
20.08.2021 00:39:52.651,1.28191,1.2818,1.5,1.31
20.08.2021 00:39:54.615,1.2819200000000002,1.2818,1,1
20.08.2021 00:39:57.093,1.2819,1.2818,1,1
20.08.2021 00:40:00.189,1.28187,1.28178,1,1
20.08.2021 00:40:00.291,1.28184,1.28173,1,1
20.08.2021 00:40:00.342,1.28184,1.2817100000000001,1,1.1
20.08.2021 00:40:00.393,1.28186,1.28174,1.12,1
20.08.2021 00:40:00.495,1.28187,1.2817500000000002,1,1
20.08.2021 00:40:00.925,1.2818500000000002,1.28176,1,1
20.08.2021 00:40:03.832,1.28187,1.2817500000000002,1,1
20.08.2021 00:40:06.223,1.2819,1.28178,1,1
20.08.2021 00:40:06.475,1.2819,1.28179,1,1
20.08.2021 00:40:07.247,1.28191,1.28179,1,1
20.08.2021 00:40:10.890,1.28191,1.2818,1,1
20.08.2021 00:40:15.381,1.2819500000000001,1.2818200000000002,1,3.26
20.08.2021 00:40:15.432,1.28197,1.28187,1.5,1
20.08.2021 00:40:15.483,1.28194,1.2818200000000002,1,1
20.08.2021 00:40:15.534,1.28191,1.2818100000000001,1,1.12
20.08.2021 00:40:19.906,1.2819,1.2818100000000001,1,1
20.08.2021 00:40:20.007,1.28191,1.28179,1,1
20.08.2021 00:40:31.671,1.2819200000000002,1.2818,1,1
20.08.2021 00:40:31.772,1.2819,1.2818100000000001,1,1
20.08.2021 00:40:33.104,1.28191,1.2818,1,1.5
20.08.2021 00:40:33.205,1.2819500000000001,1.28184,1,1
20.08.2021 00:40:33.307,1.2819500000000001,1.28186,1,1
20.08.2021 00:40:41.800,1.28191,1.2818200000000002,1,1
20.08.2021 00:40:42.052,1.2819200000000002,1.2818,1,1
20.08.2021 00:40:49.930,1.2819,1.2818100000000001,1,1
20.08.2021 00:40:54.064,1.2819200000000002,1.2818,1,1
20.08.2021 00:41:00.427,1.28193,1.2818100000000001,1,1
20.08.2021 00:41:00.528,1.28194,1.2818100000000001,1,1.5
20.08.2021 00:41:01.084,1.2819500000000001,1.28183,1,1
20.08.2021 00:41:02.683,1.2819200000000002,1.28183,1,1
20.08.2021 00:41:09.243,1.2819200000000002,1.28184,1,1
20.08.2021 00:41:09.294,1.28194,1.2818500000000002,1,1
20.08.2021 00:41:11.920,1.28199,1.28186,1.6,1
20.08.2021 00:41:12.021,1.28198,1.28188,1.5,1
20.08.2021 00:41:12.122,1.28198,1.28188,1,1
20.08.2021 00:41:12.223,1.28199,1.28186,1,1
20.08.2021 00:41:14.138,1.28199,1.28187,1,1
20.08.2021 00:41:14.887,1.282,1.28187,1.57,1
20.08.2021 00:41:20.675,1.28196,1.2818500000000002,1,1
20.08.2021 00:41:20.776,1.28197,1.28184,1.2,1
20.08.2021 00:41:21.062,1.28197,1.2818500000000002,1.2,1
20.08.2021 00:41:21.112,1.28194,1.2818100000000001,1.1,1
20.08.2021 00:41:24.994,1.28193,1.2818100000000001,1,1
20.08.2021 00:41:26.896,1.28194,1.2818100000000001,1,1
20.08.2021 00:41:27.009,1.28193,1.28183,1,1
20.08.2021 00:41:27.059,1.2819500000000001,1.28184,1.12,1
20.08.2021 00:41:27.161,1.2819500000000001,1.2818500000000002,1,1
20.08.2021 00:41:29.127,1.282,1.28186,1.6,1.5
20.08.2021 00:41:34.057,1.2819500000000001,1.2818200000000002,1.5,1.5
20.08.2021 00:41:34.158,1.2819500000000001,1.2818200000000002,1.5,1
20.08.2021 00:41:35.733,1.2819500000000001,1.2818100000000001,1.57,1.5
20.08.2021 00:41:35.783,1.28193,1.2818100000000001,1,1
20.08.2021 00:41:35.935,1.28193,1.2818,1.57,1
20.08.2021 00:41:37.530,1.2819200000000002,1.2818,1,1
20.08.2021 00:41:42.388,1.28193,1.2818100000000001,1,1
20.08.2021 00:41:45.193,1.28193,1.2818,1,1
20.08.2021 00:41:45.762,1.28193,1.2818100000000001,1,1
20.08.2021 00:41:45.863,1.28194,1.2818500000000002,1.5,1
20.08.2021 00:41:45.914,1.28198,1.28188,1.1,1
20.08.2021 00:41:46.015,1.282,1.28188,1.1,1
20.08.2021 00:42:04.831,1.28199,1.28187,1.5,2.72
20.08.2021 00:42:05.415,1.282,1.28186,1.57,2.32
20.08.2021 00:42:25.040,1.282,1.28186,1.5,2.35
20.08.2021 00:42:27.741,1.28199,1.28189,1,1
20.08.2021 00:42:29.540,1.28199,1.28188,1,1
20.08.2021 00:42:31.280,1.28198,1.28188,1,1
20.08.2021 00:42:35.728,1.28199,1.28188,1,1
20.08.2021 00:42:35.829,1.282,1.28188,1,1
20.08.2021 00:42:50.082,1.28199,1.28188,1.6,1
20.08.2021 00:42:50.460,1.282,1.28187,1.57,1
20.08.2021 00:43:19.806,1.28199,1.28187,1,1.1
20.08.2021 00:43:30.220,1.282,1.28187,1,1.1
20.08.2021 00:43:30.354,1.28201,1.28194,1,1
20.08.2021 00:43:30.405,1.2820600000000002,1.28193,1,4.07
20.08.2021 00:43:30.456,1.2821,1.282,1,1
20.08.2021 00:43:30.557,1.28209,1.28199,1,1.57
20.08.2021 00:43:30.710,1.28211,1.28198,1.1,1
20.08.2021 00:43:30.811,1.28209,1.28197,1,1
20.08.2021 00:43:30.912,1.2820799999999999,1.28196,1,1
20.08.2021 00:43:33.452,1.2820799999999999,1.28196,1,1.1
20.08.2021 00:43:37.893,1.28209,1.28196,1.5,1.1
20.08.2021 00:43:38.989,1.2820799999999999,1.28196,1,1.1
20.08.2021 00:43:39.141,1.28207,1.28197,1,1.1
20.08.2021 00:43:39.342,1.28207,1.28197,1,1.1
20.08.2021 00:43:39.885,1.28207,1.28197,1,1.1
20.08.2021 00:43:40.065,1.28207,1.28197,1,1.1
20.08.2021 00:43:42.937,1.28207,1.28197,1,1.1
20.08.2021 00:43:43.189,1.2820799999999999,1.28196,1,1.1
20.08.2021 00:43:44.765,1.28207,1.28196,1,1.1
20.08.2021 00:43:56.767,1.28207,1.28196,1,1.1
20.08.2021 00:43:58.346,1.28207,1.28196,1,1.1
20.08.2021 00:44:01.936,1.28207,1.28196,1,1.1
20.08.2021 00:44:02.040,1.2820600000000002,1.28197,1,1.1
20.08.2021 00:44:03.040,1.28207,1.28196,1,1.1
20.08.2021 00:44:03.504,1.28207,1.28197,1,1.1
20.08.2021 00:44:03.605,1.2820799999999999,1.28196,1,1.1
20.08.2021 00:44:03.756,1.2820799999999999,1.28196,1,1.1
20.08.2021 00:44:04.375,1.2820600000000002,1.28196,1,1.1
20.08.2021 00:44:05.965,1.28207,1.2819500000000001,1,1.1
20.08.2021 00:44:06.219,1.2820799999999999,1.28196,1,1.1
20.08.2021 00:44:06.320,1.2820799999999999,1.28196,1,1.1
20.08.2021 00:44:06.764,1.2820799999999999,1.28196,1,1.1
20.08.2021 00:44:10.635,1.28211,1.28198,1,1.6
20.08.2021 00:44:10.736,1.2821200000000001,1.282,1,1.1
20.08.2021 00:44:10.787,1.2821500000000001,1.28203,1.12,1.1
20.08.2021 00:44:10.888,1.2821500000000001,1.28203,1.12,1.1
20.08.2021 00:44:10.989,1.2821500000000001,1.28203,1,1.1
20.08.2021 00:44:19.401,1.28213,1.2820200000000002,1,1.6
20.08.2021 00:44:19.502,1.2821200000000001,1.2820200000000002,1,1.1
20.08.2021 00:44:19.821,1.28213,1.282,1,1.22
20.08.2021 00:44:21.105,1.28213,1.282,1,1.22
20.08.2021 00:44:32.519,1.28207,1.28198,1,1.6
20.08.2021 00:44:32.620,1.2820799999999999,1.28194,1.5,4.8
20.08.2021 00:44:32.721,1.28207,1.28194,1,3.1
20.08.2021 00:44:38.312,1.28207,1.28194,1,3.1
20.08.2021 00:44:40.010,1.28207,1.28194,1,1.22
20.08.2021 00:44:40.112,1.28207,1.28193,1.5,1.97
20.08.2021 00:44:40.213,1.2820600000000002,1.28193,1,1.22
20.08.2021 00:44:41.290,1.28204,1.28193,1.5,2.35
20.08.2021 00:44:41.341,1.2820600000000002,1.28194,1.5,1.6
20.08.2021 00:44:41.442,1.2820600000000002,1.28193,1,1.6
20.08.2021 00:44:42.651,1.28204,1.28194,1,1.22
20.08.2021 00:44:42.701,1.282,1.2819200000000002,1.5,1.5
20.08.2021 00:44:42.803,1.28199,1.2819200000000002,1,1.5
20.08.2021 00:44:43.368,1.28199,1.28186,1.5,1.22
20.08.2021 00:44:43.830,1.28198,1.28186,1,1.1
20.08.2021 00:44:43.931,1.28198,1.2818500000000002,1.5,1.1
20.08.2021 00:44:48.881,1.28197,1.2818500000000002,1,1.1
20.08.2021 00:44:49.917,1.28197,1.28186,1,1.1
20.08.2021 00:44:50.068,1.28196,1.28186,1,1.1
20.08.2021 00:44:52.109,1.28199,1.28186,1.5,1.1
20.08.2021 00:44:56.520,1.28198,1.28187,1.5,1.1
20.08.2021 00:44:56.571,1.28196,1.28183,1.5,1.1
20.08.2021 00:44:56.672,1.28196,1.28183,1.5,1.1
20.08.2021 00:44:56.773,1.2819500000000001,1.28184,1,1.1
20.08.2021 00:45:01.894,1.2819500000000001,1.28183,1,1.1
20.08.2021 00:45:02.417,1.28197,1.28186,1.12,1.6
20.08.2021 00:45:02.591,1.28198,1.28188,1,1.1
20.08.2021 00:45:05.391,1.28198,1.2818500000000002,1,1.97
20.08.2021 00:45:05.883,1.28198,1.2818500000000002,1,1.95
20.08.2021 00:45:10.652,1.28199,1.2818500000000002,1.5,1.57
20.08.2021 00:45:14.380,1.28197,1.28186,1,1.57
20.08.2021 00:45:25.819,1.28198,1.2818500000000002,1,1.1
20.08.2021 00:45:26.922,1.28198,1.2818500000000002,1,1.1
20.08.2021 00:45:42.108,1.28197,1.2818500000000002,1,1.1
20.08.2021 00:45:42.159,1.28194,1.2818100000000001,1.5,1.1
20.08.2021 00:45:42.314,1.28194,1.28183,1,1.1
20.08.2021 00:45:42.415,1.28196,1.2818200000000002,1.5,2.35
