Gmt time,Ask,Bid,AskVolume,BidVolume
10.08.2021 00:00:00.113,1.25764,1.2575100000000001,1,1
10.08.2021 00:00:00.214,1.25763,1.2575100000000001,1,1
10.08.2021 00:00:00.316,1.25769,1.25758,1,2.62
10.08.2021 00:00:00.417,1.2577,1.25758,1,3.45
10.08.2021 00:00:00.941,1.25773,1.25757,1.1,2.7
10.08.2021 00:00:02.846,1.25768,1.25757,1.6,1
10.08.2021 00:00:02.896,1.25766,1.2575100000000001,1,1.6
10.08.2021 00:00:02.998,1.25766,1.2575100000000001,1.1,1.57
10.08.2021 00:00:03.135,1.25766,1.2575,1.1,1.2
10.08.2021 00:00:05.036,1.25763,1.2575200000000002,1,1
10.08.2021 00:00:07.347,1.25763,1.2575,1,1.57
10.08.2021 00:00:07.398,1.25758,1.25747,1,1.5
10.08.2021 00:00:07.449,1.25757,1.25745,1,2.25
10.08.2021 00:00:07.550,1.25756,1.2574400000000001,1,1.57
10.08.2021 00:00:08.268,1.2575500000000002,1.2574400000000001,1,1
10.08.2021 00:00:11.277,1.25757,1.2574400000000001,1,1
10.08.2021 00:00:17.010,1.25756,1.25743,1,1.6
10.08.2021 00:00:18.376,1.25756,1.25743,1,1.12
10.08.2021 00:00:30.051,1.25756,1.2574400000000001,1,1
10.08.2021 00:00:30.152,1.25757,1.2574400000000001,1,1.5
10.08.2021 00:00:30.327,1.25757,1.25746,1,1
10.08.2021 00:00:30.378,1.2576,1.25749,1,2.62
10.08.2021 00:00:30.479,1.2576200000000002,1.25749,1,1.5
10.08.2021 00:00:30.580,1.25763,1.2575,1.1,1
10.08.2021 00:00:35.550,1.25756,1.25745,1,2.62
10.08.2021 00:00:35.651,1.25756,1.2574400000000001,1,1.1
10.08.2021 00:00:45.224,1.2575500000000002,1.25743,1,1.95
10.08.2021 00:00:49.953,1.2575200000000002,1.2574,1,1
10.08.2021 00:00:50.295,1.25754,1.2574100000000001,1,1.95
10.08.2021 00:00:51.897,1.2575200000000002,1.2574100000000001,1,1.95
10.08.2021 00:00:52.049,1.2575,1.25739,1.57,1
10.08.2021 00:00:52.099,1.25748,1.25735,1,2.75
10.08.2021 00:00:52.301,1.25748,1.25735,1,1
10.08.2021 00:00:54.872,1.25748,1.2573400000000001,1,2.7
10.08.2021 00:00:57.502,1.25748,1.25735,1,1.69
10.08.2021 00:01:07.583,1.2575100000000001,1.25739,1,1
10.08.2021 00:01:07.633,1.25753,1.2574200000000002,1,1
10.08.2021 00:01:07.786,1.2575500000000002,1.2574200000000002,1,1.12
10.08.2021 00:01:09.807,1.2575500000000002,1.2574400000000001,1,1
10.08.2021 00:01:11.621,1.2575500000000002,1.2574200000000002,1,1
10.08.2021 00:01:11.672,1.25754,1.2574,1,1.2
10.08.2021 00:01:12.874,1.25753,1.25739,1,2.1
10.08.2021 00:01:15.473,1.25754,1.2574200000000002,1.1,1
10.08.2021 00:01:15.626,1.25754,1.2574100000000001,1,1
10.08.2021 00:01:15.728,1.2575500000000002,1.2574100000000001,1,1.6
10.08.2021 00:01:18.340,1.2575,1.25738,1,1.12
10.08.2021 00:01:18.391,1.25749,1.25736,1,1.12
10.08.2021 00:01:18.492,1.25748,1.25735,1,1.7
10.08.2021 00:01:18.543,1.2575,1.25738,1.95,2.75
10.08.2021 00:01:18.644,1.2575,1.25737,1.1,2.62
10.08.2021 00:01:18.745,1.25749,1.25736,1,1
10.08.2021 00:01:22.446,1.25753,1.2574,1,1.95
10.08.2021 00:01:22.735,1.25754,1.2574100000000001,1,1.57
10.08.2021 00:01:25.684,1.2575500000000002,1.2574100000000001,1,1.57
10.08.2021 00:01:29.157,1.2575500000000002,1.2574100000000001,1,1.97
10.08.2021 00:01:29.305,1.2575500000000002,1.25743,1,1
10.08.2021 00:01:55.372,1.25758,1.2574400000000001,1.1,1.5
10.08.2021 00:01:55.473,1.25757,1.25747,1,2.62
10.08.2021 00:01:55.574,1.2576,1.25748,1.1,1.87
10.08.2021 00:01:55.776,1.2576100000000001,1.25748,1.1,1.5
10.08.2021 00:01:55.877,1.2576100000000001,1.25749,1,2.81
10.08.2021 00:02:00.065,1.2576200000000002,1.25749,1,3.64
10.08.2021 00:02:04.596,1.2576200000000002,1.2575,1,1.85
10.08.2021 00:02:04.647,1.25764,1.25753,1,3.07
10.08.2021 00:02:04.798,1.2576500000000002,1.2575100000000001,1,1.89
10.08.2021 00:02:04.849,1.25764,1.2575100000000001,1,1.1
10.08.2021 00:02:05.806,1.2576500000000002,1.2575200000000002,1,1
10.08.2021 00:02:07.001,1.25763,1.2575,1,2.72
10.08.2021 00:02:07.161,1.25764,1.2575100000000001,1,1.76
10.08.2021 00:02:09.987,1.25766,1.25754,1,1.12
10.08.2021 00:02:10.189,1.25766,1.25753,1,1.2
10.08.2021 00:02:12.567,1.25769,1.25756,1,2.25
10.08.2021 00:02:12.821,1.25769,1.25758,1,1
10.08.2021 00:02:12.987,1.25769,1.25757,1,1.87
10.08.2021 00:02:14.488,1.2577,1.25757,1,1
10.08.2021 00:02:14.640,1.25769,1.25756,1,1.87
10.08.2021 00:02:16.088,1.25766,1.25756,1,1
10.08.2021 00:02:16.190,1.25767,1.2575500000000002,1,1.95
10.08.2021 00:02:16.292,1.25769,1.25758,1,1.12
10.08.2021 00:02:17.240,1.25769,1.25759,1,1.25
10.08.2021 00:02:18.578,1.25774,1.2576100000000001,1.97,1
10.08.2021 00:02:20.531,1.25774,1.25764,1.22,1
10.08.2021 00:02:23.883,1.25773,1.2576500000000002,1.1,1
10.08.2021 00:02:24.650,1.25774,1.25763,1.1,1
10.08.2021 00:02:25.380,1.2577500000000001,1.25763,1.35,1
10.08.2021 00:02:25.481,1.25774,1.25763,1.35,1
10.08.2021 00:02:30.230,1.2577500000000001,1.25763,2.22,1
10.08.2021 00:02:30.432,1.2577500000000001,1.25766,4.07,1
10.08.2021 00:02:32.817,1.25774,1.2576500000000002,3.64,1
10.08.2021 00:02:34.362,1.25767,1.2576,2.91,1
10.08.2021 00:02:34.464,1.25768,1.2576100000000001,2.26,1
10.08.2021 00:02:36.924,1.2577,1.25763,1.35,1
10.08.2021 00:02:38.855,1.25771,1.25763,3.47,1
10.08.2021 00:02:39.153,1.2577,1.25763,1.35,1
10.08.2021 00:02:40.557,1.2577,1.25763,1.01,1
10.08.2021 00:02:40.709,1.25773,1.25764,3.79,1
10.08.2021 00:02:40.912,1.25773,1.25758,4.6,1.5
10.08.2021 00:02:41.483,1.2577500000000001,1.25763,1,1.5
10.08.2021 00:02:41.533,1.25777,1.25763,1.1,2.37
10.08.2021 00:02:41.635,1.2578,1.2577,3.66,1
10.08.2021 00:02:41.770,1.2578,1.25771,3.66,1
10.08.2021 00:02:42.163,1.25779,1.2577200000000002,2.14,1
10.08.2021 00:02:42.265,1.25779,1.2577200000000002,2.16,1
10.08.2021 00:02:42.468,1.2578200000000002,1.25773,1.95,1
10.08.2021 00:02:42.570,1.2578200000000002,1.25774,1.1,1
10.08.2021 00:02:42.682,1.2578200000000002,1.25773,2.07,1
10.08.2021 00:02:43.039,1.25783,1.25767,1.51,1.6
10.08.2021 00:02:43.300,1.25783,1.25767,1.51,1.6
10.08.2021 00:02:45.880,1.2578200000000002,1.25776,1.39,1
10.08.2021 00:02:46.200,1.25783,1.2577500000000001,1.89,1
10.08.2021 00:02:46.340,1.2578200000000002,1.25768,1.89,1.6
10.08.2021 00:02:47.438,1.25783,1.2577500000000001,2.7,1
10.08.2021 00:02:47.540,1.25784,1.2577500000000001,2.7,1
10.08.2021 00:02:47.901,1.25783,1.25776,5.16,1
10.08.2021 00:02:50.607,1.25783,1.25768,1.35,1.5
10.08.2021 00:02:50.709,1.25783,1.2576500000000002,1.91,1.6
10.08.2021 00:02:50.810,1.25781,1.25766,1.41,1.5
10.08.2021 00:02:51.920,1.2578200000000002,1.25766,1.47,1.5
10.08.2021 00:02:53.793,1.25781,1.25774,2.95,1
10.08.2021 00:02:55.113,1.2578200000000002,1.25773,1.47,1
10.08.2021 00:02:55.164,1.2578200000000002,1.2576500000000002,1.47,2
10.08.2021 00:02:55.675,1.2578200000000002,1.25773,1.47,1
10.08.2021 00:02:55.886,1.25781,1.2577500000000001,2.14,1
10.08.2021 00:02:55.988,1.2578200000000002,1.25773,1.39,1
10.08.2021 00:02:56.089,1.2578200000000002,1.2577500000000001,2.66,1
10.08.2021 00:02:57.890,1.2578500000000001,1.2577500000000001,3.67,1
10.08.2021 00:02:57.991,1.2578500000000001,1.25776,1.2,1
10.08.2021 00:02:58.093,1.2578600000000002,1.2577500000000001,1.47,1
10.08.2021 00:03:02.215,1.25784,1.2577500000000001,3.45,1
10.08.2021 00:03:02.856,1.2578600000000002,1.25779,6.29,1
10.08.2021 00:03:02.959,1.25789,1.25779,1,1
10.08.2021 00:03:03.010,1.2579200000000001,1.2578500000000001,2,1
10.08.2021 00:03:03.061,1.25793,1.25781,1.5,1.12
10.08.2021 00:03:03.112,1.25794,1.25787,1.57,1
10.08.2021 00:03:04.602,1.2579500000000001,1.2578600000000002,2.16,1
10.08.2021 00:03:27.178,1.2579500000000001,1.2578600000000002,1,1
10.08.2021 00:03:27.380,1.2579500000000001,1.25787,1.1,1
10.08.2021 00:03:27.481,1.2579600000000002,1.2578600000000002,1.1,1
10.08.2021 00:03:27.683,1.2579600000000002,1.2578600000000002,1.1,1
10.08.2021 00:03:28.838,1.2579500000000001,1.25787,1.1,1
10.08.2021 00:03:35.194,1.25797,1.2578600000000002,2.1,1
10.08.2021 00:03:35.665,1.2579600000000002,1.25787,1.1,1
10.08.2021 00:03:35.816,1.25798,1.2578600000000002,1.2,1
10.08.2021 00:03:35.918,1.25798,1.2578600000000002,1.22,1
10.08.2021 00:03:38.647,1.25801,1.2579200000000001,2.7,1
10.08.2021 00:03:38.749,1.25804,1.2579500000000001,2.2,1
10.08.2021 00:03:38.850,1.25804,1.25794,1.6,1
10.08.2021 00:03:38.951,1.25801,1.25794,1.1,1
10.08.2021 00:03:47.983,1.2580200000000001,1.25793,1.1,1
10.08.2021 00:03:49.989,1.25804,1.25794,1.22,1
10.08.2021 00:03:50.090,1.25804,1.25794,1.2,1
10.08.2021 00:03:50.470,1.25803,1.25794,1.1,1
10.08.2021 00:03:52.348,1.25803,1.2579600000000002,1.2,1
10.08.2021 00:03:53.887,1.25804,1.25794,3.45,1
10.08.2021 00:03:53.988,1.25804,1.25794,3.66,1
10.08.2021 00:03:57.196,1.25804,1.25793,4.41,1
10.08.2021 00:04:01.546,1.25804,1.2579500000000001,1.57,1
10.08.2021 00:04:02.110,1.2580500000000001,1.2579500000000001,1.95,1
10.08.2021 00:04:03.215,1.25804,1.25798,1,1
10.08.2021 00:04:03.266,1.2581,1.25803,2.52,1
10.08.2021 00:04:03.368,1.2581200000000001,1.2580200000000001,1.6,1
10.08.2021 00:04:03.469,1.25811,1.2580200000000001,1.1,1
10.08.2021 00:04:04.050,1.2581200000000001,1.2580200000000001,1.1,1
10.08.2021 00:04:07.020,1.2581200000000001,1.25803,1.1,1
10.08.2021 00:04:07.122,1.2581200000000001,1.25804,1.2,1
10.08.2021 00:04:08.997,1.25813,1.25804,1.1,1
10.08.2021 00:04:09.099,1.25814,1.2580600000000002,1.57,1
10.08.2021 00:04:10.538,1.25815,1.25808,1,1
10.08.2021 00:04:10.589,1.25814,1.2580200000000001,2.44,3.82
10.08.2021 00:04:10.829,1.25814,1.2580200000000001,2.44,3.85
10.08.2021 00:04:10.930,1.25815,1.25801,2.44,3.82
10.08.2021 00:04:11.031,1.2581600000000002,1.25808,2.81,1
10.08.2021 00:04:11.082,1.25815,1.25801,2.44,3.82
10.08.2021 00:04:11.235,1.2581600000000002,1.25808,3.19,1
10.08.2021 00:04:11.285,1.25815,1.25801,1.69,3.82
10.08.2021 00:04:11.506,1.2581600000000002,1.25808,1.69,1
10.08.2021 00:04:11.607,1.25815,1.2580700000000002,1.69,1
10.08.2021 00:04:11.830,1.2581600000000002,1.2580700000000002,1.69,1
10.08.2021 00:04:11.932,1.25815,1.2580700000000002,1.69,1
10.08.2021 00:04:12.112,1.2581600000000002,1.2580700000000002,1,1
10.08.2021 00:04:12.213,1.2581600000000002,1.25811,1,1
10.08.2021 00:04:12.264,1.2582,1.25811,1.87,1
10.08.2021 00:04:12.366,1.25821,1.25811,1.76,1
10.08.2021 00:04:14.613,1.25825,1.2581700000000002,1,1
10.08.2021 00:04:14.664,1.2582600000000002,1.25819,1.57,1
10.08.2021 00:04:14.715,1.2583,1.25821,1.1,1
10.08.2021 00:04:15.088,1.2583,1.2582,1.1,1
10.08.2021 00:04:16.726,1.2583,1.25819,1.1,1
10.08.2021 00:04:17.153,1.2583,1.25818,1.1,1
10.08.2021 00:04:18.229,1.25828,1.25818,1,1
10.08.2021 00:04:18.577,1.2582600000000002,1.25818,1,1
10.08.2021 00:04:23.425,1.2582600000000002,1.2581700000000002,1,1
10.08.2021 00:04:24.165,1.2582600000000002,1.2581600000000002,1,1
10.08.2021 00:04:24.465,1.2582700000000002,1.2581600000000002,1,1
10.08.2021 00:04:24.567,1.2582700000000002,1.2581700000000002,1,1
10.08.2021 00:04:28.809,1.25825,1.25815,1,1
10.08.2021 00:04:28.961,1.25825,1.2581600000000002,1,1
10.08.2021 00:04:29.062,1.2582600000000002,1.2581600000000002,1,1
10.08.2021 00:04:33.657,1.2582600000000002,1.25815,1,1
10.08.2021 00:04:34.873,1.25824,1.25815,1,1
10.08.2021 00:04:34.924,1.2582,1.2581200000000001,1,1
10.08.2021 00:04:34.974,1.25819,1.25809,1,1
10.08.2021 00:04:35.177,1.25819,1.25808,1,1
10.08.2021 00:04:35.643,1.25818,1.25808,1,1
10.08.2021 00:04:39.897,1.25819,1.25809,1,1
10.08.2021 00:04:40.378,1.25818,1.25809,1,1
10.08.2021 00:04:41.130,1.2581700000000002,1.25809,1,1
10.08.2021 00:05:01.440,1.25819,1.25809,1.01,1
10.08.2021 00:05:01.609,1.25818,1.25809,1,1
10.08.2021 00:05:02.962,1.25819,1.25809,1.01,1
10.08.2021 00:05:03.013,1.25813,1.2580500000000001,1,1
10.08.2021 00:05:03.115,1.25811,1.25803,1,1
10.08.2021 00:05:05.582,1.25811,1.2580200000000001,1,1
10.08.2021 00:05:13.950,1.25811,1.25801,1,1
10.08.2021 00:05:18.466,1.25815,1.25803,1,1
10.08.2021 00:05:18.567,1.25819,1.2580700000000002,1.1,1
10.08.2021 00:05:18.719,1.25819,1.25809,1.1,1
10.08.2021 00:05:26.275,1.25819,1.25808,1.1,1
10.08.2021 00:05:30.243,1.25819,1.2580700000000002,1.1,1
10.08.2021 00:05:38.195,1.2581200000000001,1.2580200000000001,1,1.5
10.08.2021 00:05:38.296,1.2581200000000001,1.258,1.1,1
10.08.2021 00:05:38.397,1.25811,1.258,1.57,1
10.08.2021 00:05:38.585,1.2581200000000001,1.25799,1.6,1
10.08.2021 00:05:38.686,1.2581200000000001,1.25799,1.57,1
10.08.2021 00:05:40.878,1.2581200000000001,1.258,1.1,1
10.08.2021 00:05:56.013,1.2581200000000001,1.25799,1.57,1
10.08.2021 00:06:07.191,1.2580600000000002,1.2579500000000001,1.5,1.5
10.08.2021 00:06:07.292,1.2580700000000002,1.2579500000000001,1,1.5
10.08.2021 00:06:07.394,1.25811,1.25798,1.5,1
10.08.2021 00:06:12.288,1.25811,1.25799,1,1
10.08.2021 00:06:43.540,1.25811,1.25798,1.57,1
10.08.2021 00:06:46.395,1.2581,1.25798,1,1
10.08.2021 00:06:46.446,1.25808,1.25797,1,1.12
10.08.2021 00:06:46.497,1.2580700000000002,1.25794,1.5,1.87
10.08.2021 00:06:46.599,1.2580600000000002,1.25794,1.5,1
10.08.2021 00:06:51.142,1.2580700000000002,1.2579500000000001,1,1.5
10.08.2021 00:06:51.244,1.25808,1.2579500000000001,1.57,1.5
10.08.2021 00:06:52.835,1.25809,1.25797,1,1.5
10.08.2021 00:06:52.937,1.2581,1.25797,1,1.5
10.08.2021 00:06:57.196,1.25811,1.25798,1.57,1
10.08.2021 00:07:02.676,1.2581,1.25798,1,1
10.08.2021 00:07:09.337,1.2581,1.25799,1.57,1
10.08.2021 00:07:58.940,1.2581,1.258,1,1
10.08.2021 00:08:02.919,1.25809,1.258,1,1
10.08.2021 00:08:03.429,1.2581,1.25801,1,1
10.08.2021 00:08:06.871,1.25815,1.2580600000000002,1,1
10.08.2021 00:08:06.972,1.25813,1.25804,1,1
10.08.2021 00:08:12.824,1.2581600000000002,1.2580700000000002,1,1
10.08.2021 00:08:13.106,1.2581700000000002,1.2580500000000001,1,1
10.08.2021 00:08:13.309,1.2581600000000002,1.2580500000000001,1,1
10.08.2021 00:08:14.231,1.2581600000000002,1.2580600000000002,1,1
10.08.2021 00:08:14.534,1.2581600000000002,1.2580500000000001,1,1
10.08.2021 00:08:16.885,1.2581600000000002,1.2580600000000002,1,1
10.08.2021 00:08:17.506,1.25818,1.2580700000000002,1,1
10.08.2021 00:08:28.947,1.2581600000000002,1.25803,1.6,1
10.08.2021 00:08:28.997,1.25811,1.258,1,1.22
10.08.2021 00:08:29.098,1.25811,1.258,1,1.12
10.08.2021 00:08:29.537,1.2581,1.25799,1,1
10.08.2021 00:08:39.518,1.25808,1.25799,1,1
10.08.2021 00:08:39.619,1.25808,1.2579500000000001,1.5,2.97
10.08.2021 00:08:39.721,1.25809,1.25797,1,1.2
10.08.2021 00:08:45.194,1.25808,1.25799,1,1
10.08.2021 00:08:47.444,1.25809,1.25797,1,1.2
10.08.2021 00:08:51.594,1.25809,1.25797,1,1.22
10.08.2021 00:08:54.480,1.2581,1.25798,1,1.1
10.08.2021 00:09:01.130,1.25811,1.25798,1.5,2.16
10.08.2021 00:09:02.794,1.25811,1.25801,1,1.1
10.08.2021 00:09:04.969,1.25811,1.25799,1,1.35
10.08.2021 00:09:05.071,1.25811,1.25799,1,1.1
10.08.2021 00:09:16.818,1.25811,1.25798,1,3.29
10.08.2021 00:09:16.919,1.2581200000000001,1.25799,1.5,1.1
10.08.2021 00:09:31.043,1.2581200000000001,1.25799,1.5,1.1
10.08.2021 00:09:36.225,1.2581,1.25798,1,1.22
10.08.2021 00:09:36.326,1.2581,1.25798,1,1.2
10.08.2021 00:09:39.448,1.2581,1.25799,1,1
10.08.2021 00:09:43.722,1.2581,1.258,1,1
10.08.2021 00:09:50.347,1.25811,1.2580200000000001,1,1
10.08.2021 00:09:50.398,1.25815,1.25804,1,1
10.08.2021 00:09:50.499,1.2581600000000002,1.2580700000000002,1,1
10.08.2021 00:09:50.651,1.25818,1.2580600000000002,1,1
10.08.2021 00:09:57.195,1.25819,1.2580600000000002,1,1.57
10.08.2021 00:09:58.222,1.25818,1.2580600000000002,1,1.5
10.08.2021 00:10:07.763,1.25813,1.258,2.44,1.57
10.08.2021 00:10:07.865,1.2581200000000001,1.258,1.1,1
10.08.2021 00:10:08.987,1.2581200000000001,1.25799,1.2,2.25
10.08.2021 00:10:09.422,1.25811,1.25798,1.76,1
10.08.2021 00:10:09.524,1.25811,1.25798,2.54,1
10.08.2021 00:10:10.318,1.25811,1.25798,1.76,1
10.08.2021 00:10:10.839,1.2581,1.25799,1,1
10.08.2021 00:10:14.545,1.2581,1.25797,1,2.35
10.08.2021 00:10:14.597,1.2580500000000001,1.25794,1.5,2.7
10.08.2021 00:10:14.698,1.25804,1.25793,1.57,1.87
10.08.2021 00:10:14.799,1.25804,1.25791,1,1.57
10.08.2021 00:10:25.366,1.25803,1.25791,1,1.57
10.08.2021 00:10:45.371,1.25804,1.25791,1,1.57
10.08.2021 00:10:56.148,1.25803,1.25791,1,1
10.08.2021 00:10:56.815,1.25803,1.2579,1,1.57
10.08.2021 00:11:07.202,1.25801,1.2578799999999999,1,1.57
10.08.2021 00:11:07.303,1.25797,1.2578500000000001,1,1
10.08.2021 00:11:09.790,1.25798,1.2578500000000001,1.57,1
10.08.2021 00:11:10.615,1.2579600000000002,1.25784,1,1.57
10.08.2021 00:11:13.016,1.25797,1.25784,1,1.57
10.08.2021 00:11:17.925,1.2579600000000002,1.2578500000000001,1,1.6
10.08.2021 00:11:21.344,1.25801,1.2578799999999999,1.5,1.95
10.08.2021 00:11:21.446,1.25801,1.25789,1,1
10.08.2021 00:11:21.548,1.258,1.2578799999999999,1,1.2
10.08.2021 00:11:27.565,1.25801,1.2578799999999999,1,2.72
10.08.2021 00:11:35.867,1.2580200000000001,1.25789,1.5,1.1
10.08.2021 00:11:36.069,1.25801,1.2578799999999999,1,1.22
10.08.2021 00:11:36.604,1.2579500000000001,1.2578600000000002,1.5,1.1
10.08.2021 00:11:36.705,1.2579500000000001,1.2578200000000002,1,1.95
10.08.2021 00:11:42.196,1.25794,1.2578200000000002,1,1.2
10.08.2021 00:11:55.015,1.25793,1.25781,1,1.97
10.08.2021 00:11:55.135,1.25794,1.25781,1,1.97
10.08.2021 00:11:57.404,1.25794,1.25784,1.57,1
10.08.2021 00:12:02.746,1.2579600000000002,1.25783,1.5,1
10.08.2021 00:12:09.197,1.2579500000000001,1.2578500000000001,1,1
10.08.2021 00:12:20.237,1.2579600000000002,1.25783,1.57,1
10.08.2021 00:12:27.529,1.25794,1.25781,1.5,1
10.08.2021 00:12:27.630,1.2578799999999999,1.25776,1,1.2
10.08.2021 00:12:27.782,1.25787,1.25776,2.32,1
10.08.2021 00:12:27.883,1.2578200000000002,1.25771,1,1
10.08.2021 00:12:27.934,1.2578,1.2577,1,1.57
10.08.2021 00:12:28.085,1.25781,1.2577,1.57,1
10.08.2021 00:12:30.965,1.2578500000000001,1.2577500000000001,1.57,1
10.08.2021 00:12:31.066,1.25787,1.25774,2.02,1
10.08.2021 00:12:32.086,1.2578799999999999,1.2577500000000001,1.79,1
10.08.2021 00:12:32.187,1.2578799999999999,1.2577500000000001,1.5,1.1
10.08.2021 00:12:32.800,1.2578799999999999,1.25776,1,1
10.08.2021 00:12:35.711,1.25787,1.25778,1,1
10.08.2021 00:12:39.227,1.25787,1.25777,1,1
10.08.2021 00:12:41.357,1.25794,1.2578200000000002,1.67,1
10.08.2021 00:12:41.459,1.25794,1.2578200000000002,1.1,1
10.08.2021 00:12:41.787,1.25794,1.25783,1.57,1
10.08.2021 00:12:41.888,1.25794,1.25784,1,1
10.08.2021 00:12:41.989,1.2579600000000002,1.25783,1.57,1
10.08.2021 00:12:50.068,1.25794,1.25784,1,1
10.08.2021 00:12:50.255,1.2579600000000002,1.25783,2.32,1
10.08.2021 00:12:55.574,1.25797,1.25784,1.57,1.5
10.08.2021 00:13:00.196,1.25797,1.2578500000000001,1.5,1
10.08.2021 00:13:03.722,1.2579600000000002,1.2578500000000001,1,1
10.08.2021 00:13:05.108,1.2579600000000002,1.25784,1,1
10.08.2021 00:13:05.209,1.2579600000000002,1.25783,1.57,1.5
10.08.2021 00:13:10.678,1.2579500000000001,1.2578200000000002,1.5,1.1
10.08.2021 00:13:10.881,1.25793,1.25783,1,1
10.08.2021 00:13:13.058,1.25794,1.25781,1,2.32
10.08.2021 00:13:43.650,1.25789,1.25778,1,1
10.08.2021 00:13:43.751,1.2578799999999999,1.25777,1,1
10.08.2021 00:13:45.493,1.2578799999999999,1.2577500000000001,1.5,1.1
10.08.2021 00:13:57.284,1.25787,1.25774,1,1.57
10.08.2021 00:13:57.393,1.2578799999999999,1.2577500000000001,1.57,1
10.08.2021 00:14:01.345,1.2578799999999999,1.25777,1.5,1.1
10.08.2021 00:14:27.195,1.25787,1.25776,1,2.35
10.08.2021 00:14:49.360,1.25787,1.25776,1,1.12
10.08.2021 00:14:49.563,1.25787,1.25774,1,3.57
10.08.2021 00:14:50.251,1.2579200000000001,1.25779,2.25,2.32
10.08.2021 00:14:50.302,1.25793,1.25781,1.57,1
10.08.2021 00:14:52.210,1.25794,1.25781,1,2.32
10.08.2021 00:14:52.312,1.25794,1.25781,1,2.54
10.08.2021 00:14:53.411,1.2579500000000001,1.2578200000000002,1,1.57
10.08.2021 00:14:55.094,1.25793,1.2578,1,1.95
10.08.2021 00:15:00.572,1.25793,1.25781,1,1
10.08.2021 00:15:01.446,1.25794,1.2578200000000002,1,2.32
10.08.2021 00:15:01.548,1.25793,1.2578200000000002,1,2.32
10.08.2021 00:15:01.649,1.25793,1.2578200000000002,1,2.54
10.08.2021 00:15:03.632,1.25793,1.2578,1,1.97
10.08.2021 00:15:03.733,1.25793,1.2578,1,1.95
10.08.2021 00:15:03.885,1.2579,1.25778,1,1
10.08.2021 00:15:03.936,1.25789,1.25776,1.5,1.57
10.08.2021 00:15:04.088,1.2578799999999999,1.25776,1,1
10.08.2021 00:15:10.251,1.2579200000000001,1.2578,1.1,1
10.08.2021 00:15:10.453,1.2579200000000001,1.25781,1,1.57
10.08.2021 00:15:11.760,1.2579200000000001,1.2578200000000002,1,1
10.08.2021 00:15:11.912,1.2579200000000001,1.25781,1.5,1.1
10.08.2021 00:15:13.420,1.2579200000000001,1.25779,1,1.97
10.08.2021 00:15:13.622,1.25791,1.2578,1,1.95
10.08.2021 00:15:14.402,1.2579200000000001,1.25781,1,1.57
10.08.2021 00:15:14.504,1.25794,1.25781,1,1.1
10.08.2021 00:15:14.811,1.2579200000000001,1.25781,1,1.57
10.08.2021 00:15:14.913,1.2579200000000001,1.2578,1,1
10.08.2021 00:15:14.964,1.25791,1.25778,1,1.57
10.08.2021 00:15:15.975,1.2579200000000001,1.2578200000000002,1.57,1
10.08.2021 00:15:20.174,1.25794,1.25781,1,1.57
10.08.2021 00:15:20.633,1.2579500000000001,1.25781,2.25,2.72
10.08.2021 00:15:24.085,1.25794,1.2578200000000002,1,1.2
10.08.2021 00:15:28.127,1.25794,1.2578200000000002,1.5,2.1
10.08.2021 00:15:33.798,1.2579500000000001,1.25781,1.57,2.32
10.08.2021 00:15:34.799,1.25793,1.2578200000000002,1,2.32
10.08.2021 00:15:38.215,1.25794,1.25781,1,2.35
10.08.2021 00:15:42.220,1.2579500000000001,1.25781,1.5,2.72
10.08.2021 00:15:42.321,1.2579500000000001,1.25783,1,1
10.08.2021 00:15:43.212,1.2579500000000001,1.2578200000000002,1.57,1
10.08.2021 00:15:43.314,1.25793,1.25783,1,1
10.08.2021 00:16:30.665,1.2579200000000001,1.2578,1,1
10.08.2021 00:16:36.227,1.25791,1.2578,1,1
10.08.2021 00:16:52.944,1.25791,1.25781,1,1
10.08.2021 00:16:53.046,1.25793,1.2578200000000002,1,1
10.08.2021 00:16:56.549,1.25794,1.25783,1,1
10.08.2021 00:17:04.043,1.25793,1.25783,1,1
10.08.2021 00:17:42.057,1.25794,1.25783,1,1
10.08.2021 00:18:02.536,1.25789,1.2578,1,1
10.08.2021 00:18:02.638,1.25791,1.25781,1,1
10.08.2021 00:18:02.739,1.2579200000000001,1.25781,1,1
10.08.2021 00:18:07.337,1.25789,1.2578,1,1
10.08.2021 00:18:07.388,1.25787,1.2577500000000001,1,1.5
10.08.2021 00:18:15.194,1.2578500000000001,1.25776,1,1.5
10.08.2021 00:18:15.566,1.2578500000000001,1.2577500000000001,1,1
10.08.2021 00:18:16.140,1.25784,1.2577500000000001,1,1.12
10.08.2021 00:18:17.169,1.2578,1.25769,1,1
10.08.2021 00:18:17.271,1.2578,1.25768,1,1
10.08.2021 00:18:21.235,1.25778,1.25769,1,1
10.08.2021 00:18:41.369,1.25789,1.2578200000000002,1,10.2
10.08.2021 00:18:41.420,1.2579500000000001,1.2578600000000002,1,1.35
10.08.2021 00:18:41.522,1.25797,1.2578600000000002,1.2,1
10.08.2021 00:18:41.573,1.25799,1.25787,1,1
10.08.2021 00:18:41.674,1.25797,1.2578799999999999,1,1
10.08.2021 00:18:41.776,1.25798,1.2578799999999999,1,1
10.08.2021 00:18:41.927,1.25798,1.25787,1,1
10.08.2021 00:18:41.978,1.25798,1.2578500000000001,1,2.89
10.08.2021 00:18:42.305,1.25798,1.2578500000000001,1,2.91
10.08.2021 00:18:44.775,1.25799,1.25787,1,1.2
10.08.2021 00:18:50.291,1.25798,1.2578600000000002,1,1.6
10.08.2021 00:18:50.392,1.25797,1.2578600000000002,1,2.66
10.08.2021 00:18:50.509,1.25797,1.2578500000000001,1,2.66
10.08.2021 00:18:51.491,1.25794,1.25784,1,1
10.08.2021 00:18:51.644,1.25793,1.25783,1,1.87
10.08.2021 00:18:51.745,1.25793,1.2578,1.5,2.32
10.08.2021 00:18:51.847,1.25791,1.25781,1,2.32
10.08.2021 00:18:55.473,1.25793,1.2578,1.5,1.1
10.08.2021 00:18:58.493,1.2579200000000001,1.2578,1,1.1
10.08.2021 00:18:58.594,1.2579200000000001,1.2578,1,1.1
10.08.2021 00:19:00.201,1.2579200000000001,1.25781,1,1
10.08.2021 00:19:00.447,1.25791,1.25781,1,1.1
10.08.2021 00:19:01.962,1.25791,1.2578,1,1.1
10.08.2021 00:19:02.013,1.2578600000000002,1.25776,1,1
10.08.2021 00:19:02.115,1.2578500000000001,1.25774,1,1
10.08.2021 00:19:02.216,1.2578500000000001,1.25773,1,2.14
10.08.2021 00:19:06.494,1.25784,1.25774,1,2.91
10.08.2021 00:19:06.597,1.25784,1.25773,1.5,3.1
10.08.2021 00:19:13.772,1.25783,1.25773,1,1.39
10.08.2021 00:19:26.270,1.25784,1.2577200000000002,1,1.85
10.08.2021 00:19:28.419,1.25784,1.25774,1.5,1.39
10.08.2021 00:19:36.556,1.25784,1.2577200000000002,1,1.85
10.08.2021 00:19:59.714,1.2578500000000001,1.2577200000000002,1.5,2.16
10.08.2021 00:20:09.325,1.2578500000000001,1.25774,1.5,1.5
10.08.2021 00:20:29.869,1.2578500000000001,1.25773,1.5,1.31
10.08.2021 00:20:30.021,1.25784,1.2577200000000002,1,2.25
10.08.2021 00:20:30.122,1.25778,1.25766,1.5,1.97
10.08.2021 00:20:30.223,1.25778,1.25766,1.5,1.2
10.08.2021 00:20:44.789,1.25784,1.2577200000000002,1,1.69
10.08.2021 00:20:45.813,1.25784,1.2577200000000002,1,1.79
10.08.2021 00:20:46.082,1.2578500000000001,1.2577200000000002,1.5,2.54
10.08.2021 00:20:49.417,1.2578600000000002,1.2577500000000001,1,1
10.08.2021 00:20:49.569,1.2578799999999999,1.25776,1,2.7
10.08.2021 00:20:49.670,1.25791,1.25781,1,1
10.08.2021 00:20:50.676,1.25793,1.2578200000000002,1,2.25
10.08.2021 00:20:50.777,1.2579600000000002,1.2578500000000001,1,1
10.08.2021 00:20:50.828,1.25798,1.2578500000000001,1,1.69
10.08.2021 00:20:50.929,1.25797,1.2578500000000001,1,1
10.08.2021 00:20:52.310,1.25797,1.2578500000000001,1,1.15
10.08.2021 00:20:54.243,1.25798,1.2578500000000001,1,1.62
10.08.2021 00:20:58.251,1.25797,1.25784,1,1.84
10.08.2021 00:21:07.663,1.2579500000000001,1.25784,1,1.05
10.08.2021 00:21:07.764,1.2579500000000001,1.25783,1,1.44
10.08.2021 00:21:11.173,1.2579500000000001,1.2578200000000002,1,3.15
10.08.2021 00:21:26.644,1.2579500000000001,1.2578600000000002,1,1.15
10.08.2021 00:21:26.746,1.2579600000000002,1.2578600000000002,1,1.15
10.08.2021 00:21:33.106,1.2579500000000001,1.25784,1,1.05
10.08.2021 00:21:34.910,1.25793,1.25784,1,1.05
10.08.2021 00:21:41.489,1.25793,1.25784,1,1.05
10.08.2021 00:21:51.693,1.25794,1.25783,1,1.05
10.08.2021 00:21:51.845,1.25794,1.25783,1,1.05
10.08.2021 00:22:01.765,1.25794,1.25783,1,1.05
10.08.2021 00:22:07.969,1.25794,1.25783,1,1.05
10.08.2021 00:22:11.753,1.2579500000000001,1.25784,1,1.05
10.08.2021 00:22:39.444,1.2579500000000001,1.25784,1,1.15
10.08.2021 00:22:39.495,1.258,1.25789,1,1
10.08.2021 00:22:39.747,1.258,1.25789,1,1.15
10.08.2021 00:22:40.627,1.25799,1.2579,1,1.15
10.08.2021 00:22:40.729,1.25801,1.25791,1,1.05
10.08.2021 00:22:42.098,1.2580200000000001,1.25791,1,1.05
10.08.2021 00:22:49.468,1.2580200000000001,1.25793,1,1.87
10.08.2021 00:22:49.519,1.25804,1.2579500000000001,1,1
10.08.2021 00:22:49.721,1.2580500000000001,1.2579500000000001,1,1
10.08.2021 00:23:11.906,1.2580600000000002,1.2579600000000002,1,1
10.08.2021 00:23:15.203,1.2580600000000002,1.25797,1,1
10.08.2021 00:23:27.148,1.25808,1.25799,1,1
10.08.2021 00:23:30.194,1.25809,1.25799,1,1
10.08.2021 00:23:36.365,1.2580500000000001,1.25793,1,1.5
10.08.2021 00:23:36.466,1.25803,1.25793,1,1.12
10.08.2021 00:23:41.923,1.25803,1.2579200000000001,1,1
10.08.2021 00:23:43.462,1.25804,1.2579600000000002,1,1
10.08.2021 00:23:43.564,1.2580600000000002,1.2579500000000001,1,1
10.08.2021 00:23:44.085,1.2580700000000002,1.2579500000000001,1,1
10.08.2021 00:23:49.801,1.2580700000000002,1.2579600000000002,1,1
10.08.2021 00:23:56.766,1.25808,1.2579600000000002,1,1
10.08.2021 00:24:00.143,1.25808,1.2579500000000001,1.5,2.25
10.08.2021 00:24:00.365,1.2580700000000002,1.25797,1,1
10.08.2021 00:24:04.111,1.25808,1.25798,1,1
10.08.2021 00:24:04.415,1.25808,1.25799,1,1
10.08.2021 00:24:04.517,1.2581,1.25798,1,1.5
10.08.2021 00:24:12.197,1.25809,1.25798,1,1
10.08.2021 00:24:40.972,1.25809,1.258,1,1
10.08.2021 00:24:43.338,1.2581,1.258,1,1
10.08.2021 00:25:04.940,1.25808,1.25801,1,1
10.08.2021 00:25:12.340,1.2581,1.258,1,1
10.08.2021 00:25:27.209,1.2580600000000002,1.25794,1,2.25
10.08.2021 00:25:27.261,1.25803,1.2579600000000002,1,1
10.08.2021 00:25:27.362,1.2580500000000001,1.2579500000000001,1,1
10.08.2021 00:25:32.735,1.2580500000000001,1.25793,1,2.7
10.08.2021 00:25:34.851,1.25803,1.2579200000000001,1,1
10.08.2021 00:25:44.663,1.2580200000000001,1.25794,1,1
10.08.2021 00:25:48.192,1.25803,1.25794,1,1
10.08.2021 00:25:49.958,1.2580200000000001,1.2579500000000001,1,1
10.08.2021 00:25:56.147,1.25804,1.25794,1,1
10.08.2021 00:26:31.821,1.25808,1.25798,1,1
10.08.2021 00:26:32.602,1.2580700000000002,1.2579600000000002,1,1
10.08.2021 00:26:36.192,1.2580600000000002,1.2579600000000002,1,1
10.08.2021 00:26:50.382,1.25808,1.2579600000000002,1,1
10.08.2021 00:26:50.483,1.25809,1.25798,1,1
10.08.2021 00:26:55.573,1.25809,1.258,1,1
10.08.2021 00:27:39.344,1.25809,1.25799,1,1
10.08.2021 00:27:39.445,1.2580700000000002,1.25797,1,1
10.08.2021 00:27:48.317,1.25808,1.25797,1,1
10.08.2021 00:28:04.440,1.2580700000000002,1.25797,1,1
10.08.2021 00:28:16.199,1.2580700000000002,1.2579600000000002,1,1
10.08.2021 00:28:22.469,1.25803,1.25793,1.5,1.5
10.08.2021 00:28:22.520,1.2580200000000001,1.25791,1,1
10.08.2021 00:29:16.072,1.25803,1.25791,1,1
10.08.2021 00:29:18.992,1.2580200000000001,1.25791,1,1
10.08.2021 00:29:29.942,1.2580200000000001,1.2579,1,1.54
10.08.2021 00:30:00.107,1.258,1.25791,1,1.05
10.08.2021 00:30:05.338,1.2580200000000001,1.2579500000000001,1,2.07
10.08.2021 00:30:05.389,1.2580700000000002,1.2579500000000001,1,1.2
10.08.2021 00:30:05.490,1.25808,1.2579600000000002,1,1.1
10.08.2021 00:30:06.422,1.2580700000000002,1.25798,1,1.1
10.08.2021 00:30:06.779,1.25809,1.25799,1,1.5
10.08.2021 00:30:06.980,1.25811,1.25799,1,1.1
10.08.2021 00:30:07.082,1.2581200000000001,1.25799,1,1.57
10.08.2021 00:30:07.289,1.2581200000000001,1.25799,1,1.6
10.08.2021 00:30:07.960,1.2581,1.258,1,1.5
10.08.2021 00:30:08.061,1.25809,1.2579600000000002,1,2.35
10.08.2021 00:30:08.162,1.25809,1.2579600000000002,1,2.32
10.08.2021 00:30:15.310,1.25809,1.25797,1,1
10.08.2021 00:30:19.235,1.25809,1.25798,1,1.57
10.08.2021 00:30:19.998,1.2581,1.25798,1,1
10.08.2021 00:30:23.555,1.2581,1.25799,1.5,2.7
10.08.2021 00:30:26.597,1.2581,1.258,1.5,1
10.08.2021 00:30:27.070,1.25811,1.25798,1.5,3.45
10.08.2021 00:30:27.172,1.25811,1.25799,1.5,1
10.08.2021 00:30:29.046,1.25811,1.25798,1,3.64
10.08.2021 00:30:29.147,1.25811,1.25799,1,1
10.08.2021 00:30:29.500,1.25811,1.25798,1,3.45
10.08.2021 00:30:31.108,1.2581,1.258,1,1
10.08.2021 00:30:31.209,1.25811,1.258,1,1
10.08.2021 00:30:39.629,1.2581,1.258,1.5,2.32
10.08.2021 00:31:13.303,1.25811,1.25799,1,1.6
10.08.2021 00:31:21.108,1.2581600000000002,1.25804,1.5,1.12
10.08.2021 00:31:21.632,1.2581700000000002,1.2580600000000002,1,1
10.08.2021 00:31:32.013,1.25818,1.2580600000000002,1.5,1
10.08.2021 00:31:33.654,1.25818,1.2580500000000001,1.5,2.7
10.08.2021 00:31:35.120,1.2581700000000002,1.25804,1.5,1.6
10.08.2021 00:31:37.840,1.2581700000000002,1.25804,1.5,1.2
10.08.2021 00:31:38.065,1.25809,1.25798,1,2.32
10.08.2021 00:31:38.166,1.25809,1.25799,1.5,2.32
10.08.2021 00:31:41.649,1.2581,1.25799,1.5,1
10.08.2021 00:31:44.816,1.2581,1.25798,1.5,2.32
10.08.2021 00:31:44.918,1.25809,1.25797,1,1.57
10.08.2021 00:31:56.268,1.25809,1.25798,1,1
10.08.2021 00:32:02.159,1.25809,1.258,1.5,1
10.08.2021 00:32:02.756,1.25801,1.25793,1,1.5
10.08.2021 00:32:02.807,1.258,1.2579,1,1
10.08.2021 00:32:02.858,1.25798,1.2578799999999999,1,1
10.08.2021 00:32:02.959,1.25799,1.2578600000000002,1,1.61
10.08.2021 00:32:03.111,1.25798,1.2578600000000002,1,1.05
10.08.2021 00:32:06.454,1.25798,1.2578500000000001,1.5,1.61
10.08.2021 00:32:07.445,1.2579600000000002,1.2578600000000002,1.5,1.15
10.08.2021 00:32:08.447,1.2579600000000002,1.25784,1,2.77
10.08.2021 00:32:08.743,1.25797,1.2578500000000001,1.5,1
10.08.2021 00:32:08.794,1.2579500000000001,1.2578200000000002,1.5,1.99
10.08.2021 00:32:27.512,1.25793,1.25783,1,1.12
10.08.2021 00:32:36.773,1.2579200000000001,1.2578200000000002,1,2.07
10.08.2021 00:32:40.389,1.25793,1.25781,1,1.95
10.08.2021 00:32:41.471,1.2579200000000001,1.2578200000000002,1,3.47
10.08.2021 00:32:55.649,1.25794,1.25781,1,2.01
10.08.2021 00:32:55.955,1.2579,1.2578,1,1
10.08.2021 00:32:56.056,1.25791,1.25778,1.5,1
10.08.2021 00:32:57.179,1.2579,1.25778,1,1.5
10.08.2021 00:32:57.285,1.25789,1.25778,1,1
10.08.2021 00:32:57.386,1.25787,1.25774,1.5,1.65
10.08.2021 00:33:03.840,1.25787,1.25774,1.5,1.24
10.08.2021 00:33:04.367,1.25787,1.2577500000000001,1.5,1
10.08.2021 00:33:12.193,1.25787,1.25774,1.5,1.99
10.08.2021 00:33:20.652,1.2578600000000002,1.25773,1,2.9
10.08.2021 00:33:33.481,1.2578600000000002,1.25774,1,2.94
10.08.2021 00:33:34.029,1.2578600000000002,1.25774,1,2.94
10.08.2021 00:33:47.108,1.25784,1.25774,1,2.15
10.08.2021 00:33:48.047,1.25784,1.25774,1,1.15
10.08.2021 00:33:48.148,1.25784,1.2577200000000002,1,2
10.08.2021 00:33:49.316,1.25779,1.25771,1,1.15
10.08.2021 00:33:49.418,1.25778,1.25768,1,1
10.08.2021 00:33:49.520,1.25778,1.25766,1,1.55
10.08.2021 00:33:52.544,1.25778,1.25766,1,1.16
10.08.2021 00:33:54.192,1.25777,1.2576500000000002,1,2.12
10.08.2021 00:34:00.213,1.25778,1.25766,1,1.16
10.08.2021 00:34:01.671,1.2578,1.25768,1,2.7
10.08.2021 00:34:01.823,1.25778,1.25768,1,1.65
10.08.2021 00:34:16.003,1.25779,1.25767,1,1.15
10.08.2021 00:34:16.156,1.2578,1.25768,1.5,1
10.08.2021 00:34:29.745,1.2578,1.25771,1.5,1
10.08.2021 00:34:29.796,1.25783,1.25773,1,1.12
10.08.2021 00:34:29.847,1.25784,1.2577500000000001,1,1
10.08.2021 00:34:29.948,1.2578600000000002,1.25774,1.5,1
10.08.2021 00:34:39.450,1.2578600000000002,1.25774,1,1.62
10.08.2021 00:34:40.389,1.2578600000000002,1.25776,1.5,1.05
10.08.2021 00:34:40.490,1.2578600000000002,1.25776,1.5,1.05
10.08.2021 00:34:41.685,1.25787,1.25774,1.5,1.62
10.08.2021 00:34:41.814,1.2578600000000002,1.2577500000000001,1.5,1.54
10.08.2021 00:34:44.323,1.25787,1.25774,1.5,1.55
10.08.2021 00:34:45.152,1.25784,1.2577500000000001,1,1.05
10.08.2021 00:34:50.449,1.2578500000000001,1.25774,1,1.05
10.08.2021 00:34:51.277,1.2578500000000001,1.25774,1,1.05
10.08.2021 00:34:53.465,1.2578500000000001,1.25774,1,1.05
10.08.2021 00:35:04.972,1.2578500000000001,1.25774,1,1.05
10.08.2021 00:35:06.150,1.25783,1.2577500000000001,1,1.05
10.08.2021 00:35:06.252,1.2578,1.2577,1,1.15
10.08.2021 00:35:06.353,1.25779,1.25769,1,1.25
10.08.2021 00:35:06.454,1.25779,1.25769,1,1.25
10.08.2021 00:35:06.838,1.25778,1.25768,1,1.65
10.08.2021 00:35:20.014,1.25778,1.25768,1,1.25
10.08.2021 00:35:20.323,1.25779,1.25766,1,1.25
10.08.2021 00:35:20.425,1.25778,1.2576500000000002,1,2.87
10.08.2021 00:35:28.769,1.25776,1.25766,1,2.75
10.08.2021 00:35:32.090,1.2578,1.25768,1,2.74
10.08.2021 00:35:32.243,1.25781,1.25768,1.5,1.24
10.08.2021 00:35:32.396,1.2578,1.25767,1.5,2.15
10.08.2021 00:35:32.498,1.25779,1.25767,1,1.65
10.08.2021 00:35:32.826,1.25778,1.25768,1,1.65
10.08.2021 00:35:52.724,1.25779,1.25773,1,2
10.08.2021 00:35:52.775,1.25784,1.25774,1.5,1.12
10.08.2021 00:35:52.876,1.2578600000000002,1.25773,1.5,1.2
10.08.2021 00:35:53.001,1.2578600000000002,1.25773,1.5,1.25
10.08.2021 00:35:58.108,1.2578500000000001,1.25774,1.5,1.25
10.08.2021 00:36:02.096,1.2578600000000002,1.25774,1,1.05
10.08.2021 00:36:03.890,1.2578799999999999,1.2577500000000001,1.5,1.25
10.08.2021 00:36:06.131,1.25789,1.25779,1,1.17
10.08.2021 00:36:06.233,1.25791,1.2578,1,1
10.08.2021 00:36:06.335,1.25791,1.25778,1.5,1.05
10.08.2021 00:36:06.436,1.25789,1.25779,1,1
10.08.2021 00:36:06.538,1.25789,1.25776,1,1.62
10.08.2021 00:36:06.640,1.2578799999999999,1.25777,1.5,1.15
10.08.2021 00:36:06.742,1.25787,1.25777,1,1.05
10.08.2021 00:36:07.594,1.2578799999999999,1.2577500000000001,1.5,1.05
10.08.2021 00:36:12.751,1.25787,1.25774,1,2
10.08.2021 00:36:15.100,1.2578799999999999,1.2577500000000001,1.5,1.05
10.08.2021 00:36:15.302,1.2578799999999999,1.2577500000000001,1.5,1.05
10.08.2021 00:36:16.231,1.25787,1.2577500000000001,1,1.05
10.08.2021 00:36:16.535,1.2578600000000002,1.2577500000000001,1,1.05
10.08.2021 00:36:26.262,1.25787,1.2577500000000001,1,1.05
10.08.2021 00:36:30.192,1.2578799999999999,1.2577500000000001,1.5,1.05
10.08.2021 00:36:32.180,1.25787,1.25776,1.5,1.05
10.08.2021 00:37:05.221,1.25787,1.25774,1,1.05
10.08.2021 00:37:05.575,1.2578600000000002,1.25774,1,1.05
10.08.2021 00:37:05.676,1.25784,1.25773,1,1.65
10.08.2021 00:37:13.314,1.25784,1.25773,1,1.25
10.08.2021 00:37:16.607,1.25784,1.25771,1,2.15
10.08.2021 00:37:21.499,1.25784,1.25771,1,2.15
10.08.2021 00:37:22.037,1.25784,1.25771,1,2.15
10.08.2021 00:37:22.696,1.25784,1.25771,1,2.9
10.08.2021 00:37:22.797,1.25784,1.25773,1.5,1.17
10.08.2021 00:37:27.342,1.2578500000000001,1.2577200000000002,1.5,1.25
10.08.2021 00:37:32.392,1.2578500000000001,1.2577200000000002,1.5,1.17
10.08.2021 00:37:33.202,1.25784,1.25771,1,2.87
10.08.2021 00:37:37.217,1.25784,1.25771,1,2.9
10.08.2021 00:37:40.537,1.25784,1.25771,1,2.87
10.08.2021 00:37:43.103,1.25783,1.25771,1,2.12
10.08.2021 00:37:58.731,1.25778,1.2577,1.5,1
10.08.2021 00:37:58.782,1.25778,1.2576500000000002,1,3.65
10.08.2021 00:37:58.883,1.25777,1.2576500000000002,1,2.12
10.08.2021 00:37:59.035,1.25777,1.2576500000000002,1,2.12
10.08.2021 00:38:24.935,1.25777,1.2576500000000002,1,1.15
10.08.2021 00:38:31.157,1.25776,1.25766,1,1.15
10.08.2021 00:38:50.916,1.25777,1.25764,1,2.02
10.08.2021 00:38:51.068,1.2577200000000002,1.25763,1,1.15
10.08.2021 00:38:51.118,1.2577200000000002,1.2576100000000001,1,2.25
10.08.2021 00:38:51.169,1.2577,1.25757,1,2.1
10.08.2021 00:38:51.321,1.2577,1.25758,1,2.14
10.08.2021 00:38:52.683,1.2577,1.25758,1,2.16
10.08.2021 00:38:53.173,1.2577,1.25758,1,2.14
10.08.2021 00:38:56.663,1.25771,1.25758,1,1.95
10.08.2021 00:38:56.764,1.2577,1.25757,1,2.07
10.08.2021 00:39:02.302,1.2577,1.25757,1,1.87
10.08.2021 00:39:05.221,1.25769,1.25756,1,2.07
10.08.2021 00:39:08.120,1.25767,1.2575500000000002,1,1
10.08.2021 00:39:08.221,1.25767,1.25757,1,1.12
10.08.2021 00:39:08.423,1.25767,1.25754,1,2.85
10.08.2021 00:39:10.340,1.25767,1.25754,1,2.85
10.08.2021 00:39:10.550,1.25769,1.25756,1,1.5
10.08.2021 00:39:10.651,1.25769,1.25756,1,2
10.08.2021 00:39:21.192,1.25768,1.25756,1,1.6
10.08.2021 00:39:23.366,1.25766,1.25756,1,1.6
10.08.2021 00:39:25.840,1.25767,1.25756,1,1.12
10.08.2021 00:39:30.207,1.25768,1.25756,1,1.12
10.08.2021 00:39:30.258,1.25766,1.25754,1,1.1
10.08.2021 00:39:30.359,1.25764,1.25753,1,5.85
10.08.2021 00:39:30.909,1.2576500000000002,1.2575200000000002,1,1.6
10.08.2021 00:39:33.116,1.25763,1.25753,1,1.1
10.08.2021 00:39:33.328,1.2576500000000002,1.2575200000000002,1,1.6
10.08.2021 00:39:36.849,1.25764,1.25753,1,1.57
10.08.2021 00:39:56.391,1.2576100000000001,1.2575,1,2.72
10.08.2021 00:39:56.492,1.2576200000000002,1.2575,1,1.97
10.08.2021 00:39:57.780,1.25764,1.2575200000000002,1,3
10.08.2021 00:39:57.882,1.25763,1.2575200000000002,1,1.5
10.08.2021 00:39:57.984,1.25763,1.2575,1.5,2.72
10.08.2021 00:40:08.626,1.2576200000000002,1.2575100000000001,1,1
10.08.2021 00:40:08.727,1.2576200000000002,1.25749,1,2.7
10.08.2021 00:40:49.874,1.2576200000000002,1.25753,1,1
10.08.2021 00:40:53.856,1.2576100000000001,1.2575,1,1.95
10.08.2021 00:41:04.017,1.25763,1.2575,1.5,1
10.08.2021 00:41:14.755,1.2576200000000002,1.25749,1,1.5
10.08.2021 00:41:19.837,1.25763,1.2575,1.5,1
10.08.2021 00:41:32.269,1.25763,1.2575200000000002,1.5,1
10.08.2021 00:41:34.219,1.25763,1.2575100000000001,1.5,1
10.08.2021 00:41:36.241,1.2576200000000002,1.2575100000000001,1,1
10.08.2021 00:41:36.342,1.2576100000000001,1.2575100000000001,1,1
10.08.2021 00:41:38.446,1.25764,1.2575200000000002,1.01,1
10.08.2021 00:42:25.777,1.25766,1.25756,1,1
10.08.2021 00:42:25.879,1.2577,1.25758,1.1,1
10.08.2021 00:42:25.981,1.2577,1.25757,1.1,1.5
10.08.2021 00:42:26.082,1.25768,1.25758,1,1
10.08.2021 00:42:43.792,1.25769,1.25759,1.2,1
10.08.2021 00:42:44.669,1.2577,1.25758,1.82,1
10.08.2021 00:42:51.158,1.25768,1.25758,1,1
10.08.2021 00:42:53.389,1.25767,1.25756,1.12,1
10.08.2021 00:42:53.440,1.2576500000000002,1.25753,1,1
10.08.2021 00:42:53.541,1.25763,1.25754,1,1
10.08.2021 00:43:02.166,1.25764,1.25754,1,1
10.08.2021 00:43:02.359,1.25764,1.25753,1.5,1.5
10.08.2021 00:43:03.073,1.25763,1.25753,1,1
10.08.2021 00:43:03.729,1.25763,1.2575100000000001,1,1
10.08.2021 00:43:09.365,1.25766,1.2575500000000002,1,1.12
10.08.2021 00:43:09.416,1.25769,1.25757,2.32,1
10.08.2021 00:43:09.568,1.2577,1.25757,1.5,1.5
10.08.2021 00:43:09.720,1.25768,1.25757,1,1
10.08.2021 00:43:10.079,1.25767,1.25757,1,1.5
10.08.2021 00:43:11.130,1.25766,1.2575500000000002,1,1
10.08.2021 00:43:20.724,1.2576500000000002,1.25754,1,1
10.08.2021 00:43:22.669,1.25766,1.25754,1,1
10.08.2021 00:43:25.442,1.25764,1.25754,1,1
10.08.2021 00:43:25.712,1.25763,1.25754,1,1
10.08.2021 00:43:41.388,1.2576500000000002,1.25753,1,1
10.08.2021 00:43:43.433,1.25764,1.25753,1,1
10.08.2021 00:43:54.592,1.25763,1.25753,1,1
10.08.2021 00:43:56.637,1.2576500000000002,1.2575500000000002,1,1
10.08.2021 00:43:56.782,1.2576500000000002,1.25756,1,1
10.08.2021 00:44:10.382,1.2576500000000002,1.2575500000000002,1,1
10.08.2021 00:44:10.484,1.25763,1.2575200000000002,1,1
10.08.2021 00:44:12.171,1.25766,1.2575500000000002,1.12,1
10.08.2021 00:44:12.322,1.2576500000000002,1.2575500000000002,1,1.57
10.08.2021 00:45:05.497,1.25763,1.25754,1,1.1
10.08.2021 00:45:05.599,1.25763,1.2575200000000002,1,1
10.08.2021 00:45:05.751,1.25763,1.2575100000000001,1,1.57
10.08.2021 00:45:13.992,1.2576200000000002,1.2575100000000001,1,1
10.08.2021 00:45:18.616,1.2576100000000001,1.2575,1,1.1
10.08.2021 00:45:18.717,1.25759,1.2575100000000001,1,1
10.08.2021 00:45:18.818,1.25754,1.25746,1,1
10.08.2021 00:45:18.869,1.25754,1.25743,1,1.12
10.08.2021 00:45:18.970,1.25753,1.25743,1,1
10.08.2021 00:45:31.946,1.25753,1.2574100000000001,1,1.1
10.08.2021 00:46:27.732,1.25753,1.2574200000000002,1.5,1.57
10.08.2021 00:46:31.511,1.25753,1.25743,1.5,1.1
10.08.2021 00:46:31.943,1.25758,1.25747,1,2.25
10.08.2021 00:46:31.993,1.2576,1.25747,1,1.95
10.08.2021 00:46:32.095,1.25758,1.25748,1,1.95
10.08.2021 00:46:32.417,1.25759,1.25748,1,1
10.08.2021 00:46:32.518,1.25759,1.25747,1,1.95
10.08.2021 00:46:33.955,1.25758,1.25745,1.5,1.1
10.08.2021 00:46:34.056,1.25757,1.25745,1,1.1
10.08.2021 00:46:49.591,1.2575500000000002,1.25745,1,1
10.08.2021 00:46:49.976,1.25754,1.25745,1,1
10.08.2021 00:46:51.042,1.2575500000000002,1.25745,1,1
10.08.2021 00:46:51.182,1.2575500000000002,1.25743,1,1
10.08.2021 00:46:56.963,1.25754,1.2574200000000002,1,1.1
10.08.2021 00:47:18.975,1.25753,1.2574,1,1.5
10.08.2021 00:47:19.026,1.2575,1.2574,1,1
10.08.2021 00:47:20.064,1.2575100000000001,1.2574,1,1
10.08.2021 00:47:20.165,1.2575,1.25739,1,2.1
10.08.2021 00:47:20.397,1.2575100000000001,1.25738,1,1.57
10.08.2021 00:47:20.498,1.25749,1.25739,1,1.57
10.08.2021 00:47:21.045,1.25748,1.25739,1,1
10.08.2021 00:47:21.676,1.25749,1.25737,1,1.57
10.08.2021 00:47:35.903,1.2575100000000001,1.25738,1.5,2.1
10.08.2021 00:47:36.105,1.2575100000000001,1.25738,1,1.57
10.08.2021 00:47:36.307,1.2575100000000001,1.25739,1,1
10.08.2021 00:47:36.517,1.2575200000000002,1.25739,1.1,1
10.08.2021 00:47:47.239,1.25753,1.2574200000000002,1,1
10.08.2021 00:47:47.340,1.25753,1.25743,1,1.5
10.08.2021 00:47:47.441,1.25754,1.2574400000000001,1,1
10.08.2021 00:47:53.882,1.25754,1.25743,1.5,2.32
10.08.2021 00:47:54.487,1.2575200000000002,1.25743,1,1.57
10.08.2021 00:47:56.565,1.25753,1.2574100000000001,1,1.1
10.08.2021 00:47:56.667,1.25747,1.25738,1,1.1
10.08.2021 00:47:56.768,1.25747,1.25737,1,1
10.08.2021 00:47:56.819,1.25747,1.25735,1,1.1
10.08.2021 00:47:57.223,1.25746,1.25735,1,1.1
10.08.2021 00:47:57.890,1.25747,1.25735,1,1.1
10.08.2021 00:48:11.037,1.25747,1.25736,1.5,1.1
10.08.2021 00:48:24.087,1.25743,1.2573100000000001,1.5,1.1
10.08.2021 00:48:24.189,1.25739,1.25729,1,1.1
10.08.2021 00:48:24.492,1.2574,1.25727,1,1.57
10.08.2021 00:48:26.557,1.2574,1.25728,1,1
10.08.2021 00:48:31.763,1.25739,1.25728,1.5,2.32
10.08.2021 00:48:45.690,1.25739,1.25727,1,2.32
10.08.2021 00:48:52.651,1.25735,1.25723,1,1.57
10.08.2021 00:48:52.754,1.25735,1.25724,1,1.1
10.08.2021 00:48:52.855,1.25736,1.25724,1,1.1
10.08.2021 00:48:54.839,1.25736,1.25724,1,1.1
10.08.2021 00:48:55.243,1.25736,1.25726,1,1.1
10.08.2021 00:48:56.814,1.25738,1.25725,1,1.6
10.08.2021 00:49:00.944,1.25738,1.25727,1,1
10.08.2021 00:49:07.339,1.25739,1.25727,1,1
10.08.2021 00:49:10.220,1.25743,1.2573400000000001,1.57,1
10.08.2021 00:49:10.321,1.25746,1.2573400000000001,1,1
10.08.2021 00:49:12.566,1.25746,1.25735,1,1
10.08.2021 00:49:18.191,1.25747,1.25735,1,1
10.08.2021 00:49:42.614,1.25746,1.25735,1,1
10.08.2021 00:49:43.416,1.25745,1.25735,1,1
10.08.2021 00:49:43.568,1.2574200000000002,1.2573100000000001,1,1.57
10.08.2021 00:49:43.618,1.25739,1.25728,1,1.97
10.08.2021 00:49:43.719,1.2574,1.25727,1,1.57
10.08.2021 00:50:00.834,1.25743,1.2573100000000001,1,1
10.08.2021 00:50:00.985,1.2574400000000001,1.2573100000000001,1.5,1.5
10.08.2021 00:50:05.674,1.2574400000000001,1.25735,1,1
10.08.2021 00:50:05.776,1.25745,1.25733,1,1
10.08.2021 00:50:14.478,1.25745,1.2573400000000001,1,1
10.08.2021 00:50:14.580,1.25746,1.2573400000000001,1,1
10.08.2021 00:50:19.715,1.25746,1.25733,1.5,2.32
10.08.2021 00:50:25.072,1.2574200000000002,1.2573,1.1,1.5
10.08.2021 00:50:25.174,1.2574,1.25727,1.1,2
10.08.2021 00:50:25.275,1.2574,1.25727,1.1,1.5
10.08.2021 00:50:30.190,1.25739,1.25727,1,1
10.08.2021 00:50:34.721,1.25737,1.25727,1,1.5
10.08.2021 00:50:36.947,1.25736,1.25726,1,1
10.08.2021 00:50:37.099,1.25738,1.25725,1.5,1
10.08.2021 00:50:37.200,1.25735,1.25726,1,1
10.08.2021 00:50:37.301,1.25735,1.25725,1,1.12
10.08.2021 00:50:44.960,1.25735,1.2572200000000002,1.5,1.1
10.08.2021 00:50:45.010,1.2573200000000002,1.2572100000000002,1,1
10.08.2021 00:50:45.112,1.2573100000000001,1.2572,1,1
10.08.2021 00:50:46.491,1.2573100000000001,1.25719,1,1
10.08.2021 00:50:52.892,1.2573,1.2572100000000002,1,1
10.08.2021 00:51:00.109,1.25735,1.25723,1.5,1
10.08.2021 00:51:00.211,1.25737,1.25724,1.5,1
10.08.2021 00:51:00.466,1.25738,1.25726,1,1
10.08.2021 00:51:06.697,1.25738,1.2573,1,1
10.08.2021 00:51:06.798,1.25738,1.2573100000000001,1,1
10.08.2021 00:51:06.899,1.25739,1.2573100000000001,1,1
10.08.2021 00:51:07.000,1.2574400000000001,1.25735,1,1
10.08.2021 00:51:08.924,1.25739,1.2573200000000002,1,1
10.08.2021 00:51:09.025,1.25739,1.2573,1,1
10.08.2021 00:51:09.126,1.25739,1.25729,1,1
10.08.2021 00:51:14.551,1.25739,1.25728,1,1
10.08.2021 00:51:15.871,1.25737,1.25728,1,1
10.08.2021 00:51:16.225,1.25737,1.25729,1,1
10.08.2021 00:51:21.206,1.25738,1.25727,1,1
10.08.2021 00:51:22.774,1.25737,1.25727,1,1
10.08.2021 00:51:22.875,1.2573200000000002,1.2572100000000002,1,1
10.08.2021 00:51:27.529,1.25733,1.25725,1,1
10.08.2021 00:51:27.630,1.2573400000000001,1.25726,1,1
10.08.2021 00:51:31.377,1.25735,1.25726,1,1
10.08.2021 00:51:31.478,1.25735,1.25727,1,1
10.08.2021 00:51:33.270,1.25736,1.25725,1,1
10.08.2021 00:51:43.805,1.25736,1.25729,1,1
10.08.2021 00:51:44.399,1.25738,1.25729,1,1
10.08.2021 00:51:44.501,1.2574,1.2573,1,1
10.08.2021 00:51:44.551,1.2574,1.2573200000000002,1,1
10.08.2021 00:51:46.537,1.2574,1.2573100000000001,1,1
10.08.2021 00:51:54.743,1.25745,1.25736,1.1,1
10.08.2021 00:51:54.845,1.25746,1.25737,1.2,1
10.08.2021 00:52:12.282,1.25747,1.25737,1,1
10.08.2021 00:52:12.434,1.2575100000000001,1.2574,1.2,1
10.08.2021 00:52:12.486,1.25749,1.2574,1,1
10.08.2021 00:52:12.587,1.25749,1.25739,1,1
10.08.2021 00:52:14.295,1.25749,1.25738,1,1
10.08.2021 00:52:14.397,1.25747,1.25739,1,1
10.08.2021 00:52:14.498,1.25748,1.25737,1,1
10.08.2021 00:52:14.717,1.25747,1.25737,1,1
10.08.2021 00:52:16.154,1.25745,1.25736,1,1
10.08.2021 00:52:23.412,1.2574400000000001,1.25735,1,1
10.08.2021 00:52:23.463,1.25743,1.2573200000000002,1,1
10.08.2021 00:52:23.564,1.25743,1.2573100000000001,1,1
10.08.2021 00:52:24.520,1.2574100000000001,1.2573200000000002,1,1
10.08.2021 00:52:24.848,1.2574100000000001,1.2573100000000001,1,1
10.08.2021 00:52:27.413,1.2574100000000001,1.2573,1,1
10.08.2021 00:52:30.825,1.2574400000000001,1.2573400000000001,1,1
10.08.2021 00:52:30.875,1.25746,1.25735,1,1
10.08.2021 00:52:31.903,1.25746,1.25736,1,1
10.08.2021 00:52:33.127,1.25746,1.2573400000000001,1,1
10.08.2021 00:52:37.962,1.25746,1.25735,1,1
10.08.2021 00:52:40.337,1.25745,1.2573400000000001,1,1
10.08.2021 00:52:50.332,1.25746,1.25735,1,1
10.08.2021 00:52:51.884,1.25747,1.25736,1.1,1
10.08.2021 00:52:54.689,1.25747,1.25735,1.1,1
10.08.2021 00:53:03.978,1.25747,1.2573400000000001,1.1,1.5
10.08.2021 00:53:09.503,1.25745,1.25733,1,1.1
10.08.2021 00:53:15.029,1.2574200000000002,1.2573200000000002,1,1.22
10.08.2021 00:53:15.407,1.2574100000000001,1.25733,1,1.1
10.08.2021 00:53:16.539,1.2574400000000001,1.2573200000000002,1,1.22
10.08.2021 00:53:16.640,1.25745,1.2573200000000002,1.5,1.22
10.08.2021 00:53:16.994,1.25745,1.25733,1,1.1
10.08.2021 00:53:19.651,1.2574400000000001,1.2573200000000002,1,1.22
10.08.2021 00:53:22.285,1.25743,1.25733,1,1.1
10.08.2021 00:53:27.038,1.2574400000000001,1.2573200000000002,1,1.6
10.08.2021 00:53:27.852,1.25745,1.25733,1,1.2
10.08.2021 00:53:32.897,1.2574400000000001,1.2573100000000001,1.5,1.6
10.08.2021 00:53:34.279,1.2574200000000002,1.2573100000000001,1.5,2.29
10.08.2021 00:53:35.656,1.25743,1.2573200000000002,1.5,2.1
10.08.2021 00:53:36.124,1.25739,1.25729,1,1.57
10.08.2021 00:53:36.226,1.25739,1.25726,1.5,2.1
10.08.2021 00:53:37.359,1.2574,1.25726,1,3.04
10.08.2021 00:53:38.727,1.2574,1.25726,1,3.04
10.08.2021 00:53:39.238,1.2574200000000002,1.2573,1.5,1.1
10.08.2021 00:53:39.340,1.2574,1.2573,1,1.95
10.08.2021 00:53:39.643,1.25739,1.25726,1.5,1.22
10.08.2021 00:53:39.744,1.25739,1.25726,1.5,1.22
10.08.2021 00:53:40.496,1.25737,1.25726,1,1.6
10.08.2021 00:53:40.648,1.25738,1.25725,1,1.6
10.08.2021 00:53:41.671,1.25738,1.25726,1.5,1.6
10.08.2021 00:53:42.209,1.25737,1.25725,1,1.6
10.08.2021 00:53:50.633,1.25737,1.25724,1.5,1.6
10.08.2021 00:53:50.735,1.25736,1.25724,1,1.6
10.08.2021 00:53:51.841,1.25736,1.25724,1,1.2
10.08.2021 00:53:52.168,1.25736,1.25725,1,1.22
10.08.2021 00:53:53.467,1.25736,1.25723,1,1.6
10.08.2021 00:53:53.863,1.25735,1.25724,1,2.1
10.08.2021 00:53:54.755,1.25735,1.25724,1,1.6
10.08.2021 00:53:54.907,1.2573200000000002,1.2572100000000002,1,1.1
10.08.2021 00:53:55.009,1.2573200000000002,1.25719,1,2.47
10.08.2021 00:53:55.165,1.25733,1.2572,1,2.54
10.08.2021 00:53:57.548,1.2573200000000002,1.25719,1,1.41
10.08.2021 00:53:58.837,1.2573100000000001,1.25719,1,1.22
10.08.2021 00:53:59.337,1.25729,1.25719,1,1.22
10.08.2021 00:54:03.690,1.2573,1.2571700000000001,1.5,1.6
10.08.2021 00:54:04.301,1.25729,1.25716,1,1.22
10.08.2021 00:54:05.304,1.25728,1.25716,1.5,2.1
10.08.2021 00:54:06.860,1.25729,1.25716,1.5,1.6
10.08.2021 00:54:12.126,1.25727,1.25716,1,3.04
10.08.2021 00:54:15.680,1.25729,1.25715,1.5,2.1
10.08.2021 00:54:15.882,1.25729,1.2571700000000001,1.5,2.1
10.08.2021 00:54:16.212,1.25729,1.25716,1,2.85
10.08.2021 00:54:16.414,1.2573,1.25716,1.5,2.85
10.08.2021 00:54:18.930,1.2573,1.25719,1,1.22
10.08.2021 00:54:19.031,1.2573100000000001,1.25718,1,1.97
10.08.2021 00:54:19.132,1.2573,1.25719,1,1.97
10.08.2021 00:54:19.284,1.2573100000000001,1.25718,1.5,1.22
10.08.2021 00:54:21.890,1.25729,1.25718,1,2.1
10.08.2021 00:54:22.634,1.2573200000000002,1.25718,1,1.22
10.08.2021 00:54:27.522,1.2573400000000001,1.2571700000000001,1.5,2.85
10.08.2021 00:54:32.435,1.25729,1.2571700000000001,1,2.85
10.08.2021 00:54:36.073,1.25728,1.2571700000000001,1,2.1
10.08.2021 00:54:41.515,1.25728,1.25714,1,5.85
10.08.2021 00:54:41.617,1.25726,1.2571200000000002,1.5,2.85
10.08.2021 00:54:43.349,1.25726,1.25718,1,1
10.08.2021 00:54:43.399,1.25727,1.25719,1,1
10.08.2021 00:54:43.602,1.25729,1.25718,1,1
10.08.2021 00:54:43.703,1.2573,1.25718,1.5,1
10.08.2021 00:54:43.805,1.2573,1.2572,1,1
10.08.2021 00:54:43.968,1.25729,1.25719,1,1.1
10.08.2021 00:54:44.019,1.25729,1.2572200000000002,1.5,1
10.08.2021 00:54:44.170,1.2573,1.2572200000000002,1,1
10.08.2021 00:54:44.991,1.2573100000000001,1.2572200000000002,1,1
10.08.2021 00:54:45.330,1.2573100000000001,1.2572100000000002,1,1.5
10.08.2021 00:54:45.533,1.2573100000000001,1.2572200000000002,1,1
10.08.2021 00:54:45.736,1.25729,1.25723,1,1
10.08.2021 00:54:45.837,1.2573,1.2572,1,1
10.08.2021 00:54:45.938,1.2573,1.2572100000000002,1,1
10.08.2021 00:54:46.594,1.2573100000000001,1.2572100000000002,1.5,1
10.08.2021 00:54:46.796,1.2573100000000001,1.2572,1,1
10.08.2021 00:54:46.897,1.2573100000000001,1.2572100000000002,1,1
10.08.2021 00:54:47.049,1.2573,1.25723,1,1
10.08.2021 00:54:47.100,1.2573100000000001,1.2572,1,1
10.08.2021 00:54:47.201,1.2573100000000001,1.2572100000000002,1,1
10.08.2021 00:54:47.304,1.2573100000000001,1.2572,1,1
10.08.2021 00:54:47.354,1.2573100000000001,1.2572200000000002,1,1
10.08.2021 00:54:47.716,1.2573200000000002,1.2572200000000002,1.5,1
10.08.2021 00:54:48.197,1.2573200000000002,1.2572100000000002,1,1
10.08.2021 00:54:48.349,1.2573200000000002,1.2572200000000002,1,1
10.08.2021 00:54:48.502,1.2573100000000001,1.2572200000000002,1,1.5
10.08.2021 00:54:48.620,1.25733,1.2572100000000002,1.2,1
10.08.2021 00:54:48.729,1.2573200000000002,1.2572200000000002,1,1
10.08.2021 00:54:49.472,1.25733,1.2572200000000002,1.2,1
10.08.2021 00:54:49.574,1.25733,1.25723,1.2,1
10.08.2021 00:54:50.719,1.25733,1.2572200000000002,2.14,1.5
10.08.2021 00:54:50.984,1.2573200000000002,1.2572200000000002,1,1
10.08.2021 00:54:51.542,1.25733,1.2572200000000002,2.29,1
10.08.2021 00:54:51.644,1.2573200000000002,1.2572200000000002,1,1
10.08.2021 00:54:52.243,1.2573100000000001,1.2572200000000002,1,1
10.08.2021 00:54:52.347,1.2573,1.2572100000000002,1,1
10.08.2021 00:54:55.266,1.2573,1.2572,1,1
10.08.2021 00:54:55.367,1.25729,1.2572,1,1
10.08.2021 00:54:57.200,1.2573100000000001,1.2572,1,1
10.08.2021 00:54:59.280,1.2573100000000001,1.25723,1,1
10.08.2021 00:54:59.331,1.2574100000000001,1.2573,1,1
10.08.2021 00:55:00.031,1.25739,1.25728,1.25,1
10.08.2021 00:55:00.082,1.25736,1.25726,1,1
10.08.2021 00:55:00.614,1.25735,1.25726,1,1
10.08.2021 00:55:03.746,1.25738,1.25726,1,1
10.08.2021 00:55:03.849,1.25738,1.25728,1,1
10.08.2021 00:55:05.567,1.25737,1.25727,1,1
10.08.2021 00:55:08.893,1.25738,1.25727,1,1
10.08.2021 00:55:12.103,1.2574,1.25729,1,1
10.08.2021 00:55:12.204,1.25739,1.25729,1,1
10.08.2021 00:55:14.254,1.2574,1.2573,1,1
10.08.2021 00:55:29.363,1.2574100000000001,1.2573,1,1
10.08.2021 00:55:48.644,1.2574,1.2573,1,1
10.08.2021 00:55:56.025,1.2574400000000001,1.2573400000000001,1,1
10.08.2021 00:55:58.872,1.25745,1.2573400000000001,1,1
10.08.2021 00:56:00.962,1.25746,1.2573400000000001,1,1
10.08.2021 00:56:17.344,1.25745,1.2573400000000001,1.69,1.5
10.08.2021 00:56:33.154,1.2574200000000002,1.2573200000000002,1,1
10.08.2021 00:56:33.458,1.25743,1.2573,1.5,1.5
10.08.2021 00:56:43.731,1.2574,1.25728,1,1
10.08.2021 00:56:48.552,1.2574,1.25727,1,1.57
10.08.2021 00:56:59.734,1.2574,1.25728,1,1
10.08.2021 00:57:30.425,1.25739,1.25728,1.5,1
10.08.2021 00:57:30.526,1.25738,1.25727,1,1.5
10.08.2021 00:57:55.405,1.25738,1.25726,1,1
10.08.2021 00:57:58.203,1.25739,1.25726,1.5,1.57
10.08.2021 00:58:20.406,1.25737,1.25727,1,1.2
10.08.2021 00:58:23.056,1.25738,1.25727,1.5,2.7
10.08.2021 00:58:23.208,1.2574100000000001,1.25729,1,2.32
10.08.2021 00:58:23.309,1.25743,1.2573400000000001,1,1
10.08.2021 00:58:23.360,1.25747,1.25735,1,1
10.08.2021 00:58:23.461,1.25746,1.2573400000000001,1,1
10.08.2021 00:58:26.327,1.25745,1.2573400000000001,1.5,1.5
10.08.2021 00:58:27.908,1.2574400000000001,1.25733,1,1
10.08.2021 00:58:28.857,1.25743,1.25733,1,1.2
10.08.2021 00:58:31.437,1.2574100000000001,1.25733,1,1.12
10.08.2021 00:58:31.539,1.25739,1.2573,1,1.35
10.08.2021 00:58:32.905,1.2574,1.25729,1,1.35
10.08.2021 00:58:33.059,1.2574200000000002,1.25729,1,1.35
10.08.2021 00:58:33.373,1.2574200000000002,1.25729,1,1.35
10.08.2021 00:58:37.019,1.25739,1.25727,1,1.1
10.08.2021 00:58:39.029,1.25738,1.25728,1,1.1
10.08.2021 00:58:40.258,1.25738,1.25726,1,1.1
10.08.2021 00:58:40.359,1.25738,1.25727,1,1.6
10.08.2021 00:58:40.568,1.25739,1.25727,1,1.1
10.08.2021 00:58:40.670,1.25738,1.25728,1,1.1
10.08.2021 00:58:43.465,1.25739,1.25726,1,1.1
10.08.2021 00:58:50.173,1.25739,1.25728,1.5,1.79
10.08.2021 00:58:52.353,1.2574,1.25729,1.5,1.1
10.08.2021 00:58:53.791,1.2574100000000001,1.25728,1,1.79
10.08.2021 00:59:02.387,1.2574100000000001,1.2573100000000001,1,1.1
10.08.2021 00:59:19.079,1.25739,1.2573,1,1.1
10.08.2021 00:59:19.181,1.2574,1.25728,1,1.1
10.08.2021 00:59:22.064,1.2574100000000001,1.25728,1,1.79
10.08.2021 00:59:22.493,1.2574200000000002,1.25728,1.12,1.79
10.08.2021 00:59:26.920,1.2574100000000001,1.25729,1.87,1.57
10.08.2021 00:59:27.309,1.2574200000000002,1.25728,1.12,1.6
10.08.2021 00:59:34.220,1.25746,1.25733,1.5,1.1
10.08.2021 00:59:34.322,1.25747,1.25736,1.87,1
10.08.2021 00:59:35.547,1.2574400000000001,1.2573100000000001,1,1.6
10.08.2021 00:59:35.649,1.25743,1.2573200000000002,1,1.57
10.08.2021 00:59:35.801,1.25743,1.2573,1,1.1
10.08.2021 00:59:35.903,1.25743,1.2573,1,1.1
10.08.2021 00:59:42.136,1.2574200000000002,1.25729,1,1.6
10.08.2021 00:59:42.237,1.2574100000000001,1.25729,1,1.1
10.08.2021 00:59:43.940,1.2574100000000001,1.25729,1,1.1
10.08.2021 00:59:45.283,1.25739,1.25729,1,1.1
10.08.2021 00:59:45.412,1.2574,1.25729,1,3.29
10.08.2021 00:59:46.373,1.2574200000000002,1.25729,1.5,1.1
10.08.2021 00:59:46.578,1.2574400000000001,1.25733,1,1.1
10.08.2021 00:59:46.679,1.25745,1.25733,1,1.1
10.08.2021 00:59:51.095,1.25745,1.2573200000000002,1,1.1
10.08.2021 00:59:51.196,1.2574400000000001,1.2573100000000001,1,1.1
10.08.2021 00:59:51.307,1.25743,1.2573200000000002,1,1.1
10.08.2021 00:59:51.458,1.2574200000000002,1.2573200000000002,1,1.1
10.08.2021 00:59:57.446,1.2574400000000001,1.2573100000000001,1,1.1
10.08.2021 00:59:58.228,1.2574200000000002,1.2573100000000001,1,1.1
10.08.2021 01:00:00.341,1.25745,1.2573200000000002,1,1.6
10.08.2021 01:00:01.461,1.2574400000000001,1.2573200000000002,1,1.1
10.08.2021 01:00:01.512,1.2574,1.25727,1,3.74
10.08.2021 01:00:01.614,1.25738,1.25728,1,1.27
10.08.2021 01:00:01.919,1.25739,1.25726,1,1.1
10.08.2021 01:00:02.021,1.25736,1.25723,1,1.1
10.08.2021 01:00:02.123,1.25735,1.2572200000000002,1,1.1
10.08.2021 01:00:02.225,1.2573200000000002,1.2572,1,1.1
10.08.2021 01:00:02.326,1.2573100000000001,1.2572,1,1.1
10.08.2021 01:00:02.736,1.2573100000000001,1.25718,1.12,1.79
10.08.2021 01:00:02.837,1.2573,1.25719,1.12,1.79
10.08.2021 01:00:04.114,1.25728,1.25715,1,1.6
10.08.2021 01:00:04.636,1.25728,1.25716,1,1.1
10.08.2021 01:00:04.737,1.25728,1.2571700000000001,1,1.6
10.08.2021 01:00:07.127,1.2573,1.25716,1.5,1.6
10.08.2021 01:00:07.229,1.2573,1.25716,1.5,1.6
10.08.2021 01:00:07.353,1.2573,1.25716,1.5,1.57
10.08.2021 01:00:09.229,1.2573,1.25719,1,1.1
10.08.2021 01:00:09.331,1.2573200000000002,1.25718,1.5,1.57
10.08.2021 01:00:10.067,1.2573200000000002,1.25718,1.5,1.6
10.08.2021 01:00:10.770,1.2573200000000002,1.25719,1,1.1
10.08.2021 01:00:12.713,1.2573200000000002,1.2572100000000002,1,1.1
10.08.2021 01:00:13.942,1.2573100000000001,1.2572100000000002,1,1.1
10.08.2021 01:00:14.739,1.2573200000000002,1.25719,1,1.1
10.08.2021 01:00:14.841,1.25728,1.25716,1,1.1
10.08.2021 01:00:16.316,1.25728,1.25715,1,2.51
10.08.2021 01:00:21.238,1.25727,1.2571700000000001,1,1
10.08.2021 01:00:27.566,1.25729,1.25719,1,1
10.08.2021 01:00:27.617,1.2573100000000001,1.2572,1,1.57
10.08.2021 01:00:32.218,1.2573100000000001,1.25719,1,1
10.08.2021 01:00:33.406,1.2573200000000002,1.25719,1.5,1.57
10.08.2021 01:00:35.712,1.25733,1.2572100000000002,1.12,1
10.08.2021 01:00:36.477,1.25733,1.2572200000000002,1.5,1.5
10.08.2021 01:00:36.790,1.25735,1.25723,1,1
10.08.2021 01:00:38.737,1.25736,1.25723,1.5,1.01
10.08.2021 01:00:44.017,1.25735,1.25725,1,1
10.08.2021 01:00:44.169,1.25738,1.25725,2,1
10.08.2021 01:00:44.920,1.25736,1.25725,1,1
10.08.2021 01:01:01.706,1.25735,1.25725,1,1
10.08.2021 01:01:04.761,1.25738,1.25726,1,1
10.08.2021 01:01:05.852,1.25738,1.25727,1,1
10.08.2021 01:01:10.328,1.25738,1.25728,1,1
10.08.2021 01:01:18.990,1.25737,1.25728,1,1
10.08.2021 01:01:21.341,1.25736,1.25728,1.12,1
10.08.2021 01:01:21.392,1.25735,1.25725,1.87,1
10.08.2021 01:01:21.443,1.2573400000000001,1.25723,1,1.27
10.08.2021 01:01:21.859,1.2573400000000001,1.25724,1.87,1
10.08.2021 01:01:21.963,1.25736,1.25724,1,1
10.08.2021 01:01:22.064,1.25736,1.25726,1,1
10.08.2021 01:01:30.509,1.25737,1.25726,1,1
10.08.2021 01:01:31.500,1.25736,1.25726,1,1
10.08.2021 01:01:35.230,1.25736,1.25727,1,1
10.08.2021 01:01:37.490,1.25738,1.25726,1,1.1
10.08.2021 01:01:38.012,1.25738,1.25727,1,1
10.08.2021 01:01:42.342,1.25737,1.25727,1,1
10.08.2021 01:02:11.512,1.25738,1.25727,1.5,1.57
10.08.2021 01:02:15.190,1.25739,1.25727,1,1
10.08.2021 01:02:18.008,1.25738,1.2573200000000002,1,1.35
10.08.2021 01:02:18.060,1.25745,1.2573400000000001,1.5,2.32
10.08.2021 01:02:18.111,1.25746,1.25735,1,1
10.08.2021 01:02:21.191,1.25746,1.2573400000000001,1,1
10.08.2021 01:02:22.937,1.25747,1.2573400000000001,1.5,1.5
10.08.2021 01:02:23.177,1.25746,1.25736,1,1
10.08.2021 01:02:33.822,1.2574200000000002,1.25733,1,1
10.08.2021 01:02:33.923,1.25743,1.2573100000000001,1,1
10.08.2021 01:02:48.438,1.25745,1.25733,1.5,1.01
10.08.2021 01:02:48.539,1.25746,1.25735,1,1
10.08.2021 01:02:50.545,1.25746,1.25736,1,1
10.08.2021 01:02:50.646,1.25746,1.25738,1,1
10.08.2021 01:02:56.084,1.25746,1.25737,1,1
10.08.2021 01:02:56.901,1.25748,1.2574,1,1
10.08.2021 01:02:56.953,1.25749,1.2574100000000001,1,1
10.08.2021 01:02:57.054,1.2575,1.2574100000000001,1,1
10.08.2021 01:02:57.155,1.2575100000000001,1.2574100000000001,1,1
10.08.2021 01:03:01.000,1.2575,1.25739,1.12,1
10.08.2021 01:03:01.101,1.25749,1.25739,1,1
10.08.2021 01:03:03.950,1.25749,1.25738,1,1
10.08.2021 01:03:07.132,1.2575,1.25739,1,1
10.08.2021 01:03:07.233,1.25753,1.2574200000000002,1,1
10.08.2021 01:03:07.334,1.2575500000000002,1.2574200000000002,1.5,1
10.08.2021 01:03:07.436,1.25754,1.25745,1,1
10.08.2021 01:03:13.321,1.25756,1.2574400000000001,1,1
10.08.2021 01:03:27.441,1.25753,1.2574400000000001,1.12,1
10.08.2021 01:03:27.492,1.2575100000000001,1.25739,1,1.57
10.08.2021 01:03:28.451,1.2575100000000001,1.2574,1.87,1
10.08.2021 01:03:30.938,1.2575200000000002,1.2574,1,1
10.08.2021 01:03:39.449,1.2575200000000002,1.25739,1.5,1.57
10.08.2021 01:03:46.207,1.25749,1.2574,1.12,1
10.08.2021 01:03:46.309,1.2575,1.25737,1.87,1
10.08.2021 01:03:46.510,1.25748,1.25736,1,1.5
10.08.2021 01:03:53.624,1.25749,1.25736,1.87,1
10.08.2021 01:03:59.053,1.25749,1.25737,1.69,1
10.08.2021 01:03:59.255,1.25748,1.25736,1,1
10.08.2021 01:04:00.433,1.25749,1.25736,1.5,1
10.08.2021 01:04:03.439,1.25748,1.25738,1,1
10.08.2021 01:04:04.184,1.25749,1.25739,1.12,1
10.08.2021 01:04:04.285,1.2575200000000002,1.25739,1.5,1
10.08.2021 01:04:04.387,1.25753,1.2574,1.12,1
10.08.2021 01:04:05.288,1.25753,1.2574200000000002,2,1
10.08.2021 01:04:07.841,1.25754,1.2574100000000001,1.87,1
10.08.2021 01:04:20.191,1.2575100000000001,1.25739,1,1
10.08.2021 01:04:20.292,1.2575,1.25738,1.5,1
10.08.2021 01:04:20.707,1.2575,1.25739,1,1
10.08.2021 01:04:20.808,1.2575100000000001,1.25739,1,1.5
10.08.2021 01:04:20.909,1.2575200000000002,1.25739,1.87,1.5
10.08.2021 01:04:28.705,1.25753,1.2574200000000002,1.87,1.57
10.08.2021 01:04:28.806,1.25754,1.2574200000000002,1.12,1
10.08.2021 01:04:45.069,1.2575100000000001,1.2574,1.12,1
10.08.2021 01:04:45.120,1.2575100000000001,1.25738,1.87,1.5
10.08.2021 01:04:45.221,1.2575,1.25738,1,1
10.08.2021 01:04:45.373,1.25749,1.25737,1.12,1
10.08.2021 01:04:45.767,1.25749,1.25736,1.87,1
10.08.2021 01:04:49.081,1.25749,1.25737,1.87,1
10.08.2021 01:05:00.204,1.25748,1.25737,1,1
10.08.2021 01:05:00.306,1.25748,1.25736,1,1
10.08.2021 01:05:10.688,1.25747,1.25738,1,1
10.08.2021 01:05:16.694,1.2575,1.25737,1.5,1.1
10.08.2021 01:05:19.103,1.25748,1.25736,1,1
10.08.2021 01:05:20.543,1.25749,1.25736,1.5,1.1
10.08.2021 01:05:20.671,1.25749,1.25736,1.5,1.1
10.08.2021 01:05:24.790,1.25748,1.25737,1.5,1.1
10.08.2021 01:05:24.892,1.25748,1.25737,1.5,1.1
10.08.2021 01:05:28.016,1.25748,1.25737,1.5,1.1
10.08.2021 01:05:29.952,1.25747,1.25736,1,1.57
10.08.2021 01:05:38.448,1.25747,1.25735,1,1
10.08.2021 01:05:54.550,1.25745,1.25736,1,1
10.08.2021 01:05:54.651,1.2574400000000001,1.25735,1,1
10.08.2021 01:05:59.745,1.25745,1.25733,1.12,1
10.08.2021 01:06:01.933,1.25747,1.2573400000000001,1.5,1
10.08.2021 01:06:06.054,1.25746,1.25736,1,1
10.08.2021 01:06:07.151,1.25747,1.2573400000000001,1.5,1.57
10.08.2021 01:06:15.711,1.25745,1.2573200000000002,1.87,1.1
10.08.2021 01:06:16.129,1.25745,1.2573400000000001,1.5,1.57
10.08.2021 01:06:16.230,1.25746,1.2573400000000001,1.5,1.1
10.08.2021 01:06:16.762,1.25747,1.2573400000000001,1.5,1.1
10.08.2021 01:06:17.972,1.25746,1.2573400000000001,1,1.1
10.08.2021 01:06:18.073,1.25746,1.25733,1.5,1.1
10.08.2021 01:06:23.011,1.25746,1.25733,1.5,1.1
10.08.2021 01:06:23.545,1.25746,1.25733,1.5,1.1
10.08.2021 01:06:32.707,1.25746,1.25733,1.5,2.35
10.08.2021 01:06:32.959,1.25745,1.25735,1,1.1
10.08.2021 01:06:36.131,1.25745,1.25735,1,1.1
10.08.2021 01:06:37.160,1.25746,1.2573400000000001,1,1.1
10.08.2021 01:06:42.373,1.25745,1.25733,1,1.1
10.08.2021 01:06:49.000,1.25745,1.2573200000000002,1.87,1.57
10.08.2021 01:07:19.706,1.25745,1.25733,1,1.1
10.08.2021 01:07:19.807,1.25746,1.2573400000000001,1,1.1
10.08.2021 01:07:39.554,1.25747,1.25735,1.5,1.1
10.08.2021 01:08:01.552,1.25746,1.2573400000000001,1,1
10.08.2021 01:08:01.653,1.25746,1.25735,1,1
10.08.2021 01:08:34.291,1.25746,1.2573400000000001,1.5,1
10.08.2021 01:08:43.732,1.25747,1.25735,1.5,1
10.08.2021 01:08:44.095,1.25747,1.2573400000000001,1.5,1.5
10.08.2021 01:09:01.584,1.25747,1.25735,1.5,1
10.08.2021 01:09:03.892,1.25747,1.2573400000000001,1.5,1.5
10.08.2021 01:09:09.614,1.25746,1.2573400000000001,1,1.57
10.08.2021 01:09:09.715,1.25747,1.2573400000000001,1.5,1.57
10.08.2021 01:09:09.829,1.25747,1.2573400000000001,1.5,1.6
10.08.2021 01:09:12.308,1.25746,1.25736,1.5,1.35
10.08.2021 01:09:19.522,1.25746,1.2573400000000001,1,1.5
10.08.2021 01:09:19.624,1.25745,1.25733,1.12,1.5
10.08.2021 01:09:20.181,1.25745,1.25733,2,1
10.08.2021 01:09:21.492,1.2574400000000001,1.25733,2,1.57
10.08.2021 01:09:27.841,1.2574400000000001,1.25733,1.87,1.57
10.08.2021 01:09:29.513,1.25745,1.25733,1.12,1
10.08.2021 01:09:29.614,1.25746,1.2573400000000001,1,1.57
10.08.2021 01:09:29.866,1.25746,1.25735,1.87,1.57
10.08.2021 01:09:33.661,1.25746,1.2573400000000001,1,1.57
10.08.2021 01:09:33.929,1.25747,1.2573400000000001,1.5,1.57
10.08.2021 01:09:45.271,1.25746,1.25736,1.5,1
10.08.2021 01:09:46.785,1.25746,1.2573400000000001,1,1.5
10.08.2021 01:09:47.441,1.25747,1.2573400000000001,1.5,1.5
10.08.2021 01:09:51.549,1.25747,1.25736,1,1
10.08.2021 01:09:51.650,1.25748,1.25736,1,1
10.08.2021 01:09:53.693,1.25747,1.25736,1,1
10.08.2021 01:10:05.532,1.25747,1.25737,1,1.1
10.08.2021 01:10:20.531,1.25747,1.25736,1,1
10.08.2021 01:10:20.582,1.25746,1.2573400000000001,1,1
10.08.2021 01:10:23.056,1.25747,1.2573400000000001,1.5,1.57
10.08.2021 01:10:29.526,1.25746,1.2573400000000001,1,1.1
10.08.2021 01:10:30.465,1.25746,1.25735,1.5,1.57
10.08.2021 01:10:48.507,1.25747,1.25735,1.5,1
10.08.2021 01:10:51.764,1.25746,1.25735,1.5,1.57
10.08.2021 01:10:56.755,1.25747,1.25735,1.12,1
10.08.2021 01:10:56.867,1.25746,1.25735,1,1
10.08.2021 01:10:56.968,1.25746,1.2573400000000001,1,1.1
10.08.2021 01:10:57.322,1.25746,1.25735,1,1
10.08.2021 01:11:00.776,1.25747,1.25735,1.5,1
10.08.2021 01:11:05.955,1.25747,1.25737,1.87,1
10.08.2021 01:11:21.461,1.25743,1.2573100000000001,1.87,1.12
10.08.2021 01:11:21.613,1.2574200000000002,1.2573100000000001,1.95,1.5
10.08.2021 01:11:27.709,1.2574400000000001,1.2573100000000001,1.57,2.44
10.08.2021 01:11:27.810,1.25743,1.2573100000000001,1,1
10.08.2021 01:11:30.201,1.25743,1.2573,1.57,1.5
10.08.2021 01:11:31.423,1.2574100000000001,1.2573,1.57,1.5
10.08.2021 01:11:36.626,1.2574200000000002,1.25729,2.35,1.5
10.08.2021 01:11:37.631,1.2574100000000001,1.2573,1.57,1.5
10.08.2021 01:11:38.965,1.2574100000000001,1.2573100000000001,1.57,1
10.08.2021 01:11:40.852,1.2574,1.2573,1,1.5
10.08.2021 01:11:55.610,1.2574,1.25727,1.5,1.5
10.08.2021 01:11:59.637,1.2574,1.25728,1.5,1
10.08.2021 01:12:01.570,1.25739,1.25728,1,1
10.08.2021 01:12:02.393,1.25738,1.25726,1.5,1
10.08.2021 01:12:02.497,1.25738,1.25725,1.5,1.5
10.08.2021 01:12:03.667,1.25738,1.25726,1,1
10.08.2021 01:12:03.827,1.25738,1.25728,2.25,1
10.08.2021 01:12:21.693,1.25736,1.25725,1.57,1
10.08.2021 01:12:21.800,1.25735,1.25724,1,1
10.08.2021 01:12:21.901,1.2573400000000001,1.25724,1.5,1
10.08.2021 01:12:22.705,1.25736,1.25726,1.5,1
10.08.2021 01:12:29.335,1.25739,1.25727,1.87,1
10.08.2021 01:12:30.801,1.25739,1.25728,1,1
10.08.2021 01:12:42.095,1.25738,1.25728,1,1
10.08.2021 01:13:03.525,1.2574,1.25727,1.5,1.5
10.08.2021 01:13:04.026,1.25739,1.25729,1.5,1
10.08.2021 01:13:04.453,1.2574,1.2573,1,1.25
10.08.2021 01:13:04.504,1.2574400000000001,1.25733,1.1,1
10.08.2021 01:13:04.605,1.2574400000000001,1.2573200000000002,1.57,1
10.08.2021 01:13:05.457,1.2574400000000001,1.2573400000000001,1.5,1
10.08.2021 01:13:10.325,1.2574400000000001,1.2573200000000002,1,1.5
10.08.2021 01:13:43.212,1.2574200000000002,1.2573,1.5,1
10.08.2021 01:13:44.185,1.2574100000000001,1.2573,1,1
10.08.2021 01:13:44.600,1.2574,1.25728,1,1
10.08.2021 01:13:51.801,1.25739,1.25728,1,1
10.08.2021 01:13:53.361,1.25738,1.2573,1,1
10.08.2021 01:14:09.227,1.25739,1.25728,1,1
10.08.2021 01:14:52.526,1.25738,1.2573,1,1
10.08.2021 01:14:58.622,1.25739,1.25728,1,1
10.08.2021 01:15:00.559,1.2574100000000001,1.25729,1.5,1
10.08.2021 01:15:01.543,1.2574100000000001,1.25728,1.5,1.69
10.08.2021 01:15:08.973,1.2574,1.25728,1,1.5
10.08.2021 01:15:10.070,1.25739,1.25728,1.5,1.5
10.08.2021 01:15:16.062,1.2574,1.25728,1,1.6
10.08.2021 01:15:16.113,1.25745,1.2573200000000002,1.57,1.5
10.08.2021 01:15:24.497,1.2574100000000001,1.25729,1,1.57
10.08.2021 01:15:29.221,1.2574100000000001,1.25728,1.57,1.5
10.08.2021 01:15:36.345,1.2574,1.2573,1.5,1
10.08.2021 01:15:40.523,1.2574,1.25728,1,1.5
10.08.2021 01:15:40.624,1.25739,1.25728,1.5,1.57
10.08.2021 01:16:00.191,1.25739,1.25729,1.5,1
10.08.2021 01:16:00.292,1.2574,1.25729,2.25,1.57
10.08.2021 01:16:02.146,1.2574,1.25728,1,1.5
10.08.2021 01:16:03.198,1.2574100000000001,1.25728,2.25,1.76
10.08.2021 01:16:07.534,1.25739,1.25729,1,1.1
10.08.2021 01:16:30.244,1.2574,1.25729,2.25,1.5
10.08.2021 01:16:34.293,1.2574100000000001,1.25729,2.25,1
10.08.2021 01:16:34.407,1.2574100000000001,1.25728,2.25,1.69
10.08.2021 01:16:42.181,1.2574,1.2573,2.25,1
10.08.2021 01:16:43.194,1.2574100000000001,1.25728,2.32,1.5
10.08.2021 01:16:46.834,1.2574100000000001,1.25729,2.25,1
10.08.2021 01:16:58.094,1.2574100000000001,1.25728,2.25,1.5
10.08.2021 01:16:58.230,1.2574,1.2573,2.25,1
10.08.2021 01:17:03.954,1.2574100000000001,1.25728,2.32,1.5
10.08.2021 01:17:10.556,1.2574100000000001,1.25729,2.25,1
10.08.2021 01:17:19.012,1.2574100000000001,1.25728,2.25,1.5
10.08.2021 01:17:20.399,1.2574100000000001,1.25729,2.25,1
10.08.2021 01:17:20.501,1.25745,1.25733,1.12,1.57
10.08.2021 01:17:20.602,1.25746,1.25735,1,1
10.08.2021 01:17:20.704,1.25746,1.25736,1.57,1
10.08.2021 01:17:21.556,1.25746,1.25735,1,1
10.08.2021 01:17:23.892,1.25747,1.25735,1.57,1
10.08.2021 01:17:36.424,1.25743,1.2573400000000001,1,1
10.08.2021 01:17:36.525,1.25743,1.25733,1,1
10.08.2021 01:17:40.987,1.2574400000000001,1.2573100000000001,1.57,1.5
10.08.2021 01:17:45.117,1.25743,1.2573100000000001,1.1,1.5
10.08.2021 01:17:45.218,1.2574,1.2573,1,1.5
10.08.2021 01:17:54.189,1.2574200000000002,1.2573,1.95,1
10.08.2021 01:18:38.224,1.2574,1.2573100000000001,1,1
10.08.2021 01:18:38.325,1.2574,1.2573,1,1
10.08.2021 01:18:38.376,1.25739,1.25729,1.5,1
10.08.2021 01:18:43.620,1.25739,1.25728,1.5,1.01
10.08.2021 01:18:45.683,1.2574,1.25728,1.5,1.1
10.08.2021 01:18:46.725,1.25739,1.25728,1,1
10.08.2021 01:18:46.877,1.2574,1.25728,1.5,1
10.08.2021 01:18:49.778,1.25738,1.25728,1,1
10.08.2021 01:18:49.879,1.25737,1.25727,1.5,1
10.08.2021 01:18:49.930,1.2573400000000001,1.25723,1,1
10.08.2021 01:18:50.031,1.25733,1.2572100000000002,1.5,1.75
10.08.2021 01:18:52.854,1.2573400000000001,1.25723,1,1.1
10.08.2021 01:18:52.973,1.25735,1.25723,1,1.57
10.08.2021 01:18:53.479,1.2573400000000001,1.25723,1,1
10.08.2021 01:18:54.986,1.2573200000000002,1.2572,1.5,1.1
10.08.2021 01:18:55.188,1.2573,1.25719,1.5,1.1
10.08.2021 01:18:55.669,1.2573,1.25718,1,1.1
10.08.2021 01:18:56.505,1.25728,1.25716,1.5,1
10.08.2021 01:18:56.606,1.25727,1.25716,1,1
10.08.2021 01:18:56.759,1.25727,1.25715,1,1
10.08.2021 01:18:58.509,1.25726,1.25715,1,1
10.08.2021 01:18:58.610,1.25724,1.2571200000000002,1,1.1
10.08.2021 01:19:01.353,1.2572100000000002,1.25709,1,1
10.08.2021 01:19:01.454,1.2572100000000002,1.25708,1.57,1
10.08.2021 01:19:01.556,1.25718,1.25709,1,1
10.08.2021 01:19:01.657,1.25719,1.2570700000000001,1,1
10.08.2021 01:19:02.430,1.25719,1.25708,1.57,1
10.08.2021 01:19:04.170,1.2572,1.25708,1.57,1
10.08.2021 01:19:06.274,1.2572,1.2570700000000001,1.57,1
10.08.2021 01:19:06.811,1.25718,1.2570700000000001,1,1
10.08.2021 01:19:07.142,1.2572,1.2570700000000001,1.57,1
10.08.2021 01:19:08.835,1.2571700000000001,1.25705,1,1.1
10.08.2021 01:19:08.936,1.25716,1.25705,1,1.1
10.08.2021 01:19:09.037,1.25716,1.2570700000000001,1,1
10.08.2021 01:19:09.088,1.25719,1.25709,1,1
10.08.2021 01:19:11.225,1.2572100000000002,1.25709,1.5,1
10.08.2021 01:19:11.327,1.2572200000000002,1.2571100000000002,1,1
10.08.2021 01:19:11.683,1.25723,1.2571100000000002,1.5,1
10.08.2021 01:19:12.126,1.25723,1.2571200000000002,1,1
10.08.2021 01:19:12.427,1.2572,1.2571200000000002,1,1
10.08.2021 01:19:12.477,1.2572200000000002,1.2571200000000002,1.57,1
10.08.2021 01:19:12.579,1.2572200000000002,1.2571200000000002,1.6,1
10.08.2021 01:19:12.680,1.2572,1.2571200000000002,1,1
10.08.2021 01:19:12.781,1.2572100000000002,1.2571200000000002,1.1,1
10.08.2021 01:19:14.075,1.2572,1.2571200000000002,1,1
10.08.2021 01:19:14.600,1.2572100000000002,1.2571,1,1
10.08.2021 01:19:14.702,1.25723,1.2571,1.6,1
10.08.2021 01:19:16.067,1.2572100000000002,1.2571100000000002,1.1,1
10.08.2021 01:19:16.195,1.2572200000000002,1.2571,1.1,1
10.08.2021 01:19:16.571,1.2572,1.2571100000000002,1,1
10.08.2021 01:19:17.072,1.2572200000000002,1.2571,1.57,1
10.08.2021 01:19:17.780,1.2572100000000002,1.2571,1,1
10.08.2021 01:19:18.787,1.2572200000000002,1.2571,1.57,1
10.08.2021 01:19:19.560,1.2572100000000002,1.2571,1,1
10.08.2021 01:19:19.777,1.2572200000000002,1.2571,1.57,1
10.08.2021 01:19:19.946,1.2572100000000002,1.2571200000000002,1.1,1
10.08.2021 01:19:20.696,1.2572100000000002,1.2571100000000002,1,1
10.08.2021 01:19:22.868,1.2572,1.2571100000000002,1,1
10.08.2021 01:19:28.743,1.25719,1.2571100000000002,1,1
10.08.2021 01:19:28.794,1.25723,1.2571,1.5,1
10.08.2021 01:19:31.432,1.2572200000000002,1.2571,1,1
10.08.2021 01:19:31.583,1.2572200000000002,1.2571100000000002,1,1
10.08.2021 01:19:35.584,1.2572200000000002,1.2571200000000002,1,1
10.08.2021 01:19:35.685,1.25724,1.2571200000000002,1,1
10.08.2021 01:19:42.189,1.25724,1.25713,1,1
10.08.2021 01:19:46.562,1.25723,1.25713,1,1
10.08.2021 01:19:48.949,1.25724,1.25713,1,1
10.08.2021 01:19:49.050,1.25728,1.25716,1.5,1
10.08.2021 01:19:49.152,1.25726,1.25715,1,1
10.08.2021 01:19:49.253,1.25725,1.25714,1,1
10.08.2021 01:19:55.917,1.25725,1.2571200000000002,1.57,1.5
10.08.2021 01:19:56.018,1.25724,1.2571200000000002,1,1
10.08.2021 01:20:06.653,1.25726,1.25713,1.95,1
10.08.2021 01:20:07.471,1.25724,1.2571200000000002,1,1
10.08.2021 01:20:22.350,1.25725,1.2571200000000002,1,1.57
10.08.2021 01:20:22.552,1.25724,1.25714,1,1
10.08.2021 01:20:33.009,1.25726,1.25714,1.5,1.25
10.08.2021 01:20:33.111,1.2573100000000001,1.25719,1.1,1
10.08.2021 01:20:46.552,1.2573100000000001,1.25718,1.1,1.5
10.08.2021 01:21:02.154,1.2573100000000001,1.2572,1.95,1
10.08.2021 01:21:20.150,1.2573100000000001,1.25719,1.1,1
10.08.2021 01:21:21.026,1.25725,1.25716,1,1
10.08.2021 01:21:21.178,1.25725,1.25714,1,1
10.08.2021 01:21:22.998,1.25725,1.25713,1.1,1
10.08.2021 01:21:40.872,1.25725,1.2571200000000002,1,1.57
10.08.2021 01:21:51.398,1.25725,1.25713,1.5,1
10.08.2021 01:21:51.449,1.25729,1.25716,1.57,1.57
10.08.2021 01:21:51.601,1.25725,1.25716,1,1
10.08.2021 01:21:52.780,1.25726,1.25714,1,1.1
10.08.2021 01:21:53.638,1.25726,1.25713,1,1.57
10.08.2021 01:21:54.310,1.25725,1.25715,1,1
10.08.2021 01:21:57.411,1.25725,1.25713,1,1
10.08.2021 01:21:59.051,1.25725,1.2571200000000002,1.95,1.5
10.08.2021 01:22:03.438,1.25724,1.25714,1,1
10.08.2021 01:22:05.516,1.25725,1.25714,1,1
10.08.2021 01:22:21.747,1.25725,1.25715,1,1
10.08.2021 01:22:38.092,1.25727,1.25714,1.57,1
10.08.2021 01:22:40.339,1.25729,1.25719,2.32,1
10.08.2021 01:22:41.506,1.2573100000000001,1.25719,1,1
10.08.2021 01:22:58.376,1.2573100000000001,1.2572,2.25,1.69
10.08.2021 01:22:58.754,1.2573400000000001,1.2572100000000002,2.32,1.5
10.08.2021 01:22:58.855,1.25733,1.2572100000000002,1,1
10.08.2021 01:23:00.984,1.25736,1.25724,1.57,1
10.08.2021 01:23:07.050,1.25738,1.25726,1,1
10.08.2021 01:23:07.152,1.25738,1.25727,2.7,1
10.08.2021 01:23:07.253,1.25737,1.25727,1,1
10.08.2021 01:23:15.836,1.25739,1.25726,1.5,1.5
10.08.2021 01:23:17.940,1.2574100000000001,1.25728,2.7,1
10.08.2021 01:23:29.620,1.25739,1.25727,1,1
10.08.2021 01:23:38.365,1.2574,1.25729,2.25,1
10.08.2021 01:23:49.637,1.2574100000000001,1.25727,1.5,1
10.08.2021 01:23:59.637,1.25739,1.25728,1,1.5
10.08.2021 01:24:02.232,1.2574,1.25726,1.57,1.5
10.08.2021 01:24:02.571,1.25739,1.25728,1.57,1
10.08.2021 01:24:02.723,1.2574,1.25728,1,1
10.08.2021 01:24:02.925,1.2574,1.25727,1,1.5
10.08.2021 01:24:05.578,1.25736,1.25723,1.5,1.5
10.08.2021 01:24:10.606,1.2573400000000001,1.25723,1,1
10.08.2021 01:24:11.761,1.2573400000000001,1.25724,1,1
10.08.2021 01:24:12.820,1.2573200000000002,1.2572200000000002,1,1
10.08.2021 01:24:12.972,1.2573400000000001,1.2572100000000002,1.5,1.57
10.08.2021 01:24:18.223,1.25735,1.2572100000000002,1,1.76
10.08.2021 01:24:31.338,1.25738,1.25726,1,1
10.08.2021 01:24:31.388,1.25739,1.25728,1.65,1.5
10.08.2021 01:24:35.479,1.2574,1.25728,1.95,1.5
10.08.2021 01:24:45.674,1.25743,1.2573200000000002,2.72,1
10.08.2021 01:24:45.724,1.25743,1.2573200000000002,1.87,1
10.08.2021 01:24:45.890,1.2574200000000002,1.2573,1.57,1
10.08.2021 01:25:03.503,1.25745,1.2573400000000001,1,1.5
10.08.2021 01:25:03.605,1.25747,1.25735,1.3,1
10.08.2021 01:25:03.706,1.25748,1.25735,3.1,1
10.08.2021 01:25:04.303,1.25747,1.25735,1.97,1
10.08.2021 01:25:04.354,1.25745,1.25733,1.1,1
10.08.2021 01:25:04.455,1.25745,1.2573200000000002,1.1,1
10.08.2021 01:25:04.556,1.2574400000000001,1.2573200000000002,1.6,1.5
10.08.2021 01:25:06.212,1.2574400000000001,1.2573100000000001,1.22,1.5
10.08.2021 01:25:06.504,1.25743,1.2573200000000002,1.2,1.5
10.08.2021 01:25:07.984,1.2574200000000002,1.2573,1.1,1.5
10.08.2021 01:25:08.237,1.2574100000000001,1.2573,1,1
10.08.2021 01:25:10.434,1.2574,1.2573,1,1
10.08.2021 01:25:23.205,1.2574100000000001,1.25728,1.1,1.5
10.08.2021 01:25:28.050,1.25739,1.25728,1.57,1
10.08.2021 01:25:28.269,1.2574,1.25728,1.1,1
10.08.2021 01:26:01.489,1.2574200000000002,1.2573100000000001,1,1.87
10.08.2021 01:26:01.540,1.25743,1.25733,1.1,1
10.08.2021 01:26:01.692,1.25745,1.2573200000000002,1.5,1
10.08.2021 01:26:02.615,1.2574400000000001,1.2573400000000001,1,1
10.08.2021 01:26:02.667,1.25747,1.2573400000000001,1.5,1
10.08.2021 01:26:18.871,1.25746,1.2573400000000001,1,1
10.08.2021 01:26:21.108,1.25747,1.2573400000000001,2.62,1.5
10.08.2021 01:26:25.822,1.25746,1.2573400000000001,1,1
10.08.2021 01:26:25.958,1.25746,1.25735,2.62,1.5
10.08.2021 01:26:26.141,1.25746,1.2573400000000001,1,1
10.08.2021 01:26:26.612,1.25746,1.25733,1.5,1.5
10.08.2021 01:26:33.641,1.25747,1.2573400000000001,2.25,1.5
10.08.2021 01:26:40.473,1.25745,1.2573400000000001,1,1
10.08.2021 01:27:00.703,1.25745,1.25733,1,1
10.08.2021 01:27:03.778,1.25748,1.25735,1.95,1
10.08.2021 01:27:10.290,1.25748,1.25736,1,1
10.08.2021 01:27:31.210,1.2575200000000002,1.2574100000000001,2.25,1
10.08.2021 01:27:31.311,1.25754,1.2574100000000001,1.57,1.5
10.08.2021 01:27:31.412,1.25753,1.25743,1.2,1
10.08.2021 01:27:36.203,1.25756,1.25743,1.5,1
10.08.2021 01:27:36.304,1.2575500000000002,1.25745,1,1
10.08.2021 01:27:57.064,1.25756,1.25743,1.5,1.57
10.08.2021 01:28:01.688,1.2575500000000002,1.25743,1,1
10.08.2021 01:28:02.512,1.25757,1.25747,1,1
10.08.2021 01:28:02.563,1.25759,1.25748,1,1.5
10.08.2021 01:28:02.665,1.2576100000000001,1.25748,1,1
10.08.2021 01:28:03.070,1.2576,1.25748,1,1
10.08.2021 01:28:03.529,1.2576100000000001,1.25748,1,1
10.08.2021 01:28:03.630,1.2576200000000002,1.25749,1.12,1.5
10.08.2021 01:28:04.685,1.25763,1.2575,1.5,1
10.08.2021 01:28:06.719,1.25763,1.2575,1,1.82
10.08.2021 01:28:19.514,1.25763,1.2575,1,1.1
10.08.2021 01:28:19.616,1.2576100000000001,1.2575,1.5,1.5
10.08.2021 01:28:23.553,1.25759,1.25747,1,1
10.08.2021 01:28:23.655,1.25759,1.25746,1,1.1
10.08.2021 01:28:25.281,1.25757,1.25747,1,1
10.08.2021 01:28:35.495,1.2576,1.25747,1.5,1.5
10.08.2021 01:28:35.697,1.25758,1.25747,1.5,1.5
10.08.2021 01:28:41.843,1.25759,1.25749,1,1
10.08.2021 01:28:41.894,1.2576200000000002,1.2575,1.5,1.5
10.08.2021 01:28:41.995,1.25763,1.2575,1.5,1
10.08.2021 01:28:42.097,1.2576200000000002,1.2575200000000002,1,1
10.08.2021 01:28:42.198,1.2576200000000002,1.2575100000000001,1,1
10.08.2021 01:28:42.299,1.2576100000000001,1.2575100000000001,1,1
10.08.2021 01:28:47.047,1.2576200000000002,1.2575100000000001,1,1
10.08.2021 01:28:52.671,1.25764,1.25754,1,1.76
10.08.2021 01:28:52.722,1.25768,1.25756,1,1
10.08.2021 01:28:52.823,1.25768,1.25757,1.5,1
10.08.2021 01:28:53.076,1.25769,1.2575500000000002,1.5,1.57
10.08.2021 01:28:53.627,1.25769,1.25756,1,1.1
10.08.2021 01:28:56.482,1.25764,1.2575500000000002,1,1
10.08.2021 01:28:56.583,1.25764,1.2575200000000002,1,1
10.08.2021 01:28:56.936,1.25764,1.2575100000000001,1.5,1.5
10.08.2021 01:28:57.038,1.2576100000000001,1.2575200000000002,1,1
10.08.2021 01:28:57.759,1.25764,1.2575100000000001,1.5,1.5
10.08.2021 01:29:08.193,1.25766,1.25756,1,1
10.08.2021 01:29:08.295,1.25767,1.25756,1,1.57
10.08.2021 01:29:08.446,1.25767,1.2575500000000002,1,1.1
10.08.2021 01:29:12.115,1.25768,1.25756,1,1.1
10.08.2021 01:29:12.844,1.25769,1.25756,1.5,1.1
10.08.2021 01:29:13.313,1.25768,1.2575500000000002,1,1.6
10.08.2021 01:29:13.414,1.25768,1.2575500000000002,1.5,1.57
10.08.2021 01:29:31.391,1.25769,1.25758,1,1.5
10.08.2021 01:29:31.493,1.2577,1.25758,1,1
10.08.2021 01:29:32.891,1.25769,1.25758,1.5,1
10.08.2021 01:29:32.992,1.25768,1.25758,1,1
10.08.2021 01:29:39.067,1.2577,1.25758,1,1
10.08.2021 01:29:39.168,1.25771,1.25758,1.5,1.5
10.08.2021 01:29:40.174,1.25769,1.25757,1,1
10.08.2021 01:29:42.903,1.25769,1.25759,1,1
10.08.2021 01:29:43.625,1.25769,1.25758,1,1
10.08.2021 01:29:47.068,1.25769,1.25757,1,1
10.08.2021 01:29:47.296,1.25768,1.25756,1,1.1
10.08.2021 01:29:59.968,1.25769,1.25756,1.5,1
10.08.2021 01:30:00.168,1.25768,1.25756,1,1
10.08.2021 01:30:00.270,1.25768,1.2575500000000002,1,1
10.08.2021 01:30:00.846,1.25767,1.2575500000000002,1,1
10.08.2021 01:30:00.947,1.25767,1.25754,1,1
10.08.2021 01:30:01.049,1.2576500000000002,1.25754,1,1.31
10.08.2021 01:30:01.151,1.25767,1.25753,1.5,1.69
10.08.2021 01:30:05.627,1.2576200000000002,1.2575200000000002,1,1
10.08.2021 01:30:07.576,1.2576100000000001,1.2575100000000001,1,1
10.08.2021 01:30:08.823,1.2576100000000001,1.25748,1,2.35
10.08.2021 01:30:12.871,1.2576200000000002,1.25749,1.5,1.1
10.08.2021 01:30:12.972,1.2576100000000001,1.2575,1.5,2.6
10.08.2021 01:30:16.553,1.2576100000000001,1.2575100000000001,1,1.79
10.08.2021 01:30:16.654,1.25763,1.2575100000000001,1,1.1
10.08.2021 01:30:21.516,1.25763,1.2575100000000001,1,1.35
10.08.2021 01:30:22.846,1.25763,1.2575100000000001,1,1.1
10.08.2021 01:30:25.781,1.25763,1.2575100000000001,1,1.35
10.08.2021 01:30:26.788,1.25763,1.2575100000000001,1,1.1
10.08.2021 01:30:32.306,1.2576200000000002,1.2575200000000002,1,1.35
10.08.2021 01:30:32.771,1.25764,1.2575100000000001,1.5,1.1
10.08.2021 01:30:33.075,1.25763,1.2575100000000001,1,1.1
10.08.2021 01:30:33.176,1.2576200000000002,1.2575200000000002,1,1.35
10.08.2021 01:30:38.428,1.25763,1.2575100000000001,1,1
10.08.2021 01:30:51.503,1.25763,1.2575200000000002,1.5,1.01
10.08.2021 01:30:51.605,1.2576200000000002,1.2575200000000002,1,1.01
10.08.2021 01:30:55.358,1.25763,1.2575200000000002,1.5,1.01
10.08.2021 01:30:58.976,1.25767,1.25756,1,1
10.08.2021 01:30:59.078,1.25767,1.2575500000000002,1,1
10.08.2021 01:30:59.128,1.2576500000000002,1.25754,1,1.57
10.08.2021 01:30:59.483,1.2577,1.25757,1.5,1
10.08.2021 01:30:59.989,1.25768,1.2575500000000002,1.12,1.57
10.08.2021 01:31:00.090,1.25767,1.25754,1,1.57
10.08.2021 01:31:04.613,1.2576500000000002,1.25754,1,1.57
10.08.2021 01:31:08.045,1.2576500000000002,1.25753,1,1.01
10.08.2021 01:31:08.147,1.25764,1.2575100000000001,1.5,1.1
10.08.2021 01:31:14.141,1.2576200000000002,1.2575100000000001,1.5,1.57
10.08.2021 01:31:18.972,1.25759,1.25746,1.5,1.5
10.08.2021 01:31:19.073,1.25756,1.25743,1,2.35
10.08.2021 01:31:19.519,1.2576,1.25747,1.5,2.14
10.08.2021 01:31:19.671,1.25759,1.25747,1,1.39
10.08.2021 01:31:25.408,1.25759,1.25748,1,1.01
10.08.2021 01:31:25.510,1.2576,1.25748,1.5,1.01
10.08.2021 01:31:25.612,1.2576100000000001,1.25748,1,1.1
10.08.2021 01:31:31.819,1.2576,1.25748,1.5,1.1
10.08.2021 01:31:41.876,1.2576100000000001,1.25748,1,1
10.08.2021 01:31:49.359,1.25758,1.25745,1,1.5
10.08.2021 01:31:49.461,1.25756,1.2574400000000001,1,1.1
10.08.2021 01:31:50.002,1.25757,1.2574400000000001,1.5,1
10.08.2021 01:31:50.104,1.25757,1.25745,1,1.01
10.08.2021 01:31:51.509,1.25756,1.25745,1,1.01
10.08.2021 01:31:51.712,1.2575500000000002,1.25745,1,1
10.08.2021 01:31:52.882,1.2575500000000002,1.25743,1,1
10.08.2021 01:31:55.711,1.25754,1.25743,1,1.57
10.08.2021 01:32:02.662,1.2575500000000002,1.25743,1,1.01
10.08.2021 01:32:02.765,1.25756,1.25743,1,2.6
10.08.2021 01:32:03.433,1.2575500000000002,1.2574400000000001,1,1.76
10.08.2021 01:32:04.065,1.2575500000000002,1.2574400000000001,1,2.22
10.08.2021 01:32:08.253,1.25758,1.25749,1,1
10.08.2021 01:32:08.305,1.2576200000000002,1.2575100000000001,1.57,1
10.08.2021 01:32:08.609,1.25763,1.2575,1,2.57
10.08.2021 01:32:09.311,1.25763,1.2575,1,1.76
10.08.2021 01:32:09.448,1.2576200000000002,1.2575100000000001,1,2.95
10.08.2021 01:32:09.650,1.25763,1.2575,1,1.76
10.08.2021 01:32:10.011,1.25763,1.2575,1,2.95
10.08.2021 01:32:11.090,1.2576200000000002,1.2575100000000001,1,2.14
10.08.2021 01:32:12.206,1.2576200000000002,1.25749,1,1.85
10.08.2021 01:32:12.307,1.2576200000000002,1.25749,1.5,1.1
10.08.2021 01:32:15.648,1.2576200000000002,1.2575100000000001,1.5,1.1
10.08.2021 01:32:23.805,1.2576100000000001,1.2575100000000001,1,1.1
10.08.2021 01:32:23.957,1.2576,1.2575,1,1
10.08.2021 01:32:29.742,1.2576100000000001,1.25748,1,1.57
10.08.2021 01:32:31.685,1.2576100000000001,1.25749,1,1
10.08.2021 01:32:32.747,1.25758,1.25748,1,1
10.08.2021 01:32:32.798,1.25757,1.2574400000000001,1.5,1.95
10.08.2021 01:32:33.205,1.25758,1.2574400000000001,1.5,2.2
10.08.2021 01:32:55.132,1.25756,1.2574400000000001,1,1
10.08.2021 01:32:55.493,1.25756,1.25743,1,1.01
10.08.2021 01:32:55.708,1.25756,1.25743,1,1.35
10.08.2021 01:33:02.256,1.25756,1.2574400000000001,1,1.35
10.08.2021 01:33:02.849,1.25756,1.2574400000000001,1,1.35
10.08.2021 01:33:02.899,1.2576,1.25749,1,2.14
10.08.2021 01:33:16.099,1.25756,1.25746,1,1.1
10.08.2021 01:33:18.690,1.25758,1.25748,1,1.39
10.08.2021 01:33:18.741,1.2576200000000002,1.25749,1,1.69
10.08.2021 01:33:18.842,1.2576200000000002,1.2575,1,1
10.08.2021 01:33:25.223,1.25763,1.2575100000000001,1,1.1
10.08.2021 01:33:31.124,1.2577,1.2576200000000002,1.5,1.1
10.08.2021 01:33:31.226,1.25773,1.25766,1,1
10.08.2021 01:33:31.327,1.25779,1.25766,1.5,1.25
10.08.2021 01:33:41.833,1.2578200000000002,1.25773,1.12,1.25
10.08.2021 01:33:41.884,1.2578600000000002,1.25774,1,1
10.08.2021 01:33:46.793,1.2578600000000002,1.25774,1,1.35
10.08.2021 01:33:48.592,1.2578799999999999,1.25777,1,1
10.08.2021 01:33:48.643,1.25789,1.25778,1.5,1.5
10.08.2021 01:33:48.820,1.2578799999999999,1.2577500000000001,1.5,2.96
10.08.2021 01:33:49.072,1.2578600000000002,1.25776,1,1.01
10.08.2021 01:34:25.379,1.2578799999999999,1.25779,1,1.69
10.08.2021 01:34:25.431,1.25791,1.2578200000000002,1,1.69
10.08.2021 01:34:25.482,1.25793,1.2578200000000002,1.5,1.25
10.08.2021 01:34:26.600,1.25794,1.2578200000000002,1,1
10.08.2021 01:35:04.181,1.2579500000000001,1.2578600000000002,1,1.25
10.08.2021 01:35:04.232,1.25798,1.25787,1,2.54
10.08.2021 01:35:04.282,1.258,1.2579,1,1
10.08.2021 01:35:04.333,1.2580200000000001,1.2579,1,1
10.08.2021 01:35:04.485,1.2580200000000001,1.25789,1.5,1.57
10.08.2021 01:35:05.565,1.25801,1.25791,1,1
10.08.2021 01:35:05.991,1.25803,1.2579,1.5,1.57
10.08.2021 01:35:06.092,1.2580200000000001,1.2579200000000001,1,1.5
10.08.2021 01:35:06.245,1.2580500000000001,1.25794,1.5,1.6
10.08.2021 01:35:20.571,1.2580500000000001,1.25793,1,1.6
10.08.2021 01:35:23.884,1.25804,1.2579200000000001,1,1
10.08.2021 01:35:25.199,1.25804,1.25791,1.5,1.57
10.08.2021 01:35:31.618,1.2580200000000001,1.2579200000000001,1,1.57
10.08.2021 01:35:32.573,1.25801,1.2578799999999999,1,2.91
10.08.2021 01:35:39.787,1.25801,1.2578799999999999,1.5,1.57
10.08.2021 01:35:40.687,1.25799,1.25789,1,1.1
10.08.2021 01:35:44.208,1.25801,1.2578799999999999,1.5,1.57
10.08.2021 01:35:44.821,1.25799,1.25789,1,1.1
10.08.2021 01:35:45.939,1.25799,1.25787,1,1.2
10.08.2021 01:35:46.142,1.258,1.25787,1.5,1.97
10.08.2021 01:35:49.236,1.2579500000000001,1.25787,1,2.89
10.08.2021 01:35:52.901,1.258,1.25787,1,1.22
10.08.2021 01:35:53.124,1.25794,1.25787,1,1
10.08.2021 01:35:53.225,1.25793,1.2578600000000002,1,1
10.08.2021 01:35:56.372,1.25798,1.25787,1,1.1
10.08.2021 01:35:57.190,1.25793,1.2578600000000002,1,1
10.08.2021 01:35:57.962,1.25794,1.25787,1,1.35
10.08.2021 01:36:00.898,1.2579600000000002,1.25789,1,1
10.08.2021 01:36:01.000,1.2579600000000002,1.2578799999999999,1,1.2
10.08.2021 01:36:01.101,1.2579500000000001,1.2579,1,1
10.08.2021 01:36:01.303,1.2579500000000001,1.25787,1,1.25
10.08.2021 01:36:04.576,1.25794,1.2578799999999999,1,1.35
10.08.2021 01:36:04.906,1.258,1.25787,1,1.35
10.08.2021 01:36:05.245,1.258,1.25789,1,1.41
10.08.2021 01:36:05.356,1.2580200000000001,1.2578799999999999,1,1.41
10.08.2021 01:36:05.472,1.258,1.2578799999999999,1,2.72
10.08.2021 01:36:07.036,1.2580200000000001,1.2578799999999999,1,1.41
10.08.2021 01:36:07.191,1.2579500000000001,1.2578799999999999,1,1.6
10.08.2021 01:36:10.240,1.25801,1.25789,1,1
10.08.2021 01:36:12.159,1.2579600000000002,1.25787,1,1.35
10.08.2021 01:36:17.831,1.2579600000000002,1.2578799999999999,1,3.8
10.08.2021 01:36:24.926,1.2579600000000002,1.25787,1,6.02
10.08.2021 01:36:27.255,1.2579600000000002,1.25789,1,1.25
10.08.2021 01:36:29.341,1.25797,1.25789,1,4.24
10.08.2021 01:36:29.601,1.2580200000000001,1.2579200000000001,1,3.66
10.08.2021 01:36:29.702,1.2580200000000001,1.2579200000000001,1,3.04
10.08.2021 01:36:29.823,1.25803,1.2579200000000001,1,4.99
10.08.2021 01:36:30.598,1.25803,1.25793,1,2.42
10.08.2021 01:36:30.649,1.25804,1.2579600000000002,1,2.16
10.08.2021 01:36:30.750,1.2580600000000002,1.2579500000000001,1,2.16
10.08.2021 01:36:30.851,1.2580600000000002,1.25797,1,1.22
10.08.2021 01:36:33.943,1.2580700000000002,1.25798,1,1.1
10.08.2021 01:36:34.847,1.25808,1.25798,1,1.1
10.08.2021 01:36:35.537,1.2580700000000002,1.25798,1,1.1
10.08.2021 01:36:41.326,1.25808,1.25798,1,1.1
10.08.2021 01:36:48.786,1.25808,1.25798,1,1.1
10.08.2021 01:36:48.887,1.2580700000000002,1.2579600000000002,1,2.24
10.08.2021 01:36:59.094,1.25808,1.2579600000000002,1,3.36
10.08.2021 01:37:00.200,1.25809,1.25797,1,1.6
10.08.2021 01:37:00.301,1.2581,1.25799,1,1.1
10.08.2021 01:37:00.654,1.25809,1.25799,1,1.1
10.08.2021 01:37:17.373,1.25808,1.25798,1,2.35
10.08.2021 01:37:18.459,1.2580700000000002,1.2579600000000002,1,2.16
10.08.2021 01:37:18.560,1.25804,1.25794,1,1
10.08.2021 01:37:22.489,1.25804,1.2579200000000001,1,1.97
10.08.2021 01:37:22.590,1.25803,1.25791,1,1.1
10.08.2021 01:37:22.742,1.25801,1.2579200000000001,1,1.1
10.08.2021 01:37:27.160,1.258,1.2579200000000001,1,1
10.08.2021 01:37:27.312,1.258,1.25789,1,1.2
10.08.2021 01:37:30.769,1.258,1.2579,1,1.2
10.08.2021 01:37:36.515,1.25799,1.25789,1,1
10.08.2021 01:37:36.616,1.258,1.25787,1.5,2.32
10.08.2021 01:37:37.619,1.258,1.25787,1.5,1.79
10.08.2021 01:37:38.495,1.25799,1.2578799999999999,1.5,1.76
10.08.2021 01:37:38.813,1.258,1.25787,1.5,1.79
10.08.2021 01:37:43.020,1.25801,1.2578799999999999,1,3.66
10.08.2021 01:37:46.789,1.25801,1.2578799999999999,1.5,1.95
10.08.2021 01:37:47.112,1.25801,1.2578799999999999,1.5,3.66
10.08.2021 01:37:48.936,1.25801,1.2578799999999999,1,4.04
10.08.2021 01:37:50.493,1.25801,1.2579,1,2.54
10.08.2021 01:37:50.594,1.258,1.25791,1,1.1
10.08.2021 01:37:52.958,1.2580200000000001,1.2579,1,2.22
10.08.2021 01:37:56.174,1.2580200000000001,1.2579,1,1.2
10.08.2021 01:37:57.897,1.25801,1.2579,1,1.95
10.08.2021 01:37:57.998,1.258,1.2578799999999999,1,1.57
10.08.2021 01:37:59.215,1.25797,1.2578600000000002,1,3.07
10.08.2021 01:37:59.316,1.2579500000000001,1.25783,1,3.05
10.08.2021 01:38:00.672,1.2579600000000002,1.2578500000000001,1,1
10.08.2021 01:38:00.723,1.25798,1.2578500000000001,1,1.79
10.08.2021 01:38:02.553,1.2579600000000002,1.2578500000000001,1,1.1
10.08.2021 01:38:02.874,1.2579600000000002,1.25784,1,1.1
10.08.2021 01:38:06.816,1.2579600000000002,1.2578500000000001,1,1.1
10.08.2021 01:38:11.138,1.2579600000000002,1.25784,1,1.1
10.08.2021 01:38:18.389,1.25797,1.2578500000000001,1,2.35
10.08.2021 01:38:18.440,1.25799,1.25787,1,1
10.08.2021 01:38:26.213,1.25797,1.25784,1.5,2.35
10.08.2021 01:38:30.017,1.25799,1.2578600000000002,1,2.35
10.08.2021 01:38:31.908,1.2580200000000001,1.25789,1.5,1.95
10.08.2021 01:38:32.334,1.25801,1.25791,1,1
10.08.2021 01:38:39.886,1.2579600000000002,1.2578600000000002,1,3.17
10.08.2021 01:38:40.705,1.2579600000000002,1.25784,1,3.26
10.08.2021 01:38:40.806,1.25797,1.2578500000000001,1,1.35
10.08.2021 01:38:50.586,1.25798,1.2578500000000001,1,3.1
10.08.2021 01:39:06.108,1.25799,1.2579,1,1.2
10.08.2021 01:39:06.159,1.2580200000000001,1.25789,1,1.95
10.08.2021 01:39:06.260,1.2580200000000001,1.25789,1,1.97
10.08.2021 01:39:07.523,1.25801,1.2579,1,1.95
10.08.2021 01:39:40.937,1.25801,1.25791,1,1
10.08.2021 01:39:41.646,1.25804,1.25791,1.5,1.5
10.08.2021 01:39:41.748,1.2580500000000001,1.25793,1,1
10.08.2021 01:39:41.849,1.25804,1.25793,1.5,2.25
10.08.2021 01:39:42.403,1.25804,1.2579200000000001,1,1
10.08.2021 01:39:43.202,1.25804,1.2579600000000002,1,1
10.08.2021 01:39:43.253,1.25808,1.2579600000000002,1,1
10.08.2021 01:39:43.455,1.25808,1.25797,1,1
10.08.2021 01:39:43.556,1.2581,1.25798,1,1
10.08.2021 01:39:44.248,1.25811,1.25798,1.5,1.5
10.08.2021 01:40:20.584,1.25811,1.25799,1,1
10.08.2021 01:40:35.119,1.25809,1.258,1,1
10.08.2021 01:40:39.389,1.2581,1.25798,1,1
10.08.2021 01:40:50.707,1.2581,1.2579600000000002,1.5,2.91
10.08.2021 01:40:50.808,1.25809,1.25797,1,1.1
10.08.2021 01:40:50.910,1.25809,1.25798,1.5,1.1
10.08.2021 01:41:02.365,1.2581,1.2579600000000002,1.5,2.14
10.08.2021 01:41:03.975,1.2580500000000001,1.2579200000000001,1,3.76
10.08.2021 01:41:04.077,1.2580200000000001,1.25793,1,1.1
10.08.2021 01:41:04.178,1.25804,1.2579200000000001,1,1.01
10.08.2021 01:41:04.279,1.25803,1.2579200000000001,1,1
10.08.2021 01:41:04.968,1.25803,1.2579,1,1.57
10.08.2021 01:41:05.019,1.25801,1.25789,1,1.1
10.08.2021 01:41:05.120,1.25801,1.2578799999999999,1.5,1.2
10.08.2021 01:41:12.388,1.25803,1.2579,1,1.69
10.08.2021 01:41:13.414,1.25803,1.25791,1,1
10.08.2021 01:41:16.992,1.25803,1.2579,1,1.57
10.08.2021 01:41:19.727,1.2580200000000001,1.2579,1,1.1
10.08.2021 01:41:23.107,1.2580200000000001,1.25789,1.5,1.95
10.08.2021 01:41:25.556,1.25801,1.25789,1,1.1
10.08.2021 01:41:25.657,1.25798,1.2578600000000002,1.5,1.57
10.08.2021 01:41:27.234,1.25798,1.25787,1.5,1
10.08.2021 01:41:27.285,1.25799,1.25789,1,1.1
10.08.2021 01:41:27.386,1.258,1.25789,1.5,1.57
10.08.2021 01:41:27.841,1.258,1.2578799999999999,1,1.1
10.08.2021 01:41:28.432,1.25801,1.2578799999999999,1.5,1.22
10.08.2021 01:41:31.420,1.2580200000000001,1.25789,1,2.16
10.08.2021 01:41:31.521,1.25803,1.25789,1.5,2.91
10.08.2021 01:41:32.647,1.2580200000000001,1.2578799999999999,1.5,3.47
10.08.2021 01:41:33.683,1.25799,1.25787,1.5,1.1
10.08.2021 01:41:35.599,1.25801,1.2578799999999999,1.5,1.95
10.08.2021 01:41:35.801,1.258,1.25789,1.5,1.97
10.08.2021 01:41:45.754,1.258,1.25789,1.5,3.35
10.08.2021 01:41:47.864,1.25801,1.2579,1.5,1.35
10.08.2021 01:41:53.762,1.258,1.25787,1,3.41
10.08.2021 01:41:53.922,1.258,1.2578600000000002,1,3.04
10.08.2021 01:41:55.329,1.25799,1.2578600000000002,1,1.41
10.08.2021 01:41:55.431,1.25799,1.2578500000000001,1.5,3.1
10.08.2021 01:41:57.621,1.25797,1.2578600000000002,1,3.47
10.08.2021 01:42:00.112,1.25797,1.2578600000000002,1,1.85
10.08.2021 01:42:00.213,1.2579600000000002,1.2578600000000002,1,2.29
10.08.2021 01:42:00.314,1.2579500000000001,1.25784,1.5,2.35
10.08.2021 01:42:00.820,1.2579500000000001,1.25783,1,1.1
10.08.2021 01:42:00.972,1.25793,1.25783,1,1.41
10.08.2021 01:42:01.074,1.2579500000000001,1.2578200000000002,1,1.41
10.08.2021 01:42:01.719,1.25794,1.2578200000000002,1.5,4.97
10.08.2021 01:42:01.950,1.25794,1.2578200000000002,1.5,4.97
10.08.2021 01:42:02.203,1.2579500000000001,1.25783,1.5,2.22
10.08.2021 01:42:02.713,1.2579500000000001,1.2578200000000002,1.5,1.47
10.08.2021 01:42:04.367,1.2579500000000001,1.25783,1,2.2
10.08.2021 01:42:04.468,1.2579500000000001,1.2578500000000001,1,1.85
10.08.2021 01:42:04.569,1.2579600000000002,1.25784,1,2.22
10.08.2021 01:42:06.640,1.25798,1.25784,1,3.1
10.08.2021 01:42:06.791,1.25797,1.25784,1,3.1
10.08.2021 01:42:10.830,1.2579500000000001,1.25784,1.5,1.1
10.08.2021 01:42:10.981,1.2579600000000002,1.25784,1.5,1.1
10.08.2021 01:42:13.158,1.25797,1.2578500000000001,1.5,5.16
10.08.2021 01:42:13.268,1.25798,1.25784,1.5,4.85
10.08.2021 01:42:19.235,1.25798,1.2578600000000002,1.5,1.79
10.08.2021 01:42:21.919,1.25798,1.2578500000000001,1,2.16
10.08.2021 01:42:21.970,1.2579500000000001,1.2578600000000002,1,1
10.08.2021 01:42:22.071,1.2579500000000001,1.25783,1.5,1.22
10.08.2021 01:42:24.193,1.2579500000000001,1.2578200000000002,1.5,1.79
10.08.2021 01:42:24.294,1.25794,1.25783,1,2.54
10.08.2021 01:42:24.850,1.2579500000000001,1.2578200000000002,1.5,1.79
10.08.2021 01:42:26.104,1.2579200000000001,1.2578200000000002,1,1.22
10.08.2021 01:42:28.240,1.2579500000000001,1.2578200000000002,1.5,1.79
10.08.2021 01:42:28.342,1.25794,1.25783,1.5,1.79
10.08.2021 01:42:30.313,1.2579500000000001,1.2578200000000002,1.5,2.54
10.08.2021 01:42:31.593,1.25794,1.25783,1,3.29
10.08.2021 01:42:31.695,1.2579500000000001,1.2578500000000001,1,1.1
10.08.2021 01:42:32.842,1.2579600000000002,1.25784,1,2.91
10.08.2021 01:42:32.944,1.2579600000000002,1.25784,1,3.35
10.08.2021 01:42:39.329,1.25794,1.2578500000000001,1,1.2
10.08.2021 01:42:39.481,1.2579500000000001,1.2578200000000002,1,1.22
10.08.2021 01:42:40.474,1.25794,1.25783,1,1.2
10.08.2021 01:42:40.706,1.2579500000000001,1.2578200000000002,1,1.22
10.08.2021 01:42:43.230,1.2579500000000001,1.25783,1.5,3.66
10.08.2021 01:42:47.482,1.2579600000000002,1.25783,1.5,1.1
10.08.2021 01:42:48.163,1.25794,1.25784,1,1
10.08.2021 01:42:50.872,1.2579600000000002,1.25783,1.5,1.25
10.08.2021 01:42:52.032,1.2579600000000002,1.25784,1.5,1.76
10.08.2021 01:42:54.062,1.25797,1.25784,1.5,3.72
10.08.2021 01:43:00.236,1.25799,1.25789,1,1
10.08.2021 01:43:00.287,1.25801,1.25789,1,1
10.08.2021 01:43:02.268,1.258,1.25789,1.5,1.2
10.08.2021 01:43:02.423,1.25801,1.2578799999999999,1,2.72
10.08.2021 01:43:04.667,1.2580200000000001,1.25789,1.5,1.1
10.08.2021 01:43:07.894,1.25801,1.2578799999999999,1.5,1.97
10.08.2021 01:43:11.100,1.25801,1.25789,1,1.1
10.08.2021 01:43:11.151,1.25803,1.25789,1.5,2.54
10.08.2021 01:43:11.202,1.25804,1.25793,1.5,3.26
10.08.2021 01:43:11.355,1.25803,1.25793,1,1.01
10.08.2021 01:43:11.679,1.25803,1.25793,1,1.35
10.08.2021 01:43:13.832,1.25804,1.2579200000000001,1,1.1
10.08.2021 01:43:14.602,1.25801,1.2579,1,3.04
10.08.2021 01:43:14.704,1.2580200000000001,1.25789,1,2.16
10.08.2021 01:43:14.805,1.2580200000000001,1.25789,1,2.14
10.08.2021 01:43:15.721,1.2580200000000001,1.25789,1,2.95
10.08.2021 01:43:15.823,1.25803,1.25789,1,2.95
10.08.2021 01:43:15.924,1.2580200000000001,1.25789,1,2.35
10.08.2021 01:43:16.131,1.2580200000000001,1.25789,1.5,1.2
10.08.2021 01:43:17.411,1.2580200000000001,1.25789,1,2.91
10.08.2021 01:43:21.341,1.25803,1.25791,1.5,1.1
10.08.2021 01:43:21.698,1.25804,1.25791,1.5,1
10.08.2021 01:43:21.749,1.2580200000000001,1.2579,1,1.01
10.08.2021 01:43:21.850,1.25803,1.2579,1,1.01
10.08.2021 01:43:22.121,1.25803,1.2579500000000001,1,1
10.08.2021 01:43:22.323,1.25801,1.2579500000000001,1,1
10.08.2021 01:43:34.808,1.25804,1.2579500000000001,1,1
10.08.2021 01:43:40.103,1.25804,1.25794,1,1
10.08.2021 01:43:43.789,1.25804,1.25797,1,1
10.08.2021 01:43:43.840,1.2580600000000002,1.25797,1,1
10.08.2021 01:43:43.945,1.2580600000000002,1.25798,1,1
10.08.2021 01:43:47.112,1.2580700000000002,1.2579600000000002,1,1
10.08.2021 01:43:49.270,1.2580700000000002,1.25798,1,1
