Gmt time,Ask,Bid,AskVolume,BidVolume
30.08.2021 00:00:00.022,6.46467,6.46322,1.25,1.5
30.08.2021 00:00:00.126,6.46466,6.46323,1.25,1.5
30.08.2021 00:00:00.276,6.46466,6.46323,1.25,1.5
30.08.2021 00:00:00.377,6.46462,6.46322,1,1.5
30.08.2021 00:00:00.427,6.46461,6.46323,1,1.5
30.08.2021 00:00:00.530,6.46462,6.46322,1,1.5
30.08.2021 00:00:01.367,6.4645600000000005,6.4633,1,1.5
30.08.2021 00:00:01.669,6.46454,6.4633,1,1.5
30.08.2021 00:00:01.772,6.46452,6.46331,1,1.5
30.08.2021 00:00:01.902,6.464530000000001,6.463430000000001,1,1.5
30.08.2021 00:00:02.004,6.464580000000001,6.46345,1,1.5
30.08.2021 00:00:02.084,6.46462,6.46346,1,1.5
30.08.2021 00:00:02.184,6.4646300000000005,6.463430000000001,1,1.5
30.08.2021 00:00:02.285,6.46471,6.463430000000001,1,1.5
30.08.2021 00:00:02.990,6.46472,6.463500000000001,1.25,1
30.08.2021 00:00:04.436,6.46472,6.46342,1.25,1
30.08.2021 00:00:04.536,6.46471,6.46344,1.25,1
30.08.2021 00:00:04.685,6.464700000000001,6.463430000000001,1.25,1
30.08.2021 00:00:04.952,6.464700000000001,6.463430000000001,1.25,1
30.08.2021 00:00:14.076,6.46461,6.46344,1,1
30.08.2021 00:00:15.464,6.46464,6.463430000000001,1,1
30.08.2021 00:00:25.817,6.46466,6.463430000000001,1,1
30.08.2021 00:00:30.269,6.464700000000001,6.46344,1,1
30.08.2021 00:01:02.945,6.46462,6.463430000000001,1,1
30.08.2021 00:01:03.066,6.46459,6.463430000000001,1,1
30.08.2021 00:01:07.401,6.464530000000001,6.46346,1,1
30.08.2021 00:01:07.502,6.46457,6.46354,1,1
30.08.2021 00:01:07.602,6.46462,6.46354,1.05,1
30.08.2021 00:01:10.395,6.46466,6.46353,1,1
30.08.2021 00:01:10.496,6.46462,6.46354,1,1
30.08.2021 00:01:10.892,6.46466,6.46353,1,1
30.08.2021 00:01:10.993,6.4646300000000005,6.46353,1,1
30.08.2021 00:01:11.397,6.46466,6.46353,1,1
30.08.2021 00:01:11.499,6.46462,6.46354,1,1
30.08.2021 00:01:11.901,6.46466,6.46354,1,1
30.08.2021 00:01:12.004,6.46462,6.46354,1,1
30.08.2021 00:01:12.207,6.46466,6.46354,1,1
30.08.2021 00:01:12.309,6.46462,6.46354,1,1
30.08.2021 00:01:12.410,6.46466,6.46353,1,1
30.08.2021 00:01:12.513,6.4646300000000005,6.46353,1,1
30.08.2021 00:01:12.625,6.46466,6.46353,1,1
30.08.2021 00:01:12.726,6.46462,6.46354,1,1
30.08.2021 00:01:12.920,6.464650000000001,6.46354,1,1
30.08.2021 00:01:13.021,6.4646300000000005,6.46353,1,1
30.08.2021 00:01:13.122,6.46466,6.46354,1,1
30.08.2021 00:01:13.225,6.46462,6.46354,1,1
30.08.2021 00:01:14.337,6.46466,6.46353,1,1
30.08.2021 00:01:14.439,6.46462,6.46354,1,1
30.08.2021 00:01:16.366,6.46466,6.46353,1,1
30.08.2021 00:01:16.468,6.46462,6.46354,1,1
30.08.2021 00:01:16.571,6.464650000000001,6.46354,1,1
30.08.2021 00:01:16.671,6.46462,6.46354,1,1
30.08.2021 00:01:26.415,6.464650000000001,6.46354,1,1
30.08.2021 00:01:26.513,6.46462,6.46354,1,1
30.08.2021 00:01:27.430,6.46464,6.46353,1,1
30.08.2021 00:01:27.531,6.46462,6.46354,1,1
30.08.2021 00:01:29.281,6.464650000000001,6.46365,1,1
30.08.2021 00:01:29.382,6.464880000000001,6.46365,1.25,1
30.08.2021 00:01:29.508,6.46487,6.46365,1.25,1
30.08.2021 00:01:29.609,6.464880000000001,6.46365,1.25,1
30.08.2021 00:01:29.795,6.464880000000001,6.46365,1.25,1
30.08.2021 00:01:30.922,6.46487,6.46366,1.25,1
30.08.2021 00:01:31.901,6.46487,6.46366,1.25,1
30.08.2021 00:01:32.086,6.464880000000001,6.46365,1,1
30.08.2021 00:01:32.136,6.464880000000001,6.46375,1,1
30.08.2021 00:01:32.237,6.46492,6.463830000000001,1,1
30.08.2021 00:01:32.287,6.46494,6.46384,1,1
30.08.2021 00:01:32.388,6.46502,6.463830000000001,1,1
30.08.2021 00:01:32.444,6.46501,6.46386,1,1
30.08.2021 00:01:32.577,6.46506,6.46394,1,1
30.08.2021 00:01:32.730,6.46507,6.46394,1,1
30.08.2021 00:01:32.881,6.46507,6.46393,1,1
30.08.2021 00:01:33.222,6.46507,6.46394,1,1
30.08.2021 00:01:42.162,6.46508,6.464,1,1
30.08.2021 00:01:42.263,6.46507,6.464,1,1
30.08.2021 00:01:42.610,6.465050000000001,6.46401,1,1
30.08.2021 00:01:45.155,6.465050000000001,6.464040000000001,1,1
30.08.2021 00:01:46.466,6.46507,6.46403,1,1
30.08.2021 00:01:46.567,6.46507,6.46411,1,1
30.08.2021 00:01:46.667,6.465140000000001,6.4641,1,1
30.08.2021 00:01:46.768,6.46515,6.46411,1,1
30.08.2021 00:01:48.061,6.46516,6.46411,1,1
30.08.2021 00:01:51.022,6.46517,6.46403,1,1
30.08.2021 00:01:51.073,6.46517,6.46403,1.5,1
30.08.2021 00:01:51.174,6.465090000000001,6.46392,1,1
30.08.2021 00:01:51.224,6.46495,6.46396,1,1
30.08.2021 00:01:52.569,6.46495,6.46386,1,1
30.08.2021 00:01:52.620,6.4649600000000005,6.463900000000001,1,1
30.08.2021 00:01:52.670,6.46495,6.463830000000001,1,1
30.08.2021 00:01:52.721,6.4649,6.46386,1,1
30.08.2021 00:01:53.105,6.464910000000001,6.46382,1,1
30.08.2021 00:01:53.155,6.4648200000000005,6.46385,1,1
30.08.2021 00:01:53.824,6.4648200000000005,6.46386,1,1
30.08.2021 00:01:53.946,6.4648200000000005,6.46391,1,1
30.08.2021 00:01:54.027,6.46492,6.463900000000001,1,1
30.08.2021 00:01:54.847,6.464930000000001,6.463900000000001,1,1
30.08.2021 00:01:54.897,6.46492,6.46406,1,1
30.08.2021 00:01:54.947,6.46501,6.46406,1,1
30.08.2021 00:01:55.048,6.46506,6.46406,1,1
30.08.2021 00:02:02.382,6.46506,6.46396,1,1
30.08.2021 00:02:02.483,6.46502,6.46387,1,1
30.08.2021 00:02:02.548,6.46497,6.46386,1,1
30.08.2021 00:02:03.432,6.4649600000000005,6.46406,1,1
30.08.2021 00:02:03.482,6.46501,6.46406,1,1
30.08.2021 00:02:03.582,6.465050000000001,6.46406,1,1
30.08.2021 00:02:04.925,6.465050000000001,6.46405,1,1
30.08.2021 00:02:20.691,6.46506,6.46405,1,1
30.08.2021 00:02:20.741,6.46506,6.46415,1,1
30.08.2021 00:02:20.792,6.46508,6.46415,1,1
30.08.2021 00:02:20.895,6.46515,6.46415,1.5,1
30.08.2021 00:02:20.945,6.465140000000001,6.4642100000000005,1.5,1
30.08.2021 00:02:22.748,6.4651000000000005,6.4642,1,1
30.08.2021 00:02:26.387,6.46515,6.4642100000000005,1,1
30.08.2021 00:02:26.437,6.4651000000000005,6.4642,1,1
30.08.2021 00:02:26.547,6.465090000000001,6.464250000000001,1,1
30.08.2021 00:02:26.656,6.465180000000001,6.46424,1,1
30.08.2021 00:02:26.706,6.46517,6.46436,1,1
30.08.2021 00:02:26.757,6.465190000000001,6.46436,1,1
30.08.2021 00:02:26.845,6.4652400000000005,6.46436,1,1
30.08.2021 00:02:28.378,6.4652,6.4643500000000005,1,1
30.08.2021 00:02:48.750,6.465190000000001,6.464090000000001,1,1
30.08.2021 00:02:48.800,6.465090000000001,6.464090000000001,1,1
30.08.2021 00:02:49.156,6.46508,6.464080000000001,1,1
30.08.2021 00:02:49.804,6.46508,6.464090000000001,1,1
30.08.2021 00:03:04.769,6.4651000000000005,6.464080000000001,1.5,1
30.08.2021 00:03:12.370,6.465090000000001,6.464080000000001,1,1
30.08.2021 00:03:13.405,6.4651000000000005,6.464080000000001,1.5,1
30.08.2021 00:03:13.506,6.46506,6.464090000000001,1,1
30.08.2021 00:03:13.657,6.46494,6.46391,1.5,1
30.08.2021 00:03:13.759,6.46494,6.46391,1.5,1
30.08.2021 00:03:13.860,6.46494,6.46391,1.5,1
30.08.2021 00:03:14.086,6.46481,6.463830000000001,1,1
30.08.2021 00:03:14.136,6.4648200000000005,6.46385,1,1
30.08.2021 00:03:14.467,6.464740000000001,6.46386,1,1
30.08.2021 00:03:35.803,6.464740000000001,6.46392,1,1
30.08.2021 00:03:35.903,6.4648200000000005,6.46393,1,1
30.08.2021 00:03:36.004,6.46485,6.46393,1,1
30.08.2021 00:03:39.081,6.4648900000000005,6.46394,1,1
30.08.2021 00:03:39.185,6.46494,6.46396,1,1
30.08.2021 00:03:39.239,6.464980000000001,6.46401,1,1
30.08.2021 00:03:39.340,6.46499,6.46401,1,1
30.08.2021 00:03:39.442,6.46495,6.464,1,1
30.08.2021 00:03:45.263,6.46499,6.4641,1,1
30.08.2021 00:03:45.364,6.46502,6.46414,1,1
30.08.2021 00:03:45.414,6.46502,6.464160000000001,1,1
30.08.2021 00:03:45.465,6.46517,6.4642100000000005,1,1
30.08.2021 00:03:45.581,6.465190000000001,6.4642,1,1
30.08.2021 00:03:45.631,6.465180000000001,6.46431,1,1
30.08.2021 00:03:45.682,6.46521,6.46431,1,1.5
30.08.2021 00:03:45.733,6.465280000000001,6.46431,1,1.5
30.08.2021 00:03:45.783,6.465280000000001,6.464340000000001,1,1
30.08.2021 00:03:45.934,6.465330000000001,6.464430000000001,1,1
30.08.2021 00:03:46.099,6.46535,6.46442,1,1
30.08.2021 00:03:48.701,6.46535,6.464430000000001,1,1
30.08.2021 00:03:48.878,6.46537,6.46445,1,1
30.08.2021 00:03:48.979,6.465380000000001,6.46455,1.12,1
30.08.2021 00:03:49.079,6.46544,6.46454,1.5,1
30.08.2021 00:03:49.149,6.4654300000000005,6.46455,1.5,1
30.08.2021 00:03:49.250,6.465450000000001,6.46455,1.5,1
30.08.2021 00:03:49.450,6.465450000000001,6.46455,1,1
30.08.2021 00:04:05.017,6.465450000000001,6.46446,1,1
30.08.2021 00:04:05.067,6.465450000000001,6.46446,1.5,1
30.08.2021 00:04:05.118,6.465450000000001,6.46446,1,1
30.08.2021 00:04:05.218,6.465450000000001,6.46446,1.5,1
30.08.2021 00:04:05.318,6.46546,6.46445,1.5,1
30.08.2021 00:04:05.519,6.46546,6.46445,1.12,1
30.08.2021 00:04:07.766,6.46546,6.46455,1,1
30.08.2021 00:04:07.821,6.46547,6.4645600000000005,1,1
30.08.2021 00:04:07.924,6.46548,6.4645600000000005,1.5,1
30.08.2021 00:04:10.971,6.465450000000001,6.46455,1,1
30.08.2021 00:04:16.723,6.465450000000001,6.46461,1,1
30.08.2021 00:04:20.266,6.465450000000001,6.464530000000001,1.5,1
30.08.2021 00:04:20.385,6.465450000000001,6.46452,1.5,1
30.08.2021 00:04:20.486,6.4654300000000005,6.46452,1.3,1
30.08.2021 00:04:26.427,6.465450000000001,6.464530000000001,1,1.5
30.08.2021 00:04:27.419,6.46548,6.46452,1.85,1
30.08.2021 00:04:37.475,6.46544,6.464530000000001,1,1
30.08.2021 00:04:37.526,6.465280000000001,6.464480000000001,1,1
30.08.2021 00:04:38.190,6.465280000000001,6.4644900000000005,1,1.1
30.08.2021 00:04:38.595,6.46527,6.46454,1.57,1.1
30.08.2021 00:04:38.645,6.46526,6.4644900000000005,1.1,1
30.08.2021 00:04:38.696,6.465190000000001,6.4644900000000005,1,1
30.08.2021 00:04:38.803,6.46516,6.46446,1,1.1
30.08.2021 00:04:38.904,6.46515,6.46442,1.5,1.6
30.08.2021 00:04:39.268,6.46513,6.464430000000001,1.3,1.6
30.08.2021 00:04:39.598,6.46512,6.464440000000001,1.3,1.1
30.08.2021 00:04:39.729,6.46511,6.4645,1.1,1.1
30.08.2021 00:04:39.843,6.46512,6.4645,1.3,1.1
30.08.2021 00:04:39.972,6.46513,6.4643500000000005,1.85,1
30.08.2021 00:04:40.072,6.46504,6.46436,1,1
30.08.2021 00:04:47.473,6.46504,6.46436,1.5,1
30.08.2021 00:04:47.524,6.46504,6.46436,1,1
30.08.2021 00:04:47.574,6.464930000000001,6.46412,1,1.5
30.08.2021 00:04:47.625,6.46492,6.4642100000000005,1,1
30.08.2021 00:04:47.726,6.464930000000001,6.4641,1,1
30.08.2021 00:04:47.776,6.464790000000001,6.46411,1,1
30.08.2021 00:04:47.911,6.4648,6.4641,1.5,1
30.08.2021 00:04:48.012,6.46478,6.46411,1.3,1
30.08.2021 00:04:49.400,6.46477,6.464160000000001,1.3,1
30.08.2021 00:04:50.960,6.46477,6.464160000000001,1.3,1
30.08.2021 00:04:53.643,6.46478,6.4642,1.3,1
30.08.2021 00:05:24.861,6.464790000000001,6.4642100000000005,1.8,1
30.08.2021 00:05:24.962,6.464790000000001,6.4642100000000005,1.5,1
30.08.2021 00:05:25.053,6.4648,6.4642,1.5,1
30.08.2021 00:05:25.766,6.464790000000001,6.4642100000000005,1.8,1
30.08.2021 00:05:25.917,6.4648,6.4642,1.5,1
30.08.2021 00:05:27.344,6.464790000000001,6.46411,1.5,1
30.08.2021 00:05:27.394,6.4648,6.46415,1.5,1
30.08.2021 00:05:27.444,6.464790000000001,6.46403,1.5,1
30.08.2021 00:05:27.495,6.46477,6.46396,1.85,1
30.08.2021 00:05:27.545,6.4644,6.4639500000000005,1,1
30.08.2021 00:05:27.596,6.46431,6.4638100000000005,1,1
30.08.2021 00:05:27.696,6.464250000000001,6.463590000000001,1,1
30.08.2021 00:05:27.782,6.46424,6.46354,1,1
30.08.2021 00:05:27.997,6.46431,6.46353,1.25,1
30.08.2021 00:05:33.035,6.46422,6.46354,1.1,1.5
30.08.2021 00:05:33.940,6.46422,6.463640000000001,1.1,1
30.08.2021 00:05:34.806,6.464250000000001,6.46363,1.8,1
30.08.2021 00:05:34.907,6.464440000000001,6.463640000000001,1,1.5
30.08.2021 00:05:34.957,6.4644,6.46363,1,1.5
30.08.2021 00:05:35.109,6.46454,6.46379,1,1
30.08.2021 00:05:35.209,6.4646300000000005,6.463780000000001,1,1
30.08.2021 00:05:35.260,6.4646,6.463780000000001,1,1
30.08.2021 00:05:35.582,6.46464,6.463780000000001,1.5,1
30.08.2021 00:05:37.136,6.464700000000001,6.4638100000000005,1,1
30.08.2021 00:05:37.186,6.46464,6.46382,1,1
30.08.2021 00:05:37.339,6.46475,6.46382,1.5,1
30.08.2021 00:05:39.013,6.464650000000001,6.4638100000000005,1.8,1
30.08.2021 00:05:39.366,6.46475,6.46382,1.5,1
30.08.2021 00:05:39.416,6.46464,6.46382,1,1
30.08.2021 00:05:41.241,6.46476,6.4638100000000005,1.5,1
30.08.2021 00:05:41.291,6.46464,6.46382,1,1
30.08.2021 00:05:42.242,6.46476,6.4638100000000005,1.5,1
30.08.2021 00:05:42.293,6.46464,6.46382,1,1
30.08.2021 00:05:42.451,6.46476,6.4638100000000005,1.5,1
30.08.2021 00:05:42.501,6.464650000000001,6.4638100000000005,1,1
30.08.2021 00:05:42.746,6.46476,6.4638100000000005,1.5,1
30.08.2021 00:05:42.796,6.46464,6.46382,1,1
30.08.2021 00:05:43.494,6.46476,6.4638100000000005,1.5,1
30.08.2021 00:05:43.544,6.46464,6.46382,1,1
30.08.2021 00:05:43.939,6.46476,6.4638100000000005,1.5,1
30.08.2021 00:05:43.989,6.46464,6.46382,1,1
30.08.2021 00:05:44.746,6.46475,6.46382,1.5,1
30.08.2021 00:05:44.797,6.46464,6.46382,1,1
30.08.2021 00:05:45.369,6.46476,6.4638100000000005,1.5,1
30.08.2021 00:05:45.419,6.464650000000001,6.4638100000000005,1,1
30.08.2021 00:05:45.847,6.46475,6.46382,1.5,1
30.08.2021 00:05:45.898,6.464650000000001,6.4638100000000005,1,1
30.08.2021 00:05:46.267,6.46476,6.4638100000000005,1.5,1
30.08.2021 00:05:51.980,6.4646300000000005,6.463830000000001,1.3,1
30.08.2021 00:05:53.470,6.4648,6.46394,1.3,1
30.08.2021 00:05:53.571,6.46469,6.46394,1,1
30.08.2021 00:05:53.671,6.4648,6.4639500000000005,1,1
30.08.2021 00:05:53.772,6.464840000000001,6.46396,1,1
30.08.2021 00:05:53.877,6.46492,6.46396,1.5,1.1
30.08.2021 00:05:54.028,6.4648200000000005,6.464040000000001,1.3,1
30.08.2021 00:05:54.280,6.4648200000000005,6.46407,1.3,1.1
30.08.2021 00:05:54.563,6.4648200000000005,6.464040000000001,1.3,1
30.08.2021 00:05:55.666,6.464840000000001,6.464040000000001,1.8,1
30.08.2021 00:05:55.717,6.46485,6.464040000000001,1,1
30.08.2021 00:05:56.068,6.46492,6.464040000000001,1.5,1
30.08.2021 00:05:56.755,6.464830000000001,6.464040000000001,1.3,1.5
30.08.2021 00:05:57.756,6.464830000000001,6.464040000000001,1.3,1.5
30.08.2021 00:06:01.763,6.464830000000001,6.464040000000001,1.3,1
30.08.2021 00:06:02.436,6.46485,6.464040000000001,1.8,1
30.08.2021 00:06:02.765,6.464840000000001,6.46405,1,1
30.08.2021 00:06:02.989,6.464910000000001,6.46405,1.5,1
30.08.2021 00:06:03.373,6.464840000000001,6.46405,1.8,1
30.08.2021 00:06:03.470,6.464840000000001,6.46405,1,1
30.08.2021 00:06:04.010,6.46492,6.464040000000001,1.5,1
30.08.2021 00:06:12.277,6.464830000000001,6.464040000000001,1.3,1
30.08.2021 00:06:13.136,6.4648200000000005,6.46394,1.5,1.62
30.08.2021 00:06:13.328,6.4648200000000005,6.46394,1,1.62
30.08.2021 00:06:13.428,6.46485,6.46394,1,1.62
30.08.2021 00:06:13.731,6.464930000000001,6.46394,1.5,1.62
30.08.2021 00:06:13.782,6.46485,6.46394,1,1.62
30.08.2021 00:06:14.000,6.464930000000001,6.4639500000000005,1.5,1
30.08.2021 00:06:14.050,6.464840000000001,6.46396,1,1
30.08.2021 00:06:14.212,6.46492,6.46396,1.5,1
30.08.2021 00:06:14.404,6.46492,6.464040000000001,1.5,1
30.08.2021 00:06:14.454,6.464840000000001,6.464040000000001,1,1
30.08.2021 00:06:15.391,6.464910000000001,6.46403,1.5,1
30.08.2021 00:06:15.441,6.46485,6.46403,1,1
30.08.2021 00:06:15.854,6.4649,6.464040000000001,1.5,1
30.08.2021 00:06:15.904,6.46485,6.46403,1,1
30.08.2021 00:06:16.536,6.4649,6.464040000000001,1.5,1
30.08.2021 00:06:16.587,6.464840000000001,6.464040000000001,1,1
30.08.2021 00:06:16.950,6.4649,6.464040000000001,1.5,1
30.08.2021 00:06:17.000,6.46485,6.46403,1,1
30.08.2021 00:06:17.681,6.4649,6.464040000000001,1.5,1
30.08.2021 00:06:17.732,6.46485,6.46403,1,1
30.08.2021 00:06:18.477,6.4649,6.464040000000001,1.5,1
30.08.2021 00:06:18.527,6.464840000000001,6.464040000000001,1,1
30.08.2021 00:06:18.781,6.464910000000001,6.46403,1.5,1
30.08.2021 00:06:18.832,6.464840000000001,6.464040000000001,1,1
30.08.2021 00:06:19.471,6.4649,6.464040000000001,1.5,1
30.08.2021 00:06:19.521,6.464840000000001,6.464040000000001,1,1
30.08.2021 00:06:19.841,6.4649,6.464040000000001,1.5,1
30.08.2021 00:06:19.891,6.46485,6.46403,1,1
30.08.2021 00:06:20.879,6.464910000000001,6.46403,1.5,1
30.08.2021 00:06:20.930,6.464840000000001,6.464040000000001,1,1
30.08.2021 00:06:21.478,6.4649,6.464040000000001,1.5,1
30.08.2021 00:06:21.528,6.46485,6.46403,1,1
30.08.2021 00:06:21.879,6.464910000000001,6.46403,1.5,1
30.08.2021 00:06:21.930,6.464840000000001,6.464040000000001,1,1
30.08.2021 00:06:22.475,6.464910000000001,6.46403,1.5,1
30.08.2021 00:06:22.525,6.464840000000001,6.464040000000001,1,1
30.08.2021 00:06:23.567,6.464840000000001,6.46396,1,1
30.08.2021 00:06:23.807,6.46485,6.4639500000000005,1,1
30.08.2021 00:06:23.949,6.4649,6.46396,1.5,1
30.08.2021 00:06:24.000,6.464840000000001,6.46396,1,1
30.08.2021 00:06:24.274,6.464910000000001,6.4639500000000005,1.5,1
30.08.2021 00:06:24.324,6.46485,6.464,1,1
30.08.2021 00:06:24.374,6.464840000000001,6.464040000000001,1,1
30.08.2021 00:06:25.156,6.464930000000001,6.46403,1.5,1
30.08.2021 00:06:25.207,6.46485,6.46403,1,1
30.08.2021 00:06:25.548,6.464840000000001,6.46405,1,1.1
30.08.2021 00:06:25.863,6.464840000000001,6.46414,1,1
30.08.2021 00:06:26.447,6.464930000000001,6.464130000000001,1.5,1
30.08.2021 00:06:26.498,6.46485,6.464130000000001,1,1
30.08.2021 00:06:26.706,6.46492,6.46414,1.5,1.1
30.08.2021 00:06:26.756,6.46485,6.464130000000001,1,1.1
30.08.2021 00:06:27.014,6.464930000000001,6.464130000000001,1.5,1.1
30.08.2021 00:06:27.065,6.464840000000001,6.46414,1,1.1
30.08.2021 00:06:27.392,6.46492,6.46414,1.5,1.1
30.08.2021 00:06:27.442,6.464840000000001,6.46414,1,1.1
30.08.2021 00:06:27.586,6.46492,6.46414,1.5,1.1
30.08.2021 00:06:27.636,6.464840000000001,6.46415,1,1.1
30.08.2021 00:06:27.901,6.46492,6.46415,1.5,1.1
30.08.2021 00:06:27.952,6.464840000000001,6.46415,1,1.1
30.08.2021 00:06:28.392,6.46492,6.46415,1.5,1.1
30.08.2021 00:06:28.443,6.464840000000001,6.46415,1,1.1
30.08.2021 00:06:28.938,6.464930000000001,6.46414,1.5,1.1
30.08.2021 00:06:28.989,6.46485,6.46414,1.8,1.1
30.08.2021 00:06:29.046,6.46485,6.46414,1,1.1
30.08.2021 00:06:29.558,6.464930000000001,6.46414,1.5,1.1
30.08.2021 00:06:29.608,6.464840000000001,6.46415,1,1.1
30.08.2021 00:06:29.659,6.46485,6.464180000000001,1,1.1
30.08.2021 00:06:30.296,6.464930000000001,6.464180000000001,1.5,1.1
30.08.2021 00:06:30.346,6.464840000000001,6.46419,1,1.1
30.08.2021 00:06:30.587,6.46492,6.46414,1.5,1.1
30.08.2021 00:06:30.637,6.464840000000001,6.46414,1,1.1
30.08.2021 00:06:31.392,6.46492,6.46414,1.5,1.1
30.08.2021 00:06:31.442,6.464840000000001,6.46414,1,1.1
30.08.2021 00:06:31.912,6.464930000000001,6.464130000000001,1.5,1.1
30.08.2021 00:06:31.962,6.46485,6.464130000000001,1,1.1
30.08.2021 00:06:32.570,6.46492,6.46414,1.5,1.1
30.08.2021 00:06:32.620,6.46485,6.464130000000001,1,1.1
30.08.2021 00:06:33.022,6.46492,6.46414,1.5,1.1
30.08.2021 00:06:33.072,6.46485,6.464130000000001,1,1.1
30.08.2021 00:06:33.572,6.46492,6.46414,1.5,1.1
30.08.2021 00:06:33.622,6.46485,6.464130000000001,1,1.1
30.08.2021 00:06:34.207,6.46492,6.46414,1.5,1.1
30.08.2021 00:06:34.258,6.46485,6.464130000000001,1,1.1
30.08.2021 00:06:34.948,6.464930000000001,6.464130000000001,1.5,1.1
30.08.2021 00:06:34.998,6.46485,6.464130000000001,1,1.1
30.08.2021 00:06:35.391,6.46492,6.46414,1.5,1.1
30.08.2021 00:06:35.441,6.464840000000001,6.46414,1,1.1
30.08.2021 00:06:35.492,6.464840000000001,6.464160000000001,1,1.1
30.08.2021 00:06:36.019,6.464840000000001,6.46414,1,1
30.08.2021 00:06:36.393,6.464930000000001,6.464130000000001,1.5,1
30.08.2021 00:06:36.443,6.464840000000001,6.46414,1,1
30.08.2021 00:06:37.026,6.464930000000001,6.464130000000001,1.5,1
30.08.2021 00:06:37.076,6.464840000000001,6.46414,1,1
30.08.2021 00:06:37.575,6.46492,6.46414,1.5,1
30.08.2021 00:06:37.626,6.464840000000001,6.46414,1,1
30.08.2021 00:06:37.782,6.46492,6.46414,1.5,1
30.08.2021 00:06:37.832,6.46485,6.464130000000001,1,1
30.08.2021 00:06:38.026,6.46492,6.46414,1.5,1
30.08.2021 00:06:38.077,6.464840000000001,6.46414,1,1
30.08.2021 00:06:38.250,6.464930000000001,6.464130000000001,1.5,1
30.08.2021 00:06:38.300,6.464840000000001,6.46414,1,1
30.08.2021 00:06:38.577,6.46492,6.46414,1.5,1
30.08.2021 00:06:38.627,6.46485,6.464130000000001,1,1
30.08.2021 00:06:39.134,6.464930000000001,6.464130000000001,1.5,1
30.08.2021 00:06:41.835,6.4648200000000005,6.46415,1.3,1.1
30.08.2021 00:06:43.428,6.4648200000000005,6.46414,1.3,1
30.08.2021 00:06:44.760,6.464830000000001,6.46414,1.3,1.1
30.08.2021 00:06:47.323,6.464830000000001,6.464130000000001,1.3,1
30.08.2021 00:06:48.380,6.4648200000000005,6.46417,1.3,1.1
30.08.2021 00:06:48.430,6.46485,6.464160000000001,1.8,1.1
30.08.2021 00:06:48.566,6.464840000000001,6.46417,1,1.1
30.08.2021 00:06:49.114,6.464840000000001,6.46414,1,1.1
30.08.2021 00:06:51.722,6.464930000000001,6.464130000000001,1.5,1.1
30.08.2021 00:06:51.772,6.464840000000001,6.46414,1,1.1
30.08.2021 00:06:52.376,6.46492,6.46414,1.5,1.1
30.08.2021 00:06:52.426,6.464840000000001,6.46414,1,1.1
30.08.2021 00:06:52.939,6.46492,6.46414,1.5,1.1
30.08.2021 00:06:52.989,6.46485,6.464130000000001,1,1.1
30.08.2021 00:06:53.395,6.464930000000001,6.464130000000001,1.5,1.1
30.08.2021 00:06:53.446,6.46485,6.464130000000001,1,1.1
30.08.2021 00:06:53.707,6.46492,6.46414,1,1.1
30.08.2021 00:06:53.757,6.4648900000000005,6.46414,1,1.1
30.08.2021 00:06:53.932,6.4649,6.46417,1,1.1
30.08.2021 00:06:54.042,6.464930000000001,6.46417,1.5,1.1
30.08.2021 00:06:54.092,6.4649,6.46417,1,1.1
30.08.2021 00:06:54.394,6.464930000000001,6.46417,1.5,1.1
30.08.2021 00:06:54.444,6.4649,6.46417,1,1.1
30.08.2021 00:06:56.651,6.464930000000001,6.46417,1.5,1.1
30.08.2021 00:06:56.701,6.4649,6.46417,1,1.1
30.08.2021 00:06:58.939,6.464930000000001,6.46417,1.5,1.1
30.08.2021 00:06:58.990,6.4649,6.46417,1,1.1
30.08.2021 00:06:59.570,6.46492,6.464180000000001,1.5,1.1
30.08.2021 00:06:59.621,6.46492,6.464180000000001,1,1.1
30.08.2021 00:06:59.937,6.464930000000001,6.46417,1.5,1.1
30.08.2021 00:06:59.988,6.464930000000001,6.46414,1.5,1.1
30.08.2021 00:07:02.181,6.46492,6.46415,1.35,1.1
30.08.2021 00:07:02.282,6.46492,6.46415,1.5,1.1
30.08.2021 00:07:02.382,6.46492,6.46405,1.5,1
30.08.2021 00:07:02.433,6.464740000000001,6.46405,1,1
30.08.2021 00:07:02.483,6.46475,6.463990000000001,1.5,1.1
30.08.2021 00:07:02.534,6.46475,6.4639500000000005,1.5,1
30.08.2021 00:07:02.584,6.46475,6.4639500000000005,1.5,1
30.08.2021 00:07:22.210,6.464790000000001,6.46396,1.8,1
30.08.2021 00:07:22.311,6.46472,6.46396,1.3,1
30.08.2021 00:07:22.542,6.4648,6.4639500000000005,1.8,1
30.08.2021 00:07:22.592,6.4648,6.4639500000000005,1.8,1.5
30.08.2021 00:07:22.643,6.464790000000001,6.46396,1,1.5
30.08.2021 00:07:22.739,6.46481,6.4639500000000005,1.5,1.5
30.08.2021 00:07:23.929,6.46478,6.4639500000000005,1.3,1
30.08.2021 00:07:32.188,6.46477,6.46396,1.3,1
30.08.2021 00:07:32.886,6.46477,6.46396,1.3,1
30.08.2021 00:07:50.786,6.464790000000001,6.46396,1.8,1
30.08.2021 00:07:50.841,6.464790000000001,6.46396,1,1
30.08.2021 00:07:50.971,6.46481,6.4639500000000005,1.5,1
30.08.2021 00:07:55.396,6.46477,6.46396,1.3,1
30.08.2021 00:07:56.074,6.464740000000001,6.46396,1.5,1
30.08.2021 00:08:07.223,6.46475,6.4639500000000005,2,1
30.08.2021 00:08:07.323,6.46475,6.46397,1,1
30.08.2021 00:08:07.424,6.46477,6.46397,1.5,1
30.08.2021 00:08:07.816,6.46472,6.464040000000001,1.3,1
30.08.2021 00:08:09.433,6.46472,6.464040000000001,1.3,1
30.08.2021 00:08:09.661,6.46472,6.464040000000001,1.3,1
30.08.2021 00:08:10.681,6.46473,6.46405,1.3,1
30.08.2021 00:08:24.114,6.46473,6.46403,1.3,1
30.08.2021 00:08:24.165,6.464880000000001,6.46403,1.8,1
30.08.2021 00:08:24.215,6.46487,6.46406,1.8,1
30.08.2021 00:08:24.266,6.46487,6.464090000000001,1,1
30.08.2021 00:08:24.381,6.464880000000001,6.464090000000001,1,1
30.08.2021 00:08:24.532,6.4648900000000005,6.4641,1.5,1
30.08.2021 00:08:25.446,6.464790000000001,6.4641,1,1
30.08.2021 00:08:25.499,6.46472,6.46398,1.5,1
30.08.2021 00:08:25.549,6.464700000000001,6.46398,1,1
30.08.2021 00:08:25.650,6.4646300000000005,6.46391,1,1.1
30.08.2021 00:08:25.753,6.4646300000000005,6.46394,1.5,1
30.08.2021 00:08:25.853,6.46476,6.464090000000001,1,1
30.08.2021 00:08:25.954,6.464740000000001,6.4641,1,1
30.08.2021 00:08:26.083,6.46473,6.46405,1.5,1
30.08.2021 00:08:26.184,6.46472,6.464,1.85,1.5
30.08.2021 00:08:27.011,6.464840000000001,6.4641,1.5,1
30.08.2021 00:08:27.249,6.4648,6.4641,1.1,1
30.08.2021 00:08:27.400,6.46478,6.4641,1,1
30.08.2021 00:08:27.532,6.46475,6.46411,1.1,1
30.08.2021 00:08:27.691,6.46472,6.46411,1,1
30.08.2021 00:08:28.447,6.46472,6.4641,1.1,1
30.08.2021 00:08:28.594,6.46473,6.4641,1.5,1
30.08.2021 00:08:28.645,6.46472,6.464090000000001,1.85,1.1
30.08.2021 00:08:29.527,6.46472,6.464080000000001,1.1,1.1
30.08.2021 00:08:29.628,6.46472,6.464090000000001,1.5,1.1
30.08.2021 00:08:30.645,6.46472,6.464080000000001,1.1,1.1
30.08.2021 00:08:31.470,6.46472,6.464090000000001,1.5,1.1
30.08.2021 00:08:32.135,6.46472,6.4641,1.5,1.1
30.08.2021 00:08:32.563,6.46473,6.464090000000001,1,1.1
30.08.2021 00:08:32.614,6.46472,6.4641,1.5,1.1
30.08.2021 00:08:32.808,6.46473,6.46407,1.5,1.1
30.08.2021 00:08:32.866,6.46472,6.464080000000001,1.5,1.1
30.08.2021 00:08:33.017,6.46473,6.46401,1.85,1
30.08.2021 00:08:33.240,6.464700000000001,6.464040000000001,1.1,1
30.08.2021 00:08:33.350,6.46471,6.464040000000001,1.1,1.1
30.08.2021 00:08:33.401,6.46473,6.464040000000001,1.5,1.1
30.08.2021 00:08:33.507,6.46472,6.46414,1.5,1
30.08.2021 00:08:33.608,6.46473,6.464130000000001,1.85,1
30.08.2021 00:08:35.716,6.46473,6.46414,1.85,1.1
30.08.2021 00:08:36.311,6.46473,6.464130000000001,1.85,1
30.08.2021 00:08:37.033,6.46473,6.464090000000001,1.85,1.1
30.08.2021 00:08:38.096,6.46473,6.464130000000001,1.85,1.1
30.08.2021 00:08:43.446,6.46473,6.464090000000001,1.85,1.1
30.08.2021 00:08:43.708,6.46473,6.464130000000001,1.85,1.1
30.08.2021 00:08:44.058,6.46472,6.46417,1.85,1.1
30.08.2021 00:08:46.726,6.46472,6.4642100000000005,1.85,1.1
30.08.2021 00:08:47.674,6.46472,6.464180000000001,1.85,1.1
30.08.2021 00:08:49.609,6.46472,6.4642100000000005,1.85,1.1
30.08.2021 00:08:49.660,6.46473,6.46417,1.85,1.1
30.08.2021 00:08:51.098,6.46472,6.4642100000000005,1.85,1.1
30.08.2021 00:08:51.491,6.46472,6.464180000000001,1.85,1.1
30.08.2021 00:08:52.450,6.46473,6.4642,1.85,1.1
30.08.2021 00:08:52.500,6.46473,6.464180000000001,1.85,1.1
30.08.2021 00:08:53.470,6.46472,6.464230000000001,1.85,1.1
30.08.2021 00:09:06.335,6.46472,6.46426,1.85,1.1
30.08.2021 00:09:08.371,6.46472,6.46426,1.35,1.1
30.08.2021 00:09:08.422,6.46472,6.46429,1.35,1.1
30.08.2021 00:09:08.568,6.46472,6.46429,1.5,1.1
30.08.2021 00:09:08.672,6.46472,6.46429,1,1.1
30.08.2021 00:09:08.773,6.4648200000000005,6.46429,1,1.1
30.08.2021 00:09:08.823,6.464830000000001,6.46431,1,1.1
30.08.2021 00:09:08.943,6.464830000000001,6.46431,1.5,1.1
30.08.2021 00:09:09.228,6.464830000000001,6.46429,1.5,1.1
30.08.2021 00:09:09.278,6.46477,6.46427,1,1.1
30.08.2021 00:09:09.874,6.46477,6.46427,1.5,1.1
30.08.2021 00:09:09.987,6.46478,6.46427,1,1.1
30.08.2021 00:09:10.339,6.46477,6.4642800000000005,1.5,1.1
30.08.2021 00:09:10.978,6.46477,6.4642800000000005,1,1.1
30.08.2021 00:09:11.146,6.46478,6.464300000000001,1,1.1
30.08.2021 00:09:11.509,6.46477,6.46431,1.5,1.1
30.08.2021 00:09:21.370,6.46478,6.464300000000001,1,1.1
30.08.2021 00:09:21.471,6.464880000000001,6.46433,2.22,1.1
30.08.2021 00:09:23.461,6.464880000000001,6.46433,1.35,1.1
30.08.2021 00:09:23.511,6.46472,6.464340000000001,1,1.1
30.08.2021 00:09:23.719,6.46472,6.464340000000001,1.5,1.1
30.08.2021 00:09:25.053,6.46472,6.4642800000000005,1.5,1
30.08.2021 00:09:25.153,6.46473,6.46424,1,1
30.08.2021 00:09:25.401,6.46472,6.464250000000001,1.5,1
30.08.2021 00:09:25.452,6.46473,6.46424,1.35,1
30.08.2021 00:09:25.638,6.46473,6.464230000000001,1,1
30.08.2021 00:09:25.690,6.46472,6.46415,1,1
30.08.2021 00:09:25.917,6.4648,6.464230000000001,1.5,1
30.08.2021 00:09:26.320,6.46472,6.46424,1,1
30.08.2021 00:09:30.934,6.46473,6.46414,1,1
30.08.2021 00:09:31.815,6.464790000000001,6.46407,1.5,1.5
30.08.2021 00:09:31.962,6.46473,6.46406,1,1.5
30.08.2021 00:09:32.220,6.464790000000001,6.46415,1.5,1.1
30.08.2021 00:09:32.546,6.46473,6.46406,1,1.5
30.08.2021 00:09:34.372,6.464790000000001,6.46407,1.5,1.5
30.08.2021 00:09:34.591,6.46472,6.46407,1,1.5
30.08.2021 00:09:37.782,6.464790000000001,6.46407,1.5,1.5
30.08.2021 00:09:37.933,6.4648,6.46414,1.5,1.5
30.08.2021 00:09:38.034,6.464840000000001,6.464340000000001,1.5,1
30.08.2021 00:09:38.165,6.46485,6.464430000000001,1.5,1
30.08.2021 00:09:38.316,6.4648,6.464530000000001,1,1
30.08.2021 00:09:38.609,6.4649,6.464530000000001,1.5,1
30.08.2021 00:09:38.710,6.46485,6.464530000000001,1,1
30.08.2021 00:09:38.799,6.464840000000001,6.464440000000001,1,1.1
30.08.2021 00:09:39.821,6.464840000000001,6.4645,1,1.1
30.08.2021 00:09:40.235,6.46485,6.464530000000001,1,1
30.08.2021 00:09:40.286,6.4649600000000005,6.46454,1,1
30.08.2021 00:09:40.448,6.46485,6.464530000000001,1,1
30.08.2021 00:09:42.235,6.46485,6.4644900000000005,1,1.1
30.08.2021 00:09:42.285,6.4648,6.46446,1,1.1
30.08.2021 00:09:42.395,6.464790000000001,6.464440000000001,1,1.1
30.08.2021 00:09:43.122,6.4648,6.46442,1,1.1
30.08.2021 00:09:44.120,6.464790000000001,6.4644,1,1.1
30.08.2021 00:09:44.221,6.464790000000001,6.46436,1,1.1
30.08.2021 00:09:44.729,6.4648,6.46438,1,1.1
30.08.2021 00:09:48.933,6.4648,6.46433,1,1.1
30.08.2021 00:09:51.514,6.4648,6.4643500000000005,1,1.1
30.08.2021 00:09:51.767,6.464790000000001,6.464340000000001,1,1
30.08.2021 00:09:55.025,6.464790000000001,6.46437,1,1.1
30.08.2021 00:09:55.136,6.464790000000001,6.464440000000001,1,1
30.08.2021 00:09:55.271,6.464790000000001,6.46437,1,1.1
30.08.2021 00:09:55.372,6.464790000000001,6.464340000000001,1,1.1
30.08.2021 00:09:55.750,6.464790000000001,6.4643500000000005,1,1.1
30.08.2021 00:09:56.198,6.4648,6.46433,1,1
30.08.2021 00:10:04.059,6.464790000000001,6.464230000000001,1,1.5
30.08.2021 00:10:04.110,6.464790000000001,6.46454,1,1
30.08.2021 00:10:04.607,6.4648,6.464430000000001,1,1
30.08.2021 00:10:04.960,6.464790000000001,6.4643500000000005,1,1
30.08.2021 00:10:13.435,6.464790000000001,6.464440000000001,1,1
30.08.2021 00:10:14.155,6.464790000000001,6.4643500000000005,1,1
30.08.2021 00:10:14.325,6.4648,6.46446,1,1
30.08.2021 00:10:14.936,6.464790000000001,6.4645,1,1
30.08.2021 00:10:15.260,6.464790000000001,6.464440000000001,1,1
30.08.2021 00:10:16.302,6.464880000000001,6.464430000000001,1,1
30.08.2021 00:10:18.466,6.4648900000000005,6.4645,1.5,1
30.08.2021 00:10:18.600,6.465310000000001,6.464830000000001,1,1
30.08.2021 00:10:18.701,6.46542,6.465050000000001,1,1
30.08.2021 00:10:18.801,6.46542,6.46508,0.75,1
30.08.2021 00:10:18.852,6.46593,6.46508,1,1
30.08.2021 00:10:18.902,6.465800000000001,6.46508,1,1
30.08.2021 00:10:19.002,6.46569,6.4649600000000005,1,1
30.08.2021 00:10:19.094,6.465730000000001,6.4649600000000005,1.5,1
30.08.2021 00:10:19.280,6.46567,6.4649600000000005,1.1,1
30.08.2021 00:10:19.381,6.4656,6.464840000000001,1,1
30.08.2021 00:10:19.470,6.4656400000000005,6.46485,1.5,1
30.08.2021 00:10:20.713,6.4656,6.464840000000001,1.6,1
30.08.2021 00:10:20.764,6.465450000000001,6.464840000000001,1,1
30.08.2021 00:10:20.814,6.46544,6.46473,1,1
30.08.2021 00:10:20.904,6.46552,6.46473,2,1
30.08.2021 00:10:21.005,6.46553,6.46472,2,1
30.08.2021 00:10:22.747,6.4654300000000005,6.464650000000001,1.5,1.5
30.08.2021 00:10:22.924,6.4654300000000005,6.464650000000001,1.5,1.5
30.08.2021 00:10:22.975,6.46535,6.46464,1,1.5
30.08.2021 00:10:23.121,6.4654300000000005,6.464650000000001,1,1.5
30.08.2021 00:10:23.172,6.46534,6.464650000000001,1,1
30.08.2021 00:10:23.225,6.46535,6.4646,1,1
30.08.2021 00:10:23.295,6.46535,6.4645600000000005,1,1.1
30.08.2021 00:10:23.346,6.4654300000000005,6.46457,1.5,1.1
30.08.2021 00:10:23.527,6.4654300000000005,6.46455,1.5,1
30.08.2021 00:10:23.678,6.4654300000000005,6.464580000000001,1.5,1
30.08.2021 00:10:24.134,6.465590000000001,6.464700000000001,1.5,1
30.08.2021 00:10:24.511,6.465590000000001,6.464700000000001,1.5,1
30.08.2021 00:10:24.562,6.4655000000000005,6.46469,1,1
30.08.2021 00:10:24.717,6.465590000000001,6.464700000000001,1.5,1
30.08.2021 00:10:24.767,6.465490000000001,6.464700000000001,1,1
30.08.2021 00:10:24.921,6.46556,6.46469,1.5,1
30.08.2021 00:10:24.972,6.465490000000001,6.464700000000001,1,1
30.08.2021 00:10:25.223,6.465580000000001,6.46469,1.5,1
30.08.2021 00:10:25.340,6.465580000000001,6.46469,1.5,1
30.08.2021 00:10:44.599,6.46556,6.464700000000001,1.1,1
30.08.2021 00:10:44.650,6.46567,6.46466,1.5,1
30.08.2021 00:10:44.765,6.4656,6.4646300000000005,1,1.5
30.08.2021 00:10:44.816,6.4656,6.464650000000001,1,1
30.08.2021 00:10:44.866,6.46567,6.46464,1.5,1
30.08.2021 00:10:44.967,6.46556,6.46464,1.5,1
30.08.2021 00:10:45.068,6.46555,6.4645600000000005,1.5,1
30.08.2021 00:10:45.119,6.465490000000001,6.46454,1,1
30.08.2021 00:10:45.169,6.46546,6.46454,1,1.5
30.08.2021 00:10:45.297,6.46546,6.46454,1.5,1.5
30.08.2021 00:10:45.496,6.46546,6.4645600000000005,1.5,1
30.08.2021 00:10:45.857,6.46547,6.46455,1.5,1
30.08.2021 00:10:45.908,6.465450000000001,6.4646,1,1
30.08.2021 00:10:46.064,6.46546,6.46461,1.5,1
30.08.2021 00:10:46.114,6.46544,6.46461,1,1
30.08.2021 00:10:46.287,6.46546,6.46461,1.5,1
30.08.2021 00:10:46.338,6.46544,6.46461,1,1
30.08.2021 00:10:46.493,6.46546,6.46461,1.5,1
30.08.2021 00:10:46.543,6.465450000000001,6.4646,1,1
30.08.2021 00:10:46.787,6.46547,6.4646,1.5,1
30.08.2021 00:10:46.837,6.465450000000001,6.4646,1,1
30.08.2021 00:10:47.001,6.46547,6.4646,1.5,1
30.08.2021 00:10:47.051,6.46544,6.46461,1,1
30.08.2021 00:10:47.607,6.46547,6.4646,1.5,1
30.08.2021 00:10:47.657,6.46546,6.46461,1,1
30.08.2021 00:10:47.708,6.465490000000001,6.46466,1,1.1
30.08.2021 00:10:47.758,6.46556,6.464650000000001,1,1.1
30.08.2021 00:10:47.859,6.4656,6.464650000000001,1,1.1
30.08.2021 00:10:48.007,6.46566,6.46472,1.5,1.1
30.08.2021 00:10:48.057,6.4656,6.46471,1,1.1
30.08.2021 00:10:48.196,6.46566,6.46472,1.5,1.1
30.08.2021 00:10:48.246,6.465590000000001,6.46472,1,1.1
30.08.2021 00:10:48.407,6.46566,6.46472,2,1.1
30.08.2021 00:10:48.660,6.465540000000001,6.46471,1.5,1.1
30.08.2021 00:10:48.710,6.465540000000001,6.46471,1,1.1
30.08.2021 00:10:49.126,6.465540000000001,6.46471,1.5,1.1
30.08.2021 00:10:49.176,6.465540000000001,6.46471,1.12,1.1
30.08.2021 00:10:49.337,6.465540000000001,6.46469,1,1.1
30.08.2021 00:10:49.509,6.465540000000001,6.46469,1.5,1.1
30.08.2021 00:10:49.560,6.465540000000001,6.46469,1,1.1
30.08.2021 00:10:49.717,6.465540000000001,6.46469,1.5,1.1
30.08.2021 00:10:49.768,6.46553,6.464700000000001,1,1.1
30.08.2021 00:10:50.127,6.46553,6.464700000000001,1.5,1.1
30.08.2021 00:10:50.177,6.465540000000001,6.46469,1,1.1
30.08.2021 00:10:50.277,6.46553,6.46464,1,1
30.08.2021 00:10:50.465,6.465540000000001,6.4646300000000005,1.5,1
30.08.2021 00:10:50.565,6.46553,6.46464,1.5,1
30.08.2021 00:10:50.668,6.46553,6.46464,1.5,1
30.08.2021 00:10:50.778,6.465540000000001,6.4646300000000005,1.5,1
30.08.2021 00:10:50.976,6.46553,6.46464,1.5,1
30.08.2021 00:10:51.077,6.465540000000001,6.4646300000000005,1.5,1
30.08.2021 00:10:51.127,6.465540000000001,6.464650000000001,1.5,1.1
30.08.2021 00:10:51.177,6.46553,6.46466,1.5,1.1
30.08.2021 00:10:51.278,6.465540000000001,6.464650000000001,1.12,1.1
30.08.2021 00:10:51.809,6.465540000000001,6.464650000000001,1.5,1.1
30.08.2021 00:10:51.859,6.46553,6.46466,1.12,1.1
30.08.2021 00:10:51.960,6.465590000000001,6.464700000000001,1,1.1
30.08.2021 00:10:52.091,6.46567,6.46469,1.5,1.1
30.08.2021 00:10:52.192,6.46567,6.46475,1.5,1.1
30.08.2021 00:10:52.919,6.4657800000000005,6.464790000000001,1.5,1.1
30.08.2021 00:10:53.126,6.46579,6.46478,1.5,1.1
30.08.2021 00:10:54.406,6.46567,6.464790000000001,1.1,1.1
30.08.2021 00:10:54.513,6.46579,6.46478,1.5,1.1
30.08.2021 00:10:54.960,6.46579,6.46478,1.5,1.1
30.08.2021 00:10:55.010,6.46579,6.46478,1.5,1.1
30.08.2021 00:10:55.061,6.4657800000000005,6.464790000000001,1.5,1.1
30.08.2021 00:10:55.406,6.4657800000000005,6.464790000000001,1.5,1.1
30.08.2021 00:10:55.457,6.46579,6.46478,1.5,1.1
30.08.2021 00:10:55.765,6.4657800000000005,6.464790000000001,1.5,1.1
30.08.2021 00:10:55.816,6.46579,6.46478,1.5,1.1
30.08.2021 00:10:55.921,6.46574,6.46478,1.5,1.1
30.08.2021 00:10:55.972,6.46574,6.46478,1.5,1.1
30.08.2021 00:10:56.122,6.46562,6.464790000000001,1.5,1.1
30.08.2021 00:10:56.226,6.46555,6.46478,1,1.1
30.08.2021 00:10:56.331,6.46562,6.464790000000001,1.5,1.1
30.08.2021 00:10:56.381,6.465540000000001,6.464790000000001,1,1.1
30.08.2021 00:10:56.534,6.46562,6.464790000000001,1.5,1.1
30.08.2021 00:10:56.584,6.46555,6.46478,1,1.1
30.08.2021 00:10:56.788,6.465630000000001,6.46478,1.5,1.1
30.08.2021 00:10:56.838,6.465540000000001,6.464740000000001,1,1.1
30.08.2021 00:10:57.005,6.465630000000001,6.46473,1.5,1.1
30.08.2021 00:10:57.055,6.465540000000001,6.464740000000001,1,1.1
30.08.2021 00:10:58.102,6.465630000000001,6.46473,1.5,1.1
30.08.2021 00:10:58.153,6.465540000000001,6.464740000000001,1,1.1
30.08.2021 00:10:58.290,6.465630000000001,6.46473,1.5,1.1
30.08.2021 00:10:58.340,6.46555,6.46473,1,1.1
30.08.2021 00:10:58.882,6.465630000000001,6.46473,1.5,1.1
30.08.2021 00:10:58.933,6.46555,6.46473,1,1.1
30.08.2021 00:10:59.126,6.465630000000001,6.46473,1.5,1.1
30.08.2021 00:10:59.177,6.46555,6.46473,1.6,1.1
30.08.2021 00:10:59.235,6.46555,6.46473,1,1.1
30.08.2021 00:10:59.474,6.465630000000001,6.46473,1.5,1.1
30.08.2021 00:10:59.525,6.46555,6.46473,1,1.1
30.08.2021 00:11:00.127,6.46562,6.464740000000001,1.5,1.1
30.08.2021 00:11:00.178,6.465540000000001,6.464740000000001,1,1.1
30.08.2021 00:11:00.328,6.46562,6.464740000000001,1.5,1.1
30.08.2021 00:11:00.378,6.46555,6.46473,1,1.1
30.08.2021 00:11:01.126,6.465630000000001,6.46473,1.5,1.1
30.08.2021 00:11:01.177,6.46555,6.46473,1,1.1
30.08.2021 00:11:01.335,6.465630000000001,6.46473,1.5,1.1
30.08.2021 00:11:01.386,6.46555,6.46473,1,1.1
30.08.2021 00:11:01.940,6.46562,6.464740000000001,1.5,1.1
30.08.2021 00:11:01.991,6.465540000000001,6.464740000000001,1,1.1
30.08.2021 00:11:02.156,6.465630000000001,6.46473,1.5,1.1
30.08.2021 00:11:02.207,6.465540000000001,6.464740000000001,1,1.1
30.08.2021 00:11:03.129,6.46562,6.464740000000001,1.5,1.1
30.08.2021 00:11:03.180,6.465540000000001,6.464740000000001,1,1.1
30.08.2021 00:11:03.406,6.465630000000001,6.46473,1.5,1.1
30.08.2021 00:11:03.456,6.46555,6.46473,1,1.1
30.08.2021 00:11:04.182,6.465630000000001,6.46473,1.5,1.1
30.08.2021 00:11:04.232,6.46555,6.46473,1,1.1
30.08.2021 00:11:04.394,6.465630000000001,6.46473,1.5,1.1
30.08.2021 00:11:04.445,6.46555,6.46473,1,1.1
30.08.2021 00:11:04.594,6.465630000000001,6.46473,1.5,1.1
30.08.2021 00:11:04.645,6.46555,6.46473,1,1.1
30.08.2021 00:11:04.791,6.46562,6.464740000000001,1.5,1.1
30.08.2021 00:11:04.841,6.465540000000001,6.464740000000001,1,1.1
30.08.2021 00:11:05.206,6.46562,6.464740000000001,1.5,1.1
30.08.2021 00:11:05.256,6.465540000000001,6.464740000000001,1,1.1
30.08.2021 00:11:05.406,6.46562,6.464740000000001,1.5,1.1
30.08.2021 00:11:05.456,6.46555,6.46473,1,1.1
30.08.2021 00:11:05.601,6.465630000000001,6.46473,1.5,1.1
30.08.2021 00:11:05.651,6.465540000000001,6.464740000000001,1,1.1
30.08.2021 00:11:06.128,6.465630000000001,6.46473,1.5,1.1
30.08.2021 00:11:06.179,6.465540000000001,6.464740000000001,1,1.1
30.08.2021 00:11:06.336,6.465630000000001,6.46473,1.5,1.1
30.08.2021 00:11:06.386,6.465540000000001,6.464740000000001,1,1.1
30.08.2021 00:11:07.208,6.46562,6.464740000000001,1.5,1.1
30.08.2021 00:11:07.258,6.465540000000001,6.464740000000001,1,1.1
30.08.2021 00:11:07.765,6.465540000000001,6.46466,1,1
30.08.2021 00:11:07.816,6.46553,6.464650000000001,1,1
30.08.2021 00:11:07.866,6.46555,6.4646300000000005,1,1.57
30.08.2021 00:11:08.053,6.46556,6.46464,1.5,1.57
30.08.2021 00:11:08.103,6.465540000000001,6.46464,1,1.57
30.08.2021 00:11:08.257,6.46557,6.4646300000000005,1.5,1
30.08.2021 00:11:08.308,6.465540000000001,6.46464,1,1
30.08.2021 00:11:08.435,6.46556,6.46471,1,1
30.08.2021 00:11:08.485,6.46577,6.464740000000001,1.5,1
30.08.2021 00:11:08.536,6.46577,6.464740000000001,1.5,1
30.08.2021 00:11:08.637,6.465680000000001,6.46478,1.1,1
30.08.2021 00:11:09.347,6.46575,6.46476,1.5,1.1
30.08.2021 00:11:09.397,6.46575,6.4648,1.5,1.1
30.08.2021 00:11:09.465,6.46575,6.46475,1.5,1
30.08.2021 00:11:09.566,6.46565,6.464740000000001,1,1
30.08.2021 00:11:09.666,6.4656,6.464740000000001,1,1
30.08.2021 00:11:09.811,6.46566,6.464740000000001,1.5,1
30.08.2021 00:11:09.911,6.465580000000001,6.464700000000001,1.1,1
30.08.2021 00:11:09.962,6.46557,6.46466,1.1,1
30.08.2021 00:11:10.012,6.46566,6.46469,1.5,1
30.08.2021 00:11:10.255,6.46566,6.464700000000001,1.5,1.1
30.08.2021 00:11:10.557,6.46579,6.46495,1.5,1
30.08.2021 00:11:10.607,6.46572,6.46492,1.1,1
30.08.2021 00:11:10.842,6.46593,6.464910000000001,1.62,1
30.08.2021 00:11:10.954,6.46583,6.464910000000001,1,1
30.08.2021 00:11:11.058,6.465890000000001,6.46492,1.5,1
30.08.2021 00:11:11.108,6.465890000000001,6.464840000000001,1.5,1
30.08.2021 00:11:11.159,6.46569,6.464840000000001,1,1
30.08.2021 00:11:11.298,6.4656,6.4648,1,1.1
30.08.2021 00:11:11.532,6.46569,6.4648,1.5,1.1
30.08.2021 00:11:11.582,6.4656,6.464840000000001,1,1.1
30.08.2021 00:11:11.652,6.465680000000001,6.46485,1,1.1
30.08.2021 00:11:11.753,6.4657,6.464840000000001,1,1.1
30.08.2021 00:11:11.804,6.46572,6.464880000000001,1,1.1
30.08.2021 00:11:11.854,6.46587,6.46487,1.5,1.1
30.08.2021 00:11:11.957,6.465800000000001,6.46487,1,1.1
30.08.2021 00:11:12.062,6.46592,6.464880000000001,1.5,1.1
30.08.2021 00:11:12.163,6.46593,6.46487,1.5,1.1
30.08.2021 00:11:12.213,6.465980000000001,6.46495,1,1
30.08.2021 00:11:12.314,6.46583,6.46495,1,1
30.08.2021 00:11:12.415,6.465800000000001,6.4648200000000005,1.5,1
30.08.2021 00:11:12.516,6.4657100000000005,6.46471,1.5,1.57
30.08.2021 00:11:12.566,6.4657100000000005,6.46471,1.5,1.57
30.08.2021 00:11:12.667,6.46569,6.46468,1.5,1.1
30.08.2021 00:11:12.768,6.465580000000001,6.46471,1.5,1.1
30.08.2021 00:11:12.854,6.465590000000001,6.464700000000001,1.5,1.1
30.08.2021 00:11:12.967,6.465580000000001,6.464740000000001,1.5,1.1
30.08.2021 00:11:13.068,6.4656,6.46475,1,1
30.08.2021 00:11:13.171,6.46567,6.46495,1,1
30.08.2021 00:11:13.222,6.46572,6.464980000000001,1,1
30.08.2021 00:11:13.322,6.46591,6.46497,1,1
30.08.2021 00:11:14.161,6.46586,6.464980000000001,1.1,1
30.08.2021 00:11:14.211,6.46593,6.46497,1,1
30.08.2021 00:11:14.447,6.46593,6.46497,1,1
30.08.2021 00:11:14.568,6.46592,6.46499,1,1.1
30.08.2021 00:11:14.713,6.46592,6.46499,1.12,1.1
30.08.2021 00:11:15.057,6.46592,6.46499,1,1.1
30.08.2021 00:11:15.107,6.46592,6.46499,1.12,1.1
30.08.2021 00:11:15.272,6.46592,6.46499,1,1.1
30.08.2021 00:11:16.025,6.46592,6.46504,1,1.1
30.08.2021 00:11:16.769,6.46592,6.464980000000001,1,1
30.08.2021 00:11:18.523,6.46592,6.464980000000001,1,1
30.08.2021 00:11:18.620,6.46593,6.46497,1,1
30.08.2021 00:11:23.322,6.46593,6.46497,1.6,1
30.08.2021 00:11:23.473,6.46593,6.46497,1,1
30.08.2021 00:11:23.575,6.465890000000001,6.464980000000001,1.5,1
30.08.2021 00:11:23.676,6.4659,6.46485,1.5,1
30.08.2021 00:11:23.928,6.46586,6.46486,1.5,1
30.08.2021 00:11:23.990,6.46586,6.46486,1.5,1
30.08.2021 00:11:24.041,6.46587,6.464930000000001,1.5,1
30.08.2021 00:11:24.182,6.46593,6.465090000000001,1,1
30.08.2021 00:11:24.386,6.46597,6.46506,1,1
30.08.2021 00:11:24.545,6.46597,6.4650300000000005,1,1
30.08.2021 00:11:24.646,6.46592,6.4650300000000005,1,1
30.08.2021 00:11:24.767,6.46593,6.46502,1,1
30.08.2021 00:11:24.817,6.46593,6.46502,1,1
30.08.2021 00:11:24.918,6.46593,6.464910000000001,1.62,1
30.08.2021 00:11:25.172,6.465890000000001,6.464910000000001,1.5,1
30.08.2021 00:11:26.466,6.46588,6.464910000000001,1.1,1
30.08.2021 00:11:28.065,6.465890000000001,6.464910000000001,1.5,1
30.08.2021 00:11:35.625,6.46588,6.46492,1.5,1
30.08.2021 00:11:35.726,6.465890000000001,6.464910000000001,1.5,1
30.08.2021 00:11:35.901,6.465800000000001,6.46494,1.5,1
30.08.2021 00:11:36.000,6.465800000000001,6.46494,1.5,1
30.08.2021 00:11:36.122,6.46583,6.464930000000001,1.1,1
30.08.2021 00:11:36.172,6.46587,6.465180000000001,1.5,1
30.08.2021 00:11:36.273,6.46592,6.46517,1,1
30.08.2021 00:11:37.043,6.465990000000001,6.46517,1.5,1
30.08.2021 00:11:37.194,6.46597,6.465050000000001,1.5,1
30.08.2021 00:11:37.295,6.465940000000001,6.465090000000001,1,1
30.08.2021 00:11:37.532,6.46596,6.465090000000001,1.87,1
30.08.2021 00:11:37.583,6.46597,6.46521,1.5,1
30.08.2021 00:11:38.201,6.46593,6.46522,1,1
30.08.2021 00:11:38.625,6.46592,6.4651000000000005,1.2,1
30.08.2021 00:11:38.766,6.46591,6.465090000000001,1,1
30.08.2021 00:11:38.967,6.46593,6.46513,1,1
30.08.2021 00:11:39.206,6.46593,6.465140000000001,1.5,1
30.08.2021 00:11:39.300,6.46593,6.465140000000001,1.5,1
30.08.2021 00:11:39.451,6.46595,6.465140000000001,1,1
30.08.2021 00:11:39.699,6.46593,6.46513,1,1
30.08.2021 00:11:39.800,6.46593,6.46513,1,1
30.08.2021 00:11:40.076,6.4658500000000005,6.465140000000001,1.1,1
30.08.2021 00:11:40.267,6.46586,6.4652,1.1,1
30.08.2021 00:11:40.317,6.4658500000000005,6.46513,1.1,1
30.08.2021 00:11:40.368,6.465890000000001,6.46513,1.1,1
30.08.2021 00:11:40.468,6.465980000000001,6.465140000000001,1.57,1
30.08.2021 00:11:40.519,6.465980000000001,6.4652,1.57,1
30.08.2021 00:11:40.670,6.465980000000001,6.46526,1.1,1
30.08.2021 00:11:40.820,6.465940000000001,6.46527,1,1
30.08.2021 00:11:40.871,6.46587,6.465140000000001,1,1
30.08.2021 00:11:41.076,6.46582,6.46501,1,1.1
30.08.2021 00:11:41.239,6.46582,6.46501,1.5,1.1
30.08.2021 00:11:41.641,6.46581,6.46506,1.5,1.1
30.08.2021 00:11:41.791,6.46582,6.46501,1.5,1.1
30.08.2021 00:11:41.996,6.46581,6.4650300000000005,1.5,1
30.08.2021 00:11:42.047,6.46581,6.4650300000000005,1.5,1
30.08.2021 00:11:42.155,6.46577,6.46502,1.5,1
30.08.2021 00:11:42.256,6.46556,6.46478,1,1
30.08.2021 00:11:42.489,6.465450000000001,6.46475,1,1
30.08.2021 00:11:43.390,6.46544,6.464790000000001,1,1.1
30.08.2021 00:11:43.440,6.46544,6.4646300000000005,1,1
30.08.2021 00:11:43.591,6.465330000000001,6.46455,1,1
30.08.2021 00:11:43.755,6.465330000000001,6.46451,1,1
30.08.2021 00:11:43.806,6.465280000000001,6.46452,1.5,1
30.08.2021 00:11:43.906,6.46506,6.464300000000001,1,1
30.08.2021 00:11:43.957,6.464930000000001,6.464300000000001,1,1
30.08.2021 00:11:44.078,6.46492,6.46429,1,1
30.08.2021 00:11:44.192,6.4649600000000005,6.46429,1.5,1
30.08.2021 00:11:44.576,6.46495,6.464160000000001,1.5,1
30.08.2021 00:11:44.958,6.46495,6.46426,1,1
30.08.2021 00:11:45.108,6.46516,6.464390000000001,1,1.5
30.08.2021 00:11:45.194,6.46525,6.4644,1.5,1.5
30.08.2021 00:11:45.326,6.46525,6.4644,2,1.5
30.08.2021 00:11:45.639,6.46525,6.4644,1.5,1.5
30.08.2021 00:11:49.643,6.46525,6.464390000000001,1.6,1.5
30.08.2021 00:11:49.748,6.4652,6.464390000000001,1,1.5
30.08.2021 00:11:54.644,6.4652,6.464390000000001,1.5,1.5
30.08.2021 00:11:59.022,6.465180000000001,6.464390000000001,1.1,1.5
30.08.2021 00:11:59.486,6.465180000000001,6.464390000000001,1.1,1.5
30.08.2021 00:12:09.378,6.464980000000001,6.464390000000001,1,1.5
30.08.2021 00:12:09.428,6.465140000000001,6.4642800000000005,1,1.1
30.08.2021 00:12:09.479,6.46494,6.464300000000001,1,1.1
30.08.2021 00:12:09.630,6.46494,6.46429,1,1.1
30.08.2021 00:12:09.766,6.46508,6.46429,1.5,1.1
30.08.2021 00:12:09.867,6.46487,6.46432,1.1,1.1
30.08.2021 00:12:09.917,6.464910000000001,6.464300000000001,1.1,1.1
30.08.2021 00:12:09.968,6.46507,6.464300000000001,1.5,1.1
30.08.2021 00:12:10.165,6.464930000000001,6.46432,1.1,1.1
30.08.2021 00:12:10.321,6.46494,6.46433,1.6,1.1
30.08.2021 00:12:10.371,6.46494,6.46433,1,1.1
30.08.2021 00:12:10.472,6.464930000000001,6.464340000000001,1.1,1.1
30.08.2021 00:12:10.523,6.46507,6.464340000000001,1.5,1.1
30.08.2021 00:12:10.573,6.464930000000001,6.464340000000001,1.7,1.1
30.08.2021 00:12:10.728,6.464930000000001,6.464340000000001,1.1,1.1
30.08.2021 00:12:10.778,6.46492,6.46433,1,1.1
30.08.2021 00:12:10.879,6.4648,6.46431,1,1.1
30.08.2021 00:12:10.993,6.4648,6.4642800000000005,1.5,1.1
30.08.2021 00:12:11.341,6.464790000000001,6.4642800000000005,1.5,1.1
30.08.2021 00:12:11.490,6.46472,6.46424,1,1.1
30.08.2021 00:12:11.771,6.46473,6.46422,1,1.1
30.08.2021 00:12:11.871,6.46478,6.46422,1.2,1.1
30.08.2021 00:12:12.013,6.46477,6.464230000000001,1,1.1
30.08.2021 00:12:12.316,6.46477,6.464230000000001,1.2,1.1
30.08.2021 00:12:12.367,6.46478,6.46422,1.6,1.1
30.08.2021 00:12:13.062,6.46472,6.464230000000001,1,1.1
30.08.2021 00:12:13.113,6.46469,6.46415,1.1,1.1
30.08.2021 00:12:13.274,6.46468,6.4641,1,1.1
30.08.2021 00:12:13.340,6.46469,6.46406,1.1,1.1
30.08.2021 00:12:13.391,6.4644900000000005,6.46403,1,1
30.08.2021 00:12:13.491,6.464440000000001,6.4638100000000005,1,1
30.08.2021 00:12:13.628,6.4644900000000005,6.4638,1,1
30.08.2021 00:12:13.820,6.46447,6.4638100000000005,1.1,1
30.08.2021 00:12:13.870,6.4644900000000005,6.4638,1.5,1
30.08.2021 00:12:13.920,6.464480000000001,6.4638,1.27,1
30.08.2021 00:12:13.976,6.46447,6.4638100000000005,1.1,1.4
30.08.2021 00:12:14.027,6.4645,6.4638,1,1.4
30.08.2021 00:12:14.313,6.464530000000001,6.463830000000001,1.1,1.5
30.08.2021 00:12:14.514,6.464530000000001,6.463830000000001,1.1,1.1
30.08.2021 00:12:14.565,6.46446,6.463830000000001,1,1.1
30.08.2021 00:12:14.786,6.464480000000001,6.46385,1.1,1.1
30.08.2021 00:12:14.990,6.46451,6.46393,1.1,1.1
30.08.2021 00:12:15.091,6.464530000000001,6.46396,1.1,1.1
30.08.2021 00:12:15.250,6.46457,6.46398,1.1,1.1
30.08.2021 00:12:15.571,6.46457,6.46398,1.6,1.1
30.08.2021 00:12:15.929,6.464580000000001,6.464,1.6,1.1
30.08.2021 00:12:16.189,6.464530000000001,6.463990000000001,1,1.1
30.08.2021 00:12:21.925,6.46457,6.464,1.6,1.1
30.08.2021 00:12:22.036,6.46457,6.46401,1.1,1.1
30.08.2021 00:12:22.288,6.464580000000001,6.46403,1.1,1.1
30.08.2021 00:12:23.436,6.46455,6.464040000000001,1.1,1.1
30.08.2021 00:12:24.997,6.4645600000000005,6.46406,1.1,1.1
30.08.2021 00:12:27.000,6.464530000000001,6.46406,1.1,1.1
30.08.2021 00:12:27.794,6.46454,6.46403,1.1,1.1
30.08.2021 00:12:29.784,6.46459,6.464,1,1
30.08.2021 00:12:29.885,6.46462,6.46394,1,1.1
30.08.2021 00:12:32.430,6.46462,6.46392,1,1.1
30.08.2021 00:12:36.887,6.4646,6.46393,1,1.1
30.08.2021 00:12:37.009,6.46473,6.4639500000000005,1.5,1.1
30.08.2021 00:12:37.256,6.4645600000000005,6.46402,1,1.1
30.08.2021 00:12:38.415,6.4645600000000005,6.464080000000001,1,1.1
30.08.2021 00:12:38.841,6.46466,6.464080000000001,1,1.1
30.08.2021 00:12:40.825,6.464650000000001,6.46407,1,1.1
30.08.2021 00:12:47.083,6.464650000000001,6.4641,1,1.1
30.08.2021 00:12:47.952,6.464650000000001,6.464080000000001,1,1.1
30.08.2021 00:12:48.034,6.464650000000001,6.46406,1,1.1
30.08.2021 00:12:48.085,6.46478,6.464040000000001,1.5,1
30.08.2021 00:12:48.135,6.46459,6.46405,1,1
30.08.2021 00:12:48.185,6.4646,6.463990000000001,1,1.1
30.08.2021 00:12:48.236,6.4645600000000005,6.46396,1,1
30.08.2021 00:12:48.287,6.46462,6.46391,1.5,1
30.08.2021 00:12:48.457,6.46452,6.46391,1,1
30.08.2021 00:12:48.623,6.4646,6.463830000000001,1.6,1.5
30.08.2021 00:12:48.724,6.464650000000001,6.46397,1.1,1
30.08.2021 00:12:48.774,6.46466,6.464080000000001,1,1
30.08.2021 00:12:48.824,6.46475,6.464040000000001,1,1
30.08.2021 00:12:48.925,6.46485,6.46405,1.7,1
30.08.2021 00:12:49.097,6.464790000000001,6.46397,1.5,1.5
30.08.2021 00:12:49.232,6.46476,6.46397,1,1.5
30.08.2021 00:12:49.282,6.46477,6.46401,1,1.1
30.08.2021 00:12:49.470,6.464790000000001,6.46406,1,1.1
30.08.2021 00:12:49.601,6.46478,6.46405,1.1,1.1
30.08.2021 00:12:49.870,6.464790000000001,6.4641,1,1.1
30.08.2021 00:12:50.324,6.46477,6.46407,1,1.1
30.08.2021 00:12:50.391,6.46471,6.46402,1,1.1
30.08.2021 00:12:50.607,6.464700000000001,6.46403,1.5,1.1
30.08.2021 00:12:50.657,6.46471,6.464,1.5,1.1
30.08.2021 00:12:50.780,6.46466,6.46401,1,1.1
30.08.2021 00:12:50.884,6.46468,6.46398,1,1.1
30.08.2021 00:12:52.382,6.46466,6.46402,1.1,1.1
30.08.2021 00:13:00.285,6.46468,6.46405,1,1.1
30.08.2021 00:13:01.447,6.46468,6.46407,1,1.1
30.08.2021 00:13:01.548,6.46472,6.464080000000001,1.6,1.1
30.08.2021 00:13:01.960,6.464740000000001,6.46407,1.5,1.1
30.08.2021 00:13:02.010,6.46468,6.46406,1,1.1
30.08.2021 00:13:05.707,6.46468,6.46405,1,1
30.08.2021 00:13:06.010,6.46468,6.46407,1,1.1
30.08.2021 00:13:06.390,6.46467,6.46406,1,1
30.08.2021 00:13:07.334,6.46468,6.464040000000001,1,1.1
30.08.2021 00:13:08.961,6.46468,6.46407,1,1.1
30.08.2021 00:13:14.697,6.46467,6.464080000000001,1.2,1
30.08.2021 00:13:14.798,6.46469,6.464080000000001,1.5,1
30.08.2021 00:13:16.966,6.46466,6.46403,1,1
30.08.2021 00:13:21.516,6.464650000000001,6.46405,1,1.1
30.08.2021 00:13:21.566,6.464650000000001,6.464080000000001,1,1
30.08.2021 00:13:27.281,6.46462,6.464080000000001,1,1
30.08.2021 00:13:27.400,6.464700000000001,6.46407,1.5,1
30.08.2021 00:13:28.413,6.46462,6.464080000000001,1,1
30.08.2021 00:13:28.555,6.464650000000001,6.46407,1.5,1
30.08.2021 00:13:28.810,6.46462,6.464080000000001,1,1
30.08.2021 00:13:29.464,6.46464,6.464080000000001,1.5,1
30.08.2021 00:13:29.604,6.46462,6.464080000000001,1,1
30.08.2021 00:13:29.654,6.464650000000001,6.46403,1.5,1
30.08.2021 00:13:29.806,6.46462,6.464040000000001,1,1
30.08.2021 00:13:30.627,6.46464,6.464040000000001,1.5,1
30.08.2021 00:13:30.829,6.4646300000000005,6.46403,1,1
30.08.2021 00:13:31.686,6.46464,6.464040000000001,1.5,1
30.08.2021 00:13:32.000,6.4646300000000005,6.46403,1,1
30.08.2021 00:13:32.138,6.46464,6.464040000000001,1.5,1
30.08.2021 00:13:33.124,6.4646300000000005,6.46403,1,1
30.08.2021 00:13:33.465,6.464650000000001,6.46403,1.5,1
30.08.2021 00:13:34.127,6.46462,6.464040000000001,1,1
30.08.2021 00:13:34.413,6.464650000000001,6.46397,1.5,1
30.08.2021 00:13:35.417,6.46462,6.46398,1,1
30.08.2021 00:13:35.468,6.464650000000001,6.46397,1.5,1
30.08.2021 00:13:36.128,6.46462,6.46398,1,1
30.08.2021 00:13:36.179,6.4646,6.46397,1,1
30.08.2021 00:13:36.414,6.4646300000000005,6.46397,1,1
30.08.2021 00:13:37.553,6.46457,6.46398,1.1,1
30.08.2021 00:13:37.603,6.46455,6.46397,1,1
30.08.2021 00:13:37.751,6.46464,6.46398,1.5,1
30.08.2021 00:13:37.802,6.46455,6.46397,1,1
30.08.2021 00:13:37.974,6.46475,6.46397,1.5,1
30.08.2021 00:13:38.024,6.46455,6.46397,1,1
30.08.2021 00:13:38.241,6.46454,6.46394,1,1
30.08.2021 00:13:38.806,6.4646300000000005,6.46393,1.62,1
30.08.2021 00:13:38.915,6.46454,6.46394,1,1
30.08.2021 00:13:39.034,6.4646300000000005,6.46393,1.62,1
30.08.2021 00:13:39.085,6.46455,6.46393,1,1
30.08.2021 00:13:39.415,6.4646300000000005,6.46393,1.62,1
30.08.2021 00:13:39.466,6.46454,6.46394,1,1
30.08.2021 00:13:40.104,6.46462,6.46394,1.62,1
30.08.2021 00:13:40.155,6.46455,6.46393,1,1
30.08.2021 00:13:40.509,6.46462,6.46394,1.62,1
30.08.2021 00:13:40.559,6.46455,6.46393,1,1
30.08.2021 00:13:41.137,6.4646300000000005,6.46393,1.62,1
30.08.2021 00:13:41.187,6.46454,6.46387,1,1
30.08.2021 00:13:41.294,6.46455,6.46385,1,1
30.08.2021 00:13:41.522,6.4646300000000005,6.46385,1.62,1
30.08.2021 00:13:41.977,6.46452,6.46394,1.1,1
30.08.2021 00:13:42.101,6.46454,6.46394,1.6,1
30.08.2021 00:13:42.201,6.46454,6.46394,1,1
30.08.2021 00:13:42.306,6.46462,6.46394,1,1
30.08.2021 00:13:42.357,6.46455,6.46393,1,1
30.08.2021 00:13:42.494,6.4646300000000005,6.46393,1,1
30.08.2021 00:13:42.544,6.46454,6.46394,1,1
30.08.2021 00:13:43.083,6.4646300000000005,6.46393,1,1
30.08.2021 00:13:43.134,6.46454,6.46394,1,1
30.08.2021 00:13:43.482,6.46462,6.46394,1,1
30.08.2021 00:13:43.532,6.46454,6.46394,1,1
30.08.2021 00:13:44.137,6.4646300000000005,6.46393,1,1
30.08.2021 00:13:44.188,6.46454,6.46394,1,1
30.08.2021 00:13:44.616,6.46454,6.46396,1,1.1
30.08.2021 00:13:45.137,6.46462,6.46396,1,1.1
30.08.2021 00:13:45.187,6.46454,6.46394,1,1
30.08.2021 00:13:45.904,6.46462,6.46394,1,1
30.08.2021 00:13:45.955,6.46455,6.46393,1,1
30.08.2021 00:13:46.140,6.46462,6.46394,1,1
30.08.2021 00:13:46.190,6.46455,6.46393,1,1
30.08.2021 00:13:46.474,6.4646300000000005,6.46393,1,1
30.08.2021 00:13:46.526,6.46455,6.46393,1,1
30.08.2021 00:13:46.979,6.46454,6.46393,1,1.1
30.08.2021 00:13:47.137,6.4645600000000005,6.46393,1.5,1.1
30.08.2021 00:13:53.664,6.46452,6.46394,1.1,1
30.08.2021 00:13:56.705,6.464530000000001,6.46394,1.1,1
30.08.2021 00:13:56.806,6.46481,6.46417,1.6,1
30.08.2021 00:13:56.856,6.464650000000001,6.46415,1.6,1
30.08.2021 00:13:56.958,6.46462,6.464160000000001,1,1
30.08.2021 00:14:03.663,6.4646300000000005,6.464130000000001,1.6,1
30.08.2021 00:14:03.717,6.46462,6.46414,1.1,1
30.08.2021 00:14:03.767,6.46459,6.46414,1,1
30.08.2021 00:14:03.946,6.4646300000000005,6.464130000000001,1,1
30.08.2021 00:14:03.996,6.46459,6.46414,1,1
30.08.2021 00:14:04.137,6.4646,6.46405,1,1
30.08.2021 00:14:04.187,6.46459,6.46414,1,1
30.08.2021 00:14:04.368,6.4646300000000005,6.464130000000001,1,1
30.08.2021 00:14:04.418,6.46459,6.46414,1,1
30.08.2021 00:14:04.623,6.46469,6.46414,1.5,1
30.08.2021 00:14:04.674,6.46459,6.46414,1,1
30.08.2021 00:14:04.819,6.46469,6.46406,1.5,1
30.08.2021 00:14:04.869,6.4646,6.464130000000001,1,1
30.08.2021 00:14:05.052,6.46469,6.46406,1.5,1
30.08.2021 00:14:05.103,6.4646,6.46405,1,1
30.08.2021 00:14:05.414,6.46469,6.46406,1.5,1
30.08.2021 00:14:05.465,6.46459,6.46414,1,1
30.08.2021 00:14:05.596,6.464790000000001,6.46414,1.5,1
30.08.2021 00:14:05.707,6.464650000000001,6.46405,1.5,1
30.08.2021 00:14:05.820,6.46462,6.46406,1,1
30.08.2021 00:14:05.921,6.4646300000000005,6.46407,1.6,1.1
30.08.2021 00:14:06.570,6.4646300000000005,6.46412,1.6,1.1
30.08.2021 00:14:06.774,6.46462,6.46414,1.6,1.1
30.08.2021 00:14:09.180,6.46462,6.464040000000001,1.1,1.2
30.08.2021 00:14:09.230,6.4646,6.46403,1,1.12
30.08.2021 00:14:09.505,6.46459,6.46406,1,1
30.08.2021 00:14:09.611,6.46471,6.46406,1.5,1
30.08.2021 00:14:09.712,6.464830000000001,6.4642800000000005,1.1,1
30.08.2021 00:14:09.762,6.46485,6.46427,1.5,1
30.08.2021 00:14:10.124,6.46477,6.4642800000000005,1,1
30.08.2021 00:14:10.272,6.46485,6.46427,1.5,1
30.08.2021 00:14:10.542,6.46477,6.4642800000000005,1,1
30.08.2021 00:14:13.312,6.46478,6.46433,1,1
30.08.2021 00:14:13.451,6.46497,6.46433,1,1
30.08.2021 00:14:13.652,6.46477,6.46438,1,1
30.08.2021 00:14:13.767,6.46485,6.46437,1.5,1
30.08.2021 00:14:13.903,6.46477,6.46438,1,1
30.08.2021 00:14:14.450,6.464840000000001,6.46438,1.5,1
30.08.2021 00:14:14.820,6.46477,6.464340000000001,1,1
30.08.2021 00:14:15.203,6.46485,6.46433,1.5,1
30.08.2021 00:14:15.309,6.46478,6.46433,1,1
30.08.2021 00:14:15.430,6.464840000000001,6.46437,1.5,1
30.08.2021 00:14:15.645,6.46477,6.46437,1,1
30.08.2021 00:14:16.392,6.46485,6.46436,1.5,1
30.08.2021 00:14:16.710,6.46478,6.46436,1,1
30.08.2021 00:14:29.911,6.46477,6.464440000000001,1,1
30.08.2021 00:14:30.330,6.46477,6.46437,1,1
30.08.2021 00:14:30.473,6.46485,6.46436,1.5,1
30.08.2021 00:14:30.819,6.46477,6.46437,1,1
30.08.2021 00:14:34.015,6.46477,6.464340000000001,1,1
30.08.2021 00:14:35.109,6.46477,6.4642800000000005,1,1
30.08.2021 00:14:35.309,6.46485,6.46427,1.5,1
30.08.2021 00:14:36.165,6.46478,6.46427,1,1
30.08.2021 00:14:45.394,6.46485,6.46433,1.5,1
30.08.2021 00:14:45.573,6.464840000000001,6.464440000000001,1.5,1
30.08.2021 00:14:45.765,6.464840000000001,6.46438,1.5,1
30.08.2021 00:14:46.245,6.46478,6.46433,1,1
30.08.2021 00:14:50.800,6.46485,6.46433,1.5,1
30.08.2021 00:14:50.902,6.464840000000001,6.464340000000001,1.5,1
30.08.2021 00:14:51.101,6.46473,6.46433,1,1
30.08.2021 00:15:02.386,6.46472,6.4642800000000005,1,1.5
30.08.2021 00:15:02.436,6.46473,6.46433,1,1
30.08.2021 00:15:02.987,6.46473,6.46427,1,1.5
30.08.2021 00:15:07.279,6.46472,6.464340000000001,1,1
30.08.2021 00:15:12.624,6.46472,6.4642800000000005,1,1
30.08.2021 00:15:12.674,6.46473,6.46436,1,1
30.08.2021 00:15:12.746,6.46472,6.46432,1,1.5
30.08.2021 00:15:12.797,6.46473,6.46433,1,1
30.08.2021 00:15:13.445,6.464790000000001,6.464340000000001,1,1
30.08.2021 00:15:13.690,6.4649,6.46433,1.5,1
30.08.2021 00:15:13.740,6.46501,6.46433,1.5,1
30.08.2021 00:15:13.882,6.4648200000000005,6.464340000000001,1,1
30.08.2021 00:15:14.032,6.46494,6.464340000000001,1.5,1
30.08.2021 00:15:14.581,6.46487,6.464340000000001,1,1
30.08.2021 00:15:17.221,6.46494,6.464340000000001,1.5,1
30.08.2021 00:15:17.271,6.46494,6.464340000000001,1.5,1
30.08.2021 00:15:17.419,6.464830000000001,6.46433,1,1
30.08.2021 00:15:17.758,6.46495,6.46433,1.5,1
30.08.2021 00:15:18.024,6.464840000000001,6.464340000000001,1.5,1
30.08.2021 00:15:18.128,6.46477,6.464340000000001,1,1
30.08.2021 00:15:18.285,6.464840000000001,6.464340000000001,1.5,1
30.08.2021 00:15:18.534,6.46472,6.464340000000001,1,1
30.08.2021 00:15:23.711,6.4648,6.46433,1.5,1
30.08.2021 00:15:24.243,6.46472,6.464340000000001,1,1
30.08.2021 00:15:34.346,6.46472,6.464340000000001,1.1,1
30.08.2021 00:15:34.592,6.46472,6.464340000000001,1,1
30.08.2021 00:15:35.047,6.464790000000001,6.464340000000001,1.5,1
30.08.2021 00:15:35.378,6.46473,6.46433,1,1
30.08.2021 00:15:38.958,6.4648,6.46433,1.5,1
30.08.2021 00:15:39.140,6.46472,6.464340000000001,1,1
30.08.2021 00:16:00.924,6.46485,6.46433,1.5,1
30.08.2021 00:16:01.199,6.46477,6.464340000000001,1,1
30.08.2021 00:16:01.379,6.46485,6.46433,1.5,1
30.08.2021 00:16:01.584,6.46478,6.46433,1,1
30.08.2021 00:16:07.093,6.46485,6.46433,1.5,1
30.08.2021 00:16:07.275,6.46478,6.46433,1,1
30.08.2021 00:16:07.647,6.46485,6.46433,1.5,1
30.08.2021 00:16:07.833,6.46478,6.46433,1,1
30.08.2021 00:16:08.359,6.464840000000001,6.464340000000001,1.5,1
30.08.2021 00:16:08.409,6.464840000000001,6.464340000000001,1.5,1
30.08.2021 00:16:08.652,6.464740000000001,6.46432,1.5,1
30.08.2021 00:16:08.853,6.46473,6.464230000000001,1,1
30.08.2021 00:16:12.392,6.46473,6.464230000000001,1.1,1
30.08.2021 00:16:12.755,6.46472,6.46424,1,1
30.08.2021 00:16:21.702,6.46472,6.46424,1.1,1
30.08.2021 00:16:21.903,6.46473,6.464230000000001,1,1
30.08.2021 00:16:22.004,6.46472,6.46424,1.1,1
30.08.2021 00:16:22.236,6.46473,6.464230000000001,1,1
30.08.2021 00:16:24.821,6.46473,6.464230000000001,1.1,1
30.08.2021 00:16:25.074,6.46472,6.46424,1,1
30.08.2021 00:16:53.958,6.46473,6.464230000000001,1.1,1
30.08.2021 00:16:54.109,6.46473,6.464230000000001,1,1
30.08.2021 00:17:08.121,6.46473,6.46422,1,1
30.08.2021 00:17:08.172,6.46473,6.46415,1,1
30.08.2021 00:17:08.272,6.46472,6.46414,1,1
30.08.2021 00:17:11.626,6.46472,6.46424,1,1
30.08.2021 00:17:13.395,6.464790000000001,6.46424,1.5,1
30.08.2021 00:17:13.615,6.46473,6.464230000000001,1,1
30.08.2021 00:17:24.191,6.464790000000001,6.46424,1.5,1
30.08.2021 00:17:24.342,6.4648,6.4642800000000005,1,1
30.08.2021 00:17:24.443,6.464790000000001,6.46424,1.5,1
30.08.2021 00:17:25.426,6.46472,6.46424,1,1
30.08.2021 00:17:29.992,6.46473,6.46419,1,1
30.08.2021 00:17:30.298,6.46472,6.46414,1,1
30.08.2021 00:17:43.820,6.46473,6.464130000000001,1,1.5
30.08.2021 00:17:48.846,6.46472,6.46414,1,1.5
30.08.2021 00:17:48.948,6.46472,6.46415,1,1
30.08.2021 00:17:48.999,6.46471,6.464160000000001,1,1
30.08.2021 00:17:49.150,6.46472,6.46412,1,1.5
30.08.2021 00:17:49.735,6.46472,6.46424,1,1
30.08.2021 00:17:50.008,6.46475,6.46424,1,1
30.08.2021 00:17:50.189,6.46476,6.464130000000001,1,1.5
30.08.2021 00:17:50.239,6.46472,6.4642800000000005,1,1
30.08.2021 00:17:50.412,6.46473,6.464130000000001,1,1
30.08.2021 00:17:50.602,6.464700000000001,6.46405,1,2
30.08.2021 00:17:50.788,6.46473,6.464040000000001,1,1.5
30.08.2021 00:17:50.953,6.46473,6.46414,1.6,1
30.08.2021 00:17:51.083,6.46473,6.464180000000001,1,1
30.08.2021 00:17:51.386,6.46472,6.46415,1,1
30.08.2021 00:17:52.010,6.46472,6.46415,1,1
30.08.2021 00:17:53.397,6.464740000000001,6.46414,1,1
30.08.2021 00:17:53.621,6.46472,6.46415,1,1
30.08.2021 00:17:54.312,6.46472,6.46415,1,1
30.08.2021 00:17:55.027,6.46473,6.46415,1,1.1
30.08.2021 00:17:57.108,6.46473,6.46414,1,1
30.08.2021 00:18:02.180,6.46471,6.46406,1,2
30.08.2021 00:18:02.281,6.464700000000001,6.46407,1,1.5
30.08.2021 00:18:02.522,6.46467,6.46406,1,1.5
30.08.2021 00:18:02.673,6.464740000000001,6.46414,1,1
30.08.2021 00:18:02.768,6.464740000000001,6.464160000000001,1,1
30.08.2021 00:18:02.869,6.46471,6.46414,1,1
30.08.2021 00:18:03.002,6.464700000000001,6.46411,1,1.2
30.08.2021 00:18:03.204,6.46473,6.464040000000001,1,1.5
30.08.2021 00:18:03.254,6.46469,6.464040000000001,1,1.5
30.08.2021 00:18:03.454,6.46469,6.464130000000001,1,1
30.08.2021 00:18:03.505,6.46469,6.464090000000001,1,1
30.08.2021 00:18:03.693,6.46468,6.46405,1,1.5
30.08.2021 00:18:03.935,6.46469,6.464130000000001,1,1
30.08.2021 00:18:04.181,6.46462,6.46414,1,1
30.08.2021 00:18:04.315,6.46462,6.4641,1,1
30.08.2021 00:18:04.491,6.46462,6.46414,1,1
30.08.2021 00:18:06.644,6.46462,6.46415,1,1.1
30.08.2021 00:18:08.097,6.46462,6.46417,1,1.1
30.08.2021 00:18:10.198,6.46472,6.46417,1,1.1
30.08.2021 00:18:10.471,6.46476,6.464180000000001,1.5,1.1
30.08.2021 00:18:11.036,6.46481,6.46417,1.5,1.1
30.08.2021 00:18:11.625,6.46473,6.464180000000001,1.1,1
30.08.2021 00:18:12.283,6.464740000000001,6.46417,1.6,1
30.08.2021 00:18:12.478,6.46472,6.464180000000001,1,1
30.08.2021 00:18:12.579,6.46471,6.46419,1,1.1
30.08.2021 00:18:14.168,6.464700000000001,6.46419,1,1.1
30.08.2021 00:18:22.627,6.46471,6.46417,1,1
30.08.2021 00:18:29.755,6.464700000000001,6.46424,1,1
30.08.2021 00:18:29.926,6.46478,6.464230000000001,1.5,1
30.08.2021 00:18:30.077,6.46475,6.46424,1,1
30.08.2021 00:18:44.053,6.46476,6.46422,1,1
30.08.2021 00:18:44.162,6.46476,6.46417,1,2
30.08.2021 00:18:44.212,6.464740000000001,6.46417,1,2.75
30.08.2021 00:18:44.263,6.46471,6.464180000000001,1,1.5
30.08.2021 00:18:44.378,6.464700000000001,6.46417,1,1.5
30.08.2021 00:18:44.479,6.46466,6.46417,1,1.5
30.08.2021 00:18:44.964,6.46467,6.46417,1,1.5
30.08.2021 00:18:45.065,6.464740000000001,6.464180000000001,1.5,1
30.08.2021 00:18:45.115,6.464740000000001,6.464230000000001,1.5,1
30.08.2021 00:18:45.254,6.464700000000001,6.46424,1,1
30.08.2021 00:18:45.310,6.464700000000001,6.46419,1,1
30.08.2021 00:18:45.467,6.46473,6.464180000000001,1,1
30.08.2021 00:18:45.608,6.464700000000001,6.46419,1,1
30.08.2021 00:18:45.811,6.46473,6.464180000000001,1,1
30.08.2021 00:18:45.912,6.464700000000001,6.46424,1,1
30.08.2021 00:18:46.221,6.46473,6.464230000000001,1,1
30.08.2021 00:18:46.390,6.46472,6.46419,1.6,1
30.08.2021 00:18:46.440,6.46473,6.46427,1.6,1
30.08.2021 00:18:46.693,6.464700000000001,6.4642800000000005,1.5,1
30.08.2021 00:18:46.744,6.464700000000001,6.464180000000001,1.5,1
30.08.2021 00:18:46.873,6.46467,6.464180000000001,1,1
30.08.2021 00:18:52.401,6.46468,6.46417,1.12,1
30.08.2021 00:18:52.502,6.464700000000001,6.46417,1.5,1
30.08.2021 00:18:52.867,6.46462,6.464180000000001,1,1
30.08.2021 00:18:53.018,6.46467,6.464180000000001,1.5,1
30.08.2021 00:18:53.204,6.46462,6.464180000000001,1,1
30.08.2021 00:18:53.567,6.46467,6.464180000000001,1.5,1
30.08.2021 00:18:53.751,6.46462,6.464180000000001,1,1
30.08.2021 00:18:54.021,6.46469,6.464180000000001,1.5,1
30.08.2021 00:18:54.285,6.4646300000000005,6.46417,1,1
30.08.2021 00:18:54.335,6.4645600000000005,6.46407,1,1.5
30.08.2021 00:18:55.166,6.46455,6.464080000000001,1,1
30.08.2021 00:18:56.100,6.46455,6.4641,1,1
30.08.2021 00:19:02.615,6.46455,6.464080000000001,1,1
30.08.2021 00:19:05.611,6.4645600000000005,6.464040000000001,1,1.12
30.08.2021 00:19:05.855,6.464530000000001,6.464040000000001,1,1.12
30.08.2021 00:19:05.956,6.4644900000000005,6.46394,1,1
30.08.2021 00:19:06.107,6.464530000000001,6.463900000000001,1.5,1.5
30.08.2021 00:19:06.471,6.4644,6.463900000000001,1,1.5
30.08.2021 00:19:07.025,6.4644,6.46393,1,1
30.08.2021 00:19:07.126,6.46441,6.46403,1.12,1
30.08.2021 00:19:07.227,6.464480000000001,6.46393,1.1,1
30.08.2021 00:19:07.622,6.46445,6.46394,1.5,1
30.08.2021 00:19:07.815,6.46446,6.46389,1.5,1.1
30.08.2021 00:19:07.865,6.46442,6.463900000000001,1,1.1
30.08.2021 00:19:08.272,6.46442,6.463900000000001,1.1,1.1
30.08.2021 00:19:08.526,6.46442,6.463900000000001,1,1.1
30.08.2021 00:19:09.159,6.464430000000001,6.46389,1,1.1
30.08.2021 00:19:09.400,6.464430000000001,6.46389,1.1,1.1
30.08.2021 00:19:09.501,6.46442,6.463900000000001,1,1.1
30.08.2021 00:19:17.163,6.464390000000001,6.463830000000001,1.1,1.5
30.08.2021 00:19:17.213,6.46433,6.4638100000000005,1,1.5
30.08.2021 00:19:17.354,6.46426,6.4637400000000005,1,1.12
30.08.2021 00:19:17.405,6.46414,6.4637,1,1
30.08.2021 00:19:17.556,6.463780000000001,6.46323,1,1
30.08.2021 00:19:17.656,6.46389,6.46323,1,1
30.08.2021 00:19:17.757,6.46402,6.46323,1.12,1
30.08.2021 00:19:17.858,6.4641,6.463240000000001,1.5,1
30.08.2021 00:19:17.958,6.464230000000001,6.46325,1.5,1
30.08.2021 00:19:18.075,6.46422,6.4634100000000005,1.12,1
30.08.2021 00:19:18.176,6.46402,6.463480000000001,1,1
30.08.2021 00:19:18.485,6.46415,6.463480000000001,1.5,1
30.08.2021 00:19:18.625,6.4639500000000005,6.46349,1,1
30.08.2021 00:19:18.693,6.46405,6.463380000000001,1,1.5
30.08.2021 00:19:18.743,6.46401,6.463500000000001,1,1
30.08.2021 00:19:18.899,6.464,6.46351,1.5,1
30.08.2021 00:19:20.393,6.46387,6.4634,1.1,1
30.08.2021 00:19:20.493,6.4638800000000005,6.46327,1,1
30.08.2021 00:19:20.544,6.4638800000000005,6.463330000000001,1,1
30.08.2021 00:19:20.594,6.4639500000000005,6.463330000000001,1,1
30.08.2021 00:19:20.644,6.46394,6.4634,1,1
30.08.2021 00:19:26.570,6.4639500000000005,6.46339,1.5,1
30.08.2021 00:19:27.435,6.4639500000000005,6.463430000000001,1.5,1
30.08.2021 00:19:30.442,6.46394,6.4634,1.5,1
30.08.2021 00:19:31.001,6.4639500000000005,6.4634,1.5,1
30.08.2021 00:19:31.402,6.46394,6.4634100000000005,1.5,1
30.08.2021 00:19:32.403,6.4639500000000005,6.4634,1.5,1
30.08.2021 00:19:35.409,6.46394,6.4634100000000005,1.5,1
30.08.2021 00:19:36.320,6.46403,6.463430000000001,1,1
30.08.2021 00:19:36.431,6.46405,6.463430000000001,1.5,1
30.08.2021 00:19:37.414,6.46405,6.463430000000001,1.5,1
30.08.2021 00:19:38.415,6.46405,6.463430000000001,1.5,1
30.08.2021 00:19:38.920,6.46405,6.463330000000001,1.5,1.12
30.08.2021 00:19:39.422,6.464040000000001,6.4633400000000005,1.5,1
30.08.2021 00:19:40.421,6.464040000000001,6.4633400000000005,1.5,1
30.08.2021 00:19:44.430,6.464040000000001,6.4633400000000005,1,1
30.08.2021 00:20:28.822,6.46407,6.4633400000000005,1.5,1
30.08.2021 00:20:29.549,6.4641,6.463330000000001,1.5,1
30.08.2021 00:20:30.522,6.4641,6.463330000000001,1.12,1
30.08.2021 00:20:31.021,6.464090000000001,6.463330000000001,1,1
30.08.2021 00:20:31.426,6.4641,6.463330000000001,1.62,1
30.08.2021 00:20:31.939,6.464080000000001,6.463330000000001,1,1
30.08.2021 00:20:33.001,6.46407,6.463280000000001,1.5,1.1
30.08.2021 00:20:33.052,6.46397,6.463330000000001,1,1
30.08.2021 00:20:33.156,6.46397,6.463240000000001,1,1
30.08.2021 00:20:34.221,6.46396,6.46335,1,1
30.08.2021 00:20:36.385,6.4639500000000005,6.46336,1,1
30.08.2021 00:20:38.202,6.463900000000001,6.46336,1,1
30.08.2021 00:20:48.309,6.46392,6.46336,1.5,1
30.08.2021 00:20:48.359,6.46384,6.4632000000000005,1,1
30.08.2021 00:20:48.409,6.46382,6.46325,1,1
30.08.2021 00:21:05.144,6.46379,6.46326,1,1
30.08.2021 00:21:05.297,6.46379,6.46325,1.5,1
30.08.2021 00:21:07.092,6.4638,6.46325,1.6,1
30.08.2021 00:21:07.234,6.46379,6.46325,1,1
30.08.2021 00:21:07.285,6.46379,6.46325,1.5,1
30.08.2021 00:21:08.092,6.46379,6.46326,1.6,1
30.08.2021 00:21:08.143,6.463640000000001,6.463100000000001,1,1.5
30.08.2021 00:21:08.468,6.46363,6.46311,1.1,1.5
30.08.2021 00:21:08.608,6.46362,6.46312,1.1,1
30.08.2021 00:21:09.651,6.46365,6.46311,1.6,1
30.08.2021 00:21:09.770,6.463640000000001,6.46312,1,1
30.08.2021 00:21:09.820,6.4637,6.46311,1.62,1
30.08.2021 00:21:10.655,6.46365,6.46311,1.6,1
30.08.2021 00:21:10.991,6.46367,6.46312,1,1
30.08.2021 00:21:11.655,6.463640000000001,6.46312,1.6,1
30.08.2021 00:21:11.705,6.463550000000001,6.46311,1,1
30.08.2021 00:21:11.755,6.463550000000001,6.462980000000001,1,1.6
30.08.2021 00:21:11.904,6.46353,6.463,1.1,1.5
30.08.2021 00:21:12.614,6.46352,6.463010000000001,1.7,1
30.08.2021 00:21:12.913,6.46353,6.463,1.2,1
30.08.2021 00:21:12.963,6.46353,6.46302,1.2,1
30.08.2021 00:21:13.014,6.463550000000001,6.46302,1,1
30.08.2021 00:21:13.193,6.46357,6.463030000000001,1.5,1
30.08.2021 00:21:13.244,6.46345,6.46295,1,1.6
30.08.2021 00:21:13.910,6.46345,6.46295,1,1.2
30.08.2021 00:21:18.111,6.46353,6.46296,1.1,1
30.08.2021 00:21:18.384,6.46353,6.463030000000001,1.1,1.1
30.08.2021 00:21:18.547,6.46358,6.463030000000001,1.1,1.1
30.08.2021 00:21:18.598,6.46358,6.463030000000001,1.57,1.1
30.08.2021 00:21:18.648,6.46356,6.46307,1,1.1
30.08.2021 00:21:19.709,6.463550000000001,6.46309,1,1.1
30.08.2021 00:21:19.759,6.46357,6.46309,1.2,1.1
30.08.2021 00:21:19.812,6.4637,6.46309,1.57,1.1
30.08.2021 00:21:20.617,6.4637,6.46309,1.5,1.1
30.08.2021 00:21:20.722,6.46357,6.46309,1,1.1
30.08.2021 00:21:20.839,6.463690000000001,6.463080000000001,1.5,1.1
30.08.2021 00:21:20.940,6.463550000000001,6.46309,1,1.1
30.08.2021 00:21:21.237,6.46356,6.4629900000000005,1,1
30.08.2021 00:21:21.338,6.46354,6.463,1,1
30.08.2021 00:21:21.502,6.46357,6.463,1.5,1
30.08.2021 00:21:31.786,6.46352,6.463010000000001,1.1,1.1
30.08.2021 00:21:39.295,6.46353,6.4629900000000005,1.1,1
30.08.2021 00:21:43.021,6.463480000000001,6.463,1,1
30.08.2021 00:21:43.259,6.46345,6.4629900000000005,1,1
30.08.2021 00:21:43.395,6.46346,6.4629900000000005,1.5,1
30.08.2021 00:21:43.843,6.46344,6.463,1.6,1
30.08.2021 00:21:43.968,6.46342,6.463,1.1,1
30.08.2021 00:21:44.432,6.463430000000001,6.4629900000000005,1.1,1
30.08.2021 00:21:50.386,6.46336,6.46296,1,1
30.08.2021 00:22:45.653,6.46337,6.46295,1,1.6
30.08.2021 00:22:46.655,6.46336,6.46296,1,1.6
30.08.2021 00:22:47.412,6.46336,6.463,1,1
30.08.2021 00:22:49.412,6.4634,6.46302,1,1
30.08.2021 00:22:49.664,6.463480000000001,6.46302,1.1,1.5
30.08.2021 00:22:50.592,6.4634100000000005,6.46291,1,1
30.08.2021 00:22:50.806,6.4634,6.462930000000001,1,1.5
30.08.2021 00:22:51.807,6.4634100000000005,6.46292,1,1.5
30.08.2021 00:23:01.526,6.46314,6.462930000000001,1,1.5
30.08.2021 00:23:05.550,6.4634,6.462930000000001,1,1.5
30.08.2021 00:23:08.102,6.46337,6.462930000000001,1,1.5
30.08.2021 00:23:08.216,6.46335,6.46292,1,1.5
30.08.2021 00:23:08.649,6.46325,6.46282,1,1
30.08.2021 00:23:08.699,6.46325,6.46282,1,1.5
30.08.2021 00:23:09.539,6.46326,6.46281,1,1.5
30.08.2021 00:23:10.131,6.463330000000001,6.46281,1.1,1
30.08.2021 00:23:10.190,6.463500000000001,6.46281,1.6,1
30.08.2021 00:23:10.241,6.46347,6.46281,1,1.5
30.08.2021 00:23:10.341,6.46352,6.46272,1,1.5
30.08.2021 00:23:10.413,6.46352,6.46272,1.5,1.5
30.08.2021 00:23:10.463,6.46351,6.46291,1,1
30.08.2021 00:23:10.964,6.46316,6.4629,1,1
30.08.2021 00:23:11.190,6.46316,6.46288,1,1
30.08.2021 00:23:11.240,6.46316,6.462940000000001,1,1
30.08.2021 00:23:11.608,6.46314,6.46295,1,1
30.08.2021 00:23:14.000,6.4634100000000005,6.46295,2.25,1.12
30.08.2021 00:23:14.151,6.4634100000000005,6.46282,1.12,1
30.08.2021 00:23:15.010,6.4634100000000005,6.46286,1.12,1
30.08.2021 00:23:15.219,6.4634,6.46286,1,1
30.08.2021 00:23:16.150,6.4634100000000005,6.46285,1,1.5
30.08.2021 00:23:17.222,6.4634100000000005,6.46285,1,1.5
30.08.2021 00:23:20.708,6.46314,6.46286,1,1.5
30.08.2021 00:23:23.050,6.463150000000001,6.46272,1,1.5
30.08.2021 00:23:23.745,6.46346,6.46271,1.5,1
30.08.2021 00:23:24.001,6.46345,6.46286,1.5,1
30.08.2021 00:23:25.226,6.4634,6.46286,1,1
30.08.2021 00:23:26.237,6.4634100000000005,6.46285,1,1.5
30.08.2021 00:23:27.258,6.4634,6.46286,1,1.5
30.08.2021 00:23:44.152,6.46346,6.46281,1.5,1
30.08.2021 00:23:44.202,6.46345,6.4627300000000005,1.5,1.5
30.08.2021 00:23:45.102,6.46345,6.46286,1.5,1
30.08.2021 00:23:46.247,6.4634100000000005,6.46285,1,1
30.08.2021 00:23:47.256,6.4634,6.46286,1,1.5
30.08.2021 00:23:48.302,6.4634100000000005,6.46285,1,1.5
30.08.2021 00:23:53.352,6.4634100000000005,6.46285,1,1.5
30.08.2021 00:23:54.355,6.4634100000000005,6.46285,1,1.5
30.08.2021 00:23:55.356,6.4634,6.46286,1,1.5
30.08.2021 00:23:57.361,6.4634,6.46286,1,1.5
30.08.2021 00:23:58.947,6.4634,6.46286,1,1.5
30.08.2021 00:23:59.985,6.4634100000000005,6.46285,1,1.5
30.08.2021 00:24:10.553,6.4634100000000005,6.46285,1,1
30.08.2021 00:24:10.603,6.4634100000000005,6.46288,1,1.1
30.08.2021 00:24:10.725,6.4634100000000005,6.46285,1,1
30.08.2021 00:24:11.783,6.4634,6.462930000000001,1,1
30.08.2021 00:24:12.843,6.4634100000000005,6.46292,1,1.5
30.08.2021 00:24:14.975,6.4634100000000005,6.462930000000001,1,1.6
30.08.2021 00:24:17.954,6.463480000000001,6.46288,1.1,1.6
30.08.2021 00:24:18.004,6.463480000000001,6.46285,1.1,1
30.08.2021 00:24:18.105,6.46339,6.4627,1,1.5
30.08.2021 00:24:18.156,6.46327,6.4626600000000005,1,1.5
30.08.2021 00:24:18.292,6.46327,6.46267,1.5,1
30.08.2021 00:24:18.393,6.46337,6.46281,1.6,1
30.08.2021 00:24:18.494,6.46322,6.46282,1.1,1
30.08.2021 00:24:18.552,6.4633400000000005,6.46281,1.6,1
30.08.2021 00:24:18.653,6.4632000000000005,6.46271,1,1.8
30.08.2021 00:24:18.754,6.46322,6.46276,1.1,1.8
30.08.2021 00:24:18.855,6.463280000000001,6.46281,1.2,1
30.08.2021 00:24:18.956,6.46325,6.46283,1,1.5
30.08.2021 00:24:19.153,6.463280000000001,6.46282,1.7,1.5
30.08.2021 00:24:19.741,6.46318,6.46283,1,1.5
30.08.2021 00:24:20.596,6.46318,6.46283,1,1
30.08.2021 00:24:22.372,6.4631300000000005,6.4626600000000005,1,1.5
30.08.2021 00:24:22.473,6.46292,6.46265,1,1
30.08.2021 00:24:22.524,6.462890000000001,6.46246,1,1
30.08.2021 00:24:22.624,6.46291,6.46246,1,1
30.08.2021 00:24:22.889,6.4629,6.46246,1,1
30.08.2021 00:24:23.082,6.4629,6.46246,1.5,1
30.08.2021 00:24:23.725,6.46287,6.46246,1.1,1.5
30.08.2021 00:24:24.642,6.46287,6.46246,1.1,1.5
30.08.2021 00:24:27.167,6.462890000000001,6.46246,1.6,1.5
30.08.2021 00:24:27.688,6.46287,6.46246,1.1,1.5
30.08.2021 00:24:28.699,6.46287,6.46246,1.1,1.5
30.08.2021 00:24:29.706,6.46287,6.46246,1.1,1.5
30.08.2021 00:24:31.415,6.46288,6.4624500000000005,1.1,1.5
30.08.2021 00:24:31.729,6.46288,6.4624500000000005,1.1,1.5
30.08.2021 00:24:33.099,6.4628000000000005,6.46242,1,1
30.08.2021 00:24:33.760,6.46281,6.462330000000001,1,1.5
30.08.2021 00:24:34.757,6.4628000000000005,6.46242,1,1
30.08.2021 00:24:40.026,6.4628000000000005,6.46242,1,1
30.08.2021 00:24:41.028,6.4628000000000005,6.46242,1,1
30.08.2021 00:24:43.938,6.462840000000001,6.46242,1,1
30.08.2021 00:24:43.989,6.46292,6.46241,1,1
30.08.2021 00:24:44.039,6.46291,6.46242,1.5,1
30.08.2021 00:24:44.090,6.46304,6.462330000000001,1,1.5
30.08.2021 00:24:44.233,6.463080000000001,6.46232,1,1.5
30.08.2021 00:24:44.939,6.462980000000001,6.46242,1,1
30.08.2021 00:24:44.989,6.46297,6.46242,1,1
30.08.2021 00:24:45.090,6.46297,6.462440000000001,1,1.5
30.08.2021 00:24:45.195,6.46291,6.462440000000001,1,1.5
30.08.2021 00:24:45.960,6.4629,6.4624500000000005,1,1.5
30.08.2021 00:24:50.664,6.4629,6.462440000000001,1,1.5
30.08.2021 00:24:50.958,6.4629,6.4624500000000005,1.5,1.5
30.08.2021 00:24:52.096,6.46288,6.462440000000001,1.1,1.5
30.08.2021 00:24:53.143,6.46287,6.4624500000000005,1.1,1.5
30.08.2021 00:24:53.891,6.46279,6.462330000000001,1,1
30.08.2021 00:24:53.992,6.46279,6.46232,1,1
30.08.2021 00:24:54.096,6.462840000000001,6.46232,1.5,1
30.08.2021 00:24:54.153,6.46283,6.462330000000001,1.5,1.5
30.08.2021 00:24:54.319,6.4628000000000005,6.462330000000001,1,1.5
30.08.2021 00:24:58.121,6.46281,6.46241,1,1
30.08.2021 00:25:00.244,6.46287,6.46242,1.2,1
30.08.2021 00:25:00.295,6.46307,6.46242,2.75,1
30.08.2021 00:25:00.345,6.46307,6.462330000000001,2.75,1.5
30.08.2021 00:25:00.445,6.46311,6.46234,1.6,1.5
30.08.2021 00:25:00.496,6.463100000000001,6.462350000000001,1,1.5
30.08.2021 00:25:00.546,6.463080000000001,6.462350000000001,1,1.5
30.08.2021 00:25:00.829,6.46311,6.46234,1,1.5
30.08.2021 00:25:01.245,6.463010000000001,6.46234,1,1.5
30.08.2021 00:25:01.396,6.463,6.462440000000001,1,1.5
30.08.2021 00:25:02.401,6.46291,6.462440000000001,1,1.5
30.08.2021 00:25:05.336,6.46297,6.46242,1.1,1
30.08.2021 00:25:06.002,6.462980000000001,6.46242,1.1,1.5
30.08.2021 00:25:07.007,6.46297,6.46243,1.1,1.5
30.08.2021 00:25:15.047,6.462980000000001,6.46242,1.1,1.5
30.08.2021 00:25:23.149,6.46297,6.46243,1.1,1.62
30.08.2021 00:25:26.096,6.462980000000001,6.46242,1.1,1.5
30.08.2021 00:25:28.972,6.46296,6.46242,1,1.5
30.08.2021 00:25:29.073,6.4629,6.46242,1,1.5
30.08.2021 00:25:29.173,6.4629,6.46242,1,1.5
30.08.2021 00:25:29.223,6.4629,6.46243,1.5,1.5
30.08.2021 00:25:29.420,6.4629,6.46242,1.6,1.5
30.08.2021 00:25:29.479,6.4629,6.46242,1,1.5
30.08.2021 00:25:29.621,6.46291,6.46242,1.5,1.5
30.08.2021 00:25:31.131,6.46291,6.46242,1.5,1.5
30.08.2021 00:25:31.181,6.462890000000001,6.46243,1,1.5
30.08.2021 00:25:31.701,6.46291,6.46242,1.5,1.5
30.08.2021 00:25:32.707,6.46279,6.462330000000001,1,1
30.08.2021 00:25:32.858,6.46279,6.46231,1,1
30.08.2021 00:25:33.017,6.4628000000000005,6.46232,1,1
30.08.2021 00:25:37.757,6.46279,6.462330000000001,2,1
30.08.2021 00:25:40.768,6.4628000000000005,6.46232,2,1
30.08.2021 00:25:41.790,6.46279,6.462330000000001,2,1
30.08.2021 00:25:44.740,6.46272,6.462330000000001,1,1
30.08.2021 00:25:44.791,6.4627300000000005,6.46227,1,1
30.08.2021 00:25:44.892,6.46274,6.4622,1,1.5
30.08.2021 00:25:44.942,6.46274,6.4623,1,1
30.08.2021 00:25:47.622,6.4628000000000005,6.46232,2.75,1
30.08.2021 00:25:48.168,6.4628000000000005,6.46232,2.75,1
30.08.2021 00:25:48.445,6.46278,6.46232,1,1
30.08.2021 00:25:48.598,6.46295,6.46232,1.1,1
30.08.2021 00:25:48.699,6.46302,6.46234,1,1
30.08.2021 00:25:48.749,6.4629900000000005,6.462330000000001,1,1.5
30.08.2021 00:25:48.850,6.46304,6.462330000000001,1,1.5
30.08.2021 00:25:48.983,6.46305,6.46241,1,1
30.08.2021 00:25:50.069,6.46305,6.46237,1,1
30.08.2021 00:25:54.852,6.46304,6.462440000000001,1,1
30.08.2021 00:25:55.884,6.46312,6.462440000000001,1.1,1
30.08.2021 00:25:55.946,6.4631300000000005,6.46248,1.1,1
30.08.2021 00:25:56.179,6.4631300000000005,6.462540000000001,1.6,1
30.08.2021 00:26:02.461,6.46312,6.462490000000001,1.1,1.12
30.08.2021 00:26:18.467,6.46312,6.462490000000001,1.1,1.5
30.08.2021 00:26:21.110,6.4631300000000005,6.46248,1.1,1.12
30.08.2021 00:26:41.516,6.4631300000000005,6.462490000000001,1.6,1.5
30.08.2021 00:26:41.617,6.46316,6.462540000000001,1,1
30.08.2021 00:26:41.718,6.46317,6.462540000000001,1.12,1
30.08.2021 00:26:41.896,6.46314,6.46255,1,1
30.08.2021 00:26:42.334,6.46316,6.46255,1.12,1
30.08.2021 00:26:42.704,6.46316,6.46255,1.12,1.5
30.08.2021 00:26:43.711,6.46316,6.46255,1.12,1.5
30.08.2021 00:26:54.169,6.46322,6.462540000000001,1.1,1.5
30.08.2021 00:26:55.298,6.46323,6.462530000000001,1.1,1.5
30.08.2021 00:26:55.936,6.46317,6.46264,1,1
30.08.2021 00:27:02.917,6.46316,6.462540000000001,1,1.5
30.08.2021 00:27:13.421,6.463150000000001,6.462580000000001,1,1.5
30.08.2021 00:27:13.826,6.46316,6.46257,1,1
30.08.2021 00:27:27.435,6.46317,6.462530000000001,1,1.5
30.08.2021 00:27:29.371,6.4632000000000005,6.462540000000001,1,1.5
30.08.2021 00:27:30.105,6.4632000000000005,6.462540000000001,1,1.5
30.08.2021 00:27:31.372,6.4632000000000005,6.462540000000001,1,1.5
30.08.2021 00:27:36.759,6.46321,6.462530000000001,1,1.5
30.08.2021 00:27:39.932,6.4632000000000005,6.462540000000001,1,1.5
30.08.2021 00:27:48.712,6.46325,6.462580000000001,1,1.5
30.08.2021 00:27:48.961,6.46325,6.4625900000000005,1,1.5
30.08.2021 00:27:50.872,6.46326,6.46267,1,1
30.08.2021 00:27:53.429,6.46325,6.462680000000001,1.12,1
30.08.2021 00:27:53.759,6.46326,6.46267,1,1
30.08.2021 00:28:04.609,6.46325,6.462680000000001,1.12,1
30.08.2021 00:28:07.470,6.46325,6.4627,1.12,1
30.08.2021 00:28:07.571,6.4633,6.46281,1,1
30.08.2021 00:28:07.671,6.46339,6.46281,1.72,1
30.08.2021 00:28:07.772,6.46337,6.46281,1,1
30.08.2021 00:28:08.712,6.46337,6.46292,1,1
30.08.2021 00:28:12.876,6.46337,6.46292,1,1.5
30.08.2021 00:28:19.103,6.46336,6.462940000000001,1,1
30.08.2021 00:28:23.018,6.46337,6.462940000000001,1,1
30.08.2021 00:28:24.836,6.46352,6.4629900000000005,1,1.5
30.08.2021 00:28:24.937,6.46366,6.46323,1.5,1
30.08.2021 00:28:24.987,6.46367,6.46323,1,1
30.08.2021 00:28:25.088,6.463780000000001,6.46323,1.5,1.12
30.08.2021 00:28:25.138,6.46376,6.463290000000001,1.5,1
30.08.2021 00:28:25.311,6.46377,6.463280000000001,1.5,1.5
30.08.2021 00:28:26.041,6.46376,6.463290000000001,1,1.5
30.08.2021 00:28:26.258,6.46376,6.463290000000001,1,1
30.08.2021 00:28:37.969,6.46379,6.463290000000001,1,1
30.08.2021 00:28:38.019,6.46376,6.463290000000001,1,1
30.08.2021 00:28:38.069,6.46372,6.463290000000001,1,1
30.08.2021 00:28:38.195,6.463730000000001,6.463280000000001,1.5,1
30.08.2021 00:29:03.457,6.463690000000001,6.463290000000001,1,1
30.08.2021 00:29:03.622,6.46371,6.463290000000001,1,1
30.08.2021 00:29:03.723,6.463690000000001,6.463290000000001,1,1
30.08.2021 00:29:03.957,6.46372,6.463280000000001,1,1
30.08.2021 00:29:04.008,6.4637,6.463280000000001,1,1
30.08.2021 00:29:04.167,6.463780000000001,6.463280000000001,1,1
30.08.2021 00:29:04.217,6.4637,6.463280000000001,1,1
30.08.2021 00:29:04.461,6.46371,6.463290000000001,1,1
30.08.2021 00:29:04.512,6.463690000000001,6.463290000000001,1,1
30.08.2021 00:29:06.446,6.46372,6.463280000000001,1,1
30.08.2021 00:29:06.497,6.4637,6.463280000000001,1,1
30.08.2021 00:29:06.803,6.46371,6.463290000000001,1,1
30.08.2021 00:29:06.853,6.4637,6.463280000000001,1,1
30.08.2021 00:29:07.461,6.46371,6.463290000000001,1,1
30.08.2021 00:29:07.512,6.463690000000001,6.463290000000001,1,1
30.08.2021 00:29:07.939,6.46371,6.463290000000001,1,1
30.08.2021 00:29:07.989,6.463690000000001,6.463290000000001,1,1
30.08.2021 00:29:08.197,6.463780000000001,6.463280000000001,1,1
30.08.2021 00:29:08.248,6.4637,6.463280000000001,1,1
30.08.2021 00:29:08.540,6.46372,6.463280000000001,1,1
30.08.2021 00:29:08.590,6.4637,6.463280000000001,1,1
30.08.2021 00:29:10.136,6.46377,6.463290000000001,1,1
30.08.2021 00:29:10.186,6.4637,6.463280000000001,1,1
30.08.2021 00:29:10.939,6.463780000000001,6.463280000000001,1,1
30.08.2021 00:29:10.990,6.4637,6.463280000000001,1,1
30.08.2021 00:29:12.116,6.46372,6.463280000000001,1,1
30.08.2021 00:29:12.167,6.4637,6.463280000000001,1,1
30.08.2021 00:29:12.461,6.46372,6.463280000000001,1,1
30.08.2021 00:29:12.511,6.4637,6.463280000000001,1,1
30.08.2021 00:29:13.081,6.46377,6.463290000000001,1,1
30.08.2021 00:29:13.132,6.4637,6.463280000000001,1,1
30.08.2021 00:29:13.461,6.46379,6.463280000000001,1.5,1
30.08.2021 00:29:13.512,6.4637,6.463280000000001,1,1
30.08.2021 00:29:13.667,6.46372,6.463280000000001,1,1
30.08.2021 00:29:13.718,6.4637,6.463280000000001,1,1
30.08.2021 00:29:14.461,6.46372,6.463280000000001,1,1
30.08.2021 00:29:14.511,6.4637,6.463280000000001,1,1
30.08.2021 00:29:14.695,6.46377,6.463290000000001,1,1
30.08.2021 00:29:14.745,6.4637,6.463280000000001,1,1
30.08.2021 00:29:14.927,6.46372,6.463280000000001,1,1
30.08.2021 00:29:14.977,6.463690000000001,6.463290000000001,1,1
30.08.2021 00:29:15.133,6.46372,6.463280000000001,1,1
30.08.2021 00:29:15.183,6.4637,6.463280000000001,1,1
30.08.2021 00:29:16.307,6.46372,6.463280000000001,1,1
30.08.2021 00:29:16.358,6.4637,6.463280000000001,1,1
30.08.2021 00:29:16.523,6.46371,6.463290000000001,1,1
30.08.2021 00:29:20.091,6.463690000000001,6.463290000000001,1,1
30.08.2021 00:29:20.141,6.463640000000001,6.463150000000001,1,1.12
30.08.2021 00:29:20.242,6.46363,6.46312,1,1
30.08.2021 00:29:20.292,6.46362,6.463100000000001,1,1
30.08.2021 00:29:20.653,6.46361,6.46309,1,1
30.08.2021 00:29:21.343,6.463590000000001,6.46307,1.5,1
30.08.2021 00:29:21.444,6.46354,6.46307,1,1
30.08.2021 00:29:21.603,6.463550000000001,6.463080000000001,1.5,1
30.08.2021 00:29:21.653,6.46353,6.463080000000001,1,1
30.08.2021 00:29:21.822,6.463550000000001,6.463080000000001,1.5,1
30.08.2021 00:29:22.100,6.46356,6.46304,1.5,1
30.08.2021 00:29:22.201,6.46351,6.463010000000001,1,1.6
30.08.2021 00:29:22.391,6.46351,6.463010000000001,1,1.1
30.08.2021 00:29:30.293,6.463500000000001,6.463010000000001,1,1
30.08.2021 00:29:37.832,6.463480000000001,6.463010000000001,1,1
30.08.2021 00:29:40.464,6.46347,6.463,1,1
30.08.2021 00:29:42.403,6.46347,6.462980000000001,1,1
30.08.2021 00:29:42.453,6.46345,6.462980000000001,1.5,1
30.08.2021 00:29:42.503,6.46344,6.46292,1.5,1.8
30.08.2021 00:29:42.554,6.463430000000001,6.462890000000001,1.12,1
30.08.2021 00:29:42.744,6.46342,6.4629,1,1
30.08.2021 00:29:42.845,6.46336,6.46292,1,1
30.08.2021 00:29:42.995,6.46335,6.46295,1,1
30.08.2021 00:29:43.112,6.46336,6.46295,1,1
30.08.2021 00:29:43.624,6.46336,6.46292,1,1
30.08.2021 00:29:45.394,6.463290000000001,6.46292,1,1
30.08.2021 00:29:47.261,6.463280000000001,6.462930000000001,1.5,1
30.08.2021 00:29:49.689,6.463280000000001,6.462930000000001,1,1
30.08.2021 00:29:50.465,6.463290000000001,6.46292,1.5,1
30.08.2021 00:29:51.209,6.463290000000001,6.46292,1,1
30.08.2021 00:30:00.133,6.463290000000001,6.46296,1,1
30.08.2021 00:30:00.234,6.46336,6.46296,1,1
30.08.2021 00:30:04.284,6.463590000000001,6.46321,1.5,1
30.08.2021 00:30:04.334,6.46365,6.4632000000000005,1,1
30.08.2021 00:30:04.385,6.46366,6.463430000000001,1,1.5
30.08.2021 00:30:04.485,6.463830000000001,6.46344,1,1.5
30.08.2021 00:30:04.536,6.46384,6.46353,1,1
30.08.2021 00:30:04.586,6.46392,6.46339,1.5,1
30.08.2021 00:30:04.637,6.4639500000000005,6.463280000000001,1.5,1
30.08.2021 00:30:04.788,6.46386,6.46326,1,1
30.08.2021 00:30:05.615,6.46389,6.46326,1.62,1
30.08.2021 00:30:05.756,6.46386,6.46325,1,1
30.08.2021 00:30:06.872,6.46379,6.46326,1,1
30.08.2021 00:30:07.936,6.46377,6.46326,1,1
30.08.2021 00:30:08.038,6.46377,6.46325,1,1
30.08.2021 00:30:11.002,6.46379,6.46325,1,1
30.08.2021 00:30:11.098,6.46379,6.46326,1.5,1
30.08.2021 00:30:16.774,6.46379,6.463290000000001,1.5,1.1
30.08.2021 00:30:22.031,6.46377,6.463330000000001,1.5,1.1
30.08.2021 00:30:22.081,6.4638,6.46332,1,1.1
30.08.2021 00:30:22.204,6.46382,6.463330000000001,1,1.1
30.08.2021 00:30:23.443,6.46382,6.4633,1,1.1
30.08.2021 00:30:24.310,6.46382,6.46327,1,1.1
30.08.2021 00:30:27.064,6.46382,6.46325,1,1.5
30.08.2021 00:30:27.210,6.463830000000001,6.46325,1.5,1.5
30.08.2021 00:30:27.585,6.463830000000001,6.46325,1.7,1
30.08.2021 00:30:37.435,6.46382,6.46325,1,1
30.08.2021 00:30:38.303,6.463830000000001,6.46325,1.5,1
30.08.2021 00:30:39.436,6.4638100000000005,6.46326,1,1
30.08.2021 00:30:40.640,6.4638100000000005,6.46326,1,1.5
30.08.2021 00:30:47.665,6.4638100000000005,6.46326,1,1.5
30.08.2021 00:30:50.682,6.46382,6.46325,1,1.12
30.08.2021 00:31:05.054,6.46384,6.46326,1,1.12
30.08.2021 00:31:19.789,6.46385,6.46323,1,1.6
30.08.2021 00:31:20.844,6.46384,6.463240000000001,1,1.6
30.08.2021 00:31:29.548,6.463830000000001,6.463240000000001,1,1.5
30.08.2021 00:31:29.599,6.46384,6.463240000000001,1.5,1.5
30.08.2021 00:31:29.812,6.46384,6.463240000000001,1.5,1
30.08.2021 00:31:29.865,6.46384,6.463240000000001,1.5,1
30.08.2021 00:31:30.136,6.46382,6.463240000000001,1.1,1
30.08.2021 00:31:40.232,6.46382,6.463240000000001,1.1,1
30.08.2021 00:31:42.439,6.46382,6.463240000000001,1.1,1
30.08.2021 00:31:43.472,6.46384,6.463240000000001,1.5,1
30.08.2021 00:31:45.112,6.463830000000001,6.46323,1.1,1
30.08.2021 00:31:45.940,6.46385,6.46323,1.5,1.5
30.08.2021 00:31:47.950,6.46385,6.46323,1.5,1.12
30.08.2021 00:31:57.912,6.46385,6.46323,1.5,1.5
30.08.2021 00:31:58.914,6.46385,6.46323,1.5,1.12
30.08.2021 00:32:05.075,6.46385,6.46323,1.5,1.12
30.08.2021 00:32:05.993,6.463830000000001,6.46323,1.1,1.5
30.08.2021 00:32:06.440,6.463830000000001,6.46323,1.2,1.5
30.08.2021 00:32:06.490,6.463780000000001,6.463240000000001,1,1.5
30.08.2021 00:32:07.129,6.46384,6.463240000000001,1.5,1.5
30.08.2021 00:32:07.933,6.463830000000001,6.46323,1.1,1.5
30.08.2021 00:32:26.342,6.46379,6.46323,1,1.5
30.08.2021 00:32:26.752,6.46384,6.463240000000001,1.5,1.5
30.08.2021 00:32:30.520,6.46379,6.46323,1,1.5
30.08.2021 00:32:46.473,6.46385,6.46323,1.5,1.5
30.08.2021 00:32:48.763,6.46376,6.46323,1,1.5
30.08.2021 00:33:27.372,6.46375,6.463280000000001,1,1.1
30.08.2021 00:33:33.112,6.46382,6.463280000000001,1.1,1.1
30.08.2021 00:33:36.470,6.463830000000001,6.46323,1.1,1.12
30.08.2021 00:33:46.111,6.46376,6.46323,1,1.12
30.08.2021 00:33:54.814,6.46379,6.46323,1,1.12
30.08.2021 00:33:56.214,6.46385,6.46323,1.5,1.12
30.08.2021 00:33:56.314,6.463780000000001,6.463240000000001,1,1.12
30.08.2021 00:33:56.702,6.46376,6.463240000000001,1,1
30.08.2021 00:33:58.376,6.46356,6.4631300000000005,1.5,1.5
30.08.2021 00:33:58.427,6.46356,6.4631300000000005,1.5,1
30.08.2021 00:33:58.478,6.46357,6.4630600000000005,1,1.5
30.08.2021 00:33:58.528,6.46347,6.463030000000001,1,1.5
30.08.2021 00:33:58.579,6.46352,6.463010000000001,1,1.5
30.08.2021 00:33:58.762,6.463550000000001,6.463,1,1.5
30.08.2021 00:33:58.813,6.46356,6.463010000000001,1,1.6
30.08.2021 00:33:59.536,6.46356,6.46311,1,1.1
30.08.2021 00:33:59.586,6.46356,6.46309,1,1.1
30.08.2021 00:34:02.886,6.46356,6.463100000000001,1,1.1
30.08.2021 00:34:08.146,6.46357,6.46312,1,1.1
30.08.2021 00:34:11.762,6.46356,6.46314,1,1.1
30.08.2021 00:34:12.421,6.46356,6.46316,1,1.1
30.08.2021 00:34:18.026,6.46356,6.463100000000001,1,1
30.08.2021 00:34:18.126,6.46356,6.463010000000001,1,1.5
30.08.2021 00:34:18.227,6.46357,6.463,1,1.12
30.08.2021 00:34:20.242,6.46356,6.463010000000001,1,1.5
30.08.2021 00:34:21.233,6.46356,6.463010000000001,1,1.12
30.08.2021 00:34:23.507,6.46349,6.463010000000001,1,1.12
30.08.2021 00:34:24.080,6.463550000000001,6.462940000000001,1.5,1.5
30.08.2021 00:34:24.231,6.463500000000001,6.46295,1,1
30.08.2021 00:34:31.110,6.46349,6.46295,1,1
30.08.2021 00:34:31.160,6.46342,6.46287,1,1.5
30.08.2021 00:34:31.261,6.46339,6.46287,1,1.5
30.08.2021 00:34:31.364,6.46332,6.46286,1,1.5
30.08.2021 00:34:32.212,6.46331,6.46287,1.12,1
30.08.2021 00:34:36.626,6.463380000000001,6.46286,1,1
30.08.2021 00:34:36.726,6.4634100000000005,6.46286,1,1
30.08.2021 00:34:36.857,6.46336,6.46287,1,1
30.08.2021 00:34:39.822,6.46336,6.46288,1,1.1
30.08.2021 00:34:41.198,6.46336,6.46287,1,1
30.08.2021 00:34:47.092,6.46336,6.462890000000001,1,1.1
30.08.2021 00:34:49.282,6.46335,6.462890000000001,1,1.1
30.08.2021 00:34:49.383,6.46322,6.46278,1,1
30.08.2021 00:34:49.484,6.463190000000001,6.46279,1,1
30.08.2021 00:34:49.585,6.4632000000000005,6.462630000000001,1,1
30.08.2021 00:34:49.642,6.463150000000001,6.46264,1,1
30.08.2021 00:34:49.766,6.463150000000001,6.4626600000000005,1,1
30.08.2021 00:35:46.293,6.4632000000000005,6.46265,1.5,1
30.08.2021 00:35:46.361,6.463150000000001,6.4626600000000005,1,1
30.08.2021 00:35:46.545,6.463190000000001,6.4626600000000005,1.5,1
30.08.2021 00:35:47.110,6.46316,6.46265,1,1
30.08.2021 00:35:47.307,6.463190000000001,6.4626600000000005,1.62,1
30.08.2021 00:35:48.477,6.46317,6.4626600000000005,1,1
30.08.2021 00:35:50.670,6.46316,6.4625900000000005,1,1
30.08.2021 00:35:51.332,6.46311,6.462580000000001,1,1
30.08.2021 00:35:55.585,6.463100000000001,6.46255,1,1
30.08.2021 00:36:12.517,6.463100000000001,6.462540000000001,1,1
30.08.2021 00:36:12.663,6.46316,6.46255,1.6,1
30.08.2021 00:36:12.714,6.46309,6.46255,1,1
30.08.2021 00:36:12.991,6.46316,6.46255,1.6,1
30.08.2021 00:36:13.042,6.463100000000001,6.462540000000001,1,1
30.08.2021 00:36:13.218,6.46316,6.46255,1.6,1
30.08.2021 00:36:13.268,6.463100000000001,6.462540000000001,1,1
30.08.2021 00:36:13.939,6.46316,6.46255,1.6,1
30.08.2021 00:36:13.989,6.463100000000001,6.462540000000001,1,1
30.08.2021 00:36:14.222,6.46317,6.462540000000001,1.6,1
30.08.2021 00:36:14.273,6.46309,6.46255,1,1
30.08.2021 00:36:14.389,6.46309,6.46255,1.1,1
30.08.2021 00:36:14.490,6.4631300000000005,6.462540000000001,1.6,1
30.08.2021 00:36:14.540,6.463100000000001,6.462540000000001,1.7,1
30.08.2021 00:36:14.688,6.463100000000001,6.462540000000001,1.1,1
30.08.2021 00:36:14.739,6.4631300000000005,6.462540000000001,1.6,1
30.08.2021 00:36:34.632,6.463100000000001,6.46255,1.7,1
30.08.2021 00:36:34.733,6.46311,6.462540000000001,1,1
30.08.2021 00:36:34.837,6.4631300000000005,6.462540000000001,1.5,1
30.08.2021 00:36:34.938,6.46305,6.46255,1,1
30.08.2021 00:36:35.093,6.4630600000000005,6.46256,1,1.1
30.08.2021 00:36:35.853,6.46305,6.462680000000001,1,1.1
30.08.2021 00:36:37.319,6.4630600000000005,6.4627,1,1.1
30.08.2021 00:36:51.106,6.463150000000001,6.4627,1.6,1.1
30.08.2021 00:36:51.212,6.46314,6.46271,1,1.1
30.08.2021 00:36:51.311,6.46317,6.4627,1.5,1.1
30.08.2021 00:36:51.463,6.46318,6.46271,1.6,1.1
30.08.2021 00:36:51.514,6.46318,6.46271,1,1.1
30.08.2021 00:36:51.973,6.463290000000001,6.4627,1.6,1.1
30.08.2021 00:36:52.509,6.46316,6.4627,1,1.1
30.08.2021 00:36:52.616,6.46316,6.4627300000000005,1,1.1
30.08.2021 00:36:56.002,6.4632000000000005,6.4627300000000005,1.5,1.1
30.08.2021 00:36:56.052,6.463150000000001,6.46274,1,1.1
30.08.2021 00:36:56.306,6.4632000000000005,6.4627300000000005,1.5,1.1
30.08.2021 00:36:56.356,6.463150000000001,6.46274,1,1.1
30.08.2021 00:36:56.461,6.46316,6.46271,1,1.1
30.08.2021 00:36:56.568,6.463150000000001,6.462680000000001,1,1.1
30.08.2021 00:36:56.669,6.46309,6.46265,1,1
30.08.2021 00:36:56.820,6.46309,6.46265,1.5,1
30.08.2021 00:36:56.941,6.46307,6.46265,1.1,1
30.08.2021 00:36:57.413,6.463100000000001,6.46264,1.6,1
30.08.2021 00:36:57.570,6.463100000000001,6.46264,1.5,1
30.08.2021 00:36:57.635,6.463100000000001,6.46264,1.5,1
30.08.2021 00:36:57.922,6.46314,6.46264,1.7,1
30.08.2021 00:36:58.012,6.463100000000001,6.46264,1,1
30.08.2021 00:36:58.063,6.46309,6.46265,1.5,1
30.08.2021 00:37:00.118,6.46307,6.462490000000001,1,1.1
30.08.2021 00:37:00.219,6.46305,6.4625,1,1.1
30.08.2021 00:37:00.269,6.4630600000000005,6.46252,1,1.1
30.08.2021 00:37:01.269,6.46305,6.46256,1,1.1
30.08.2021 00:37:03.609,6.46305,6.462540000000001,1,1.1
30.08.2021 00:37:05.484,6.46305,6.46257,1,1.1
30.08.2021 00:37:12.646,6.463100000000001,6.46256,1.6,1.1
30.08.2021 00:37:12.747,6.463010000000001,6.46256,1,1.1
30.08.2021 00:37:16.493,6.463,6.4626,1,1.1
30.08.2021 00:37:20.155,6.463,6.46261,1,1.1
30.08.2021 00:37:23.830,6.463,6.462630000000001,1,1.1
30.08.2021 00:37:23.958,6.463,6.46264,1,1
30.08.2021 00:37:24.059,6.46318,6.46264,1.1,1
30.08.2021 00:37:24.112,6.4631300000000005,6.46265,1,1
30.08.2021 00:37:24.415,6.46322,6.46265,1.1,1
30.08.2021 00:37:25.052,6.46318,6.462680000000001,1.1,1.1
30.08.2021 00:37:25.397,6.46317,6.4627,1.1,1.1
30.08.2021 00:37:26.760,6.46317,6.4627300000000005,1.1,1.1
30.08.2021 00:37:29.272,6.46314,6.46272,1,1.1
30.08.2021 00:37:30.229,6.46327,6.4627300000000005,1.1,1.1
30.08.2021 00:37:30.333,6.46327,6.46278,1.1,1.1
30.08.2021 00:37:31.448,6.46318,6.4628000000000005,1.1,1.1
30.08.2021 00:37:38.768,6.4631300000000005,6.46281,1,1.1
30.08.2021 00:37:39.331,6.4631300000000005,6.46279,1,1.1
30.08.2021 00:37:39.382,6.46314,6.46276,1,1.1
30.08.2021 00:37:46.320,6.4631300000000005,6.4627300000000005,1,1
30.08.2021 00:37:46.440,6.46314,6.4626600000000005,1,1.1
30.08.2021 00:37:53.111,6.4631300000000005,6.46265,1,1.1
30.08.2021 00:38:03.857,6.46314,6.46265,1,1.1
30.08.2021 00:38:09.108,6.4631300000000005,6.462680000000001,1,1.1
30.08.2021 00:38:44.019,6.4631300000000005,6.4626600000000005,1,1.1
30.08.2021 00:38:49.615,6.4631300000000005,6.46265,1.1,1
30.08.2021 00:38:49.735,6.4631300000000005,6.46265,1.1,1
30.08.2021 00:38:49.891,6.4631300000000005,6.46265,1.1,1
30.08.2021 00:38:52.029,6.4631300000000005,6.46265,1.1,1
30.08.2021 00:39:02.466,6.4631300000000005,6.46265,1.1,1
30.08.2021 00:39:14.622,6.46314,6.46265,1.1,1
30.08.2021 00:39:14.722,6.463150000000001,6.46265,1,1
30.08.2021 00:39:14.873,6.46316,6.462630000000001,1.1,1
30.08.2021 00:39:14.924,6.46316,6.46265,1.1,1
30.08.2021 00:39:15.025,6.4632000000000005,6.46272,1.6,1
30.08.2021 00:39:15.175,6.46321,6.4627300000000005,1.6,1
30.08.2021 00:39:15.276,6.46321,6.4627300000000005,1.6,1
30.08.2021 00:39:15.467,6.4632000000000005,6.46274,1.6,1
30.08.2021 00:39:16.410,6.4632000000000005,6.46274,1.6,1
30.08.2021 00:39:16.510,6.463150000000001,6.46272,1,1
30.08.2021 00:39:16.644,6.463150000000001,6.4627300000000005,1,1
30.08.2021 00:39:21.951,6.46327,6.46292,1,1
30.08.2021 00:39:22.052,6.46337,6.46302,1.1,1
30.08.2021 00:39:22.153,6.463500000000001,6.463010000000001,1.1,1
30.08.2021 00:39:26.502,6.463430000000001,6.462980000000001,1.6,1
30.08.2021 00:39:26.653,6.4633400000000005,6.4629900000000005,1,1
30.08.2021 00:39:27.469,6.46337,6.462980000000001,1.22,1
30.08.2021 00:39:27.519,6.46331,6.46277,1.6,1
30.08.2021 00:39:29.930,6.46331,6.46277,1.6,1
30.08.2021 00:39:30.913,6.4632000000000005,6.4627300000000005,1,1.5
30.08.2021 00:39:31.014,6.46316,6.4627300000000005,1.5,1
30.08.2021 00:39:31.164,6.46316,6.462750000000001,1.1,1
30.08.2021 00:39:31.548,6.46322,6.462750000000001,1.1,1
30.08.2021 00:39:31.649,6.46323,6.46274,1,1
30.08.2021 00:39:32.600,6.46322,6.46278,1,1.1
30.08.2021 00:39:34.925,6.463380000000001,6.46277,1.2,1.1
30.08.2021 00:39:35.076,6.4633,6.46278,1.6,1.1
30.08.2021 00:39:35.127,6.4633,6.462940000000001,1.6,1
30.08.2021 00:39:35.177,6.4633,6.462890000000001,1.5,1
30.08.2021 00:39:35.228,6.46331,6.462840000000001,1.1,1
30.08.2021 00:39:35.328,6.46331,6.462840000000001,1.1,1
30.08.2021 00:39:35.838,6.4633,6.46285,1.1,1
30.08.2021 00:39:54.002,6.46331,6.462840000000001,1.1,1
30.08.2021 00:39:54.230,6.4633,6.46285,1.1,1
30.08.2021 00:39:54.376,6.46331,6.462840000000001,1.1,1
30.08.2021 00:39:54.601,6.46331,6.462840000000001,1.1,1
30.08.2021 00:39:54.712,6.46331,6.46288,1.1,1.1
