Gmt time,Ask,Bid,AskVolume,BidVolume
10.08.2021 00:00:00.164,6.48536,6.48457,1,1
10.08.2021 00:00:00.273,6.48537,6.484590000000001,1,1
10.08.2021 00:00:00.424,6.48537,6.4846,1.36,1
10.08.2021 00:00:04.375,6.48536,6.484630000000001,1,1
10.08.2021 00:00:06.611,6.48528,6.48462,1,1
10.08.2021 00:00:06.712,6.48475,6.484280000000001,1,1
10.08.2021 00:00:06.813,6.48442,6.48377,1,1
10.08.2021 00:00:06.863,6.48374,6.4833300000000005,2.25,1
10.08.2021 00:00:06.914,6.4842900000000006,6.483490000000001,1,1
10.08.2021 00:00:07.014,6.4842900000000006,6.48331,1,1.5
10.08.2021 00:00:07.065,6.48426,6.48332,1,1.5
10.08.2021 00:00:07.166,6.48392,6.483210000000001,1,1
10.08.2021 00:00:07.267,6.48372,6.48316,1,1
10.08.2021 00:00:07.368,6.48359,6.48259,1,1
10.08.2021 00:00:07.419,6.48355,6.4825800000000005,1,1
10.08.2021 00:00:07.570,6.48355,6.482550000000001,1,1
10.08.2021 00:00:07.679,6.48364,6.48256,1,1
10.08.2021 00:00:07.730,6.48359,6.48256,1,1
10.08.2021 00:00:07.854,6.483390000000001,6.48252,1,1.5
10.08.2021 00:00:07.955,6.48322,6.482530000000001,1,1
10.08.2021 00:00:08.006,6.48322,6.482430000000001,1,1
10.08.2021 00:00:08.159,6.48322,6.48257,1,1
10.08.2021 00:00:08.260,6.48327,6.48256,1.5,1
10.08.2021 00:00:08.464,6.483180000000001,6.48256,1,1
10.08.2021 00:00:08.832,6.483230000000001,6.48256,1.5,1
10.08.2021 00:00:08.933,6.48342,6.48257,1,1
10.08.2021 00:00:08.984,6.48337,6.48256,1,1
10.08.2021 00:00:09.085,6.48359,6.48257,1,1
10.08.2021 00:00:09.204,6.483480000000001,6.48256,1.12,1
10.08.2021 00:00:09.305,6.483700000000001,6.48256,1.5,1
10.08.2021 00:00:09.406,6.48365,6.4825800000000005,1,1
10.08.2021 00:00:09.633,6.48365,6.48257,1,1
10.08.2021 00:00:09.843,6.48366,6.48294,1.5,1
10.08.2021 00:00:09.944,6.48371,6.4829300000000005,1.5,1
10.08.2021 00:00:10.045,6.48366,6.4827,1,1.5
10.08.2021 00:00:10.145,6.48367,6.4827,1.5,1
10.08.2021 00:00:10.196,6.48367,6.4827,1.5,1
10.08.2021 00:00:10.297,6.4836100000000005,6.4827,1.5,1
10.08.2021 00:00:10.785,6.48356,6.4827,1.5,1
10.08.2021 00:00:11.190,6.48356,6.4827,1.5,1
10.08.2021 00:00:11.341,6.483750000000001,6.4827,1,1.5
10.08.2021 00:00:11.392,6.4836800000000006,6.4827,1,1.5
10.08.2021 00:00:11.442,6.48382,6.482830000000001,1.85,1
10.08.2021 00:00:11.543,6.48371,6.48284,1,1
10.08.2021 00:00:11.928,6.48373,6.482740000000001,1.57,1
10.08.2021 00:00:11.979,6.48376,6.482730000000001,1,1
10.08.2021 00:00:12.079,6.48376,6.482730000000001,1.1,1
10.08.2021 00:00:12.738,6.48377,6.48275,1.1,1
10.08.2021 00:00:12.839,6.48371,6.48271,1.5,1.62
10.08.2021 00:00:12.940,6.483580000000001,6.482640000000001,1,1
10.08.2021 00:00:13.040,6.48355,6.48261,1.1,1
10.08.2021 00:00:13.292,6.4836,6.48262,1,1
10.08.2021 00:00:13.343,6.483580000000001,6.48262,1,1.5
10.08.2021 00:00:13.478,6.48355,6.48263,1.1,1.5
10.08.2021 00:00:13.680,6.4836100000000005,6.48262,1.5,1.5
10.08.2021 00:00:13.730,6.4836100000000005,6.48262,1.6,1.5
10.08.2021 00:00:13.781,6.4836,6.48263,1.5,1.5
10.08.2021 00:00:13.831,6.4836,6.48263,1.6,1.5
10.08.2021 00:00:14.157,6.4836100000000005,6.48262,1,1.5
10.08.2021 00:00:14.422,6.48359,6.48263,1,1.5
10.08.2021 00:00:14.472,6.48356,6.48262,1.1,1.5
10.08.2021 00:00:14.817,6.48357,6.48263,1.1,1
10.08.2021 00:00:17.299,6.48355,6.48275,1.6,1
10.08.2021 00:00:17.810,6.48355,6.48275,1.1,1
10.08.2021 00:00:17.860,6.48357,6.48275,1.1,1
10.08.2021 00:00:18.319,6.48356,6.48276,1.1,1
10.08.2021 00:00:20.746,6.48356,6.48291,1.1,1
10.08.2021 00:00:20.847,6.48357,6.482950000000001,1,1
10.08.2021 00:00:20.897,6.483630000000001,6.48294,1,1
10.08.2021 00:00:20.998,6.48365,6.48277,1.1,1
10.08.2021 00:00:23.553,6.48366,6.48276,1.5,1.5
10.08.2021 00:00:23.654,6.483630000000001,6.482830000000001,1,1
10.08.2021 00:00:23.755,6.48376,6.48276,1.5,1.5
10.08.2021 00:00:23.805,6.48373,6.48297,1,1.5
10.08.2021 00:00:23.906,6.48374,6.48315,1,1.87
10.08.2021 00:00:24.007,6.48367,6.483140000000001,1,1.12
10.08.2021 00:00:24.058,6.48371,6.48281,1,1
10.08.2021 00:00:24.108,6.48366,6.482830000000001,1,1
10.08.2021 00:00:24.353,6.48365,6.48275,1,1
10.08.2021 00:00:24.404,6.4836800000000006,6.482730000000001,1,1
10.08.2021 00:00:24.504,6.48365,6.48275,1,1.12
10.08.2021 00:00:24.696,6.48364,6.482740000000001,1,1
10.08.2021 00:00:24.797,6.48359,6.48272,1,1
10.08.2021 00:00:24.847,6.4836800000000006,6.482880000000001,1,1
10.08.2021 00:00:24.898,6.4836100000000005,6.48289,1,1
10.08.2021 00:00:24.948,6.48357,6.482640000000001,1,1
10.08.2021 00:00:25.250,6.4836,6.48292,1.12,1
10.08.2021 00:00:25.301,6.48374,6.4828600000000005,1.62,1.25
10.08.2021 00:00:25.351,6.48374,6.48289,1,1
10.08.2021 00:00:25.452,6.4838000000000005,6.48312,1,1
10.08.2021 00:00:25.502,6.4838000000000005,6.482740000000001,1,1
10.08.2021 00:00:25.553,6.48371,6.482740000000001,1,1
10.08.2021 00:00:25.759,6.48367,6.48316,1,1
10.08.2021 00:00:25.810,6.48382,6.48305,1.5,1.5
10.08.2021 00:00:26.011,6.48386,6.48299,1,1
10.08.2021 00:00:26.145,6.48385,6.4830000000000005,1,1
10.08.2021 00:00:26.196,6.48386,6.4829300000000005,1,1
10.08.2021 00:00:26.247,6.48382,6.4829300000000005,1,1
10.08.2021 00:00:26.397,6.484030000000001,6.483300000000001,1,1
10.08.2021 00:00:27.515,6.484030000000001,6.4833300000000005,1,1
10.08.2021 00:00:27.828,6.484100000000001,6.48336,1,1
10.08.2021 00:00:27.879,6.48414,6.48338,1,1
10.08.2021 00:00:28.014,6.48418,6.48337,1.5,1
10.08.2021 00:00:29.153,6.48418,6.48337,1.6,1
10.08.2021 00:00:37.381,6.48409,6.48337,1,1
10.08.2021 00:00:37.482,6.48418,6.48343,1,1
10.08.2021 00:00:43.112,6.48406,6.48342,1,1
10.08.2021 00:00:43.222,6.48406,6.4835,1,1
10.08.2021 00:00:43.273,6.48405,6.48347,1,1
10.08.2021 00:00:43.540,6.48405,6.48351,1,1
10.08.2021 00:00:43.792,6.48406,6.48351,1,1
10.08.2021 00:00:43.842,6.484100000000001,6.48351,1,1
10.08.2021 00:00:43.895,6.484100000000001,6.483490000000001,1,1.1
10.08.2021 00:00:44.036,6.48409,6.48357,1,1.1
10.08.2021 00:00:44.614,6.484100000000001,6.4836,1,1.1
10.08.2021 00:00:46.384,6.48409,6.483580000000001,1,1.1
10.08.2021 00:00:49.545,6.48411,6.48357,1.1,1.1
10.08.2021 00:00:51.856,6.4840800000000005,6.4835400000000005,1.1,1.1
10.08.2021 00:00:52.007,6.48407,6.483530000000001,1.1,1
10.08.2021 00:00:52.108,6.48405,6.483490000000001,1,1
10.08.2021 00:00:52.522,6.48404,6.48347,1,1.1
10.08.2021 00:00:52.683,6.484030000000001,6.483440000000001,1.1,1.57
10.08.2021 00:00:53.004,6.484030000000001,6.48352,1.1,1
10.08.2021 00:00:53.188,6.484030000000001,6.4835,1.1,1
10.08.2021 00:00:53.457,6.48402,6.483480000000001,1.1,1
10.08.2021 00:00:54.443,6.484,6.48347,1.1,1
10.08.2021 00:00:55.176,6.48399,6.48347,1.1,1
10.08.2021 00:00:55.361,6.4840100000000005,6.48347,1.1,1
10.08.2021 00:00:55.707,6.48404,6.48347,1.1,1
10.08.2021 00:00:56.685,6.48404,6.483490000000001,1.1,1.1
10.08.2021 00:01:03.273,6.484030000000001,6.4835400000000005,1.1,1
10.08.2021 00:01:03.323,6.484030000000001,6.483490000000001,1,1.1
10.08.2021 00:01:03.374,6.4840100000000005,6.483490000000001,1,1.1
10.08.2021 00:01:03.474,6.48402,6.4835,1,1.1
10.08.2021 00:01:04.876,6.48402,6.48352,1,1.1
10.08.2021 00:01:06.066,6.48399,6.48352,1,1.1
10.08.2021 00:01:06.195,6.4839400000000005,6.48352,1,1.1
10.08.2021 00:01:06.365,6.48392,6.48351,1,1.1
10.08.2021 00:01:07.055,6.4839400000000005,6.48351,1,1.1
10.08.2021 00:01:07.565,6.4839400000000005,6.4835,1,1.1
10.08.2021 00:01:07.736,6.48402,6.48352,1,1.1
10.08.2021 00:01:07.887,6.48397,6.483530000000001,1,1.1
10.08.2021 00:01:08.044,6.483980000000001,6.48356,1,1.1
10.08.2021 00:01:08.206,6.483980000000001,6.483580000000001,1,1.1
10.08.2021 00:01:09.703,6.48397,6.48362,1,1.1
10.08.2021 00:01:09.754,6.4840100000000005,6.4836100000000005,1,1.1
10.08.2021 00:01:11.246,6.483980000000001,6.48362,1,1.1
10.08.2021 00:01:11.973,6.48399,6.48359,1,1.1
10.08.2021 00:01:15.109,6.483980000000001,6.483700000000001,1,1
10.08.2021 00:01:15.160,6.4840100000000005,6.4836100000000005,1,1.1
10.08.2021 00:01:15.210,6.4839400000000005,6.483580000000001,1,1.1
10.08.2021 00:01:15.261,6.48399,6.48357,1,1.1
10.08.2021 00:01:15.362,6.484030000000001,6.4836,1,1
10.08.2021 00:01:15.412,6.484030000000001,6.48365,1,1
10.08.2021 00:01:15.463,6.48404,6.4835,1,1
10.08.2021 00:01:15.715,6.48412,6.48378,1,1
10.08.2021 00:01:15.816,6.48411,6.483750000000001,1,1
10.08.2021 00:01:15.867,6.4840800000000005,6.4836800000000006,1,1
10.08.2021 00:01:15.917,6.48406,6.4836800000000006,1,1
10.08.2021 00:01:15.967,6.48406,6.48352,1,1
10.08.2021 00:01:16.238,6.48404,6.4835400000000005,1,1
10.08.2021 00:01:16.288,6.48405,6.48355,1,1
10.08.2021 00:01:16.389,6.48402,6.48355,1,1
10.08.2021 00:01:16.491,6.483980000000001,6.48352,1,1.5
10.08.2021 00:01:16.614,6.48397,6.4835400000000005,1,1
10.08.2021 00:01:16.715,6.48406,6.48359,1,1
10.08.2021 00:01:16.765,6.48416,6.48372,1,1
10.08.2021 00:01:16.816,6.48416,6.48369,1,1
10.08.2021 00:01:16.867,6.48414,6.48367,1,1
10.08.2021 00:01:16.917,6.48417,6.4836800000000006,1,1
10.08.2021 00:01:16.968,6.48413,6.4836800000000006,1,1
10.08.2021 00:01:17.069,6.48414,6.4836100000000005,1,1
10.08.2021 00:01:17.120,6.48407,6.4836100000000005,1,1.5
10.08.2021 00:01:17.254,6.48407,6.483700000000001,1,1
10.08.2021 00:01:17.304,6.48411,6.4836800000000006,1,1
10.08.2021 00:01:17.355,6.48411,6.48371,1,1
10.08.2021 00:01:17.405,6.484190000000001,6.48369,1,1.5
10.08.2021 00:01:17.524,6.48416,6.483700000000001,1,1
10.08.2021 00:01:17.625,6.48406,6.48362,1,1
10.08.2021 00:01:17.826,6.4840800000000005,6.483700000000001,1,1
10.08.2021 00:01:17.877,6.48412,6.48373,1.5,1
10.08.2021 00:01:17.927,6.48412,6.48377,1,1
10.08.2021 00:01:17.981,6.48421,6.48376,1,1
10.08.2021 00:01:18.135,6.48422,6.48377,1,1
10.08.2021 00:01:18.185,6.48423,6.48378,1,1
10.08.2021 00:01:18.236,6.48447,6.483880000000001,1.5,1
10.08.2021 00:01:18.393,6.48447,6.483880000000001,1,1.5
10.08.2021 00:01:18.444,6.48451,6.483880000000001,1,1
10.08.2021 00:01:19.209,6.484500000000001,6.4839,1,1
10.08.2021 00:01:19.259,6.48449,6.483930000000001,1,1
10.08.2021 00:01:27.624,6.48449,6.4839400000000005,1,1
10.08.2021 00:01:29.624,6.48449,6.483930000000001,1,1
10.08.2021 00:01:35.130,6.48449,6.4839400000000005,1,1
10.08.2021 00:01:35.231,6.48451,6.48397,1,1
10.08.2021 00:01:35.436,6.48453,6.48392,1,1
10.08.2021 00:01:38.340,6.48456,6.4839,1.5,1
10.08.2021 00:01:38.440,6.48452,6.483930000000001,1,1
10.08.2021 00:01:38.693,6.48457,6.483880000000001,1,1
10.08.2021 00:01:43.051,6.48447,6.4839,1,1
10.08.2021 00:01:43.637,6.484450000000001,6.48391,1,1
10.08.2021 00:02:00.106,6.48444,6.48395,1,1
10.08.2021 00:02:00.207,6.484450000000001,6.4839400000000005,1,1.5
10.08.2021 00:02:01.365,6.484450000000001,6.4839400000000005,1,1.5
10.08.2021 00:02:03.370,6.48444,6.48395,1,1.5
10.08.2021 00:02:07.389,6.48444,6.48395,1,1.5
10.08.2021 00:02:07.440,6.484430000000001,6.48391,1,1.5
10.08.2021 00:02:08.394,6.48442,6.48392,1.5,1.5
10.08.2021 00:02:08.987,6.484430000000001,6.48397,1.5,1
10.08.2021 00:02:09.093,6.48442,6.4840100000000005,1.5,1
10.08.2021 00:02:09.194,6.484430000000001,6.48397,1,1
10.08.2021 00:02:09.456,6.48446,6.483930000000001,1,1.5
10.08.2021 00:02:09.863,6.484450000000001,6.483930000000001,1,1.5
10.08.2021 00:02:10.874,6.48446,6.48392,1,1.5
10.08.2021 00:02:21.977,6.484430000000001,6.483930000000001,1,1.5
10.08.2021 00:02:22.078,6.48442,6.48391,1,1.5
10.08.2021 00:02:22.179,6.484380000000001,6.48391,1,1.5
10.08.2021 00:02:23.164,6.48437,6.48392,1,1.5
10.08.2021 00:02:27.034,6.484380000000001,6.48399,1,1
10.08.2021 00:02:27.135,6.4845500000000005,6.48432,1,1
10.08.2021 00:02:27.186,6.484540000000001,6.48421,1,1
10.08.2021 00:02:27.287,6.48462,6.484100000000001,1.81,1.5
10.08.2021 00:02:28.235,6.48461,6.48412,1.81,1
10.08.2021 00:02:28.771,6.48456,6.48412,1,1
10.08.2021 00:02:28.872,6.48457,6.48405,1,1.5
10.08.2021 00:02:29.250,6.48457,6.48405,1,1.12
10.08.2021 00:02:30.393,6.48457,6.4840800000000005,1,1
10.08.2021 00:02:30.494,6.48457,6.48407,1,1
10.08.2021 00:02:32.056,6.48452,6.48397,1,1.5
10.08.2021 00:02:32.397,6.48446,6.48397,1,1.5
10.08.2021 00:02:32.912,6.48446,6.48397,1,1.5
10.08.2021 00:02:33.913,6.48447,6.48396,1,1.5
10.08.2021 00:02:41.954,6.48447,6.484190000000001,1,1
10.08.2021 00:02:42.056,6.48453,6.4843,1,1
10.08.2021 00:02:42.106,6.48479,6.48437,1,1
10.08.2021 00:02:42.157,6.48479,6.48432,1,1
10.08.2021 00:02:42.258,6.4846900000000005,6.484240000000001,1,1.5
10.08.2021 00:02:42.560,6.48477,6.4843,1,1.5
10.08.2021 00:02:42.611,6.4847600000000005,6.48435,1,1
10.08.2021 00:02:42.712,6.48477,6.484380000000001,1,1
10.08.2021 00:02:43.558,6.48477,6.48435,1.5,1
10.08.2021 00:02:43.620,6.48477,6.48435,1.5,1.5
10.08.2021 00:02:44.625,6.48477,6.484380000000001,1,1.5
10.08.2021 00:02:45.627,6.48477,6.484380000000001,1,1.5
10.08.2021 00:02:48.639,6.4847600000000005,6.48439,1,1.5
10.08.2021 00:02:57.942,6.4848300000000005,6.4844,1,1.5
10.08.2021 00:02:58.673,6.4848300000000005,6.4844,1,1.5
10.08.2021 00:02:59.680,6.4848300000000005,6.4844,1,1.5
10.08.2021 00:03:01.697,6.4849000000000006,6.48439,1,1.5
10.08.2021 00:03:02.983,6.48496,6.48444,1,1
10.08.2021 00:03:03.033,6.485040000000001,6.484590000000001,1,1
10.08.2021 00:03:03.134,6.485030000000001,6.48458,1,1
10.08.2021 00:03:03.695,6.48497,6.48458,1,1
10.08.2021 00:03:03.924,6.48493,6.48458,1,1
10.08.2021 00:03:03.975,6.48493,6.484540000000001,1,1
10.08.2021 00:03:04.076,6.48493,6.48452,1.5,1
10.08.2021 00:03:04.553,6.48493,6.484500000000001,1.5,1
10.08.2021 00:03:04.604,6.48486,6.48451,1,1
10.08.2021 00:03:05.506,6.48493,6.484500000000001,2.25,1
10.08.2021 00:03:10.718,6.48493,6.48453,1.5,1
10.08.2021 00:03:18.385,6.48492,6.4846,1,1
10.08.2021 00:03:18.435,6.48498,6.4846,1,1
10.08.2021 00:03:18.536,6.484990000000001,6.4846,1,1
10.08.2021 00:03:18.587,6.4850200000000005,6.4846,1,1
10.08.2021 00:03:18.880,6.484990000000001,6.4846,1,1
10.08.2021 00:03:21.245,6.4849000000000006,6.4846,1,1
10.08.2021 00:03:27.152,6.48497,6.484590000000001,1,1
10.08.2021 00:03:27.203,6.485030000000001,6.4846900000000005,1.5,1
10.08.2021 00:03:27.253,6.485130000000001,6.48471,1,1
10.08.2021 00:03:27.354,6.48519,6.48472,1,1
10.08.2021 00:03:27.405,6.48517,6.48472,1,1
10.08.2021 00:03:28.260,6.4851600000000005,6.48471,1,1
10.08.2021 00:03:28.361,6.48512,6.48471,1,1
10.08.2021 00:03:28.672,6.485080000000001,6.4847,1,1
10.08.2021 00:03:28.773,6.48506,6.4847,1,1
10.08.2021 00:03:28.945,6.48507,6.484630000000001,1,1.1
10.08.2021 00:03:30.277,6.48506,6.48471,1,1
10.08.2021 00:03:30.489,6.48506,6.48467,1,1
10.08.2021 00:03:31.872,6.485130000000001,6.48466,1.9,1
10.08.2021 00:03:31.923,6.48512,6.48472,1,1
10.08.2021 00:03:32.074,6.48507,6.484730000000001,1,1
10.08.2021 00:03:32.526,6.48506,6.48471,1,1
10.08.2021 00:03:32.627,6.48506,6.4847,1,1
10.08.2021 00:03:32.963,6.48505,6.4847,1,1
10.08.2021 00:03:34.000,6.48506,6.484680000000001,1,1
10.08.2021 00:03:35.356,6.4851600000000005,6.4846900000000005,1,1
10.08.2021 00:03:35.407,6.48517,6.484730000000001,1,1
10.08.2021 00:03:35.508,6.48524,6.484940000000001,1,1
10.08.2021 00:03:35.610,6.4852300000000005,6.48497,1,1
10.08.2021 00:03:35.711,6.48524,6.484990000000001,1,1
10.08.2021 00:03:36.599,6.48524,6.48505,1,1.1
10.08.2021 00:03:37.598,6.4852300000000005,6.4850900000000005,1,1.1
10.08.2021 00:03:39.017,6.4852300000000005,6.485040000000001,1,1.1
10.08.2021 00:03:39.679,6.48524,6.4850200000000005,1,1.1
10.08.2021 00:03:48.282,6.4852300000000005,6.485,1,1.1
10.08.2021 00:03:53.040,6.4852300000000005,6.485040000000001,1,1.1
10.08.2021 00:04:01.545,6.48537,6.485030000000001,1.12,1.1
10.08.2021 00:04:01.596,6.48536,6.485130000000001,1,1
10.08.2021 00:04:01.697,6.485380000000001,6.485130000000001,1,1
10.08.2021 00:04:01.798,6.485390000000001,6.48507,1,1
10.08.2021 00:04:02.184,6.48537,6.48507,1,1
10.08.2021 00:04:02.466,6.48528,6.485080000000001,1,1.57
10.08.2021 00:04:05.120,6.485290000000001,6.4851,1,1.1
10.08.2021 00:04:10.993,6.48535,6.4851,1,1.1
10.08.2021 00:04:11.094,6.4854400000000005,6.485130000000001,1,1.1
10.08.2021 00:04:11.145,6.48547,6.485130000000001,1,1.1
10.08.2021 00:04:11.550,6.48547,6.4851600000000005,1,1.1
10.08.2021 00:04:11.858,6.485430000000001,6.4851600000000005,1,1.1
10.08.2021 00:04:12.035,6.485380000000001,6.4851600000000005,1,1.1
10.08.2021 00:04:14.687,6.485430000000001,6.4851600000000005,1,1.1
10.08.2021 00:04:14.793,6.4854400000000005,6.4851600000000005,1,1.1
10.08.2021 00:04:14.891,6.485430000000001,6.485200000000001,1,1.1
10.08.2021 00:04:18.467,6.4854400000000005,6.48487,1,1.1
10.08.2021 00:04:18.518,6.485430000000001,6.48488,1,1
10.08.2021 00:04:18.732,6.485430000000001,6.48487,1,1
10.08.2021 00:04:19.034,6.4854400000000005,6.48487,1,1
10.08.2021 00:04:19.384,6.48542,6.48488,1,1
10.08.2021 00:04:19.653,6.485390000000001,6.48486,1,1
10.08.2021 00:04:20.577,6.4854400000000005,6.48486,1,1
10.08.2021 00:04:20.695,6.48537,6.484850000000001,1,1
10.08.2021 00:04:20.796,6.4854400000000005,6.48495,1,1
10.08.2021 00:04:21.205,6.48546,6.48495,1.5,1
10.08.2021 00:04:21.256,6.48547,6.48497,1.5,1
10.08.2021 00:04:23.421,6.48533,6.48497,1,1
10.08.2021 00:04:23.885,6.48547,6.48497,1.5,1
10.08.2021 00:04:24.513,6.48537,6.48497,1,1
10.08.2021 00:04:32.172,6.48541,6.48498,1.5,1
10.08.2021 00:04:32.273,6.48546,6.48498,1.5,1
10.08.2021 00:04:32.323,6.48545,6.48497,1,1
10.08.2021 00:04:32.986,6.485430000000001,6.48497,1,1
10.08.2021 00:04:33.180,6.48536,6.48498,1,1
10.08.2021 00:04:33.713,6.485340000000001,6.48498,1,1
10.08.2021 00:04:33.941,6.48537,6.48497,1,1
10.08.2021 00:04:35.079,6.485340000000001,6.48497,1,1
10.08.2021 00:04:35.180,6.48533,6.48491,1,1
10.08.2021 00:04:35.231,6.485340000000001,6.484850000000001,1,1
10.08.2021 00:04:35.654,6.485340000000001,6.48477,1,1
10.08.2021 00:04:35.704,6.48533,6.484850000000001,1,1
10.08.2021 00:05:00.549,6.48533,6.4849000000000006,1,1
10.08.2021 00:05:00.600,6.48537,6.48491,1.5,1
10.08.2021 00:05:01.617,6.48531,6.48492,1,1
10.08.2021 00:05:01.733,6.48531,6.48493,1,1
10.08.2021 00:05:01.783,6.48532,6.48488,1,1
10.08.2021 00:05:01.884,6.48532,6.4848300000000005,1,1
10.08.2021 00:05:02.347,6.48531,6.4847600000000005,1,1.1
10.08.2021 00:05:02.398,6.48531,6.48482,1,1
10.08.2021 00:05:05.189,6.4853000000000005,6.48482,1,1
10.08.2021 00:05:05.340,6.48522,6.48472,1,1.57
10.08.2021 00:05:05.390,6.48522,6.484780000000001,1,1
10.08.2021 00:05:05.743,6.4852300000000005,6.48466,1,1.2
10.08.2021 00:05:05.794,6.48527,6.4847,1,1
10.08.2021 00:05:05.898,6.485250000000001,6.4847,1,1
10.08.2021 00:05:06.049,6.48524,6.48471,1.1,1
10.08.2021 00:05:06.222,6.48521,6.4847,1,1
10.08.2021 00:05:09.549,6.48522,6.48471,1,1
10.08.2021 00:05:09.955,6.48521,6.48471,1,1
10.08.2021 00:05:10.005,6.48512,6.48471,1,1
10.08.2021 00:05:10.452,6.48512,6.48474,1,1
10.08.2021 00:05:10.503,6.48521,6.48474,1,1
10.08.2021 00:05:10.553,6.48522,6.484780000000001,1,1
10.08.2021 00:05:10.664,6.485200000000001,6.484780000000001,1,1
10.08.2021 00:05:10.962,6.4852300000000005,6.48482,1,1
10.08.2021 00:05:13.615,6.48527,6.48481,1,1
10.08.2021 00:05:13.716,6.485250000000001,6.48477,1.1,1
10.08.2021 00:05:16.592,6.48517,6.48477,1,1
10.08.2021 00:05:16.693,6.485080000000001,6.4847,1.5,1
10.08.2021 00:05:16.798,6.485080000000001,6.48474,1.5,1
10.08.2021 00:05:16.900,6.48521,6.484780000000001,1.1,1
10.08.2021 00:05:16.951,6.48521,6.484780000000001,1,1
10.08.2021 00:05:17.052,6.48521,6.48482,1,1
10.08.2021 00:05:17.835,6.48524,6.48482,1.5,1
10.08.2021 00:05:17.886,6.48532,6.4848300000000005,1.6,1
10.08.2021 00:05:17.937,6.48532,6.48487,1.6,1
10.08.2021 00:05:18.056,6.48532,6.48489,1.6,1
10.08.2021 00:05:18.158,6.48524,6.4849000000000006,1,1
10.08.2021 00:05:19.211,6.48532,6.48491,1.6,1
10.08.2021 00:05:20.208,6.48532,6.48491,1.6,1
10.08.2021 00:05:20.955,6.485250000000001,6.4849000000000006,1,1
10.08.2021 00:05:21.243,6.485250000000001,6.48489,1,1
10.08.2021 00:05:23.505,6.48533,6.48489,1.6,1
10.08.2021 00:05:26.259,6.48526,6.4848,1.1,1
10.08.2021 00:05:26.370,6.485250000000001,6.48481,1.1,1
10.08.2021 00:05:26.472,6.48526,6.48479,1.1,1
10.08.2021 00:05:26.573,6.48526,6.48479,1.1,1
10.08.2021 00:05:26.744,6.485250000000001,6.4848,1.1,1
10.08.2021 00:05:27.378,6.48526,6.48475,1.1,1
10.08.2021 00:05:38.262,6.48515,6.4847600000000005,1,1
10.08.2021 00:05:38.368,6.48515,6.484730000000001,1,1.1
10.08.2021 00:05:38.470,6.48515,6.484730000000001,1,1
10.08.2021 00:05:38.571,6.48515,6.48471,1,1.1
10.08.2021 00:05:45.894,6.4852300000000005,6.4847,1.1,1.1
10.08.2021 00:05:46.184,6.48522,6.48471,1.6,1.1
10.08.2021 00:05:56.545,6.4850900000000005,6.484640000000001,1,1.6
10.08.2021 00:05:56.596,6.48515,6.48472,1,1
10.08.2021 00:05:56.647,6.48517,6.4847,1,1.1
10.08.2021 00:05:56.697,6.485180000000001,6.484730000000001,1,1.5
10.08.2021 00:05:56.798,6.48517,6.48477,1,1
10.08.2021 00:05:56.849,6.485250000000001,6.48477,1.1,1
10.08.2021 00:05:56.950,6.48526,6.4847600000000005,1.1,1
10.08.2021 00:06:08.535,6.485250000000001,6.4848300000000005,1.1,1
10.08.2021 00:06:08.636,6.48526,6.48486,1.1,1
10.08.2021 00:06:08.737,6.485250000000001,6.4849000000000006,1,1
10.08.2021 00:06:09.640,6.48531,6.4849000000000006,1,1
10.08.2021 00:06:10.100,6.4853000000000005,6.4849000000000006,1,1
10.08.2021 00:06:10.874,6.48532,6.48489,1,1
10.08.2021 00:06:11.263,6.4853000000000005,6.48486,1,1
10.08.2021 00:06:11.408,6.485290000000001,6.4848300000000005,1,1.1
10.08.2021 00:06:22.659,6.48531,6.4848300000000005,1.1,1.1
10.08.2021 00:06:24.357,6.485290000000001,6.48484,1,1.1
10.08.2021 00:06:24.458,6.48527,6.48484,1,1.1
10.08.2021 00:06:24.561,6.48526,6.48481,1,1.1
10.08.2021 00:06:27.156,6.48526,6.48481,1.5,1.1
10.08.2021 00:06:27.452,6.48521,6.48482,1,1.1
10.08.2021 00:06:27.553,6.485180000000001,6.48481,1,1
10.08.2021 00:06:28.541,6.48517,6.4848,1,1
10.08.2021 00:06:28.643,6.485180000000001,6.4847600000000005,1,1
10.08.2021 00:06:39.864,6.48524,6.48475,1.1,1
10.08.2021 00:06:39.915,6.48521,6.48475,1,1
10.08.2021 00:06:41.127,6.4851600000000005,6.48475,1,1
10.08.2021 00:06:46.478,6.4851600000000005,6.48472,1,1.1
10.08.2021 00:06:47.478,6.4851600000000005,6.4846900000000005,1.5,1.1
10.08.2021 00:06:48.113,6.4851600000000005,6.48472,1,1.1
10.08.2021 00:06:48.413,6.4851600000000005,6.484680000000001,1,1.1
10.08.2021 00:06:48.521,6.4851600000000005,6.484680000000001,1,1.1
10.08.2021 00:06:51.370,6.48515,6.48472,1,1.1
10.08.2021 00:06:51.420,6.48515,6.48472,1,1.1
10.08.2021 00:06:51.906,6.4851600000000005,6.4847600000000005,1,1
10.08.2021 00:06:52.345,6.48515,6.4846900000000005,1,1.1
10.08.2021 00:06:53.655,6.48522,6.4846900000000005,1.1,1.1
10.08.2021 00:06:53.706,6.48515,6.484680000000001,1,1.1
10.08.2021 00:06:54.532,6.48515,6.484680000000001,1,1.1
10.08.2021 00:06:55.086,6.48514,6.48477,1,1
10.08.2021 00:06:55.360,6.48515,6.484680000000001,1,1.1
10.08.2021 00:06:55.890,6.48515,6.48477,1,1
10.08.2021 00:06:56.083,6.48514,6.48481,1,1
10.08.2021 00:06:56.134,6.4852300000000005,6.4848,1.1,1
10.08.2021 00:06:56.423,6.48522,6.48481,1,1
10.08.2021 00:07:01.550,6.4852300000000005,6.484780000000001,1,1
10.08.2021 00:07:01.741,6.4852300000000005,6.4847600000000005,1,1
10.08.2021 00:07:01.791,6.48515,6.4847600000000005,1,1
10.08.2021 00:07:01.842,6.48515,6.48472,1,1.1
10.08.2021 00:07:05.010,6.48514,6.48477,1,1
10.08.2021 00:07:08.494,6.48514,6.484730000000001,1,1.1
10.08.2021 00:07:09.008,6.48515,6.48472,1,1.1
10.08.2021 00:07:09.357,6.48515,6.48472,1,1.1
10.08.2021 00:07:09.514,6.48514,6.4846900000000005,1,1.1
10.08.2021 00:07:09.565,6.48515,6.48475,1,1
10.08.2021 00:07:09.616,6.48514,6.4847,1,1.1
10.08.2021 00:07:09.717,6.48521,6.4846900000000005,1.1,1.1
10.08.2021 00:07:09.861,6.48522,6.48472,1,1.1
10.08.2021 00:07:09.958,6.48522,6.48477,1,1
10.08.2021 00:07:22.583,6.48524,6.48477,1,1
10.08.2021 00:07:51.755,6.4852300000000005,6.484850000000001,1,1
10.08.2021 00:08:05.551,6.48524,6.48481,1,1
10.08.2021 00:08:06.916,6.48524,6.48486,1,1
10.08.2021 00:08:07.017,6.4852300000000005,6.4849000000000006,1,1
10.08.2021 00:08:10.158,6.48524,6.48492,1,1
10.08.2021 00:08:10.209,6.48532,6.48493,1.12,1
10.08.2021 00:08:10.259,6.48532,6.48497,1.12,1
10.08.2021 00:08:10.365,6.48531,6.484940000000001,1,1
10.08.2021 00:08:10.416,6.48533,6.48495,1.5,1
10.08.2021 00:08:10.647,6.485340000000001,6.484940000000001,1.1,1
10.08.2021 00:08:10.934,6.48533,6.484940000000001,1,1
10.08.2021 00:08:11.845,6.48532,6.48484,1,1.1
10.08.2021 00:08:12.012,6.48532,6.4848300000000005,1,1.1
10.08.2021 00:08:13.812,6.48533,6.4848,1,1.1
10.08.2021 00:08:25.359,6.48533,6.4849000000000006,1,1
10.08.2021 00:08:26.295,6.48532,6.48487,1,1.1
10.08.2021 00:08:28.426,6.48526,6.484850000000001,1,1.1
10.08.2021 00:08:28.476,6.4848,6.4847,1,1
10.08.2021 00:08:28.530,6.48489,6.4846900000000005,1,1
10.08.2021 00:08:28.581,6.48489,6.48446,1.5,1
10.08.2021 00:08:28.631,6.4847600000000005,6.4844800000000005,1,1
10.08.2021 00:08:28.682,6.48475,6.484330000000001,1,1
10.08.2021 00:08:28.733,6.48467,6.484280000000001,1,1
10.08.2021 00:08:28.783,6.48475,6.4843,1,1
10.08.2021 00:08:28.896,6.4846900000000005,6.48425,1.1,1
10.08.2021 00:08:28.947,6.48466,6.48412,1.1,1
10.08.2021 00:08:29.048,6.484640000000001,6.48413,1.1,1
10.08.2021 00:08:29.267,6.484630000000001,6.48409,1.1,1
10.08.2021 00:08:29.477,6.484640000000001,6.48414,1.1,1
10.08.2021 00:08:29.578,6.48461,6.48427,1.1,1
10.08.2021 00:08:29.629,6.48472,6.48423,1.1,1
10.08.2021 00:08:29.680,6.48472,6.48423,1.2,1
10.08.2021 00:08:29.781,6.48474,6.484240000000001,1.1,1
10.08.2021 00:08:29.891,6.48474,6.48426,1.1,1
10.08.2021 00:08:30.982,6.48474,6.48427,1.1,1
10.08.2021 00:08:34.206,6.48475,6.484240000000001,1.6,1.5
10.08.2021 00:08:35.768,6.4847600000000005,6.484240000000001,1.6,1.5
10.08.2021 00:08:36.140,6.48479,6.48425,2.1,1
10.08.2021 00:08:36.597,6.484780000000001,6.4842,1.6,1
10.08.2021 00:08:37.702,6.484780000000001,6.484240000000001,1.1,1
10.08.2021 00:08:38.895,6.484780000000001,6.484190000000001,1.1,1
10.08.2021 00:08:39.330,6.484730000000001,6.48418,1,1
10.08.2021 00:08:39.595,6.48467,6.48418,1,1
10.08.2021 00:08:39.645,6.48467,6.48416,1,1
10.08.2021 00:08:39.696,6.48465,6.48416,1,1
10.08.2021 00:08:51.413,6.484640000000001,6.48411,1,1
10.08.2021 00:08:51.464,6.48465,6.48414,1,1
10.08.2021 00:08:54.924,6.48466,6.4841500000000005,1,1
10.08.2021 00:08:55.025,6.48466,6.48412,1.5,1
10.08.2021 00:08:55.154,6.48467,6.4840800000000005,1.5,1
10.08.2021 00:08:55.205,6.48457,6.48407,1,1
10.08.2021 00:08:55.556,6.48457,6.4840800000000005,1,1
10.08.2021 00:09:03.535,6.4845500000000005,6.48407,1,1
10.08.2021 00:09:04.034,6.48458,6.48407,1,1
10.08.2021 00:09:05.539,6.48456,6.4840800000000005,1,1
10.08.2021 00:09:06.293,6.48457,6.48406,1,1
10.08.2021 00:09:06.343,6.48451,6.48407,1,1
10.08.2021 00:09:06.394,6.48452,6.48402,1,1
10.08.2021 00:09:06.879,6.48451,6.48405,1,1
10.08.2021 00:09:06.980,6.48457,6.48409,1,1
10.08.2021 00:09:07.031,6.48458,6.48412,1,1
10.08.2021 00:09:07.081,6.48458,6.484100000000001,1,1
10.08.2021 00:09:13.643,6.48457,6.48413,1,1
10.08.2021 00:09:17.379,6.48458,6.4840800000000005,1.5,1
10.08.2021 00:09:17.655,6.48458,6.484030000000001,2.25,1
10.08.2021 00:09:17.706,6.48451,6.48404,1,1
10.08.2021 00:09:17.756,6.48451,6.48402,1,1
10.08.2021 00:09:17.835,6.4845500000000005,6.4840100000000005,1,1
10.08.2021 00:09:18.179,6.48457,6.48402,1.5,1
10.08.2021 00:09:18.976,6.48457,6.48404,1,1
10.08.2021 00:09:19.144,6.48458,6.4840800000000005,1,1
10.08.2021 00:09:29.224,6.48457,6.48405,1,1
10.08.2021 00:09:29.452,6.48457,6.48404,1,1
10.08.2021 00:09:34.907,6.48457,6.48405,1,1
10.08.2021 00:09:35.039,6.48457,6.48409,1,1
10.08.2021 00:09:37.089,6.48458,6.48405,1,1
10.08.2021 00:09:37.475,6.48456,6.48406,1,1
10.08.2021 00:09:44.679,6.48458,6.48405,1,1
10.08.2021 00:09:44.730,6.48457,6.48412,1,1
10.08.2021 00:09:46.529,6.48457,6.48407,1,1
10.08.2021 00:09:47.052,6.48457,6.48406,1,1
10.08.2021 00:09:47.153,6.48457,6.484030000000001,1.1,1
10.08.2021 00:09:47.734,6.48456,6.48402,1,1
10.08.2021 00:09:47.835,6.48457,6.484,1,1
10.08.2021 00:09:47.885,6.48457,6.484,1.1,1
10.08.2021 00:09:48.185,6.48457,6.484,1,1
10.08.2021 00:09:49.632,6.48458,6.484330000000001,1,1
10.08.2021 00:09:49.683,6.484780000000001,6.48439,1,1.1
10.08.2021 00:09:49.734,6.48477,6.48442,1,1.6
10.08.2021 00:09:49.785,6.48487,6.48447,1,1.6
10.08.2021 00:09:49.836,6.48488,6.4846900000000005,1,1
10.08.2021 00:09:49.887,6.485110000000001,6.48465,1.1,1
10.08.2021 00:09:49.938,6.485110000000001,6.484630000000001,1.1,1
10.08.2021 00:09:50.140,6.48512,6.4846,1.1,1
10.08.2021 00:09:50.313,6.485110000000001,6.484640000000001,1.1,1
10.08.2021 00:09:51.005,6.485110000000001,6.484640000000001,1.1,1
10.08.2021 00:09:54.434,6.48512,6.48466,1.1,1
10.08.2021 00:09:54.484,6.48517,6.48466,1,1
10.08.2021 00:09:54.535,6.48519,6.48467,1.1,1
10.08.2021 00:09:56.637,6.48514,6.484590000000001,1,1
10.08.2021 00:10:02.594,6.48512,6.484590000000001,1,1
10.08.2021 00:10:02.794,6.4850900000000005,6.48457,1,1.22
10.08.2021 00:10:02.912,6.485040000000001,6.48452,1,1.6
10.08.2021 00:10:03.444,6.48498,6.48452,1,1.6
10.08.2021 00:10:04.450,6.484990000000001,6.48451,1,1
10.08.2021 00:10:14.226,6.48471,6.4844100000000005,1.5,1.5
10.08.2021 00:10:14.276,6.48488,6.48444,1,1
10.08.2021 00:10:14.378,6.484850000000001,6.48418,1.1,2.35
10.08.2021 00:10:14.428,6.48467,6.48418,1.1,1.5
10.08.2021 00:10:14.479,6.48467,6.48411,1.1,1
10.08.2021 00:10:14.529,6.48462,6.484100000000001,1.1,1.1
10.08.2021 00:10:14.630,6.484630000000001,6.48409,1.1,1
10.08.2021 00:10:14.731,6.48461,6.48409,1.1,1.5
10.08.2021 00:10:14.832,6.484630000000001,6.4840800000000005,1.1,1
10.08.2021 00:10:15.234,6.48462,6.48409,1.6,1
10.08.2021 00:10:16.778,6.4845500000000005,6.4840800000000005,1.1,1
10.08.2021 00:10:18.999,6.484540000000001,6.48405,1.1,1.5
10.08.2021 00:10:19.100,6.484540000000001,6.48402,1.1,1
10.08.2021 00:10:19.150,6.484500000000001,6.48402,1,1
10.08.2021 00:10:19.525,6.484500000000001,6.48396,1,1
10.08.2021 00:10:19.785,6.48453,6.4840100000000005,1.2,1
10.08.2021 00:10:19.982,6.484540000000001,6.48404,1.1,1
10.08.2021 00:10:20.886,6.4845500000000005,6.48404,1.1,1
10.08.2021 00:10:29.932,6.4845500000000005,6.4840800000000005,1.1,1
10.08.2021 00:10:39.021,6.48451,6.48404,1.1,1
10.08.2021 00:10:45.128,6.48451,6.48406,1.1,1
10.08.2021 00:10:45.381,6.48456,6.48411,1.1,1
10.08.2021 00:10:55.701,6.48456,6.484100000000001,1.1,1
10.08.2021 00:10:56.200,6.484540000000001,6.484100000000001,1.1,1
10.08.2021 00:11:05.555,6.484540000000001,6.48407,1.1,1
10.08.2021 00:11:05.606,6.48456,6.48407,1,1
10.08.2021 00:11:05.870,6.48456,6.4840100000000005,1,1
10.08.2021 00:11:06.112,6.4844800000000005,6.48397,1,1.5
10.08.2021 00:11:18.892,6.48457,6.48431,1,1
10.08.2021 00:11:18.942,6.484730000000001,6.484330000000001,1,1
10.08.2021 00:11:18.993,6.48474,6.4844,1,1
10.08.2021 00:11:19.094,6.48487,6.48446,2.25,1.1
10.08.2021 00:11:19.195,6.484990000000001,6.48449,1,1.1
10.08.2021 00:11:19.346,6.48496,6.48444,1,1.1
10.08.2021 00:11:19.865,6.48496,6.484450000000001,1,1.1
10.08.2021 00:11:20.008,6.48495,6.48446,1,1.1
10.08.2021 00:11:20.687,6.48495,6.48446,1,1.6
10.08.2021 00:11:23.342,6.48495,6.48446,1,1.6
10.08.2021 00:11:26.043,6.48495,6.48446,1,1.6
10.08.2021 00:11:27.629,6.48487,6.484450000000001,1,1.6
10.08.2021 00:11:34.161,6.48486,6.48446,1,1.6
10.08.2021 00:11:40.182,6.48487,6.484450000000001,1,1.6
10.08.2021 00:11:57.515,6.484940000000001,6.484450000000001,1,1.6
10.08.2021 00:12:07.255,6.48496,6.4842900000000006,1,1.5
10.08.2021 00:12:07.306,6.48497,6.484280000000001,1,1
10.08.2021 00:12:07.357,6.48496,6.48426,1,1
10.08.2021 00:12:07.407,6.48487,6.48426,1,1
10.08.2021 00:12:07.508,6.48487,6.4843,1,1
10.08.2021 00:12:07.720,6.48488,6.48425,1,1
10.08.2021 00:12:10.940,6.48492,6.48425,1,1
10.08.2021 00:12:27.486,6.48487,6.48416,1,1
10.08.2021 00:12:27.587,6.48481,6.4841500000000005,1,1
10.08.2021 00:12:27.688,6.48474,6.484100000000001,1,1
10.08.2021 00:12:27.789,6.48457,6.48406,1,1
10.08.2021 00:12:27.941,6.48467,6.48411,1.5,1
10.08.2021 00:12:28.042,6.48472,6.48399,1,1.5
10.08.2021 00:12:28.092,6.48457,6.484,1,1
10.08.2021 00:12:28.193,6.48458,6.48404,1,1
10.08.2021 00:12:28.405,6.48458,6.48406,1,1
10.08.2021 00:12:28.607,6.484630000000001,6.48407,1,1
10.08.2021 00:12:28.995,6.48461,6.48407,1,1
10.08.2021 00:12:35.636,6.48466,6.48407,1,1
10.08.2021 00:12:40.193,6.48466,6.484,1,1
10.08.2021 00:12:40.293,6.48467,6.4839,1,1.5
10.08.2021 00:12:40.394,6.48451,6.48391,1,1.5
10.08.2021 00:12:42.301,6.48452,6.4840100000000005,1,1
10.08.2021 00:12:45.283,6.48451,6.484190000000001,1,1
10.08.2021 00:12:45.384,6.484540000000001,6.48418,1,1
10.08.2021 00:13:46.208,6.484540000000001,6.48414,1,1
10.08.2021 00:13:47.025,6.48457,6.48414,1,1
10.08.2021 00:13:49.823,6.4845500000000005,6.48414,1,1
10.08.2021 00:14:14.620,6.48456,6.4841500000000005,1,1
10.08.2021 00:14:14.670,6.484540000000001,6.48414,1,1
10.08.2021 00:14:52.389,6.48453,6.484190000000001,1,1
10.08.2021 00:15:15.807,6.484680000000001,6.48447,1.27,1
10.08.2021 00:15:15.907,6.4848300000000005,6.484500000000001,1.5,1
10.08.2021 00:15:15.958,6.48488,6.484500000000001,1.87,1
10.08.2021 00:15:16.008,6.48477,6.484640000000001,1.5,1
10.08.2021 00:15:16.109,6.484940000000001,6.484640000000001,1,1
10.08.2021 00:15:16.808,6.48495,6.48461,1,1
10.08.2021 00:15:19.402,6.484940000000001,6.48461,1,1
10.08.2021 00:15:30.369,6.484940000000001,6.4846,1,1
10.08.2021 00:15:31.055,6.48495,6.4846,1,1
10.08.2021 00:15:35.119,6.48495,6.48456,1,1
10.08.2021 00:15:38.210,6.48501,6.48456,1,1
10.08.2021 00:15:38.359,6.484990000000001,6.4846,1,1
10.08.2021 00:15:38.979,6.4850200000000005,6.484590000000001,1,1
10.08.2021 00:15:39.080,6.48492,6.484590000000001,1,1
10.08.2021 00:15:41.371,6.48492,6.48457,1,1
10.08.2021 00:15:56.553,6.48497,6.48458,1,1
10.08.2021 00:16:04.711,6.48497,6.48457,1,1
10.08.2021 00:16:09.933,6.48497,6.48458,1,1
10.08.2021 00:16:15.964,6.485040000000001,6.48458,1.6,1
10.08.2021 00:16:16.085,6.485030000000001,6.48457,1,1
10.08.2021 00:16:21.122,6.484990000000001,6.48458,1,1
10.08.2021 00:16:21.223,6.484990000000001,6.484630000000001,1,1
10.08.2021 00:16:23.001,6.484990000000001,6.4846,1,1
10.08.2021 00:16:23.101,6.484990000000001,6.4845500000000005,1,1
10.08.2021 00:16:29.996,6.4848,6.48451,1,1.12
10.08.2021 00:16:30.097,6.4847600000000005,6.48451,1,1
10.08.2021 00:16:30.698,6.48471,6.484500000000001,1,1
10.08.2021 00:16:31.120,6.4847600000000005,6.48451,1,1
10.08.2021 00:16:40.814,6.484780000000001,6.484500000000001,1,1
10.08.2021 00:17:30.166,6.4847,6.48451,1,1
10.08.2021 00:17:30.217,6.484730000000001,6.48451,1,1
10.08.2021 00:17:40.767,6.48474,6.4844,1,1
10.08.2021 00:17:40.818,6.48474,6.48432,1,1
10.08.2021 00:17:44.887,6.48474,6.484500000000001,1,1
10.08.2021 00:17:55.199,6.48475,6.48451,1,1
10.08.2021 00:18:02.516,6.48475,6.4844100000000005,1,1
10.08.2021 00:18:02.567,6.4847600000000005,6.48434,1,1
10.08.2021 00:18:02.667,6.48475,6.484330000000001,1,1.12
10.08.2021 00:18:02.894,6.4846900000000005,6.484330000000001,1,1.12
10.08.2021 00:18:06.996,6.48467,6.48432,1,1
10.08.2021 00:18:07.147,6.484500000000001,6.484,1,2
10.08.2021 00:18:07.198,6.48439,6.484,1,1.5
10.08.2021 00:18:07.299,6.48439,6.484,1,1.5
10.08.2021 00:18:07.349,6.48434,6.484,1,1
10.08.2021 00:18:07.501,6.48432,6.4840100000000005,1,1
10.08.2021 00:18:07.551,6.48434,6.4840100000000005,1,1
10.08.2021 00:18:07.602,6.48439,6.484,1,1
10.08.2021 00:18:09.280,6.48442,6.48404,1,1
10.08.2021 00:18:09.865,6.48447,6.484030000000001,1,1
10.08.2021 00:18:11.389,6.48446,6.48404,1,1.5
10.08.2021 00:18:16.446,6.48446,6.4840100000000005,1,1.5
10.08.2021 00:18:18.465,6.48446,6.4840100000000005,1,1.5
10.08.2021 00:18:20.463,6.48447,6.484,1.5,1.5
10.08.2021 00:18:21.149,6.48444,6.484,1,1.5
10.08.2021 00:18:21.424,6.48444,6.484,1,1.5
10.08.2021 00:18:22.426,6.484430000000001,6.4840100000000005,1,1.5
10.08.2021 00:18:41.568,6.48447,6.484,1,1.5
10.08.2021 00:18:41.619,6.484500000000001,6.48406,1,1
10.08.2021 00:18:41.669,6.48451,6.4840800000000005,1,1
10.08.2021 00:18:41.946,6.48453,6.48409,1,1
10.08.2021 00:18:42.652,6.48453,6.48409,1,1.5
10.08.2021 00:18:47.668,6.48453,6.48407,1,1.5
10.08.2021 00:18:59.908,6.484540000000001,6.48402,1,1.6
10.08.2021 00:19:02.204,6.48458,6.4840800000000005,1,1.12
10.08.2021 00:19:02.732,6.48458,6.4840800000000005,1,1.5
10.08.2021 00:19:06.752,6.484590000000001,6.48407,1,1.5
10.08.2021 00:19:09.559,6.48458,6.48404,1,1.5
10.08.2021 00:19:09.773,6.48456,6.48405,1,1.5
10.08.2021 00:19:09.823,6.484500000000001,6.48404,1,1.5
10.08.2021 00:19:09.974,6.48449,6.48404,1,1.5
10.08.2021 00:19:10.932,6.48449,6.48404,1,1.5
10.08.2021 00:19:11.698,6.484500000000001,6.48406,1,1
10.08.2021 00:19:15.516,6.48456,6.48406,1,1
10.08.2021 00:19:15.567,6.48461,6.48414,1,1
10.08.2021 00:19:16.445,6.48461,6.484100000000001,1,1
10.08.2021 00:19:18.294,6.48465,6.48409,1.5,1
10.08.2021 00:19:18.428,6.48465,6.48409,1.6,1
10.08.2021 00:19:20.667,6.484640000000001,6.48405,1.1,1
10.08.2021 00:19:27.903,6.484640000000001,6.48405,1,1
10.08.2021 00:19:28.464,6.48462,6.48405,1,1
10.08.2021 00:19:28.567,6.48462,6.48411,1,1
10.08.2021 00:19:32.661,6.4846900000000005,6.48416,1.8,1
10.08.2021 00:19:32.762,6.4847,6.48425,1.1,1
10.08.2021 00:19:32.863,6.4847,6.48425,1,1
10.08.2021 00:19:32.914,6.4847,6.4842900000000006,1,1
10.08.2021 00:19:32.964,6.4848,6.48432,1,1
10.08.2021 00:19:33.015,6.4848,6.48437,1,1
10.08.2021 00:19:34.565,6.48486,6.484380000000001,1,1
10.08.2021 00:19:34.665,6.48486,6.484330000000001,1,1
10.08.2021 00:19:34.941,6.48487,6.484280000000001,1,1
10.08.2021 00:19:51.795,6.48487,6.48422,1,1
10.08.2021 00:20:08.943,6.48491,6.48422,1.1,1
10.08.2021 00:20:09.043,6.48491,6.484330000000001,1,1
10.08.2021 00:20:09.437,6.48491,6.48437,1,1
10.08.2021 00:20:19.968,6.48488,6.48437,1,1
10.08.2021 00:20:20.018,6.48497,6.4844100000000005,1,1
10.08.2021 00:20:20.608,6.48492,6.4844100000000005,1,1
10.08.2021 00:20:21.561,6.4850200000000005,6.4844100000000005,1.63,1
10.08.2021 00:20:21.633,6.485040000000001,6.484450000000001,2.13,1
10.08.2021 00:20:24.170,6.48497,6.484450000000001,1,1
10.08.2021 00:20:29.921,6.485030000000001,6.48446,1.63,1
10.08.2021 00:20:30.025,6.48496,6.48446,1,1
10.08.2021 00:20:30.076,6.48496,6.4844100000000005,1.6,1
10.08.2021 00:20:30.126,6.48497,6.4844,1.6,1
10.08.2021 00:20:30.227,6.48491,6.484360000000001,1,1
10.08.2021 00:20:35.065,6.48475,6.484360000000001,1.1,1
10.08.2021 00:20:35.373,6.48462,6.484280000000001,1.6,1
10.08.2021 00:20:35.423,6.48457,6.48413,1.1,1
10.08.2021 00:20:35.474,6.48462,6.48414,1.6,1
10.08.2021 00:20:35.625,6.484680000000001,6.4841500000000005,1.5,1
10.08.2021 00:20:35.676,6.48477,6.48423,1.6,1
10.08.2021 00:20:35.777,6.48474,6.48431,1.1,1
10.08.2021 00:20:35.827,6.48474,6.484240000000001,1.1,1
10.08.2021 00:20:35.878,6.48475,6.48423,1.1,1
10.08.2021 00:20:35.928,6.4848,6.48423,1,1
10.08.2021 00:20:35.978,6.48481,6.4843,1,1
10.08.2021 00:20:36.079,6.48493,6.484360000000001,1.5,1
10.08.2021 00:20:36.130,6.48492,6.484380000000001,1,1
10.08.2021 00:20:36.666,6.484940000000001,6.484380000000001,1.1,1
10.08.2021 00:20:36.850,6.48487,6.484380000000001,1,1
10.08.2021 00:20:40.402,6.48482,6.484380000000001,1,1
10.08.2021 00:20:43.092,6.48493,6.48439,1.6,1
10.08.2021 00:20:44.344,6.484940000000001,6.48442,1.6,1
10.08.2021 00:20:50.217,6.48493,6.484430000000001,1.1,1
10.08.2021 00:20:50.318,6.484990000000001,6.484500000000001,1.03,1
10.08.2021 00:20:50.723,6.484990000000001,6.48451,1.03,1
10.08.2021 00:21:29.562,6.485040000000001,6.4844800000000005,1.53,1
10.08.2021 00:21:34.828,6.48496,6.4844800000000005,1,1
10.08.2021 00:22:35.657,6.48498,6.4844800000000005,1.53,1
10.08.2021 00:22:40.862,6.48498,6.48452,1.53,1
10.08.2021 00:22:59.727,6.484990000000001,6.48451,1,1
10.08.2021 00:23:05.714,6.48498,6.48456,1,1
10.08.2021 00:23:05.951,6.484990000000001,6.4845500000000005,1.53,1
10.08.2021 00:23:37.037,6.48507,6.484590000000001,1.63,1
10.08.2021 00:23:41.063,6.485080000000001,6.4845500000000005,1.53,1
10.08.2021 00:23:48.595,6.48507,6.48462,2.03,1
10.08.2021 00:23:48.907,6.48501,6.48458,1.53,1
10.08.2021 00:23:49.008,6.485040000000001,6.484590000000001,1.53,1
10.08.2021 00:23:57.008,6.485040000000001,6.4846,1.03,1
10.08.2021 00:24:04.593,6.48505,6.48462,1.03,1
10.08.2021 00:24:07.703,6.48506,6.4846,1.03,1
10.08.2021 00:24:13.015,6.48506,6.48465,1.03,1
10.08.2021 00:24:13.116,6.48507,6.48466,1,1
10.08.2021 00:24:13.167,6.485080000000001,6.48477,1,1
10.08.2021 00:24:13.217,6.48527,6.48484,1.1,1
10.08.2021 00:24:13.268,6.48527,6.48489,1.2,1
10.08.2021 00:24:13.319,6.48527,6.48486,1,1
10.08.2021 00:24:13.369,6.48528,6.48489,1,1
10.08.2021 00:24:13.420,6.48528,6.48482,1,1
10.08.2021 00:24:13.571,6.48527,6.48488,1,1
10.08.2021 00:24:13.681,6.48527,6.48492,1,1
10.08.2021 00:24:13.916,6.48528,6.48486,1,1
10.08.2021 00:24:53.976,6.48527,6.48491,1,1
10.08.2021 00:24:59.684,6.48535,6.4849000000000006,1,1
10.08.2021 00:25:00.790,6.48535,6.48486,1,1
10.08.2021 00:25:01.297,6.485340000000001,6.48484,1,1
10.08.2021 00:25:08.921,6.48521,6.4847,1,1.6
10.08.2021 00:25:08.971,6.48517,6.48465,1,1
10.08.2021 00:25:09.022,6.48515,6.48461,1,1
10.08.2021 00:25:09.073,6.48512,6.48458,1,1
10.08.2021 00:25:10.192,6.4852300000000005,6.48462,1.8,1
10.08.2021 00:25:10.242,6.48519,6.4846900000000005,1,1
10.08.2021 00:25:10.343,6.48519,6.48471,1,1
10.08.2021 00:25:10.444,6.48532,6.484850000000001,1,1
10.08.2021 00:25:10.495,6.48533,6.484990000000001,1,1
10.08.2021 00:25:10.546,6.48546,6.484990000000001,1,1
10.08.2021 00:25:10.647,6.4854,6.485,1,1
10.08.2021 00:25:10.748,6.4854,6.48496,1,1
10.08.2021 00:25:10.799,6.48531,6.48489,1.5,1
10.08.2021 00:25:10.849,6.4853000000000005,6.48479,1.5,1
10.08.2021 00:25:12.316,6.48531,6.48477,1,1
10.08.2021 00:25:12.534,6.4853000000000005,6.48486,1,1
10.08.2021 00:25:12.635,6.48531,6.4849000000000006,1,1
10.08.2021 00:25:12.851,6.48531,6.48489,1,1
10.08.2021 00:25:27.227,6.48531,6.484850000000001,1,1
10.08.2021 00:25:27.278,6.48527,6.484850000000001,1,1
10.08.2021 00:25:27.328,6.4852300000000005,6.484780000000001,1,1
10.08.2021 00:25:27.379,6.485200000000001,6.4846900000000005,1,1
10.08.2021 00:25:27.480,6.48519,6.484590000000001,1.5,1.5
10.08.2021 00:25:27.530,6.48519,6.484640000000001,1.5,1
10.08.2021 00:25:27.581,6.48519,6.48461,1,1
10.08.2021 00:25:35.452,6.48519,6.48452,1,1
10.08.2021 00:25:43.230,6.4851600000000005,6.48452,1.1,1
10.08.2021 00:25:43.331,6.485080000000001,6.48453,1,1
10.08.2021 00:25:44.588,6.48507,6.484540000000001,1.5,1
10.08.2021 00:25:45.611,6.485080000000001,6.4845500000000005,1.5,1
10.08.2021 00:25:46.164,6.48507,6.4846,1.5,1
10.08.2021 00:26:09.004,6.485040000000001,6.4846,1,1
10.08.2021 00:26:12.020,6.485080000000001,6.484590000000001,2.75,1
10.08.2021 00:26:15.032,6.48512,6.484640000000001,1.2,1
10.08.2021 00:26:15.184,6.485180000000001,6.48467,1.5,1
10.08.2021 00:26:15.285,6.485180000000001,6.48471,1.5,1
10.08.2021 00:26:15.556,6.48512,6.4846900000000005,1.2,1
10.08.2021 00:26:15.657,6.485080000000001,6.48467,1,1
10.08.2021 00:26:15.758,6.485080000000001,6.4846,1,1
10.08.2021 00:26:17.795,6.485080000000001,6.4846,1.5,1
10.08.2021 00:26:19.600,6.485040000000001,6.48461,1,1
10.08.2021 00:27:28.566,6.48507,6.48461,1.6,1
10.08.2021 00:27:29.554,6.485080000000001,6.484590000000001,1.6,1
10.08.2021 00:27:30.202,6.485080000000001,6.484590000000001,1.6,1
10.08.2021 00:27:30.597,6.485080000000001,6.484590000000001,2.1,1
10.08.2021 00:27:35.627,6.48507,6.4846,1.6,1
10.08.2021 00:27:35.752,6.48507,6.4845500000000005,1.6,1
10.08.2021 00:27:35.853,6.4850200000000005,6.48456,1.1,1
10.08.2021 00:27:39.398,6.4850200000000005,6.48456,1.1,1
10.08.2021 00:27:39.556,6.4850200000000005,6.48453,1.6,1
10.08.2021 00:27:39.607,6.48497,6.48452,1.1,1
10.08.2021 00:27:39.657,6.48497,6.4844800000000005,1.57,1
10.08.2021 00:27:39.758,6.48496,6.48449,1.1,1
10.08.2021 00:27:39.809,6.48493,6.48444,1,1
10.08.2021 00:27:48.860,6.48493,6.4844800000000005,1,1
10.08.2021 00:27:51.293,6.48486,6.4844100000000005,1,1
10.08.2021 00:27:51.394,6.48488,6.484380000000001,1.1,1.5
10.08.2021 00:27:51.444,6.48487,6.48439,1.1,1
10.08.2021 00:27:51.495,6.4848300000000005,6.48434,1.57,1.1
10.08.2021 00:27:51.551,6.48484,6.48431,1.1,1
10.08.2021 00:27:51.652,6.48488,6.48431,1.22,1
10.08.2021 00:27:51.753,6.48488,6.48439,1.1,1
10.08.2021 00:27:51.854,6.48489,6.484380000000001,1.1,1
10.08.2021 00:27:52.028,6.48488,6.48439,1.1,1
10.08.2021 00:28:03.036,6.48489,6.48442,1.1,1
10.08.2021 00:28:03.137,6.48488,6.484430000000001,1.1,1
10.08.2021 00:28:03.251,6.48488,6.4844800000000005,1.1,1
10.08.2021 00:28:03.352,6.48488,6.484540000000001,1,1
10.08.2021 00:28:03.453,6.48497,6.484540000000001,1.1,1
10.08.2021 00:28:03.554,6.48497,6.484540000000001,1.1,1
10.08.2021 00:28:06.269,6.4847,6.4844,1,1
10.08.2021 00:28:06.370,6.484640000000001,6.484240000000001,1,1
10.08.2021 00:28:06.421,6.48462,6.48422,1,1.5
10.08.2021 00:28:06.471,6.48456,6.484100000000001,1,1
10.08.2021 00:28:06.572,6.484500000000001,6.48407,1,1
10.08.2021 00:28:06.673,6.48449,6.48411,1,1
10.08.2021 00:28:06.724,6.484500000000001,6.48405,1,1
10.08.2021 00:28:07.157,6.48457,6.484100000000001,1,1
10.08.2021 00:28:07.258,6.48452,6.4840800000000005,1,1
10.08.2021 00:28:07.359,6.48449,6.48411,1,1
10.08.2021 00:28:07.460,6.484500000000001,6.48407,1,1
10.08.2021 00:28:07.562,6.484500000000001,6.48402,1,1
10.08.2021 00:28:08.667,6.484430000000001,6.484030000000001,1.1,1
10.08.2021 00:28:08.952,6.48452,6.48402,1,1.1
10.08.2021 00:28:09.003,6.4846,6.4840800000000005,1,1
10.08.2021 00:28:09.054,6.48462,6.48412,1.1,1
10.08.2021 00:28:09.155,6.48461,6.48413,1,1
10.08.2021 00:28:09.206,6.48461,6.484100000000001,1.5,1
10.08.2021 00:28:09.256,6.48458,6.48406,1,1.1
10.08.2021 00:28:09.440,6.48458,6.48406,1,1.1
10.08.2021 00:28:09.541,6.48458,6.48406,1,1.1
10.08.2021 00:28:09.750,6.48461,6.48409,1,1
10.08.2021 00:28:13.293,6.48461,6.48409,1.1,1
10.08.2021 00:28:13.792,6.48451,6.484,1,1.1
10.08.2021 00:28:13.842,6.484540000000001,6.48404,1,1
10.08.2021 00:28:16.214,6.48453,6.48404,1,1.1
10.08.2021 00:28:38.482,6.4845500000000005,6.484030000000001,1.1,1
10.08.2021 00:28:40.011,6.48453,6.484030000000001,1,1
10.08.2021 00:28:44.101,6.48451,6.484,1.1,1
10.08.2021 00:28:44.442,6.48446,6.4840100000000005,1.1,1
10.08.2021 00:28:44.662,6.48447,6.484,1.1,1
10.08.2021 00:28:51.424,6.48447,6.484,1.1,1
10.08.2021 00:28:55.236,6.484450000000001,6.4840100000000005,1,1
10.08.2021 00:28:55.758,6.4844100000000005,6.4840100000000005,1,1
10.08.2021 00:29:18.579,6.484450000000001,6.484,1.1,1
10.08.2021 00:29:20.455,6.48446,6.484,1.57,1
10.08.2021 00:29:21.334,6.484430000000001,6.484,1,1
10.08.2021 00:29:21.763,6.484450000000001,6.4840100000000005,1,1
10.08.2021 00:29:21.863,6.48451,6.484,1.1,1.5
10.08.2021 00:29:21.914,6.4845500000000005,6.48406,1.1,1
10.08.2021 00:29:21.965,6.48456,6.48409,1.6,1
10.08.2021 00:29:22.110,6.48461,6.48409,1.6,1
10.08.2021 00:29:22.312,6.4846,6.484100000000001,1.1,1
10.08.2021 00:29:26.037,6.48458,6.484100000000001,1.1,1
10.08.2021 00:29:26.138,6.48458,6.484100000000001,1,1
10.08.2021 00:29:33.730,6.4846,6.484100000000001,1.1,1
10.08.2021 00:29:33.780,6.48461,6.48413,1,1
10.08.2021 00:29:34.371,6.48465,6.4842,1.1,1
10.08.2021 00:29:34.472,6.48467,6.4843,1.1,1
10.08.2021 00:29:34.573,6.48467,6.48435,1.1,1
10.08.2021 00:29:34.732,6.48466,6.4842900000000006,1,1
10.08.2021 00:29:34.783,6.484680000000001,6.48425,1.57,1
10.08.2021 00:29:34.833,6.48467,6.4843,1.57,1
10.08.2021 00:29:36.164,6.48467,6.48422,1,1
10.08.2021 00:29:36.265,6.48465,6.48417,1,1.97
10.08.2021 00:29:36.316,6.48461,6.48417,1,1.1
10.08.2021 00:29:36.569,6.48453,6.4840800000000005,1,1.1
10.08.2021 00:29:36.670,6.48456,6.48409,2.25,1.1
10.08.2021 00:29:36.868,6.48457,6.4840800000000005,2.25,1
10.08.2021 00:29:36.918,6.48453,6.48406,1,1.1
10.08.2021 00:29:37.019,6.484500000000001,6.48406,1,1.1
10.08.2021 00:29:37.069,6.48451,6.484030000000001,2.25,1
10.08.2021 00:29:37.244,6.4844800000000005,6.484030000000001,1,1.1
10.08.2021 00:29:37.294,6.48453,6.484030000000001,1,1.1
10.08.2021 00:29:37.711,6.48453,6.48404,1,1.1
10.08.2021 00:29:45.951,6.48451,6.484030000000001,1,1.1
10.08.2021 00:29:46.150,6.48453,6.48404,1.5,1.1
10.08.2021 00:29:47.070,6.48451,6.484030000000001,1,1.1
10.08.2021 00:29:47.261,6.48453,6.48404,1,1.1
10.08.2021 00:29:47.392,6.484540000000001,6.484030000000001,1,1.1
10.08.2021 00:29:47.493,6.48453,6.484100000000001,1,1
10.08.2021 00:29:47.639,6.484630000000001,6.48413,1.5,1
10.08.2021 00:29:48.229,6.48465,6.48412,1.5,1
10.08.2021 00:29:49.229,6.48465,6.48412,1.12,1
10.08.2021 00:30:02.576,6.48466,6.48412,1.12,1
10.08.2021 00:30:03.502,6.4846,6.48406,1,1.1
10.08.2021 00:30:04.469,6.484590000000001,6.48407,1,1.1
10.08.2021 00:30:04.620,6.48462,6.48411,2.52,1
10.08.2021 00:30:05.083,6.48465,6.48414,1.6,1
10.08.2021 00:30:05.497,6.4846900000000005,6.4841500000000005,1.6,1.1
10.08.2021 00:30:05.547,6.4847,6.4841500000000005,1,1.1
10.08.2021 00:30:05.598,6.48472,6.484190000000001,1.1,1.1
10.08.2021 00:30:05.699,6.48472,6.484190000000001,1.57,1.1
10.08.2021 00:30:05.800,6.48472,6.48423,1,1.1
10.08.2021 00:30:06.187,6.48474,6.484240000000001,2.07,1.1
10.08.2021 00:30:06.477,6.48474,6.48427,1.5,1
10.08.2021 00:30:06.750,6.48474,6.48427,1,1
10.08.2021 00:30:06.851,6.4848300000000005,6.4843,1.6,1.6
10.08.2021 00:30:06.902,6.4848300000000005,6.4843,1.6,1.1
10.08.2021 00:30:07.003,6.4849000000000006,6.484450000000001,1.57,1
10.08.2021 00:30:07.176,6.4849000000000006,6.4844,1.57,1.1
10.08.2021 00:30:07.424,6.48488,6.4844,1.1,1
10.08.2021 00:30:07.905,6.48487,6.4844,1,1
10.08.2021 00:30:08.006,6.48481,6.484360000000001,1,1.1
10.08.2021 00:30:09.376,6.48477,6.484360000000001,1,1.1
10.08.2021 00:30:09.477,6.4847,6.4842900000000006,1,1.1
10.08.2021 00:30:09.785,6.4846900000000005,6.4843,1,1.1
10.08.2021 00:30:11.648,6.4847,6.48432,1,1.1
10.08.2021 00:30:11.750,6.48477,6.48434,1,1.1
10.08.2021 00:30:12.071,6.48477,6.48434,1,1.1
10.08.2021 00:30:12.357,6.4847600000000005,6.48435,1,1.1
10.08.2021 00:30:12.505,6.4847600000000005,6.48439,1,1
10.08.2021 00:30:18.015,6.4847600000000005,6.48434,1,1.1
10.08.2021 00:30:19.746,6.4847600000000005,6.4844100000000005,1,1
10.08.2021 00:30:19.797,6.4848300000000005,6.484450000000001,1,1
10.08.2021 00:30:19.848,6.48488,6.484450000000001,1.57,1
10.08.2021 00:30:19.999,6.48492,6.4844800000000005,1,1
10.08.2021 00:30:20.151,6.48495,6.4844800000000005,1.6,1
10.08.2021 00:30:20.480,6.48495,6.48452,1.6,1
10.08.2021 00:30:22.178,6.48496,6.48447,1.1,1
10.08.2021 00:30:22.590,6.48495,6.4844800000000005,1,1.1
10.08.2021 00:30:23.105,6.48496,6.48449,1,1.1
10.08.2021 00:30:23.325,6.485030000000001,6.484540000000001,2.92,1
10.08.2021 00:30:24.284,6.48501,6.4845500000000005,1.1,1
10.08.2021 00:30:24.543,6.48501,6.48453,1.1,1
10.08.2021 00:30:29.331,6.48491,6.48453,1,1
10.08.2021 00:30:29.602,6.48491,6.48452,1,1.2
10.08.2021 00:30:30.154,6.485,6.48452,1.1,1.1
10.08.2021 00:30:30.255,6.48501,6.48453,1.1,1.1
10.08.2021 00:30:37.747,6.48501,6.48456,1.1,1.1
10.08.2021 00:30:38.891,6.485,6.48451,1.1,1.65
10.08.2021 00:30:39.423,6.485,6.4845500000000005,1.1,1
10.08.2021 00:30:46.284,6.48501,6.48453,1.1,1
10.08.2021 00:30:46.643,6.485,6.4845500000000005,1.1,1
10.08.2021 00:31:06.599,6.48505,6.48449,1.1,1.1
10.08.2021 00:31:13.688,6.485,6.484500000000001,1.1,1.1
10.08.2021 00:31:15.793,6.48501,6.48449,1.2,1.1
10.08.2021 00:31:21.409,6.48505,6.4845500000000005,1.6,1
10.08.2021 00:31:22.987,6.48505,6.4845500000000005,1.22,1.1
10.08.2021 00:31:47.959,6.485030000000001,6.484540000000001,1.2,1.1
10.08.2021 00:31:53.625,6.48501,6.48451,1,1.1
10.08.2021 00:31:54.718,6.48498,6.484500000000001,1.1,1.1
10.08.2021 00:31:55.708,6.485,6.484500000000001,1.1,1.1
10.08.2021 00:32:02.136,6.48501,6.48451,1.1,1.1
10.08.2021 00:32:03.741,6.485,6.484500000000001,1.1,1.1
10.08.2021 00:32:12.015,6.48497,6.48451,1.1,1.1
10.08.2021 00:32:12.196,6.48496,6.48451,1.1,1.1
10.08.2021 00:32:12.327,6.48495,6.48451,1.1,1.1
10.08.2021 00:32:12.813,6.48491,6.48444,1,1.1
10.08.2021 00:32:12.914,6.48491,6.48444,1,1.1
10.08.2021 00:32:13.014,6.48491,6.48444,1,1.1
10.08.2021 00:32:13.377,6.48492,6.484430000000001,1.57,1.1
10.08.2021 00:32:13.431,6.484850000000001,6.48444,1,1.1
10.08.2021 00:32:13.532,6.484850000000001,6.48444,1,1.1
10.08.2021 00:32:13.681,6.48486,6.484430000000001,1,1.1
10.08.2021 00:32:13.782,6.4849000000000006,6.484450000000001,1,1.1
10.08.2021 00:32:13.933,6.48489,6.48444,1,1.1
10.08.2021 00:32:14.236,6.48487,6.484430000000001,1,1.1
10.08.2021 00:32:15.032,6.48486,6.484380000000001,1,1.1
10.08.2021 00:32:16.691,6.4849000000000006,6.484380000000001,1.1,1.1
10.08.2021 00:32:17.191,6.48486,6.48439,1,1.1
10.08.2021 00:32:17.582,6.48487,6.484380000000001,1,1.1
10.08.2021 00:32:18.535,6.48487,6.484380000000001,1,1.1
10.08.2021 00:32:20.127,6.4849000000000006,6.48439,1.1,1.1
10.08.2021 00:32:23.341,6.4849000000000006,6.48439,1.1,1.1
10.08.2021 00:32:30.386,6.4849000000000006,6.4844,1.6,1.1
10.08.2021 00:32:30.625,6.48491,6.48449,1.2,1
10.08.2021 00:32:30.776,6.48491,6.48444,1.2,1.1
10.08.2021 00:32:34.998,6.48492,6.48439,1.2,1.1
10.08.2021 00:32:35.352,6.4849000000000006,6.48439,1.1,1.1
10.08.2021 00:32:38.776,6.48487,6.4844,1.1,1.1
10.08.2021 00:33:12.931,6.48488,6.484430000000001,1.1,1.1
10.08.2021 00:33:13.141,6.48487,6.48444,1.1,1.1
10.08.2021 00:33:13.435,6.48487,6.48444,1.1,1.1
10.08.2021 00:33:20.890,6.48487,6.48444,1.1,1.1
10.08.2021 00:33:22.806,6.48488,6.4844,1.1,1.1
10.08.2021 00:33:24.427,6.48488,6.4844800000000005,1.1,1
10.08.2021 00:33:24.640,6.4849000000000006,6.4844800000000005,1.2,1
10.08.2021 00:33:29.093,6.48487,6.48449,1,1
10.08.2021 00:33:33.213,6.4849000000000006,6.4844800000000005,1.2,1
10.08.2021 00:33:35.376,6.48486,6.48449,1,1
10.08.2021 00:33:39.370,6.48487,6.48444,1,1.1
10.08.2021 00:33:41.071,6.48486,6.484450000000001,1,1.1
10.08.2021 00:33:44.613,6.48486,6.484450000000001,1,1.1
10.08.2021 00:33:48.212,6.48486,6.48444,1,1.1
10.08.2021 00:33:48.364,6.48486,6.48444,1,1.1
10.08.2021 00:33:49.470,6.48484,6.484430000000001,2.25,1.1
10.08.2021 00:33:49.571,6.48481,6.48444,1,1
10.08.2021 00:33:49.672,6.48479,6.48444,1,1
10.08.2021 00:33:49.773,6.48487,6.48449,1.1,1
10.08.2021 00:33:49.875,6.48486,6.4845500000000005,1.1,1
10.08.2021 00:33:49.925,6.48488,6.4845500000000005,1.57,1
10.08.2021 00:33:49.976,6.48489,6.484630000000001,1.1,1
10.08.2021 00:33:50.128,6.48492,6.484630000000001,1.1,1
10.08.2021 00:33:50.330,6.48492,6.48461,1.1,1
10.08.2021 00:33:50.381,6.48492,6.484590000000001,1.1,1
10.08.2021 00:33:50.661,6.48492,6.484630000000001,1.1,1
10.08.2021 00:33:51.709,6.48492,6.484640000000001,1.1,1
10.08.2021 00:33:55.236,6.48493,6.48466,1.1,1
10.08.2021 00:33:57.629,6.48495,6.48467,1.1,1
10.08.2021 00:33:59.789,6.48497,6.48467,1.1,1
10.08.2021 00:34:01.738,6.485380000000001,6.48498,1.72,1
10.08.2021 00:34:01.789,6.485380000000001,6.485,1.22,1
10.08.2021 00:34:01.891,6.485430000000001,6.48507,1.5,1
10.08.2021 00:34:01.941,6.4854400000000005,6.48506,1,1
10.08.2021 00:34:02.512,6.485430000000001,6.485030000000001,1,1
10.08.2021 00:34:02.665,6.485430000000001,6.48506,1,1
10.08.2021 00:34:02.817,6.48547,6.48505,1,1
10.08.2021 00:34:04.067,6.48542,6.48506,1.5,1
10.08.2021 00:34:04.167,6.48545,6.48501,1,1
10.08.2021 00:34:04.892,6.48545,6.485040000000001,1,1
10.08.2021 00:34:06.813,6.48545,6.485,1,1
10.08.2021 00:34:15.961,6.48545,6.4850200000000005,1,1
10.08.2021 00:34:26.642,6.48549,6.4850200000000005,1.1,1
10.08.2021 00:34:30.128,6.485580000000001,6.485110000000001,1.5,1
10.08.2021 00:34:30.179,6.485580000000001,6.485080000000001,1.6,1
10.08.2021 00:34:30.320,6.48555,6.48505,1.1,1
10.08.2021 00:34:30.370,6.4854400000000005,6.48506,1,1
10.08.2021 00:34:39.371,6.48554,6.48506,1.1,1
10.08.2021 00:34:39.478,6.48555,6.48506,1.1,1
10.08.2021 00:34:40.341,6.48545,6.48506,1,1
10.08.2021 00:34:40.604,6.48554,6.48507,1.1,1
10.08.2021 00:34:46.947,6.48552,6.48507,1.5,1
10.08.2021 00:34:46.998,6.48542,6.484990000000001,1,1
10.08.2021 00:34:47.100,6.48541,6.48498,1,1
10.08.2021 00:34:47.841,6.48541,6.48497,1.1,1
10.08.2021 00:34:47.943,6.485390000000001,6.48491,1,1.1
10.08.2021 00:34:48.044,6.485390000000001,6.4849000000000006,1.1,1.1
10.08.2021 00:34:48.146,6.48532,6.48489,1,1
10.08.2021 00:34:48.715,6.48532,6.48493,1.57,1
10.08.2021 00:34:51.396,6.48531,6.48492,1,1
10.08.2021 00:34:52.015,6.48532,6.4848300000000005,1,1
10.08.2021 00:34:52.120,6.48531,6.4848,1.1,1.1
10.08.2021 00:34:52.229,6.48531,6.4847600000000005,1.6,1.1
10.08.2021 00:34:52.938,6.48531,6.48475,1.1,1.1
10.08.2021 00:34:52.989,6.48532,6.48479,1.1,1
10.08.2021 00:34:53.151,6.48531,6.484850000000001,1.1,1
10.08.2021 00:34:53.252,6.48531,6.48484,1.1,1
10.08.2021 00:34:53.353,6.48531,6.4848,1.1,1.1
10.08.2021 00:34:53.457,6.4853000000000005,6.4847600000000005,1.1,1
10.08.2021 00:34:53.558,6.485200000000001,6.4848,1,1
10.08.2021 00:34:54.016,6.48527,6.48479,1,1
10.08.2021 00:34:54.168,6.48526,6.484850000000001,1,1
10.08.2021 00:34:54.269,6.48527,6.4849000000000006,1,1
10.08.2021 00:34:54.320,6.48533,6.4849000000000006,1.1,1
10.08.2021 00:34:54.501,6.48533,6.4848300000000005,1.1,1
10.08.2021 00:34:54.552,6.48533,6.484850000000001,1.1,1
10.08.2021 00:34:54.704,6.48533,6.48481,2.35,1
10.08.2021 00:34:54.755,6.48522,6.484780000000001,1,1
10.08.2021 00:34:54.856,6.485290000000001,6.48481,1.1,1
10.08.2021 00:34:57.179,6.485290000000001,6.48479,1.1,1
10.08.2021 00:34:57.281,6.48528,6.484780000000001,1.1,1
10.08.2021 00:34:57.483,6.48528,6.48482,1,1
10.08.2021 00:34:59.276,6.48522,6.48475,1,1
10.08.2021 00:34:59.478,6.48528,6.48477,1.1,1
10.08.2021 00:34:59.579,6.485290000000001,6.4848,1.1,1
10.08.2021 00:35:01.592,6.48528,6.48484,1.1,1
10.08.2021 00:35:01.643,6.485290000000001,6.4848300000000005,1,1
10.08.2021 00:35:01.743,6.485290000000001,6.48491,1,1
10.08.2021 00:35:01.794,6.48528,6.48488,1,1
10.08.2021 00:35:01.844,6.48528,6.48492,1,1
10.08.2021 00:35:01.895,6.48542,6.48491,1.1,1
10.08.2021 00:35:01.945,6.485340000000001,6.48497,1,1
10.08.2021 00:35:02.046,6.48542,6.485,1.1,1
10.08.2021 00:35:02.097,6.48535,6.48501,1,1
10.08.2021 00:35:02.198,6.48536,6.48491,1,1
10.08.2021 00:35:02.298,6.48533,6.48484,1,1
10.08.2021 00:35:02.399,6.48533,6.4848,2.35,1.1
10.08.2021 00:35:02.500,6.48532,6.4848,1.1,1.1
10.08.2021 00:35:02.551,6.48533,6.48479,1.1,1.1
10.08.2021 00:35:02.853,6.48533,6.4848300000000005,1,1
10.08.2021 00:35:02.912,6.48537,6.4848300000000005,1.6,1
10.08.2021 00:35:03.027,6.48537,6.4848300000000005,1.6,1
10.08.2021 00:35:03.077,6.485340000000001,6.48477,1,1.1
10.08.2021 00:35:03.128,6.48526,6.48477,1,1.1
10.08.2021 00:35:03.283,6.48526,6.4848,1,1
10.08.2021 00:35:03.641,6.48533,6.48482,1.1,1
10.08.2021 00:35:03.692,6.48533,6.48482,1.1,1
10.08.2021 00:35:03.748,6.485340000000001,6.4848300000000005,1.1,1
10.08.2021 00:35:06.146,6.485340000000001,6.4848300000000005,1.1,1
10.08.2021 00:35:06.307,6.48514,6.4848300000000005,1,1
10.08.2021 00:35:06.357,6.48514,6.4847,1,1.1
10.08.2021 00:35:06.408,6.485180000000001,6.48467,1.1,1
10.08.2021 00:35:06.641,6.485180000000001,6.48472,1.1,1
10.08.2021 00:35:06.742,6.48522,6.4848300000000005,1.1,1
10.08.2021 00:35:07.161,6.4852300000000005,6.484780000000001,1.1,1
10.08.2021 00:35:18.810,6.48521,6.48482,1,1
10.08.2021 00:35:19.015,6.485200000000001,6.48479,1,1
10.08.2021 00:35:19.116,6.485200000000001,6.4847600000000005,1,1
10.08.2021 00:35:19.220,6.48521,6.4847600000000005,1,1
10.08.2021 00:35:20.592,6.4851,6.4847600000000005,1,1
10.08.2021 00:35:23.712,6.4851,6.484680000000001,1,1
10.08.2021 00:35:28.936,6.4851,6.484630000000001,1,1
10.08.2021 00:35:28.987,6.484990000000001,6.48456,1,1.5
10.08.2021 00:35:29.138,6.48501,6.48457,1,2
10.08.2021 00:35:29.189,6.48507,6.48465,1,1
10.08.2021 00:35:29.240,6.48507,6.48461,1.1,1.12
10.08.2021 00:35:32.223,6.485110000000001,6.48462,1.1,1
10.08.2021 00:35:32.273,6.485110000000001,6.484680000000001,1.1,1
10.08.2021 00:35:32.324,6.485110000000001,6.484680000000001,1.1,1
10.08.2021 00:35:32.562,6.485110000000001,6.484680000000001,1.1,1
10.08.2021 00:35:34.476,6.485110000000001,6.484680000000001,1,1
10.08.2021 00:35:34.577,6.485180000000001,6.48467,1,1
10.08.2021 00:35:34.677,6.48522,6.48472,1,1
10.08.2021 00:35:34.778,6.4851,6.484680000000001,1,1
10.08.2021 00:35:34.829,6.485110000000001,6.48458,1.5,1.6
10.08.2021 00:35:34.980,6.4851,6.48466,1,1
10.08.2021 00:35:35.030,6.4851,6.48462,1,1
10.08.2021 00:35:35.131,6.4851,6.48457,1,1.6
10.08.2021 00:35:35.186,6.485110000000001,6.48466,1,1
10.08.2021 00:35:35.387,6.4851,6.48466,1,1
10.08.2021 00:35:40.892,6.4851600000000005,6.48465,1.1,1
10.08.2021 00:35:40.943,6.48515,6.48471,1.1,1
10.08.2021 00:35:40.994,6.48515,6.48471,1,1
10.08.2021 00:35:41.094,6.48522,6.4847,1.1,1
10.08.2021 00:35:41.195,6.48522,6.48471,1.1,1
10.08.2021 00:35:41.953,6.48522,6.48472,1,1
10.08.2021 00:35:42.003,6.48522,6.48475,1,1
10.08.2021 00:35:42.155,6.48514,6.48477,1,1
10.08.2021 00:35:42.206,6.48514,6.48474,1,1
10.08.2021 00:35:42.307,6.485110000000001,6.48475,1,1
10.08.2021 00:35:42.995,6.485110000000001,6.48471,1,1
10.08.2021 00:35:43.139,6.48512,6.48466,1,1.5
10.08.2021 00:35:43.189,6.485040000000001,6.48461,1,1
10.08.2021 00:35:43.240,6.48505,6.48456,1,1.22
10.08.2021 00:35:43.341,6.4851,6.4846,1.1,1
10.08.2021 00:35:43.442,6.485080000000001,6.48462,1.1,1
10.08.2021 00:35:43.493,6.485080000000001,6.48458,1.1,1
10.08.2021 00:35:43.729,6.485080000000001,6.484540000000001,1.1,1.6
10.08.2021 00:35:43.830,6.485080000000001,6.484540000000001,1.1,1.5
10.08.2021 00:35:44.097,6.48507,6.4845500000000005,1.1,1.5
10.08.2021 00:35:44.298,6.485080000000001,6.48461,1.1,1
10.08.2021 00:35:44.399,6.485080000000001,6.48465,1.1,1
10.08.2021 00:35:44.552,6.48507,6.48465,1.1,1
10.08.2021 00:35:44.701,6.48507,6.484640000000001,1.1,1
10.08.2021 00:35:44.896,6.48507,6.48465,1.1,1
10.08.2021 00:35:47.829,6.485080000000001,6.48461,1.6,1
10.08.2021 00:35:48.490,6.48497,6.48462,1,1
10.08.2021 00:35:52.723,6.48506,6.48462,1.1,1
10.08.2021 00:35:53.823,6.48484,6.48446,2.35,1
10.08.2021 00:35:53.874,6.48484,6.48447,1.5,1
10.08.2021 00:35:53.925,6.48477,6.48442,1,1
10.08.2021 00:35:53.976,6.48472,6.48435,1,1
10.08.2021 00:35:54.027,6.48474,6.4843,1,1.1
10.08.2021 00:35:54.077,6.4847600000000005,6.484360000000001,1.1,1
10.08.2021 00:35:54.229,6.48477,6.484360000000001,1.1,1
10.08.2021 00:35:54.330,6.48477,6.484330000000001,1.1,1
10.08.2021 00:35:57.653,6.484450000000001,6.48413,1,3.5
10.08.2021 00:35:57.704,6.48446,6.48413,1,1
10.08.2021 00:35:57.805,6.48442,6.48397,1,1.6
10.08.2021 00:35:57.906,6.48442,6.48397,1.1,1
10.08.2021 00:35:58.287,6.484450000000001,6.48399,1.1,1
10.08.2021 00:35:59.751,6.48451,6.4840100000000005,1.1,1.5
10.08.2021 00:35:59.851,6.48452,6.484,1,1.5
10.08.2021 00:36:01.838,6.48451,6.484030000000001,1,1.1
10.08.2021 00:36:02.067,6.48452,6.484030000000001,1,1.1
10.08.2021 00:36:03.860,6.48452,6.48406,1,1.1
10.08.2021 00:36:04.035,6.48452,6.48407,1,1.1
10.08.2021 00:36:04.085,6.48453,6.4840800000000005,1,1.1
10.08.2021 00:36:04.300,6.48453,6.48409,1,1.57
10.08.2021 00:36:05.249,6.484540000000001,6.48411,1,1.1
10.08.2021 00:36:06.103,6.484540000000001,6.48413,1,1.1
10.08.2021 00:36:12.803,6.484540000000001,6.48412,1,1.1
10.08.2021 00:36:20.092,6.48462,6.48413,1,1.1
10.08.2021 00:36:20.143,6.484540000000001,6.48413,1,1.1
10.08.2021 00:36:24.293,6.48453,6.48412,1,1.1
10.08.2021 00:36:24.632,6.4845500000000005,6.48412,1,1.1
10.08.2021 00:36:28.372,6.4845500000000005,6.4841500000000005,1,1.1
10.08.2021 00:36:29.375,6.48458,6.48414,1,1.1
10.08.2021 00:36:32.654,6.48447,6.4841500000000005,1,1.1
10.08.2021 00:36:32.755,6.48442,6.48411,1.6,1.1
10.08.2021 00:36:32.906,6.4844100000000005,6.48411,1.1,1.1
10.08.2021 00:36:33.062,6.4844,6.484100000000001,1.1,1.1
10.08.2021 00:36:33.165,6.484430000000001,6.48409,1,1.1
10.08.2021 00:36:33.266,6.48446,6.48409,1,1.1
10.08.2021 00:36:33.367,6.48447,6.484100000000001,1,1.1
10.08.2021 00:36:34.385,6.4844800000000005,6.48409,1.1,1.1
10.08.2021 00:36:34.536,6.484450000000001,6.48409,1,1.1
10.08.2021 00:36:46.972,6.48442,6.484100000000001,1.5,1.1
10.08.2021 00:36:47.073,6.4844,6.484100000000001,1.6,1.1
10.08.2021 00:36:52.214,6.4844100000000005,6.48409,1.57,1.1
10.08.2021 00:37:00.201,6.48439,6.484100000000001,1,1.1
10.08.2021 00:37:00.891,6.48439,6.48409,1,1.1
10.08.2021 00:37:05.609,6.484360000000001,6.48406,1,1.1
10.08.2021 00:37:06.422,6.48437,6.48404,1,1.1
10.08.2021 00:37:09.590,6.48439,6.48405,1.1,1.1
10.08.2021 00:37:10.001,6.4844,6.48404,1,1.1
10.08.2021 00:37:14.080,6.4844,6.484,1,1
10.08.2021 00:37:28.587,6.48437,6.484,1,1
10.08.2021 00:37:41.786,6.48437,6.4840100000000005,1,1
10.08.2021 00:37:43.827,6.484360000000001,6.4840100000000005,1,1
10.08.2021 00:37:50.848,6.48416,6.48383,1,1.6
10.08.2021 00:37:50.899,6.4841500000000005,6.48382,1,1
10.08.2021 00:37:50.999,6.48411,6.48367,1.5,1.1
10.08.2021 00:37:51.050,6.48413,6.48365,1,1.1
10.08.2021 00:37:51.151,6.484240000000001,6.48383,1.5,1
10.08.2021 00:37:51.201,6.48434,6.483880000000001,2.25,1
10.08.2021 00:37:51.352,6.48434,6.483880000000001,1,1.1
10.08.2021 00:37:51.453,6.484360000000001,6.48392,1,1.1
10.08.2021 00:37:51.504,6.484360000000001,6.48392,1,1.1
10.08.2021 00:37:54.944,6.48437,6.48391,1,1.1
10.08.2021 00:37:58.872,6.484360000000001,6.48392,1,1.1
10.08.2021 00:37:58.973,6.48434,6.483880000000001,1,1.1
10.08.2021 00:37:59.023,6.484360000000001,6.48387,1,1
10.08.2021 00:37:59.124,6.484330000000001,6.483880000000001,1.5,1
10.08.2021 00:37:59.980,6.484330000000001,6.483890000000001,2.32,1
10.08.2021 00:38:00.081,6.48434,6.483880000000001,2.32,1.1
10.08.2021 00:38:00.350,6.48434,6.483880000000001,2.32,1.1
10.08.2021 00:38:03.584,6.48435,6.483890000000001,1,1.1
10.08.2021 00:38:03.635,6.48439,6.48391,1,1.1
10.08.2021 00:38:18.308,6.48421,6.48383,1,1
10.08.2021 00:38:18.409,6.48416,6.48365,1,1.1
10.08.2021 00:38:18.459,6.48416,6.483630000000001,1,1.97
10.08.2021 00:38:18.560,6.48416,6.483630000000001,1,1.22
10.08.2021 00:38:18.610,6.4841500000000005,6.48378,1,1
10.08.2021 00:38:18.661,6.48418,6.48373,1,1.1
10.08.2021 00:38:18.711,6.484190000000001,6.48382,1,1
10.08.2021 00:38:18.762,6.48426,6.48382,1,1
10.08.2021 00:38:18.863,6.4843,6.483880000000001,1,1
10.08.2021 00:38:19.358,6.484330000000001,6.483890000000001,1,1
10.08.2021 00:38:23.939,6.484330000000001,6.483890000000001,1.1,1
10.08.2021 00:38:27.421,6.48426,6.483890000000001,1,1
10.08.2021 00:38:27.521,6.48414,6.48376,1,1
10.08.2021 00:38:27.572,6.48414,6.48367,1,1.1
10.08.2021 00:38:27.707,6.48414,6.483630000000001,1.5,1.6
10.08.2021 00:38:27.757,6.48418,6.48385,1,1
10.08.2021 00:38:27.858,6.4843,6.483840000000001,1,1.1
10.08.2021 00:38:28.136,6.4843,6.483890000000001,1,1
10.08.2021 00:38:35.283,6.48411,6.48383,1,1
10.08.2021 00:38:35.334,6.48409,6.48374,1,1
10.08.2021 00:38:35.385,6.48409,6.483700000000001,1,1
10.08.2021 00:38:35.436,6.48409,6.483630000000001,1.5,2.17
10.08.2021 00:38:35.536,6.48409,6.483630000000001,1.5,1
10.08.2021 00:38:35.587,6.48409,6.48383,1,1
10.08.2021 00:38:35.637,6.48423,6.48385,1.5,1
10.08.2021 00:38:35.739,6.48427,6.48382,1.5,1.1
10.08.2021 00:38:36.006,6.48426,6.483880000000001,1.5,1
10.08.2021 00:38:36.056,6.48432,6.483880000000001,1.57,1.1
10.08.2021 00:38:36.107,6.48432,6.483880000000001,1.57,1
10.08.2021 00:38:37.116,6.484330000000001,6.48387,1,1.1
10.08.2021 00:38:37.494,6.48434,6.48387,1,1.1
10.08.2021 00:38:39.693,6.48412,6.48382,1,1.12
10.08.2021 00:38:39.743,6.48412,6.4838000000000005,1,1
10.08.2021 00:38:39.794,6.48412,6.48371,1,1.12
10.08.2021 00:38:39.895,6.48411,6.48369,1.1,1
10.08.2021 00:38:40.369,6.484030000000001,6.4836800000000006,1,1
10.08.2021 00:38:40.419,6.4841500000000005,6.4836800000000006,1.1,1
10.08.2021 00:38:40.520,6.48412,6.48369,1,1
10.08.2021 00:38:40.571,6.48427,6.483840000000001,1,1.6
10.08.2021 00:38:40.671,6.484330000000001,6.483880000000001,1,1
10.08.2021 00:38:52.237,6.4843,6.483880000000001,1.1,1.1
10.08.2021 00:38:55.631,6.48427,6.483880000000001,1,1.1
10.08.2021 00:38:55.732,6.4843,6.483880000000001,1.1,1.1
10.08.2021 00:38:56.807,6.48434,6.48387,1.1,1.6
10.08.2021 00:38:56.908,6.48434,6.4839,1.1,1
10.08.2021 00:38:57.260,6.4843,6.48391,1,1
10.08.2021 00:38:57.361,6.48406,6.48371,1.5,1
10.08.2021 00:38:57.412,6.48402,6.48366,1,1.12
10.08.2021 00:38:57.513,6.484,6.4836,1,1.1
10.08.2021 00:38:57.613,6.484,6.48362,1,1.1
10.08.2021 00:38:57.771,6.48405,6.483630000000001,1.1,1.1
10.08.2021 00:38:57.822,6.483980000000001,6.48362,1,1.1
10.08.2021 00:38:58.821,6.483980000000001,6.48365,1,1.1
10.08.2021 00:39:00.563,6.483980000000001,6.48362,1,1.1
10.08.2021 00:39:00.738,6.48395,6.483630000000001,1,1.1
10.08.2021 00:39:00.919,6.48395,6.4836100000000005,1,1.1
10.08.2021 00:39:06.793,6.483980000000001,6.48356,1,1
10.08.2021 00:39:13.465,6.483880000000001,6.4835,1,1.7
10.08.2021 00:39:13.515,6.483890000000001,6.483480000000001,1,1.1
10.08.2021 00:39:13.566,6.48385,6.483480000000001,1,1.1
10.08.2021 00:39:13.767,6.483840000000001,6.48346,1,1.6
10.08.2021 00:39:13.868,6.483840000000001,6.48345,1,1.6
10.08.2021 00:39:17.719,6.48376,6.48345,1,1.6
10.08.2021 00:39:17.820,6.48357,6.48327,1,1
10.08.2021 00:39:17.871,6.48356,6.4832600000000005,1,1
10.08.2021 00:39:17.972,6.4835,6.4832600000000005,1,1
10.08.2021 00:39:18.123,6.48346,6.48327,1,1
10.08.2021 00:39:19.035,6.4835,6.48327,1,1
10.08.2021 00:39:19.901,6.48351,6.48327,1,1
10.08.2021 00:39:20.036,6.4835400000000005,6.48327,1,1
10.08.2021 00:39:20.087,6.48355,6.4833300000000005,1,1
10.08.2021 00:39:20.297,6.48355,6.48334,1,1
10.08.2021 00:39:21.190,6.483530000000001,6.48334,1,1
10.08.2021 00:39:29.519,6.48356,6.48329,1,1
10.08.2021 00:39:29.570,6.48365,6.4832600000000005,1,1
10.08.2021 00:39:29.620,6.48365,6.48329,1,1
10.08.2021 00:39:29.922,6.483630000000001,6.48329,1,1
10.08.2021 00:39:30.392,6.48365,6.483300000000001,1,1
10.08.2021 00:39:34.782,6.48365,6.48336,1,1
10.08.2021 00:39:34.981,6.48365,6.483300000000001,1,1
10.08.2021 00:39:35.406,6.48365,6.48334,1,1
10.08.2021 00:39:36.131,6.48367,6.483440000000001,1,1
10.08.2021 00:39:37.945,6.48367,6.48347,1,1
10.08.2021 00:39:37.995,6.48382,6.48347,1.5,1
10.08.2021 00:39:38.066,6.483790000000001,6.483480000000001,1,1
10.08.2021 00:39:38.341,6.48377,6.48347,1,1
10.08.2021 00:39:38.391,6.4838000000000005,6.48347,1,1
10.08.2021 00:39:38.492,6.48381,6.483480000000001,1.5,1
10.08.2021 00:39:38.542,6.48377,6.48347,1,1
10.08.2021 00:39:38.734,6.48381,6.483480000000001,1.5,1
10.08.2021 00:39:38.991,6.483750000000001,6.483480000000001,1,1
10.08.2021 00:39:39.428,6.4838000000000005,6.48347,1,1
10.08.2021 00:39:41.040,6.48377,6.48356,1,1
10.08.2021 00:39:41.141,6.48381,6.48359,1,1
10.08.2021 00:39:41.572,6.483840000000001,6.483630000000001,1,1
10.08.2021 00:39:41.773,6.483840000000001,6.48359,1,1
10.08.2021 00:39:41.875,6.48383,6.48365,1,1
10.08.2021 00:39:42.076,6.483840000000001,6.48366,1,1
10.08.2021 00:39:48.240,6.48383,6.483630000000001,1,1
10.08.2021 00:39:48.341,6.483840000000001,6.48366,1,1
10.08.2021 00:39:48.651,6.483840000000001,6.48345,1,1.1
10.08.2021 00:39:48.752,6.483840000000001,6.48366,1,1
10.08.2021 00:39:49.123,6.48383,6.483630000000001,1,1
10.08.2021 00:39:49.223,6.483840000000001,6.48366,1,1
10.08.2021 00:39:49.425,6.48383,6.483630000000001,1,1
10.08.2021 00:39:49.525,6.48385,6.48366,1,1
10.08.2021 00:39:49.827,6.48385,6.48362,1,1
10.08.2021 00:39:49.878,6.48387,6.48362,1,1
10.08.2021 00:39:50.279,6.48386,6.48359,1,1
10.08.2021 00:39:50.330,6.48386,6.48362,1,1
10.08.2021 00:39:50.380,6.48387,6.483630000000001,1,1
10.08.2021 00:39:50.792,6.483880000000001,6.483630000000001,1,1
10.08.2021 00:39:50.981,6.48381,6.4836,1,1
10.08.2021 00:39:51.103,6.48382,6.483630000000001,1,1
10.08.2021 00:39:51.506,6.48385,6.48364,1,1
10.08.2021 00:39:56.301,6.48387,6.48364,1,1
10.08.2021 00:40:09.842,6.48386,6.483630000000001,1,1
10.08.2021 00:40:30.684,6.483880000000001,6.483630000000001,1,1
10.08.2021 00:40:39.309,6.48387,6.48362,1,1
10.08.2021 00:40:39.506,6.483880000000001,6.48365,1,1
10.08.2021 00:40:40.301,6.48387,6.48362,1,1
10.08.2021 00:40:49.931,6.48386,6.4836100000000005,1,1
10.08.2021 00:40:51.118,6.483890000000001,6.4836100000000005,1,1
10.08.2021 00:40:56.598,6.48386,6.4836100000000005,1,1
10.08.2021 00:41:12.211,6.4838000000000005,6.483630000000001,1,1
10.08.2021 00:41:14.900,6.48381,6.48365,1,1
10.08.2021 00:41:16.270,6.48385,6.48365,1,1
10.08.2021 00:41:17.114,6.483840000000001,6.48362,1,1
10.08.2021 00:41:19.395,6.48383,6.4836100000000005,1,1
10.08.2021 00:41:29.481,6.48382,6.48364,1,1
10.08.2021 00:41:29.582,6.483790000000001,6.48364,1,1
10.08.2021 00:41:38.825,6.4838000000000005,6.48345,1,1.1
10.08.2021 00:41:40.324,6.483840000000001,6.48345,1,1.1
10.08.2021 00:41:42.560,6.48383,6.48355,1,1
10.08.2021 00:41:45.657,6.48383,6.48364,1,1
10.08.2021 00:41:51.939,6.48382,6.48364,1,1
10.08.2021 00:41:58.633,6.48387,6.483630000000001,1,1
10.08.2021 00:42:06.191,6.48382,6.483630000000001,1,1
10.08.2021 00:42:07.158,6.483840000000001,6.483630000000001,1,1
10.08.2021 00:42:25.907,6.483880000000001,6.4836800000000006,1,1
10.08.2021 00:42:26.008,6.48391,6.48369,1,1
10.08.2021 00:42:26.622,6.48396,6.48369,1,1
10.08.2021 00:42:30.401,6.483930000000001,6.4836800000000006,1,1
10.08.2021 00:42:30.603,6.48395,6.4836800000000006,1,1
10.08.2021 00:42:30.653,6.483930000000001,6.4836800000000006,1,1
10.08.2021 00:42:30.704,6.4839400000000005,6.48369,1,1
10.08.2021 00:42:30.805,6.483930000000001,6.4836800000000006,1,1
10.08.2021 00:42:33.417,6.483930000000001,6.4836100000000005,1,1
10.08.2021 00:42:34.733,6.4839400000000005,6.48367,1,1
10.08.2021 00:42:34.834,6.483930000000001,6.48366,1,1
10.08.2021 00:42:35.676,6.48392,6.48364,1,1
10.08.2021 00:42:35.777,6.48395,6.48366,1,1
10.08.2021 00:42:36.171,6.483930000000001,6.48366,1,1
10.08.2021 00:42:41.741,6.48395,6.48366,1,1
10.08.2021 00:42:43.454,6.48395,6.483630000000001,1,1
10.08.2021 00:42:43.619,6.4839400000000005,6.48367,1,1
10.08.2021 00:42:43.670,6.48395,6.483630000000001,1,1
10.08.2021 00:42:43.821,6.48395,6.48366,1,1
10.08.2021 00:42:46.280,6.483930000000001,6.48366,1,1
10.08.2021 00:42:53.570,6.48392,6.48362,1,1
10.08.2021 00:42:53.620,6.483890000000001,6.4836100000000005,1,1
10.08.2021 00:42:54.706,6.483890000000001,6.48364,1,1
10.08.2021 00:42:54.757,6.4839,6.48365,1.5,1
10.08.2021 00:42:55.511,6.4839,6.48362,1.5,1
10.08.2021 00:42:55.562,6.483890000000001,6.4836100000000005,1,1
10.08.2021 00:42:59.400,6.483890000000001,6.48364,1,1
10.08.2021 00:42:59.450,6.4839,6.48365,1.5,1
10.08.2021 00:42:59.551,6.48391,6.4836100000000005,1.5,1
10.08.2021 00:42:59.604,6.483890000000001,6.4836100000000005,1,1
10.08.2021 00:43:09.485,6.483880000000001,6.48365,1,1
10.08.2021 00:43:09.535,6.48392,6.48364,1,1
10.08.2021 00:43:09.685,6.4839400000000005,6.48373,1,1
10.08.2021 00:43:09.785,6.483980000000001,6.48367,1,1
10.08.2021 00:43:09.836,6.48395,6.48367,1,1
10.08.2021 00:43:19.836,6.48391,6.483630000000001,1,1
10.08.2021 00:43:19.937,6.4839,6.48366,1,1
10.08.2021 00:43:20.038,6.4839,6.483630000000001,1,1
10.08.2021 00:43:20.138,6.4839,6.48367,1,1
10.08.2021 00:43:23.627,6.48392,6.48366,1,1
10.08.2021 00:43:35.036,6.4839400000000005,6.48367,1,1
10.08.2021 00:43:44.726,6.48391,6.48367,1,1
10.08.2021 00:43:44.776,6.48391,6.48362,1,1
10.08.2021 00:43:44.827,6.4839,6.48367,1,1
10.08.2021 00:43:44.928,6.48391,6.48367,1,1
10.08.2021 00:43:44.978,6.48391,6.483630000000001,1,1
10.08.2021 00:43:45.029,6.4839,6.48366,1,1
10.08.2021 00:43:45.079,6.48392,6.48366,1,1
10.08.2021 00:43:46.022,6.48392,6.48362,1,1
10.08.2021 00:43:46.123,6.4839,6.483630000000001,1,1
10.08.2021 00:43:47.333,6.48391,6.48366,1,1
10.08.2021 00:43:47.484,6.48391,6.48367,1,1
10.08.2021 00:43:47.534,6.48392,6.48362,1,1
10.08.2021 00:43:47.635,6.48391,6.48366,1,1
10.08.2021 00:43:47.736,6.4839,6.483630000000001,1,1
10.08.2021 00:43:47.786,6.483890000000001,6.48362,1,1
10.08.2021 00:43:47.887,6.483890000000001,6.48367,1,1
10.08.2021 00:43:48.291,6.48391,6.48366,1,1
10.08.2021 00:43:48.342,6.48391,6.48362,1,1
10.08.2021 00:43:48.443,6.483890000000001,6.48367,1,1
10.08.2021 00:43:48.493,6.48392,6.48366,1,1
10.08.2021 00:43:48.595,6.48392,6.48362,1,1
10.08.2021 00:43:48.695,6.4839,6.48362,1,1
10.08.2021 00:43:48.797,6.48392,6.48362,1,1
10.08.2021 00:43:48.847,6.483890000000001,6.483630000000001,1,1
10.08.2021 00:43:49.053,6.483880000000001,6.48362,1,1
10.08.2021 00:43:49.154,6.48387,6.48367,1,1
10.08.2021 00:43:49.205,6.483890000000001,6.48367,1,1
10.08.2021 00:43:49.572,6.4839,6.48362,1,1
10.08.2021 00:43:49.623,6.483880000000001,6.48362,1,1
10.08.2021 00:43:49.761,6.48387,6.48367,1,1
10.08.2021 00:43:49.812,6.4839,6.48366,1,1
10.08.2021 00:43:49.913,6.48387,6.483630000000001,1,1
10.08.2021 00:43:49.964,6.48387,6.48367,1,1
10.08.2021 00:43:50.014,6.4839,6.48366,1,1
10.08.2021 00:43:50.472,6.483890000000001,6.483630000000001,1,1
10.08.2021 00:43:50.522,6.483880000000001,6.48362,1,1
10.08.2021 00:43:50.623,6.4839,6.48366,1,1
10.08.2021 00:43:50.729,6.483890000000001,6.483630000000001,1,1
10.08.2021 00:43:50.780,6.48387,6.483630000000001,1,1
10.08.2021 00:43:50.881,6.48391,6.48366,1,1
10.08.2021 00:43:52.090,6.48391,6.48362,1,1
10.08.2021 00:43:52.140,6.48387,6.483630000000001,1,1
10.08.2021 00:43:52.242,6.483930000000001,6.483630000000001,1,1
10.08.2021 00:43:52.292,6.48387,6.483630000000001,1,1
10.08.2021 00:43:52.393,6.48386,6.48367,1,1
10.08.2021 00:43:52.535,6.483880000000001,6.48366,1,1
10.08.2021 00:43:52.586,6.48387,6.483630000000001,1,1
10.08.2021 00:43:52.687,6.48392,6.48367,1,1
10.08.2021 00:43:52.838,6.483930000000001,6.48362,1,1
10.08.2021 00:43:52.889,6.48387,6.483630000000001,1,1
10.08.2021 00:43:52.990,6.483880000000001,6.48366,1,1
10.08.2021 00:43:53.142,6.48387,6.483630000000001,1,1
10.08.2021 00:43:53.243,6.483880000000001,6.48366,1,1
10.08.2021 00:43:53.973,6.48387,6.483630000000001,1,1
10.08.2021 00:43:54.125,6.483880000000001,6.48366,1,1
10.08.2021 00:43:54.176,6.483880000000001,6.48362,1,1
10.08.2021 00:43:54.409,6.483880000000001,6.48366,1,1
10.08.2021 00:43:54.459,6.48387,6.483630000000001,1,1
10.08.2021 00:43:54.560,6.48387,6.48367,1,1
10.08.2021 00:44:10.512,6.48387,6.483630000000001,1,1
10.08.2021 00:44:11.813,6.483840000000001,6.48359,1,1
10.08.2021 00:44:23.121,6.483700000000001,6.4836,1,1
10.08.2021 00:44:23.172,6.48377,6.483630000000001,1,1
10.08.2021 00:44:23.499,6.48382,6.48364,1,1
10.08.2021 00:44:25.119,6.483790000000001,6.483630000000001,1,1
10.08.2021 00:44:28.170,6.48383,6.48364,1,1
10.08.2021 00:44:48.531,6.483790000000001,6.48359,1,1
10.08.2021 00:44:48.582,6.48376,6.48352,1,1
10.08.2021 00:44:48.683,6.48367,6.483480000000001,1,1
10.08.2021 00:44:48.733,6.4836100000000005,6.483390000000001,1,1
10.08.2021 00:44:52.322,6.48359,6.483390000000001,1,1
10.08.2021 00:44:52.471,6.48355,6.48338,1,1
10.08.2021 00:44:59.448,6.4836,6.483390000000001,1,1
10.08.2021 00:44:59.549,6.48369,6.483390000000001,1,1
10.08.2021 00:45:00.168,6.48365,6.483390000000001,1,1
10.08.2021 00:45:00.369,6.48362,6.48338,1,1
10.08.2021 00:45:00.586,6.4836800000000006,6.483390000000001,1,1
10.08.2021 00:45:00.775,6.48372,6.48338,1,1
10.08.2021 00:45:04.139,6.48367,6.48338,1,1
10.08.2021 00:45:04.307,6.48366,6.48338,1,1
10.08.2021 00:45:05.065,6.48359,6.48338,1,1
10.08.2021 00:45:05.117,6.4835400000000005,6.483300000000001,1,1
10.08.2021 00:45:05.268,6.4835400000000005,6.48324,1,1
10.08.2021 00:45:05.319,6.48352,6.48324,1,1
10.08.2021 00:45:05.419,6.483480000000001,6.48316,1,2.75
10.08.2021 00:45:05.520,6.483480000000001,6.483230000000001,1,1
10.08.2021 00:45:05.739,6.483490000000001,6.48316,1,1.5
10.08.2021 00:45:05.790,6.48342,6.48317,1,1.5
10.08.2021 00:45:05.891,6.4835,6.4832,1,1
10.08.2021 00:45:06.042,6.48351,6.48315,1,2
10.08.2021 00:45:06.093,6.4835,6.48316,1,1
10.08.2021 00:45:06.193,6.483480000000001,6.48311,1,1
10.08.2021 00:45:07.056,6.483480000000001,6.48311,1,1.1
10.08.2021 00:45:07.107,6.483480000000001,6.48315,1,1
10.08.2021 00:45:09.318,6.48334,6.483090000000001,1,1
10.08.2021 00:45:09.419,6.4833300000000005,6.48308,1,1
10.08.2021 00:45:09.741,6.4833300000000005,6.48301,1,1
10.08.2021 00:45:09.873,6.48332,6.48301,1,1
10.08.2021 00:45:10.199,6.483300000000001,6.48301,1,1
10.08.2021 00:45:12.954,6.48327,6.48301,1,1
10.08.2021 00:45:13.895,6.483280000000001,6.4829,1,1
10.08.2021 00:45:14.066,6.48327,6.48284,1,1.2
10.08.2021 00:45:15.272,6.48327,6.48285,1,1.1
10.08.2021 00:45:17.350,6.48324,6.482830000000001,1,1.2
10.08.2021 00:45:17.501,6.48315,6.4827900000000005,1,1.2
10.08.2021 00:45:17.702,6.4831900000000005,6.4828,1,1.2
10.08.2021 00:45:17.753,6.48316,6.4827900000000005,1,1.2
10.08.2021 00:45:17.803,6.48315,6.4828,1,1.1
10.08.2021 00:45:18.167,6.48325,6.4828,1,1.2
10.08.2021 00:45:18.218,6.483280000000001,6.4827900000000005,1,1.2
10.08.2021 00:45:18.269,6.48324,6.4827900000000005,1,1.2
10.08.2021 00:45:18.370,6.48324,6.4827900000000005,1,1.67
10.08.2021 00:45:18.867,6.48324,6.48277,1,1.6
10.08.2021 00:45:19.484,6.48324,6.482780000000001,1,1.6
10.08.2021 00:45:23.109,6.48324,6.48282,1,1.5
10.08.2021 00:45:24.069,6.483210000000001,6.48277,1,3.6
10.08.2021 00:45:24.201,6.4831900000000005,6.48277,1,3.6
10.08.2021 00:45:24.581,6.48311,6.48277,1,3.6
10.08.2021 00:45:24.732,6.48312,6.48276,1.5,2.32
10.08.2021 00:45:24.883,6.48312,6.48276,1.5,2.35
10.08.2021 00:45:25.210,6.48302,6.48276,1,2.35
10.08.2021 00:45:25.311,6.48297,6.48277,1,1
10.08.2021 00:45:25.361,6.483040000000001,6.482600000000001,1,1.1
10.08.2021 00:45:25.412,6.483040000000001,6.48261,1,1.1
10.08.2021 00:45:25.513,6.48311,6.48277,1,1
10.08.2021 00:45:25.614,6.483130000000001,6.48277,1,3
10.08.2021 00:45:27.507,6.48307,6.482730000000001,1.5,2.7
10.08.2021 00:45:27.608,6.48306,6.48276,1,3
10.08.2021 00:45:27.659,6.483090000000001,6.482640000000001,1,1.1
10.08.2021 00:45:27.709,6.48312,6.48266,1,1.1
10.08.2021 00:45:27.810,6.48316,6.48276,1,3
10.08.2021 00:45:27.861,6.483180000000001,6.48277,2.25,3.82
10.08.2021 00:45:27.911,6.4831900000000005,6.48276,1.5,3.85
10.08.2021 00:45:28.232,6.483090000000001,6.48267,1,1.6
10.08.2021 00:45:28.333,6.4828600000000005,6.48266,1,1
10.08.2021 00:45:28.383,6.48277,6.4824600000000006,1,1.1
10.08.2021 00:45:28.484,6.48277,6.48237,1,2.1
10.08.2021 00:45:30.123,6.48277,6.48237,1,1.6
10.08.2021 00:45:31.194,6.482780000000001,6.48236,1,1.6
10.08.2021 00:45:35.604,6.48277,6.4824,1,1
10.08.2021 00:45:36.488,6.482780000000001,6.48242,1,1
10.08.2021 00:45:36.936,6.482780000000001,6.482430000000001,1,1
10.08.2021 00:45:37.087,6.48285,6.48245,1,1.1
10.08.2021 00:45:37.137,6.48285,6.48247,1,1
10.08.2021 00:45:37.238,6.48294,6.48256,1.5,1
10.08.2021 00:45:37.990,6.48287,6.48256,1,1
10.08.2021 00:45:41.419,6.48297,6.48257,1,1.1
10.08.2021 00:45:41.652,6.48296,6.48266,1,1
10.08.2021 00:45:45.621,6.48305,6.4826500000000005,1,1
10.08.2021 00:45:45.844,6.483040000000001,6.482600000000001,1,1.6
10.08.2021 00:45:46.438,6.483040000000001,6.482600000000001,1,1.5
10.08.2021 00:45:46.957,6.483040000000001,6.48259,1,1.1
10.08.2021 00:45:50.562,6.48297,6.48259,1,1
10.08.2021 00:45:54.864,6.48297,6.48256,1,1.6
10.08.2021 00:45:54.915,6.48297,6.48256,1,1.1
10.08.2021 00:46:21.126,6.48296,6.48261,1,1
10.08.2021 00:46:21.227,6.48302,6.48266,1,1
10.08.2021 00:46:21.429,6.4831,6.48267,1,1.85
10.08.2021 00:46:21.530,6.483140000000001,6.48277,1,1.1
10.08.2021 00:46:21.581,6.483210000000001,6.48277,1,1.1
10.08.2021 00:46:21.732,6.48325,6.48277,1,1.1
10.08.2021 00:46:22.026,6.48325,6.48276,1,1.1
10.08.2021 00:46:22.087,6.48325,6.48276,1,1.1
10.08.2021 00:46:22.357,6.483210000000001,6.48276,1,1.1
10.08.2021 00:46:22.458,6.48316,6.482730000000001,1,1.22
10.08.2021 00:46:22.559,6.48308,6.48263,1,1.22
10.08.2021 00:46:22.660,6.48306,6.48261,1,1.6
10.08.2021 00:46:23.171,6.4831,6.48267,1,2.35
10.08.2021 00:46:23.575,6.48311,6.48266,1,2.35
10.08.2021 00:46:25.069,6.48311,6.48266,1,1.1
10.08.2021 00:46:26.285,6.4831,6.48267,1,1.1
10.08.2021 00:46:27.302,6.48311,6.48268,1,1.1
10.08.2021 00:46:31.998,6.48312,6.48271,1,1.1
10.08.2021 00:46:32.099,6.483130000000001,6.48272,1,1.1
10.08.2021 00:46:32.200,6.4832,6.48276,1,1
10.08.2021 00:46:32.250,6.4832600000000005,6.48282,1,1.1
10.08.2021 00:46:32.301,6.48329,6.48282,1,1.1
10.08.2021 00:46:32.402,6.48329,6.48287,1,1.1
10.08.2021 00:46:37.726,6.48325,6.4828600000000005,1,1
10.08.2021 00:46:56.581,6.4832,6.482830000000001,1,1.1
10.08.2021 00:46:56.682,6.48307,6.48282,1,1
10.08.2021 00:46:56.733,6.4830000000000005,6.48263,1,1.1
10.08.2021 00:46:56.834,6.4830000000000005,6.482600000000001,1,1.12
10.08.2021 00:46:57.580,6.48298,6.48261,1,1.12
10.08.2021 00:46:57.631,6.48296,6.482550000000001,1,1.6
10.08.2021 00:46:57.782,6.48296,6.482550000000001,1,1.1
10.08.2021 00:46:57.833,6.48298,6.482550000000001,1,1.1
10.08.2021 00:46:58.071,6.48299,6.48254,1,1.1
10.08.2021 00:46:58.371,6.48299,6.48254,1,1.1
10.08.2021 00:46:58.766,6.48299,6.48254,1,1.1
10.08.2021 00:46:59.754,6.48298,6.48254,1,1.1
10.08.2021 00:47:01.224,6.48301,6.482600000000001,1,1
10.08.2021 00:47:04.541,6.48301,6.48254,1,1.6
10.08.2021 00:47:04.843,6.482950000000001,6.482530000000001,1,1.1
10.08.2021 00:47:04.944,6.482880000000001,6.482530000000001,1,1.1
10.08.2021 00:47:05.045,6.48289,6.4826500000000005,1,1
10.08.2021 00:47:05.096,6.4829300000000005,6.48266,1,1
10.08.2021 00:47:05.147,6.48298,6.48259,1,1
10.08.2021 00:47:05.248,6.48296,6.482600000000001,1,1
10.08.2021 00:47:05.349,6.482950000000001,6.482600000000001,1,1
10.08.2021 00:47:06.320,6.48298,6.48259,1,1
10.08.2021 00:47:06.548,6.48296,6.482600000000001,1,1
10.08.2021 00:47:06.842,6.48296,6.48251,1,1.6
10.08.2021 00:47:07.608,6.48297,6.4825,1,1.6
10.08.2021 00:47:07.709,6.48297,6.4825,1,1.6
10.08.2021 00:47:07.861,6.48297,6.4825800000000005,1,1
10.08.2021 00:47:07.962,6.4830000000000005,6.48261,1,1
10.08.2021 00:47:08.062,6.48301,6.48262,1,1
10.08.2021 00:47:09.470,6.48301,6.48261,1,1
10.08.2021 00:47:10.560,6.48301,6.48262,1,1
10.08.2021 00:47:10.751,6.4830000000000005,6.48262,1,1.5
10.08.2021 00:47:14.055,6.48301,6.48262,1,1
10.08.2021 00:47:14.381,6.4830000000000005,6.48262,1,1
10.08.2021 00:47:25.426,6.48299,6.48261,1,1
10.08.2021 00:47:25.527,6.48298,6.4825,1,1.6
10.08.2021 00:47:25.684,6.48298,6.48256,1,1.6
10.08.2021 00:47:26.143,6.48299,6.482550000000001,1,1.6
10.08.2021 00:47:26.244,6.48299,6.482550000000001,1,1.6
10.08.2021 00:47:27.321,6.48299,6.48256,1,1.6
10.08.2021 00:47:28.072,6.4830000000000005,6.482550000000001,1,1.6
10.08.2021 00:47:36.294,6.4830000000000005,6.482600000000001,1,1.1
10.08.2021 00:47:36.875,6.48303,6.48259,1,1.1
10.08.2021 00:47:37.707,6.483040000000001,6.482600000000001,1,1.1
10.08.2021 00:47:37.814,6.483040000000001,6.48266,1,1
10.08.2021 00:47:56.565,6.48302,6.48266,1,1
10.08.2021 00:47:56.666,6.48299,6.482480000000001,1,2.1
10.08.2021 00:47:56.768,6.48294,6.48245,1,1.6
10.08.2021 00:47:56.818,6.48292,6.4824600000000006,1,1.1
10.08.2021 00:47:56.868,6.48292,6.482430000000001,1.5,1.6
10.08.2021 00:47:56.969,6.482880000000001,6.4824600000000006,1.5,1.1
10.08.2021 00:47:57.502,6.48287,6.4824600000000006,1,1.1
10.08.2021 00:47:57.705,6.48287,6.482480000000001,1,1.1
10.08.2021 00:47:57.814,6.48291,6.48247,1,1.1
10.08.2021 00:47:57.915,6.48291,6.482480000000001,1,1.1
10.08.2021 00:47:58.104,6.48292,6.48247,1,1.1
10.08.2021 00:47:58.225,6.48292,6.482480000000001,1,1.1
10.08.2021 00:47:58.427,6.4829300000000005,6.482550000000001,1,1
10.08.2021 00:48:02.421,6.4829300000000005,6.48249,1,1.1
10.08.2021 00:48:03.297,6.48292,6.4825,1,1.1
10.08.2021 00:48:03.397,6.48292,6.4825,1,1.1
10.08.2021 00:48:06.304,6.4829300000000005,6.48249,1,1.1
10.08.2021 00:48:14.272,6.4829300000000005,6.4825,1,1.1
10.08.2021 00:48:14.323,6.48296,6.4825,1,1.1
10.08.2021 00:48:14.424,6.48287,6.4825,1,1.1
10.08.2021 00:48:14.474,6.48287,6.4825,1,1
10.08.2021 00:48:14.739,6.4828600000000005,6.48249,1,1
10.08.2021 00:48:15.034,6.482880000000001,6.48249,1,1.1
10.08.2021 00:48:15.505,6.48287,6.4825,1,1.1
10.08.2021 00:48:16.718,6.482880000000001,6.48249,1,1.1
10.08.2021 00:48:16.819,6.48289,6.48249,1,1.1
10.08.2021 00:48:16.935,6.4829,6.48249,1,1.1
10.08.2021 00:48:16.986,6.48294,6.48249,1,1.1
10.08.2021 00:48:17.694,6.482880000000001,6.4825,1,1.1
10.08.2021 00:48:17.795,6.482880000000001,6.4824600000000006,1,1.2
10.08.2021 00:48:17.906,6.482880000000001,6.482430000000001,1,1.1
10.08.2021 00:48:18.093,6.482880000000001,6.48242,1,1.2
10.08.2021 00:48:18.194,6.48287,6.4824600000000006,1,1.1
10.08.2021 00:48:18.465,6.48287,6.4824600000000006,1,1.1
10.08.2021 00:48:24.419,6.48287,6.482480000000001,1,1.2
10.08.2021 00:48:24.846,6.482880000000001,6.48247,1,1.2
10.08.2021 00:48:52.624,6.482880000000001,6.48247,1,1.2
10.08.2021 00:48:52.674,6.48285,6.48244,1,1.2
10.08.2021 00:48:52.806,6.48285,6.4824,1,1.2
10.08.2021 00:48:52.907,6.48284,6.48241,1,1.2
10.08.2021 00:48:56.739,6.48284,6.48241,1,1.2
10.08.2021 00:48:56.843,6.48284,6.48241,1,1.65
10.08.2021 00:48:56.961,6.48285,6.4824,1,1.67
10.08.2021 00:48:57.131,6.482880000000001,6.48241,1,1.2
10.08.2021 00:48:57.181,6.48287,6.48242,1,1.2
10.08.2021 00:49:00.918,6.48291,6.48242,1,1.2
10.08.2021 00:49:05.538,6.48291,6.482480000000001,1,1.1
10.08.2021 00:49:06.284,6.48291,6.48245,1.5,1.2
10.08.2021 00:49:10.219,6.48292,6.4825,1,1
10.08.2021 00:49:10.320,6.48292,6.48251,1,1.1
10.08.2021 00:49:10.421,6.48292,6.48251,1,1.1
10.08.2021 00:49:12.516,6.48292,6.482530000000001,1,1.2
10.08.2021 00:49:17.912,6.48297,6.4826500000000005,1,1
10.08.2021 00:49:18.113,6.48297,6.482600000000001,1,1.1
10.08.2021 00:49:18.195,6.48297,6.48262,1,1.1
10.08.2021 00:49:18.799,6.48301,6.48262,1,1.1
10.08.2021 00:49:18.980,6.4830000000000005,6.4827,1,1.1
10.08.2021 00:49:19.081,6.4830000000000005,6.48271,1,1.1
10.08.2021 00:49:19.867,6.48301,6.48267,1,1.1
10.08.2021 00:49:19.918,6.482950000000001,6.48267,1,1.1
10.08.2021 00:49:20.526,6.482950000000001,6.4826500000000005,1,1.1
10.08.2021 00:49:21.508,6.48294,6.482550000000001,1,1.3
10.08.2021 00:49:21.893,6.48294,6.482550000000001,1,1.2
10.08.2021 00:49:23.417,6.48294,6.482550000000001,1,1.2
10.08.2021 00:49:24.926,6.482950000000001,6.482550000000001,1,1.2
10.08.2021 00:49:24.977,6.48297,6.48259,1,1
10.08.2021 00:49:28.119,6.48297,6.48256,1,1.1
10.08.2021 00:49:33.602,6.48291,6.482550000000001,1,1.1
10.08.2021 00:49:33.653,6.4829,6.482530000000001,1.5,1.6
10.08.2021 00:49:34.111,6.48291,6.48247,1.5,1.6
10.08.2021 00:49:34.547,6.4829,6.48247,1,1.7
10.08.2021 00:49:34.648,6.4829,6.482480000000001,1.5,1.7
10.08.2021 00:49:35.372,6.4829,6.482480000000001,1.5,1.2
10.08.2021 00:49:44.781,6.4829,6.4824600000000006,1.5,2.1
10.08.2021 00:49:44.895,6.48284,6.4824600000000006,1,1.6
10.08.2021 00:49:44.996,6.482780000000001,6.48236,1,1.6
10.08.2021 00:49:45.263,6.48281,6.48244,1,1.5
10.08.2021 00:49:45.363,6.48282,6.48245,1,1.5
10.08.2021 00:49:45.665,6.482830000000001,6.48236,1,2.1
10.08.2021 00:49:46.140,6.482830000000001,6.48236,1,2.1
10.08.2021 00:49:46.640,6.48282,6.48237,1,2.1
10.08.2021 00:49:48.664,6.482830000000001,6.4824,1,1.6
10.08.2021 00:49:48.715,6.48284,6.48237,1,2.1
10.08.2021 00:49:48.970,6.48284,6.482430000000001,1,1
10.08.2021 00:49:50.391,6.48285,6.48242,1,1.1
10.08.2021 00:49:52.267,6.48284,6.482430000000001,1,1.1
10.08.2021 00:49:55.852,6.48284,6.48237,1.5,2.1
10.08.2021 00:49:55.903,6.48281,6.48242,1,1
10.08.2021 00:49:56.026,6.48281,6.48244,1,1
10.08.2021 00:49:56.127,6.48284,6.48247,1,1
10.08.2021 00:49:56.178,6.48284,6.48244,1,1
10.08.2021 00:49:56.487,6.48284,6.48242,1.5,1
10.08.2021 00:49:56.884,6.48281,6.48242,1,1.12
10.08.2021 00:49:58.446,6.48285,6.48241,1,1.1
10.08.2021 00:49:58.652,6.48285,6.48241,1,1
10.08.2021 00:50:01.450,6.48284,6.4824600000000006,1,1
10.08.2021 00:50:01.766,6.48285,6.48241,1,1.22
10.08.2021 00:50:03.819,6.48282,6.48241,1,1.5
10.08.2021 00:50:04.004,6.48284,6.48242,1.5,1.5
10.08.2021 00:50:04.055,6.48285,6.48241,1.5,1
10.08.2021 00:50:04.444,6.48285,6.48241,1,1.1
10.08.2021 00:50:07.416,6.48285,6.48245,1,1
10.08.2021 00:50:07.885,6.48285,6.48241,1,1.6
10.08.2021 00:50:14.569,6.48284,6.482430000000001,1,1.3
10.08.2021 00:50:15.891,6.48285,6.48242,1,1.2
10.08.2021 00:50:19.760,6.48284,6.48244,1.5,1
10.08.2021 00:50:19.811,6.48281,6.48244,1,1
10.08.2021 00:50:20.492,6.48285,6.482430000000001,1,1
10.08.2021 00:50:20.593,6.48284,6.48242,1.5,1.6
10.08.2021 00:50:20.694,6.48281,6.48242,1,1.5
10.08.2021 00:50:21.018,6.48282,6.48241,1,1
10.08.2021 00:50:22.562,6.48285,6.48241,1,1.1
10.08.2021 00:50:31.409,6.4828600000000005,6.48237,1,1.6
10.08.2021 00:50:31.460,6.48284,6.48241,1,1.1
10.08.2021 00:50:31.561,6.482780000000001,6.48237,1,2.1
10.08.2021 00:50:32.449,6.4827900000000005,6.48236,1,1.6
10.08.2021 00:50:33.579,6.48284,6.48237,1,1.67
10.08.2021 00:50:38.595,6.48284,6.48237,1,1.1
10.08.2021 00:50:41.629,6.48282,6.482380000000001,1,1.1
10.08.2021 00:50:41.729,6.48281,6.48235,1,1.5
10.08.2021 00:50:42.758,6.48281,6.48235,1,1
10.08.2021 00:50:44.776,6.48277,6.48235,1,1
10.08.2021 00:50:44.877,6.48281,6.48235,1,1.1
10.08.2021 00:50:45.290,6.48281,6.48235,1,1.1
10.08.2021 00:50:45.932,6.4828,6.48236,1,1
10.08.2021 00:50:51.625,6.48281,6.48235,1,1.1
10.08.2021 00:50:51.726,6.4828,6.48236,1,1
10.08.2021 00:50:52.934,6.48281,6.48235,1,1.1
10.08.2021 00:50:53.035,6.4828,6.48236,1,1
10.08.2021 00:51:00.210,6.4828,6.48241,1,1.1
10.08.2021 00:51:00.349,6.482830000000001,6.48241,1,1.1
10.08.2021 00:51:00.475,6.48284,6.48242,1,1
10.08.2021 00:51:00.627,6.48285,6.48245,1,1
10.08.2021 00:51:00.881,6.48285,6.48242,1,1.1
10.08.2021 00:51:00.932,6.48285,6.48242,1,1.1
10.08.2021 00:51:01.083,6.48285,6.48242,1,1.1
10.08.2021 00:51:01.184,6.48285,6.48242,1,1
10.08.2021 00:51:01.285,6.48285,6.482430000000001,1,1.1
10.08.2021 00:51:01.434,6.48284,6.482430000000001,1,1.1
10.08.2021 00:51:05.870,6.48284,6.4824600000000006,1,1.1
10.08.2021 00:51:06.944,6.48284,6.482480000000001,1,1.1
10.08.2021 00:51:08.964,6.48285,6.4825,1,1.1
10.08.2021 00:51:15.707,6.48284,6.48249,1,1.1
10.08.2021 00:51:16.314,6.48285,6.4824600000000006,1,1.1
10.08.2021 00:51:18.599,6.48284,6.48244,1,1.1
10.08.2021 00:51:22.288,6.4828,6.482430000000001,1,1.1
10.08.2021 00:51:22.733,6.4827900000000005,6.4823900000000005,1,1.1
10.08.2021 00:51:23.025,6.4828,6.48236,1,1.1
10.08.2021 00:51:23.552,6.4827900000000005,6.48237,1.5,1.2
10.08.2021 00:51:25.115,6.48276,6.48236,1,1.1
10.08.2021 00:51:25.231,6.48275,6.482330000000001,1,1.22
10.08.2021 00:51:25.481,6.48276,6.48232,1,1.22
10.08.2021 00:51:26.083,6.48276,6.48232,1,1.1
10.08.2021 00:51:26.581,6.48276,6.48235,1,1
10.08.2021 00:51:27.021,6.482740000000001,6.48236,1,1.6
10.08.2021 00:51:27.210,6.4827900000000005,6.48236,1.5,1.6
10.08.2021 00:51:27.261,6.48276,6.48235,1,1
10.08.2021 00:51:27.677,6.48276,6.48235,1,1.1
10.08.2021 00:51:35.263,6.48276,6.48235,1,1.1
10.08.2021 00:51:39.978,6.48275,6.48235,1,1.1
10.08.2021 00:51:40.028,6.482780000000001,6.48235,1,1.1
10.08.2021 00:51:40.079,6.4827900000000005,6.48236,1,1.1
10.08.2021 00:51:40.591,6.4827900000000005,6.48236,1,1.1
10.08.2021 00:51:40.928,6.4827900000000005,6.48236,1,1.1
10.08.2021 00:51:43.102,6.48281,6.48236,1,1.1
10.08.2021 00:51:44.471,6.48282,6.482430000000001,1,1
10.08.2021 00:51:44.572,6.48281,6.4824600000000006,1,1
10.08.2021 00:51:44.623,6.482880000000001,6.48244,1,1.1
10.08.2021 00:51:44.674,6.48289,6.48247,1,1.1
10.08.2021 00:51:44.834,6.48291,6.48247,1,1.1
10.08.2021 00:51:45.389,6.48291,6.48247,1,1.1
10.08.2021 00:51:45.540,6.48291,6.48245,1,1.1
10.08.2021 00:51:46.433,6.48291,6.48245,1,1.1
10.08.2021 00:51:51.848,6.48291,6.48245,1,1.1
10.08.2021 00:51:53.288,6.48291,6.48245,1,1.1
10.08.2021 00:51:58.043,6.4829,6.482550000000001,1,1
10.08.2021 00:51:58.194,6.48294,6.4826500000000005,1,1
10.08.2021 00:51:58.245,6.48298,6.4826500000000005,1,1
10.08.2021 00:51:58.296,6.48299,6.4825800000000005,1,1
10.08.2021 00:51:58.397,6.48292,6.48254,1,1.1
10.08.2021 00:51:58.447,6.4829300000000005,6.482480000000001,1,1.1
10.08.2021 00:51:58.548,6.4829300000000005,6.482480000000001,1,1.1
10.08.2021 00:51:58.755,6.48296,6.48256,1,1
10.08.2021 00:52:01.531,6.48292,6.482530000000001,1,1
10.08.2021 00:52:04.471,6.48292,6.48256,1,1
10.08.2021 00:52:04.572,6.48291,6.48261,1,1
10.08.2021 00:52:06.600,6.48292,6.48254,1,1
10.08.2021 00:52:07.294,6.48291,6.482530000000001,1,1.1
10.08.2021 00:52:10.034,6.48292,6.48254,1,1
10.08.2021 00:52:10.188,6.48291,6.4825800000000005,1,1.57
10.08.2021 00:52:12.564,6.48292,6.48254,1,1.57
10.08.2021 00:52:13.215,6.48291,6.48261,1,1.1
10.08.2021 00:52:14.255,6.48292,6.4825800000000005,1,1
10.08.2021 00:52:16.185,6.48292,6.48254,1,1
10.08.2021 00:52:16.389,6.48291,6.48252,1,1
10.08.2021 00:52:16.706,6.48292,6.48249,1,1.57
10.08.2021 00:52:21.594,6.48292,6.48251,1,1.1
10.08.2021 00:52:22.257,6.48292,6.48249,1,1
10.08.2021 00:52:26.789,6.48292,6.482480000000001,1.5,1
10.08.2021 00:52:26.840,6.48282,6.48249,1,1
10.08.2021 00:52:26.941,6.48277,6.482550000000001,1.5,1
10.08.2021 00:52:29.271,6.482780000000001,6.482530000000001,1,1
10.08.2021 00:52:29.779,6.48277,6.48252,1,1
10.08.2021 00:52:30.150,6.482780000000001,6.48247,1,1
10.08.2021 00:52:30.251,6.482780000000001,6.48249,1,1
10.08.2021 00:52:30.357,6.482780000000001,6.48254,1,1
10.08.2021 00:52:38.493,6.482880000000001,6.48254,1,1
10.08.2021 00:52:38.644,6.4829300000000005,6.48254,1,1
10.08.2021 00:52:38.694,6.4829300000000005,6.48256,1,1
10.08.2021 00:52:50.370,6.48292,6.482600000000001,1,1
10.08.2021 00:52:55.441,6.4829300000000005,6.48256,1,1
10.08.2021 00:52:57.305,6.48287,6.482530000000001,1,1.1
10.08.2021 00:52:57.356,6.482880000000001,6.48247,1,1.5
10.08.2021 00:52:57.457,6.482780000000001,6.48241,1,1
10.08.2021 00:52:57.507,6.482780000000001,6.4823900000000005,1,1
10.08.2021 00:52:57.558,6.482780000000001,6.4823900000000005,1.5,1
10.08.2021 00:52:57.608,6.48277,6.482380000000001,1.5,1
10.08.2021 00:52:57.709,6.482780000000001,6.4824,1.5,1
10.08.2021 00:52:57.759,6.48277,6.48241,1,1
10.08.2021 00:52:57.860,6.482780000000001,6.48241,1,1
10.08.2021 00:52:57.911,6.482780000000001,6.48244,1,1
10.08.2021 00:52:58.012,6.48287,6.4824600000000006,1,1
10.08.2021 00:52:58.062,6.48289,6.48247,1,1
10.08.2021 00:53:05.088,6.48292,6.482530000000001,1,1
10.08.2021 00:53:07.298,6.48298,6.48252,1.67,1
10.08.2021 00:53:07.348,6.48297,6.48256,1.57,1
10.08.2021 00:53:07.769,6.48299,6.48261,1.5,1
10.08.2021 00:53:09.633,6.48301,6.482600000000001,1.1,1
10.08.2021 00:53:09.684,6.48301,6.4825800000000005,1.1,1
10.08.2021 00:53:15.891,6.483040000000001,6.48259,1.57,1
10.08.2021 00:53:16.652,6.483040000000001,6.48261,1,1
10.08.2021 00:53:16.945,6.48306,6.48261,1.1,1
10.08.2021 00:53:17.191,6.48306,6.48261,1.1,1.1
10.08.2021 00:53:17.340,6.48307,6.48261,1,1.1
10.08.2021 00:53:19.659,6.48307,6.48261,1.5,1.1
10.08.2021 00:53:22.072,6.48306,6.48261,1.1,1.1
10.08.2021 00:53:27.869,6.48308,6.482600000000001,1.5,1.1
10.08.2021 00:53:32.914,6.483040000000001,6.48261,1,1
10.08.2021 00:53:33.076,6.48298,6.482600000000001,1,1
10.08.2021 00:53:33.126,6.48303,6.482600000000001,1,1
10.08.2021 00:53:54.823,6.48302,6.482600000000001,1,1
10.08.2021 00:53:54.974,6.48301,6.482600000000001,1,1
10.08.2021 00:53:55.025,6.48297,6.48259,1,1
10.08.2021 00:53:55.975,6.48302,6.48259,1,1
10.08.2021 00:53:56.093,6.48302,6.482550000000001,1.5,1
10.08.2021 00:53:56.794,6.48296,6.48256,1,1
10.08.2021 00:53:57.153,6.48291,6.48256,1,1
10.08.2021 00:53:57.353,6.4829,6.482550000000001,1,1
10.08.2021 00:53:57.912,6.48291,6.48256,1,1
10.08.2021 00:53:57.963,6.482950000000001,6.482550000000001,1.2,1
10.08.2021 00:54:03.711,6.482950000000001,6.482550000000001,1.2,1
10.08.2021 00:54:03.773,6.48292,6.482550000000001,1.1,1
10.08.2021 00:54:03.874,6.4829,6.48256,1.1,1
10.08.2021 00:54:06.293,6.48291,6.48251,1.2,1
10.08.2021 00:54:06.344,6.4828600000000005,6.48252,1,1
10.08.2021 00:54:08.350,6.4828600000000005,6.48251,1.1,1
10.08.2021 00:54:11.692,6.4828600000000005,6.48252,1,1
10.08.2021 00:54:12.358,6.48276,6.482430000000001,1,1
10.08.2021 00:54:12.459,6.48272,6.48241,1,1
10.08.2021 00:54:12.798,6.4825800000000005,6.48242,1,1
10.08.2021 00:54:12.848,6.4825,6.48228,1,1
10.08.2021 00:54:12.899,6.48251,6.48217,1,1
10.08.2021 00:54:13.000,6.48241,6.481980000000001,1,1.12
10.08.2021 00:54:13.050,6.48241,6.482,1,1
10.08.2021 00:54:13.168,6.48242,6.481980000000001,1,1
10.08.2021 00:54:13.319,6.48242,6.48201,1,1
10.08.2021 00:54:13.420,6.48242,6.48202,1,1
10.08.2021 00:54:13.810,6.48241,6.482060000000001,1,1
10.08.2021 00:54:13.861,6.48247,6.482060000000001,1,1
10.08.2021 00:54:13.912,6.4824600000000006,6.48214,1,1
10.08.2021 00:54:14.420,6.4825,6.482130000000001,1,1
10.08.2021 00:54:15.849,6.48257,6.48214,1,1
10.08.2021 00:54:16.001,6.48266,6.48217,1.5,1
10.08.2021 00:54:16.051,6.482690000000001,6.48222,1.5,1
