Gmt time,Ask,Bid,AskVolume,BidVolume
03.08.2021 00:00:00.137,1.25022,1.25008,1.6,1
03.08.2021 00:00:00.949,1.25021,1.25008,1.1,1
03.08.2021 00:00:01.050,1.25021,1.25008,1.35,1
03.08.2021 00:00:03.213,1.25021,1.2500700000000002,2.16,1
03.08.2021 00:00:03.525,1.2501900000000001,1.2500700000000002,1.1,1
03.08.2021 00:00:03.626,1.2501700000000002,1.25005,1,1
03.08.2021 00:00:04.181,1.2501700000000002,1.2500600000000002,1.1,1
03.08.2021 00:00:06.578,1.2501900000000001,1.25005,1.57,1.5
03.08.2021 00:00:07.387,1.2501900000000001,1.25005,1.6,1.5
03.08.2021 00:00:07.582,1.2501900000000001,1.25005,1.57,1.5
03.08.2021 00:00:08.635,1.25018,1.25005,1,1
03.08.2021 00:00:08.736,1.2501900000000001,1.2500600000000002,1.57,1
03.08.2021 00:00:10.971,1.25018,1.2500600000000002,1,1
03.08.2021 00:00:19.766,1.2501200000000001,1.25001,1,1
03.08.2021 00:00:19.918,1.2501200000000001,1.25,1,1
03.08.2021 00:00:23.572,1.25011,1.25003,1,1
03.08.2021 00:00:24.309,1.25013,1.25003,1,1
03.08.2021 00:00:24.611,1.25014,1.2500600000000002,1,1
03.08.2021 00:00:24.662,1.25018,1.2500600000000002,1.1,1
03.08.2021 00:00:24.914,1.25018,1.2500700000000002,1,1
03.08.2021 00:00:28.783,1.2501900000000001,1.2500700000000002,1,1
03.08.2021 00:00:32.293,1.2501900000000001,1.25008,1,1
03.08.2021 00:00:32.951,1.25024,1.25014,1.7,1
03.08.2021 00:00:33.154,1.2502,1.25008,1,1
03.08.2021 00:00:33.255,1.2502,1.2500700000000002,1,1.2
03.08.2021 00:00:34.145,1.2501900000000001,1.2500700000000002,1,1
03.08.2021 00:00:34.247,1.2501700000000002,1.2500700000000002,1,1.2
03.08.2021 00:00:46.382,1.25018,1.25005,1,1.1
03.08.2021 00:00:46.433,1.25014,1.25001,1,1
03.08.2021 00:00:46.534,1.2501200000000001,1.25001,1,1.12
03.08.2021 00:00:48.162,1.25015,1.25004,1,1
03.08.2021 00:00:48.630,1.25014,1.25003,1,1.2
03.08.2021 00:00:51.457,1.2501,1.25,1,2.07
03.08.2021 00:00:51.507,1.2501,1.25,1,1.57
03.08.2021 00:00:51.609,1.2501,1.24998,1,1.12
03.08.2021 00:00:54.424,1.25004,1.2499500000000001,1,1
03.08.2021 00:00:54.475,1.25005,1.2499200000000001,1,1.2
03.08.2021 00:00:55.186,1.25004,1.2499200000000001,1,1.1
03.08.2021 00:00:55.287,1.2500200000000001,1.2499200000000001,1,1.95
03.08.2021 00:01:02.034,1.25004,1.24991,1,1.1
03.08.2021 00:01:02.508,1.25003,1.24991,1,1.1
03.08.2021 00:01:02.610,1.25004,1.24991,1,1.1
03.08.2021 00:01:02.711,1.2500200000000001,1.2499200000000001,1,1.1
03.08.2021 00:01:11.496,1.25004,1.24991,1,1.1
03.08.2021 00:01:12.228,1.25003,1.24991,1,1.1
03.08.2021 00:01:21.048,1.25004,1.24991,1,1.1
03.08.2021 00:01:22.237,1.25003,1.24993,1,1
03.08.2021 00:01:23.507,1.25003,1.2499200000000001,1,1.1
03.08.2021 00:01:23.609,1.2500200000000001,1.2499200000000001,1,1.1
03.08.2021 00:01:23.710,1.2500200000000001,1.24993,1,1
03.08.2021 00:01:25.611,1.2500200000000001,1.2499200000000001,1,1.1
03.08.2021 00:01:26.340,1.25003,1.2499200000000001,1,1
03.08.2021 00:01:27.083,1.25003,1.24991,1,1.1
03.08.2021 00:01:28.945,1.2500200000000001,1.24991,1,1.2
03.08.2021 00:01:29.473,1.2500200000000001,1.2499200000000001,1,1
03.08.2021 00:01:35.715,1.25003,1.2499200000000001,1,1
03.08.2021 00:01:45.970,1.25003,1.24993,1,1
03.08.2021 00:01:46.284,1.25003,1.24991,1,2.72
03.08.2021 00:01:46.615,1.25003,1.24993,1,1
03.08.2021 00:01:46.716,1.25008,1.24997,2,1
03.08.2021 00:01:46.817,1.25009,1.2499600000000002,1,1
03.08.2021 00:01:48.359,1.2500600000000002,1.24991,1.12,2.6
03.08.2021 00:01:48.460,1.25005,1.24991,1.1,1
03.08.2021 00:01:48.561,1.2500700000000002,1.24994,1,1.57
03.08.2021 00:01:52.000,1.25005,1.24991,1.5,1.87
03.08.2021 00:01:52.101,1.2500200000000001,1.24991,1,1.12
03.08.2021 00:01:52.202,1.2500200000000001,1.2499,1,1
03.08.2021 00:01:54.673,1.24997,1.2498500000000001,1,2.82
03.08.2021 00:01:54.826,1.24997,1.2498500000000001,1,1.5
03.08.2021 00:01:54.927,1.25,1.24987,1.12,1
03.08.2021 00:01:55.029,1.24999,1.24987,1,1.1
03.08.2021 00:01:58.223,1.24999,1.2498500000000001,1,3.1
03.08.2021 00:02:02.766,1.2500200000000001,1.2499,1.12,1
03.08.2021 00:02:04.199,1.2500200000000001,1.2498799999999999,1,1.95
03.08.2021 00:02:05.469,1.25001,1.2499,1,1
03.08.2021 00:02:06.234,1.25003,1.24989,1,1.57
03.08.2021 00:02:06.285,1.25004,1.2499200000000001,1.2,1
03.08.2021 00:02:10.092,1.25005,1.2499200000000001,1,1
03.08.2021 00:02:10.332,1.2500600000000002,1.2499200000000001,1.1,1
03.08.2021 00:02:11.679,1.2500600000000002,1.24994,1.22,1
03.08.2021 00:02:12.149,1.2501,1.25,1.2,1
03.08.2021 00:02:12.364,1.25013,1.24999,2.16,1
03.08.2021 00:02:13.126,1.25014,1.25,2.85,1
03.08.2021 00:02:13.733,1.2501200000000001,1.25,1,1
03.08.2021 00:02:15.107,1.25011,1.25,1,1
03.08.2021 00:02:16.270,1.2501200000000001,1.25001,1.2,1
03.08.2021 00:02:16.841,1.25011,1.25001,1,1
03.08.2021 00:02:17.147,1.2501,1.25,1,1
03.08.2021 00:02:17.354,1.25011,1.24998,1,1
03.08.2021 00:02:17.455,1.25011,1.24999,1,1
03.08.2021 00:02:18.345,1.25013,1.24999,1.6,1
03.08.2021 00:02:21.093,1.25011,1.25,1.1,1
03.08.2021 00:02:23.448,1.25011,1.25,1,1
03.08.2021 00:02:25.121,1.25011,1.24999,1.1,1
03.08.2021 00:02:25.670,1.2501,1.25,1.1,1
03.08.2021 00:02:25.771,1.25011,1.24998,1.79,1
03.08.2021 00:02:26.213,1.25011,1.24998,1.79,1
03.08.2021 00:02:38.632,1.25011,1.24999,1.57,1
03.08.2021 00:02:40.369,1.25011,1.24999,1.1,1
03.08.2021 00:02:41.907,1.25011,1.24999,1,1
03.08.2021 00:02:42.008,1.25013,1.24999,1.6,1
03.08.2021 00:02:43.647,1.2501200000000001,1.24999,1.1,1
03.08.2021 00:02:43.698,1.2500700000000002,1.24994,1,2
03.08.2021 00:02:43.799,1.25004,1.24994,1,1
03.08.2021 00:02:43.900,1.25005,1.2499200000000001,1,1
03.08.2021 00:02:47.262,1.2500200000000001,1.2498799999999999,2.32,1
03.08.2021 00:02:47.414,1.2500200000000001,1.24989,1.1,1
03.08.2021 00:02:47.515,1.24999,1.2498600000000002,1.1,2
03.08.2021 00:02:47.616,1.25,1.2498600000000002,1.57,1.5
03.08.2021 00:02:47.733,1.25,1.2498600000000002,1.57,1
03.08.2021 00:02:48.202,1.24999,1.2498600000000002,1,1
03.08.2021 00:02:48.305,1.24997,1.24987,1.1,1
03.08.2021 00:02:52.228,1.25,1.2498600000000002,1.6,1
03.08.2021 00:02:55.446,1.24998,1.2498600000000002,1,2.7
03.08.2021 00:02:55.547,1.24999,1.24987,1,1.01
03.08.2021 00:02:58.733,1.25001,1.24987,1.1,1
03.08.2021 00:03:00.665,1.24999,1.24987,2.72,1
03.08.2021 00:03:01.840,1.24999,1.2498500000000001,3.1,1
03.08.2021 00:03:01.992,1.24998,1.24984,2.35,1
03.08.2021 00:03:02.093,1.24997,1.24984,1.1,1
03.08.2021 00:03:02.731,1.2499600000000002,1.24983,1.6,1.12
03.08.2021 00:03:03.056,1.2499600000000002,1.2498200000000002,1.35,1
03.08.2021 00:03:03.107,1.2499200000000001,1.24979,1.1,1
03.08.2021 00:03:03.208,1.2499200000000001,1.24978,1.1,1
03.08.2021 00:03:03.359,1.24991,1.24977,1.57,1
03.08.2021 00:03:04.576,1.24994,1.2498,1.57,1
03.08.2021 00:03:04.677,1.24994,1.24981,1.1,1
03.08.2021 00:03:05.924,1.24993,1.24981,1.57,1
03.08.2021 00:03:06.025,1.24991,1.24979,1.12,1.1
03.08.2021 00:03:06.906,1.24991,1.24979,1.97,1
03.08.2021 00:03:07.260,1.2499200000000001,1.24978,1.95,1.1
03.08.2021 00:03:07.826,1.24991,1.24978,1.1,1
03.08.2021 00:03:08.129,1.24993,1.24979,1.5,1.1
03.08.2021 00:03:08.230,1.2499600000000002,1.2498200000000002,2.07,1
03.08.2021 00:03:08.332,1.2499600000000002,1.2498200000000002,1.2,1
03.08.2021 00:03:09.024,1.2499600000000002,1.2498200000000002,2.72,1
03.08.2021 00:03:09.227,1.2499600000000002,1.2498200000000002,2.91,1
03.08.2021 00:03:09.540,1.2499500000000001,1.24983,1.2,1
03.08.2021 00:03:12.093,1.2499600000000002,1.24983,1,1.5
03.08.2021 00:03:13.194,1.24997,1.24983,1.5,1
03.08.2021 00:03:20.369,1.2499600000000002,1.2498200000000002,1,1.2
03.08.2021 00:03:22.096,1.2499600000000002,1.24983,1,1
03.08.2021 00:03:25.733,1.2499600000000002,1.2498200000000002,1,1.57
03.08.2021 00:03:27.614,1.24997,1.24983,1,1
03.08.2021 00:03:31.864,1.2499500000000001,1.24983,1,1.1
03.08.2021 00:03:35.436,1.2499200000000001,1.24978,1.5,1
03.08.2021 00:03:38.696,1.2499600000000002,1.2498200000000002,1.6,1.1
03.08.2021 00:03:38.798,1.2499600000000002,1.24983,1.1,1
03.08.2021 00:03:38.949,1.2499500000000001,1.24981,1,1.22
03.08.2021 00:03:41.602,1.24997,1.24983,1.1,1
03.08.2021 00:03:42.065,1.24997,1.24983,1.1,1.1
03.08.2021 00:03:44.349,1.2499600000000002,1.2498200000000002,1,1.97
03.08.2021 00:03:46.502,1.2499600000000002,1.2498200000000002,1.1,1.1
03.08.2021 00:03:48.514,1.24997,1.24983,1.97,1
03.08.2021 00:03:49.008,1.2499600000000002,1.24984,1.1,1.2
03.08.2021 00:04:00.083,1.2499600000000002,1.24984,1,1.22
03.08.2021 00:04:00.817,1.24997,1.24983,1,1.2
03.08.2021 00:04:01.020,1.24997,1.24983,1,1.22
03.08.2021 00:04:01.308,1.2499600000000002,1.24984,1,1.2
03.08.2021 00:04:07.064,1.24997,1.24983,1,1.22
03.08.2021 00:04:08.204,1.24997,1.24983,1,1.2
03.08.2021 00:04:13.082,1.24997,1.24983,1.22,1
03.08.2021 00:04:13.755,1.2499500000000001,1.24983,1.1,1.5
03.08.2021 00:04:21.998,1.24997,1.24983,1.1,1
03.08.2021 00:04:22.677,1.2499600000000002,1.2498200000000002,1,1.57
03.08.2021 00:04:23.470,1.2499500000000001,1.24984,1,1
03.08.2021 00:04:24.629,1.24997,1.24983,1.1,1.5
03.08.2021 00:04:27.629,1.2500200000000001,1.24989,1.1,1.5
03.08.2021 00:04:27.730,1.25003,1.24991,1.6,1
03.08.2021 00:04:27.883,1.25004,1.2499,1.1,1.1
03.08.2021 00:04:29.462,1.25004,1.24991,1.1,1
03.08.2021 00:04:32.794,1.25004,1.2499,1.1,1
03.08.2021 00:04:34.647,1.25001,1.24989,1,1
03.08.2021 00:04:34.748,1.24997,1.24984,1,3.15
03.08.2021 00:04:34.850,1.24998,1.24984,1,1.95
03.08.2021 00:04:35.714,1.24997,1.24984,1,1.87
03.08.2021 00:04:39.024,1.24998,1.24984,1.57,1
03.08.2021 00:04:47.532,1.25001,1.2498799999999999,1.6,1
03.08.2021 00:04:47.685,1.2500200000000001,1.2498799999999999,1.1,1.57
03.08.2021 00:04:48.039,1.25004,1.2499,1.1,1
03.08.2021 00:04:48.141,1.25003,1.24991,1.1,1.1
03.08.2021 00:04:49.066,1.25003,1.2499,1,1.57
03.08.2021 00:04:50.098,1.25003,1.24991,1.1,1.57
03.08.2021 00:04:51.909,1.25003,1.24989,1.1,1
03.08.2021 00:04:55.774,1.2500200000000001,1.2498799999999999,1.1,1.57
03.08.2021 00:05:03.840,1.25004,1.2499,1.1,1.57
03.08.2021 00:05:04.537,1.25004,1.2499,1,1.6
03.08.2021 00:05:05.202,1.25005,1.24991,1.1,1.1
03.08.2021 00:05:05.303,1.25005,1.24991,1,1.1
03.08.2021 00:05:08.794,1.25003,1.24991,1.1,1.12
03.08.2021 00:05:25.581,1.25001,1.2499,1,1
03.08.2021 00:05:25.632,1.24999,1.2498500000000001,1,2.72
03.08.2021 00:05:32.180,1.24997,1.24983,1,3.01
03.08.2021 00:05:32.281,1.24997,1.24983,1,3.01
03.08.2021 00:05:35.589,1.24999,1.2498799999999999,1,3.07
03.08.2021 00:05:35.691,1.2500200000000001,1.24991,1.5,1
03.08.2021 00:05:35.742,1.25003,1.2499,1,1
03.08.2021 00:05:39.785,1.25003,1.24991,1,1.1
03.08.2021 00:05:39.886,1.25003,1.2499,1,1.1
03.08.2021 00:05:41.655,1.25004,1.2499,1,1
03.08.2021 00:05:41.756,1.25003,1.2499,1,1.1
03.08.2021 00:05:41.862,1.25003,1.2499200000000001,1,1
03.08.2021 00:05:51.333,1.2500200000000001,1.24989,1,1.12
03.08.2021 00:05:51.586,1.2499600000000002,1.2498500000000001,1,1.7
03.08.2021 00:05:51.738,1.24997,1.24983,1,1.1
03.08.2021 00:05:51.941,1.24997,1.24983,1,1.1
03.08.2021 00:05:52.397,1.2499600000000002,1.24984,1,1.79
03.08.2021 00:05:53.054,1.24997,1.2498500000000001,1.5,1.22
03.08.2021 00:05:53.625,1.2499600000000002,1.24984,1,1.1
03.08.2021 00:05:53.828,1.24997,1.24983,1,1.7
03.08.2021 00:05:54.246,1.2499600000000002,1.24984,1,1.1
03.08.2021 00:05:54.435,1.2499600000000002,1.24983,1,1.1
03.08.2021 00:05:54.996,1.2499600000000002,1.24984,1,1.1
03.08.2021 00:05:55.724,1.2499500000000001,1.24984,1,1.1
03.08.2021 00:05:57.406,1.24997,1.24983,1,1.1
03.08.2021 00:05:58.013,1.2499600000000002,1.24983,1,1.1
03.08.2021 00:05:58.799,1.24997,1.24983,1,1.1
03.08.2021 00:05:59.000,1.2499600000000002,1.24983,1,1.1
03.08.2021 00:05:59.202,1.24997,1.24983,1,1.1
03.08.2021 00:06:00.109,1.2499600000000002,1.24983,1,1.1
03.08.2021 00:06:00.211,1.2499600000000002,1.24984,1,1.1
03.08.2021 00:06:06.104,1.24997,1.24983,1,1.1
03.08.2021 00:06:08.535,1.24997,1.24983,1,1.1
03.08.2021 00:06:11.056,1.2499500000000001,1.24981,1,1.1
03.08.2021 00:06:11.157,1.2499500000000001,1.24981,1,1.1
03.08.2021 00:06:11.259,1.2499500000000001,1.2498200000000002,1,1
03.08.2021 00:06:13.460,1.24993,1.2498200000000002,1,1
03.08.2021 00:06:13.561,1.2499200000000001,1.24981,1,1
03.08.2021 00:06:13.713,1.2499,1.24979,1,1.1
03.08.2021 00:06:13.814,1.2499,1.2498,1,1
03.08.2021 00:06:13.916,1.24991,1.24981,1,1
03.08.2021 00:06:14.020,1.2499,1.2498,1,1
03.08.2021 00:06:14.639,1.2499200000000001,1.2498,1,1
03.08.2021 00:06:14.945,1.24989,1.24981,1,1
03.08.2021 00:06:16.732,1.24993,1.2498200000000002,1,1
03.08.2021 00:06:16.834,1.24991,1.24981,1,1
03.08.2021 00:06:17.277,1.2499,1.24981,1,1.2
03.08.2021 00:06:21.458,1.2498799999999999,1.24977,1,1.1
03.08.2021 00:06:22.763,1.2498799999999999,1.2497600000000002,1,1.1
03.08.2021 00:06:22.865,1.24987,1.2497600000000002,1,1.1
03.08.2021 00:06:24.046,1.2498799999999999,1.24979,1,1.1
03.08.2021 00:06:24.096,1.2499,1.2498,1.12,1.1
03.08.2021 00:06:24.701,1.24989,1.24979,1,1.1
03.08.2021 00:06:25.596,1.2498799999999999,1.24977,1,1.2
03.08.2021 00:06:26.502,1.2498799999999999,1.24979,1,1.2
03.08.2021 00:06:26.604,1.24989,1.24979,1,1.1
03.08.2021 00:06:36.469,1.2499,1.24981,1,1
03.08.2021 00:06:39.147,1.2499,1.24979,1,1.1
03.08.2021 00:06:46.607,1.24989,1.24977,1,1
03.08.2021 00:06:46.709,1.24989,1.24978,1,1.1
03.08.2021 00:06:46.961,1.2498799999999999,1.2498,1,1
03.08.2021 00:06:52.467,1.24991,1.24979,1,1.1
03.08.2021 00:06:53.141,1.24993,1.2498200000000002,1,1
03.08.2021 00:06:53.242,1.2499500000000001,1.24983,1,1.1
03.08.2021 00:06:53.394,1.24994,1.2498500000000001,1,1
03.08.2021 00:06:55.675,1.24994,1.24984,1,1.1
03.08.2021 00:06:56.107,1.24993,1.2498200000000002,1,1
03.08.2021 00:06:56.310,1.24993,1.24983,1,1.1
03.08.2021 00:06:56.459,1.24993,1.2498200000000002,1,1.1
03.08.2021 00:06:58.611,1.24991,1.24981,1,1.12
03.08.2021 00:06:58.914,1.2499,1.24981,1,1
03.08.2021 00:07:00.482,1.2498799999999999,1.24979,1,1.12
03.08.2021 00:07:00.583,1.24987,1.24977,1,1.12
03.08.2021 00:07:00.634,1.24991,1.24978,1.5,1
03.08.2021 00:07:01.165,1.2499,1.2498,1,1
03.08.2021 00:07:04.834,1.2499200000000001,1.24981,1,1
03.08.2021 00:07:04.935,1.24994,1.2498200000000002,1,1
03.08.2021 00:07:05.037,1.24993,1.24983,1,1
03.08.2021 00:07:05.387,1.24993,1.24984,1,1
03.08.2021 00:07:09.737,1.24994,1.24984,1,1
03.08.2021 00:07:10.257,1.24993,1.24983,1,1.1
03.08.2021 00:07:13.744,1.24994,1.2498500000000001,1,1
03.08.2021 00:07:14.098,1.2499500000000001,1.24983,1,1.1
03.08.2021 00:07:19.115,1.2499500000000001,1.24984,1,1
03.08.2021 00:07:22.257,1.2499500000000001,1.24983,1,1
03.08.2021 00:07:23.071,1.24993,1.2498200000000002,1,1.12
03.08.2021 00:07:23.273,1.24993,1.24981,1,1
03.08.2021 00:07:23.604,1.24991,1.24981,1,1.12
03.08.2021 00:07:29.067,1.2499200000000001,1.24979,1,1.1
03.08.2021 00:07:29.168,1.2498799999999999,1.24977,1,1.12
03.08.2021 00:07:29.278,1.24989,1.24978,1,1.1
03.08.2021 00:07:29.380,1.24989,1.24979,1,1
03.08.2021 00:07:29.531,1.24991,1.24979,1,1.1
03.08.2021 00:07:30.173,1.2498799999999999,1.2497600000000002,1,1.6
03.08.2021 00:07:30.325,1.2498799999999999,1.2497600000000002,1,1.2
03.08.2021 00:07:36.980,1.2498600000000002,1.24977,1,1.2
03.08.2021 00:07:48.381,1.24989,1.24977,1,1.1
03.08.2021 00:07:48.432,1.24991,1.24978,1,1.1
03.08.2021 00:07:49.090,1.24991,1.24978,1,1.1
03.08.2021 00:07:49.597,1.2499,1.24979,1,1.1
03.08.2021 00:07:50.143,1.24991,1.24978,1,1.1
03.08.2021 00:07:50.302,1.24989,1.2497600000000002,1,1.1
03.08.2021 00:07:50.616,1.2499,1.24978,1,1.1
03.08.2021 00:07:50.717,1.2499,1.24979,1,1.1
03.08.2021 00:07:55.145,1.2498799999999999,1.24977,1,1.1
03.08.2021 00:08:05.233,1.24989,1.24979,1,1.1
03.08.2021 00:08:05.335,1.2499,1.24978,1,1.1
03.08.2021 00:08:07.025,1.24987,1.24977,1,1.22
03.08.2021 00:08:07.126,1.24987,1.24977,1,1.2
03.08.2021 00:08:18.358,1.24987,1.2497500000000001,1,2.35
03.08.2021 00:08:30.682,1.24989,1.24978,1,2.54
03.08.2021 00:08:31.643,1.2499,1.24979,1,1.1
03.08.2021 00:08:49.498,1.2499200000000001,1.2498,1.5,1.1
03.08.2021 00:08:49.767,1.24994,1.2498200000000002,1,1.1
03.08.2021 00:08:50.975,1.24993,1.2498200000000002,1,1.1
03.08.2021 00:08:51.127,1.24994,1.2498200000000002,1,1.1
03.08.2021 00:08:51.329,1.24993,1.24981,1,1.1
03.08.2021 00:08:51.861,1.24987,1.24977,1,2.1
03.08.2021 00:08:52.013,1.2498799999999999,1.24977,1,2.1
03.08.2021 00:08:52.114,1.24989,1.2497600000000002,1,1.6
03.08.2021 00:08:52.215,1.2498799999999999,1.2497600000000002,1,1.6
03.08.2021 00:08:52.958,1.2498799999999999,1.2497600000000002,1,1.1
03.08.2021 00:08:56.421,1.2498799999999999,1.2497600000000002,1,1.1
03.08.2021 00:09:09.864,1.2499,1.24977,1,1.79
03.08.2021 00:09:09.914,1.24993,1.2498,1.5,1.1
03.08.2021 00:09:09.965,1.2499500000000001,1.24981,1.5,1.57
03.08.2021 00:09:10.066,1.24994,1.2498200000000002,1.5,1.1
03.08.2021 00:09:10.470,1.24994,1.24983,1,1.1
03.08.2021 00:09:12.141,1.2499500000000001,1.2498200000000002,1,1.1
03.08.2021 00:09:13.128,1.2499500000000001,1.24981,1.5,1.1
03.08.2021 00:09:14.427,1.24994,1.24981,1,1.1
03.08.2021 00:09:16.253,1.24994,1.24983,1,1.1
03.08.2021 00:09:20.337,1.24994,1.24983,1,1.1
03.08.2021 00:09:20.495,1.2499500000000001,1.2498200000000002,1,1.1
03.08.2021 00:09:27.607,1.2499500000000001,1.24983,1,1.1
03.08.2021 00:09:27.708,1.24994,1.24984,1,1.1
03.08.2021 00:09:27.911,1.2499600000000002,1.24983,1,1.6
03.08.2021 00:09:31.661,1.25,1.24989,2,1.1
03.08.2021 00:09:31.712,1.25001,1.24989,1.5,1.12
03.08.2021 00:09:31.813,1.2500200000000001,1.2498799999999999,1.5,1.6
03.08.2021 00:09:32.659,1.2500200000000001,1.24989,1,1.22
03.08.2021 00:09:36.238,1.2500200000000001,1.2498799999999999,1.5,1.6
03.08.2021 00:09:37.533,1.2500200000000001,1.24989,1,1.97
03.08.2021 00:09:39.585,1.25001,1.24991,1,1.22
03.08.2021 00:09:41.142,1.25001,1.2499,1,1.7
03.08.2021 00:09:47.249,1.24997,1.2498500000000001,1,1.57
03.08.2021 00:09:47.351,1.2499500000000001,1.2498500000000001,1,1
03.08.2021 00:09:47.402,1.24998,1.2498500000000001,1.5,1
03.08.2021 00:09:47.503,1.25,1.24987,1.87,1.1
03.08.2021 00:09:48.290,1.24999,1.24987,1,1.1
03.08.2021 00:09:51.066,1.25001,1.2498799999999999,1,1.1
03.08.2021 00:09:54.470,1.2500200000000001,1.2499,1,1.1
03.08.2021 00:09:54.912,1.2500200000000001,1.24989,1,1.1
03.08.2021 00:09:55.573,1.2500200000000001,1.24989,1,1.22
03.08.2021 00:10:00.195,1.25001,1.24989,1,1.2
03.08.2021 00:10:00.398,1.2500200000000001,1.2499,1,1
03.08.2021 00:10:00.775,1.2500200000000001,1.24989,1,1.1
03.08.2021 00:10:00.877,1.25001,1.24989,1,1.1
03.08.2021 00:10:01.107,1.25,1.24989,1,1
03.08.2021 00:10:04.458,1.25,1.24987,1,1.22
03.08.2021 00:10:07.834,1.24999,1.2498799999999999,1,1.2
03.08.2021 00:10:08.831,1.25001,1.24987,1.5,1.2
03.08.2021 00:10:34.723,1.2499600000000002,1.2498500000000001,1,1
03.08.2021 00:10:34.926,1.2499600000000002,1.24983,1,1.1
03.08.2021 00:10:41.354,1.2499500000000001,1.24983,1.5,1.2
03.08.2021 00:10:43.459,1.2499500000000001,1.24981,1.5,1.6
03.08.2021 00:10:43.561,1.24994,1.24981,1,1.6
03.08.2021 00:10:43.663,1.24994,1.24981,1,1.1
03.08.2021 00:10:46.742,1.24994,1.2498,1.5,1.2
03.08.2021 00:10:48.113,1.24993,1.2498,1,1
03.08.2021 00:10:48.164,1.24989,1.2497600000000002,1.5,3.57
03.08.2021 00:10:48.315,1.24989,1.2497500000000001,1.5,2.1
03.08.2021 00:10:48.812,1.2498799999999999,1.24974,1,1.6
03.08.2021 00:10:48.863,1.2498799999999999,1.24974,1,1.2
03.08.2021 00:10:50.641,1.2498200000000002,1.24971,1,2
03.08.2021 00:10:50.793,1.2498200000000002,1.24971,1,1
03.08.2021 00:10:50.894,1.24983,1.2497,1,1.1
03.08.2021 00:10:51.298,1.2498600000000002,1.24974,1.87,1.57
03.08.2021 00:10:52.472,1.2498600000000002,1.2497200000000002,1,1.6
03.08.2021 00:11:01.237,1.24981,1.24969,1.5,1.1
03.08.2021 00:11:01.288,1.24981,1.24968,1.5,3.67
03.08.2021 00:11:02.237,1.2498,1.24968,1,1.2
03.08.2021 00:11:03.906,1.2498,1.24969,1.5,1.2
03.08.2021 00:11:08.324,1.2498,1.24966,1.5,1.1
03.08.2021 00:11:08.425,1.24979,1.24966,1,1.1
03.08.2021 00:11:08.476,1.24974,1.24964,1,1.77
03.08.2021 00:11:08.526,1.2497600000000002,1.2496200000000002,1.5,1.1
03.08.2021 00:11:08.577,1.24974,1.2496200000000002,1,1.1
03.08.2021 00:11:08.829,1.2497600000000002,1.2496200000000002,1.5,1.1
03.08.2021 00:11:08.880,1.24978,1.2496500000000001,1,1
03.08.2021 00:11:09.032,1.24977,1.24964,1,1.1
03.08.2021 00:11:09.133,1.24978,1.24967,1,1.6
03.08.2021 00:11:09.902,1.24979,1.24967,1,2.1
03.08.2021 00:11:10.004,1.2498,1.24966,1,2.1
03.08.2021 00:11:10.387,1.24981,1.24967,1,2.16
03.08.2021 00:11:10.488,1.2498200000000002,1.24968,1.5,1.1
03.08.2021 00:11:17.010,1.24979,1.24968,1,1.22
03.08.2021 00:11:17.112,1.24979,1.24968,1.5,1.2
03.08.2021 00:11:22.732,1.2498,1.24966,1.5,1.2
03.08.2021 00:11:22.953,1.2498,1.24966,1.5,1.22
03.08.2021 00:11:25.759,1.24979,1.24967,1,1.2
03.08.2021 00:11:27.183,1.2498,1.24966,1,1.22
03.08.2021 00:11:30.801,1.24981,1.24967,1.5,1.6
03.08.2021 00:11:37.447,1.2498,1.24967,1,1.1
03.08.2021 00:11:37.548,1.24979,1.24967,1.5,1.2
03.08.2021 00:11:40.299,1.2498,1.24966,1.5,1.1
03.08.2021 00:11:47.120,1.2498,1.24966,1.5,1.1
03.08.2021 00:11:47.396,1.24977,1.2496500000000001,1,1.22
03.08.2021 00:11:47.497,1.24977,1.24964,1,1.1
03.08.2021 00:11:48.326,1.24974,1.24961,1,1.1
03.08.2021 00:11:48.428,1.2497200000000002,1.24961,1,2.1
03.08.2021 00:11:48.580,1.24973,1.2496,1,1.57
03.08.2021 00:11:49.540,1.24974,1.2496,1.5,1.57
03.08.2021 00:11:54.181,1.24978,1.24964,1.5,1.1
03.08.2021 00:11:54.383,1.24979,1.2496500000000001,1.5,1.1
03.08.2021 00:11:54.585,1.24979,1.24967,1.5,1.1
03.08.2021 00:11:56.865,1.24979,1.24968,1,1.1
03.08.2021 00:11:58.941,1.2498,1.24967,1,1.1
03.08.2021 00:12:01.589,1.24977,1.2496500000000001,1.5,1.72
03.08.2021 00:12:01.691,1.24978,1.24964,1.5,1.22
03.08.2021 00:12:01.792,1.24978,1.24964,1.5,1.1
03.08.2021 00:12:02.480,1.24977,1.24964,1,1.1
03.08.2021 00:12:08.103,1.2497600000000002,1.2496200000000002,1.5,1.1
03.08.2021 00:12:08.154,1.24973,1.2496200000000002,1,1.22
03.08.2021 00:12:08.519,1.24973,1.2496200000000002,1,1.1
03.08.2021 00:12:11.020,1.2497200000000002,1.24961,1,1.97
03.08.2021 00:12:11.133,1.24974,1.2496,1.5,1.97
03.08.2021 00:12:11.235,1.24973,1.2496,1,1.2
03.08.2021 00:12:11.336,1.24974,1.2496,1.5,1.97
03.08.2021 00:12:11.596,1.24973,1.2496,1,1.97
03.08.2021 00:12:11.798,1.24973,1.24961,1.5,1.97
03.08.2021 00:12:13.047,1.2497500000000001,1.24961,1.5,1.1
03.08.2021 00:12:13.149,1.2497500000000001,1.24961,1,1.1
03.08.2021 00:12:16.750,1.2497600000000002,1.2496200000000002,1.5,1.1
03.08.2021 00:12:18.142,1.24973,1.24961,1.5,1.97
03.08.2021 00:12:18.243,1.2497500000000001,1.24961,1.5,1.1
03.08.2021 00:12:18.345,1.24974,1.2496200000000002,1,1.1
03.08.2021 00:12:21.737,1.2497500000000001,1.24961,1,1.1
03.08.2021 00:12:21.841,1.2497500000000001,1.24963,1.5,1.1
03.08.2021 00:12:31.653,1.24973,1.2496,1.5,1.22
03.08.2021 00:12:32.054,1.24973,1.2496,1.5,1.1
03.08.2021 00:12:38.501,1.24971,1.24959,1,1
03.08.2021 00:12:38.603,1.2497200000000002,1.24958,1,1.1
03.08.2021 00:12:38.704,1.24973,1.24959,1,2.35
03.08.2021 00:12:38.806,1.2497500000000001,1.24961,1.5,1.1
03.08.2021 00:12:38.907,1.2497500000000001,1.24961,1,1.1
03.08.2021 00:12:44.398,1.24977,1.2496200000000002,1.5,1.1
03.08.2021 00:12:44.500,1.2497600000000002,1.24963,1,2.72
03.08.2021 00:12:44.551,1.2498,1.24966,1.87,1
03.08.2021 00:12:44.652,1.2498,1.24966,1.87,1.1
03.08.2021 00:12:46.674,1.24979,1.24966,1,1.1
03.08.2021 00:12:46.725,1.24979,1.2496500000000001,1,1.1
03.08.2021 00:12:46.827,1.2498,1.2496500000000001,1.5,1.1
03.08.2021 00:12:47.087,1.2498,1.24966,1.5,1.1
03.08.2021 00:12:47.724,1.2498,1.24966,1,1.1
03.08.2021 00:12:47.876,1.2498,1.24966,1,1.1
03.08.2021 00:12:47.994,1.2498,1.24966,1,1.1
03.08.2021 00:12:50.485,1.24979,1.2496500000000001,1,1.1
03.08.2021 00:12:50.587,1.24977,1.2496500000000001,1,1.2
03.08.2021 00:13:00.194,1.24979,1.2496500000000001,1,1.1
03.08.2021 00:13:00.648,1.24978,1.24964,1,1.1
03.08.2021 00:13:00.751,1.24978,1.24964,1,1.1
03.08.2021 00:13:02.252,1.24977,1.24963,1,1.22
03.08.2021 00:13:04.151,1.24971,1.2496,1,4.35
03.08.2021 00:13:04.983,1.2497,1.24958,1,3.79
03.08.2021 00:13:05.135,1.24971,1.24957,1,3.79
03.08.2021 00:13:07.231,1.2497,1.24957,1,2.85
03.08.2021 00:13:07.584,1.2497,1.24958,1,1.2
03.08.2021 00:13:09.431,1.24971,1.24957,1,1.97
03.08.2021 00:13:09.532,1.2497,1.24956,1,1.6
03.08.2021 00:13:09.684,1.2497,1.24957,1,1.22
03.08.2021 00:13:13.733,1.2497,1.24957,1,2.1
03.08.2021 00:13:15.889,1.24969,1.24957,1,1.2
03.08.2021 00:13:17.546,1.24968,1.2495500000000002,1,1.6
03.08.2021 00:13:17.822,1.24968,1.24956,1.12,2.35
03.08.2021 00:13:18.289,1.24968,1.24954,1,1.97
03.08.2021 00:13:19.830,1.24969,1.24957,1.12,1.1
03.08.2021 00:13:20.032,1.2497,1.24956,1.12,1.1
03.08.2021 00:13:20.817,1.24968,1.2495500000000002,1,2.85
03.08.2021 00:13:20.868,1.24967,1.24953,1,3.6
03.08.2021 00:13:20.969,1.24967,1.24953,1,3.6
03.08.2021 00:13:22.758,1.24967,1.24954,1,1.1
03.08.2021 00:13:22.964,1.24967,1.24954,1,1.1
03.08.2021 00:13:23.425,1.24964,1.24954,1.5,1.2
03.08.2021 00:13:23.966,1.24966,1.24953,1.5,1.6
03.08.2021 00:13:25.436,1.24969,1.24958,1.5,1.2
03.08.2021 00:13:25.689,1.24969,1.2495500000000002,1,2.85
03.08.2021 00:13:27.458,1.2497,1.24957,1.5,1.1
03.08.2021 00:13:28.174,1.24966,1.2495500000000002,1.5,2.07
03.08.2021 00:13:28.377,1.24966,1.24954,1.87,2.72
03.08.2021 00:13:30.178,1.24967,1.24953,1.87,3.22
03.08.2021 00:13:30.627,1.24967,1.24953,1.87,2.35
03.08.2021 00:13:34.043,1.24966,1.24953,1,2.1
03.08.2021 00:13:35.150,1.24967,1.24953,1.87,1.97
03.08.2021 00:13:47.536,1.24967,1.24958,1.12,1.1
03.08.2021 00:13:47.637,1.24966,1.24954,1,2.32
03.08.2021 00:13:47.738,1.2496500000000001,1.24953,1.5,1.1
03.08.2021 00:13:47.839,1.24964,1.24953,1,1.1
03.08.2021 00:13:47.991,1.24964,1.2495200000000002,1,1.97
03.08.2021 00:13:48.143,1.2496200000000002,1.24953,1,1.2
03.08.2021 00:13:50.948,1.24963,1.24953,1,1.1
03.08.2021 00:13:53.333,1.24963,1.2495200000000002,1,1.1
03.08.2021 00:13:53.637,1.24963,1.2495100000000001,1,1.57
03.08.2021 00:13:53.739,1.24961,1.2495,1,1.22
03.08.2021 00:13:53.840,1.24961,1.24948,1,2.1
03.08.2021 00:13:54.603,1.24961,1.24948,1,2.1
03.08.2021 00:14:01.065,1.24959,1.24948,1,1.6
03.08.2021 00:14:01.116,1.24958,1.24946,1.5,2.07
03.08.2021 00:14:01.268,1.24958,1.24945,1.5,1.97
03.08.2021 00:14:01.420,1.24957,1.24947,1,1.1
03.08.2021 00:14:01.990,1.24957,1.24946,1,2.91
03.08.2021 00:14:03.705,1.24959,1.24946,1.5,1.72
03.08.2021 00:14:04.061,1.24958,1.24946,1.87,2.91
03.08.2021 00:14:04.264,1.2496,1.24946,1.5,1.6
03.08.2021 00:14:04.416,1.2496,1.24946,1,3.47
03.08.2021 00:14:05.171,1.24958,1.24947,1,1.97
03.08.2021 00:14:15.857,1.2496,1.24946,1,1.6
03.08.2021 00:14:17.535,1.24959,1.24945,1.5,2.47
03.08.2021 00:14:17.636,1.24959,1.24945,1.5,2.47
03.08.2021 00:14:19.602,1.24959,1.24946,1.87,1.1
03.08.2021 00:14:19.703,1.2496,1.24946,2,1.6
03.08.2021 00:14:19.828,1.2496,1.24946,1.87,1.6
03.08.2021 00:14:20.734,1.24959,1.24946,1,1.1
03.08.2021 00:14:21.795,1.24958,1.24945,1,1.72
03.08.2021 00:14:21.947,1.24957,1.24946,1,1.6
03.08.2021 00:14:23.916,1.24958,1.24946,1,1.1
03.08.2021 00:14:24.069,1.24958,1.24947,1.5,1.1
03.08.2021 00:14:24.171,1.24958,1.24945,1,1.79
03.08.2021 00:14:25.095,1.24958,1.24946,1,1.1
03.08.2021 00:14:25.197,1.24959,1.24946,1.5,1.1
03.08.2021 00:14:31.696,1.24958,1.24947,1.5,1.22
03.08.2021 00:14:43.401,1.24963,1.24949,1.5,1.97
03.08.2021 00:15:01.612,1.24958,1.24946,1,2.37
03.08.2021 00:15:01.663,1.24957,1.24945,1,1.89
03.08.2021 00:15:01.915,1.24956,1.24944,1,3.6
03.08.2021 00:15:02.016,1.24956,1.24945,1,1.22
03.08.2021 00:15:02.937,1.24956,1.24943,1,3.6
03.08.2021 00:15:03.091,1.24956,1.24943,1,3.6
03.08.2021 00:15:04.321,1.2495500000000002,1.2494100000000001,1,2.1
03.08.2021 00:15:04.422,1.2495500000000002,1.2494200000000002,1,1.2
03.08.2021 00:15:04.523,1.24954,1.2494200000000002,1,1.22
03.08.2021 00:15:04.625,1.24953,1.2494200000000002,1,2.82
03.08.2021 00:15:04.726,1.24954,1.24943,1.12,2.35
03.08.2021 00:15:04.877,1.24956,1.2494200000000002,1,3.97
03.08.2021 00:15:05.711,1.24954,1.24943,1,2.47
03.08.2021 00:15:08.100,1.24956,1.2494200000000002,1,3.97
03.08.2021 00:15:09.356,1.24954,1.24943,1,2.47
03.08.2021 00:15:11.923,1.24954,1.24943,1,1.1
03.08.2021 00:15:12.830,1.2495500000000002,1.2494100000000001,1,1.2
03.08.2021 00:15:13.964,1.24954,1.2494100000000001,1,1.2
03.08.2021 00:15:14.317,1.24954,1.2494100000000001,1,1.22
03.08.2021 00:15:14.418,1.24954,1.24943,1,1.6
03.08.2021 00:15:14.570,1.2495500000000002,1.2494200000000002,1,1.6
03.08.2021 00:15:15.111,1.2495500000000002,1.2494200000000002,1,1.6
03.08.2021 00:15:15.213,1.24957,1.24946,1.5,1.1
03.08.2021 00:15:23.173,1.24956,1.24945,1,1
03.08.2021 00:15:23.275,1.24954,1.24945,1,1.1
03.08.2021 00:15:41.592,1.24956,1.24944,1,1.1
03.08.2021 00:15:43.197,1.24956,1.24944,1,1.6
03.08.2021 00:15:49.357,1.24958,1.24947,1,1.1
03.08.2021 00:15:49.459,1.24959,1.24947,1,1.1
03.08.2021 00:15:50.006,1.24958,1.2495,1,1
03.08.2021 00:16:04.631,1.24959,1.2495,1,1.1
03.08.2021 00:16:11.632,1.24957,1.24947,1.12,1.2
03.08.2021 00:16:11.784,1.24957,1.24945,1,1.1
03.08.2021 00:16:12.623,1.24956,1.24945,1,2.1
03.08.2021 00:16:14.491,1.24957,1.24944,1,1.2
03.08.2021 00:16:20.620,1.24957,1.24944,1.12,1.1
03.08.2021 00:16:41.141,1.2496,1.24949,1.12,1
03.08.2021 00:16:41.344,1.2496200000000002,1.24949,1.12,1.1
03.08.2021 00:16:48.895,1.24963,1.2495,1.5,1.57
03.08.2021 00:16:49.743,1.24963,1.2495100000000001,1.75,1.57
03.08.2021 00:17:08.360,1.24963,1.2495,1.6,1
03.08.2021 00:17:13.243,1.2496200000000002,1.2495100000000001,1.12,1
03.08.2021 00:17:18.695,1.2496500000000001,1.2495100000000001,1.2,1
03.08.2021 00:17:18.796,1.24964,1.2495,1.12,1.57
03.08.2021 00:17:19.057,1.2496500000000001,1.2495100000000001,1.5,1.57
03.08.2021 00:17:21.672,1.2496500000000001,1.2495200000000002,1.5,1
03.08.2021 00:17:21.774,1.24963,1.2495200000000002,1.12,1.57
03.08.2021 00:17:23.812,1.2496500000000001,1.2495200000000002,1.5,1
03.08.2021 00:17:23.914,1.2496500000000001,1.2495100000000001,1.6,1
03.08.2021 00:17:34.506,1.24964,1.2495,1.12,1.57
03.08.2021 00:17:34.607,1.24959,1.24948,1,1.95
03.08.2021 00:17:34.709,1.24958,1.24945,1,1.7
03.08.2021 00:17:34.810,1.24957,1.24945,1.12,1.6
03.08.2021 00:17:35.354,1.24958,1.24944,1.12,1.57
03.08.2021 00:17:35.556,1.24958,1.24945,1.12,1
03.08.2021 00:17:37.644,1.24958,1.24944,1.5,1.57
03.08.2021 00:17:39.135,1.24958,1.24944,1.5,1.6
03.08.2021 00:17:39.686,1.24957,1.24945,1.5,1.57
03.08.2021 00:17:40.614,1.24958,1.24945,1.5,1.1
03.08.2021 00:17:41.836,1.24956,1.24945,1.12,1
03.08.2021 00:17:42.038,1.24956,1.24943,1,1.57
03.08.2021 00:17:42.595,1.24957,1.24944,1.12,1
03.08.2021 00:17:42.697,1.24956,1.24944,1.12,1.57
03.08.2021 00:17:44.243,1.24957,1.24943,1.5,1.57
03.08.2021 00:17:50.611,1.24957,1.24944,1.5,1
03.08.2021 00:17:50.713,1.24957,1.24944,1.12,1
03.08.2021 00:17:55.285,1.24957,1.24943,1.12,1.1
03.08.2021 00:17:59.246,1.24958,1.24944,1.5,1.1
03.08.2021 00:17:59.348,1.24957,1.24946,1.5,1.1
03.08.2021 00:17:59.786,1.24958,1.24945,1.12,1.1
03.08.2021 00:18:04.858,1.24959,1.24947,1.5,1
03.08.2021 00:18:04.909,1.24961,1.24948,1.5,1.1
03.08.2021 00:18:05.011,1.2496200000000002,1.24948,1.95,1.1
03.08.2021 00:18:05.815,1.24963,1.2495100000000001,1,1.1
03.08.2021 00:18:05.916,1.2496500000000001,1.2495200000000002,2.07,1
03.08.2021 00:18:07.718,1.2496500000000001,1.2495100000000001,1.6,1.1
03.08.2021 00:18:07.896,1.2496500000000001,1.2495100000000001,1.2,1.1
03.08.2021 00:18:12.355,1.24964,1.24953,1.2,1
03.08.2021 00:18:12.512,1.2496500000000001,1.2495100000000001,1.2,1.1
03.08.2021 00:18:12.714,1.2496500000000001,1.2495200000000002,1.12,1.1
03.08.2021 00:18:13.077,1.24967,1.24953,2,1.1
03.08.2021 00:18:13.821,1.24967,1.24953,2,1.1
03.08.2021 00:18:23.242,1.24967,1.24953,2,1.1
03.08.2021 00:18:27.309,1.24966,1.2495200000000002,2,1.1
03.08.2021 00:18:27.511,1.2496500000000001,1.2495200000000002,1.5,1
03.08.2021 00:18:29.560,1.2496200000000002,1.24953,2.81,1
03.08.2021 00:18:29.611,1.2496200000000002,1.24948,1.1,1.2
03.08.2021 00:18:29.764,1.24961,1.24949,1.6,1.1
03.08.2021 00:18:30.193,1.24961,1.2495,1.12,1.1
03.08.2021 00:18:30.296,1.24963,1.2495100000000001,1.5,2.35
03.08.2021 00:18:30.398,1.24968,1.2495500000000002,2.07,1
03.08.2021 00:18:31.228,1.24967,1.24954,1.5,1.1
03.08.2021 00:18:36.482,1.2497,1.24956,1.6,1
03.08.2021 00:18:36.583,1.24971,1.24958,1.1,1.6
03.08.2021 00:18:36.684,1.24973,1.2496200000000002,2.1,1
03.08.2021 00:18:43.035,1.24969,1.24956,1.1,1.12
03.08.2021 00:18:43.238,1.24968,1.24957,1.6,1
03.08.2021 00:18:49.176,1.24966,1.24954,2.07,1.1
03.08.2021 00:18:50.688,1.2496500000000001,1.24954,2.07,1
03.08.2021 00:18:51.197,1.24966,1.24953,2.07,1
03.08.2021 00:18:52.122,1.2496500000000001,1.24953,2.07,1.1
03.08.2021 00:18:53.038,1.2496500000000001,1.24953,2.07,1.1
03.08.2021 00:19:03.765,1.24961,1.2495,1.76,1.87
03.08.2021 00:19:03.866,1.24961,1.2495,2.26,1
03.08.2021 00:19:11.582,1.24961,1.24949,1.51,1
03.08.2021 00:19:11.762,1.24961,1.24949,1.2,1
03.08.2021 00:19:12.859,1.24961,1.24949,1.85,1
03.08.2021 00:19:13.232,1.24963,1.2495,2.07,1
03.08.2021 00:19:13.437,1.2496200000000002,1.2495100000000001,1.5,1.1
03.08.2021 00:19:15.456,1.2496500000000001,1.2495200000000002,2.7,1
03.08.2021 00:19:18.987,1.2496500000000001,1.24954,2,1.1
03.08.2021 00:19:25.786,1.24966,1.24953,1.6,1
03.08.2021 00:19:26.465,1.24966,1.24953,2.62,1
03.08.2021 00:19:32.081,1.24964,1.2495200000000002,1.12,1
03.08.2021 00:19:37.169,1.24964,1.2495100000000001,1.87,1
03.08.2021 00:19:37.271,1.24963,1.24953,1.12,1
03.08.2021 00:19:46.026,1.24964,1.2495100000000001,1.87,1
03.08.2021 00:19:46.489,1.24964,1.2495200000000002,1.12,1
03.08.2021 00:19:48.447,1.24964,1.2495100000000001,1.12,1
03.08.2021 00:19:50.403,1.2496500000000001,1.2495200000000002,2,1
03.08.2021 00:19:53.158,1.24964,1.24953,1.12,1
03.08.2021 00:19:57.885,1.24966,1.24953,2,1
03.08.2021 00:20:01.732,1.24966,1.24954,1.5,1
03.08.2021 00:20:04.119,1.2497200000000002,1.2496,3.2,1
03.08.2021 00:20:04.221,1.24973,1.24959,2.07,1.1
03.08.2021 00:20:04.749,1.24971,1.2496,2.06,1.1
03.08.2021 00:20:06.076,1.2497200000000002,1.24961,1.12,1
03.08.2021 00:20:06.329,1.24974,1.24961,1.5,1.1
03.08.2021 00:20:07.506,1.24974,1.2496,2.07,1.1
03.08.2021 00:20:07.607,1.2497200000000002,1.2496,1,1.1
03.08.2021 00:20:07.708,1.2497500000000001,1.2496200000000002,2,1.1
03.08.2021 00:20:07.810,1.2497600000000002,1.24963,2,1.1
03.08.2021 00:20:07.860,1.2497600000000002,1.24963,2,1.1
03.08.2021 00:20:09.459,1.24979,1.24966,2.1,1
03.08.2021 00:20:09.560,1.2498,1.24967,2.1,1
03.08.2021 00:20:09.661,1.24978,1.24968,1.22,1
03.08.2021 00:20:10.767,1.24979,1.24966,1.97,1
03.08.2021 00:20:10.919,1.24978,1.24967,1.97,1
03.08.2021 00:20:11.171,1.24974,1.24963,1.57,1.6
03.08.2021 00:20:11.273,1.24973,1.2496200000000002,1.57,1.6
03.08.2021 00:20:11.374,1.24974,1.24961,1.57,1.1
03.08.2021 00:20:12.522,1.2497200000000002,1.2496200000000002,1.12,1.1
03.08.2021 00:20:21.533,1.24973,1.2496,1.95,1
03.08.2021 00:20:23.729,1.2497200000000002,1.2496200000000002,1.2,1
03.08.2021 00:20:26.791,1.2497200000000002,1.24961,1.2,1
03.08.2021 00:20:26.942,1.24973,1.2496,1.6,1
03.08.2021 00:20:28.251,1.24973,1.2496,1.6,1
03.08.2021 00:20:37.265,1.24966,1.24957,1,1.2
03.08.2021 00:20:37.367,1.24967,1.24957,1,1
03.08.2021 00:20:40.156,1.24969,1.24957,1.12,1.1
03.08.2021 00:20:40.258,1.2497,1.24958,1.5,1.1
03.08.2021 00:20:42.718,1.24966,1.24956,1,1.22
03.08.2021 00:20:42.870,1.24968,1.24957,1.6,1
03.08.2021 00:20:43.826,1.24968,1.24957,1.2,1
03.08.2021 00:20:45.139,1.2497,1.24958,1.5,1.1
03.08.2021 00:20:49.353,1.24969,1.24958,1.22,1
03.08.2021 00:20:49.454,1.24969,1.24958,1.2,1
03.08.2021 00:20:51.743,1.24968,1.24959,1.6,1
03.08.2021 00:20:52.733,1.24969,1.24957,1.6,1
03.08.2021 00:20:53.555,1.24968,1.24957,1.6,1
03.08.2021 00:20:53.918,1.24968,1.24957,1.2,1
03.08.2021 00:20:54.350,1.2496500000000001,1.2495500000000002,1,1.57
03.08.2021 00:20:54.582,1.2496500000000001,1.24956,1,1
03.08.2021 00:20:54.684,1.24966,1.24956,1,1.6
03.08.2021 00:20:56.763,1.24964,1.24953,1,1.1
03.08.2021 00:20:56.814,1.2496,1.2495100000000001,1,3.57
03.08.2021 00:20:56.915,1.24959,1.24946,1.5,2.35
03.08.2021 00:20:56.966,1.2495500000000002,1.24946,1,1.57
03.08.2021 00:20:57.067,1.24953,1.24944,1,1.1
03.08.2021 00:20:57.783,1.24953,1.24944,1,1.1
03.08.2021 00:21:08.089,1.2495100000000001,1.24943,1,1.12
03.08.2021 00:21:09.627,1.2495,1.2494100000000001,1,1.22
03.08.2021 00:21:10.861,1.24949,1.2494,1,3.1
03.08.2021 00:21:23.451,1.24949,1.2494,1,3.1
03.08.2021 00:21:24.013,1.2495,1.24939,1,3.1
03.08.2021 00:21:33.556,1.2495100000000001,1.2494,1.2,1.1
03.08.2021 00:21:33.607,1.2495,1.24937,1.5,1.6
03.08.2021 00:21:33.709,1.2495,1.24937,1.57,1.1
03.08.2021 00:21:37.733,1.24943,1.24936,1,2.44
03.08.2021 00:21:40.884,1.2495,1.24935,1.95,2.54
03.08.2021 00:21:43.740,1.24944,1.24935,1,2.44
03.08.2021 00:21:46.989,1.24949,1.24936,1.95,2.54
03.08.2021 00:21:49.733,1.24944,1.24936,1,1
03.08.2021 00:21:50.867,1.24944,1.24935,1,2.44
03.08.2021 00:21:51.615,1.24943,1.2493400000000001,1,1.97
03.08.2021 00:21:57.308,1.2495,1.2493400000000001,2.07,3.97
03.08.2021 00:22:00.194,1.24943,1.2493400000000001,1,10.97
03.08.2021 00:22:01.743,1.24943,1.24935,1,1.1
03.08.2021 00:22:01.794,1.24949,1.24936,1.95,1.1
03.08.2021 00:22:04.834,1.24943,1.2493400000000001,1,11.1
03.08.2021 00:22:06.046,1.2494200000000002,1.2493400000000001,1,1.95
03.08.2021 00:22:06.248,1.2494100000000001,1.2493100000000001,1,11.85
03.08.2021 00:22:06.400,1.2494,1.24929,1,3.29
03.08.2021 00:22:06.501,1.2494,1.24929,1,2.1
03.08.2021 00:22:14.217,1.2494,1.24929,1,1.22
03.08.2021 00:22:14.319,1.2493400000000001,1.24927,1,2.07
03.08.2021 00:22:14.370,1.2494,1.24927,1.57,1
03.08.2021 00:22:14.420,1.24933,1.2492200000000002,1,3.85
03.08.2021 00:22:14.522,1.2493200000000002,1.2492200000000002,1,1.97
03.08.2021 00:22:14.572,1.2493400000000001,1.2492200000000002,1.6,1
03.08.2021 00:22:14.674,1.2493400000000001,1.2492,1.22,1.1
03.08.2021 00:22:14.826,1.24935,1.24918,3.22,3.6
03.08.2021 00:22:15.131,1.24928,1.24918,1,3.6
03.08.2021 00:22:23.160,1.24927,1.24916,1,2.85
03.08.2021 00:22:23.312,1.24927,1.24916,1,2.85
03.08.2021 00:22:23.456,1.24926,1.24916,1,3.6
03.08.2021 00:22:23.857,1.24927,1.24918,1,2.32
03.08.2021 00:22:23.958,1.24927,1.24918,1,3.57
03.08.2021 00:22:24.341,1.2492400000000001,1.24916,1,2
03.08.2021 00:22:24.443,1.2492200000000002,1.24915,1,2.25
03.08.2021 00:22:24.882,1.2492200000000002,1.2491200000000002,1,2.1
03.08.2021 00:22:27.082,1.24923,1.2491200000000002,1,1.6
03.08.2021 00:22:30.069,1.2492,1.2491200000000002,1,1
03.08.2021 00:22:30.170,1.2492100000000002,1.2491200000000002,1,1
03.08.2021 00:22:30.444,1.2492100000000002,1.2491,1,10.22
03.08.2021 00:22:38.242,1.24919,1.2491100000000002,1,2.1
03.08.2021 00:22:47.934,1.2491700000000001,1.2490700000000001,1,2.19
03.08.2021 00:22:48.036,1.2491,1.24903,1,2.7
03.08.2021 00:22:48.188,1.2491200000000002,1.249,1.5,1
03.08.2021 00:22:48.289,1.24908,1.24898,1,2.1
03.08.2021 00:22:48.441,1.24906,1.2489700000000001,1,2.85
03.08.2021 00:22:48.796,1.24913,1.24903,1,1.5
03.08.2021 00:22:48.898,1.24914,1.24904,1,1.1
03.08.2021 00:22:49.105,1.24914,1.24905,1,1
03.08.2021 00:22:49.207,1.24915,1.24905,1,1
03.08.2021 00:22:50.627,1.24915,1.2490200000000002,1,2.85
03.08.2021 00:22:50.729,1.24914,1.24903,1,1.6
03.08.2021 00:22:55.373,1.24913,1.2490200000000002,1,2.1
03.08.2021 00:22:56.173,1.2491200000000002,1.2490100000000002,1,1.6
03.08.2021 00:22:56.274,1.24909,1.2490100000000002,1,1.6
03.08.2021 00:22:56.325,1.24909,1.24898,1,1.1
03.08.2021 00:22:56.426,1.24908,1.24898,1,1.6
03.08.2021 00:22:56.611,1.2490700000000001,1.24899,1,1.22
03.08.2021 00:23:00.464,1.24909,1.2489700000000001,1,1.41
03.08.2021 00:23:02.074,1.2490700000000001,1.24896,1,1.97
03.08.2021 00:23:02.175,1.24908,1.2489700000000001,1,1.6
03.08.2021 00:23:02.327,1.2490700000000001,1.2489700000000001,1,2.29
03.08.2021 00:23:02.479,1.24908,1.24896,1,1.91
03.08.2021 00:23:02.937,1.24905,1.24896,1,2.1
03.08.2021 00:23:03.667,1.24905,1.24895,1,2.66
03.08.2021 00:23:03.869,1.24905,1.24896,1,2.66
03.08.2021 00:23:07.884,1.2490700000000001,1.24895,1,2.85
03.08.2021 00:23:14.161,1.2490700000000001,1.24896,1,3.6
03.08.2021 00:23:21.318,1.24905,1.24895,1,1.85
03.08.2021 00:23:21.420,1.24905,1.24895,1,1.6
03.08.2021 00:23:21.522,1.24905,1.24893,1,5.1
03.08.2021 00:23:23.742,1.24906,1.24895,1,1.2
03.08.2021 00:23:26.331,1.24906,1.24895,1,1.22
03.08.2021 00:23:38.056,1.24908,1.24895,1,2.85
03.08.2021 00:23:44.146,1.24913,1.24903,1.87,1
03.08.2021 00:23:44.247,1.24913,1.2490200000000002,1,4.35
03.08.2021 00:23:44.348,1.24913,1.24904,1,1
03.08.2021 00:23:44.458,1.24914,1.2490100000000002,1,5.1
03.08.2021 00:23:45.778,1.24914,1.2490100000000002,1,2.85
03.08.2021 00:23:48.433,1.24914,1.24903,1,1.1
03.08.2021 00:23:48.585,1.24913,1.24903,1,1.97
03.08.2021 00:23:48.838,1.24913,1.24903,1,1.6
03.08.2021 00:23:52.524,1.24915,1.24903,1,1.6
03.08.2021 00:23:52.675,1.24916,1.24903,1,2.1
03.08.2021 00:23:54.486,1.24915,1.2490200000000002,1,2.85
03.08.2021 00:23:55.006,1.24914,1.2490200000000002,1,2.85
03.08.2021 00:23:55.327,1.24915,1.24903,1,1.6
03.08.2021 00:23:55.530,1.24914,1.2490200000000002,1,2.85
03.08.2021 00:23:57.675,1.24915,1.24903,1,1.6
03.08.2021 00:23:57.878,1.24913,1.24903,1,2.85
03.08.2021 00:24:02.135,1.2491700000000001,1.24906,1,1.97
03.08.2021 00:24:02.237,1.2491700000000001,1.24904,1,1.6
03.08.2021 00:24:17.614,1.24918,1.24905,1,1.22
03.08.2021 00:24:23.592,1.2491700000000001,1.24908,1,1
03.08.2021 00:24:23.642,1.2492,1.2491100000000002,1,1.57
03.08.2021 00:24:23.693,1.2492200000000002,1.2491100000000002,1,1.57
03.08.2021 00:24:23.794,1.2492400000000001,1.2491100000000002,1.12,1.1
03.08.2021 00:24:23.895,1.24923,1.2491,1,1.6
03.08.2021 00:24:28.285,1.24923,1.24913,1,1.1
03.08.2021 00:24:33.248,1.24923,1.2491100000000002,1,1.1
03.08.2021 00:24:33.550,1.24923,1.2491200000000002,1,1.1
03.08.2021 00:24:40.262,1.2492400000000001,1.2491200000000002,1,1.1
03.08.2021 00:24:41.040,1.24928,1.24919,1,1
03.08.2021 00:24:41.091,1.2493,1.24919,1.6,1.57
03.08.2021 00:24:41.193,1.2493100000000001,1.24918,1,1.6
03.08.2021 00:24:47.590,1.2493100000000001,1.2492,1,1.12
03.08.2021 00:24:50.855,1.2493,1.24919,1,2.07
03.08.2021 00:25:01.485,1.2493100000000001,1.2492,1,1.12
03.08.2021 00:25:01.616,1.2493100000000001,1.24918,1,2.07
03.08.2021 00:25:03.143,1.2493,1.24918,1,2
03.08.2021 00:25:03.193,1.24926,1.24915,1,2.66
03.08.2021 00:25:03.244,1.24925,1.24913,1,1.6
03.08.2021 00:25:03.354,1.24923,1.24913,1,1.5
03.08.2021 00:25:03.455,1.24923,1.24913,1,1
03.08.2021 00:25:06.420,1.24923,1.2491,1,1.6
03.08.2021 00:25:06.522,1.2492200000000002,1.2491100000000002,1,1.12
03.08.2021 00:25:10.744,1.2492400000000001,1.2491100000000002,1,1
03.08.2021 00:25:13.035,1.24923,1.2491100000000002,1,1
03.08.2021 00:25:13.137,1.2492100000000002,1.2491100000000002,1,1.2
03.08.2021 00:25:13.375,1.24923,1.2491,1,2.7
03.08.2021 00:25:13.477,1.2492400000000001,1.2491100000000002,1,1
03.08.2021 00:25:13.578,1.2492200000000002,1.2491100000000002,1,1.95
03.08.2021 00:25:19.664,1.2492400000000001,1.2491100000000002,1,1
03.08.2021 00:25:23.423,1.24923,1.2491100000000002,1,1
03.08.2021 00:25:25.303,1.2492400000000001,1.2491100000000002,1,1.1
03.08.2021 00:25:25.455,1.2492400000000001,1.2491100000000002,1,1.6
03.08.2021 00:25:31.447,1.24926,1.2491200000000002,1.61,1.12
03.08.2021 00:25:31.498,1.2492200000000002,1.2491200000000002,1,1.6
03.08.2021 00:25:31.599,1.24923,1.2491100000000002,1,1.12
03.08.2021 00:25:31.700,1.2492200000000002,1.2491,1,1.5
03.08.2021 00:25:31.801,1.24923,1.2491,1,2
03.08.2021 00:25:35.847,1.2492100000000002,1.2491100000000002,1.76,1
03.08.2021 00:25:35.948,1.2491700000000001,1.24905,1,1.6
03.08.2021 00:25:36.050,1.24916,1.24906,1,1.1
03.08.2021 00:25:43.130,1.24916,1.24905,1,1.2
03.08.2021 00:25:51.127,1.2491700000000001,1.2490700000000001,1,1
03.08.2021 00:25:51.178,1.2492200000000002,1.2491,1.12,1
03.08.2021 00:25:51.279,1.24923,1.2491100000000002,1,1.12
03.08.2021 00:25:52.986,1.2492100000000002,1.24909,1,1.2
03.08.2021 00:25:53.087,1.24919,1.2490700000000001,1,1.5
03.08.2021 00:25:53.188,1.24918,1.2490700000000001,1,1.1
03.08.2021 00:25:55.000,1.2491700000000001,1.2490700000000001,1,1.1
03.08.2021 00:26:02.606,1.24918,1.24905,1,1.2
03.08.2021 00:26:02.707,1.24918,1.24906,1,1
03.08.2021 00:26:09.122,1.2491700000000001,1.24905,1,1
03.08.2021 00:26:09.224,1.24916,1.24905,1,1
03.08.2021 00:26:09.644,1.24916,1.24903,1,1.2
03.08.2021 00:26:10.353,1.24913,1.24903,1,1.6
03.08.2021 00:26:10.655,1.24914,1.2490200000000002,1,1.2
03.08.2021 00:26:14.381,1.24915,1.24905,1,1
03.08.2021 00:26:19.297,1.24913,1.2490200000000002,1.5,1.5
03.08.2021 00:26:19.398,1.24913,1.2490100000000002,1,1.5
03.08.2021 00:26:19.448,1.24913,1.2490100000000002,1,1
03.08.2021 00:26:19.701,1.2491100000000002,1.249,1,1.12
03.08.2021 00:26:20.860,1.2491,1.24899,1,1.5
03.08.2021 00:26:21.826,1.2491,1.24898,1,1.5
03.08.2021 00:26:22.029,1.2491,1.24898,1,1
03.08.2021 00:26:22.130,1.2491,1.2489700000000001,1,2.7
03.08.2021 00:26:22.882,1.24909,1.2489700000000001,1,1.95
03.08.2021 00:26:36.370,1.24914,1.24903,1.5,1
03.08.2021 00:26:36.472,1.24915,1.24903,1.57,1.5
03.08.2021 00:26:39.407,1.24915,1.24905,1,1
03.08.2021 00:26:39.514,1.24916,1.24904,1,1.6
03.08.2021 00:26:39.615,1.2491700000000001,1.24904,1,1.6
03.08.2021 00:26:43.121,1.24915,1.24905,1,1
03.08.2021 00:26:47.177,1.24914,1.24904,1,1.2
03.08.2021 00:26:55.884,1.24915,1.2490200000000002,1,1.95
03.08.2021 00:26:58.907,1.24914,1.2490200000000002,1,1.2
03.08.2021 00:27:02.928,1.2491200000000002,1.249,1,1
03.08.2021 00:27:03.029,1.2491,1.24898,1,1.2
03.08.2021 00:27:03.527,1.24909,1.2489700000000001,1,3.1
03.08.2021 00:27:10.946,1.2491,1.24898,1,1.1
03.08.2021 00:27:17.840,1.24915,1.2490200000000002,1.12,1.57
03.08.2021 00:27:17.942,1.24915,1.24903,1.12,1
03.08.2021 00:27:18.043,1.24916,1.24904,1,1
03.08.2021 00:27:21.562,1.24916,1.24903,1,1.2
03.08.2021 00:27:21.764,1.24916,1.24904,1,1
03.08.2021 00:27:23.922,1.24915,1.24903,1,1.1
03.08.2021 00:27:24.053,1.24916,1.24903,1,1.1
03.08.2021 00:27:24.319,1.24914,1.24904,1,1.1
03.08.2021 00:27:25.604,1.24916,1.24903,1,1.1
03.08.2021 00:27:27.146,1.24915,1.24903,1,1
03.08.2021 00:27:28.896,1.24916,1.24903,1.1,1
03.08.2021 00:27:29.437,1.24915,1.24903,1,1
03.08.2021 00:27:29.639,1.2491200000000002,1.2490100000000002,1,1
03.08.2021 00:27:29.740,1.2491,1.2489700000000001,1,2.82
03.08.2021 00:27:29.841,1.24909,1.2489700000000001,1,1.57
03.08.2021 00:27:40.732,1.24908,1.2489700000000001,1,1.5
03.08.2021 00:27:46.731,1.24908,1.24898,1.5,1.5
03.08.2021 00:28:00.124,1.2491100000000002,1.2489700000000001,1.57,4.2
03.08.2021 00:28:00.225,1.2491,1.2489700000000001,1,2.7
03.08.2021 00:28:03.015,1.24909,1.2489700000000001,1.5,1.57
03.08.2021 00:28:04.299,1.2491,1.2489700000000001,1.57,1.57
03.08.2021 00:28:06.786,1.24909,1.2489700000000001,1,1.57
03.08.2021 00:28:07.249,1.2490700000000001,1.24898,1,1.5
03.08.2021 00:28:18.189,1.24905,1.2489700000000001,1,1.5
03.08.2021 00:28:18.442,1.24904,1.24893,1.1,1
03.08.2021 00:28:18.543,1.2490200000000002,1.2489000000000001,1,1.2
03.08.2021 00:28:18.644,1.24903,1.2489000000000001,1,1
03.08.2021 00:28:18.745,1.2490200000000002,1.24889,1,1.2
03.08.2021 00:28:18.846,1.2490200000000002,1.24889,1,1.22
03.08.2021 00:28:19.126,1.2490200000000002,1.24889,1,1.1
03.08.2021 00:28:19.227,1.24904,1.24893,1.87,1.57
03.08.2021 00:28:19.379,1.24904,1.2489100000000002,1,1
03.08.2021 00:28:19.581,1.24903,1.2489000000000001,1,1.1
03.08.2021 00:28:28.197,1.24904,1.24893,1.5,1.69
03.08.2021 00:28:28.247,1.24908,1.24895,2,1
03.08.2021 00:28:28.349,1.24908,1.24896,1.5,1
03.08.2021 00:28:28.476,1.24908,1.24896,1,1
03.08.2021 00:28:28.578,1.24908,1.24895,1.5,1.2
03.08.2021 00:28:31.797,1.2490700000000001,1.24894,1,1.2
03.08.2021 00:28:33.807,1.24908,1.24894,1.5,1.2
03.08.2021 00:28:33.858,1.24905,1.24893,1.5,2.07
03.08.2021 00:28:33.909,1.24906,1.24892,1.5,1.57
03.08.2021 00:28:34.214,1.24905,1.2489100000000002,1,1.1
03.08.2021 00:28:34.716,1.24903,1.2489000000000001,1,1.1
03.08.2021 00:28:35.673,1.2490200000000002,1.2489000000000001,1,1.22
03.08.2021 00:28:35.774,1.2490100000000002,1.24888,1,1.22
03.08.2021 00:28:35.875,1.2490100000000002,1.2489000000000001,1,1.1
03.08.2021 00:28:38.430,1.2490200000000002,1.24888,1,1.22
03.08.2021 00:28:39.017,1.24905,1.24893,1.5,1.5
03.08.2021 00:28:39.118,1.24904,1.24892,1.12,1
03.08.2021 00:28:39.220,1.2490100000000002,1.2489000000000001,1,1.6
03.08.2021 00:28:41.907,1.2490200000000002,1.24889,1,1.1
03.08.2021 00:28:44.597,1.2490100000000002,1.24889,1,1.22
03.08.2021 00:28:56.207,1.2490700000000001,1.24894,1.5,1.1
03.08.2021 00:28:56.309,1.24908,1.24895,1.2,1.1
03.08.2021 00:28:57.789,1.2490700000000001,1.24896,1,1.1
03.08.2021 00:29:04.254,1.24908,1.2489700000000001,1,1.1
03.08.2021 00:29:09.604,1.24909,1.24898,1,1.1
03.08.2021 00:29:09.705,1.2491100000000002,1.24899,1,1.5
03.08.2021 00:29:09.806,1.2491,1.2489700000000001,1,2.1
03.08.2021 00:29:10.808,1.24909,1.24898,1,1.95
03.08.2021 00:29:24.977,1.2491,1.24904,1,1
03.08.2021 00:29:25.028,1.24915,1.2490200000000002,1,1.57
03.08.2021 00:29:25.129,1.2491700000000001,1.24904,1.5,1.1
03.08.2021 00:29:25.246,1.2491700000000001,1.24904,1,1.1
03.08.2021 00:29:26.870,1.24915,1.24905,1,1
03.08.2021 00:29:26.971,1.2491700000000001,1.24904,1,1
03.08.2021 00:29:35.321,1.24915,1.24904,1,1.57
03.08.2021 00:29:39.918,1.24916,1.24903,1,1.6
03.08.2021 00:29:40.070,1.24916,1.24905,1,1.1
03.08.2021 00:29:42.547,1.2491700000000001,1.24908,1,1
03.08.2021 00:29:42.598,1.2492200000000002,1.2491,1.95,1.95
03.08.2021 00:29:42.700,1.2492400000000001,1.2491100000000002,1.12,1.1
03.08.2021 00:29:43.683,1.24923,1.2491,1,1.95
03.08.2021 00:29:43.784,1.2492400000000001,1.2491100000000002,1,1
03.08.2021 00:29:44.933,1.2492400000000001,1.2491200000000002,1,1.1
03.08.2021 00:29:55.429,1.24926,1.24913,1,1.1
03.08.2021 00:30:00.324,1.24927,1.24914,1,1.57
03.08.2021 00:30:00.425,1.24925,1.24915,1,1
03.08.2021 00:30:00.526,1.2492400000000001,1.24913,1,1
03.08.2021 00:30:01.312,1.2492400000000001,1.2491,1,2.08
03.08.2021 00:30:02.351,1.2492400000000001,1.2491,1,1.58
03.08.2021 00:30:02.502,1.24923,1.2491,1,1.1
03.08.2021 00:30:02.603,1.2492,1.24909,1.5,1.2
03.08.2021 00:30:02.705,1.2492,1.24909,1,1.12
03.08.2021 00:30:02.806,1.24919,1.24906,1,1.2
03.08.2021 00:30:02.907,1.24916,1.24904,1.5,2.07
03.08.2021 00:30:03.008,1.24916,1.24903,1,1.57
03.08.2021 00:30:03.109,1.24914,1.24904,1,1.1
03.08.2021 00:30:03.312,1.24916,1.24903,1,1.57
03.08.2021 00:30:05.112,1.24916,1.24904,1,1.57
03.08.2021 00:30:05.717,1.24916,1.24903,1,1.1
03.08.2021 00:30:06.978,1.24918,1.24904,1,1.1
03.08.2021 00:30:07.550,1.2491700000000001,1.24906,1,1.1
03.08.2021 00:30:07.651,1.24918,1.24905,1,1.7
03.08.2021 00:30:09.298,1.2492100000000002,1.2491,2.07,1.95
03.08.2021 00:30:09.451,1.2492100000000002,1.2491,1,1.2
03.08.2021 00:30:10.528,1.2492200000000002,1.2491,1.57,1
03.08.2021 00:30:31.997,1.2492200000000002,1.2491,1.15,1
03.08.2021 00:30:32.098,1.2492,1.24909,1.5,1
03.08.2021 00:30:32.508,1.2492,1.24906,1,1.22
03.08.2021 00:30:41.427,1.2492,1.24908,1,1
03.08.2021 00:30:53.164,1.2492,1.2490700000000001,1,2.7
03.08.2021 00:30:55.043,1.2492200000000002,1.24908,1.15,1
03.08.2021 00:30:56.867,1.2492100000000002,1.2490700000000001,1,3.82
03.08.2021 00:31:01.731,1.2492200000000002,1.24908,1.15,1
03.08.2021 00:31:19.232,1.2492200000000002,1.24908,1.05,1.1
03.08.2021 00:31:19.617,1.2492200000000002,1.24908,1.05,1.1
03.08.2021 00:31:36.319,1.2492100000000002,1.2490700000000001,1.24,1.12
03.08.2021 00:31:36.573,1.2492100000000002,1.2490700000000001,1,2.91
03.08.2021 00:31:36.624,1.24923,1.2491100000000002,1.24,1.1
03.08.2021 00:31:36.726,1.24923,1.2491100000000002,1.05,1.6
03.08.2021 00:31:37.182,1.24925,1.2491100000000002,1.05,1.1
03.08.2021 00:31:39.188,1.24925,1.2491100000000002,1.05,1.1
03.08.2021 00:31:39.397,1.24926,1.24914,1.54,1
03.08.2021 00:31:39.549,1.24927,1.24914,1.16,1.1
03.08.2021 00:31:42.659,1.24927,1.24914,1.05,1.1
03.08.2021 00:31:42.761,1.2493100000000001,1.24919,1.5,1
03.08.2021 00:31:42.912,1.24933,1.24919,1.25,1
03.08.2021 00:31:43.196,1.24933,1.24919,1.95,1
03.08.2021 00:31:46.763,1.2493100000000001,1.24919,1,1.1
03.08.2021 00:31:50.516,1.2493200000000002,1.24918,1,1.6
03.08.2021 00:31:51.887,1.24933,1.24919,1,1.1
03.08.2021 00:31:58.565,1.2493400000000001,1.2492,2.25,1.1
03.08.2021 00:32:16.799,1.2493400000000001,1.2492,1,1.22
03.08.2021 00:32:17.102,1.2493400000000001,1.2492,1,1.2
03.08.2021 00:32:17.572,1.2493400000000001,1.2492,1,1.1
03.08.2021 00:32:21.729,1.24933,1.2492100000000002,1,1.1
03.08.2021 00:32:39.328,1.24933,1.24919,1.05,1.1
03.08.2021 00:32:40.242,1.24933,1.24919,1.05,1.1
03.08.2021 00:32:41.047,1.24933,1.24918,1.15,1
03.08.2021 00:32:44.379,1.2493200000000002,1.24918,1.05,1
03.08.2021 00:32:45.403,1.2493200000000002,1.24919,1.05,1.97
03.08.2021 00:32:47.525,1.24933,1.24918,1.05,1.97
03.08.2021 00:32:47.677,1.24933,1.24919,1.5,1.1
03.08.2021 00:32:56.652,1.2493200000000002,1.2492,1,1.1
03.08.2021 00:32:56.754,1.2493400000000001,1.2492,1.05,1.1
03.08.2021 00:32:56.855,1.24935,1.2492100000000002,1.05,1.1
03.08.2021 00:33:00.392,1.2493400000000001,1.2492,1.05,1.1
03.08.2021 00:33:10.385,1.2493200000000002,1.2492,1,1.1
03.08.2021 00:33:10.525,1.2493400000000001,1.2492,1.05,1.1
03.08.2021 00:33:11.219,1.2493400000000001,1.2492,1.62,1
03.08.2021 00:33:11.639,1.2493400000000001,1.2492,1.62,1
03.08.2021 00:33:15.267,1.2493200000000002,1.2492,1.05,1.1
03.08.2021 00:33:15.447,1.2493400000000001,1.2492,1.62,1
03.08.2021 00:33:31.288,1.24933,1.24919,1,1.1
03.08.2021 00:33:32.487,1.2493400000000001,1.2492,2,1
03.08.2021 00:33:33.878,1.2493400000000001,1.2492100000000002,1.05,1
03.08.2021 00:33:33.980,1.2493400000000001,1.2492100000000002,1.05,1
03.08.2021 00:33:34.031,1.24937,1.2492400000000001,1,1
03.08.2021 00:33:34.132,1.24939,1.24925,2.12,1
03.08.2021 00:33:34.405,1.2494100000000001,1.24929,3.35,1
03.08.2021 00:33:34.507,1.2494200000000002,1.24928,2.77,1
03.08.2021 00:33:37.122,1.2494100000000001,1.24929,2.02,1
03.08.2021 00:33:37.497,1.24944,1.2493,2.12,1
03.08.2021 00:33:37.651,1.24943,1.2493100000000001,1.05,1.1
03.08.2021 00:33:38.650,1.24944,1.2493,2.9,1
03.08.2021 00:33:38.751,1.24943,1.24929,1.25,1
03.08.2021 00:34:02.404,1.2494,1.2493,1,1
03.08.2021 00:34:03.130,1.2494200000000002,1.24929,1.57,1
03.08.2021 00:34:03.632,1.2494200000000002,1.24929,1.15,1
03.08.2021 00:34:06.558,1.2494200000000002,1.24929,1.57,1
03.08.2021 00:34:08.113,1.2494,1.2493,1,1
03.08.2021 00:34:13.121,1.2494200000000002,1.24929,1.5,1
03.08.2021 00:34:18.561,1.2494200000000002,1.24929,1.05,1
03.08.2021 00:34:19.513,1.24935,1.2492400000000001,1,2
03.08.2021 00:34:19.664,1.24936,1.24923,1,1.5
03.08.2021 00:34:19.715,1.24936,1.2492400000000001,1.95,1
03.08.2021 00:34:19.867,1.24935,1.24925,1.1,1
03.08.2021 00:34:19.968,1.24935,1.2492100000000002,1.5,1.1
03.08.2021 00:34:20.120,1.24933,1.2492200000000002,1,1
03.08.2021 00:34:25.095,1.24935,1.2492100000000002,1.24,1
03.08.2021 00:34:28.065,1.24936,1.2492200000000002,2.32,1
03.08.2021 00:34:32.539,1.24935,1.2492200000000002,1,1
03.08.2021 00:34:32.647,1.24936,1.2492200000000002,1.57,1
03.08.2021 00:34:32.698,1.24936,1.2492200000000002,1.65,1
03.08.2021 00:34:32.800,1.24935,1.2492100000000002,1.15,1
03.08.2021 00:34:34.887,1.2493400000000001,1.2492200000000002,1.16,1.1
03.08.2021 00:34:40.589,1.24939,1.24927,1.5,1
03.08.2021 00:34:40.690,1.2494100000000001,1.24928,1.15,1
03.08.2021 00:34:40.792,1.2494200000000002,1.24928,2,1
03.08.2021 00:34:45.037,1.2494200000000002,1.24928,1.25,1
03.08.2021 00:34:53.018,1.24939,1.24928,1.15,1
03.08.2021 00:34:53.120,1.24936,1.2492400000000001,1,1.5
03.08.2021 00:34:53.171,1.24936,1.2492200000000002,1.5,1.1
03.08.2021 00:34:53.577,1.24935,1.2492200000000002,1.05,1
03.08.2021 00:34:53.678,1.24933,1.2492200000000002,1,1
03.08.2021 00:34:53.847,1.24935,1.2492100000000002,1.62,1
03.08.2021 00:34:57.304,1.2493400000000001,1.2492,1.55,1.1
03.08.2021 00:35:01.479,1.24933,1.24919,1.54,1.2
03.08.2021 00:35:02.227,1.2493200000000002,1.24918,2.25,1.1
03.08.2021 00:35:02.328,1.2493,1.24919,1,1.1
03.08.2021 00:35:02.379,1.24929,1.24918,1,1
03.08.2021 00:35:02.430,1.24929,1.24916,1,1
03.08.2021 00:35:02.531,1.24929,1.24916,1.15,1
03.08.2021 00:35:06.225,1.24928,1.2491700000000001,1.15,1
03.08.2021 00:35:06.276,1.2493200000000002,1.24918,2.82,1.1
03.08.2021 00:35:06.377,1.2493200000000002,1.2492100000000002,1.55,1
03.08.2021 00:35:06.479,1.2493400000000001,1.2492100000000002,1.5,1
03.08.2021 00:35:06.682,1.24935,1.24923,1,1
03.08.2021 00:35:07.749,1.2493400000000001,1.2492200000000002,1.54,1.1
03.08.2021 00:35:07.851,1.2493400000000001,1.2492100000000002,1,1
03.08.2021 00:35:08.075,1.24933,1.2492200000000002,1.05,1
03.08.2021 00:35:08.587,1.24933,1.24919,1.54,1.2
03.08.2021 00:35:11.415,1.24933,1.2492,1.05,1
03.08.2021 00:35:12.201,1.2493200000000002,1.2492200000000002,1,1.1
03.08.2021 00:35:12.303,1.24933,1.2492200000000002,1,1.1
03.08.2021 00:35:12.776,1.2493400000000001,1.2492200000000002,1.5,1.1
03.08.2021 00:35:15.909,1.24935,1.2492100000000002,1,1.1
03.08.2021 00:35:20.766,1.24935,1.2492100000000002,1,2.14
03.08.2021 00:35:26.924,1.24935,1.2492100000000002,1.62,1
03.08.2021 00:35:28.249,1.24933,1.2492100000000002,1,1
03.08.2021 00:35:28.352,1.2493200000000002,1.2492100000000002,1,1
03.08.2021 00:36:01.412,1.24933,1.24919,1.54,1.2
03.08.2021 00:36:03.383,1.2493200000000002,1.24918,1.17,1.1
03.08.2021 00:36:03.702,1.24929,1.2491700000000001,1,1
03.08.2021 00:36:04.231,1.24928,1.2491700000000001,1,1
03.08.2021 00:36:04.731,1.24927,1.24915,2.11,1
03.08.2021 00:36:04.934,1.24928,1.24914,1.05,2.32
03.08.2021 00:36:06.187,1.24927,1.24913,1,1.57
03.08.2021 00:36:11.033,1.24927,1.24913,1.17,1
03.08.2021 00:36:11.650,1.24927,1.24913,1.62,1
03.08.2021 00:36:14.822,1.24927,1.24913,2.37,1
03.08.2021 00:36:15.545,1.24927,1.24913,2.37,1
03.08.2021 00:36:15.747,1.24926,1.24914,2.37,1
03.08.2021 00:36:27.530,1.24926,1.24914,2.37,1
03.08.2021 00:36:27.849,1.24926,1.2491200000000002,1.05,1
03.08.2021 00:36:28.072,1.24926,1.2491200000000002,1.05,1
03.08.2021 00:36:29.084,1.2492400000000001,1.2491200000000002,1,1.2
03.08.2021 00:36:29.316,1.24926,1.2491100000000002,1.54,1.2
03.08.2021 00:36:29.564,1.24926,1.2491100000000002,1.55,1.2
03.08.2021 00:36:40.214,1.24926,1.2491100000000002,1.05,1.1
03.08.2021 00:36:41.129,1.24925,1.2491200000000002,1.62,1
03.08.2021 00:36:44.761,1.2492400000000001,1.2491100000000002,2.37,1
03.08.2021 00:36:49.167,1.2492,1.24906,1.5,1.1
03.08.2021 00:36:49.372,1.2492,1.24905,1.5,1.6
03.08.2021 00:36:49.625,1.24919,1.24905,1,1
03.08.2021 00:36:51.206,1.24918,1.24905,1.5,1.57
03.08.2021 00:36:54.250,1.2492400000000001,1.2491,2,1.5
03.08.2021 00:36:54.301,1.2492400000000001,1.2491200000000002,1.62,1
03.08.2021 00:36:54.402,1.24925,1.2491100000000002,1.5,1
03.08.2021 00:36:59.634,1.24926,1.2491100000000002,1.05,1.76
03.08.2021 00:37:03.545,1.24926,1.2491200000000002,1.5,1
03.08.2021 00:37:05.536,1.24927,1.24913,1.5,1.25
03.08.2021 00:37:06.376,1.24927,1.24913,1,2.97
03.08.2021 00:37:07.170,1.24928,1.24915,1,2.89
03.08.2021 00:37:07.221,1.24933,1.24919,1.65,1
03.08.2021 00:37:07.322,1.2493200000000002,1.24919,1.55,1.1
03.08.2021 00:37:07.423,1.2493200000000002,1.24919,1.17,1.1
03.08.2021 00:37:07.662,1.24933,1.24919,1.17,1
03.08.2021 00:37:07.778,1.2493200000000002,1.24918,1.05,1.1
03.08.2021 00:37:08.726,1.2493200000000002,1.2492,1.5,1
03.08.2021 00:37:08.827,1.24933,1.24918,1.5,1.2
03.08.2021 00:37:09.755,1.24933,1.24918,1.05,1.2
03.08.2021 00:37:10.278,1.24933,1.24918,1.05,1.2
03.08.2021 00:37:10.823,1.2493200000000002,1.24918,1.55,1
03.08.2021 00:37:10.925,1.2493,1.24918,1.5,1
03.08.2021 00:37:11.954,1.2493100000000001,1.2491700000000001,1.05,1
03.08.2021 00:37:17.434,1.2493,1.24918,1.5,1
03.08.2021 00:37:17.604,1.2493,1.2491700000000001,1.5,1.2
03.08.2021 00:37:18.160,1.2493200000000002,1.2492,1,1
03.08.2021 00:37:18.261,1.2493400000000001,1.24919,1.91,1.1
03.08.2021 00:37:18.565,1.24933,1.2492,1.92,1.1
03.08.2021 00:37:21.649,1.2493400000000001,1.24919,1.16,1.1
03.08.2021 00:37:21.763,1.24935,1.2492100000000002,2,1
03.08.2021 00:37:22.492,1.2493400000000001,1.2492100000000002,2.21,1
03.08.2021 00:37:22.542,1.24933,1.24919,1.15,1
03.08.2021 00:37:22.644,1.2493400000000001,1.2492,1.25,1
03.08.2021 00:37:23.069,1.2493400000000001,1.2492100000000002,1.25,1
03.08.2021 00:37:23.171,1.24933,1.2492,1,1
03.08.2021 00:37:29.558,1.2493400000000001,1.2492,1.91,1
03.08.2021 00:37:33.725,1.2493400000000001,1.2492100000000002,1.05,1
03.08.2021 00:37:39.845,1.2493400000000001,1.2492,1,1
03.08.2021 00:37:41.065,1.24935,1.2492100000000002,1.61,1
03.08.2021 00:37:46.884,1.2493400000000001,1.2492,1.5,1
03.08.2021 00:37:49.132,1.2493400000000001,1.24919,1.5,1.2
03.08.2021 00:37:49.233,1.24933,1.2492,1.62,1.12
03.08.2021 00:37:49.547,1.24933,1.2492100000000002,1.62,1
03.08.2021 00:37:49.659,1.24933,1.2492100000000002,1.61,1
03.08.2021 00:38:03.338,1.2493400000000001,1.2492100000000002,1.91,1.1
03.08.2021 00:38:07.731,1.24935,1.2492,1.92,1.1
03.08.2021 00:38:08.525,1.2493400000000001,1.2492100000000002,1.91,1.1
03.08.2021 00:38:08.576,1.24937,1.2492400000000001,2.07,1.5
03.08.2021 00:38:08.678,1.2494,1.24928,1.05,1
03.08.2021 00:38:08.779,1.2494100000000001,1.24929,1.55,1
03.08.2021 00:38:15.403,1.2494200000000002,1.24928,1.12,1.1
03.08.2021 00:38:15.505,1.2494100000000001,1.2493,1.12,1
03.08.2021 00:38:16.169,1.24944,1.24929,1.91,1.1
03.08.2021 00:38:18.516,1.24943,1.24929,1,1.1
03.08.2021 00:38:18.618,1.24943,1.2493,1.91,1.1
03.08.2021 00:38:19.343,1.24943,1.24929,1,1.1
03.08.2021 00:38:19.445,1.2494200000000002,1.24928,1.05,1
03.08.2021 00:38:21.399,1.2494200000000002,1.24929,1,1
03.08.2021 00:38:24.061,1.24943,1.24929,1.05,1.1
03.08.2021 00:38:35.785,1.2494200000000002,1.24928,1,1.1
03.08.2021 00:39:04.422,1.2494200000000002,1.24928,1.05,1
03.08.2021 00:39:13.591,1.2494200000000002,1.24928,1.05,1
03.08.2021 00:39:16.525,1.2494100000000001,1.24929,1.15,1
03.08.2021 00:39:31.434,1.2494100000000001,1.2493,1.05,1
03.08.2021 00:39:50.971,1.2494200000000002,1.24929,1.05,1
03.08.2021 00:39:51.704,1.2494200000000002,1.2493,1.54,1.1
03.08.2021 00:39:54.515,1.24943,1.24929,1.05,1.2
03.08.2021 00:39:59.272,1.24943,1.24929,1.05,1.1
03.08.2021 00:40:01.257,1.24945,1.2493100000000001,1.05,1.1
03.08.2021 00:40:01.751,1.24945,1.2493200000000002,1.5,1.1
03.08.2021 00:40:03.339,1.24944,1.24929,3,1.57
03.08.2021 00:40:03.440,1.24943,1.2493100000000001,1,1
03.08.2021 00:40:05.025,1.24945,1.2493,1.57,1
03.08.2021 00:40:12.246,1.24944,1.2493100000000001,1,1
03.08.2021 00:40:17.272,1.24944,1.2493200000000002,1,1
03.08.2021 00:40:29.296,1.24946,1.2493100000000001,1.2,1
03.08.2021 00:40:33.086,1.24947,1.24933,1.57,1.5
03.08.2021 00:40:37.832,1.2495,1.24935,2.82,1.5
03.08.2021 00:40:38.035,1.2495,1.24935,1.95,1
03.08.2021 00:40:41.748,1.2495,1.24936,1.12,1
03.08.2021 00:40:41.899,1.2495,1.24935,1.12,1.1
03.08.2021 00:40:43.229,1.24945,1.2493100000000001,1.12,1.57
03.08.2021 00:40:43.381,1.24945,1.2493,1.2,1.57
03.08.2021 00:40:45.652,1.24945,1.2493100000000001,1.2,1
03.08.2021 00:40:45.855,1.24944,1.2493200000000002,1.12,1.1
03.08.2021 00:40:46.642,1.24944,1.2493200000000002,1.12,1.1
03.08.2021 00:40:49.730,1.24946,1.2493100000000001,1.1,1.57
03.08.2021 00:41:09.655,1.24943,1.24928,1,2.1
03.08.2021 00:41:09.857,1.2494100000000001,1.24928,1,1.6
03.08.2021 00:41:10.121,1.24943,1.24929,1.1,1
03.08.2021 00:41:11.600,1.24944,1.24929,1.2,1.57
03.08.2021 00:41:11.702,1.24943,1.2493,1,1.6
03.08.2021 00:41:14.953,1.24944,1.2493100000000001,1.12,1.1
03.08.2021 00:41:29.866,1.24947,1.2493200000000002,1.2,1.1
03.08.2021 00:41:29.917,1.2495,1.24935,2.07,1
03.08.2021 00:41:30.119,1.2495,1.2493400000000001,1.2,1.57
03.08.2021 00:41:30.375,1.24949,1.24937,1.12,1
03.08.2021 00:41:40.676,1.2495,1.24937,1.2,1
03.08.2021 00:41:47.504,1.24949,1.24937,1,1.1
03.08.2021 00:41:48.782,1.2495100000000001,1.24936,1.12,1.57
03.08.2021 00:41:54.641,1.2495100000000001,1.24936,1.12,1.6
03.08.2021 00:41:55.244,1.2495200000000002,1.24936,1.12,1.6
03.08.2021 00:41:55.397,1.2495,1.24937,1,1.57
03.08.2021 00:41:55.549,1.2495100000000001,1.24936,1,1.6
03.08.2021 00:41:55.700,1.2495200000000002,1.24936,1.12,1.6
03.08.2021 00:42:02.011,1.2495100000000001,1.24936,1,1.57
03.08.2021 00:42:03.766,1.2495,1.24936,1,1
03.08.2021 00:42:03.868,1.2495,1.24935,1.1,1.5
03.08.2021 00:42:06.986,1.2495,1.24936,1,1
03.08.2021 00:42:13.541,1.24949,1.24936,1.12,1.57
03.08.2021 00:42:15.368,1.2495,1.24936,1.12,1
03.08.2021 00:42:15.469,1.24949,1.24936,1.39,1
03.08.2021 00:42:15.570,1.24949,1.24936,1.51,1
03.08.2021 00:42:21.827,1.2494200000000002,1.2493200000000002,1,1.5
03.08.2021 00:42:21.929,1.2494200000000002,1.24929,1.12,1.6
03.08.2021 00:42:22.030,1.24943,1.24928,1.2,1.57
03.08.2021 00:42:24.005,1.24937,1.2492200000000002,1.5,2.72
03.08.2021 00:42:24.106,1.24935,1.2492200000000002,1,1.97
03.08.2021 00:42:24.207,1.2493400000000001,1.2492200000000002,1,1.1
03.08.2021 00:42:28.149,1.24938,1.24923,1.5,2.32
03.08.2021 00:42:28.250,1.2494200000000002,1.24928,2.52,1
03.08.2021 00:42:28.351,1.2494100000000001,1.24927,1.12,1.1
03.08.2021 00:42:28.632,1.2494200000000002,1.24928,1.5,1
03.08.2021 00:42:34.270,1.24943,1.24928,1.6,1.5
03.08.2021 00:42:34.728,1.24943,1.24929,1,1.1
03.08.2021 00:42:36.525,1.24943,1.2493,1.12,1.57
03.08.2021 00:42:40.983,1.24943,1.24929,1,1
03.08.2021 00:42:59.285,1.2494200000000002,1.24927,1.12,1.57
03.08.2021 00:43:02.207,1.24943,1.24928,1.5,1.1
03.08.2021 00:43:05.245,1.24943,1.24928,1.12,1.1
03.08.2021 00:43:23.447,1.2494200000000002,1.24927,1.12,1.6
03.08.2021 00:43:23.669,1.2494200000000002,1.24927,1.12,1.57
03.08.2021 00:43:30.698,1.2494,1.24926,1.1,1
03.08.2021 00:43:34.917,1.24943,1.24927,3.04,1.5
03.08.2021 00:43:35.018,1.2494200000000002,1.24928,3.04,1.57
03.08.2021 00:43:42.526,1.24943,1.24928,1.91,1
03.08.2021 00:43:44.420,1.2494200000000002,1.24927,1.2,1.57
03.08.2021 00:43:45.953,1.24943,1.24928,1.6,1
03.08.2021 00:43:47.550,1.2494200000000002,1.24929,1.1,1.1
03.08.2021 00:43:50.602,1.24943,1.24929,1,1.1
03.08.2021 00:43:52.296,1.24944,1.24928,1.97,1.57
03.08.2021 00:43:52.398,1.24944,1.24929,1.2,1.57
03.08.2021 00:44:00.091,1.24943,1.24929,1,1.1
03.08.2021 00:44:00.192,1.24943,1.24928,1.1,1.57
03.08.2021 00:44:02.251,1.24944,1.24929,1.2,1.1
03.08.2021 00:44:08.915,1.24944,1.24929,1,1.6
03.08.2021 00:44:15.243,1.24947,1.24933,1.1,1.5
03.08.2021 00:44:15.345,1.2495,1.24935,2.1,1.5
03.08.2021 00:44:17.014,1.2495100000000001,1.24935,2.66,1.57
03.08.2021 00:44:20.675,1.2495,1.24935,1.22,1.5
03.08.2021 00:44:21.278,1.24949,1.2493400000000001,2.16,1
03.08.2021 00:44:21.379,1.24946,1.2493100000000001,1.6,1.7
03.08.2021 00:44:21.480,1.24943,1.24928,1.1,2.7
03.08.2021 00:44:24.283,1.24945,1.2493,1.22,1
03.08.2021 00:44:24.384,1.24945,1.2493,1.2,1.76
03.08.2021 00:44:24.485,1.24945,1.2493,1,1.79
03.08.2021 00:44:36.076,1.24945,1.2493100000000001,1.2,1.79
03.08.2021 00:44:43.832,1.2495100000000001,1.24935,3.79,1.5
03.08.2021 00:44:44.034,1.2495,1.24936,3.66,1.57
03.08.2021 00:44:45.015,1.2495,1.24937,1.22,1
03.08.2021 00:44:45.116,1.2495200000000002,1.24936,1.6,1.57
03.08.2021 00:44:53.535,1.2495,1.24936,1.1,1
03.08.2021 00:44:59.982,1.2495100000000001,1.24936,1.2,1.57
03.08.2021 00:45:03.127,1.2495100000000001,1.24938,1.6,1.5
03.08.2021 00:45:03.380,1.2495200000000002,1.24936,2.85,1.57
03.08.2021 00:45:05.357,1.2495,1.24936,1.1,1
03.08.2021 00:45:08.224,1.2495,1.24935,1.1,1.57
03.08.2021 00:45:08.341,1.2495100000000001,1.24936,1.22,1
03.08.2021 00:45:14.786,1.2495,1.24935,1.2,1.1
03.08.2021 00:45:18.165,1.24948,1.2493400000000001,1.97,1.57
03.08.2021 00:45:18.266,1.24948,1.24935,2.35,1
03.08.2021 00:45:30.209,1.24949,1.2493400000000001,2.32,1.5
03.08.2021 00:45:39.699,1.24944,1.2493100000000001,1.57,1
03.08.2021 00:45:39.951,1.24944,1.24929,2.82,1
03.08.2021 00:45:40.927,1.24944,1.24929,1.5,1.7
03.08.2021 00:45:41.244,1.24943,1.2493,1.12,1.7
03.08.2021 00:45:41.783,1.24944,1.24928,1.12,1.6
03.08.2021 00:45:41.884,1.24943,1.24929,2.7,1.57
03.08.2021 00:45:42.370,1.24938,1.24926,1.87,1
03.08.2021 00:45:42.471,1.24938,1.24925,1.12,1
03.08.2021 00:45:42.573,1.24938,1.24923,1,1.97
03.08.2021 00:45:43.969,1.24936,1.24923,1.12,1.57
03.08.2021 00:45:46.215,1.24935,1.2492200000000002,1,1.57
03.08.2021 00:45:46.366,1.24937,1.2492100000000002,1.2,1.57
03.08.2021 00:45:46.664,1.24936,1.24923,1.12,1.1
03.08.2021 00:45:56.365,1.24938,1.2492200000000002,2,1.6
03.08.2021 00:45:56.631,1.24937,1.2492200000000002,1.12,1.1
03.08.2021 00:46:00.165,1.24937,1.2492200000000002,1.12,1.1
03.08.2021 00:46:01.275,1.24937,1.2492200000000002,1.12,1.1
03.08.2021 00:46:02.064,1.24935,1.2492100000000002,1.57,1.95
03.08.2021 00:46:05.662,1.24935,1.2492200000000002,1.95,1
03.08.2021 00:46:06.156,1.24936,1.2492100000000002,1.12,2.07
03.08.2021 00:46:20.601,1.24935,1.24923,1,1.1
03.08.2021 00:46:20.752,1.24936,1.24923,1.12,1.1
03.08.2021 00:46:33.112,1.24936,1.2492200000000002,1.12,2.47
03.08.2021 00:46:33.214,1.24938,1.24923,1.5,1.1
03.08.2021 00:46:35.744,1.24938,1.24923,1.12,1.2
03.08.2021 00:46:42.463,1.24938,1.2492400000000001,1.12,1.1
03.08.2021 00:46:43.955,1.24938,1.2492200000000002,1.97,1.2
03.08.2021 00:46:45.104,1.24935,1.2492200000000002,1.2,1.7
03.08.2021 00:46:45.206,1.24935,1.2492200000000002,1.22,1.62
03.08.2021 00:46:45.357,1.24936,1.2492100000000002,1.22,1
03.08.2021 00:46:45.508,1.24935,1.2492200000000002,1.2,1.1
03.08.2021 00:46:51.745,1.24936,1.2492100000000002,1.6,1.1
03.08.2021 00:46:54.304,1.24937,1.2492100000000002,1.6,1.6
03.08.2021 00:46:54.718,1.24936,1.2492200000000002,1.6,1.57
03.08.2021 00:46:55.412,1.24939,1.2492400000000001,1.1,2.7
03.08.2021 00:46:55.513,1.2494100000000001,1.24925,3.17,1.1
03.08.2021 00:46:55.615,1.24939,1.24926,1.1,1.7
03.08.2021 00:46:56.418,1.2494,1.24925,1.1,1.2
03.08.2021 00:47:06.445,1.2494100000000001,1.24926,1.41,1
03.08.2021 00:47:06.684,1.2494100000000001,1.24926,1.41,1.1
03.08.2021 00:47:28.196,1.2494200000000002,1.24928,3.79,1.1
03.08.2021 00:47:28.297,1.24943,1.24928,3.04,1
03.08.2021 00:47:28.399,1.2494200000000002,1.24928,2.29,1.1
03.08.2021 00:47:29.365,1.2494200000000002,1.24928,4.6,1
03.08.2021 00:47:45.959,1.2494100000000001,1.24928,1.97,1.1
03.08.2021 00:47:48.911,1.24943,1.24928,2.66,1
03.08.2021 00:47:53.745,1.2494200000000002,1.24928,3.79,1.1
03.08.2021 00:47:58.426,1.24943,1.24928,1.6,1.1
03.08.2021 00:48:01.791,1.24943,1.24928,1.2,1.1
03.08.2021 00:48:02.306,1.24945,1.2493100000000001,1.12,3.82
03.08.2021 00:48:02.428,1.24947,1.2493100000000001,3.57,3.1
03.08.2021 00:48:02.537,1.24947,1.24933,1.2,1
03.08.2021 00:48:05.326,1.2495,1.24935,1.6,1.5
03.08.2021 00:48:05.528,1.2495,1.24935,1.2,2.32
03.08.2021 00:48:09.178,1.2495,1.24935,2.07,1.2
03.08.2021 00:48:09.744,1.2495,1.24935,1.2,1.2
03.08.2021 00:48:12.510,1.2495100000000001,1.24935,1.6,1.6
03.08.2021 00:48:13.579,1.2495200000000002,1.24937,3.6,1
03.08.2021 00:48:14.264,1.2495,1.24937,1.6,1.1
03.08.2021 00:48:16.382,1.2495200000000002,1.24937,1.2,1.57
03.08.2021 00:48:16.783,1.2495200000000002,1.24937,1.2,2.45
03.08.2021 00:48:23.805,1.24957,1.2494200000000002,2.15,1.1
03.08.2021 00:48:23.957,1.24957,1.2494200000000002,1,1.6
03.08.2021 00:48:24.007,1.24956,1.24943,1,1.6
03.08.2021 00:48:24.162,1.24958,1.2494200000000002,1.85,1.57
03.08.2021 00:48:28.320,1.2495200000000002,1.2494100000000001,1.1,1
03.08.2021 00:48:28.421,1.2495,1.24937,3.1,2.07
03.08.2021 00:48:28.523,1.2495100000000001,1.24935,1.97,1.1
03.08.2021 00:48:28.725,1.2495,1.24935,1.6,1
03.08.2021 00:48:28.827,1.2495,1.2493400000000001,1.6,1.95
03.08.2021 00:48:28.928,1.24948,1.2493200000000002,1.1,1.97
03.08.2021 00:48:28.979,1.24946,1.2493200000000002,1.1,1.12
03.08.2021 00:48:29.080,1.24944,1.2493,1.1,4.05
03.08.2021 00:48:29.181,1.24944,1.2493100000000001,1,1.6
03.08.2021 00:48:29.282,1.24943,1.24929,1,1.39
03.08.2021 00:48:29.383,1.24944,1.24928,1.57,3.04
03.08.2021 00:48:29.599,1.24944,1.2493100000000001,1,1.1
03.08.2021 00:48:30.173,1.24946,1.2493,1.1,2.35
03.08.2021 00:48:30.503,1.24945,1.2493100000000001,1,2.85
03.08.2021 00:48:30.720,1.24947,1.2493100000000001,1.2,1.22
03.08.2021 00:48:31.673,1.24947,1.2493200000000002,1.12,1.6
03.08.2021 00:48:31.955,1.2495,1.24935,1.6,1
03.08.2021 00:48:32.056,1.24949,1.24935,1.6,1.57
03.08.2021 00:48:32.107,1.2495,1.2493400000000001,1.22,1.57
03.08.2021 00:48:32.680,1.2495,1.24935,1.2,1.1
03.08.2021 00:48:35.455,1.2495,1.2493400000000001,2.07,1.6
03.08.2021 00:48:37.384,1.24948,1.24935,1.22,1.1
03.08.2021 00:48:37.486,1.24949,1.24933,1.22,1.57
03.08.2021 00:48:46.682,1.24949,1.2493400000000001,1.1,1.6
03.08.2021 00:48:46.835,1.24949,1.2493400000000001,1,1.6
03.08.2021 00:48:47.194,1.2495,1.2493400000000001,1.12,1.6
03.08.2021 00:48:50.081,1.24949,1.2493400000000001,1.2,1.1
03.08.2021 00:48:50.183,1.24949,1.2493400000000001,1.22,1
03.08.2021 00:48:51.597,1.24949,1.24933,1.22,1.1
03.08.2021 00:48:57.264,1.24945,1.2493200000000002,1.1,1
03.08.2021 00:48:58.152,1.24948,1.24935,1.2,1.57
03.08.2021 00:48:59.104,1.24949,1.24935,1.2,1
03.08.2021 00:49:01.155,1.24949,1.24936,1.12,1
03.08.2021 00:49:02.385,1.2495,1.24937,1.1,1
03.08.2021 00:49:02.537,1.24949,1.24937,1,1
03.08.2021 00:49:03.340,1.24948,1.24937,1,1
03.08.2021 00:49:06.324,1.24948,1.24938,1,1
03.08.2021 00:49:06.425,1.24949,1.24938,1,1
03.08.2021 00:49:06.653,1.2495,1.24938,1,1
03.08.2021 00:49:07.231,1.2495,1.24936,1,1.7
03.08.2021 00:49:11.156,1.24949,1.24937,1,1.1
03.08.2021 00:49:12.021,1.2495100000000001,1.24936,1,1.1
03.08.2021 00:49:27.060,1.2495100000000001,1.24936,1.1,1.1
03.08.2021 00:49:29.315,1.2495100000000001,1.24936,1,1.22
03.08.2021 00:49:51.799,1.2495100000000001,1.24938,1,1
03.08.2021 00:50:00.399,1.24949,1.24938,1,1
03.08.2021 00:50:00.908,1.24948,1.24937,1,1
03.08.2021 00:50:04.008,1.2495,1.24936,1.1,1
03.08.2021 00:50:04.674,1.2495,1.24936,1.1,1
03.08.2021 00:50:04.775,1.2495,1.24936,1.1,1
03.08.2021 00:50:04.876,1.24949,1.24936,1,1
03.08.2021 00:50:05.510,1.2495,1.24936,1.2,1
03.08.2021 00:50:05.662,1.24949,1.24936,1,1
03.08.2021 00:50:14.945,1.2495,1.24936,1.2,1
03.08.2021 00:50:19.731,1.24949,1.24936,1,1
03.08.2021 00:50:23.576,1.24949,1.24935,1.2,1
03.08.2021 00:50:23.678,1.24948,1.24935,1.1,1
03.08.2021 00:50:26.259,1.24949,1.24937,1.1,1
03.08.2021 00:50:26.360,1.2495,1.24935,1.1,1.1
03.08.2021 00:50:27.194,1.24949,1.24937,1.1,1
03.08.2021 00:50:27.345,1.2495,1.24935,1.1,1.1
03.08.2021 00:50:31.351,1.24949,1.24937,1,1.1
03.08.2021 00:50:36.515,1.24948,1.24937,1,1
03.08.2021 00:50:36.733,1.2495,1.24936,1.1,1
03.08.2021 00:50:37.154,1.24949,1.24936,1,1
03.08.2021 00:50:37.255,1.24949,1.24937,1.1,1
03.08.2021 00:50:57.038,1.24947,1.2493200000000002,3.85,2
03.08.2021 00:50:57.140,1.2494200000000002,1.2493,1,2.02
03.08.2021 00:50:57.765,1.2494200000000002,1.2493100000000001,1,1
03.08.2021 00:50:58.013,1.2494200000000002,1.2493,1.1,1
03.08.2021 00:50:58.114,1.24943,1.24929,1.22,1
03.08.2021 00:51:00.633,1.24943,1.24929,1.2,1
03.08.2021 00:51:00.785,1.2494100000000001,1.2493,1,1
03.08.2021 00:51:05.509,1.24943,1.24929,1.2,1
03.08.2021 00:51:07.143,1.2494200000000002,1.24929,1.1,1
03.08.2021 00:51:13.606,1.24943,1.24929,1.2,1
03.08.2021 00:51:14.409,1.24944,1.2493,2.85,1
03.08.2021 00:51:14.565,1.24945,1.2493,2.1,1
03.08.2021 00:51:22.643,1.24945,1.2493100000000001,1.6,1
03.08.2021 00:51:23.756,1.24948,1.24937,2.1,1
03.08.2021 00:51:23.907,1.2495,1.24936,3.04,1
03.08.2021 00:51:24.035,1.2495100000000001,1.24937,4.54,1
03.08.2021 00:51:24.797,1.2495100000000001,1.24937,3.04,1
03.08.2021 00:51:29.171,1.2495100000000001,1.24936,3.04,1
03.08.2021 00:51:38.477,1.2495,1.24935,3.04,1
03.08.2021 00:51:38.578,1.24947,1.24935,1.1,1
03.08.2021 00:51:39.107,1.24948,1.24933,1.1,1.1
03.08.2021 00:51:49.012,1.24948,1.2493400000000001,1.1,1
03.08.2021 00:51:59.089,1.24949,1.2493400000000001,1.22,1.1
03.08.2021 00:51:59.393,1.24949,1.2493400000000001,1.22,1
03.08.2021 00:51:59.740,1.2495100000000001,1.24936,2.47,1
03.08.2021 00:51:59.841,1.2495100000000001,1.24936,2.1,1
03.08.2021 00:52:00.094,1.2495100000000001,1.24937,1.6,1
03.08.2021 00:52:00.246,1.2495100000000001,1.24938,1.6,1
03.08.2021 00:52:03.587,1.2495100000000001,1.24939,1.6,1
03.08.2021 00:52:03.790,1.24953,1.24938,1.6,1
03.08.2021 00:52:11.290,1.2495200000000002,1.24939,1.12,1.2
03.08.2021 00:52:12.014,1.2495200000000002,1.24938,2.32,1
03.08.2021 00:52:12.166,1.2495200000000002,1.24938,2.07,1
03.08.2021 00:52:40.575,1.2495100000000001,1.24938,2.1,1
03.08.2021 00:52:40.677,1.2495100000000001,1.24936,2.72,1
03.08.2021 00:52:40.728,1.24949,1.24935,1.6,1
03.08.2021 00:52:40.829,1.24949,1.24933,2.1,1.5
03.08.2021 00:52:40.981,1.24948,1.2493200000000002,1.97,1.5
03.08.2021 00:52:56.155,1.24948,1.24933,1.97,1
03.08.2021 00:52:56.286,1.24948,1.24933,1.97,1
03.08.2021 00:53:03.583,1.2495100000000001,1.24935,2.85,1
03.08.2021 00:53:03.684,1.2495,1.24937,1.22,1
03.08.2021 00:53:03.785,1.2495100000000001,1.24937,1.6,1
03.08.2021 00:53:07.122,1.2495100000000001,1.24939,2.85,1
03.08.2021 00:53:07.224,1.2495100000000001,1.24938,2.1,1
03.08.2021 00:53:10.050,1.2495100000000001,1.24939,1.6,1
03.08.2021 00:53:13.427,1.2495200000000002,1.24939,1.22,1
03.08.2021 00:53:13.935,1.24953,1.24938,1.2,1.57
03.08.2021 00:53:20.512,1.2495200000000002,1.2494100000000001,1.1,1.12
03.08.2021 00:53:20.613,1.24956,1.24943,1.6,1
03.08.2021 00:53:20.715,1.24957,1.24943,1.1,1
03.08.2021 00:53:20.816,1.24958,1.24944,1.6,1
03.08.2021 00:53:21.084,1.24958,1.24944,1.57,1
03.08.2021 00:53:21.936,1.24957,1.2494200000000002,2.32,1
03.08.2021 00:53:22.038,1.24956,1.2494,1.1,1.5
03.08.2021 00:53:22.139,1.24956,1.2494200000000002,1.1,1
03.08.2021 00:53:24.091,1.24956,1.2494200000000002,1.1,1
03.08.2021 00:53:28.282,1.24953,1.24938,1.6,1.12
03.08.2021 00:53:28.383,1.2495200000000002,1.24937,1.6,1.62
03.08.2021 00:53:28.484,1.2495,1.24938,1.1,1
03.08.2021 00:53:28.750,1.2495,1.24938,1.1,1
03.08.2021 00:53:30.587,1.2495100000000001,1.24937,1.1,1
03.08.2021 00:53:33.351,1.2495100000000001,1.24938,1.1,1
03.08.2021 00:53:33.883,1.2495100000000001,1.24938,1.1,1
03.08.2021 00:53:34.034,1.2495200000000002,1.24937,1.1,1
03.08.2021 00:53:34.085,1.2495100000000001,1.24936,1.1,1
03.08.2021 00:53:34.287,1.2495100000000001,1.24936,1.1,1.5
03.08.2021 00:53:43.679,1.2495100000000001,1.24938,1.6,1
03.08.2021 00:53:43.881,1.2495200000000002,1.24938,1.6,1
03.08.2021 00:53:43.982,1.2495200000000002,1.24938,1.1,1
03.08.2021 00:53:44.282,1.2495200000000002,1.24938,1.6,1
03.08.2021 00:53:44.383,1.2495200000000002,1.24937,1.1,1
03.08.2021 00:53:46.691,1.2495200000000002,1.24937,1.1,1
03.08.2021 00:53:49.533,1.2495200000000002,1.2494,1.1,1
03.08.2021 00:53:51.977,1.2495200000000002,1.2494,1.1,1
03.08.2021 00:53:58.479,1.2495,1.24939,1.1,1
03.08.2021 00:53:59.046,1.2495200000000002,1.24939,1.1,1
03.08.2021 00:54:00.966,1.24953,1.24938,1.1,1.1
03.08.2021 00:54:01.144,1.24953,1.24938,1.1,1
03.08.2021 00:54:02.868,1.2495200000000002,1.2494200000000002,1,1
03.08.2021 00:54:02.919,1.24958,1.24943,3.6,1
03.08.2021 00:54:02.970,1.24958,1.24945,1.6,1
03.08.2021 00:54:03.071,1.24958,1.24945,1,1.62
03.08.2021 00:54:05.179,1.24958,1.24945,1.1,1.12
03.08.2021 00:54:05.924,1.24958,1.24943,3.1,1
03.08.2021 00:54:05.974,1.24954,1.24944,1,1
03.08.2021 00:54:06.126,1.2495500000000002,1.2494200000000002,1.1,1
03.08.2021 00:54:08.714,1.24953,1.24938,1.1,1.1
03.08.2021 00:54:08.833,1.24953,1.24939,1.1,1
03.08.2021 00:54:09.136,1.24954,1.24939,3.1,1
03.08.2021 00:54:11.859,1.2495200000000002,1.24937,1.1,1.57
03.08.2021 00:54:11.961,1.2495200000000002,1.24939,1.1,1.5
03.08.2021 00:54:13.519,1.2495200000000002,1.24937,1.1,1.1
03.08.2021 00:54:13.620,1.2495100000000001,1.24937,1.1,1
03.08.2021 00:54:16.606,1.24953,1.24939,1.1,1
03.08.2021 00:54:16.707,1.24953,1.2494,1.1,1
03.08.2021 00:54:17.027,1.24954,1.2494,1.1,1.1
03.08.2021 00:54:30.067,1.24958,1.2494200000000002,2.35,1
03.08.2021 00:54:30.168,1.24957,1.24945,1.6,1.62
03.08.2021 00:54:30.269,1.24958,1.24944,1.57,1.62
03.08.2021 00:54:30.751,1.24958,1.24944,1.6,1
03.08.2021 00:54:35.685,1.24958,1.24944,1.57,1
03.08.2021 00:54:35.787,1.24958,1.24945,1.1,1.12
03.08.2021 00:54:38.317,1.24958,1.24945,1.6,1.12
03.08.2021 00:54:39.561,1.24956,1.24945,1.1,1
03.08.2021 00:54:39.662,1.24956,1.24945,1.6,1
03.08.2021 00:54:39.924,1.24956,1.24943,1.6,1
03.08.2021 00:54:41.492,1.24957,1.2494200000000002,1.6,1.5
03.08.2021 00:54:41.898,1.24957,1.2494200000000002,1.6,1.5
03.08.2021 00:54:47.218,1.24948,1.24943,1,1
03.08.2021 00:54:47.269,1.24943,1.24935,1,1.62
03.08.2021 00:54:47.370,1.24943,1.2493,1.6,2.37
03.08.2021 00:54:47.421,1.24944,1.24929,1.6,1.87
03.08.2021 00:54:48.136,1.24945,1.2493100000000001,1.1,1.62
03.08.2021 00:54:48.667,1.24945,1.2493100000000001,1.1,1
03.08.2021 00:54:49.414,1.24938,1.2493100000000001,1,1
03.08.2021 00:54:49.465,1.24939,1.24925,1.1,1.3
03.08.2021 00:54:49.617,1.24938,1.24923,1.1,1.7
03.08.2021 00:54:50.085,1.24939,1.24925,1.1,1
03.08.2021 00:54:50.236,1.24938,1.2492400000000001,1.1,1
03.08.2021 00:54:51.469,1.24933,1.24925,1,1
03.08.2021 00:54:51.520,1.24937,1.2492400000000001,1.79,1
03.08.2021 00:54:51.571,1.24935,1.2492,1.1,1
03.08.2021 00:54:51.672,1.24935,1.2492100000000002,1.1,1
03.08.2021 00:54:52.584,1.2493200000000002,1.2492,1.1,1
03.08.2021 00:54:52.685,1.2493400000000001,1.2492100000000002,1.1,1
03.08.2021 00:54:52.786,1.24935,1.2492100000000002,1.1,1
03.08.2021 00:54:53.439,1.24933,1.2492100000000002,1,1
03.08.2021 00:54:53.541,1.24929,1.24915,1.1,3.12
03.08.2021 00:54:53.643,1.2493,1.24916,1.1,1
03.08.2021 00:54:53.744,1.24929,1.24915,1.1,1
03.08.2021 00:54:54.021,1.24926,1.24915,1,1
03.08.2021 00:54:54.073,1.24925,1.2491200000000002,1,1
03.08.2021 00:54:54.175,1.24926,1.24915,1.1,1
03.08.2021 00:54:54.276,1.24928,1.24914,1.1,1
03.08.2021 00:54:54.480,1.24927,1.24914,1.1,1.1
03.08.2021 00:54:54.581,1.24927,1.24915,1.1,1
03.08.2021 00:54:55.060,1.24927,1.24913,1,1.1
03.08.2021 00:54:55.163,1.24928,1.24915,1.1,1
03.08.2021 00:54:56.513,1.24927,1.24914,1,1
03.08.2021 00:54:56.772,1.24926,1.24914,1,1.1
03.08.2021 00:54:58.208,1.24926,1.2491100000000002,1.1,1.7
03.08.2021 00:55:00.333,1.2493,1.2491700000000001,1.25,1
03.08.2021 00:55:00.435,1.24929,1.2492200000000002,1,1.5
03.08.2021 00:55:00.536,1.2493100000000001,1.24923,1,1
03.08.2021 00:55:00.587,1.24933,1.24923,1.25,1
03.08.2021 00:55:00.688,1.24933,1.2492200000000002,1,1
03.08.2021 00:55:00.739,1.2493400000000001,1.24923,1.57,1
03.08.2021 00:55:03.027,1.24935,1.24923,1,1
03.08.2021 00:55:03.261,1.2494,1.24929,1.5,1
03.08.2021 00:55:03.312,1.2494200000000002,1.24929,1.67,1
03.08.2021 00:55:03.414,1.2494200000000002,1.24929,1.27,1
03.08.2021 00:55:05.430,1.24944,1.24929,1.1,1.5
03.08.2021 00:55:05.532,1.2494200000000002,1.2493100000000001,1.1,1
03.08.2021 00:55:06.072,1.24944,1.2493,1.6,1
03.08.2021 00:55:09.603,1.24944,1.24933,1.6,1
03.08.2021 00:55:09.653,1.24947,1.24936,1.6,1
03.08.2021 00:55:09.754,1.24948,1.24937,1.2,1
03.08.2021 00:55:09.805,1.2495100000000001,1.24938,1.6,1
03.08.2021 00:55:09.856,1.2495100000000001,1.24938,1.1,1
03.08.2021 00:55:11.389,1.2495100000000001,1.24939,1.6,1
03.08.2021 00:55:13.748,1.2495200000000002,1.2494,1.6,1
03.08.2021 00:55:13.799,1.2495500000000002,1.2494100000000001,1.95,1
03.08.2021 00:55:13.850,1.24956,1.24943,2.15,1
03.08.2021 00:55:13.952,1.24957,1.24945,1.6,1
03.08.2021 00:55:14.002,1.24958,1.24944,1.22,1
03.08.2021 00:55:14.104,1.24958,1.24946,1.6,1
03.08.2021 00:55:26.836,1.24958,1.24947,1.22,1
03.08.2021 00:55:26.938,1.24959,1.24946,1.2,1
03.08.2021 00:55:27.836,1.24959,1.24947,1.2,1
03.08.2021 00:55:29.869,1.24958,1.24946,1.2,1.12
03.08.2021 00:55:30.129,1.24958,1.24946,1.22,1.12
03.08.2021 00:55:39.196,1.24958,1.24946,1.2,1
03.08.2021 00:55:39.297,1.2496,1.24946,1.6,1
03.08.2021 00:55:41.430,1.2496200000000002,1.24948,1.74,1
03.08.2021 00:55:41.532,1.2496200000000002,1.24948,1.6,1
03.08.2021 00:55:41.687,1.24959,1.24948,1.1,1
03.08.2021 00:55:41.789,1.2496,1.24946,1.1,3.37
03.08.2021 00:55:42.093,1.24959,1.24945,1.1,1.12
03.08.2021 00:55:42.743,1.24959,1.24947,1.1,1
03.08.2021 00:55:42.997,1.24959,1.24945,1.1,1.12
03.08.2021 00:55:43.098,1.24959,1.24947,1.1,1
03.08.2021 00:55:45.203,1.2496200000000002,1.24948,1.6,1
03.08.2021 00:55:45.304,1.24963,1.2495100000000001,1.6,1
03.08.2021 00:55:45.405,1.24963,1.2495,1.6,1.5
03.08.2021 00:55:45.506,1.24963,1.24949,1.1,1
03.08.2021 00:55:51.334,1.24961,1.24949,1.1,1
03.08.2021 00:55:54.958,1.2496200000000002,1.2495,1.95,1
03.08.2021 00:55:55.110,1.24963,1.24949,1.97,1.5
03.08.2021 00:56:00.182,1.2496200000000002,1.24949,2.85,1.5
03.08.2021 00:56:01.261,1.24963,1.24949,2.85,1
03.08.2021 00:56:05.542,1.24963,1.24948,2.85,1
03.08.2021 00:56:19.205,1.2496500000000001,1.24949,1.22,1.57
03.08.2021 00:56:19.306,1.24964,1.2495100000000001,1.22,1
03.08.2021 00:56:19.407,1.2496500000000001,1.24949,1.6,1.5
03.08.2021 00:56:21.182,1.24963,1.24949,1.22,1.1
03.08.2021 00:56:21.834,1.2496,1.24946,1,1.22
03.08.2021 00:56:21.885,1.2496,1.24945,1.6,1
03.08.2021 00:56:21.986,1.24959,1.24946,1.6,1
03.08.2021 00:56:29.207,1.24961,1.24945,3.6,1.5
03.08.2021 00:56:29.662,1.2496,1.24945,2.1,1
03.08.2021 00:56:33.583,1.2496,1.24945,2.1,1.87
03.08.2021 00:56:33.735,1.2496,1.24945,1.6,1.87
03.08.2021 00:56:42.497,1.2495500000000002,1.24944,1.6,1
03.08.2021 00:56:42.548,1.2495500000000002,1.2494100000000001,2.82,1
03.08.2021 00:56:42.599,1.2495100000000001,1.2494,1.57,1
03.08.2021 00:56:42.650,1.2495200000000002,1.24937,1.6,1.12
03.08.2021 00:56:42.751,1.2495200000000002,1.24937,2.85,1
03.08.2021 00:56:43.358,1.2495200000000002,1.24937,2.1,1.5
03.08.2021 00:56:48.996,1.24956,1.2494100000000001,3.97,1
03.08.2021 00:56:49.047,1.24956,1.2494100000000001,3.22,1
03.08.2021 00:56:49.098,1.24956,1.24944,1.6,1.5
03.08.2021 00:56:49.199,1.24959,1.24946,2.29,1
03.08.2021 00:56:49.250,1.2496,1.24945,2.29,1
03.08.2021 00:56:49.351,1.24963,1.24948,3.79,1
03.08.2021 00:56:49.402,1.24961,1.24947,2.85,1
03.08.2021 00:56:49.503,1.2496,1.24946,1.22,1.87
03.08.2021 00:56:49.958,1.24961,1.24946,1.22,1
03.08.2021 00:56:50.059,1.2496,1.24947,1.22,1
03.08.2021 00:56:50.957,1.24963,1.24949,1.22,1.5
03.08.2021 00:56:51.058,1.24963,1.24949,1.22,1.5
03.08.2021 00:56:53.091,1.2496500000000001,1.24949,1.6,1.2
03.08.2021 00:56:53.244,1.2496500000000001,1.2495,1.6,1
03.08.2021 00:56:55.132,1.24964,1.2495100000000001,1.22,1.1
03.08.2021 00:56:55.521,1.24964,1.2495100000000001,1.22,1
03.08.2021 00:57:14.577,1.24967,1.2495100000000001,1.6,1.5
03.08.2021 00:57:15.707,1.24966,1.2495200000000002,1.6,1.57
03.08.2021 00:57:17.280,1.2496500000000001,1.2495200000000002,1.2,1.57
03.08.2021 00:57:17.432,1.24966,1.2495200000000002,1.2,1
03.08.2021 00:57:21.030,1.2496500000000001,1.2495100000000001,1.22,1.5
03.08.2021 00:57:26.304,1.24967,1.24953,1.22,1
03.08.2021 00:57:26.456,1.24968,1.24953,1.6,1.5
03.08.2021 00:57:27.391,1.24968,1.24954,1.6,1
03.08.2021 00:57:31.268,1.24968,1.24954,1.2,1
03.08.2021 00:57:53.074,1.24968,1.24954,1.22,1
03.08.2021 00:57:53.704,1.24966,1.24954,1.22,1
03.08.2021 00:57:54.497,1.2496200000000002,1.2495200000000002,2.35,1
03.08.2021 00:57:54.547,1.2496,1.24947,1.1,2
03.08.2021 00:57:54.649,1.2496,1.24946,1.1,1.5
03.08.2021 00:57:54.750,1.2496,1.24946,1.1,1
03.08.2021 00:58:01.510,1.2496200000000002,1.24947,1.6,1
03.08.2021 00:58:01.612,1.24964,1.24948,1.82,1.5
03.08.2021 00:58:01.713,1.24963,1.24949,1.22,1.57
03.08.2021 00:58:03.125,1.24961,1.24947,1.1,1
03.08.2021 00:58:03.377,1.24963,1.24948,1.6,1
03.08.2021 00:58:03.479,1.2496200000000002,1.24949,1.22,1.5
03.08.2021 00:58:05.929,1.24963,1.24948,1.2,1.57
03.08.2021 00:58:16.736,1.24966,1.24953,1.6,1
03.08.2021 00:58:21.315,1.24967,1.2495200000000002,1.2,1.1
03.08.2021 00:58:23.417,1.24966,1.24953,1.22,1
03.08.2021 00:58:24.854,1.24961,1.2495,2.56,1
03.08.2021 00:58:24.905,1.2496,1.24946,1.1,1.62
03.08.2021 00:58:25.410,1.24956,1.24943,1.1,1.62
03.08.2021 00:58:25.663,1.24957,1.24945,1.6,1
03.08.2021 00:58:25.814,1.24959,1.24944,1.22,1.5
03.08.2021 00:58:31.352,1.24959,1.24945,1.6,1.57
03.08.2021 00:58:34.727,1.2496,1.24946,1.6,1
03.08.2021 00:58:38.263,1.24959,1.24947,1.22,1
03.08.2021 00:58:40.463,1.2496,1.24946,1.22,1
03.08.2021 00:58:45.814,1.2496,1.24946,1.6,1
03.08.2021 00:58:48.776,1.2496,1.24946,1.6,1
03.08.2021 00:59:03.313,1.2496,1.24946,1.22,1
03.08.2021 00:59:14.772,1.24958,1.24947,1.2,1
03.08.2021 00:59:39.732,1.24959,1.24945,1.1,1
03.08.2021 00:59:55.047,1.24959,1.24945,1.22,1
03.08.2021 01:00:00.264,1.24959,1.24944,1.22,1
03.08.2021 01:00:01.240,1.24954,1.2494,3.1,1.5
03.08.2021 01:00:01.341,1.2495,1.24938,1,2.07
03.08.2021 01:00:01.442,1.2495,1.24938,1.1,1.12
03.08.2021 01:00:01.770,1.2495,1.24938,1.1,1.2
03.08.2021 01:00:04.609,1.2495,1.24937,1,1.1
03.08.2021 01:00:05.324,1.2495100000000001,1.24937,1.1,1.1
03.08.2021 01:00:06.113,1.2495200000000002,1.24937,1.2,1.1
03.08.2021 01:00:06.216,1.2495,1.24938,1,1.1
03.08.2021 01:00:06.317,1.2495,1.24938,1.1,1.1
03.08.2021 01:00:06.418,1.2495,1.24937,1.1,1
03.08.2021 01:00:06.519,1.2495,1.24936,1.1,1.1
03.08.2021 01:00:06.620,1.24949,1.24935,1,1.22
03.08.2021 01:00:06.721,1.24949,1.24937,1.1,1.1
03.08.2021 01:00:09.232,1.24945,1.24933,1.5,1.6
03.08.2021 01:00:09.384,1.24945,1.24933,1.57,1
03.08.2021 01:00:11.713,1.24948,1.2493400000000001,1.57,1.12
03.08.2021 01:00:11.814,1.2495100000000001,1.24936,1.65,1.1
03.08.2021 01:00:12.370,1.2495100000000001,1.24936,1.12,1.1
03.08.2021 01:00:12.724,1.2495100000000001,1.24936,1.2,1.1
03.08.2021 01:00:13.027,1.2495,1.24937,1.12,1.1
03.08.2021 01:00:18.014,1.2495100000000001,1.24936,1.1,1.2
03.08.2021 01:00:20.388,1.2495,1.24937,1,2.35
03.08.2021 01:00:22.078,1.2495200000000002,1.24937,1.1,1.2
03.08.2021 01:00:23.753,1.2495200000000002,1.24938,1.2,1
03.08.2021 01:00:24.297,1.2495100000000001,1.2494,1.2,1
03.08.2021 01:00:28.416,1.2495500000000002,1.2494200000000002,1.6,1
03.08.2021 01:00:28.567,1.24954,1.24943,1,1
03.08.2021 01:00:28.668,1.2495500000000002,1.24944,1.2,1
03.08.2021 01:00:29.608,1.2495500000000002,1.24943,1,1
03.08.2021 01:00:32.402,1.2495500000000002,1.24945,1,1
03.08.2021 01:00:32.453,1.24954,1.24944,1,1
03.08.2021 01:00:32.555,1.24954,1.24943,1.1,1
03.08.2021 01:00:35.757,1.2495100000000001,1.2494100000000001,1,1
03.08.2021 01:00:35.959,1.2495100000000001,1.2494,1,1
03.08.2021 01:00:37.087,1.2495200000000002,1.2494,1,1
03.08.2021 01:00:38.181,1.2495100000000001,1.2494,1,1
03.08.2021 01:00:38.533,1.2495,1.2494,1,1
03.08.2021 01:00:42.043,1.24949,1.24939,1,1
03.08.2021 01:00:42.144,1.24943,1.24933,1,1
03.08.2021 01:00:42.245,1.2494200000000002,1.24933,1,1
03.08.2021 01:00:42.677,1.24943,1.2493100000000001,1,1
03.08.2021 01:00:47.181,1.24943,1.2493200000000002,1.2,1
03.08.2021 01:00:50.665,1.24947,1.24936,1.6,1
03.08.2021 01:00:50.766,1.24948,1.24936,1,1
03.08.2021 01:00:50.867,1.24949,1.24936,1,1
03.08.2021 01:00:51.079,1.24949,1.24937,1,1
03.08.2021 01:00:53.753,1.2495,1.24937,1,1
03.08.2021 01:00:54.985,1.24949,1.24935,1,1.1
03.08.2021 01:00:55.087,1.24948,1.24935,1,1
03.08.2021 01:01:02.032,1.2495,1.24937,1.6,1
03.08.2021 01:01:02.133,1.24949,1.24938,1.1,1
03.08.2021 01:01:03.154,1.2495,1.24936,1.1,1
03.08.2021 01:01:03.356,1.24949,1.24936,1,1
03.08.2021 01:01:03.508,1.24949,1.24935,1.1,1
03.08.2021 01:01:03.611,1.24945,1.2493200000000002,1,1.12
03.08.2021 01:01:03.712,1.24944,1.2493100000000001,1,1.12
03.08.2021 01:01:04.537,1.24945,1.2493100000000001,1.1,1.12
03.08.2021 01:01:04.879,1.24946,1.24933,1.2,1.5
03.08.2021 01:01:05.081,1.24947,1.2493400000000001,1,1
03.08.2021 01:01:10.730,1.24948,1.2493400000000001,1.2,1
03.08.2021 01:01:13.313,1.24947,1.2493400000000001,2.32,1.57
03.08.2021 01:01:13.415,1.24947,1.24936,1.5,1
03.08.2021 01:01:13.517,1.24947,1.24937,1.1,1
03.08.2021 01:01:13.825,1.24947,1.24936,1.1,1
03.08.2021 01:01:21.525,1.2495,1.24937,1.1,1
03.08.2021 01:01:21.626,1.2495,1.24937,1.1,1
03.08.2021 01:01:22.010,1.2495,1.24935,1.1,1.95
03.08.2021 01:01:22.061,1.2495,1.24937,1.1,1
03.08.2021 01:01:22.772,1.2495100000000001,1.24937,1.2,1
03.08.2021 01:01:25.066,1.2495,1.2494,1,1
03.08.2021 01:01:25.167,1.24953,1.2494,1.6,1
03.08.2021 01:01:29.500,1.24954,1.2494100000000001,1.6,1
03.08.2021 01:01:30.109,1.24954,1.2494,1.6,1.12
03.08.2021 01:01:32.790,1.24954,1.2494,1.6,1.12
03.08.2021 01:01:34.796,1.24953,1.24938,1.2,2.07
03.08.2021 01:01:34.897,1.2495100000000001,1.24939,1.1,1.5
03.08.2021 01:01:34.998,1.2495200000000002,1.24938,1.1,1.12
03.08.2021 01:01:40.512,1.2495200000000002,1.24939,1,1.5
03.08.2021 01:01:40.613,1.24954,1.2494,1.6,1
03.08.2021 01:01:45.311,1.24953,1.24943,1.5,1
03.08.2021 01:01:45.620,1.24957,1.24944,1,1.12
03.08.2021 01:01:45.721,1.24959,1.24946,1.2,1
03.08.2021 01:01:48.901,1.24959,1.24947,1.2,1
03.08.2021 01:01:51.032,1.2496200000000002,1.24948,1.5,2.1
03.08.2021 01:01:51.135,1.24964,1.24953,1,1
03.08.2021 01:01:52.956,1.2496500000000001,1.24953,1.1,1
03.08.2021 01:01:53.108,1.24963,1.2495100000000001,1.35,1.12
03.08.2021 01:01:53.567,1.24961,1.24948,1.1,1
03.08.2021 01:01:53.618,1.24961,1.24946,1.1,2.25
03.08.2021 01:01:54.058,1.24961,1.24947,1.2,1
03.08.2021 01:01:54.447,1.24961,1.24947,1.22,1.12
03.08.2021 01:01:54.850,1.24961,1.24946,1.22,1.87
03.08.2021 01:01:55.297,1.24961,1.24946,1.22,2
03.08.2021 01:01:55.969,1.24961,1.24946,1.22,1.87
03.08.2021 01:01:56.196,1.24961,1.24946,1.22,2
03.08.2021 01:01:56.298,1.24958,1.24946,1,1
03.08.2021 01:01:57.747,1.24957,1.24946,1.1,1
03.08.2021 01:01:57.848,1.24958,1.24944,1.1,1.12
03.08.2021 01:01:57.950,1.24957,1.24945,1.1,1
03.08.2021 01:01:59.189,1.24957,1.24946,1.1,1
03.08.2021 01:02:03.105,1.24958,1.24946,1.2,1
03.08.2021 01:02:03.612,1.24958,1.24947,1.1,1
03.08.2021 01:02:04.294,1.24959,1.24948,1.2,1
03.08.2021 01:02:04.395,1.2496,1.24945,1.2,2.32
03.08.2021 01:02:04.496,1.24959,1.24945,1,1.57
03.08.2021 01:02:06.793,1.24959,1.24944,1.1,2.32
03.08.2021 01:02:06.894,1.24958,1.24944,1,2.32
03.08.2021 01:02:06.995,1.24958,1.24944,1,2.07
03.08.2021 01:02:07.850,1.24958,1.24944,1.57,1
03.08.2021 01:02:08.257,1.24956,1.24944,1,1.2
03.08.2021 01:02:08.413,1.24957,1.24944,1,1
03.08.2021 01:02:08.614,1.24957,1.24945,1,1
03.08.2021 01:02:08.735,1.24957,1.24946,1.5,1
03.08.2021 01:02:09.633,1.24958,1.24946,1.5,1
03.08.2021 01:02:09.995,1.24957,1.24946,1,1
03.08.2021 01:02:12.535,1.24957,1.24945,1.87,1.1
03.08.2021 01:02:12.637,1.24956,1.2494200000000002,1.2,1.12
03.08.2021 01:02:12.840,1.2495500000000002,1.2494200000000002,2.1,1
03.08.2021 01:02:13.075,1.24954,1.2494100000000001,1.95,1.2
03.08.2021 01:02:13.177,1.2495500000000002,1.2494,1.95,1.6
03.08.2021 01:02:14.343,1.2495200000000002,1.24938,1.57,1
03.08.2021 01:02:14.444,1.2495100000000001,1.24938,1,1
03.08.2021 01:02:14.545,1.2495100000000001,1.24937,1.5,1.2
03.08.2021 01:02:15.102,1.2495500000000002,1.2494100000000001,2,1.1
03.08.2021 01:02:15.254,1.24954,1.2494200000000002,1.5,1.1
03.08.2021 01:02:15.355,1.2495500000000002,1.2494100000000001,1.5,1.6
03.08.2021 01:02:15.507,1.24954,1.2494200000000002,1.5,1.2
03.08.2021 01:02:18.310,1.24954,1.24943,1.5,1
03.08.2021 01:02:19.825,1.2495500000000002,1.2494200000000002,1.12,1
03.08.2021 01:02:28.256,1.24956,1.24943,2.1,1
03.08.2021 01:02:30.107,1.24957,1.24945,2.1,1
03.08.2021 01:02:31.276,1.24953,1.2494,1.57,1
03.08.2021 01:02:31.378,1.2495100000000001,1.2494,1,1
03.08.2021 01:02:31.479,1.2495,1.24938,1.12,1.6
03.08.2021 01:02:36.579,1.24953,1.24939,1.2,1
03.08.2021 01:02:36.731,1.24954,1.2494,2.07,1
03.08.2021 01:02:36.933,1.24954,1.2494200000000002,2.82,1
03.08.2021 01:02:41.081,1.24958,1.24944,2.07,1
03.08.2021 01:02:41.283,1.24958,1.24944,2.07,1
03.08.2021 01:02:41.486,1.24957,1.24945,2,1.1
03.08.2021 01:02:41.588,1.24959,1.24945,1.5,1.1
03.08.2021 01:02:42.143,1.24958,1.24944,1.6,1
03.08.2021 01:02:43.741,1.24958,1.24949,1.57,1
03.08.2021 01:02:43.792,1.2497,1.24959,6.1,1
03.08.2021 01:02:43.844,1.24968,1.24958,1.25,1
03.08.2021 01:02:43.895,1.24968,1.24958,1,1.5
03.08.2021 01:02:43.996,1.24968,1.24959,1,1
03.08.2021 01:02:44.302,1.24968,1.24956,1.1,1
03.08.2021 01:02:44.353,1.24968,1.24954,1.6,1.87
03.08.2021 01:02:44.454,1.24966,1.24953,1.1,1.5
03.08.2021 01:02:44.506,1.24966,1.2495200000000002,1.1,1.1
03.08.2021 01:03:03.625,1.2496200000000002,1.2495,1,1.25
03.08.2021 01:03:03.676,1.2496500000000001,1.2495200000000002,1,1.1
03.08.2021 01:03:03.777,1.24966,1.24953,1.2,1
03.08.2021 01:03:06.478,1.24966,1.2495200000000002,1.1,1.1
03.08.2021 01:03:06.874,1.24966,1.24953,1.1,1
03.08.2021 01:03:11.784,1.24966,1.2495200000000002,1.57,1.1
03.08.2021 01:03:23.315,1.24966,1.2495100000000001,2.35,1
03.08.2021 01:03:23.417,1.24966,1.2495100000000001,1.57,1.1
03.08.2021 01:03:26.394,1.24966,1.2495200000000002,1.57,1
03.08.2021 01:03:26.495,1.24966,1.2495100000000001,1.57,1.1
03.08.2021 01:03:27.480,1.24966,1.2495200000000002,1.57,1
03.08.2021 01:03:28.754,1.2496500000000001,1.2495200000000002,1.57,1.1
03.08.2021 01:03:31.903,1.2496500000000001,1.24953,1.57,1
03.08.2021 01:03:45.306,1.2496500000000001,1.24958,1,1
03.08.2021 01:03:45.358,1.24967,1.24959,1.12,1
03.08.2021 01:03:45.459,1.24967,1.2496,1.12,1
03.08.2021 01:03:45.663,1.24971,1.2496,1.1,1
03.08.2021 01:03:45.814,1.24974,1.2496,1.97,1
03.08.2021 01:03:46.016,1.2497200000000002,1.2496,1,1
03.08.2021 01:03:50.726,1.24971,1.2496200000000002,1.25,1
03.08.2021 01:03:54.966,1.2497200000000002,1.2496,1.25,1
03.08.2021 01:04:01.480,1.2497200000000002,1.24961,1,1
03.08.2021 01:04:01.582,1.24974,1.2496200000000002,1.1,1.12
03.08.2021 01:04:02.079,1.2497600000000002,1.24961,1.95,1.2
03.08.2021 01:04:02.130,1.24979,1.24969,1.5,1
03.08.2021 01:04:02.231,1.2498200000000002,1.24968,1.6,1.12
03.08.2021 01:04:02.332,1.2498200000000002,1.24968,1.2,1
03.08.2021 01:04:09.847,1.24983,1.24968,1.95,1.1
03.08.2021 01:04:11.462,1.2498200000000002,1.2497,1.95,1
03.08.2021 01:04:15.015,1.2498200000000002,1.24968,1.1,1
03.08.2021 01:04:23.390,1.24981,1.24969,1.6,1
03.08.2021 01:04:26.244,1.2498200000000002,1.24968,1.1,1
03.08.2021 01:04:26.396,1.2498200000000002,1.24969,1,1
03.08.2021 01:04:30.643,1.2498200000000002,1.2497,1,1
03.08.2021 01:04:54.434,1.2498200000000002,1.24969,1.1,1
03.08.2021 01:04:54.535,1.2498200000000002,1.24968,1.1,1
03.08.2021 01:04:59.680,1.2498200000000002,1.24968,1.1,1
03.08.2021 01:04:59.967,1.24981,1.24969,1.1,1
03.08.2021 01:05:02.051,1.24981,1.2497,1,1
03.08.2021 01:05:09.638,1.2498500000000001,1.2497200000000002,1.12,1
03.08.2021 01:05:09.739,1.2498500000000001,1.24973,1.12,1
03.08.2021 01:05:09.790,1.24984,1.24971,1,1.12
03.08.2021 01:05:09.841,1.24984,1.24969,1.57,1.2
03.08.2021 01:05:12.526,1.24989,1.2497500000000001,3.1,1
03.08.2021 01:05:12.627,1.2499,1.2497500000000001,3.17,1
03.08.2021 01:05:12.941,1.24989,1.24978,1.22,1
03.08.2021 01:05:13.046,1.24991,1.24978,1.6,1
03.08.2021 01:05:13.197,1.24991,1.24978,1.6,1
03.08.2021 01:05:13.446,1.24991,1.24978,1.6,1
03.08.2021 01:05:16.277,1.2498500000000001,1.2497200000000002,1.57,1
03.08.2021 01:05:16.429,1.2498500000000001,1.2497200000000002,1.6,1
03.08.2021 01:05:16.530,1.24984,1.24971,1.22,1
03.08.2021 01:05:16.834,1.24984,1.2497,1.97,1
03.08.2021 01:05:20.104,1.24984,1.24969,2.1,1
03.08.2021 01:05:23.537,1.24984,1.24969,2.1,1
03.08.2021 01:05:26.205,1.24983,1.2497,2.47,1
03.08.2021 01:05:28.715,1.24979,1.24968,1.1,1
03.08.2021 01:05:29.216,1.2498,1.24967,1.1,1
03.08.2021 01:05:29.470,1.2498200000000002,1.24968,1.22,1
03.08.2021 01:05:43.540,1.24983,1.24969,1.97,1
03.08.2021 01:05:47.460,1.24983,1.24969,1.97,1
03.08.2021 01:05:48.771,1.24984,1.2497,1.6,1
03.08.2021 01:05:48.923,1.24987,1.24973,2.82,1
03.08.2021 01:05:48.974,1.2498799999999999,1.24974,1.57,1
03.08.2021 01:05:50.659,1.2498799999999999,1.24974,1.6,1
03.08.2021 01:05:55.449,1.2499,1.2497600000000002,1.22,1
03.08.2021 01:05:55.651,1.24989,1.24977,1.1,1
03.08.2021 01:05:56.244,1.2499,1.2497600000000002,1.6,1
03.08.2021 01:05:57.806,1.24987,1.24974,1.1,1.12
03.08.2021 01:05:57.908,1.24987,1.24973,1.6,1
03.08.2021 01:05:58.009,1.24987,1.24974,1.1,1
03.08.2021 01:05:59.100,1.2498500000000001,1.2497500000000001,1.1,1
03.08.2021 01:05:59.151,1.24984,1.24971,1.1,1
03.08.2021 01:05:59.253,1.24984,1.2497,1.1,1
03.08.2021 01:06:00.561,1.24983,1.24971,1.1,1
03.08.2021 01:06:00.763,1.24984,1.2497200000000002,1.1,1
03.08.2021 01:06:01.198,1.2498600000000002,1.2497200000000002,1.1,1
03.08.2021 01:06:03.024,1.2498799999999999,1.2497500000000001,1.72,1
03.08.2021 01:06:03.126,1.2498799999999999,1.2497600000000002,1.1,1
03.08.2021 01:06:03.227,1.24989,1.2497600000000002,1.1,1
