Gmt time,Ask,Bid,AskVolume,BidVolume
20.08.2021 00:00:00.150,6.49976,6.49889,1,1.5
20.08.2021 00:00:01.007,6.49981,6.49891,1,1.5
20.08.2021 00:00:02.328,6.49976,6.49882,1,1.5
20.08.2021 00:00:02.429,6.49977,6.4991200000000005,1,1
20.08.2021 00:00:02.479,6.49966,6.49899,1,1
20.08.2021 00:00:02.534,6.49966,6.49899,1.5,1
20.08.2021 00:00:02.800,6.4995400000000005,6.4985,1,1.5
20.08.2021 00:00:02.851,6.499180000000001,6.498480000000001,1,1.5
20.08.2021 00:00:02.902,6.499180000000001,6.49859,1,1
20.08.2021 00:00:03.003,6.4991900000000005,6.4986500000000005,0.75,1
20.08.2021 00:00:03.058,6.49934,6.49866,1,1.5
20.08.2021 00:00:03.108,6.49937,6.49867,1,1
20.08.2021 00:00:03.209,6.49936,6.49872,1,1
20.08.2021 00:00:03.318,6.499490000000001,6.49881,1,1
20.08.2021 00:00:04.308,6.4995,6.49871,1,1.5
20.08.2021 00:00:05.741,6.4995,6.49877,1,1.5
20.08.2021 00:00:05.892,6.49976,6.498780000000001,1,1.5
20.08.2021 00:00:05.942,6.499750000000001,6.49908,1,1
20.08.2021 00:01:00.098,6.49991,6.49908,1.37,1
20.08.2021 00:01:00.249,6.4995,6.49885,1,1
20.08.2021 00:01:00.300,6.49937,6.49872,1,1
20.08.2021 00:01:00.401,6.49936,6.498730000000001,1,1.5
20.08.2021 00:01:00.503,6.499480000000001,6.49884,1,1
20.08.2021 00:01:00.554,6.49947,6.498830000000001,1,1.5
20.08.2021 00:01:00.720,6.499480000000001,6.49894,1,1
20.08.2021 00:01:00.770,6.4996100000000006,6.49894,1,1
20.08.2021 00:01:01.486,6.4996100000000006,6.4989,1,1.5
20.08.2021 00:01:01.710,6.4996,6.49897,1,1
20.08.2021 00:01:02.358,6.4996100000000006,6.49898,1,1
20.08.2021 00:01:03.012,6.4996100000000006,6.49891,1,1.5
20.08.2021 00:01:31.824,6.49951,6.4990000000000006,1,1
20.08.2021 00:01:36.468,6.499490000000001,6.49884,1,1
20.08.2021 00:01:36.568,6.499480000000001,6.49887,1,1
20.08.2021 00:01:36.835,6.499490000000001,6.498550000000001,1,1.5
20.08.2021 00:01:42.412,6.499490000000001,6.498880000000001,1,1
20.08.2021 00:01:42.462,6.4996,6.49887,1,1
20.08.2021 00:01:43.410,6.499580000000001,6.49887,1,1
20.08.2021 00:01:43.610,6.499440000000001,6.498880000000001,1,1
20.08.2021 00:01:43.711,6.499440000000001,6.49891,1,1
20.08.2021 00:01:43.873,6.49945,6.49894,1,1
20.08.2021 00:01:43.983,6.49945,6.49903,1,1
20.08.2021 00:01:44.033,6.499700000000001,6.499130000000001,1,1
20.08.2021 00:01:44.084,6.49969,6.49925,1,1
20.08.2021 00:01:44.185,6.49969,6.49932,1,1
20.08.2021 00:01:44.336,6.49969,6.49942,0.75,1
20.08.2021 00:01:44.544,6.49969,6.49941,0.75,1
20.08.2021 00:01:44.845,6.49969,6.49942,0.75,1
20.08.2021 00:01:47.786,6.50013,6.499350000000001,1,1
20.08.2021 00:01:47.837,6.50012,6.49952,1,1
20.08.2021 00:01:47.887,6.5004,6.49941,1.75,1
20.08.2021 00:01:47.988,6.5004,6.49941,1.75,1
20.08.2021 00:01:48.038,6.5004,6.49945,1.75,1
20.08.2021 00:01:48.375,6.5004,6.49945,1.5,1
20.08.2021 00:01:51.704,6.5004100000000005,6.499390000000001,1.5,1.5
20.08.2021 00:01:52.030,6.500190000000001,6.4994000000000005,1,1
20.08.2021 00:01:52.131,6.49997,6.49936,1,1
20.08.2021 00:01:52.182,6.5001500000000005,6.49924,1,1.12
20.08.2021 00:01:52.354,6.5001500000000005,6.49924,1,1.5
20.08.2021 00:01:53.135,6.50014,6.49924,1,1
20.08.2021 00:01:55.586,6.50013,6.499230000000001,1.1,1
20.08.2021 00:01:55.865,6.50022,6.49917,1,1.5
20.08.2021 00:01:56.143,6.50012,6.499230000000001,1.1,1.12
20.08.2021 00:01:56.956,6.500030000000001,6.49922,1.1,1.12
20.08.2021 00:01:57.200,6.500030000000001,6.4992,1.1,1.5
20.08.2021 00:01:57.740,6.500030000000001,6.499180000000001,1.1,1.5
20.08.2021 00:01:57.890,6.500030000000001,6.499180000000001,1.1,1.5
20.08.2021 00:01:58.155,6.50002,6.4991900000000005,1.1,1.12
20.08.2021 00:01:58.641,6.500030000000001,6.499210000000001,1.1,1
20.08.2021 00:01:59.029,6.500030000000001,6.49916,1.1,1
20.08.2021 00:01:59.317,6.49995,6.49917,1.1,1
20.08.2021 00:01:59.755,6.499890000000001,6.49917,1.1,1
20.08.2021 00:02:00.118,6.4999,6.4992600000000005,1.1,1
20.08.2021 00:02:00.219,6.49983,6.4992,1,1
20.08.2021 00:02:00.320,6.49981,6.4992,1,1
20.08.2021 00:02:00.883,6.4999400000000005,6.4991900000000005,1.5,1
20.08.2021 00:02:01.147,6.499790000000001,6.4992,1,1
20.08.2021 00:02:01.477,6.49977,6.4992,1,1
20.08.2021 00:02:02.188,6.499750000000001,6.4992,1,1
20.08.2021 00:02:14.689,6.49976,6.49931,1,1
20.08.2021 00:02:15.084,6.499750000000001,6.49927,1,1
20.08.2021 00:02:16.268,6.49976,6.4991900000000005,1,1.5
20.08.2021 00:02:16.368,6.499750000000001,6.4992,1,1
20.08.2021 00:02:16.718,6.499750000000001,6.4991900000000005,1,1
20.08.2021 00:02:17.169,6.49972,6.4992,1,1
20.08.2021 00:02:17.270,6.499700000000001,6.4992,1,1
20.08.2021 00:02:17.394,6.49969,6.4992,1,1
20.08.2021 00:02:18.848,6.49972,6.4991900000000005,1,1
20.08.2021 00:02:18.899,6.4997300000000005,6.4992,1,1
20.08.2021 00:02:21.389,6.49969,6.4992,1,1
20.08.2021 00:02:21.439,6.49971,6.4992,1,1
20.08.2021 00:02:21.897,6.49972,6.4992,1,1
20.08.2021 00:02:27.214,6.49967,6.4992,1,1
20.08.2021 00:02:27.265,6.49971,6.4992,1,1
20.08.2021 00:02:29.215,6.49966,6.4992,1,1
20.08.2021 00:02:29.265,6.49971,6.4992,1,1
20.08.2021 00:02:30.240,6.49969,6.4992,1,1
20.08.2021 00:02:32.388,6.49966,6.4992,1,1
20.08.2021 00:02:32.439,6.49971,6.4991900000000005,1,1
20.08.2021 00:02:32.604,6.49969,6.4992,1,1
20.08.2021 00:02:32.807,6.49967,6.4991900000000005,1,1
20.08.2021 00:02:34.130,6.499680000000001,6.4992,1.5,1
20.08.2021 00:02:34.930,6.49966,6.4992,1,1
20.08.2021 00:02:48.032,6.49967,6.4992,1,1
20.08.2021 00:02:48.531,6.49965,6.4992,1,1
20.08.2021 00:02:53.390,6.49967,6.4992,1,1
20.08.2021 00:02:53.440,6.49965,6.4991900000000005,1,1
20.08.2021 00:03:01.015,6.49964,6.49905,1,1
20.08.2021 00:03:01.066,6.49946,6.49891,1,1
20.08.2021 00:03:01.194,6.49945,6.4989300000000005,1,1
20.08.2021 00:03:01.245,6.499440000000001,6.49891,1,1
20.08.2021 00:03:02.131,6.499440000000001,6.49894,1,1
20.08.2021 00:03:02.443,6.49945,6.49899,1,1
20.08.2021 00:03:02.544,6.499440000000001,6.49901,1,1.5
20.08.2021 00:03:02.707,6.49945,6.49911,1,1
20.08.2021 00:03:03.208,6.499440000000001,6.49916,1,1
20.08.2021 00:03:03.391,6.4996,6.49916,1,1
20.08.2021 00:03:03.442,6.49969,6.4992,1,1
20.08.2021 00:03:19.562,6.49967,6.4992,1,1
20.08.2021 00:03:30.045,6.49969,6.4992,1,1
20.08.2021 00:03:42.710,6.49965,6.499210000000001,1,1
20.08.2021 00:03:42.945,6.499680000000001,6.499210000000001,1,1
20.08.2021 00:04:00.855,6.49964,6.499210000000001,1,1
20.08.2021 00:04:02.978,6.499680000000001,6.499210000000001,1.12,1
20.08.2021 00:04:11.885,6.4996100000000006,6.499210000000001,1,1
20.08.2021 00:04:13.027,6.49959,6.4992,1,1
20.08.2021 00:04:18.541,6.49959,6.49905,1,1.12
20.08.2021 00:04:18.642,6.49955,6.499040000000001,1,1
20.08.2021 00:04:18.693,6.49955,6.49897,1,1
20.08.2021 00:04:18.743,6.499490000000001,6.4989,1,1
20.08.2021 00:04:18.844,6.49947,6.4989,1,1
20.08.2021 00:04:18.945,6.499350000000001,6.4988600000000005,1,1.5
20.08.2021 00:04:19.046,6.499350000000001,6.49876,1,1.22
20.08.2021 00:04:19.253,6.499350000000001,6.4988600000000005,1,1
20.08.2021 00:04:19.481,6.49934,6.49885,1,1.1
20.08.2021 00:04:19.586,6.499350000000001,6.49884,1,1.1
20.08.2021 00:04:19.812,6.4993300000000005,6.4989,1,1.1
20.08.2021 00:04:20.141,6.49932,6.49891,1,1.1
20.08.2021 00:04:20.754,6.4993300000000005,6.49898,1,1
20.08.2021 00:04:20.986,6.49932,6.498950000000001,1,1.1
20.08.2021 00:04:22.255,6.4993300000000005,6.49901,1,1
20.08.2021 00:04:22.356,6.49966,6.49902,1.5,1
20.08.2021 00:04:22.457,6.49966,6.49903,1.5,1
20.08.2021 00:04:22.603,6.49967,6.4990000000000006,1.5,1.57
20.08.2021 00:04:23.355,6.49955,6.49897,1,1
20.08.2021 00:04:24.337,6.49955,6.4989300000000005,1,1.1
20.08.2021 00:04:24.541,6.49955,6.4990000000000006,1,1
20.08.2021 00:04:24.642,6.4995400000000005,6.499040000000001,1,1
20.08.2021 00:04:24.882,6.49955,6.4990000000000006,1,1
20.08.2021 00:04:24.933,6.49955,6.49896,1,1.5
20.08.2021 00:04:26.538,6.49955,6.49897,1,1
20.08.2021 00:04:27.623,6.49955,6.49897,1,1.1
20.08.2021 00:04:27.885,6.4995400000000005,6.49903,1,1
20.08.2021 00:04:28.383,6.49955,6.4990000000000006,1,1.1
20.08.2021 00:04:35.935,6.49955,6.49901,1,1
20.08.2021 00:04:35.986,6.49955,6.49903,1,1
20.08.2021 00:04:36.435,6.49955,6.49907,1,1
20.08.2021 00:04:36.486,6.4995400000000005,6.49906,1,1.1
20.08.2021 00:04:36.935,6.4995400000000005,6.499090000000001,1,1
20.08.2021 00:04:37.306,6.49955,6.4991,1,1
20.08.2021 00:04:38.436,6.49955,6.4991200000000005,1,1
20.08.2021 00:04:41.005,6.4995400000000005,6.499090000000001,1,1.1
20.08.2021 00:04:44.304,6.4995400000000005,6.49911,1,1
20.08.2021 00:04:44.803,6.4995400000000005,6.499090000000001,1,1.1
20.08.2021 00:04:46.075,6.4995400000000005,6.49906,1,1.1
20.08.2021 00:04:47.983,6.4995400000000005,6.49906,1.5,1
20.08.2021 00:04:48.084,6.499530000000001,6.49905,1,1
20.08.2021 00:04:55.843,6.49952,6.4991,1,1
20.08.2021 00:04:56.196,6.49952,6.49908,1,1
20.08.2021 00:04:56.453,6.49952,6.49906,1,1.5
20.08.2021 00:04:58.594,6.49952,6.499090000000001,1,1
20.08.2021 00:04:58.644,6.499530000000001,6.49905,1,1.1
20.08.2021 00:04:58.910,6.499530000000001,6.49907,1,1
20.08.2021 00:04:59.021,6.499530000000001,6.49908,1,1
20.08.2021 00:04:59.910,6.499530000000001,6.4991200000000005,1,1
20.08.2021 00:05:00.109,6.499530000000001,6.49907,1,1
20.08.2021 00:05:01.785,6.499530000000001,6.49905,1,1.1
20.08.2021 00:05:02.295,6.499490000000001,6.49905,1,1.1
20.08.2021 00:05:03.034,6.499530000000001,6.49905,1,1.1
20.08.2021 00:05:07.405,6.499530000000001,6.49907,1,1
20.08.2021 00:05:21.194,6.499530000000001,6.49905,1,1.1
20.08.2021 00:05:26.092,6.49952,6.49908,1,1
20.08.2021 00:05:30.375,6.499530000000001,6.49911,1,1
20.08.2021 00:05:30.843,6.499530000000001,6.499140000000001,1,1
20.08.2021 00:05:31.049,6.499530000000001,6.499040000000001,1,1.35
20.08.2021 00:05:31.100,6.49952,6.499090000000001,1,1
20.08.2021 00:05:32.545,6.49952,6.4991,1,1
20.08.2021 00:05:32.646,6.49952,6.499130000000001,1,1
20.08.2021 00:05:33.546,6.499530000000001,6.499090000000001,1,1
20.08.2021 00:05:33.762,6.499530000000001,6.49908,1,1
20.08.2021 00:05:33.818,6.499530000000001,6.4991200000000005,1,1
20.08.2021 00:05:34.092,6.49952,6.49915,1,1
20.08.2021 00:05:34.318,6.49952,6.4991200000000005,1,1
20.08.2021 00:05:34.422,6.49952,6.49911,1,1
20.08.2021 00:05:34.819,6.499530000000001,6.499140000000001,1,1
20.08.2021 00:05:38.570,6.49952,6.49911,1,1
20.08.2021 00:05:38.923,6.49952,6.499130000000001,1,1
20.08.2021 00:06:03.224,6.499530000000001,6.4991,1,1.1
20.08.2021 00:06:04.059,6.49952,6.49911,1,1
20.08.2021 00:06:08.090,6.49951,6.4991,1.1,1
20.08.2021 00:06:12.304,6.49951,6.49902,1.1,1.1
20.08.2021 00:06:12.355,6.49947,6.49903,1,1
20.08.2021 00:06:12.456,6.499480000000001,6.49897,1,1
20.08.2021 00:06:12.506,6.49938,6.4989,1,1.5
20.08.2021 00:06:12.557,6.49943,6.4989,1,1.5
20.08.2021 00:06:12.657,6.499280000000001,6.49875,1,1.1
20.08.2021 00:06:12.767,6.49929,6.498740000000001,1,1.1
20.08.2021 00:06:12.821,6.49931,6.498740000000001,1,1.1
20.08.2021 00:06:12.979,6.49931,6.498740000000001,1,1.1
20.08.2021 00:06:18.143,6.49931,6.4987900000000005,1,1.6
20.08.2021 00:06:18.244,6.49931,6.49887,1,1.1
20.08.2021 00:06:18.380,6.499440000000001,6.49894,1.5,1
20.08.2021 00:06:18.599,6.49945,6.49891,1,1.1
20.08.2021 00:06:19.371,6.49942,6.498880000000001,1,1.6
20.08.2021 00:06:19.472,6.49941,6.49887,1,1.6
20.08.2021 00:06:20.139,6.499530000000001,6.4988600000000005,1,1.6
20.08.2021 00:06:20.240,6.49938,6.4988600000000005,1,1.6
20.08.2021 00:06:20.413,6.49936,6.498950000000001,1,1
20.08.2021 00:06:21.408,6.49934,6.498950000000001,1,1
20.08.2021 00:06:26.463,6.499530000000001,6.498950000000001,1,1
20.08.2021 00:06:26.595,6.49932,6.498950000000001,1,1
20.08.2021 00:06:33.908,6.4993300000000005,6.49885,1,1.6
20.08.2021 00:06:33.960,6.49932,6.49896,1,1.1
20.08.2021 00:06:34.455,6.4993300000000005,6.49902,1,1
20.08.2021 00:06:34.505,6.49952,6.4990000000000006,1,1.1
20.08.2021 00:06:34.556,6.49952,6.49897,1,1.1
20.08.2021 00:06:34.606,6.49946,6.49898,1,1
20.08.2021 00:06:34.748,6.49942,6.49898,1,1
20.08.2021 00:06:36.879,6.499480000000001,6.49897,1,1
20.08.2021 00:06:40.729,6.49946,6.49897,1,1
20.08.2021 00:06:40.830,6.499440000000001,6.49898,1,1
20.08.2021 00:06:40.971,6.49938,6.49898,1,1
20.08.2021 00:06:41.073,6.49924,6.49897,1,1
20.08.2021 00:06:41.124,6.49922,6.4986500000000005,1,1.6
20.08.2021 00:06:41.175,6.4994000000000005,6.498640000000001,1.6,1.6
20.08.2021 00:06:41.225,6.499210000000001,6.4986500000000005,1,1.6
20.08.2021 00:06:41.277,6.499210000000001,6.4986500000000005,1,1.1
20.08.2021 00:06:42.357,6.499210000000001,6.4986500000000005,1,1.6
20.08.2021 00:06:42.509,6.499210000000001,6.498730000000001,1,1.1
20.08.2021 00:06:42.610,6.49922,6.498730000000001,1,1.1
20.08.2021 00:06:43.811,6.49922,6.498740000000001,1,1
20.08.2021 00:06:43.861,6.499210000000001,6.49875,1,1.25
20.08.2021 00:06:43.912,6.499210000000001,6.49871,1,1.1
20.08.2021 00:06:43.963,6.4991,6.498640000000001,1,1.1
20.08.2021 00:06:44.014,6.4991,6.498640000000001,1,1
20.08.2021 00:06:44.115,6.4991900000000005,6.4986500000000005,1,1
20.08.2021 00:06:44.166,6.4991900000000005,6.4986500000000005,1,1.1
20.08.2021 00:06:44.394,6.49911,6.498640000000001,1,1.1
20.08.2021 00:06:44.530,6.49903,6.4986500000000005,1,1
20.08.2021 00:06:46.121,6.499040000000001,6.49867,1,1.1
20.08.2021 00:06:51.669,6.499040000000001,6.498690000000001,1,1.1
20.08.2021 00:06:53.565,6.49903,6.49868,1,1.1
20.08.2021 00:06:54.043,6.4990000000000006,6.49867,1,1.1
20.08.2021 00:06:54.373,6.49899,6.4986500000000005,1,1.1
20.08.2021 00:06:54.530,6.4991,6.498640000000001,1,1
20.08.2021 00:06:54.702,6.4992,6.498640000000001,1.5,1
20.08.2021 00:06:54.753,6.4992,6.498640000000001,1,1
20.08.2021 00:06:55.162,6.4991900000000005,6.498640000000001,1,1
20.08.2021 00:06:55.213,6.4991900000000005,6.498640000000001,1,1.1
20.08.2021 00:06:57.458,6.4992,6.498640000000001,1,1.1
20.08.2021 00:06:57.623,6.4991900000000005,6.4986500000000005,1,1.1
20.08.2021 00:07:00.803,6.49915,6.4986500000000005,1,1.6
20.08.2021 00:07:00.854,6.49915,6.4986500000000005,1,1.6
20.08.2021 00:07:14.649,6.4991900000000005,6.4986500000000005,1,1.22
20.08.2021 00:07:15.648,6.4991900000000005,6.498640000000001,1,1.22
20.08.2021 00:07:16.181,6.499130000000001,6.4986500000000005,1,1.1
20.08.2021 00:07:16.385,6.49917,6.4986500000000005,1,1.1
20.08.2021 00:07:17.956,6.4991200000000005,6.4986500000000005,1,1.1
20.08.2021 00:07:18.051,6.49916,6.4986500000000005,1,1.1
20.08.2021 00:07:18.102,6.4992,6.498640000000001,1,1.1
20.08.2021 00:07:19.079,6.499180000000001,6.4986500000000005,1,1.22
20.08.2021 00:07:20.054,6.499140000000001,6.498640000000001,1,1.1
20.08.2021 00:07:20.250,6.49916,6.4986500000000005,1,1.1
20.08.2021 00:07:21.793,6.49922,6.498640000000001,2.25,1.6
20.08.2021 00:07:28.111,6.49922,6.498640000000001,2.25,1.97
20.08.2021 00:07:29.715,6.499210000000001,6.4986500000000005,1.5,1.87
20.08.2021 00:07:30.057,6.499210000000001,6.4986500000000005,1.5,1.6
20.08.2021 00:07:30.438,6.499210000000001,6.4986500000000005,1.5,1.6
20.08.2021 00:07:32.551,6.4992,6.4986500000000005,1,1.1
20.08.2021 00:07:32.602,6.49907,6.49859,1,1
20.08.2021 00:07:32.703,6.49903,6.49859,1,1
20.08.2021 00:07:32.753,6.499130000000001,6.49859,1,1
20.08.2021 00:07:32.803,6.499040000000001,6.49849,1,1.5
20.08.2021 00:07:33.069,6.49901,6.49842,1,1.5
20.08.2021 00:07:33.347,6.49901,6.498480000000001,1,1.5
20.08.2021 00:07:33.573,6.49903,6.498480000000001,1.5,1.5
20.08.2021 00:07:33.674,6.49924,6.49867,1.5,1
20.08.2021 00:07:34.194,6.49917,6.49872,1,1
20.08.2021 00:07:34.245,6.499140000000001,6.4985800000000005,1,1.25
20.08.2021 00:07:34.345,6.49915,6.49859,1.5,1
20.08.2021 00:07:35.417,6.4991200000000005,6.49863,1,1
20.08.2021 00:07:35.732,6.4991200000000005,6.49856,1,1.5
20.08.2021 00:07:36.757,6.4991200000000005,6.49861,1,1
20.08.2021 00:07:36.858,6.49932,6.49885,1,1
20.08.2021 00:07:36.959,6.49929,6.4987900000000005,1.5,1
20.08.2021 00:07:37.110,6.49925,6.4987900000000005,1,1
20.08.2021 00:07:38.123,6.49915,6.49867,1,1
20.08.2021 00:07:39.531,6.49916,6.49868,1,1
20.08.2021 00:07:44.433,6.49917,6.49863,1,1
20.08.2021 00:07:44.625,6.49917,6.49868,1,1
20.08.2021 00:07:44.676,6.49922,6.498690000000001,1,1
20.08.2021 00:07:44.791,6.4992,6.4987,1,1
20.08.2021 00:07:45.056,6.4991900000000005,6.49866,1,1.5
20.08.2021 00:07:48.413,6.4991200000000005,6.498640000000001,1,1
20.08.2021 00:07:48.514,6.499130000000001,6.49862,1,1
20.08.2021 00:07:55.892,6.499130000000001,6.4985800000000005,1.5,1
20.08.2021 00:08:36.911,6.499130000000001,6.49862,1,1
20.08.2021 00:08:37.411,6.499130000000001,6.49863,1,1
20.08.2021 00:08:37.911,6.4991200000000005,6.4987,1,1
20.08.2021 00:08:38.420,6.4991200000000005,6.49867,1,1
20.08.2021 00:08:38.521,6.499130000000001,6.49861,1.5,1
20.08.2021 00:08:38.920,6.499090000000001,6.49859,1,1.87
20.08.2021 00:08:39.927,6.49906,6.49856,1,1.5
20.08.2021 00:08:40.043,6.49906,6.49856,1,1.12
20.08.2021 00:08:40.350,6.49911,6.4985800000000005,1,1
20.08.2021 00:08:40.697,6.49911,6.49856,1,1.12
20.08.2021 00:08:40.748,6.49905,6.498550000000001,1,1.12
20.08.2021 00:09:09.009,6.499130000000001,6.49857,1,1
20.08.2021 00:09:09.489,6.4991200000000005,6.49856,1,1
20.08.2021 00:09:09.540,6.499090000000001,6.498550000000001,1,1
20.08.2021 00:09:09.989,6.49911,6.49857,1,1
20.08.2021 00:09:10.239,6.499230000000001,6.49867,1.5,1
20.08.2021 00:09:10.340,6.49911,6.498600000000001,1,2
20.08.2021 00:09:10.501,6.49917,6.498600000000001,1,1.5
20.08.2021 00:09:11.406,6.499230000000001,6.498690000000001,1,1
20.08.2021 00:09:11.909,6.499130000000001,6.49862,1,1.2
20.08.2021 00:09:12.117,6.499040000000001,6.498530000000001,1,2
20.08.2021 00:09:12.330,6.49911,6.498550000000001,1,1.5
20.08.2021 00:09:13.111,6.49911,6.498550000000001,1,1
20.08.2021 00:09:13.283,6.49906,6.498530000000001,1,1.5
20.08.2021 00:09:13.584,6.499130000000001,6.49859,1,1
20.08.2021 00:09:13.940,6.499140000000001,6.49862,1,1
20.08.2021 00:09:14.211,6.4991200000000005,6.49859,1,1
20.08.2021 00:09:14.323,6.4991200000000005,6.49857,1,1
20.08.2021 00:09:16.023,6.4991,6.4985800000000005,1,1
20.08.2021 00:09:16.597,6.4991,6.498530000000001,1,1.5
20.08.2021 00:09:16.755,6.4991200000000005,6.49852,1.5,1.5
20.08.2021 00:09:16.856,6.49906,6.4985100000000005,1,1.6
20.08.2021 00:09:17.137,6.49905,6.49852,1,1.6
20.08.2021 00:09:17.927,6.49905,6.4985100000000005,1,1.6
20.08.2021 00:09:18.140,6.49905,6.4985100000000005,1,1.1
20.08.2021 00:09:19.109,6.49905,6.49852,1.5,1.1
20.08.2021 00:09:19.274,6.49902,6.49852,1,1.1
20.08.2021 00:09:23.747,6.49902,6.49845,1,1.5
20.08.2021 00:09:23.798,6.49902,6.49845,1,1
20.08.2021 00:09:24.750,6.49902,6.49847,1,1
20.08.2021 00:09:24.851,6.4990000000000006,6.49847,1,1
20.08.2021 00:09:25.776,6.49902,6.49847,1,1
20.08.2021 00:09:27.179,6.49903,6.498460000000001,1,1.5
20.08.2021 00:09:28.154,6.49903,6.498460000000001,1,1
20.08.2021 00:09:29.305,6.49903,6.49844,1,1.5
20.08.2021 00:09:29.607,6.4989300000000005,6.49845,1,1.5
20.08.2021 00:09:30.167,6.49894,6.49844,1,1
20.08.2021 00:09:32.468,6.49887,6.49845,1,1
20.08.2021 00:09:40.974,6.49894,6.49844,1,1
20.08.2021 00:09:41.474,6.498880000000001,6.49844,1,1
20.08.2021 00:09:42.495,6.4989300000000005,6.49845,1,1
20.08.2021 00:09:42.979,6.49887,6.49845,1,1
20.08.2021 00:09:43.476,6.49894,6.49844,1,1
20.08.2021 00:09:43.976,6.49887,6.49845,1,1
20.08.2021 00:09:44.476,6.4989300000000005,6.49845,1,1
20.08.2021 00:09:44.976,6.49887,6.49845,1,1
20.08.2021 00:09:45.477,6.49894,6.49844,1,1
20.08.2021 00:09:45.977,6.498880000000001,6.49844,1,1
20.08.2021 00:09:46.477,6.49894,6.49844,1,1
20.08.2021 00:09:46.979,6.498880000000001,6.49844,1,1
20.08.2021 00:09:47.477,6.49894,6.49844,1,1
20.08.2021 00:09:47.978,6.498880000000001,6.49844,1,1
20.08.2021 00:09:48.478,6.4989300000000005,6.49845,1,1
20.08.2021 00:09:49.036,6.498880000000001,6.49844,1,1
20.08.2021 00:09:49.479,6.49894,6.49844,1,1
20.08.2021 00:09:50.027,6.49887,6.49845,1,1
20.08.2021 00:09:50.218,6.4989300000000005,6.49845,1,1
20.08.2021 00:09:50.269,6.49898,6.49844,1,1.5
20.08.2021 00:09:50.575,6.49896,6.49844,1,1.5
20.08.2021 00:09:52.193,6.49896,6.49844,1,1.5
20.08.2021 00:09:53.192,6.49896,6.49844,1,1.12
20.08.2021 00:10:04.653,6.498950000000001,6.498460000000001,1,1
20.08.2021 00:10:05.223,6.49896,6.49845,1,2
20.08.2021 00:10:06.244,6.49896,6.49845,1,1.5
20.08.2021 00:10:16.675,6.49892,6.498460000000001,1,1.5
20.08.2021 00:10:30.851,6.4990000000000006,6.4985100000000005,1,1.1
20.08.2021 00:10:30.902,6.49903,6.49857,1,1
20.08.2021 00:10:46.997,6.4990000000000006,6.4985800000000005,1,1
20.08.2021 00:10:47.048,6.49901,6.49844,1,1.6
20.08.2021 00:10:54.424,6.49903,6.49844,1,1.1
20.08.2021 00:11:02.719,6.49884,6.49844,1,1
20.08.2021 00:11:03.195,6.49889,6.49844,1,1
20.08.2021 00:11:04.237,6.49889,6.49847,1,1.1
20.08.2021 00:11:04.531,6.498830000000001,6.498480000000001,1,1.1
20.08.2021 00:11:05.973,6.49885,6.498480000000001,1,1.1
20.08.2021 00:11:06.030,6.4988600000000005,6.4985,1,1.1
20.08.2021 00:11:07.771,6.4988600000000005,6.49856,1,1.1
20.08.2021 00:11:13.210,6.4988600000000005,6.49845,1,1.1
20.08.2021 00:11:14.304,6.49885,6.49854,1,1.1
20.08.2021 00:11:26.622,6.4988600000000005,6.4985800000000005,1,1.1
20.08.2021 00:11:27.158,6.49885,6.49854,1,1.1
20.08.2021 00:11:27.384,6.49885,6.49849,1,1
20.08.2021 00:11:35.355,6.49881,6.498480000000001,1,1
20.08.2021 00:11:35.406,6.49881,6.49844,1,1.12
20.08.2021 00:11:36.414,6.498780000000001,6.49844,1,1
20.08.2021 00:11:36.816,6.498780000000001,6.49835,1,1.6
20.08.2021 00:11:36.867,6.49877,6.49836,1,1
20.08.2021 00:11:37.871,6.49877,6.49837,1,1.1
20.08.2021 00:11:39.143,6.4987900000000005,6.49837,1,1.1
20.08.2021 00:11:39.193,6.498830000000001,6.4984,1,1
20.08.2021 00:11:39.294,6.49884,6.4984,1,1
20.08.2021 00:11:39.995,6.498830000000001,6.49837,1,1.6
20.08.2021 00:11:40.046,6.49882,6.49836,1,1.6
20.08.2021 00:11:40.096,6.498880000000001,6.49837,1.5,2.07
20.08.2021 00:11:41.202,6.49889,6.49836,1.5,1.6
20.08.2021 00:11:42.554,6.49884,6.49837,1,1.6
20.08.2021 00:11:43.202,6.49884,6.49837,1,1.6
20.08.2021 00:11:47.977,6.49884,6.49837,1,1.6
20.08.2021 00:11:48.027,6.498880000000001,6.49837,1.5,2.1
20.08.2021 00:11:48.366,6.49889,6.49836,1.5,2.1
20.08.2021 00:11:58.222,6.49889,6.49836,1.5,2.1
20.08.2021 00:11:58.351,6.49889,6.49836,1.5,2.1
20.08.2021 00:11:58.826,6.49885,6.49836,1,1.6
20.08.2021 00:11:59.073,6.49885,6.49836,1,1.6
20.08.2021 00:11:59.323,6.49885,6.49836,1,1.6
20.08.2021 00:12:00.189,6.49885,6.49836,1,1.6
20.08.2021 00:12:02.806,6.49884,6.49837,1,1.6
20.08.2021 00:12:18.746,6.498780000000001,6.498380000000001,1,1.1
20.08.2021 00:12:18.847,6.498730000000001,6.49826,1,1
20.08.2021 00:12:18.898,6.49856,6.49816,1,1
20.08.2021 00:12:18.999,6.49847,6.4981100000000005,1,1.5
20.08.2021 00:12:19.050,6.49837,6.49801,1,1
20.08.2021 00:12:19.101,6.49833,6.49801,1,1
20.08.2021 00:12:22.505,6.4983,6.498,1,1
20.08.2021 00:12:35.758,6.498130000000001,6.49765,1,1
20.08.2021 00:12:36.206,6.4981800000000005,6.497630000000001,1,1
20.08.2021 00:12:36.357,6.49833,6.49779,1,1
20.08.2021 00:12:36.686,6.498380000000001,6.49781,1,1
20.08.2021 00:12:37.184,6.49833,6.4977800000000006,1,1
20.08.2021 00:12:37.301,6.49832,6.49777,1,1
20.08.2021 00:12:37.355,6.49837,6.497800000000001,1,1
20.08.2021 00:12:37.607,6.498460000000001,6.49788,1,1.5
20.08.2021 00:12:37.859,6.498480000000001,6.49791,1,1
20.08.2021 00:12:38.001,6.498480000000001,6.49802,1.1,1
20.08.2021 00:12:38.102,6.4985100000000005,6.498030000000001,1.12,1
20.08.2021 00:12:39.803,6.49847,6.498030000000001,1,1
20.08.2021 00:12:39.904,6.4985100000000005,6.498030000000001,1,1.5
20.08.2021 00:12:39.955,6.49844,6.49793,1,1.5
20.08.2021 00:12:40.106,6.498460000000001,6.497890000000001,1,1.5
20.08.2021 00:12:40.294,6.4985,6.49788,1,1.5
20.08.2021 00:12:40.345,6.498430000000001,6.497850000000001,1,2
20.08.2021 00:12:40.682,6.49847,6.4979000000000005,1,1.5
20.08.2021 00:12:40.914,6.49852,6.497940000000001,1,1.5
20.08.2021 00:12:41.325,6.49852,6.498,1,1
20.08.2021 00:12:41.627,6.4985100000000005,6.49795,1,1.5
20.08.2021 00:12:41.677,6.498480000000001,6.497940000000001,1,1.5
20.08.2021 00:12:41.728,6.49854,6.49802,1,1
20.08.2021 00:12:41.785,6.498530000000001,6.49797,1,1.5
20.08.2021 00:12:41.835,6.49847,6.497940000000001,1,1.5
20.08.2021 00:12:42.219,6.49849,6.497940000000001,1,1
20.08.2021 00:12:42.269,6.498430000000001,6.497940000000001,1,1
20.08.2021 00:12:42.320,6.49844,6.497890000000001,1,1.5
20.08.2021 00:12:42.474,6.49847,6.497940000000001,1,1
20.08.2021 00:12:42.735,6.498480000000001,6.49791,1,1.5
20.08.2021 00:12:42.785,6.498430000000001,6.497890000000001,1,1.5
20.08.2021 00:12:43.356,6.498430000000001,6.497890000000001,1,1.5
20.08.2021 00:12:43.796,6.49847,6.497940000000001,1,1
20.08.2021 00:12:44.016,6.49844,6.49788,1,1.5
20.08.2021 00:12:44.538,6.49844,6.49788,1,1
20.08.2021 00:12:49.836,6.4984,6.49786,1,1
20.08.2021 00:12:49.987,6.4984,6.497850000000001,1,1
20.08.2021 00:12:50.089,6.498340000000001,6.4977800000000006,1,1
20.08.2021 00:12:50.189,6.49826,6.49775,1,1.12
20.08.2021 00:12:50.391,6.49821,6.49767,1,1
20.08.2021 00:12:50.863,6.4981800000000005,6.497630000000001,1,1.5
20.08.2021 00:12:50.973,6.4981800000000005,6.49762,1,1.5
20.08.2021 00:12:51.175,6.4981800000000005,6.49762,1,1
20.08.2021 00:12:51.226,6.49822,6.49769,1,1
20.08.2021 00:12:51.690,6.49822,6.49767,1,1
20.08.2021 00:12:51.891,6.49822,6.49766,1,1
20.08.2021 00:12:53.771,6.4981800000000005,6.49762,1,1
20.08.2021 00:12:57.192,6.49817,6.49762,1,1
20.08.2021 00:12:57.553,6.4981800000000005,6.49762,1,1
20.08.2021 00:13:01.736,6.49814,6.497590000000001,1,1
20.08.2021 00:13:01.837,6.498130000000001,6.497590000000001,1,1
20.08.2021 00:13:01.955,6.49809,6.49755,1,1
20.08.2021 00:13:02.006,6.49809,6.49751,1,1
20.08.2021 00:13:11.796,6.49805,6.49752,1,1
20.08.2021 00:13:11.986,6.498080000000001,6.49752,1,1
20.08.2021 00:13:15.990,6.49805,6.49752,1,1
20.08.2021 00:13:30.155,6.498080000000001,6.49752,1,1
20.08.2021 00:13:43.472,6.49802,6.49751,1,1
20.08.2021 00:13:43.616,6.4981100000000005,6.497630000000001,1,1
20.08.2021 00:13:45.707,6.4981,6.4976400000000005,1.5,1
20.08.2021 00:13:47.335,6.49806,6.4976400000000005,1,1
20.08.2021 00:13:49.542,6.49806,6.497590000000001,1,1
20.08.2021 00:13:49.908,6.49806,6.49756,1,1
20.08.2021 00:13:50.451,6.4980400000000005,6.49752,1,1
20.08.2021 00:14:19.143,6.49805,6.49753,1,1.1
20.08.2021 00:14:20.408,6.49797,6.49752,1,1
20.08.2021 00:14:20.509,6.49796,6.49751,1,1
20.08.2021 00:14:20.805,6.49797,6.49752,1,1
20.08.2021 00:14:21.805,6.49796,6.49751,1,1
20.08.2021 00:14:21.856,6.49796,6.497490000000001,1,1
20.08.2021 00:14:21.957,6.49795,6.49751,1,1
20.08.2021 00:14:23.795,6.49795,6.49744,1,1
20.08.2021 00:14:23.946,6.49796,6.4974300000000005,1.6,1
20.08.2021 00:14:24.273,6.497940000000001,6.49741,1.1,1
20.08.2021 00:14:24.935,6.497940000000001,6.49741,1,1
20.08.2021 00:14:28.000,6.49797,6.49748,1.1,1
20.08.2021 00:14:28.126,6.497980000000001,6.4975000000000005,1.1,1
20.08.2021 00:14:28.244,6.497980000000001,6.4975000000000005,1.2,1
20.08.2021 00:14:28.386,6.49795,6.49751,1,1
20.08.2021 00:14:28.896,6.49795,6.4975000000000005,1,1
20.08.2021 00:14:28.947,6.49795,6.4974300000000005,1,1
20.08.2021 00:14:29.048,6.49795,6.4975000000000005,1,1
20.08.2021 00:14:34.499,6.497980000000001,6.4975000000000005,1.1,1
20.08.2021 00:14:38.607,6.49795,6.4975000000000005,1,1
20.08.2021 00:15:08.684,6.49795,6.49753,1.57,1
20.08.2021 00:15:08.785,6.49812,6.49765,1,1
20.08.2021 00:15:08.835,6.498130000000001,6.497680000000001,1,1.1
20.08.2021 00:15:08.936,6.498130000000001,6.49777,1,1
20.08.2021 00:15:10.093,6.49812,6.497680000000001,1,1
20.08.2021 00:15:10.144,6.4981,6.49765,1,1
20.08.2021 00:15:12.254,6.49807,6.49766,1,1
20.08.2021 00:15:16.769,6.498030000000001,6.49765,1,1
20.08.2021 00:15:17.244,6.497980000000001,6.49765,1,1
20.08.2021 00:15:19.967,6.498,6.49766,1,1
20.08.2021 00:15:20.134,6.49802,6.49765,1,1
20.08.2021 00:15:20.589,6.497980000000001,6.49765,1,1
20.08.2021 00:15:24.588,6.49796,6.49751,1.1,1.1
20.08.2021 00:15:25.468,6.49797,6.4975000000000005,1.1,1.1
20.08.2021 00:15:25.599,6.49796,6.49748,1.1,1.1
20.08.2021 00:15:26.004,6.49797,6.49752,1.1,1.1
20.08.2021 00:15:26.105,6.497940000000001,6.49751,1,1.1
20.08.2021 00:15:28.649,6.49793,6.49755,1,1.1
20.08.2021 00:15:31.104,6.49796,6.497540000000001,1.1,1.1
20.08.2021 00:15:31.359,6.49796,6.49757,1.1,1.1
20.08.2021 00:15:31.464,6.49801,6.497580000000001,1,1.1
20.08.2021 00:15:33.390,6.498,6.49762,1,1.1
20.08.2021 00:15:33.900,6.49801,6.49757,1,1.1
20.08.2021 00:15:35.223,6.49801,6.49755,1.57,1.1
20.08.2021 00:15:39.826,6.49801,6.497580000000001,1.57,1.1
20.08.2021 00:15:40.043,6.49801,6.497590000000001,1,1.1
20.08.2021 00:15:40.245,6.498,6.49767,1,1
20.08.2021 00:15:40.296,6.49822,6.49769,1,1
20.08.2021 00:15:40.347,6.49823,6.49793,1.5,1
20.08.2021 00:15:40.398,6.498460000000001,6.49797,1.5,1
20.08.2021 00:15:40.501,6.49837,6.49797,1,1
20.08.2021 00:15:40.652,6.49837,6.49801,1,1
20.08.2021 00:15:40.753,6.498430000000001,6.49802,1,1
20.08.2021 00:15:41.199,6.498480000000001,6.49801,1,1
20.08.2021 00:15:41.300,6.49849,6.49801,1.5,1
20.08.2021 00:15:46.351,6.49845,6.49801,1,1
20.08.2021 00:15:46.452,6.49847,6.49801,1,1
20.08.2021 00:15:46.603,6.49854,6.49806,1.5,1
20.08.2021 00:15:46.654,6.4985,6.498080000000001,1,1
20.08.2021 00:15:47.452,6.49849,6.49802,1,1.5
20.08.2021 00:15:48.296,6.49847,6.49801,1,1.5
20.08.2021 00:15:50.915,6.498460000000001,6.49802,1,2
20.08.2021 00:15:51.916,6.49847,6.49801,1,2
20.08.2021 00:15:52.924,6.498460000000001,6.49802,1,2
20.08.2021 00:15:54.866,6.498460000000001,6.49806,1,1.1
20.08.2021 00:15:56.015,6.4985100000000005,6.49806,1,1.1
20.08.2021 00:15:58.975,6.4985100000000005,6.49809,1,1.1
20.08.2021 00:15:59.294,6.49852,6.49809,1,1.1
20.08.2021 00:16:00.013,6.49859,6.49824,1,1
20.08.2021 00:16:00.063,6.49862,6.49824,1,1
20.08.2021 00:16:00.114,6.49856,6.4982500000000005,1,1
20.08.2021 00:16:00.164,6.49861,6.4982500000000005,1,1
20.08.2021 00:16:00.265,6.4986500000000005,6.4982500000000005,1,1
20.08.2021 00:16:04.405,6.4988,6.49824,1.5,1
20.08.2021 00:16:04.968,6.49911,6.4982500000000005,1.72,1.25
20.08.2021 00:16:05.069,6.4991,6.498130000000001,1.6,1
20.08.2021 00:16:05.556,6.49911,6.4982500000000005,1.6,1
20.08.2021 00:16:05.745,6.49911,6.4983,1.6,1
20.08.2021 00:16:06.227,6.49911,6.49812,1.6,1
20.08.2021 00:16:06.624,6.4990000000000006,6.49832,1,1
20.08.2021 00:16:06.774,6.498950000000001,6.49833,1,1
20.08.2021 00:16:06.875,6.498830000000001,6.49832,1,1
20.08.2021 00:16:07.137,6.498830000000001,6.498200000000001,1,1
20.08.2021 00:16:08.181,6.49881,6.49821,1,1
20.08.2021 00:16:08.231,6.4987900000000005,6.49821,1,1
20.08.2021 00:16:10.134,6.49881,6.498200000000001,1.5,1
20.08.2021 00:16:13.187,6.498740000000001,6.49821,1,1
20.08.2021 00:16:13.398,6.49882,6.498200000000001,1.6,1
20.08.2021 00:16:13.448,6.4990000000000006,6.4982500000000005,1.6,1
20.08.2021 00:16:13.599,6.49899,6.49826,1.6,1.25
20.08.2021 00:16:14.706,6.49894,6.49835,1.5,1
20.08.2021 00:16:16.740,6.4989,6.49835,1.6,1.5
20.08.2021 00:16:17.089,6.49902,6.49845,1,1
20.08.2021 00:16:17.140,6.49884,6.49844,1,1
20.08.2021 00:16:17.190,6.49885,6.49835,1,1
20.08.2021 00:16:17.241,6.49877,6.498200000000001,1,1
20.08.2021 00:16:18.357,6.4991200000000005,6.49845,1.6,1
20.08.2021 00:16:18.458,6.4990000000000006,6.49844,1.5,1.1
20.08.2021 00:16:19.448,6.4989,6.49844,1,1
20.08.2021 00:16:19.548,6.49868,6.49817,1,1.5
20.08.2021 00:16:19.599,6.49868,6.498130000000001,1,1
20.08.2021 00:16:19.650,6.49871,6.49814,1,1
20.08.2021 00:16:19.751,6.49871,6.49815,1,1
20.08.2021 00:16:19.852,6.49872,6.49815,1,1
20.08.2021 00:16:20.118,6.49871,6.49815,1,1
20.08.2021 00:16:20.707,6.49872,6.49815,1,1
20.08.2021 00:16:20.855,6.49867,6.49814,1,1
20.08.2021 00:16:21.029,6.49871,6.49815,1,1
20.08.2021 00:16:21.130,6.49871,6.49816,1,1
20.08.2021 00:16:21.313,6.49872,6.49814,1,1
20.08.2021 00:16:21.750,6.49871,6.49816,1,1
20.08.2021 00:16:21.868,6.498690000000001,6.4981800000000005,1,1
20.08.2021 00:16:21.969,6.498600000000001,6.49823,1,1
20.08.2021 00:16:22.187,6.498600000000001,6.49816,1,1.5
20.08.2021 00:16:22.385,6.49859,6.49797,1,1.5
20.08.2021 00:16:22.435,6.49854,6.498130000000001,1,1
20.08.2021 00:16:22.486,6.498550000000001,6.49814,1,1
20.08.2021 00:16:23.431,6.498530000000001,6.49816,1,1
20.08.2021 00:16:23.906,6.498530000000001,6.4981800000000005,1,1
20.08.2021 00:16:24.389,6.49852,6.49806,1,1
20.08.2021 00:16:24.490,6.4985800000000005,6.49821,1,1
20.08.2021 00:16:24.541,6.49849,6.49821,1,1
20.08.2021 00:16:25.424,6.49849,6.49823,1,1
20.08.2021 00:16:26.438,6.49849,6.49806,1,1
20.08.2021 00:16:26.597,6.49854,6.49806,1,1
20.08.2021 00:16:26.648,6.49862,6.49805,1,1
20.08.2021 00:16:27.123,6.498640000000001,6.49812,1,1.5
20.08.2021 00:16:27.174,6.49867,6.49821,1,1.5
20.08.2021 00:16:28.124,6.498690000000001,6.49821,1,2
20.08.2021 00:16:28.175,6.49872,6.49824,1,1
20.08.2021 00:16:32.477,6.498690000000001,6.4983,1,1
20.08.2021 00:16:32.578,6.49882,6.4983,1,1.12
20.08.2021 00:16:32.628,6.49891,6.4984,1.57,1
20.08.2021 00:16:32.729,6.49891,6.49835,1.5,1.5
20.08.2021 00:16:35.789,6.4989,6.498430000000001,1.5,1
20.08.2021 00:16:36.072,6.4989,6.49836,1.5,1.5
20.08.2021 00:16:36.266,6.49891,6.498340000000001,1.5,1
20.08.2021 00:16:37.306,6.49887,6.498340000000001,1,1
20.08.2021 00:16:37.987,6.498880000000001,6.498340000000001,1,1
20.08.2021 00:16:38.037,6.4989,6.49835,1,1
20.08.2021 00:16:39.265,6.49872,6.498340000000001,1,1
20.08.2021 00:16:39.316,6.498690000000001,6.49822,1,1
20.08.2021 00:16:39.417,6.49876,6.4982500000000005,1,1
20.08.2021 00:16:39.517,6.49876,6.49827,1,1
20.08.2021 00:16:40.346,6.49877,6.49815,1,1
20.08.2021 00:16:40.474,6.49877,6.49828,1,1
20.08.2021 00:16:41.250,6.49876,6.49817,1,1
20.08.2021 00:16:41.571,6.49882,6.4983,1,1
20.08.2021 00:16:41.622,6.4987900000000005,6.498290000000001,1,1
20.08.2021 00:16:42.525,6.49877,6.498290000000001,1,1
20.08.2021 00:16:46.463,6.4988,6.498290000000001,1,1
20.08.2021 00:16:47.008,6.498780000000001,6.498290000000001,1,1
20.08.2021 00:16:47.910,6.4987900000000005,6.498290000000001,1,1
20.08.2021 00:16:49.924,6.49875,6.4983,1,1
20.08.2021 00:16:51.508,6.49876,6.4983,1,1
20.08.2021 00:17:08.264,6.4988,6.498290000000001,1,1
20.08.2021 00:17:15.894,6.49875,6.4983,1,1
20.08.2021 00:17:20.108,6.4987900000000005,6.4983,1,1
20.08.2021 00:17:24.317,6.49876,6.498290000000001,1,1
20.08.2021 00:17:24.647,6.49871,6.498290000000001,1,1
20.08.2021 00:17:24.748,6.498740000000001,6.498290000000001,1,1
20.08.2021 00:17:24.798,6.49859,6.498290000000001,1,1
20.08.2021 00:17:40.731,6.49856,6.498290000000001,1,1
20.08.2021 00:17:40.782,6.49859,6.4983,1,1
20.08.2021 00:17:41.275,6.49861,6.4983,1,1
20.08.2021 00:17:41.746,6.49861,6.498290000000001,1,1
20.08.2021 00:17:49.837,6.4986500000000005,6.498290000000001,1,1
20.08.2021 00:17:49.888,6.4985800000000005,6.4983,1,1
20.08.2021 00:18:01.183,6.49862,6.498290000000001,1,1
20.08.2021 00:18:01.737,6.49867,6.498290000000001,1,1
20.08.2021 00:18:01.931,6.49863,6.498290000000001,1,1
20.08.2021 00:18:07.102,6.498600000000001,6.498290000000001,1,1
20.08.2021 00:18:08.084,6.49863,6.4983,1,1
20.08.2021 00:18:12.328,6.4985800000000005,6.4983,1,1
20.08.2021 00:18:16.802,6.49875,6.4983,1,1
20.08.2021 00:18:22.984,6.49877,6.498290000000001,1,1
20.08.2021 00:18:23.433,6.49876,6.49833,1,1
20.08.2021 00:18:24.944,6.498740000000001,6.4983,1.1,1
20.08.2021 00:18:25.383,6.49875,6.498290000000001,1.1,1
20.08.2021 00:18:25.657,6.49875,6.498290000000001,1.6,1
20.08.2021 00:18:25.920,6.498740000000001,6.4983,1.57,1
20.08.2021 00:18:32.838,6.498740000000001,6.4983,1.6,1
20.08.2021 00:18:32.939,6.49875,6.498290000000001,1.6,1
20.08.2021 00:18:33.040,6.49875,6.498290000000001,1.6,1
20.08.2021 00:18:33.141,6.49875,6.498290000000001,1.35,1
20.08.2021 00:18:33.434,6.49875,6.498290000000001,1.6,1
20.08.2021 00:18:34.174,6.49875,6.498290000000001,1.6,1
20.08.2021 00:18:34.514,6.498740000000001,6.4983,1.6,1
20.08.2021 00:18:36.171,6.498740000000001,6.4983,1.6,1
20.08.2021 00:18:36.606,6.498740000000001,6.4983,1.6,1
20.08.2021 00:18:36.753,6.49875,6.498290000000001,1.6,1
20.08.2021 00:18:36.804,6.49862,6.49816,1,1
20.08.2021 00:18:36.855,6.49862,6.49816,1.1,1
20.08.2021 00:18:36.957,6.49863,6.49821,1.1,1
20.08.2021 00:18:37.086,6.49868,6.49826,1.1,1
20.08.2021 00:18:37.188,6.49867,6.49827,1,1
20.08.2021 00:18:37.239,6.49868,6.49836,1,1
20.08.2021 00:18:37.848,6.4989300000000005,6.49849,1.5,1
20.08.2021 00:18:37.899,6.4989300000000005,6.498530000000001,1,1
20.08.2021 00:18:38.000,6.4989300000000005,6.49852,1,1
20.08.2021 00:18:38.435,6.49892,6.49857,1,1
20.08.2021 00:18:38.979,6.49887,6.49836,1,1
20.08.2021 00:18:39.030,6.498880000000001,6.49835,1.1,1
20.08.2021 00:18:39.131,6.498880000000001,6.498340000000001,1.35,1
20.08.2021 00:18:39.686,6.498880000000001,6.498340000000001,1.1,1
20.08.2021 00:18:40.898,6.49887,6.49835,1.1,1
20.08.2021 00:18:41.228,6.498880000000001,6.498340000000001,1.1,1
20.08.2021 00:18:43.724,6.4988600000000005,6.49835,1.1,1
20.08.2021 00:18:45.064,6.498880000000001,6.498340000000001,1.35,1
20.08.2021 00:18:45.271,6.498880000000001,6.498340000000001,1.35,1
20.08.2021 00:18:45.966,6.49887,6.49835,1.35,1
20.08.2021 00:18:47.039,6.49884,6.49835,1.1,1
20.08.2021 00:18:50.976,6.49884,6.49835,1.1,1
20.08.2021 00:18:52.615,6.49884,6.49835,1.1,1
20.08.2021 00:18:53.172,6.49884,6.49835,1.1,1
20.08.2021 00:18:53.273,6.498780000000001,6.49835,1,1
20.08.2021 00:18:54.196,6.49884,6.49835,1.97,1
20.08.2021 00:18:55.315,6.49884,6.49835,1.97,1
20.08.2021 00:18:56.185,6.49885,6.498340000000001,1.6,1
20.08.2021 00:18:56.597,6.49885,6.498340000000001,1.6,1
20.08.2021 00:19:08.485,6.49885,6.498340000000001,1.97,1
20.08.2021 00:19:11.731,6.4987900000000005,6.49835,1.1,1
20.08.2021 00:19:19.452,6.4988,6.498340000000001,1.2,1
20.08.2021 00:19:19.783,6.49885,6.498340000000001,2.05,1
20.08.2021 00:19:19.884,6.49885,6.498340000000001,2.05,1
20.08.2021 00:19:20.101,6.49885,6.498340000000001,2.05,1
20.08.2021 00:19:20.675,6.49884,6.49835,2.17,1
20.08.2021 00:19:20.790,6.498830000000001,6.498340000000001,1.35,1
20.08.2021 00:19:20.891,6.4987,6.498340000000001,1.1,1
20.08.2021 00:19:21.161,6.49875,6.498340000000001,1.6,1
20.08.2021 00:19:21.960,6.4986500000000005,6.498340000000001,1.2,1
20.08.2021 00:19:23.677,6.498600000000001,6.49835,1.1,1
20.08.2021 00:19:29.476,6.4986500000000005,6.498340000000001,1.1,1
20.08.2021 00:19:36.225,6.49867,6.498340000000001,1.1,1
20.08.2021 00:19:39.146,6.49868,6.498200000000001,1.1,1.5
20.08.2021 00:19:39.297,6.49868,6.49821,1.1,1
20.08.2021 00:19:39.347,6.49868,6.49828,1.1,1
20.08.2021 00:19:40.241,6.49868,6.498290000000001,1.1,1
20.08.2021 00:19:56.012,6.4986500000000005,6.498290000000001,1.1,1
20.08.2021 00:19:59.731,6.49862,6.498290000000001,1.1,1
20.08.2021 00:20:00.219,6.49862,6.49826,1.1,1
20.08.2021 00:20:03.566,6.49863,6.49828,1.1,1
20.08.2021 00:20:08.045,6.49862,6.49826,1.1,1
20.08.2021 00:20:13.733,6.49863,6.49828,1.1,1
20.08.2021 00:20:17.066,6.498600000000001,6.498290000000001,1.1,1
20.08.2021 00:20:18.324,6.4985800000000005,6.498290000000001,1.1,1
20.08.2021 00:20:19.098,6.498550000000001,6.49828,1.1,1
20.08.2021 00:20:19.428,6.49854,6.49828,1.1,1
20.08.2021 00:20:20.260,6.498550000000001,6.498290000000001,1.1,1
20.08.2021 00:20:20.837,6.49856,6.49831,1.1,1
20.08.2021 00:20:20.939,6.4985800000000005,6.49832,1.1,1
20.08.2021 00:20:28.079,6.49861,6.49832,1.1,1
20.08.2021 00:20:29.999,6.4986500000000005,6.49831,1.1,1
20.08.2021 00:20:30.230,6.4986500000000005,6.498290000000001,1.1,1
20.08.2021 00:20:30.770,6.498640000000001,6.49832,1.1,1
20.08.2021 00:20:33.421,6.49866,6.49832,1.1,1
20.08.2021 00:20:33.659,6.4987,6.49831,1.1,1
20.08.2021 00:20:34.104,6.49875,6.49833,1.2,1
20.08.2021 00:20:34.205,6.49875,6.49833,1.1,1
20.08.2021 00:20:34.477,6.4987900000000005,6.49833,1.1,1
20.08.2021 00:20:34.616,6.49884,6.4985800000000005,1,1
20.08.2021 00:20:34.667,6.49899,6.49857,1.1,1
20.08.2021 00:20:34.718,6.49899,6.49863,1.1,1
20.08.2021 00:20:34.768,6.499130000000001,6.49867,1.1,1
20.08.2021 00:20:34.819,6.499130000000001,6.49866,1.1,1
20.08.2021 00:20:35.582,6.49907,6.49866,1.1,1.5
20.08.2021 00:20:36.109,6.49906,6.49867,1.1,1.5
20.08.2021 00:20:36.880,6.49906,6.49867,1.1,1
20.08.2021 00:20:36.981,6.499130000000001,6.49867,2.6,1
20.08.2021 00:20:37.082,6.4989300000000005,6.49867,1,1
20.08.2021 00:20:40.651,6.49894,6.4985100000000005,1,1
20.08.2021 00:20:40.702,6.49884,6.49841,1,1
20.08.2021 00:20:40.854,6.49892,6.49842,1.85,1
20.08.2021 00:20:41.208,6.49892,6.49842,1.35,1
20.08.2021 00:20:42.375,6.49894,6.49841,1.85,1
20.08.2021 00:20:42.779,6.49889,6.49842,1.35,1
20.08.2021 00:20:42.880,6.4989300000000005,6.498460000000001,1.35,1
20.08.2021 00:20:42.981,6.4989300000000005,6.49863,1,1
20.08.2021 00:20:43.031,6.49899,6.49856,1.1,1
20.08.2021 00:20:43.182,6.49899,6.4986500000000005,1.1,1
20.08.2021 00:20:43.233,6.49899,6.4986500000000005,1,1
20.08.2021 00:20:43.561,6.49899,6.498690000000001,1,1
20.08.2021 00:20:44.742,6.49899,6.498640000000001,1,1
20.08.2021 00:20:45.037,6.49898,6.498730000000001,1,1
20.08.2021 00:20:47.239,6.49899,6.49868,1,1
20.08.2021 00:20:51.394,6.49899,6.498640000000001,1,1
20.08.2021 00:20:51.495,6.49899,6.498550000000001,1,2.35
20.08.2021 00:20:52.285,6.49898,6.49856,1,1.6
20.08.2021 00:20:53.604,6.49899,6.49856,1,1.2
20.08.2021 00:20:53.655,6.49898,6.49861,1,1.1
20.08.2021 00:20:54.414,6.49899,6.49862,1,1.1
20.08.2021 00:20:54.766,6.49899,6.498600000000001,1,1.1
20.08.2021 00:20:57.056,6.49898,6.49863,1,1.1
20.08.2021 00:20:58.331,6.49898,6.49861,1,1.1
20.08.2021 00:21:00.762,6.49899,6.49861,1,1.1
20.08.2021 00:21:01.094,6.49899,6.49863,1,1.1
20.08.2021 00:21:01.631,6.49898,6.49867,1,1.1
20.08.2021 00:21:02.186,6.49898,6.49868,1,1
20.08.2021 00:21:02.921,6.49899,6.498690000000001,1,1.1
20.08.2021 00:21:04.663,6.49898,6.49868,1,1.57
20.08.2021 00:21:05.488,6.49899,6.498690000000001,1,1.1
20.08.2021 00:21:06.479,6.49899,6.49871,1,1.1
20.08.2021 00:21:08.744,6.49927,6.49885,2.75,1
20.08.2021 00:21:08.800,6.499280000000001,6.498880000000001,2.25,1
20.08.2021 00:21:08.851,6.49931,6.498880000000001,1,1
20.08.2021 00:21:09.500,6.49931,6.49892,1,1
20.08.2021 00:21:10.104,6.499300000000001,6.4990000000000006,1,1
20.08.2021 00:21:12.988,6.499300000000001,6.499040000000001,1,1
20.08.2021 00:21:14.304,6.49947,6.4990000000000006,1.1,1
20.08.2021 00:21:14.405,6.49946,6.49903,1,1
20.08.2021 00:21:14.513,6.49947,6.4990000000000006,1.6,1
20.08.2021 00:21:14.564,6.49943,6.49901,1,1
20.08.2021 00:21:14.665,6.49934,6.49891,1,1
20.08.2021 00:21:14.766,6.49927,6.49892,1,1
20.08.2021 00:21:16.195,6.499280000000001,6.4989,1,1
20.08.2021 00:21:18.498,6.49927,6.498880000000001,1,1.5
20.08.2021 00:21:18.549,6.49925,6.498880000000001,1,1
20.08.2021 00:21:19.355,6.49924,6.498880000000001,1.1,1
20.08.2021 00:21:19.905,6.4992,6.49887,1.1,1
20.08.2021 00:21:20.291,6.499230000000001,6.498880000000001,1.1,1
20.08.2021 00:21:20.391,6.4992600000000005,6.49891,1.1,1
20.08.2021 00:21:20.902,6.49927,6.49891,1.57,1
20.08.2021 00:21:22.925,6.49932,6.4989300000000005,1.1,1
20.08.2021 00:21:23.025,6.499350000000001,6.49894,1.1,1.5
20.08.2021 00:21:23.596,6.499350000000001,6.4989300000000005,1.1,1
20.08.2021 00:21:23.647,6.499350000000001,6.49891,1.57,1.1
20.08.2021 00:21:24.868,6.4993300000000005,6.49891,1.1,1.1
20.08.2021 00:21:26.669,6.499350000000001,6.49891,1.57,1.1
20.08.2021 00:21:27.636,6.499350000000001,6.4989300000000005,1.57,1
20.08.2021 00:21:27.829,6.49934,6.49892,1.57,1.1
20.08.2021 00:21:28.301,6.49931,6.49891,1.1,1
20.08.2021 00:21:29.112,6.49934,6.49891,1.57,1.57
20.08.2021 00:21:29.618,6.49934,6.4989300000000005,1.57,1.1
20.08.2021 00:21:33.000,6.49934,6.49894,1,1.1
20.08.2021 00:21:38.074,6.49934,6.49897,1,1.1
20.08.2021 00:21:38.795,6.49938,6.49896,1,1.1
20.08.2021 00:21:42.577,6.49937,6.498950000000001,1.57,1
20.08.2021 00:21:45.417,6.49936,6.498950000000001,1.1,1
20.08.2021 00:21:45.948,6.4993300000000005,6.49894,1.1,1
20.08.2021 00:21:50.416,6.499300000000001,6.498950000000001,1.1,1
20.08.2021 00:21:52.142,6.499300000000001,6.4989300000000005,1.1,1
20.08.2021 00:21:52.243,6.49929,6.4989300000000005,1.1,1
20.08.2021 00:21:53.052,6.499280000000001,6.49892,1.1,1
20.08.2021 00:21:54.075,6.49925,6.49892,1.1,1
20.08.2021 00:21:54.126,6.4992600000000005,6.4989300000000005,1.1,1
20.08.2021 00:21:55.115,6.49925,6.49892,1.1,1
20.08.2021 00:21:55.495,6.499280000000001,6.4989300000000005,1.1,1
20.08.2021 00:21:56.076,6.4992600000000005,6.4989300000000005,1.1,1
20.08.2021 00:21:57.586,6.499280000000001,6.49892,1.1,1
20.08.2021 00:21:57.775,6.49927,6.49892,1.1,1
20.08.2021 00:21:58.878,6.49924,6.4989300000000005,1.1,1
20.08.2021 00:22:00.195,6.4992600000000005,6.49892,1.1,1
20.08.2021 00:22:00.987,6.4992600000000005,6.4989300000000005,1.1,1
20.08.2021 00:22:01.627,6.49922,6.4989300000000005,1.1,1
20.08.2021 00:22:02.052,6.49922,6.49891,1.1,1
20.08.2021 00:22:02.800,6.49924,6.49891,1.1,1
20.08.2021 00:22:03.909,6.4992600000000005,6.49892,1.1,1
20.08.2021 00:22:04.010,6.4992600000000005,6.4989300000000005,1.1,1
20.08.2021 00:22:04.435,6.49924,6.49892,1.1,1
20.08.2021 00:22:04.740,6.49924,6.4989300000000005,1.1,1
20.08.2021 00:22:05.740,6.499230000000001,6.49892,1.1,1
20.08.2021 00:22:05.791,6.49924,6.4989300000000005,1.1,1
20.08.2021 00:22:05.942,6.49925,6.4989,1.1,1
20.08.2021 00:22:06.048,6.49924,6.4989,1.1,1
20.08.2021 00:22:06.250,6.49922,6.49889,1.1,1
20.08.2021 00:22:06.401,6.49922,6.4989,1.1,1
20.08.2021 00:22:06.553,6.499180000000001,6.4989,1.1,1
20.08.2021 00:22:07.010,6.499140000000001,6.49889,1.1,1
20.08.2021 00:22:07.061,6.499130000000001,6.49871,1.1,1.6
20.08.2021 00:22:07.162,6.49907,6.49859,1,1
20.08.2021 00:22:07.263,6.49898,6.49849,1.1,1
20.08.2021 00:22:07.313,6.4988,6.4983900000000006,1,1.5
20.08.2021 00:22:07.364,6.4988,6.49828,1.5,1.1
20.08.2021 00:22:07.465,6.49875,6.49828,1,1
20.08.2021 00:22:07.817,6.498740000000001,6.49836,1,1
20.08.2021 00:22:07.918,6.4988,6.49836,1,1
20.08.2021 00:22:09.818,6.4988,6.4983900000000006,1,1
20.08.2021 00:22:10.147,6.4988,6.49845,1,1
20.08.2021 00:22:10.197,6.49899,6.498480000000001,1.5,1.5
20.08.2021 00:22:10.248,6.49899,6.4985100000000005,1.6,1
20.08.2021 00:22:10.393,6.49897,6.4985100000000005,1,1
20.08.2021 00:22:10.578,6.49898,6.498550000000001,1,1
20.08.2021 00:22:15.336,6.49897,6.4985,1,1
20.08.2021 00:22:16.291,6.498950000000001,6.4985,1.1,1
20.08.2021 00:22:17.152,6.4989300000000005,6.4985,1.1,1
20.08.2021 00:22:17.826,6.498880000000001,6.4985,1.1,1
20.08.2021 00:22:17.877,6.49891,6.4985,1.1,1
20.08.2021 00:22:18.446,6.49894,6.4985,1,1
20.08.2021 00:22:21.646,6.49894,6.49849,1,1
20.08.2021 00:22:21.748,6.49889,6.49849,1,1
20.08.2021 00:22:39.637,6.498880000000001,6.498460000000001,1,1
20.08.2021 00:22:39.688,6.49872,6.498340000000001,1,1
20.08.2021 00:22:39.739,6.49872,6.49831,1.1,1
20.08.2021 00:22:39.789,6.49872,6.498340000000001,1,1
20.08.2021 00:22:39.840,6.49861,6.4981800000000005,1,1
20.08.2021 00:22:39.891,6.49854,6.49807,1,1.6
20.08.2021 00:22:39.941,6.49854,6.4981,1,1
20.08.2021 00:22:39.992,6.4985,6.498030000000001,1,2
20.08.2021 00:22:40.043,6.4985,6.498030000000001,1.57,1
20.08.2021 00:22:40.210,6.49849,6.497990000000001,1.5,1
20.08.2021 00:22:40.329,6.49849,6.49802,1.1,1
20.08.2021 00:22:40.430,6.4985,6.498030000000001,1,1
20.08.2021 00:22:40.633,6.49849,6.49806,1,1
20.08.2021 00:22:40.792,6.4985,6.49815,1,1
20.08.2021 00:22:41.923,6.4985,6.498130000000001,1,1
20.08.2021 00:22:42.125,6.49847,6.498130000000001,1.1,1
20.08.2021 00:22:42.421,6.49847,6.49812,1.1,1
20.08.2021 00:22:42.728,6.49849,6.498130000000001,1,1
20.08.2021 00:22:44.363,6.498480000000001,6.49812,1.1,1
20.08.2021 00:22:44.414,6.49847,6.4981100000000005,1.1,1
20.08.2021 00:22:44.885,6.49845,6.4981,1.1,1
20.08.2021 00:22:45.758,6.498480000000001,6.49812,1.1,1
20.08.2021 00:22:45.809,6.49847,6.49816,1.1,1
20.08.2021 00:22:46.049,6.498460000000001,6.49815,1.1,1
20.08.2021 00:22:46.530,6.498460000000001,6.49812,1.1,1
20.08.2021 00:22:47.079,6.49844,6.49812,1.1,1
20.08.2021 00:22:47.129,6.498430000000001,6.4981,1.1,1
20.08.2021 00:22:48.245,6.498460000000001,6.49809,1.1,1
20.08.2021 00:22:48.345,6.49845,6.49805,1.1,1
20.08.2021 00:22:49.814,6.49847,6.49805,1.1,1
20.08.2021 00:22:50.865,6.49847,6.4980400000000005,1.1,1.5
20.08.2021 00:22:51.054,6.49857,6.49819,1.1,1
20.08.2021 00:22:51.155,6.49861,6.49822,1.1,1
20.08.2021 00:22:51.676,6.49859,6.49822,1.1,1
20.08.2021 00:22:51.727,6.49852,6.4981,1,1
20.08.2021 00:22:53.546,6.49849,6.49809,1,1
20.08.2021 00:22:53.697,6.498530000000001,6.49809,1,1
20.08.2021 00:22:56.766,6.49852,6.49801,1,1
20.08.2021 00:22:56.816,6.498480000000001,6.497990000000001,1,1.1
20.08.2021 00:22:56.867,6.498530000000001,6.498,1,1
20.08.2021 00:22:57.107,6.49852,6.49802,1,1
20.08.2021 00:22:57.208,6.498550000000001,6.49805,1,1
20.08.2021 00:22:57.375,6.4985,6.49802,1,1.5
20.08.2021 00:22:58.153,6.49854,6.498030000000001,1,1
20.08.2021 00:22:58.255,6.498550000000001,6.498030000000001,1,1
20.08.2021 00:22:59.736,6.49854,6.498030000000001,1,1
20.08.2021 00:23:00.528,6.49854,6.4980400000000005,1,1
20.08.2021 00:23:00.629,6.4985,6.4980400000000005,1,1.5
20.08.2021 00:23:04.026,6.4985,6.49805,1,1
20.08.2021 00:23:04.127,6.498530000000001,6.49806,1,1.5
20.08.2021 00:23:04.228,6.49854,6.49807,1,1
20.08.2021 00:23:04.489,6.498550000000001,6.49806,1,1.5
20.08.2021 00:23:04.748,6.498550000000001,6.49806,1,1
20.08.2021 00:23:05.082,6.49854,6.49807,1,1.5
20.08.2021 00:23:05.451,6.498550000000001,6.49806,1,1
20.08.2021 00:23:06.010,6.498530000000001,6.49807,1.1,1
20.08.2021 00:23:06.291,6.498550000000001,6.49806,1,1
20.08.2021 00:23:06.935,6.498550000000001,6.49806,1,1.5
20.08.2021 00:23:07.170,6.49854,6.49807,1,1
20.08.2021 00:23:07.992,6.498550000000001,6.49806,1,1.5
20.08.2021 00:23:08.220,6.498550000000001,6.49806,1,1
20.08.2021 00:23:08.856,6.498550000000001,6.49806,1,1.5
20.08.2021 00:23:09.412,6.498550000000001,6.49806,1.57,1
20.08.2021 00:23:09.513,6.498530000000001,6.4980400000000005,1.1,1
20.08.2021 00:23:09.614,6.498480000000001,6.49805,1,1
20.08.2021 00:23:34.265,6.49847,6.498030000000001,1,1
20.08.2021 00:23:34.366,6.498460000000001,6.498,1.1,1
20.08.2021 00:23:34.467,6.49827,6.49797,1,1
20.08.2021 00:23:34.568,6.49828,6.49793,1,1
20.08.2021 00:23:34.824,6.49836,6.49793,1,1
20.08.2021 00:23:35.272,6.49835,6.49795,1,1
20.08.2021 00:23:38.064,6.498340000000001,6.49795,1.1,1
20.08.2021 00:23:39.254,6.49836,6.497940000000001,1,1
20.08.2021 00:23:43.345,6.49836,6.49795,1,1
20.08.2021 00:23:43.395,6.49847,6.4980400000000005,1,1
20.08.2021 00:23:43.446,6.498530000000001,6.4980400000000005,2.1,1
20.08.2021 00:23:43.557,6.498530000000001,6.4980400000000005,1.6,1
20.08.2021 00:23:43.608,6.49854,6.49809,1.6,1
20.08.2021 00:23:44.386,6.498530000000001,6.4981,1.6,1
20.08.2021 00:23:44.477,6.49854,6.49809,1.6,1
20.08.2021 00:23:46.840,6.49854,6.49809,1.57,1
20.08.2021 00:23:47.806,6.4985,6.49809,1,1
20.08.2021 00:23:48.425,6.49852,6.4981,1.5,1
20.08.2021 00:24:04.923,6.498480000000001,6.4981,1,1
20.08.2021 00:24:06.284,6.49852,6.4981,1,1
20.08.2021 00:24:06.339,6.4985100000000005,6.49809,1.1,1
20.08.2021 00:24:06.416,6.49852,6.4981,1,1
20.08.2021 00:24:07.238,6.49849,6.4981,1.1,1
20.08.2021 00:24:07.289,6.4985100000000005,6.4981,1,1
20.08.2021 00:24:08.478,6.498530000000001,6.4981,1.65,1
20.08.2021 00:24:09.109,6.49852,6.4981,1,1
20.08.2021 00:24:09.475,6.4985100000000005,6.4981,1,1
20.08.2021 00:24:09.672,6.4985,6.4981,1.1,1
20.08.2021 00:24:10.075,6.4985100000000005,6.4981,1,1
20.08.2021 00:24:11.061,6.498480000000001,6.49809,1,1
20.08.2021 00:24:11.213,6.498430000000001,6.4981,1,1
20.08.2021 00:24:11.326,6.49842,6.4981,1,1
20.08.2021 00:24:12.375,6.49841,6.49791,1.1,1
20.08.2021 00:24:12.520,6.49833,6.49791,1.1,1
20.08.2021 00:24:14.596,6.49832,6.49791,1.1,1
20.08.2021 00:24:14.697,6.498200000000001,6.49783,1.12,1
20.08.2021 00:24:17.729,6.498200000000001,6.497800000000001,1,1
20.08.2021 00:24:17.877,6.49819,6.497800000000001,1,1
20.08.2021 00:24:19.459,6.498200000000001,6.49779,1.1,1
20.08.2021 00:24:21.941,6.49817,6.49779,1,1
20.08.2021 00:24:22.042,6.4980400000000005,6.4977100000000005,1,1
20.08.2021 00:24:22.093,6.49805,6.497680000000001,1,1
20.08.2021 00:24:22.194,6.49805,6.49766,1,1.5
20.08.2021 00:24:29.967,6.49805,6.49766,1.5,1
20.08.2021 00:24:30.068,6.49801,6.49767,1,1
20.08.2021 00:24:30.169,6.49791,6.49766,1,1
20.08.2021 00:24:30.684,6.49797,6.49767,1.12,1
20.08.2021 00:24:30.785,6.4980400000000005,6.49767,1.6,1
20.08.2021 00:24:30.886,6.49796,6.497590000000001,1.1,1
20.08.2021 00:24:30.936,6.49787,6.4975000000000005,1,1
20.08.2021 00:24:31.095,6.49787,6.497490000000001,1,1
20.08.2021 00:24:31.926,6.49792,6.497490000000001,1.1,1
20.08.2021 00:24:32.027,6.49791,6.4975000000000005,1.1,1
20.08.2021 00:24:32.888,6.4979000000000005,6.4974300000000005,1.1,1
20.08.2021 00:24:32.939,6.49779,6.4973600000000005,1,1.5
20.08.2021 00:24:33.040,6.4977800000000006,6.49737,1,1
20.08.2021 00:24:35.319,6.49774,6.49751,1,1
20.08.2021 00:24:35.370,6.497730000000001,6.4973600000000005,1,1
20.08.2021 00:24:36.029,6.49774,6.49737,1,1
20.08.2021 00:24:36.079,6.49782,6.497380000000001,1.1,1
20.08.2021 00:24:36.587,6.49783,6.49746,1.1,1
20.08.2021 00:24:37.907,6.49784,6.497450000000001,1.1,1
20.08.2021 00:24:41.090,6.49786,6.497450000000001,1.1,1
20.08.2021 00:24:41.141,6.49786,6.497450000000001,1,1.5
20.08.2021 00:24:41.326,6.497890000000001,6.49746,1.1,1.5
20.08.2021 00:24:41.427,6.497890000000001,6.49746,1.1,1
20.08.2021 00:24:43.508,6.497890000000001,6.497450000000001,1.1,1.5
20.08.2021 00:24:43.799,6.49787,6.497450000000001,1,1.5
20.08.2021 00:24:47.276,6.49787,6.497450000000001,1.1,1
20.08.2021 00:24:50.145,6.49782,6.49746,1,1
20.08.2021 00:24:50.565,6.49787,6.497450000000001,1.1,1
20.08.2021 00:24:51.110,6.49787,6.49739,1.1,1
20.08.2021 00:24:51.426,6.49782,6.4975000000000005,1,1
20.08.2021 00:24:51.527,6.49776,6.497450000000001,1,1
20.08.2021 00:24:51.678,6.49776,6.497310000000001,1,1.6
20.08.2021 00:24:51.779,6.49776,6.497310000000001,1,1.1
20.08.2021 00:24:51.982,6.49777,6.4973,1,1
20.08.2021 00:24:52.312,6.4977800000000006,6.49746,1,1
20.08.2021 00:24:52.446,6.497800000000001,6.497450000000001,1,1
20.08.2021 00:24:52.887,6.49783,6.497450000000001,1,1
20.08.2021 00:24:53.347,6.49782,6.49739,1,1
20.08.2021 00:24:54.417,6.49787,6.497380000000001,1,1.1
20.08.2021 00:24:55.995,6.497890000000001,6.497380000000001,1.6,1.1
20.08.2021 00:25:02.947,6.49788,6.49739,1.6,1
20.08.2021 00:25:06.836,6.49775,6.49739,1,1
20.08.2021 00:25:07.496,6.497800000000001,6.497380000000001,1,1
20.08.2021 00:25:08.207,6.49775,6.49748,1,1
20.08.2021 00:25:08.585,6.49772,6.49748,1,1
20.08.2021 00:25:08.635,6.49776,6.497490000000001,1,1
20.08.2021 00:25:09.178,6.49779,6.497490000000001,1,1
20.08.2021 00:25:09.328,6.49781,6.49748,1,1
20.08.2021 00:25:10.581,6.49783,6.49748,1,1
20.08.2021 00:25:24.195,6.497800000000001,6.497490000000001,1,1
20.08.2021 00:25:24.245,6.49783,6.49748,1,1
20.08.2021 00:25:27.307,6.49783,6.497490000000001,1,1
20.08.2021 00:25:39.299,6.4977800000000006,6.497490000000001,1,1
20.08.2021 00:25:40.264,6.49782,6.497490000000001,1,1
20.08.2021 00:25:40.365,6.49786,6.497490000000001,1.1,1
20.08.2021 00:25:40.466,6.49792,6.49755,1,1
20.08.2021 00:25:40.567,6.49793,6.49755,1,1
20.08.2021 00:25:40.618,6.497940000000001,6.49748,1,1.1
20.08.2021 00:25:40.792,6.49793,6.497490000000001,1,1.1
20.08.2021 00:25:41.715,6.497940000000001,6.4975000000000005,1,1.1
20.08.2021 00:25:43.242,6.49793,6.49753,1,1.1
20.08.2021 00:25:43.293,6.497940000000001,6.49748,1,1
20.08.2021 00:25:43.933,6.49793,6.49751,1,1.1
20.08.2021 00:25:46.174,6.49793,6.49753,1,1.1
20.08.2021 00:25:46.325,6.497940000000001,6.497490000000001,1,1.1
20.08.2021 00:25:47.009,6.49793,6.49755,1,1.1
20.08.2021 00:25:47.060,6.497940000000001,6.4975000000000005,1,1.1
20.08.2021 00:25:47.212,6.49793,6.49752,1,1.1
20.08.2021 00:25:48.369,6.49793,6.497590000000001,1,1.1
20.08.2021 00:25:48.470,6.497940000000001,6.49753,1,1.1
20.08.2021 00:25:49.125,6.49793,6.497580000000001,1,1
20.08.2021 00:25:49.428,6.497940000000001,6.497590000000001,1,1.1
20.08.2021 00:25:53.093,6.497940000000001,6.49755,1,1.1
20.08.2021 00:25:56.238,6.49793,6.49755,1,1.1
20.08.2021 00:25:56.340,6.49792,6.49755,1,1
20.08.2021 00:25:57.199,6.49793,6.49755,1.5,1
20.08.2021 00:25:57.672,6.497940000000001,6.497580000000001,1.5,1
20.08.2021 00:25:57.722,6.49793,6.49755,1.5,1
20.08.2021 00:25:58.094,6.49793,6.49757,1.5,1.1
20.08.2021 00:26:01.998,6.49793,6.4976,1.5,1.1
20.08.2021 00:26:04.729,6.497850000000001,6.497590000000001,1,1.1
20.08.2021 00:26:04.839,6.49784,6.497630000000001,1,1.1
20.08.2021 00:26:08.197,6.49788,6.497630000000001,1,1.1
20.08.2021 00:26:09.378,6.497890000000001,6.49761,1,1.1
20.08.2021 00:26:10.308,6.497890000000001,6.4976400000000005,1,1.1
20.08.2021 00:26:10.601,6.49788,6.49766,1,1.1
20.08.2021 00:26:11.593,6.49788,6.4977,1,1.1
20.08.2021 00:26:11.643,6.497890000000001,6.4976400000000005,1,1.1
20.08.2021 00:26:12.448,6.49788,6.4976400000000005,1,1.1
20.08.2021 00:26:13.052,6.49788,6.49765,1,1.1
20.08.2021 00:26:13.355,6.49788,6.497680000000001,1,1.1
20.08.2021 00:26:15.708,6.497850000000001,6.49762,1,1.1
20.08.2021 00:26:16.000,6.49784,6.4976400000000005,1,1.1
20.08.2021 00:26:16.316,6.49788,6.4976400000000005,1,1.1
20.08.2021 00:26:16.637,6.49788,6.49767,1,1.1
20.08.2021 00:26:16.848,6.49787,6.49766,1,1.1
20.08.2021 00:26:17.288,6.49786,6.497630000000001,1,1.1
20.08.2021 00:26:17.643,6.49787,6.497630000000001,1,1.1
20.08.2021 00:26:17.838,6.49787,6.4976400000000005,1,1.1
20.08.2021 00:26:18.676,6.49787,6.49765,1,1.1
20.08.2021 00:26:18.989,6.49788,6.49765,1,1.1
20.08.2021 00:26:19.102,6.49784,6.49766,1,1.1
20.08.2021 00:26:19.153,6.497850000000001,6.49762,1,1.1
20.08.2021 00:26:19.403,6.497850000000001,6.4976400000000005,1,1.1
20.08.2021 00:26:19.946,6.497850000000001,6.49767,1,1.1
20.08.2021 00:26:21.581,6.497850000000001,6.4976400000000005,1,1.1
20.08.2021 00:26:22.755,6.497850000000001,6.4976,1,1
20.08.2021 00:26:27.274,6.497850000000001,6.49761,1,1.1
20.08.2021 00:26:27.425,6.49784,6.49761,1,1
20.08.2021 00:26:29.686,6.497850000000001,6.49762,1,1.1
20.08.2021 00:26:30.179,6.497850000000001,6.4976,1,1
20.08.2021 00:26:30.331,6.49781,6.497450000000001,1,1.1
20.08.2021 00:26:30.431,6.497680000000001,6.49746,1,1
20.08.2021 00:26:30.532,6.49746,6.497310000000001,1,1
20.08.2021 00:26:30.633,6.49732,6.497140000000001,1,1
20.08.2021 00:26:30.684,6.49744,6.49713,1,1.5
20.08.2021 00:26:30.784,6.49746,6.497140000000001,1,1.5
20.08.2021 00:26:31.078,6.4975000000000005,6.497140000000001,1,1.5
20.08.2021 00:26:31.130,6.49742,6.497140000000001,1,1.5
20.08.2021 00:26:31.181,6.497580000000001,6.49713,1,1.5
20.08.2021 00:26:31.392,6.497590000000001,6.49713,1,1.5
20.08.2021 00:26:31.492,6.49762,6.49716,1,1
20.08.2021 00:26:31.694,6.497630000000001,6.49725,1,1
20.08.2021 00:26:34.085,6.49765,6.49725,1,1
20.08.2021 00:26:37.952,6.49737,6.49716,1,1
20.08.2021 00:26:38.054,6.49718,6.49712,1,1
20.08.2021 00:26:38.154,6.49722,6.49711,1,1
20.08.2021 00:26:39.526,6.4972,6.49712,1,1
20.08.2021 00:26:39.627,6.49721,6.49685,1,1
20.08.2021 00:26:39.677,6.49717,6.49691,1,1
20.08.2021 00:26:39.778,6.49707,6.4968,1,1.5
20.08.2021 00:26:39.879,6.49704,6.49677,1,1
20.08.2021 00:26:40.194,6.497050000000001,6.49677,1,1
20.08.2021 00:26:40.295,6.49713,6.49677,1,1
20.08.2021 00:26:40.585,6.4972,6.49677,1,1
20.08.2021 00:26:40.908,6.49721,6.496830000000001,1,1
20.08.2021 00:26:41.041,6.49721,6.49686,1,1
20.08.2021 00:26:42.488,6.49721,6.496830000000001,1,1.5
20.08.2021 00:26:42.538,6.4972,6.49691,1,1
20.08.2021 00:26:42.639,6.49739,6.4969,1.5,1.1
20.08.2021 00:26:43.291,6.497450000000001,6.4969,1.5,1.1
20.08.2021 00:26:43.926,6.49744,6.49691,1.5,1.1
20.08.2021 00:26:44.344,6.49744,6.49701,1.5,1
20.08.2021 00:26:44.395,6.497450000000001,6.49701,1.5,1
20.08.2021 00:26:47.913,6.4973,6.497,1,1
20.08.2021 00:26:48.194,6.49742,6.49701,1,1
20.08.2021 00:26:48.699,6.4974300000000005,6.4971000000000005,1,1
20.08.2021 00:26:49.666,6.4974300000000005,6.49702,1,1
20.08.2021 00:26:50.202,6.4974300000000005,6.4970300000000005,1,1
20.08.2021 00:26:50.303,6.49742,6.497050000000001,1,1
20.08.2021 00:26:50.434,6.4974300000000005,6.497050000000001,1,1.1
20.08.2021 00:26:50.635,6.49742,6.49713,1,1
20.08.2021 00:26:50.744,6.49742,6.4971000000000005,1,1
20.08.2021 00:26:54.923,6.49761,6.49711,1,1
20.08.2021 00:26:54.973,6.497540000000001,6.49711,1,1
20.08.2021 00:26:56.450,6.49748,6.49711,1,1
20.08.2021 00:26:56.551,6.497450000000001,6.49711,1,1
20.08.2021 00:26:56.652,6.49746,6.49712,1,1
20.08.2021 00:26:57.478,6.4974300000000005,6.49711,1,1
20.08.2021 00:26:57.591,6.497380000000001,6.49711,1,1
20.08.2021 00:27:00.789,6.497240000000001,6.49694,1,1
20.08.2021 00:27:00.839,6.49715,6.496880000000001,1,1
20.08.2021 00:27:00.890,6.49716,6.496790000000001,1,1.1
20.08.2021 00:27:01.729,6.49716,6.4968,1,1.2
20.08.2021 00:27:02.016,6.49715,6.49691,1,1
20.08.2021 00:27:02.117,6.497190000000001,6.49691,1,1
20.08.2021 00:27:02.502,6.4972,6.496840000000001,1,1.57
20.08.2021 00:27:06.584,6.4972,6.496790000000001,1,1.1
20.08.2021 00:27:06.635,6.49697,6.4967500000000005,1,1
20.08.2021 00:27:06.736,6.49697,6.496630000000001,1,1
20.08.2021 00:27:06.839,6.496880000000001,6.49655,1,1
20.08.2021 00:27:06.940,6.49691,6.496560000000001,1,1
20.08.2021 00:27:07.156,6.49691,6.496580000000001,1,1
20.08.2021 00:27:07.290,6.49694,6.49655,1,1.5
20.08.2021 00:27:07.504,6.496930000000001,6.49664,1,1
20.08.2021 00:27:07.621,6.49685,6.49664,1,1
20.08.2021 00:27:08.208,6.49704,6.496630000000001,1,1
20.08.2021 00:27:08.259,6.49706,6.496630000000001,1,1
20.08.2021 00:27:08.760,6.496980000000001,6.496630000000001,1,1
20.08.2021 00:27:09.725,6.496980000000001,6.496650000000001,1,1
20.08.2021 00:27:09.775,6.49697,6.49664,1,1
20.08.2021 00:27:17.980,6.49701,6.49664,1,1
20.08.2021 00:27:24.178,6.49707,6.496630000000001,1,1
20.08.2021 00:27:24.229,6.49707,6.496650000000001,1,1
20.08.2021 00:27:24.459,6.49707,6.49667,1,1
20.08.2021 00:27:32.239,6.49706,6.496740000000001,1,1
20.08.2021 00:27:32.527,6.49707,6.49667,1,1
20.08.2021 00:27:33.142,6.49711,6.49667,1.1,1
20.08.2021 00:27:33.243,6.49717,6.49667,1,1
20.08.2021 00:27:33.344,6.49717,6.49673,1,1
20.08.2021 00:27:33.394,6.49716,6.49669,1,1.1
20.08.2021 00:27:33.506,6.49716,6.49669,1,1
20.08.2021 00:27:34.354,6.49716,6.496740000000001,1,1
20.08.2021 00:27:34.871,6.49717,6.4967500000000005,1,1
20.08.2021 00:27:34.972,6.49716,6.496740000000001,1,1
20.08.2021 00:27:35.277,6.497330000000001,6.49677,1.5,1
20.08.2021 00:27:35.378,6.49744,6.496880000000001,1.5,1
20.08.2021 00:27:35.478,6.4974300000000005,6.4968900000000005,1,1
20.08.2021 00:27:36.657,6.49741,6.4968900000000005,1,1
20.08.2021 00:27:37.146,6.4974300000000005,6.4968900000000005,1,1
20.08.2021 00:27:38.360,6.49744,6.49694,1,1
20.08.2021 00:27:39.104,6.49744,6.49695,1,1.6
20.08.2021 00:27:39.602,6.49744,6.497,1,1.6
20.08.2021 00:27:39.652,6.497730000000001,6.49712,1,1
20.08.2021 00:27:39.703,6.4977100000000005,6.497140000000001,1,1
20.08.2021 00:27:39.804,6.4977,6.497190000000001,1,1
20.08.2021 00:27:40.618,6.4977,6.49699,1,1.6
20.08.2021 00:27:40.941,6.4976400000000005,6.4970300000000005,1,1.1
20.08.2021 00:27:41.362,6.497590000000001,6.49704,1,1.1
20.08.2021 00:27:41.668,6.497590000000001,6.497190000000001,1,1
20.08.2021 00:27:50.031,6.49761,6.497190000000001,1,1
20.08.2021 00:27:55.009,6.49766,6.49718,1,1
20.08.2021 00:27:55.248,6.49762,6.49718,1,1
20.08.2021 00:27:57.211,6.49766,6.49718,1,1
20.08.2021 00:28:18.508,6.49762,6.49718,1,1
20.08.2021 00:28:18.609,6.49762,6.49722,1,1
20.08.2021 00:28:18.764,6.4976400000000005,6.497230000000001,1,1
20.08.2021 00:28:19.084,6.49772,6.497230000000001,1,1
20.08.2021 00:28:19.336,6.497730000000001,6.497230000000001,1,1
20.08.2021 00:28:19.470,6.49772,6.497240000000001,1,1.5
20.08.2021 00:28:26.199,6.49772,6.497240000000001,1,1.5
20.08.2021 00:28:26.300,6.497730000000001,6.49732,1,1
20.08.2021 00:28:26.351,6.497800000000001,6.49732,1,1.5
20.08.2021 00:28:26.502,6.49781,6.49732,1,1.5
20.08.2021 00:28:26.754,6.497800000000001,6.49735,1,1
20.08.2021 00:28:27.300,6.497800000000001,6.49737,1,1.1
20.08.2021 00:28:27.439,6.497850000000001,6.4973600000000005,1.57,1.1
20.08.2021 00:28:27.662,6.497850000000001,6.49739,1,1.1
20.08.2021 00:28:29.364,6.497850000000001,6.49741,1.57,1.1
20.08.2021 00:28:31.013,6.497850000000001,6.4974300000000005,1,1.1
20.08.2021 00:28:31.150,6.49784,6.49742,1,1.1
20.08.2021 00:28:32.130,6.49788,6.497450000000001,1.57,1
20.08.2021 00:28:32.926,6.497890000000001,6.49746,1,1.1
20.08.2021 00:28:33.385,6.497890000000001,6.497490000000001,1,1
20.08.2021 00:28:37.828,6.49788,6.49752,1,1.1
20.08.2021 00:28:38.560,6.497890000000001,6.49753,1,1.1
20.08.2021 00:28:39.010,6.497890000000001,6.4975000000000005,1,1.1
20.08.2021 00:28:39.162,6.497890000000001,6.497490000000001,1,1
20.08.2021 00:28:44.680,6.49784,6.4975000000000005,1,1
20.08.2021 00:28:53.622,6.49788,6.4975000000000005,1,1
20.08.2021 00:29:04.334,6.4979000000000005,6.497490000000001,1,1
20.08.2021 00:29:04.469,6.49788,6.497490000000001,1.1,1
20.08.2021 00:29:04.570,6.49786,6.497490000000001,1,1
20.08.2021 00:29:04.671,6.497850000000001,6.497490000000001,1.1,1
20.08.2021 00:29:04.869,6.4977100000000005,6.49739,1,1
20.08.2021 00:29:04.919,6.4977100000000005,6.497240000000001,1,1
20.08.2021 00:29:04.970,6.4977100000000005,6.49726,1,1
20.08.2021 00:29:05.222,6.49774,6.49727,1,1
20.08.2021 00:29:05.322,6.49777,6.49727,1,1.6
20.08.2021 00:29:05.373,6.497800000000001,6.497310000000001,1.5,1.1
20.08.2021 00:29:05.474,6.49783,6.4973600000000005,1,1.1
20.08.2021 00:29:05.575,6.49784,6.4973600000000005,1,1.1
20.08.2021 00:29:05.799,6.49783,6.497400000000001,1,1.1
20.08.2021 00:29:05.904,6.49783,6.4974300000000005,1,1.1
20.08.2021 00:29:06.199,6.49783,6.497450000000001,1,1.1
20.08.2021 00:29:06.525,6.49784,6.497450000000001,1,1.1
20.08.2021 00:29:06.909,6.49783,6.497490000000001,1,1.1
20.08.2021 00:29:08.683,6.49784,6.49752,1,1.1
20.08.2021 00:29:09.109,6.49783,6.49746,1,1.6
20.08.2021 00:29:09.160,6.49793,6.497540000000001,1,1
20.08.2021 00:29:09.292,6.497890000000001,6.49755,1,1
20.08.2021 00:29:13.446,6.497890000000001,6.49756,1,1
20.08.2021 00:29:14.391,6.497890000000001,6.49757,1,1.1
20.08.2021 00:29:16.385,6.49792,6.49761,1,1.57
20.08.2021 00:29:16.993,6.49793,6.497590000000001,1,1
20.08.2021 00:29:19.261,6.49791,6.497590000000001,1.1,1
20.08.2021 00:29:20.500,6.49792,6.4976,1,1
20.08.2021 00:29:22.839,6.497940000000001,6.4976,1,1
20.08.2021 00:29:24.113,6.497980000000001,6.497590000000001,1.1,1
20.08.2021 00:29:24.361,6.497940000000001,6.4976,1.57,1
20.08.2021 00:29:24.558,6.49807,6.49766,1,1
20.08.2021 00:29:24.659,6.498130000000001,6.49766,1.5,1
20.08.2021 00:29:24.710,6.498080000000001,6.49762,1,1.1
20.08.2021 00:29:24.811,6.498080000000001,6.49765,1,1
20.08.2021 00:29:25.082,6.498080000000001,6.49766,1,1.1
20.08.2021 00:29:25.133,6.498130000000001,6.49765,1.6,1.1
20.08.2021 00:29:25.234,6.49812,6.497680000000001,1.6,1.1
20.08.2021 00:29:25.344,6.498130000000001,6.4977,1.1,1
20.08.2021 00:29:25.446,6.49812,6.49784,1,1
20.08.2021 00:29:25.547,6.498130000000001,6.497730000000001,1.5,1.1
20.08.2021 00:29:25.698,6.4981100000000005,6.49772,1.6,1
20.08.2021 00:29:25.749,6.49812,6.4977100000000005,1.1,1
20.08.2021 00:29:25.873,6.498130000000001,6.4977100000000005,1.57,1
20.08.2021 00:29:27.409,6.49812,6.49775,1.5,1.1
20.08.2021 00:29:27.613,6.498130000000001,6.4977100000000005,1.5,1.57
20.08.2021 00:29:27.833,6.49812,6.49772,1.5,1.5
20.08.2021 00:29:27.946,6.498130000000001,6.49774,1.5,1
20.08.2021 00:29:39.123,6.49812,6.49777,1,1
20.08.2021 00:29:39.550,6.498130000000001,6.49774,1,1.1
20.08.2021 00:29:53.413,6.498130000000001,6.497680000000001,1,1
20.08.2021 00:29:53.464,6.498030000000001,6.49761,1,1.6
20.08.2021 00:29:53.565,6.49801,6.4976400000000005,1,1
20.08.2021 00:29:53.666,6.49791,6.49756,1,1
20.08.2021 00:29:53.767,6.49781,6.49756,1,1
20.08.2021 00:29:53.818,6.49781,6.497380000000001,1,1.1
20.08.2021 00:29:53.869,6.49782,6.4973600000000005,1,1.1
20.08.2021 00:29:54.021,6.49777,6.49737,1,1
20.08.2021 00:29:54.122,6.497730000000001,6.49737,1,1
20.08.2021 00:29:56.284,6.4977,6.49737,1.1,1
20.08.2021 00:29:56.335,6.497730000000001,6.4973600000000005,1.1,1
20.08.2021 00:29:58.776,6.4977,6.4973600000000005,1.1,1
20.08.2021 00:29:59.031,6.4977100000000005,6.49737,1.1,1
20.08.2021 00:29:59.562,6.497680000000001,6.4973600000000005,1,1
20.08.2021 00:30:06.620,6.49767,6.49725,1,1.1
20.08.2021 00:30:06.721,6.49766,6.49725,1,1
20.08.2021 00:30:09.183,6.49765,6.497240000000001,1,1
20.08.2021 00:30:09.336,6.4976,6.49725,1,1
20.08.2021 00:30:09.487,6.497630000000001,6.497240000000001,1,1
20.08.2021 00:30:11.115,6.49766,6.49725,1,1
20.08.2021 00:30:11.571,6.49769,6.497310000000001,1,1
20.08.2021 00:30:12.232,6.497680000000001,6.49734,1,1.1
20.08.2021 00:30:12.333,6.49772,6.49734,1,1.1
20.08.2021 00:30:12.434,6.49775,6.49734,1,1.1
20.08.2021 00:30:12.635,6.49775,6.49735,1,1.5
20.08.2021 00:30:12.893,6.49776,6.4973600000000005,1,1
20.08.2021 00:30:14.206,6.49775,6.49735,1,1
20.08.2021 00:30:25.633,6.497730000000001,6.49735,1,1
20.08.2021 00:30:25.958,6.49775,6.49735,1,1
20.08.2021 00:30:27.987,6.49775,6.49741,1,1.1
20.08.2021 00:30:28.498,6.49775,6.497450000000001,1,1.1
20.08.2021 00:30:28.549,6.49775,6.4974300000000005,1,1.1
20.08.2021 00:30:29.330,6.49776,6.4974300000000005,1,1.1
20.08.2021 00:30:29.862,6.49775,6.4974300000000005,1,1.1
20.08.2021 00:30:31.118,6.49775,6.49742,1,1.1
20.08.2021 00:30:34.011,6.49775,6.49741,1,1.1
20.08.2021 00:30:36.033,6.49776,6.49739,1,1
20.08.2021 00:30:37.307,6.49772,6.497400000000001,1.1,1
20.08.2021 00:30:37.459,6.49774,6.497400000000001,1.1,1
20.08.2021 00:30:37.722,6.49776,6.49739,1,1
20.08.2021 00:30:39.702,6.49775,6.49739,1,1
20.08.2021 00:30:40.153,6.49776,6.49739,1,1.1
20.08.2021 00:30:40.483,6.49775,6.49741,1,1.1
20.08.2021 00:30:41.054,6.49775,6.497400000000001,1,1
20.08.2021 00:30:41.105,6.49772,6.49739,1,1
20.08.2021 00:30:41.256,6.4977,6.49727,1,1
20.08.2021 00:30:41.374,6.4977100000000005,6.49716,1,1.7
20.08.2021 00:30:41.720,6.4977100000000005,6.49718,1,1.6
20.08.2021 00:30:41.971,6.4977,6.4972,1.57,1
20.08.2021 00:30:42.122,6.4977100000000005,6.497240000000001,1.57,1.5
20.08.2021 00:30:42.270,6.4977,6.49726,1.1,1
20.08.2021 00:30:42.657,6.49772,6.49725,1.1,1.1
20.08.2021 00:30:43.855,6.49772,6.4973,1.1,1
20.08.2021 00:30:44.443,6.4977100000000005,6.4973,1.1,1
20.08.2021 00:30:44.978,6.49769,6.4972900000000005,1.1,1
20.08.2021 00:30:45.529,6.4977100000000005,6.4972900000000005,1.1,1
20.08.2021 00:30:46.530,6.49767,6.4973,1.1,1
20.08.2021 00:30:46.950,6.49772,6.4972900000000005,1.1,1
20.08.2021 00:30:47.052,6.4977,6.4973,1,1
20.08.2021 00:30:47.574,6.497680000000001,6.4973,1.1,1
20.08.2021 00:30:48.556,6.497680000000001,6.4972900000000005,1.1,1
20.08.2021 00:30:48.657,6.49766,6.4973,1,1
20.08.2021 00:30:49.008,6.49766,6.4972900000000005,1.1,1
20.08.2021 00:30:50.335,6.4976400000000005,6.4972900000000005,1.57,1
20.08.2021 00:30:50.386,6.49757,6.49713,2.25,1.5
20.08.2021 00:30:50.436,6.4975000000000005,6.497140000000001,1,1
20.08.2021 00:30:50.537,6.49746,6.497140000000001,1,1
20.08.2021 00:30:50.638,6.497450000000001,6.49713,1,1
20.08.2021 00:30:50.938,6.49746,6.49713,1,1
20.08.2021 00:30:59.849,6.4974300000000005,6.49717,1,1
20.08.2021 00:30:59.899,6.4975000000000005,6.49713,1,1
20.08.2021 00:31:01.259,6.49747,6.497140000000001,1,1
20.08.2021 00:31:01.988,6.49748,6.49702,1,1.6
20.08.2021 00:31:02.093,6.4975000000000005,6.49704,1.57,1
20.08.2021 00:31:03.178,6.49747,6.49704,1.1,1
20.08.2021 00:31:06.033,6.497450000000001,6.497050000000001,1,1
20.08.2021 00:31:06.134,6.497450000000001,6.49704,1.1,1
20.08.2021 00:31:06.484,6.497450000000001,6.497050000000001,1,1
20.08.2021 00:31:07.035,6.49747,6.497050000000001,1.1,1
20.08.2021 00:31:09.034,6.49744,6.497050000000001,1,1
20.08.2021 00:31:09.424,6.497400000000001,6.497050000000001,1,1
20.08.2021 00:31:22.223,6.497190000000001,6.496830000000001,1,1.5
20.08.2021 00:31:22.274,6.49717,6.496840000000001,1,1
20.08.2021 00:31:22.375,6.49695,6.4965,1,1.1
20.08.2021 00:31:22.426,6.496930000000001,6.4964900000000005,1,1.1
20.08.2021 00:31:22.476,6.4969600000000005,6.49655,1,1
20.08.2021 00:31:22.577,6.49697,6.49655,1,1
20.08.2021 00:31:22.784,6.4970300000000005,6.496560000000001,1.5,1
20.08.2021 00:31:22.835,6.496980000000001,6.49655,1,1
20.08.2021 00:31:22.885,6.49701,6.49655,1,1
20.08.2021 00:31:22.986,6.4970300000000005,6.49657,1,1
20.08.2021 00:31:23.206,6.49704,6.496650000000001,1,1
20.08.2021 00:31:23.646,6.49704,6.49666,1,1
20.08.2021 00:31:24.586,6.4970300000000005,6.49667,1,1.6
20.08.2021 00:31:24.695,6.4970300000000005,6.4966800000000005,1,1
20.08.2021 00:31:24.812,6.4970300000000005,6.496700000000001,1,1
20.08.2021 00:31:25.547,6.4970300000000005,6.496700000000001,1,1.1
20.08.2021 00:31:25.655,6.49704,6.49676,1,1
20.08.2021 00:31:26.986,6.49726,6.49676,1,1
20.08.2021 00:31:27.037,6.497280000000001,6.49677,1,1.1
20.08.2021 00:31:27.189,6.497280000000001,6.4968,1,1
20.08.2021 00:31:27.514,6.4972900000000005,6.49676,1,1.6
20.08.2021 00:31:27.615,6.4972900000000005,6.496840000000001,1,1
20.08.2021 00:31:36.598,6.497280000000001,6.496880000000001,1,1.35
20.08.2021 00:31:36.935,6.4972900000000005,6.49694,1,1.1
20.08.2021 00:31:37.179,6.497280000000001,6.49695,1,1.1
20.08.2021 00:31:38.110,6.4972900000000005,6.49694,1,1.1
20.08.2021 00:31:40.488,6.497280000000001,6.49695,1,1.1
20.08.2021 00:31:42.763,6.49721,6.49695,1,1.1
20.08.2021 00:31:43.202,6.49727,6.49695,1,1.1
20.08.2021 00:31:47.955,6.497280000000001,6.49695,1.5,1.1
20.08.2021 00:31:54.563,6.49726,6.49695,1,1
20.08.2021 00:31:59.174,6.49718,6.49695,1,1
20.08.2021 00:32:00.065,6.49726,6.49694,1,1
20.08.2021 00:32:01.028,6.49725,6.49678,1,1.72
20.08.2021 00:32:01.079,6.49726,6.49685,1,1
20.08.2021 00:32:04.193,6.49726,6.496840000000001,1,1
20.08.2021 00:32:04.808,6.49725,6.49685,1,1.1
20.08.2021 00:32:04.937,6.49725,6.49685,1,1
20.08.2021 00:32:05.193,6.49725,6.49685,1,1.1
20.08.2021 00:32:05.525,6.49725,6.49685,1,1
20.08.2021 00:32:08.048,6.49713,6.4968,1,1
20.08.2021 00:32:08.149,6.49706,6.49666,1,1.5
20.08.2021 00:32:08.200,6.49697,6.496530000000001,1.12,1.5
20.08.2021 00:32:08.250,6.49694,6.49646,1,1.6
20.08.2021 00:32:08.351,6.4969600000000005,6.49646,1,1.6
20.08.2021 00:32:08.402,6.49702,6.49645,1.87,1.85
20.08.2021 00:32:08.533,6.4970300000000005,6.496440000000001,1,1.6
20.08.2021 00:32:08.684,6.496980000000001,6.49657,1,1
20.08.2021 00:32:08.735,6.49697,6.4965,1,1.1
20.08.2021 00:32:08.842,6.49694,6.4965,1,1
20.08.2021 00:32:09.392,6.49695,6.4965,1,1
20.08.2021 00:32:09.913,6.4969600000000005,6.496530000000001,1,1
20.08.2021 00:32:10.015,6.49702,6.4966,1,1
20.08.2021 00:32:10.116,6.497050000000001,6.49661,1,1
20.08.2021 00:32:14.601,6.49702,6.4966,1,1
20.08.2021 00:32:14.960,6.49706,6.4966,1,1
20.08.2021 00:32:18.302,6.49702,6.49661,1,1
20.08.2021 00:32:24.536,6.4970300000000005,6.49654,1,1
20.08.2021 00:32:24.836,6.497,6.49654,1,1
20.08.2021 00:32:25.166,6.496980000000001,6.49654,1,1
20.08.2021 00:32:25.217,6.497050000000001,6.49655,1,1
20.08.2021 00:32:25.426,6.497050000000001,6.49655,1.1,1
20.08.2021 00:32:25.527,6.4969600000000005,6.49654,1,1
20.08.2021 00:32:26.667,6.4969600000000005,6.496580000000001,1,1
20.08.2021 00:32:26.717,6.49706,6.496580000000001,1.6,1
20.08.2021 00:32:27.227,6.497050000000001,6.49659,1.1,1
20.08.2021 00:32:27.328,6.497050000000001,6.49655,1.1,1
20.08.2021 00:32:29.032,6.49701,6.49655,1.1,1
20.08.2021 00:32:29.806,6.49702,6.49654,1.1,1
20.08.2021 00:32:30.064,6.49701,6.49659,1.1,1
20.08.2021 00:32:30.216,6.49697,6.496580000000001,1,1
20.08.2021 00:32:30.318,6.49692,6.49659,1,1
20.08.2021 00:32:30.469,6.496930000000001,6.49654,1,1
20.08.2021 00:32:33.089,6.496930000000001,6.49655,1,1
20.08.2021 00:32:34.409,6.49691,6.49655,1,1
20.08.2021 00:32:39.053,6.496980000000001,6.49654,1,1
20.08.2021 00:32:40.365,6.496930000000001,6.49654,1,1
20.08.2021 00:32:40.466,6.496930000000001,6.496580000000001,1,1.5
20.08.2021 00:32:40.889,6.49692,6.49655,1,1
20.08.2021 00:32:41.208,6.49695,6.49655,1,1
20.08.2021 00:32:41.461,6.49695,6.496560000000001,1,1
20.08.2021 00:32:41.562,6.49694,6.496560000000001,1,1
20.08.2021 00:32:41.663,6.49694,6.49655,1,1
20.08.2021 00:32:44.817,6.496980000000001,6.496580000000001,1.1,1
20.08.2021 00:32:45.024,6.496980000000001,6.496580000000001,1.1,1
20.08.2021 00:32:45.253,6.49699,6.49657,1.1,1
20.08.2021 00:32:48.516,6.49699,6.49659,1.1,1
20.08.2021 00:32:48.695,6.496930000000001,6.4966,1,1
20.08.2021 00:32:49.006,6.49694,6.49657,1,1
20.08.2021 00:32:50.278,6.49695,6.496580000000001,1,1
20.08.2021 00:32:50.329,6.497,6.49657,1.1,1
20.08.2021 00:32:50.480,6.49697,6.49657,1,1
20.08.2021 00:32:51.576,6.49702,6.49657,1.22,1
20.08.2021 00:32:56.876,6.4968900000000005,6.49657,1,1
20.08.2021 00:32:58.194,6.49692,6.496580000000001,1,1
20.08.2021 00:32:58.244,6.496930000000001,6.49661,1,1
20.08.2021 00:32:58.295,6.496980000000001,6.49662,1.1,1
20.08.2021 00:32:58.497,6.49699,6.49657,1,1
20.08.2021 00:32:58.547,6.49697,6.49657,1,1
20.08.2021 00:33:08.203,6.4969600000000005,6.496480000000001,1,1.6
20.08.2021 00:33:08.324,6.4969600000000005,6.49647,1,1.6
20.08.2021 00:33:08.374,6.49691,6.49645,1,1.5
20.08.2021 00:33:09.017,6.49692,6.496440000000001,1,1
20.08.2021 00:33:12.577,6.4969600000000005,6.49645,1,1
20.08.2021 00:33:12.628,6.496980000000001,6.49654,1,1
20.08.2021 00:33:18.669,6.49697,6.496530000000001,1,1
20.08.2021 00:33:19.305,6.497,6.49654,1.1,1
20.08.2021 00:33:23.883,6.49701,6.496530000000001,1.1,1
20.08.2021 00:33:25.342,6.496980000000001,6.49654,1,1
20.08.2021 00:33:26.918,6.497,6.496530000000001,1,1
20.08.2021 00:33:26.969,6.497050000000001,6.49654,1.6,1
20.08.2021 00:33:40.040,6.49701,6.49655,1,1
20.08.2021 00:33:40.212,6.497,6.49654,1,1
20.08.2021 00:33:49.789,6.497050000000001,6.496580000000001,1.1,1
20.08.2021 00:33:49.890,6.49706,6.49661,1.1,1
20.08.2021 00:33:49.995,6.49706,6.49662,1.1,1
20.08.2021 00:33:50.166,6.497050000000001,6.496630000000001,1,1
20.08.2021 00:33:50.366,6.497050000000001,6.496650000000001,1,1
20.08.2021 00:33:51.606,6.49704,6.496630000000001,1,1
20.08.2021 00:33:51.657,6.49691,6.49662,1.1,1
20.08.2021 00:33:51.707,6.49669,6.49646,1,1.1
20.08.2021 00:33:51.808,6.49694,6.49646,1,1.1
20.08.2021 00:33:51.909,6.49694,6.49646,1,1.1
20.08.2021 00:33:52.141,6.49695,6.49651,1,1
20.08.2021 00:33:52.282,6.49695,6.49651,1.1,1
20.08.2021 00:33:52.662,6.49694,6.49655,1.1,1
20.08.2021 00:33:56.122,6.49695,6.49654,1.1,1
20.08.2021 00:33:57.516,6.49694,6.49657,1.1,1
20.08.2021 00:34:04.215,6.49697,6.49662,1.1,1
20.08.2021 00:34:06.713,6.496980000000001,6.49659,1.1,1
20.08.2021 00:34:06.814,6.496980000000001,6.496580000000001,1,1.12
20.08.2021 00:34:06.915,6.49706,6.49662,1.1,1
20.08.2021 00:34:07.016,6.49706,6.49662,1.1,1
20.08.2021 00:34:07.067,6.497050000000001,6.49667,1.1,1
20.08.2021 00:34:07.465,6.497050000000001,6.4966800000000005,1.1,1
20.08.2021 00:34:07.665,6.497050000000001,6.4966800000000005,1.1,1
20.08.2021 00:34:12.984,6.49706,6.49667,1.1,1.5
20.08.2021 00:34:13.135,6.49706,6.4966800000000005,1.1,1
20.08.2021 00:34:17.086,6.49706,6.49667,1.1,2
20.08.2021 00:34:17.258,6.49706,6.49667,1,2
20.08.2021 00:34:17.309,6.497050000000001,6.49669,1,1.5
20.08.2021 00:34:17.410,6.497050000000001,6.49669,1,1.5
20.08.2021 00:34:19.447,6.49706,6.4967500000000005,1,1
20.08.2021 00:34:20.717,6.49706,6.49667,1,1.5
20.08.2021 00:34:20.768,6.49706,6.4966800000000005,1,1
20.08.2021 00:34:20.869,6.49706,6.4966800000000005,1.1,1
20.08.2021 00:34:21.021,6.49706,6.4966800000000005,1.1,1
20.08.2021 00:34:21.284,6.497050000000001,6.49669,1.1,1
20.08.2021 00:34:21.809,6.49706,6.4966800000000005,1.1,1
20.08.2021 00:34:25.763,6.497050000000001,6.49672,1,1
20.08.2021 00:34:26.112,6.497050000000001,6.4968,1,1
20.08.2021 00:34:26.314,6.497050000000001,6.49678,1,1
20.08.2021 00:34:26.423,6.497050000000001,6.496790000000001,1,1
20.08.2021 00:34:26.746,6.497050000000001,6.49677,1,1
20.08.2021 00:34:26.870,6.497050000000001,6.496790000000001,1,1
20.08.2021 00:34:33.264,6.497190000000001,6.49678,1.1,1
20.08.2021 00:34:33.315,6.4972,6.4967500000000005,1.1,1
20.08.2021 00:34:34.357,6.497190000000001,6.4967500000000005,1.2,1
20.08.2021 00:34:34.533,6.49716,6.4967500000000005,1.1,1
20.08.2021 00:34:36.234,6.49718,6.496740000000001,1.1,1
20.08.2021 00:34:37.271,6.49721,6.4967500000000005,1.2,1.1
20.08.2021 00:34:37.995,6.497240000000001,6.496740000000001,1.1,1
20.08.2021 00:34:38.430,6.497230000000001,6.49678,1.1,1
20.08.2021 00:34:38.704,6.497230000000001,6.4968,1.1,1
20.08.2021 00:34:38.994,6.497230000000001,6.4968,1.1,1
20.08.2021 00:34:40.856,6.497240000000001,6.4968,1.1,1
20.08.2021 00:34:41.735,6.497230000000001,6.496880000000001,1.1,1
20.08.2021 00:34:41.785,6.49735,6.4968900000000005,1.22,1
20.08.2021 00:34:41.836,6.49735,6.49695,1.12,1
20.08.2021 00:34:41.937,6.49752,6.497,1.6,1
20.08.2021 00:34:41.988,6.49752,6.49704,1.6,1
20.08.2021 00:34:42.089,6.49753,6.4970300000000005,1,1
20.08.2021 00:34:42.292,6.49753,6.49699,1,1
20.08.2021 00:34:42.617,6.49751,6.497,1.1,1
20.08.2021 00:34:42.845,6.49751,6.49697,1.2,1
20.08.2021 00:34:42.946,6.49735,6.496930000000001,1,1
20.08.2021 00:34:43.047,6.4973600000000005,6.49691,1,1
20.08.2021 00:34:43.669,6.49735,6.49695,1,1
20.08.2021 00:34:43.720,6.49735,6.496880000000001,1,1
20.08.2021 00:34:43.842,6.4973600000000005,6.49687,1.1,1
20.08.2021 00:34:44.360,6.4973600000000005,6.49687,1.1,1
20.08.2021 00:34:44.818,6.49735,6.49695,1.1,1
20.08.2021 00:34:46.954,6.49735,6.49691,1.1,1
20.08.2021 00:34:47.054,6.4973600000000005,6.4969,1.1,1
20.08.2021 00:34:47.458,6.49735,6.49687,1.1,1
20.08.2021 00:34:49.359,6.49735,6.49687,1.1,1
20.08.2021 00:34:51.910,6.49735,6.4969,1.1,1
20.08.2021 00:34:51.960,6.49735,6.496840000000001,1.1,1
20.08.2021 00:34:55.173,6.4973600000000005,6.49687,1.1,1
20.08.2021 00:34:55.274,6.4973600000000005,6.496880000000001,1.1,1
20.08.2021 00:34:55.381,6.4973600000000005,6.49692,1.1,1
20.08.2021 00:34:55.808,6.4973600000000005,6.49695,1.1,1
20.08.2021 00:34:56.165,6.49735,6.49701,1.1,1
20.08.2021 00:34:57.032,6.4973600000000005,6.497,1.1,1
20.08.2021 00:34:58.021,6.49735,6.49701,1.1,1
20.08.2021 00:34:59.102,6.49735,6.497050000000001,1,1
20.08.2021 00:35:15.154,6.49732,6.49701,1,1
20.08.2021 00:35:15.279,6.49732,6.49691,1,1
20.08.2021 00:35:15.381,6.497240000000001,6.49678,1,1
20.08.2021 00:35:15.431,6.49712,6.4967500000000005,1,1
20.08.2021 00:35:15.785,6.49711,6.49682,1,1
20.08.2021 00:35:16.509,6.49711,6.49686,1,1
20.08.2021 00:35:16.628,6.49711,6.49691,1,1
20.08.2021 00:35:16.935,6.49711,6.49695,1,1
20.08.2021 00:35:19.390,6.4973600000000005,6.49694,1.1,1
20.08.2021 00:35:19.491,6.49735,6.49694,1.1,1
20.08.2021 00:35:19.954,6.4973600000000005,6.49692,1.1,1
20.08.2021 00:35:23.709,6.4973600000000005,6.49692,1.1,1
20.08.2021 00:35:32.938,6.49735,6.49697,1.1,1
20.08.2021 00:35:44.219,6.49735,6.49701,1.1,1
20.08.2021 00:35:44.269,6.49735,6.49701,1.1,1
20.08.2021 00:35:46.552,6.4973600000000005,6.496980000000001,1.1,1
20.08.2021 00:35:46.653,6.49735,6.496980000000001,1.1,1
20.08.2021 00:35:47.940,6.49735,6.49697,1.1,1
20.08.2021 00:35:47.991,6.49735,6.49695,1.1,1
20.08.2021 00:35:48.092,6.4973600000000005,6.4968900000000005,1.1,1
20.08.2021 00:35:48.143,6.497230000000001,6.496790000000001,1,1.5
20.08.2021 00:35:48.193,6.4971000000000005,6.4966800000000005,1,1
20.08.2021 00:35:48.584,6.49709,6.49673,1,1
20.08.2021 00:35:49.764,6.4971000000000005,6.49678,1,1
20.08.2021 00:35:49.865,6.4971000000000005,6.496830000000001,1,1
20.08.2021 00:35:52.214,6.49748,6.49721,1,1
20.08.2021 00:35:52.265,6.497240000000001,6.4971000000000005,1,1
20.08.2021 00:35:52.316,6.497540000000001,6.49702,1,2.25
20.08.2021 00:35:52.366,6.497540000000001,6.4972900000000005,1,1
20.08.2021 00:35:52.417,6.49767,6.49722,1,1
20.08.2021 00:35:52.518,6.4977,6.49721,1,1
20.08.2021 00:35:52.635,6.49769,6.49725,1,1
20.08.2021 00:35:52.774,6.4977,6.497330000000001,1,1
20.08.2021 00:35:52.875,6.49769,6.49739,1,1
20.08.2021 00:35:52.976,6.4977,6.49739,1,1
20.08.2021 00:35:54.966,6.4977,6.49741,1,1
20.08.2021 00:35:55.016,6.49769,6.497400000000001,1,1
20.08.2021 00:35:57.383,6.4977,6.4974300000000005,1,1.1
20.08.2021 00:35:57.585,6.49769,6.49747,1,1
20.08.2021 00:36:02.854,6.4977,6.4974300000000005,1,1.12
20.08.2021 00:36:42.197,6.4977,6.49737,1,1.5
20.08.2021 00:36:42.298,6.4977,6.49737,1,2
20.08.2021 00:36:42.917,6.49769,6.497380000000001,1,1.5
20.08.2021 00:36:43.018,6.4977,6.49737,1,2
20.08.2021 00:36:44.163,6.49769,6.497380000000001,1,1.5
20.08.2021 00:36:44.264,6.49769,6.497380000000001,1,2
20.08.2021 00:36:46.031,6.4977,6.49737,1,1.5
20.08.2021 00:36:46.132,6.49769,6.497380000000001,1,2
20.08.2021 00:36:48.788,6.49769,6.497380000000001,1,1
20.08.2021 00:36:48.889,6.49769,6.497380000000001,1,2
20.08.2021 00:36:48.940,6.4977,6.49737,1,1
20.08.2021 00:36:49.041,6.49769,6.497380000000001,1,1.5
20.08.2021 00:36:49.091,6.49769,6.497380000000001,1,1
20.08.2021 00:36:49.209,6.49769,6.497380000000001,1,1.5
20.08.2021 00:36:50.269,6.4977,6.49737,1.1,1
20.08.2021 00:36:50.370,6.4976,6.49732,1.6,1.21
20.08.2021 00:36:50.421,6.497590000000001,6.49718,1,2.35
20.08.2021 00:36:50.471,6.497590000000001,6.49718,1.1,1.5
20.08.2021 00:36:50.521,6.49757,6.4971000000000005,1.1,1
20.08.2021 00:36:50.622,6.49757,6.4971000000000005,1.1,1
20.08.2021 00:36:50.724,6.497590000000001,6.49715,1.1,1
20.08.2021 00:36:50.825,6.49762,6.49715,1.1,1
20.08.2021 00:36:50.926,6.4976400000000005,6.49718,1.1,1
20.08.2021 00:36:51.027,6.497630000000001,6.4973600000000005,1,1
20.08.2021 00:36:51.078,6.49772,6.49735,1.2,1
20.08.2021 00:36:51.180,6.49777,6.49737,1.1,1
20.08.2021 00:36:51.230,6.4977800000000006,6.49737,1.1,1.5
20.08.2021 00:36:51.332,6.49782,6.49746,1.2,1
20.08.2021 00:36:51.432,6.49782,6.49741,1.1,1.5
20.08.2021 00:36:51.639,6.49781,6.49741,1.1,1.5
20.08.2021 00:36:54.325,6.49781,6.49741,1.1,1
20.08.2021 00:36:54.425,6.49781,6.49741,1.1,1.5
20.08.2021 00:36:55.308,6.49779,6.4974300000000005,1.1,1
20.08.2021 00:36:56.433,6.49777,6.4974300000000005,1.1,1
20.08.2021 00:36:57.765,6.4977800000000006,6.49744,1.1,1
20.08.2021 00:36:59.354,6.49781,6.4974300000000005,1.1,1
20.08.2021 00:37:00.894,6.49777,6.49744,1.1,1
20.08.2021 00:37:00.994,6.49781,6.4974300000000005,1.1,1
20.08.2021 00:37:01.765,6.49781,6.49744,1.1,1
20.08.2021 00:37:02.056,6.497800000000001,6.4974300000000005,1.1,1
20.08.2021 00:37:02.106,6.49782,6.4974300000000005,1.1,1
20.08.2021 00:37:02.417,6.4977800000000006,6.49744,1.1,1
20.08.2021 00:37:02.965,6.49782,6.4974300000000005,1.1,1
20.08.2021 00:37:05.284,6.49777,6.4974300000000005,1.1,1
20.08.2021 00:37:06.319,6.497800000000001,6.49744,1.1,1
20.08.2021 00:37:06.969,6.4977800000000006,6.49744,1.1,1
20.08.2021 00:37:07.352,6.49776,6.49744,1.1,1
20.08.2021 00:37:07.525,6.49775,6.49726,1.67,1.5
20.08.2021 00:37:07.575,6.49774,6.4973,1.67,1
20.08.2021 00:37:07.676,6.4977100000000005,6.4973,1.2,1
20.08.2021 00:37:07.777,6.49769,6.4972900000000005,1.1,1.5
20.08.2021 00:37:07.828,6.497730000000001,6.4972900000000005,1.2,1.5
20.08.2021 00:37:08.425,6.497730000000001,6.4973,1.2,1.5
20.08.2021 00:37:08.754,6.49774,6.49732,1.2,1
20.08.2021 00:37:11.180,6.49772,6.49732,1.1,1
20.08.2021 00:37:11.554,6.4977,6.497310000000001,1.1,1
20.08.2021 00:37:11.604,6.49772,6.497310000000001,1.1,1
20.08.2021 00:37:11.726,6.49772,6.4972900000000005,1.1,1
20.08.2021 00:37:13.234,6.4977100000000005,6.4972900000000005,1.1,1
20.08.2021 00:37:13.284,6.4975000000000005,6.49721,1,1.1
20.08.2021 00:37:13.385,6.4975000000000005,6.4970300000000005,1,1.1
20.08.2021 00:37:13.436,6.497490000000001,6.49701,1.1,1.1
20.08.2021 00:37:13.537,6.49747,6.49697,1.1,1.1
20.08.2021 00:37:13.688,6.49746,6.496980000000001,1.1,1
20.08.2021 00:37:13.849,6.497380000000001,6.496930000000001,1,1.2
20.08.2021 00:37:14.420,6.49737,6.49699,1.57,1
20.08.2021 00:37:15.298,6.4973600000000005,6.496980000000001,1.1,1
20.08.2021 00:37:18.416,6.4973600000000005,6.49694,1.1,1
20.08.2021 00:37:18.467,6.4972900000000005,6.49695,1,1
20.08.2021 00:37:18.568,6.497280000000001,6.49682,1.6,1
20.08.2021 00:37:18.618,6.49718,6.49682,1,1
20.08.2021 00:37:18.719,6.497240000000001,6.496830000000001,1.1,1
20.08.2021 00:37:18.770,6.497140000000001,6.496700000000001,1,1
20.08.2021 00:37:18.820,6.49711,6.49667,1,1
20.08.2021 00:37:18.871,6.49713,6.4966800000000005,1,1
20.08.2021 00:37:18.921,6.49709,6.49667,1,1
20.08.2021 00:37:19.022,6.49713,6.4966800000000005,1,1.1
20.08.2021 00:37:19.073,6.497140000000001,6.49667,1.5,1.1
20.08.2021 00:37:19.123,6.497140000000001,6.4967500000000005,1,1.5
20.08.2021 00:37:19.274,6.497140000000001,6.4968900000000005,1,1
20.08.2021 00:37:19.577,6.497140000000001,6.4969,1,1
20.08.2021 00:37:19.677,6.49739,6.4970300000000005,1.22,1
20.08.2021 00:37:19.779,6.497400000000001,6.49702,1,1
20.08.2021 00:37:20.031,6.497400000000001,6.49709,1,1
20.08.2021 00:37:20.394,6.497400000000001,6.4970300000000005,1,1.5
20.08.2021 00:37:21.297,6.497400000000001,6.49707,1,1.1
20.08.2021 00:37:24.277,6.49739,6.49707,1,1.1
20.08.2021 00:37:24.379,6.49739,6.4971000000000005,1,1
20.08.2021 00:37:24.495,6.49739,6.49715,1,1
20.08.2021 00:37:25.274,6.49739,6.49718,1,1.1
20.08.2021 00:37:25.324,6.497400000000001,6.497140000000001,1,1.57
20.08.2021 00:37:28.257,6.49739,6.49712,1,1.1
20.08.2021 00:37:37.801,6.49756,6.49711,1.2,1.1
20.08.2021 00:37:37.902,6.49755,6.49708,1.1,1
20.08.2021 00:37:38.023,6.497540000000001,6.49708,1.1,1
20.08.2021 00:37:38.074,6.49753,6.497050000000001,1.57,1.1
20.08.2021 00:37:38.125,6.49751,6.497050000000001,1.5,1
20.08.2021 00:37:38.837,6.49752,6.49704,1.6,1
20.08.2021 00:37:39.175,6.49742,6.497050000000001,1.1,1
20.08.2021 00:37:45.708,6.49744,6.497050000000001,1.1,1
20.08.2021 00:37:47.065,6.49747,6.497050000000001,1.57,1
20.08.2021 00:37:47.572,6.49747,6.49706,1,1.1
20.08.2021 00:37:47.880,6.49748,6.49704,1,1.1
20.08.2021 00:37:48.401,6.49747,6.49706,1,1.1
20.08.2021 00:37:49.023,6.49747,6.49709,1,1.1
20.08.2021 00:37:49.075,6.49747,6.49706,1,1.1
20.08.2021 00:37:49.286,6.49747,6.497050000000001,1,1
20.08.2021 00:37:49.680,6.49747,6.49707,1,1.1
20.08.2021 00:37:50.673,6.49747,6.4971000000000005,1,1.1
20.08.2021 00:37:50.811,6.49747,6.49707,1,1.1
20.08.2021 00:37:52.786,6.49748,6.49709,1,1.1
20.08.2021 00:37:52.887,6.49748,6.497050000000001,1,1.1
20.08.2021 00:37:53.399,6.49748,6.49704,1,1.1
20.08.2021 00:37:53.875,6.49748,6.49707,1,1.1
20.08.2021 00:37:59.127,6.49748,6.497050000000001,1.57,1.1
20.08.2021 00:37:59.228,6.49746,6.497050000000001,1.1,1
20.08.2021 00:37:59.586,6.49748,6.49704,1,1
20.08.2021 00:37:59.944,6.49746,6.49704,1.1,1
20.08.2021 00:38:01.237,6.49744,6.49704,1.1,1
20.08.2021 00:38:04.918,6.497450000000001,6.49704,1.1,1
20.08.2021 00:38:05.474,6.497400000000001,6.497050000000001,1.1,1
20.08.2021 00:38:05.575,6.49722,6.496880000000001,1,1
20.08.2021 00:38:05.626,6.497230000000001,6.49682,1.5,1
20.08.2021 00:38:05.676,6.49717,6.49678,1,1
20.08.2021 00:38:05.828,6.49717,6.496830000000001,1,1
20.08.2021 00:38:05.878,6.49718,6.49677,1,1
20.08.2021 00:38:05.929,6.497190000000001,6.49678,1,1
20.08.2021 00:38:05.979,6.49718,6.49677,1,1
20.08.2021 00:38:21.978,6.49716,6.49678,1,1
20.08.2021 00:38:22.079,6.497140000000001,6.49677,1,1
20.08.2021 00:38:22.228,6.49711,6.49678,1.12,1
20.08.2021 00:38:22.525,6.4971000000000005,6.49678,1,1
20.08.2021 00:38:22.627,6.49707,6.496630000000001,1,1
20.08.2021 00:38:22.790,6.49708,6.4966800000000005,1,1
20.08.2021 00:38:23.073,6.49711,6.4966800000000005,1.1,1
20.08.2021 00:38:23.774,6.49711,6.4966800000000005,1.1,1
20.08.2021 00:38:24.723,6.49716,6.4966800000000005,1.1,1
20.08.2021 00:38:24.868,6.49716,6.4966800000000005,1,1
20.08.2021 00:38:25.926,6.49715,6.49672,1,1.1
20.08.2021 00:38:26.033,6.49716,6.4966800000000005,1,1.57
20.08.2021 00:38:26.084,6.49718,6.4966800000000005,2.32,1.57
20.08.2021 00:38:28.429,6.49718,6.49669,3.07,1
20.08.2021 00:38:28.580,6.49712,6.496700000000001,1.5,1
20.08.2021 00:38:28.858,6.49721,6.49669,1.6,1
20.08.2021 00:38:37.678,6.49717,6.496700000000001,1.6,1.5
20.08.2021 00:38:39.802,6.49718,6.49672,1.6,1.1
20.08.2021 00:38:45.464,6.49718,6.49678,1.6,1.1
20.08.2021 00:38:45.666,6.49717,6.496790000000001,1.5,1.1
20.08.2021 00:38:45.817,6.49718,6.49677,1.5,1.1
20.08.2021 00:38:49.302,6.49717,6.49678,1.6,1.1
20.08.2021 00:38:49.659,6.49717,6.4968,1.6,1
20.08.2021 00:38:49.760,6.49734,6.4968900000000005,1.6,1
20.08.2021 00:38:49.911,6.49734,6.4968900000000005,1.6,1
20.08.2021 00:38:50.806,6.49734,6.4969,1.6,1.1
20.08.2021 00:38:53.248,6.49734,6.49691,1.6,1.1
20.08.2021 00:38:53.320,6.49734,6.496930000000001,1.6,1
20.08.2021 00:38:54.294,6.49734,6.49695,1.6,1.1
20.08.2021 00:38:56.944,6.49734,6.497,1.6,1.1
20.08.2021 00:39:02.737,6.49734,6.496930000000001,1.6,1.57
20.08.2021 00:39:20.455,6.497330000000001,6.4969600000000005,1.6,1.1
20.08.2021 00:39:21.113,6.49734,6.49697,1.6,1.1
20.08.2021 00:39:26.155,6.497330000000001,6.49699,1.6,1.1
20.08.2021 00:39:30.766,6.497330000000001,6.49704,1.6,1.1
20.08.2021 00:39:32.337,6.49734,6.49701,1.5,1.1
20.08.2021 00:39:35.330,6.49734,6.4970300000000005,1.5,1.1
20.08.2021 00:39:43.441,6.49734,6.4970300000000005,1,1.1
20.08.2021 00:39:44.550,6.49734,6.49704,1,1
20.08.2021 00:39:46.913,6.49734,6.497050000000001,1,1.1
20.08.2021 00:39:47.029,6.497330000000001,6.497050000000001,1,1
20.08.2021 00:40:00.790,6.49734,6.49712,1,1
20.08.2021 00:40:22.205,6.49734,6.49716,1,1
20.08.2021 00:40:22.843,6.497330000000001,6.4972,1,1
20.08.2021 00:40:22.952,6.49734,6.497230000000001,1,1
20.08.2021 00:40:23.003,6.49762,6.49741,1,1
20.08.2021 00:40:23.054,6.49762,6.49746,1,1
20.08.2021 00:40:23.155,6.49775,6.497490000000001,1,1
20.08.2021 00:40:23.256,6.497850000000001,6.4976,1,1
20.08.2021 00:40:23.407,6.4980400000000005,6.49772,1,1
20.08.2021 00:40:23.558,6.49791,6.49772,1,1
20.08.2021 00:40:34.119,6.49791,6.4977100000000005,1,1
20.08.2021 00:40:34.894,6.49791,6.49772,1,1
20.08.2021 00:40:52.079,6.49792,6.497680000000001,1,1
20.08.2021 00:40:52.180,6.49816,6.49787,1,1
20.08.2021 00:40:52.230,6.49816,6.497800000000001,1.6,1
20.08.2021 00:40:52.281,6.498200000000001,6.49791,1,1
20.08.2021 00:40:52.331,6.49821,6.49795,1,1
20.08.2021 00:40:52.432,6.498200000000001,6.49805,1,1
20.08.2021 00:40:52.482,6.498200000000001,6.49801,1,1
20.08.2021 00:40:58.170,6.49821,6.497990000000001,1,1
20.08.2021 00:40:58.271,6.498200000000001,6.49801,1,1
20.08.2021 00:40:58.499,6.49821,6.497980000000001,1,1
20.08.2021 00:40:58.600,6.49814,6.49777,1,1
20.08.2021 00:40:58.701,6.498130000000001,6.49777,1,1
20.08.2021 00:40:58.955,6.498130000000001,6.497800000000001,1,1
20.08.2021 00:41:28.134,6.498130000000001,6.497890000000001,1,1
20.08.2021 00:41:28.285,6.49837,6.49797,1,1
20.08.2021 00:41:28.336,6.49845,6.49791,1.1,1
20.08.2021 00:41:28.386,6.49845,6.49797,1,1
20.08.2021 00:41:28.487,6.49845,6.49791,1.5,1
20.08.2021 00:41:28.588,6.49845,6.497990000000001,1.6,1
20.08.2021 00:41:28.638,6.498430000000001,6.49791,1.2,1
20.08.2021 00:41:28.689,6.49844,6.49797,1.2,1
20.08.2021 00:41:28.840,6.498430000000001,6.49797,1.2,1
20.08.2021 00:41:29.082,6.49837,6.49796,1.1,1
20.08.2021 00:41:29.966,6.498340000000001,6.49796,1.1,1
20.08.2021 00:41:33.180,6.498340000000001,6.49797,1.1,1
20.08.2021 00:41:33.777,6.498340000000001,6.49788,1.1,1
20.08.2021 00:41:34.008,6.49832,6.49788,1.1,1
20.08.2021 00:41:35.013,6.498290000000001,6.49787,1.1,1
20.08.2021 00:41:35.114,6.498290000000001,6.49795,1.1,1
20.08.2021 00:41:35.944,6.49831,6.49795,1.1,1
20.08.2021 00:41:38.702,6.49827,6.49796,1.1,1
20.08.2021 00:41:39.148,6.4983,6.49795,1.1,1
20.08.2021 00:41:39.806,6.4983,6.49796,1.1,1
20.08.2021 00:41:45.758,6.49831,6.49796,1.1,1
20.08.2021 00:41:45.858,6.498340000000001,6.49796,1.1,1
20.08.2021 00:41:45.909,6.49842,6.498,1.1,1
20.08.2021 00:41:46.060,6.49845,6.497990000000001,1,1
20.08.2021 00:41:46.584,6.49845,6.49802,1.5,1
20.08.2021 00:41:47.005,6.49845,6.49806,1.5,1
20.08.2021 00:41:47.488,6.49845,6.498030000000001,1.5,1
20.08.2021 00:41:48.302,6.49845,6.49805,1.5,1
20.08.2021 00:41:49.809,6.49845,6.4980400000000005,1.5,1
20.08.2021 00:41:55.209,6.49845,6.49802,1.5,1
20.08.2021 00:41:55.310,6.498430000000001,6.49802,1.1,1
20.08.2021 00:41:55.545,6.498430000000001,6.49805,1.1,1
20.08.2021 00:42:02.215,6.49845,6.49805,1.5,1
20.08.2021 00:42:03.374,6.498430000000001,6.4980400000000005,1,1
20.08.2021 00:42:03.786,6.49842,6.49801,1,1
20.08.2021 00:42:04.940,6.498430000000001,6.49797,1,1
20.08.2021 00:42:04.991,6.49842,6.49795,2.35,1
20.08.2021 00:42:05.092,6.4982500000000005,6.4979000000000005,1,1
20.08.2021 00:42:06.506,6.49824,6.497890000000001,1.1,1
20.08.2021 00:42:10.508,6.49821,6.497890000000001,1.1,1
20.08.2021 00:42:11.789,6.49822,6.497890000000001,1.1,1
20.08.2021 00:42:20.460,6.49824,6.497890000000001,1.1,1
20.08.2021 00:42:23.834,6.49824,6.49787,1.1,1
20.08.2021 00:42:25.921,6.49822,6.49787,1.1,1
20.08.2021 00:42:26.834,6.49823,6.49787,1.1,1
20.08.2021 00:42:27.284,6.49824,6.49787,1.1,1
20.08.2021 00:42:30.403,6.49823,6.49783,1.1,1
20.08.2021 00:42:30.454,6.497940000000001,6.49769,1,1.5
20.08.2021 00:42:30.504,6.49788,6.49746,1,1
20.08.2021 00:42:30.555,6.49787,6.49748,1,1
20.08.2021 00:42:30.656,6.49787,6.49751,1,1
20.08.2021 00:42:36.874,6.49787,6.497450000000001,1.2,1.5
20.08.2021 00:42:45.112,6.49786,6.497450000000001,1.1,1
20.08.2021 00:42:45.315,6.497850000000001,6.497450000000001,1.5,1
20.08.2021 00:42:45.794,6.497850000000001,6.49741,1.57,1
20.08.2021 00:42:49.189,6.497850000000001,6.49741,1.57,1.5
20.08.2021 00:42:49.369,6.49784,6.497450000000001,1.57,1
20.08.2021 00:42:53.506,6.49776,6.4972900000000005,1,1.1
20.08.2021 00:42:53.557,6.49775,6.497280000000001,1,1
20.08.2021 00:42:53.658,6.49774,6.4972900000000005,1,1
20.08.2021 00:42:53.759,6.497800000000001,6.49732,1,1
20.08.2021 00:42:53.809,6.49779,6.4973600000000005,1,1
20.08.2021 00:43:00.970,6.4977800000000006,6.4973600000000005,1,1
20.08.2021 00:43:01.020,6.49779,6.497310000000001,1,1
20.08.2021 00:43:01.544,6.497800000000001,6.497310000000001,1,1
20.08.2021 00:43:06.123,6.4977800000000006,6.49732,1,1
20.08.2021 00:43:30.435,6.497800000000001,6.497310000000001,1,1
20.08.2021 00:43:31.676,6.49776,6.497310000000001,1,1.1
20.08.2021 00:43:33.657,6.497800000000001,6.497310000000001,1,1.1
20.08.2021 00:43:38.983,6.49779,6.497310000000001,1,1.1
20.08.2021 00:43:49.314,6.49779,6.49732,1,1
20.08.2021 00:43:49.415,6.497800000000001,6.497400000000001,1,1
20.08.2021 00:43:50.544,6.49779,6.497380000000001,1,1
20.08.2021 00:43:57.612,6.49779,6.49737,1,1
20.08.2021 00:43:58.148,6.497800000000001,6.497400000000001,1,1
20.08.2021 00:43:58.249,6.49788,6.49751,1,1
20.08.2021 00:43:58.350,6.497980000000001,6.497590000000001,1,1
20.08.2021 00:43:58.451,6.497980000000001,6.497630000000001,1,1
20.08.2021 00:43:58.602,6.497990000000001,6.49766,1,1
20.08.2021 00:43:58.753,6.497990000000001,6.497680000000001,1,1
20.08.2021 00:44:02.378,6.497990000000001,6.49766,1,1
20.08.2021 00:44:04.949,6.497990000000001,6.4976400000000005,1,1.1
20.08.2021 00:44:07.665,6.497980000000001,6.49766,1,1.1
20.08.2021 00:44:24.617,6.497990000000001,6.49766,1,1.1
20.08.2021 00:44:24.936,6.497980000000001,6.49765,1,1.1
20.08.2021 00:44:25.915,6.497990000000001,6.49767,1,1.1
20.08.2021 00:44:26.015,6.497990000000001,6.49765,1,1.1
20.08.2021 00:44:27.010,6.497980000000001,6.49767,1,1
20.08.2021 00:44:27.111,6.497980000000001,6.497680000000001,1,1
20.08.2021 00:44:27.213,6.497990000000001,6.497680000000001,1,1.1
20.08.2021 00:44:27.314,6.49824,6.49783,1,1
20.08.2021 00:44:27.465,6.4982500000000005,6.49777,1,1
20.08.2021 00:44:27.515,6.49824,6.497800000000001,1,1
20.08.2021 00:44:39.572,6.4982500000000005,6.49779,1.6,1
20.08.2021 00:44:39.678,6.49819,6.497800000000001,1,1
20.08.2021 00:44:41.000,6.49824,6.497800000000001,1.1,1
20.08.2021 00:44:41.492,6.49824,6.497800000000001,1.1,1
20.08.2021 00:44:41.634,6.49824,6.497800000000001,1.1,1
20.08.2021 00:44:41.991,6.49824,6.497800000000001,1.1,1
20.08.2021 00:44:42.702,6.49815,6.497800000000001,1,1
20.08.2021 00:44:48.803,6.49823,6.497800000000001,1.6,1
20.08.2021 00:44:49.973,6.49824,6.49779,1.6,1
20.08.2021 00:44:51.625,6.49823,6.497800000000001,1.1,1
20.08.2021 00:44:51.776,6.4982500000000005,6.49779,1.1,1
20.08.2021 00:44:51.877,6.49819,6.497800000000001,1,1
20.08.2021 00:44:52.255,6.4982500000000005,6.49779,1.2,1
