Gmt time,Ask,Bid,AskVolume,BidVolume
05.08.2021 00:00:00.074,1.25455,1.2544,2.1,1.5
05.08.2021 00:00:00.125,1.25455,1.25442,2.07,1
05.08.2021 00:00:00.276,1.25455,1.25441,1.22,1
05.08.2021 00:00:00.479,1.2545600000000001,1.25444,1.2,1.5
05.08.2021 00:00:00.580,1.2545700000000002,1.25443,1.2,1.5
05.08.2021 00:00:00.681,1.25458,1.25444,2.85,1
05.08.2021 00:00:00.933,1.25458,1.25443,2.85,1
05.08.2021 00:00:02.103,1.2545700000000002,1.25444,2.1,1
05.08.2021 00:00:03.458,1.2545700000000002,1.25444,2.1,1
05.08.2021 00:00:05.039,1.25458,1.25444,2.1,1
05.08.2021 00:00:07.103,1.25459,1.25445,2.29,1
05.08.2021 00:00:10.554,1.2546000000000002,1.25448,1.1,1
05.08.2021 00:00:10.655,1.25461,1.2544700000000002,1.67,1
05.08.2021 00:00:11.010,1.25459,1.2544600000000001,1.1,1
05.08.2021 00:00:13.056,1.2546000000000002,1.2544700000000002,5.54,1.5
05.08.2021 00:00:13.157,1.25459,1.2544600000000001,1.22,1
05.08.2021 00:00:15.219,1.25459,1.2544600000000001,1.22,1
05.08.2021 00:00:21.098,1.25458,1.2544600000000001,1.97,1.5
05.08.2021 00:00:22.183,1.25458,1.25444,1.1,1.5
05.08.2021 00:00:22.285,1.2545700000000002,1.25444,1.1,1
05.08.2021 00:00:22.646,1.2545600000000001,1.25444,1.1,1.5
05.08.2021 00:00:22.747,1.2545600000000001,1.25444,1.1,1.5
05.08.2021 00:00:24.082,1.2545700000000002,1.25443,2.72,1.5
05.08.2021 00:00:25.148,1.2545600000000001,1.25444,1.22,1.5
05.08.2021 00:00:27.493,1.2545700000000002,1.25445,2.1,1.5
05.08.2021 00:00:28.625,1.25458,1.25445,2.1,1
05.08.2021 00:00:28.731,1.2545600000000001,1.25445,1,1
05.08.2021 00:00:30.208,1.25453,1.25444,1.5,1
05.08.2021 00:00:30.260,1.25453,1.25441,1.1,1
05.08.2021 00:00:30.594,1.2545000000000002,1.25438,1.1,1
05.08.2021 00:00:30.696,1.25449,1.25438,1,1
05.08.2021 00:00:31.230,1.25448,1.25438,1,1
05.08.2021 00:00:31.832,1.25448,1.2543700000000002,1,1
05.08.2021 00:00:34.066,1.25444,1.25435,1.1,1
05.08.2021 00:00:34.168,1.25444,1.25433,1.1,1
05.08.2021 00:00:35.107,1.25444,1.25432,1.1,1
05.08.2021 00:00:37.899,1.25443,1.25434,1.1,1
05.08.2021 00:00:39.991,1.25442,1.25432,1,1
05.08.2021 00:00:40.093,1.25441,1.25432,1,1
05.08.2021 00:00:40.345,1.25443,1.25431,1.1,1
05.08.2021 00:00:40.446,1.2543900000000001,1.25428,1,1.5
05.08.2021 00:00:40.548,1.25435,1.25425,1.1,1.62
05.08.2021 00:00:40.851,1.25435,1.25423,1,1
05.08.2021 00:00:40.955,1.25434,1.25425,1.1,1
05.08.2021 00:00:42.483,1.25434,1.25424,1,1
05.08.2021 00:00:43.020,1.25434,1.25423,1.1,1
05.08.2021 00:00:43.122,1.25434,1.2542200000000001,1,1
05.08.2021 00:00:43.596,1.25433,1.25425,1,1
05.08.2021 00:00:45.826,1.25434,1.25423,1,1
05.08.2021 00:00:49.668,1.25434,1.25424,1,1
05.08.2021 00:00:50.359,1.25433,1.25424,1,1
05.08.2021 00:00:56.104,1.25434,1.25423,1.1,1
05.08.2021 00:01:00.102,1.25434,1.25423,2.32,1
05.08.2021 00:01:00.153,1.25434,1.25425,2.32,1
05.08.2021 00:01:00.254,1.25434,1.2542600000000002,1,1
05.08.2021 00:01:01.253,1.2543600000000001,1.25424,1.1,1
05.08.2021 00:01:05.829,1.25438,1.25425,1.22,1
05.08.2021 00:01:07.103,1.25438,1.25425,2.72,1
05.08.2021 00:01:09.147,1.2543900000000001,1.2542700000000002,1.6,1
05.08.2021 00:01:09.248,1.2543900000000001,1.2542900000000001,1.8,1
05.08.2021 00:01:09.349,1.25441,1.2542700000000002,2.85,1.5
05.08.2021 00:01:09.854,1.25441,1.25428,2.1,1.5
05.08.2021 00:01:09.955,1.25441,1.25428,1.41,1
05.08.2021 00:01:10.165,1.2543900000000001,1.25428,1.1,1.5
05.08.2021 00:01:10.266,1.2543900000000001,1.2542900000000001,1.1,1
05.08.2021 00:01:10.367,1.25441,1.2542700000000002,2.16,1.5
05.08.2021 00:01:10.469,1.2544,1.2542700000000002,1.1,1.5
05.08.2021 00:01:10.570,1.2544,1.2542900000000001,3.66,1
05.08.2021 00:01:10.671,1.25441,1.2542900000000001,7.35,1.5
05.08.2021 00:01:13.201,1.25441,1.2543,2.85,1
05.08.2021 00:01:14.486,1.25441,1.2542900000000001,3.45,1
05.08.2021 00:01:14.587,1.25441,1.25428,3.45,1
05.08.2021 00:01:16.231,1.25438,1.2542600000000002,1.22,1
05.08.2021 00:01:17.834,1.25438,1.2542600000000002,3.64,1
05.08.2021 00:01:18.111,1.25438,1.2542600000000002,2.16,1
05.08.2021 00:01:18.162,1.25438,1.2542600000000002,3.64,1
05.08.2021 00:01:19.581,1.2543700000000002,1.2542600000000002,2.32,1
05.08.2021 00:01:19.682,1.2543700000000002,1.25425,2.32,1
05.08.2021 00:01:19.834,1.2543600000000001,1.25425,1.6,1
05.08.2021 00:01:19.935,1.25433,1.25425,1.6,1.5
05.08.2021 00:01:20.450,1.25434,1.25423,1.6,1.5
05.08.2021 00:01:23.118,1.2543700000000002,1.25425,5.02,1
05.08.2021 00:01:23.270,1.25434,1.25424,1.6,1
05.08.2021 00:01:28.050,1.25434,1.25425,1.1,1
05.08.2021 00:01:28.101,1.25433,1.25425,1.6,1
05.08.2021 00:01:29.108,1.25435,1.25424,2.32,1
05.08.2021 00:01:29.361,1.25432,1.2542200000000001,1.6,1
05.08.2021 00:01:31.237,1.25432,1.25423,1.6,1
05.08.2021 00:01:31.380,1.25432,1.2542200000000001,1.6,1
05.08.2021 00:01:31.634,1.25432,1.25421,1.6,1
05.08.2021 00:01:34.539,1.25433,1.25421,1.6,1
05.08.2021 00:01:38.958,1.25433,1.2542200000000001,1.95,1
05.08.2021 00:01:39.059,1.25435,1.25421,2.1,1
05.08.2021 00:01:40.069,1.25434,1.2542200000000001,1.6,1
05.08.2021 00:01:40.176,1.25434,1.25421,1.6,1
05.08.2021 00:01:40.378,1.25433,1.25423,1.6,1
05.08.2021 00:01:41.150,1.25435,1.2542200000000001,1.22,1
05.08.2021 00:01:43.795,1.25435,1.2542200000000001,1.2,1
05.08.2021 00:01:46.140,1.2543600000000001,1.25425,1.82,1
05.08.2021 00:01:46.242,1.2543600000000001,1.25425,1.27,1
05.08.2021 00:01:50.103,1.25435,1.2542600000000002,1.1,1
05.08.2021 00:01:51.156,1.25435,1.2542600000000002,1.1,1
05.08.2021 00:02:01.061,1.25435,1.2542600000000002,1.1,1
05.08.2021 00:02:01.746,1.25435,1.2542600000000002,2.32,1
05.08.2021 00:02:01.898,1.25433,1.25424,2.32,1
05.08.2021 00:02:02.314,1.25434,1.25423,1.1,1
05.08.2021 00:02:02.365,1.25434,1.25423,2.32,1
05.08.2021 00:02:02.808,1.25432,1.25424,2.32,1
05.08.2021 00:02:02.859,1.25433,1.2542200000000001,1.1,1
05.08.2021 00:02:03.723,1.25433,1.2542200000000001,1.1,1
05.08.2021 00:02:04.050,1.25433,1.2542200000000001,1,1
05.08.2021 00:02:12.068,1.25433,1.2542200000000001,1.1,1
05.08.2021 00:02:15.110,1.25433,1.25421,1.1,1
05.08.2021 00:02:18.894,1.25428,1.2541600000000002,1,2.07
05.08.2021 00:02:18.945,1.25425,1.2541700000000002,1,1.5
05.08.2021 00:02:19.097,1.2542600000000002,1.2541600000000002,1,1
05.08.2021 00:02:19.330,1.25423,1.25414,1.5,1
05.08.2021 00:02:19.875,1.25425,1.25413,1,1
05.08.2021 00:02:23.077,1.25425,1.25413,2.54,1
05.08.2021 00:02:23.983,1.2542600000000002,1.25413,1.97,1
05.08.2021 00:02:24.033,1.25425,1.2541600000000002,1.2,1
05.08.2021 00:02:24.185,1.25428,1.25415,1.12,1
05.08.2021 00:02:25.263,1.25428,1.2541600000000002,1.12,1
05.08.2021 00:02:27.254,1.2542700000000002,1.25415,1,1
05.08.2021 00:02:27.356,1.25428,1.2541600000000002,1.2,1
05.08.2021 00:02:31.173,1.25425,1.25414,1,1
05.08.2021 00:02:52.566,1.25425,1.2541600000000002,1.12,1
05.08.2021 00:02:52.667,1.2542700000000002,1.25415,1,1
05.08.2021 00:02:53.684,1.25428,1.25415,1.95,1
05.08.2021 00:02:53.785,1.25428,1.2541600000000002,1.87,1
05.08.2021 00:03:07.454,1.2542900000000001,1.25419,1.5,1.5
05.08.2021 00:03:07.556,1.25434,1.2542200000000001,1,1
05.08.2021 00:03:07.658,1.2543600000000001,1.25423,2.1,1
05.08.2021 00:03:07.759,1.2543600000000001,1.25424,1.6,1
05.08.2021 00:03:07.911,1.2544,1.25428,2.37,1
05.08.2021 00:03:08.114,1.25442,1.2543,1.2,1
05.08.2021 00:03:11.524,1.25443,1.25432,1.12,1
05.08.2021 00:03:11.676,1.2544600000000001,1.25434,2.07,1
05.08.2021 00:03:11.726,1.25445,1.25435,2.07,1
05.08.2021 00:03:14.455,1.2544600000000001,1.25434,1.95,1
05.08.2021 00:03:37.050,1.2544600000000001,1.25433,1.95,1
05.08.2021 00:03:37.756,1.25445,1.25433,1,1
05.08.2021 00:03:40.210,1.2544600000000001,1.25433,2.7,1
05.08.2021 00:03:42.253,1.25443,1.25432,1,1
05.08.2021 00:03:42.354,1.25443,1.25431,1.12,1
05.08.2021 00:03:48.665,1.2543700000000002,1.2542900000000001,1,1
05.08.2021 00:03:48.716,1.2543600000000001,1.2542600000000002,2.06,1.12
05.08.2021 00:03:48.818,1.2543600000000001,1.25425,1.1,1
05.08.2021 00:03:48.920,1.2543600000000001,1.25424,1.1,1
05.08.2021 00:03:49.022,1.25435,1.25425,1.6,1
05.08.2021 00:03:49.124,1.25435,1.25423,1.95,1
05.08.2021 00:03:49.936,1.25433,1.25423,1,1
05.08.2021 00:03:50.573,1.25433,1.2542200000000001,1,1
05.08.2021 00:03:51.145,1.25432,1.2542200000000001,1,1
05.08.2021 00:03:51.900,1.25432,1.25421,1,1
05.08.2021 00:03:53.763,1.2543,1.2542200000000001,1,1
05.08.2021 00:03:54.255,1.25431,1.2542,1,1
05.08.2021 00:03:54.633,1.25431,1.25421,1,1
05.08.2021 00:03:58.739,1.25432,1.25421,1,1
05.08.2021 00:04:00.122,1.25432,1.2542200000000001,1,1
05.08.2021 00:04:00.634,1.25432,1.25421,1,1
05.08.2021 00:04:00.735,1.25432,1.2542200000000001,1,1
05.08.2021 00:04:02.849,1.25433,1.25423,1,1
05.08.2021 00:04:04.001,1.25434,1.25423,1,1
05.08.2021 00:04:05.597,1.25433,1.25423,1.1,1
05.08.2021 00:04:05.698,1.25434,1.2542200000000001,1.1,1
05.08.2021 00:04:07.409,1.25431,1.2542,1.2,1
05.08.2021 00:04:07.510,1.25432,1.2542,1,1
05.08.2021 00:04:07.611,1.25432,1.2542200000000001,1.1,1
05.08.2021 00:04:07.763,1.25434,1.25421,2.29,1
05.08.2021 00:04:07.965,1.25433,1.25421,1.2,1
05.08.2021 00:04:19.725,1.25433,1.25423,1.85,1
05.08.2021 00:04:23.318,1.25434,1.2542200000000001,1.1,1
05.08.2021 00:04:29.664,1.2543600000000001,1.2542200000000001,2.29,1
05.08.2021 00:04:29.766,1.2543700000000002,1.2542900000000001,1,1
05.08.2021 00:04:29.867,1.2543700000000002,1.25428,1,2.32
05.08.2021 00:04:29.918,1.25442,1.25431,1.1,1
05.08.2021 00:04:30.019,1.25444,1.25433,2.1,1
05.08.2021 00:04:31.718,1.25443,1.25431,1.1,1
05.08.2021 00:04:34.009,1.25443,1.25433,1.22,1
05.08.2021 00:04:35.133,1.25445,1.25432,1.6,1
05.08.2021 00:04:37.153,1.25445,1.25433,1.6,1
05.08.2021 00:04:37.343,1.2544600000000001,1.25435,1,1
05.08.2021 00:04:37.445,1.25449,1.2543700000000002,1.6,1
05.08.2021 00:04:37.546,1.25449,1.2543700000000002,1.1,1
05.08.2021 00:04:38.104,1.25449,1.2543700000000002,1.1,1
05.08.2021 00:04:38.154,1.2544700000000002,1.25435,1.1,1
05.08.2021 00:04:44.324,1.25449,1.2543600000000001,1.22,1
05.08.2021 00:04:44.425,1.25449,1.2543700000000002,2.1,1
05.08.2021 00:04:45.668,1.25449,1.2543700000000002,1.2,1
05.08.2021 00:04:45.784,1.25449,1.2543700000000002,1.41,1
05.08.2021 00:04:46.836,1.25448,1.2543700000000002,1.22,1
05.08.2021 00:04:53.334,1.2544700000000002,1.2543700000000002,1.1,1
05.08.2021 00:04:57.534,1.2544700000000002,1.2543600000000001,1.1,1
05.08.2021 00:05:01.031,1.2544700000000002,1.2543600000000001,1.22,1
05.08.2021 00:05:11.539,1.2545000000000002,1.2543600000000001,1.6,1
05.08.2021 00:05:11.690,1.25451,1.2543600000000001,3.04,1.5
05.08.2021 00:05:15.244,1.2545000000000002,1.2543700000000002,4.6,1
05.08.2021 00:05:15.295,1.25449,1.25435,2.91,1
05.08.2021 00:05:18.923,1.25444,1.25432,1.6,1
05.08.2021 00:05:19.025,1.25444,1.2543,1.1,1
05.08.2021 00:05:19.127,1.25443,1.25431,1.97,1
05.08.2021 00:05:19.381,1.25442,1.25431,1.1,1
05.08.2021 00:05:19.533,1.25443,1.25431,3.04,1
05.08.2021 00:05:19.762,1.25443,1.25432,1.85,1
05.08.2021 00:05:21.548,1.25445,1.2543,2.29,1.5
05.08.2021 00:05:21.599,1.2544600000000001,1.25432,2.29,1
05.08.2021 00:05:23.339,1.2544600000000001,1.25431,1.6,1.5
05.08.2021 00:05:25.551,1.2544600000000001,1.25431,1.22,1.5
05.08.2021 00:05:30.163,1.25445,1.25431,1.1,1.5
05.08.2021 00:05:30.265,1.25443,1.2542900000000001,1.6,1
05.08.2021 00:05:45.680,1.25443,1.2542900000000001,1.6,1.5
05.08.2021 00:05:45.839,1.25443,1.2542900000000001,2.1,1
05.08.2021 00:05:47.955,1.25444,1.2543,2.85,1
05.08.2021 00:05:48.107,1.25443,1.25431,2.85,1
05.08.2021 00:05:48.417,1.25442,1.2543,1.2,1.5
05.08.2021 00:05:54.186,1.25442,1.2543,2.1,1.5
05.08.2021 00:05:54.408,1.25443,1.2542900000000001,2.1,1.5
05.08.2021 00:05:55.202,1.25442,1.2543,2.1,1.5
05.08.2021 00:05:55.776,1.25443,1.2542900000000001,2.1,1.5
05.08.2021 00:06:02.305,1.25443,1.2542900000000001,1.6,1.5
05.08.2021 00:06:02.791,1.25442,1.2543,2.85,1
05.08.2021 00:06:06.614,1.2544,1.2542600000000002,1.35,1
05.08.2021 00:06:09.040,1.25442,1.25428,1.6,1.5
05.08.2021 00:06:09.141,1.25441,1.2542900000000001,1.1,1.5
05.08.2021 00:06:14.013,1.25442,1.25428,3.72,1
05.08.2021 00:06:14.114,1.25442,1.25428,3.72,1
05.08.2021 00:06:23.414,1.25442,1.25428,1.97,1.5
05.08.2021 00:06:24.446,1.25444,1.2542900000000001,1.97,1.5
05.08.2021 00:06:24.547,1.25443,1.2543,4.22,1.5
05.08.2021 00:06:26.438,1.25444,1.2542900000000001,2.72,1.5
05.08.2021 00:06:31.734,1.25443,1.2543,4.6,1.5
05.08.2021 00:06:38.773,1.25442,1.2542900000000001,2.29,1
05.08.2021 00:06:38.977,1.25442,1.25428,2.29,1
05.08.2021 00:06:41.774,1.2543700000000002,1.2542700000000002,1,1
05.08.2021 00:07:21.322,1.25438,1.2542700000000002,1,1
05.08.2021 00:07:29.571,1.25434,1.25423,1,1
05.08.2021 00:07:29.673,1.25432,1.25423,1,1
05.08.2021 00:07:59.836,1.25432,1.2542200000000001,1.1,1
05.08.2021 00:08:11.602,1.25433,1.2542200000000001,1,1
05.08.2021 00:08:13.806,1.25433,1.25423,1,1
05.08.2021 00:08:15.742,1.25433,1.2542200000000001,1,1
05.08.2021 00:08:15.844,1.25432,1.2542200000000001,1,1
05.08.2021 00:08:15.994,1.25432,1.25421,1,1
05.08.2021 00:08:20.733,1.25433,1.25421,1.1,1
05.08.2021 00:09:07.021,1.25432,1.25421,1,1
05.08.2021 00:09:08.686,1.25431,1.25421,1,1
05.08.2021 00:09:11.765,1.2542900000000001,1.2541600000000002,1,1.5
05.08.2021 00:09:16.725,1.2542900000000001,1.2541700000000002,1,1
05.08.2021 00:09:21.462,1.25425,1.2541600000000002,1,1
05.08.2021 00:09:21.563,1.2542600000000002,1.25414,1.1,1
05.08.2021 00:09:22.087,1.2542600000000002,1.25413,1.57,1
05.08.2021 00:09:22.188,1.25424,1.2541200000000001,1.1,1
05.08.2021 00:09:22.289,1.25424,1.25411,2.32,1
05.08.2021 00:09:22.390,1.25423,1.25409,1.2,1
05.08.2021 00:09:22.491,1.2542200000000001,1.2541,1.97,1
05.08.2021 00:09:22.740,1.2542,1.2541,1,1
05.08.2021 00:09:22.791,1.2541700000000002,1.2540600000000002,1,1.5
05.08.2021 00:09:26.412,1.25419,1.25405,1.2,1.5
05.08.2021 00:09:33.622,1.2542200000000001,1.25408,1.85,1
05.08.2021 00:09:33.825,1.2542,1.2540700000000002,1.1,1
05.08.2021 00:09:34.177,1.25421,1.25408,3.49,1
05.08.2021 00:09:34.406,1.25421,1.25408,3.49,1
05.08.2021 00:09:34.936,1.25421,1.25408,2.29,1.5
05.08.2021 00:09:35.307,1.25424,1.25413,2.07,1
05.08.2021 00:09:35.359,1.25423,1.25411,1.97,1.5
05.08.2021 00:09:35.410,1.25424,1.25413,1.12,1
05.08.2021 00:09:35.617,1.2542700000000002,1.25413,2.29,1.5
05.08.2021 00:09:36.498,1.25424,1.25413,1,1
05.08.2021 00:09:36.600,1.25423,1.25413,1.97,1
05.08.2021 00:09:37.030,1.25424,1.25411,2.1,1
05.08.2021 00:09:40.373,1.2542600000000002,1.25414,2.8,1
05.08.2021 00:09:40.474,1.2542600000000002,1.25414,2.55,1
05.08.2021 00:09:40.739,1.25425,1.25413,1.6,1.5
05.08.2021 00:09:41.280,1.2542600000000002,1.25411,1.6,1
05.08.2021 00:09:47.792,1.2542,1.2540600000000002,1.1,1.5
05.08.2021 00:09:47.893,1.25421,1.25409,1.6,1.5
05.08.2021 00:09:47.994,1.25423,1.25409,1.6,1
05.08.2021 00:09:48.095,1.2542200000000001,1.2541,1.6,1
05.08.2021 00:09:48.488,1.25424,1.25408,2.29,1.5
05.08.2021 00:09:52.491,1.25424,1.25408,3.04,1.5
05.08.2021 00:09:52.743,1.25424,1.25409,2.29,1
05.08.2021 00:09:54.069,1.25424,1.25409,3.79,1
05.08.2021 00:09:57.606,1.25424,1.25408,3.79,1.5
05.08.2021 00:10:00.057,1.25424,1.25408,4.54,1.5
05.08.2021 00:10:06.300,1.25424,1.25409,4.54,1
05.08.2021 00:10:06.808,1.25424,1.25408,4.35,1.5
05.08.2021 00:10:08.651,1.2542,1.2540600000000002,1.22,1
05.08.2021 00:10:14.952,1.25419,1.2540600000000002,1.6,1
05.08.2021 00:10:25.365,1.2542,1.2540600000000002,2.29,1
05.08.2021 00:10:32.963,1.2542,1.2540600000000002,2.16,1
05.08.2021 00:10:37.860,1.25421,1.2540700000000002,2.1,1
05.08.2021 00:10:37.961,1.25421,1.2540700000000002,2.1,1
05.08.2021 00:10:40.170,1.25421,1.25409,2.29,1
05.08.2021 00:10:40.272,1.25424,1.25409,4.8,1.5
05.08.2021 00:10:51.250,1.25423,1.25409,5.1,1.5
05.08.2021 00:10:53.699,1.25425,1.2541,3.04,1.5
05.08.2021 00:10:53.801,1.25424,1.2541,1.6,1.5
05.08.2021 00:10:54.695,1.25424,1.25409,2.85,1.5
05.08.2021 00:11:00.818,1.25424,1.25408,4.54,1.5
05.08.2021 00:11:01.450,1.25423,1.25408,2.1,1.5
05.08.2021 00:11:03.499,1.25421,1.2541,1.22,1
05.08.2021 00:11:13.611,1.25421,1.25409,1.22,1
05.08.2021 00:11:22.402,1.2542,1.2540700000000002,1.41,1
05.08.2021 00:11:22.525,1.2542,1.2540600000000002,2.1,1
05.08.2021 00:11:23.137,1.2542,1.2540600000000002,2.1,1
05.08.2021 00:11:25.281,1.25419,1.25405,1.22,1
05.08.2021 00:11:25.382,1.25419,1.25404,4.47,1
05.08.2021 00:11:25.483,1.25419,1.25404,4.66,1
05.08.2021 00:11:25.585,1.25419,1.25404,4.66,1
05.08.2021 00:11:25.731,1.25419,1.25405,2.79,1
05.08.2021 00:11:27.803,1.25419,1.25405,2.91,1
05.08.2021 00:11:27.955,1.25419,1.2540600000000002,2.91,1
05.08.2021 00:11:33.277,1.2542,1.2540700000000002,1.6,1.5
05.08.2021 00:11:33.982,1.25421,1.2540600000000002,1.6,2.37
05.08.2021 00:11:35.963,1.25421,1.2540600000000002,1.6,2.25
05.08.2021 00:11:53.634,1.25421,1.2540600000000002,4.72,1
05.08.2021 00:11:57.693,1.2542,1.2540700000000002,2.85,1
05.08.2021 00:11:58.102,1.25421,1.2540700000000002,1.6,1
05.08.2021 00:11:59.732,1.25421,1.25409,2.29,1
05.08.2021 00:12:00.792,1.25423,1.25411,2.1,1
05.08.2021 00:12:00.893,1.25425,1.2541200000000001,1.6,1
05.08.2021 00:12:00.944,1.25424,1.25413,1.6,1
05.08.2021 00:12:01.045,1.2542600000000002,1.25413,1.1,1
05.08.2021 00:12:03.435,1.25424,1.2541200000000001,2.32,1
05.08.2021 00:12:03.486,1.25424,1.2541,2.35,1.12
05.08.2021 00:12:03.652,1.25424,1.25414,1.1,1
05.08.2021 00:12:11.088,1.2542600000000002,1.25414,1.6,1
05.08.2021 00:12:13.098,1.2542700000000002,1.25414,1.85,1
05.08.2021 00:12:22.775,1.25424,1.25414,1,1
05.08.2021 00:12:25.323,1.25423,1.25414,1,1
05.08.2021 00:12:25.424,1.2542200000000001,1.25414,1,1
05.08.2021 00:12:30.171,1.25423,1.25414,1,1
05.08.2021 00:12:30.273,1.25423,1.2541200000000001,1,1
05.08.2021 00:12:30.323,1.25419,1.25408,1,1.5
05.08.2021 00:12:30.425,1.25418,1.25408,1,1.5
05.08.2021 00:12:30.476,1.2541700000000002,1.25409,1,1
05.08.2021 00:12:30.577,1.25418,1.2540700000000002,1,1
05.08.2021 00:12:30.732,1.2541600000000002,1.25408,1,1
05.08.2021 00:12:32.541,1.25418,1.2540700000000002,1,1
05.08.2021 00:12:32.592,1.2541600000000002,1.2540700000000002,1,1
05.08.2021 00:12:32.693,1.2541600000000002,1.2540600000000002,1,1
05.08.2021 00:12:37.725,1.25414,1.2540700000000002,1,1
05.08.2021 00:12:39.293,1.25414,1.25405,1,1
05.08.2021 00:12:41.602,1.25413,1.2540200000000001,1,1
05.08.2021 00:12:41.704,1.25411,1.2540200000000001,1,1
05.08.2021 00:12:58.443,1.25414,1.25401,1,1
05.08.2021 00:12:58.545,1.25414,1.2540200000000001,1,1
05.08.2021 00:13:06.087,1.25413,1.25401,1,1
05.08.2021 00:13:11.247,1.25413,1.254,1,1.1
05.08.2021 00:13:17.066,1.25413,1.25399,1,1.1
05.08.2021 00:13:17.117,1.2541,1.25398,1,1
05.08.2021 00:13:19.695,1.2541,1.25398,1,1.5
05.08.2021 00:13:19.914,1.2541,1.25398,1,1
05.08.2021 00:13:32.108,1.25409,1.25397,1,1
05.08.2021 00:13:35.512,1.25409,1.25398,1.1,1
05.08.2021 00:13:35.765,1.25409,1.25397,1,1
05.08.2021 00:13:36.227,1.25408,1.25397,1,1
05.08.2021 00:13:37.123,1.25408,1.25398,1,1
05.08.2021 00:13:40.294,1.2541,1.25398,1,1
05.08.2021 00:14:05.377,1.25409,1.25398,1,1
05.08.2021 00:14:05.478,1.25408,1.25398,1,1
05.08.2021 00:14:05.580,1.25408,1.25397,1,1
05.08.2021 00:14:06.158,1.25408,1.25398,1,1
05.08.2021 00:14:09.207,1.25409,1.25399,1,1
05.08.2021 00:14:11.509,1.25409,1.254,1,1
05.08.2021 00:14:15.137,1.2541,1.254,1,1
05.08.2021 00:14:16.167,1.2541,1.25399,1,1.5
05.08.2021 00:14:16.723,1.25411,1.25399,1,1.5
05.08.2021 00:14:19.097,1.25409,1.254,1,1.5
05.08.2021 00:14:29.994,1.25411,1.25399,1,1.5
05.08.2021 00:14:31.153,1.25411,1.25399,1,1.62
05.08.2021 00:14:44.356,1.25411,1.25399,1,1.5
05.08.2021 00:14:52.052,1.2541200000000001,1.25399,1.95,1.5
05.08.2021 00:14:52.713,1.25411,1.254,1.95,1.62
05.08.2021 00:14:53.703,1.25411,1.254,1.57,1.5
05.08.2021 00:14:55.825,1.2541200000000001,1.25399,1.1,1.62
05.08.2021 00:14:56.777,1.25411,1.254,1.1,1.5
05.08.2021 00:14:57.777,1.2541200000000001,1.25399,1.1,1.62
05.08.2021 00:15:01.186,1.25413,1.25399,1.95,1.62
05.08.2021 00:15:01.916,1.2541200000000001,1.25399,1,1.62
05.08.2021 00:15:02.043,1.25413,1.25399,1.95,1.62
05.08.2021 00:15:02.948,1.25413,1.25399,1.97,1.62
05.08.2021 00:15:14.944,1.2541200000000001,1.254,1.97,1
05.08.2021 00:15:15.045,1.2541600000000002,1.25405,1.1,2.25
05.08.2021 00:15:15.198,1.2541700000000002,1.25405,1.95,2.25
05.08.2021 00:15:24.565,1.2541600000000002,1.25405,1.1,2.25
05.08.2021 00:15:24.666,1.2541700000000002,1.25404,1.57,1.12
05.08.2021 00:15:25.333,1.2541600000000002,1.2540600000000002,1.1,2.25
05.08.2021 00:15:37.715,1.25418,1.25405,2.62,3
05.08.2021 00:15:42.552,1.2541600000000002,1.25405,1,2.25
05.08.2021 00:15:43.433,1.2541600000000002,1.25404,1,1
05.08.2021 00:15:44.027,1.25418,1.25404,4.12,1.5
05.08.2021 00:15:44.131,1.2541700000000002,1.2540600000000002,4.12,2.25
05.08.2021 00:16:03.754,1.2541700000000002,1.25405,1,2.25
05.08.2021 00:16:05.531,1.2541700000000002,1.25404,1,1
05.08.2021 00:16:05.582,1.2541200000000001,1.25404,1,1
05.08.2021 00:16:05.683,1.2541200000000001,1.25399,1,1.12
05.08.2021 00:16:07.654,1.2541200000000001,1.25399,1.5,1.62
05.08.2021 00:16:07.943,1.25411,1.25399,1,1
05.08.2021 00:16:07.994,1.25408,1.254,1,1
05.08.2021 00:16:08.045,1.25409,1.25397,1,3
05.08.2021 00:16:10.725,1.25408,1.25397,1,2.25
05.08.2021 00:17:08.907,1.2540600000000002,1.25398,1,2.25
05.08.2021 00:17:24.912,1.25404,1.25393,1.5,1
05.08.2021 00:17:32.336,1.25401,1.25394,1,2.25
05.08.2021 00:17:32.905,1.2540200000000001,1.2539200000000001,1,1
05.08.2021 00:17:34.842,1.25401,1.25391,1,1.5
05.08.2021 00:17:48.448,1.25401,1.25391,1,1.62
05.08.2021 00:17:49.136,1.25405,1.25394,1,1
05.08.2021 00:17:49.238,1.2540700000000002,1.2539500000000001,1.5,1
05.08.2021 00:17:49.339,1.2540600000000002,1.2539600000000002,1,1.1
05.08.2021 00:17:49.525,1.2540700000000002,1.25397,1,2.25
05.08.2021 00:17:49.897,1.25408,1.25397,1.5,3
05.08.2021 00:17:49.998,1.2541,1.25398,1,1
05.08.2021 00:18:00.647,1.25411,1.25398,1.5,1.12
05.08.2021 00:18:02.796,1.2541,1.25398,1,1
05.08.2021 00:18:04.271,1.25408,1.25398,1,1
05.08.2021 00:18:04.373,1.25409,1.25397,1,3
05.08.2021 00:18:04.475,1.25409,1.25399,1,1
05.08.2021 00:18:10.578,1.2541,1.25399,1.87,1.12
05.08.2021 00:18:14.111,1.2541,1.25398,1,1.5
05.08.2021 00:18:25.590,1.2541,1.25399,1,1
05.08.2021 00:18:28.825,1.25409,1.25399,1,1.5
05.08.2021 00:18:31.872,1.25409,1.25397,1,1
05.08.2021 00:18:31.973,1.25409,1.2539600000000002,1.5,1.1
05.08.2021 00:18:34.585,1.25409,1.25398,1.5,1.12
05.08.2021 00:18:35.387,1.2541,1.25399,1.5,1
05.08.2021 00:18:49.884,1.25409,1.25399,1.5,1
05.08.2021 00:18:55.728,1.2541,1.25399,1.5,1
05.08.2021 00:19:00.673,1.2541,1.25397,1.5,1.57
05.08.2021 00:19:00.774,1.25409,1.25397,1.5,1
05.08.2021 00:19:00.875,1.2540700000000002,1.25398,1,1
05.08.2021 00:19:01.355,1.25408,1.2539600000000002,1,1
05.08.2021 00:19:02.240,1.25409,1.2539600000000002,1.5,1.1
05.08.2021 00:19:10.491,1.25408,1.25394,1.5,2.7
05.08.2021 00:19:12.835,1.25408,1.25394,1.5,1.7
05.08.2021 00:19:13.341,1.2540700000000002,1.25394,1,1.62
05.08.2021 00:19:14.570,1.2540700000000002,1.2539600000000002,1,1
05.08.2021 00:19:14.672,1.25408,1.2539600000000002,1,1
05.08.2021 00:19:15.272,1.25409,1.2539600000000002,1.5,1.1
05.08.2021 00:19:15.532,1.25408,1.25398,1.5,1
05.08.2021 00:19:21.619,1.25409,1.2539600000000002,1,1.57
05.08.2021 00:19:22.122,1.25409,1.25398,1.5,1
05.08.2021 00:19:22.527,1.2541,1.25397,1.6,1
05.08.2021 00:19:24.426,1.25408,1.25397,1.5,1.76
05.08.2021 00:19:27.050,1.2541,1.25397,1.95,1
05.08.2021 00:19:32.293,1.25404,1.2539500000000001,1,1
05.08.2021 00:19:32.344,1.2540700000000002,1.2539500000000001,1.12,1.7
05.08.2021 00:19:32.497,1.25408,1.2539600000000002,1,1.12
05.08.2021 00:19:34.918,1.25409,1.2539600000000002,1.57,1
05.08.2021 00:19:53.419,1.25409,1.2539600000000002,1.5,1.7
05.08.2021 00:19:53.991,1.25408,1.2539600000000002,1,1.7
05.08.2021 00:19:54.193,1.2540700000000002,1.2539600000000002,1,1
05.08.2021 00:19:54.445,1.2540600000000002,1.2539600000000002,1,1.1
05.08.2021 00:19:57.531,1.25405,1.2539500000000001,1.5,1.1
05.08.2021 00:19:57.582,1.2540200000000001,1.2539500000000001,1,1
05.08.2021 00:19:57.684,1.25401,1.2539500000000001,1,1
05.08.2021 00:19:57.835,1.2540200000000001,1.25389,1,1.2
05.08.2021 00:19:58.298,1.2540200000000001,1.2538799999999999,1.57,1.1
05.08.2021 00:19:59.215,1.2540200000000001,1.2538799999999999,1.5,1.1
05.08.2021 00:20:01.315,1.2540200000000001,1.2538799999999999,1.57,1.2
05.08.2021 00:20:05.923,1.2540200000000001,1.2538799999999999,1.5,1.22
05.08.2021 00:20:07.452,1.2540200000000001,1.2538799999999999,1.57,1.1
05.08.2021 00:20:10.082,1.25401,1.25389,1.87,1.1
05.08.2021 00:20:10.441,1.25401,1.25389,1.95,1.1
05.08.2021 00:20:10.755,1.25401,1.25389,1.87,1.1
05.08.2021 00:20:11.329,1.2540200000000001,1.2538799999999999,1.95,1.1
05.08.2021 00:20:11.531,1.25401,1.25387,1,2.54
05.08.2021 00:20:21.399,1.25401,1.25387,1,2.54
05.08.2021 00:20:23.050,1.25401,1.25387,1,2.35
05.08.2021 00:20:32.258,1.25399,1.2538500000000001,1.5,1.97
05.08.2021 00:20:32.360,1.2539600000000002,1.25384,1,1.5
05.08.2021 00:20:32.461,1.25397,1.25384,1.2,1
05.08.2021 00:20:32.713,1.25397,1.25384,1.2,1
05.08.2021 00:20:35.465,1.25397,1.2538500000000001,1.2,1
05.08.2021 00:20:47.432,1.25398,1.2538500000000001,1.12,1.12
05.08.2021 00:21:23.862,1.25398,1.2538500000000001,1.5,1.5
05.08.2021 00:21:24.065,1.25398,1.2538500000000001,1.12,1.5
05.08.2021 00:21:24.323,1.25398,1.25387,1,1
05.08.2021 00:21:24.424,1.2540200000000001,1.25389,1.7,1.57
05.08.2021 00:21:24.526,1.25403,1.2539200000000001,1.6,1
05.08.2021 00:21:24.728,1.25405,1.25391,1.6,1.62
05.08.2021 00:21:24.881,1.25404,1.2539200000000001,1.6,1.62
05.08.2021 00:21:26.446,1.2540600000000002,1.25391,1.6,2.45
05.08.2021 00:21:28.384,1.25405,1.25391,1.2,1.5
05.08.2021 00:21:29.383,1.25405,1.25391,1.2,1.62
05.08.2021 00:21:29.540,1.25404,1.25391,1,1.62
05.08.2021 00:21:29.641,1.25405,1.25391,1.2,1.62
05.08.2021 00:21:29.844,1.25405,1.2539200000000001,1.1,1
05.08.2021 00:21:30.070,1.25405,1.25391,1.2,1.62
05.08.2021 00:21:32.252,1.25405,1.25393,1.2,1
05.08.2021 00:21:32.505,1.2540700000000002,1.25394,2.85,1
05.08.2021 00:21:32.556,1.2540700000000002,1.2539600000000002,1.5,1.01
05.08.2021 00:21:32.607,1.25408,1.25398,1,1.5
05.08.2021 00:21:32.708,1.25409,1.25399,1.2,1
05.08.2021 00:21:32.809,1.2541200000000001,1.25398,2.07,1
05.08.2021 00:21:40.343,1.2541200000000001,1.25399,1.5,1
05.08.2021 00:21:41.338,1.25411,1.25401,1.5,1
05.08.2021 00:21:42.480,1.2541200000000001,1.254,1.12,1
05.08.2021 00:21:43.098,1.25411,1.254,1.12,1
05.08.2021 00:21:44.070,1.2541200000000001,1.254,1.12,1
05.08.2021 00:21:45.020,1.25411,1.25401,1.6,1
05.08.2021 00:21:45.121,1.2541200000000001,1.25399,1.6,1
05.08.2021 00:21:50.162,1.25413,1.25399,1.6,1
05.08.2021 00:21:50.282,1.25413,1.254,1.6,1
05.08.2021 00:21:53.807,1.2541200000000001,1.25403,1.12,1
05.08.2021 00:21:54.647,1.25413,1.254,3.57,2.45
05.08.2021 00:21:57.991,1.25414,1.25399,3.57,2.45
05.08.2021 00:22:01.012,1.25413,1.25399,1.6,1.5
05.08.2021 00:22:02.663,1.2541200000000001,1.25401,1.6,1
05.08.2021 00:22:05.446,1.25413,1.254,1.2,1
05.08.2021 00:22:05.637,1.2541200000000001,1.254,1.25,1
05.08.2021 00:22:07.777,1.2541200000000001,1.25401,2.89,1
05.08.2021 00:22:09.932,1.25414,1.25401,2.82,1
05.08.2021 00:22:12.577,1.25413,1.25401,2.82,1.5
05.08.2021 00:22:12.779,1.25411,1.25401,1,1.5
05.08.2021 00:22:19.449,1.25413,1.254,1.95,1
05.08.2021 00:22:20.953,1.25413,1.254,2.07,1
05.08.2021 00:22:21.157,1.25413,1.254,1.95,1
05.08.2021 00:22:23.841,1.25413,1.2540200000000001,2.82,1
05.08.2021 00:22:28.992,1.25414,1.25401,2.7,1
05.08.2021 00:22:29.236,1.25414,1.254,2.7,1.5
05.08.2021 00:22:34.205,1.25413,1.2540200000000001,2.7,1.5
05.08.2021 00:22:34.256,1.2541600000000002,1.25403,1.2,1
05.08.2021 00:22:34.358,1.25415,1.25405,1.12,1
05.08.2021 00:22:36.994,1.2541700000000002,1.25404,2.14,1
05.08.2021 00:22:37.487,1.25415,1.25401,1.2,2.25
05.08.2021 00:22:37.639,1.2541600000000002,1.2540200000000001,2.07,1
05.08.2021 00:22:37.740,1.25415,1.25403,1.95,1
05.08.2021 00:22:37.842,1.2541600000000002,1.25403,1.95,1
05.08.2021 00:23:08.971,1.25418,1.25404,1.12,1.57
05.08.2021 00:23:09.072,1.25418,1.25405,1.95,1
05.08.2021 00:23:19.188,1.25419,1.2540600000000002,2.82,1
05.08.2021 00:23:23.587,1.2541700000000002,1.2540600000000002,1,1.5
05.08.2021 00:23:30.523,1.25418,1.2540700000000002,2.14,1
05.08.2021 00:23:31.033,1.2542,1.2540700000000002,2.82,1
05.08.2021 00:23:34.440,1.2542,1.2540700000000002,2.7,1
05.08.2021 00:23:35.510,1.25419,1.2540700000000002,2.25,1
05.08.2021 00:23:38.931,1.25418,1.2540600000000002,1.25,1
05.08.2021 00:23:39.780,1.2541700000000002,1.2540600000000002,1.57,1.12
05.08.2021 00:24:03.419,1.25414,1.2540200000000001,3.07,1.12
05.08.2021 00:24:03.521,1.25414,1.25401,1.57,1.12
05.08.2021 00:24:03.622,1.25414,1.25401,1.6,1
05.08.2021 00:24:03.775,1.25413,1.254,1.12,1
05.08.2021 00:24:03.927,1.25414,1.25401,1.6,1
05.08.2021 00:24:09.675,1.25413,1.254,1.6,1
05.08.2021 00:24:26.937,1.2541200000000001,1.254,2.07,1
05.08.2021 00:24:28.585,1.25413,1.254,1,1
05.08.2021 00:24:28.686,1.25413,1.25399,1.76,1
05.08.2021 00:24:31.559,1.2541200000000001,1.25399,1.87,1
05.08.2021 00:24:31.939,1.25411,1.25398,1,1
05.08.2021 00:24:32.090,1.2541200000000001,1.25398,1.2,1
05.08.2021 00:24:50.031,1.25413,1.25399,2.07,1
05.08.2021 00:25:02.292,1.25409,1.2539600000000002,1.5,1
05.08.2021 00:25:02.393,1.2540700000000002,1.25393,1.5,1.62
05.08.2021 00:25:04.946,1.2540700000000002,1.25394,1.5,1
05.08.2021 00:25:10.912,1.2540600000000002,1.2539200000000001,1.2,1
05.08.2021 00:25:10.963,1.25405,1.2539200000000001,1.6,1
05.08.2021 00:25:13.515,1.25404,1.2539200000000001,1.6,1
05.08.2021 00:25:20.446,1.25405,1.2539200000000001,2.82,1
05.08.2021 00:25:23.140,1.25403,1.25391,1.95,1.5
05.08.2021 00:25:23.241,1.25401,1.25389,1,1
05.08.2021 00:25:23.292,1.25399,1.2538600000000002,1,1.12
05.08.2021 00:25:23.444,1.25401,1.25389,2,1
05.08.2021 00:25:23.596,1.2540200000000001,1.2539,1.6,1.5
05.08.2021 00:25:23.697,1.25403,1.2539,2.62,1.5
05.08.2021 00:25:45.593,1.25405,1.2539500000000001,1.6,1
05.08.2021 00:25:45.795,1.2540600000000002,1.2539200000000001,1.5,1
05.08.2021 00:25:46.218,1.25405,1.25394,1.57,1
05.08.2021 00:25:53.671,1.2540700000000002,1.25394,1.6,1
05.08.2021 00:25:59.524,1.2540700000000002,1.25394,1.12,1
05.08.2021 00:25:59.796,1.25408,1.25394,1.1,1
05.08.2021 00:26:00.131,1.25408,1.25397,1.12,1
05.08.2021 00:26:00.535,1.2541,1.2539600000000002,3.64,1
05.08.2021 00:26:02.824,1.25408,1.25397,1.5,1
05.08.2021 00:26:02.976,1.2541,1.2539600000000002,4.39,1
05.08.2021 00:26:06.375,1.2541,1.25397,3.56,1
05.08.2021 00:26:10.172,1.25409,1.25397,1.5,1
05.08.2021 00:26:10.327,1.2541,1.25398,1.87,1
05.08.2021 00:26:10.428,1.25409,1.25398,1,1
05.08.2021 00:26:10.529,1.2541,1.25398,2.62,1
05.08.2021 00:26:17.337,1.25409,1.25398,1.5,1
05.08.2021 00:26:17.438,1.25408,1.25397,1.5,1.62
05.08.2021 00:26:18.021,1.2541,1.25398,1.12,1
05.08.2021 00:26:18.354,1.25409,1.25398,1,1
05.08.2021 00:26:18.472,1.25409,1.25397,2.25,1.12
05.08.2021 00:26:18.573,1.2540700000000002,1.2539600000000002,2.32,1
05.08.2021 00:26:18.725,1.2540700000000002,1.25394,2.82,1
05.08.2021 00:26:20.753,1.25409,1.25397,2.82,1
05.08.2021 00:26:20.955,1.2541,1.25397,1.5,1
05.08.2021 00:26:27.494,1.25409,1.25397,1.5,1.5
05.08.2021 00:26:28.200,1.25411,1.25397,2.7,1.5
05.08.2021 00:26:28.301,1.25409,1.25397,1.5,1.5
05.08.2021 00:26:30.481,1.25411,1.25397,2.7,1.5
05.08.2021 00:26:30.582,1.25409,1.25397,1.5,1.5
05.08.2021 00:26:36.284,1.25411,1.25397,2.7,1.5
05.08.2021 00:26:36.385,1.25408,1.25398,1.5,1.5
05.08.2021 00:26:40.430,1.2541,1.25398,2.7,1.5
05.08.2021 00:26:40.541,1.25409,1.25397,1.5,1.5
05.08.2021 00:26:48.005,1.25409,1.25398,1.5,1.5
05.08.2021 00:26:48.139,1.25408,1.25398,1.5,1.5
05.08.2021 00:26:51.439,1.25408,1.254,1.5,1
05.08.2021 00:26:54.437,1.2541200000000001,1.25403,1,1
05.08.2021 00:26:54.538,1.25415,1.25405,2,1
05.08.2021 00:26:54.640,1.2541700000000002,1.2540600000000002,2.82,1
05.08.2021 00:26:54.842,1.25418,1.25405,2.25,1
05.08.2021 00:27:04.132,1.25418,1.2540600000000002,1,1
05.08.2021 00:27:06.135,1.25418,1.25405,1,1.5
05.08.2021 00:27:06.238,1.25418,1.2540700000000002,2.89,1
05.08.2021 00:27:07.472,1.25419,1.25405,2.89,1.5
05.08.2021 00:27:07.604,1.25418,1.2540600000000002,2.91,1.5
05.08.2021 00:27:07.705,1.25418,1.2540700000000002,3.01,1
05.08.2021 00:27:07.907,1.25419,1.2540600000000002,2.89,1
05.08.2021 00:27:11.946,1.25418,1.25405,1,1
05.08.2021 00:27:12.047,1.2541700000000002,1.25403,1.95,1.87
05.08.2021 00:27:12.198,1.2541600000000002,1.25404,2.07,1.87
05.08.2021 00:27:14.869,1.25418,1.2540600000000002,1.5,1
05.08.2021 00:27:15.071,1.2541700000000002,1.2540700000000002,1,1
05.08.2021 00:27:15.299,1.25419,1.2540600000000002,2.7,1
05.08.2021 00:27:27.999,1.25415,1.25405,2.32,1
05.08.2021 00:27:28.050,1.25415,1.25401,2.32,1.5
05.08.2021 00:27:28.151,1.25414,1.2540200000000001,2.85,1
05.08.2021 00:27:30.449,1.25414,1.254,2.47,1
05.08.2021 00:27:55.521,1.25411,1.25401,1.87,1
05.08.2021 00:27:55.623,1.25411,1.25399,1.1,1
05.08.2021 00:27:56.665,1.2541200000000001,1.25399,2.7,1
05.08.2021 00:27:59.152,1.25411,1.25398,1,1
05.08.2021 00:28:12.446,1.2541200000000001,1.25398,1.12,1
05.08.2021 00:28:23.587,1.25411,1.25401,1.12,1
05.08.2021 00:28:23.688,1.25413,1.25401,1,1
05.08.2021 00:28:23.789,1.25413,1.254,1,1
05.08.2021 00:28:34.407,1.25413,1.254,1.1,1
05.08.2021 00:28:34.765,1.2541200000000001,1.25401,1,1
05.08.2021 00:28:35.222,1.25414,1.254,2.62,1
05.08.2021 00:28:36.116,1.2541200000000001,1.25401,1,1
05.08.2021 00:28:36.418,1.2541200000000001,1.254,1.12,1
05.08.2021 00:28:59.898,1.25411,1.254,2.62,1
05.08.2021 00:29:01.300,1.25411,1.25398,1,1
05.08.2021 00:29:01.780,1.25411,1.254,1,1
05.08.2021 00:29:02.482,1.25413,1.25399,1.2,1.1
05.08.2021 00:29:03.242,1.2541200000000001,1.25399,1,1.1
05.08.2021 00:29:04.308,1.25413,1.254,1.2,1
05.08.2021 00:29:04.459,1.25413,1.2540200000000001,1.12,1
05.08.2021 00:29:06.946,1.25414,1.25403,1.6,1
05.08.2021 00:29:09.404,1.2541700000000002,1.25405,1.5,1
05.08.2021 00:29:09.606,1.2541700000000002,1.25405,1,1
05.08.2021 00:29:10.962,1.25415,1.25403,1.87,1
05.08.2021 00:29:11.166,1.2541600000000002,1.25404,1.87,1
05.08.2021 00:29:21.352,1.25418,1.2540600000000002,1.57,1
05.08.2021 00:29:21.454,1.25418,1.25405,1.57,1
05.08.2021 00:29:21.820,1.25419,1.2540600000000002,2.7,1
05.08.2021 00:29:22.397,1.25418,1.25405,1.5,1
05.08.2021 00:29:30.599,1.25418,1.2540600000000002,1.95,1
05.08.2021 00:29:37.608,1.25419,1.2540600000000002,3.45,1
05.08.2021 00:29:49.250,1.2541700000000002,1.2540600000000002,1.76,1
05.08.2021 00:29:49.352,1.25418,1.2540600000000002,1.5,1
05.08.2021 00:29:49.506,1.25419,1.2540600000000002,2.7,1
05.08.2021 00:29:49.608,1.25418,1.2540600000000002,1,1
05.08.2021 00:29:49.974,1.25418,1.25405,1.5,1
05.08.2021 00:29:50.338,1.2541700000000002,1.2540700000000002,1.57,1
05.08.2021 00:29:57.847,1.2541600000000002,1.2540600000000002,1,1
05.08.2021 00:29:58.911,1.25418,1.2540600000000002,1.5,1
05.08.2021 00:30:00.153,1.25418,1.25405,1.5,1
05.08.2021 00:30:00.254,1.2541700000000002,1.25405,1,1
05.08.2021 00:30:00.559,1.25418,1.2540600000000002,1.5,1
05.08.2021 00:30:01.016,1.2541600000000002,1.2540600000000002,1,1
05.08.2021 00:30:01.624,1.25418,1.25405,1.12,1
05.08.2021 00:30:01.726,1.25418,1.2540600000000002,1.12,1
05.08.2021 00:30:02.696,1.25418,1.25405,1.2,1
05.08.2021 00:30:02.797,1.25413,1.25401,1,1
05.08.2021 00:30:03.866,1.25413,1.254,1.12,1
05.08.2021 00:30:09.492,1.2541200000000001,1.25401,1.5,1
05.08.2021 00:30:09.981,1.2541200000000001,1.25399,2.75,1
05.08.2021 00:30:10.234,1.2541,1.25398,1.12,1
05.08.2021 00:30:10.335,1.2541,1.25399,1.12,1
05.08.2021 00:30:10.437,1.2541,1.25398,1,1
05.08.2021 00:30:11.142,1.25409,1.25397,1,1
05.08.2021 00:30:11.244,1.25409,1.2539600000000002,1.2,1
05.08.2021 00:30:11.622,1.25409,1.2539600000000002,4.32,1
05.08.2021 00:30:12.047,1.25409,1.2539600000000002,4.2,1
05.08.2021 00:30:12.399,1.25409,1.25398,4.32,1
05.08.2021 00:30:12.501,1.25409,1.25398,1.12,1
05.08.2021 00:30:12.753,1.25408,1.25397,3.45,1
05.08.2021 00:30:14.086,1.2541,1.25398,1.5,1
05.08.2021 00:30:14.187,1.2541,1.25399,4.2,1
05.08.2021 00:30:14.871,1.2541,1.2539600000000002,1,1.57
05.08.2021 00:30:14.973,1.25409,1.2539500000000001,1,1.57
05.08.2021 00:30:15.555,1.2541,1.25397,1,1
05.08.2021 00:30:15.656,1.2540700000000002,1.25394,1,1.5
05.08.2021 00:30:15.758,1.2540600000000002,1.2539200000000001,1.57,1
05.08.2021 00:30:17.368,1.25404,1.25391,1,2.7
05.08.2021 00:30:32.533,1.25404,1.25391,1,1.22
05.08.2021 00:30:32.733,1.25404,1.25391,1,1.2
05.08.2021 00:30:45.270,1.25404,1.2539500000000001,1,1.79
05.08.2021 00:30:45.321,1.25408,1.2539500000000001,1.12,1.57
05.08.2021 00:30:45.422,1.25409,1.2539600000000002,1.5,1.57
05.08.2021 00:30:45.523,1.25409,1.2539600000000002,1,1.57
05.08.2021 00:30:46.577,1.25409,1.2539600000000002,1,1.6
05.08.2021 00:30:52.232,1.2541,1.2539600000000002,1,2.47
05.08.2021 00:30:54.891,1.25411,1.25398,1,1
05.08.2021 00:31:20.972,1.2541200000000001,1.25398,1.12,1.1
05.08.2021 00:31:28.875,1.25413,1.2540200000000001,1,1
05.08.2021 00:31:28.926,1.25415,1.25404,1.5,1.25
05.08.2021 00:31:29.027,1.2541600000000002,1.25405,1.5,1
05.08.2021 00:31:29.078,1.2541700000000002,1.25404,1,1
05.08.2021 00:31:40.825,1.25418,1.25404,1.12,2.7
05.08.2021 00:31:41.749,1.25418,1.25404,1,3.39
05.08.2021 00:31:41.925,1.25418,1.2540700000000002,1,1
05.08.2021 00:32:51.219,1.25413,1.25403,1,1
05.08.2021 00:32:51.320,1.2541200000000001,1.25403,1,1
05.08.2021 00:32:51.371,1.25413,1.254,1,1.57
05.08.2021 00:32:52.533,1.2541200000000001,1.25399,1,1.1
05.08.2021 00:32:59.544,1.2541200000000001,1.25398,1,2.51
05.08.2021 00:33:02.062,1.25411,1.254,1,1.1
05.08.2021 00:33:10.356,1.25413,1.25401,3.82,1
05.08.2021 00:33:13.607,1.25413,1.254,1,1
05.08.2021 00:33:14.579,1.25413,1.25401,4.57,1
05.08.2021 00:33:24.094,1.25415,1.25403,1.95,1.95
05.08.2021 00:33:44.929,1.2541600000000002,1.25403,1.5,1
05.08.2021 00:33:46.109,1.25418,1.25403,2.17,1.5
05.08.2021 00:33:46.211,1.25418,1.25405,1.27,1
05.08.2021 00:33:46.313,1.25418,1.2540700000000002,1.2,1
05.08.2021 00:33:56.668,1.25419,1.2540600000000002,2.82,1
05.08.2021 00:33:56.769,1.25419,1.25405,3.27,1
05.08.2021 00:34:11.501,1.2542,1.25405,3.3,1
05.08.2021 00:34:20.947,1.2542,1.2540700000000002,1.95,1
05.08.2021 00:34:42.446,1.25421,1.2540700000000002,1.57,1
05.08.2021 00:34:54.279,1.2542200000000001,1.25411,1.5,1.5
05.08.2021 00:34:54.381,1.2542200000000001,1.25414,1,1
05.08.2021 00:34:54.483,1.2542700000000002,1.25413,3.57,1
05.08.2021 00:34:54.585,1.2542700000000002,1.25415,1.6,1
05.08.2021 00:34:54.939,1.2542700000000002,1.2541600000000002,2.14,1
05.08.2021 00:34:57.276,1.2542700000000002,1.25414,1,1.1
05.08.2021 00:35:50.442,1.2542700000000002,1.25414,2.54,1
05.08.2021 00:35:50.494,1.25423,1.2541200000000001,1.25,1.5
05.08.2021 00:35:50.595,1.2542,1.25409,1,1
05.08.2021 00:35:50.697,1.2542,1.2540700000000002,1,1.1
05.08.2021 00:35:50.989,1.2542,1.2540700000000002,1,1.35
05.08.2021 00:35:51.040,1.25424,1.25411,1.5,1.1
05.08.2021 00:35:51.242,1.25424,1.25411,1,1.57
05.08.2021 00:35:58.962,1.2542600000000002,1.25413,1.6,1
05.08.2021 00:35:59.072,1.25425,1.25414,1.1,1
05.08.2021 00:36:08.114,1.25425,1.25414,1,1.7
05.08.2021 00:36:08.266,1.2542700000000002,1.2541600000000002,1.2,1
05.08.2021 00:36:34.333,1.2542600000000002,1.25413,1.5,1.57
05.08.2021 00:36:39.688,1.2542600000000002,1.25413,1,1.6
05.08.2021 00:36:42.476,1.2542700000000002,1.25414,1,1.97
05.08.2021 00:36:43.777,1.25428,1.25415,1,1.1
05.08.2021 00:36:43.887,1.2542900000000001,1.25415,1.12,1.57
05.08.2021 00:37:00.442,1.25428,1.25419,1,1.5
05.08.2021 00:37:00.492,1.25432,1.25418,1.95,1.5
05.08.2021 00:37:04.226,1.25431,1.25419,1,1
05.08.2021 00:37:04.329,1.25432,1.25419,2.32,1
05.08.2021 00:37:04.430,1.25432,1.2542,1.95,1.5
05.08.2021 00:37:04.695,1.25431,1.2542,1,1.5
05.08.2021 00:37:08.458,1.25433,1.25419,1.5,1.57
05.08.2021 00:37:16.850,1.25431,1.2542,1,1
05.08.2021 00:37:20.200,1.2543,1.2541700000000002,1.87,1
05.08.2021 00:37:20.302,1.2543,1.2541600000000002,1.87,1.87
05.08.2021 00:37:20.830,1.25428,1.2541700000000002,1,1.5
05.08.2021 00:37:20.880,1.2542700000000002,1.25415,2.62,1.5
05.08.2021 00:37:20.982,1.2542600000000002,1.25414,1,1.5
05.08.2021 00:37:21.083,1.2542700000000002,1.25414,1.87,1
05.08.2021 00:37:22.112,1.2542700000000002,1.25415,1.12,1.5
05.08.2021 00:37:34.326,1.2542900000000001,1.2541600000000002,1.5,1
05.08.2021 00:37:34.427,1.2542900000000001,1.2541600000000002,1,1
05.08.2021 00:37:34.979,1.25428,1.25418,1,1
05.08.2021 00:37:49.369,1.25428,1.2541700000000002,1,1
05.08.2021 00:37:58.431,1.25428,1.2541600000000002,1,1
05.08.2021 00:38:06.600,1.2542700000000002,1.25415,1.25,1
05.08.2021 00:38:06.702,1.2542700000000002,1.25414,1.12,1
05.08.2021 00:38:07.387,1.2542700000000002,1.25415,1.12,1
05.08.2021 00:38:25.123,1.2542700000000002,1.2541600000000002,1.12,1
05.08.2021 00:38:26.931,1.25428,1.2541600000000002,1.5,1.5
05.08.2021 00:38:27.033,1.2543,1.2541600000000002,1,1
05.08.2021 00:38:27.134,1.25432,1.25418,1,1
05.08.2021 00:38:28.157,1.25432,1.2542,1,1
05.08.2021 00:38:28.208,1.25433,1.25421,1,1.5
05.08.2021 00:38:28.309,1.25434,1.25421,1,1
05.08.2021 00:38:39.893,1.2543600000000001,1.2542200000000001,1.87,1
05.08.2021 00:38:47.290,1.2543600000000001,1.25425,1,1
05.08.2021 00:38:50.698,1.25435,1.25423,1,1.5
05.08.2021 00:38:50.749,1.25435,1.25421,1.5,1.5
05.08.2021 00:38:57.742,1.25435,1.2542200000000001,1,1
05.08.2021 00:38:59.021,1.25435,1.25423,1.95,1
05.08.2021 00:39:01.311,1.25433,1.25419,1,1.95
05.08.2021 00:39:01.412,1.2543,1.2541700000000002,1,1
05.08.2021 00:39:01.666,1.25432,1.25418,1,1.5
05.08.2021 00:39:03.422,1.25432,1.2541700000000002,2.75,2.32
05.08.2021 00:39:04.980,1.2542900000000001,1.2541600000000002,1,1
05.08.2021 00:39:05.081,1.2542900000000001,1.25415,1,1.5
05.08.2021 00:39:11.668,1.2542700000000002,1.25413,1,1.5
05.08.2021 00:39:11.820,1.2542600000000002,1.25415,1,1
05.08.2021 00:39:11.921,1.25428,1.25414,3.45,1
05.08.2021 00:39:14.484,1.2542900000000001,1.2541600000000002,1,1
05.08.2021 00:39:14.535,1.25432,1.2541700000000002,2.82,1.5
05.08.2021 00:39:14.636,1.25432,1.2541700000000002,1.57,1.5
05.08.2021 00:39:14.737,1.25431,1.25419,1,1
05.08.2021 00:39:15.473,1.25431,1.25418,1.5,1.57
05.08.2021 00:39:21.235,1.25434,1.25419,1.6,1.5
05.08.2021 00:39:21.336,1.25433,1.25421,1.5,1
05.08.2021 00:39:21.438,1.25434,1.2542,1,1
05.08.2021 00:39:23.167,1.25435,1.25421,2.25,1.5
05.08.2021 00:39:26.819,1.25435,1.2542200000000001,1,1
05.08.2021 00:39:26.920,1.2543600000000001,1.2542200000000001,1.12,1.5
05.08.2021 00:39:27.857,1.2543600000000001,1.25423,1.12,1
05.08.2021 00:39:37.134,1.2543600000000001,1.2542200000000001,1,1.57
05.08.2021 00:39:41.169,1.25435,1.25424,1,1
05.08.2021 00:39:42.003,1.25438,1.2542600000000002,1,1.5
05.08.2021 00:39:42.104,1.25441,1.2543,1.5,1
05.08.2021 00:39:42.205,1.25443,1.2542900000000001,2.7,1
05.08.2021 00:39:43.448,1.25442,1.2542900000000001,3.45,1.5
05.08.2021 00:39:46.446,1.25442,1.2542900000000001,3.57,1.5
05.08.2021 00:39:48.340,1.25443,1.2542900000000001,2.37,1
05.08.2021 00:39:49.242,1.25443,1.25428,2.82,1.5
05.08.2021 00:39:50.559,1.25442,1.2542700000000002,2.62,1.57
05.08.2021 00:39:50.700,1.2544,1.25428,1.5,1
05.08.2021 00:39:56.091,1.2543900000000001,1.25428,1,1
05.08.2021 00:39:56.142,1.25438,1.25424,3.07,1
05.08.2021 00:39:56.244,1.2543600000000001,1.25424,1.1,1.87
05.08.2021 00:40:09.684,1.2543700000000002,1.25424,2.7,2.32
05.08.2021 00:40:09.785,1.2544,1.2542600000000002,2,1.5
05.08.2021 00:40:09.887,1.25441,1.2542700000000002,1.95,1.5
05.08.2021 00:40:09.988,1.2544,1.2542700000000002,1.95,1.5
05.08.2021 00:40:12.537,1.25441,1.2542900000000001,1.5,1.5
05.08.2021 00:40:14.440,1.2544,1.25428,1.12,1.5
05.08.2021 00:40:16.629,1.25442,1.2542900000000001,1.12,1
05.08.2021 00:40:16.730,1.25441,1.25428,2.62,1.95
05.08.2021 00:40:16.832,1.25442,1.25428,2.62,1
05.08.2021 00:40:17.446,1.25441,1.2542900000000001,2.75,1
05.08.2021 00:40:17.670,1.25441,1.2542700000000002,1.12,1.5
05.08.2021 00:40:18.850,1.25441,1.2542900000000001,1.5,1
05.08.2021 00:40:24.393,1.2544,1.2542700000000002,1,1
05.08.2021 00:40:24.747,1.2544,1.2542600000000002,1,1.5
05.08.2021 00:40:25.185,1.25438,1.25424,2.25,1
05.08.2021 00:40:25.286,1.2543700000000002,1.25423,1,4.01
05.08.2021 00:40:25.814,1.2543600000000001,1.25423,1,1
05.08.2021 00:40:25.915,1.2543600000000001,1.2542200000000001,2.51,1.5
05.08.2021 00:40:32.517,1.2543600000000001,1.25424,1,1
05.08.2021 00:40:32.568,1.25438,1.2542600000000002,1.5,1
05.08.2021 00:40:32.720,1.25438,1.2542600000000002,1,1
05.08.2021 00:40:34.827,1.2543700000000002,1.25425,2.25,1
05.08.2021 00:40:34.928,1.2543600000000001,1.25424,1,1.87
05.08.2021 00:40:35.074,1.25438,1.25424,2.32,1
05.08.2021 00:40:36.287,1.2543900000000001,1.25424,1.12,1.57
05.08.2021 00:40:37.294,1.2543900000000001,1.25425,1.12,1
05.08.2021 00:40:42.215,1.2543900000000001,1.25424,1.5,1.57
05.08.2021 00:40:43.257,1.2543900000000001,1.25425,1,1
05.08.2021 00:40:43.308,1.25441,1.2542700000000002,1.12,1
05.08.2021 00:40:55.825,1.25442,1.25428,1.87,1
05.08.2021 00:40:58.132,1.2544,1.2542600000000002,1,1.95
05.08.2021 00:40:59.242,1.25441,1.2542900000000001,1,1
05.08.2021 00:40:59.344,1.25442,1.2542900000000001,1.69,1
05.08.2021 00:40:59.547,1.25442,1.25428,3.07,1
05.08.2021 00:40:59.648,1.25441,1.2542700000000002,1.12,1
05.08.2021 00:41:02.596,1.2544,1.2542700000000002,1,1
05.08.2021 00:41:03.013,1.25438,1.25425,1.5,1
05.08.2021 00:41:04.199,1.2543700000000002,1.25424,1,1
05.08.2021 00:41:05.043,1.2543700000000002,1.25423,1,1.1
05.08.2021 00:41:16.023,1.2543700000000002,1.2542200000000001,1.57,1
05.08.2021 00:41:23.525,1.2543700000000002,1.25423,1.12,1.1
05.08.2021 00:41:23.626,1.2543600000000001,1.25425,1,1
05.08.2021 00:41:29.285,1.25438,1.25424,1,1.57
05.08.2021 00:41:38.011,1.2543900000000001,1.25424,1.5,1.57
05.08.2021 00:42:01.090,1.2543600000000001,1.2542200000000001,1,1.57
05.08.2021 00:42:32.140,1.25435,1.2542200000000001,1.69,1
05.08.2021 00:42:33.324,1.25435,1.25421,1.69,1.5
05.08.2021 00:43:01.067,1.2543600000000001,1.25423,2.7,1.5
05.08.2021 00:43:02.821,1.25435,1.25423,1.69,1
05.08.2021 00:43:05.418,1.2543700000000002,1.2542200000000001,3.64,1
05.08.2021 00:43:06.159,1.25435,1.25421,1,1.5
05.08.2021 00:43:06.790,1.25435,1.25424,1,1
05.08.2021 00:43:20.631,1.2543700000000002,1.25424,1.5,1
05.08.2021 00:43:20.884,1.25435,1.25423,1.12,1.57
05.08.2021 00:43:21.036,1.2543700000000002,1.25423,2.07,1
05.08.2021 00:43:21.137,1.2543600000000001,1.2542200000000001,1.12,1
05.08.2021 00:43:30.187,1.25435,1.25421,1.5,1
05.08.2021 00:43:31.714,1.25433,1.25421,1.5,1
05.08.2021 00:43:36.499,1.25433,1.2542200000000001,1.12,1
05.08.2021 00:43:39.220,1.25435,1.2542200000000001,1.5,1
05.08.2021 00:43:39.321,1.25435,1.2542200000000001,1,1
05.08.2021 00:43:55.123,1.2543600000000001,1.2542200000000001,1.87,1
05.08.2021 00:44:01.545,1.25433,1.25421,2.25,1
05.08.2021 00:44:03.310,1.25433,1.25419,2.7,1
05.08.2021 00:44:03.411,1.2542900000000001,1.25415,1,2.45
05.08.2021 00:44:03.512,1.25428,1.2541600000000002,1.12,1.5
05.08.2021 00:44:05.098,1.25428,1.25414,1.5,1
05.08.2021 00:44:11.314,1.2542900000000001,1.2541600000000002,1.5,1
05.08.2021 00:44:16.591,1.25431,1.25418,1.12,1.5
05.08.2021 00:44:16.692,1.25433,1.25419,2.45,1
05.08.2021 00:44:16.793,1.25433,1.25419,1.5,1
05.08.2021 00:44:30.670,1.25435,1.25421,3.5,1
05.08.2021 00:44:30.822,1.25435,1.25421,1.5,1
05.08.2021 00:44:38.122,1.2543600000000001,1.25423,1.12,1
05.08.2021 00:45:33.450,1.25434,1.25423,1,1
05.08.2021 00:45:33.552,1.25434,1.2542,1.5,1.5
05.08.2021 00:45:33.755,1.25435,1.25421,1.1,1
05.08.2021 00:45:36.217,1.25435,1.25421,1.5,1.5
05.08.2021 00:45:36.404,1.25435,1.25421,1,1.5
05.08.2021 00:45:39.189,1.2543600000000001,1.2542200000000001,1.12,1
05.08.2021 00:45:48.279,1.2543600000000001,1.2542200000000001,1,2
05.08.2021 00:45:48.453,1.2543600000000001,1.2542200000000001,1,1.5
05.08.2021 00:46:14.401,1.25433,1.2542200000000001,1,1.1
05.08.2021 00:46:15.052,1.25434,1.2542200000000001,1,1
05.08.2021 00:46:26.368,1.25434,1.25421,1,1.2
05.08.2021 00:46:34.154,1.25433,1.25423,1,1
05.08.2021 00:46:34.747,1.25434,1.25421,1,1.2
05.08.2021 00:46:38.377,1.25433,1.25421,1,2.32
05.08.2021 00:46:38.478,1.25431,1.25421,1,1
05.08.2021 00:46:38.579,1.25432,1.25418,1,1.57
05.08.2021 00:46:51.147,1.2542700000000002,1.2541700000000002,1,1
05.08.2021 00:46:51.399,1.2542700000000002,1.2541600000000002,1,1
05.08.2021 00:46:51.450,1.2542600000000002,1.25415,1,1.2
05.08.2021 00:46:51.944,1.2542600000000002,1.25414,1,1.2
05.08.2021 00:47:01.993,1.2542600000000002,1.2541200000000001,1,1.6
05.08.2021 00:47:02.144,1.25424,1.2541200000000001,1,1.1
05.08.2021 00:47:02.245,1.25423,1.25411,1,1.22
05.08.2021 00:47:02.397,1.25425,1.25413,1,1
05.08.2021 00:47:02.813,1.2542600000000002,1.2541200000000001,1,2.54
05.08.2021 00:47:03.437,1.2542600000000002,1.2541200000000001,1,3.1
05.08.2021 00:47:07.714,1.2542600000000002,1.25413,1,1.2
05.08.2021 00:47:13.663,1.2542700000000002,1.25413,1,1.2
05.08.2021 00:47:14.265,1.2542700000000002,1.25413,1,2.07
05.08.2021 00:47:21.527,1.2542700000000002,1.25413,1,4.16
05.08.2021 00:47:21.881,1.2542700000000002,1.25414,1,1.39
05.08.2021 00:47:23.517,1.2542700000000002,1.25414,1,1.89
05.08.2021 00:47:23.618,1.2543,1.25415,1.5,2.47
05.08.2021 00:47:23.752,1.2543,1.25415,1,2.47
05.08.2021 00:47:27.654,1.2542700000000002,1.25414,1,1.6
05.08.2021 00:47:27.958,1.2542700000000002,1.25414,1,1.2
05.08.2021 00:47:29.691,1.2542900000000001,1.2541600000000002,1,1.1
05.08.2021 00:47:29.742,1.2543,1.25419,1.1,2.32
05.08.2021 00:47:29.843,1.25432,1.25418,1.5,2.35
05.08.2021 00:47:29.944,1.25432,1.25419,1,1.1
05.08.2021 00:47:33.256,1.25433,1.25419,1,1.1
05.08.2021 00:47:33.357,1.25432,1.2542,1,1.6
05.08.2021 00:47:34.264,1.25433,1.25419,1,1.1
05.08.2021 00:47:39.949,1.25433,1.25419,1,1.6
05.08.2021 00:47:40.100,1.25433,1.25419,1,2.29
05.08.2021 00:47:43.903,1.25433,1.25419,1,1.57
05.08.2021 00:47:47.201,1.25432,1.25418,1,1.6
05.08.2021 00:47:50.091,1.25432,1.2541700000000002,1,2.85
05.08.2021 00:48:00.489,1.25432,1.25418,1,1.22
05.08.2021 00:48:00.640,1.2543,1.2541600000000002,1,1.97
05.08.2021 00:48:02.038,1.25433,1.25419,1.5,1
05.08.2021 00:48:02.190,1.25432,1.25419,1,1
05.08.2021 00:48:02.341,1.25431,1.25419,1,1
05.08.2021 00:48:02.595,1.2543,1.2541700000000002,1,1.6
05.08.2021 00:48:07.275,1.2542700000000002,1.25414,1,1.6
05.08.2021 00:48:07.376,1.2542600000000002,1.25414,1,1.6
05.08.2021 00:48:07.554,1.25425,1.25413,1,1.72
05.08.2021 00:48:07.887,1.25428,1.25413,1.5,1.6
05.08.2021 00:48:10.091,1.25428,1.25413,1.5,1.57
05.08.2021 00:48:10.751,1.25428,1.25413,1.5,1.6
05.08.2021 00:48:20.133,1.25428,1.25413,1,1.57
05.08.2021 00:48:21.645,1.25428,1.25413,1,1.6
05.08.2021 00:48:23.750,1.2542700000000002,1.25413,1,1.1
05.08.2021 00:48:24.401,1.2542700000000002,1.25413,1,1.1
05.08.2021 00:48:26.843,1.2542700000000002,1.25413,1,1.7
05.08.2021 00:48:30.167,1.25428,1.25413,1.5,2.45
05.08.2021 00:48:39.173,1.2542600000000002,1.25414,1,2.45
05.08.2021 00:48:40.722,1.2542700000000002,1.25413,1.5,1.57
05.08.2021 00:48:56.278,1.2542600000000002,1.2541200000000001,1,1.1
05.08.2021 00:49:01.310,1.2542200000000001,1.2541,1,2.07
05.08.2021 00:49:01.412,1.2542200000000001,1.2541,1,1.95
05.08.2021 00:49:01.463,1.25423,1.2541200000000001,1.5,1
05.08.2021 00:49:02.722,1.2542200000000001,1.2541,1,1
05.08.2021 00:49:02.979,1.25421,1.2541,1.5,1
05.08.2021 00:49:03.080,1.2542,1.2540700000000002,1,1.6
05.08.2021 00:49:03.182,1.25421,1.25408,1,1.57
05.08.2021 00:49:04.750,1.2542,1.2540600000000002,1,1.97
05.08.2021 00:49:06.628,1.2541700000000002,1.25408,1,1
05.08.2021 00:49:06.743,1.25418,1.2540700000000002,1,1.5
05.08.2021 00:49:06.896,1.25419,1.25408,1.5,1.25
05.08.2021 00:49:15.671,1.2542,1.25408,1.5,1.1
05.08.2021 00:49:15.772,1.25421,1.25409,1,1.1
05.08.2021 00:49:17.105,1.25419,1.25408,1,1.39
05.08.2021 00:49:17.308,1.2542,1.25408,1,1
05.08.2021 00:49:18.503,1.2542,1.2540700000000002,1.5,1.01
05.08.2021 00:49:25.864,1.2542,1.25408,1,1.6
05.08.2021 00:49:25.966,1.25421,1.25409,1,1
05.08.2021 00:49:26.067,1.2542,1.25408,1,1
05.08.2021 00:49:26.117,1.25419,1.25408,1,1.79
05.08.2021 00:49:26.269,1.2542,1.25408,1,1.1
05.08.2021 00:49:28.203,1.2542,1.25408,1.5,1.79
05.08.2021 00:49:28.255,1.25419,1.2540700000000002,1,1.01
05.08.2021 00:49:35.314,1.25421,1.25408,1.5,1.1
05.08.2021 00:49:37.293,1.2542,1.25408,1,1
05.08.2021 00:49:37.394,1.25418,1.25408,1,1.1
05.08.2021 00:49:43.920,1.2542,1.2540700000000002,1,1.79
05.08.2021 00:49:43.971,1.25421,1.2541,1.87,1.1
05.08.2021 00:49:53.006,1.2542200000000001,1.25408,1.5,1.1
05.08.2021 00:49:55.269,1.25421,1.2540700000000002,1.5,1.2
05.08.2021 00:49:55.370,1.25419,1.2540700000000002,1,1.1
05.08.2021 00:49:55.472,1.2542,1.2540600000000002,1.5,1.35
05.08.2021 00:49:56.138,1.25419,1.2540600000000002,1,1.1
05.08.2021 00:49:56.240,1.25419,1.2540600000000002,1,1.35
05.08.2021 00:49:57.379,1.2542,1.2540700000000002,1.5,1.25
05.08.2021 00:49:58.040,1.2542,1.2540600000000002,1.5,1.95
05.08.2021 00:50:02.606,1.2541700000000002,1.2540700000000002,1,1.1
05.08.2021 00:50:04.157,1.25418,1.2540700000000002,1,1.1
05.08.2021 00:50:04.614,1.25418,1.2540600000000002,1,1.1
05.08.2021 00:50:06.955,1.25418,1.2540700000000002,1,1
05.08.2021 00:50:10.256,1.25419,1.2540700000000002,1,1.25
05.08.2021 00:50:12.215,1.25418,1.2540700000000002,1.5,1.1
05.08.2021 00:50:12.977,1.25419,1.2540600000000002,1.5,1.35
05.08.2021 00:50:23.317,1.25419,1.2540600000000002,1.5,1.2
05.08.2021 00:50:23.418,1.25418,1.25408,1.5,1
05.08.2021 00:50:29.810,1.2541600000000002,1.25408,1,1.25
05.08.2021 00:50:32.362,1.2541700000000002,1.2540600000000002,1,1
05.08.2021 00:50:32.722,1.25418,1.2540600000000002,1,1
05.08.2021 00:50:33.423,1.25418,1.2540600000000002,1.5,1.25
05.08.2021 00:50:34.018,1.25418,1.2540600000000002,1.5,1.25
05.08.2021 00:50:34.253,1.25418,1.2540600000000002,1.5,1.25
05.08.2021 00:50:40.841,1.2541700000000002,1.2540700000000002,1,1.25
05.08.2021 00:50:45.344,1.2541600000000002,1.2540700000000002,1,1
05.08.2021 00:50:48.063,1.2541700000000002,1.25405,1,1.01
05.08.2021 00:50:49.068,1.2541600000000002,1.2540700000000002,1,1
05.08.2021 00:50:51.524,1.2541600000000002,1.2540600000000002,1,1
05.08.2021 00:50:56.462,1.2541600000000002,1.2540700000000002,1,1
05.08.2021 00:50:58.964,1.25418,1.2540600000000002,1.5,1
05.08.2021 00:50:59.065,1.25418,1.2540600000000002,1.5,1.35
05.08.2021 00:51:07.317,1.25418,1.25408,1.5,1.25
05.08.2021 00:51:08.578,1.2541700000000002,1.2540700000000002,1,1.1
05.08.2021 00:51:08.730,1.25418,1.2540600000000002,1,1.35
05.08.2021 00:51:11.836,1.2541700000000002,1.2540700000000002,1,1.1
05.08.2021 00:51:16.550,1.2541600000000002,1.2540700000000002,1,1.25
05.08.2021 00:51:18.902,1.25415,1.25405,1,1
05.08.2021 00:51:21.354,1.2541600000000002,1.25405,1,1
05.08.2021 00:51:21.455,1.25415,1.25405,1,1
05.08.2021 00:51:23.228,1.25415,1.2540600000000002,1,1
05.08.2021 00:51:23.454,1.2541700000000002,1.2540600000000002,1,1.25
05.08.2021 00:51:23.933,1.2541700000000002,1.2540700000000002,1,1
05.08.2021 00:51:24.951,1.2541700000000002,1.2540600000000002,1,1.25
05.08.2021 00:51:26.877,1.2541600000000002,1.2540600000000002,1,1.25
05.08.2021 00:51:29.572,1.2541700000000002,1.2540700000000002,1,1
05.08.2021 00:51:29.673,1.2541700000000002,1.2540600000000002,1,1.25
05.08.2021 00:51:37.676,1.25418,1.2540600000000002,1.5,1.25
05.08.2021 00:51:37.928,1.25418,1.2540700000000002,1,1.25
05.08.2021 00:51:43.264,1.25419,1.2541,1.5,1
05.08.2021 00:51:43.314,1.25421,1.2541,1.87,1.1
05.08.2021 00:51:43.416,1.2542200000000001,1.2541,1.12,1.1
05.08.2021 00:51:43.525,1.25421,1.2541,1,1.57
05.08.2021 00:51:44.194,1.25421,1.2541,1,1.6
05.08.2021 00:51:44.982,1.25421,1.25409,1,1.6
05.08.2021 00:51:45.083,1.2542200000000001,1.25409,1,1.6
05.08.2021 00:51:45.725,1.25423,1.25411,1.5,1.1
05.08.2021 00:51:45.927,1.25421,1.2541,1,1.22
05.08.2021 00:51:47.526,1.2542200000000001,1.2541,1,1.97
05.08.2021 00:51:47.860,1.25423,1.2541200000000001,1,1.1
05.08.2021 00:51:47.961,1.25428,1.2541700000000002,1.5,1
05.08.2021 00:51:48.063,1.2542600000000002,1.25415,1,1.57
05.08.2021 00:51:48.748,1.25425,1.25415,1,1.1
05.08.2021 00:51:49.999,1.2542700000000002,1.25413,1.5,2.16
05.08.2021 00:51:50.259,1.25425,1.25414,1,1.97
05.08.2021 00:51:51.210,1.2542600000000002,1.25415,1,1
05.08.2021 00:51:51.362,1.2542600000000002,1.25413,1,2.16
05.08.2021 00:51:55.868,1.2542700000000002,1.25414,1,1.22
05.08.2021 00:52:00.882,1.2542700000000002,1.25414,1.5,1.1
05.08.2021 00:52:01.034,1.2542600000000002,1.25413,1,1.97
05.08.2021 00:52:01.135,1.2542600000000002,1.25413,1,1.2
05.08.2021 00:52:01.236,1.25425,1.25414,1,1.22
05.08.2021 00:52:05.610,1.2542600000000002,1.25413,1.5,1.1
05.08.2021 00:52:18.010,1.25425,1.25413,1.5,1.57
05.08.2021 00:52:20.792,1.2542600000000002,1.25413,1.5,1
05.08.2021 00:52:21.888,1.2542600000000002,1.2541200000000001,2.25,1.57
05.08.2021 00:52:24.618,1.25424,1.25413,1,1.1
05.08.2021 00:52:24.960,1.25424,1.25414,1.5,1
05.08.2021 00:52:26.006,1.2542600000000002,1.25414,1.5,1
05.08.2021 00:52:26.208,1.2542600000000002,1.25413,1.5,1.1
05.08.2021 00:52:28.261,1.2542600000000002,1.25414,1.5,1
05.08.2021 00:52:29.161,1.25425,1.2541600000000002,1,3.26
05.08.2021 00:52:29.211,1.2542700000000002,1.2541700000000002,1.5,1.1
05.08.2021 00:52:29.313,1.2542700000000002,1.2541600000000002,1.5,2.51
05.08.2021 00:52:29.465,1.2542700000000002,1.25415,1,2.51
05.08.2021 00:52:30.545,1.25428,1.25415,1,1.79
05.08.2021 00:52:31.459,1.2542600000000002,1.2541600000000002,1,1.1
05.08.2021 00:52:33.302,1.2542700000000002,1.25414,1,1.1
05.08.2021 00:52:34.203,1.2542600000000002,1.25415,1,1.1
05.08.2021 00:52:37.383,1.2542700000000002,1.25414,1,1.1
05.08.2021 00:52:43.267,1.2542700000000002,1.25414,1,1.1
05.08.2021 00:52:44.436,1.2542600000000002,1.25415,1,1.1
05.08.2021 00:52:45.075,1.2542600000000002,1.25415,1,1.1
05.08.2021 00:52:46.215,1.2542700000000002,1.25414,1,1.1
05.08.2021 00:52:52.754,1.2542600000000002,1.25415,1,1.1
05.08.2021 00:52:55.912,1.2542600000000002,1.25414,1,2.35
05.08.2021 00:52:56.040,1.2542700000000002,1.25413,1,1.57
05.08.2021 00:52:56.913,1.2542600000000002,1.2541200000000001,1,2.35
05.08.2021 00:53:02.731,1.2542600000000002,1.25415,1,1
05.08.2021 00:53:08.475,1.2542700000000002,1.25413,1.5,1.57
05.08.2021 00:53:09.586,1.2542700000000002,1.25414,1.5,1
05.08.2021 00:53:09.688,1.2542600000000002,1.25414,1.5,1.57
05.08.2021 00:53:11.314,1.2542600000000002,1.25415,1,1
05.08.2021 00:53:13.611,1.2542600000000002,1.25413,1.5,1.5
05.08.2021 00:53:19.221,1.25425,1.2541600000000002,1,1.5
05.08.2021 00:53:19.322,1.2542700000000002,1.2541700000000002,1,1
05.08.2021 00:53:20.172,1.25428,1.25415,1,1.57
05.08.2021 00:53:20.938,1.25428,1.2541600000000002,1,1
05.08.2021 00:53:22.196,1.2542900000000001,1.2541600000000002,1,1
05.08.2021 00:53:24.402,1.2542900000000001,1.2541700000000002,1,1
05.08.2021 00:53:24.920,1.2543,1.25418,1,1
05.08.2021 00:53:24.971,1.2543,1.25421,1,1
05.08.2021 00:53:25.225,1.25431,1.25419,1,1
05.08.2021 00:53:25.378,1.2543,1.25423,1,1
05.08.2021 00:53:25.429,1.25433,1.25421,1,1
05.08.2021 00:53:26.009,1.25433,1.2542,1,1
05.08.2021 00:53:26.111,1.25433,1.25421,1,1
05.08.2021 00:53:26.369,1.25433,1.2542200000000001,1,1
05.08.2021 00:53:26.907,1.25434,1.25424,1,1
05.08.2021 00:53:29.431,1.2543600000000001,1.25423,1.01,1
05.08.2021 00:53:29.482,1.25435,1.25421,2.51,1
05.08.2021 00:53:30.374,1.25434,1.25423,1.1,1
05.08.2021 00:53:30.475,1.25435,1.25423,1,1
05.08.2021 00:53:30.983,1.2543600000000001,1.25423,1,1
05.08.2021 00:53:34.739,1.25435,1.25423,1.57,1
05.08.2021 00:53:35.401,1.25433,1.25424,1,1
05.08.2021 00:53:36.027,1.25434,1.2542200000000001,1,1
05.08.2021 00:53:36.732,1.25434,1.25421,1,1
05.08.2021 00:53:36.894,1.25434,1.2542200000000001,1.57,1
05.08.2021 00:53:38.110,1.25433,1.25421,1.57,1.12
05.08.2021 00:53:38.575,1.25434,1.2542200000000001,1.1,1
05.08.2021 00:53:38.826,1.25433,1.25421,2.32,1.12
05.08.2021 00:53:40.489,1.25434,1.25421,1.57,1
05.08.2021 00:53:40.640,1.25433,1.25421,1,1
05.08.2021 00:53:41.185,1.25434,1.25421,1,1
05.08.2021 00:53:42.462,1.25434,1.25423,1,1
05.08.2021 00:53:44.106,1.25435,1.25423,1,1
05.08.2021 00:53:50.790,1.25434,1.25423,2.51,1
05.08.2021 00:53:50.892,1.25434,1.2542200000000001,1,1
05.08.2021 00:53:51.667,1.25434,1.25421,1,1
05.08.2021 00:53:51.769,1.2542700000000002,1.2541700000000002,1,2.7
05.08.2021 00:54:01.339,1.25425,1.2541600000000002,1,1
05.08.2021 00:54:01.396,1.2542200000000001,1.25413,1,1.5
05.08.2021 00:54:01.498,1.25421,1.25411,1,1.25
05.08.2021 00:54:01.599,1.2542200000000001,1.25411,1.12,1.25
05.08.2021 00:54:06.188,1.25421,1.2541,1,1
05.08.2021 00:54:06.339,1.2542,1.2541,1,1
05.08.2021 00:54:07.774,1.2542,1.25408,1.5,1
05.08.2021 00:54:08.374,1.2542,1.25409,1.12,1
05.08.2021 00:54:09.934,1.25418,1.2541,1,1
05.08.2021 00:54:11.038,1.25419,1.25408,1.12,1
05.08.2021 00:54:11.829,1.25419,1.25408,1.62,1
05.08.2021 00:54:12.326,1.25418,1.2540700000000002,1.62,1.01
05.08.2021 00:54:13.094,1.25418,1.25409,1.62,1
05.08.2021 00:54:13.830,1.25419,1.25408,1,1
05.08.2021 00:54:22.135,1.2542,1.25408,3,1
05.08.2021 00:54:33.273,1.2542,1.25409,1,1
05.08.2021 00:54:33.324,1.2542200000000001,1.2541200000000001,1,1
05.08.2021 00:54:33.425,1.2542200000000001,1.25411,1,1
05.08.2021 00:54:35.523,1.25421,1.25409,1,1
05.08.2021 00:54:35.625,1.2542,1.25408,1,1.5
05.08.2021 00:54:36.031,1.2542,1.25409,1,1
05.08.2021 00:54:40.067,1.2542,1.25408,1,1
05.08.2021 00:54:40.658,1.2542,1.25408,1.62,1
05.08.2021 00:54:43.290,1.25419,1.25408,1.62,1
05.08.2021 00:54:44.199,1.2542,1.25411,1,1.25
05.08.2021 00:54:44.251,1.25421,1.25409,1,1
05.08.2021 00:54:45.270,1.25421,1.2541,1,1
05.08.2021 00:54:46.155,1.25423,1.25413,1,1
05.08.2021 00:54:46.257,1.25421,1.25413,1,1
05.08.2021 00:54:46.307,1.2542,1.25411,1,1
05.08.2021 00:54:46.408,1.25421,1.25411,1,1
05.08.2021 00:54:47.719,1.2542200000000001,1.2541,1.62,1
05.08.2021 00:54:50.010,1.2542200000000001,1.2541,1,1
05.08.2021 00:54:51.424,1.25421,1.2541200000000001,1,1.25
05.08.2021 00:54:51.475,1.25425,1.25414,1,1.1
05.08.2021 00:54:52.647,1.25424,1.2541200000000001,1,1
05.08.2021 00:54:53.087,1.25421,1.2541,1,1.1
05.08.2021 00:54:53.300,1.25423,1.2541,1,1
05.08.2021 00:54:53.402,1.25423,1.25411,1,1
05.08.2021 00:54:54.215,1.2542200000000001,1.25411,1,1
05.08.2021 00:54:55.111,1.25423,1.25411,1,1
05.08.2021 00:54:59.780,1.2542,1.2541,1,1
05.08.2021 00:54:59.881,1.2542,1.25409,1,1
05.08.2021 00:55:00.034,1.2542200000000001,1.2541,1,1
05.08.2021 00:55:00.135,1.2542200000000001,1.25411,1,1
05.08.2021 00:55:00.451,1.2542200000000001,1.2541200000000001,1,2.25
05.08.2021 00:55:00.553,1.2542200000000001,1.25409,1.5,1.1
05.08.2021 00:55:00.654,1.25423,1.2541,1,1
05.08.2021 00:55:00.755,1.25421,1.25408,1,1
05.08.2021 00:55:01.175,1.2542,1.25408,1,1
05.08.2021 00:55:03.054,1.2542,1.25408,1.62,1
05.08.2021 00:55:04.134,1.25419,1.2540700000000002,1.62,1
05.08.2021 00:55:05.123,1.2542,1.2540700000000002,1.62,1.01
05.08.2021 00:55:06.145,1.2541700000000002,1.25408,1,1.25
05.08.2021 00:55:09.056,1.2541700000000002,1.25409,1,1
05.08.2021 00:55:17.310,1.25418,1.2540700000000002,1,1.25
05.08.2021 00:55:18.936,1.2541700000000002,1.2540700000000002,1,1
05.08.2021 00:55:29.819,1.2541700000000002,1.25408,2.25,1
05.08.2021 00:55:36.877,1.25419,1.25408,1,1
05.08.2021 00:55:37.149,1.25419,1.25409,1.5,1
05.08.2021 00:55:46.021,1.25421,1.25408,1.1,1
05.08.2021 00:55:47.704,1.25421,1.2540700000000002,1.5,1.01
05.08.2021 00:55:58.927,1.25421,1.25408,1,1
05.08.2021 00:55:59.028,1.25421,1.2541,1.87,1
05.08.2021 00:55:59.130,1.2542200000000001,1.2541,1,1
05.08.2021 00:55:59.231,1.25423,1.25409,1.57,1
05.08.2021 00:56:02.185,1.25423,1.25411,1.12,1
05.08.2021 00:56:09.494,1.25424,1.25411,1.2,1
05.08.2021 00:56:11.888,1.2542200000000001,1.2541200000000001,1,1
05.08.2021 00:56:11.989,1.2542200000000001,1.2541,1,1.1
05.08.2021 00:56:12.275,1.25423,1.25409,1.1,1.1
05.08.2021 00:56:16.040,1.25421,1.25409,1.6,1
05.08.2021 00:56:19.634,1.25421,1.2540700000000002,1.57,1.1
05.08.2021 00:56:23.812,1.25421,1.2540700000000002,1.6,1
05.08.2021 00:56:24.064,1.2542,1.2540700000000002,1.1,1
05.08.2021 00:56:24.166,1.25419,1.2540600000000002,1.1,1.12
05.08.2021 00:56:28.255,1.25419,1.2540700000000002,1,1
05.08.2021 00:56:29.012,1.25419,1.25408,1.1,1
05.08.2021 00:56:36.069,1.25421,1.25408,1.1,1
05.08.2021 00:56:36.949,1.2542,1.25408,1.1,1
05.08.2021 00:56:38.408,1.25419,1.25408,1.1,1
05.08.2021 00:56:40.194,1.25418,1.2540700000000002,1,1
05.08.2021 00:56:43.630,1.25419,1.2540700000000002,1.1,1
05.08.2021 00:56:48.497,1.2541700000000002,1.25408,1.1,1
05.08.2021 00:56:48.548,1.2541700000000002,1.25405,1,1
05.08.2021 00:56:49.107,1.2541600000000002,1.25405,1.6,1
05.08.2021 00:56:49.158,1.2541200000000001,1.25401,1,1
05.08.2021 00:56:49.209,1.2541,1.254,1,1.1
05.08.2021 00:56:53.397,1.25411,1.25399,1.1,1
05.08.2021 00:56:54.443,1.25411,1.25399,1.1,1
05.08.2021 00:56:54.595,1.2541,1.25399,1,1
05.08.2021 00:56:57.364,1.2541,1.254,1,1
05.08.2021 00:56:57.960,1.25411,1.254,1.1,1
05.08.2021 00:56:59.168,1.2541,1.254,1,1
05.08.2021 00:57:00.455,1.25409,1.254,1,1
05.08.2021 00:57:00.606,1.25409,1.25398,1,1
05.08.2021 00:57:00.758,1.2541,1.25398,1.1,1
05.08.2021 00:57:08.216,1.25411,1.25398,1.1,1
05.08.2021 00:57:09.917,1.2541,1.25399,1,1
05.08.2021 00:57:12.371,1.2541,1.25398,1,1
05.08.2021 00:57:12.970,1.2541,1.25399,1.1,1
05.08.2021 00:57:15.131,1.2541,1.25398,1.1,1
05.08.2021 00:57:16.238,1.25409,1.25399,1.1,1
05.08.2021 00:57:18.694,1.2541,1.25398,1.1,1
05.08.2021 00:57:21.007,1.2541,1.25398,1.1,1
05.08.2021 00:57:21.058,1.2540700000000002,1.2539500000000001,1,1
05.08.2021 00:57:21.109,1.2540700000000002,1.25397,1,1
05.08.2021 00:57:21.210,1.25409,1.25397,1.12,1
05.08.2021 00:57:21.714,1.25405,1.2539200000000001,1,1
05.08.2021 00:57:21.866,1.25404,1.2539200000000001,1,1
05.08.2021 00:57:23.913,1.25405,1.2539200000000001,1.2,1
05.08.2021 00:57:24.066,1.25403,1.25393,1,1
05.08.2021 00:57:25.001,1.25404,1.25391,1.76,1
05.08.2021 00:57:25.102,1.25403,1.25391,1,1
05.08.2021 00:57:28.661,1.25403,1.2539,1,1
05.08.2021 00:57:30.886,1.2540200000000001,1.2539,1,1
05.08.2021 00:57:31.529,1.25403,1.2539,1,1
05.08.2021 00:57:31.682,1.25403,1.25391,1,1
05.08.2021 00:57:33.328,1.2540600000000002,1.25393,1.6,1
05.08.2021 00:57:33.379,1.25405,1.25391,1.2,1.5
05.08.2021 00:57:33.481,1.25404,1.25393,1.76,1
05.08.2021 00:57:33.582,1.25404,1.2539200000000001,1.95,1
05.08.2021 00:57:35.074,1.2540700000000002,1.2539500000000001,5.07,1.5
05.08.2021 00:57:35.226,1.25408,1.25394,1.95,1
05.08.2021 00:57:35.509,1.2540700000000002,1.25393,1.35,1
05.08.2021 00:57:35.610,1.25404,1.25394,1,1
05.08.2021 00:57:35.769,1.25405,1.2539200000000001,1.1,1
05.08.2021 00:57:42.680,1.25404,1.2539500000000001,1,1
05.08.2021 00:57:42.781,1.25405,1.25394,1.57,1
05.08.2021 00:57:43.112,1.2540600000000002,1.25393,2.16,1
05.08.2021 00:57:46.541,1.25404,1.25393,1,1
05.08.2021 00:57:48.102,1.2540700000000002,1.25394,1.5,1
05.08.2021 00:57:48.270,1.2540600000000002,1.2539500000000001,1,1
05.08.2021 00:57:48.849,1.2540700000000002,1.2539500000000001,1,1
05.08.2021 00:57:50.028,1.25408,1.2539500000000001,1.2,1
05.08.2021 00:57:51.673,1.2540700000000002,1.25397,1,1
05.08.2021 00:57:52.157,1.25408,1.25397,1.39,1
05.08.2021 00:57:55.731,1.2540700000000002,1.25397,1,1
05.08.2021 00:58:00.433,1.2540700000000002,1.25394,1,1
05.08.2021 00:58:00.535,1.2540700000000002,1.2539500000000001,1,1
05.08.2021 00:58:02.592,1.2540600000000002,1.25394,1,1
05.08.2021 00:58:02.643,1.2540600000000002,1.2539200000000001,1.1,1
05.08.2021 00:58:11.061,1.25405,1.2539200000000001,1,1
05.08.2021 00:58:15.387,1.25404,1.25391,1,1
05.08.2021 00:58:15.488,1.2540200000000001,1.2539200000000001,1.1,1
05.08.2021 00:58:18.511,1.25403,1.2539200000000001,1,1
05.08.2021 00:58:18.997,1.2540600000000002,1.25393,3.22,1
05.08.2021 00:58:20.756,1.25404,1.25391,1.2,1
05.08.2021 00:58:21.635,1.25403,1.2539200000000001,3.79,1
05.08.2021 00:58:21.787,1.25404,1.25391,3.6,1
05.08.2021 00:58:24.513,1.2540200000000001,1.2539200000000001,1.2,1
05.08.2021 00:58:24.665,1.25403,1.25391,1.22,1
05.08.2021 00:58:24.817,1.25403,1.25391,1.2,1
05.08.2021 00:58:25.239,1.25403,1.2539200000000001,1.2,1
05.08.2021 00:58:29.404,1.25404,1.2539200000000001,1.2,1
05.08.2021 00:58:31.929,1.25404,1.25394,1.2,1
05.08.2021 00:58:38.748,1.25403,1.2539500000000001,1.22,1
05.08.2021 00:58:38.849,1.25403,1.25393,1.22,1
05.08.2021 00:58:45.019,1.25404,1.2539200000000001,1.2,1
05.08.2021 00:58:45.918,1.25404,1.25394,1.2,1
05.08.2021 00:58:50.383,1.2540600000000002,1.25393,1.85,1
05.08.2021 00:58:50.484,1.25405,1.2539500000000001,1.22,1
05.08.2021 00:58:50.586,1.25408,1.2539600000000002,2.85,1
05.08.2021 00:58:50.687,1.25409,1.25397,2.1,1
05.08.2021 00:58:50.738,1.25409,1.25397,1.6,1
05.08.2021 00:58:50.940,1.25408,1.25397,5.6,1
05.08.2021 00:58:51.041,1.2540700000000002,1.2539500000000001,1.1,1
05.08.2021 00:58:51.193,1.25408,1.25397,1.6,1
05.08.2021 00:58:51.243,1.25408,1.2539500000000001,1.6,1
05.08.2021 00:59:07.039,1.2540600000000002,1.2539600000000002,1.2,1
05.08.2021 00:59:08.462,1.25408,1.2539600000000002,2.72,1
05.08.2021 00:59:08.563,1.25408,1.25397,2.7,1
05.08.2021 00:59:08.664,1.25408,1.25398,1,1
05.08.2021 00:59:09.577,1.25408,1.2539600000000002,2.32,1
05.08.2021 00:59:09.678,1.25408,1.2539600000000002,2.72,1
05.08.2021 00:59:09.893,1.25409,1.25398,1.2,1
05.08.2021 00:59:10.095,1.2540700000000002,1.25398,1.57,1
05.08.2021 00:59:10.196,1.25408,1.25397,2.35,1
05.08.2021 00:59:12.112,1.25408,1.25397,1,1
05.08.2021 00:59:12.314,1.25408,1.2539500000000001,1.2,1
05.08.2021 00:59:12.416,1.2540700000000002,1.2539600000000002,1,1
05.08.2021 00:59:14.022,1.2540700000000002,1.25397,1,1
05.08.2021 00:59:14.124,1.25408,1.25398,1.12,1.69
05.08.2021 00:59:14.226,1.2541,1.25399,1.1,1
05.08.2021 00:59:14.279,1.25409,1.25398,1,1
05.08.2021 00:59:16.732,1.2541,1.25398,1,1
05.08.2021 00:59:16.833,1.25409,1.25397,1,1
05.08.2021 00:59:16.935,1.2540700000000002,1.25398,1.95,1
05.08.2021 00:59:18.075,1.25408,1.25398,1.39,1
05.08.2021 00:59:18.227,1.2541,1.2539600000000002,3.66,1
05.08.2021 00:59:21.996,1.2541,1.25397,3.47,1
05.08.2021 00:59:23.099,1.25409,1.25399,3.47,1
05.08.2021 00:59:23.981,1.2541,1.25397,3.47,1
05.08.2021 00:59:26.138,1.2541,1.25398,3.22,1
05.08.2021 00:59:39.332,1.25409,1.2539600000000002,1.1,1
05.08.2021 00:59:39.434,1.25409,1.2539600000000002,2.07,1
05.08.2021 00:59:46.767,1.25408,1.25398,1.6,1
05.08.2021 00:59:50.201,1.25409,1.25397,1.2,1
05.08.2021 00:59:50.252,1.25411,1.254,3.6,1
05.08.2021 00:59:50.303,1.25409,1.25398,1.1,1
05.08.2021 00:59:50.404,1.2541,1.25398,1.1,1
05.08.2021 00:59:53.912,1.25411,1.25398,1.2,1
05.08.2021 00:59:54.125,1.2541200000000001,1.254,3.47,1
05.08.2021 00:59:55.928,1.2541200000000001,1.254,2.7,1
05.08.2021 00:59:56.544,1.2541,1.25401,1,1
05.08.2021 01:00:00.209,1.2541,1.25398,1.1,1
05.08.2021 01:00:00.562,1.25409,1.25398,1.5,1
05.08.2021 01:00:00.624,1.2540700000000002,1.2539500000000001,1.76,1
05.08.2021 01:00:00.726,1.2540700000000002,1.2539600000000002,1.1,1
05.08.2021 01:00:00.827,1.2540600000000002,1.25393,1.2,1
05.08.2021 01:00:02.306,1.2540600000000002,1.25394,1,1
05.08.2021 01:00:02.416,1.2540700000000002,1.25394,1.1,1
05.08.2021 01:00:02.517,1.2540700000000002,1.2539600000000002,1.2,1
05.08.2021 01:00:02.618,1.25408,1.25397,1.2,1
05.08.2021 01:00:03.489,1.2541,1.2539600000000002,1.2,1
05.08.2021 01:00:04.089,1.25409,1.2539600000000002,2.32,1
05.08.2021 01:00:04.241,1.2540600000000002,1.25394,1,1
05.08.2021 01:00:04.342,1.2540600000000002,1.25393,1.2,1
05.08.2021 01:00:04.595,1.2540600000000002,1.25393,2.35,1
05.08.2021 01:00:04.978,1.25404,1.25391,1.01,1
05.08.2021 01:00:05.079,1.25404,1.25391,1.79,1
05.08.2021 01:00:05.231,1.2540200000000001,1.25391,1.1,1
05.08.2021 01:00:05.333,1.25403,1.2539,1.6,1
05.08.2021 01:00:14.187,1.25403,1.2539,1.2,1
05.08.2021 01:00:15.025,1.25404,1.25391,2.1,1
05.08.2021 01:00:18.483,1.25403,1.2539200000000001,1.2,1
05.08.2021 01:00:19.264,1.25404,1.25391,1.97,1
05.08.2021 01:00:19.627,1.25404,1.2539,1.22,1
05.08.2021 01:00:20.088,1.25403,1.25391,1.95,1
05.08.2021 01:00:20.290,1.25404,1.25391,1.95,1
05.08.2021 01:00:20.496,1.25404,1.25391,1.97,1
05.08.2021 01:00:20.597,1.25403,1.2539200000000001,1.22,1
05.08.2021 01:00:20.987,1.25404,1.2539,1.97,1
05.08.2021 01:00:22.588,1.25403,1.25391,1.22,1
05.08.2021 01:00:23.019,1.25403,1.25391,1.22,1
05.08.2021 01:00:23.120,1.25404,1.25391,1.22,1
05.08.2021 01:00:23.322,1.25403,1.2539200000000001,1.22,1
05.08.2021 01:00:23.424,1.25405,1.2539200000000001,1.6,1
05.08.2021 01:00:24.290,1.25405,1.2539200000000001,1.6,1
05.08.2021 01:00:25.801,1.25404,1.25391,1.6,1
05.08.2021 01:00:36.842,1.25403,1.2539200000000001,1.6,1
05.08.2021 01:00:37.172,1.25404,1.25393,3.6,1
05.08.2021 01:00:37.440,1.25405,1.2539200000000001,2.85,1
05.08.2021 01:00:54.061,1.25405,1.2539200000000001,1.6,1
05.08.2021 01:00:55.551,1.25408,1.2539500000000001,2.1,1
05.08.2021 01:00:55.652,1.2540700000000002,1.2539500000000001,1.22,1
05.08.2021 01:00:55.754,1.2540700000000002,1.25394,1.6,1
05.08.2021 01:00:57.565,1.25408,1.25394,1.85,1
05.08.2021 01:00:58.527,1.25408,1.2539500000000001,1.85,1
05.08.2021 01:00:59.576,1.2540700000000002,1.25393,2.85,1
05.08.2021 01:00:59.677,1.2540700000000002,1.25393,2.85,1
05.08.2021 01:01:00.622,1.2540700000000002,1.25393,3.04,1
05.08.2021 01:01:02.592,1.2540600000000002,1.25394,4.54,1
05.08.2021 01:01:02.819,1.2540700000000002,1.25393,3.04,1
05.08.2021 01:01:03.195,1.2540600000000002,1.25394,3.04,1
05.08.2021 01:01:04.176,1.2540600000000002,1.25394,3.04,1
05.08.2021 01:01:05.565,1.2540700000000002,1.25397,1.6,1
05.08.2021 01:01:05.666,1.25409,1.2539600000000002,1.6,1
05.08.2021 01:01:06.667,1.25409,1.25398,2.16,1
05.08.2021 01:01:07.070,1.2541,1.25397,1.41,1
05.08.2021 01:01:07.949,1.25409,1.25398,1.1,1
05.08.2021 01:01:13.028,1.25411,1.25397,3.22,1
05.08.2021 01:01:13.129,1.2541,1.2539500000000001,2.72,1
05.08.2021 01:01:13.230,1.25409,1.2539600000000002,2.72,1
05.08.2021 01:01:14.078,1.25411,1.25397,4.41,1
05.08.2021 01:01:14.281,1.2541,1.2539500000000001,1.35,1.57
05.08.2021 01:01:14.723,1.25411,1.2539600000000002,2.91,1
05.08.2021 01:01:15.051,1.25411,1.25398,2.91,1
05.08.2021 01:01:15.153,1.2541200000000001,1.25398,1.6,3.45
05.08.2021 01:01:15.255,1.25413,1.25398,1.8,3.26
05.08.2021 01:01:16.709,1.25413,1.25398,1.6,3.7
05.08.2021 01:01:17.062,1.25413,1.25398,3.04,1.57
05.08.2021 01:01:17.164,1.2541200000000001,1.25398,1.85,1
05.08.2021 01:01:18.585,1.25411,1.25397,1.41,1
05.08.2021 01:01:18.686,1.25411,1.25398,1.41,1
05.08.2021 01:01:18.788,1.2541200000000001,1.25398,3.1,1
05.08.2021 01:01:22.984,1.25413,1.25398,3.79,1
05.08.2021 01:01:25.398,1.2541200000000001,1.254,3.04,1
05.08.2021 01:01:25.508,1.2541200000000001,1.25399,3.79,1
05.08.2021 01:01:27.202,1.25413,1.25398,3.79,1
05.08.2021 01:01:28.648,1.25411,1.25398,1.22,1
05.08.2021 01:01:30.980,1.2541,1.25398,1.97,1
05.08.2021 01:01:31.082,1.25411,1.2539600000000002,2.72,1.5
05.08.2021 01:01:31.407,1.25411,1.2539600000000002,2.72,1.5
05.08.2021 01:01:31.508,1.25408,1.25393,4.22,1
05.08.2021 01:01:31.610,1.25408,1.25393,2.7,1
05.08.2021 01:01:33.201,1.2541,1.25397,1.6,1
05.08.2021 01:01:33.403,1.25409,1.25398,1.2,1
05.08.2021 01:01:34.045,1.25409,1.25397,1.2,1
05.08.2021 01:01:36.597,1.25409,1.2539600000000002,1.57,1.87
05.08.2021 01:01:36.749,1.25409,1.25397,1.1,1
05.08.2021 01:01:39.654,1.25408,1.2539600000000002,1.2,1.5
05.08.2021 01:01:39.757,1.25409,1.25394,2.16,1
05.08.2021 01:01:40.379,1.25408,1.25393,2.32,1.5
05.08.2021 01:01:40.694,1.2540600000000002,1.25394,1,1.5
05.08.2021 01:01:41.658,1.25409,1.2539500000000001,1.2,1
05.08.2021 01:01:41.759,1.2541,1.2539600000000002,1.6,1
05.08.2021 01:01:42.012,1.25411,1.2539600000000002,3.47,1
05.08.2021 01:01:42.113,1.25411,1.25397,2.72,1
05.08.2021 01:01:44.479,1.25411,1.25397,1.2,1
05.08.2021 01:01:44.951,1.2541200000000001,1.2539600000000002,3.04,1.5
05.08.2021 01:01:47.778,1.2541200000000001,1.25397,3.04,1
05.08.2021 01:01:49.341,1.2541200000000001,1.25398,1.39,1
05.08.2021 01:01:50.069,1.2541200000000001,1.25399,1.39,1
05.08.2021 01:01:56.608,1.2541200000000001,1.25401,2.29,1
05.08.2021 01:01:56.710,1.25414,1.25404,2.07,1
05.08.2021 01:01:56.811,1.25414,1.25403,2.26,1
05.08.2021 01:01:56.862,1.25415,1.2540200000000001,2.14,1
05.08.2021 01:01:58.825,1.25415,1.2540200000000001,2.26,1
05.08.2021 01:02:00.205,1.25415,1.2540200000000001,1.57,1
05.08.2021 01:02:07.141,1.25415,1.2540200000000001,2.95,1
05.08.2021 01:02:07.516,1.25415,1.2540200000000001,2.14,1
05.08.2021 01:02:07.718,1.25414,1.2540200000000001,1,1
05.08.2021 01:02:11.451,1.25414,1.25401,1,1
05.08.2021 01:02:11.552,1.25414,1.25401,1.5,1
05.08.2021 01:02:19.641,1.25414,1.25403,2.1,1.5
05.08.2021 01:02:19.844,1.25415,1.2540200000000001,1,1
05.08.2021 01:02:21.072,1.2541600000000002,1.25404,1.5,1
05.08.2021 01:02:21.173,1.25415,1.25403,1.76,1
05.08.2021 01:02:21.274,1.25414,1.2540200000000001,1,1
05.08.2021 01:02:21.526,1.25414,1.25403,1.76,1
05.08.2021 01:02:24.005,1.25414,1.25401,2.45,1.5
05.08.2021 01:02:24.159,1.25415,1.254,3.95,1
05.08.2021 01:02:24.512,1.25414,1.2540200000000001,3.2,1
05.08.2021 01:02:27.279,1.25414,1.254,1.5,1
05.08.2021 01:02:28.520,1.2541200000000001,1.254,1.12,1
05.08.2021 01:02:30.073,1.2541200000000001,1.25399,1.2,1
05.08.2021 01:02:30.188,1.2541200000000001,1.25398,1.95,1
05.08.2021 01:02:30.289,1.25411,1.25399,2.07,1
05.08.2021 01:02:34.379,1.25411,1.25397,2.7,1
05.08.2021 01:02:34.480,1.25409,1.25398,1,1
05.08.2021 01:02:34.759,1.25411,1.25397,1.95,1
05.08.2021 01:02:34.867,1.25411,1.25398,1.95,1
05.08.2021 01:02:36.930,1.25411,1.25397,1.2,1
05.08.2021 01:02:39.094,1.25411,1.2539600000000002,2.7,1
05.08.2021 01:02:39.223,1.2541,1.2539600000000002,1.1,1
05.08.2021 01:02:40.327,1.25408,1.2539600000000002,1.79,1
05.08.2021 01:02:40.428,1.2540700000000002,1.2539500000000001,1,1
05.08.2021 01:02:40.680,1.25408,1.25394,2.82,1
05.08.2021 01:02:47.695,1.25408,1.2539500000000001,1.6,1
05.08.2021 01:02:47.796,1.2540700000000002,1.2539600000000002,1,1
05.08.2021 01:02:47.900,1.2540700000000002,1.25397,1.87,1
05.08.2021 01:02:48.001,1.2540700000000002,1.2539600000000002,1,1
05.08.2021 01:02:48.184,1.2540700000000002,1.25394,1.35,1
05.08.2021 01:02:48.286,1.2540700000000002,1.25393,1.76,1
05.08.2021 01:02:48.387,1.2540700000000002,1.25393,2.26,1
05.08.2021 01:02:49.892,1.2540700000000002,1.2539200000000001,2.26,1.5
05.08.2021 01:02:51.422,1.25408,1.2539500000000001,2.32,1
05.08.2021 01:02:51.524,1.25408,1.2539600000000002,3.64,1
05.08.2021 01:02:51.625,1.2540600000000002,1.25394,1.5,1.5
05.08.2021 01:02:52.381,1.2540700000000002,1.25394,1,1
05.08.2021 01:02:53.651,1.2540700000000002,1.25393,3.47,1
05.08.2021 01:02:53.752,1.2540600000000002,1.25393,1.51,1
05.08.2021 01:02:54.704,1.25405,1.25393,3.04,1
05.08.2021 01:02:54.856,1.25405,1.2539200000000001,1.22,1
05.08.2021 01:02:55.224,1.2540600000000002,1.2539200000000001,3.04,1
05.08.2021 01:02:57.032,1.25405,1.25391,1.97,1
05.08.2021 01:02:57.183,1.25404,1.2539200000000001,1.95,1
05.08.2021 01:02:57.537,1.25405,1.2539200000000001,1,1.5
05.08.2021 01:02:57.638,1.25405,1.25391,1,3.19
05.08.2021 01:02:58.521,1.25404,1.25394,1,1
05.08.2021 01:02:59.794,1.2540600000000002,1.25393,1,1.5
05.08.2021 01:02:59.896,1.25404,1.2539500000000001,1,1
05.08.2021 01:03:01.608,1.2540600000000002,1.25394,1.01,1
05.08.2021 01:03:02.206,1.25408,1.2539600000000002,2.07,1
05.08.2021 01:03:02.308,1.2540600000000002,1.2539600000000002,1.1,1
05.08.2021 01:03:02.358,1.2540600000000002,1.25393,1.1,1
05.08.2021 01:03:03.096,1.2540600000000002,1.25394,1.1,1
05.08.2021 01:03:03.249,1.25408,1.2539600000000002,2.1,1.5
05.08.2021 01:03:03.300,1.25411,1.25399,2.66,1
05.08.2021 01:03:03.351,1.25411,1.25397,1.72,1.5
05.08.2021 01:03:03.453,1.25411,1.25397,2.47,1.5
05.08.2021 01:03:03.742,1.25411,1.2539500000000001,3.66,1.5
05.08.2021 01:03:03.844,1.25411,1.25398,3.66,1
05.08.2021 01:03:03.946,1.25411,1.25398,2.72,1
05.08.2021 01:03:05.770,1.25411,1.2539600000000002,1.6,1.1
05.08.2021 01:03:06.022,1.25411,1.2539600000000002,2.14,1.1
05.08.2021 01:03:06.123,1.25411,1.2539600000000002,2.29,1
05.08.2021 01:03:06.225,1.25411,1.25397,2.29,1
05.08.2021 01:03:07.478,1.25411,1.25399,2.97,1
05.08.2021 01:03:11.805,1.2541200000000001,1.25399,3.6,1
05.08.2021 01:03:12.290,1.25413,1.25399,3.6,1
05.08.2021 01:03:18.407,1.25413,1.25399,2.1,1
05.08.2021 01:03:19.786,1.25413,1.25399,2.1,1
05.08.2021 01:03:22.816,1.2541200000000001,1.25401,1.6,1
05.08.2021 01:03:25.054,1.2541600000000002,1.25403,3.6,1
05.08.2021 01:03:25.206,1.25415,1.25403,1.6,1
05.08.2021 01:03:25.647,1.25415,1.2540200000000001,1.6,1
05.08.2021 01:03:26.945,1.25415,1.2540200000000001,1.2,1
05.08.2021 01:03:29.429,1.2541600000000002,1.25404,1.2,1
05.08.2021 01:03:29.784,1.2541600000000002,1.25403,1.1,1
05.08.2021 01:03:29.886,1.25415,1.25404,2.35,1
05.08.2021 01:03:30.039,1.25415,1.2540200000000001,1.2,1
05.08.2021 01:03:30.140,1.25415,1.2540200000000001,2.16,1
05.08.2021 01:03:31.953,1.25415,1.2540200000000001,1.39,1
05.08.2021 01:03:32.054,1.25415,1.25404,1.1,1
05.08.2021 01:03:32.602,1.25414,1.25403,1.01,1
05.08.2021 01:03:32.703,1.25415,1.2540200000000001,1.6,1
05.08.2021 01:03:33.946,1.25414,1.25401,1.1,1
05.08.2021 01:03:35.145,1.25414,1.254,1.2,1
05.08.2021 01:03:35.246,1.25413,1.25401,1.22,1
05.08.2021 01:03:37.101,1.25413,1.254,1.1,1
05.08.2021 01:03:38.585,1.2541200000000001,1.25401,3.04,1
05.08.2021 01:03:38.913,1.2541200000000001,1.25399,1.22,1
05.08.2021 01:03:40.131,1.25411,1.254,2.91,1
05.08.2021 01:03:40.457,1.2541200000000001,1.25399,1.97,1
05.08.2021 01:03:42.574,1.25411,1.254,1.2,1
05.08.2021 01:03:42.675,1.25413,1.254,1.6,1
05.08.2021 01:03:48.076,1.25414,1.25401,2.07,1
05.08.2021 01:03:48.126,1.25413,1.2540200000000001,1.95,1
05.08.2021 01:03:56.441,1.25415,1.25401,1.95,1.5
05.08.2021 01:03:56.542,1.25415,1.25401,1.97,1.5
05.08.2021 01:04:00.537,1.2541700000000002,1.2540200000000001,2.54,1.69
05.08.2021 01:04:00.689,1.2541700000000002,1.25403,1.79,1
05.08.2021 01:04:03.770,1.2541700000000002,1.25403,1.35,1
05.08.2021 01:04:03.871,1.2541700000000002,1.25403,1.35,1
05.08.2021 01:04:04.116,1.25415,1.2540200000000001,1.1,1
05.08.2021 01:04:04.218,1.25415,1.2540200000000001,1.22,1
05.08.2021 01:04:04.424,1.2541600000000002,1.25404,1.1,1
05.08.2021 01:04:04.532,1.25415,1.25403,1.95,1
05.08.2021 01:04:04.633,1.25415,1.25403,2.29,1
05.08.2021 01:04:05.007,1.2541600000000002,1.25404,1.95,1
05.08.2021 01:04:05.108,1.25415,1.25403,1.1,1
05.08.2021 01:04:05.209,1.25414,1.25404,1.1,1
05.08.2021 01:04:08.936,1.25414,1.25404,1.01,1
05.08.2021 01:04:10.825,1.25415,1.25403,1.35,1
05.08.2021 01:04:12.388,1.25415,1.25401,1.22,1
05.08.2021 01:04:16.709,1.25414,1.25401,1.22,1
05.08.2021 01:04:18.201,1.25414,1.25401,1.2,1
05.08.2021 01:04:19.615,1.25414,1.25401,1.97,1
05.08.2021 01:04:24.233,1.25413,1.254,1.1,1
05.08.2021 01:04:24.335,1.2541200000000001,1.25401,1.6,1
05.08.2021 01:04:28.448,1.25413,1.254,1.2,1
05.08.2021 01:04:31.348,1.2541200000000001,1.25401,1.22,1
05.08.2021 01:04:32.596,1.25413,1.25399,2.29,1
05.08.2021 01:04:42.471,1.25411,1.254,2.16,1
05.08.2021 01:04:44.832,1.2541200000000001,1.25398,2.91,1
05.08.2021 01:04:45.035,1.2540700000000002,1.25397,2.77,1
05.08.2021 01:04:45.137,1.2540600000000002,1.25394,2.85,1
05.08.2021 01:04:45.238,1.2540600000000002,1.25394,3.22,1
05.08.2021 01:04:46.097,1.25409,1.25397,3.49,1
05.08.2021 01:04:46.250,1.2541,1.2539600000000002,2.74,1
05.08.2021 01:04:47.174,1.25411,1.25397,2.35,1
05.08.2021 01:04:47.275,1.25411,1.25397,1.85,1
05.08.2021 01:04:49.637,1.25411,1.25398,1.41,1
05.08.2021 01:04:51.102,1.2541200000000001,1.25397,4.6,1
05.08.2021 01:04:51.511,1.25411,1.25399,4.6,1
05.08.2021 01:04:52.632,1.2541200000000001,1.25398,1.85,1
05.08.2021 01:04:54.632,1.25413,1.25399,2.85,1
05.08.2021 01:04:55.321,1.25413,1.25399,1.22,1
05.08.2021 01:04:56.993,1.2541200000000001,1.254,1.2,1
05.08.2021 01:04:57.638,1.25413,1.254,1.2,1
05.08.2021 01:04:58.067,1.25413,1.25401,1.2,1
05.08.2021 01:05:05.445,1.25415,1.2540200000000001,1.57,1
05.08.2021 01:05:05.598,1.25415,1.2540200000000001,1.6,1
05.08.2021 01:05:14.387,1.25413,1.25404,1,1
05.08.2021 01:05:15.281,1.25415,1.25403,1.1,1
05.08.2021 01:05:15.484,1.25414,1.25401,1.1,1
05.08.2021 01:05:15.586,1.2541200000000001,1.25401,1,1.1
05.08.2021 01:05:18.921,1.2541200000000001,1.254,1,1
05.08.2021 01:05:26.094,1.25411,1.254,1.12,1
05.08.2021 01:05:26.629,1.25411,1.25399,1,1
05.08.2021 01:05:27.231,1.2541,1.25398,1.1,1
05.08.2021 01:05:27.730,1.25409,1.25398,1.2,1
05.08.2021 01:05:29.197,1.2541,1.2539600000000002,1.12,1
05.08.2021 01:05:29.305,1.25408,1.2539600000000002,3,1
05.08.2021 01:05:29.406,1.2540700000000002,1.25394,1.97,1
05.08.2021 01:05:29.507,1.25408,1.25397,1.6,1
05.08.2021 01:05:29.608,1.2541,1.25397,2.35,1
05.08.2021 01:05:29.760,1.2541,1.2539600000000002,2.35,1
05.08.2021 01:05:31.271,1.2541,1.25398,1.1,1
05.08.2021 01:05:31.526,1.2541,1.25397,1.1,1
05.08.2021 01:05:32.462,1.2540700000000002,1.2539600000000002,1.1,1
05.08.2021 01:05:32.564,1.25408,1.2539500000000001,2.75,1
05.08.2021 01:05:32.665,1.25408,1.25397,1.51,1
05.08.2021 01:05:32.766,1.25409,1.25398,1.6,1
05.08.2021 01:05:32.867,1.25409,1.25398,1.1,1
05.08.2021 01:05:33.434,1.2541,1.25398,1,1
05.08.2021 01:05:35.655,1.2541200000000001,1.25398,1.12,1.1
05.08.2021 01:05:37.128,1.25411,1.25401,1.12,1
05.08.2021 01:05:38.297,1.2541200000000001,1.25401,1.1,1
05.08.2021 01:05:44.695,1.25414,1.25403,2.85,1
05.08.2021 01:05:44.847,1.25413,1.254,1,1
05.08.2021 01:05:49.958,1.25415,1.25401,1.95,1
05.08.2021 01:05:51.249,1.2541600000000002,1.25403,2.82,1
05.08.2021 01:05:53.792,1.25415,1.25401,1.95,1
05.08.2021 01:05:53.843,1.25413,1.25401,1,1
05.08.2021 01:05:53.944,1.25413,1.254,1,1
05.08.2021 01:05:54.146,1.2541200000000001,1.2540200000000001,1.12,1
05.08.2021 01:05:54.449,1.25413,1.2540200000000001,1.2,1
05.08.2021 01:05:57.275,1.25413,1.254,1,1
05.08.2021 01:05:57.773,1.25414,1.254,1.2,1
05.08.2021 01:06:01.672,1.25413,1.2540200000000001,1.2,1
05.08.2021 01:06:02.711,1.25415,1.2540200000000001,2.07,1
05.08.2021 01:06:02.812,1.25414,1.25403,1.57,1
05.08.2021 01:06:07.584,1.25414,1.25401,1.2,1
05.08.2021 01:06:07.686,1.25414,1.254,1.2,1
05.08.2021 01:06:07.938,1.25414,1.25401,1.2,1
05.08.2021 01:06:08.759,1.25414,1.25401,1.22,1
05.08.2021 01:06:14.325,1.2541200000000001,1.25401,1.1,1
05.08.2021 01:06:15.751,1.2541200000000001,1.25401,1.1,1
05.08.2021 01:06:15.953,1.25411,1.254,1.35,1
05.08.2021 01:06:16.054,1.2541200000000001,1.25399,1.1,1
05.08.2021 01:06:16.575,1.2541,1.2539600000000002,1.22,1
05.08.2021 01:06:16.727,1.2541,1.25397,1.22,1
05.08.2021 01:06:16.844,1.2541,1.2539600000000002,1.22,1
05.08.2021 01:06:17.460,1.2541,1.25397,1.22,1
05.08.2021 01:06:17.663,1.25409,1.25397,1.22,1
05.08.2021 01:06:17.803,1.2541,1.25397,1.22,1
05.08.2021 01:06:17.963,1.25409,1.25397,1.22,1
05.08.2021 01:06:18.168,1.2541,1.25397,1.22,1
05.08.2021 01:06:18.471,1.25408,1.25394,3.47,1
05.08.2021 01:06:18.573,1.2540700000000002,1.2539500000000001,1.1,1
05.08.2021 01:06:18.674,1.2540600000000002,1.25394,1.1,1
05.08.2021 01:06:26.054,1.2540700000000002,1.2539600000000002,1.41,1
05.08.2021 01:06:26.206,1.25408,1.2539500000000001,1.22,1
05.08.2021 01:06:26.307,1.2540700000000002,1.25394,1.1,1
05.08.2021 01:06:31.031,1.2540700000000002,1.2539600000000002,1.22,1
05.08.2021 01:06:31.082,1.25409,1.25397,1.1,1
05.08.2021 01:06:31.183,1.25408,1.25397,1.1,1
05.08.2021 01:06:31.538,1.25409,1.2539600000000002,1.1,1
05.08.2021 01:06:33.263,1.25408,1.25398,1.1,1
05.08.2021 01:06:33.798,1.25409,1.2539600000000002,1.1,1
05.08.2021 01:06:34.060,1.25409,1.25399,1.22,1
05.08.2021 01:06:35.577,1.2541,1.25398,1.22,1
05.08.2021 01:06:39.867,1.2540700000000002,1.25393,2.1,1
05.08.2021 01:06:40.069,1.2540600000000002,1.25393,1.72,1
05.08.2021 01:06:40.628,1.25405,1.25394,1.72,1
05.08.2021 01:06:40.995,1.2540700000000002,1.25394,1.6,1
05.08.2021 01:06:41.198,1.2540700000000002,1.25393,1.6,1
05.08.2021 01:06:42.624,1.2540700000000002,1.25393,2.29,1
05.08.2021 01:06:42.910,1.2540700000000002,1.25393,1.1,1
05.08.2021 01:06:42.961,1.2540700000000002,1.2539500000000001,1.1,1
05.08.2021 01:06:43.221,1.2541,1.25397,1.97,1
05.08.2021 01:06:43.323,1.25409,1.25397,1.97,1
05.08.2021 01:06:44.453,1.25409,1.2539600000000002,1.97,1
05.08.2021 01:06:44.554,1.25409,1.2539600000000002,1.22,1
05.08.2021 01:06:47.703,1.25409,1.25398,1.1,1
05.08.2021 01:06:48.387,1.25409,1.25397,1.1,1
05.08.2021 01:06:48.488,1.2541,1.25397,1.1,1
05.08.2021 01:06:49.526,1.25411,1.25397,1.22,1
05.08.2021 01:06:50.675,1.25409,1.25397,1.1,1.1
05.08.2021 01:06:51.965,1.25409,1.2539500000000001,1.1,1.76
05.08.2021 01:06:52.067,1.25409,1.25397,1.1,1.1
05.08.2021 01:07:01.390,1.25411,1.25397,2.35,1
05.08.2021 01:07:02.468,1.25408,1.2539600000000002,1.1,1.95
05.08.2021 01:07:02.900,1.2541,1.2539600000000002,1.6,1
05.08.2021 01:07:03.001,1.25409,1.25397,1.1,1.1
05.08.2021 01:07:03.102,1.25409,1.2539500000000001,1.1,1.95
05.08.2021 01:07:04.034,1.25408,1.25397,1,1
05.08.2021 01:07:04.185,1.25408,1.2539600000000002,1,1.57
05.08.2021 01:07:04.507,1.2540600000000002,1.2539200000000001,1.1,1.6
05.08.2021 01:07:04.659,1.2540600000000002,1.2539200000000001,1.1,1.1
05.08.2021 01:07:07.423,1.25405,1.25391,1,1.79
05.08.2021 01:07:07.524,1.25405,1.25391,1.1,1.76
05.08.2021 01:07:07.726,1.25404,1.25391,1,1.01
05.08.2021 01:07:09.563,1.25403,1.2539,1,1.35
05.08.2021 01:07:09.665,1.25403,1.2539,1,1.1
05.08.2021 01:07:27.690,1.2540200000000001,1.2539200000000001,1,2.6
05.08.2021 01:07:27.741,1.25405,1.25391,2.32,3.64
05.08.2021 01:07:28.320,1.2540600000000002,1.2539200000000001,2.72,1
05.08.2021 01:07:28.846,1.25403,1.25391,1,1.35
05.08.2021 01:07:33.976,1.25404,1.25393,1,1.01
05.08.2021 01:07:34.027,1.25405,1.25394,1.12,1.57
05.08.2021 01:07:34.330,1.25405,1.25391,1.57,1.1
05.08.2021 01:07:34.994,1.25403,1.25391,1,1.1
05.08.2021 01:07:35.096,1.25405,1.25391,1.57,1.1
05.08.2021 01:07:38.041,1.25404,1.2539,1.5,1.1
05.08.2021 01:07:41.379,1.25405,1.25391,1.2,1.1
05.08.2021 01:07:55.945,1.25404,1.2539,1.57,1.1
05.08.2021 01:07:58.034,1.25404,1.25391,1.1,1
05.08.2021 01:08:01.891,1.25405,1.25391,1.95,1.1
05.08.2021 01:08:02.598,1.25405,1.25391,1.97,1
05.08.2021 01:08:03.270,1.25405,1.25394,1,1.57
05.08.2021 01:08:03.321,1.25408,1.25393,2.7,1.57
05.08.2021 01:08:03.473,1.2540700000000002,1.25393,1.5,2.32
05.08.2021 01:08:03.574,1.25408,1.25394,4.2,1
05.08.2021 01:08:03.675,1.2540700000000002,1.25393,1,1.76
05.08.2021 01:08:03.776,1.2540700000000002,1.2539500000000001,2.7,1
05.08.2021 01:08:03.928,1.25408,1.25393,2.7,1.76
05.08.2021 01:08:04.130,1.2540700000000002,1.2539500000000001,4.95,1
05.08.2021 01:08:04.231,1.2540700000000002,1.25394,4.95,2.51
05.08.2021 01:08:04.623,1.2540700000000002,1.2539500000000001,4.2,1
05.08.2021 01:08:04.724,1.25408,1.25393,4.2,2.51
05.08.2021 01:08:04.926,1.2540700000000002,1.25393,1,1.57
05.08.2021 01:08:05.027,1.25408,1.25394,3.45,1
05.08.2021 01:08:05.128,1.25408,1.2539500000000001,1.12,1
05.08.2021 01:08:05.229,1.2540700000000002,1.2539500000000001,1.12,1.1
05.08.2021 01:08:05.735,1.2540600000000002,1.2539200000000001,1.1,1.2
05.08.2021 01:08:08.929,1.2540600000000002,1.25393,1.95,1
05.08.2021 01:08:08.980,1.25408,1.25394,1.95,1.1
05.08.2021 01:08:09.132,1.2540600000000002,1.2539500000000001,1.5,1.1
05.08.2021 01:08:09.233,1.2540700000000002,1.2539500000000001,1.1,1.1
05.08.2021 01:08:09.386,1.25405,1.25391,1,1.2
05.08.2021 01:08:13.451,1.25405,1.2539200000000001,1.95,1.1
05.08.2021 01:08:13.974,1.25408,1.25394,1.6,1.57
05.08.2021 01:08:14.176,1.2540700000000002,1.25394,1.1,1
05.08.2021 01:08:14.278,1.2540700000000002,1.25393,1.57,1.6
05.08.2021 01:08:14.430,1.2540600000000002,1.25394,1.1,1.1
05.08.2021 01:08:14.531,1.2540700000000002,1.2539500000000001,1.1,1.1
05.08.2021 01:08:14.989,1.2540700000000002,1.25394,1.6,1
05.08.2021 01:08:15.294,1.25408,1.25394,1.97,1.1
05.08.2021 01:08:15.968,1.2540600000000002,1.2539200000000001,1.2,1
05.08.2021 01:08:17.514,1.25405,1.25394,1.2,1
05.08.2021 01:08:17.615,1.25408,1.2539500000000001,1.6,3.1
05.08.2021 01:08:17.767,1.25409,1.2539600000000002,2.72,3.1
05.08.2021 01:08:19.930,1.2541,1.25397,1.22,1
05.08.2021 01:08:20.480,1.25409,1.254,1.22,1
05.08.2021 01:08:20.581,1.2541,1.25398,1.2,1
05.08.2021 01:08:20.834,1.2541200000000001,1.25399,1.31,1
05.08.2021 01:08:20.952,1.2541200000000001,1.25398,1.31,1
05.08.2021 01:08:23.759,1.25413,1.25398,1.51,1.1
05.08.2021 01:08:30.111,1.25411,1.2539600000000002,1.12,1.57
05.08.2021 01:08:32.490,1.2541,1.2539500000000001,1,1.57
05.08.2021 01:08:32.591,1.25408,1.2539500000000001,1.1,1
05.08.2021 01:08:32.692,1.25408,1.25393,1.1,1.12
05.08.2021 01:08:33.742,1.2540700000000002,1.2539200000000001,1,1.1
05.08.2021 01:08:34.746,1.2540600000000002,1.2539200000000001,1,1
05.08.2021 01:08:35.700,1.2540600000000002,1.25391,1.5,1.1
05.08.2021 01:08:43.165,1.25404,1.2539200000000001,1,1
05.08.2021 01:08:43.679,1.25405,1.2539500000000001,1.12,1
05.08.2021 01:08:43.781,1.2540700000000002,1.25394,1.1,1.5
05.08.2021 01:08:44.495,1.25408,1.2539600000000002,2.35,1
05.08.2021 01:08:44.596,1.25408,1.2539600000000002,2.16,1
05.08.2021 01:08:45.054,1.2540600000000002,1.25394,1.1,1
05.08.2021 01:08:45.105,1.2540600000000002,1.2539200000000001,1.57,1
05.08.2021 01:08:45.949,1.2540600000000002,1.2539200000000001,2.07,1
05.08.2021 01:08:47.507,1.25405,1.25391,1.12,1
05.08.2021 01:09:00.997,1.2540700000000002,1.2539500000000001,1.6,1
05.08.2021 01:09:01.099,1.25408,1.2539500000000001,2.32,1
05.08.2021 01:09:01.735,1.25409,1.2539500000000001,1.57,1.2
05.08.2021 01:09:01.938,1.2541,1.25397,1.1,1
05.08.2021 01:09:02.095,1.2541,1.2539600000000002,1.1,1.12
05.08.2021 01:09:03.896,1.2541,1.25397,3.79,1.2
05.08.2021 01:09:13.523,1.25411,1.25398,1.39,1
05.08.2021 01:09:16.949,1.2541200000000001,1.25399,3.04,1.2
05.08.2021 01:09:18.484,1.2541200000000001,1.25398,1.79,1.12
05.08.2021 01:09:19.012,1.2541200000000001,1.254,3.79,1
05.08.2021 01:09:21.592,1.25413,1.254,1.72,1
05.08.2021 01:09:23.899,1.2541200000000001,1.25399,1.95,1
05.08.2021 01:09:27.074,1.25413,1.25401,2.35,1
05.08.2021 01:09:27.488,1.25413,1.25401,2.35,1
05.08.2021 01:09:36.368,1.2541200000000001,1.25401,2.82,1
05.08.2021 01:09:36.470,1.25411,1.254,1.12,1
05.08.2021 01:09:36.571,1.2541200000000001,1.25398,1.95,1
05.08.2021 01:09:36.783,1.2541,1.25399,1.12,1
05.08.2021 01:09:36.884,1.2541,1.25398,1.57,1
05.08.2021 01:09:37.383,1.25411,1.25397,3.1,1
05.08.2021 01:09:37.484,1.25409,1.2539600000000002,1,1.12
05.08.2021 01:09:37.636,1.25411,1.2539600000000002,3.47,1
05.08.2021 01:09:37.737,1.25411,1.25398,1.89,1
05.08.2021 01:09:37.839,1.25411,1.25398,1.69,1
05.08.2021 01:09:38.233,1.2541,1.25397,3.76,1.12
05.08.2021 01:09:38.617,1.25409,1.2539600000000002,2.89,1
05.08.2021 01:09:38.718,1.25409,1.25394,1.1,1.12
05.08.2021 01:09:39.491,1.25408,1.25394,1.95,1
05.08.2021 01:09:41.141,1.25408,1.25393,3.45,1.12
05.08.2021 01:09:41.193,1.2540700000000002,1.25393,1.22,1.12
05.08.2021 01:09:41.299,1.25408,1.25393,5.41,1.12
05.08.2021 01:09:42.063,1.25409,1.2539500000000001,1.2,1
05.08.2021 01:09:44.132,1.25408,1.2539600000000002,3.1,1
05.08.2021 01:09:46.796,1.25409,1.25397,4.35,1
05.08.2021 01:09:46.898,1.25409,1.2539500000000001,1.2,1.1
05.08.2021 01:09:47.848,1.2541,1.2539600000000002,1.22,1
05.08.2021 01:09:55.135,1.25411,1.25398,3.79,1
05.08.2021 01:09:57.351,1.25413,1.25398,3.04,1
05.08.2021 01:10:00.260,1.25411,1.25398,1.6,1.1
05.08.2021 01:10:00.411,1.2541200000000001,1.25398,1.6,1
05.08.2021 01:10:01.125,1.2541200000000001,1.25397,1.6,1
05.08.2021 01:10:01.428,1.2541,1.25398,2.91,1
05.08.2021 01:10:01.553,1.25411,1.25397,1.95,1
05.08.2021 01:10:01.806,1.25411,1.25398,1.2,1
05.08.2021 01:10:02.029,1.25414,1.25404,1.7,1
05.08.2021 01:10:02.130,1.2541600000000002,1.2540700000000002,1.6,1
05.08.2021 01:10:02.231,1.2541700000000002,1.2540700000000002,1.79,1
05.08.2021 01:10:02.332,1.2541700000000002,1.2540700000000002,1.76,1
05.08.2021 01:10:04.481,1.25418,1.2540700000000002,2.89,1
05.08.2021 01:10:05.592,1.2542,1.2540700000000002,2.7,3.01
05.08.2021 01:10:05.694,1.2542200000000001,1.25409,2.07,1
05.08.2021 01:10:05.795,1.2542200000000001,1.25409,3.07,1
05.08.2021 01:10:05.896,1.25421,1.25409,1.5,1
05.08.2021 01:10:05.997,1.2542,1.2540600000000002,1.5,1.6
05.08.2021 01:10:08.612,1.25421,1.2540700000000002,1.2,1.12
05.08.2021 01:10:09.902,1.25421,1.25409,1.57,1.87
05.08.2021 01:10:09.953,1.25424,1.2541,3.79,1.5
05.08.2021 01:10:10.054,1.25421,1.25411,1,1.5
05.08.2021 01:10:10.256,1.25423,1.2541,1.1,1.12
05.08.2021 01:10:10.610,1.25421,1.25411,1,1.12
05.08.2021 01:10:10.711,1.25424,1.2541,3.26,1.12
05.08.2021 01:10:10.868,1.2542200000000001,1.25411,1.69,1.12
05.08.2021 01:10:11.033,1.25423,1.25411,1.1,1.12
05.08.2021 01:10:11.134,1.2542200000000001,1.25411,1,1.12
05.08.2021 01:10:12.301,1.25425,1.25411,1.6,1
05.08.2021 01:10:12.504,1.25424,1.25413,1.6,1
05.08.2021 01:10:12.605,1.2542600000000002,1.2541200000000001,2.16,1.12
05.08.2021 01:10:13.479,1.2542600000000002,1.25413,1.41,1
05.08.2021 01:10:13.581,1.2542600000000002,1.2541200000000001,2.14,1
05.08.2021 01:10:15.093,1.2542600000000002,1.25411,2.89,1.2
05.08.2021 01:10:15.194,1.2542600000000002,1.25411,3.47,1.12
05.08.2021 01:10:15.511,1.2542600000000002,1.25411,2.7,1.2
05.08.2021 01:10:17.570,1.2542600000000002,1.25411,2.72,1.12
05.08.2021 01:10:18.766,1.2542600000000002,1.25413,1.2,1
05.08.2021 01:10:18.867,1.2542600000000002,1.25411,2.7,1.57
05.08.2021 01:10:19.296,1.2542600000000002,1.25411,2.72,1.5
05.08.2021 01:10:20.056,1.25425,1.25413,2.07,1.5
05.08.2021 01:10:20.157,1.2542600000000002,1.25413,1.2,1
05.08.2021 01:10:20.382,1.2542600000000002,1.2541200000000001,1.95,1
05.08.2021 01:10:20.682,1.2542600000000002,1.25411,2.72,1.5
05.08.2021 01:10:24.960,1.25421,1.25409,1.76,1.1
05.08.2021 01:10:25.062,1.25421,1.25408,1.79,1.5
05.08.2021 01:10:27.479,1.25424,1.2541,2.07,1.5
05.08.2021 01:10:27.631,1.25423,1.25409,1.6,1.5
05.08.2021 01:10:27.890,1.25423,1.25409,1.57,1.5
05.08.2021 01:10:28.098,1.25423,1.25409,1.6,1.5
05.08.2021 01:10:28.477,1.25423,1.25409,1.57,1.5
05.08.2021 01:10:35.518,1.25421,1.25408,2.91,1
05.08.2021 01:10:35.620,1.25421,1.2540700000000002,2.16,1
05.08.2021 01:10:37.625,1.2542,1.2540600000000002,1.57,1.5
05.08.2021 01:10:37.727,1.2542,1.2540600000000002,1.6,1
05.08.2021 01:10:40.113,1.2542,1.25405,2.85,1.5
05.08.2021 01:10:40.645,1.25418,1.25405,1.97,1
05.08.2021 01:10:43.643,1.2541700000000002,1.25405,1.6,1
05.08.2021 01:10:44.282,1.2541700000000002,1.25404,1.22,1
05.08.2021 01:10:44.383,1.2541700000000002,1.25403,2.16,1
05.08.2021 01:10:46.432,1.25418,1.25404,2.82,1.5
05.08.2021 01:10:48.147,1.2541600000000002,1.25403,1.1,1
05.08.2021 01:10:48.401,1.2541700000000002,1.25405,1.6,1
05.08.2021 01:10:48.502,1.25418,1.25404,1.1,1
05.08.2021 01:10:48.654,1.25418,1.25403,1.95,1.1
05.08.2021 01:10:49.089,1.2541700000000002,1.25403,1.6,1
05.08.2021 01:10:57.180,1.25414,1.25404,1.1,1
05.08.2021 01:10:57.231,1.25415,1.254,1.6,1.5
05.08.2021 01:10:57.332,1.25415,1.25401,1.6,1
05.08.2021 01:10:58.153,1.25413,1.25401,1.2,1
05.08.2021 01:10:58.255,1.25414,1.254,1.97,1
05.08.2021 01:10:58.665,1.25413,1.25399,1.2,1
05.08.2021 01:10:58.766,1.25413,1.25399,1.97,1
05.08.2021 01:10:58.969,1.25411,1.25398,1,1
05.08.2021 01:10:59.557,1.25411,1.25398,1.97,1
05.08.2021 01:11:00.522,1.2541,1.25398,2.91,1
05.08.2021 01:11:00.623,1.2541,1.25397,1.1,1
05.08.2021 01:11:01.004,1.2541,1.25397,1.1,1
05.08.2021 01:11:01.105,1.25409,1.25397,1.1,1
05.08.2021 01:11:01.206,1.2541,1.2539600000000002,1.1,1
05.08.2021 01:11:01.736,1.2541,1.2539500000000001,2.35,1.12
05.08.2021 01:11:01.837,1.25409,1.2539500000000001,2.91,1
05.08.2021 01:11:02.581,1.25408,1.25394,1.57,1
05.08.2021 01:11:02.694,1.2540700000000002,1.2539200000000001,2.72,1
05.08.2021 01:11:02.796,1.25408,1.25394,1.5,1.1
05.08.2021 01:11:02.897,1.25409,1.2539500000000001,1.2,1
05.08.2021 01:11:17.337,1.25411,1.25397,3.79,1
05.08.2021 01:11:18.946,1.2541200000000001,1.25398,2.85,1
05.08.2021 01:11:24.087,1.2541,1.25397,1.1,1
05.08.2021 01:11:24.188,1.25409,1.25397,1.2,1
05.08.2021 01:11:24.340,1.25409,1.2539600000000002,1.1,1
05.08.2021 01:11:24.392,1.25408,1.2539500000000001,1.1,1.12
05.08.2021 01:11:24.493,1.25409,1.25394,1.1,1.12
