Gmt time,Ask,Bid,AskVolume,BidVolume
24.08.2021 00:00:00.136,0.91243,0.91234,1,1
24.08.2021 00:00:00.237,0.91246,0.9123700000000001,1.5,1
24.08.2021 00:00:00.390,0.9124700000000001,0.9123700000000001,2.25,1
24.08.2021 00:00:01.516,0.91246,0.9123600000000001,1,1
24.08.2021 00:00:15.098,0.9124500000000001,0.91235,1,1
24.08.2021 00:00:15.251,0.9124500000000001,0.91234,1,1.1
24.08.2021 00:00:23.467,0.91243,0.91234,1,1
24.08.2021 00:00:26.600,0.9124200000000001,0.91233,1,1
24.08.2021 00:00:26.701,0.91239,0.9123,1,1
24.08.2021 00:00:50.922,0.91238,0.9123,1,1
24.08.2021 00:01:15.748,0.91238,0.91228,1.5,2.35
24.08.2021 00:01:15.853,0.91238,0.91228,1.5,1.57
24.08.2021 00:01:23.984,0.9123700000000001,0.91228,1,1.1
24.08.2021 00:01:24.187,0.91234,0.9122600000000001,3,1
24.08.2021 00:01:57.138,0.91233,0.91223,1,1.1
24.08.2021 00:01:57.239,0.9123100000000001,0.91223,1,1.1
24.08.2021 00:02:20.051,0.91233,0.91225,1,1.1
24.08.2021 00:02:20.102,0.91235,0.9122600000000001,1.5,1.1
24.08.2021 00:02:20.203,0.91235,0.9122700000000001,1,1.1
24.08.2021 00:02:20.405,0.9123600000000001,0.9122700000000001,1.5,1.1
24.08.2021 00:02:24.039,0.91238,0.9122700000000001,1.5,1.1
24.08.2021 00:02:30.058,0.91238,0.9122700000000001,1.5,1
24.08.2021 00:02:30.109,0.91238,0.91229,1,3.32
24.08.2021 00:02:30.213,0.91238,0.9123100000000001,1,1
24.08.2021 00:02:30.415,0.91239,0.91229,1,1.25
24.08.2021 00:02:30.624,0.91239,0.9123,1.5,1.69
24.08.2021 00:02:33.650,0.91238,0.9123,1,1
24.08.2021 00:02:33.751,0.91238,0.91229,1,1.5
24.08.2021 00:02:37.774,0.9123700000000001,0.91229,1,1
24.08.2021 00:02:38.011,0.91238,0.9122700000000001,1.57,1
24.08.2021 00:02:38.112,0.9123600000000001,0.91228,1,1
24.08.2021 00:02:41.982,0.9123200000000001,0.91224,1,2.32
24.08.2021 00:02:42.083,0.91233,0.91224,1.5,1
24.08.2021 00:02:54.244,0.9123,0.9122100000000001,1,2.25
24.08.2021 00:02:59.422,0.91229,0.9122,1,1.5
24.08.2021 00:03:27.468,0.91225,0.9121700000000001,1,1.2
24.08.2021 00:03:27.519,0.9122700000000001,0.91218,1,1.5
24.08.2021 00:03:27.620,0.9122700000000001,0.9121900000000001,1,1
24.08.2021 00:03:30.760,0.9122600000000001,0.9121600000000001,2.25,1
24.08.2021 00:03:30.862,0.91224,0.9121700000000001,1,1
24.08.2021 00:03:31.014,0.91225,0.9121700000000001,3,1.5
24.08.2021 00:03:31.115,0.91225,0.9121600000000001,1.5,1.5
24.08.2021 00:03:31.370,0.91225,0.9121700000000001,3,1.5
24.08.2021 00:03:31.471,0.91224,0.9121700000000001,1,1.5
24.08.2021 00:03:31.774,0.91225,0.9121700000000001,3,1.5
24.08.2021 00:03:31.926,0.91224,0.9121700000000001,1.5,1.5
24.08.2021 00:03:32.027,0.9122600000000001,0.9121600000000001,3,1.5
24.08.2021 00:03:32.129,0.91224,0.9121700000000001,1.5,1.5
24.08.2021 00:03:32.738,0.91225,0.9121700000000001,3,1.5
24.08.2021 00:03:32.839,0.91224,0.9121700000000001,1,1.5
24.08.2021 00:03:33.143,0.91225,0.9121700000000001,3,1.5
24.08.2021 00:03:33.244,0.91225,0.9121600000000001,1.5,1.5
24.08.2021 00:03:33.396,0.91225,0.9121700000000001,3,1.5
24.08.2021 00:03:33.497,0.91224,0.9121700000000001,1.5,1.5
24.08.2021 00:03:34.610,0.91225,0.9121700000000001,2.25,1.5
24.08.2021 00:03:34.711,0.91224,0.9121700000000001,1.5,1.5
24.08.2021 00:03:34.813,0.91225,0.9121700000000001,2.25,1.5
24.08.2021 00:03:34.970,0.91224,0.9121700000000001,1.5,1.5
24.08.2021 00:03:35.071,0.91225,0.9121700000000001,2.25,1.5
24.08.2021 00:03:35.172,0.9122700000000001,0.9121900000000001,1.5,1.5
24.08.2021 00:03:35.273,0.91228,0.9122,1.5,1.5
24.08.2021 00:03:53.101,0.91229,0.9121900000000001,1.57,1
24.08.2021 00:04:44.703,0.91228,0.9121900000000001,1,1
24.08.2021 00:05:02.964,0.91228,0.9121900000000001,1,1.79
24.08.2021 00:05:03.065,0.91229,0.9122,1,1.01
24.08.2021 00:05:03.238,0.9123,0.9122,1.5,1.01
24.08.2021 00:05:07.062,0.9123,0.9122100000000001,1.5,1
24.08.2021 00:05:18.469,0.9123100000000001,0.9122100000000001,1,1.01
24.08.2021 00:06:00.927,0.9123100000000001,0.9122100000000001,1.1,2.94
24.08.2021 00:06:01.028,0.9123100000000001,0.9122100000000001,1.1,3.19
24.08.2021 00:06:02.057,0.9123100000000001,0.9122200000000001,1.1,1
24.08.2021 00:06:25.302,0.9123,0.9122100000000001,1,1.5
24.08.2021 00:06:25.403,0.9123,0.9122,1.5,3.26
24.08.2021 00:07:11.723,0.91229,0.9122,1,1.25
24.08.2021 00:07:13.551,0.9123,0.9122,1.5,1.69
24.08.2021 00:07:25.861,0.91229,0.9122,1,1
24.08.2021 00:07:30.127,0.9122600000000001,0.9122,2.25,1
24.08.2021 00:07:30.178,0.91228,0.91218,1.57,1.5
24.08.2021 00:07:30.279,0.91228,0.9121900000000001,1.5,1
24.08.2021 00:07:35.605,0.91228,0.91218,1,1.57
24.08.2021 00:07:35.757,0.91228,0.9121900000000001,1,1
24.08.2021 00:08:35.844,0.91229,0.9121900000000001,1.76,1.5
24.08.2021 00:08:35.949,0.91228,0.9121900000000001,1,1.5
24.08.2021 00:08:44.775,0.91229,0.9121900000000001,1.5,1.87
24.08.2021 00:08:50.534,0.91229,0.9122,1,1
24.08.2021 00:08:51.752,0.9123,0.9122,1.57,1.5
24.08.2021 00:09:00.345,0.9123100000000001,0.9122100000000001,1.57,1.5
24.08.2021 00:09:19.805,0.9123,0.9122100000000001,1,1.5
24.08.2021 00:09:19.919,0.9123100000000001,0.9122100000000001,1.57,1.5
24.08.2021 00:09:55.817,0.91233,0.91224,1.5,1.12
24.08.2021 00:09:55.919,0.91235,0.91223,1,2.64
24.08.2021 00:09:56.020,0.91235,0.9122600000000001,1,1.12
24.08.2021 00:11:01.023,0.9123600000000001,0.9122600000000001,1.5,1
24.08.2021 00:11:02.429,0.91234,0.91225,1,1.5
24.08.2021 00:11:02.530,0.91235,0.91225,1.5,1.95
24.08.2021 00:11:02.631,0.91235,0.9122600000000001,1.5,1
24.08.2021 00:11:15.662,0.9123700000000001,0.91228,1.57,1
24.08.2021 00:11:18.159,0.91238,0.91228,1.5,1.57
24.08.2021 00:11:18.260,0.91238,0.9123,1,1
24.08.2021 00:11:19.978,0.91239,0.9123,1.57,1
24.08.2021 00:11:25.455,0.91238,0.9123,1,1
24.08.2021 00:11:30.704,0.91238,0.91228,1.5,2.32
24.08.2021 00:11:53.298,0.91238,0.91229,1,1
24.08.2021 00:12:04.705,0.91241,0.91229,1.57,1
24.08.2021 00:12:04.908,0.9124200000000001,0.9123,1.57,1.5
24.08.2021 00:12:05.009,0.91241,0.9123200000000001,1,1
24.08.2021 00:12:05.110,0.9124200000000001,0.9123200000000001,1.5,2.14
24.08.2021 00:12:09.937,0.9124200000000001,0.91233,1,1
24.08.2021 00:12:30.363,0.9124200000000001,0.9123200000000001,1.5,2.14
24.08.2021 00:12:38.141,0.91244,0.9123100000000001,1,1.76
24.08.2021 00:12:38.378,0.91243,0.9123200000000001,1,1.89
24.08.2021 00:13:12.461,0.91244,0.91235,1,1
24.08.2021 00:13:12.562,0.91246,0.91234,1.1,1
24.08.2021 00:13:14.107,0.91246,0.9123700000000001,1,1
24.08.2021 00:13:14.214,0.91246,0.91235,1.5,2.56
24.08.2021 00:13:27.389,0.91244,0.91235,1.25,1.5
24.08.2021 00:13:27.440,0.91244,0.91234,1.69,1.95
24.08.2021 00:13:27.592,0.91243,0.91234,1,1
24.08.2021 00:13:32.514,0.91241,0.9123200000000001,1,1
24.08.2021 00:13:32.615,0.9124,0.9123,1,1.87
24.08.2021 00:15:02.486,0.91239,0.9123,1,1
24.08.2021 00:15:02.663,0.9124,0.9123,1.57,1
24.08.2021 00:15:21.831,0.91239,0.9123,1,1
24.08.2021 00:15:22.575,0.91239,0.91229,1.5,1.5
24.08.2021 00:15:33.167,0.91239,0.9123,1,1
24.08.2021 00:15:51.029,0.9124,0.9123,1,1.87
24.08.2021 00:15:51.130,0.9124200000000001,0.9123200000000001,1.5,1
24.08.2021 00:15:51.595,0.91243,0.9123200000000001,1,1
24.08.2021 00:15:51.697,0.91243,0.91233,1.5,1.5
24.08.2021 00:15:58.052,0.91243,0.91234,1,1
24.08.2021 00:15:58.154,0.91244,0.91235,1,1
24.08.2021 00:15:58.256,0.9124500000000001,0.91235,1,1.5
24.08.2021 00:16:17.952,0.91246,0.91235,1.5,1.5
24.08.2021 00:16:40.710,0.9124700000000001,0.9123600000000001,1.5,1.87
24.08.2021 00:16:56.606,0.91248,0.91238,1.5,1
24.08.2021 00:17:11.021,0.91248,0.91239,1,1
24.08.2021 00:17:15.640,0.91249,0.91241,1.5,1
24.08.2021 00:17:15.691,0.91253,0.9124200000000001,2.32,2.25
24.08.2021 00:17:15.742,0.91254,0.9124500000000001,1.01,1
24.08.2021 00:17:15.843,0.91256,0.91244,1.57,1
24.08.2021 00:17:16.111,0.9125500000000001,0.91244,1.1,1
24.08.2021 00:17:18.071,0.9125500000000001,0.9124500000000001,1.57,1
24.08.2021 00:17:23.456,0.91256,0.91246,1.5,1
24.08.2021 00:17:31.032,0.9125500000000001,0.91246,1,1
24.08.2021 00:17:34.359,0.91256,0.91246,2.44,1
24.08.2021 00:17:50.762,0.91258,0.91246,1.69,1
24.08.2021 00:17:50.913,0.91258,0.91248,1.5,1
24.08.2021 00:17:52.627,0.91259,0.91248,1,1
24.08.2021 00:17:52.940,0.91261,0.91248,1.69,1
24.08.2021 00:17:56.684,0.91261,0.9125000000000001,1.1,1.12
24.08.2021 00:17:56.987,0.9126200000000001,0.91251,1,1.95
24.08.2021 00:18:00.904,0.9126299999999999,0.9125200000000001,1.25,1
24.08.2021 00:18:02.954,0.9126200000000001,0.9125200000000001,1,1.5
24.08.2021 00:18:32.181,0.9126200000000001,0.91253,1,1
24.08.2021 00:18:32.432,0.9126299999999999,0.91253,1.25,1.5
24.08.2021 00:18:55.144,0.9126200000000001,0.9125200000000001,1.25,1
24.08.2021 00:18:55.245,0.9126299999999999,0.91253,3.32,1
24.08.2021 00:18:56.582,0.9126200000000001,0.91251,2.06,1
24.08.2021 00:19:14.403,0.9126200000000001,0.9125000000000001,1,1
24.08.2021 00:19:52.315,0.91261,0.9125000000000001,1.25,1.12
24.08.2021 00:19:55.271,0.91261,0.91251,1.69,1
24.08.2021 00:20:25.068,0.9126000000000001,0.9125000000000001,1,1.87
24.08.2021 00:20:38.165,0.91261,0.91251,1,1
24.08.2021 00:20:56.152,0.9126200000000001,0.9125200000000001,1,1
24.08.2021 00:21:22.393,0.9126299999999999,0.9125200000000001,1,1
24.08.2021 00:21:31.665,0.91264,0.91253,1.12,1.5
24.08.2021 00:21:40.610,0.9126500000000001,0.91254,2.06,1.12
24.08.2021 00:21:40.712,0.91266,0.91256,1,2.25
24.08.2021 00:21:40.815,0.9126700000000001,0.9125700000000001,1,1.87
24.08.2021 00:21:40.917,0.91269,0.91259,1.31,1
24.08.2021 00:21:41.019,0.91269,0.91259,1.31,1.62
24.08.2021 00:21:47.666,0.9127000000000001,0.91259,1,2.75
24.08.2021 00:21:47.819,0.9127100000000001,0.9126000000000001,2.14,1.12
24.08.2021 00:21:47.971,0.9127100000000001,0.9126000000000001,2.14,1.62
24.08.2021 00:21:48.963,0.9127100000000001,0.9126000000000001,1,1.87
24.08.2021 00:22:06.813,0.9127100000000001,0.9126000000000001,2,1
24.08.2021 00:22:06.997,0.9127100000000001,0.9126000000000001,1.5,1
24.08.2021 00:22:34.376,0.9127299999999999,0.91261,1.5,1
24.08.2021 00:22:48.129,0.9127200000000001,0.9126200000000001,1,2.75
24.08.2021 00:22:48.230,0.9127299999999999,0.9126299999999999,1,1.12
24.08.2021 00:22:51.376,0.91274,0.91264,1,1
24.08.2021 00:22:51.478,0.9127700000000001,0.91264,1.5,1.12
24.08.2021 00:22:51.579,0.9127600000000001,0.91266,1,1.12
24.08.2021 00:22:51.680,0.9127700000000001,0.9126700000000001,1,1
24.08.2021 00:23:46.638,0.9127700000000001,0.91266,1,1.87
24.08.2021 00:24:41.687,0.9127700000000001,0.9126500000000001,1,1
24.08.2021 00:25:10.843,0.9127600000000001,0.91266,1,1.5
24.08.2021 00:25:11.798,0.9127799999999999,0.9126799999999999,1,1
24.08.2021 00:25:13.653,0.9127799999999999,0.9126799999999999,1,1.62
24.08.2021 00:25:16.203,0.91279,0.91269,1,1.12
24.08.2021 00:25:16.356,0.9128100000000001,0.91269,1,1
24.08.2021 00:25:16.407,0.9128000000000001,0.9127100000000001,1,1
24.08.2021 00:25:20.689,0.9128200000000001,0.9127000000000001,1.5,1.62
24.08.2021 00:25:21.269,0.9128100000000001,0.9127100000000001,1,1.12
24.08.2021 00:25:26.247,0.9128600000000001,0.9127600000000001,1.25,1
24.08.2021 00:25:26.298,0.9128700000000001,0.9127700000000001,1.01,1
24.08.2021 00:25:26.450,0.9128700000000001,0.9127700000000001,1.25,2
24.08.2021 00:25:26.749,0.91288,0.9127799999999999,1,1.12
24.08.2021 00:25:31.073,0.91288,0.9127799999999999,1,2
24.08.2021 00:25:32.073,0.91288,0.9127799999999999,1,1.12
24.08.2021 00:25:35.323,0.9129,0.9128000000000001,1.31,1
24.08.2021 00:25:39.711,0.9129200000000001,0.9128200000000001,2.87,1
24.08.2021 00:25:39.812,0.91293,0.9128200000000001,1.69,1.5
24.08.2021 00:25:39.913,0.91293,0.9128200000000001,1.25,2.82
24.08.2021 00:25:40.014,0.91293,0.91284,1.25,1
24.08.2021 00:25:40.116,0.91295,0.9128299999999999,1.25,1
24.08.2021 00:25:40.591,0.91294,0.91284,1.25,1
24.08.2021 00:25:52.378,0.91295,0.91284,1.25,1
24.08.2021 00:26:04.398,0.91294,0.91284,1.25,1.5
24.08.2021 00:26:07.119,0.91295,0.91284,1,2.45
24.08.2021 00:26:07.271,0.9129600000000001,0.9128600000000001,1,1
24.08.2021 00:26:07.776,0.9129700000000002,0.9128700000000001,2.14,1
24.08.2021 00:26:17.077,0.9129700000000002,0.91289,1.31,1
24.08.2021 00:26:17.128,0.9130100000000001,0.9129100000000001,1.31,1
24.08.2021 00:26:17.230,0.9130200000000002,0.9129200000000001,1.2,1
24.08.2021 00:26:27.601,0.91304,0.91294,1,1
24.08.2021 00:26:28.418,0.91303,0.91293,1.25,1.5
24.08.2021 00:26:48.229,0.91303,0.91293,1.5,1.12
24.08.2021 00:26:48.460,0.91303,0.91293,1,1.12
24.08.2021 00:26:59.495,0.9130200000000002,0.9129200000000001,1,1.5
24.08.2021 00:27:00.337,0.9130200000000002,0.9129200000000001,1,1
24.08.2021 00:27:00.780,0.9130100000000001,0.9129100000000001,1,1.12
24.08.2021 00:27:23.503,0.9130100000000001,0.9129100000000001,2.31,1.12
24.08.2021 00:27:24.902,0.91299,0.9128700000000001,1,1.12
24.08.2021 00:27:33.430,0.9129700000000002,0.9128700000000001,1,1.12
24.08.2021 00:30:00.553,0.9129600000000001,0.9128600000000001,1.57,1
24.08.2021 00:30:00.704,0.91295,0.9128600000000001,1,1
24.08.2021 00:30:00.805,0.9129600000000001,0.9128600000000001,1.57,1
24.08.2021 00:30:17.932,0.91295,0.91285,1.31,1
24.08.2021 00:30:18.033,0.91293,0.91284,1,1
24.08.2021 00:30:18.135,0.91293,0.9128299999999999,1,1.87
24.08.2021 00:30:55.543,0.91293,0.91284,1,1
24.08.2021 00:31:06.039,0.9129200000000001,0.9128299999999999,1,1
24.08.2021 00:31:06.141,0.9129200000000001,0.9128200000000001,1,1.95
24.08.2021 00:31:06.242,0.9129200000000001,0.9128200000000001,1,2.07
24.08.2021 00:31:06.394,0.9129100000000001,0.9128100000000001,3.6,1
24.08.2021 00:31:06.495,0.9129100000000001,0.9127799999999999,1.41,1.87
24.08.2021 00:32:54.765,0.91289,0.91279,1.5,1.5
24.08.2021 00:32:54.951,0.91289,0.91279,1,1.5
24.08.2021 00:32:56.578,0.91289,0.9127799999999999,1,2.25
24.08.2021 00:33:16.395,0.9129100000000001,0.9128100000000001,1,2.82
24.08.2021 00:33:16.447,0.91293,0.9128200000000001,1.76,1.95
24.08.2021 00:33:16.498,0.91294,0.91284,1,1.5
24.08.2021 00:33:23.083,0.91294,0.91284,1,2
24.08.2021 00:34:00.507,0.91294,0.91284,1.31,1
24.08.2021 00:34:00.609,0.91293,0.9128200000000001,1.5,2.82
24.08.2021 00:34:00.880,0.9129100000000001,0.9128200000000001,1.1,1
24.08.2021 00:34:00.981,0.91295,0.9128600000000001,1.1,1
24.08.2021 00:34:01.082,0.9129600000000001,0.9128600000000001,1,1.87
24.08.2021 00:34:12.716,0.9129700000000002,0.9128700000000001,1,1
24.08.2021 00:34:17.339,0.91298,0.91288,1.57,1
24.08.2021 00:35:06.717,0.91298,0.9128600000000001,1,1.12
24.08.2021 00:35:23.484,0.9129600000000001,0.9128700000000001,1,2.25
24.08.2021 00:35:57.517,0.9129600000000001,0.91288,1.5,1
24.08.2021 00:36:19.990,0.9129600000000001,0.9128700000000001,1,1.5
24.08.2021 00:36:27.261,0.9129600000000001,0.91288,1,1
24.08.2021 00:37:00.678,0.91298,0.9128700000000001,1.5,1
24.08.2021 00:37:22.294,0.9129700000000002,0.9128700000000001,2.25,1
24.08.2021 00:37:30.778,0.9129700000000002,0.9128600000000001,1.5,1.5
24.08.2021 00:37:31.434,0.9129600000000001,0.91285,1.5,1
24.08.2021 00:37:41.072,0.91295,0.91285,1,1.5
24.08.2021 00:38:10.869,0.9129700000000002,0.91284,2.25,1.69
24.08.2021 00:39:31.200,0.9129600000000001,0.9128700000000001,2.25,1
24.08.2021 00:40:08.438,0.91295,0.9128700000000001,1,1
24.08.2021 00:40:30.751,0.9129600000000001,0.91288,1,1
24.08.2021 00:41:48.095,0.9129700000000002,0.91288,2.25,1
24.08.2021 00:41:48.196,0.91298,0.91289,1,1.1
24.08.2021 00:41:48.348,0.91299,0.9129,1.5,1.69
24.08.2021 00:42:30.406,0.9129700000000002,0.91289,1,1
24.08.2021 00:42:35.605,0.9129700000000002,0.91288,1,1.57
24.08.2021 00:42:43.959,0.9129700000000002,0.91289,1,1
24.08.2021 00:42:50.656,0.913,0.91293,1.12,1
24.08.2021 00:42:50.758,0.91298,0.9129100000000001,1,1
24.08.2021 00:42:50.859,0.91298,0.9129,1,1.5
24.08.2021 00:42:50.960,0.9129700000000002,0.91289,1,1
24.08.2021 00:43:01.071,0.913,0.9129100000000001,1.57,1.12
24.08.2021 00:43:01.375,0.91298,0.9129,1,1.12
24.08.2021 00:43:01.476,0.9129700000000002,0.91289,1,1
24.08.2021 00:43:01.577,0.9129600000000001,0.91288,1,1
24.08.2021 00:44:43.413,0.91298,0.91289,1,2.32
24.08.2021 00:44:45.056,0.91298,0.9129,1,1
24.08.2021 00:44:45.162,0.91299,0.9129100000000001,1,1.12
24.08.2021 00:44:45.317,0.913,0.9129200000000001,1.57,1
24.08.2021 00:44:46.712,0.91299,0.9129,3.82,1
24.08.2021 00:44:46.813,0.9129700000000002,0.91288,1,1.1
24.08.2021 00:44:49.889,0.9129600000000001,0.91288,1,1
24.08.2021 00:44:50.107,0.9129700000000002,0.91288,1,1.57
24.08.2021 00:45:06.840,0.9129700000000002,0.9128700000000001,1.57,2.32
24.08.2021 00:45:06.941,0.9129600000000001,0.9128700000000001,1,1.57
24.08.2021 00:45:38.034,0.91295,0.9128700000000001,1,1
24.08.2021 00:46:33.053,0.9129600000000001,0.9128700000000001,1,1
24.08.2021 00:46:47.767,0.9129700000000002,0.9128700000000001,2.32,1.57
24.08.2021 00:46:52.639,0.9129600000000001,0.9128700000000001,1,1.1
24.08.2021 00:48:08.996,0.91295,0.9128700000000001,1,1
24.08.2021 00:48:11.825,0.91295,0.91285,2.25,1
24.08.2021 00:48:45.860,0.91295,0.9128600000000001,1.5,1
24.08.2021 00:48:48.029,0.9129600000000001,0.9128600000000001,2.51,1.5
24.08.2021 00:49:43.050,0.91295,0.9128600000000001,1,1
24.08.2021 00:50:08.439,0.91295,0.91285,1,2.25
24.08.2021 00:51:30.041,0.91295,0.9128600000000001,1,1
24.08.2021 00:52:09.276,0.9129600000000001,0.9128600000000001,1.5,1.5
24.08.2021 00:52:09.377,0.9129600000000001,0.9128700000000001,1.5,1
24.08.2021 00:52:09.428,0.91298,0.91289,1,1
24.08.2021 00:52:10.034,0.913,0.9129200000000001,1,1
24.08.2021 00:52:10.136,0.9130100000000001,0.9129200000000001,2.32,1
24.08.2021 00:52:10.573,0.9130200000000002,0.9129,1.6,1.5
24.08.2021 00:52:12.567,0.913,0.9129,1,1
24.08.2021 00:52:12.805,0.91299,0.9129,1.1,1
24.08.2021 00:52:17.663,0.913,0.9129100000000001,1,1.5
24.08.2021 00:52:17.814,0.9130100000000001,0.9129100000000001,2.32,2.25
24.08.2021 00:52:23.788,0.9130100000000001,0.9129100000000001,3.1,1
24.08.2021 00:52:23.889,0.913,0.9129,1.1,3
24.08.2021 00:52:24.245,0.91299,0.9129,1.1,1
24.08.2021 00:52:27.876,0.913,0.9129,1.57,1.5
24.08.2021 00:52:28.028,0.91299,0.9129,1,1.5
24.08.2021 00:52:31.371,0.91299,0.91289,1.57,1.5
24.08.2021 00:52:47.010,0.91299,0.9129,1.57,1
24.08.2021 00:52:47.061,0.91303,0.9129,1.87,3.29
24.08.2021 00:52:47.162,0.91303,0.91293,1.1,1
24.08.2021 00:52:47.264,0.91304,0.91294,1.57,1
24.08.2021 00:52:49.505,0.91304,0.91295,1,1.1
24.08.2021 00:52:49.629,0.91305,0.91295,1,1.1
24.08.2021 00:53:00.230,0.91309,0.91299,1.5,1.2
24.08.2021 00:53:00.331,0.9131,0.913,2.25,1.76
24.08.2021 00:53:00.433,0.91313,0.9130100000000001,2.25,1.1
24.08.2021 00:53:00.635,0.9131200000000002,0.91303,1,1
24.08.2021 00:53:02.161,0.9131100000000001,0.91303,1,1
24.08.2021 00:53:02.263,0.9131100000000001,0.9130200000000002,1,1.1
24.08.2021 00:53:02.414,0.9131,0.9130100000000001,1,1.1
24.08.2021 00:53:36.250,0.9131100000000001,0.91303,1,1
24.08.2021 00:53:36.301,0.9131400000000001,0.91304,4.44,1.5
24.08.2021 00:53:36.403,0.9131400000000001,0.9130700000000002,1,1
24.08.2021 00:53:36.454,0.9131600000000001,0.91308,1.5,1
24.08.2021 00:54:00.638,0.91315,0.91308,1,1
24.08.2021 00:54:03.296,0.9131400000000001,0.9130600000000001,1.5,1
24.08.2021 00:54:03.398,0.91313,0.91305,1,1
24.08.2021 00:54:04.634,0.9131200000000002,0.91305,1,1
24.08.2021 00:54:12.337,0.9131,0.9130200000000002,1,1.5
24.08.2021 00:54:12.438,0.9131200000000002,0.91303,2.32,1
24.08.2021 00:54:29.821,0.9131200000000002,0.91304,1,1
24.08.2021 00:54:29.872,0.9131400000000001,0.91304,2.32,1
24.08.2021 00:54:40.411,0.91313,0.91304,1,1
24.08.2021 00:54:41.498,0.91313,0.91303,1,1
24.08.2021 00:54:41.600,0.91313,0.9130200000000002,1.5,1.5
24.08.2021 00:54:53.691,0.9131200000000002,0.9130200000000002,1,1
24.08.2021 00:54:55.142,0.91309,0.9130100000000001,2.44,1
24.08.2021 00:54:55.192,0.91308,0.91298,1,1.1
24.08.2021 00:54:55.294,0.91308,0.91299,1,1
24.08.2021 00:54:55.445,0.91308,0.91298,1.5,1.1
24.08.2021 00:54:59.232,0.9130700000000002,0.9129600000000001,1.1,1.5
24.08.2021 00:54:59.984,0.9130700000000002,0.9129600000000001,2.32,1.1
24.08.2021 00:55:00.085,0.9130700000000002,0.9129600000000001,1.1,3.32
24.08.2021 00:55:00.186,0.91308,0.9129700000000002,2.25,1.25
24.08.2021 00:55:00.338,0.91308,0.9129700000000002,4.54,1
24.08.2021 00:55:00.439,0.9130700000000002,0.9129600000000001,2.91,1
24.08.2021 00:55:02.602,0.9130600000000001,0.91295,4.04,1
24.08.2021 00:55:06.468,0.91304,0.91295,1,1
24.08.2021 00:55:09.325,0.91304,0.91294,1,1.57
24.08.2021 00:55:20.668,0.91303,0.91293,1,1.87
24.08.2021 00:55:20.770,0.91303,0.9129200000000001,2.25,3.56
24.08.2021 00:55:30.947,0.91303,0.91293,1.5,1
24.08.2021 00:55:37.587,0.91303,0.91294,1,1
24.08.2021 00:55:38.895,0.91304,0.91294,1.5,1
24.08.2021 00:55:38.997,0.91304,0.91295,1,1
24.08.2021 00:55:39.098,0.91305,0.9129600000000001,1.1,1
24.08.2021 00:55:41.576,0.9130600000000001,0.9129700000000002,1.5,1
24.08.2021 00:55:41.678,0.9130700000000002,0.91298,1,1
24.08.2021 00:55:41.779,0.91309,0.91299,1.1,1
24.08.2021 00:55:45.903,0.91309,0.913,1.1,1
24.08.2021 00:55:54.699,0.9131100000000001,0.913,1,1
24.08.2021 00:55:59.980,0.9131100000000001,0.9130100000000001,1,1.5
24.08.2021 00:56:00.252,0.91313,0.9130200000000002,2.32,2.44
24.08.2021 00:56:00.353,0.91313,0.91303,1,1
24.08.2021 00:56:01.723,0.91313,0.91304,1,1
24.08.2021 00:56:02.269,0.9131400000000001,0.91304,1.1,1.5
24.08.2021 00:56:05.925,0.9131400000000001,0.91305,1,1
24.08.2021 00:56:06.026,0.91315,0.91305,1,1.5
24.08.2021 00:56:13.922,0.91315,0.9130600000000001,1,1
24.08.2021 00:56:14.024,0.9131600000000001,0.9130600000000001,1,2.25
24.08.2021 00:56:19.953,0.9131600000000001,0.9130600000000001,1,3.7
24.08.2021 00:56:20.055,0.9131700000000001,0.9130700000000002,1,1.69
24.08.2021 00:57:03.261,0.9131900000000001,0.91309,1,1
24.08.2021 00:57:03.514,0.9132100000000001,0.9131,1.1,1
24.08.2021 00:57:03.615,0.9132100000000001,0.9131100000000001,1.5,1
24.08.2021 00:57:24.206,0.9131900000000001,0.9131,1,1
24.08.2021 00:57:24.307,0.9131900000000001,0.91309,1,1.5
24.08.2021 00:57:30.434,0.91318,0.91308,1,2.25
24.08.2021 00:57:34.718,0.91318,0.91305,2.25,1.57
24.08.2021 00:57:37.563,0.9131700000000001,0.91308,1,1
24.08.2021 00:57:58.256,0.91318,0.91305,2.32,1.5
24.08.2021 00:57:58.358,0.9131700000000001,0.9130600000000001,2.72,1.5
24.08.2021 00:58:06.359,0.91315,0.91305,1,1.5
24.08.2021 00:58:21.312,0.9131600000000001,0.9130600000000001,1,1.1
24.08.2021 00:58:21.363,0.91318,0.9130700000000002,1.57,2.14
24.08.2021 00:58:21.464,0.9131700000000001,0.9130700000000002,1.01,1
24.08.2021 00:58:21.565,0.9131700000000001,0.9130700000000002,1.79,1
24.08.2021 00:58:24.678,0.9131600000000001,0.9130600000000001,1.1,1.5
24.08.2021 00:58:33.276,0.9131600000000001,0.9130600000000001,1.6,1
24.08.2021 00:58:33.530,0.9131600000000001,0.91304,1.1,1.5
24.08.2021 00:58:40.606,0.91315,0.91305,1.6,1
24.08.2021 00:58:40.707,0.91313,0.91304,1.1,1.5
24.08.2021 00:58:43.044,0.91313,0.9130200000000002,1.57,2.51
24.08.2021 00:59:05.071,0.9131100000000001,0.9130100000000001,1.1,2.25
24.08.2021 00:59:05.172,0.9131,0.913,1,2.32
24.08.2021 00:59:06.819,0.91309,0.913,1,1.5
24.08.2021 00:59:17.712,0.9131,0.913,1,2.51
24.08.2021 00:59:26.951,0.9131,0.913,1,2.54
24.08.2021 00:59:30.781,0.9131,0.913,1.1,2.25
24.08.2021 00:59:30.883,0.91309,0.91299,1.57,1.5
24.08.2021 00:59:43.202,0.91308,0.91298,1,1
24.08.2021 00:59:56.339,0.91308,0.9129700000000002,1.5,1.5
24.08.2021 00:59:57.063,0.9130700000000002,0.9129700000000002,1,1.5
24.08.2021 01:00:01.064,0.9130600000000001,0.9129700000000002,1,1
24.08.2021 01:00:24.087,0.9130600000000001,0.9129700000000002,1,2.07
24.08.2021 01:00:24.297,0.9130600000000001,0.9129700000000002,1,1.57
24.08.2021 01:00:25.571,0.9130600000000001,0.91298,1,1
24.08.2021 01:00:25.622,0.91309,0.91299,1.01,1
24.08.2021 01:00:25.724,0.9130700000000002,0.91299,1,1
24.08.2021 01:00:30.126,0.91308,0.9129700000000002,1,1.5
24.08.2021 01:00:30.374,0.9130600000000001,0.9129700000000002,1,1.57
24.08.2021 01:00:49.022,0.9130600000000001,0.9129700000000002,1,1.1
24.08.2021 01:00:49.072,0.91308,0.91298,2.25,1.1
24.08.2021 01:00:50.049,0.9130700000000002,0.9129700000000002,1,2.35
24.08.2021 01:00:52.034,0.9130700000000002,0.9129700000000002,1,2.35
24.08.2021 01:00:53.019,0.9130700000000002,0.9129700000000002,1,2.35
24.08.2021 01:00:54.190,0.9130700000000002,0.9129700000000002,1,2.35
24.08.2021 01:00:54.392,0.9131,0.9130100000000001,1.5,1
24.08.2021 01:00:57.413,0.9131,0.9130100000000001,1,1.6
24.08.2021 01:00:57.514,0.9131,0.9130100000000001,1,1.57
24.08.2021 01:00:57.616,0.91313,0.9130100000000001,1.5,1.01
24.08.2021 01:00:57.876,0.91313,0.9130200000000002,2.25,2.54
24.08.2021 01:01:00.591,0.91315,0.91305,1.5,1
24.08.2021 01:01:00.641,0.9131600000000001,0.9130600000000001,1,3.82
24.08.2021 01:01:00.743,0.9131700000000001,0.91305,1,3.85
24.08.2021 01:01:03.738,0.9131600000000001,0.91308,1,1
24.08.2021 01:01:14.838,0.9131900000000001,0.9131,1.87,1
24.08.2021 01:01:22.087,0.91318,0.9131,1,1
24.08.2021 01:01:26.935,0.9131700000000001,0.91308,1,1
24.08.2021 01:01:27.037,0.9131600000000001,0.9130700000000002,1.25,1
24.08.2021 01:01:27.189,0.9131600000000001,0.9130600000000001,1.76,1.5
24.08.2021 01:01:32.927,0.91315,0.9130600000000001,1,1
24.08.2021 01:01:33.029,0.9131400000000001,0.91304,1.1,1.69
24.08.2021 01:01:33.131,0.9131200000000002,0.91303,1,1
24.08.2021 01:01:33.233,0.9131200000000002,0.9130200000000002,1,2.32
24.08.2021 01:01:48.935,0.9131100000000001,0.9130200000000002,1,1
24.08.2021 01:01:58.882,0.9131,0.913,1.1,1.5
24.08.2021 01:01:58.984,0.91308,0.913,1,1.5
24.08.2021 01:01:59.086,0.91309,0.91298,1,1
24.08.2021 01:02:00.933,0.91309,0.913,1,1.57
24.08.2021 01:02:01.345,0.9131200000000002,0.91299,2.32,2.51
24.08.2021 01:02:02.196,0.9131100000000001,0.913,2.25,2.91
24.08.2021 01:02:08.652,0.9131100000000001,0.9130100000000001,1,1.35
24.08.2021 01:02:08.852,0.9131100000000001,0.9130100000000001,1,1.01
24.08.2021 01:02:10.308,0.9131100000000001,0.9130100000000001,1,1.35
24.08.2021 01:02:12.072,0.9131200000000002,0.91303,1,1
24.08.2021 01:03:00.949,0.91313,0.91303,1,2.51
24.08.2021 01:03:13.809,0.9131200000000002,0.91303,1,1.5
24.08.2021 01:03:30.407,0.91313,0.9130100000000001,1.01,1
24.08.2021 01:03:30.508,0.9131200000000002,0.9130100000000001,1.76,2.32
24.08.2021 01:03:30.609,0.9131100000000001,0.9130100000000001,1.5,1.1
24.08.2021 01:03:50.178,0.9131100000000001,0.913,1.57,2.89
24.08.2021 01:03:59.298,0.9131,0.913,1,1.57
24.08.2021 01:04:02.759,0.91309,0.91298,1,1
24.08.2021 01:04:02.860,0.9130700000000002,0.91298,1,1
24.08.2021 01:04:06.913,0.9130700000000002,0.9129700000000002,1.12,1.57
24.08.2021 01:04:23.367,0.9130600000000001,0.9129700000000002,1,1
24.08.2021 01:04:27.374,0.91305,0.91294,3.47,1.69
24.08.2021 01:04:30.907,0.91304,0.91293,1.57,1.57
24.08.2021 01:04:36.572,0.91304,0.91294,1,1.1
24.08.2021 01:04:52.432,0.91304,0.91294,1.5,1.1
24.08.2021 01:04:52.634,0.91304,0.91294,1,1.1
24.08.2021 01:04:53.105,0.91304,0.91293,1.57,1.76
24.08.2021 01:04:53.419,0.91303,0.91293,1,1.1
24.08.2021 01:05:00.886,0.9130200000000002,0.9129200000000001,1.1,1.5
24.08.2021 01:05:28.164,0.91303,0.91293,1.57,1
24.08.2021 01:05:28.366,0.9130200000000002,0.9129200000000001,1,1.57
24.08.2021 01:05:33.581,0.9130200000000002,0.9129200000000001,1,1.6
24.08.2021 01:05:51.216,0.9130200000000002,0.9129200000000001,1,1.57
24.08.2021 01:05:54.527,0.91303,0.91293,1.1,1
24.08.2021 01:05:54.680,0.91304,0.91294,1.1,1
24.08.2021 01:05:55.936,0.91305,0.91295,1.01,1
24.08.2021 01:05:56.038,0.91304,0.91294,1,1.57
24.08.2021 01:06:00.903,0.91304,0.91295,1,1
24.08.2021 01:06:01.684,0.91303,0.91295,1,1
24.08.2021 01:06:04.454,0.91305,0.91293,1,2.72
24.08.2021 01:06:13.793,0.91304,0.91294,1,1.57
24.08.2021 01:06:14.096,0.91303,0.91294,1,1.1
24.08.2021 01:06:15.144,0.91303,0.91293,1,2.7
24.08.2021 01:07:04.598,0.91303,0.91294,1,1
24.08.2021 01:07:09.086,0.91304,0.91294,1.1,1
24.08.2021 01:07:12.536,0.91304,0.91293,1.57,1.57
24.08.2021 01:08:04.087,0.91303,0.91293,1,1.5
24.08.2021 01:08:59.088,0.91303,0.9129200000000001,1.57,2.32
24.08.2021 01:09:01.124,0.91303,0.9129200000000001,1.5,3.85
24.08.2021 01:09:02.127,0.91303,0.9129200000000001,1.57,2.32
24.08.2021 01:09:02.477,0.91303,0.9129200000000001,1.5,3.85
24.08.2021 01:09:12.596,0.91303,0.9129200000000001,1.57,2.51
24.08.2021 01:09:12.800,0.91303,0.91293,1.5,1.01
24.08.2021 01:09:38.580,0.91303,0.9129200000000001,1.57,2.51
24.08.2021 01:09:54.130,0.91303,0.91293,1.57,1
24.08.2021 01:09:59.680,0.9130200000000002,0.91293,1.1,1
24.08.2021 01:09:59.731,0.9130200000000002,0.9129100000000001,1.76,2.32
24.08.2021 01:09:59.834,0.9130200000000002,0.9129100000000001,3.29,2.25
24.08.2021 01:09:59.986,0.9130200000000002,0.9129100000000001,3.26,2.32
24.08.2021 01:10:02.366,0.9130200000000002,0.9129100000000001,4.04,2.25
24.08.2021 01:11:12.134,0.9130100000000001,0.9129100000000001,1.5,3.29
24.08.2021 01:11:12.250,0.9130100000000001,0.9129100000000001,1.5,3.26
24.08.2021 01:11:12.402,0.9130100000000001,0.9129100000000001,1.5,3.29
24.08.2021 01:11:16.808,0.9130100000000001,0.9129100000000001,1.5,2.51
24.08.2021 01:11:21.192,0.9130100000000001,0.9129100000000001,1.5,2.54
24.08.2021 01:11:21.839,0.9130100000000001,0.9129100000000001,1.5,2.51
24.08.2021 01:11:23.223,0.9130100000000001,0.9129100000000001,1.5,2.54
24.08.2021 01:11:23.371,0.9130100000000001,0.9129100000000001,1.5,2.51
24.08.2021 01:11:36.885,0.9130100000000001,0.9129100000000001,1.5,1.79
24.08.2021 01:11:37.036,0.9130200000000002,0.9129,1.5,1.76
24.08.2021 01:11:37.138,0.9130100000000001,0.9129100000000001,1.5,1.79
24.08.2021 01:11:37.712,0.9130100000000001,0.9129100000000001,1.5,1.76
24.08.2021 01:12:16.872,0.9130100000000001,0.9129200000000001,1,1
24.08.2021 01:12:44.704,0.9130200000000002,0.9129200000000001,1.87,1
24.08.2021 01:12:52.280,0.913,0.9129,1.5,1.76
24.08.2021 01:12:54.394,0.91299,0.9129,1,1
24.08.2021 01:13:00.548,0.91298,0.91289,1,1.1
24.08.2021 01:13:16.845,0.9129600000000001,0.9128600000000001,1.5,1.57
24.08.2021 01:13:16.997,0.91295,0.9128600000000001,1,1
24.08.2021 01:13:27.790,0.91295,0.91285,1.5,1.57
24.08.2021 01:13:56.125,0.91295,0.9128600000000001,1,1
24.08.2021 01:14:19.947,0.91295,0.9128700000000001,1,1
24.08.2021 01:14:34.780,0.91295,0.91285,1,2.76
24.08.2021 01:14:34.985,0.9129600000000001,0.9128600000000001,1,2.51
24.08.2021 01:14:35.087,0.9129700000000002,0.9128600000000001,1,2.89
24.08.2021 01:14:35.188,0.9129700000000002,0.9128700000000001,1,1.12
24.08.2021 01:14:35.701,0.91298,0.9128700000000001,1.1,1.12
24.08.2021 01:14:43.177,0.91299,0.9128600000000001,1,1.22
24.08.2021 01:14:56.207,0.91298,0.9128700000000001,1,1.12
24.08.2021 01:15:03.227,0.91298,0.9128600000000001,1,2.81
24.08.2021 01:15:07.150,0.91298,0.9128600000000001,1,2.91
24.08.2021 01:15:14.087,0.913,0.9128700000000001,1,1.1
24.08.2021 01:15:14.193,0.91299,0.91288,1,1.6
24.08.2021 01:15:14.535,0.91299,0.91288,1,1.57
24.08.2021 01:15:18.470,0.91298,0.91288,1,1
24.08.2021 01:15:20.025,0.91298,0.9128600000000001,1,2.16
24.08.2021 01:15:39.114,0.9129700000000002,0.9128600000000001,1,1.6
24.08.2021 01:15:57.843,0.91298,0.9128700000000001,1,1
24.08.2021 01:16:02.690,0.9129700000000002,0.9128700000000001,1.95,1
24.08.2021 01:16:02.792,0.9129700000000002,0.9128700000000001,2.16,1
24.08.2021 01:16:02.843,0.9129600000000001,0.91285,1.57,1.01
24.08.2021 01:16:02.945,0.91295,0.91285,1.1,1
24.08.2021 01:16:08.332,0.91295,0.91284,1.95,1.01
24.08.2021 01:16:21.817,0.9129600000000001,0.9128600000000001,1.57,1
24.08.2021 01:16:21.918,0.9129700000000002,0.9128600000000001,1,1
24.08.2021 01:16:22.019,0.9129600000000001,0.91288,1,1
24.08.2021 01:16:22.070,0.91298,0.91288,1.95,1
24.08.2021 01:16:23.821,0.91298,0.91288,1.97,1
24.08.2021 01:16:24.625,0.91298,0.91288,1.95,1
24.08.2021 01:16:25.159,0.91298,0.91288,1.97,1
24.08.2021 01:16:25.260,0.91298,0.91288,1.95,1
24.08.2021 01:16:30.201,0.91298,0.91288,1,1.35
24.08.2021 01:16:30.488,0.91298,0.91288,1,1.01
24.08.2021 01:16:32.261,0.91298,0.91288,1,1.35
24.08.2021 01:16:32.362,0.91298,0.91288,1,1.01
24.08.2021 01:16:41.004,0.91298,0.91288,1,1.1
24.08.2021 01:16:41.108,0.91299,0.9128700000000001,1,1.1
24.08.2021 01:16:42.912,0.91298,0.91288,1,1.1
24.08.2021 01:16:43.484,0.91298,0.91288,1,1.1
24.08.2021 01:16:47.104,0.91298,0.91288,1,1.1
24.08.2021 01:16:49.619,0.91298,0.91288,1,1.1
24.08.2021 01:17:17.048,0.91299,0.91289,1.57,1
24.08.2021 01:17:40.599,0.91298,0.91289,1,1
24.08.2021 01:17:59.878,0.91299,0.91289,2.89,1
24.08.2021 01:18:00.089,0.91299,0.91289,2.16,1
24.08.2021 01:18:03.310,0.9129700000000002,0.9128700000000001,1,1.1
24.08.2021 01:18:06.162,0.9129600000000001,0.9128600000000001,1,1.1
24.08.2021 01:18:06.482,0.9129600000000001,0.91284,1,1.1
24.08.2021 01:18:45.442,0.91295,0.91285,1,1.1
24.08.2021 01:18:45.543,0.91295,0.91285,1.5,1.57
24.08.2021 01:19:12.098,0.91294,0.91285,1,1.5
24.08.2021 01:19:39.459,0.91295,0.91285,1.5,1.1
24.08.2021 01:19:55.983,0.91295,0.9128700000000001,1,1.1
24.08.2021 01:19:56.135,0.9129700000000002,0.9128700000000001,1.5,1.1
24.08.2021 01:19:56.236,0.9129700000000002,0.91289,1,1
24.08.2021 01:20:00.127,0.91298,0.9128700000000001,1.5,1.41
24.08.2021 01:20:00.868,0.9129700000000002,0.9128700000000001,1,1.01
24.08.2021 01:20:02.354,0.91295,0.9128600000000001,1,1.01
24.08.2021 01:20:46.790,0.91295,0.91285,3.07,1
24.08.2021 01:20:46.891,0.91295,0.91284,1,1
24.08.2021 01:20:47.043,0.91293,0.91285,1,1
24.08.2021 01:20:51.437,0.91293,0.91284,1,1
24.08.2021 01:20:51.538,0.91293,0.9128299999999999,1,1.57
24.08.2021 01:20:52.300,0.9129200000000001,0.9128200000000001,1.5,1.95
24.08.2021 01:20:52.401,0.9129100000000001,0.9128100000000001,1.5,1.57
24.08.2021 01:20:53.791,0.9129,0.9128100000000001,1,1.5
24.08.2021 01:21:02.791,0.91289,0.9127799999999999,1.57,1.76
24.08.2021 01:21:02.893,0.91288,0.9127700000000001,1.57,2.32
24.08.2021 01:21:02.994,0.9128700000000001,0.9127700000000001,1,1.57
24.08.2021 01:21:03.045,0.91289,0.91279,2.62,1.57
24.08.2021 01:21:03.147,0.91289,0.9128000000000001,1,1.5
24.08.2021 01:21:03.249,0.9129,0.9128000000000001,1.5,1.57
24.08.2021 01:21:11.690,0.9129100000000001,0.9128200000000001,1.69,1.1
24.08.2021 01:21:11.791,0.9129200000000001,0.9128200000000001,1,3.26
24.08.2021 01:21:11.892,0.91293,0.9128200000000001,1,1.1
24.08.2021 01:21:12.323,0.91293,0.9128299999999999,2.25,1.1
24.08.2021 01:21:43.673,0.91294,0.91284,1.57,1
24.08.2021 01:21:43.825,0.9129600000000001,0.9128600000000001,1.1,1
24.08.2021 01:21:49.538,0.9129600000000001,0.9128600000000001,1,3.29
24.08.2021 01:21:49.640,0.9129700000000002,0.9128700000000001,1.5,1.1
24.08.2021 01:21:49.741,0.91298,0.91289,1.1,1
24.08.2021 01:21:52.767,0.91298,0.9128600000000001,1,1.01
24.08.2021 01:21:52.868,0.9129600000000001,0.9128600000000001,1.5,1.76
24.08.2021 01:21:54.865,0.91295,0.91285,1,2.51
24.08.2021 01:22:00.264,0.91295,0.91285,1,2.54
24.08.2021 01:22:02.106,0.91295,0.91285,1,2.51
24.08.2021 01:22:15.769,0.91295,0.9128600000000001,2.25,1
24.08.2021 01:22:15.874,0.9129600000000001,0.91284,1,1.1
24.08.2021 01:22:26.757,0.91295,0.91284,1,1.1
24.08.2021 01:23:30.920,0.91295,0.91285,2.25,1.1
24.08.2021 01:23:50.067,0.91294,0.91284,1,1.57
24.08.2021 01:24:47.417,0.91294,0.91284,1.5,4.07
24.08.2021 01:24:48.010,0.91294,0.91284,1.5,1.76
24.08.2021 01:24:53.625,0.91295,0.91284,1.5,1.25
24.08.2021 01:25:05.132,0.91294,0.91284,2.25,1.76
24.08.2021 01:25:35.558,0.91293,0.91284,1,1
24.08.2021 01:25:48.847,0.91294,0.91284,1.95,1
24.08.2021 01:26:17.569,0.91293,0.91284,1,1.57
24.08.2021 01:26:36.230,0.91293,0.9128299999999999,1.69,1.57
24.08.2021 01:26:50.046,0.9129200000000001,0.9128299999999999,1,1
24.08.2021 01:26:50.148,0.9129200000000001,0.9128200000000001,2.5,1.57
24.08.2021 01:26:52.611,0.91294,0.9128299999999999,2.51,1.6
24.08.2021 01:27:17.289,0.9129200000000001,0.9128299999999999,1,1.1
24.08.2021 01:27:17.339,0.9129200000000001,0.9128200000000001,1.5,1
24.08.2021 01:27:17.697,0.9129100000000001,0.9128100000000001,1,1.6
24.08.2021 01:27:19.304,0.9129200000000001,0.9128000000000001,1.57,1.1
24.08.2021 01:27:19.405,0.9129100000000001,0.9128000000000001,1.25,1
24.08.2021 01:27:19.804,0.91289,0.9128000000000001,1.1,1
24.08.2021 01:27:19.906,0.91288,0.9127700000000001,1.69,1.97
24.08.2021 01:27:20.007,0.9128700000000001,0.9127600000000001,1.69,2.51
24.08.2021 01:27:21.100,0.9128700000000001,0.9127500000000001,1.69,4.39
24.08.2021 01:27:25.560,0.9128600000000001,0.9127500000000001,1,1.25
24.08.2021 01:27:25.662,0.91285,0.91274,1,2.14
24.08.2021 01:27:26.025,0.91285,0.91274,1.1,2.54
24.08.2021 01:27:39.614,0.91284,0.91274,1.76,1.1
24.08.2021 01:27:39.715,0.91284,0.9127200000000001,1,1
24.08.2021 01:27:39.867,0.9128200000000001,0.9127200000000001,1.69,1.12
24.08.2021 01:28:30.891,0.9128299999999999,0.9127200000000001,2.44,1.1
24.08.2021 01:29:11.464,0.9128299999999999,0.9127200000000001,2.44,2.35
24.08.2021 01:29:11.515,0.9128299999999999,0.9127500000000001,1.25,1.1
24.08.2021 01:29:11.565,0.91285,0.9127500000000001,1.25,1.22
24.08.2021 01:29:11.667,0.9128700000000001,0.9127700000000001,1.76,1.1
24.08.2021 01:29:40.173,0.9128600000000001,0.9127600000000001,1.25,1.12
24.08.2021 01:29:48.682,0.9128700000000001,0.9127700000000001,2.5,1
24.08.2021 01:29:54.647,0.91288,0.9127600000000001,1.69,1.1
24.08.2021 01:30:24.274,0.9128700000000001,0.9127700000000001,2.5,1
24.08.2021 01:30:37.204,0.9128700000000001,0.9127700000000001,1.69,1
24.08.2021 01:30:43.685,0.9128700000000001,0.9127600000000001,1.25,1.87
24.08.2021 01:30:52.247,0.91288,0.9127799999999999,2.5,1
24.08.2021 01:30:52.348,0.91288,0.91279,1,1
24.08.2021 01:30:52.450,0.9129,0.9128000000000001,1.69,1
24.08.2021 01:30:58.362,0.9129200000000001,0.9128200000000001,1.75,1.2
24.08.2021 01:30:58.464,0.9129200000000001,0.9128200000000001,1,2.32
24.08.2021 01:30:59.601,0.9129100000000001,0.9128100000000001,1,1.1
24.08.2021 01:31:01.293,0.9129,0.9128000000000001,1,1
24.08.2021 01:31:21.914,0.9129100000000001,0.91279,3.26,1.76
24.08.2021 01:31:24.752,0.9129,0.9127799999999999,2.51,2.44
24.08.2021 01:31:25.005,0.91289,0.9127700000000001,2.51,2.44
24.08.2021 01:31:28.868,0.9128700000000001,0.9127700000000001,1,2.25
24.08.2021 01:31:38.549,0.9128700000000001,0.9127799999999999,1,1
24.08.2021 01:31:38.752,0.91289,0.9127700000000001,1.5,1.5
24.08.2021 01:32:02.381,0.91288,0.91279,1,1
24.08.2021 01:32:02.482,0.91289,0.9128000000000001,1,1
24.08.2021 01:32:03.415,0.91289,0.9128100000000001,1,1
24.08.2021 01:32:40.545,0.9129200000000001,0.91284,3.19,1
24.08.2021 01:32:45.230,0.9129100000000001,0.91284,1,1
24.08.2021 01:32:45.281,0.91289,0.9128100000000001,1.69,1
24.08.2021 01:32:45.382,0.91288,0.9128000000000001,1.5,1
24.08.2021 01:32:53.224,0.9128700000000001,0.9128000000000001,1,1
24.08.2021 01:33:11.922,0.9128700000000001,0.9128100000000001,1,1
24.08.2021 01:33:12.024,0.91288,0.9128100000000001,1.69,1
24.08.2021 01:33:17.624,0.91288,0.9128000000000001,1.69,1
24.08.2021 01:35:09.960,0.91288,0.91279,2.25,1.1
24.08.2021 01:35:10.062,0.9128700000000001,0.91279,1,1
24.08.2021 01:35:17.763,0.9128700000000001,0.9127799999999999,1.5,1.1
24.08.2021 01:35:34.171,0.91288,0.9127799999999999,2.51,1.1
24.08.2021 01:35:37.027,0.9128700000000001,0.9127700000000001,1,1.1
24.08.2021 01:36:21.566,0.9128700000000001,0.9127799999999999,1.25,1
24.08.2021 01:36:22.456,0.91288,0.9127799999999999,1.25,2.25
24.08.2021 01:36:22.557,0.9129200000000001,0.9128200000000001,2.51,3.07
24.08.2021 01:36:22.658,0.91293,0.9128299999999999,1.76,1.57
24.08.2021 01:36:48.516,0.9129200000000001,0.9128200000000001,2.51,1.57
24.08.2021 01:36:48.618,0.9129100000000001,0.9128100000000001,2.44,1.5
24.08.2021 01:36:51.514,0.9129100000000001,0.9128200000000001,2.44,1
24.08.2021 01:36:51.716,0.9129100000000001,0.9128100000000001,2.44,1.5
24.08.2021 01:36:59.023,0.9129,0.9128000000000001,2.44,1
24.08.2021 01:37:03.005,0.9129,0.9128000000000001,2.5,1
24.08.2021 01:37:19.085,0.9129,0.91279,1.75,1.57
24.08.2021 01:37:43.392,0.91289,0.91279,1.79,1.5
24.08.2021 01:37:43.494,0.91288,0.9127799999999999,2.32,1.57
24.08.2021 01:37:43.595,0.9128700000000001,0.9127799999999999,1,1.1
24.08.2021 01:38:43.630,0.91288,0.9127799999999999,2.25,1.5
24.08.2021 01:38:49.202,0.9128700000000001,0.9127799999999999,1,1
24.08.2021 01:38:50.743,0.91288,0.9127799999999999,2.25,1.5
24.08.2021 01:39:06.464,0.9128700000000001,0.9127799999999999,1,1
24.08.2021 01:39:13.190,0.9128700000000001,0.91279,1,1
24.08.2021 01:39:13.242,0.91289,0.9128000000000001,1.25,1.1
24.08.2021 01:39:13.344,0.9129,0.9128100000000001,1.57,1
24.08.2021 01:39:13.445,0.9129100000000001,0.9128200000000001,1,1
24.08.2021 01:39:20.499,0.9129100000000001,0.9128100000000001,3.19,1
24.08.2021 01:39:20.600,0.9129,0.9128100000000001,1,1
24.08.2021 01:39:20.701,0.9129,0.9128000000000001,1.5,1.57
24.08.2021 01:39:40.264,0.9129,0.9128000000000001,1.5,2.35
24.08.2021 01:39:40.417,0.9129100000000001,0.9128200000000001,1.5,1
24.08.2021 01:39:54.394,0.91294,0.91284,2.51,1.5
24.08.2021 01:40:00.471,0.91294,0.91284,2.57,1.5
24.08.2021 01:40:00.573,0.91293,0.9128299999999999,1.25,1.57
24.08.2021 01:40:07.474,0.91293,0.9128299999999999,2.5,1.5
24.08.2021 01:40:14.194,0.9129200000000001,0.9128200000000001,2.57,1
24.08.2021 01:40:14.346,0.9129100000000001,0.9128100000000001,1.69,1.57
24.08.2021 01:40:37.145,0.91289,0.91279,2.51,2.25
24.08.2021 01:40:37.246,0.91288,0.91279,1.82,1
24.08.2021 01:40:44.305,0.91288,0.91279,1.01,1
24.08.2021 01:40:59.836,0.91288,0.91279,1.35,1
24.08.2021 01:41:02.639,0.9128700000000001,0.91279,1.25,1
24.08.2021 01:41:16.808,0.9128700000000001,0.9127799999999999,1.75,1
24.08.2021 01:42:02.782,0.9128700000000001,0.9127799999999999,1.1,1
24.08.2021 01:42:05.160,0.91289,0.9127700000000001,2.44,1.57
24.08.2021 01:42:22.569,0.9128700000000001,0.9127799999999999,1.25,1.5
24.08.2021 01:43:23.801,0.91288,0.9127799999999999,1.5,1
24.08.2021 01:43:30.394,0.9128700000000001,0.9127799999999999,1.25,1
24.08.2021 01:46:14.161,0.91288,0.9127799999999999,3.26,1
24.08.2021 01:46:54.184,0.91284,0.9127500000000001,1.69,1.95
24.08.2021 01:46:56.233,0.91285,0.9127600000000001,1.69,1.1
24.08.2021 01:46:56.365,0.91285,0.9127700000000001,1.25,1
24.08.2021 01:46:58.822,0.91288,0.9127600000000001,1.76,2.32
24.08.2021 01:46:59.024,0.9128700000000001,0.9127700000000001,1.69,2.35
24.08.2021 01:47:06.097,0.91288,0.9127799999999999,1.57,1.57
24.08.2021 01:48:04.018,0.91288,0.91279,1,1.1
24.08.2021 01:48:09.697,0.91289,0.91279,2.51,1.1
24.08.2021 01:48:10.185,0.91289,0.91284,1.69,1
24.08.2021 01:48:11.658,0.91293,0.9128600000000001,1.01,1
24.08.2021 01:48:11.760,0.91293,0.9128700000000001,1.01,1
24.08.2021 01:48:11.811,0.91294,0.91289,1.69,1
24.08.2021 01:48:26.508,0.91294,0.91288,1.69,1
24.08.2021 01:48:29.784,0.91294,0.9128299999999999,2.54,2.07
24.08.2021 01:48:31.434,0.91294,0.91288,2.44,1
24.08.2021 01:48:34.263,0.91294,0.9128299999999999,2.54,2.07
24.08.2021 01:48:34.404,0.91295,0.9128700000000001,2.44,1
24.08.2021 01:48:40.773,0.91295,0.9128200000000001,2.54,2.07
24.08.2021 01:48:42.902,0.91294,0.91288,2.44,1
24.08.2021 01:48:44.011,0.91294,0.91289,2.44,1
24.08.2021 01:48:52.267,0.91295,0.9128700000000001,2.44,1
24.08.2021 01:48:55.516,0.91294,0.9128299999999999,1.6,2.26
24.08.2021 01:48:56.498,0.91294,0.91289,1.5,1
24.08.2021 01:48:59.522,0.91294,0.91289,1.6,1
24.08.2021 01:49:00.055,0.91294,0.9128299999999999,1.6,2.26
24.08.2021 01:49:00.156,0.9129200000000001,0.9128700000000001,1.25,1
24.08.2021 01:49:00.258,0.9129200000000001,0.9128200000000001,1,1.5
24.08.2021 01:49:00.359,0.91293,0.9128299999999999,1.25,1.5
24.08.2021 01:49:03.903,0.91295,0.91289,7.01,1
24.08.2021 01:49:06.362,0.91295,0.91289,7.07,1
24.08.2021 01:49:06.413,0.91293,0.9128299999999999,1.25,1.12
24.08.2021 01:49:12.913,0.91295,0.91289,6.82,1
24.08.2021 01:49:18.815,0.91295,0.91289,3.25,1
24.08.2021 01:49:21.941,0.91293,0.9128299999999999,1,1
24.08.2021 01:49:24.926,0.9129100000000001,0.91284,1.97,1
24.08.2021 01:49:24.977,0.9129100000000001,0.9128100000000001,1,1.2
24.08.2021 01:49:25.028,0.9129200000000001,0.91285,1,1
24.08.2021 01:49:27.994,0.91294,0.91288,5.81,1
24.08.2021 01:49:28.045,0.9129100000000001,0.9128100000000001,1,1.6
24.08.2021 01:49:28.098,0.91293,0.9128299999999999,1.1,1
24.08.2021 01:49:28.200,0.91293,0.9128000000000001,1,1.75
24.08.2021 01:49:31.996,0.91295,0.91289,4.76,1
24.08.2021 01:49:32.828,0.9129600000000001,0.91289,1.2,1
24.08.2021 01:49:32.930,0.9129700000000002,0.9129,1,1
24.08.2021 01:49:35.924,0.9129600000000001,0.9128600000000001,1.1,1
24.08.2021 01:49:36.903,0.9129600000000001,0.9129100000000001,1,1
24.08.2021 01:49:41.849,0.91298,0.9129,5.32,1
24.08.2021 01:49:42.434,0.91295,0.91285,1,1.31
24.08.2021 01:49:44.381,0.91295,0.9129,1,1
24.08.2021 01:49:48.931,0.9129700000000002,0.9129100000000001,4.2,1
24.08.2021 01:49:54.951,0.91295,0.91285,1,1.31
24.08.2021 01:49:57.936,0.9129700000000002,0.9129100000000001,5.32,1
24.08.2021 01:50:04.192,0.9129600000000001,0.91284,1,1.31
24.08.2021 01:50:06.934,0.9129700000000002,0.9129100000000001,5.32,1
24.08.2021 01:50:16.080,0.91295,0.9129100000000001,1,1
24.08.2021 01:50:16.411,0.9129600000000001,0.91284,1,2.12
24.08.2021 01:50:18.737,0.9129600000000001,0.9129100000000001,1,1
24.08.2021 01:51:40.030,0.9129700000000002,0.9129100000000001,1.1,1
24.08.2021 01:53:07.839,0.9129600000000001,0.9129100000000001,1,1
24.08.2021 01:53:12.477,0.9129700000000002,0.9129100000000001,1.95,1
24.08.2021 01:53:21.886,0.9129600000000001,0.9129100000000001,1,1
24.08.2021 01:53:23.047,0.9129700000000002,0.9129100000000001,1.57,1
24.08.2021 01:53:30.622,0.913,0.91294,1.12,1
24.08.2021 01:53:30.672,0.9130200000000002,0.9129200000000001,2.47,1.25
24.08.2021 01:53:30.774,0.9130200000000002,0.9129700000000002,1,1
24.08.2021 01:53:39.887,0.91303,0.9129700000000002,1,1
24.08.2021 01:53:42.953,0.91304,0.91298,1,1
24.08.2021 01:53:43.105,0.91305,0.91299,1.1,1
24.08.2021 01:53:48.503,0.91305,0.913,1,1
24.08.2021 01:54:15.809,0.91305,0.91299,1,1
24.08.2021 01:54:50.351,0.91303,0.9129700000000002,1.1,1
24.08.2021 01:54:50.453,0.9130200000000002,0.9129700000000002,1,1
24.08.2021 01:54:51.466,0.91303,0.9129700000000002,1.1,1
24.08.2021 01:55:18.985,0.91303,0.9129600000000001,1.1,1
24.08.2021 01:55:22.767,0.91303,0.91293,1.6,1.25
24.08.2021 01:55:22.970,0.91303,0.9129600000000001,1.1,1
24.08.2021 01:55:27.264,0.9130200000000002,0.91293,1.1,1
24.08.2021 01:55:27.366,0.9130100000000001,0.91294,1.6,1
24.08.2021 01:55:27.518,0.9130100000000001,0.91293,1.6,1
24.08.2021 01:55:55.027,0.9130100000000001,0.91293,1.57,1
24.08.2021 01:56:18.864,0.91298,0.9129,1.95,1
24.08.2021 01:56:32.032,0.91298,0.9129200000000001,1.1,1
24.08.2021 01:56:32.845,0.9129700000000002,0.9129100000000001,1.1,1
24.08.2021 01:56:35.382,0.9129700000000002,0.9129,1.1,1
24.08.2021 01:56:37.233,0.91298,0.9129100000000001,1.1,1
24.08.2021 01:56:41.681,0.91299,0.9129200000000001,1,1
24.08.2021 01:56:41.783,0.913,0.91293,1.1,1
24.08.2021 01:56:51.718,0.913,0.9129200000000001,1.57,1
24.08.2021 01:56:59.037,0.913,0.91293,1.57,1
24.08.2021 01:57:39.891,0.9130200000000002,0.91295,1,1
24.08.2021 01:57:39.993,0.91304,0.9129600000000001,1.57,1
24.08.2021 01:57:54.766,0.91305,0.9129700000000002,1.1,1
24.08.2021 01:58:49.994,0.9130600000000001,0.9129700000000002,1.57,1
24.08.2021 01:58:50.147,0.9130700000000002,0.9129700000000002,1.1,1
24.08.2021 01:58:58.962,0.91309,0.9130100000000001,1,1
24.08.2021 01:58:59.064,0.9131200000000002,0.9130200000000002,2.25,1.69
24.08.2021 01:58:59.114,0.9131200000000002,0.91305,1,1
24.08.2021 01:58:59.216,0.9131400000000001,0.91304,1.1,1
24.08.2021 01:59:01.824,0.9131200000000002,0.91305,1,1
24.08.2021 01:59:01.925,0.91313,0.91303,1,1
24.08.2021 01:59:02.027,0.9131200000000002,0.91303,1.1,1
24.08.2021 01:59:02.796,0.9131100000000001,0.91303,1.57,1
24.08.2021 01:59:02.948,0.9131100000000001,0.9130200000000002,1.57,1
24.08.2021 01:59:09.464,0.9131100000000001,0.91303,1.5,1
24.08.2021 01:59:33.413,0.9131200000000002,0.91304,1,1.25
24.08.2021 01:59:33.515,0.9131400000000001,0.91305,1.57,1
24.08.2021 01:59:40.625,0.9131400000000001,0.9130600000000001,1.57,1
24.08.2021 01:59:41.774,0.9131600000000001,0.91309,1.87,1
24.08.2021 01:59:41.876,0.9131900000000001,0.91308,1,1
24.08.2021 01:59:41.927,0.9132,0.9131100000000001,1.87,1
24.08.2021 01:59:43.176,0.9132,0.9131200000000002,1,1
24.08.2021 01:59:43.479,0.9132100000000001,0.9131200000000002,1,1
24.08.2021 01:59:48.427,0.9132200000000001,0.91313,1,1.5
24.08.2021 01:59:48.528,0.9132200000000001,0.9131400000000001,1,1
24.08.2021 02:00:01.653,0.9132100000000001,0.9131400000000001,1,1
24.08.2021 02:00:08.593,0.9132,0.9131400000000001,1,1
24.08.2021 02:00:12.807,0.9132100000000001,0.9131400000000001,1,1
24.08.2021 02:00:25.695,0.9132,0.9131400000000001,1,1
24.08.2021 02:00:31.040,0.9132200000000001,0.9131400000000001,1.5,1
24.08.2021 02:00:50.736,0.9132100000000001,0.9131400000000001,1,1
24.08.2021 02:01:23.093,0.9132200000000001,0.9131400000000001,1,1
24.08.2021 02:01:26.004,0.9132200000000001,0.91313,1,1
24.08.2021 02:01:58.626,0.9132100000000001,0.91315,1,1
24.08.2021 02:02:01.274,0.9132200000000001,0.91315,1,1
24.08.2021 02:02:13.996,0.91323,0.9131600000000001,1.12,1
24.08.2021 02:02:14.097,0.91329,0.9131900000000001,1.87,1
24.08.2021 02:02:14.199,0.9133100000000001,0.9132,3.37,1
24.08.2021 02:02:14.300,0.9133,0.9132200000000001,1.5,1
24.08.2021 02:02:14.401,0.91329,0.9132200000000001,1,1
24.08.2021 02:02:14.980,0.9133,0.9132200000000001,1,1
24.08.2021 02:02:15.516,0.9133200000000001,0.91323,1.5,1
24.08.2021 02:02:18.537,0.9133100000000001,0.91323,1,1
24.08.2021 02:02:22.706,0.9133200000000001,0.9132100000000001,1,1
24.08.2021 02:02:44.793,0.9133100000000001,0.91323,1,1
24.08.2021 02:02:56.527,0.91335,0.91328,3.12,1
24.08.2021 02:02:56.629,0.91338,0.91329,1.62,1.1
24.08.2021 02:02:56.730,0.91338,0.9133,1.12,1
24.08.2021 02:03:00.894,0.91338,0.91329,1,1.1
24.08.2021 02:03:01.567,0.9133700000000001,0.91329,1,1
24.08.2021 02:03:26.032,0.91339,0.91328,1,1.1
24.08.2021 02:03:26.135,0.91339,0.9133,1.87,1
24.08.2021 02:03:26.237,0.91341,0.91334,1,1
24.08.2021 02:03:26.339,0.9134200000000001,0.91334,1.12,1
24.08.2021 02:03:26.441,0.91344,0.9133600000000001,1.5,1
24.08.2021 02:03:26.594,0.91346,0.91335,1,1
24.08.2021 02:03:26.697,0.9134500000000001,0.9133700000000001,1,1
24.08.2021 02:03:37.162,0.91346,0.9133700000000001,1.5,1.1
24.08.2021 02:03:38.314,0.9134500000000001,0.9133700000000001,1,1.1
24.08.2021 02:03:50.256,0.9134500000000001,0.91338,1,1
24.08.2021 02:03:52.999,0.9134500000000001,0.91339,1,1
24.08.2021 02:03:53.050,0.9134700000000001,0.91339,1,1
24.08.2021 02:03:53.152,0.91348,0.91339,1,1
24.08.2021 02:03:53.255,0.9134700000000001,0.91339,1,1
24.08.2021 02:04:00.244,0.9134700000000001,0.91338,1,1
24.08.2021 02:04:48.210,0.9134700000000001,0.91339,1.87,1
24.08.2021 02:05:04.155,0.9134700000000001,0.9134,1.5,1
24.08.2021 02:05:12.911,0.9134700000000001,0.91339,1.5,1
24.08.2021 02:05:20.006,0.91346,0.91339,1,1
24.08.2021 02:05:27.283,0.91346,0.91338,2.25,1
24.08.2021 02:05:41.018,0.91341,0.91334,1,1
24.08.2021 02:06:09.873,0.91343,0.9133600000000001,1,1
24.08.2021 02:06:09.974,0.9134500000000001,0.91338,1.12,1
24.08.2021 02:06:37.635,0.91346,0.91338,1.5,1
24.08.2021 02:06:41.505,0.9134500000000001,0.91338,1,1
24.08.2021 02:06:55.312,0.91346,0.91338,1.5,1
24.08.2021 02:07:10.447,0.9134200000000001,0.91334,1,1.1
24.08.2021 02:07:10.498,0.91343,0.91334,1.87,1.1
24.08.2021 02:07:11.152,0.91344,0.91334,1.69,1
24.08.2021 02:07:16.491,0.91344,0.91335,1.69,1
24.08.2021 02:07:30.410,0.9134200000000001,0.9133,3.75,1.97
24.08.2021 02:07:30.512,0.91341,0.9133100000000001,2.25,1.57
24.08.2021 02:07:30.613,0.9134,0.91329,1.87,1.6
24.08.2021 02:07:30.715,0.9134,0.91328,1,1.6
24.08.2021 02:07:30.816,0.91338,0.91329,1,1.1
24.08.2021 02:07:31.303,0.91338,0.91329,1,1.1
24.08.2021 02:07:34.105,0.91338,0.9132700000000001,1.5,1.1
24.08.2021 02:07:34.206,0.9133700000000001,0.91328,1.5,1.1
24.08.2021 02:07:36.041,0.9133700000000001,0.9132700000000001,1.12,1.1
24.08.2021 02:07:46.973,0.9133600000000001,0.91329,1.87,1
24.08.2021 02:07:53.806,0.9133700000000001,0.91329,1,1.1
24.08.2021 02:07:53.909,0.91338,0.9133,1,1
24.08.2021 02:07:54.010,0.9134,0.9133200000000001,1,1
24.08.2021 02:07:54.714,0.91339,0.9133100000000001,1,1.1
24.08.2021 02:09:10.581,0.91339,0.9133,1,1
24.08.2021 02:09:12.503,0.9134,0.9133,1.87,1
24.08.2021 02:09:13.157,0.9133700000000001,0.9133100000000001,1,1
24.08.2021 02:09:14.740,0.91339,0.9133100000000001,1.87,1
24.08.2021 02:10:01.265,0.91338,0.9133100000000001,1,1
24.08.2021 02:10:12.581,0.91338,0.9133,1.5,1.01
24.08.2021 02:10:31.018,0.91338,0.9133,1.5,1.35
24.08.2021 02:10:31.407,0.91339,0.91329,1.5,1.1
24.08.2021 02:11:02.378,0.9133700000000001,0.9133,1,1
24.08.2021 02:11:02.479,0.9133700000000001,0.91329,1,1
24.08.2021 02:11:26.543,0.91338,0.9133,1.5,1.1
24.08.2021 02:11:26.644,0.91338,0.9133,1,1.1
24.08.2021 02:11:28.964,0.91338,0.9133,1,1.01
24.08.2021 02:11:39.797,0.9133700000000001,0.9133,1,1
24.08.2021 02:11:39.898,0.9133700000000001,0.91329,1,1
24.08.2021 02:12:01.234,0.9133700000000001,0.91328,1.5,1.1
24.08.2021 02:12:15.598,0.9133600000000001,0.91328,1,1.1
24.08.2021 02:12:19.206,0.9133600000000001,0.9132600000000001,1,1.1
24.08.2021 02:12:19.307,0.91334,0.9132600000000001,1,1.1
24.08.2021 02:12:19.948,0.91333,0.91323,1.5,1
24.08.2021 02:12:26.176,0.9133200000000001,0.91324,1.5,1.1
24.08.2021 02:12:32.363,0.91333,0.91324,1.5,1.1
24.08.2021 02:13:26.323,0.91333,0.91324,1.5,1
24.08.2021 02:14:54.928,0.9133200000000001,0.9132200000000001,1.5,1.6
24.08.2021 02:14:55.030,0.9133100000000001,0.9132200000000001,1,1.1
24.08.2021 02:14:55.132,0.9133100000000001,0.9132200000000001,1,1.1
24.08.2021 02:14:57.698,0.9133100000000001,0.9132200000000001,1,1.1
24.08.2021 02:14:57.799,0.91333,0.9132100000000001,1.5,1.35
24.08.2021 02:14:57.977,0.9133200000000001,0.9132200000000001,1.5,1.79
24.08.2021 02:15:24.953,0.9133200000000001,0.91323,1,1.01
24.08.2021 02:15:25.418,0.91333,0.9132200000000001,1,1.35
24.08.2021 02:15:46.102,0.91333,0.9132200000000001,1,1.1
24.08.2021 02:16:03.727,0.91333,0.91323,1,2.32
24.08.2021 02:16:07.292,0.91333,0.91323,1,2.35
24.08.2021 02:16:55.323,0.91333,0.91323,1,2.35
24.08.2021 02:17:18.440,0.91333,0.91323,1,2.54
24.08.2021 02:17:22.672,0.9133200000000001,0.91323,1,1.35
24.08.2021 02:17:23.949,0.9133100000000001,0.9132100000000001,1,1.6
24.08.2021 02:17:24.051,0.9133,0.9132,1.5,1.79
24.08.2021 02:17:54.343,0.91329,0.9132,1,1.6
24.08.2021 02:17:55.662,0.91328,0.9131900000000001,1,1.6
24.08.2021 02:17:56.365,0.91325,0.9131400000000001,1,1.22
24.08.2021 02:17:56.466,0.91325,0.9131600000000001,1,1.6
24.08.2021 02:18:01.545,0.91325,0.9131600000000001,1.5,1.6
24.08.2021 02:18:02.555,0.91325,0.9131600000000001,1,1.6
24.08.2021 02:18:03.578,0.91325,0.9131600000000001,1.5,1.6
24.08.2021 02:18:04.564,0.91325,0.9131600000000001,1.5,1.6
24.08.2021 02:18:05.544,0.91325,0.9131600000000001,1.5,1.6
24.08.2021 02:18:06.525,0.91325,0.9131600000000001,1.5,1.6
24.08.2021 02:18:56.395,0.9132600000000001,0.91315,1,1.5
24.08.2021 02:19:41.315,0.91323,0.91313,1.5,1.6
24.08.2021 02:19:41.453,0.9132200000000001,0.91313,1,1.35
24.08.2021 02:19:41.605,0.91323,0.9131400000000001,1,1.1
24.08.2021 02:20:11.428,0.91323,0.91313,1.5,2.91
24.08.2021 02:20:11.529,0.9132200000000001,0.91313,1,1.1
24.08.2021 02:20:13.152,0.9132200000000001,0.9131200000000002,1.5,1.57
24.08.2021 02:20:16.858,0.9132200000000001,0.9131200000000002,1.5,1.6
24.08.2021 02:20:50.078,0.91323,0.9131100000000001,1.5,1.79
24.08.2021 02:20:51.788,0.9132200000000001,0.9131200000000002,1.5,3.35
24.08.2021 02:20:55.176,0.9132200000000001,0.9131200000000002,1.5,2.54
24.08.2021 02:21:01.384,0.9132200000000001,0.9131200000000002,1.5,2.54
24.08.2021 02:21:06.594,0.9132200000000001,0.9131200000000002,1.5,1.79
24.08.2021 02:21:13.131,0.91323,0.91313,1.5,1.79
24.08.2021 02:21:34.042,0.9132100000000001,0.9131200000000002,1,1.85
24.08.2021 02:22:16.206,0.9132100000000001,0.9131,1,1.6
24.08.2021 02:22:30.974,0.9132,0.9131100000000001,1,1.79
24.08.2021 02:22:32.158,0.9132,0.9131200000000002,1,1.1
24.08.2021 02:22:56.642,0.9132100000000001,0.9131200000000002,1,1.1
24.08.2021 02:22:56.852,0.9132100000000001,0.9131200000000002,1,1.35
24.08.2021 02:23:19.936,0.91323,0.91313,1.5,1.79
24.08.2021 02:23:34.686,0.9132600000000001,0.9131700000000001,1,1.1
24.08.2021 02:23:34.788,0.9132600000000001,0.9131600000000001,1,2.54
24.08.2021 02:23:34.889,0.9132700000000001,0.9131700000000001,1,1.1
24.08.2021 02:23:34.991,0.91328,0.91318,1.5,1.6
24.08.2021 02:23:58.276,0.91328,0.9131900000000001,1.5,1.1
24.08.2021 02:24:01.460,0.91324,0.9131600000000001,1,1.1
24.08.2021 02:24:01.561,0.9132600000000001,0.91315,1,1.79
24.08.2021 02:24:01.663,0.91325,0.9131600000000001,1,1.79
24.08.2021 02:24:15.092,0.91325,0.9131600000000001,1,1.6
24.08.2021 02:25:15.125,0.9132600000000001,0.91315,1.5,1.5
24.08.2021 02:26:23.141,0.9132600000000001,0.9131600000000001,1,1
24.08.2021 02:26:29.818,0.91325,0.91318,1,1.1
24.08.2021 02:26:29.919,0.9132600000000001,0.9131700000000001,1,2.54
24.08.2021 02:26:30.021,0.9132700000000001,0.9131900000000001,1,1.1
24.08.2021 02:27:20.353,0.9132700000000001,0.9132,1,1.1
24.08.2021 02:28:15.942,0.91328,0.9132,1,1.79
24.08.2021 02:28:20.349,0.91328,0.9132,1,1.69
24.08.2021 02:28:26.727,0.9133,0.9132,1.5,1.5
24.08.2021 02:28:27.299,0.9133,0.9132100000000001,1.5,1
24.08.2021 02:28:27.630,0.9133100000000001,0.9132,1,1.1
24.08.2021 02:28:28.606,0.9133100000000001,0.9132100000000001,1,1.79
24.08.2021 02:28:28.707,0.9133200000000001,0.9132200000000001,1,1.79
24.08.2021 02:28:29.393,0.9133100000000001,0.9132100000000001,1,2.54
24.08.2021 02:28:29.494,0.9133100000000001,0.9132100000000001,1.5,1.79
24.08.2021 02:28:31.148,0.9133100000000001,0.9132100000000001,1.5,1.76
24.08.2021 02:28:44.497,0.9133100000000001,0.9132100000000001,1.5,1.79
24.08.2021 02:28:47.186,0.9133100000000001,0.9132100000000001,1.5,1.76
24.08.2021 02:29:14.918,0.9133100000000001,0.9132100000000001,1.5,1.6
24.08.2021 02:29:15.120,0.9133100000000001,0.9132100000000001,1.5,1.57
24.08.2021 02:29:24.426,0.9133,0.9132100000000001,1,1.1
24.08.2021 02:31:10.938,0.9133100000000001,0.9132100000000001,1.5,1.57
24.08.2021 02:31:12.206,0.9133100000000001,0.9132100000000001,1,1.79
24.08.2021 02:31:12.307,0.9133100000000001,0.9132100000000001,1,1.76
24.08.2021 02:31:13.004,0.9133100000000001,0.9132100000000001,1,1.79
24.08.2021 02:31:13.228,0.9133100000000001,0.9132100000000001,1,1.76
24.08.2021 02:31:13.386,0.9133100000000001,0.9132100000000001,1,1.79
24.08.2021 02:31:13.555,0.9133100000000001,0.9132100000000001,1,1.76
24.08.2021 02:31:16.672,0.9133100000000001,0.9132100000000001,1,1.79
24.08.2021 02:31:18.076,0.9133200000000001,0.9132,1,1.76
24.08.2021 02:31:19.286,0.9133100000000001,0.9132100000000001,1,1.79
24.08.2021 02:31:19.611,0.9133100000000001,0.9132100000000001,1,1.76
24.08.2021 02:31:20.241,0.9133100000000001,0.9132100000000001,1,1.79
24.08.2021 02:31:20.673,0.9133200000000001,0.9132,1,1.76
24.08.2021 02:31:44.355,0.9133100000000001,0.9132100000000001,1,1.79
24.08.2021 02:31:48.025,0.9133100000000001,0.9132100000000001,1,1.76
24.08.2021 02:31:51.591,0.9133100000000001,0.9132100000000001,1,1.79
24.08.2021 02:32:07.902,0.9133100000000001,0.9132100000000001,1,1.76
24.08.2021 02:32:08.046,0.9133100000000001,0.9132100000000001,1,1.79
24.08.2021 02:32:08.480,0.9133100000000001,0.9132100000000001,1,1.76
24.08.2021 02:32:34.054,0.9133,0.9132100000000001,1,1
24.08.2021 02:33:18.008,0.91329,0.9132,1,1.1
24.08.2021 02:33:36.889,0.91329,0.9132100000000001,1,1
24.08.2021 02:34:00.142,0.91329,0.9132,1,1.57
24.08.2021 02:34:32.277,0.91328,0.9132,1,1
24.08.2021 02:34:32.378,0.9132700000000001,0.91318,1,1.57
24.08.2021 02:34:52.134,0.91324,0.91315,2.25,2.81
24.08.2021 02:34:52.236,0.91323,0.91315,1,1.25
24.08.2021 02:34:52.287,0.91323,0.91313,1.87,1.5
24.08.2021 02:35:47.329,0.9132200000000001,0.91313,1,1
24.08.2021 02:36:09.211,0.9132100000000001,0.9131200000000002,1,1.5
24.08.2021 02:36:27.902,0.9132100000000001,0.91313,1.5,1
24.08.2021 02:36:55.119,0.9132100000000001,0.9131200000000002,1.5,1
24.08.2021 02:37:58.804,0.9132100000000001,0.9131100000000001,2.62,1.5
24.08.2021 02:38:06.523,0.9132,0.9131100000000001,1,1.57
24.08.2021 02:41:14.533,0.9132,0.91309,1.5,1.1
24.08.2021 02:41:14.635,0.91318,0.91309,1.25,1.57
24.08.2021 02:41:14.736,0.9131900000000001,0.91309,1.5,2.54
24.08.2021 02:41:46.016,0.9132100000000001,0.91309,2.62,1.57
24.08.2021 02:42:01.318,0.9131900000000001,0.9130700000000002,1.5,1.6
24.08.2021 02:42:01.419,0.9131900000000001,0.9130700000000002,1.5,1.57
24.08.2021 02:42:22.528,0.91318,0.91308,1.5,1.6
24.08.2021 02:42:22.731,0.9131900000000001,0.91309,1,1.6
24.08.2021 02:42:42.313,0.9131900000000001,0.91309,1.5,1.1
24.08.2021 02:42:47.525,0.91318,0.91308,1,1.1
24.08.2021 02:43:04.223,0.9131700000000001,0.9130700000000002,4.12,1
24.08.2021 02:43:04.324,0.91315,0.9130600000000001,1,1.1
24.08.2021 02:43:07.704,0.91315,0.91305,2.06,1
24.08.2021 02:43:07.806,0.9131400000000001,0.91305,1,1
24.08.2021 02:43:07.907,0.9131400000000001,0.91304,2.25,1.1
24.08.2021 02:43:09.438,0.91313,0.91303,1,1.57
24.08.2021 02:43:09.590,0.9131200000000002,0.91303,1.25,1
24.08.2021 02:43:09.894,0.9131200000000002,0.9130100000000001,1.69,1.1
24.08.2021 02:43:13.552,0.9131100000000001,0.9130100000000001,1,1.1
24.08.2021 02:43:13.653,0.9131200000000002,0.9130100000000001,2.62,1.1
24.08.2021 02:43:13.755,0.9131100000000001,0.9130100000000001,1,1.1
24.08.2021 02:43:13.856,0.9131100000000001,0.9130100000000001,1,1.1
24.08.2021 02:43:13.957,0.9131100000000001,0.9130100000000001,1,1.1
24.08.2021 02:43:20.816,0.9131100000000001,0.9130100000000001,1,1.35
24.08.2021 02:43:25.182,0.91313,0.913,1.5,1.35
24.08.2021 02:43:27.052,0.9131100000000001,0.9130100000000001,1,1.79
24.08.2021 02:44:38.115,0.9131100000000001,0.9130200000000002,1,1.1
24.08.2021 02:44:43.177,0.9131200000000002,0.9130200000000002,1.5,1.1
24.08.2021 02:44:58.541,0.9131100000000001,0.9130100000000001,1,1.1
24.08.2021 02:45:01.708,0.9131,0.91299,1,2.35
24.08.2021 02:45:01.759,0.9131,0.91299,1,2.35
24.08.2021 02:45:01.861,0.91309,0.913,1.5,1.6
24.08.2021 02:45:01.963,0.9131,0.9130100000000001,1,1.1
24.08.2021 02:45:02.064,0.9131100000000001,0.9130200000000002,1,1.1
24.08.2021 02:45:02.536,0.91309,0.913,1.5,1.1
24.08.2021 02:45:02.638,0.91309,0.91299,2.25,1.6
24.08.2021 02:45:11.213,0.91309,0.913,1.5,1.1
24.08.2021 02:45:18.174,0.91309,0.913,1.5,1
24.08.2021 02:45:46.504,0.91305,0.91298,1,1.1
24.08.2021 02:45:46.606,0.91305,0.9129700000000002,1,1.95
24.08.2021 02:45:46.708,0.91305,0.91295,1,1.6
24.08.2021 02:45:52.624,0.9130600000000001,0.91298,1,2.35
24.08.2021 02:45:52.727,0.91308,0.913,1.5,1.1
24.08.2021 02:45:52.829,0.91308,0.913,1.5,1.1
24.08.2021 02:46:12.307,0.91308,0.913,1.5,1.1
24.08.2021 02:46:12.459,0.91308,0.913,1.5,1.1
24.08.2021 02:46:12.716,0.91309,0.913,1.5,1.22
24.08.2021 02:46:12.820,0.91309,0.913,1,2.91
24.08.2021 02:46:12.922,0.9131,0.91303,1,1.1
24.08.2021 02:46:17.079,0.9131100000000001,0.91303,1,1.6
24.08.2021 02:46:39.108,0.9131100000000001,0.91303,1,1.57
24.08.2021 02:46:39.858,0.9131100000000001,0.91303,1,1.6
24.08.2021 02:46:40.010,0.9131100000000001,0.91303,1,1.57
24.08.2021 02:46:40.112,0.9131100000000001,0.91303,1,1.6
24.08.2021 02:46:43.074,0.9131200000000002,0.9130200000000002,1,1.57
24.08.2021 02:46:45.225,0.9131100000000001,0.91303,1,1.6
24.08.2021 02:46:45.326,0.9131200000000002,0.9130200000000002,1,1.57
24.08.2021 02:46:48.085,0.9131100000000001,0.91303,1,1.6
24.08.2021 02:46:48.463,0.9131100000000001,0.91303,1,1.57
24.08.2021 02:46:48.630,0.9131200000000002,0.9130200000000002,1,1.6
24.08.2021 02:46:48.782,0.9131100000000001,0.91303,1,1.57
24.08.2021 02:47:19.072,0.9131200000000002,0.9130200000000002,1,1.1
24.08.2021 02:48:22.361,0.9131100000000001,0.91303,1,2.44
24.08.2021 02:48:27.327,0.91313,0.91305,1,1.6
24.08.2021 02:48:27.428,0.9131400000000001,0.9130600000000001,1,1.1
24.08.2021 02:48:27.530,0.91315,0.9130700000000002,1,1.1
24.08.2021 02:48:55.491,0.9131700000000001,0.91305,2.06,1.6
24.08.2021 02:50:02.413,0.9131600000000001,0.9130700000000002,1.5,1.1
24.08.2021 02:50:06.264,0.9131600000000001,0.9130600000000001,1,1.6
24.08.2021 02:50:24.810,0.91315,0.91305,1,1.6
24.08.2021 02:50:57.383,0.91315,0.91305,1.87,1.6
24.08.2021 02:51:02.280,0.9131400000000001,0.91304,1,1.1
24.08.2021 02:51:02.381,0.9131400000000001,0.91304,2,1.1
24.08.2021 02:51:02.482,0.9131400000000001,0.91304,2,1.1
24.08.2021 02:51:10.498,0.9131400000000001,0.91303,1,1.1
24.08.2021 02:51:19.451,0.9131400000000001,0.9130200000000002,1.5,1.57
24.08.2021 02:51:24.873,0.91313,0.91303,1.5,1.6
24.08.2021 02:51:38.258,0.91313,0.91303,1.5,1.57
24.08.2021 02:51:57.952,0.91313,0.91303,1.5,1.6
24.08.2021 02:52:04.608,0.91313,0.91303,1.5,1.57
24.08.2021 02:52:05.531,0.9131200000000002,0.91303,1,1.1
24.08.2021 02:52:22.300,0.9131200000000002,0.91303,1,1.1
24.08.2021 02:52:45.836,0.9131200000000002,0.91304,1,1.35
24.08.2021 02:52:45.888,0.9131400000000001,0.91304,1.5,1.35
24.08.2021 02:52:47.976,0.9131600000000001,0.9130600000000001,1.5,4.04
24.08.2021 02:52:48.077,0.9131700000000001,0.9130600000000001,1,1.1
24.08.2021 02:52:48.178,0.9131700000000001,0.9130600000000001,1,1.6
24.08.2021 02:52:49.357,0.9131700000000001,0.91308,1,1.1
24.08.2021 02:52:54.056,0.9131700000000001,0.91308,1,1.1
24.08.2021 02:52:55.363,0.9131900000000001,0.91308,1,1.6
24.08.2021 02:52:55.464,0.9131900000000001,0.9131,1,1.6
24.08.2021 02:53:08.640,0.9132,0.9131100000000001,1,1.35
24.08.2021 02:53:15.838,0.9132100000000001,0.91313,1,1.6
24.08.2021 02:53:15.990,0.9132200000000001,0.9131400000000001,1,1.1
24.08.2021 02:53:22.305,0.9132200000000001,0.9131400000000001,1,1.1
24.08.2021 02:53:29.663,0.91325,0.9131200000000002,2.62,1.1
24.08.2021 02:53:31.371,0.91324,0.91313,4.62,1.1
24.08.2021 02:53:38.396,0.91323,0.9131200000000002,1.87,1.1
24.08.2021 02:53:38.598,0.9132100000000001,0.9131100000000001,1,1.6
24.08.2021 02:53:38.750,0.9132,0.9131100000000001,1,1.1
24.08.2021 02:53:38.854,0.9132,0.9131100000000001,1,1.1
24.08.2021 02:53:54.196,0.9131900000000001,0.9131,1,2.35
24.08.2021 02:54:04.084,0.9131900000000001,0.9131,1,2.35
24.08.2021 02:54:04.185,0.9132,0.9131,1,1.6
24.08.2021 02:54:08.300,0.9131900000000001,0.91309,1,1.1
24.08.2021 02:54:08.453,0.9131600000000001,0.9130700000000002,1,1.2
24.08.2021 02:54:08.555,0.9131600000000001,0.91305,3.19,1.1
24.08.2021 02:54:08.657,0.9131400000000001,0.91304,1,1.35
24.08.2021 02:54:18.316,0.9131400000000001,0.91304,1,1.1
24.08.2021 02:54:23.002,0.9131400000000001,0.91304,1,1.1
24.08.2021 02:54:37.756,0.91313,0.91303,1,1.1
24.08.2021 02:54:37.858,0.9131200000000002,0.9130200000000002,1,2.35
24.08.2021 02:54:37.964,0.9131200000000002,0.9130200000000002,1.25,1.1
24.08.2021 02:54:55.354,0.9131100000000001,0.913,1,2.54
24.08.2021 02:55:01.276,0.9131100000000001,0.913,1,2.91
24.08.2021 02:55:01.480,0.9131100000000001,0.913,1,2.91
24.08.2021 02:55:04.183,0.9131200000000002,0.91299,1,2.91
24.08.2021 02:55:14.378,0.9131200000000002,0.9130200000000002,1,1.1
24.08.2021 02:55:15.147,0.9131100000000001,0.913,1,2.91
24.08.2021 02:55:15.248,0.9131100000000001,0.913,1,2.54
24.08.2021 02:55:22.708,0.9131200000000002,0.9130200000000002,1.5,1.1
24.08.2021 02:55:34.949,0.9131100000000001,0.9130100000000001,1,1.1
24.08.2021 02:55:38.209,0.9131200000000002,0.9130200000000002,2.62,1.1
24.08.2021 02:55:44.652,0.9131100000000001,0.913,1,2.54
24.08.2021 02:56:01.220,0.9131100000000001,0.9130100000000001,1.5,1.1
24.08.2021 02:56:01.431,0.9131200000000002,0.9130200000000002,1.5,1.1
24.08.2021 02:56:20.599,0.9131200000000002,0.91303,1,1
24.08.2021 02:56:56.440,0.91313,0.91303,2.25,1.5
24.08.2021 02:57:01.066,0.9131200000000002,0.91303,1.25,1
24.08.2021 02:57:04.650,0.9131,0.913,1.5,1.57
24.08.2021 02:57:04.752,0.91309,0.913,1,1.1
24.08.2021 02:57:04.955,0.91309,0.91299,1.5,2.51
24.08.2021 02:57:16.542,0.9131,0.91299,1,1
24.08.2021 02:57:16.809,0.91309,0.91299,1,2.51
24.08.2021 02:57:25.830,0.91308,0.91298,1,1.76
24.08.2021 02:57:44.647,0.9130600000000001,0.9129600000000001,1,1
24.08.2021 02:57:56.632,0.91305,0.91295,1,1
24.08.2021 02:58:24.646,0.91304,0.91293,1,1.57
24.08.2021 02:58:29.471,0.91305,0.91294,1.87,1
24.08.2021 02:58:30.575,0.91304,0.91294,1,1
24.08.2021 02:58:32.794,0.91304,0.91293,1,1.57
24.08.2021 02:58:34.699,0.91303,0.9129200000000001,1,1.1
24.08.2021 02:58:34.801,0.9130200000000002,0.9129200000000001,1,1.57
24.08.2021 02:59:06.615,0.9130100000000001,0.9129100000000001,1,1.57
24.08.2021 02:59:09.575,0.9130100000000001,0.9129100000000001,1,1.79
24.08.2021 02:59:09.677,0.91304,0.91293,1.76,1
24.08.2021 02:59:14.641,0.9130200000000002,0.9129200000000001,1,2.14
24.08.2021 02:59:16.519,0.91304,0.91294,1,1
24.08.2021 02:59:26.831,0.91303,0.91293,1,1.57
24.08.2021 02:59:28.667,0.9130200000000002,0.9129200000000001,1,1.76
24.08.2021 02:59:30.644,0.9130100000000001,0.9129,2.44,1.1
24.08.2021 02:59:37.308,0.9130200000000002,0.9129200000000001,1,1.25
24.08.2021 02:59:40.623,0.9130100000000001,0.9129100000000001,1,1.1
24.08.2021 02:59:46.662,0.913,0.9129,1,2.32
24.08.2021 03:00:00.685,0.91299,0.91289,2.32,1
24.08.2021 03:00:01.776,0.913,0.9129,2,1
24.08.2021 03:00:03.724,0.913,0.9129,1,1
24.08.2021 03:00:17.725,0.91299,0.91289,1.87,1
24.08.2021 03:00:17.827,0.91298,0.9128700000000001,1,1.1
24.08.2021 03:00:19.802,0.91298,0.9128700000000001,1,3.66
24.08.2021 03:00:24.640,0.91298,0.9128700000000001,1,1.76
24.08.2021 03:00:30.625,0.91298,0.9128700000000001,1.62,1.1
24.08.2021 03:00:30.727,0.9129600000000001,0.9128600000000001,1,1.1
24.08.2021 03:01:41.648,0.9129700000000002,0.9128700000000001,2.25,1
24.08.2021 03:01:44.382,0.91298,0.9129100000000001,1,1.5
24.08.2021 03:01:44.484,0.913,0.9129100000000001,1.5,2.62
24.08.2021 03:01:45.412,0.91299,0.9129,1,1
24.08.2021 03:01:46.941,0.913,0.9129,3.94,1
24.08.2021 03:01:58.478,0.913,0.9129100000000001,1,1
24.08.2021 03:01:59.019,0.9130100000000001,0.9129100000000001,1,2.51
24.08.2021 03:01:59.172,0.9130200000000002,0.9129200000000001,1.5,1
24.08.2021 03:01:59.274,0.9130200000000002,0.91293,1,1
24.08.2021 03:01:59.476,0.91303,0.91293,1.5,1.5
24.08.2021 03:02:02.187,0.91303,0.91293,1.5,2.35
24.08.2021 03:02:02.238,0.91305,0.91295,1.5,1.5
24.08.2021 03:02:02.339,0.91304,0.91295,1,1
24.08.2021 03:02:02.440,0.91305,0.91295,1,1
24.08.2021 03:02:18.465,0.91304,0.91295,1,1
24.08.2021 03:02:26.319,0.91303,0.91295,1,1
24.08.2021 03:02:33.656,0.91303,0.9129600000000001,1,1
24.08.2021 03:02:39.221,0.91304,0.9129600000000001,1,1
24.08.2021 03:03:02.065,0.91305,0.9129600000000001,1,1.5
24.08.2021 03:03:14.309,0.9130700000000002,0.91299,1,1.5
24.08.2021 03:03:14.411,0.91308,0.913,1,1
24.08.2021 03:03:20.093,0.91309,0.9130100000000001,1.5,1
24.08.2021 03:04:31.547,0.91308,0.913,1,1
24.08.2021 03:04:47.972,0.91308,0.9130100000000001,1,1
24.08.2021 03:05:09.170,0.91309,0.9130200000000002,1,1
24.08.2021 03:05:09.247,0.9131100000000001,0.9130200000000002,1,1.5
24.08.2021 03:05:09.348,0.9131200000000002,0.91303,1.5,1
24.08.2021 03:05:13.643,0.91309,0.9130100000000001,3,1
24.08.2021 03:05:13.745,0.9131,0.91299,3,1
24.08.2021 03:06:29.609,0.91309,0.9130100000000001,1,1.1
24.08.2021 03:06:29.711,0.9131100000000001,0.9130200000000002,1,1.5
24.08.2021 03:06:30.793,0.9131100000000001,0.91303,1,1
24.08.2021 03:06:41.049,0.9131100000000001,0.91304,1,1
24.08.2021 03:06:41.150,0.9131200000000002,0.91304,1,1.57
24.08.2021 03:08:29.108,0.91313,0.91303,1.5,2.32
24.08.2021 03:09:10.293,0.91313,0.91304,1,1.57
24.08.2021 03:13:04.376,0.9131200000000002,0.91304,1,1
24.08.2021 03:13:04.477,0.9131200000000002,0.91303,2.06,1.5
24.08.2021 03:13:04.579,0.9131100000000001,0.9130200000000002,1.57,1
24.08.2021 03:13:05.367,0.9131100000000001,0.9130100000000001,1,1
24.08.2021 03:13:07.765,0.9130700000000002,0.9129700000000002,1,3.22
24.08.2021 03:13:07.816,0.9130700000000002,0.9129700000000002,1.1,2.32
24.08.2021 03:13:07.918,0.9130600000000001,0.9129600000000001,1.1,1.57
24.08.2021 03:13:18.066,0.91305,0.91295,1.1,2.32
24.08.2021 03:14:13.070,0.91304,0.91295,1,1
24.08.2021 03:14:49.478,0.91304,0.91294,1,1
24.08.2021 03:15:08.074,0.91303,0.91293,1,2.25
24.08.2021 03:17:13.256,0.91305,0.91294,1.57,1.25
24.08.2021 03:18:03.397,0.9130700000000002,0.9129600000000001,2.25,1.76
24.08.2021 03:18:03.498,0.9130700000000002,0.9129700000000002,1,1.25
24.08.2021 03:18:04.006,0.91308,0.9129700000000002,2.32,1.25
24.08.2021 03:18:16.683,0.91309,0.91299,1.87,1
24.08.2021 03:18:16.785,0.9131,0.913,1.12,1
24.08.2021 03:18:23.124,0.9131,0.91299,1.5,2.51
24.08.2021 03:18:23.276,0.91308,0.9129700000000002,4.69,1.2
24.08.2021 03:18:23.377,0.9130700000000002,0.91295,1,1.01
24.08.2021 03:19:04.574,0.91305,0.91295,1,1
24.08.2021 03:19:10.988,0.9130700000000002,0.9129700000000002,2.32,1
24.08.2021 03:19:11.089,0.9130600000000001,0.9129600000000001,1,1
24.08.2021 03:19:19.550,0.9130700000000002,0.9129700000000002,2.32,1
24.08.2021 03:19:19.651,0.9130600000000001,0.9129600000000001,1,1.25
24.08.2021 03:20:14.646,0.91305,0.91295,1,1.5
24.08.2021 03:20:49.016,0.91304,0.91294,1,1.5
24.08.2021 03:22:54.425,0.91305,0.91295,1.87,1
24.08.2021 03:22:54.527,0.91304,0.91294,1,1.25
24.08.2021 03:23:49.430,0.91305,0.91294,1.12,1.69
24.08.2021 03:23:55.125,0.9130700000000002,0.91294,2.07,1
24.08.2021 03:24:09.957,0.91304,0.91294,1,1.5
24.08.2021 03:25:02.275,0.9130600000000001,0.91295,1.51,1.1
24.08.2021 03:25:02.376,0.9130600000000001,0.9129600000000001,1.6,1
24.08.2021 03:25:03.043,0.91305,0.91295,1.12,1.76
24.08.2021 03:25:04.079,0.9130600000000001,0.9129600000000001,1.2,1.25
24.08.2021 03:25:25.590,0.91308,0.9129700000000002,1.51,1.1
24.08.2021 03:26:30.119,0.9130700000000002,0.9129700000000002,1.1,1
24.08.2021 03:26:58.571,0.9130700000000002,0.9129700000000002,1.6,1
24.08.2021 03:27:13.931,0.9130700000000002,0.9129700000000002,1.12,1.2
24.08.2021 03:27:19.464,0.9130700000000002,0.9129700000000002,1.1,1.62
24.08.2021 03:27:26.151,0.91308,0.9129600000000001,1,1.57
24.08.2021 03:27:26.252,0.9131,0.9129700000000002,1.57,1.01
24.08.2021 03:27:26.354,0.9131100000000001,0.91299,1.57,1
24.08.2021 03:27:26.455,0.9131,0.9130100000000001,1.57,1
24.08.2021 03:27:26.557,0.91309,0.9130100000000001,1,1
24.08.2021 03:27:55.760,0.9131100000000001,0.9130200000000002,1.5,1
24.08.2021 03:27:55.912,0.9131200000000002,0.9130200000000002,1.1,1.5
24.08.2021 03:27:56.839,0.9131200000000002,0.91303,1,1
24.08.2021 03:28:50.932,0.91313,0.91303,1.1,1.12
24.08.2021 03:29:12.921,0.91313,0.91304,1.1,1
24.08.2021 03:29:13.881,0.91313,0.91303,1.1,2.25
24.08.2021 03:29:26.810,0.9131400000000001,0.91303,1,1
24.08.2021 03:29:27.820,0.91313,0.91303,1.1,1.5
24.08.2021 03:29:28.811,0.9131200000000002,0.9130200000000002,1.01,1.5
24.08.2021 03:29:31.295,0.9131200000000002,0.9130100000000001,1.35,2.25
24.08.2021 03:29:31.396,0.9131200000000002,0.9130100000000001,1.01,2.25
24.08.2021 03:29:43.125,0.91313,0.9130100000000001,1.1,1
24.08.2021 03:29:43.828,0.91313,0.91303,1.1,1
24.08.2021 03:29:47.367,0.91313,0.91304,1.1,1
24.08.2021 03:29:48.349,0.91313,0.91303,1.1,1.5
24.08.2021 03:29:50.349,0.91313,0.91304,1.1,1
24.08.2021 03:29:51.350,0.91313,0.91303,1.1,1.5
24.08.2021 03:29:57.431,0.91313,0.91303,1.1,1.5
24.08.2021 03:29:57.561,0.91313,0.91303,1.1,1.5
24.08.2021 03:30:03.166,0.91313,0.91303,1.1,1.12
24.08.2021 03:30:18.336,0.9131100000000001,0.9130200000000002,1.1,1.12
24.08.2021 03:30:19.125,0.9131100000000001,0.9130100000000001,1.1,2.62
24.08.2021 03:30:28.705,0.9131100000000001,0.9130100000000001,2.54,1.12
24.08.2021 03:30:28.807,0.9131100000000001,0.91299,1.1,1.5
24.08.2021 03:31:23.822,0.91309,0.913,1,1
24.08.2021 03:31:59.606,0.91309,0.91299,1.12,2.25
24.08.2021 03:31:59.708,0.9131100000000001,0.9130200000000002,1,1
24.08.2021 03:31:59.809,0.9131200000000002,0.9130200000000002,2.25,1.1
24.08.2021 03:32:06.094,0.9131200000000002,0.9130200000000002,2.5,1.1
24.08.2021 03:32:06.196,0.9131100000000001,0.9130100000000001,1,1.1
24.08.2021 03:32:14.899,0.9131200000000002,0.9130200000000002,2.45,1
24.08.2021 03:32:15.350,0.9131200000000002,0.9130200000000002,1.95,1
24.08.2021 03:32:18.331,0.9131200000000002,0.9130200000000002,2.45,1
24.08.2021 03:32:35.062,0.9131200000000002,0.9130200000000002,1.5,1.1
24.08.2021 03:33:23.175,0.91313,0.91303,3.07,1
24.08.2021 03:33:36.658,0.9131400000000001,0.9130200000000002,3.31,1
24.08.2021 03:33:38.782,0.91313,0.91303,2.81,1
24.08.2021 03:33:39.782,0.91313,0.91303,3.12,1
24.08.2021 03:33:40.782,0.91313,0.91303,3,1
24.08.2021 03:34:33.161,0.91313,0.91303,1.62,1.5
24.08.2021 03:34:36.159,0.91313,0.91303,1.5,1.5
24.08.2021 03:34:39.151,0.91313,0.91303,1.62,1.5
24.08.2021 03:34:45.226,0.91313,0.91303,1.12,1.5
24.08.2021 03:34:47.177,0.91313,0.91303,1.62,1.5
24.08.2021 03:35:01.617,0.91313,0.91303,1.12,1.5
24.08.2021 03:35:54.859,0.91313,0.9130600000000001,1.12,1
24.08.2021 03:36:08.634,0.9131400000000001,0.9130600000000001,1.87,1
24.08.2021 03:36:09.635,0.9131400000000001,0.9130600000000001,2.37,1
24.08.2021 03:37:58.205,0.9131400000000001,0.9130600000000001,1.5,1
24.08.2021 03:38:20.378,0.9131400000000001,0.91305,1,1
24.08.2021 03:38:23.385,0.91313,0.91305,1.76,1
24.08.2021 03:41:49.435,0.9131400000000001,0.91305,1,2.25
24.08.2021 03:41:54.931,0.91315,0.91305,1,1
24.08.2021 03:41:59.620,0.9131400000000001,0.91305,1,2.25
24.08.2021 03:42:01.954,0.91313,0.91304,1,1.5
24.08.2021 03:42:02.056,0.9131400000000001,0.91305,1.57,1.5
24.08.2021 03:42:02.157,0.91313,0.91305,1,1
24.08.2021 03:45:46.230,0.91313,0.9130600000000001,1.5,1
24.08.2021 03:47:57.799,0.9131400000000001,0.9130600000000001,1,1
24.08.2021 03:48:11.790,0.91315,0.9130600000000001,1.5,1
24.08.2021 03:48:20.133,0.91318,0.9131200000000002,1.2,1
24.08.2021 03:48:20.234,0.9132,0.91313,1,1
24.08.2021 03:48:20.336,0.9132100000000001,0.91313,1.5,1
24.08.2021 03:48:24.921,0.9132100000000001,0.9131400000000001,1.5,1
24.08.2021 03:48:25.201,0.9132,0.9131400000000001,1,1
24.08.2021 03:48:54.157,0.9132,0.91313,1,1
24.08.2021 03:48:54.478,0.9131900000000001,0.9131200000000002,1,1
24.08.2021 03:48:57.368,0.9131900000000001,0.91313,1,1
24.08.2021 03:48:57.469,0.9131900000000001,0.9131200000000002,1,1
24.08.2021 03:50:33.042,0.9132,0.9131,1,1
24.08.2021 03:51:13.421,0.91318,0.9131,1.1,1.5
24.08.2021 03:51:13.472,0.9131600000000001,0.91308,1,1.12
24.08.2021 03:51:13.523,0.91315,0.9130600000000001,1.87,1.5
24.08.2021 03:51:13.625,0.91315,0.9130700000000002,1.12,1
24.08.2021 03:51:19.017,0.9131600000000001,0.9130700000000002,1.57,1
24.08.2021 03:51:19.118,0.9131600000000001,0.91308,1.57,1
24.08.2021 03:52:03.517,0.9131600000000001,0.91309,1,1
24.08.2021 03:52:03.719,0.9131600000000001,0.91308,1,1
24.08.2021 03:52:04.390,0.9131700000000001,0.91309,1,1
24.08.2021 03:52:04.603,0.9131900000000001,0.9131100000000001,1.5,1
24.08.2021 03:52:04.705,0.9131900000000001,0.9131200000000002,1,1
24.08.2021 03:52:07.425,0.9132,0.9131200000000002,1.57,1
24.08.2021 03:52:23.241,0.9132,0.91313,1,1
24.08.2021 03:53:24.008,0.9131700000000001,0.9131,4.57,1
24.08.2021 03:53:24.110,0.91315,0.91309,1.5,1
24.08.2021 03:53:24.211,0.91315,0.91308,1.57,1
24.08.2021 03:53:24.312,0.91315,0.9130700000000002,1.57,1
24.08.2021 03:53:36.602,0.9131400000000001,0.9130700000000002,1,1
24.08.2021 03:53:52.865,0.9131400000000001,0.9130600000000001,1.57,1
24.08.2021 03:54:01.692,0.9131400000000001,0.9130700000000002,1,1
24.08.2021 03:55:33.082,0.9131600000000001,0.9130700000000002,1,1
24.08.2021 03:55:33.234,0.9131700000000001,0.91309,1.76,1
24.08.2021 03:56:34.977,0.91318,0.9131200000000002,1,1
24.08.2021 03:56:35.080,0.9131900000000001,0.9131200000000002,1,1
24.08.2021 03:56:35.462,0.9131900000000001,0.91313,1,1
24.08.2021 03:56:39.604,0.9131900000000001,0.9131400000000001,1,1
24.08.2021 03:56:39.706,0.9132,0.9131400000000001,1,1
24.08.2021 03:57:03.911,0.9132,0.91313,1,1
24.08.2021 04:00:24.384,0.9132100000000001,0.91313,1.1,1
24.08.2021 04:00:26.693,0.9132100000000001,0.91313,1.1,1
24.08.2021 04:00:27.099,0.9132200000000001,0.9131200000000002,1.1,1
24.08.2021 04:00:32.086,0.9132100000000001,0.91313,1.1,1
24.08.2021 04:00:37.893,0.9132200000000001,0.9131200000000002,1.1,1
24.08.2021 04:00:45.991,0.9132100000000001,0.91313,1.1,1
24.08.2021 04:00:50.988,0.9132100000000001,0.91313,1.1,1
24.08.2021 04:00:53.354,0.9132100000000001,0.91313,1.1,1
24.08.2021 04:01:12.257,0.9132100000000001,0.9131200000000002,3.35,1
24.08.2021 04:01:12.359,0.9132,0.9131200000000002,1.35,1
24.08.2021 04:01:16.894,0.9132100000000001,0.9131100000000001,1.01,1
24.08.2021 04:02:07.294,0.9132,0.9131100000000001,1.76,1
24.08.2021 04:04:41.960,0.9131900000000001,0.9131100000000001,1.1,1
24.08.2021 04:04:51.952,0.9132,0.91309,1.1,1
24.08.2021 04:04:53.209,0.9132,0.9131,1.57,1.5
24.08.2021 04:05:23.372,0.9132,0.9131100000000001,1,1
24.08.2021 04:05:34.996,0.9132100000000001,0.9131100000000001,1.57,2.25
24.08.2021 04:05:39.950,0.9132100000000001,0.9131200000000002,1.5,1
24.08.2021 04:06:02.561,0.9132200000000001,0.9131200000000002,1,2.25
24.08.2021 04:06:10.745,0.91323,0.9131200000000002,1.01,1.5
24.08.2021 04:06:11.359,0.91323,0.91313,1,1
24.08.2021 04:06:11.460,0.91324,0.91315,1,1
24.08.2021 04:06:11.562,0.9132600000000001,0.9131700000000001,1.25,1
24.08.2021 04:06:12.550,0.9132700000000001,0.9131700000000001,1,1
24.08.2021 04:06:12.652,0.9132600000000001,0.9131700000000001,1,1
24.08.2021 04:06:16.639,0.91328,0.9131900000000001,1,1
24.08.2021 04:06:16.741,0.9133,0.9131900000000001,1,1
24.08.2021 04:06:32.412,0.9133100000000001,0.9132,1,1
24.08.2021 04:06:44.789,0.9133,0.9132,1.1,1.5
24.08.2021 04:07:26.812,0.91328,0.9131900000000001,1.01,1
24.08.2021 04:07:26.913,0.9132600000000001,0.91318,1,1
24.08.2021 04:07:27.067,0.9132600000000001,0.9131700000000001,1,1
24.08.2021 04:07:28.369,0.91328,0.91318,2.2,1
24.08.2021 04:07:32.349,0.9132700000000001,0.9131700000000001,1.1,1
24.08.2021 04:09:22.317,0.9132700000000001,0.9131700000000001,1.35,1
24.08.2021 04:09:22.418,0.9132700000000001,0.9131700000000001,1.01,1
24.08.2021 04:09:22.525,0.9132700000000001,0.9131700000000001,1.35,1
24.08.2021 04:09:26.169,0.9132700000000001,0.9131700000000001,1.01,1
24.08.2021 04:09:29.549,0.9132700000000001,0.9131700000000001,1.35,1
24.08.2021 04:09:29.650,0.9132700000000001,0.9131700000000001,1.01,1
24.08.2021 04:09:29.751,0.9132700000000001,0.9131700000000001,1.35,1
24.08.2021 04:09:30.624,0.9132700000000001,0.9131700000000001,1.01,1
24.08.2021 04:09:30.725,0.9132700000000001,0.9131700000000001,1.35,1
24.08.2021 04:09:31.791,0.9132700000000001,0.9131700000000001,1.01,1
24.08.2021 04:09:32.819,0.91328,0.9131600000000001,1.35,1
24.08.2021 04:09:32.942,0.9132700000000001,0.9131700000000001,1.01,1
24.08.2021 04:09:40.479,0.9132700000000001,0.9131700000000001,1.35,1
24.08.2021 04:09:40.631,0.9132700000000001,0.9131700000000001,1.01,1
24.08.2021 04:09:46.053,0.9132700000000001,0.9131700000000001,1.35,1
24.08.2021 04:09:46.886,0.9132700000000001,0.9131700000000001,1.01,1
24.08.2021 04:09:50.074,0.9132700000000001,0.9131700000000001,1.35,1
24.08.2021 04:09:50.176,0.91324,0.91315,1.1,1
24.08.2021 04:09:50.278,0.91323,0.91315,1.1,1
24.08.2021 04:09:50.329,0.91323,0.91313,1.1,1.5
24.08.2021 04:09:59.616,0.91323,0.9131200000000002,1.1,1
24.08.2021 04:10:59.653,0.9132200000000001,0.91313,1.31,1
24.08.2021 04:11:40.447,0.9132100000000001,0.91313,1,1
24.08.2021 04:11:57.681,0.9132100000000001,0.9131200000000002,1,1
24.08.2021 04:13:34.041,0.9132100000000001,0.9131100000000001,1,1
24.08.2021 04:14:29.076,0.9132100000000001,0.9131200000000002,1.76,1
24.08.2021 04:14:43.362,0.9132100000000001,0.9131100000000001,1.57,1.5
24.08.2021 04:14:43.463,0.9132,0.9131100000000001,1,1
24.08.2021 04:15:18.177,0.9132100000000001,0.9131100000000001,1.69,1.5
24.08.2021 04:15:18.278,0.9132100000000001,0.9131200000000002,1.69,1
24.08.2021 04:15:29.255,0.9132200000000001,0.9131200000000002,1.57,1.5
24.08.2021 04:15:39.171,0.9132100000000001,0.9131200000000002,1,1
24.08.2021 04:15:56.344,0.9132100000000001,0.9131100000000001,2.14,1
24.08.2021 04:16:34.190,0.9132,0.9131100000000001,1,1
24.08.2021 04:18:09.524,0.9132200000000001,0.9131200000000002,1.69,1.5
24.08.2021 04:18:13.872,0.9132100000000001,0.9131200000000002,1,2.25
24.08.2021 04:18:20.348,0.9132100000000001,0.91313,1,1
24.08.2021 04:18:20.551,0.91324,0.91315,1.5,1
24.08.2021 04:20:10.625,0.91324,0.9131600000000001,1,1
24.08.2021 04:21:05.626,0.91324,0.91315,1,2.25
24.08.2021 04:22:00.631,0.91325,0.91315,1,1
24.08.2021 04:22:05.622,0.91325,0.9131700000000001,1,1.5
24.08.2021 04:22:05.724,0.9132700000000001,0.9131900000000001,1,1.5
24.08.2021 04:22:05.774,0.91329,0.9131900000000001,1.57,2.25
24.08.2021 04:23:00.730,0.9133,0.9131900000000001,1.57,1
24.08.2021 04:23:17.422,0.9133,0.91318,1.5,2.25
24.08.2021 04:23:29.981,0.91329,0.9131900000000001,1.6,2.25
24.08.2021 04:24:08.001,0.91329,0.9131900000000001,1.57,2.25
24.08.2021 04:24:08.103,0.91329,0.9132,1.1,1
24.08.2021 04:24:08.306,0.9133200000000001,0.91324,1.01,1.12
24.08.2021 04:24:08.407,0.91334,0.91324,2.54,1.5
24.08.2021 04:25:04.566,0.91334,0.91324,1.1,1
24.08.2021 04:25:25.182,0.9133200000000001,0.91324,1.1,1
24.08.2021 04:25:25.233,0.9133100000000001,0.9132200000000001,1.1,2.25
24.08.2021 04:25:31.287,0.9133100000000001,0.9132200000000001,1.6,1
24.08.2021 04:26:24.069,0.9133100000000001,0.9132200000000001,1.57,1
24.08.2021 04:27:08.068,0.9133100000000001,0.9132100000000001,1.57,2.25
24.08.2021 04:29:18.415,0.9133200000000001,0.9132600000000001,1.5,1
24.08.2021 04:29:18.467,0.91335,0.9132600000000001,1.5,1
24.08.2021 04:29:18.569,0.9133700000000001,0.9132700000000001,1.57,1.5
24.08.2021 04:29:18.671,0.9133700000000001,0.91328,1.57,1
24.08.2021 04:29:18.896,0.91338,0.91328,1.57,1.5
24.08.2021 04:29:23.003,0.91339,0.91329,1.57,1
24.08.2021 04:29:39.880,0.9134,0.91328,1.6,1.5
24.08.2021 04:30:05.604,0.91338,0.91328,1.57,1.5
24.08.2021 04:31:00.361,0.91338,0.91328,1.35,2.25
24.08.2021 04:31:07.818,0.91338,0.91328,1.01,1.5
24.08.2021 04:31:09.813,0.91338,0.91328,1.35,1.5
24.08.2021 04:31:15.426,0.91338,0.91328,1.01,1.5
24.08.2021 04:31:21.884,0.9133700000000001,0.91328,1.1,1
24.08.2021 04:31:21.985,0.9133700000000001,0.9132700000000001,1.1,1.5
24.08.2021 04:31:25.429,0.91335,0.9132600000000001,1.5,1
24.08.2021 04:31:25.531,0.91335,0.91325,1.57,1.5
24.08.2021 04:31:25.683,0.91334,0.91324,4.95,1.5
24.08.2021 04:31:25.784,0.91333,0.91324,1.1,1
24.08.2021 04:31:25.886,0.91333,0.91323,1.1,1
24.08.2021 04:31:32.031,0.9133100000000001,0.9132100000000001,1.1,1.12
24.08.2021 04:31:58.320,0.91333,0.9132200000000001,1.1,2.44
24.08.2021 04:31:58.472,0.91335,0.9132200000000001,1.1,1.69
24.08.2021 04:31:58.686,0.91334,0.91324,1,1
24.08.2021 04:31:58.793,0.9133200000000001,0.9132200000000001,1,3.56
24.08.2021 04:31:58.894,0.91333,0.91323,1.5,1
24.08.2021 04:31:59.096,0.91334,0.91323,1.1,1.69
24.08.2021 04:31:59.951,0.91335,0.91325,1.57,1.69
24.08.2021 04:33:04.875,0.91333,0.91323,1.1,2.06
24.08.2021 04:33:04.977,0.91334,0.9132200000000001,3.1,1
24.08.2021 04:33:13.053,0.9133200000000001,0.9132200000000001,1.1,1.25
24.08.2021 04:33:31.354,0.9133200000000001,0.9132200000000001,1.1,1.25
24.08.2021 04:33:38.670,0.9133200000000001,0.9132200000000001,1.1,1.25
24.08.2021 04:33:42.772,0.9133200000000001,0.9132200000000001,1.1,1.25
24.08.2021 04:33:55.687,0.9133,0.9132100000000001,1,2.44
24.08.2021 04:34:26.805,0.9133,0.9132,1,2.44
24.08.2021 04:35:29.659,0.9133,0.9132100000000001,1.5,1
24.08.2021 04:36:02.792,0.9133,0.9132,1,2.25
24.08.2021 04:36:19.670,0.9133200000000001,0.91323,1.57,1.25
24.08.2021 04:36:48.914,0.91333,0.91324,1,1.69
24.08.2021 04:36:49.016,0.91334,0.91324,1.57,1.69
24.08.2021 04:36:50.523,0.91334,0.91325,1.57,1.25
24.08.2021 04:36:52.958,0.91335,0.91325,1.1,1
24.08.2021 04:36:53.223,0.9133600000000001,0.9132600000000001,1.79,1
24.08.2021 04:36:53.324,0.9133600000000001,0.9132600000000001,1.76,1
24.08.2021 04:37:28.851,0.9133700000000001,0.91325,2.54,1
24.08.2021 04:37:40.361,0.91335,0.91325,1.1,1
24.08.2021 04:37:49.520,0.91335,0.91325,1.79,1
24.08.2021 04:37:58.124,0.91335,0.91324,2.79,1
24.08.2021 04:38:03.821,0.91334,0.91324,1.1,1
24.08.2021 04:38:09.777,0.9133200000000001,0.9132200000000001,1,3.19
24.08.2021 04:38:09.878,0.91333,0.91323,1.76,1
24.08.2021 04:38:27.579,0.91333,0.91323,3.66,1
24.08.2021 04:38:33.061,0.9133200000000001,0.9132200000000001,1.1,1.5
24.08.2021 04:38:37.511,0.9133,0.9132100000000001,1,1
24.08.2021 04:39:25.279,0.9133200000000001,0.9132200000000001,1.57,1.25
24.08.2021 04:40:20.282,0.9133100000000001,0.9132200000000001,1,1.25
24.08.2021 04:40:25.447,0.9133200000000001,0.9132,1,1.5
24.08.2021 04:41:25.153,0.91329,0.9131900000000001,1,3.94
24.08.2021 04:41:31.934,0.91329,0.9131900000000001,1,3.25
24.08.2021 04:41:32.035,0.9133100000000001,0.9132,1.1,3.25
24.08.2021 04:41:33.425,0.9133100000000001,0.9132,1.1,1.69
24.08.2021 04:41:36.753,0.9133200000000001,0.9132,1.79,1
24.08.2021 04:42:26.066,0.9133100000000001,0.9132100000000001,1.57,1
24.08.2021 04:42:52.800,0.9133100000000001,0.9132100000000001,1.6,1
24.08.2021 04:42:54.953,0.9133100000000001,0.9132100000000001,1.57,1
24.08.2021 04:42:55.625,0.9133200000000001,0.9132100000000001,1,1
24.08.2021 04:43:50.637,0.9133100000000001,0.9132100000000001,1.5,3.19
24.08.2021 04:44:44.216,0.9133,0.9132,1,3.19
24.08.2021 04:44:44.896,0.91329,0.9132,1,1.5
24.08.2021 04:45:00.191,0.9133,0.9132,1.1,2.25
24.08.2021 04:46:07.719,0.91329,0.9131900000000001,1,1.69
24.08.2021 04:46:07.820,0.9133,0.9132,1,1
24.08.2021 04:47:15.402,0.91329,0.9131900000000001,1,1.5
24.08.2021 04:47:30.828,0.9133,0.9132,1,1
24.08.2021 04:49:23.019,0.91329,0.9131900000000001,1,1
24.08.2021 04:49:23.373,0.9132700000000001,0.9131900000000001,1,1
24.08.2021 04:49:23.474,0.91328,0.9131900000000001,1,1
24.08.2021 04:49:25.897,0.91328,0.91318,1,2.25
24.08.2021 04:49:50.508,0.91325,0.9131700000000001,1.69,1
24.08.2021 04:49:50.559,0.91323,0.91313,1,5.51
24.08.2021 04:49:52.078,0.9132100000000001,0.9131100000000001,1,2.57
24.08.2021 04:49:54.308,0.9131900000000001,0.9131100000000001,1,1
24.08.2021 04:49:54.410,0.9131900000000001,0.9131,1,1
24.08.2021 04:49:54.511,0.9132100000000001,0.9131,1.39,1.5
24.08.2021 04:50:04.570,0.9132100000000001,0.9131,1,4.47
24.08.2021 04:50:04.672,0.9132200000000001,0.9131200000000002,1,1.25
24.08.2021 04:50:16.366,0.91323,0.91313,1,1.25
24.08.2021 04:51:11.383,0.91323,0.9131100000000001,1,2.51
24.08.2021 04:51:36.084,0.9132100000000001,0.9131100000000001,1,1.01
24.08.2021 04:53:04.884,0.9132100000000001,0.9131100000000001,1.1,1.75
24.08.2021 04:53:05.037,0.9132100000000001,0.9131200000000002,1.1,1.25
24.08.2021 04:53:06.251,0.9132100000000001,0.9131200000000002,1,1
24.08.2021 04:53:06.352,0.9132200000000001,0.9131,1,2.44
24.08.2021 04:53:16.543,0.9132200000000001,0.9131,1,2.5
24.08.2021 04:53:21.983,0.9132100000000001,0.9131100000000001,1.1,1.69
24.08.2021 04:53:33.699,0.9132100000000001,0.9131,1,1
24.08.2021 04:53:33.801,0.9132100000000001,0.9131,1.6,1.69
24.08.2021 04:53:35.831,0.9132100000000001,0.9131,1.57,1.69
24.08.2021 04:53:46.873,0.9132100000000001,0.9131,1.6,1.69
24.08.2021 04:54:35.183,0.9131900000000001,0.91309,1,2.44
24.08.2021 04:54:35.284,0.9132,0.9131,1.1,1
24.08.2021 04:56:04.640,0.9132,0.9131,1.1,1
24.08.2021 04:56:27.160,0.9132,0.9131,1,1.25
24.08.2021 04:56:27.362,0.9132100000000001,0.9131100000000001,1.57,1
24.08.2021 04:56:37.252,0.9131900000000001,0.91309,1,1.25
24.08.2021 04:56:37.353,0.9132100000000001,0.91309,1.1,1
24.08.2021 04:56:43.665,0.9132,0.9131,1.1,1
24.08.2021 04:56:46.642,0.9131900000000001,0.91309,1,1.25
24.08.2021 04:56:46.758,0.9132,0.9131,1.1,1
24.08.2021 04:56:55.708,0.9132,0.9131,1.1,1
24.08.2021 04:56:56.343,0.9132,0.9131,1.1,1
24.08.2021 04:56:59.339,0.9132100000000001,0.91309,1.1,1
24.08.2021 04:56:59.515,0.9132,0.9131,1.1,1
24.08.2021 04:57:01.527,0.9131900000000001,0.9131,1,1.5
24.08.2021 04:57:30.903,0.91318,0.9131,1,1
24.08.2021 04:57:31.004,0.9131900000000001,0.9131,1.1,1.5
24.08.2021 04:58:08.147,0.9132,0.9131200000000002,1,1
24.08.2021 04:58:08.569,0.9131900000000001,0.9131200000000002,1,1
24.08.2021 04:58:08.720,0.9132,0.9131200000000002,1.57,1
24.08.2021 04:58:16.133,0.9131900000000001,0.9131200000000002,1,1
24.08.2021 04:58:16.245,0.9132,0.9131200000000002,1.1,1
24.08.2021 04:59:06.426,0.9131900000000001,0.9131200000000002,1,1
24.08.2021 04:59:06.529,0.9132,0.9131200000000002,1.5,1
24.08.2021 04:59:43.176,0.9131900000000001,0.9131200000000002,1,1
24.08.2021 05:00:01.129,0.9131400000000001,0.91308,1.1,1.25
24.08.2021 05:00:01.180,0.91315,0.9130600000000001,1.1,1.69
24.08.2021 05:00:01.409,0.91313,0.91305,1,1
24.08.2021 05:00:34.166,0.9131400000000001,0.9130600000000001,1.57,1
24.08.2021 05:00:34.217,0.9131700000000001,0.91308,1.57,1.87
24.08.2021 05:00:34.269,0.9131900000000001,0.9131,1.25,1.69
24.08.2021 05:00:43.749,0.9132,0.9131100000000001,1.1,1
24.08.2021 05:01:27.678,0.9132,0.9131,1.57,2.44
24.08.2021 05:01:52.541,0.91323,0.91308,3.75,1.5
24.08.2021 05:01:54.533,0.9132200000000001,0.91309,4.04,2.5
24.08.2021 05:01:54.634,0.91315,0.91304,2.16,1.64
24.08.2021 05:01:54.685,0.9131400000000001,0.9130200000000002,1.1,1.87
24.08.2021 05:01:54.787,0.91313,0.91303,1.1,1
24.08.2021 05:01:55.403,0.9131400000000001,0.9130100000000001,2.16,3.62
24.08.2021 05:02:01.357,0.9131400000000001,0.9130200000000002,1.22,1.25
24.08.2021 05:02:21.087,0.91313,0.9130100000000001,1.1,1.69
24.08.2021 05:02:49.374,0.91313,0.9130100000000001,1.1,1.25
24.08.2021 05:03:00.886,0.9131100000000001,0.9130100000000001,1,1.69
24.08.2021 05:03:01.266,0.9131200000000002,0.9130200000000002,1.1,1
24.08.2021 05:03:10.885,0.9131100000000001,0.9130100000000001,1.01,1.5
24.08.2021 05:03:10.986,0.9131100000000001,0.9130100000000001,1.35,1.5
24.08.2021 05:03:20.484,0.91309,0.913,1.1,1.5
24.08.2021 05:03:20.585,0.91309,0.91299,1.6,1
24.08.2021 05:03:20.686,0.9131,0.91299,1.22,1.69
24.08.2021 05:03:23.935,0.9131100000000001,0.91298,1.1,2.44
24.08.2021 05:03:23.986,0.9131100000000001,0.9130100000000001,1.1,1
24.08.2021 05:03:24.238,0.9131100000000001,0.9130100000000001,1.1,1
24.08.2021 05:03:24.339,0.9131100000000001,0.9130100000000001,1.1,1
24.08.2021 05:03:26.955,0.9131100000000001,0.9130100000000001,1.1,1
24.08.2021 05:03:27.326,0.9131200000000002,0.9130200000000002,1,1
24.08.2021 05:03:51.010,0.9131200000000002,0.9130200000000002,1.1,1.5
24.08.2021 05:04:03.876,0.9131200000000002,0.9130200000000002,1.1,1.5
24.08.2021 05:04:06.246,0.91313,0.9130100000000001,1.1,1
24.08.2021 05:04:08.510,0.91313,0.9130100000000001,1.1,1.5
24.08.2021 05:04:22.293,0.91313,0.91303,1.79,1
24.08.2021 05:04:29.823,0.91313,0.91303,1.79,1
24.08.2021 05:04:32.941,0.91313,0.91303,1.79,1
24.08.2021 05:04:55.234,0.9131200000000002,0.9130100000000001,1.01,2.51
24.08.2021 05:05:01.767,0.9131200000000002,0.9130100000000001,1.35,2.25
24.08.2021 05:05:03.233,0.9131200000000002,0.9130200000000002,1.35,1
24.08.2021 05:05:32.169,0.91313,0.9130200000000002,1.1,1.69
24.08.2021 05:05:57.286,0.9131100000000001,0.9130200000000002,1,1
24.08.2021 05:06:02.313,0.9131100000000001,0.9130100000000001,1.1,1.5
24.08.2021 05:06:02.418,0.91313,0.9130100000000001,1.1,1
24.08.2021 05:06:07.441,0.9131200000000002,0.9130200000000002,3.47,1
24.08.2021 05:06:21.364,0.91305,0.9129600000000001,1,1.5
24.08.2021 05:06:21.465,0.91304,0.9129600000000001,1.1,1
24.08.2021 05:06:21.566,0.91303,0.9129600000000001,1.57,1
24.08.2021 05:06:21.855,0.91303,0.9129600000000001,1.79,1
24.08.2021 05:06:22.007,0.91298,0.9129,1.57,1.25
24.08.2021 05:06:22.058,0.9129600000000001,0.9128700000000001,1.1,2.62
24.08.2021 05:06:22.159,0.91295,0.9128700000000001,1.57,1
24.08.2021 05:06:22.362,0.91295,0.9128600000000001,1.1,1.31
24.08.2021 05:06:22.849,0.91295,0.9128600000000001,1.1,1
24.08.2021 05:06:22.900,0.91294,0.91284,1.1,1
24.08.2021 05:06:23.002,0.91295,0.91285,2.54,1
24.08.2021 05:06:30.811,0.91295,0.91285,1.1,1
24.08.2021 05:06:35.997,0.9129600000000001,0.9128600000000001,1.79,1
24.08.2021 05:06:44.824,0.91295,0.91285,1.1,1
24.08.2021 05:06:46.973,0.9129600000000001,0.9128600000000001,1.6,1
24.08.2021 05:06:58.831,0.9129600000000001,0.9128600000000001,1.6,1
24.08.2021 05:07:03.141,0.9129600000000001,0.9128600000000001,1.57,1
24.08.2021 05:07:14.442,0.9129700000000002,0.9128700000000001,1.5,1
24.08.2021 05:07:18.784,0.913,0.91288,1.87,2.16
24.08.2021 05:07:18.886,0.913,0.9129,1.5,1
24.08.2021 05:07:19.038,0.913,0.9129100000000001,1,1
24.08.2021 05:07:20.937,0.91298,0.91288,1.87,1.87
24.08.2021 05:07:36.224,0.9129700000000002,0.91288,1.12,1
24.08.2021 05:07:46.135,0.91298,0.9128600000000001,2.25,1
24.08.2021 05:08:04.091,0.9129700000000002,0.9128700000000001,1.79,1
24.08.2021 05:08:41.308,0.9129600000000001,0.91285,1.01,2.07
24.08.2021 05:08:41.409,0.9129600000000001,0.91285,1.01,1.1
24.08.2021 05:08:41.740,0.9129600000000001,0.91285,1.35,1
24.08.2021 05:08:43.890,0.9129600000000001,0.91285,1.01,1.1
24.08.2021 05:09:11.430,0.9129600000000001,0.91285,1.35,1.5
24.08.2021 05:09:37.400,0.9129600000000001,0.91285,1.01,1.57
24.08.2021 05:09:37.501,0.9129600000000001,0.91285,1.35,1.5
24.08.2021 05:09:37.703,0.9129600000000001,0.91285,1.01,1.57
24.08.2021 05:09:37.805,0.9129600000000001,0.91285,1.35,1.5
24.08.2021 05:09:49.046,0.9129600000000001,0.91285,1.1,1.57
24.08.2021 05:09:49.254,0.9129700000000002,0.91284,1.1,1.5
24.08.2021 05:09:49.838,0.9129600000000001,0.91285,1.1,1.57
24.08.2021 05:09:51.126,0.9129600000000001,0.91285,1.1,1.5
24.08.2021 05:09:59.422,0.9129600000000001,0.91285,1.1,1.57
24.08.2021 05:10:25.182,0.9129700000000002,0.9128700000000001,2.14,1
24.08.2021 05:10:38.241,0.9129700000000002,0.9128700000000001,2.16,1
24.08.2021 05:10:38.347,0.9129700000000002,0.9128700000000001,2.14,1
24.08.2021 05:10:38.629,0.9129700000000002,0.9128700000000001,2.16,1
24.08.2021 05:10:38.782,0.9129600000000001,0.9128600000000001,1.1,1
24.08.2021 05:10:44.538,0.9129600000000001,0.9128600000000001,1.35,1
24.08.2021 05:10:44.640,0.9129600000000001,0.91285,1.35,1.5
24.08.2021 05:11:04.255,0.9129600000000001,0.91285,1.25,1
24.08.2021 05:11:16.125,0.91295,0.91285,1,1
24.08.2021 05:11:20.409,0.91294,0.91285,1,1
24.08.2021 05:11:31.561,0.91295,0.91285,1,1.5
24.08.2021 05:11:42.558,0.9128700000000001,0.9128000000000001,1.5,3.12
24.08.2021 05:11:42.609,0.9128600000000001,0.9127600000000001,1.5,3.07
24.08.2021 05:11:42.913,0.9128600000000001,0.9127700000000001,1,1
24.08.2021 05:11:44.881,0.91285,0.9127500000000001,1,1.57
24.08.2021 05:11:44.983,0.9128600000000001,0.9127600000000001,1.1,1
24.08.2021 05:11:59.926,0.9128600000000001,0.9127700000000001,1,1
24.08.2021 05:12:00.935,0.9128700000000001,0.9127700000000001,1.1,1.87
24.08.2021 05:12:01.037,0.91288,0.91279,1.1,1
24.08.2021 05:12:20.842,0.91289,0.91279,1.57,1.5
24.08.2021 05:12:23.028,0.91288,0.91279,1.76,1
24.08.2021 05:12:43.901,0.9129200000000001,0.9128200000000001,2.25,1.57
24.08.2021 05:12:44.105,0.91293,0.9128299999999999,1.57,1
24.08.2021 05:12:46.522,0.91294,0.91284,1.1,1
24.08.2021 05:12:55.678,0.91295,0.91285,2.54,1
24.08.2021 05:13:02.174,0.91295,0.91285,2.51,1
24.08.2021 05:13:12.906,0.91295,0.91285,1.6,1
24.08.2021 05:13:20.726,0.9129200000000001,0.9128200000000001,3,1.57
24.08.2021 05:13:28.187,0.9129,0.9128000000000001,1.22,2.06
24.08.2021 05:13:31.513,0.9129,0.9128000000000001,1.1,1.5
24.08.2021 05:13:31.615,0.9129100000000001,0.9128000000000001,1.1,1
24.08.2021 05:13:52.663,0.9129,0.9128000000000001,1.57,1.5
24.08.2021 05:13:57.251,0.9129100000000001,0.91279,1.6,1.5
24.08.2021 05:14:14.012,0.91289,0.91279,1.2,1.5
24.08.2021 05:14:14.113,0.91289,0.91279,1.41,1.5
24.08.2021 05:14:14.214,0.91289,0.91279,1.01,1.5
24.08.2021 05:14:15.212,0.91289,0.91279,1.35,1.5
24.08.2021 05:14:54.096,0.91289,0.91279,1.76,1.5
24.08.2021 05:15:47.025,0.91289,0.9128000000000001,1,1
24.08.2021 05:15:51.280,0.9129,0.9128000000000001,1,1.5
24.08.2021 05:16:25.978,0.9129,0.9127799999999999,1.5,1.5
24.08.2021 05:16:26.080,0.9128700000000001,0.9127799999999999,1,1
24.08.2021 05:16:51.190,0.9128700000000001,0.9127700000000001,1.5,1.5
24.08.2021 05:17:02.820,0.9128700000000001,0.9127600000000001,1,1
24.08.2021 05:17:13.293,0.9128600000000001,0.9127799999999999,1,1
24.08.2021 05:17:26.937,0.9128100000000001,0.91274,1.5,1.5
24.08.2021 05:17:27.039,0.9127799999999999,0.9127000000000001,1,1.5
24.08.2021 05:17:27.140,0.9127799999999999,0.9127100000000001,1,1
24.08.2021 05:17:27.393,0.91279,0.9127100000000001,1.01,1
24.08.2021 05:18:12.858,0.9128000000000001,0.9127100000000001,1.69,1
24.08.2021 05:18:26.616,0.91279,0.9127100000000001,1,1
24.08.2021 05:18:44.267,0.9128000000000001,0.91269,3.19,1
24.08.2021 05:19:15.809,0.91279,0.9127100000000001,1.69,1
