Gmt time,Ask,Bid,AskVolume,BidVolume
02.08.2021 00:00:00.205,1.24682,1.24668,1,3.41
02.08.2021 00:00:00.407,1.24685,1.24672,1,1.1
02.08.2021 00:00:00.509,1.24685,1.24672,1,1.1
02.08.2021 00:00:00.713,1.24686,1.2467100000000002,1.5,1.72
02.08.2021 00:00:01.458,1.2468700000000001,1.24672,1,1.22
02.08.2021 00:00:01.995,1.2468700000000001,1.24673,1,3.1
02.08.2021 00:00:02.546,1.24689,1.2468000000000001,1.2,1
02.08.2021 00:00:04.048,1.24692,1.2468100000000002,1.7,1
02.08.2021 00:00:04.149,1.24692,1.24684,1,1
02.08.2021 00:00:04.250,1.24692,1.24682,1,2
02.08.2021 00:00:04.452,1.24692,1.2468299999999999,1,2.1
02.08.2021 00:00:04.810,1.2470100000000002,1.24689,1.6,1
02.08.2021 00:00:05.071,1.24696,1.24689,1,1
02.08.2021 00:00:05.282,1.2469700000000001,1.24689,1,1
02.08.2021 00:00:05.787,1.24698,1.24689,1,1
02.08.2021 00:00:05.888,1.2470100000000002,1.2469100000000002,1,1
02.08.2021 00:00:06.241,1.24699,1.24689,1,1
02.08.2021 00:00:06.392,1.24698,1.24689,1,1
02.08.2021 00:00:06.594,1.24699,1.24689,1,1
02.08.2021 00:00:07.231,1.24698,1.24689,1,1
02.08.2021 00:00:08.632,1.24696,1.2469000000000001,1,1
02.08.2021 00:00:08.784,1.24696,1.24689,1,1
02.08.2021 00:00:10.217,1.24693,1.24684,1.5,1.1
02.08.2021 00:00:10.318,1.2469100000000002,1.24686,1,1
02.08.2021 00:00:10.419,1.24693,1.24684,1.5,1
02.08.2021 00:00:11.312,1.2469100000000002,1.24684,1,1
02.08.2021 00:00:11.463,1.2469100000000002,1.24682,1,1.75
02.08.2021 00:00:11.564,1.24693,1.24684,1.5,1.2
02.08.2021 00:00:11.666,1.24693,1.24684,1.5,2.72
02.08.2021 00:00:11.767,1.24698,1.24688,1,1
02.08.2021 00:00:11.969,1.24696,1.24689,1,1
02.08.2021 00:00:12.128,1.24693,1.24686,1.5,1
02.08.2021 00:00:13.713,1.24695,1.24686,1,1
02.08.2021 00:00:14.962,1.24695,1.2468700000000001,1,1
02.08.2021 00:00:15.383,1.2469700000000001,1.24686,1,1
02.08.2021 00:00:15.434,1.2469700000000001,1.2469000000000001,1,1
02.08.2021 00:00:15.586,1.24698,1.24688,1,1
02.08.2021 00:00:16.069,1.24699,1.24688,1.5,1
02.08.2021 00:00:17.057,1.24698,1.24689,2.37,1
02.08.2021 00:00:18.021,1.24699,1.24688,1.1,1
02.08.2021 00:00:19.743,1.24698,1.24688,1,1
02.08.2021 00:00:21.664,1.24703,1.24692,1,1
02.08.2021 00:00:21.715,1.24703,1.24696,1.87,1
02.08.2021 00:00:21.867,1.24704,1.24696,1,1
02.08.2021 00:00:22.298,1.2470700000000001,1.24696,1,1
02.08.2021 00:00:22.399,1.24706,1.24698,1,1
02.08.2021 00:00:23.020,1.24706,1.24696,1,1
02.08.2021 00:00:23.181,1.24706,1.2469700000000001,1,1
02.08.2021 00:00:23.282,1.2470700000000001,1.2469700000000001,1,1
02.08.2021 00:00:23.634,1.2470700000000001,1.24696,1,1
02.08.2021 00:00:23.735,1.2470700000000001,1.2469700000000001,1,1
02.08.2021 00:00:25.027,1.2471,1.247,1,1
02.08.2021 00:00:25.128,1.2471100000000002,1.247,1,1
02.08.2021 00:00:25.229,1.2471200000000002,1.2470100000000002,1,1
02.08.2021 00:00:25.745,1.2471200000000002,1.2470200000000002,1,1
02.08.2021 00:00:25.846,1.2471200000000002,1.24703,1,1
02.08.2021 00:00:30.626,1.24713,1.2470200000000002,1.62,1
02.08.2021 00:00:31.144,1.24713,1.2470200000000002,1.12,1
02.08.2021 00:00:32.987,1.24713,1.2470200000000002,1.5,1
02.08.2021 00:00:33.875,1.24713,1.2470200000000002,1.12,1
02.08.2021 00:00:34.005,1.2471200000000002,1.2470200000000002,1,1
02.08.2021 00:00:40.033,1.2471200000000002,1.2470100000000002,1,1
02.08.2021 00:00:45.046,1.24706,1.2469700000000001,1,1
02.08.2021 00:00:45.298,1.2470200000000002,1.24694,1,1
02.08.2021 00:00:45.400,1.24699,1.24692,1,2.75
02.08.2021 00:00:45.501,1.247,1.24688,1,1.5
02.08.2021 00:00:45.602,1.24699,1.24688,1.12,1
02.08.2021 00:00:45.703,1.247,1.24689,1.5,1
02.08.2021 00:00:46.583,1.247,1.24689,1,1
02.08.2021 00:00:46.786,1.24699,1.24689,1,1
02.08.2021 00:00:46.837,1.24693,1.24684,1,1.5
02.08.2021 00:00:47.001,1.24693,1.2468299999999999,1,1.5
02.08.2021 00:00:47.102,1.24694,1.24685,1,1
02.08.2021 00:00:47.203,1.24696,1.24684,1.1,1
02.08.2021 00:00:47.851,1.2469700000000001,1.24688,1.12,1
02.08.2021 00:00:49.937,1.24696,1.24686,1,1
02.08.2021 00:00:50.732,1.24698,1.2468700000000001,1.1,1
02.08.2021 00:00:50.833,1.24698,1.24688,1.1,1
02.08.2021 00:00:51.085,1.24698,1.24688,1.1,1
02.08.2021 00:00:51.186,1.24703,1.24694,1.5,1
02.08.2021 00:00:51.237,1.24706,1.2469700000000001,1.2,1
02.08.2021 00:00:51.338,1.24706,1.24698,1,1
02.08.2021 00:00:51.439,1.24706,1.2469700000000001,1,1
02.08.2021 00:00:51.921,1.2471200000000002,1.2470100000000002,1,1
02.08.2021 00:00:51.972,1.2471700000000001,1.24706,2.07,1.5
02.08.2021 00:00:52.023,1.24718,1.24708,2.25,1
02.08.2021 00:00:52.073,1.24719,1.2471100000000002,1.5,1
02.08.2021 00:00:52.125,1.2472,1.24713,1.5,1
02.08.2021 00:00:52.277,1.2472200000000002,1.2471200000000002,1,1
02.08.2021 00:00:56.207,1.2472200000000002,1.24714,1,1
02.08.2021 00:00:56.258,1.24728,1.2472100000000002,1.6,1
02.08.2021 00:00:56.359,1.24729,1.2472100000000002,1,1
02.08.2021 00:00:56.410,1.24726,1.2471700000000001,1,1
02.08.2021 00:00:56.511,1.24727,1.24718,1,1
02.08.2021 00:00:56.612,1.24725,1.24715,1,1
02.08.2021 00:00:56.713,1.24728,1.2471700000000001,1.1,1
02.08.2021 00:00:56.814,1.24728,1.24718,1,1
02.08.2021 00:00:57.273,1.24725,1.24716,1,1
02.08.2021 00:00:57.375,1.2472400000000001,1.24715,1,1
02.08.2021 00:00:59.254,1.24726,1.2471700000000001,1,1
02.08.2021 00:00:59.305,1.24729,1.24719,1.12,1
02.08.2021 00:00:59.356,1.24727,1.2471700000000001,1,1
02.08.2021 00:00:59.408,1.24729,1.24718,1.57,1
02.08.2021 00:00:59.509,1.24729,1.24719,1,1
02.08.2021 00:01:00.427,1.24729,1.2472200000000002,1,1
02.08.2021 00:01:00.478,1.2473,1.24718,1,1.1
02.08.2021 00:01:00.529,1.24725,1.2471700000000001,1,1
02.08.2021 00:01:00.579,1.24723,1.24713,1,1.5
02.08.2021 00:01:00.681,1.2472400000000001,1.2471200000000002,1.1,1
02.08.2021 00:01:01.098,1.24725,1.2471200000000002,1.1,1
02.08.2021 00:01:01.355,1.24725,1.24714,1.1,1
02.08.2021 00:01:01.931,1.24729,1.2471700000000001,1.6,1
02.08.2021 00:01:02.033,1.2473100000000001,1.2472,1.3,1
02.08.2021 00:01:02.134,1.2473,1.24718,1.1,1
02.08.2021 00:01:02.286,1.24728,1.24716,1.1,1
02.08.2021 00:01:02.337,1.24726,1.24714,1.1,1
02.08.2021 00:01:02.388,1.24726,1.2471100000000002,1.6,1.12
02.08.2021 00:01:02.490,1.24725,1.2471,1.57,1.12
02.08.2021 00:01:02.592,1.24725,1.2471200000000002,1.57,1.5
02.08.2021 00:01:03.313,1.24725,1.2471,1.57,1.25
02.08.2021 00:01:04.078,1.24723,1.2471100000000002,1,1.25
02.08.2021 00:01:06.552,1.24723,1.2471,1.1,1.5
02.08.2021 00:01:08.484,1.2472400000000001,1.2471,1,1
02.08.2021 00:01:08.602,1.2472400000000001,1.2471100000000002,2.7,1.69
02.08.2021 00:01:12.794,1.2472400000000001,1.2471,1,1.25
02.08.2021 00:01:18.252,1.24723,1.24709,1,2.81
02.08.2021 00:01:28.527,1.24725,1.24718,1.5,1
02.08.2021 00:01:28.577,1.24728,1.2471700000000001,1,1
02.08.2021 00:01:28.628,1.2473100000000001,1.2471700000000001,1.95,1.25
02.08.2021 00:01:31.096,1.2473100000000001,1.24719,2.07,1.25
02.08.2021 00:01:31.248,1.2473200000000002,1.24718,1.57,1.25
02.08.2021 00:01:35.007,1.24733,1.2472400000000001,1,1
02.08.2021 00:01:35.058,1.24738,1.2472400000000001,1.95,1
02.08.2021 00:01:35.778,1.24739,1.24725,1.57,1
02.08.2021 00:01:36.106,1.24737,1.24726,1,1
02.08.2021 00:01:37.250,1.24738,1.2472400000000001,1.5,1.1
02.08.2021 00:01:37.352,1.24736,1.2472400000000001,1,1.97
02.08.2021 00:01:37.468,1.24737,1.24723,1.57,1.12
02.08.2021 00:01:39.070,1.24737,1.2472400000000001,1,1
02.08.2021 00:01:44.141,1.24737,1.24725,1,1
02.08.2021 00:01:44.242,1.24738,1.24725,1,1
02.08.2021 00:01:51.122,1.24739,1.24725,1.95,1
02.08.2021 00:02:02.316,1.2473,1.2472100000000002,1,2
02.08.2021 00:02:02.518,1.2473,1.24719,1,1.75
02.08.2021 00:02:02.719,1.2473100000000001,1.24718,1,1
02.08.2021 00:02:07.469,1.2473,1.24716,1,2.19
02.08.2021 00:02:07.586,1.2473,1.24716,1,1.5
02.08.2021 00:02:09.277,1.24728,1.24715,1,1.39
02.08.2021 00:02:09.378,1.24728,1.2471700000000001,1,1
02.08.2021 00:02:09.479,1.2473,1.2471700000000001,1,1.12
02.08.2021 00:02:09.580,1.2473,1.24716,1,1.95
02.08.2021 00:02:11.187,1.24728,1.24715,1,2.26
02.08.2021 00:02:11.288,1.2472200000000002,1.2471200000000002,1,1.25
02.08.2021 00:02:11.339,1.2472200000000002,1.24709,1,1.2
02.08.2021 00:02:11.591,1.2472200000000002,1.2471,1,1
02.08.2021 00:02:11.844,1.2472100000000002,1.24709,1,2.25
02.08.2021 00:02:12.024,1.2472200000000002,1.24708,1,2.06
02.08.2021 00:02:12.126,1.2472200000000002,1.24709,1,1
02.08.2021 00:02:12.278,1.2472200000000002,1.24708,1,2.06
02.08.2021 00:02:12.680,1.24723,1.2471,1,1.69
02.08.2021 00:02:13.191,1.2472400000000001,1.2471,1,1.69
02.08.2021 00:02:13.293,1.24728,1.24714,1,1.12
02.08.2021 00:02:13.394,1.24726,1.24715,1,1.95
02.08.2021 00:02:13.876,1.24727,1.24715,1,1
02.08.2021 00:02:28.735,1.24727,1.24714,1,1
02.08.2021 00:02:28.843,1.24727,1.24715,1,1
02.08.2021 00:02:29.448,1.2472,1.2471200000000002,1,1.12
02.08.2021 00:02:29.499,1.24716,1.24705,1,2.25
02.08.2021 00:02:29.600,1.24715,1.24703,1,1.25
02.08.2021 00:02:29.702,1.2471200000000002,1.24705,1,1
02.08.2021 00:02:29.752,1.2471200000000002,1.2470200000000002,1,1
02.08.2021 00:02:30.200,1.2471200000000002,1.2470100000000002,1,1
02.08.2021 00:02:31.673,1.24714,1.2470100000000002,1,1.2
02.08.2021 00:02:35.460,1.2470700000000001,1.24698,1,1.75
02.08.2021 00:02:35.662,1.2470700000000001,1.24694,1,1.5
02.08.2021 00:02:35.764,1.24706,1.24695,1,1
02.08.2021 00:02:36.188,1.2471200000000002,1.24699,1.5,2.44
02.08.2021 00:02:36.289,1.2471200000000002,1.247,1,1.76
02.08.2021 00:02:36.642,1.2471100000000002,1.247,1,1.12
02.08.2021 00:02:41.208,1.24708,1.24696,1,1.5
02.08.2021 00:02:41.359,1.2470700000000001,1.2469700000000001,1,1
02.08.2021 00:02:41.724,1.24709,1.24696,1,1
02.08.2021 00:02:41.825,1.2471,1.2469700000000001,1,1
02.08.2021 00:02:41.876,1.2471200000000002,1.24698,1,1
02.08.2021 00:02:41.977,1.2471100000000002,1.247,1,1
02.08.2021 00:02:42.842,1.24713,1.2470100000000002,1,1
02.08.2021 00:02:42.943,1.24714,1.2470100000000002,1,1
02.08.2021 00:02:43.893,1.24716,1.24705,1,1
02.08.2021 00:02:43.944,1.2472,1.24706,1.6,1
02.08.2021 00:02:44.045,1.24718,1.2470700000000001,1,1
02.08.2021 00:02:44.146,1.24718,1.24708,1,1
02.08.2021 00:02:44.318,1.24719,1.24708,1,1
02.08.2021 00:02:45.086,1.2472200000000002,1.2471,1,1
02.08.2021 00:02:45.188,1.2472100000000002,1.2471,1,1
02.08.2021 00:02:45.289,1.2472100000000002,1.24709,1,1
02.08.2021 00:02:45.710,1.2472100000000002,1.2471,1,1
02.08.2021 00:02:46.143,1.2471700000000001,1.24709,1,1
02.08.2021 00:02:46.244,1.24714,1.24703,1,1.5
02.08.2021 00:02:46.345,1.24714,1.24703,1,1
02.08.2021 00:02:46.496,1.24714,1.2470200000000002,1,1
02.08.2021 00:02:52.975,1.24713,1.2470200000000002,1,1
02.08.2021 00:02:54.200,1.24714,1.2470200000000002,1,1
02.08.2021 00:02:55.435,1.24715,1.24703,1,1
02.08.2021 00:02:55.486,1.24718,1.24705,1.75,1
02.08.2021 00:02:55.587,1.24718,1.2470700000000001,1,1
02.08.2021 00:02:56.331,1.2472,1.2470700000000001,1,1
02.08.2021 00:02:57.199,1.2472,1.24708,1,1
02.08.2021 00:02:57.561,1.2472100000000002,1.2471,1,1
02.08.2021 00:02:58.561,1.2472200000000002,1.2471100000000002,1,1
02.08.2021 00:02:58.612,1.24725,1.2471200000000002,1,1
02.08.2021 00:02:58.713,1.24726,1.24713,1.12,1
02.08.2021 00:03:08.707,1.24726,1.24714,1,1
02.08.2021 00:03:08.808,1.24728,1.24714,1.1,1
02.08.2021 00:03:09.010,1.24729,1.2471700000000001,1,1
02.08.2021 00:03:10.508,1.24728,1.2471700000000001,1,1
02.08.2021 00:03:10.610,1.24728,1.24716,1,1
02.08.2021 00:03:11.180,1.24727,1.24715,1,1
02.08.2021 00:03:21.341,1.24726,1.24714,1,2.44
02.08.2021 00:03:21.442,1.24725,1.24714,1,2.32
02.08.2021 00:03:21.544,1.24727,1.24713,1,2.14
02.08.2021 00:03:22.233,1.24727,1.24714,1,1
02.08.2021 00:03:22.488,1.24727,1.24713,1,2.14
02.08.2021 00:03:23.253,1.24727,1.24714,1,1
02.08.2021 00:03:24.421,1.24728,1.2471700000000001,1,1.12
02.08.2021 00:03:24.573,1.2473,1.24716,1,1.2
02.08.2021 00:03:24.775,1.24729,1.24719,1,1
02.08.2021 00:03:25.078,1.2473400000000001,1.2472100000000002,1.1,1.25
02.08.2021 00:03:25.280,1.24735,1.2472200000000002,1,1
02.08.2021 00:03:30.114,1.24735,1.24725,1,1
02.08.2021 00:03:30.266,1.24735,1.2472400000000001,1,1
02.08.2021 00:03:31.340,1.24736,1.2472400000000001,1,1.1
02.08.2021 00:03:31.442,1.24738,1.24726,1,1
02.08.2021 00:03:31.543,1.24738,1.24725,1,1.01
02.08.2021 00:03:33.951,1.24736,1.2472400000000001,1,1
02.08.2021 00:03:37.933,1.24736,1.24725,1.1,1.12
02.08.2021 00:03:39.711,1.24736,1.24726,1,1
02.08.2021 00:03:40.899,1.24736,1.24725,1,1.2
02.08.2021 00:03:42.310,1.24737,1.24725,1,1
02.08.2021 00:03:42.885,1.24737,1.2472400000000001,1,1.01
02.08.2021 00:03:43.087,1.24737,1.24725,1,1
02.08.2021 00:03:44.840,1.24738,1.24725,1,1.1
02.08.2021 00:03:44.941,1.24738,1.24726,1,1
02.08.2021 00:03:45.297,1.2474200000000002,1.24733,1.5,1
02.08.2021 00:03:45.398,1.24743,1.2473200000000002,1,2.06
02.08.2021 00:03:45.449,1.24746,1.24733,1,1
02.08.2021 00:03:49.730,1.24746,1.2473400000000001,1,1
02.08.2021 00:03:49.998,1.24746,1.24735,1,1
02.08.2021 00:03:50.303,1.24746,1.2473400000000001,1,1
02.08.2021 00:03:51.262,1.2474500000000002,1.2473400000000001,1,1.69
02.08.2021 00:03:51.419,1.24747,1.2473400000000001,1,1
02.08.2021 00:03:51.521,1.24749,1.24735,1.97,1
02.08.2021 00:03:51.623,1.24749,1.24735,1.95,1
02.08.2021 00:03:51.926,1.24748,1.2473400000000001,1.57,1
02.08.2021 00:03:52.410,1.2475200000000002,1.24738,1.2,1.5
02.08.2021 00:03:52.512,1.2475200000000002,1.2474100000000001,1.6,1
02.08.2021 00:03:52.613,1.24754,1.2474,1.22,1
02.08.2021 00:03:56.415,1.2475500000000002,1.2474100000000001,1.6,1.5
02.08.2021 00:03:56.566,1.2475500000000002,1.2474100000000001,1.1,1.5
02.08.2021 00:03:57.737,1.2475500000000002,1.24743,1.95,1
02.08.2021 00:03:57.838,1.24756,1.2474100000000001,1.97,1.5
02.08.2021 00:03:57.939,1.2475500000000002,1.24743,1.97,1
02.08.2021 00:03:58.243,1.24756,1.2474200000000002,1.97,1
02.08.2021 00:03:59.103,1.2475500000000002,1.2474100000000001,1.6,1
02.08.2021 00:04:00.153,1.2475100000000001,1.24739,1,1.12
02.08.2021 00:04:01.296,1.24744,1.24733,1,1.5
02.08.2021 00:04:01.499,1.2474200000000002,1.2473200000000002,1,1.5
02.08.2021 00:04:01.600,1.24743,1.2473100000000001,1,1
02.08.2021 00:04:05.499,1.24738,1.24725,1,3.04
02.08.2021 00:04:05.550,1.24737,1.24725,1,2.42
02.08.2021 00:04:05.868,1.24738,1.2472400000000001,1,1.2
02.08.2021 00:04:06.562,1.24736,1.24723,1,1.6
02.08.2021 00:04:07.420,1.24736,1.24723,1,1.1
02.08.2021 00:04:07.749,1.2473200000000002,1.2472,1,1.5
02.08.2021 00:04:07.850,1.2473,1.2472100000000002,1,1.5
02.08.2021 00:04:07.951,1.24729,1.24719,1,1.12
02.08.2021 00:04:08.052,1.24729,1.24718,1,1.2
02.08.2021 00:04:08.154,1.24728,1.24715,1,1.2
02.08.2021 00:04:08.493,1.2473100000000001,1.2472,1.5,1
02.08.2021 00:04:08.595,1.24735,1.2472200000000002,1,1
02.08.2021 00:04:10.936,1.2473,1.2471700000000001,1,2.07
02.08.2021 00:04:11.138,1.24729,1.2471700000000001,1,1.2
02.08.2021 00:04:16.720,1.24729,1.24716,1,1.12
02.08.2021 00:04:18.584,1.24723,1.2471100000000002,1,1.97
02.08.2021 00:04:18.686,1.24723,1.2471,1,1.2
02.08.2021 00:04:19.830,1.24725,1.2471100000000002,1,1.1
02.08.2021 00:04:19.932,1.2472400000000001,1.2471200000000002,1,1
02.08.2021 00:04:20.033,1.24723,1.2471200000000002,1,1
02.08.2021 00:04:20.185,1.2472100000000002,1.2471200000000002,1,1
02.08.2021 00:04:20.236,1.2472200000000002,1.24709,1,1.76
02.08.2021 00:04:20.338,1.2472100000000002,1.24709,1,1.12
02.08.2021 00:04:24.248,1.2472100000000002,1.24708,1,1
02.08.2021 00:04:24.350,1.2472200000000002,1.24708,1,1.1
02.08.2021 00:04:25.030,1.2472100000000002,1.2470700000000001,1,1.12
02.08.2021 00:04:28.612,1.2472100000000002,1.2471,1,1
02.08.2021 00:04:29.353,1.2472200000000002,1.2471200000000002,1,1
02.08.2021 00:04:29.404,1.24725,1.24713,1,1
02.08.2021 00:04:29.505,1.24726,1.24713,1.57,1
02.08.2021 00:04:29.606,1.24726,1.24714,1.1,1
02.08.2021 00:04:30.077,1.2472400000000001,1.2471100000000002,1,1
02.08.2021 00:04:30.178,1.2472200000000002,1.2471100000000002,1,1
02.08.2021 00:04:30.280,1.2472200000000002,1.24709,1,1.12
02.08.2021 00:04:33.111,1.2472200000000002,1.24708,1,1.1
02.08.2021 00:04:33.213,1.24716,1.24706,1,1.5
02.08.2021 00:04:33.264,1.2472200000000002,1.24708,1,1
02.08.2021 00:04:33.869,1.2472,1.24709,1,1.12
02.08.2021 00:04:33.970,1.2472200000000002,1.24708,1,1.12
02.08.2021 00:04:34.706,1.2472,1.24709,1,1.12
02.08.2021 00:04:34.807,1.2472200000000002,1.24708,1,1.12
02.08.2021 00:04:36.644,1.2472100000000002,1.24708,1,1.12
02.08.2021 00:04:41.231,1.24723,1.2471,1,1.57
02.08.2021 00:04:41.332,1.24726,1.24714,1.12,1
02.08.2021 00:04:41.433,1.24726,1.24713,1,1
02.08.2021 00:04:45.590,1.2472200000000002,1.24709,1,1.87
02.08.2021 00:04:50.456,1.2472400000000001,1.2471100000000002,1,1.1
02.08.2021 00:04:50.507,1.24727,1.2471200000000002,1.87,1.1
02.08.2021 00:04:50.608,1.24727,1.24713,1.12,1.1
02.08.2021 00:04:50.709,1.24726,1.24714,1,1.1
02.08.2021 00:04:50.810,1.24729,1.24716,1.12,1
02.08.2021 00:04:50.962,1.24729,1.2471700000000001,1,1.1
02.08.2021 00:04:52.195,1.2473100000000001,1.24718,1,1
02.08.2021 00:04:52.296,1.2473200000000002,1.2472100000000002,1,1.5
02.08.2021 00:04:53.322,1.24729,1.24718,1,1.6
02.08.2021 00:04:53.524,1.24729,1.24716,1,2.85
02.08.2021 00:04:53.836,1.2473100000000001,1.2471700000000001,1,1.1
02.08.2021 00:04:53.887,1.2473200000000002,1.24719,1,1.12
02.08.2021 00:04:53.938,1.24733,1.2472,1,1.2
02.08.2021 00:04:54.039,1.2473400000000001,1.2472,1,1
02.08.2021 00:04:54.241,1.2473,1.2471700000000001,1,1.1
02.08.2021 00:04:54.443,1.2473,1.24716,1,3.39
02.08.2021 00:04:54.731,1.2473,1.24718,1,1.2
02.08.2021 00:04:54.832,1.2473,1.2471700000000001,1,1.2
02.08.2021 00:04:55.509,1.2473100000000001,1.2471700000000001,1,2.54
02.08.2021 00:04:55.560,1.2473200000000002,1.24719,1,1.57
02.08.2021 00:04:55.661,1.2473400000000001,1.24719,1.95,1
02.08.2021 00:04:59.142,1.2473400000000001,1.2472,1,1
02.08.2021 00:05:11.228,1.24728,1.24716,1,2.1
02.08.2021 00:05:11.330,1.24727,1.24714,1,3.46
02.08.2021 00:05:11.431,1.24727,1.24714,1,1
02.08.2021 00:05:13.005,1.24727,1.24716,1,1
02.08.2021 00:05:16.783,1.24727,1.2471700000000001,1,1
02.08.2021 00:05:16.897,1.24728,1.2472,1,1
02.08.2021 00:05:16.999,1.24729,1.24718,1,1
02.08.2021 00:05:17.101,1.24729,1.24719,1,1
02.08.2021 00:05:17.253,1.2473,1.24719,1,1
02.08.2021 00:05:18.995,1.2473,1.2472,1,1
02.08.2021 00:05:19.341,1.2473,1.2471700000000001,1,1
02.08.2021 00:05:19.442,1.2473100000000001,1.24718,1,1
02.08.2021 00:05:29.089,1.24735,1.2472200000000002,1,1
02.08.2021 00:05:29.190,1.24736,1.24723,1,1
02.08.2021 00:05:35.297,1.24735,1.24723,1,1.5
02.08.2021 00:05:46.267,1.24736,1.24723,1,1
02.08.2021 00:05:46.368,1.24736,1.24725,1,1.5
02.08.2021 00:05:46.470,1.24738,1.24725,1,1
02.08.2021 00:06:03.342,1.24738,1.24727,1,1
02.08.2021 00:06:03.443,1.2474,1.24727,1.5,1
02.08.2021 00:06:03.964,1.2474,1.24726,1.5,1
02.08.2021 00:06:05.867,1.24739,1.24725,1,1.57
02.08.2021 00:06:07.732,1.24738,1.24727,1,1
02.08.2021 00:06:08.605,1.2474200000000002,1.2473100000000001,1,1
02.08.2021 00:06:08.656,1.24746,1.2473200000000002,1.87,1.5
02.08.2021 00:06:08.758,1.24747,1.24733,1.5,1
02.08.2021 00:06:08.860,1.24746,1.24735,1,1
02.08.2021 00:06:09.077,1.24747,1.24733,1,1.12
02.08.2021 00:06:09.234,1.24746,1.24735,1,1
02.08.2021 00:06:09.498,1.24747,1.24733,1,1.12
02.08.2021 00:06:25.845,1.24746,1.2473400000000001,1,1.1
02.08.2021 00:06:28.712,1.24748,1.2473400000000001,1.12,1.57
02.08.2021 00:06:31.588,1.2474500000000002,1.2473400000000001,1,1.1
02.08.2021 00:06:42.192,1.24746,1.2473400000000001,1,1.1
02.08.2021 00:06:42.635,1.24748,1.24733,1.95,1.57
02.08.2021 00:06:42.737,1.24748,1.24733,1.87,1.6
02.08.2021 00:06:44.401,1.24747,1.2473400000000001,1.95,1.1
02.08.2021 00:06:45.815,1.24748,1.24733,1.87,1.6
02.08.2021 00:06:47.031,1.2475200000000002,1.24739,1.5,2.25
02.08.2021 00:06:47.132,1.2475500000000002,1.2474100000000001,1.5,1.57
02.08.2021 00:06:47.183,1.2475500000000002,1.2474100000000001,1,2.07
02.08.2021 00:06:49.298,1.2475500000000002,1.2474100000000001,1,1.95
02.08.2021 00:06:49.399,1.2475500000000002,1.2474200000000002,1,1.1
02.08.2021 00:06:49.867,1.24754,1.2474200000000002,1,1.95
02.08.2021 00:06:51.559,1.24754,1.2474200000000002,1,1.97
02.08.2021 00:06:51.660,1.2475500000000002,1.2474100000000001,1,1.95
02.08.2021 00:06:56.762,1.24754,1.24743,1,1
02.08.2021 00:06:57.434,1.2475500000000002,1.2474100000000001,1,1.95
02.08.2021 00:06:57.579,1.2475500000000002,1.2474200000000002,1,1
02.08.2021 00:06:57.967,1.24754,1.2474200000000002,1,1.95
02.08.2021 00:06:58.169,1.24754,1.24743,1,1
02.08.2021 00:06:59.293,1.2475500000000002,1.2474100000000001,1,1.95
02.08.2021 00:06:59.447,1.2475500000000002,1.2474200000000002,1,1
02.08.2021 00:07:00.112,1.24758,1.24744,1.2,1
02.08.2021 00:07:00.214,1.24761,1.24749,1.5,1.57
02.08.2021 00:07:00.265,1.24761,1.24749,1,2.32
02.08.2021 00:07:00.367,1.2476200000000002,1.24748,1,1.6
02.08.2021 00:07:00.997,1.2476200000000002,1.2475100000000001,1,1
02.08.2021 00:07:01.598,1.2476200000000002,1.2475,1,1.95
02.08.2021 00:07:03.535,1.2476200000000002,1.2475,1,1.97
02.08.2021 00:07:03.636,1.24763,1.24749,1,1.95
02.08.2021 00:07:04.543,1.2476200000000002,1.2475100000000001,1,1
02.08.2021 00:07:09.204,1.24763,1.24749,1,1.95
02.08.2021 00:07:09.255,1.24761,1.24749,1,1.2
02.08.2021 00:07:12.341,1.2476,1.2475100000000001,1,1
02.08.2021 00:07:12.443,1.24761,1.2475200000000002,1,1.87
02.08.2021 00:07:12.493,1.24764,1.2475200000000002,1,2.25
02.08.2021 00:07:12.957,1.2476500000000001,1.24753,1,1.12
02.08.2021 00:07:14.725,1.2476200000000002,1.24754,1,1
02.08.2021 00:07:14.776,1.2476200000000002,1.24749,1,1.2
02.08.2021 00:07:14.927,1.24763,1.2475200000000002,1,1
02.08.2021 00:07:24.200,1.2476200000000002,1.24749,1,1.6
02.08.2021 00:07:24.402,1.2476200000000002,1.24749,1,1.1
02.08.2021 00:07:25.314,1.2476,1.24749,1,1.1
02.08.2021 00:07:25.415,1.24757,1.24748,1,1
02.08.2021 00:07:25.465,1.24758,1.2474500000000002,1,1.2
02.08.2021 00:07:25.567,1.24756,1.24746,1,1.1
02.08.2021 00:07:27.693,1.24758,1.2474500000000002,1,1.1
02.08.2021 00:07:28.702,1.24759,1.2474500000000002,1,1.57
02.08.2021 00:07:31.169,1.24759,1.24746,1,1
02.08.2021 00:07:31.653,1.24763,1.24749,2.1,1
02.08.2021 00:07:31.754,1.24763,1.24749,1.1,1
02.08.2021 00:07:34.026,1.24763,1.24749,1.1,1.1
02.08.2021 00:07:40.854,1.24761,1.24748,1,1.12
02.08.2021 00:07:46.736,1.24761,1.24749,1,1
02.08.2021 00:07:47.302,1.24761,1.24748,1,1.12
02.08.2021 00:07:47.403,1.24756,1.2474500000000002,1,1
02.08.2021 00:07:47.504,1.24757,1.24743,1,1.5
02.08.2021 00:07:47.605,1.24756,1.24746,1,1
02.08.2021 00:07:48.421,1.2475200000000002,1.24743,1,1.12
02.08.2021 00:07:48.522,1.24753,1.2474100000000001,1,1
02.08.2021 00:07:48.573,1.2475200000000002,1.24738,1,2.07
02.08.2021 00:07:48.675,1.2475100000000001,1.24738,1,2.07
02.08.2021 00:07:48.877,1.2475200000000002,1.24739,1,1.12
02.08.2021 00:07:51.115,1.24747,1.24735,1,2
02.08.2021 00:07:51.216,1.24746,1.24733,1,1.5
02.08.2021 00:07:52.228,1.2474500000000002,1.24736,1,1
02.08.2021 00:07:52.279,1.2475100000000001,1.24739,1.5,1
02.08.2021 00:07:52.381,1.2475200000000002,1.2474,1.5,1
02.08.2021 00:07:52.482,1.24753,1.2474200000000002,1,1
02.08.2021 00:07:55.102,1.2475200000000002,1.2474100000000001,1,1
02.08.2021 00:07:55.204,1.2475200000000002,1.2474,1,1
02.08.2021 00:07:56.047,1.2475200000000002,1.2474100000000001,1,1.12
02.08.2021 00:07:56.149,1.2475,1.24739,1,1.75
02.08.2021 00:07:56.250,1.2475100000000001,1.24738,1,1
02.08.2021 00:07:56.978,1.2474200000000002,1.24735,1,1
02.08.2021 00:07:57.080,1.2474200000000002,1.24729,1,2.19
02.08.2021 00:07:57.182,1.2474200000000002,1.24729,1,1
02.08.2021 00:07:57.648,1.2474200000000002,1.2473100000000001,1,1
02.08.2021 00:08:01.380,1.24744,1.2473100000000001,1.1,1
02.08.2021 00:08:01.431,1.2474500000000002,1.24733,1,1
02.08.2021 00:08:01.532,1.2474500000000002,1.2473400000000001,1,1
02.08.2021 00:08:01.633,1.24744,1.2473400000000001,1,1
02.08.2021 00:08:01.735,1.2474500000000002,1.24736,1,1
02.08.2021 00:08:01.886,1.2474500000000002,1.24738,1,1
02.08.2021 00:08:01.988,1.2474500000000002,1.24737,1,1
02.08.2021 00:08:02.089,1.2474500000000002,1.24736,1,1
02.08.2021 00:08:03.325,1.24744,1.24736,1,1
02.08.2021 00:08:06.144,1.2474500000000002,1.24737,1,1
02.08.2021 00:08:06.397,1.24743,1.24738,1,1
02.08.2021 00:08:06.447,1.24743,1.2473400000000001,1,1
02.08.2021 00:08:07.824,1.2474500000000002,1.24736,1,1
02.08.2021 00:08:08.557,1.2474500000000002,1.24737,1,1
02.08.2021 00:08:09.371,1.24746,1.24737,1,1
02.08.2021 00:08:09.473,1.24746,1.24738,1,1
02.08.2021 00:08:10.053,1.2474500000000002,1.24737,1,1
02.08.2021 00:08:11.025,1.2474500000000002,1.24738,1,1
02.08.2021 00:08:11.483,1.24744,1.24738,1,1
02.08.2021 00:08:12.227,1.24744,1.24737,1,1
02.08.2021 00:08:12.922,1.24743,1.24736,1,1
02.08.2021 00:08:13.074,1.24743,1.24735,1,1
02.08.2021 00:08:13.326,1.2474200000000002,1.2473400000000001,1,1
02.08.2021 00:08:13.427,1.24743,1.2473400000000001,1.1,1
02.08.2021 00:08:14.250,1.24743,1.24735,1.1,1
02.08.2021 00:08:14.352,1.2474500000000002,1.24736,1,1
02.08.2021 00:08:14.503,1.24744,1.24735,1,1
02.08.2021 00:08:18.265,1.2474500000000002,1.24736,1,1
02.08.2021 00:08:18.777,1.24744,1.24736,1,1
02.08.2021 00:08:20.955,1.24744,1.24737,1,1
02.08.2021 00:08:21.005,1.24748,1.24736,1,1
02.08.2021 00:08:24.878,1.24747,1.2474100000000001,1,1
02.08.2021 00:08:24.930,1.2475200000000002,1.2474200000000002,1.6,1
02.08.2021 00:08:25.032,1.2475100000000001,1.24744,1.5,1
02.08.2021 00:08:25.134,1.2475200000000002,1.24743,1,1
02.08.2021 00:08:25.807,1.2475,1.24738,1.1,1.5
02.08.2021 00:08:25.857,1.24747,1.24739,1,1
02.08.2021 00:08:25.958,1.24746,1.24738,1,1
02.08.2021 00:08:27.115,1.24744,1.24735,1,1
02.08.2021 00:08:27.216,1.24744,1.2473400000000001,1,1
02.08.2021 00:08:28.269,1.24743,1.2473400000000001,1,1
02.08.2021 00:08:31.375,1.2474500000000002,1.24736,1,1
02.08.2021 00:08:31.477,1.24746,1.24735,1,1
02.08.2021 00:08:31.638,1.24746,1.2473400000000001,1,1
02.08.2021 00:08:31.740,1.24744,1.2473400000000001,1,1
02.08.2021 00:08:36.408,1.24744,1.24733,1,1
02.08.2021 00:08:40.885,1.24744,1.24736,1,1
02.08.2021 00:08:40.986,1.24744,1.2473400000000001,1,1
02.08.2021 00:08:41.105,1.2474500000000002,1.24735,1,1
02.08.2021 00:08:41.256,1.24744,1.2473400000000001,1,1
02.08.2021 00:08:42.875,1.2474500000000002,1.24737,1,1
02.08.2021 00:08:42.925,1.24747,1.24737,1,1
02.08.2021 00:08:44.462,1.2474500000000002,1.24737,1,1
02.08.2021 00:08:44.806,1.24747,1.24737,1,1
02.08.2021 00:08:47.262,1.24746,1.24736,1,1
02.08.2021 00:08:47.363,1.2474500000000002,1.24736,1,1
02.08.2021 00:08:47.465,1.24746,1.24736,1,1
02.08.2021 00:08:47.516,1.2474500000000002,1.2473400000000001,1,1
02.08.2021 00:08:49.693,1.24744,1.24736,1,1
02.08.2021 00:08:49.794,1.24746,1.24736,1,1
02.08.2021 00:08:51.313,1.24747,1.24737,1,1
02.08.2021 00:08:51.415,1.24748,1.24737,1,1
02.08.2021 00:08:51.566,1.24749,1.24738,1,1
02.08.2021 00:08:51.718,1.24746,1.24736,1,1
02.08.2021 00:08:52.237,1.24747,1.24736,1.1,1
02.08.2021 00:08:52.339,1.24746,1.24736,1.1,1
02.08.2021 00:08:52.491,1.24747,1.2473400000000001,1.1,1
02.08.2021 00:08:53.083,1.24746,1.24733,1.1,1
02.08.2021 00:08:53.285,1.2474500000000002,1.24735,1,1
02.08.2021 00:08:53.436,1.2474500000000002,1.2473400000000001,1,1
02.08.2021 00:08:54.123,1.24748,1.24736,1.1,1
02.08.2021 00:08:54.325,1.24746,1.2473400000000001,1,1.12
02.08.2021 00:08:54.577,1.24747,1.24735,1.1,1
02.08.2021 00:08:57.493,1.24747,1.2473400000000001,1.1,1
02.08.2021 00:09:00.519,1.24748,1.24736,1,1
02.08.2021 00:09:00.620,1.24749,1.24736,1,1.5
02.08.2021 00:09:00.671,1.2475100000000001,1.24737,1.2,1
02.08.2021 00:09:00.873,1.24747,1.24735,1.1,1
02.08.2021 00:09:04.131,1.24747,1.2473400000000001,1.1,1
02.08.2021 00:09:04.474,1.24748,1.24735,1.1,1
02.08.2021 00:09:04.626,1.24747,1.2473400000000001,1.1,1
02.08.2021 00:09:06.540,1.24746,1.24735,1.1,1
02.08.2021 00:09:06.641,1.24746,1.2473400000000001,1.1,1.5
02.08.2021 00:09:07.379,1.24747,1.2473400000000001,1.1,1
02.08.2021 00:09:08.716,1.24744,1.24733,3,1.12
02.08.2021 00:09:08.818,1.24744,1.2473,1.1,1
02.08.2021 00:09:08.929,1.24744,1.2473200000000002,1.22,1
02.08.2021 00:09:11.062,1.2474500000000002,1.2473100000000001,1.1,1
02.08.2021 00:09:12.979,1.2474500000000002,1.2473200000000002,1.1,1
02.08.2021 00:09:13.563,1.2474500000000002,1.2473200000000002,1.1,1
02.08.2021 00:09:23.793,1.24746,1.24733,1.1,1.5
02.08.2021 00:09:23.844,1.24748,1.24735,1.1,1
02.08.2021 00:09:24.045,1.24748,1.2473400000000001,1.1,1.5
02.08.2021 00:09:24.199,1.24748,1.24735,1.1,1
02.08.2021 00:09:25.062,1.24747,1.24733,1.1,1.5
02.08.2021 00:09:25.319,1.24744,1.24733,1,1
02.08.2021 00:09:25.420,1.2474200000000002,1.2473200000000002,1,1
02.08.2021 00:09:26.691,1.2474,1.24726,1.1,3.56
02.08.2021 00:09:27.080,1.2474,1.24726,1.1,2.25
02.08.2021 00:09:30.422,1.2474,1.24727,1.1,1.5
02.08.2021 00:09:30.524,1.2474100000000001,1.24727,1.1,1.5
02.08.2021 00:09:31.491,1.2474100000000001,1.24729,1,1
02.08.2021 00:09:33.141,1.2474,1.24728,1.1,1.12
02.08.2021 00:09:33.242,1.24739,1.24727,1.1,2
02.08.2021 00:09:33.359,1.24739,1.24727,1.1,1.5
02.08.2021 00:09:41.224,1.24739,1.24725,1.1,2.62
02.08.2021 00:09:41.376,1.24739,1.24727,1.1,1.5
02.08.2021 00:09:41.477,1.24739,1.24727,1.1,1.5
02.08.2021 00:09:42.765,1.2474,1.24729,1.1,1
02.08.2021 00:09:42.967,1.2474200000000002,1.24728,1.1,1
02.08.2021 00:09:45.315,1.2474200000000002,1.24729,1,1.87
02.08.2021 00:09:45.824,1.2474100000000001,1.2473100000000001,1,1
02.08.2021 00:09:47.803,1.24738,1.24727,1.1,1.5
02.08.2021 00:09:47.905,1.24738,1.24725,1,1.5
02.08.2021 00:09:47.956,1.24738,1.24725,1.1,1
02.08.2021 00:09:48.320,1.2473200000000002,1.24719,1,2.75
02.08.2021 00:09:48.524,1.2473100000000001,1.24719,1.1,1.5
02.08.2021 00:09:48.777,1.2473200000000002,1.24719,1.1,1
02.08.2021 00:09:48.879,1.2473100000000001,1.2472100000000002,1,1
02.08.2021 00:09:48.980,1.24733,1.2472,1,1
02.08.2021 00:09:49.132,1.24735,1.2472,1.1,2.25
02.08.2021 00:09:51.534,1.24735,1.2472,1.1,1.5
02.08.2021 00:10:00.649,1.24739,1.24725,1.6,1
02.08.2021 00:10:00.750,1.24738,1.24727,1.6,1
02.08.2021 00:10:00.851,1.24739,1.24726,1.1,1
02.08.2021 00:10:00.970,1.24739,1.24725,1.1,1.5
02.08.2021 00:10:01.071,1.2474,1.24726,1.22,1
02.08.2021 00:10:01.738,1.24739,1.24725,1.1,1.5
02.08.2021 00:10:02.508,1.24738,1.24726,1.1,1.5
02.08.2021 00:10:03.073,1.24738,1.2472400000000001,1.1,1
02.08.2021 00:10:06.093,1.24733,1.2472400000000001,1.6,1
02.08.2021 00:10:06.194,1.24733,1.2472200000000002,1.1,1
02.08.2021 00:10:06.245,1.2473200000000002,1.2472,1.1,1.12
02.08.2021 00:10:06.347,1.2473100000000001,1.24719,1.1,2.25
02.08.2021 00:10:09.243,1.2473200000000002,1.24718,1.6,1
02.08.2021 00:10:09.344,1.2473,1.24718,1.1,1.12
02.08.2021 00:10:12.217,1.2473100000000001,1.24716,1.57,2.25
02.08.2021 00:10:13.754,1.2473100000000001,1.24718,1.1,1
02.08.2021 00:10:14.597,1.2473,1.24716,1,1.5
02.08.2021 00:10:17.246,1.2473100000000001,1.24718,1.1,1
02.08.2021 00:10:19.465,1.24733,1.24719,2.35,1
02.08.2021 00:10:19.566,1.24733,1.24719,1.57,1
02.08.2021 00:10:22.028,1.24733,1.2472,1.57,1
02.08.2021 00:10:22.130,1.24738,1.2472400000000001,1.6,1
02.08.2021 00:10:22.281,1.24738,1.2472400000000001,1.1,1
02.08.2021 00:10:22.560,1.24737,1.24723,1,1.87
02.08.2021 00:10:26.291,1.24738,1.2472400000000001,1.1,2.62
02.08.2021 00:10:26.442,1.24737,1.2472400000000001,1,1.12
02.08.2021 00:10:27.845,1.24737,1.24723,1,2.62
02.08.2021 00:10:36.525,1.2473400000000001,1.24723,1,1.12
02.08.2021 00:10:37.499,1.2473400000000001,1.24726,1,1
02.08.2021 00:10:37.600,1.24735,1.24726,1,1.5
02.08.2021 00:10:37.802,1.24736,1.2472400000000001,1,1.87
02.08.2021 00:10:37.903,1.24736,1.24725,1,1
02.08.2021 00:10:40.722,1.24736,1.2472400000000001,1,1.87
02.08.2021 00:10:40.825,1.24735,1.24725,1,1
02.08.2021 00:10:40.927,1.24735,1.2472400000000001,1,1.12
02.08.2021 00:10:41.030,1.24736,1.24723,1,1.5
02.08.2021 00:10:41.255,1.24735,1.2472400000000001,1,1
02.08.2021 00:10:41.517,1.24735,1.2472200000000002,1,1.12
02.08.2021 00:10:45.323,1.2473,1.24718,1,3
02.08.2021 00:10:45.425,1.24729,1.24718,1,2.25
02.08.2021 00:10:45.526,1.24728,1.24719,1,2.12
02.08.2021 00:10:45.627,1.24729,1.2471700000000001,1,1.5
02.08.2021 00:10:49.902,1.24729,1.2472,1,1.12
02.08.2021 00:10:50.003,1.2473,1.2472,1,1.87
02.08.2021 00:10:50.162,1.2473,1.24718,1,1.87
02.08.2021 00:10:50.326,1.24729,1.24719,1,2
02.08.2021 00:10:51.004,1.2473100000000001,1.24719,1,1.12
02.08.2021 00:10:51.384,1.24729,1.24718,1,1.5
02.08.2021 00:10:55.121,1.2473,1.24718,1,2.75
02.08.2021 00:10:57.044,1.2473100000000001,1.24719,1,1.12
02.08.2021 00:11:02.123,1.2473100000000001,1.2472,1,1
02.08.2021 00:11:02.507,1.2473100000000001,1.24719,1,1.87
02.08.2021 00:11:03.171,1.2473,1.24719,1,1.12
02.08.2021 00:11:03.272,1.24728,1.2472,1,1.12
02.08.2021 00:11:03.642,1.2473,1.24719,1,2
02.08.2021 00:11:03.743,1.24729,1.24718,1,2
02.08.2021 00:11:04.098,1.2472100000000002,1.24713,1,1.5
02.08.2021 00:11:04.199,1.2472100000000002,1.2471,1,1
02.08.2021 00:11:04.352,1.2472100000000002,1.24709,1,1.12
02.08.2021 00:11:06.028,1.2472100000000002,1.2471,1,1
02.08.2021 00:11:06.763,1.2472100000000002,1.24709,1,1.12
02.08.2021 00:11:11.095,1.2472100000000002,1.2471,1,1
02.08.2021 00:11:19.668,1.2472100000000002,1.24709,1,1.12
02.08.2021 00:11:21.153,1.24718,1.24708,1,1.12
02.08.2021 00:11:21.254,1.24714,1.2470200000000002,1,2.25
02.08.2021 00:11:21.355,1.24713,1.24703,1,1
02.08.2021 00:11:21.810,1.24714,1.2470100000000002,1,1
02.08.2021 00:11:21.961,1.24714,1.247,1.1,1.12
02.08.2021 00:11:22.113,1.2471200000000002,1.247,1,1.12
02.08.2021 00:11:24.077,1.2471100000000002,1.247,1,1.12
02.08.2021 00:11:24.719,1.2471100000000002,1.2470100000000002,1,1.12
02.08.2021 00:11:27.740,1.2471100000000002,1.247,1,1.12
02.08.2021 00:11:27.891,1.24708,1.2469700000000001,1,1
02.08.2021 00:11:27.992,1.2470700000000001,1.24696,1,1.5
02.08.2021 00:11:28.093,1.24708,1.24694,1,1.5
02.08.2021 00:11:28.195,1.24706,1.24694,1,1.5
02.08.2021 00:11:29.087,1.24706,1.24694,1,1.87
02.08.2021 00:11:30.739,1.2471,1.2470100000000002,1,1.5
02.08.2021 00:11:30.790,1.24713,1.2470100000000002,1,1
02.08.2021 00:11:30.891,1.24713,1.247,1,1.5
02.08.2021 00:11:30.992,1.2471200000000002,1.247,1,1.12
02.08.2021 00:11:31.370,1.24714,1.2470100000000002,1,1.5
02.08.2021 00:11:31.421,1.2471100000000002,1.247,1,1.12
02.08.2021 00:11:37.033,1.2471200000000002,1.24699,1,1.5
02.08.2021 00:11:37.134,1.2471100000000002,1.24699,1,1.5
02.08.2021 00:11:45.028,1.24709,1.24698,1,1
02.08.2021 00:11:45.130,1.2471,1.2469700000000001,1.1,1.12
02.08.2021 00:11:45.479,1.24709,1.24696,1.1,1
02.08.2021 00:11:45.580,1.2471,1.24696,1.1,1
02.08.2021 00:11:48.317,1.2471,1.247,1,1
02.08.2021 00:11:48.368,1.2471200000000002,1.2470100000000002,1,1
02.08.2021 00:11:48.520,1.2471200000000002,1.2470200000000002,1,1.5
02.08.2021 00:11:48.671,1.2471200000000002,1.247,1,1.5
02.08.2021 00:11:48.722,1.2471200000000002,1.247,1,1.12
02.08.2021 00:11:50.520,1.24713,1.2470100000000002,1.1,1.12
02.08.2021 00:11:50.621,1.2471100000000002,1.247,1,1.12
02.08.2021 00:11:51.182,1.24713,1.2470100000000002,1.1,1.87
02.08.2021 00:11:51.610,1.2471200000000002,1.2470100000000002,1,1.12
02.08.2021 00:11:51.711,1.2471,1.2470100000000002,1,1.12
02.08.2021 00:11:54.865,1.2471200000000002,1.24699,1.1,1.5
02.08.2021 00:11:54.915,1.2471,1.2469700000000001,1,1.12
02.08.2021 00:11:55.067,1.24708,1.24696,1,1.5
02.08.2021 00:11:55.168,1.24708,1.24696,1,1
02.08.2021 00:12:00.556,1.24706,1.24696,1,1
02.08.2021 00:12:00.762,1.24706,1.24693,1,1.5
02.08.2021 00:12:13.676,1.2471,1.24694,1.6,1.87
02.08.2021 00:12:13.727,1.2471,1.24703,1,2.25
02.08.2021 00:12:13.778,1.24716,1.24706,1.5,1.25
02.08.2021 00:12:13.829,1.24719,1.24709,1.5,1
02.08.2021 00:12:13.930,1.2472200000000002,1.2471100000000002,2,1
02.08.2021 00:12:13.981,1.24723,1.2471,1,1
02.08.2021 00:12:14.082,1.24723,1.24709,1,1
02.08.2021 00:12:14.577,1.24723,1.2471,1,1
02.08.2021 00:12:17.089,1.24723,1.2471100000000002,1,1.5
02.08.2021 00:12:17.191,1.24727,1.24715,1.5,1
02.08.2021 00:12:17.292,1.24726,1.24716,1,1.5
02.08.2021 00:12:17.494,1.24726,1.24714,1,1
02.08.2021 00:12:17.595,1.24726,1.24713,1,1.5
02.08.2021 00:12:23.139,1.24725,1.24713,1.1,1.5
02.08.2021 00:12:25.505,1.2472200000000002,1.2471,1,1.87
02.08.2021 00:12:28.146,1.2472200000000002,1.24715,1,1
02.08.2021 00:12:28.248,1.24727,1.2471700000000001,1.12,3.19
02.08.2021 00:12:28.401,1.24727,1.24718,1,1
02.08.2021 00:12:31.329,1.24729,1.24723,1.5,1
02.08.2021 00:12:31.430,1.2473100000000001,1.2472100000000002,1,1
02.08.2021 00:12:31.532,1.2473200000000002,1.2472400000000001,1,1
02.08.2021 00:12:31.582,1.24736,1.24725,1,1.69
02.08.2021 00:12:31.683,1.24737,1.24725,2,2.87
02.08.2021 00:12:31.785,1.24736,1.24726,1.5,2.06
02.08.2021 00:12:32.088,1.24736,1.24727,1.5,1
02.08.2021 00:12:32.189,1.24737,1.24725,1.5,2.25
02.08.2021 00:12:32.290,1.24736,1.24727,1.5,1
02.08.2021 00:12:32.391,1.24737,1.24725,1.5,2.25
02.08.2021 00:12:32.607,1.24737,1.24726,1.5,1
02.08.2021 00:12:32.708,1.2473200000000002,1.24723,1,2
02.08.2021 00:12:32.809,1.24736,1.24725,2.1,1
02.08.2021 00:12:33.012,1.24736,1.24727,1.5,1
02.08.2021 00:12:33.163,1.24736,1.24726,1.5,2.44
02.08.2021 00:12:33.427,1.24737,1.24726,1.5,1
02.08.2021 00:12:34.060,1.24737,1.24723,1.5,4.21
02.08.2021 00:12:34.162,1.24736,1.24726,1.5,1
02.08.2021 00:12:34.464,1.24737,1.24726,1.5,1
02.08.2021 00:12:34.839,1.24736,1.24725,1.6,1
02.08.2021 00:12:39.699,1.24735,1.24725,1.5,1.25
02.08.2021 00:12:39.800,1.2473200000000002,1.2472400000000001,1,1.69
02.08.2021 00:12:39.901,1.24735,1.24723,1.5,3
02.08.2021 00:12:39.952,1.24737,1.24725,1.5,1
02.08.2021 00:12:40.054,1.24736,1.24727,1.5,1
02.08.2021 00:12:40.155,1.24737,1.2472400000000001,1.5,1.5
02.08.2021 00:12:40.548,1.24736,1.24727,1.5,1
02.08.2021 00:12:40.598,1.24737,1.2472400000000001,1.5,1.69
02.08.2021 00:12:41.021,1.24736,1.24727,1.5,1
02.08.2021 00:12:41.071,1.24736,1.24725,1.5,1.69
02.08.2021 00:12:43.175,1.24736,1.24725,1.5,1.69
02.08.2021 00:12:44.157,1.24737,1.2472400000000001,1.5,1.69
02.08.2021 00:12:45.327,1.24736,1.24725,1.5,1.69
02.08.2021 00:12:46.328,1.24737,1.2472400000000001,1.5,1.69
02.08.2021 00:12:49.206,1.24738,1.24726,2.07,1
02.08.2021 00:12:49.308,1.24738,1.24725,2.07,1.25
02.08.2021 00:12:49.410,1.24738,1.2472400000000001,2.26,2.12
02.08.2021 00:12:50.214,1.24736,1.2472400000000001,1.5,1
02.08.2021 00:12:50.365,1.24736,1.24727,1.5,1
02.08.2021 00:12:51.796,1.24736,1.24727,1.5,1
02.08.2021 00:12:51.847,1.24736,1.2472400000000001,1.5,1
02.08.2021 00:12:51.948,1.24737,1.24726,1.5,1
02.08.2021 00:12:52.049,1.24737,1.2472400000000001,1.5,2.12
02.08.2021 00:12:52.409,1.24737,1.24726,1.5,1
02.08.2021 00:12:52.797,1.24737,1.24726,1.5,1
02.08.2021 00:12:54.824,1.24736,1.24727,1.5,1.5
02.08.2021 00:12:55.099,1.24737,1.2472400000000001,2.75,1
02.08.2021 00:12:55.150,1.24737,1.24726,1.5,2.25
02.08.2021 00:12:56.901,1.24736,1.24727,1.5,1.5
02.08.2021 00:12:57.861,1.24736,1.24727,1.5,1.5
02.08.2021 00:12:58.862,1.24736,1.24727,1.5,1.5
02.08.2021 00:13:00.522,1.24737,1.24726,1.5,1.5
02.08.2021 00:13:01.267,1.24737,1.24726,1.5,1.5
02.08.2021 00:13:04.270,1.24737,1.24727,2.07,1.5
02.08.2021 00:13:04.790,1.24737,1.24726,2.26,1
02.08.2021 00:13:04.891,1.24737,1.24727,3.5,1.5
02.08.2021 00:13:05.153,1.24738,1.24727,1.5,1
02.08.2021 00:13:05.255,1.24738,1.24726,1.5,2.81
02.08.2021 00:13:06.297,1.24737,1.24727,2.07,1.87
02.08.2021 00:13:06.449,1.24737,1.24725,4.32,3.62
02.08.2021 00:13:06.551,1.24738,1.24726,2,1.5
02.08.2021 00:13:07.252,1.24737,1.2472400000000001,1.5,2.62
02.08.2021 00:13:07.304,1.24736,1.24726,1.5,1
02.08.2021 00:13:07.355,1.24735,1.24725,1.5,1
02.08.2021 00:13:07.457,1.24736,1.24726,2.37,1
02.08.2021 00:13:07.559,1.24737,1.24726,2.37,1.5
02.08.2021 00:13:11.214,1.24735,1.24723,1.5,6
02.08.2021 00:13:11.265,1.24737,1.24726,1.5,1.5
02.08.2021 00:14:00.959,1.24735,1.24725,1.5,1
02.08.2021 00:14:01.060,1.24735,1.2472400000000001,2,2.44
02.08.2021 00:14:01.584,1.24736,1.2472400000000001,1.5,1.5
02.08.2021 00:14:02.320,1.24736,1.24723,1.5,3.19
02.08.2021 00:14:03.650,1.24733,1.24723,1.35,1.5
02.08.2021 00:14:03.752,1.2473,1.24723,3.07,1.5
02.08.2021 00:14:03.803,1.2473200000000002,1.2472200000000002,1.58,1
02.08.2021 00:14:03.855,1.2473,1.24719,1.1,1.5
02.08.2021 00:14:03.906,1.24735,1.2472200000000002,1.1,1.69
02.08.2021 00:14:04.008,1.2473100000000001,1.24723,1,3
02.08.2021 00:14:04.059,1.24733,1.2472400000000001,1,3.75
02.08.2021 00:14:04.161,1.2473200000000002,1.2472200000000002,1,1.5
02.08.2021 00:14:04.263,1.2473400000000001,1.2472400000000001,1.12,1
02.08.2021 00:14:04.314,1.2473200000000002,1.2472400000000001,1,1
02.08.2021 00:14:04.365,1.24733,1.24725,1,1.5
02.08.2021 00:14:04.416,1.24736,1.24726,1.5,1
02.08.2021 00:14:04.467,1.24735,1.2472400000000001,1,1
02.08.2021 00:14:04.569,1.24736,1.24726,1,1.5
02.08.2021 00:14:04.823,1.24737,1.24727,1.57,1.5
02.08.2021 00:14:05.342,1.24736,1.24727,1,1.69
02.08.2021 00:14:05.796,1.24738,1.24726,1,2.44
02.08.2021 00:14:06.453,1.2474,1.24727,1.57,1
02.08.2021 00:14:06.504,1.24738,1.24726,1,2.25
02.08.2021 00:14:06.605,1.24738,1.24727,1,1
02.08.2021 00:14:06.706,1.24737,1.24727,1,2.25
02.08.2021 00:14:12.416,1.24736,1.24725,1,1
02.08.2021 00:14:12.517,1.24737,1.24727,1,1
02.08.2021 00:14:12.619,1.24736,1.24727,1,1.5
02.08.2021 00:14:14.546,1.2473200000000002,1.2472200000000002,1.5,1.6
02.08.2021 00:14:14.647,1.2473100000000001,1.2472400000000001,10.6,1
02.08.2021 00:14:14.698,1.2473400000000001,1.2472200000000002,1,1.87
02.08.2021 00:14:14.749,1.2473100000000001,1.24723,1,2.25
02.08.2021 00:14:14.850,1.24735,1.2472400000000001,1,1
02.08.2021 00:14:14.901,1.24735,1.24726,1.2,1
02.08.2021 00:14:14.952,1.2473400000000001,1.2472400000000001,1.31,1
02.08.2021 00:14:15.003,1.2473100000000001,1.24723,1,1.5
02.08.2021 00:14:15.104,1.24736,1.24727,1,1
02.08.2021 00:14:15.205,1.24737,1.24727,1,1
02.08.2021 00:14:15.357,1.24737,1.24726,1,2.25
02.08.2021 00:14:15.559,1.24739,1.24726,1.5,2.25
02.08.2021 00:14:15.660,1.24736,1.24726,1.12,1
02.08.2021 00:14:15.711,1.24736,1.24723,1.5,2.69
02.08.2021 00:14:15.799,1.24733,1.2472400000000001,1,5.25
02.08.2021 00:14:15.849,1.24736,1.2472400000000001,1.5,1
02.08.2021 00:14:16.317,1.24735,1.2472400000000001,1.5,4.69
02.08.2021 00:14:16.435,1.24735,1.24725,1.5,1
02.08.2021 00:14:17.283,1.24737,1.24727,1,2.25
02.08.2021 00:14:20.014,1.24739,1.24727,1,1
02.08.2021 00:14:20.116,1.24739,1.24726,1.5,2.32
02.08.2021 00:14:20.217,1.24738,1.24728,1,1
02.08.2021 00:14:20.368,1.24739,1.24726,1.5,2.25
02.08.2021 00:14:20.520,1.24739,1.24727,1,1
02.08.2021 00:14:20.621,1.24739,1.24726,1.5,2.25
02.08.2021 00:14:21.161,1.24739,1.24727,1.5,1
02.08.2021 00:14:21.262,1.24739,1.24726,1.5,2.25
02.08.2021 00:14:21.896,1.24739,1.24727,1,1
02.08.2021 00:14:23.360,1.24739,1.24726,1.5,2.25
02.08.2021 00:14:24.089,1.24738,1.24728,1,1
02.08.2021 00:14:24.191,1.24739,1.24726,1.5,2.25
02.08.2021 00:14:24.481,1.24739,1.24727,1,1
02.08.2021 00:14:24.686,1.24739,1.24726,1.5,2.25
02.08.2021 00:14:24.888,1.24739,1.24727,1,1
02.08.2021 00:14:25.522,1.24739,1.24727,1,3.44
02.08.2021 00:14:25.573,1.24743,1.2473200000000002,2.22,1
02.08.2021 00:14:25.724,1.24744,1.2473100000000001,1.5,1
02.08.2021 00:14:26.310,1.2474500000000002,1.24733,1.1,1
02.08.2021 00:14:32.770,1.24743,1.24733,1,1
02.08.2021 00:14:34.751,1.24743,1.2473200000000002,1,1
02.08.2021 00:14:35.462,1.2474,1.24729,1,2
02.08.2021 00:14:35.563,1.2474,1.24729,1,1
02.08.2021 00:14:47.309,1.24737,1.24726,1,1
02.08.2021 00:14:47.872,1.24737,1.24727,1,1
02.08.2021 00:14:48.074,1.24737,1.24726,1,1
02.08.2021 00:14:48.175,1.24736,1.24726,1,1
02.08.2021 00:14:50.881,1.24739,1.24727,1,1
02.08.2021 00:14:50.982,1.2474,1.24727,1.5,1
02.08.2021 00:14:51.083,1.24737,1.24725,1,1.5
02.08.2021 00:14:52.600,1.24739,1.24728,1,1
02.08.2021 00:14:53.006,1.24738,1.24726,1,1
02.08.2021 00:14:53.107,1.24738,1.24727,1,1
02.08.2021 00:14:58.450,1.24736,1.24725,1,1
02.08.2021 00:15:00.551,1.2474,1.24728,1,1.5
02.08.2021 00:15:00.652,1.24739,1.24728,1,1.5
02.08.2021 00:15:02.659,1.24739,1.24729,1,1
02.08.2021 00:15:02.761,1.2474,1.24729,1,1
02.08.2021 00:15:02.812,1.2474100000000001,1.2473200000000002,1,1
02.08.2021 00:15:07.015,1.2474100000000001,1.24729,1,1.57
02.08.2021 00:15:09.137,1.24736,1.2473,1,1
02.08.2021 00:15:09.440,1.24737,1.24725,1,1.12
02.08.2021 00:15:09.591,1.24737,1.24726,1,1.5
02.08.2021 00:15:09.776,1.24737,1.24727,1,1
02.08.2021 00:15:09.877,1.24737,1.24726,1,1.5
02.08.2021 00:15:10.125,1.24737,1.24725,1,2.14
02.08.2021 00:15:12.107,1.24737,1.24727,1,1
02.08.2021 00:15:12.158,1.24735,1.2472200000000002,1,3.85
02.08.2021 00:15:12.208,1.2473100000000001,1.2472,1,1.6
02.08.2021 00:15:12.259,1.24735,1.24723,1.87,1.12
02.08.2021 00:15:12.309,1.24737,1.24726,3.68,1
02.08.2021 00:15:12.360,1.2473200000000002,1.2472400000000001,1,3.75
02.08.2021 00:15:12.411,1.2473400000000001,1.24725,1,1
02.08.2021 00:15:12.562,1.2473200000000002,1.2472400000000001,1.5,2.25
02.08.2021 00:15:12.664,1.24735,1.24725,1.1,1
02.08.2021 00:15:12.715,1.24733,1.24723,1,1
02.08.2021 00:15:12.766,1.24729,1.2472400000000001,1,1
02.08.2021 00:15:12.817,1.2473200000000002,1.24723,1,1.5
02.08.2021 00:15:12.918,1.24735,1.24726,1.1,1
02.08.2021 00:15:12.969,1.24733,1.24723,1,2.25
02.08.2021 00:15:13.070,1.24736,1.24726,1.5,1.69
02.08.2021 00:15:13.121,1.24733,1.24723,1,4.5
02.08.2021 00:15:13.172,1.24736,1.2472400000000001,1,1.57
02.08.2021 00:15:13.273,1.24736,1.24725,1,1.5
02.08.2021 00:15:13.374,1.24733,1.2472400000000001,1,2.75
02.08.2021 00:15:13.476,1.2473200000000002,1.2472400000000001,1,4.25
02.08.2021 00:15:13.577,1.24735,1.24723,1,3.75
02.08.2021 00:15:13.733,1.24736,1.24723,1.5,3.75
02.08.2021 00:15:13.834,1.2473400000000001,1.24723,1,3.75
02.08.2021 00:15:13.936,1.24736,1.24726,1.6,1
02.08.2021 00:15:13.987,1.24733,1.2472400000000001,1,1
02.08.2021 00:15:14.087,1.2473400000000001,1.24726,1,1
02.08.2021 00:15:14.138,1.24736,1.24725,1,1
02.08.2021 00:15:14.240,1.24736,1.24725,1.5,2.51
02.08.2021 00:15:14.291,1.24736,1.24728,1,1
02.08.2021 00:15:14.342,1.24737,1.24725,1,1.5
02.08.2021 00:15:14.444,1.24737,1.24727,1,1
02.08.2021 00:15:14.495,1.24737,1.24725,1,1.69
02.08.2021 00:15:15.124,1.24736,1.24728,1,1
02.08.2021 00:15:15.225,1.24738,1.24728,1,1
02.08.2021 00:15:15.428,1.24738,1.24726,1,1.5
02.08.2021 00:15:15.632,1.24737,1.24728,1,1.5
02.08.2021 00:15:15.683,1.2474,1.24727,1.5,1.1
02.08.2021 00:15:15.734,1.2474,1.24729,1,1
02.08.2021 00:15:15.887,1.24736,1.24727,1,1.12
02.08.2021 00:15:21.329,1.2473400000000001,1.24723,1,5
02.08.2021 00:15:21.431,1.2473,1.2472400000000001,1,5.19
02.08.2021 00:15:21.482,1.2473400000000001,1.2472200000000002,1,2.75
02.08.2021 00:15:21.533,1.2473100000000001,1.2472400000000001,1,1
02.08.2021 00:15:21.634,1.24735,1.24723,1.5,5.2
02.08.2021 00:15:22.789,1.24736,1.2472400000000001,1.5,1
02.08.2021 00:15:25.714,1.24735,1.2472400000000001,1,1.5
02.08.2021 00:15:25.765,1.24733,1.24723,1.5,1.5
02.08.2021 00:15:26.017,1.2473400000000001,1.24723,1,3
02.08.2021 00:15:26.118,1.2473400000000001,1.24725,1.5,1.25
02.08.2021 00:15:26.219,1.2473100000000001,1.24723,1,1
02.08.2021 00:15:26.321,1.2473200000000002,1.24726,1,1
02.08.2021 00:15:26.372,1.24736,1.2472400000000001,1.5,1.5
02.08.2021 00:15:26.473,1.24735,1.24726,1,1.5
02.08.2021 00:15:27.119,1.24736,1.24726,1,1.5
02.08.2021 00:15:29.561,1.24736,1.24727,1,1.5
02.08.2021 00:15:32.641,1.24738,1.24726,1.5,1.5
02.08.2021 00:15:41.954,1.24738,1.24727,1,1
02.08.2021 00:15:42.055,1.24736,1.24727,1,1.5
02.08.2021 00:15:42.207,1.24738,1.24727,1,1
02.08.2021 00:15:42.308,1.24737,1.24726,1,2.25
02.08.2021 00:15:42.409,1.24737,1.24727,1,1
02.08.2021 00:15:42.510,1.24737,1.24726,1,1.5
02.08.2021 00:15:48.546,1.24736,1.24726,1,1
02.08.2021 00:15:48.648,1.24735,1.24726,1,1
02.08.2021 00:15:48.749,1.24736,1.2472400000000001,1,1
02.08.2021 00:15:52.537,1.24737,1.2472400000000001,1.5,1
02.08.2021 00:15:58.731,1.24737,1.24725,1,1
02.08.2021 00:16:00.599,1.24735,1.24727,1,1.5
02.08.2021 00:16:00.700,1.24735,1.24728,1,1
02.08.2021 00:16:00.807,1.24736,1.24726,1,2.25
02.08.2021 00:16:00.908,1.24738,1.24726,1.5,1.5
02.08.2021 00:16:01.703,1.24737,1.24728,1,1
02.08.2021 00:16:01.804,1.24737,1.24727,1,2.25
02.08.2021 00:16:02.006,1.24738,1.24727,1,1
02.08.2021 00:16:02.107,1.24738,1.24726,1.5,1.5
02.08.2021 00:16:02.947,1.24739,1.24726,1.1,1.5
02.08.2021 00:16:03.049,1.2474,1.24727,2.35,1
02.08.2021 00:16:03.204,1.24739,1.24728,1.57,1
02.08.2021 00:16:03.306,1.24739,1.24726,1,3
02.08.2021 00:16:03.408,1.24739,1.24728,1.57,1
02.08.2021 00:16:03.556,1.24739,1.24726,1,3
02.08.2021 00:16:06.081,1.24738,1.24726,1,2.25
02.08.2021 00:16:06.132,1.24739,1.24728,1.57,1
02.08.2021 00:16:06.234,1.24739,1.24726,1,3
02.08.2021 00:16:06.336,1.2474,1.24727,1.6,1
02.08.2021 00:16:06.437,1.2474,1.24727,1.57,1
02.08.2021 00:16:06.539,1.24738,1.24727,1,3
02.08.2021 00:16:08.170,1.24739,1.24728,2.35,1
02.08.2021 00:16:08.272,1.24737,1.24727,1,2.25
02.08.2021 00:16:08.769,1.24739,1.24728,1.6,1
02.08.2021 00:16:08.871,1.24738,1.24727,1,3
02.08.2021 00:16:09.732,1.2474,1.24727,2.35,1
02.08.2021 00:16:09.883,1.24738,1.24726,1,2.25
02.08.2021 00:16:10.392,1.2474,1.24727,1.97,1
02.08.2021 00:16:11.937,1.24739,1.24726,1.1,3
02.08.2021 00:16:13.538,1.24738,1.24726,1,2.25
02.08.2021 00:16:14.728,1.24738,1.24727,1.1,3
02.08.2021 00:16:14.980,1.24738,1.24726,1,2.25
02.08.2021 00:16:15.455,1.24739,1.24726,1.1,3
02.08.2021 00:16:15.657,1.2474,1.24727,1.97,1
02.08.2021 00:16:15.817,1.24739,1.24726,1.1,3
02.08.2021 00:16:17.882,1.2473200000000002,1.24725,1,1
02.08.2021 00:16:17.933,1.2473400000000001,1.2472200000000002,2.2,1
02.08.2021 00:16:17.984,1.2473,1.2472,1.1,1.5
02.08.2021 00:16:18.035,1.24733,1.2472200000000002,2.14,1
02.08.2021 00:16:18.187,1.2473,1.2472100000000002,1,1.87
02.08.2021 00:16:18.288,1.2473,1.24719,1,1.5
02.08.2021 00:16:18.389,1.2473,1.24719,1,1
02.08.2021 00:16:23.241,1.2473,1.2472,1.1,1
02.08.2021 00:16:23.731,1.2473,1.24718,1,1
02.08.2021 00:16:29.304,1.2473,1.2471700000000001,1.79,1.5
02.08.2021 00:16:29.406,1.24723,1.2471200000000002,1.5,2.19
02.08.2021 00:16:29.508,1.24723,1.2471200000000002,1.57,1
02.08.2021 00:16:29.609,1.2472200000000002,1.2471200000000002,1.2,1
02.08.2021 00:16:29.711,1.24723,1.2471,1.95,1.5
02.08.2021 00:16:31.960,1.24723,1.24716,1,1
02.08.2021 00:16:32.012,1.24726,1.2471700000000001,1,1
02.08.2021 00:16:32.114,1.24729,1.24718,1.12,1
02.08.2021 00:16:32.316,1.24729,1.24716,1.12,1.5
02.08.2021 00:16:34.115,1.24728,1.24715,3.07,1
02.08.2021 00:16:35.049,1.24727,1.24715,1,1.5
02.08.2021 00:16:35.151,1.24726,1.24715,1,1
02.08.2021 00:16:35.373,1.24726,1.24714,1.5,1
02.08.2021 00:16:35.810,1.24725,1.24716,1,1
02.08.2021 00:16:36.090,1.24727,1.24715,1.57,1
02.08.2021 00:16:36.192,1.24727,1.24716,1,1
02.08.2021 00:16:36.293,1.24728,1.24716,1,1
02.08.2021 00:16:37.681,1.24726,1.24715,1,1
02.08.2021 00:16:37.884,1.24726,1.24716,1,1
02.08.2021 00:16:38.036,1.24725,1.24716,1,1
02.08.2021 00:16:38.138,1.24727,1.24715,1,1
02.08.2021 00:16:39.227,1.24725,1.24716,1,1
02.08.2021 00:16:43.731,1.24725,1.2471700000000001,1,1
02.08.2021 00:16:43.844,1.24728,1.2471700000000001,1,1
02.08.2021 00:16:43.945,1.24729,1.2471700000000001,1,1
02.08.2021 00:16:58.279,1.2473,1.2471700000000001,2.51,1
02.08.2021 00:16:58.330,1.24726,1.2471700000000001,1.1,1
02.08.2021 00:16:59.765,1.24727,1.24715,1.95,1
02.08.2021 00:17:00.018,1.24727,1.24715,2.72,1
02.08.2021 00:17:00.119,1.2472400000000001,1.24713,1.1,1
02.08.2021 00:17:00.271,1.24725,1.24713,1,4.5
02.08.2021 00:17:00.372,1.2472400000000001,1.24714,1,1
02.08.2021 00:17:00.474,1.24725,1.2471700000000001,1,1.5
02.08.2021 00:17:00.524,1.24728,1.24716,1.57,1
02.08.2021 00:17:00.676,1.24728,1.2471700000000001,1.57,1
02.08.2021 00:17:00.878,1.24727,1.2471700000000001,1.57,1
02.08.2021 00:17:01.030,1.24727,1.24718,1.1,1
02.08.2021 00:17:01.535,1.24729,1.24719,2.2,1.69
02.08.2021 00:17:01.637,1.24733,1.2472,2.24,1.5
02.08.2021 00:17:07.487,1.2473200000000002,1.2472,1.1,1
02.08.2021 00:17:23.955,1.2473,1.2472,1,1
02.08.2021 00:17:31.393,1.24729,1.2472,1,1
02.08.2021 00:17:53.850,1.2473,1.2472,1,1
02.08.2021 00:18:03.089,1.2473,1.24719,1,1
02.08.2021 00:18:05.225,1.2473,1.24718,1.1,1
02.08.2021 00:18:05.326,1.24729,1.24718,1,1
02.08.2021 00:18:17.313,1.2473,1.24718,1,1
02.08.2021 00:18:18.765,1.2473100000000001,1.24719,1,1
02.08.2021 00:18:19.846,1.2473100000000001,1.2472,1,1
02.08.2021 00:18:20.253,1.24729,1.2472,1,1
02.08.2021 00:18:20.790,1.2473,1.24718,1,1
02.08.2021 00:18:20.992,1.24729,1.2472,1,1
02.08.2021 00:18:25.370,1.24733,1.2472400000000001,1,1
02.08.2021 00:18:25.472,1.24738,1.24726,2.07,1
02.08.2021 00:18:25.573,1.24737,1.24727,1.1,1
02.08.2021 00:18:25.775,1.24736,1.24726,1,1
02.08.2021 00:18:27.832,1.24738,1.24725,1.1,1
02.08.2021 00:18:27.933,1.24738,1.24726,1.1,1
02.08.2021 00:18:32.779,1.24736,1.24726,1,2.25
02.08.2021 00:18:32.830,1.24738,1.24727,1,1
02.08.2021 00:18:33.032,1.24737,1.24729,1,1
02.08.2021 00:18:33.134,1.24738,1.24727,1,1
02.08.2021 00:18:36.913,1.24738,1.24728,1.1,1
02.08.2021 00:18:37.015,1.24738,1.24727,1.1,1
02.08.2021 00:18:37.116,1.24737,1.24729,1,1
02.08.2021 00:18:37.268,1.24737,1.24728,1,1
02.08.2021 00:18:47.096,1.24739,1.24728,1.1,1
02.08.2021 00:18:50.850,1.24739,1.24727,1.1,1
02.08.2021 00:18:50.951,1.24739,1.24728,1.1,1
02.08.2021 00:18:54.647,1.24738,1.24728,1.1,1
02.08.2021 00:18:55.168,1.24739,1.24728,1.1,1
02.08.2021 00:18:55.320,1.24739,1.24727,1.1,1
02.08.2021 00:18:55.497,1.24738,1.24729,1.1,1
02.08.2021 00:18:56.998,1.24739,1.24727,1.1,1
02.08.2021 00:18:57.099,1.24739,1.24728,1.1,1
02.08.2021 00:18:59.217,1.24739,1.24727,1.1,1
02.08.2021 00:19:03.370,1.24739,1.24728,1,1
02.08.2021 00:19:03.471,1.24739,1.24727,1,1
02.08.2021 00:19:03.829,1.24738,1.24729,1,1
02.08.2021 00:19:03.931,1.24739,1.24727,1,1
02.08.2021 00:19:05.023,1.2473200000000002,1.2472400000000001,1,2
02.08.2021 00:19:05.074,1.24737,1.24726,1,1
02.08.2021 00:19:05.176,1.24738,1.24726,1,1
02.08.2021 00:19:05.521,1.24735,1.24727,1,1
02.08.2021 00:19:06.775,1.24736,1.24727,1,1.25
02.08.2021 00:19:10.009,1.24736,1.24728,1,1
02.08.2021 00:19:17.950,1.24739,1.24727,1,1
02.08.2021 00:19:18.052,1.24738,1.24727,1,1
02.08.2021 00:19:37.420,1.24738,1.24726,1,1
02.08.2021 00:19:41.381,1.2474200000000002,1.2473400000000001,1.75,1
02.08.2021 00:19:41.482,1.24743,1.2473400000000001,1,1
02.08.2021 00:19:41.684,1.2474500000000002,1.24735,1.1,1
02.08.2021 00:19:50.854,1.2474100000000001,1.2473100000000001,1,1
02.08.2021 00:19:50.956,1.2474100000000001,1.24728,1,3.76
02.08.2021 00:19:51.057,1.2474,1.24728,1,1.01
02.08.2021 00:19:51.159,1.24738,1.24729,1,1.76
02.08.2021 00:19:52.389,1.24738,1.24727,1,2.32
02.08.2021 00:19:53.390,1.24737,1.24727,1,1.1
02.08.2021 00:19:53.441,1.2474200000000002,1.2473400000000001,1.5,2.5
02.08.2021 00:19:53.542,1.2474200000000002,1.24736,1,1.25
02.08.2021 00:19:53.593,1.24746,1.24736,1.12,1
02.08.2021 00:19:53.745,1.24746,1.24735,1,1.25
02.08.2021 00:19:58.115,1.24748,1.24736,1.5,1
02.08.2021 00:19:59.571,1.24747,1.24736,1.5,1.01
02.08.2021 00:20:05.621,1.24747,1.24738,1,1
02.08.2021 00:20:05.722,1.24748,1.24736,1,1
02.08.2021 00:20:06.410,1.24748,1.24735,1.5,1.01
02.08.2021 00:20:09.497,1.24748,1.24737,1,1
02.08.2021 00:20:09.598,1.24747,1.24737,1,1
02.08.2021 00:20:12.351,1.24748,1.24737,1,1
02.08.2021 00:20:12.402,1.24748,1.24735,1,1.01
02.08.2021 00:20:13.063,1.24748,1.24736,1,1
02.08.2021 00:20:14.198,1.24748,1.24735,1,1.01
02.08.2021 00:20:19.522,1.24747,1.24737,1,1.5
02.08.2021 00:20:28.996,1.24747,1.24736,1,1.76
02.08.2021 00:20:29.048,1.2475100000000001,1.24738,2.14,1.87
02.08.2021 00:20:29.149,1.2475,1.2474100000000001,1,1
02.08.2021 00:20:30.293,1.2475100000000001,1.2474100000000001,1,1
02.08.2021 00:20:31.045,1.2475200000000002,1.2474200000000002,1,1
02.08.2021 00:20:31.148,1.2475200000000002,1.2474,1,1
02.08.2021 00:20:31.249,1.2475100000000001,1.2474200000000002,1,1
02.08.2021 00:20:31.351,1.24753,1.2474100000000001,1,1
02.08.2021 00:20:32.994,1.24753,1.2474,1,1
02.08.2021 00:20:34.057,1.24753,1.2474200000000002,1,1
02.08.2021 00:20:37.351,1.24753,1.2474100000000001,1,1
02.08.2021 00:20:40.426,1.24749,1.24738,1,1.57
02.08.2021 00:20:40.477,1.2475100000000001,1.24739,1,1
02.08.2021 00:20:40.579,1.2475100000000001,1.2474,1,1
02.08.2021 00:20:41.363,1.2475200000000002,1.2474100000000001,1,1
02.08.2021 00:20:46.813,1.24753,1.2474100000000001,1,1
02.08.2021 00:20:47.553,1.24759,1.24747,1.5,1
02.08.2021 00:20:47.654,1.24759,1.24748,1,1
02.08.2021 00:20:47.705,1.2476,1.2475,1,1
02.08.2021 00:21:00.271,1.24759,1.24746,1,1.39
02.08.2021 00:21:00.321,1.2476,1.2475,1,1.1
02.08.2021 00:21:01.486,1.24759,1.24749,1,1.12
02.08.2021 00:21:04.709,1.2476,1.24749,1,1
02.08.2021 00:21:05.017,1.24761,1.24749,1,1
02.08.2021 00:21:11.442,1.24761,1.24748,1,1
02.08.2021 00:21:13.458,1.2476,1.2475,1,1
02.08.2021 00:21:15.299,1.24761,1.24748,1,1
02.08.2021 00:21:16.215,1.24757,1.24744,1.5,1.76
02.08.2021 00:21:16.316,1.24754,1.24743,1,2.2
02.08.2021 00:21:16.418,1.24753,1.24746,1,1
02.08.2021 00:21:16.519,1.24754,1.24743,1,4.45
02.08.2021 00:21:27.808,1.24754,1.24744,1,4.82
02.08.2021 00:21:29.459,1.24753,1.24743,1,1.5
02.08.2021 00:21:29.561,1.24753,1.2474500000000002,1,1.25
02.08.2021 00:21:33.161,1.24756,1.2474500000000002,1,1.39
02.08.2021 00:21:33.262,1.24754,1.2474500000000002,1,1.6
02.08.2021 00:21:33.313,1.24757,1.24747,1,1.1
02.08.2021 00:21:33.771,1.24756,1.24746,1,1.39
02.08.2021 00:21:33.872,1.2475500000000002,1.24746,1,1.1
02.08.2021 00:21:35.736,1.2475500000000002,1.2474500000000002,1.5,1.95
02.08.2021 00:21:35.837,1.2475500000000002,1.24743,1,3.82
02.08.2021 00:21:36.131,1.2475500000000002,1.2474500000000002,1,2.2
02.08.2021 00:21:39.736,1.2475500000000002,1.24746,1,1.5
02.08.2021 00:21:39.837,1.2475500000000002,1.24743,1,4.95
02.08.2021 00:21:39.938,1.2475500000000002,1.24746,1,1.5
02.08.2021 00:21:40.140,1.24754,1.24746,1,1.25
02.08.2021 00:21:40.242,1.2475500000000002,1.24746,1,1.5
02.08.2021 00:21:40.343,1.2475500000000002,1.24743,1,4.76
02.08.2021 00:21:41.192,1.24754,1.24743,1,2.32
02.08.2021 00:21:41.293,1.2475100000000001,1.2474200000000002,1,1
02.08.2021 00:21:41.344,1.24754,1.24743,1,3.19
02.08.2021 00:21:41.395,1.24754,1.24746,1,1.5
02.08.2021 00:21:41.446,1.24754,1.24743,1,4.79
02.08.2021 00:21:43.154,1.24753,1.24744,1,4.76
02.08.2021 00:21:43.393,1.24754,1.24743,1,4.79
02.08.2021 00:21:45.377,1.24754,1.24743,1,4.76
02.08.2021 00:21:45.427,1.24754,1.24746,1,1.5
02.08.2021 00:21:51.448,1.2476,1.24747,1.87,2.6
02.08.2021 00:22:08.376,1.2476,1.24747,1,2.29
02.08.2021 00:22:14.571,1.2476,1.24748,1,3.22
02.08.2021 00:22:14.774,1.2476,1.24748,1,1.2
02.08.2021 00:22:16.300,1.24759,1.24747,1,2
02.08.2021 00:22:16.453,1.24761,1.24748,1,1.2
02.08.2021 00:22:30.374,1.24761,1.24749,1,1
02.08.2021 00:22:30.577,1.24761,1.24748,1,1.95
02.08.2021 00:22:33.000,1.2476,1.24747,1,3.22
02.08.2021 00:22:33.101,1.24761,1.24748,1,1.2
02.08.2021 00:22:33.676,1.2476,1.24749,1,1.22
02.08.2021 00:22:44.515,1.24759,1.24748,1,1.6
02.08.2021 00:22:44.616,1.2476,1.2474500000000002,1.1,1.51
02.08.2021 00:22:44.667,1.24754,1.2474500000000002,1,1.5
02.08.2021 00:22:44.717,1.24757,1.2474200000000002,1,4.3
02.08.2021 00:22:44.768,1.24757,1.2474200000000002,1,3
02.08.2021 00:22:48.102,1.24757,1.24744,1,1
02.08.2021 00:22:48.880,1.24753,1.2474100000000001,1,2.14
02.08.2021 00:22:52.075,1.24753,1.2474,1,1.2
02.08.2021 00:23:01.936,1.24753,1.2474100000000001,1,1.01
02.08.2021 00:23:09.562,1.24753,1.24739,1,1.2
02.08.2021 00:23:10.158,1.24747,1.24735,1,4.32
02.08.2021 00:23:10.360,1.24747,1.24733,1,6.1
02.08.2021 00:23:13.524,1.24748,1.2473400000000001,1,2.14
02.08.2021 00:23:13.575,1.24747,1.24737,1,1
02.08.2021 00:23:14.746,1.24748,1.24738,1,2.14
02.08.2021 00:23:14.847,1.2475100000000001,1.24739,1,1
02.08.2021 00:23:15.375,1.2475100000000001,1.2474,1,1.2
02.08.2021 00:23:15.710,1.2475200000000002,1.2474,1,1.95
02.08.2021 00:23:15.812,1.24753,1.24739,1,1.97
02.08.2021 00:23:16.265,1.24753,1.2474100000000001,1,1
02.08.2021 00:23:16.366,1.2475200000000002,1.2474100000000001,1,1.01
02.08.2021 00:23:20.100,1.2475200000000002,1.24739,1,1.97
02.08.2021 00:23:20.573,1.24753,1.24739,1,1.22
02.08.2021 00:23:24.422,1.2475100000000001,1.24737,1,2.1
02.08.2021 00:23:24.523,1.2475100000000001,1.24737,1,2.85
02.08.2021 00:23:26.732,1.2475100000000001,1.24737,1,2.85
02.08.2021 00:23:27.560,1.24748,1.24738,1,1.39
02.08.2021 00:23:27.711,1.2475,1.24737,1,1.41
02.08.2021 00:23:29.128,1.24748,1.24736,1,1.51
02.08.2021 00:23:29.452,1.2475,1.24737,1,2.14
02.08.2021 00:23:30.745,1.24749,1.24737,1,1.39
02.08.2021 00:23:31.241,1.2475,1.24737,1,1.76
02.08.2021 00:23:31.342,1.24749,1.24738,1,2.16
02.08.2021 00:23:31.685,1.24747,1.24737,1,1.85
02.08.2021 00:23:31.786,1.24747,1.24737,1,1.2
02.08.2021 00:23:31.887,1.24748,1.24737,1,1
02.08.2021 00:23:33.657,1.2475,1.24737,1,2.14
02.08.2021 00:23:34.023,1.24749,1.24738,1,2.16
02.08.2021 00:23:34.125,1.24747,1.24738,1,2.16
02.08.2021 00:23:34.227,1.24748,1.24736,1,1.39
02.08.2021 00:23:34.328,1.24747,1.24737,1,2.22
02.08.2021 00:23:34.887,1.24748,1.24736,1,1.39
02.08.2021 00:23:34.988,1.24748,1.24737,1,1.25
02.08.2021 00:23:37.782,1.2475,1.24739,1,1.1
02.08.2021 00:23:37.833,1.2475200000000002,1.2474,1,1
02.08.2021 00:23:37.934,1.2475200000000002,1.24739,1,1.1
02.08.2021 00:23:43.995,1.24748,1.24735,1,3.01
02.08.2021 00:23:44.197,1.24748,1.24735,1,1.35
02.08.2021 00:23:44.329,1.24748,1.24738,1,1
02.08.2021 00:23:44.430,1.24749,1.24738,1,1
02.08.2021 00:23:46.690,1.24748,1.24737,1,1.1
02.08.2021 00:23:46.812,1.24748,1.24738,1,1.25
02.08.2021 00:23:47.372,1.24749,1.24737,1,1.35
02.08.2021 00:23:47.423,1.2475200000000002,1.24739,1,1.1
02.08.2021 00:23:47.777,1.2475200000000002,1.24739,1,2.72
02.08.2021 00:23:48.029,1.2475100000000001,1.24738,1,2.07
02.08.2021 00:23:50.134,1.2475100000000001,1.24738,1,1.2
02.08.2021 00:23:50.417,1.2475200000000002,1.24739,1,1.95
02.08.2021 00:23:50.670,1.2475200000000002,1.24739,1,1.22
02.08.2021 00:23:52.667,1.2475100000000001,1.24738,1,2.1
02.08.2021 00:23:52.768,1.2475100000000001,1.2474,1,1.1
02.08.2021 00:23:53.504,1.2475200000000002,1.24739,1,1.97
02.08.2021 00:23:54.193,1.2475200000000002,1.24739,1,1.95
02.08.2021 00:23:54.496,1.2475100000000001,1.2474100000000001,1,1.1
02.08.2021 00:24:01.020,1.24748,1.24737,1,1.51
02.08.2021 00:24:01.121,1.24747,1.24738,1,1.76
02.08.2021 00:24:01.172,1.2475,1.24737,1,2.54
02.08.2021 00:24:01.273,1.2475200000000002,1.24739,1,1.6
02.08.2021 00:24:02.916,1.2475100000000001,1.24738,1,1.97
02.08.2021 00:24:04.011,1.2475200000000002,1.2474,1,1.1
02.08.2021 00:24:04.372,1.2475100000000001,1.2474,1,1.2
02.08.2021 00:24:04.473,1.24748,1.24737,1,1.01
02.08.2021 00:24:04.625,1.24748,1.24738,1,1.01
02.08.2021 00:24:04.727,1.24749,1.24737,1,1.79
02.08.2021 00:24:04.778,1.2475200000000002,1.2474,1.12,1.57
02.08.2021 00:24:04.829,1.2475,1.24738,1,1.75
02.08.2021 00:24:05.031,1.2475,1.24737,1,2.2
02.08.2021 00:24:06.509,1.2475,1.2474,1,1.57
02.08.2021 00:24:06.611,1.2475100000000001,1.2474,1,1.1
02.08.2021 00:24:09.699,1.2475200000000002,1.24739,1,1.95
02.08.2021 00:24:10.843,1.2475,1.24735,1.12,4.72
02.08.2021 00:24:10.944,1.24747,1.24735,1,1
02.08.2021 00:24:11.779,1.24747,1.24735,1,1.45
02.08.2021 00:24:11.880,1.24748,1.24736,1,1.01
02.08.2021 00:24:11.981,1.24748,1.24737,1,1
02.08.2021 00:24:12.082,1.24748,1.24735,1,4.47
02.08.2021 00:24:12.284,1.24748,1.24737,1,1
02.08.2021 00:24:13.220,1.24749,1.24737,1,1.39
02.08.2021 00:24:13.324,1.2475,1.24738,1,1.1
02.08.2021 00:24:18.893,1.2475100000000001,1.2474,1,1
02.08.2021 00:24:18.995,1.2475200000000002,1.2474,1,1.1
02.08.2021 00:24:22.351,1.2475100000000001,1.24739,1,1.2
02.08.2021 00:24:22.553,1.2475,1.24739,1,1.1
02.08.2021 00:24:26.019,1.24747,1.24735,1,3.95
02.08.2021 00:24:26.222,1.24746,1.24736,1,1.76
02.08.2021 00:24:28.132,1.24746,1.24735,1,2.14
02.08.2021 00:24:29.895,1.24746,1.24735,1,2.6
02.08.2021 00:24:30.461,1.24746,1.24735,1,1.76
02.08.2021 00:24:30.861,1.24747,1.24735,1,1
02.08.2021 00:24:35.700,1.2474500000000002,1.24736,1,1
02.08.2021 00:24:46.780,1.2474500000000002,1.24737,1,1.5
02.08.2021 00:24:48.277,1.2474500000000002,1.24736,1,1.5
02.08.2021 00:24:49.597,1.2474500000000002,1.24737,1,2.25
02.08.2021 00:24:58.313,1.24746,1.24735,1,1
02.08.2021 00:24:58.364,1.2475200000000002,1.24747,1,1
02.08.2021 00:24:58.466,1.24759,1.24747,1.2,1.25
02.08.2021 00:24:58.567,1.24759,1.24749,1.87,1
02.08.2021 00:25:00.605,1.24758,1.24746,1,2.75
02.08.2021 00:25:00.757,1.24758,1.24746,1,1.5
02.08.2021 00:25:00.859,1.24757,1.2474500000000002,1,1.76
02.08.2021 00:25:00.960,1.24757,1.24746,1,1.69
02.08.2021 00:25:01.011,1.2476,1.24747,1.1,1
02.08.2021 00:25:01.113,1.2476,1.24746,1.1,4.01
02.08.2021 00:25:01.214,1.2476,1.24747,1.1,1
02.08.2021 00:25:02.470,1.24757,1.24746,1.1,2.44
02.08.2021 00:25:02.571,1.24757,1.24744,1,1.76
02.08.2021 00:25:03.116,1.2475500000000002,1.24744,1,5.97
02.08.2021 00:25:04.992,1.2475500000000002,1.24743,1,5.97
02.08.2021 00:25:05.094,1.24753,1.2474100000000001,1,1.12
02.08.2021 00:25:05.195,1.2475100000000001,1.2474,1,1.6
02.08.2021 00:25:05.246,1.2475200000000002,1.24739,1,1.1
02.08.2021 00:25:24.762,1.24754,1.2474,1,1.97
02.08.2021 00:25:25.852,1.24753,1.2474,1,1.22
02.08.2021 00:25:25.973,1.24753,1.24739,1,1.97
02.08.2021 00:25:30.328,1.24753,1.24739,1.1,1.87
02.08.2021 00:26:01.885,1.24748,1.2474,1,1
02.08.2021 00:26:01.987,1.2475,1.24736,1,1.22
02.08.2021 00:26:02.240,1.2475,1.24736,1.1,1.2
02.08.2021 00:26:02.406,1.24747,1.24736,1,2.54
02.08.2021 00:26:13.397,1.2475100000000001,1.2474100000000001,1,1
02.08.2021 00:26:13.448,1.24753,1.2474100000000001,1,1
02.08.2021 00:26:16.372,1.24758,1.24744,1.5,3.85
02.08.2021 00:26:16.423,1.24758,1.24746,1,1
02.08.2021 00:26:16.525,1.24758,1.24747,1.12,1.1
02.08.2021 00:26:16.627,1.2476,1.24746,1,1.22
02.08.2021 00:26:22.650,1.24761,1.24749,1,1.1
02.08.2021 00:26:22.752,1.2476,1.24749,1,1.1
02.08.2021 00:26:22.997,1.24761,1.24749,1,1.1
02.08.2021 00:26:32.762,1.2476200000000002,1.2475,1,1
02.08.2021 00:26:38.744,1.2476200000000002,1.24749,1,1.1
02.08.2021 00:26:41.789,1.24763,1.2475100000000001,1,1
02.08.2021 00:26:42.142,1.24763,1.2475,1,1.1
02.08.2021 00:26:42.685,1.24763,1.2475100000000001,1,1.1
02.08.2021 00:26:44.334,1.2476500000000001,1.24753,1,1
02.08.2021 00:26:44.436,1.24767,1.24754,1.5,1.1
02.08.2021 00:26:44.537,1.24768,1.24754,1.1,1
02.08.2021 00:26:44.840,1.24763,1.2475,1,1.6
02.08.2021 00:26:45.043,1.24763,1.2475,1,1.1
02.08.2021 00:26:49.255,1.2476200000000002,1.24753,1,1.75
02.08.2021 00:26:49.306,1.24769,1.24757,1.6,1
02.08.2021 00:26:49.458,1.24768,1.24758,1,1.1
02.08.2021 00:26:49.560,1.24769,1.24758,1,1
02.08.2021 00:26:49.661,1.24768,1.24758,1,1.1
02.08.2021 00:26:50.415,1.24769,1.24758,1,1
02.08.2021 00:26:50.467,1.24769,1.24756,1,1.1
02.08.2021 00:26:50.518,1.24769,1.24758,1,1
02.08.2021 00:26:50.569,1.24769,1.24756,1,1.1
02.08.2021 00:26:50.776,1.24769,1.24756,1,1.1
02.08.2021 00:26:51.663,1.24769,1.24758,1,1
02.08.2021 00:26:51.714,1.24769,1.24756,1,1.1
02.08.2021 00:26:51.816,1.24769,1.24758,1,1
02.08.2021 00:26:51.867,1.24769,1.24756,1,1.1
02.08.2021 00:26:54.068,1.24768,1.24759,1,1
02.08.2021 00:26:54.169,1.24768,1.24758,1,1.1
02.08.2021 00:26:55.969,1.24768,1.24759,1,1
02.08.2021 00:26:56.070,1.24768,1.24757,1,1.1
02.08.2021 00:26:56.172,1.24768,1.24757,1,1.1
02.08.2021 00:26:56.497,1.24769,1.24756,1,1.1
02.08.2021 00:26:57.029,1.24769,1.24758,1,1
02.08.2021 00:26:57.334,1.24768,1.24757,1,2.32
02.08.2021 00:26:59.090,1.24769,1.24756,1,2.35
02.08.2021 00:27:01.832,1.24769,1.24756,1,2.54
02.08.2021 00:27:02.439,1.24769,1.24756,1,2.54
02.08.2021 00:27:06.385,1.24766,1.2475500000000002,1,1
02.08.2021 00:27:08.796,1.24766,1.24757,1,1.57
02.08.2021 00:27:10.249,1.24769,1.24756,1,1.57
02.08.2021 00:27:10.461,1.24769,1.24757,1,1
02.08.2021 00:27:10.569,1.24769,1.24756,1,1.57
02.08.2021 00:27:13.103,1.24766,1.2475500000000002,1,1
02.08.2021 00:27:13.204,1.24768,1.2475500000000002,1.5,1.35
02.08.2021 00:27:13.412,1.24767,1.24758,1,1
02.08.2021 00:27:13.513,1.24768,1.24756,1,1.57
02.08.2021 00:27:16.830,1.24769,1.24756,1,1.79
02.08.2021 00:27:22.283,1.24766,1.24757,1,2.14
02.08.2021 00:27:23.101,1.24768,1.24757,1,3.64
02.08.2021 00:27:23.204,1.24768,1.24757,1,3.66
02.08.2021 00:27:37.121,1.24767,1.24757,1,1
02.08.2021 00:27:37.223,1.24766,1.24756,1,1.57
02.08.2021 00:27:38.396,1.24767,1.24757,1,1.57
02.08.2021 00:27:40.202,1.24764,1.24753,1.5,3.82
02.08.2021 00:27:40.304,1.2476500000000001,1.24753,1,3.26
02.08.2021 00:27:40.405,1.2476500000000001,1.2475500000000002,1,1
02.08.2021 00:27:40.506,1.24767,1.24757,2.75,1
02.08.2021 00:27:40.607,1.24768,1.24756,1.5,1.57
02.08.2021 00:27:40.708,1.24768,1.24757,1,1.1
02.08.2021 00:27:44.315,1.24768,1.24756,1,2.32
02.08.2021 00:27:44.674,1.2476500000000001,1.24753,1,4.54
02.08.2021 00:27:44.826,1.24766,1.24757,1,1.5
02.08.2021 00:27:50.235,1.24766,1.24756,1,1.1
02.08.2021 00:27:50.336,1.2476500000000001,1.24756,1,1.1
02.08.2021 00:27:54.564,1.2476500000000001,1.24754,1,5.54
02.08.2021 00:27:54.665,1.2476500000000001,1.24756,1,1
02.08.2021 00:27:54.766,1.24764,1.24754,1,5.35
02.08.2021 00:27:54.868,1.24764,1.24756,1,1
02.08.2021 00:27:54.969,1.24764,1.24754,1,4.79
02.08.2021 00:27:55.170,1.2476500000000001,1.2475500000000002,1,1
02.08.2021 00:27:56.164,1.24769,1.24756,1,3.07
02.08.2021 00:27:56.315,1.24769,1.24757,1,1
02.08.2021 00:27:56.416,1.24769,1.24756,1,2.32
02.08.2021 00:27:56.754,1.24769,1.24757,1,1
02.08.2021 00:27:56.859,1.24769,1.24756,1,1.57
02.08.2021 00:27:57.159,1.2476500000000001,1.2475500000000002,1,2.72
02.08.2021 00:27:57.261,1.24763,1.2475,1,3.1
02.08.2021 00:27:57.362,1.24761,1.24749,1,2.91
02.08.2021 00:28:01.822,1.2476500000000001,1.2475200000000002,1,1.97
02.08.2021 00:28:02.433,1.24764,1.2475,1,3.1
02.08.2021 00:28:02.535,1.2476200000000002,1.24748,1,1.85
02.08.2021 00:28:02.636,1.2476200000000002,1.24748,1,1.85
02.08.2021 00:28:04.150,1.2476200000000002,1.24748,1,1.22
02.08.2021 00:28:30.418,1.24761,1.24748,1,1.22
02.08.2021 00:28:30.520,1.24761,1.24747,1,2.85
02.08.2021 00:28:30.621,1.24761,1.24747,1,2.85
02.08.2021 00:28:36.979,1.24754,1.24743,1,2.18
02.08.2021 00:28:37.030,1.24753,1.24743,1,1.2
02.08.2021 00:28:37.132,1.24753,1.2474200000000002,1,1.79
02.08.2021 00:28:49.805,1.2475500000000002,1.2474200000000002,1,1.79
02.08.2021 00:28:50.057,1.24754,1.2474200000000002,1,1.79
02.08.2021 00:29:00.981,1.24754,1.2474,1,1.85
02.08.2021 00:29:03.310,1.24753,1.2474,1,1.2
02.08.2021 00:29:04.306,1.2475200000000002,1.24739,1,1.6
02.08.2021 00:29:04.407,1.2475100000000001,1.24737,1,2.29
02.08.2021 00:29:11.941,1.2475100000000001,1.24736,1,3.85
02.08.2021 00:29:42.017,1.24753,1.24739,1.1,1.1
02.08.2021 00:29:42.910,1.24753,1.24739,1,1.6
02.08.2021 00:29:46.467,1.24754,1.2474,1,2.16
02.08.2021 00:29:46.671,1.24754,1.2474,1,2.47
02.08.2021 00:29:53.375,1.24756,1.2474100000000001,1,3.72
02.08.2021 00:29:53.476,1.24759,1.2474500000000002,1.6,1.35
02.08.2021 00:29:53.577,1.24759,1.2474500000000002,1,1.22
02.08.2021 00:29:53.679,1.24758,1.24744,1,1.6
02.08.2021 00:29:53.780,1.24759,1.2474500000000002,1,1.2
02.08.2021 00:29:53.982,1.24759,1.24743,1.1,1.72
02.08.2021 00:29:56.770,1.24756,1.24744,1,1.41
02.08.2021 00:29:57.099,1.24759,1.24743,1.1,1.41
02.08.2021 00:30:00.233,1.24759,1.24746,1,1.79
02.08.2021 00:30:00.334,1.24754,1.24744,1,2.07
02.08.2021 00:30:00.486,1.24754,1.2474,1,1.22
02.08.2021 00:30:30.226,1.24757,1.24744,1.12,2.32
02.08.2021 00:30:30.327,1.24756,1.24746,1,1.79
02.08.2021 00:30:30.378,1.24759,1.24746,1,1.1
02.08.2021 00:30:30.479,1.24759,1.24746,1,1.1
02.08.2021 00:30:31.294,1.24761,1.24746,1.1,2.29
02.08.2021 00:30:31.655,1.2476,1.24748,1,1.22
02.08.2021 00:30:35.750,1.2476,1.24747,1,2.29
02.08.2021 00:30:37.496,1.24761,1.24747,1,2.85
02.08.2021 00:30:38.123,1.2476,1.24749,1,1.1
02.08.2021 00:31:03.842,1.24761,1.24747,1,1.97
02.08.2021 00:31:12.763,1.24759,1.24748,1,1.2
02.08.2021 00:31:13.502,1.24761,1.24748,1,1.1
02.08.2021 00:31:15.242,1.2476,1.24747,1,1.2
02.08.2021 00:31:15.395,1.24754,1.2474500000000002,1,1
02.08.2021 00:31:15.497,1.24754,1.2474100000000001,1,2.29
02.08.2021 00:31:15.599,1.24753,1.2474200000000002,1,1.41
02.08.2021 00:31:15.802,1.24754,1.2474,1,2.35
02.08.2021 00:31:22.848,1.24754,1.2474,1.1,1.2
02.08.2021 00:31:30.208,1.24754,1.2474100000000001,1,1.1
02.08.2021 00:31:30.309,1.24754,1.2474100000000001,1,1.1
02.08.2021 00:31:34.132,1.24754,1.2474100000000001,1,1.1
02.08.2021 00:31:45.061,1.24754,1.24744,1,1
02.08.2021 00:31:45.162,1.2476,1.24747,1.6,1.1
02.08.2021 00:31:45.213,1.2476,1.24747,1.5,1.6
02.08.2021 00:31:45.365,1.2476,1.24747,1,1.1
02.08.2021 00:31:58.488,1.24761,1.24747,1,1.1
02.08.2021 00:31:59.448,1.2476,1.24747,1,1.6
02.08.2021 00:31:59.549,1.24758,1.24747,1,1.22
02.08.2021 00:32:10.606,1.24761,1.24748,1,1.35
02.08.2021 00:32:10.909,1.2476,1.2475500000000002,1,1
02.08.2021 00:32:10.960,1.2476200000000002,1.2475500000000002,1,1.25
02.08.2021 00:32:11.011,1.24767,1.24756,1.5,2.97
02.08.2021 00:32:11.112,1.24769,1.24756,1,1.35
02.08.2021 00:32:11.471,1.2477,1.24757,1,1.79
02.08.2021 00:32:15.024,1.24771,1.24757,1,1.79
02.08.2021 00:32:17.673,1.24771,1.24757,1.1,1.79
02.08.2021 00:32:18.263,1.24771,1.24757,1,1.79
02.08.2021 00:32:23.369,1.24769,1.24758,1,1.35
02.08.2021 00:32:23.471,1.2477,1.24757,1,1.35
02.08.2021 00:32:23.675,1.24771,1.24757,1.1,1.79
02.08.2021 00:32:36.929,1.24769,1.24756,1,2.91
02.08.2021 00:32:42.334,1.24769,1.24756,1,2.72
02.08.2021 00:32:43.458,1.24768,1.24759,1,1.1
02.08.2021 00:32:43.559,1.2477,1.24758,1,1.1
02.08.2021 00:32:52.064,1.24769,1.24756,1,3.66
02.08.2021 00:32:52.891,1.2477,1.24757,1,1.1
02.08.2021 00:32:53.463,1.24769,1.24756,1,3.66
02.08.2021 00:33:30.158,1.24768,1.24757,1,3.47
02.08.2021 00:33:57.887,1.2476500000000001,1.24754,1,1.6
02.08.2021 00:33:57.989,1.24764,1.24753,1,5.07
02.08.2021 00:33:58.039,1.24764,1.24753,1,3.07
02.08.2021 00:33:58.090,1.24768,1.24756,1.5,1.1
02.08.2021 00:33:58.192,1.24767,1.24757,1,1.6
02.08.2021 00:33:58.404,1.24766,1.2475500000000002,1,1.1
02.08.2021 00:33:58.505,1.2476500000000001,1.24754,1,1.1
02.08.2021 00:33:58.606,1.24764,1.24754,1,1
02.08.2021 00:33:58.708,1.24764,1.24753,1,1.1
02.08.2021 00:34:00.892,1.2476200000000002,1.24753,1,1
02.08.2021 00:34:00.993,1.24763,1.24753,1,1.1
02.08.2021 00:34:03.795,1.2476200000000002,1.24756,1,1
02.08.2021 00:34:03.846,1.2476500000000001,1.24754,1,1.1
02.08.2021 00:34:03.998,1.24764,1.24754,1,3.07
02.08.2021 00:34:04.607,1.24766,1.24753,1.95,3.07
02.08.2021 00:34:09.283,1.24763,1.24753,1,1.57
02.08.2021 00:34:09.385,1.2476,1.2475,1.5,1.12
02.08.2021 00:34:09.435,1.2476200000000002,1.24748,1,2.85
02.08.2021 00:34:09.486,1.2476200000000002,1.24754,1,1.25
02.08.2021 00:34:09.537,1.2476500000000001,1.24754,1,1
02.08.2021 00:34:11.505,1.2476500000000001,1.24753,1,3.07
02.08.2021 00:34:13.172,1.24763,1.24753,1,1.57
02.08.2021 00:34:13.273,1.24764,1.24753,1.25,2.32
02.08.2021 00:34:18.964,1.2476200000000002,1.24753,1,1
02.08.2021 00:34:19.066,1.24764,1.24756,1.1,1.5
02.08.2021 00:34:19.117,1.2476500000000001,1.24753,1.12,4.79
02.08.2021 00:34:19.594,1.2476500000000001,1.24753,1,3.07
02.08.2021 00:34:40.538,1.2476500000000001,1.24753,1,2.35
02.08.2021 00:34:40.639,1.24763,1.24754,1,2.32
02.08.2021 00:34:53.872,1.24764,1.2475200000000002,1,1.1
02.08.2021 00:34:53.923,1.24761,1.2475,1,1.1
02.08.2021 00:34:54.024,1.24761,1.24749,1,1.2
02.08.2021 00:34:58.856,1.24756,1.24746,1,1.95
02.08.2021 00:35:11.416,1.24758,1.24749,1,1
02.08.2021 00:35:11.467,1.2476,1.2475,1,1.01
02.08.2021 00:35:23.845,1.24761,1.24749,1,1.1
02.08.2021 00:35:24.098,1.24761,1.24749,1,1.1
02.08.2021 00:35:24.618,1.24759,1.24749,1,1.1
02.08.2021 00:35:25.991,1.24756,1.24746,1,1.12
02.08.2021 00:35:26.093,1.24759,1.24746,1.5,2.6
02.08.2021 00:35:27.867,1.24761,1.24748,1,1.22
02.08.2021 00:35:50.865,1.24761,1.24748,1,1.1
02.08.2021 00:35:57.931,1.2476,1.24749,1,1.22
02.08.2021 00:36:00.634,1.2476,1.24748,1,1.22
02.08.2021 00:36:11.516,1.24759,1.24747,1,1.12
02.08.2021 00:36:11.567,1.24753,1.2474100000000001,1,3.92
02.08.2021 00:36:11.668,1.2475200000000002,1.2474200000000002,1,1.6
02.08.2021 00:36:13.410,1.24753,1.2474100000000001,1,1.1
02.08.2021 00:36:14.469,1.24753,1.2474,1,1.1
02.08.2021 00:36:15.910,1.2475200000000002,1.2474,1,1.1
02.08.2021 00:36:26.921,1.24754,1.24743,1,3.25
02.08.2021 00:36:27.023,1.2475500000000002,1.24744,1,1.35
02.08.2021 00:36:30.108,1.24754,1.24744,1,3.35
02.08.2021 00:36:37.501,1.2476,1.24748,1.12,1.1
02.08.2021 00:36:45.795,1.24754,1.2474500000000002,1,1.6
02.08.2021 00:36:46.546,1.2475500000000002,1.24743,1,4.79
02.08.2021 00:36:47.305,1.2475500000000002,1.2474500000000002,1,1
02.08.2021 00:36:47.448,1.2475500000000002,1.24743,1,4.79
02.08.2021 00:36:48.573,1.24757,1.24747,1,1.1
02.08.2021 00:36:48.674,1.24758,1.24748,1.5,1.1
02.08.2021 00:36:49.579,1.24759,1.24747,1.5,1.1
02.08.2021 00:36:52.818,1.24758,1.24748,1.5,1.35
02.08.2021 00:36:52.919,1.2476,1.24748,1,1.01
02.08.2021 00:37:04.154,1.2476,1.24747,1,1.2
02.08.2021 00:37:15.871,1.24759,1.24746,1,1.22
02.08.2021 00:37:15.972,1.24754,1.2474500000000002,1,1.1
02.08.2021 00:37:16.073,1.2475500000000002,1.24743,1,4.91
02.08.2021 00:37:17.561,1.24756,1.24744,1,1.35
02.08.2021 00:37:17.663,1.24758,1.24746,1,2.6
02.08.2021 00:37:17.714,1.2476,1.24748,1,1.01
02.08.2021 00:37:22.695,1.24758,1.24743,1.57,6.04
02.08.2021 00:37:22.797,1.24756,1.2474500000000002,1,1.85
02.08.2021 00:37:22.899,1.2475500000000002,1.24746,1,1.01
02.08.2021 00:37:23.001,1.24756,1.2474500000000002,1,1.35
02.08.2021 00:37:23.103,1.24756,1.2474500000000002,1,1.01
02.08.2021 00:37:23.204,1.24756,1.2474500000000002,1,1.35
02.08.2021 00:37:23.406,1.24756,1.2474500000000002,1,1.01
02.08.2021 00:37:23.664,1.24756,1.2474500000000002,1,1.35
02.08.2021 00:37:23.766,1.2475500000000002,1.24746,1,1.01
02.08.2021 00:37:23.869,1.24756,1.2474500000000002,1,1.35
02.08.2021 00:37:27.555,1.24756,1.24746,1,1.79
02.08.2021 00:37:27.657,1.24757,1.24747,1,1
02.08.2021 00:37:27.708,1.24757,1.2474500000000002,1,2.14
02.08.2021 00:37:29.750,1.24756,1.24744,1,1.01
02.08.2021 00:37:36.417,1.2475500000000002,1.24746,1,1
02.08.2021 00:37:36.518,1.2475500000000002,1.2474500000000002,1,1.01
02.08.2021 00:37:38.409,1.24754,1.24743,1,3.35
02.08.2021 00:37:41.606,1.24753,1.2474500000000002,1,1.35
02.08.2021 00:37:45.119,1.24754,1.24746,1,1.5
02.08.2021 00:37:45.774,1.2476,1.24746,1.5,4.6
02.08.2021 00:37:45.875,1.24761,1.24748,1.12,1.85
02.08.2021 00:37:46.955,1.2476200000000002,1.24748,1,1.47
02.08.2021 00:37:48.426,1.24759,1.24748,1,2.6
02.08.2021 00:37:48.772,1.2476,1.24747,1,1.45
02.08.2021 00:37:53.241,1.24759,1.24748,1,1.39
02.08.2021 00:37:53.342,1.2476,1.24747,1,2.35
02.08.2021 00:37:55.488,1.24758,1.24747,2.32,1.1
02.08.2021 00:37:55.539,1.24757,1.2474500000000002,1,1.6
02.08.2021 00:38:00.786,1.24757,1.24743,1,2.16
02.08.2021 00:38:00.887,1.2476200000000002,1.2475500000000002,1.57,1.5
02.08.2021 00:38:00.938,1.24767,1.2475500000000002,2,1.57
02.08.2021 00:38:01.039,1.24767,1.2475500000000002,1.5,1.35
02.08.2021 00:38:01.090,1.2477,1.24756,2,3.19
02.08.2021 00:38:01.607,1.24767,1.24754,1.5,1.25
02.08.2021 00:38:01.709,1.24766,1.2475500000000002,1.5,1.41
02.08.2021 00:38:02.012,1.24767,1.24756,1.5,1
02.08.2021 00:38:02.521,1.24766,1.24756,1.5,1.01
02.08.2021 00:38:03.197,1.24768,1.2475500000000002,1.5,1.35
02.08.2021 00:38:05.271,1.24768,1.2475500000000002,1.6,1.1
02.08.2021 00:38:05.373,1.24764,1.24754,1,1
02.08.2021 00:38:05.474,1.24764,1.2475,1.12,1.35
02.08.2021 00:38:07.870,1.24764,1.2475,1.2,1.85
02.08.2021 00:38:11.864,1.2476200000000002,1.2475,1,2.35
02.08.2021 00:38:11.965,1.2476200000000002,1.2475,1.1,1.35
02.08.2021 00:38:12.068,1.2476200000000002,1.24749,1,1.35
02.08.2021 00:38:16.549,1.2476200000000002,1.24748,1,2.32
02.08.2021 00:38:21.486,1.24756,1.24747,1,1.2
02.08.2021 00:38:23.745,1.24757,1.2474500000000002,1,1.01
02.08.2021 00:38:23.847,1.24757,1.2474500000000002,1,1.35
02.08.2021 00:38:23.993,1.24756,1.2474500000000002,1,1.35
02.08.2021 00:38:24.095,1.24756,1.24743,1,5.22
02.08.2021 00:38:25.150,1.24756,1.24743,1,5.22
02.08.2021 00:38:25.403,1.2475100000000001,1.24744,1,2.62
02.08.2021 00:38:25.505,1.24754,1.24744,1,1.69
02.08.2021 00:38:25.606,1.24754,1.24746,1,1.1
02.08.2021 00:38:25.909,1.2475500000000002,1.24746,1,1.1
02.08.2021 00:38:26.010,1.24756,1.2474500000000002,1,1.1
02.08.2021 00:38:26.824,1.24757,1.2474500000000002,1,1.1
02.08.2021 00:38:27.537,1.24756,1.24746,1,1.1
02.08.2021 00:38:27.639,1.24756,1.24746,1,1.1
02.08.2021 00:38:27.844,1.24757,1.2474500000000002,1,1.1
02.08.2021 00:38:27.996,1.24757,1.2474500000000002,1,1.1
02.08.2021 00:38:28.203,1.24757,1.2474500000000002,1,1.1
02.08.2021 00:38:28.304,1.24757,1.24746,1,1.1
02.08.2021 00:38:28.633,1.24757,1.2474500000000002,1,1.1
02.08.2021 00:38:28.734,1.24757,1.2474500000000002,1,1.1
02.08.2021 00:38:28.886,1.24757,1.2474500000000002,1,1.1
02.08.2021 00:38:29.053,1.24756,1.24746,1,1.1
02.08.2021 00:38:29.155,1.24757,1.2474500000000002,1,1.1
02.08.2021 00:38:29.307,1.24756,1.24747,1,1.1
02.08.2021 00:38:29.692,1.24756,1.24746,1,1.1
02.08.2021 00:38:29.849,1.24757,1.2474500000000002,1,1.1
02.08.2021 00:38:30.125,1.24756,1.24746,1,1.1
02.08.2021 00:38:30.306,1.24757,1.24746,1,1
02.08.2021 00:38:39.984,1.24756,1.2474500000000002,1,1.35
02.08.2021 00:38:45.078,1.24756,1.24744,1,1.01
02.08.2021 00:38:51.034,1.24753,1.2474500000000002,1,1.01
02.08.2021 00:38:51.411,1.24754,1.24744,1,1.47
02.08.2021 00:38:52.314,1.2475500000000002,1.2474500000000002,1,1.47
02.08.2021 00:38:58.453,1.2475500000000002,1.24744,1.2,1.6
02.08.2021 00:38:58.504,1.2475,1.2474100000000001,1,2.82
02.08.2021 00:38:58.605,1.24753,1.2474500000000002,1.12,1.35
02.08.2021 00:38:58.708,1.24757,1.24748,1,1.01
02.08.2021 00:38:58.809,1.2476,1.24748,1,1.1
02.08.2021 00:38:58.911,1.24761,1.24749,1,1.35
02.08.2021 00:39:00.363,1.24758,1.24746,1,2.32
02.08.2021 00:39:00.962,1.24756,1.24747,1,2.32
02.08.2021 00:39:01.280,1.24756,1.24746,1,1.5
02.08.2021 00:39:01.381,1.24756,1.24744,1,1.35
02.08.2021 00:39:01.482,1.24756,1.24746,1,1.5
02.08.2021 00:39:02.470,1.24756,1.24743,1,5.22
02.08.2021 00:39:02.789,1.24756,1.24746,1,1.5
02.08.2021 00:39:06.130,1.2475500000000002,1.24746,1,1.5
02.08.2021 00:39:06.555,1.2475500000000002,1.24743,1,3.85
02.08.2021 00:39:06.657,1.2475500000000002,1.24744,1,1.35
02.08.2021 00:39:09.552,1.2475500000000002,1.24746,1,1.5
02.08.2021 00:39:18.211,1.24761,1.24749,1.12,1.35
02.08.2021 00:39:18.917,1.24761,1.24748,1.1,1.97
02.08.2021 00:39:19.830,1.2476200000000002,1.24749,1,1.87
02.08.2021 00:39:22.634,1.24761,1.2475,1,2.57
02.08.2021 00:39:34.638,1.2476200000000002,1.24749,1,1.39
02.08.2021 00:39:35.097,1.24761,1.24749,1,1.31
02.08.2021 00:39:35.199,1.24761,1.24748,1,1.01
02.08.2021 00:39:36.147,1.2476200000000002,1.24749,1,1.85
02.08.2021 00:39:36.750,1.24761,1.24749,1,1.41
02.08.2021 00:39:36.801,1.2476200000000002,1.24749,1,1.31
02.08.2021 00:39:42.032,1.24761,1.24748,1,2.14
02.08.2021 00:39:43.117,1.2476,1.2475,1,1.25
02.08.2021 00:39:43.219,1.2476200000000002,1.24749,1,1.25
02.08.2021 00:39:43.320,1.24761,1.24749,1,1
02.08.2021 00:39:46.949,1.24757,1.24747,1.5,1.1
02.08.2021 00:39:47.001,1.24761,1.24747,1.1,1.35
02.08.2021 00:39:47.052,1.24761,1.24749,1.12,1.35
02.08.2021 00:39:47.646,1.2476200000000002,1.24754,1,1.25
02.08.2021 00:39:47.697,1.24767,1.24757,3.12,1
02.08.2021 00:39:47.748,1.24767,1.2475500000000002,3.12,1.1
02.08.2021 00:39:47.849,1.24764,1.24753,1,3.07
02.08.2021 00:39:50.782,1.24764,1.2475200000000002,1.12,1.1
02.08.2021 00:39:50.883,1.24761,1.2475,1,2.22
02.08.2021 00:39:52.162,1.24761,1.24749,1,1.85
02.08.2021 00:39:53.292,1.24756,1.2474500000000002,1,3.04
02.08.2021 00:39:53.393,1.24757,1.24746,1,1.6
02.08.2021 00:39:53.444,1.24758,1.24748,1.5,1.39
02.08.2021 00:39:53.545,1.24759,1.24747,1,1.85
02.08.2021 00:39:54.881,1.24758,1.24748,1,1.85
02.08.2021 00:39:55.258,1.24759,1.24747,1,1.85
02.08.2021 00:39:56.219,1.2476,1.24748,1,1.85
02.08.2021 00:39:59.436,1.24759,1.24748,1,2.22
02.08.2021 00:39:59.698,1.24759,1.24746,1,3.47
02.08.2021 00:40:00.857,1.2476,1.24749,1,1.35
02.08.2021 00:40:01.294,1.2476,1.24747,1,2.16
02.08.2021 00:40:01.420,1.24759,1.24747,1,1.41
02.08.2021 00:40:01.622,1.24759,1.24747,1,1.41
02.08.2021 00:40:02.295,1.24758,1.24746,1,1.85
02.08.2021 00:40:02.396,1.2475500000000002,1.2474200000000002,1,1.97
02.08.2021 00:40:02.547,1.2475500000000002,1.2474100000000001,1,2.35
02.08.2021 00:40:05.129,1.2475100000000001,1.2474,1,1.75
02.08.2021 00:40:05.332,1.2475200000000002,1.24738,1,1.75
02.08.2021 00:40:08.646,1.2475,1.24736,1.6,1.2
02.08.2021 00:40:08.747,1.24748,1.2473400000000001,1,2.66
02.08.2021 00:40:09.055,1.24747,1.24735,1,2.72
02.08.2021 00:40:10.078,1.24747,1.2473400000000001,1,1.35
02.08.2021 00:40:11.294,1.2474500000000002,1.24735,1,1.82
02.08.2021 00:40:17.428,1.2474500000000002,1.2473200000000002,1,2.25
02.08.2021 00:40:17.580,1.24744,1.24733,1,2.62
02.08.2021 00:40:20.636,1.2474500000000002,1.24735,1,1.25
02.08.2021 00:40:20.687,1.24747,1.24736,1,1
02.08.2021 00:40:20.788,1.24747,1.24735,1,1.01
02.08.2021 00:40:23.170,1.24748,1.24736,1,1
02.08.2021 00:40:23.278,1.24749,1.24738,1,1.79
02.08.2021 00:40:23.381,1.2475100000000001,1.24738,1,1
02.08.2021 00:40:23.753,1.24748,1.2474,1,1.69
02.08.2021 00:40:23.804,1.2475,1.2474200000000002,1,1
02.08.2021 00:40:23.855,1.2475500000000002,1.24743,1.76,1.1
02.08.2021 00:40:23.906,1.24756,1.24744,1.1,1
02.08.2021 00:40:24.007,1.24758,1.24744,1.6,2.2
02.08.2021 00:40:24.108,1.24758,1.24744,1.1,2.2
02.08.2021 00:40:24.412,1.24758,1.24744,1.57,1.76
02.08.2021 00:40:24.513,1.24758,1.2474500000000002,1.1,1.25
02.08.2021 00:40:24.970,1.24758,1.24747,1,1.45
02.08.2021 00:40:25.071,1.24759,1.2474500000000002,1,2.6
02.08.2021 00:40:25.636,1.24758,1.24748,1,1.25
02.08.2021 00:40:26.393,1.24759,1.24747,1.1,1.01
02.08.2021 00:40:26.495,1.24756,1.24743,1,1.35
02.08.2021 00:40:26.899,1.2475500000000002,1.24743,1.1,1.45
02.08.2021 00:40:28.748,1.24756,1.2474200000000002,1.1,1.39
02.08.2021 00:40:31.633,1.24756,1.2474200000000002,1.1,1.31
02.08.2021 00:40:50.682,1.2475500000000002,1.24743,1.1,1
02.08.2021 00:40:50.783,1.24756,1.24746,1,1
02.08.2021 00:40:50.884,1.24758,1.24748,1.95,1
02.08.2021 00:40:59.176,1.24761,1.24747,1.1,1.25
02.08.2021 00:41:00.008,1.24758,1.24746,1.57,2.14
02.08.2021 00:41:00.059,1.24756,1.24746,1,1.25
02.08.2021 00:41:00.161,1.24758,1.2474500000000002,1.1,1.25
02.08.2021 00:41:06.877,1.24757,1.2474500000000002,1,1.25
02.08.2021 00:41:09.309,1.24757,1.24743,1,6.35
02.08.2021 00:41:09.845,1.24757,1.2474500000000002,1,1.25
02.08.2021 00:41:10.303,1.24757,1.24746,1.1,1.25
02.08.2021 00:41:10.841,1.24756,1.24746,1,1.25
02.08.2021 00:41:13.579,1.24757,1.24743,1,6.35
02.08.2021 00:41:14.266,1.24757,1.2474500000000002,1,1.25
02.08.2021 00:41:20.878,1.24757,1.24746,1,1.5
02.08.2021 00:41:25.001,1.24757,1.24744,1,1.01
02.08.2021 00:41:29.451,1.24757,1.24744,1,1.35
02.08.2021 00:41:33.952,1.24757,1.24743,1,4.79
02.08.2021 00:41:34.190,1.24757,1.24743,1,4.6
02.08.2021 00:41:35.879,1.24756,1.2474500000000002,1.5,1.1
02.08.2021 00:41:39.663,1.24757,1.24746,1,1.5
02.08.2021 00:41:56.585,1.24757,1.24743,1.1,1.2
02.08.2021 00:41:56.636,1.24749,1.2474200000000002,1.5,2.19
02.08.2021 00:41:56.687,1.24754,1.2474500000000002,1,1
02.08.2021 00:41:56.738,1.24756,1.2474500000000002,1.1,2.95
02.08.2021 00:41:56.840,1.2476,1.24747,2.25,1.25
02.08.2021 00:41:56.941,1.2476200000000002,1.24747,1.57,2.14
02.08.2021 00:41:57.150,1.2476200000000002,1.24749,1.1,1
02.08.2021 00:41:57.251,1.24763,1.24749,1.1,1
02.08.2021 00:42:03.514,1.24763,1.24749,1.1,1.2
02.08.2021 00:42:03.615,1.2476200000000002,1.2475,1,1.2
02.08.2021 00:42:43.538,1.24763,1.2475,1,1
02.08.2021 00:42:43.640,1.2476200000000002,1.2475,1,2.14
02.08.2021 00:42:50.825,1.2476200000000002,1.24753,1,1.69
02.08.2021 00:42:50.876,1.24767,1.24753,1.1,1.1
02.08.2021 00:42:52.193,1.24766,1.24754,1.1,1.35
02.08.2021 00:42:53.532,1.24763,1.2475100000000001,1,1.35
02.08.2021 00:42:53.735,1.24763,1.2475,1,1.39
02.08.2021 00:43:06.120,1.2476200000000002,1.2475,1.1,1.39
02.08.2021 00:43:10.749,1.2476,1.24747,2.25,1.72
02.08.2021 00:43:10.901,1.24761,1.24747,1.1,2.22
02.08.2021 00:43:11.053,1.24759,1.24747,1.57,1.85
02.08.2021 00:43:25.832,1.2476200000000002,1.24749,1.1,2.6
02.08.2021 00:43:36.761,1.2476200000000002,1.2475,1,1.25
02.08.2021 00:43:38.284,1.2476200000000002,1.24749,1,1.01
02.08.2021 00:43:41.584,1.24761,1.24749,1,2.14
02.08.2021 00:43:43.555,1.24761,1.2475,1,1
02.08.2021 00:44:01.011,1.2476200000000002,1.24747,1.57,1.85
02.08.2021 00:44:02.545,1.24761,1.24749,1,2.91
02.08.2021 00:44:02.748,1.2476,1.24747,1,2.29
02.08.2021 00:44:02.951,1.2476,1.24747,1,1.39
02.08.2021 00:44:03.965,1.24759,1.24748,1,1.45
02.08.2021 00:44:04.274,1.24756,1.24746,1,3.76
02.08.2021 00:44:04.375,1.24756,1.24746,1,1.01
02.08.2021 00:44:04.678,1.24758,1.24746,1,1.25
02.08.2021 00:44:04.780,1.24758,1.24746,1.57,2.51
02.08.2021 00:44:04.881,1.24757,1.2474500000000002,1,2.51
02.08.2021 00:44:13.007,1.2475500000000002,1.24744,1,5.22
02.08.2021 00:44:32.908,1.24756,1.24746,1,1.5
02.08.2021 00:44:43.008,1.24756,1.24743,1,5.2
02.08.2021 00:44:44.548,1.24756,1.24744,1,1.45
02.08.2021 00:44:48.929,1.24756,1.24744,1,1.1
02.08.2021 00:44:50.452,1.2475500000000002,1.2474500000000002,1,2.2
02.08.2021 00:44:56.197,1.2475500000000002,1.24744,1,1
02.08.2021 00:44:56.305,1.24756,1.24744,1,1.75
02.08.2021 00:44:58.199,1.24756,1.24746,1,1.5
02.08.2021 00:45:01.770,1.2475500000000002,1.24744,1,1
02.08.2021 00:45:01.871,1.24756,1.24744,1.57,1.25
02.08.2021 00:45:01.972,1.2475500000000002,1.24747,1,1.5
02.08.2021 00:45:22.844,1.24756,1.24749,1,1.82
02.08.2021 00:45:22.895,1.2476200000000002,1.24749,1.7,1.01
02.08.2021 00:45:23.047,1.24763,1.24749,1.1,1.01
02.08.2021 00:45:23.365,1.24763,1.24749,1,1.01
02.08.2021 00:45:32.987,1.24763,1.24749,1,1.35
02.08.2021 00:45:43.455,1.24763,1.24749,1,2.14
02.08.2021 00:45:52.009,1.24759,1.24748,1,1
02.08.2021 00:45:52.060,1.24758,1.24746,1,1
02.08.2021 00:45:52.111,1.2476,1.24747,1.87,1.82
02.08.2021 00:45:52.414,1.2476,1.24748,1.1,2.95
02.08.2021 00:45:53.353,1.2476200000000002,1.24748,1.1,4.01
02.08.2021 00:45:53.455,1.2476200000000002,1.24748,1,4.47
02.08.2021 00:45:54.502,1.24763,1.24748,1.1,3.72
02.08.2021 00:45:54.958,1.24763,1.24749,1,1.85
02.08.2021 00:45:55.060,1.24763,1.2475,1,1.35
02.08.2021 00:45:57.420,1.24761,1.24748,1,1.01
02.08.2021 00:45:57.521,1.2476200000000002,1.24747,1.1,2.97
02.08.2021 00:45:59.917,1.2476,1.24747,2.32,1
02.08.2021 00:46:08.610,1.2476,1.24749,2.32,1
02.08.2021 00:46:08.712,1.2476200000000002,1.2475500000000002,1.12,1.69
02.08.2021 00:46:08.813,1.24769,1.24756,1.5,4.07
02.08.2021 00:46:08.915,1.2477,1.24756,1.95,1.39
02.08.2021 00:46:09.117,1.24769,1.24757,1,4.47
02.08.2021 00:46:09.218,1.24769,1.24757,1.1,3.7
02.08.2021 00:46:09.758,1.2477,1.24756,1.1,3.64
02.08.2021 00:46:09.859,1.24767,1.24756,1,1
02.08.2021 00:46:09.961,1.24768,1.24756,2.25,1
02.08.2021 00:46:10.062,1.24769,1.24756,1.1,1.69
02.08.2021 00:46:11.477,1.24769,1.2475500000000002,1.1,1.95
02.08.2021 00:46:11.579,1.24763,1.2475100000000001,1,4.3
02.08.2021 00:46:11.630,1.24763,1.2475100000000001,1.1,2.95
02.08.2021 00:46:12.796,1.2476,1.24748,1,1.5
02.08.2021 00:46:12.899,1.2476,1.24747,1,2.89
02.08.2021 00:46:13.001,1.2476,1.24748,1.1,2.89
02.08.2021 00:46:18.822,1.2476,1.24746,1.1,1.89
02.08.2021 00:46:18.873,1.24756,1.24743,1,1.51
02.08.2021 00:46:18.974,1.24754,1.24743,1,2.32
02.08.2021 00:46:19.075,1.24754,1.24743,1,2.2
02.08.2021 00:46:20.453,1.2475500000000002,1.2474200000000002,1,1.39
02.08.2021 00:46:22.902,1.24754,1.2474,1.1,2.14
02.08.2021 00:46:23.003,1.24753,1.2474,1.1,1.31
02.08.2021 00:46:23.142,1.24753,1.2474,1.1,1.37
02.08.2021 00:46:23.704,1.24753,1.2474,1,2.2
02.08.2021 00:46:24.113,1.2475100000000001,1.2474100000000001,1,1.12
02.08.2021 00:46:24.214,1.24748,1.24739,1,1
02.08.2021 00:46:24.316,1.24748,1.24737,1,1.35
02.08.2021 00:46:24.417,1.24749,1.24736,1,2.95
02.08.2021 00:46:24.855,1.24749,1.24736,1.1,1.75
02.08.2021 00:46:25.478,1.24749,1.24736,1,3.07
02.08.2021 00:46:25.579,1.24749,1.24736,1,1.82
02.08.2021 00:46:26.006,1.24749,1.24735,1.1,2.95
02.08.2021 00:46:32.497,1.24748,1.24737,1.1,1.25
02.08.2021 00:46:32.937,1.24748,1.24737,1.1,1.25
02.08.2021 00:46:41.745,1.2475200000000002,1.24739,1,1.35
02.08.2021 00:46:41.846,1.2475200000000002,1.2474,1.1,1.01
02.08.2021 00:46:43.604,1.24749,1.24736,1,3.01
02.08.2021 00:46:43.705,1.2475,1.24736,1.1,3.26
02.08.2021 00:46:43.807,1.24747,1.24737,1,2.51
02.08.2021 00:46:44.635,1.24748,1.24737,1,2.51
02.08.2021 00:46:50.746,1.24748,1.24736,1,1.69
02.08.2021 00:46:51.061,1.24748,1.24735,1.1,1.31
02.08.2021 00:46:51.163,1.24748,1.24736,1,1.25
02.08.2021 00:46:52.519,1.24748,1.24737,1,2.51
02.08.2021 00:46:52.621,1.24748,1.24736,1,2.44
02.08.2021 00:46:53.088,1.24748,1.24735,1,1.39
02.08.2021 00:46:53.191,1.2475500000000002,1.24744,1.12,1.25
02.08.2021 00:46:53.293,1.24757,1.2474500000000002,1.5,1
02.08.2021 00:46:53.345,1.24757,1.2474500000000002,1,1
02.08.2021 00:46:54.950,1.24757,1.24744,1,1.76
02.08.2021 00:46:55.001,1.24754,1.24744,1,1.39
02.08.2021 00:46:56.043,1.24756,1.24743,1.1,2.57
02.08.2021 00:46:56.144,1.24754,1.24743,1,2.95
02.08.2021 00:46:56.716,1.24758,1.24746,1,2.6
02.08.2021 00:46:56.818,1.2476,1.24746,1.1,1.76
02.08.2021 00:46:56.919,1.2476200000000002,1.24746,1.1,2.14
02.08.2021 00:46:56.969,1.2476200000000002,1.24749,1.22,1.57
02.08.2021 00:46:57.762,1.2476200000000002,1.24746,1.1,3.79
02.08.2021 00:46:58.590,1.24761,1.24747,1.1,3.79
02.08.2021 00:47:01.316,1.24763,1.24748,1.1,1.76
02.08.2021 00:47:02.331,1.24758,1.24744,1.1,1.6
02.08.2021 00:47:02.382,1.2475500000000002,1.24743,1,1.1
02.08.2021 00:47:02.483,1.24754,1.2474200000000002,1,2.35
02.08.2021 00:47:06.589,1.2475500000000002,1.2474100000000001,1.1,1.39
02.08.2021 00:47:29.321,1.2475500000000002,1.2474100000000001,1,1.41
02.08.2021 00:47:29.765,1.2475500000000002,1.2474100000000001,1.1,1.39
02.08.2021 00:47:29.869,1.24754,1.2474200000000002,1,1.41
02.08.2021 00:47:32.577,1.24754,1.2474200000000002,1.1,1.2
02.08.2021 00:47:38.245,1.24754,1.24743,1,1.31
02.08.2021 00:47:38.346,1.24754,1.24744,1,1
02.08.2021 00:47:38.672,1.24754,1.24743,1,1.31
02.08.2021 00:47:45.589,1.2475500000000002,1.2474100000000001,1.1,2.14
02.08.2021 00:47:51.606,1.24754,1.24743,1,1.01
02.08.2021 00:47:51.707,1.2475500000000002,1.24743,1.1,1.01
02.08.2021 00:47:51.809,1.2475500000000002,1.2474200000000002,1,1.01
02.08.2021 00:47:53.193,1.24758,1.24743,1.2,2.25
02.08.2021 00:47:53.295,1.24758,1.2474500000000002,1.1,1.31
02.08.2021 00:47:58.168,1.2476200000000002,1.24748,1.2,1
02.08.2021 00:47:58.269,1.24761,1.24748,1.2,1.1
02.08.2021 00:47:58.371,1.2476200000000002,1.24748,1,1.2
02.08.2021 00:47:59.138,1.2476200000000002,1.24749,1,1
02.08.2021 00:47:59.314,1.2476200000000002,1.24748,1,1.2
02.08.2021 00:48:00.077,1.24763,1.24753,1,1
02.08.2021 00:48:00.178,1.2476500000000001,1.2475200000000002,1.6,1.87
02.08.2021 00:48:00.280,1.24763,1.2475100000000001,1,1.5
02.08.2021 00:48:00.330,1.24763,1.24749,1,1.6
02.08.2021 00:48:00.532,1.24763,1.24749,1,1.12
02.08.2021 00:48:01.753,1.24764,1.2475200000000002,1.12,1.5
02.08.2021 00:48:01.905,1.24763,1.2475,1,1.39
02.08.2021 00:48:03.263,1.2476200000000002,1.2475,1,2.06
02.08.2021 00:48:20.710,1.24763,1.2475,1,1.39
02.08.2021 00:48:24.829,1.2476200000000002,1.2475,1.1,1.2
02.08.2021 00:48:30.065,1.2476200000000002,1.24747,1.6,1.01
02.08.2021 00:48:30.318,1.2476200000000002,1.24748,1.1,2.14
02.08.2021 00:48:30.419,1.2476200000000002,1.24748,1,1.41
02.08.2021 00:48:36.538,1.24763,1.24749,1.1,1.2
02.08.2021 00:49:00.111,1.2476500000000001,1.24753,1,1.35
02.08.2021 00:49:00.213,1.24767,1.24754,1.1,1
02.08.2021 00:49:00.263,1.24766,1.24753,1.2,1.39
02.08.2021 00:49:01.091,1.24763,1.2475200000000002,1,1
02.08.2021 00:49:01.192,1.24763,1.24749,1.1,1.51
02.08.2021 00:49:01.293,1.24763,1.24749,1.1,1.01
02.08.2021 00:49:09.570,1.2476500000000001,1.2475,1.6,2.89
02.08.2021 00:49:09.672,1.24766,1.2475100000000001,1.6,1
02.08.2021 00:49:10.026,1.2476500000000001,1.24753,1.5,1.25
02.08.2021 00:49:10.389,1.24764,1.2475,1.2,1.39
02.08.2021 00:49:21.356,1.2476500000000001,1.2475200000000002,1.5,2.32
02.08.2021 00:49:21.508,1.2476500000000001,1.2475200000000002,1,2.7
02.08.2021 00:49:21.685,1.24766,1.24753,1.6,2.89
02.08.2021 00:49:22.516,1.24767,1.2475200000000002,1.6,2.89
02.08.2021 00:49:22.661,1.24767,1.2475200000000002,1.6,2.95
02.08.2021 00:49:25.080,1.24766,1.24753,1.6,2.95
02.08.2021 00:49:25.411,1.24763,1.2475,1,3.66
02.08.2021 00:49:25.512,1.2476200000000002,1.2475100000000001,1,1.39
02.08.2021 00:49:28.303,1.24763,1.2475,1,1.41
02.08.2021 00:49:28.883,1.2476500000000001,1.2475,1.6,2.97
02.08.2021 00:49:28.985,1.2476500000000001,1.24753,1.6,1
02.08.2021 00:49:31.370,1.24764,1.2475,1.2,1.01
02.08.2021 00:49:36.296,1.2476500000000001,1.2475100000000001,1.5,1.35
02.08.2021 00:49:36.398,1.2476500000000001,1.2475200000000002,1.12,1.82
02.08.2021 00:49:37.366,1.24766,1.2475200000000002,1.12,1.25
02.08.2021 00:49:39.806,1.24767,1.24756,1.5,1.25
02.08.2021 00:49:39.958,1.24767,1.24757,1.5,1.45
02.08.2021 00:49:40.311,1.2476500000000001,1.24757,1,1
02.08.2021 00:49:40.363,1.24768,1.2475500000000002,4.12,1.6
02.08.2021 00:49:40.796,1.24768,1.2475500000000002,1.5,1.82
02.08.2021 00:49:41.218,1.2476500000000001,1.24756,1.5,1
02.08.2021 00:49:41.370,1.24766,1.24756,1.5,1.25
02.08.2021 00:49:44.495,1.24768,1.24756,1.5,1.69
02.08.2021 00:49:45.503,1.24768,1.24754,1.6,2.32
02.08.2021 00:49:54.851,1.24768,1.2475500000000002,2,1.82
02.08.2021 00:49:54.953,1.24768,1.24757,1.5,1.35
02.08.2021 00:49:55.421,1.24768,1.24758,1.12,1.45
02.08.2021 00:49:55.790,1.24767,1.24758,1,1.45
02.08.2021 00:49:58.487,1.24767,1.24757,1,1.5
02.08.2021 00:49:58.589,1.24768,1.24756,1,1.12
02.08.2021 00:49:59.077,1.24767,1.24757,1.5,1
02.08.2021 00:49:59.239,1.24768,1.2475500000000002,1.6,1.25
02.08.2021 00:50:07.818,1.24768,1.24757,1.6,1.5
02.08.2021 00:50:15.790,1.24766,1.24754,2,1.25
02.08.2021 00:50:15.891,1.24766,1.24754,1.5,1.12
02.08.2021 00:50:15.992,1.24766,1.24756,1.5,1
02.08.2021 00:50:16.542,1.24767,1.24756,1.5,1.25
02.08.2021 00:50:24.150,1.24767,1.24756,1.5,1.25
02.08.2021 00:50:29.748,1.2477,1.24756,1.5,4.04
02.08.2021 00:50:30.159,1.2477,1.24756,1.5,4.04
02.08.2021 00:50:30.663,1.24769,1.24757,1.6,4.01
02.08.2021 00:50:41.233,1.24769,1.24757,1.6,4.01
02.08.2021 00:50:45.019,1.24769,1.24757,1.6,5.14
02.08.2021 00:50:48.902,1.2477,1.24756,1.5,2.91
02.08.2021 00:50:49.470,1.24769,1.24758,1.5,1.35
02.08.2021 00:50:50.137,1.24771,1.24757,1.6,1.76
02.08.2021 00:50:56.490,1.2477,1.24756,1,1.6
02.08.2021 00:50:56.541,1.24768,1.24754,1.5,1
02.08.2021 00:50:56.845,1.24764,1.24753,1.6,1
02.08.2021 00:50:56.946,1.24763,1.2475,1,1.85
02.08.2021 00:50:59.846,1.24761,1.2475,1.1,1
02.08.2021 00:50:59.947,1.24761,1.24746,1.1,1.85
02.08.2021 00:51:00.149,1.24763,1.24748,1.1,1.95
02.08.2021 00:51:01.625,1.2476200000000002,1.24746,1.1,3.04
02.08.2021 00:51:01.676,1.2475500000000002,1.24743,1,1.01
02.08.2021 00:51:01.777,1.24754,1.2474200000000002,1,3.1
02.08.2021 00:51:03.493,1.24754,1.2474200000000002,1.1,1.2
02.08.2021 00:51:07.216,1.2475500000000002,1.2474500000000002,1,1
02.08.2021 00:51:07.317,1.2475500000000002,1.24746,1,1.1
02.08.2021 00:51:07.670,1.24756,1.2474200000000002,1,4.54
02.08.2021 00:51:07.721,1.24763,1.2475200000000002,1.5,1.57
02.08.2021 00:51:07.822,1.24768,1.2475500000000002,2.75,2.35
02.08.2021 00:51:08.729,1.24767,1.24754,1.5,2.54
02.08.2021 00:51:08.831,1.2477600000000002,1.2476500000000001,1.5,1.25
02.08.2021 00:51:09.417,1.24779,1.2476500000000001,1.5,1.35
02.08.2021 00:51:11.136,1.24779,1.2476500000000001,1.6,1.76
02.08.2021 00:51:11.237,1.24778,1.24764,1.2,1.01
02.08.2021 00:51:11.339,1.24778,1.24764,1.22,1.25
02.08.2021 00:51:12.166,1.24777,1.2476500000000001,1.2,1.39
02.08.2021 00:51:12.535,1.24777,1.2476500000000001,1.6,1.39
02.08.2021 00:51:14.991,1.2477500000000001,1.24761,2.07,1.35
02.08.2021 00:51:15.092,1.2477500000000001,1.2476200000000002,1.5,1.85
02.08.2021 00:51:15.500,1.2477500000000001,1.24761,1.12,1.37
02.08.2021 00:51:15.601,1.2477500000000001,1.24761,1.12,1.31
02.08.2021 00:51:16.475,1.24774,1.2476200000000002,1.5,1.31
02.08.2021 00:51:18.709,1.2477200000000002,1.24757,1.6,2.7
02.08.2021 00:51:18.861,1.2477200000000002,1.24757,1.2,1.1
02.08.2021 00:51:22.807,1.2477,1.24756,1,2.29
