Gmt time,Ask,Bid,AskVolume,BidVolume
27.08.2021 00:00:00.131,6.483130000000001,6.48182,1,1
27.08.2021 00:00:00.240,6.483180000000001,6.48182,1,1
27.08.2021 00:00:00.391,6.483180000000001,6.48176,1,1
27.08.2021 00:00:00.441,6.483210000000001,6.4818500000000006,1,1
27.08.2021 00:00:00.542,6.48322,6.48186,1,1
27.08.2021 00:00:00.746,6.4832,6.48187,1,1
27.08.2021 00:00:00.847,6.48322,6.48188,1,1
27.08.2021 00:00:01.177,6.483480000000001,6.4819700000000005,1.3,1
27.08.2021 00:00:01.356,6.4836800000000006,6.482,1.4,1.5
27.08.2021 00:00:01.457,6.4836800000000006,6.482,1.4,1.5
27.08.2021 00:00:01.558,6.483580000000001,6.48201,1.4,1.5
27.08.2021 00:00:01.686,6.483700000000001,6.48207,1.4,1
27.08.2021 00:00:01.787,6.48369,6.4821,1.4,1
27.08.2021 00:00:01.860,6.483490000000001,6.48209,1.3,1
27.08.2021 00:00:01.911,6.48359,6.48209,1.4,1.12
27.08.2021 00:00:02.012,6.483580000000001,6.4821100000000005,1.4,1
27.08.2021 00:00:02.115,6.483580000000001,6.4821100000000005,1.4,1
27.08.2021 00:00:02.248,6.48359,6.4821,1.27,1
27.08.2021 00:00:02.533,6.48359,6.4821100000000005,1.27,1
27.08.2021 00:00:02.653,6.48359,6.4821100000000005,1.27,1
27.08.2021 00:00:02.704,6.4836,6.4821,1.27,1.12
27.08.2021 00:00:02.805,6.4836,6.4821,1.27,1
27.08.2021 00:00:03.124,6.4836,6.4821,1.27,1.12
27.08.2021 00:00:03.237,6.4836,6.4821,1.3,1
27.08.2021 00:00:03.345,6.48359,6.4821100000000005,1.3,1.12
27.08.2021 00:00:03.679,6.48359,6.4821100000000005,1.3,1
27.08.2021 00:00:03.790,6.4836,6.4821,1.4,1
27.08.2021 00:00:04.070,6.48359,6.48212,1.4,1
27.08.2021 00:00:04.246,6.48359,6.48212,1.4,1
27.08.2021 00:00:04.926,6.48359,6.48212,1.4,1
27.08.2021 00:00:06.318,6.48359,6.48212,1.4,1.12
27.08.2021 00:00:06.369,6.483480000000001,6.48212,1.3,1
27.08.2021 00:00:07.999,6.48359,6.48212,1.3,1
27.08.2021 00:00:08.129,6.48359,6.482130000000001,1.27,1
27.08.2021 00:00:08.350,6.48359,6.482130000000001,1.27,1
27.08.2021 00:00:08.869,6.4836,6.48212,1.3,1
27.08.2021 00:00:08.990,6.483480000000001,6.482130000000001,1.3,1
27.08.2021 00:00:09.041,6.4836,6.48212,1.3,1
27.08.2021 00:00:09.091,6.483480000000001,6.482130000000001,1.3,1
27.08.2021 00:00:09.142,6.48359,6.482130000000001,1.3,1
27.08.2021 00:00:09.345,6.4836,6.48212,1.3,1
27.08.2021 00:00:09.446,6.48359,6.482130000000001,1.3,1
27.08.2021 00:00:09.547,6.483490000000001,6.48212,1.3,1
27.08.2021 00:00:09.749,6.483490000000001,6.482130000000001,1.8,1
27.08.2021 00:00:10.276,6.483480000000001,6.4821100000000005,1.8,1
27.08.2021 00:00:10.377,6.483480000000001,6.4821,1.8,1
27.08.2021 00:00:10.875,6.48366,6.4821,1.4,1
27.08.2021 00:00:10.976,6.4836100000000005,6.482150000000001,1.4,1
27.08.2021 00:00:11.155,6.4836100000000005,6.482150000000001,1.4,1
27.08.2021 00:00:11.206,6.483490000000001,6.482150000000001,1.3,1
27.08.2021 00:00:11.307,6.4836,6.48217,1.3,1
27.08.2021 00:00:11.408,6.4836100000000005,6.482150000000001,1.4,1
27.08.2021 00:00:11.600,6.4836,6.48216,1.4,1
27.08.2021 00:00:11.713,6.4836100000000005,6.48216,1.4,1
27.08.2021 00:00:11.833,6.4836,6.48217,1.4,1
27.08.2021 00:00:11.884,6.4836100000000005,6.48216,1.4,1
27.08.2021 00:00:11.985,6.483490000000001,6.48216,1.3,1
27.08.2021 00:00:12.297,6.483480000000001,6.4821800000000005,1.3,1
27.08.2021 00:00:12.802,6.483480000000001,6.48222,1.3,1
27.08.2021 00:00:12.903,6.483490000000001,6.48222,1.3,1
27.08.2021 00:00:13.198,6.48351,6.482240000000001,1.3,1
27.08.2021 00:00:14.796,6.4835,6.482240000000001,1.3,1
27.08.2021 00:00:15.533,6.48351,6.482240000000001,1.8,1
27.08.2021 00:00:16.547,6.48337,6.48227,1,1
27.08.2021 00:00:16.648,6.48337,6.48227,1,1
27.08.2021 00:00:16.847,6.48337,6.482290000000001,1,1
27.08.2021 00:00:16.948,6.48337,6.4823,1,1
27.08.2021 00:00:16.998,6.48337,6.4823,1,1
27.08.2021 00:00:17.159,6.48338,6.482290000000001,1,1
27.08.2021 00:00:17.650,6.48337,6.4823,1,1
27.08.2021 00:00:18.050,6.48337,6.4823,1,1
27.08.2021 00:00:18.644,6.48337,6.4823,1,1
27.08.2021 00:00:18.831,6.48342,6.4823,1,1
27.08.2021 00:00:18.882,6.48356,6.482240000000001,1,1
27.08.2021 00:00:18.983,6.483980000000001,6.482240000000001,1,1
27.08.2021 00:00:19.084,6.48397,6.48222,1.5,1
27.08.2021 00:00:19.185,6.48397,6.4824600000000006,1.5,1
27.08.2021 00:00:19.286,6.483980000000001,6.4824600000000006,1.5,1
27.08.2021 00:00:19.387,6.48397,6.48249,1.5,1
27.08.2021 00:00:19.489,6.48397,6.48252,1.5,1
27.08.2021 00:00:19.695,6.48397,6.482530000000001,1,1
27.08.2021 00:00:19.796,6.48342,6.482530000000001,1.12,1
27.08.2021 00:00:19.997,6.48343,6.48245,1.12,1
27.08.2021 00:00:20.225,6.48343,6.48241,1.12,1
27.08.2021 00:00:20.375,6.48343,6.4824,1.12,1
27.08.2021 00:00:20.527,6.48342,6.48242,1.12,1
27.08.2021 00:00:20.747,6.483350000000001,6.48241,1.12,1
27.08.2021 00:00:20.798,6.48351,6.48241,1,1
27.08.2021 00:00:20.898,6.4835,6.4824,1,1.5
27.08.2021 00:00:20.949,6.48397,6.48247,1.5,1
27.08.2021 00:00:21.012,6.48397,6.48247,1,1
27.08.2021 00:00:21.113,6.483980000000001,6.48252,1,1
27.08.2021 00:00:21.215,6.48372,6.48254,1,1
27.08.2021 00:00:21.421,6.48377,6.48251,1,1
27.08.2021 00:00:21.522,6.48372,6.48251,1,1
27.08.2021 00:00:21.703,6.48372,6.48252,1,1
27.08.2021 00:00:22.657,6.483700000000001,6.48251,1,1
27.08.2021 00:00:23.447,6.483980000000001,6.48251,1.5,1
27.08.2021 00:00:23.515,6.483980000000001,6.48251,1,1
27.08.2021 00:00:23.674,6.483790000000001,6.482530000000001,1,1
27.08.2021 00:00:23.775,6.483750000000001,6.482530000000001,1,1
27.08.2021 00:00:23.896,6.483750000000001,6.48257,1,1
27.08.2021 00:00:23.997,6.48374,6.48251,1,1
27.08.2021 00:00:24.098,6.48372,6.48251,1,1
27.08.2021 00:00:24.500,6.48371,6.4825,1,1
27.08.2021 00:00:25.042,6.483700000000001,6.48251,1.5,1
27.08.2021 00:00:25.143,6.483700000000001,6.48251,1.5,1
27.08.2021 00:00:25.294,6.48366,6.4825,1.5,1
27.08.2021 00:00:25.438,6.48366,6.4825,1.5,1
27.08.2021 00:00:25.488,6.48364,6.48249,1,1
27.08.2021 00:00:25.589,6.48367,6.482480000000001,1,1
27.08.2021 00:00:25.810,6.48404,6.482530000000001,1.5,1
27.08.2021 00:00:25.921,6.48405,6.482600000000001,1.5,1
27.08.2021 00:00:25.971,6.48405,6.48252,1.5,1
27.08.2021 00:00:26.022,6.484,6.48257,1,1
27.08.2021 00:00:26.172,6.483750000000001,6.482530000000001,1,1
27.08.2021 00:00:26.223,6.48374,6.482480000000001,1,1
27.08.2021 00:00:26.424,6.48372,6.482480000000001,1,1
27.08.2021 00:00:26.942,6.48405,6.48257,1,1
27.08.2021 00:00:27.093,6.48405,6.48257,1.5,1
27.08.2021 00:00:27.206,6.48405,6.4825800000000005,1.5,1
27.08.2021 00:00:27.307,6.48355,6.48259,0.37,1
27.08.2021 00:00:27.457,6.48376,6.48262,1.5,1
27.08.2021 00:00:27.558,6.48374,6.48262,1.5,1
27.08.2021 00:00:27.659,6.48371,6.48257,1.5,1
27.08.2021 00:00:27.817,6.48369,6.482530000000001,1.5,1
27.08.2021 00:00:27.918,6.48369,6.482530000000001,1.5,1
27.08.2021 00:00:28.069,6.48367,6.4825,1.5,1
27.08.2021 00:00:28.651,6.48365,6.48251,1.5,1
27.08.2021 00:00:29.380,6.48365,6.4825,1,1
27.08.2021 00:00:29.581,6.48405,6.48252,1.5,1
27.08.2021 00:00:29.682,6.48404,6.482600000000001,1.5,1
27.08.2021 00:00:29.745,6.48404,6.48275,1.5,1
27.08.2021 00:00:29.795,6.48405,6.48259,1.5,1
27.08.2021 00:00:29.896,6.48404,6.48262,1.5,1
27.08.2021 00:00:29.997,6.48405,6.48262,1.5,1
27.08.2021 00:00:30.147,6.48377,6.48261,1.5,1
27.08.2021 00:00:30.248,6.48378,6.482600000000001,1.5,1
27.08.2021 00:00:30.299,6.483750000000001,6.4825800000000005,1.5,1
27.08.2021 00:00:30.399,6.48372,6.48252,1.5,1
27.08.2021 00:00:30.450,6.48372,6.48252,1.5,1
27.08.2021 00:00:30.601,6.48367,6.48252,1.5,1
27.08.2021 00:00:30.821,6.48366,6.48252,1.5,1
27.08.2021 00:00:32.652,6.48365,6.482530000000001,1.5,1
27.08.2021 00:00:32.802,6.48364,6.482530000000001,1.5,1
27.08.2021 00:00:32.852,6.48364,6.482530000000001,1.12,1
27.08.2021 00:00:32.903,6.48362,6.4825,1.5,1
27.08.2021 00:00:32.953,6.48362,6.4825,1,1
27.08.2021 00:00:33.054,6.48367,6.4825,1,1
27.08.2021 00:00:33.154,6.48371,6.48251,1,1
27.08.2021 00:00:33.205,6.48405,6.482530000000001,1.5,1
27.08.2021 00:00:33.306,6.48404,6.48254,1.5,1
27.08.2021 00:00:33.356,6.48405,6.482550000000001,1.5,1
27.08.2021 00:00:33.457,6.48404,6.4827,1.5,1
27.08.2021 00:00:33.558,6.4838000000000005,6.48261,1,1
27.08.2021 00:00:33.609,6.48378,6.482550000000001,1,1
27.08.2021 00:00:33.710,6.48374,6.48256,1,1
27.08.2021 00:00:33.861,6.48372,6.482550000000001,1.5,1
27.08.2021 00:00:34.015,6.48369,6.482550000000001,1.5,1
27.08.2021 00:00:34.065,6.48362,6.48252,1.5,1
27.08.2021 00:00:34.166,6.4836100000000005,6.48252,1.5,1
27.08.2021 00:00:34.217,6.48362,6.48251,1,1
27.08.2021 00:00:34.318,6.4836100000000005,6.4824600000000006,1,1
27.08.2021 00:00:34.418,6.483700000000001,6.4824600000000006,1,1
27.08.2021 00:00:34.519,6.48369,6.4824600000000006,1,1
27.08.2021 00:00:34.570,6.48404,6.48252,1.5,1
27.08.2021 00:00:34.671,6.48405,6.482530000000001,1.5,1
27.08.2021 00:00:34.772,6.48381,6.48259,1,1
27.08.2021 00:00:34.873,6.48376,6.48256,1,1
27.08.2021 00:00:34.973,6.483790000000001,6.4825800000000005,1,1
27.08.2021 00:00:35.024,6.4838000000000005,6.48257,1.5,1
27.08.2021 00:00:35.125,6.483790000000001,6.48259,1.5,1
27.08.2021 00:00:35.175,6.4836800000000006,6.48252,1.5,1
27.08.2021 00:00:35.225,6.48367,6.482530000000001,1.5,1
27.08.2021 00:00:35.326,6.48365,6.48251,1.5,1
27.08.2021 00:00:35.427,6.4836100000000005,6.48251,1.5,1
27.08.2021 00:00:35.528,6.483630000000001,6.4825,1.5,1
27.08.2021 00:00:35.578,6.4836100000000005,6.482480000000001,1.5,1
27.08.2021 00:00:35.629,6.4836100000000005,6.482480000000001,1.5,1
27.08.2021 00:00:35.679,6.4836100000000005,6.48245,1.5,1
27.08.2021 00:00:35.802,6.48359,6.4824600000000006,1.5,1
27.08.2021 00:00:35.940,6.4836,6.48245,1,1
27.08.2021 00:00:36.092,6.4840100000000005,6.48249,1,1
27.08.2021 00:00:36.142,6.48396,6.482480000000001,1,1
27.08.2021 00:00:36.243,6.48377,6.482530000000001,1,1
27.08.2021 00:00:36.293,6.48402,6.48254,1,1
27.08.2021 00:00:36.394,6.48378,6.482550000000001,1,1
27.08.2021 00:00:36.495,6.483790000000001,6.482550000000001,1,1
27.08.2021 00:00:36.596,6.48404,6.48252,1.5,1
27.08.2021 00:00:36.697,6.48405,6.48261,1.5,1
27.08.2021 00:00:36.798,6.483790000000001,6.48263,1.5,1
27.08.2021 00:00:36.949,6.48377,6.4825800000000005,1.5,1
27.08.2021 00:00:37.049,6.48369,6.48261,1,1
27.08.2021 00:00:37.100,6.48365,6.48256,1,1
27.08.2021 00:00:37.201,6.48405,6.48249,1.5,1
27.08.2021 00:00:37.301,6.48405,6.48251,1.5,1
27.08.2021 00:00:37.460,6.48404,6.482550000000001,1.5,1
27.08.2021 00:00:37.510,6.48405,6.482550000000001,1,1
27.08.2021 00:00:37.561,6.4840100000000005,6.48256,1,1
27.08.2021 00:00:37.712,6.483750000000001,6.4825800000000005,1,1
27.08.2021 00:00:37.813,6.48369,6.48254,1.5,1
27.08.2021 00:00:37.916,6.48367,6.48252,1.5,1
27.08.2021 00:00:38.017,6.48367,6.482530000000001,1.5,1
27.08.2021 00:00:38.117,6.4836,6.4825,1.5,1
27.08.2021 00:00:38.218,6.483630000000001,6.48249,1.5,1
27.08.2021 00:00:38.359,6.483630000000001,6.48249,1.5,1
27.08.2021 00:00:39.025,6.483630000000001,6.48249,1,1
27.08.2021 00:00:39.226,6.48402,6.48254,1.5,1
27.08.2021 00:00:39.327,6.48373,6.482530000000001,1,1
27.08.2021 00:00:39.645,6.48369,6.48251,1,1
27.08.2021 00:00:39.902,6.483700000000001,6.48251,1,1
27.08.2021 00:00:40.503,6.483700000000001,6.48251,1.5,1
27.08.2021 00:00:40.604,6.483700000000001,6.48251,1.5,1
27.08.2021 00:00:40.705,6.48367,6.48251,1,1
27.08.2021 00:00:40.756,6.4836100000000005,6.48251,1,1
27.08.2021 00:00:40.857,6.483700000000001,6.4825,1,1
27.08.2021 00:00:41.017,6.48369,6.48252,1,1
27.08.2021 00:00:41.443,6.48373,6.48254,1,1
27.08.2021 00:00:41.544,6.48405,6.48254,1,1
27.08.2021 00:00:41.595,6.4840100000000005,6.482550000000001,1,1
27.08.2021 00:00:41.746,6.48376,6.48261,1,1
27.08.2021 00:00:41.847,6.48374,6.4825800000000005,1,1
27.08.2021 00:00:42.079,6.483750000000001,6.48252,1,1
27.08.2021 00:00:42.180,6.48373,6.48252,1,1
27.08.2021 00:00:42.281,6.483750000000001,6.482550000000001,1,1
27.08.2021 00:00:42.431,6.48374,6.482550000000001,1,1.5
27.08.2021 00:00:42.532,6.48374,6.482550000000001,1,1
27.08.2021 00:00:42.633,6.48374,6.48256,1,1
27.08.2021 00:00:42.784,6.48373,6.48252,1,1
27.08.2021 00:00:42.888,6.4840100000000005,6.48261,1.5,1
27.08.2021 00:00:42.939,6.48395,6.48261,1,1
27.08.2021 00:00:43.090,6.48371,6.4825800000000005,1,1
27.08.2021 00:00:43.219,6.48373,6.48257,1,1
27.08.2021 00:00:43.370,6.48372,6.48256,1,1
27.08.2021 00:00:43.471,6.48369,6.48256,1,1
27.08.2021 00:00:43.571,6.483700000000001,6.48252,1,1
27.08.2021 00:00:43.672,6.4836800000000006,6.48252,1,1
27.08.2021 00:00:43.773,6.48404,6.48254,1.5,1
27.08.2021 00:00:43.935,6.48404,6.48259,1.5,1
27.08.2021 00:00:44.036,6.48405,6.482600000000001,1.5,1
27.08.2021 00:00:44.086,6.48405,6.4825800000000005,1.5,1
27.08.2021 00:00:44.137,6.48405,6.4825800000000005,1.5,1
27.08.2021 00:00:44.288,6.48404,6.48261,1.5,1
27.08.2021 00:00:44.401,6.48405,6.48272,1.5,1
27.08.2021 00:00:45.151,6.4840100000000005,6.48298,1,1
27.08.2021 00:00:45.252,6.48422,6.483090000000001,1.12,2
27.08.2021 00:00:45.353,6.48421,6.4831,1.25,2
27.08.2021 00:00:45.454,6.4840800000000005,6.4831,1.25,1.5
27.08.2021 00:00:45.555,6.48407,6.48311,1.25,1.5
27.08.2021 00:00:45.665,6.48407,6.48311,1.75,1
27.08.2021 00:00:45.829,6.48407,6.48311,1.31,1
27.08.2021 00:00:46.189,6.4840800000000005,6.483090000000001,1.75,1
27.08.2021 00:00:46.349,6.4840800000000005,6.48312,1.75,1
27.08.2021 00:00:46.570,6.48407,6.4832,1.75,1
27.08.2021 00:00:46.785,6.48407,6.4832600000000005,1.75,1
27.08.2021 00:00:46.835,6.48407,6.4832600000000005,1.25,1
27.08.2021 00:00:50.018,6.48407,6.4832,1.25,1.5
27.08.2021 00:00:50.568,6.48407,6.4832,1.25,1.5
27.08.2021 00:00:50.669,6.4840800000000005,6.4831900000000005,1.25,1.5
27.08.2021 00:00:51.557,6.4840800000000005,6.4831900000000005,1.25,1.5
27.08.2021 00:00:51.678,6.48407,6.48322,1.25,1.5
27.08.2021 00:00:52.352,6.4840800000000005,6.483210000000001,1.25,1.5
27.08.2021 00:00:52.452,6.48407,6.48322,1.25,1.5
27.08.2021 00:00:52.656,6.48407,6.48322,1.25,1.5
27.08.2021 00:00:53.380,6.4840800000000005,6.483210000000001,1.25,1.5
27.08.2021 00:00:53.869,6.48407,6.483230000000001,1.25,1.5
27.08.2021 00:00:53.970,6.48435,6.48324,1.75,1.5
27.08.2021 00:00:54.587,6.48435,6.48324,1.75,1.5
27.08.2021 00:00:58.135,6.48435,6.48324,1.75,1.5
27.08.2021 00:00:59.010,6.48427,6.48322,1.25,1.5
27.08.2021 00:00:59.061,6.48426,6.483230000000001,1.25,1.5
27.08.2021 00:00:59.162,6.4840800000000005,6.483180000000001,1.25,1.5
27.08.2021 00:00:59.502,6.48434,6.48322,1.75,1.5
27.08.2021 00:01:00.033,6.48426,6.483210000000001,1.25,1
27.08.2021 00:01:00.262,6.48426,6.48322,1.25,1
27.08.2021 00:01:04.205,6.484240000000001,6.48325,1.75,1
27.08.2021 00:01:04.308,6.4840800000000005,6.48322,1.75,1
27.08.2021 00:01:04.459,6.4840800000000005,6.483210000000001,1.25,1
27.08.2021 00:01:05.255,6.4840800000000005,6.48324,1.25,1
27.08.2021 00:01:05.306,6.4840800000000005,6.483210000000001,1.25,1
27.08.2021 00:01:05.458,6.4840800000000005,6.4832,1.25,1
27.08.2021 00:01:05.755,6.4840800000000005,6.483180000000001,1.25,1
27.08.2021 00:01:05.856,6.48407,6.483180000000001,1.25,1
27.08.2021 00:01:06.741,6.48407,6.48317,1.25,1
27.08.2021 00:01:09.476,6.48404,6.48317,1,1
27.08.2021 00:01:09.601,6.48404,6.48316,1,1
27.08.2021 00:01:13.965,6.48407,6.48316,1.75,1
27.08.2021 00:01:14.066,6.484,6.48315,1,1
27.08.2021 00:01:14.116,6.484,6.48315,1,1
27.08.2021 00:01:14.217,6.484,6.483090000000001,1,1
27.08.2021 00:01:14.267,6.48399,6.48298,1,1
27.08.2021 00:01:14.367,6.484,6.48296,1,1
27.08.2021 00:01:14.468,6.483980000000001,6.4829300000000005,1,1
27.08.2021 00:01:14.542,6.48397,6.48292,1,1
27.08.2021 00:01:14.643,6.48397,6.48292,1,1
27.08.2021 00:01:14.744,6.48395,6.48292,1,1
27.08.2021 00:01:14.893,6.48396,6.4829300000000005,1,1
27.08.2021 00:01:15.069,6.48396,6.4829300000000005,1,1
27.08.2021 00:01:15.197,6.48405,6.48291,1.5,1
27.08.2021 00:01:15.313,6.48404,6.48291,1.5,1
27.08.2021 00:01:15.364,6.48405,6.48292,1.5,1
27.08.2021 00:01:15.552,6.48404,6.48292,1.5,1
27.08.2021 00:01:16.427,6.48397,6.48291,1,1
27.08.2021 00:01:16.575,6.48407,6.48291,1,1
27.08.2021 00:01:16.724,6.48407,6.48291,1,1
27.08.2021 00:01:16.927,6.48395,6.48292,1,1
27.08.2021 00:01:17.032,6.48395,6.48292,1,1
27.08.2021 00:01:17.181,6.48395,6.48292,1,1
27.08.2021 00:01:17.655,6.48395,6.48292,1,1
27.08.2021 00:01:17.795,6.48397,6.48291,1,1
27.08.2021 00:01:17.896,6.48397,6.48291,1,1
27.08.2021 00:01:17.946,6.48405,6.48292,1.5,1
27.08.2021 00:01:18.047,6.48404,6.48292,1.5,1
27.08.2021 00:01:18.148,6.48404,6.4829300000000005,1.5,1
27.08.2021 00:01:18.414,6.48405,6.4829,1.5,1
27.08.2021 00:01:18.549,6.48404,6.4829300000000005,1.5,1
27.08.2021 00:01:19.579,6.48404,6.4829300000000005,1.5,1
27.08.2021 00:01:19.733,6.48405,6.48291,1.5,1
27.08.2021 00:01:19.841,6.48405,6.4829,1.5,1
27.08.2021 00:01:20.016,6.4839400000000005,6.48291,1,1
27.08.2021 00:01:20.159,6.48395,6.48289,1,1
27.08.2021 00:01:20.260,6.48395,6.4829,1,1
27.08.2021 00:01:20.605,6.48395,6.4829,1,1
27.08.2021 00:01:20.706,6.4839400000000005,6.48291,1,1
27.08.2021 00:01:20.807,6.4839400000000005,6.48291,1,1
27.08.2021 00:01:20.908,6.4839400000000005,6.48289,1,1
27.08.2021 00:01:21.009,6.48395,6.482880000000001,1,1
27.08.2021 00:01:21.120,6.4839400000000005,6.482880000000001,1,1
27.08.2021 00:01:21.674,6.4839400000000005,6.4828600000000005,1,1
27.08.2021 00:01:22.009,6.4839400000000005,6.4828600000000005,1,1
27.08.2021 00:01:22.210,6.4839400000000005,6.4828600000000005,1,1
27.08.2021 00:01:22.972,6.48392,6.4828600000000005,1,1
27.08.2021 00:01:23.073,6.48392,6.4828600000000005,1,1
27.08.2021 00:01:23.174,6.484030000000001,6.48287,1,1
27.08.2021 00:01:24.035,6.4839400000000005,6.482880000000001,1,1
27.08.2021 00:01:24.179,6.4839400000000005,6.482880000000001,1,1
27.08.2021 00:01:24.329,6.4839400000000005,6.48287,1,1
27.08.2021 00:01:24.380,6.4839400000000005,6.4828600000000005,1,1
27.08.2021 00:01:24.481,6.483930000000001,6.482880000000001,1,1
27.08.2021 00:01:24.632,6.4839400000000005,6.48285,1,1
27.08.2021 00:01:26.655,6.483930000000001,6.4828600000000005,1,1
27.08.2021 00:01:26.754,6.4839400000000005,6.48285,1,1
27.08.2021 00:01:26.885,6.48402,6.48287,1,1
27.08.2021 00:01:27.004,6.4840100000000005,6.482880000000001,1,1
27.08.2021 00:01:27.054,6.483930000000001,6.4828600000000005,1,1
27.08.2021 00:01:27.944,6.483930000000001,6.4828600000000005,1,1
27.08.2021 00:01:32.796,6.483930000000001,6.4828600000000005,1,1
27.08.2021 00:01:32.846,6.483930000000001,6.482880000000001,1,1
27.08.2021 00:01:35.748,6.48396,6.48287,1,1
27.08.2021 00:01:35.906,6.48395,6.48287,1,1
27.08.2021 00:01:36.106,6.4839400000000005,6.48287,1,1
27.08.2021 00:01:36.207,6.48395,6.48285,1,1
27.08.2021 00:01:36.308,6.48395,6.48285,1,1
27.08.2021 00:01:36.574,6.48395,6.48285,1,1
27.08.2021 00:01:36.624,6.48402,6.482880000000001,1,1
27.08.2021 00:01:36.725,6.484030000000001,6.48287,1,1
27.08.2021 00:01:37.600,6.48402,6.482880000000001,1,1
27.08.2021 00:01:37.751,6.48395,6.48287,1,1
27.08.2021 00:01:37.869,6.48395,6.48287,1,1
27.08.2021 00:01:37.999,6.48395,6.48287,1,1
27.08.2021 00:01:38.100,6.484030000000001,6.48287,1,1
27.08.2021 00:01:38.200,6.48402,6.482880000000001,1,1
27.08.2021 00:01:38.354,6.48402,6.48287,1,1
27.08.2021 00:01:38.611,6.4839400000000005,6.4828600000000005,1,1
27.08.2021 00:01:38.664,6.4839400000000005,6.482880000000001,1,1
27.08.2021 00:01:38.776,6.484030000000001,6.48287,1,1
27.08.2021 00:01:38.877,6.48402,6.48287,1,1
27.08.2021 00:01:39.120,6.48402,6.4828600000000005,1,1
27.08.2021 00:01:39.204,6.484030000000001,6.48285,1,1
27.08.2021 00:01:39.281,6.484030000000001,6.48287,1,1
27.08.2021 00:01:39.439,6.484030000000001,6.48287,1,1
27.08.2021 00:01:39.550,6.48405,6.4828600000000005,1.5,1
27.08.2021 00:01:39.600,6.48396,6.48285,1,1
27.08.2021 00:01:39.701,6.48396,6.4828600000000005,1,1
27.08.2021 00:01:40.054,6.48402,6.48287,1,1
27.08.2021 00:01:40.203,6.48402,6.482880000000001,1,1
27.08.2021 00:01:40.268,6.48402,6.482880000000001,1,1
27.08.2021 00:01:40.419,6.48395,6.48287,1,1
27.08.2021 00:01:40.686,6.48395,6.4828600000000005,1,1
27.08.2021 00:01:40.736,6.48402,6.4828600000000005,1,1
27.08.2021 00:01:40.806,6.48402,6.482880000000001,1,1
27.08.2021 00:01:41.054,6.48396,6.48287,1,1
27.08.2021 00:01:41.107,6.48395,6.4828600000000005,1,1
27.08.2021 00:01:41.308,6.48395,6.48287,1,1
27.08.2021 00:01:41.363,6.48396,6.4828600000000005,1,1
27.08.2021 00:01:41.509,6.48402,6.482880000000001,1,1
27.08.2021 00:01:41.610,6.484030000000001,6.48287,1,1
27.08.2021 00:01:41.711,6.48402,6.4828600000000005,1,1
27.08.2021 00:01:41.929,6.48395,6.48285,1,1
27.08.2021 00:01:42.030,6.48395,6.482830000000001,1,1
27.08.2021 00:01:42.172,6.4839400000000005,6.482830000000001,1,1
27.08.2021 00:01:42.273,6.4839400000000005,6.48282,1,1
27.08.2021 00:01:42.918,6.48395,6.48281,1,1
27.08.2021 00:01:43.256,6.4839400000000005,6.48282,1,1
27.08.2021 00:01:44.505,6.4839400000000005,6.48282,1,1
27.08.2021 00:01:45.707,6.48395,6.48281,1,1
27.08.2021 00:01:53.168,6.48395,6.48281,1,1
27.08.2021 00:01:53.269,6.48395,6.48281,1,1
27.08.2021 00:01:53.420,6.4839400000000005,6.48281,1,1
27.08.2021 00:01:53.545,6.4839400000000005,6.48281,1,1
27.08.2021 00:01:54.563,6.484030000000001,6.4828,1.62,1
27.08.2021 00:01:54.714,6.48404,6.4828,1.5,1
27.08.2021 00:01:54.815,6.48404,6.48287,1.5,1
27.08.2021 00:01:54.966,6.48404,6.4828600000000005,1.5,1
27.08.2021 00:01:55.645,6.48405,6.4828600000000005,1.5,1
27.08.2021 00:01:56.660,6.48404,6.482880000000001,1.5,1
27.08.2021 00:02:00.364,6.48407,6.482880000000001,1.75,1
27.08.2021 00:02:00.515,6.48404,6.48271,1.12,1
27.08.2021 00:02:00.565,6.48404,6.48271,1.5,1.5
27.08.2021 00:02:00.666,6.48405,6.48266,1.5,1.5
27.08.2021 00:02:00.767,6.48405,6.48259,1.5,1.5
27.08.2021 00:02:00.868,6.48404,6.482600000000001,1.5,1.5
27.08.2021 00:02:01.080,6.48405,6.48259,1.5,1.5
27.08.2021 00:02:01.469,6.48404,6.482600000000001,1.5,1.5
27.08.2021 00:02:01.520,6.48399,6.482600000000001,1.5,1.5
27.08.2021 00:02:01.621,6.4839400000000005,6.482600000000001,1.5,1.5
27.08.2021 00:02:01.727,6.4839400000000005,6.482600000000001,1.5,1.5
27.08.2021 00:02:01.830,6.48395,6.48259,1.5,1.5
27.08.2021 00:02:10.015,6.48392,6.482600000000001,1,1
27.08.2021 00:02:10.126,6.48392,6.48262,1,1
27.08.2021 00:02:10.227,6.48392,6.48261,1.5,1
27.08.2021 00:02:10.328,6.483890000000001,6.48261,1.5,1
27.08.2021 00:02:10.429,6.483890000000001,6.48261,1,1
27.08.2021 00:02:10.479,6.48386,6.48262,1,1
27.08.2021 00:02:10.579,6.4839400000000005,6.48261,1.5,1
27.08.2021 00:02:18.452,6.4839400000000005,6.48262,1.5,1
27.08.2021 00:02:18.603,6.48395,6.48261,1.5,1
27.08.2021 00:02:22.684,6.48395,6.482600000000001,1.5,1
27.08.2021 00:02:25.649,6.48395,6.482600000000001,1,1
27.08.2021 00:02:40.072,6.483980000000001,6.48268,1,1
27.08.2021 00:02:40.223,6.483880000000001,6.482690000000001,1,1
27.08.2021 00:02:40.420,6.483880000000001,6.482690000000001,1,1
27.08.2021 00:02:46.059,6.483880000000001,6.48268,1,1
27.08.2021 00:02:46.110,6.4839400000000005,6.48266,1.5,1
27.08.2021 00:02:46.160,6.483890000000001,6.48266,1,1
27.08.2021 00:02:46.211,6.4839400000000005,6.4826500000000005,1,1
27.08.2021 00:02:46.311,6.4839400000000005,6.48266,1.5,1
27.08.2021 00:02:46.412,6.48395,6.48271,1,1
27.08.2021 00:02:46.513,6.48396,6.48271,1,1
27.08.2021 00:02:46.629,6.483930000000001,6.48268,1.5,1
27.08.2021 00:02:46.744,6.4839400000000005,6.48267,1.5,1
27.08.2021 00:02:46.886,6.48395,6.48268,1,1
27.08.2021 00:02:46.988,6.48396,6.48267,1,1
27.08.2021 00:02:48.049,6.4839400000000005,6.48267,1,1.12
27.08.2021 00:02:48.199,6.48404,6.482730000000001,1.5,1
27.08.2021 00:02:48.870,6.48405,6.482740000000001,1.5,1
27.08.2021 00:02:51.128,6.48405,6.48275,1.5,1
27.08.2021 00:02:59.411,6.48404,6.482780000000001,1.5,1
27.08.2021 00:02:59.944,6.48405,6.48277,1.5,1.5
27.08.2021 00:03:00.122,6.48405,6.4828,1.5,1
27.08.2021 00:03:00.231,6.4840800000000005,6.48281,1.75,1
27.08.2021 00:03:00.332,6.48407,6.48285,1.75,1
27.08.2021 00:03:01.208,6.48407,6.4828600000000005,1.75,1
27.08.2021 00:03:01.949,6.48407,6.4828600000000005,1.75,1
27.08.2021 00:03:07.352,6.4840800000000005,6.48287,1.75,1
27.08.2021 00:03:08.649,6.48407,6.482880000000001,1.75,1.5
27.08.2021 00:03:08.801,6.48405,6.48287,1.5,1
27.08.2021 00:03:09.448,6.48407,6.4829,1.75,1
27.08.2021 00:03:09.907,6.48407,6.48289,1.75,1
27.08.2021 00:03:18.189,6.48405,6.48287,1.5,1
27.08.2021 00:03:19.989,6.48407,6.4831,1.75,1
27.08.2021 00:03:20.090,6.48407,6.483230000000001,1.25,1.5
27.08.2021 00:03:20.191,6.48434,6.48322,1.75,2
27.08.2021 00:03:20.349,6.48435,6.48322,1.75,1.5
27.08.2021 00:03:21.014,6.48434,6.483230000000001,1.75,1.5
27.08.2021 00:03:22.654,6.48435,6.48322,1.75,2
27.08.2021 00:03:22.809,6.48434,6.48327,1.75,1.5
27.08.2021 00:03:22.960,6.48434,6.48338,1.75,1
27.08.2021 00:03:36.840,6.48434,6.48364,1.75,1
27.08.2021 00:03:36.941,6.48461,6.484030000000001,1,1
27.08.2021 00:03:36.991,6.48472,6.484100000000001,1,1
27.08.2021 00:03:37.042,6.48472,6.48407,1,1
27.08.2021 00:03:37.142,6.48495,6.48407,1,1
27.08.2021 00:03:37.425,6.484940000000001,6.48409,1,1
27.08.2021 00:03:37.526,6.48498,6.48411,1,1
27.08.2021 00:03:37.740,6.48498,6.48413,1,1
27.08.2021 00:03:38.045,6.48497,6.4841500000000005,1,1
27.08.2021 00:03:38.095,6.48542,6.48422,1.5,1
27.08.2021 00:03:38.146,6.4854,6.484240000000001,1.5,1
27.08.2021 00:03:38.297,6.485390000000001,6.48425,1.5,1
27.08.2021 00:03:38.429,6.4854,6.484240000000001,1,1
27.08.2021 00:03:38.591,6.48545,6.48425,1.5,1
27.08.2021 00:03:38.642,6.48545,6.48437,1.5,1
27.08.2021 00:03:38.793,6.48546,6.484360000000001,1,1
27.08.2021 00:03:39.095,6.48545,6.484380000000001,1,1
27.08.2021 00:03:40.053,6.48552,6.48437,1,1.5
27.08.2021 00:03:40.162,6.48545,6.484380000000001,1,1.5
27.08.2021 00:03:41.340,6.48545,6.484380000000001,1,1.5
27.08.2021 00:03:46.319,6.48546,6.48452,1,1
27.08.2021 00:03:46.420,6.48555,6.48495,1,1
27.08.2021 00:03:46.654,6.48556,6.48492,1,1
27.08.2021 00:03:47.380,6.4858,6.4850200000000005,1.8,1.1
27.08.2021 00:03:47.647,6.485790000000001,6.485110000000001,1.8,1.1
27.08.2021 00:03:47.849,6.4858400000000005,6.48512,1.82,1.1
27.08.2021 00:03:48.924,6.4858,6.48514,1.7,1.1
27.08.2021 00:03:52.577,6.4858400000000005,6.48512,1.8,1.1
27.08.2021 00:03:57.685,6.4856300000000005,6.485130000000001,1.7,1.1
27.08.2021 00:03:58.669,6.48564,6.48512,1.7,1.1
27.08.2021 00:04:00.304,6.4856300000000005,6.48515,1.7,1.1
27.08.2021 00:04:00.674,6.4856300000000005,6.48515,1.7,1.1
27.08.2021 00:04:01.513,6.48564,6.48512,1.7,1.1
27.08.2021 00:04:01.795,6.48564,6.485080000000001,1.7,1.1
27.08.2021 00:04:02.563,6.4856300000000005,6.485110000000001,1.7,1.1
27.08.2021 00:04:02.677,6.4856300000000005,6.485110000000001,1.7,1.1
27.08.2021 00:04:04.315,6.485740000000001,6.48515,1.2,1
27.08.2021 00:04:04.416,6.485580000000001,6.485080000000001,1,1.6
27.08.2021 00:04:05.576,6.48557,6.4850900000000005,1,1.1
27.08.2021 00:04:07.646,6.48557,6.48507,1,1.1
27.08.2021 00:04:08.743,6.48557,6.48507,1,1.6
27.08.2021 00:04:08.846,6.48557,6.48507,1,1.1
27.08.2021 00:04:11.723,6.485580000000001,6.485040000000001,1,1.1
27.08.2021 00:04:12.568,6.485580000000001,6.48506,1,1.1
27.08.2021 00:04:13.599,6.48552,6.48507,1,1.1
27.08.2021 00:04:14.754,6.48552,6.485040000000001,1,1.1
27.08.2021 00:04:15.085,6.48552,6.485030000000001,1,1.1
27.08.2021 00:04:16.218,6.48552,6.485030000000001,1.5,1.1
27.08.2021 00:04:17.353,6.48547,6.485040000000001,1.5,1.1
27.08.2021 00:04:18.354,6.48547,6.485040000000001,1.5,1.1
27.08.2021 00:04:19.255,6.48532,6.485040000000001,1,1.1
27.08.2021 00:04:19.674,6.48536,6.48497,1,1.1
27.08.2021 00:04:19.725,6.4855,6.48505,1,1
27.08.2021 00:04:19.775,6.48557,6.48506,1,1
27.08.2021 00:04:19.826,6.48576,6.48498,1,1.5
27.08.2021 00:04:19.876,6.48575,6.48526,1,1
27.08.2021 00:04:19.990,6.48575,6.48533,1,1.5
27.08.2021 00:04:20.117,6.485740000000001,6.48532,1,1.5
27.08.2021 00:04:20.218,6.48554,6.485040000000001,1,1.6
27.08.2021 00:04:20.319,6.48554,6.485040000000001,1,1.6
27.08.2021 00:04:20.484,6.485530000000001,6.48505,1,1.6
27.08.2021 00:04:20.585,6.48554,6.485040000000001,1,1.6
27.08.2021 00:04:20.689,6.485480000000001,6.48505,1,1.6
27.08.2021 00:04:20.814,6.485480000000001,6.48505,1,1.6
27.08.2021 00:04:21.146,6.485480000000001,6.485,1,1.6
27.08.2021 00:04:24.451,6.48554,6.484990000000001,1,1.6
27.08.2021 00:04:24.789,6.485530000000001,6.485,1,1.6
27.08.2021 00:04:24.890,6.485600000000001,6.48505,1,1.6
27.08.2021 00:04:25.089,6.485600000000001,6.48505,1,1.6
27.08.2021 00:04:25.400,6.48559,6.485040000000001,1,1.6
27.08.2021 00:04:25.501,6.48537,6.4850900000000005,1,1.6
27.08.2021 00:04:25.652,6.48537,6.4851,1,1.6
27.08.2021 00:04:25.974,6.48535,6.4850900000000005,1,1.6
27.08.2021 00:04:26.280,6.485380000000001,6.4851,1,1.6
27.08.2021 00:04:27.210,6.485390000000001,6.48512,1,1.1
27.08.2021 00:04:27.260,6.485380000000001,6.485110000000001,1,1.1
27.08.2021 00:04:27.361,6.485380000000001,6.485110000000001,1,1.6
27.08.2021 00:04:28.265,6.485390000000001,6.4851,1,1.2
27.08.2021 00:04:29.190,6.485380000000001,6.485130000000001,1,1.1
27.08.2021 00:04:29.240,6.485380000000001,6.485110000000001,1,1.2
27.08.2021 00:04:29.379,6.485380000000001,6.485110000000001,1,1.6
27.08.2021 00:04:30.004,6.48535,6.4851,1,1.6
27.08.2021 00:04:30.632,6.48535,6.4851,1,1.2
27.08.2021 00:04:31.525,6.485340000000001,6.485080000000001,1,1.6
27.08.2021 00:04:31.676,6.48536,6.485080000000001,1,1.6
27.08.2021 00:04:33.729,6.48536,6.48507,1,1.6
27.08.2021 00:04:33.880,6.48535,6.485080000000001,1,1.6
27.08.2021 00:04:34.267,6.48536,6.48507,1,1.6
27.08.2021 00:04:36.200,6.4853000000000005,6.48489,1,1.6
27.08.2021 00:04:36.251,6.48541,6.48489,1,1.6
27.08.2021 00:04:36.351,6.48541,6.4849000000000006,1,1.5
27.08.2021 00:04:36.452,6.4854,6.48497,1,1.6
27.08.2021 00:04:36.553,6.48541,6.48496,1,1.6
27.08.2021 00:04:36.640,6.4854400000000005,6.48496,1,1.6
27.08.2021 00:04:36.757,6.4854400000000005,6.48501,1,1.6
27.08.2021 00:04:37.533,6.4854400000000005,6.48507,1,1.6
27.08.2021 00:04:37.877,6.48536,6.48507,1,1.6
27.08.2021 00:04:37.978,6.485390000000001,6.48493,1,1.1
27.08.2021 00:04:38.029,6.4854,6.48495,1,1
27.08.2021 00:04:38.130,6.485390000000001,6.48496,1,1.6
27.08.2021 00:04:38.180,6.4853000000000005,6.48492,1,1.5
27.08.2021 00:04:38.281,6.4853000000000005,6.4848300000000005,1,1.1
27.08.2021 00:04:38.332,6.485380000000001,6.48496,1,1
27.08.2021 00:04:38.483,6.485380000000001,6.48496,1,1.5
27.08.2021 00:04:38.786,6.485390000000001,6.48495,1,1.5
27.08.2021 00:04:38.852,6.485390000000001,6.4850200000000005,1,1
27.08.2021 00:04:39.055,6.485380000000001,6.48496,1,1.5
27.08.2021 00:04:39.159,6.485380000000001,6.485030000000001,1,1
27.08.2021 00:04:39.262,6.485380000000001,6.48496,1,1.5
27.08.2021 00:04:39.672,6.485390000000001,6.4850200000000005,1,1
27.08.2021 00:04:39.771,6.485380000000001,6.48496,1,1.5
27.08.2021 00:04:40.181,6.485390000000001,6.4850200000000005,1,1
27.08.2021 00:04:41.299,6.485390000000001,6.48496,1,1.6
27.08.2021 00:04:42.347,6.485390000000001,6.4850200000000005,1,1
27.08.2021 00:04:42.420,6.485380000000001,6.4850200000000005,1,1.6
27.08.2021 00:04:43.230,6.485380000000001,6.4850200000000005,1,1.6
27.08.2021 00:04:44.255,6.485380000000001,6.4850200000000005,1,1.6
27.08.2021 00:04:49.285,6.48546,6.48501,1,1.6
27.08.2021 00:04:49.561,6.485380000000001,6.48489,1,1.6
27.08.2021 00:04:49.662,6.48537,6.4849000000000006,1,1.6
27.08.2021 00:04:49.729,6.48537,6.4849000000000006,1,1.1
27.08.2021 00:04:50.128,6.48537,6.4849000000000006,1,1.6
27.08.2021 00:04:50.329,6.485380000000001,6.48489,1,1.1
27.08.2021 00:04:50.545,6.48537,6.48489,1,1.1
27.08.2021 00:04:50.631,6.48537,6.48489,1,1.6
27.08.2021 00:04:50.736,6.485380000000001,6.48488,1,1.1
27.08.2021 00:04:50.787,6.485380000000001,6.48487,1,1.1
27.08.2021 00:04:51.142,6.485380000000001,6.48487,1,1.6
27.08.2021 00:04:51.243,6.485390000000001,6.48486,1,1.1
27.08.2021 00:04:52.025,6.48533,6.48486,1,1.1
27.08.2021 00:04:52.305,6.484990000000001,6.48458,1,1.5
27.08.2021 00:04:52.406,6.48498,6.48456,1,1
27.08.2021 00:04:52.507,6.48498,6.48413,1,1.5
27.08.2021 00:04:52.608,6.484990000000001,6.48405,1,1
27.08.2021 00:04:52.659,6.48492,6.48406,1,1
27.08.2021 00:04:52.709,6.48492,6.483930000000001,1,0.97
27.08.2021 00:04:53.380,6.48492,6.483930000000001,1,0.97
27.08.2021 00:04:53.680,6.48492,6.48406,1,1
27.08.2021 00:04:53.794,6.48487,6.48406,1,1
27.08.2021 00:04:54.241,6.48488,6.48395,1,1
27.08.2021 00:04:54.292,6.48487,6.4839,1,0.97
27.08.2021 00:04:59.339,6.48488,6.483890000000001,1,1.1
27.08.2021 00:04:59.431,6.48487,6.4839,1,1.1
27.08.2021 00:05:01.456,6.484990000000001,6.483890000000001,1.5,1.1
27.08.2021 00:05:02.341,6.484990000000001,6.483890000000001,1.5,0.97
27.08.2021 00:05:03.388,6.484990000000001,6.483890000000001,1.5,0.97
27.08.2021 00:05:03.567,6.484990000000001,6.483890000000001,1.5,0.97
27.08.2021 00:05:03.670,6.484990000000001,6.483890000000001,1.5,0.97
27.08.2021 00:05:03.774,6.484990000000001,6.483890000000001,1.5,0.97
27.08.2021 00:05:03.878,6.484990000000001,6.483890000000001,1.5,0.97
27.08.2021 00:05:05.764,6.48496,6.483890000000001,1,1.1
27.08.2021 00:05:05.865,6.48495,6.4839,1,1.1
27.08.2021 00:05:27.634,6.48496,6.48395,1,1
27.08.2021 00:05:27.855,6.48495,6.48391,1,1.1
27.08.2021 00:05:37.288,6.48496,6.48396,1,1.1
27.08.2021 00:05:37.389,6.48496,6.4840100000000005,1,1.5
27.08.2021 00:05:38.387,6.48495,6.48402,1,1
27.08.2021 00:05:38.437,6.48497,6.4840100000000005,1,1
27.08.2021 00:05:38.538,6.48496,6.48396,1,1.22
27.08.2021 00:05:38.628,6.48496,6.48396,1,1.62
27.08.2021 00:05:38.780,6.48496,6.4840100000000005,1,1.1
27.08.2021 00:05:38.881,6.48498,6.48397,1.5,1
27.08.2021 00:05:38.981,6.48497,6.4840100000000005,1,1.5
27.08.2021 00:05:39.082,6.48498,6.48395,1,1.6
27.08.2021 00:05:39.183,6.48497,6.483980000000001,1,1
27.08.2021 00:05:39.244,6.48497,6.48396,1,1.6
27.08.2021 00:05:40.147,6.48498,6.48396,1,1.6
27.08.2021 00:05:40.302,6.48498,6.483980000000001,1,1.5
27.08.2021 00:05:40.402,6.484990000000001,6.48397,1,1.1
27.08.2021 00:05:40.503,6.485,6.48396,1,1.1
27.08.2021 00:05:40.611,6.485,6.48397,1,1
27.08.2021 00:05:40.712,6.484990000000001,6.4840100000000005,1,1.1
27.08.2021 00:05:40.813,6.485,6.484,1,1.5
27.08.2021 00:05:41.054,6.48496,6.484030000000001,1,1
27.08.2021 00:05:41.104,6.484990000000001,6.484030000000001,1,1
27.08.2021 00:05:41.205,6.484990000000001,6.48397,1,1.1
27.08.2021 00:05:41.306,6.484990000000001,6.4840100000000005,1,1.1
27.08.2021 00:05:42.715,6.48497,6.48396,1,1.6
27.08.2021 00:05:43.840,6.48498,6.48396,1,1
27.08.2021 00:05:44.358,6.48498,6.484,1,1.5
27.08.2021 00:05:44.459,6.48497,6.48397,1,1
27.08.2021 00:05:44.559,6.48498,6.48395,1,1.6
27.08.2021 00:05:44.858,6.48497,6.48397,1,1
27.08.2021 00:05:44.960,6.48497,6.48396,1,1.6
27.08.2021 00:05:45.572,6.48497,6.4840100000000005,1,1.5
27.08.2021 00:05:46.316,6.48498,6.48395,1,1.6
27.08.2021 00:05:46.384,6.48497,6.48397,1,1
27.08.2021 00:05:46.817,6.48497,6.48392,1,1.1
27.08.2021 00:05:46.917,6.48497,6.48404,1,1
27.08.2021 00:05:47.023,6.48497,6.48396,1,1.1
27.08.2021 00:05:47.102,6.48498,6.48395,1,1.5
27.08.2021 00:05:47.205,6.48498,6.48395,1,1.5
27.08.2021 00:05:47.447,6.48498,6.484,1,1.5
27.08.2021 00:05:48.410,6.48497,6.4840100000000005,1,1.5
27.08.2021 00:05:48.511,6.48497,6.4840100000000005,1,1.5
27.08.2021 00:05:51.443,6.48497,6.48396,1,1.5
27.08.2021 00:05:51.521,6.48497,6.48396,1,1.1
27.08.2021 00:05:51.723,6.48497,6.4840100000000005,1,1.5
27.08.2021 00:05:52.588,6.48497,6.48396,1,1.6
27.08.2021 00:05:52.689,6.48498,6.48395,1,1.6
27.08.2021 00:05:52.853,6.48498,6.48395,1,1.6
27.08.2021 00:05:52.955,6.48497,6.48399,1,1
27.08.2021 00:05:53.056,6.48498,6.48395,1,1.6
27.08.2021 00:05:53.289,6.48507,6.484100000000001,1.1,1
27.08.2021 00:05:53.339,6.48497,6.48411,1,1
27.08.2021 00:05:53.451,6.48497,6.4840100000000005,1,1.5
27.08.2021 00:05:53.562,6.48498,6.4840800000000005,1,1
27.08.2021 00:05:56.366,6.48498,6.484,1,1.5
27.08.2021 00:05:56.731,6.48498,6.484,1,1.5
27.08.2021 00:05:57.325,6.48498,6.484,1,1.5
27.08.2021 00:05:57.490,6.48507,6.4840800000000005,1.1,1
27.08.2021 00:05:57.541,6.48497,6.48412,1,1
27.08.2021 00:05:57.642,6.48497,6.483980000000001,1,1
27.08.2021 00:05:57.743,6.48498,6.48397,1,1
27.08.2021 00:05:57.857,6.48498,6.48397,1,1
27.08.2021 00:05:58.378,6.48497,6.4840100000000005,1,1
27.08.2021 00:05:58.479,6.48498,6.48395,1,1
27.08.2021 00:05:58.579,6.48498,6.484,1,1.5
27.08.2021 00:05:58.704,6.48497,6.48404,1,1
27.08.2021 00:05:59.372,6.48497,6.48396,1,1.5
27.08.2021 00:05:59.473,6.48498,6.48395,1,1.5
27.08.2021 00:05:59.523,6.48497,6.48396,1,2
27.08.2021 00:05:59.697,6.48498,6.48404,1,1
27.08.2021 00:05:59.984,6.48498,6.48395,1,1.87
27.08.2021 00:06:00.135,6.48497,6.48396,1,1.62
27.08.2021 00:06:00.235,6.48497,6.48396,1,2
27.08.2021 00:06:00.295,6.48497,6.48405,1,1
27.08.2021 00:06:00.396,6.48458,6.48395,1,1
27.08.2021 00:06:00.547,6.48457,6.48396,1,1
27.08.2021 00:06:00.647,6.48458,6.48402,0.37,1
27.08.2021 00:06:00.748,6.48458,6.48402,0.37,1
27.08.2021 00:06:00.849,6.48458,6.4840100000000005,0.37,1
27.08.2021 00:06:00.950,6.48458,6.48404,0.37,1
27.08.2021 00:06:01.051,6.48457,6.4840100000000005,0.37,1
27.08.2021 00:06:01.152,6.485030000000001,6.4840800000000005,1.5,1
27.08.2021 00:06:01.381,6.4850200000000005,6.48409,1.5,1
27.08.2021 00:06:01.533,6.48505,6.48405,1.5,1.5
27.08.2021 00:06:01.742,6.48517,6.48406,1.5,1.5
27.08.2021 00:06:01.843,6.48497,6.48411,1,1
27.08.2021 00:06:01.943,6.48497,6.4840100000000005,1,1
27.08.2021 00:06:02.387,6.48498,6.483980000000001,1,1.5
27.08.2021 00:06:02.488,6.48498,6.48399,1,1
27.08.2021 00:06:02.689,6.48457,6.484,1,1
27.08.2021 00:06:02.789,6.48458,6.483840000000001,1,1
27.08.2021 00:06:02.840,6.48458,6.483700000000001,1,1.5
27.08.2021 00:06:02.890,6.48458,6.483700000000001,1,1.5
27.08.2021 00:06:02.991,6.48458,6.483700000000001,1,1.5
27.08.2021 00:06:03.092,6.4844,6.48366,1,1.5
27.08.2021 00:06:03.192,6.48439,6.48383,1,1
27.08.2021 00:06:06.705,6.4844100000000005,6.48383,1,1
27.08.2021 00:06:33.425,6.48442,6.48382,1,1.5
27.08.2021 00:06:33.526,6.48442,6.48382,1,1
27.08.2021 00:06:54.704,6.4844100000000005,6.48382,1,1
27.08.2021 00:06:54.805,6.4844,6.48382,1,1
27.08.2021 00:07:01.197,6.48439,6.48382,1,1
27.08.2021 00:07:01.654,6.4843,6.48383,1,1
27.08.2021 00:07:38.074,6.48431,6.48382,1,1.5
27.08.2021 00:07:38.125,6.484380000000001,6.48382,1,1.5
27.08.2021 00:07:38.226,6.484430000000001,6.48383,1.1,1.5
27.08.2021 00:07:38.377,6.48444,6.48383,1,1
27.08.2021 00:07:38.477,6.48442,6.48383,1,1
27.08.2021 00:07:38.689,6.484430000000001,6.48383,1.1,1
27.08.2021 00:07:38.953,6.48444,6.48383,1,1
27.08.2021 00:07:39.108,6.48444,6.48383,1.1,1
27.08.2021 00:07:39.665,6.484360000000001,6.48382,1,1
27.08.2021 00:07:59.095,6.484360000000001,6.48385,1,1
27.08.2021 00:07:59.195,6.484360000000001,6.48382,1,1
27.08.2021 00:08:12.324,6.484280000000001,6.48383,1.1,1
27.08.2021 00:08:12.640,6.48427,6.48383,1,1
27.08.2021 00:08:13.117,6.484280000000001,6.48383,1.1,1
27.08.2021 00:08:15.477,6.48435,6.48382,1.1,1
27.08.2021 00:08:17.602,6.484360000000001,6.48382,1,1
27.08.2021 00:08:34.617,6.48431,6.48382,1,1
27.08.2021 00:08:40.279,6.48413,6.48383,1,1
27.08.2021 00:08:42.878,6.48404,6.48383,1,1
27.08.2021 00:08:42.979,6.48405,6.48342,1,3.87
27.08.2021 00:08:43.030,6.48426,6.48345,1.6,1
27.08.2021 00:08:43.131,6.4843,6.483300000000001,1.6,1
27.08.2021 00:08:44.046,6.48405,6.483300000000001,1.1,1
27.08.2021 00:08:44.247,6.48405,6.483300000000001,1,1
27.08.2021 00:08:49.962,6.48404,6.4832600000000005,1,1
27.08.2021 00:08:50.013,6.48404,6.483230000000001,1,3
27.08.2021 00:08:50.123,6.48404,6.48316,1,1
27.08.2021 00:08:50.173,6.48402,6.48316,1,1
27.08.2021 00:08:50.298,6.484,6.48315,1,1
27.08.2021 00:08:50.409,6.48392,6.48316,1,1
27.08.2021 00:08:50.460,6.484,6.48315,1,1
27.08.2021 00:08:50.664,6.48399,6.48315,1,1
27.08.2021 00:08:51.629,6.483930000000001,6.48315,1,1
27.08.2021 00:08:51.730,6.483930000000001,6.48357,1,1
27.08.2021 00:08:51.831,6.483930000000001,6.48359,1,1
27.08.2021 00:08:51.882,6.4840100000000005,6.483580000000001,1,1
27.08.2021 00:08:51.984,6.48405,6.483580000000001,1,1
27.08.2021 00:08:52.035,6.48407,6.483580000000001,1,1
27.08.2021 00:08:52.139,6.48409,6.483580000000001,1,1
27.08.2021 00:08:53.108,6.48409,6.4836,1,1.1
27.08.2021 00:08:54.370,6.48409,6.48365,1,1.1
27.08.2021 00:09:00.420,6.48418,6.48367,1,1.1
27.08.2021 00:09:00.470,6.484190000000001,6.48366,1,1.6
27.08.2021 00:09:00.571,6.4842,6.48367,1,1.62
27.08.2021 00:09:00.722,6.48412,6.48371,1,1
27.08.2021 00:09:01.459,6.48412,6.483700000000001,1,1
27.08.2021 00:09:10.652,6.48411,6.483700000000001,1,1
27.08.2021 00:09:11.101,6.48409,6.483700000000001,1,1
27.08.2021 00:09:11.364,6.48407,6.483700000000001,1,1
27.08.2021 00:09:24.629,6.48406,6.483700000000001,1,1
27.08.2021 00:09:27.512,6.48406,6.48367,1,1
27.08.2021 00:09:27.563,6.48402,6.48367,1,1
27.08.2021 00:09:27.613,6.48402,6.48365,1,1.1
27.08.2021 00:09:44.769,6.4840100000000005,6.4836100000000005,1,1.1
27.08.2021 00:09:44.819,6.483980000000001,6.4836,1,1.1
27.08.2021 00:09:44.920,6.483880000000001,6.4836,1,1.1
27.08.2021 00:09:45.445,6.48387,6.48346,1,1.1
27.08.2021 00:09:45.690,6.4839400000000005,6.48346,1,1.1
27.08.2021 00:09:45.906,6.483980000000001,6.48346,1,1.1
27.08.2021 00:09:46.045,6.4840800000000005,6.4835,1.5,1
27.08.2021 00:09:46.146,6.48406,6.48346,1,1.1
27.08.2021 00:09:46.247,6.48411,6.48352,1,1
27.08.2021 00:09:46.297,6.48411,6.48356,1,1
27.08.2021 00:09:46.398,6.48411,6.4836,1,1
27.08.2021 00:09:46.743,6.48414,6.48359,1,1
27.08.2021 00:09:46.918,6.48414,6.4836,1,1
27.08.2021 00:09:47.018,6.48416,6.4836100000000005,1,1.1
27.08.2021 00:09:47.069,6.48422,6.4836100000000005,1,1.57
27.08.2021 00:09:47.280,6.48423,6.48362,1,1
27.08.2021 00:09:48.188,6.4842,6.4836100000000005,1,1.6
27.08.2021 00:09:48.338,6.48417,6.4836100000000005,1,1.6
27.08.2021 00:09:48.439,6.48411,6.4836100000000005,1,1.1
27.08.2021 00:09:48.540,6.48411,6.48355,1,1
27.08.2021 00:09:48.641,6.48418,6.4835400000000005,1,1
27.08.2021 00:09:48.728,6.48417,6.48352,1,1
27.08.2021 00:09:48.779,6.4840800000000005,6.48345,1,1
27.08.2021 00:09:48.830,6.48407,6.48342,1,1
27.08.2021 00:09:48.880,6.4840100000000005,6.4834000000000005,1,1
27.08.2021 00:09:48.931,6.48405,6.48343,1,1
27.08.2021 00:09:49.669,6.484100000000001,6.48341,1,1
27.08.2021 00:09:49.720,6.48399,6.4834000000000005,1,1.1
27.08.2021 00:09:50.170,6.483930000000001,6.48336,1,1.1
27.08.2021 00:10:00.574,6.4839400000000005,6.483390000000001,1,1.1
27.08.2021 00:10:02.086,6.4840100000000005,6.483390000000001,1,1.1
27.08.2021 00:10:02.136,6.48391,6.483390000000001,1,1.1
27.08.2021 00:10:02.299,6.4839400000000005,6.483390000000001,1,1.1
27.08.2021 00:10:02.399,6.483890000000001,6.483390000000001,1,1.1
27.08.2021 00:10:02.450,6.483930000000001,6.483390000000001,1,1.1
27.08.2021 00:10:02.551,6.48395,6.4834000000000005,1,1.1
27.08.2021 00:10:03.492,6.48391,6.4834000000000005,1,1.1
27.08.2021 00:10:03.662,6.48397,6.4834000000000005,1,1.1
27.08.2021 00:10:11.474,6.483980000000001,6.483350000000001,1,1
27.08.2021 00:10:12.879,6.484030000000001,6.4833300000000005,1,1
27.08.2021 00:10:12.930,6.48391,6.483300000000001,1,1.5
27.08.2021 00:10:13.352,6.48392,6.48331,1,1.1
27.08.2021 00:10:13.881,6.483890000000001,6.48331,1,1.1
27.08.2021 00:10:16.380,6.483840000000001,6.48332,1,1.1
27.08.2021 00:10:16.720,6.48385,6.48332,1,1.1
27.08.2021 00:10:16.888,6.48385,6.48331,1,1.1
27.08.2021 00:10:17.100,6.48385,6.48332,1,1.1
27.08.2021 00:10:21.730,6.48385,6.48331,1,1.1
27.08.2021 00:10:21.897,6.48385,6.48327,1,1.1
27.08.2021 00:10:40.481,6.48385,6.48325,1,1.12
27.08.2021 00:10:40.850,6.48391,6.48312,1,1.5
27.08.2021 00:10:41.367,6.4839,6.48324,1,1.1
27.08.2021 00:10:50.356,6.48383,6.48324,1,1.1
27.08.2021 00:11:11.352,6.483890000000001,6.483230000000001,1,1.1
27.08.2021 00:11:20.355,6.483840000000001,6.483230000000001,1,1.1
27.08.2021 00:11:25.950,6.483840000000001,6.483210000000001,1,1.5
27.08.2021 00:11:26.082,6.483840000000001,6.48329,1,1.1
27.08.2021 00:11:26.354,6.483930000000001,6.48329,1,1.1
27.08.2021 00:11:26.495,6.483880000000001,6.483300000000001,1,1.1
27.08.2021 00:11:27.459,6.48383,6.483300000000001,1,1.1
27.08.2021 00:11:27.624,6.483880000000001,6.483300000000001,1,1.1
27.08.2021 00:11:40.856,6.4839400000000005,6.48329,1,1.1
27.08.2021 00:11:49.453,6.4839400000000005,6.4833300000000005,1,1.1
27.08.2021 00:11:50.344,6.48395,6.483480000000001,1,1
27.08.2021 00:11:50.457,6.4839400000000005,6.483480000000001,1,1
27.08.2021 00:11:50.558,6.48387,6.483480000000001,1,1
27.08.2021 00:12:00.865,6.483880000000001,6.4835,1,1.1
27.08.2021 00:12:08.744,6.48387,6.483480000000001,1,1
27.08.2021 00:12:09.678,6.48395,6.48347,1,1
27.08.2021 00:12:10.254,6.48395,6.483480000000001,1,1
27.08.2021 00:12:10.304,6.4839,6.48347,1,1
27.08.2021 00:12:10.595,6.4839400000000005,6.483480000000001,1.5,1
27.08.2021 00:12:10.896,6.4839,6.48347,1,1
27.08.2021 00:12:10.947,6.48387,6.483390000000001,1,1.6
27.08.2021 00:12:10.997,6.48385,6.48338,1,1.6
27.08.2021 00:12:11.098,6.483790000000001,6.483390000000001,1,1.6
27.08.2021 00:12:11.148,6.4838000000000005,6.48338,1,1.1
27.08.2021 00:12:11.741,6.483790000000001,6.48336,1,1.1
27.08.2021 00:12:13.679,6.48385,6.48336,1,1.1
27.08.2021 00:12:13.730,6.48378,6.483350000000001,1,1.1
27.08.2021 00:12:15.576,6.48378,6.48331,1,1.1
27.08.2021 00:12:20.237,6.48377,6.4833300000000005,1,1
27.08.2021 00:12:20.376,6.48377,6.48334,1,1
27.08.2021 00:12:21.294,6.48378,6.48338,1,1.1
27.08.2021 00:12:24.149,6.48377,6.48343,1,1.1
27.08.2021 00:12:24.627,6.48378,6.48338,1,1.1
27.08.2021 00:12:28.412,6.48378,6.48334,1,1.1
27.08.2021 00:12:32.750,6.48387,6.483350000000001,1.5,1.1
27.08.2021 00:12:33.556,6.483880000000001,6.48338,1.5,1.1
27.08.2021 00:12:42.009,6.48383,6.48338,1,1.1
27.08.2021 00:12:43.505,6.48385,6.483390000000001,1,1.1
27.08.2021 00:12:44.611,6.48387,6.48342,1,1.1
27.08.2021 00:12:45.065,6.483880000000001,6.48342,1,1.1
27.08.2021 00:12:45.166,6.483880000000001,6.48343,1,1.1
27.08.2021 00:12:45.267,6.483880000000001,6.48347,1,1.1
27.08.2021 00:12:45.318,6.483880000000001,6.48332,1,1.6
27.08.2021 00:12:45.368,6.48387,6.4834000000000005,1,1
27.08.2021 00:12:55.535,6.483880000000001,6.48337,1,1
27.08.2021 00:12:57.895,6.48387,6.48347,1,1
27.08.2021 00:13:07.707,6.483880000000001,6.48345,1,1
27.08.2021 00:13:11.223,6.483880000000001,6.483480000000001,1,1
27.08.2021 00:13:11.730,6.4839400000000005,6.4835400000000005,1,1
27.08.2021 00:13:11.781,6.48414,6.4835,1.1,1
27.08.2021 00:13:11.831,6.48413,6.483530000000001,1.1,1
27.08.2021 00:13:11.882,6.48414,6.48352,1.1,1
27.08.2021 00:13:11.983,6.48414,6.48352,1.1,1
27.08.2021 00:13:12.723,6.4840100000000005,6.483530000000001,1,1
27.08.2021 00:13:12.824,6.4838000000000005,6.48343,1,1
27.08.2021 00:13:13.076,6.483790000000001,6.48343,1,1
27.08.2021 00:13:13.277,6.4838000000000005,6.4834000000000005,1,1
27.08.2021 00:13:13.581,6.4838000000000005,6.48346,1,1
27.08.2021 00:13:13.682,6.483790000000001,6.483480000000001,1,1
27.08.2021 00:13:13.859,6.483790000000001,6.48343,1,1
27.08.2021 00:13:13.909,6.4838000000000005,6.48351,1,1
27.08.2021 00:13:14.764,6.483790000000001,6.483440000000001,1,1
27.08.2021 00:13:15.232,6.4838000000000005,6.48351,1,1
27.08.2021 00:13:15.283,6.483790000000001,6.48346,1,1
27.08.2021 00:13:24.510,6.483790000000001,6.48351,1,1
27.08.2021 00:13:37.298,6.483890000000001,6.483490000000001,1,1
27.08.2021 00:13:37.349,6.483890000000001,6.48347,1,1
27.08.2021 00:13:37.728,6.4839,6.483480000000001,1,1
27.08.2021 00:13:39.148,6.48406,6.483480000000001,1,1
27.08.2021 00:13:39.199,6.4840800000000005,6.483480000000001,1,1
27.08.2021 00:13:39.300,6.48407,6.4835400000000005,1,1
27.08.2021 00:13:39.460,6.4840800000000005,6.483490000000001,1,1
27.08.2021 00:13:39.511,6.48407,6.48352,1,1
27.08.2021 00:13:40.935,6.4840800000000005,6.483530000000001,1,1
27.08.2021 00:13:41.177,6.4840800000000005,6.48359,1,1
27.08.2021 00:13:41.243,6.4840800000000005,6.4835400000000005,1,1
27.08.2021 00:13:41.581,6.48407,6.48352,1,1
27.08.2021 00:13:42.501,6.4840800000000005,6.48352,1,1
27.08.2021 00:13:42.795,6.4840800000000005,6.48351,1,1
27.08.2021 00:13:43.051,6.4840800000000005,6.48352,1,1
27.08.2021 00:13:43.354,6.48407,6.48352,1,1
27.08.2021 00:13:43.646,6.48407,6.483530000000001,1,1
27.08.2021 00:13:43.912,6.48407,6.48352,1,1
27.08.2021 00:13:44.218,6.48407,6.483530000000001,1,1
27.08.2021 00:13:44.472,6.48407,6.48352,1,1
27.08.2021 00:13:47.429,6.4840800000000005,6.48352,1,1
27.08.2021 00:13:47.562,6.4840800000000005,6.48356,1,1
27.08.2021 00:13:47.663,6.4840800000000005,6.4836100000000005,1,1
27.08.2021 00:13:48.073,6.4840800000000005,6.483530000000001,1,1.57
27.08.2021 00:13:48.230,6.48418,6.483530000000001,1.1,1.57
27.08.2021 00:13:48.331,6.48414,6.48356,1.1,1
27.08.2021 00:13:48.584,6.4841500000000005,6.48357,2.35,1
27.08.2021 00:13:48.685,6.48414,6.4836,2.35,1
27.08.2021 00:13:48.842,6.484100000000001,6.48359,1,1
27.08.2021 00:13:49.984,6.4841500000000005,6.48359,1.6,1
27.08.2021 00:13:50.085,6.48409,6.4836,1,1
27.08.2021 00:13:50.570,6.484100000000001,6.48359,1.1,1
27.08.2021 00:13:56.282,6.48414,6.4836,2.1,1
27.08.2021 00:13:56.635,6.48414,6.4836100000000005,2.1,1
27.08.2021 00:13:56.892,6.48414,6.4836100000000005,1,1
27.08.2021 00:13:56.995,6.484280000000001,6.483630000000001,1.1,1.5
27.08.2021 00:13:57.046,6.48426,6.483700000000001,1.1,1.5
27.08.2021 00:13:57.147,6.484430000000001,6.48385,1.6,1
27.08.2021 00:13:57.198,6.48442,6.48386,1.1,1
27.08.2021 00:13:57.299,6.4845500000000005,6.48391,1.8,1
27.08.2021 00:13:57.583,6.48447,6.483980000000001,1,1
27.08.2021 00:13:58.295,6.48447,6.483980000000001,1,1
27.08.2021 00:13:58.713,6.484450000000001,6.483980000000001,1,1
27.08.2021 00:14:00.025,6.48444,6.483980000000001,1.1,1
27.08.2021 00:14:00.527,6.484450000000001,6.48397,1.1,1
27.08.2021 00:14:03.991,6.48444,6.483980000000001,1,1
27.08.2021 00:14:04.379,6.48444,6.483980000000001,1.1,1
27.08.2021 00:14:11.400,6.48444,6.483980000000001,1,1
27.08.2021 00:14:14.691,6.48449,6.483980000000001,1.85,1
27.08.2021 00:14:14.742,6.48449,6.48382,1.85,1
27.08.2021 00:14:14.849,6.4845500000000005,6.48381,1.35,1
27.08.2021 00:14:15.320,6.484500000000001,6.48395,1.5,1
27.08.2021 00:14:15.370,6.484500000000001,6.48395,1,1
27.08.2021 00:14:16.699,6.484680000000001,6.48421,1,1
27.08.2021 00:14:16.800,6.48489,6.48422,1.35,1
27.08.2021 00:14:16.901,6.48486,6.48422,1.85,1
27.08.2021 00:14:17.002,6.48482,6.48422,1.25,1
27.08.2021 00:14:17.103,6.48479,6.48422,1,1.6
27.08.2021 00:14:17.424,6.48488,6.48434,1,1.1
27.08.2021 00:14:19.572,6.48489,6.48435,1,1.1
27.08.2021 00:14:23.980,6.48489,6.48435,1,1.6
27.08.2021 00:14:24.080,6.48497,6.4844800000000005,1,1.1
27.08.2021 00:14:27.682,6.48497,6.4844800000000005,1,1.1
27.08.2021 00:14:30.360,6.48496,6.4844,1,1.1
27.08.2021 00:14:30.411,6.484940000000001,6.4844,1,1.1
27.08.2021 00:14:30.462,6.48497,6.48434,1.5,1.1
27.08.2021 00:14:30.513,6.484940000000001,6.48434,1,1
27.08.2021 00:14:30.614,6.484850000000001,6.484100000000001,1,1
27.08.2021 00:14:30.665,6.48484,6.48396,1,1.6
27.08.2021 00:14:31.609,6.484850000000001,6.483930000000001,1,1.6
27.08.2021 00:14:31.660,6.48484,6.483930000000001,1,1.6
27.08.2021 00:14:36.449,6.48484,6.483930000000001,1,1.6
27.08.2021 00:14:38.508,6.484850000000001,6.48392,1,1.5
27.08.2021 00:14:42.739,6.484850000000001,6.4839,1,1.6
27.08.2021 00:14:42.847,6.48484,6.48391,1,1.6
27.08.2021 00:14:45.338,6.484850000000001,6.4839400000000005,1,1
27.08.2021 00:14:45.389,6.48474,6.48395,1,1
27.08.2021 00:14:45.725,6.48474,6.4839,1,1.6
27.08.2021 00:14:46.892,6.48484,6.4839,1,1.6
27.08.2021 00:14:50.350,6.484850000000001,6.483890000000001,1,1.6
27.08.2021 00:14:50.451,6.48488,6.483980000000001,1.12,1.5
27.08.2021 00:14:50.602,6.484940000000001,6.48405,1.12,1.5
27.08.2021 00:14:50.724,6.484940000000001,6.48405,1.12,1.5
27.08.2021 00:14:51.491,6.48495,6.483980000000001,1,1.6
27.08.2021 00:14:51.624,6.48495,6.483980000000001,1,1.6
27.08.2021 00:14:51.887,6.48495,6.483980000000001,1,1.6
27.08.2021 00:14:51.988,6.48495,6.48405,1,1.5
27.08.2021 00:14:52.039,6.484850000000001,6.48405,1,1.5
27.08.2021 00:14:52.089,6.48484,6.48406,1,1.5
27.08.2021 00:14:52.424,6.48484,6.48406,1,1
27.08.2021 00:14:52.475,6.48484,6.484100000000001,1,1
27.08.2021 00:14:52.525,6.48487,6.484100000000001,1,1
27.08.2021 00:14:52.626,6.4849000000000006,6.484100000000001,1,1
27.08.2021 00:14:53.813,6.4849000000000006,6.48397,1,1.6
27.08.2021 00:14:53.913,6.48491,6.48396,1,1.6
27.08.2021 00:14:55.122,6.484940000000001,6.48397,1,1.6
27.08.2021 00:14:55.172,6.484940000000001,6.4839400000000005,1,1.1
27.08.2021 00:14:55.273,6.48479,6.48391,1,1.1
27.08.2021 00:14:55.453,6.4848,6.4839,1,1.1
27.08.2021 00:14:55.589,6.4848300000000005,6.48395,1,1
27.08.2021 00:14:56.589,6.48479,6.48396,1,1
27.08.2021 00:14:57.153,6.48482,6.48396,1,1
27.08.2021 00:14:57.711,6.48479,6.48396,1,1
27.08.2021 00:14:58.155,6.48479,6.48392,1,1.12
27.08.2021 00:15:04.390,6.48479,6.4839400000000005,1,1
27.08.2021 00:15:05.663,6.48474,6.483880000000001,1,1
27.08.2021 00:15:08.277,6.48474,6.48387,1.5,1.1
27.08.2021 00:15:08.378,6.4846900000000005,6.483840000000001,1,1
27.08.2021 00:15:08.479,6.484640000000001,6.48377,1,1.12
27.08.2021 00:15:08.580,6.48453,6.48369,1,1.22
27.08.2021 00:15:08.730,6.48434,6.48364,1,1.22
27.08.2021 00:15:09.500,6.48434,6.48364,1,1
27.08.2021 00:15:13.758,6.48434,6.48366,1,1
27.08.2021 00:15:16.265,6.484330000000001,6.48362,1,1
27.08.2021 00:15:20.491,6.48434,6.48362,1,1
27.08.2021 00:15:52.468,6.484330000000001,6.48366,1,1
27.08.2021 00:15:58.933,6.48434,6.4836,1,1
27.08.2021 00:15:59.135,6.484380000000001,6.4836,1,1
27.08.2021 00:16:01.458,6.48444,6.483630000000001,1.1,1
27.08.2021 00:16:02.034,6.484360000000001,6.48362,1,1
27.08.2021 00:16:02.188,6.48439,6.48365,1,1
27.08.2021 00:16:02.238,6.48444,6.48365,1,1
27.08.2021 00:16:05.300,6.4844,6.4836100000000005,1,1
27.08.2021 00:16:21.768,6.4844100000000005,6.48362,1,1.1
27.08.2021 00:16:21.957,6.4844100000000005,6.48364,1,1.1
27.08.2021 00:16:23.382,6.4844100000000005,6.48369,1,1.1
27.08.2021 00:16:23.433,6.484450000000001,6.48369,1.5,1.1
27.08.2021 00:16:30.273,6.48444,6.48366,1.5,1.1
27.08.2021 00:16:30.842,6.48444,6.48366,1.6,1.1
27.08.2021 00:16:31.304,6.48444,6.48365,1.6,1.1
27.08.2021 00:16:32.193,6.48444,6.48364,1.6,1
27.08.2021 00:16:39.146,6.484450000000001,6.483630000000001,1.5,1
27.08.2021 00:16:40.700,6.484450000000001,6.483630000000001,1.6,1
27.08.2021 00:16:44.290,6.484450000000001,6.483630000000001,1.5,1
27.08.2021 00:16:44.889,6.48444,6.48364,1.6,1
27.08.2021 00:16:46.114,6.48444,6.48366,1.6,1.1
27.08.2021 00:16:47.448,6.484450000000001,6.48365,1.5,1.1
27.08.2021 00:16:50.668,6.48444,6.48369,1.5,1.1
27.08.2021 00:16:51.076,6.484500000000001,6.4836800000000006,1.1,1.1
27.08.2021 00:16:51.527,6.484500000000001,6.483700000000001,1.1,1
27.08.2021 00:16:51.628,6.484500000000001,6.483700000000001,1,1
27.08.2021 00:16:52.029,6.48449,6.48369,1,1.1
27.08.2021 00:16:52.292,6.484500000000001,6.4836800000000006,1.1,1.1
27.08.2021 00:16:52.527,6.48449,6.48371,1.1,1
27.08.2021 00:16:53.084,6.48449,6.48369,1.1,1.1
27.08.2021 00:16:53.527,6.484500000000001,6.48369,1.1,1
27.08.2021 00:16:55.412,6.484450000000001,6.48369,1,1
27.08.2021 00:16:56.430,6.4844,6.483700000000001,1,1
27.08.2021 00:16:56.713,6.4844,6.4836800000000006,1,1.1
27.08.2021 00:16:56.814,6.48437,6.48369,1,1.1
27.08.2021 00:16:56.936,6.48434,6.48369,1,1.1
27.08.2021 00:16:57.054,6.48434,6.48365,1,1.1
27.08.2021 00:16:57.264,6.484330000000001,6.48364,1,1.1
27.08.2021 00:16:59.485,6.48432,6.48364,1,1.1
27.08.2021 00:16:59.586,6.4842900000000006,6.48365,1,1.1
27.08.2021 00:17:01.388,6.48407,6.48364,1,1.1
27.08.2021 00:17:01.438,6.4841500000000005,6.483580000000001,1,1
27.08.2021 00:17:01.590,6.48414,6.48359,1,1.1
27.08.2021 00:17:11.483,6.48414,6.4836100000000005,1,1.6
27.08.2021 00:17:24.065,6.4841500000000005,6.483580000000001,1,1.5
27.08.2021 00:17:24.347,6.48414,6.4836100000000005,1,1
27.08.2021 00:17:25.065,6.48414,6.48362,1,1.5
27.08.2021 00:17:33.551,6.4842900000000006,6.4836100000000005,1.5,1.6
27.08.2021 00:17:33.601,6.48426,6.48366,1.12,1
27.08.2021 00:17:33.702,6.48422,6.48371,1,1
27.08.2021 00:17:35.099,6.48422,6.48371,1.5,1
27.08.2021 00:17:36.753,6.48422,6.48371,1.5,1.5
27.08.2021 00:17:37.113,6.48423,6.483700000000001,1.5,1.5
27.08.2021 00:17:38.113,6.48422,6.48371,1.5,1.5
27.08.2021 00:17:44.139,6.48422,6.48371,1.5,1.5
27.08.2021 00:17:48.915,6.48437,6.483700000000001,1,1
27.08.2021 00:17:49.764,6.48437,6.483630000000001,1,1.6
27.08.2021 00:17:49.864,6.48439,6.4838000000000005,1.5,1
27.08.2021 00:17:50.028,6.48439,6.48366,1.87,1.6
27.08.2021 00:17:50.769,6.48439,6.48382,1.87,1
27.08.2021 00:18:02.213,6.484430000000001,6.48378,1.5,1.1
27.08.2021 00:18:02.314,6.484780000000001,6.48427,1.5,1
27.08.2021 00:18:02.365,6.48477,6.4844100000000005,1.5,1
27.08.2021 00:18:02.416,6.48493,6.4844,1,1
27.08.2021 00:18:03.200,6.48498,6.4844,1.5,1
27.08.2021 00:18:05.707,6.48495,6.4844,1,1
27.08.2021 00:18:07.762,6.484940000000001,6.4844100000000005,1,1
27.08.2021 00:18:09.092,6.48496,6.4844,1,1
27.08.2021 00:18:09.314,6.48493,6.4844100000000005,1,1
27.08.2021 00:18:10.139,6.484940000000001,6.4844,1.5,1
27.08.2021 00:18:13.236,6.48493,6.4844100000000005,1.5,1
27.08.2021 00:18:16.403,6.484940000000001,6.4844,1.5,1
27.08.2021 00:18:17.138,6.48486,6.4844100000000005,1,1
27.08.2021 00:18:17.239,6.484630000000001,6.48399,1.5,1
27.08.2021 00:18:18.216,6.4846,6.48392,1.5,1.62
27.08.2021 00:18:18.267,6.484590000000001,6.4840100000000005,1.5,1
27.08.2021 00:18:21.553,6.4846,6.48402,1,1
27.08.2021 00:18:26.687,6.4846,6.48421,1,1
27.08.2021 00:18:29.702,6.4846,6.48402,1,1
27.08.2021 00:18:29.752,6.4845500000000005,6.48402,1,1
27.08.2021 00:18:33.532,6.48458,6.484030000000001,1,1
27.08.2021 00:18:41.451,6.4845500000000005,6.48402,1,1
27.08.2021 00:19:07.838,6.48453,6.48402,1,1
27.08.2021 00:19:07.939,6.484500000000001,6.484030000000001,1,1
27.08.2021 00:19:09.346,6.484500000000001,6.48395,1,2.07
27.08.2021 00:19:09.447,6.484500000000001,6.48395,1,1.1
27.08.2021 00:19:11.221,6.484500000000001,6.48409,1,1
27.08.2021 00:19:14.231,6.484500000000001,6.48395,1,1.1
27.08.2021 00:19:18.513,6.484500000000001,6.48399,1,1
27.08.2021 00:19:18.614,6.48484,6.48397,1.5,1
27.08.2021 00:19:18.715,6.48477,6.48396,1,1
27.08.2021 00:19:19.330,6.48477,6.48409,1,1
27.08.2021 00:19:19.591,6.484850000000001,6.483930000000001,1,1
27.08.2021 00:19:19.641,6.48484,6.484100000000001,1,1
27.08.2021 00:19:21.865,6.48484,6.484030000000001,1,1
27.08.2021 00:19:21.965,6.484850000000001,6.483930000000001,1,1
27.08.2021 00:19:22.066,6.484850000000001,6.483930000000001,1,1
27.08.2021 00:19:22.536,6.48484,6.4839400000000005,1.5,1
27.08.2021 00:19:23.173,6.48484,6.4839400000000005,1.5,1
27.08.2021 00:19:23.539,6.48492,6.48404,1.5,1
27.08.2021 00:19:24.540,6.48489,6.4840100000000005,1.5,1
27.08.2021 00:19:25.543,6.4849000000000006,6.48396,1.5,1
27.08.2021 00:19:28.139,6.48486,6.48396,1.5,1.1
27.08.2021 00:19:28.240,6.48479,6.48395,1.5,1
27.08.2021 00:19:28.371,6.48477,6.4839400000000005,1,1
27.08.2021 00:19:28.550,6.48477,6.483930000000001,1,1
27.08.2021 00:19:29.102,6.4847600000000005,6.48387,1,1
27.08.2021 00:19:29.203,6.48475,6.48385,1,1
27.08.2021 00:19:29.335,6.48474,6.483790000000001,1,1.6
27.08.2021 00:19:30.331,6.48475,6.48378,1,1.6
27.08.2021 00:19:30.821,6.48475,6.48378,1,1.6
27.08.2021 00:19:30.999,6.48474,6.483790000000001,1,1.6
27.08.2021 00:19:38.500,6.48474,6.483790000000001,1,1.6
27.08.2021 00:19:59.680,6.48474,6.48386,1,1
27.08.2021 00:20:02.698,6.48475,6.48378,1,1.6
27.08.2021 00:20:11.694,6.48475,6.48378,1,1.5
27.08.2021 00:20:19.059,6.48475,6.483840000000001,1,1.5
27.08.2021 00:20:19.160,6.484780000000001,6.48383,1,1.5
27.08.2021 00:20:20.064,6.484780000000001,6.48396,1,1
27.08.2021 00:20:23.743,6.48477,6.483880000000001,1.12,1
27.08.2021 00:20:23.793,6.484780000000001,6.483880000000001,1.5,1.72
27.08.2021 00:20:30.118,6.48474,6.48391,1,1.1
27.08.2021 00:20:30.219,6.48471,6.48387,1,1.6
27.08.2021 00:20:30.269,6.48467,6.48386,1,1.1
27.08.2021 00:20:30.370,6.48467,6.48383,1,1.6
27.08.2021 00:20:30.571,6.48466,6.483840000000001,1.5,1.1
27.08.2021 00:20:31.384,6.48467,6.483790000000001,1.5,1.1
27.08.2021 00:20:31.675,6.48467,6.48378,1,1.1
27.08.2021 00:20:32.681,6.48467,6.48378,1.5,1.2
27.08.2021 00:20:42.305,6.48467,6.48374,1.5,1.1
27.08.2021 00:20:52.351,6.48466,6.483750000000001,1.5,1.1
27.08.2021 00:20:52.903,6.48462,6.483750000000001,1,1.1
27.08.2021 00:20:52.954,6.48462,6.48374,1,1.1
27.08.2021 00:20:53.105,6.4846,6.483750000000001,1,1.1
27.08.2021 00:20:54.721,6.48461,6.48367,1.5,1.1
27.08.2021 00:20:58.403,6.484630000000001,6.48378,1.5,1
27.08.2021 00:20:58.941,6.484640000000001,6.48377,1,1
27.08.2021 00:20:59.042,6.48465,6.484100000000001,1,1
27.08.2021 00:20:59.143,6.48475,6.48404,1,1
27.08.2021 00:20:59.195,6.48479,6.48405,1.1,1
27.08.2021 00:21:00.082,6.48482,6.4839400000000005,1,1.6
27.08.2021 00:21:00.138,6.48482,6.4839400000000005,1,1.1
27.08.2021 00:21:00.252,6.48481,6.483890000000001,1,1.6
27.08.2021 00:21:01.271,6.48481,6.4839,1,1.1
27.08.2021 00:21:01.321,6.48481,6.48387,1,1.6
27.08.2021 00:21:02.232,6.48482,6.483890000000001,1,1.1
27.08.2021 00:21:02.632,6.48481,6.48417,1,1
27.08.2021 00:21:02.682,6.48482,6.48404,1,1
27.08.2021 00:21:03.562,6.48482,6.48404,1,1
27.08.2021 00:21:03.637,6.48481,6.48395,1,1.1
27.08.2021 00:21:03.688,6.48482,6.483890000000001,1,1.6
27.08.2021 00:21:04.654,6.48482,6.483840000000001,1.5,1.72
27.08.2021 00:21:04.705,6.48482,6.483840000000001,1.62,1.6
27.08.2021 00:21:06.664,6.48481,6.48386,1,1.6
27.08.2021 00:21:08.504,6.4848300000000005,6.48386,1.1,1.6
27.08.2021 00:21:08.672,6.48484,6.48385,1.1,1.6
27.08.2021 00:21:12.474,6.48482,6.48416,1.5,1
27.08.2021 00:21:12.524,6.48482,6.48383,1.5,2.1
27.08.2021 00:21:12.625,6.48482,6.483840000000001,1,2.1
27.08.2021 00:21:12.676,6.48481,6.4839400000000005,1.5,1.1
27.08.2021 00:21:12.777,6.48481,6.4839400000000005,1.5,1.1
27.08.2021 00:21:12.849,6.48482,6.483930000000001,1.5,1
27.08.2021 00:21:14.952,6.48481,6.4839400000000005,1.5,1
27.08.2021 00:21:22.530,6.48475,6.48391,1.12,1.1
27.08.2021 00:21:22.631,6.48481,6.48392,1.5,1
27.08.2021 00:21:22.779,6.48481,6.48392,1.5,1
27.08.2021 00:21:33.629,6.4848,6.483930000000001,1.5,1
27.08.2021 00:21:40.659,6.4848,6.483930000000001,1.5,1
27.08.2021 00:21:44.531,6.4848,6.483930000000001,1.5,1.1
27.08.2021 00:21:49.699,6.4848,6.483930000000001,2,1.1
27.08.2021 00:21:57.290,6.48481,6.48392,1.5,1.6
27.08.2021 00:21:57.852,6.48481,6.48397,1,1.5
27.08.2021 00:21:58.451,6.48481,6.48414,1,1
27.08.2021 00:21:58.501,6.4848,6.483980000000001,1,1.6
27.08.2021 00:21:58.855,6.48481,6.48386,1.5,1.1
27.08.2021 00:21:59.590,6.4848,6.48387,1.5,1.1
27.08.2021 00:21:59.690,6.48481,6.48385,1.6,2.1
27.08.2021 00:22:00.367,6.4848,6.484100000000001,1.1,1
27.08.2021 00:22:00.856,6.48479,6.48411,1,1
27.08.2021 00:22:01.405,6.4848,6.4840100000000005,1,1
27.08.2021 00:22:01.506,6.48479,6.483930000000001,1.12,1.1
27.08.2021 00:22:01.722,6.48481,6.483930000000001,1.6,1
27.08.2021 00:22:07.370,6.48481,6.48386,1.6,2.1
27.08.2021 00:22:07.421,6.48481,6.48386,1.1,2.1
27.08.2021 00:22:07.572,6.48484,6.48409,2.82,1
27.08.2021 00:22:08.689,6.4848300000000005,6.4840100000000005,2.82,1.1
27.08.2021 00:22:08.841,6.48481,6.483890000000001,1.5,2.1
27.08.2021 00:22:08.973,6.48477,6.48395,1,1.6
27.08.2021 00:22:09.674,6.4847600000000005,6.48396,1.5,1.1
27.08.2021 00:22:09.964,6.4847600000000005,6.4840100000000005,1.5,1
27.08.2021 00:22:10.065,6.48477,6.48421,2,1
27.08.2021 00:22:10.880,6.4847600000000005,6.48422,1.12,1
27.08.2021 00:22:11.917,6.48477,6.48421,1.5,1
27.08.2021 00:22:29.104,6.4847600000000005,6.48422,1,1
27.08.2021 00:22:31.770,6.4848300000000005,6.48409,1.5,1
27.08.2021 00:22:32.335,6.4848300000000005,6.48409,2,1
27.08.2021 00:22:32.430,6.48482,6.48413,2,1.1
27.08.2021 00:22:32.670,6.4848300000000005,6.48417,2,1.1
27.08.2021 00:22:33.091,6.48482,6.48423,1.5,1.1
27.08.2021 00:22:33.299,6.4848300000000005,6.48422,1.12,1.1
27.08.2021 00:22:34.924,6.4848300000000005,6.48422,1.5,1.1
27.08.2021 00:22:35.927,6.48482,6.48423,1.5,1.1
27.08.2021 00:22:36.929,6.4848300000000005,6.48422,1.5,1.1
27.08.2021 00:22:38.933,6.4848300000000005,6.48422,1.5,1.1
27.08.2021 00:22:39.583,6.48482,6.48422,1.5,1.1
27.08.2021 00:22:40.745,6.4848300000000005,6.48422,1.5,1.1
27.08.2021 00:22:41.108,6.48486,6.48426,2,1.1
27.08.2021 00:22:41.159,6.48487,6.48425,2,1.1
27.08.2021 00:22:42.180,6.48492,6.4843,1.5,1.1
27.08.2021 00:22:42.394,6.48487,6.4843,1,1.1
27.08.2021 00:22:43.154,6.48487,6.4843,1.5,1.1
27.08.2021 00:22:43.520,6.48487,6.484330000000001,1.5,1.1
27.08.2021 00:22:47.370,6.48488,6.48431,1.5,1.1
27.08.2021 00:22:48.171,6.48488,6.48431,1.5,1.1
27.08.2021 00:22:48.240,6.48487,6.4843,1.5,1.1
27.08.2021 00:22:50.185,6.48488,6.4842900000000006,1.5,1.1
27.08.2021 00:22:52.231,6.48487,6.4843,1.12,1.1
27.08.2021 00:22:53.183,6.48487,6.484280000000001,1.12,1.1
27.08.2021 00:22:53.234,6.48487,6.484280000000001,1.5,1.1
27.08.2021 00:22:54.190,6.48487,6.4843,1.5,1.1
27.08.2021 00:22:54.939,6.48487,6.4843,1.5,1.1
27.08.2021 00:22:55.211,6.48487,6.4843,1.5,1.1
27.08.2021 00:22:56.216,6.4849000000000006,6.4842900000000006,1.5,1.1
27.08.2021 00:22:57.221,6.4849000000000006,6.4842900000000006,1.5,1.1
27.08.2021 00:22:59.982,6.4849000000000006,6.484330000000001,1.5,1.1
27.08.2021 00:23:00.241,6.48489,6.48434,1.5,1.1
27.08.2021 00:23:00.645,6.4849000000000006,6.484360000000001,1,1.1
27.08.2021 00:23:01.249,6.48491,6.48435,1,1.1
27.08.2021 00:23:02.201,6.484940000000001,6.48439,1.5,1.1
27.08.2021 00:23:02.252,6.48493,6.4844,1.5,1.1
27.08.2021 00:23:05.990,6.48495,6.4844,2,1.1
27.08.2021 00:23:09.053,6.48491,6.4844,1.5,1.1
27.08.2021 00:23:10.021,6.48496,6.48444,1.62,1.1
27.08.2021 00:23:10.268,6.48495,6.484450000000001,1.62,1.1
27.08.2021 00:23:12.276,6.48495,6.484450000000001,1,1.1
27.08.2021 00:23:16.174,6.48495,6.48444,1,1
27.08.2021 00:23:17.300,6.48497,6.484430000000001,1,1
27.08.2021 00:23:19.310,6.48497,6.484430000000001,1.5,1
27.08.2021 00:23:19.842,6.48496,6.48442,1.5,1.57
27.08.2021 00:23:30.349,6.48496,6.48442,1.5,1.57
27.08.2021 00:23:35.955,6.48496,6.484450000000001,1.5,1
27.08.2021 00:23:36.013,6.48496,6.484430000000001,1.5,1
27.08.2021 00:23:41.991,6.48496,6.48446,1.5,1
27.08.2021 00:23:42.392,6.48497,6.484450000000001,1.5,1
27.08.2021 00:23:43.396,6.48497,6.484450000000001,1.12,1
27.08.2021 00:23:43.978,6.48498,6.48447,1.5,1
27.08.2021 00:23:44.079,6.485030000000001,6.48458,1,1
27.08.2021 00:23:44.129,6.48507,6.484630000000001,1,1
27.08.2021 00:23:44.180,6.48515,6.484640000000001,1,1
27.08.2021 00:23:49.077,6.48512,6.484640000000001,1.1,1
27.08.2021 00:23:49.178,6.485110000000001,6.484640000000001,1.1,1
27.08.2021 00:23:50.584,6.48506,6.48465,1.1,1
27.08.2021 00:23:52.547,6.4851,6.48465,1,1
27.08.2021 00:23:54.036,6.48514,6.48466,1,1
27.08.2021 00:23:54.086,6.485180000000001,6.4847600000000005,1.5,1
27.08.2021 00:23:54.138,6.485180000000001,6.484680000000001,1,1
27.08.2021 00:23:54.239,6.48519,6.484730000000001,1.5,1
27.08.2021 00:23:54.290,6.485180000000001,6.48467,1,1
27.08.2021 00:23:54.341,6.485180000000001,6.4848,1,1
27.08.2021 00:23:54.392,6.48517,6.48466,1,2
27.08.2021 00:23:54.493,6.485180000000001,6.48465,1,1.5
27.08.2021 00:24:01.801,6.4851600000000005,6.48466,1.1,1.5
27.08.2021 00:24:02.711,6.485130000000001,6.48465,1.1,1.5
27.08.2021 00:24:04.945,6.485080000000001,6.48466,1.1,1.5
27.08.2021 00:24:10.938,6.48512,6.48466,1.1,1.5
27.08.2021 00:24:12.626,6.4851600000000005,6.48466,1.6,1.5
27.08.2021 00:24:13.433,6.4851600000000005,6.48466,1.1,1.5
27.08.2021 00:24:14.655,6.485110000000001,6.48465,1,1.5
27.08.2021 00:24:15.108,6.485110000000001,6.48465,1.5,1.5
27.08.2021 00:24:36.507,6.485080000000001,6.48461,1.57,1
27.08.2021 00:24:36.608,6.48507,6.48461,1.1,1
27.08.2021 00:24:36.659,6.485,6.48462,1,1
27.08.2021 00:24:37.831,6.48496,6.48462,1.1,1
27.08.2021 00:24:40.020,6.48493,6.48462,1.1,1
27.08.2021 00:24:42.152,6.48493,6.48458,1.1,1
27.08.2021 00:24:43.679,6.48498,6.48457,1.1,1
27.08.2021 00:24:48.715,6.48497,6.48457,1.1,1
27.08.2021 00:24:49.055,6.48497,6.48458,1.1,1
27.08.2021 00:25:03.863,6.48501,6.48457,1,1
27.08.2021 00:25:03.964,6.48491,6.48452,1,1
27.08.2021 00:25:06.085,6.48507,6.48453,1,1
27.08.2021 00:25:06.135,6.4851600000000005,6.4847600000000005,1,1.5
27.08.2021 00:25:06.236,6.48528,6.48495,1.5,1.5
27.08.2021 00:25:06.287,6.48527,6.484940000000001,1.5,1
27.08.2021 00:25:06.337,6.4855,6.485040000000001,1.5,1
27.08.2021 00:25:06.388,6.4855,6.485110000000001,1,1
27.08.2021 00:25:06.488,6.48567,6.48496,2.15,1
27.08.2021 00:25:06.539,6.48567,6.4851,1.7,1
27.08.2021 00:25:07.565,6.48575,6.4850900000000005,1.5,1
27.08.2021 00:25:07.665,6.48576,6.485130000000001,1,1
27.08.2021 00:25:08.382,6.48571,6.485130000000001,1,1
27.08.2021 00:25:10.209,6.485790000000001,6.48519,1.35,1.5
27.08.2021 00:25:10.310,6.485780000000001,6.48521,1.35,1
27.08.2021 00:25:10.462,6.485790000000001,6.48519,1.35,1
27.08.2021 00:25:10.799,6.485790000000001,6.485200000000001,1.35,1
27.08.2021 00:25:10.900,6.485790000000001,6.485200000000001,1,1
27.08.2021 00:25:11.071,6.48586,6.48521,1,1
27.08.2021 00:25:11.206,6.48587,6.48521,1,1
27.08.2021 00:25:15.550,6.48587,6.485250000000001,1,1
27.08.2021 00:25:16.432,6.48587,6.48522,1,1
27.08.2021 00:25:16.788,6.48586,6.48526,1,1
27.08.2021 00:25:18.613,6.4859,6.48526,1,1
27.08.2021 00:25:20.073,6.48592,6.48526,1,1
27.08.2021 00:25:20.123,6.48596,6.4853000000000005,1,1
27.08.2021 00:25:20.224,6.48597,6.4853000000000005,1,1
27.08.2021 00:25:20.325,6.48597,6.48532,1,1
27.08.2021 00:25:20.607,6.48587,6.485340000000001,1,1
27.08.2021 00:25:20.658,6.48597,6.4854,1,1
27.08.2021 00:25:20.759,6.48596,6.48536,1,1
27.08.2021 00:25:20.820,6.48596,6.485340000000001,1,1
27.08.2021 00:25:21.205,6.48596,6.48536,1,1
27.08.2021 00:25:22.713,6.486000000000001,6.48535,1,1
27.08.2021 00:25:23.744,6.486000000000001,6.4854,1,1
27.08.2021 00:25:23.794,6.48607,6.48535,1,1
27.08.2021 00:25:24.048,6.48606,6.48541,1,1
27.08.2021 00:25:30.412,6.48606,6.485430000000001,1,1
27.08.2021 00:25:31.330,6.48606,6.485380000000001,1,1
27.08.2021 00:25:40.167,6.48603,6.48549,1,1
27.08.2021 00:25:40.268,6.48611,6.48549,1,1
27.08.2021 00:25:40.419,6.48611,6.4854400000000005,1,1
27.08.2021 00:25:41.968,6.48607,6.4854400000000005,1,1
27.08.2021 00:25:42.018,6.48611,6.4854400000000005,1,1
27.08.2021 00:25:42.382,6.48611,6.485480000000001,1,1
27.08.2021 00:25:42.432,6.48617,6.485480000000001,1,1
27.08.2021 00:25:44.538,6.48616,6.485530000000001,1,1
27.08.2021 00:25:48.492,6.48617,6.48547,1,1
27.08.2021 00:25:48.567,6.48616,6.48545,1,1
27.08.2021 00:25:50.819,6.48616,6.48549,1,1
27.08.2021 00:25:50.870,6.486260000000001,6.485480000000001,1.6,1
27.08.2021 00:25:51.846,6.48625,6.485480000000001,1,1
27.08.2021 00:25:57.086,6.4862400000000004,6.48555,1,1
27.08.2021 00:25:57.187,6.486260000000001,6.485650000000001,1,1
27.08.2021 00:25:57.338,6.486260000000001,6.4857000000000005,1,1
27.08.2021 00:25:57.439,6.48627,6.48572,1,1
27.08.2021 00:25:57.590,6.486280000000001,6.48586,1,1
27.08.2021 00:25:57.641,6.48627,6.4858400000000005,1,1
27.08.2021 00:25:57.692,6.486260000000001,6.48587,1,1
27.08.2021 00:25:57.793,6.486260000000001,6.48586,1,1
27.08.2021 00:25:57.994,6.48627,6.48586,1,1
27.08.2021 00:25:58.565,6.48636,6.48587,1.5,1
27.08.2021 00:25:59.667,6.48636,6.4859,1.5,1
27.08.2021 00:25:59.771,6.48637,6.4859,1,1
27.08.2021 00:25:59.822,6.48639,6.4859100000000005,1,1
27.08.2021 00:26:00.072,6.48643,6.4859,1,1
27.08.2021 00:26:00.863,6.4864500000000005,6.4859100000000005,1,1
27.08.2021 00:26:01.015,6.48646,6.485930000000001,1,1
27.08.2021 00:26:05.273,6.48646,6.48587,1,1
27.08.2021 00:26:05.324,6.48646,6.485830000000001,1.5,1
27.08.2021 00:26:05.475,6.48636,6.485690000000001,1,1
27.08.2021 00:26:05.575,6.48636,6.48567,1,1
27.08.2021 00:26:05.626,6.48625,6.48568,1,1
27.08.2021 00:26:05.676,6.486260000000001,6.485650000000001,1,1
27.08.2021 00:26:05.777,6.48625,6.48567,1,1
27.08.2021 00:26:23.224,6.48625,6.485740000000001,1,1
27.08.2021 00:26:23.632,6.48625,6.48567,1,1
27.08.2021 00:26:23.847,6.486260000000001,6.48573,1,1
27.08.2021 00:26:24.273,6.486260000000001,6.48566,1,1
27.08.2021 00:26:24.423,6.486260000000001,6.48573,1,1
27.08.2021 00:26:24.873,6.486260000000001,6.48566,1,1
27.08.2021 00:26:25.023,6.48625,6.485740000000001,1,1
27.08.2021 00:26:25.473,6.48625,6.48567,1,1
27.08.2021 00:26:25.624,6.486260000000001,6.48573,1,1
27.08.2021 00:26:26.028,6.48625,6.48567,1,1
27.08.2021 00:26:26.223,6.48625,6.48575,1,1
27.08.2021 00:26:26.674,6.486260000000001,6.48566,1,1
27.08.2021 00:26:26.825,6.48625,6.48575,1,1
27.08.2021 00:26:27.273,6.48625,6.48567,1,1
27.08.2021 00:26:27.427,6.486260000000001,6.485740000000001,1,1
27.08.2021 00:26:27.855,6.486260000000001,6.48566,1,1
27.08.2021 00:26:28.024,6.486260000000001,6.485740000000001,1,1
27.08.2021 00:26:28.447,6.486260000000001,6.48567,1,1
27.08.2021 00:26:28.646,6.486260000000001,6.485740000000001,1,1
27.08.2021 00:26:29.073,6.48625,6.48568,1,1
27.08.2021 00:26:29.261,6.486260000000001,6.485740000000001,1,1
27.08.2021 00:26:29.673,6.48625,6.48568,1,1
27.08.2021 00:26:29.825,6.48625,6.485740000000001,1,1
27.08.2021 00:26:30.223,6.486260000000001,6.48566,1,1
27.08.2021 00:26:30.424,6.48625,6.485740000000001,1,1
27.08.2021 00:26:31.474,6.48625,6.48567,1,1
27.08.2021 00:26:31.623,6.486260000000001,6.48573,1,1
27.08.2021 00:26:32.073,6.486260000000001,6.48567,1,1
27.08.2021 00:26:32.224,6.486260000000001,6.48573,1,1
27.08.2021 00:26:32.623,6.48625,6.48567,1,1
27.08.2021 00:26:32.825,6.486260000000001,6.48573,1,1
27.08.2021 00:26:33.273,6.48625,6.48568,1,1
27.08.2021 00:26:33.428,6.486260000000001,6.485740000000001,1,1
27.08.2021 00:26:33.849,6.486260000000001,6.48567,1,1
27.08.2021 00:26:34.073,6.48625,6.48575,1,1
27.08.2021 00:26:34.473,6.486260000000001,6.48567,1,1
27.08.2021 00:26:34.674,6.48625,6.485740000000001,1,1
27.08.2021 00:26:35.073,6.48625,6.48567,1,1
27.08.2021 00:26:35.223,6.48625,6.485740000000001,1,1
27.08.2021 00:26:35.673,6.48625,6.48567,1,1
27.08.2021 00:26:35.823,6.48625,6.48568,1,1
27.08.2021 00:26:35.924,6.486260000000001,6.48571,1,1
27.08.2021 00:26:36.284,6.486260000000001,6.48567,1,1
27.08.2021 00:26:36.593,6.486260000000001,6.485690000000001,1,1
27.08.2021 00:26:42.270,6.48625,6.48576,1,1
27.08.2021 00:26:42.421,6.48637,6.48581,1,1
27.08.2021 00:26:42.522,6.48637,6.48576,1,1
27.08.2021 00:26:48.609,6.48641,6.48577,1,1
27.08.2021 00:26:48.660,6.4864500000000005,6.48596,1,1
27.08.2021 00:26:48.710,6.486440000000001,6.4859,1,1
27.08.2021 00:26:48.761,6.4864500000000005,6.4858400000000005,1,1
27.08.2021 00:26:48.861,6.486440000000001,6.485830000000001,1,1
27.08.2021 00:26:49.260,6.48646,6.48582,1,1
27.08.2021 00:26:51.719,6.48647,6.48586,1,1
27.08.2021 00:26:51.820,6.486580000000001,6.4859,1,1
27.08.2021 00:26:51.921,6.48657,6.4859,1,1
27.08.2021 00:26:52.072,6.48657,6.48589,1,1
27.08.2021 00:26:52.950,6.48656,6.48589,1,1
27.08.2021 00:27:09.462,6.48661,6.48589,1.5,1
27.08.2021 00:27:12.887,6.48662,6.48585,1.5,1
27.08.2021 00:27:13.002,6.48676,6.48586,1.2,1
27.08.2021 00:27:16.338,6.48676,6.48586,1.3,1
27.08.2021 00:27:17.667,6.4864500000000005,6.48585,1,1
27.08.2021 00:27:17.801,6.486260000000001,6.485790000000001,1,1
27.08.2021 00:28:54.490,6.48622,6.485780000000001,1,1
27.08.2021 00:28:55.657,6.48622,6.48566,1,1.1
27.08.2021 00:28:56.079,6.48622,6.48567,1,1.1
27.08.2021 00:28:56.181,6.48622,6.485790000000001,1,1
27.08.2021 00:28:56.285,6.486260000000001,6.485790000000001,1.5,1
27.08.2021 00:28:56.695,6.486260000000001,6.485790000000001,1,1.1
27.08.2021 00:28:57.626,6.486230000000001,6.485780000000001,1,1.1
27.08.2021 00:29:03.475,6.486230000000001,6.4858,1,1
27.08.2021 00:29:11.501,6.48621,6.48581,1,1
27.08.2021 00:29:15.182,6.486190000000001,6.48572,1,1
27.08.2021 00:29:15.233,6.48625,6.48557,1,1.1
27.08.2021 00:29:15.334,6.48616,6.485530000000001,1,1.6
27.08.2021 00:29:15.385,6.48615,6.48554,1,1.6
27.08.2021 00:29:15.690,6.48621,6.48555,1,2
27.08.2021 00:29:16.080,6.4862,6.48561,1,1
27.08.2021 00:29:16.181,6.486140000000001,6.48561,1,1.1
27.08.2021 00:29:23.089,6.486140000000001,6.48561,1,1.1
27.08.2021 00:29:25.319,6.48611,6.485600000000001,1,1.1
27.08.2021 00:29:26.770,6.48611,6.485600000000001,1,1
27.08.2021 00:29:41.726,6.4861,6.48561,1,1.1
27.08.2021 00:29:42.821,6.48611,6.485600000000001,1,1
27.08.2021 00:29:55.777,6.486140000000001,6.485600000000001,1,1
27.08.2021 00:29:55.866,6.4860500000000005,6.4855,1,1.1
27.08.2021 00:29:55.917,6.48602,6.48552,1,1
27.08.2021 00:29:56.030,6.485930000000001,6.48546,1,1
27.08.2021 00:29:56.131,6.485930000000001,6.48545,1,1
27.08.2021 00:29:59.391,6.48587,6.48546,1,1
27.08.2021 00:30:00.626,6.48581,6.48546,1,1
27.08.2021 00:30:09.306,6.4859,6.48545,1,1
27.08.2021 00:30:09.509,6.4859,6.48546,1,1
27.08.2021 00:30:09.811,6.48594,6.48546,2.62,1
27.08.2021 00:30:28.021,6.48585,6.48546,1,1
27.08.2021 00:30:28.122,6.4854400000000005,6.48528,1,1
27.08.2021 00:30:28.172,6.48546,6.485250000000001,1,1.1
27.08.2021 00:30:28.223,6.48549,6.4851600000000005,1,1.1
27.08.2021 00:30:28.274,6.485430000000001,6.4850900000000005,1,1
27.08.2021 00:30:28.374,6.48536,6.48501,1,1
27.08.2021 00:30:28.475,6.48533,6.484850000000001,1.5,1
27.08.2021 00:30:28.527,6.48533,6.48484,1,1
27.08.2021 00:30:28.631,6.485340000000001,6.48486,1,1
27.08.2021 00:30:29.096,6.48532,6.48486,1,1
27.08.2021 00:30:29.146,6.48535,6.48486,1,1
27.08.2021 00:30:29.424,6.48536,6.48487,1,1
27.08.2021 00:30:30.100,6.48533,6.48486,1.1,1
27.08.2021 00:30:30.565,6.48532,6.48487,1.1,1
27.08.2021 00:30:30.666,6.48532,6.48493,1.1,1
27.08.2021 00:30:31.572,6.48533,6.484940000000001,1.1,1
27.08.2021 00:30:32.128,6.48535,6.484940000000001,1.1,1
27.08.2021 00:30:32.279,6.48536,6.48496,1.1,1
27.08.2021 00:30:32.448,6.485380000000001,6.48497,1,1
27.08.2021 00:30:32.844,6.485380000000001,6.485,1,1.1
27.08.2021 00:30:33.214,6.485390000000001,6.4850200000000005,1,1.1
27.08.2021 00:30:33.818,6.485390000000001,6.485040000000001,1,1.1
27.08.2021 00:30:33.994,6.48545,6.48505,1,1.1
27.08.2021 00:30:34.095,6.485600000000001,6.48515,1.5,1
27.08.2021 00:30:34.145,6.485690000000001,6.48517,1,1.5
27.08.2021 00:30:34.196,6.48571,6.48521,1,1.6
27.08.2021 00:30:34.246,6.48585,6.48533,1,1
27.08.2021 00:30:34.347,6.48587,6.48532,1,1
27.08.2021 00:30:34.398,6.4858,6.48533,1,1
27.08.2021 00:30:34.707,6.48589,6.48532,1.12,1
27.08.2021 00:30:35.019,6.48586,6.48533,1,1
27.08.2021 00:30:35.197,6.485830000000001,6.485340000000001,1,1
27.08.2021 00:30:35.298,6.485830000000001,6.4853000000000005,1,1
27.08.2021 00:30:35.398,6.48582,6.48522,1,1.1
27.08.2021 00:30:35.706,6.485790000000001,6.48524,1,1.5
27.08.2021 00:30:36.284,6.485790000000001,6.48524,1,1.5
27.08.2021 00:30:36.385,6.485780000000001,6.48537,1,1
27.08.2021 00:30:36.798,6.48576,6.48537,1,1
27.08.2021 00:30:48.560,6.48581,6.48537,1,1
27.08.2021 00:30:52.498,6.48585,6.48537,1,1
27.08.2021 00:30:52.548,6.48586,6.485340000000001,1,1.1
27.08.2021 00:30:52.649,6.4859800000000005,6.48546,1,1
27.08.2021 00:30:55.129,6.48602,6.48545,1,1
27.08.2021 00:31:01.201,6.48603,6.48546,1,1
27.08.2021 00:31:02.401,6.48602,6.48545,1,1
27.08.2021 00:31:02.863,6.4860500000000005,6.48545,1,1
27.08.2021 00:31:02.914,6.48597,6.48546,1,1
27.08.2021 00:31:03.065,6.48602,6.48546,1,1.57
27.08.2021 00:31:04.946,6.48601,6.48547,1,2.07
27.08.2021 00:31:06.472,6.48608,6.48549,1,1
27.08.2021 00:31:07.704,6.48606,6.4855,1,1
27.08.2021 00:31:07.928,6.48603,6.48547,1,1.5
27.08.2021 00:31:08.971,6.48603,6.48546,1,1
27.08.2021 00:31:10.010,6.4859800000000005,6.48546,1,1.12
27.08.2021 00:31:10.111,6.486000000000001,6.48545,1,1
27.08.2021 00:31:10.162,6.48599,6.48533,1,1.5
27.08.2021 00:31:10.212,6.48596,6.48535,1,1
27.08.2021 00:31:10.478,6.48594,6.485340000000001,1,1
27.08.2021 00:31:11.134,6.4859100000000005,6.48536,1,1.5
27.08.2021 00:31:11.969,6.48592,6.48535,1,1.5
27.08.2021 00:31:12.975,6.48592,6.48535,1,1
27.08.2021 00:31:15.718,6.485930000000001,6.485390000000001,1,1
27.08.2021 00:31:25.239,6.48596,6.48545,1.5,1
27.08.2021 00:31:25.440,6.48596,6.485480000000001,1.5,1
27.08.2021 00:31:26.129,6.48596,6.48549,1,1
27.08.2021 00:31:26.180,6.48601,6.485480000000001,1.12,1
27.08.2021 00:31:28.196,6.4859800000000005,6.48545,1,1.57
27.08.2021 00:31:35.732,6.48597,6.4854400000000005,1,1.57
27.08.2021 00:31:36.954,6.4859800000000005,6.48545,1,1
27.08.2021 00:31:43.886,6.48599,6.48547,1,1
27.08.2021 00:31:43.987,6.486000000000001,6.4855,1,1
27.08.2021 00:31:44.139,6.486000000000001,6.4855100000000006,1,1
27.08.2021 00:31:48.815,6.48601,6.48549,1,1.1
27.08.2021 00:31:49.204,6.48601,6.4855,1,1
27.08.2021 00:31:49.308,6.486000000000001,6.4855,1,1.1
27.08.2021 00:31:51.813,6.4859800000000005,6.48547,1,1.1
27.08.2021 00:31:51.914,6.48596,6.48545,1,1.5
27.08.2021 00:31:52.015,6.48592,6.48546,1,1
27.08.2021 00:31:52.223,6.4859,6.48545,1,1
27.08.2021 00:31:52.324,6.48585,6.48546,1,1
27.08.2021 00:31:54.032,6.48582,6.48546,1,1
27.08.2021 00:32:01.103,6.48586,6.48545,1,1
27.08.2021 00:32:08.004,6.48585,6.48545,1,1
27.08.2021 00:32:15.380,6.48585,6.48546,1,1
27.08.2021 00:32:19.543,6.4859100000000005,6.48545,1.12,1
27.08.2021 00:32:20.230,6.4859100000000005,6.48547,1,1
27.08.2021 00:32:20.834,6.4859,6.4855,1,1.1
27.08.2021 00:32:21.484,6.4859,6.48552,1,1.1
27.08.2021 00:32:24.636,6.48601,6.48552,1.5,1.57
27.08.2021 00:32:24.736,6.48604,6.48557,1.5,1
27.08.2021 00:32:24.887,6.486140000000001,6.4856300000000005,1.12,1
27.08.2021 00:32:26.288,6.486140000000001,6.48564,1,1.1
27.08.2021 00:32:32.102,6.48613,6.48566,1,1.1
27.08.2021 00:32:39.795,6.48613,6.48564,1,1.57
27.08.2021 00:32:42.529,6.48613,6.485650000000001,1,1.1
27.08.2021 00:32:44.058,6.48613,6.48568,1,1.1
27.08.2021 00:32:54.221,6.48613,6.485690000000001,1,1
27.08.2021 00:33:02.869,6.486140000000001,6.485690000000001,1,1.1
27.08.2021 00:33:04.145,6.4862,6.48572,1.12,1.2
27.08.2021 00:33:04.246,6.48625,6.485740000000001,1,1.1
27.08.2021 00:33:04.731,6.486260000000001,6.485780000000001,1,1.1
27.08.2021 00:33:05.280,6.486260000000001,6.485790000000001,1,1.1
27.08.2021 00:33:08.781,6.486260000000001,6.485780000000001,1,1
27.08.2021 00:33:13.174,6.48625,6.48581,1,1.1
27.08.2021 00:33:13.225,6.48625,6.485790000000001,1,1.57
27.08.2021 00:33:13.379,6.486260000000001,6.48576,1,1.2
27.08.2021 00:33:13.910,6.48625,6.48577,1,1.2
27.08.2021 00:33:14.430,6.486260000000001,6.48575,1,1.2
27.08.2021 00:33:17.577,6.48625,6.485790000000001,1.12,1.1
27.08.2021 00:33:18.358,6.48625,6.48577,1,1.2
27.08.2021 00:33:30.891,6.486260000000001,6.48577,1,1.1
27.08.2021 00:33:32.523,6.48625,6.48581,1,1.1
27.08.2021 00:33:35.464,6.486260000000001,6.48576,1,1.2
27.08.2021 00:33:38.660,6.486180000000001,6.48575,1,1.2
27.08.2021 00:33:42.303,6.486190000000001,6.48571,1,1.1
27.08.2021 00:33:46.853,6.486190000000001,6.4857000000000005,1,1.1
27.08.2021 00:33:52.589,6.486190000000001,6.48572,1,1.1
27.08.2021 00:33:52.758,6.4862,6.48572,1,1.1
27.08.2021 00:33:53.130,6.4862,6.48573,1,1.1
27.08.2021 00:33:53.760,6.4862,6.48577,1,1.1
27.08.2021 00:33:58.898,6.4862,6.48575,1,1.1
27.08.2021 00:33:59.049,6.4862,6.48572,1,1.1
27.08.2021 00:33:59.474,6.486180000000001,6.48573,1,1.1
27.08.2021 00:33:59.524,6.48616,6.48573,1,1.1
27.08.2021 00:34:00.204,6.48617,6.48571,1,1.1
27.08.2021 00:34:01.860,6.48617,6.485690000000001,1,1.1
27.08.2021 00:34:01.961,6.48616,6.48567,1,1.1
27.08.2021 00:34:02.011,6.48615,6.48566,1,1.1
27.08.2021 00:34:02.213,6.486140000000001,6.48566,1.5,1.1
27.08.2021 00:34:02.314,6.48613,6.48566,1,1.1
27.08.2021 00:34:03.790,6.4861,6.48566,1,1.1
27.08.2021 00:34:04.264,6.4861,6.485650000000001,1,1
27.08.2021 00:34:13.585,6.48611,6.48559,1.57,1.1
27.08.2021 00:34:13.636,6.486090000000001,6.48559,1,1.1
27.08.2021 00:34:14.959,6.48608,6.485580000000001,1.1,1.1
27.08.2021 00:34:16.510,6.48608,6.48559,1,1.1
27.08.2021 00:34:16.621,6.486090000000001,6.48559,1,1.1
27.08.2021 00:34:16.928,6.486090000000001,6.4856300000000005,1,1
27.08.2021 00:34:25.351,6.486090000000001,6.485650000000001,1,1.1
27.08.2021 00:34:27.919,6.486090000000001,6.4856300000000005,1,1.57
27.08.2021 00:34:29.453,6.486090000000001,6.48561,1,1
27.08.2021 00:34:30.315,6.48604,6.48561,1.1,1.57
27.08.2021 00:34:30.466,6.48608,6.48562,1,1.57
27.08.2021 00:34:30.741,6.48608,6.4856300000000005,1,1
27.08.2021 00:34:31.430,6.48608,6.48564,1,1.1
27.08.2021 00:34:32.492,6.48608,6.48567,1,1.1
27.08.2021 00:34:37.697,6.486090000000001,6.48562,1,1
27.08.2021 00:34:52.255,6.48607,6.4856300000000005,1.1,1
27.08.2021 00:34:55.868,6.48606,6.48562,1,1
27.08.2021 00:34:56.097,6.48601,6.48562,1,1
27.08.2021 00:35:00.689,6.48606,6.48562,1.1,1
27.08.2021 00:35:00.854,6.48608,6.4856300000000005,1.57,1
27.08.2021 00:35:01.005,6.486090000000001,6.485650000000001,1,1
27.08.2021 00:35:01.319,6.486140000000001,6.48568,1,1.1
27.08.2021 00:35:01.369,6.48617,6.485690000000001,1.12,1
27.08.2021 00:35:01.521,6.486190000000001,6.48572,1.5,1.1
27.08.2021 00:35:01.786,6.486190000000001,6.48576,1.5,1.1
27.08.2021 00:35:02.372,6.486190000000001,6.48576,1,1.1
27.08.2021 00:35:02.741,6.486190000000001,6.48581,1,1.1
27.08.2021 00:35:13.241,6.48625,6.48581,1.2,1.1
27.08.2021 00:35:13.342,6.486280000000001,6.48581,1.62,1.1
27.08.2021 00:35:13.493,6.48627,6.48582,1.87,1.1
27.08.2021 00:35:17.046,6.48627,6.485790000000001,1.1,1.1
27.08.2021 00:35:17.147,6.4862400000000004,6.48577,1.1,1.2
27.08.2021 00:35:18.360,6.486190000000001,6.48576,1.1,1.2
27.08.2021 00:35:21.055,6.48621,6.485780000000001,1.1,1.1
27.08.2021 00:35:22.726,6.4862,6.48576,1.1,1.2
27.08.2021 00:35:26.376,6.486180000000001,6.485740000000001,1.1,1.2
27.08.2021 00:35:28.438,6.4862,6.48575,1.1,1.2
27.08.2021 00:35:42.153,6.48616,6.485740000000001,1.1,1.67
27.08.2021 00:35:42.268,6.48617,6.48573,1.1,1.57
27.08.2021 00:35:42.801,6.48613,6.48573,1.1,1.1
27.08.2021 00:35:43.580,6.48613,6.48571,1.1,1.1
27.08.2021 00:35:44.542,6.48611,6.48571,1.1,1.1
27.08.2021 00:35:46.737,6.4861,6.485690000000001,1.1,1.57
27.08.2021 00:35:53.727,6.48617,6.485690000000001,1,1
27.08.2021 00:35:53.778,6.48615,6.48564,1,1
27.08.2021 00:35:53.929,6.48603,6.485580000000001,1,1
27.08.2021 00:35:53.980,6.48597,6.4855100000000006,1,1
27.08.2021 00:35:54.030,6.48589,6.485530000000001,1,1
27.08.2021 00:35:54.081,6.4859,6.4855,1,1
27.08.2021 00:35:54.132,6.485930000000001,6.4855100000000006,1,1
27.08.2021 00:35:54.233,6.4859100000000005,6.485480000000001,1,1
27.08.2021 00:35:54.283,6.4858,6.48533,1,1.5
27.08.2021 00:35:54.334,6.48571,6.48526,1,1.12
27.08.2021 00:35:54.384,6.48557,6.48515,1,1
27.08.2021 00:35:54.434,6.48557,6.485110000000001,1,1
27.08.2021 00:35:54.636,6.48559,6.485110000000001,1,1
27.08.2021 00:35:54.737,6.48561,6.4851600000000005,1,1
27.08.2021 00:35:54.939,6.48561,6.485200000000001,1,1
27.08.2021 00:35:55.090,6.48561,6.48512,1,1
27.08.2021 00:35:55.402,6.485600000000001,6.48515,1,1
27.08.2021 00:35:55.532,6.48561,6.48512,1,1
27.08.2021 00:35:58.738,6.485600000000001,6.48517,1,1
27.08.2021 00:36:08.777,6.485600000000001,6.48515,1,1
27.08.2021 00:36:08.828,6.48567,6.48514,1,1
27.08.2021 00:36:08.928,6.48568,6.484990000000001,1.5,1.5
27.08.2021 00:36:09.031,6.48567,6.48497,1.5,1.5
27.08.2021 00:36:09.081,6.485600000000001,6.48495,1,1.5
27.08.2021 00:36:09.600,6.48561,6.48496,1,1.5
27.08.2021 00:36:11.368,6.48561,6.485030000000001,1,1
27.08.2021 00:36:12.911,6.48557,6.48498,1,1.5
27.08.2021 00:36:13.117,6.48556,6.48487,1.5,1.5
27.08.2021 00:36:14.083,6.48557,6.48487,1,1
27.08.2021 00:36:19.565,6.48555,6.484850000000001,1,1.5
27.08.2021 00:36:20.107,6.48554,6.484850000000001,1,1.5
27.08.2021 00:36:31.147,6.48557,6.484850000000001,1,1
27.08.2021 00:37:03.190,6.48559,6.48484,1,1.1
27.08.2021 00:37:13.214,6.48554,6.484850000000001,1,1
27.08.2021 00:37:17.100,6.48554,6.48481,1,1.5
27.08.2021 00:37:17.189,6.4855,6.48484,1,1
27.08.2021 00:37:17.509,6.4854400000000005,6.48481,1,1
27.08.2021 00:37:17.610,6.4854400000000005,6.48479,1.1,1.87
27.08.2021 00:37:17.760,6.4854400000000005,6.4848,1.1,1
27.08.2021 00:37:34.439,6.4854400000000005,6.4848,1.1,1
27.08.2021 00:37:48.896,6.4854400000000005,6.48472,1.1,1.6
27.08.2021 00:37:50.782,6.485430000000001,6.484730000000001,1.1,1.22
27.08.2021 00:37:56.205,6.485430000000001,6.484730000000001,1,1.22
27.08.2021 00:38:04.597,6.48527,6.484730000000001,1,1.1
27.08.2021 00:38:04.698,6.48514,6.48462,1,1.35
27.08.2021 00:38:04.802,6.4851,6.484630000000001,1,1.35
27.08.2021 00:38:04.852,6.485110000000001,6.48462,1,1.25
27.08.2021 00:38:04.968,6.485110000000001,6.48453,1.5,1.85
27.08.2021 00:38:05.070,6.485030000000001,6.484540000000001,1,1.25
27.08.2021 00:38:05.171,6.48507,6.484450000000001,1,1.75
27.08.2021 00:38:05.222,6.485040000000001,6.4844800000000005,1,1.25
27.08.2021 00:38:09.983,6.485040000000001,6.4846900000000005,1,1.5
27.08.2021 00:38:10.033,6.485030000000001,6.484540000000001,1,1.25
27.08.2021 00:38:52.421,6.48491,6.48453,1,1.25
27.08.2021 00:38:53.631,6.484940000000001,6.48453,1,1.75
27.08.2021 00:38:54.084,6.48497,6.48453,1,1.75
27.08.2021 00:39:05.226,6.48497,6.4845500000000005,1,1
27.08.2021 00:39:10.227,6.48497,6.48453,1,1.5
27.08.2021 00:39:15.853,6.48497,6.4845500000000005,1,1
27.08.2021 00:39:16.122,6.48496,6.484540000000001,1,2.25
27.08.2021 00:39:16.223,6.48496,6.48456,1,1
27.08.2021 00:39:16.418,6.48496,6.484540000000001,1,1.5
27.08.2021 00:39:22.538,6.484990000000001,6.484540000000001,1,1.5
27.08.2021 00:39:22.589,6.485040000000001,6.48453,1,1.5
27.08.2021 00:39:27.756,6.485040000000001,6.48453,1,1.6
27.08.2021 00:39:30.886,6.485030000000001,6.48456,1,1
27.08.2021 00:39:34.562,6.485040000000001,6.48453,1,1.62
27.08.2021 00:39:34.988,6.485030000000001,6.484590000000001,1,1
27.08.2021 00:39:44.862,6.485040000000001,6.484630000000001,1,1
27.08.2021 00:39:45.153,6.48506,6.484640000000001,1,1
27.08.2021 00:39:45.253,6.485040000000001,6.484450000000001,1,1.72
27.08.2021 00:39:45.373,6.485040000000001,6.484450000000001,1,1.72
27.08.2021 00:39:47.673,6.485030000000001,6.48458,1,1
27.08.2021 00:39:47.724,6.485040000000001,6.48447,1,1.6
27.08.2021 00:39:48.766,6.485030000000001,6.4844800000000005,1,1.5
27.08.2021 00:39:50.140,6.4850900000000005,6.48451,1,1
27.08.2021 00:39:53.471,6.485080000000001,6.48456,1,1
27.08.2021 00:39:53.841,6.485080000000001,6.48452,1,1.62
27.08.2021 00:39:54.857,6.4850900000000005,6.48451,1,1
27.08.2021 00:39:54.957,6.4850900000000005,6.48457,1,1
27.08.2021 00:39:55.008,6.4850900000000005,6.48451,1,1
27.08.2021 00:39:55.848,6.4850900000000005,6.4845500000000005,1,1
27.08.2021 00:39:56.024,6.4850900000000005,6.48456,1,1.6
27.08.2021 00:39:56.468,6.4850900000000005,6.48456,1,1.1
27.08.2021 00:39:56.569,6.4851,6.4845500000000005,1,1.6
27.08.2021 00:39:56.772,6.4851,6.4845500000000005,1,1.1
27.08.2021 00:39:56.823,6.4850900000000005,6.48451,1,1.12
27.08.2021 00:39:57.052,6.4850900000000005,6.48452,1,1
27.08.2021 00:39:57.102,6.4851,6.4845500000000005,1,1.5
27.08.2021 00:40:03.336,6.485080000000001,6.48456,1,1
27.08.2021 00:40:03.439,6.485080000000001,6.4845500000000005,1,1.5
27.08.2021 00:40:06.981,6.48505,6.48451,1,1.5
27.08.2021 00:40:07.032,6.48506,6.484500000000001,1,1.75
27.08.2021 00:40:08.212,6.48505,6.48453,1,1.25
27.08.2021 00:40:08.351,6.4851,6.48452,1,1.75
27.08.2021 00:40:11.877,6.4851,6.48471,1,1
27.08.2021 00:40:11.927,6.4851,6.48452,1,1.37
27.08.2021 00:40:12.938,6.48505,6.48452,1,1.25
27.08.2021 00:40:17.569,6.4850900000000005,6.48453,1,1.37
27.08.2021 00:40:24.722,6.485110000000001,6.4845500000000005,1,1.75
27.08.2021 00:40:37.804,6.48505,6.4845500000000005,1,1.25
27.08.2021 00:40:38.990,6.485110000000001,6.4845500000000005,1,1.25
27.08.2021 00:40:39.254,6.4851,6.48453,1,1.75
27.08.2021 00:40:54.838,6.4851,6.484540000000001,1,1.75
27.08.2021 00:40:55.783,6.4851,6.48453,1,1.75
27.08.2021 00:41:06.985,6.485110000000001,6.48453,1,1.75
27.08.2021 00:41:07.114,6.4850900000000005,6.48461,1.5,1.25
27.08.2021 00:41:08.135,6.4851,6.484640000000001,1,1
27.08.2021 00:41:08.185,6.4850900000000005,6.484540000000001,1,1.75
27.08.2021 00:41:09.855,6.4851,6.484540000000001,1,1.75
27.08.2021 00:41:09.956,6.4851,6.48453,1,1.75
27.08.2021 00:41:10.106,6.485110000000001,6.48453,1,1.75
27.08.2021 00:41:13.350,6.4850900000000005,6.484540000000001,1,1.25
27.08.2021 00:41:14.253,6.4851,6.484540000000001,1,1.87
27.08.2021 00:41:14.563,6.4851,6.48453,1,1.87
27.08.2021 00:41:15.032,6.485110000000001,6.48453,1,1.87
27.08.2021 00:41:15.083,6.4851600000000005,6.48457,1.12,1.25
27.08.2021 00:41:15.133,6.48526,6.4848300000000005,1,1
27.08.2021 00:41:15.184,6.4852300000000005,6.484630000000001,1,1.72
27.08.2021 00:41:16.109,6.4852300000000005,6.484630000000001,1,1.62
27.08.2021 00:41:16.187,6.48522,6.4846900000000005,1,1
27.08.2021 00:41:17.191,6.48522,6.4846900000000005,1,1
27.08.2021 00:41:20.089,6.48522,6.48465,1,1
27.08.2021 00:41:21.129,6.48521,6.48466,1,1
27.08.2021 00:41:21.541,6.48521,6.48467,1,1
27.08.2021 00:41:21.643,6.48524,6.48466,1,1
27.08.2021 00:41:22.611,6.4852300000000005,6.48467,1,1
27.08.2021 00:41:27.602,6.48524,6.484640000000001,1,1
27.08.2021 00:41:27.653,6.48519,6.4846,1,1.75
27.08.2021 00:41:28.161,6.48519,6.484590000000001,1,1.25
27.08.2021 00:41:29.165,6.48519,6.484630000000001,1,1.25
27.08.2021 00:41:37.512,6.485200000000001,6.484730000000001,1,1
27.08.2021 00:41:37.562,6.485250000000001,6.484640000000001,1,1
27.08.2021 00:41:37.613,6.4852300000000005,6.48465,1,1
27.08.2021 00:41:37.727,6.48522,6.48465,1,1.62
27.08.2021 00:41:39.224,6.48522,6.48465,1,2
27.08.2021 00:41:39.274,6.485200000000001,6.48466,1,1
27.08.2021 00:41:39.325,6.4852300000000005,6.48471,1,1
27.08.2021 00:41:39.563,6.48522,6.48471,1,1
27.08.2021 00:41:40.343,6.48522,6.4846900000000005,1,1
27.08.2021 00:41:40.662,6.4852300000000005,6.4847,1,1
27.08.2021 00:41:40.881,6.4852300000000005,6.48475,1,1
27.08.2021 00:41:40.932,6.48524,6.4847600000000005,1,1
27.08.2021 00:41:41.180,6.485250000000001,6.48472,1,1.5
27.08.2021 00:41:41.281,6.4853000000000005,6.48472,1,2.85
27.08.2021 00:41:42.233,6.485290000000001,6.4847600000000005,1,1.5
27.08.2021 00:41:42.375,6.485290000000001,6.48475,1,1
27.08.2021 00:41:42.426,6.48536,6.4847600000000005,1.1,1
27.08.2021 00:41:42.476,6.4853000000000005,6.48475,1,1
27.08.2021 00:41:44.584,6.4853000000000005,6.48472,1,1
27.08.2021 00:41:44.685,6.485290000000001,6.48471,1,1
27.08.2021 00:41:44.735,6.48535,6.4847,1.5,1
27.08.2021 00:41:45.459,6.4853000000000005,6.4847600000000005,1,1
27.08.2021 00:41:45.769,6.4853000000000005,6.48484,1,1.5
27.08.2021 00:41:45.870,6.48531,6.48477,1,1.5
27.08.2021 00:41:49.779,6.485340000000001,6.48482,1,1.5
27.08.2021 00:42:08.666,6.48535,6.48481,1,1
27.08.2021 00:42:08.717,6.4854,6.4847600000000005,1.1,1.5
27.08.2021 00:42:08.818,6.48536,6.484780000000001,1,1.5
27.08.2021 00:42:09.062,6.48535,6.484780000000001,1,1.5
27.08.2021 00:42:09.342,6.48535,6.484850000000001,1.5,1
27.08.2021 00:42:09.393,6.48536,6.48486,1.1,1
27.08.2021 00:42:09.494,6.48535,6.48482,1,1
27.08.2021 00:42:09.663,6.48536,6.484850000000001,1,1
27.08.2021 00:42:09.764,6.48537,6.484850000000001,1,1.5
27.08.2021 00:42:09.865,6.485390000000001,6.48491,1,1.12
27.08.2021 00:42:09.916,6.48542,6.48486,1,1.5
27.08.2021 00:42:10.980,6.485430000000001,6.4849000000000006,1,1.12
27.08.2021 00:42:11.081,6.4854400000000005,6.4849000000000006,1.5,1.12
27.08.2021 00:42:12.291,6.48545,6.48489,1.5,1.62
27.08.2021 00:42:12.341,6.48545,6.48492,1,1.5
27.08.2021 00:42:12.442,6.48545,6.48495,1,1
27.08.2021 00:42:12.553,6.48549,6.484990000000001,1,1
27.08.2021 00:42:12.604,6.485480000000001,6.48497,1,1
27.08.2021 00:42:12.849,6.485480000000001,6.48501,1,1
27.08.2021 00:42:13.012,6.48554,6.48506,1,1
27.08.2021 00:42:13.063,6.48554,6.485080000000001,1,1
27.08.2021 00:42:13.164,6.48557,6.485080000000001,1,1
27.08.2021 00:42:14.042,6.48557,6.485080000000001,1.1,1
27.08.2021 00:42:15.366,6.485580000000001,6.48507,1,1
27.08.2021 00:42:16.515,6.48556,6.485080000000001,1,1
27.08.2021 00:42:23.844,6.48556,6.485030000000001,1,1
27.08.2021 00:42:23.895,6.48549,6.4850200000000005,1,1
27.08.2021 00:42:24.083,6.48547,6.48501,1,1
27.08.2021 00:42:41.192,6.48546,6.48498,1,1
27.08.2021 00:43:02.364,6.485480000000001,6.48497,1,1
27.08.2021 00:43:02.820,6.485480000000001,6.48498,1,1
27.08.2021 00:43:08.417,6.48549,6.485,1,1
27.08.2021 00:43:13.172,6.485480000000001,6.485,1,1
27.08.2021 00:43:16.823,6.48547,6.484990000000001,1,1
27.08.2021 00:43:17.554,6.48546,6.484990000000001,1.5,1
27.08.2021 00:43:18.059,6.48537,6.484990000000001,1,1
27.08.2021 00:43:18.110,6.48536,6.48497,1,1
27.08.2021 00:43:41.516,6.48546,6.48497,2.25,1
27.08.2021 00:43:57.340,6.48549,6.484990000000001,1.5,1
27.08.2021 00:43:57.390,6.4855,6.485,1,1
27.08.2021 00:43:57.491,6.48555,6.485030000000001,1.12,1
27.08.2021 00:44:02.325,6.48555,6.485030000000001,1.1,1
27.08.2021 00:44:33.254,6.4855,6.4850200000000005,1,1
27.08.2021 00:44:33.537,6.48545,6.485,1,1
27.08.2021 00:44:41.526,6.485480000000001,6.485,1.5,1
27.08.2021 00:44:41.677,6.48554,6.485040000000001,1.1,1
27.08.2021 00:44:41.751,6.485530000000001,6.48501,1.1,1
27.08.2021 00:44:42.537,6.485530000000001,6.48501,1,1
27.08.2021 00:44:42.637,6.48555,6.48505,1,1
27.08.2021 00:44:43.541,6.48555,6.4851,1,1
27.08.2021 00:44:43.642,6.485600000000001,6.48517,1,1
27.08.2021 00:44:43.692,6.48564,6.485180000000001,1,1
27.08.2021 00:44:44.764,6.48564,6.48512,1,1
27.08.2021 00:44:48.654,6.48564,6.485130000000001,1,1
27.08.2021 00:44:51.810,6.48564,6.48512,1,1
27.08.2021 00:44:52.608,6.485290000000001,6.4851600000000005,1,1
27.08.2021 00:44:52.659,6.4854400000000005,6.485030000000001,1,1
27.08.2021 00:44:52.709,6.485480000000001,6.48505,1,1
27.08.2021 00:44:52.810,6.48554,6.4850200000000005,1.1,1
27.08.2021 00:44:52.910,6.485530000000001,6.48501,1.1,1
27.08.2021 00:44:53.884,6.485530000000001,6.48505,1.1,1
27.08.2021 00:45:03.688,6.48554,6.485040000000001,1.1,1
27.08.2021 00:45:03.808,6.48555,6.484990000000001,1.1,1
27.08.2021 00:45:03.909,6.485530000000001,6.484990000000001,1.1,1
27.08.2021 00:45:05.648,6.4853000000000005,6.485,1,1
27.08.2021 00:45:05.749,6.485200000000001,6.48488,1,1
27.08.2021 00:45:05.849,6.48519,6.4848300000000005,1,1.5
27.08.2021 00:45:05.900,6.485180000000001,6.4848300000000005,1,1
27.08.2021 00:45:21.174,6.48517,6.4848300000000005,1,1
27.08.2021 00:45:21.274,6.48517,6.48474,1,1
27.08.2021 00:45:21.381,6.4851600000000005,6.484780000000001,1,1
27.08.2021 00:45:21.679,6.4851600000000005,6.48484,1,1
27.08.2021 00:45:21.877,6.48517,6.48479,1,1
27.08.2021 00:45:21.928,6.484990000000001,6.4847600000000005,1,1
27.08.2021 00:45:22.388,6.4851600000000005,6.48477,1,1.5
27.08.2021 00:45:22.438,6.4851600000000005,6.4848,1,1
27.08.2021 00:45:22.539,6.485,6.48472,1,1
27.08.2021 00:45:22.589,6.485,6.4847,1,1
27.08.2021 00:45:22.989,6.484990000000001,6.4846900000000005,1,1
27.08.2021 00:45:34.172,6.484990000000001,6.48461,1,1
27.08.2021 00:45:50.438,6.484990000000001,6.4846,1,1
27.08.2021 00:45:53.856,6.485,6.48453,1,1
27.08.2021 00:46:04.160,6.484990000000001,6.48458,1,1
27.08.2021 00:46:04.626,6.485,6.484540000000001,1,1
27.08.2021 00:46:28.222,6.484990000000001,6.484640000000001,1,1
27.08.2021 00:46:29.787,6.4851,6.484630000000001,1.6,1
27.08.2021 00:46:29.888,6.485130000000001,6.48467,1.1,1
27.08.2021 00:46:30.299,6.485130000000001,6.4846900000000005,1.1,1
27.08.2021 00:46:30.822,6.48514,6.4846900000000005,1.1,1
27.08.2021 00:46:32.102,6.48514,6.4846900000000005,1.87,1
27.08.2021 00:46:32.660,6.48514,6.4847600000000005,1.87,1
27.08.2021 00:46:32.892,6.48517,6.4847600000000005,1,1
27.08.2021 00:46:36.923,6.485180000000001,6.48479,1.12,1
27.08.2021 00:46:37.074,6.48517,6.4848300000000005,1,1
27.08.2021 00:46:39.528,6.485180000000001,6.4848300000000005,1,1
27.08.2021 00:46:50.399,6.485180000000001,6.48487,1,1
27.08.2021 00:47:01.164,6.4853000000000005,6.48487,1.5,1
27.08.2021 00:47:01.270,6.48519,6.48488,1,1
27.08.2021 00:47:01.660,6.48517,6.48488,1,1
27.08.2021 00:47:11.794,6.48517,6.4848,1,1
27.08.2021 00:47:34.793,6.485180000000001,6.48489,1,1
27.08.2021 00:47:34.894,6.485180000000001,6.48498,1,1
27.08.2021 00:47:34.944,6.4853000000000005,6.484990000000001,1,1
27.08.2021 00:47:35.065,6.48531,6.4850200000000005,1,1
27.08.2021 00:47:35.216,6.48531,6.485030000000001,1,1
27.08.2021 00:47:35.522,6.48552,6.485030000000001,2.07,1
27.08.2021 00:47:35.623,6.4855100000000006,6.485040000000001,1,1
27.08.2021 00:47:35.673,6.4855100000000006,6.485080000000001,1,1
27.08.2021 00:47:35.724,6.48559,6.485080000000001,1,1
27.08.2021 00:47:35.825,6.48559,6.48512,1,1
