Gmt time,Ask,Bid,AskVolume,BidVolume
24.08.2021 00:00:00.274,1.26543,1.2652700000000001,1.1,1.35
24.08.2021 00:00:00.375,1.26547,1.2653100000000002,1,1.1
24.08.2021 00:00:00.476,1.26548,1.2653,3.45,1.6
24.08.2021 00:00:00.580,1.26548,1.2653200000000002,2.32,1
24.08.2021 00:00:01.033,1.26548,1.26538,1.95,1
24.08.2021 00:00:01.135,1.26553,1.26536,3.57,2.95
24.08.2021 00:00:01.286,1.26553,1.26536,2.32,2.95
24.08.2021 00:00:05.353,1.26553,1.26535,2.07,2.35
24.08.2021 00:00:09.644,1.26553,1.26535,2.07,2.35
24.08.2021 00:00:12.307,1.26553,1.26535,2.07,1.85
24.08.2021 00:00:16.441,1.26555,1.26539,1.57,1.12
24.08.2021 00:00:18.780,1.26556,1.26539,3.6,1
24.08.2021 00:00:20.444,1.26553,1.26536,3.82,2.26
24.08.2021 00:00:20.545,1.2655100000000001,1.26537,1.12,1.01
24.08.2021 00:00:22.230,1.2655200000000002,1.26536,1.12,1.35
24.08.2021 00:00:22.331,1.2655100000000001,1.26537,1.12,1.01
24.08.2021 00:00:23.470,1.26555,1.26538,1.2,1.2
24.08.2021 00:00:23.521,1.26556,1.2654,3.95,1
24.08.2021 00:00:26.549,1.26549,1.26538,1,1
24.08.2021 00:00:26.650,1.2655,1.26537,1.57,1
24.08.2021 00:00:26.752,1.2655100000000001,1.2653400000000001,2.07,1.51
24.08.2021 00:00:27.357,1.2655,1.2653400000000001,1.12,1.1
24.08.2021 00:00:31.171,1.2655,1.2653400000000001,2,1.1
24.08.2021 00:00:44.160,1.26547,1.26533,1,1.2
24.08.2021 00:00:44.262,1.26548,1.2653200000000002,1.5,1.1
24.08.2021 00:00:44.616,1.26549,1.26533,4.32,1
24.08.2021 00:00:44.768,1.26548,1.26533,4.32,1.57
24.08.2021 00:00:45.061,1.26547,1.2653100000000002,1.87,1.01
24.08.2021 00:00:47.263,1.2654400000000001,1.2653,1.5,1
24.08.2021 00:00:47.364,1.2654400000000001,1.26528,1.57,1.5
24.08.2021 00:00:47.465,1.2654400000000001,1.26528,2.07,1
24.08.2021 00:00:48.760,1.2654200000000002,1.26526,3.5,1.1
24.08.2021 00:00:51.132,1.2654,1.26526,1.12,1.95
24.08.2021 00:00:51.286,1.2654100000000001,1.26525,2.75,1.1
24.08.2021 00:00:52.296,1.2654100000000001,1.26524,2.82,2.32
24.08.2021 00:00:53.317,1.2654100000000001,1.26524,2.75,2.35
24.08.2021 00:00:54.450,1.2654100000000001,1.26524,3.57,2.32
24.08.2021 00:00:55.017,1.2654100000000001,1.26525,3.57,1
24.08.2021 00:00:55.460,1.26536,1.26525,1,1
24.08.2021 00:00:55.511,1.2654100000000001,1.26525,2.82,1.25
24.08.2021 00:00:55.562,1.2654100000000001,1.26525,1.2,2.12
24.08.2021 00:00:56.706,1.26538,1.26526,1,1.5
24.08.2021 00:00:56.757,1.2654,1.26526,3.37,1.57
24.08.2021 00:00:56.908,1.26538,1.26526,1,1.1
24.08.2021 00:00:57.010,1.26538,1.26523,1,2.35
24.08.2021 00:00:57.161,1.2653400000000001,1.2652,1,1.85
24.08.2021 00:00:57.262,1.26535,1.26519,1.2,2.22
24.08.2021 00:00:58.389,1.2653200000000002,1.2652,1,1.01
24.08.2021 00:00:58.591,1.2653200000000002,1.26519,1,1.1
24.08.2021 00:01:00.883,1.2653200000000002,1.2651700000000001,1,1.47
24.08.2021 00:01:01.338,1.26529,1.26519,1.1,1.25
24.08.2021 00:01:01.440,1.2653,1.26516,1.1,2.16
24.08.2021 00:01:01.541,1.2653,1.26515,1,1.85
24.08.2021 00:01:01.694,1.2653,1.2651700000000001,1.1,1.2
24.08.2021 00:01:01.896,1.2653200000000002,1.2651700000000001,1.1,1.1
24.08.2021 00:01:03.056,1.2653200000000002,1.2651700000000001,1.1,1.25
24.08.2021 00:01:03.986,1.2653200000000002,1.2651700000000001,1.1,1.25
24.08.2021 00:01:17.764,1.2653200000000002,1.26518,1.1,1
24.08.2021 00:01:19.084,1.2653100000000002,1.26519,1.1,1.31
24.08.2021 00:01:19.254,1.2653200000000002,1.2651700000000001,1.1,1.87
24.08.2021 00:01:21.597,1.2653200000000002,1.2651700000000001,1.1,1.31
24.08.2021 00:01:25.408,1.2653200000000002,1.2651700000000001,1.1,1.12
24.08.2021 00:01:30.093,1.2653200000000002,1.26518,1.1,1
24.08.2021 00:01:33.694,1.2653200000000002,1.2651700000000001,1.1,1
24.08.2021 00:01:34.925,1.26533,1.26518,1.22,1.25
24.08.2021 00:01:35.027,1.2653400000000001,1.26519,1.22,1
24.08.2021 00:01:35.261,1.2653400000000001,1.26519,1.22,1
24.08.2021 00:01:35.362,1.2653400000000001,1.26518,4.22,1.12
24.08.2021 00:01:43.334,1.2653400000000001,1.26518,1.6,1.69
24.08.2021 00:01:43.435,1.26533,1.2651700000000001,1.22,1.5
24.08.2021 00:01:46.757,1.2653100000000002,1.2651700000000001,1.6,1
24.08.2021 00:01:46.808,1.2653,1.26514,1.6,1.62
24.08.2021 00:01:46.909,1.26529,1.26514,1.1,1
24.08.2021 00:01:47.011,1.26529,1.26513,1.1,2.37
24.08.2021 00:01:47.209,1.2653,1.26514,2.72,1.12
24.08.2021 00:01:51.048,1.26528,1.26514,1.1,1
24.08.2021 00:01:51.149,1.2652700000000001,1.2651200000000002,1.1,1.5
24.08.2021 00:01:51.251,1.2652700000000001,1.2651200000000002,1.1,1
24.08.2021 00:01:51.352,1.2652700000000001,1.2651200000000002,1.22,1
24.08.2021 00:01:51.901,1.26529,1.26513,1.97,2.94
24.08.2021 00:01:52.002,1.26529,1.26513,1.97,2.94
24.08.2021 00:01:52.154,1.26529,1.26513,1.97,1.75
24.08.2021 00:01:52.255,1.26528,1.26513,1.1,1.5
24.08.2021 00:01:52.479,1.26528,1.26513,2.35,1.5
24.08.2021 00:01:52.894,1.26528,1.2651200000000002,2.35,2.25
24.08.2021 00:01:54.873,1.2652700000000001,1.26513,1.6,1.5
24.08.2021 00:01:57.150,1.26528,1.2651200000000002,3.6,1.5
24.08.2021 00:01:57.611,1.26525,1.2651000000000001,1.1,1.37
24.08.2021 00:01:58.844,1.26525,1.26509,1.1,3.37
24.08.2021 00:02:00.230,1.26525,1.26509,1.1,2.81
24.08.2021 00:02:02.864,1.26518,1.26504,1.1,4.69
24.08.2021 00:02:03.017,1.2651700000000001,1.26504,1.1,3.37
24.08.2021 00:02:05.848,1.2651700000000001,1.26504,1.6,2.87
24.08.2021 00:02:20.166,1.2652100000000002,1.26508,1.6,1
24.08.2021 00:02:20.268,1.26523,1.26508,1.6,2.25
24.08.2021 00:02:20.420,1.26524,1.26509,1.97,1
24.08.2021 00:02:21.480,1.26523,1.2651100000000002,1.97,1
24.08.2021 00:02:21.585,1.26523,1.2651000000000001,1.97,1
24.08.2021 00:02:26.012,1.26526,1.26514,2.7,3.19
24.08.2021 00:02:26.113,1.26533,1.26516,1.6,1
24.08.2021 00:02:26.164,1.2653200000000002,1.2652200000000002,1,1
24.08.2021 00:02:26.266,1.26539,1.26533,1.12,1
24.08.2021 00:02:26.316,1.26547,1.26533,1.1,1
24.08.2021 00:02:26.417,1.26549,1.26533,1.79,1
24.08.2021 00:02:28.574,1.26549,1.26533,2.35,1.5
24.08.2021 00:02:31.612,1.26548,1.26535,2.16,1.5
24.08.2021 00:02:33.320,1.2655,1.26536,1.57,2.19
24.08.2021 00:02:33.421,1.2655100000000001,1.26537,1.1,1.5
24.08.2021 00:02:33.522,1.26549,1.26537,1,1.6
24.08.2021 00:02:34.183,1.2655,1.26537,1.2,1.6
24.08.2021 00:02:34.436,1.26553,1.26539,1.1,1.5
24.08.2021 00:02:34.537,1.26556,1.2654100000000001,1.22,1.87
24.08.2021 00:02:34.639,1.26556,1.2654100000000001,1.1,2.19
24.08.2021 00:02:34.689,1.26555,1.26545,1.25,1.5
24.08.2021 00:02:34.740,1.2656,1.26546,1.5,2.62
24.08.2021 00:02:34.842,1.26559,1.26547,1.5,2
24.08.2021 00:02:35.300,1.26558,1.26543,1,1.51
24.08.2021 00:02:36.089,1.26558,1.2654400000000001,2.72,1.5
24.08.2021 00:02:36.241,1.26558,1.2654200000000002,1.97,2.19
24.08.2021 00:02:37.857,1.26557,1.2654200000000002,1.79,2
24.08.2021 00:02:38.607,1.26557,1.2654200000000002,2.29,1.87
24.08.2021 00:02:41.841,1.26553,1.26539,2.07,1
24.08.2021 00:02:41.942,1.2655,1.26535,1.87,1.51
24.08.2021 00:02:42.258,1.26549,1.2653400000000001,1.6,1.87
24.08.2021 00:02:45.602,1.26548,1.26533,1.6,1.12
24.08.2021 00:02:55.446,1.2654,1.26529,2.25,1.5
24.08.2021 00:02:55.547,1.26528,1.26518,1,1
24.08.2021 00:02:55.698,1.26528,1.26516,1,1
24.08.2021 00:02:56.003,1.2653,1.26516,1,1.31
24.08.2021 00:02:57.923,1.2653100000000002,1.26518,1,1.85
24.08.2021 00:02:58.305,1.26533,1.26519,1,1.75
24.08.2021 00:03:02.101,1.26533,1.26519,1.1,1.5
24.08.2021 00:03:02.202,1.26533,1.26519,1.1,1.5
24.08.2021 00:03:04.775,1.26533,1.26518,1.1,1.5
24.08.2021 00:03:07.093,1.2653200000000002,1.26519,1.1,1.12
24.08.2021 00:03:08.496,1.2652700000000001,1.26519,1.5,1
24.08.2021 00:03:08.547,1.26525,1.26514,1.5,1.62
24.08.2021 00:03:08.648,1.26524,1.2651100000000002,1,1
24.08.2021 00:03:08.749,1.26525,1.2651200000000002,1.1,1.25
24.08.2021 00:03:08.851,1.26523,1.2651200000000002,1,1
24.08.2021 00:03:10.917,1.26523,1.2651100000000002,1.1,1.25
24.08.2021 00:03:23.672,1.26524,1.2651000000000001,1.22,1
24.08.2021 00:03:24.950,1.2651700000000001,1.26509,1,1
24.08.2021 00:03:25.001,1.2651700000000001,1.26504,1,1.3
24.08.2021 00:03:25.102,1.26516,1.26503,1,1.25
24.08.2021 00:03:25.354,1.2651700000000001,1.26503,1.1,1.25
24.08.2021 00:03:25.658,1.2651700000000001,1.26503,1.1,1
24.08.2021 00:03:31.518,1.2652100000000002,1.26506,2.35,1
24.08.2021 00:03:31.569,1.26523,1.26509,1.1,1
24.08.2021 00:03:31.670,1.26519,1.2650700000000001,1.1,1
24.08.2021 00:03:31.771,1.26519,1.26506,1.1,1
24.08.2021 00:03:33.429,1.26519,1.26505,1.2,1.1
24.08.2021 00:03:33.530,1.26519,1.26504,1.22,1
24.08.2021 00:03:33.834,1.26518,1.26505,1.22,1
24.08.2021 00:03:35.745,1.26518,1.26506,1.1,1
24.08.2021 00:03:37.037,1.26516,1.26502,1.1,1.25
24.08.2021 00:03:42.694,1.26516,1.26503,1.1,1
24.08.2021 00:03:43.419,1.26515,1.26502,1,1
24.08.2021 00:03:44.107,1.26514,1.26502,1,1
24.08.2021 00:03:44.158,1.2651000000000001,1.2649700000000001,1.95,1.12
24.08.2021 00:03:44.209,1.26509,1.26495,1.1,1
24.08.2021 00:03:44.310,1.26509,1.26494,1.1,1.1
24.08.2021 00:03:45.250,1.26509,1.26495,1.1,1
24.08.2021 00:03:45.927,1.26509,1.26496,1.22,1
24.08.2021 00:03:49.582,1.2651000000000001,1.26494,2.85,1
24.08.2021 00:03:50.706,1.2651100000000002,1.26495,2.85,1
24.08.2021 00:03:50.807,1.2651100000000002,1.26495,2.1,1
24.08.2021 00:03:50.908,1.2651000000000001,1.26494,1.6,1.57
24.08.2021 00:03:51.389,1.2651100000000002,1.26495,1.6,1
24.08.2021 00:03:52.142,1.2651100000000002,1.2649700000000001,2.1,1
24.08.2021 00:03:52.243,1.2651200000000002,1.26496,2.1,1.1
24.08.2021 00:03:56.997,1.26509,1.26496,1.6,1.1
24.08.2021 00:03:57.048,1.26508,1.26494,1.1,1
24.08.2021 00:03:57.099,1.26506,1.2649299999999999,1.22,2.02
24.08.2021 00:03:57.462,1.26508,1.2649299999999999,2.35,1.87
24.08.2021 00:03:57.779,1.26508,1.26494,2.29,1
24.08.2021 00:03:58.970,1.26509,1.26496,1.6,1
24.08.2021 00:04:03.016,1.26509,1.26495,3.04,1
24.08.2021 00:04:03.275,1.26509,1.26495,3.79,1
24.08.2021 00:04:07.077,1.2651000000000001,1.26494,3.79,1.1
24.08.2021 00:04:08.440,1.26508,1.26494,1,1.57
24.08.2021 00:04:14.960,1.2650700000000001,1.26496,1,1
24.08.2021 00:04:15.213,1.26508,1.2649700000000001,1,1.12
24.08.2021 00:04:15.264,1.26514,1.26502,1,1
24.08.2021 00:04:15.315,1.26516,1.26503,2.25,1
24.08.2021 00:04:40.370,1.26509,1.26498,1,1
24.08.2021 00:04:40.421,1.26509,1.26496,1.12,1.1
24.08.2021 00:04:45.514,1.2650700000000001,1.26495,1.95,1.5
24.08.2021 00:04:49.303,1.26508,1.26494,2.07,1.5
24.08.2021 00:04:50.074,1.26508,1.26495,1.6,1
24.08.2021 00:04:50.226,1.2650700000000001,1.26494,1.12,1.5
24.08.2021 00:04:56.874,1.2650100000000002,1.2649000000000001,1,1.6
24.08.2021 00:04:56.924,1.2650000000000001,1.26489,1,1.27
24.08.2021 00:04:59.481,1.26498,1.2648700000000002,1,1
24.08.2021 00:04:59.583,1.26499,1.26485,1,1.57
24.08.2021 00:04:59.736,1.2649299999999999,1.2648000000000001,1,2.61
24.08.2021 00:04:59.837,1.2649299999999999,1.2648000000000001,1,1.57
24.08.2021 00:04:59.939,1.2649100000000002,1.2648000000000001,1,1.1
24.08.2021 00:05:06.352,1.2649700000000001,1.26485,1.5,1
24.08.2021 00:05:06.453,1.26499,1.26486,1,1
24.08.2021 00:05:06.604,1.2650000000000001,1.2648700000000002,1,1.5
24.08.2021 00:05:06.960,1.2650100000000002,1.2648700000000002,1.87,1.5
24.08.2021 00:05:07.010,1.2650100000000002,1.26489,1,1
24.08.2021 00:05:07.112,1.26506,1.26495,1.5,1.5
24.08.2021 00:05:23.974,1.2650700000000001,1.26495,1,1.1
24.08.2021 00:05:28.901,1.2650700000000001,1.26496,1.12,1.57
24.08.2021 00:05:45.932,1.26508,1.26494,1.12,1.5
24.08.2021 00:05:49.273,1.26508,1.26495,1.12,1
24.08.2021 00:05:58.531,1.26509,1.26496,1.6,1
24.08.2021 00:05:59.492,1.2651100000000002,1.2650100000000002,1,1
24.08.2021 00:05:59.543,1.2651200000000002,1.26503,1.25,1
24.08.2021 00:05:59.594,1.26515,1.26503,2.1,1
24.08.2021 00:06:00.416,1.26515,1.26504,1.6,1
24.08.2021 00:06:00.467,1.2651700000000001,1.26503,1.2,1
24.08.2021 00:06:00.518,1.2652,1.2651100000000002,1.1,1
24.08.2021 00:06:00.569,1.2652100000000002,1.26508,2.32,1
24.08.2021 00:06:00.619,1.2652200000000002,1.2651100000000002,1,1
24.08.2021 00:06:00.771,1.2652200000000002,1.2651000000000001,1,1
24.08.2021 00:06:00.923,1.2652100000000002,1.2651000000000001,1,1
24.08.2021 00:06:04.674,1.2652200000000002,1.2651000000000001,1,1
24.08.2021 00:06:04.994,1.2652200000000002,1.26509,1,1
24.08.2021 00:06:05.098,1.2652200000000002,1.2651000000000001,1,1
24.08.2021 00:06:05.353,1.26523,1.2651000000000001,1.5,1
24.08.2021 00:06:12.413,1.2652200000000002,1.2651000000000001,1,1
24.08.2021 00:06:16.937,1.2652200000000002,1.2651100000000002,1.5,1.1
24.08.2021 00:06:48.184,1.2652200000000002,1.2651000000000001,1,1
24.08.2021 00:06:50.353,1.26518,1.26508,1.12,1
24.08.2021 00:06:50.403,1.26516,1.26503,1.5,1.52
24.08.2021 00:06:50.505,1.26515,1.26503,1,1
24.08.2021 00:06:50.606,1.2651100000000002,1.2650100000000002,1,1
24.08.2021 00:06:50.657,1.2650700000000001,1.26495,1,1.57
24.08.2021 00:06:50.708,1.26503,1.26495,1.5,1
24.08.2021 00:06:50.759,1.26499,1.26486,1.5,1.22
24.08.2021 00:06:50.860,1.26499,1.26486,1.5,1.1
24.08.2021 00:06:50.961,1.26499,1.26486,1.5,1.1
24.08.2021 00:07:02.648,1.26499,1.26488,1.5,1
24.08.2021 00:07:02.699,1.26504,1.2649100000000002,2.25,1
24.08.2021 00:07:02.800,1.26505,1.2649100000000002,1.87,1.1
24.08.2021 00:07:02.953,1.26505,1.26494,1.5,1
24.08.2021 00:07:03.054,1.26505,1.2649299999999999,1.57,1
24.08.2021 00:07:03.580,1.26506,1.2649299999999999,1.5,1
24.08.2021 00:07:11.571,1.26506,1.26494,1.5,1.1
24.08.2021 00:07:18.403,1.26503,1.2649100000000002,1,1.1
24.08.2021 00:07:18.505,1.26503,1.2649000000000001,1,1
24.08.2021 00:07:19.333,1.26503,1.26488,1.95,1.57
24.08.2021 00:07:20.163,1.2650100000000002,1.26489,1,1.1
24.08.2021 00:07:20.626,1.26499,1.26486,1,1.1
24.08.2021 00:07:23.072,1.26496,1.26486,1,1.1
24.08.2021 00:07:23.173,1.2649100000000002,1.26478,1,3.07
24.08.2021 00:07:25.573,1.2649000000000001,1.26478,1,1
24.08.2021 00:07:25.877,1.2649000000000001,1.26476,1.5,1.1
24.08.2021 00:07:28.170,1.2649100000000002,1.26478,1.5,1
24.08.2021 00:07:28.321,1.26489,1.26478,1,1.1
24.08.2021 00:07:30.662,1.2649100000000002,1.2647700000000002,1.57,1
24.08.2021 00:07:41.811,1.2649100000000002,1.26478,1,1
24.08.2021 00:07:54.584,1.26489,1.26478,1,1
24.08.2021 00:07:54.685,1.26489,1.2647700000000002,1.5,1
24.08.2021 00:07:54.786,1.2649000000000001,1.2647700000000002,1,1
24.08.2021 00:07:55.094,1.2649299999999999,1.2648000000000001,2.25,1
24.08.2021 00:07:55.195,1.2649299999999999,1.26481,1.95,1
24.08.2021 00:07:56.048,1.26492,1.26479,1,1
24.08.2021 00:07:56.199,1.2648700000000002,1.26476,3.64,1
24.08.2021 00:07:56.301,1.26484,1.26472,1,1
24.08.2021 00:07:56.402,1.26484,1.26471,1,1
24.08.2021 00:08:01.788,1.2648700000000002,1.26474,1.95,1
24.08.2021 00:08:01.890,1.2648700000000002,1.26474,1.97,1
24.08.2021 00:08:01.998,1.2648700000000002,1.26473,1.97,1
24.08.2021 00:08:03.007,1.26484,1.26472,1,1
24.08.2021 00:08:03.159,1.26485,1.26472,1.95,1
24.08.2021 00:08:04.261,1.2648700000000002,1.26474,1.95,1
24.08.2021 00:08:04.362,1.26486,1.26473,1,1
24.08.2021 00:08:05.773,1.26485,1.26473,1.57,1
24.08.2021 00:08:05.874,1.26484,1.26473,1.2,1
24.08.2021 00:08:10.131,1.2648700000000002,1.26473,1,1.57
24.08.2021 00:08:10.770,1.26485,1.26475,1.1,1
24.08.2021 00:08:10.821,1.26486,1.26472,1.1,1
24.08.2021 00:08:10.922,1.26485,1.26472,1,1
24.08.2021 00:08:12.018,1.26485,1.26471,1.87,1.1
24.08.2021 00:08:12.848,1.26485,1.26472,1.12,1
24.08.2021 00:08:14.953,1.26485,1.26471,1.95,1
24.08.2021 00:08:23.807,1.26486,1.26472,1.95,1
24.08.2021 00:08:23.908,1.26485,1.26472,1.2,1
24.08.2021 00:08:24.009,1.26485,1.26471,1.95,1
24.08.2021 00:08:24.796,1.26483,1.26472,1,1
24.08.2021 00:08:25.201,1.26484,1.26472,1.95,1
24.08.2021 00:08:29.863,1.26484,1.26471,1,1
24.08.2021 00:08:30.066,1.26484,1.26472,1.95,1
24.08.2021 00:08:31.584,1.26484,1.26471,1,1
24.08.2021 00:08:31.738,1.26485,1.26471,1.95,1
24.08.2021 00:08:32.717,1.26483,1.26472,1,1
24.08.2021 00:08:32.868,1.26485,1.26471,1.95,1
24.08.2021 00:08:34.442,1.26484,1.26473,1.12,1
24.08.2021 00:08:34.594,1.26483,1.26473,1,1
24.08.2021 00:08:34.695,1.26484,1.26471,1,1.1
24.08.2021 00:08:37.469,1.26486,1.26472,1.6,1
24.08.2021 00:08:40.642,1.26486,1.26472,1.2,1
24.08.2021 00:08:40.749,1.26483,1.26473,1,1
24.08.2021 00:08:40.902,1.26485,1.26472,1.1,1
24.08.2021 00:08:46.649,1.26483,1.26473,1,1
24.08.2021 00:08:46.852,1.26485,1.26472,1.1,1
24.08.2021 00:08:54.162,1.26484,1.26472,1,1
24.08.2021 00:08:54.342,1.26485,1.26472,1.2,1
24.08.2021 00:09:00.286,1.26488,1.26475,1.5,1
24.08.2021 00:09:00.387,1.2649000000000001,1.2647700000000002,1.1,1
24.08.2021 00:09:00.489,1.2649100000000002,1.26479,1.2,1
24.08.2021 00:09:00.640,1.2649100000000002,1.26478,1.2,1
24.08.2021 00:09:00.775,1.26492,1.26479,3.04,1
24.08.2021 00:09:00.927,1.2649000000000001,1.26479,1.2,1
24.08.2021 00:09:02.569,1.26492,1.26479,1.01,1
24.08.2021 00:09:16.844,1.2649100000000002,1.26479,1,1
24.08.2021 00:09:37.143,1.2649100000000002,1.2648000000000001,1,1
24.08.2021 00:09:37.244,1.26496,1.26485,1,1
24.08.2021 00:09:37.295,1.2649700000000001,1.2648700000000002,1,1
24.08.2021 00:09:37.396,1.26499,1.2648700000000002,1.25,1
24.08.2021 00:09:37.498,1.2650100000000002,1.2648700000000002,2.35,1
24.08.2021 00:09:40.479,1.2650100000000002,1.26488,1.12,1
24.08.2021 00:09:41.200,1.2650100000000002,1.2648700000000002,1.2,1
24.08.2021 00:09:43.538,1.26502,1.2649000000000001,1.1,1
24.08.2021 00:09:43.643,1.26502,1.2649000000000001,1.1,1
24.08.2021 00:09:44.078,1.2650700000000001,1.2649299999999999,2.1,1
24.08.2021 00:09:44.128,1.26509,1.26495,4.76,1
24.08.2021 00:09:44.229,1.2650700000000001,1.26495,1.1,1
24.08.2021 00:09:44.331,1.26506,1.26494,1.12,1.1
24.08.2021 00:09:44.432,1.2650700000000001,1.26494,2.14,1
24.08.2021 00:09:48.125,1.2650700000000001,1.2649299999999999,2.14,1
24.08.2021 00:09:48.226,1.26506,1.26492,1.01,1
24.08.2021 00:09:48.277,1.26503,1.2649000000000001,1.2,1
24.08.2021 00:09:48.378,1.26503,1.26489,1.6,1
24.08.2021 00:09:48.479,1.26502,1.2649000000000001,1.1,1
24.08.2021 00:09:48.721,1.26499,1.26489,1,1
24.08.2021 00:09:48.772,1.26496,1.26484,3.95,1
24.08.2021 00:09:48.823,1.26494,1.2648000000000001,1,2.32
24.08.2021 00:09:57.950,1.2649299999999999,1.26479,1,1.5
24.08.2021 00:09:59.218,1.2649100000000002,1.26478,1,1.57
24.08.2021 00:09:59.585,1.26492,1.26479,1,1
24.08.2021 00:10:02.228,1.26494,1.26481,1.2,1
24.08.2021 00:10:06.173,1.2649299999999999,1.26479,1,1
24.08.2021 00:10:32.971,1.26492,1.2648000000000001,2.19,1.5
24.08.2021 00:10:33.273,1.2649299999999999,1.26479,1.5,1.5
24.08.2021 00:10:53.666,1.26492,1.26479,1,1
24.08.2021 00:10:53.767,1.2649299999999999,1.26479,1.95,1.5
24.08.2021 00:10:54.663,1.2649299999999999,1.2648000000000001,1.12,1
24.08.2021 00:10:54.765,1.2649299999999999,1.26479,1,1
24.08.2021 00:10:57.808,1.2649299999999999,1.26481,2.62,1
24.08.2021 00:11:00.327,1.2649299999999999,1.2648000000000001,1,1
24.08.2021 00:11:00.443,1.26494,1.2648000000000001,1.95,1
24.08.2021 00:11:01.272,1.26495,1.26481,1.1,1
24.08.2021 00:11:02.013,1.26498,1.26486,1,1
24.08.2021 00:11:02.114,1.2650000000000001,1.26486,3.47,1
24.08.2021 00:11:02.312,1.2650000000000001,1.26488,3.47,1
24.08.2021 00:11:02.414,1.2650100000000002,1.26489,4.22,1
24.08.2021 00:11:02.516,1.2650000000000001,1.26488,1.1,1
24.08.2021 00:11:15.525,1.26503,1.2649000000000001,1.57,1.31
24.08.2021 00:11:15.626,1.26506,1.2649299999999999,1.95,1
24.08.2021 00:11:15.727,1.2650700000000001,1.26494,1.12,1
24.08.2021 00:11:15.829,1.26509,1.2649700000000001,1,2.32
24.08.2021 00:11:15.930,1.26508,1.2649700000000001,3.45,1
24.08.2021 00:11:16.031,1.26509,1.26496,3.47,1
24.08.2021 00:11:16.182,1.26509,1.26496,3.45,1
24.08.2021 00:11:18.103,1.26515,1.26502,1.1,1
24.08.2021 00:11:18.205,1.26516,1.26502,4.8,1
24.08.2021 00:11:19.513,1.26515,1.26503,1.2,1
24.08.2021 00:11:30.745,1.26514,1.26503,1,1
24.08.2021 00:11:36.022,1.26508,1.26498,1,1
24.08.2021 00:11:36.123,1.26508,1.26495,1,1.57
24.08.2021 00:11:36.174,1.2651100000000002,1.2650000000000001,1.6,1
24.08.2021 00:11:36.276,1.2651200000000002,1.26498,1.57,1
24.08.2021 00:11:36.428,1.2651100000000002,1.26499,1,1
24.08.2021 00:11:36.783,1.2651100000000002,1.2650100000000002,1,1
24.08.2021 00:11:36.885,1.26514,1.2650000000000001,1.57,1
24.08.2021 00:11:36.987,1.26513,1.2650000000000001,1,1
24.08.2021 00:11:37.089,1.2651200000000002,1.26502,1,1
24.08.2021 00:11:37.292,1.2651100000000002,1.2650100000000002,1,1
24.08.2021 00:11:37.443,1.26513,1.2650000000000001,1,1
24.08.2021 00:11:38.910,1.2651100000000002,1.2650000000000001,1.87,1
24.08.2021 00:11:39.011,1.2651100000000002,1.26499,1,1
24.08.2021 00:11:45.512,1.2651200000000002,1.26499,1.12,1
24.08.2021 00:11:46.983,1.2651000000000001,1.26498,1,1
24.08.2021 00:11:51.866,1.26509,1.26498,1,1.1
24.08.2021 00:11:51.967,1.2650700000000001,1.2649700000000001,1,1
24.08.2021 00:11:52.474,1.26508,1.26495,1.5,1
24.08.2021 00:12:04.451,1.26509,1.26496,1.2,1
24.08.2021 00:12:04.703,1.2651000000000001,1.26496,1.1,1.5
24.08.2021 00:12:05.007,1.26509,1.26498,1,1
24.08.2021 00:12:10.130,1.2651000000000001,1.26498,1.1,1
24.08.2021 00:12:11.403,1.2651100000000002,1.26498,1.1,1
24.08.2021 00:12:20.855,1.26515,1.26504,1.6,1
24.08.2021 00:12:20.956,1.26514,1.26505,1,1
24.08.2021 00:12:22.825,1.2651700000000001,1.26504,1.2,1
24.08.2021 00:12:30.235,1.26515,1.26505,1,1
24.08.2021 00:12:35.438,1.26516,1.26505,1.2,1
24.08.2021 00:12:41.169,1.2651700000000001,1.26504,2.72,1
24.08.2021 00:12:48.159,1.26516,1.26505,1.2,1
24.08.2021 00:12:55.048,1.2651700000000001,1.26506,1.6,1
24.08.2021 00:12:55.393,1.26518,1.2650700000000001,2.1,1
24.08.2021 00:12:55.444,1.2652200000000002,1.2651200000000002,1.57,1
24.08.2021 00:12:55.545,1.26524,1.2651200000000002,2.7,1
24.08.2021 00:13:05.761,1.26525,1.26513,1.1,1
24.08.2021 00:13:06.305,1.2652700000000001,1.26515,1.1,1
24.08.2021 00:13:06.407,1.2653200000000002,1.26519,3.3,1
24.08.2021 00:13:06.660,1.2653100000000002,1.2652100000000002,1.6,1
24.08.2021 00:13:06.761,1.2653200000000002,1.2652,1.1,1
24.08.2021 00:13:11.955,1.26533,1.2652100000000002,1.1,1
24.08.2021 00:13:12.056,1.26533,1.2652200000000002,1.2,1
24.08.2021 00:13:12.158,1.26538,1.26526,1.6,1
24.08.2021 00:13:12.209,1.2654,1.2652700000000001,2.1,1
24.08.2021 00:13:12.461,1.2654100000000001,1.26528,1.22,1
24.08.2021 00:13:12.562,1.2654100000000001,1.26528,1.2,1
24.08.2021 00:13:13.840,1.2654,1.26529,1.22,1
24.08.2021 00:13:17.000,1.2654,1.26528,1.22,1
24.08.2021 00:13:23.725,1.26539,1.26526,1.1,1
24.08.2021 00:13:32.437,1.2653200000000002,1.2652200000000002,1,1.5
24.08.2021 00:13:32.589,1.2653200000000002,1.2652200000000002,1.6,1
24.08.2021 00:13:32.690,1.2653,1.2651700000000001,1.1,1.5
24.08.2021 00:13:52.121,1.26529,1.26516,1,1.2
24.08.2021 00:13:58.061,1.2652700000000001,1.26516,1,1.57
24.08.2021 00:14:05.936,1.26529,1.26516,1,2.7
24.08.2021 00:14:06.038,1.2653100000000002,1.2651700000000001,1.1,1.1
24.08.2021 00:14:07.767,1.26529,1.26518,1.1,1
24.08.2021 00:14:19.582,1.2653100000000002,1.2652,2.72,1
24.08.2021 00:14:19.684,1.2653,1.2652,1.22,1
24.08.2021 00:14:41.576,1.26526,1.26514,3.6,1
24.08.2021 00:14:41.678,1.26524,1.26513,1.2,1
24.08.2021 00:14:41.931,1.26524,1.2651200000000002,1.2,1
24.08.2021 00:14:42.033,1.26523,1.26513,1.22,1
24.08.2021 00:14:46.472,1.26524,1.26514,1.22,1
24.08.2021 00:15:06.048,1.26524,1.2651200000000002,1.22,1
24.08.2021 00:15:13.197,1.26525,1.2651200000000002,1.6,1
24.08.2021 00:15:32.679,1.26525,1.26514,1.6,1
24.08.2021 00:15:36.314,1.26525,1.26513,2.1,1
24.08.2021 00:15:43.810,1.26525,1.26513,1.1,1
24.08.2021 00:15:43.980,1.26525,1.26513,1.1,1
24.08.2021 00:15:58.052,1.2652700000000001,1.26518,1,1
24.08.2021 00:15:58.104,1.2653,1.2652,1,1
24.08.2021 00:15:58.154,1.2653200000000002,1.2652200000000002,1.97,1
24.08.2021 00:15:58.256,1.2653400000000001,1.2652200000000002,1.3,1
24.08.2021 00:15:59.293,1.2653200000000002,1.2652200000000002,1.2,1
24.08.2021 00:16:00.455,1.26533,1.2652200000000002,1.2,1
24.08.2021 00:16:05.173,1.26533,1.26519,1.1,1.57
24.08.2021 00:16:05.417,1.2653200000000002,1.26519,1.1,1
24.08.2021 00:16:09.745,1.26533,1.26523,1.6,1
24.08.2021 00:16:09.796,1.26536,1.26523,2.85,1
24.08.2021 00:16:18.523,1.26535,1.2652100000000002,1.22,1
24.08.2021 00:16:29.569,1.2653400000000001,1.2652,2.85,1
24.08.2021 00:16:29.865,1.2653400000000001,1.2652,2.1,1
24.08.2021 00:16:32.154,1.26533,1.26519,1.22,1
24.08.2021 00:16:32.205,1.2653400000000001,1.26524,1.6,1
24.08.2021 00:16:32.257,1.26537,1.26525,1.1,1
24.08.2021 00:16:32.359,1.2654,1.26526,2.85,1
24.08.2021 00:16:32.562,1.26539,1.26524,1.97,1.57
24.08.2021 00:16:34.368,1.26539,1.26525,1.6,1
24.08.2021 00:16:34.469,1.2654,1.26526,1.97,1
24.08.2021 00:16:34.570,1.2654,1.26525,3.47,1
24.08.2021 00:16:39.972,1.2654,1.26526,1.22,1
24.08.2021 00:16:43.535,1.2654,1.26526,1.2,1.1
24.08.2021 00:16:43.750,1.2654100000000001,1.26528,1.22,1
24.08.2021 00:17:01.324,1.2654100000000001,1.26528,1.22,1
24.08.2021 00:17:08.981,1.2654400000000001,1.2653400000000001,1.1,1
24.08.2021 00:17:09.083,1.26547,1.26535,1.1,1
24.08.2021 00:17:11.140,1.26547,1.26536,1.22,1
24.08.2021 00:17:13.954,1.26549,1.26537,2.85,1
24.08.2021 00:17:15.279,1.2655100000000001,1.26536,2.85,1
24.08.2021 00:17:19.122,1.2655100000000001,1.26537,1.1,1
24.08.2021 00:17:21.248,1.2655200000000002,1.26537,1.22,1.1
24.08.2021 00:17:21.501,1.26555,1.26543,3.67,1
24.08.2021 00:17:22.901,1.26556,1.2654200000000002,1.6,1
24.08.2021 00:17:29.288,1.26557,1.26543,1.97,1
24.08.2021 00:17:29.490,1.26554,1.2654100000000001,1,1.57
24.08.2021 00:17:29.647,1.26549,1.2654200000000002,1,1.1
24.08.2021 00:17:29.698,1.26547,1.26535,1,1.57
24.08.2021 00:17:29.799,1.26546,1.26533,1,1.57
24.08.2021 00:17:30.001,1.26545,1.26533,1.57,1.95
24.08.2021 00:17:32.461,1.2654400000000001,1.2653200000000002,1,1
24.08.2021 00:17:39.341,1.26546,1.2653200000000002,1.1,1.57
24.08.2021 00:17:39.442,1.26545,1.26533,1,1.6
24.08.2021 00:17:39.543,1.26546,1.2653200000000002,1.1,1.57
24.08.2021 00:17:41.424,1.26545,1.2653400000000001,1.1,1
24.08.2021 00:17:54.806,1.2654400000000001,1.26533,1,1
24.08.2021 00:17:54.856,1.2654100000000001,1.2653100000000002,1,1
24.08.2021 00:17:54.958,1.2654100000000001,1.2653,1,1.57
24.08.2021 00:17:55.819,1.26543,1.2653100000000002,1,1
24.08.2021 00:17:59.637,1.2654400000000001,1.2653100000000002,1.1,1.5
24.08.2021 00:18:00.724,1.2654100000000001,1.26528,1.57,1
24.08.2021 00:18:09.117,1.26545,1.2653200000000002,1.57,1
24.08.2021 00:18:18.738,1.26546,1.26535,1.1,1
24.08.2021 00:18:27.059,1.26547,1.2653400000000001,1.1,1
24.08.2021 00:19:16.802,1.26547,1.26536,1.2,1
24.08.2021 00:19:26.451,1.26549,1.26536,1.1,1
24.08.2021 00:19:26.553,1.2655,1.26537,1.2,1.5
24.08.2021 00:20:22.496,1.26548,1.26537,1,1.69
24.08.2021 00:20:26.307,1.26547,1.26536,1,1
24.08.2021 00:20:26.408,1.26547,1.2653400000000001,2.7,1.5
24.08.2021 00:20:26.509,1.26546,1.2653200000000002,3.45,1.5
24.08.2021 00:20:26.560,1.2654400000000001,1.2653100000000002,1,1.57
24.08.2021 00:20:29.096,1.26547,1.26533,1.57,1.5
24.08.2021 00:20:42.560,1.26546,1.26533,1,1
24.08.2021 00:20:43.623,1.2654400000000001,1.26533,1,1.57
24.08.2021 00:20:43.953,1.26546,1.26533,1,1
24.08.2021 00:20:50.228,1.26548,1.26536,1,1.5
24.08.2021 00:20:50.330,1.26549,1.26536,1,1.5
24.08.2021 00:20:53.836,1.26547,1.26536,1,1
24.08.2021 00:21:03.974,1.26549,1.26535,1.95,1.5
24.08.2021 00:21:22.393,1.26549,1.26537,1,1
24.08.2021 00:21:22.767,1.26548,1.26536,1,1
24.08.2021 00:21:24.562,1.26548,1.26537,1,1
24.08.2021 00:21:25.861,1.26547,1.26537,1,1
24.08.2021 00:21:30.595,1.26549,1.26536,1.95,1.5
24.08.2021 00:21:31.138,1.26549,1.2654,1,1
24.08.2021 00:21:31.188,1.2655100000000001,1.2654100000000001,1,1
24.08.2021 00:21:31.340,1.26553,1.2654,1.87,1.5
24.08.2021 00:21:36.115,1.2655200000000002,1.2654200000000002,1.5,1
24.08.2021 00:21:36.217,1.26554,1.2654200000000002,1,1
24.08.2021 00:21:36.775,1.26554,1.26543,1.87,1.5
24.08.2021 00:21:36.974,1.26554,1.2654200000000002,1,1.5
24.08.2021 00:21:40.612,1.26555,1.2654200000000002,1.87,1.5
24.08.2021 00:21:40.713,1.26555,1.2654400000000001,1.5,1.5
24.08.2021 00:21:40.915,1.26556,1.2654400000000001,1,1
24.08.2021 00:21:56.636,1.26556,1.26543,1.5,1.5
24.08.2021 00:22:11.767,1.26555,1.26543,1,1
24.08.2021 00:22:19.520,1.26556,1.26543,1.57,1
24.08.2021 00:22:19.571,1.2656100000000001,1.26548,2.8,1
24.08.2021 00:22:19.672,1.2656100000000001,1.26549,1.95,1
24.08.2021 00:22:19.773,1.2656100000000001,1.2655,1.1,1
24.08.2021 00:22:21.053,1.2656100000000001,1.26549,1,1
24.08.2021 00:22:34.161,1.2656200000000002,1.26549,1,1.57
24.08.2021 00:22:57.462,1.26563,1.2655,1,1
24.08.2021 00:24:17.456,1.26557,1.26548,1,1.1
24.08.2021 00:24:17.507,1.26556,1.26543,1,1.6
24.08.2021 00:24:31.517,1.26556,1.2654400000000001,1,1.6
24.08.2021 00:24:41.053,1.2656200000000002,1.26548,1.57,1.57
24.08.2021 00:24:41.154,1.2656100000000001,1.26548,1,1.1
24.08.2021 00:24:41.255,1.2656100000000001,1.26548,1,1.1
24.08.2021 00:24:41.384,1.2656,1.26549,1,1.1
24.08.2021 00:24:44.019,1.2656200000000002,1.26548,1,1.57
24.08.2021 00:24:44.120,1.2656200000000002,1.26548,1,1.6
24.08.2021 00:24:44.222,1.2656,1.26549,1,1.1
24.08.2021 00:24:46.056,1.2656100000000001,1.26548,1,1.1
24.08.2021 00:24:46.600,1.2656200000000002,1.26548,1,1.6
24.08.2021 00:24:46.752,1.2656,1.26549,1,1.22
24.08.2021 00:24:46.853,1.2656100000000001,1.26548,1,1.2
24.08.2021 00:24:47.134,1.2656100000000001,1.26548,1,1.22
24.08.2021 00:24:47.514,1.2656100000000001,1.26548,1,1.1
24.08.2021 00:24:51.766,1.2656100000000001,1.26549,1,1.97
24.08.2021 00:24:51.917,1.2656100000000001,1.26549,1,2.72
24.08.2021 00:24:53.288,1.2656200000000002,1.2655,1,1.1
24.08.2021 00:24:58.619,1.2656200000000002,1.2655,1,1.1
24.08.2021 00:24:58.801,1.2656200000000002,1.2655,1,1.1
24.08.2021 00:25:03.180,1.2656100000000001,1.2655,1,1.1
24.08.2021 00:25:03.534,1.2656100000000001,1.2655,1,1.1
24.08.2021 00:25:03.635,1.2656200000000002,1.2655,1,1.6
24.08.2021 00:25:04.145,1.2656200000000002,1.26549,1.5,2.82
24.08.2021 00:25:04.196,1.2656,1.26548,1.5,1.65
24.08.2021 00:25:04.298,1.26557,1.2654400000000001,1,1.79
24.08.2021 00:25:04.399,1.26554,1.2654400000000001,1,2.99
24.08.2021 00:25:04.500,1.26554,1.2654400000000001,1,1.01
24.08.2021 00:25:04.601,1.26556,1.26545,1,2.54
24.08.2021 00:25:10.784,1.2656,1.26547,1.5,1.1
24.08.2021 00:25:12.675,1.26558,1.26548,1,1
24.08.2021 00:25:16.273,1.26559,1.26548,1.87,1
24.08.2021 00:25:19.176,1.26557,1.26545,1.5,1.1
24.08.2021 00:25:19.278,1.26556,1.26545,1,1.1
24.08.2021 00:25:26.462,1.2656100000000001,1.26548,3.37,1
24.08.2021 00:25:26.665,1.2656,1.26548,1,1
24.08.2021 00:25:28.272,1.26559,1.26546,1,1.1
24.08.2021 00:25:35.334,1.2656100000000001,1.26548,2.25,1
24.08.2021 00:25:35.435,1.2656,1.26548,1,1
24.08.2021 00:25:35.537,1.2656,1.26547,2.25,1.1
24.08.2021 00:25:35.638,1.26559,1.26547,1,1.1
24.08.2021 00:25:36.314,1.2656,1.26548,1,1.1
24.08.2021 00:25:36.465,1.2656100000000001,1.26548,3,1.1
24.08.2021 00:25:36.567,1.2656,1.26548,1,1.1
24.08.2021 00:25:36.668,1.2656,1.26547,2.25,1.1
24.08.2021 00:25:37.429,1.2656,1.26549,2.25,1.1
24.08.2021 00:25:39.734,1.2656,1.26548,1,1.1
24.08.2021 00:25:45.653,1.26559,1.26546,1,1.1
24.08.2021 00:25:45.754,1.2656,1.26547,1.5,1.1
24.08.2021 00:25:45.956,1.26559,1.26549,1,1
24.08.2021 00:25:46.057,1.26559,1.26548,1.5,2.7
24.08.2021 00:25:46.158,1.2656,1.26547,1,2.16
24.08.2021 00:25:46.360,1.2656,1.26549,1,1
24.08.2021 00:25:46.461,1.2656,1.26548,1,1.1
24.08.2021 00:25:46.664,1.2656,1.26549,1.5,1.1
24.08.2021 00:25:50.338,1.26559,1.26548,1,1.35
24.08.2021 00:25:50.621,1.2656100000000001,1.26548,2.25,1.1
24.08.2021 00:25:51.915,1.2656,1.26548,1,1
24.08.2021 00:25:53.598,1.2656,1.26547,1.5,1.01
24.08.2021 00:26:05.623,1.26558,1.26548,1,1.01
24.08.2021 00:26:07.129,1.26559,1.26547,1,1.35
24.08.2021 00:26:08.068,1.2656,1.26547,1.5,1.41
24.08.2021 00:26:11.605,1.2656200000000002,1.2655,1,1.1
24.08.2021 00:26:11.808,1.2656,1.2655100000000001,1,1
24.08.2021 00:26:17.411,1.26567,1.26558,4.25,1
24.08.2021 00:26:17.512,1.26569,1.26557,1.12,1.1
24.08.2021 00:26:17.614,1.2657,1.26557,1,1.1
24.08.2021 00:26:17.715,1.26569,1.2656,1,1
24.08.2021 00:26:28.832,1.26569,1.26559,1,1.1
24.08.2021 00:26:42.927,1.26566,1.26555,1,1.1
24.08.2021 00:26:43.028,1.26564,1.2655200000000002,1,1.1
24.08.2021 00:26:43.129,1.26563,1.2655,1,1.1
24.08.2021 00:26:43.331,1.2656100000000001,1.2655100000000001,1,1.1
24.08.2021 00:26:44.153,1.2656200000000002,1.2655100000000001,1,1.1
24.08.2021 00:26:51.870,1.2656200000000002,1.2655100000000001,1,1.1
24.08.2021 00:26:54.075,1.2656100000000001,1.2655,1,1.79
24.08.2021 00:27:25.109,1.2656200000000002,1.26549,1.5,1.57
24.08.2021 00:27:25.210,1.2656100000000001,1.26548,1,1.6
24.08.2021 00:27:28.936,1.26557,1.26546,1,1.79
24.08.2021 00:27:29.037,1.26557,1.26546,1,1.57
24.08.2021 00:27:32.192,1.26557,1.2654400000000001,1,1.1
24.08.2021 00:27:33.952,1.26555,1.2654200000000002,1,1.57
24.08.2021 00:27:34.054,1.26558,1.26547,1,3.1
24.08.2021 00:27:34.104,1.2656100000000001,1.26547,1.5,1.79
24.08.2021 00:27:39.080,1.2656,1.26547,1,1.79
24.08.2021 00:27:39.193,1.2656100000000001,1.26547,1.5,1.79
24.08.2021 00:27:39.294,1.2656,1.26547,1,1.79
24.08.2021 00:27:40.028,1.2656100000000001,1.26547,1.5,1.79
24.08.2021 00:27:47.999,1.2656100000000001,1.26548,1,1.1
24.08.2021 00:27:51.434,1.26564,1.2655,1.87,2.35
24.08.2021 00:27:51.484,1.2656200000000002,1.2655,1,1.1
24.08.2021 00:27:54.285,1.2656200000000002,1.2655,1,1.1
24.08.2021 00:28:06.954,1.2656100000000001,1.26549,1,1
24.08.2021 00:28:19.117,1.2656100000000001,1.2655,1,1.1
24.08.2021 00:28:35.303,1.2656100000000001,1.2655200000000002,1,1
24.08.2021 00:28:38.690,1.2656200000000002,1.2655200000000002,1,1
24.08.2021 00:28:38.792,1.2656200000000002,1.2655100000000001,1,1
24.08.2021 00:28:40.947,1.2656200000000002,1.2655,1,1.1
24.08.2021 00:28:44.213,1.2656100000000001,1.2655,1,1.1
24.08.2021 00:28:47.437,1.26564,1.26554,1,1
24.08.2021 00:28:47.488,1.26564,1.2655200000000002,1,2.25
24.08.2021 00:28:47.589,1.2656200000000002,1.26553,1,1
24.08.2021 00:28:47.691,1.2656200000000002,1.2655200000000002,1,1.1
24.08.2021 00:28:49.070,1.26563,1.26549,1.5,2.16
24.08.2021 00:28:49.187,1.2656200000000002,1.26549,1,1.41
24.08.2021 00:28:55.198,1.2656200000000002,1.2655,1,2.01
24.08.2021 00:28:55.299,1.26564,1.26554,1,1
24.08.2021 00:29:01.777,1.2656200000000002,1.26549,1,2.67
24.08.2021 00:29:02.030,1.2656200000000002,1.26554,1,1.5
24.08.2021 00:29:02.081,1.26566,1.26554,1,1.5
24.08.2021 00:29:02.182,1.2656500000000002,1.26554,1,1
24.08.2021 00:29:03.269,1.2656500000000002,1.26553,1,1
24.08.2021 00:29:08.669,1.2656500000000002,1.26554,1,1
24.08.2021 00:29:08.842,1.26566,1.26554,1,1.5
24.08.2021 00:29:09.044,1.2656500000000002,1.26554,1,1.5
24.08.2021 00:29:11.070,1.26564,1.2655100000000001,1,2.51
24.08.2021 00:29:11.121,1.2656100000000001,1.2655100000000001,1,1.47
24.08.2021 00:29:14.447,1.2656200000000002,1.2655,1,1.01
24.08.2021 00:29:15.812,1.2656100000000001,1.2655,1,1.01
24.08.2021 00:29:18.640,1.2656200000000002,1.2655100000000001,1,1
24.08.2021 00:29:27.035,1.26567,1.26554,3.82,3.5
24.08.2021 00:29:27.157,1.2656500000000002,1.26555,1,2.75
24.08.2021 00:29:27.573,1.26563,1.2655200000000002,1,1
24.08.2021 00:29:27.674,1.2656200000000002,1.2655,1,2.27
24.08.2021 00:29:29.837,1.2656500000000002,1.2655200000000002,1.5,1.76
24.08.2021 00:29:33.569,1.26564,1.26554,1,1.1
24.08.2021 00:29:42.698,1.2656500000000002,1.26554,1,1
24.08.2021 00:29:43.088,1.2656500000000002,1.26553,1,1
24.08.2021 00:29:45.067,1.2656500000000002,1.26554,1,1
24.08.2021 00:29:45.933,1.26564,1.26554,1,1
24.08.2021 00:30:00.253,1.2656500000000002,1.26554,1,1
24.08.2021 00:30:00.709,1.2656200000000002,1.2655100000000001,1,1.1
24.08.2021 00:30:00.911,1.2656100000000001,1.2655,1,1
24.08.2021 00:30:02.606,1.2656100000000001,1.26549,1,1
24.08.2021 00:30:02.824,1.2656,1.2655100000000001,1,1
24.08.2021 00:30:15.933,1.2656200000000002,1.2655,1,1
24.08.2021 00:30:35.094,1.26563,1.2655,1.57,1.1
24.08.2021 00:30:36.541,1.26563,1.2655,1.6,1
24.08.2021 00:30:37.887,1.26563,1.2655,1.57,1.1
24.08.2021 00:30:38.056,1.26563,1.2655,1.6,1
24.08.2021 00:30:41.974,1.26564,1.26554,1,1.5
24.08.2021 00:30:42.025,1.26566,1.26554,2.32,1
24.08.2021 00:30:42.076,1.2656500000000002,1.2655200000000002,1.1,3.07
24.08.2021 00:31:04.110,1.2656200000000002,1.2655,1,1.01
24.08.2021 00:31:05.773,1.26563,1.2655100000000001,1,1.01
24.08.2021 00:31:06.416,1.2656200000000002,1.2655,1,1.35
24.08.2021 00:31:06.579,1.2656200000000002,1.2655,1,1.01
24.08.2021 00:31:09.896,1.2656100000000001,1.2655,1,1
24.08.2021 00:31:18.163,1.2656200000000002,1.2655,1.1,1
24.08.2021 00:31:26.781,1.2656100000000001,1.2655,1.57,1.57
24.08.2021 00:31:26.882,1.2656200000000002,1.26548,1.6,2.14
24.08.2021 00:31:31.684,1.2656200000000002,1.26548,1.57,1.79
24.08.2021 00:31:44.091,1.2656,1.26548,1,1.1
24.08.2021 00:31:56.933,1.2656,1.26549,1.1,1.1
24.08.2021 00:31:59.760,1.2656200000000002,1.26548,1.57,2.35
24.08.2021 00:33:26.906,1.2656200000000002,1.26548,1.5,1.25
24.08.2021 00:33:39.188,1.2656200000000002,1.26548,1.5,1.75
24.08.2021 00:33:54.445,1.2656200000000002,1.26548,1.5,1
24.08.2021 00:34:12.685,1.26559,1.26546,1.22,1
24.08.2021 00:34:12.937,1.26557,1.2654400000000001,1,1.1
24.08.2021 00:34:17.337,1.26557,1.26546,2.32,1.2
24.08.2021 00:34:17.438,1.26559,1.26546,1,2.91
24.08.2021 00:34:17.589,1.2656100000000001,1.26549,1.57,1
24.08.2021 00:34:19.252,1.2656100000000001,1.26547,1.57,1.35
24.08.2021 00:34:21.258,1.26559,1.26546,1,1.87
24.08.2021 00:34:45.992,1.2656,1.26547,1,1.79
24.08.2021 00:34:48.674,1.2656,1.26548,1.57,1.79
24.08.2021 00:34:50.023,1.2656,1.26548,1.57,1
24.08.2021 00:35:01.632,1.26559,1.26545,1.2,3.15
24.08.2021 00:35:04.637,1.2656100000000001,1.26548,1.1,1
24.08.2021 00:35:26.216,1.26557,1.2654400000000001,1,2.4
24.08.2021 00:35:26.317,1.26555,1.26545,1,1.27
24.08.2021 00:35:26.748,1.26555,1.2654400000000001,1,2.89
24.08.2021 00:35:27.249,1.26556,1.26545,1,1
24.08.2021 00:35:27.363,1.26556,1.26545,1,1.82
24.08.2021 00:35:35.554,1.26554,1.26543,1,1.1
24.08.2021 00:35:35.655,1.26555,1.2654200000000002,1,2.54
24.08.2021 00:35:35.757,1.26555,1.26543,1.57,1.79
24.08.2021 00:35:37.978,1.26554,1.2654100000000001,1,1.97
24.08.2021 00:35:38.129,1.26555,1.2654100000000001,1.5,1.97
24.08.2021 00:35:38.230,1.26556,1.2654200000000002,1.57,1.35
24.08.2021 00:35:40.994,1.26554,1.2654200000000002,1,1.35
24.08.2021 00:35:41.197,1.26554,1.2654200000000002,1,1.97
24.08.2021 00:35:42.982,1.26556,1.2654400000000001,1.5,1.1
24.08.2021 00:35:43.083,1.26557,1.26543,1.5,1.1
24.08.2021 00:35:46.356,1.26555,1.2654200000000002,1,1.35
24.08.2021 00:35:46.457,1.26556,1.2654200000000002,1.57,1.79
24.08.2021 00:35:51.638,1.26555,1.2654100000000001,1.5,1.85
24.08.2021 00:35:55.248,1.26556,1.2654200000000002,1,2.35
24.08.2021 00:35:57.463,1.26557,1.26543,1.5,1.41
24.08.2021 00:36:01.439,1.26557,1.26543,1,4.11
24.08.2021 00:36:01.489,1.26557,1.26543,1.5,1.65
24.08.2021 00:36:01.591,1.26559,1.26548,1.1,1.1
24.08.2021 00:36:01.693,1.26559,1.26546,1,2.97
24.08.2021 00:36:01.946,1.2656,1.26547,1,1.35
24.08.2021 00:36:10.047,1.2656,1.26549,1.1,1.1
24.08.2021 00:36:10.428,1.2656100000000001,1.26553,1,1
24.08.2021 00:36:10.479,1.2656500000000002,1.26554,1,1.57
24.08.2021 00:36:10.530,1.26568,1.26555,1.1,1.1
24.08.2021 00:36:10.631,1.26569,1.26556,1.57,1.1
24.08.2021 00:36:10.783,1.26569,1.26555,1.6,1.1
24.08.2021 00:36:10.992,1.26569,1.26555,1.57,1.35
24.08.2021 00:36:18.304,1.2657,1.26559,1.1,1
24.08.2021 00:36:18.406,1.2657,1.26557,1.5,1.41
24.08.2021 00:36:18.507,1.26569,1.26557,1.1,1
24.08.2021 00:36:19.996,1.26566,1.26555,1.5,1.2
24.08.2021 00:36:20.097,1.26567,1.26553,1.57,1
24.08.2021 00:36:22.248,1.26567,1.26554,1,1
24.08.2021 00:36:22.349,1.2656500000000002,1.2655200000000002,1,1.2
24.08.2021 00:36:22.450,1.2656500000000002,1.2655100000000001,1.5,1.1
24.08.2021 00:36:46.370,1.26564,1.2655,1,1.1
24.08.2021 00:37:31.643,1.26563,1.26549,2.7,1
24.08.2021 00:38:12.482,1.2656100000000001,1.26548,1,2.54
24.08.2021 00:38:23.642,1.2656100000000001,1.26548,1,1.57
24.08.2021 00:38:36.630,1.2656,1.26549,1,1.35
24.08.2021 00:38:39.473,1.2656200000000002,1.26549,1,1.1
24.08.2021 00:38:47.971,1.2656200000000002,1.26549,1,1.1
24.08.2021 00:39:03.787,1.2656,1.26548,1,3.17
24.08.2021 00:39:03.888,1.26558,1.26547,1,1.2
24.08.2021 00:39:03.989,1.26558,1.2654400000000001,1,4.86
24.08.2021 00:39:04.040,1.26556,1.2654400000000001,1,1.57
24.08.2021 00:39:04.141,1.26555,1.2654400000000001,1,1.2
24.08.2021 00:39:04.192,1.26554,1.2654200000000002,1,3.36
24.08.2021 00:39:04.344,1.26553,1.2654100000000001,1,1.84
24.08.2021 00:39:06.320,1.26555,1.2654,1,4.11
24.08.2021 00:39:13.020,1.26555,1.2654100000000001,1,1.85
24.08.2021 00:39:13.254,1.26555,1.2654100000000001,1,1.35
24.08.2021 00:39:22.881,1.26553,1.26539,1,2.91
24.08.2021 00:39:29.376,1.26554,1.2654,1,1.6
24.08.2021 00:39:30.107,1.2655200000000002,1.2654100000000001,1,1.41
24.08.2021 00:39:34.756,1.26553,1.2654100000000001,1,1.35
24.08.2021 00:39:35.612,1.26556,1.2654200000000002,1,1.1
24.08.2021 00:39:44.697,1.26557,1.26545,1,3.47
24.08.2021 00:39:44.799,1.26554,1.2654200000000002,1,1.79
24.08.2021 00:39:45.152,1.26554,1.2654200000000002,1,1.79
24.08.2021 00:39:45.935,1.26553,1.2654,1,1.35
24.08.2021 00:39:46.146,1.26553,1.2654,1,1.85
24.08.2021 00:39:52.540,1.26554,1.2654,1,2.6
24.08.2021 00:39:53.351,1.26553,1.2654,1,1.85
24.08.2021 00:39:55.914,1.26554,1.2654,1,1.79
24.08.2021 00:39:56.015,1.26555,1.2654,1.1,2.54
24.08.2021 00:39:58.421,1.26555,1.2654100000000001,1,1.1
24.08.2021 00:40:03.285,1.26554,1.2654100000000001,1.5,2.54
24.08.2021 00:40:03.489,1.26555,1.2654,1,2.91
24.08.2021 00:40:04.795,1.26553,1.2654,1,2.91
24.08.2021 00:40:20.744,1.26554,1.2654,1,2.91
24.08.2021 00:40:22.055,1.26555,1.2654,1.1,2.91
24.08.2021 00:40:22.157,1.26553,1.2654,1,1.79
24.08.2021 00:40:22.208,1.26554,1.2654100000000001,1,2.54
24.08.2021 00:40:30.736,1.26557,1.26547,1,1.76
24.08.2021 00:40:30.787,1.2656,1.26547,1,1.2
24.08.2021 00:40:33.813,1.26556,1.26547,1,1.5
24.08.2021 00:40:33.914,1.26557,1.26545,1,1
24.08.2021 00:40:34.015,1.26556,1.26543,1,1.57
24.08.2021 00:40:34.116,1.26556,1.26543,1,1.79
24.08.2021 00:40:34.217,1.26556,1.2654200000000002,1,1.79
24.08.2021 00:40:34.268,1.26554,1.2654100000000001,1,2.29
24.08.2021 00:40:34.369,1.26554,1.2654100000000001,1,2.29
24.08.2021 00:40:37.419,1.26554,1.2654100000000001,1,1.76
24.08.2021 00:41:00.688,1.26554,1.2654100000000001,1,1.6
24.08.2021 00:41:02.287,1.26554,1.2654100000000001,1,1.57
24.08.2021 00:41:04.567,1.26553,1.2654,1,1.1
24.08.2021 00:41:12.303,1.26548,1.26538,1,1.6
24.08.2021 00:41:12.404,1.26549,1.26537,1,1.95
24.08.2021 00:41:12.556,1.26548,1.26537,1,1
24.08.2021 00:41:13.208,1.26548,1.26536,1,1.1
24.08.2021 00:41:18.761,1.26548,1.26535,1,1.57
24.08.2021 00:41:21.665,1.26548,1.26536,1,1
24.08.2021 00:41:21.910,1.2655200000000002,1.26539,1,1.1
24.08.2021 00:41:22.941,1.2655100000000001,1.26539,1,1.1
24.08.2021 00:41:25.922,1.2655100000000001,1.2654,1,1.1
24.08.2021 00:41:27.293,1.2655200000000002,1.26539,1,1.6
24.08.2021 00:41:30.707,1.2655100000000001,1.26539,1,1.1
24.08.2021 00:41:31.096,1.2655200000000002,1.26539,1,1.1
24.08.2021 00:41:31.255,1.2655200000000002,1.26539,1,1.1
24.08.2021 00:41:46.988,1.2655200000000002,1.2654100000000001,1,1.35
24.08.2021 00:41:50.179,1.26554,1.2654100000000001,1,1.6
24.08.2021 00:41:50.376,1.26553,1.2654200000000002,1,1.57
24.08.2021 00:41:56.462,1.26554,1.2654100000000001,1,1.6
24.08.2021 00:42:06.929,1.26554,1.2654100000000001,1,1.57
24.08.2021 00:42:09.030,1.26554,1.2654100000000001,1,1.6
24.08.2021 00:42:10.513,1.26553,1.2654100000000001,1,1.1
24.08.2021 00:42:29.510,1.2655200000000002,1.2654,1,1.1
24.08.2021 00:42:29.912,1.2655200000000002,1.2654100000000001,1,1
24.08.2021 00:42:36.842,1.2655200000000002,1.2654,1,1.1
24.08.2021 00:42:42.872,1.2655200000000002,1.2654100000000001,1,1
24.08.2021 00:42:43.024,1.2655200000000002,1.2654200000000002,1,1.57
24.08.2021 00:42:43.858,1.26557,1.26547,1,2.95
24.08.2021 00:42:43.909,1.2656,1.2655,1,1
24.08.2021 00:42:44.010,1.26564,1.2655100000000001,1,2.51
24.08.2021 00:42:44.111,1.26563,1.2655100000000001,1,1
24.08.2021 00:42:44.212,1.2656100000000001,1.2655,1,1
24.08.2021 00:42:44.898,1.2656200000000002,1.2655,1,1.1
24.08.2021 00:42:45.137,1.2656100000000001,1.2655,1,1.1
24.08.2021 00:42:46.086,1.2656100000000001,1.26549,1,1.57
24.08.2021 00:42:50.668,1.2656100000000001,1.2655,1,1
24.08.2021 00:42:50.820,1.2656100000000001,1.26549,1,2.02
24.08.2021 00:42:50.921,1.2656100000000001,1.2655,1,1
24.08.2021 00:42:51.981,1.2656,1.2655,1,2.77
24.08.2021 00:42:52.082,1.2656100000000001,1.2655,1,1
24.08.2021 00:42:53.320,1.2656100000000001,1.26549,1,1.1
24.08.2021 00:42:53.522,1.2656,1.2655100000000001,1,1
24.08.2021 00:42:55.849,1.2656100000000001,1.26549,1,1.57
24.08.2021 00:42:55.951,1.2656100000000001,1.2655,1,1
24.08.2021 00:42:56.160,1.2656,1.2655,1,1.57
24.08.2021 00:42:56.261,1.2656200000000002,1.2655100000000001,1,1.57
24.08.2021 00:42:56.363,1.2656100000000001,1.2655100000000001,1,1.1
24.08.2021 00:42:56.514,1.2656200000000002,1.26549,1,1.57
24.08.2021 00:42:56.666,1.2656100000000001,1.2655100000000001,1,1
24.08.2021 00:42:57.719,1.2656100000000001,1.2655,1,1.57
24.08.2021 00:42:57.921,1.2656200000000002,1.2655,1,1
24.08.2021 00:42:59.540,1.26563,1.2655,1,1.57
24.08.2021 00:43:00.081,1.2656100000000001,1.2655,1,1
24.08.2021 00:43:01.091,1.26563,1.2655,1,1
24.08.2021 00:43:01.298,1.2656,1.2655100000000001,1,1
24.08.2021 00:43:01.450,1.2656100000000001,1.2655,1,1.1
24.08.2021 00:43:01.552,1.2656200000000002,1.2655,1,1.5
24.08.2021 00:43:02.068,1.2656100000000001,1.2655,1,1.57
24.08.2021 00:43:03.257,1.2656100000000001,1.26549,1,1.57
24.08.2021 00:43:04.838,1.2656200000000002,1.2655,1,1.1
24.08.2021 00:43:09.936,1.2656100000000001,1.2655,1,1.95
24.08.2021 00:43:10.118,1.2656100000000001,1.2655100000000001,1,1.1
24.08.2021 00:43:10.972,1.2656100000000001,1.2655,1,1.57
24.08.2021 00:43:11.702,1.2656200000000002,1.2655,1,1.6
24.08.2021 00:43:11.803,1.2656100000000001,1.2655100000000001,1,1.1
24.08.2021 00:43:16.546,1.2656200000000002,1.26549,1,1.57
24.08.2021 00:43:16.708,1.2656200000000002,1.2655,1,1
24.08.2021 00:43:17.052,1.2656200000000002,1.26549,1,1.57
24.08.2021 00:43:17.254,1.2656200000000002,1.2655,1,1
24.08.2021 00:43:18.593,1.2656200000000002,1.2655100000000001,1,1
24.08.2021 00:43:24.373,1.2656100000000001,1.26553,1,1
24.08.2021 00:43:24.579,1.2656200000000002,1.2655100000000001,1,1.5
24.08.2021 00:43:43.627,1.26563,1.2655200000000002,1,1.5
24.08.2021 00:44:02.480,1.26564,1.2655,1,1.57
24.08.2021 00:44:02.581,1.26564,1.2655100000000001,1,1
24.08.2021 00:44:40.932,1.26566,1.26555,1,1
24.08.2021 00:44:41.033,1.26568,1.26554,1.12,2.25
24.08.2021 00:44:49.238,1.26568,1.26555,1,1.1
24.08.2021 00:45:12.215,1.26566,1.26556,1,1
24.08.2021 00:45:16.708,1.2656500000000002,1.26553,1,1
24.08.2021 00:45:16.810,1.26564,1.26553,1,2.77
24.08.2021 00:45:19.660,1.26563,1.26553,1,1
24.08.2021 00:45:19.863,1.26563,1.2655200000000002,1,1.1
24.08.2021 00:45:19.969,1.2656200000000002,1.2655200000000002,1,1
24.08.2021 00:45:20.920,1.2656500000000002,1.2655100000000001,1.1,1
24.08.2021 00:45:21.022,1.26563,1.2655100000000001,1,1.1
24.08.2021 00:45:34.292,1.2656200000000002,1.2655,1,1.5
24.08.2021 00:45:34.412,1.2656200000000002,1.26549,1,1.2
24.08.2021 00:45:38.041,1.2656,1.26548,1,1
24.08.2021 00:45:38.193,1.2656100000000001,1.26548,1,1
24.08.2021 00:45:38.345,1.2656,1.26548,1,1.5
24.08.2021 00:45:41.200,1.26559,1.26547,1,1
24.08.2021 00:45:42.601,1.2656,1.26545,1,1.1
24.08.2021 00:45:44.631,1.2656100000000001,1.26546,1.6,1
24.08.2021 00:45:48.931,1.2656,1.26548,1,1
24.08.2021 00:45:49.137,1.2656,1.26547,1.1,1
24.08.2021 00:45:51.761,1.2656,1.26549,1,1
24.08.2021 00:45:52.121,1.2656,1.26547,1,1.5
24.08.2021 00:45:52.290,1.2656,1.26548,1,1
24.08.2021 00:45:52.702,1.26559,1.26548,1,1.5
24.08.2021 00:46:07.782,1.2656,1.26548,1,1
24.08.2021 00:46:26.630,1.26559,1.26548,1,1
24.08.2021 00:46:32.865,1.2656,1.26548,1,1
24.08.2021 00:46:52.118,1.2656,1.26547,1,1.57
24.08.2021 00:46:52.379,1.26554,1.26545,1,1.57
24.08.2021 00:46:52.430,1.26554,1.2654200000000002,1,1.1
24.08.2021 00:46:52.531,1.26553,1.2654,1,2.02
24.08.2021 00:46:57.693,1.2655200000000002,1.2654,1.1,1.57
24.08.2021 00:46:58.235,1.2655200000000002,1.26539,1,1.57
24.08.2021 00:47:00.728,1.26553,1.26539,1.1,1.57
24.08.2021 00:47:01.709,1.2655100000000001,1.26539,1,1.1
24.08.2021 00:47:09.528,1.26548,1.26536,1,2.02
24.08.2021 00:47:09.731,1.2655,1.26537,1,1
24.08.2021 00:47:09.833,1.26548,1.26536,1,1.95
24.08.2021 00:47:09.985,1.26547,1.26536,1,1.57
24.08.2021 00:47:10.916,1.26547,1.26537,1,1
24.08.2021 00:47:11.069,1.26548,1.26537,1,1
24.08.2021 00:47:11.170,1.26549,1.26537,1,1
24.08.2021 00:47:13.919,1.26547,1.26537,1,1.5
24.08.2021 00:47:14.020,1.26547,1.26538,1,1
24.08.2021 00:47:16.412,1.2655,1.26536,1,1.57
24.08.2021 00:47:22.753,1.2655,1.26537,1.1,1
24.08.2021 00:47:28.995,1.26549,1.26537,1.1,1.5
24.08.2021 00:47:29.096,1.2655,1.26537,1.1,1
24.08.2021 00:47:31.594,1.26547,1.26536,1,1.57
24.08.2021 00:47:31.696,1.26546,1.2653400000000001,1,2.77
24.08.2021 00:47:31.901,1.26545,1.26536,1,1
24.08.2021 00:47:33.332,1.26547,1.26536,1,1.1
24.08.2021 00:47:35.554,1.26549,1.26536,1.1,1
24.08.2021 00:47:39.055,1.2655100000000001,1.26537,1.1,1
24.08.2021 00:47:56.323,1.26547,1.26535,1,1.2
24.08.2021 00:47:56.424,1.26546,1.26533,1,1.6
24.08.2021 00:47:57.246,1.26546,1.26535,1,1.57
24.08.2021 00:47:57.347,1.26547,1.2653400000000001,1,1.6
24.08.2021 00:48:00.580,1.26548,1.26535,1,1.1
24.08.2021 00:48:00.681,1.26548,1.26536,1,1
24.08.2021 00:48:07.158,1.26548,1.26537,1,1.57
24.08.2021 00:48:08.640,1.26549,1.26537,1,1
24.08.2021 00:48:08.844,1.26547,1.26537,1,1.1
24.08.2021 00:48:08.946,1.26548,1.26535,1,1.1
24.08.2021 00:48:18.286,1.26547,1.26535,1,1.57
24.08.2021 00:48:18.389,1.26547,1.2653400000000001,1,1.1
24.08.2021 00:48:26.019,1.26546,1.2653400000000001,1,1.1
24.08.2021 00:48:31.187,1.26546,1.26535,1,1.1
24.08.2021 00:48:32.285,1.26547,1.26535,1,1
24.08.2021 00:48:36.744,1.26547,1.2653400000000001,1,1.57
24.08.2021 00:48:46.487,1.2655200000000002,1.26539,1,1
24.08.2021 00:48:46.588,1.26553,1.26539,1,2.32
24.08.2021 00:48:46.791,1.2655200000000002,1.2654100000000001,1,1.1
24.08.2021 00:48:46.892,1.26553,1.2654100000000001,1,1.57
24.08.2021 00:48:47.132,1.26554,1.2654,1,1.6
24.08.2021 00:48:48.024,1.26554,1.2654,1,1.57
24.08.2021 00:48:48.125,1.26554,1.2654,1,1.6
24.08.2021 00:48:48.226,1.26554,1.2654,1,1.57
24.08.2021 00:48:48.327,1.26554,1.2654,1,1.6
24.08.2021 00:48:48.428,1.26553,1.2654100000000001,1,1.57
24.08.2021 00:48:51.100,1.26554,1.2654100000000001,1,1
24.08.2021 00:48:52.382,1.26554,1.2654,1,1.57
24.08.2021 00:49:01.512,1.26554,1.26543,1,2.97
24.08.2021 00:49:01.613,1.26554,1.26543,1,1.2
24.08.2021 00:49:01.714,1.26554,1.2654400000000001,1,1
24.08.2021 00:49:03.038,1.26555,1.2654400000000001,1,2.32
24.08.2021 00:49:09.943,1.26557,1.26543,1,1.57
24.08.2021 00:49:10.145,1.26556,1.26543,1,1.57
24.08.2021 00:49:10.246,1.26557,1.26543,1,1.57
24.08.2021 00:49:15.710,1.26557,1.2654400000000001,1,1
24.08.2021 00:49:17.621,1.26555,1.26545,1,1
24.08.2021 00:49:17.722,1.26557,1.2654400000000001,1,1
24.08.2021 00:49:22.414,1.26557,1.26545,1.1,1
24.08.2021 00:49:22.516,1.26557,1.2654400000000001,1.1,2.32
24.08.2021 00:49:23.812,1.26558,1.2654400000000001,1.1,1
24.08.2021 00:49:49.430,1.26557,1.2654400000000001,1,1.6
24.08.2021 00:49:49.481,1.2656100000000001,1.26547,1,2.32
24.08.2021 00:49:49.582,1.2656100000000001,1.26548,1,1
24.08.2021 00:49:50.471,1.2656100000000001,1.26547,1,2.32
24.08.2021 00:49:50.916,1.2656100000000001,1.26548,1,2.32
24.08.2021 00:49:51.018,1.2656100000000001,1.26549,1,1
24.08.2021 00:50:04.131,1.2656100000000001,1.26548,1,1.57
24.08.2021 00:50:09.169,1.2656200000000002,1.26548,1,2.32
24.08.2021 00:50:19.464,1.2656200000000002,1.26549,1,1
24.08.2021 00:50:32.151,1.2656200000000002,1.26548,1,3.07
24.08.2021 00:50:34.392,1.2656200000000002,1.26549,1,1
24.08.2021 00:50:50.653,1.2656200000000002,1.26548,1,3.07
24.08.2021 00:50:50.806,1.2656200000000002,1.26549,1,1
24.08.2021 00:50:56.910,1.2656200000000002,1.26548,1,3.07
24.08.2021 00:50:57.061,1.2656100000000001,1.2655,1,1
24.08.2021 00:51:00.552,1.2656100000000001,1.26549,1,2.32
24.08.2021 00:51:00.653,1.2656,1.26549,1,2.32
24.08.2021 00:51:08.112,1.2656100000000001,1.26549,1,1
24.08.2021 00:51:10.589,1.2656100000000001,1.26548,1,2.32
24.08.2021 00:51:11.049,1.2656100000000001,1.26549,1,1
24.08.2021 00:51:16.407,1.2656,1.26549,1,2.32
24.08.2021 00:51:27.794,1.2656100000000001,1.26549,1,1
24.08.2021 00:51:29.779,1.2656100000000001,1.26548,1,2.25
24.08.2021 00:51:38.737,1.26559,1.26548,1,1
24.08.2021 00:51:38.839,1.2656,1.26547,1.1,1
24.08.2021 00:51:39.359,1.2656,1.26547,1.1,1
24.08.2021 00:51:42.874,1.2656,1.26549,1.1,1
24.08.2021 00:52:02.909,1.26559,1.26548,1,1
24.08.2021 00:52:03.010,1.26559,1.26546,1.1,1.5
24.08.2021 00:52:03.373,1.2656,1.26547,1,1
24.08.2021 00:52:07.180,1.2656100000000001,1.26548,1,1
24.08.2021 00:52:47.104,1.2656200000000002,1.26549,1,1
24.08.2021 00:52:48.970,1.26564,1.26555,1,1
24.08.2021 00:52:49.021,1.2656500000000002,1.2655200000000002,1,3.07
24.08.2021 00:52:58.876,1.26566,1.26553,1.1,1.25
24.08.2021 00:52:58.977,1.2656500000000002,1.2655200000000002,1,2.32
24.08.2021 00:53:00.237,1.26567,1.26554,1,1.76
24.08.2021 00:53:00.389,1.26568,1.26555,1.1,1
24.08.2021 00:53:02.204,1.26563,1.2655200000000002,1,1.57
24.08.2021 00:53:02.406,1.26563,1.2655,1.1,1
24.08.2021 00:53:09.179,1.2656200000000002,1.26549,1,1.1
24.08.2021 00:53:21.063,1.2656100000000001,1.2655,1,1.1
24.08.2021 00:53:21.412,1.2656100000000001,1.26549,1,1.97
24.08.2021 00:53:33.877,1.2656200000000002,1.26548,1.1,1.57
24.08.2021 00:53:36.250,1.2656100000000001,1.2655,1.1,1.5
24.08.2021 00:53:36.301,1.26564,1.26553,1.5,1.5
24.08.2021 00:53:36.453,1.2656500000000002,1.2655100000000001,1,1.5
24.08.2021 00:54:01.403,1.2656100000000001,1.2655,1,1.1
24.08.2021 00:54:01.605,1.2656200000000002,1.26549,1,1
24.08.2021 00:54:03.431,1.2656,1.26548,1,2.35
24.08.2021 00:54:04.077,1.26559,1.26545,1,3.92
24.08.2021 00:54:04.229,1.26559,1.2654400000000001,1,1.6
24.08.2021 00:54:06.412,1.26559,1.2654400000000001,1.1,1.57
24.08.2021 00:54:11.563,1.26559,1.2654400000000001,1,1.6
24.08.2021 00:54:13.753,1.26558,1.26545,1.1,1.57
24.08.2021 00:54:25.927,1.26558,1.26546,1.1,1
24.08.2021 00:54:26.028,1.2656100000000001,1.26547,1,1.6
24.08.2021 00:54:29.382,1.2656100000000001,1.26549,1,2.35
24.08.2021 00:54:29.798,1.26564,1.26553,1.1,1.5
24.08.2021 00:54:29.899,1.26563,1.2655100000000001,1,1.6
24.08.2021 00:54:30.381,1.26564,1.2655,1.1,1.57
24.08.2021 00:54:31.263,1.2656200000000002,1.26548,1,1.79
24.08.2021 00:54:31.415,1.2656100000000001,1.26549,1,1.01
24.08.2021 00:54:34.174,1.2656200000000002,1.26548,1,1.79
24.08.2021 00:54:42.989,1.2656200000000002,1.26548,1,1.01
24.08.2021 00:54:51.559,1.2656200000000002,1.26548,1,2.54
24.08.2021 00:54:55.141,1.2656200000000002,1.26548,1,1.1
24.08.2021 00:54:55.247,1.2656,1.26548,1,1.1
24.08.2021 00:54:55.349,1.2656,1.26546,1,3.85
24.08.2021 00:54:55.451,1.2656,1.26548,1,1.1
24.08.2021 00:54:55.604,1.2656100000000001,1.26547,1,1.6
24.08.2021 00:54:59.252,1.2656,1.26546,1,3.85
24.08.2021 00:54:59.303,1.26558,1.26546,1,1
24.08.2021 00:54:59.355,1.26557,1.26543,1,4.3
24.08.2021 00:54:59.507,1.26557,1.26543,1,1.57
24.08.2021 00:55:00.189,1.26558,1.26547,1,1.6
24.08.2021 00:55:00.239,1.2656,1.26548,1.1,1.1
24.08.2021 00:55:00.290,1.26558,1.26547,1,2.35
24.08.2021 00:55:00.593,1.26557,1.26546,1,1.1
24.08.2021 00:55:00.694,1.2656,1.26546,1,3.85
24.08.2021 00:55:01.836,1.26559,1.26548,1,1.6
24.08.2021 00:55:02.040,1.26559,1.26548,1,1.6
24.08.2021 00:55:05.547,1.26557,1.26543,1,5.17
24.08.2021 00:55:05.649,1.26557,1.26543,1,2.05
24.08.2021 00:55:05.750,1.26554,1.26543,1,1.57
24.08.2021 00:55:06.103,1.26554,1.2654200000000002,1,1.1
24.08.2021 00:55:07.091,1.26554,1.2654100000000001,1,1.57
24.08.2021 00:55:29.358,1.2655200000000002,1.26539,1,2.72
24.08.2021 00:55:29.733,1.26553,1.2654,1,1.1
24.08.2021 00:55:30.372,1.2655200000000002,1.2654100000000001,1,1.6
24.08.2021 00:55:32.182,1.26553,1.2654,1,1.1
24.08.2021 00:55:36.306,1.2655200000000002,1.26539,1,2.35
24.08.2021 00:55:36.407,1.2655100000000001,1.26537,1,1.57
24.08.2021 00:55:38.948,1.2655,1.26543,1.2,1
24.08.2021 00:55:39.100,1.2655100000000001,1.26545,1,1
24.08.2021 00:55:39.555,1.2655200000000002,1.26545,1,1
24.08.2021 00:55:39.656,1.2655200000000002,1.2654400000000001,1,1
24.08.2021 00:55:41.331,1.2655200000000002,1.26545,1,1
24.08.2021 00:55:41.533,1.26554,1.26548,1,1
24.08.2021 00:55:41.635,1.26555,1.26546,1,1
24.08.2021 00:55:42.019,1.26556,1.26547,1.1,1.5
24.08.2021 00:55:42.070,1.2656100000000001,1.2655100000000001,1.57,1
24.08.2021 00:55:42.172,1.2656100000000001,1.2655200000000002,1,1
24.08.2021 00:55:51.315,1.2656,1.26549,1,1.6
24.08.2021 00:55:58.101,1.2656100000000001,1.26548,1,1.1
24.08.2021 00:55:59.931,1.26564,1.26555,1.5,1.6
24.08.2021 00:56:00.033,1.26566,1.26553,1,1.1
24.08.2021 00:56:00.134,1.26564,1.26553,1,2.05
24.08.2021 00:56:04.395,1.26563,1.2655,1,1.6
24.08.2021 00:56:06.098,1.2656100000000001,1.2655,1,1.1
24.08.2021 00:56:13.860,1.2656200000000002,1.2655100000000001,1,1.6
24.08.2021 00:56:23.314,1.26563,1.2655,1,1.6
24.08.2021 00:56:41.945,1.26566,1.26554,1.5,1.1
24.08.2021 00:56:42.550,1.26567,1.26555,1,1.1
24.08.2021 00:56:42.651,1.26567,1.26555,1,1.1
24.08.2021 00:57:03.369,1.2657200000000002,1.2656,1,2.51
24.08.2021 00:57:03.419,1.2657100000000001,1.26563,1,1
24.08.2021 00:57:03.520,1.26573,1.2656200000000002,1,1
24.08.2021 00:57:03.622,1.26574,1.2656200000000002,1,1.5
24.08.2021 00:57:04.176,1.2657500000000002,1.2656200000000002,1.5,1.57
24.08.2021 00:57:08.612,1.2657500000000002,1.26563,1,1.1
24.08.2021 00:57:22.735,1.2657,1.2656200000000002,1,1.5
24.08.2021 00:57:22.786,1.2657,1.26559,1.5,1
24.08.2021 00:57:22.887,1.26569,1.26558,1,2.02
24.08.2021 00:57:22.938,1.2657100000000001,1.26557,1.5,1.79
24.08.2021 00:57:23.258,1.2657,1.26558,1.5,1.1
24.08.2021 00:57:23.890,1.26564,1.26556,1,1
24.08.2021 00:57:23.940,1.26566,1.26554,1,3.07
24.08.2021 00:57:23.991,1.26563,1.2655200000000002,1,1.1
24.08.2021 00:57:24.093,1.26563,1.2655100000000001,1,1.1
24.08.2021 00:57:31.118,1.26563,1.2655,1.5,1.76
24.08.2021 00:57:32.628,1.2656200000000002,1.2655,1,1.01
24.08.2021 00:57:32.858,1.2656200000000002,1.26549,1.5,1.1
24.08.2021 00:57:33.425,1.2656200000000002,1.26549,1.5,1.79
24.08.2021 00:57:34.736,1.2656100000000001,1.2655,1.5,1.1
24.08.2021 00:57:37.036,1.26564,1.2655200000000002,1.5,1.57
24.08.2021 00:57:37.188,1.26563,1.2655100000000001,1.5,1.1
24.08.2021 00:57:37.289,1.26563,1.2655,1.5,2.91
24.08.2021 00:57:38.657,1.2656200000000002,1.2655100000000001,1.5,2.16
24.08.2021 00:57:39.152,1.2656200000000002,1.2655,1,2.16
24.08.2021 00:57:55.711,1.26563,1.2655200000000002,1,1.95
24.08.2021 00:57:55.812,1.2656500000000002,1.26554,1,1.5
24.08.2021 00:57:56.067,1.26563,1.2655100000000001,1.5,1.39
24.08.2021 00:57:56.168,1.2656200000000002,1.2655,1,2.6
24.08.2021 00:57:56.471,1.2656500000000002,1.26554,1,1.5
24.08.2021 00:57:56.572,1.2656500000000002,1.2655200000000002,1,2.51
24.08.2021 00:57:56.623,1.26563,1.2655100000000001,1,2.14
24.08.2021 00:58:00.452,1.2656200000000002,1.2655,1,1.41
24.08.2021 00:58:00.553,1.2656100000000001,1.2655100000000001,1,1.39
24.08.2021 00:58:04.097,1.2656100000000001,1.2655,1.5,1.1
24.08.2021 00:58:04.360,1.2656100000000001,1.26549,1,1.1
24.08.2021 00:58:10.327,1.2656100000000001,1.26549,1,1.6
24.08.2021 00:58:12.203,1.2656,1.2655,1,1.57
24.08.2021 00:58:15.287,1.26563,1.2655,1.5,1.1
24.08.2021 00:58:21.160,1.2656500000000002,1.26556,1,1.12
24.08.2021 00:58:21.211,1.26568,1.26557,1.57,1.5
24.08.2021 00:58:21.312,1.2657,1.26558,1,1
24.08.2021 00:58:21.464,1.2657,1.26559,1.5,1.1
24.08.2021 00:58:21.615,1.2657100000000001,1.26558,1,2.97
24.08.2021 00:58:21.717,1.2657100000000001,1.2656100000000001,1,1.1
24.08.2021 00:58:22.488,1.26576,1.26563,1,1
24.08.2021 00:58:24.679,1.26577,1.26564,1.5,1
24.08.2021 00:58:31.773,1.26576,1.26563,1,2.16
24.08.2021 00:58:42.617,1.2657100000000001,1.2656,1,1.1
24.08.2021 00:58:42.721,1.26573,1.26559,1,1.1
24.08.2021 00:58:43.515,1.26576,1.26563,1,1
24.08.2021 00:58:43.617,1.26577,1.26563,3,1.1
24.08.2021 00:58:48.083,1.2657500000000002,1.26564,1,1
24.08.2021 00:58:49.551,1.26576,1.26564,3,1.1
24.08.2021 00:58:49.652,1.26577,1.26563,2.25,1.35
24.08.2021 00:58:49.753,1.26573,1.26563,1,1.1
24.08.2021 00:58:51.993,1.26573,1.2656200000000002,1,1.01
24.08.2021 00:58:52.528,1.2657100000000001,1.2656,1,1.57
24.08.2021 00:58:52.629,1.2657100000000001,1.26559,1,1.57
24.08.2021 00:58:55.598,1.2657,1.26558,1,1.57
24.08.2021 00:59:04.012,1.2657,1.26559,1.5,1.1
24.08.2021 00:59:04.342,1.2657,1.26558,1,1.1
24.08.2021 00:59:04.594,1.2657100000000001,1.26558,2.25,1.1
24.08.2021 00:59:05.119,1.2657100000000001,1.26557,2.25,1.57
24.08.2021 00:59:06.113,1.2657100000000001,1.26557,2.25,1.6
24.08.2021 00:59:06.219,1.2657,1.26558,1,1.1
24.08.2021 00:59:11.009,1.2657,1.26559,2.25,1.1
24.08.2021 00:59:17.673,1.2657100000000001,1.2656,1.5,2.32
24.08.2021 00:59:17.723,1.26573,1.2656100000000001,1.5,1.1
24.08.2021 00:59:17.824,1.2657200000000002,1.2656100000000001,1.5,3.07
24.08.2021 00:59:17.925,1.2657200000000002,1.2656,1,1.57
24.08.2021 00:59:41.021,1.26574,1.2656200000000002,1,1.1
24.08.2021 00:59:41.122,1.2657200000000002,1.26563,1,1.1
24.08.2021 00:59:42.173,1.26573,1.2656200000000002,1,1.51
24.08.2021 00:59:44.265,1.26573,1.2656200000000002,1,1.76
24.08.2021 00:59:44.315,1.2657200000000002,1.2656,1,1.1
24.08.2021 00:59:46.371,1.2657100000000001,1.26563,1,1
24.08.2021 00:59:46.472,1.2657200000000002,1.2656,1,3.26
24.08.2021 00:59:46.573,1.2657,1.2656100000000001,1,1.57
24.08.2021 00:59:52.439,1.26573,1.2656200000000002,1,1
24.08.2021 00:59:55.786,1.2657500000000002,1.2656200000000002,2.25,2.32
24.08.2021 00:59:55.886,1.26573,1.2656200000000002,1,1.57
24.08.2021 00:59:56.088,1.2657200000000002,1.2656200000000002,1,1
24.08.2021 00:59:56.139,1.2657200000000002,1.2656,1.5,1.5
24.08.2021 00:59:56.341,1.2657,1.2656100000000001,1,1.5
24.08.2021 00:59:59.532,1.2657100000000001,1.26559,1.5,1.12
24.08.2021 01:00:00.263,1.2657100000000001,1.26558,1.5,1.57
24.08.2021 01:00:01.549,1.2657100000000001,1.26559,1.5,1
24.08.2021 01:00:01.711,1.2657,1.26559,1.5,1.57
24.08.2021 01:00:02.015,1.2657100000000001,1.2656,1,1
24.08.2021 01:00:02.066,1.26573,1.2656100000000001,1.5,1.1
24.08.2021 01:00:02.268,1.2657200000000002,1.2656,1,1.57
24.08.2021 01:00:02.370,1.2657,1.2656,1,1.1
24.08.2021 01:00:05.108,1.2657,1.26559,1,1
24.08.2021 01:00:12.462,1.2657200000000002,1.2656100000000001,1,1.1
24.08.2021 01:00:12.564,1.2657100000000001,1.26563,1,1
24.08.2021 01:00:13.075,1.26573,1.2656200000000002,1,1
24.08.2021 01:00:13.176,1.2657100000000001,1.2656200000000002,1,1.1
24.08.2021 01:00:14.507,1.2657100000000001,1.26559,1,1
24.08.2021 01:00:14.608,1.2657,1.26559,1,1.57
24.08.2021 01:00:25.923,1.2657100000000001,1.2656,1,1.1
24.08.2021 01:00:26.175,1.2657100000000001,1.26558,1,2.35
24.08.2021 01:00:26.277,1.2657,1.26558,1,1.1
24.08.2021 01:00:30.838,1.2657100000000001,1.2656,1,1
24.08.2021 01:00:32.213,1.2657,1.2656,1,1
24.08.2021 01:00:32.517,1.2657,1.26558,1,1
24.08.2021 01:00:36.693,1.26569,1.26558,1,1
24.08.2021 01:00:48.675,1.26569,1.26556,1,1.1
24.08.2021 01:00:53.019,1.26568,1.26555,1.5,1.6
24.08.2021 01:00:59.735,1.26569,1.26556,1.5,1.1
24.08.2021 01:00:59.836,1.26569,1.26556,1.5,1.1
24.08.2021 01:01:00.687,1.2657100000000001,1.2656,1,1
24.08.2021 01:01:00.738,1.26569,1.26558,1.5,2.16
24.08.2021 01:01:03.140,1.2657,1.2656,1,1.1
24.08.2021 01:01:03.592,1.2657100000000001,1.26557,1.5,2.16
24.08.2021 01:01:03.895,1.26569,1.26558,1,1.97
24.08.2021 01:01:05.084,1.2657100000000001,1.26557,1.5,1.97
24.08.2021 01:01:12.061,1.2657,1.26557,1,1.1
24.08.2021 01:01:14.601,1.2657100000000001,1.26559,1,1
24.08.2021 01:01:14.702,1.2657100000000001,1.26558,1.5,1.1
24.08.2021 01:01:14.853,1.26573,1.26563,1.5,1
24.08.2021 01:01:16.190,1.2657200000000002,1.2656,1,1.76
24.08.2021 01:01:19.611,1.2657100000000001,1.26558,1.5,1.1
24.08.2021 01:01:21.933,1.2657,1.26558,1,1
24.08.2021 01:01:26.753,1.2657,1.26557,1,1.01
24.08.2021 01:01:26.986,1.2657,1.26556,1.5,1.2
24.08.2021 01:01:33.014,1.26568,1.26557,1,1.1
24.08.2021 01:01:33.115,1.26568,1.26556,1,1.1
24.08.2021 01:01:33.396,1.26563,1.2655200000000002,1,2.42
24.08.2021 01:01:33.497,1.26564,1.2655100000000001,1.5,2.02
24.08.2021 01:01:33.598,1.26563,1.2655,1.5,1.1
24.08.2021 01:01:35.072,1.2656100000000001,1.2655,1.5,1.01
24.08.2021 01:01:39.848,1.2656200000000002,1.2655,1,1
24.08.2021 01:01:39.950,1.26564,1.2655100000000001,1,1.35
24.08.2021 01:01:40.234,1.2656500000000002,1.2655100000000001,1.5,1.79
24.08.2021 01:01:53.572,1.26566,1.26555,1,1.57
24.08.2021 01:01:53.673,1.26567,1.26555,1,1.6
24.08.2021 01:01:54.594,1.26569,1.26555,1.5,1.1
24.08.2021 01:01:58.552,1.26563,1.2655100000000001,1,1.1
24.08.2021 01:01:58.653,1.2656200000000002,1.26549,1,1.1
24.08.2021 01:01:58.907,1.2656200000000002,1.26548,1,1.97
24.08.2021 01:01:59.008,1.2656100000000001,1.2655,1,1.1
24.08.2021 01:01:59.109,1.2656200000000002,1.26548,1.5,1.97
24.08.2021 01:02:07.683,1.26563,1.2655,2.25,1.57
24.08.2021 01:02:08.350,1.2656100000000001,1.2655100000000001,1,1
24.08.2021 01:02:09.876,1.26559,1.26549,1,1.1
24.08.2021 01:02:09.977,1.26559,1.26546,1.5,1.1
24.08.2021 01:02:10.275,1.26559,1.26549,1,1.1
24.08.2021 01:02:10.376,1.2656,1.26549,1,1
24.08.2021 01:02:10.478,1.2656,1.26548,1,1.57
24.08.2021 01:02:10.580,1.2656100000000001,1.26548,1.5,1.57
24.08.2021 01:02:34.447,1.2656,1.2655,1,1.1
24.08.2021 01:03:13.805,1.2656200000000002,1.26549,1.5,1
24.08.2021 01:03:18.693,1.2656100000000001,1.26549,1,1
24.08.2021 01:03:24.361,1.26558,1.26548,1,1
24.08.2021 01:03:24.412,1.26555,1.2654400000000001,1.25,1
24.08.2021 01:03:24.513,1.26554,1.2654100000000001,1.5,1.76
24.08.2021 01:03:30.874,1.26554,1.26543,1,1
24.08.2021 01:03:31.064,1.2655200000000002,1.2654400000000001,1,1
24.08.2021 01:03:34.037,1.26553,1.2654400000000001,1,1
24.08.2021 01:04:10.510,1.26553,1.2654200000000002,1,1
24.08.2021 01:04:10.561,1.2655,1.2654,1,1
24.08.2021 01:04:10.612,1.2655,1.26538,1,1
24.08.2021 01:04:10.663,1.26549,1.2654,1,1
24.08.2021 01:04:10.714,1.26548,1.26538,1,1
24.08.2021 01:04:10.876,1.26549,1.2654200000000002,1,1
24.08.2021 01:04:11.028,1.26549,1.2654100000000001,1,1
24.08.2021 01:04:12.702,1.26546,1.26537,1,1
24.08.2021 01:04:12.853,1.26546,1.26538,1,1
24.08.2021 01:04:12.955,1.26547,1.26538,1,1
24.08.2021 01:04:13.300,1.26546,1.26537,1,1
24.08.2021 01:04:13.401,1.26547,1.26538,1,1
24.08.2021 01:04:13.654,1.26546,1.2654,1,1
24.08.2021 01:04:15.061,1.26548,1.26539,1,1
24.08.2021 01:04:18.270,1.26549,1.2654200000000002,1,1
24.08.2021 01:04:21.822,1.26545,1.26539,1,1
24.08.2021 01:04:21.923,1.26546,1.26537,1,1
24.08.2021 01:04:26.099,1.26545,1.26536,1,1
24.08.2021 01:04:26.201,1.2654400000000001,1.2653400000000001,1,1
24.08.2021 01:04:26.302,1.26543,1.26536,1,1
24.08.2021 01:04:26.786,1.2654400000000001,1.26533,1,1
24.08.2021 01:04:26.837,1.2654200000000002,1.2653200000000002,1,1
24.08.2021 01:04:26.938,1.2654100000000001,1.2653200000000002,1,1
24.08.2021 01:04:27.039,1.2654100000000001,1.2653100000000002,1,1
24.08.2021 01:04:27.398,1.26539,1.26529,1,1
24.08.2021 01:04:27.600,1.26539,1.2653,1,1
24.08.2021 01:04:27.701,1.26539,1.2653200000000002,1,1
24.08.2021 01:04:27.803,1.26539,1.26533,1,1
24.08.2021 01:04:28.244,1.2654,1.26533,1,1
24.08.2021 01:04:30.566,1.26543,1.26535,1.1,1
24.08.2021 01:04:30.667,1.26543,1.26535,1,1
24.08.2021 01:04:30.769,1.26546,1.26539,1,1
24.08.2021 01:04:30.870,1.2655200000000002,1.26543,2.62,1
24.08.2021 01:04:31.300,1.26554,1.26543,1,1
24.08.2021 01:04:31.350,1.26555,1.26545,1,1
24.08.2021 01:04:31.921,1.26554,1.2654400000000001,1,1
24.08.2021 01:04:55.197,1.26558,1.2655,1,1
24.08.2021 01:04:55.248,1.26556,1.26546,1,1
24.08.2021 01:04:55.718,1.26559,1.2655,1,1
24.08.2021 01:04:55.769,1.2656100000000001,1.2655100000000001,1.1,1
24.08.2021 01:04:56.141,1.26557,1.26548,1,1
24.08.2021 01:04:56.242,1.26556,1.26547,1,1
24.08.2021 01:04:56.395,1.26553,1.26546,1,1
24.08.2021 01:04:56.497,1.26554,1.2654400000000001,1,1
24.08.2021 01:04:56.598,1.26554,1.26543,1,1
24.08.2021 01:04:56.700,1.26553,1.26543,1,1
24.08.2021 01:04:57.151,1.2655200000000002,1.26543,1,1
24.08.2021 01:04:58.305,1.2655200000000002,1.2654400000000001,1,1
24.08.2021 01:04:58.456,1.2655200000000002,1.26543,1,1
24.08.2021 01:04:58.810,1.26553,1.26543,1,1
24.08.2021 01:04:59.012,1.2655200000000002,1.26543,1,1
24.08.2021 01:04:59.491,1.2655200000000002,1.2654400000000001,1,1
24.08.2021 01:04:59.693,1.2655100000000001,1.2654400000000001,1,1
24.08.2021 01:04:59.955,1.2655200000000002,1.2654400000000001,1,1
24.08.2021 01:05:00.132,1.2655200000000002,1.26543,1,1
24.08.2021 01:05:00.671,1.26553,1.26543,1,1
24.08.2021 01:05:00.873,1.2655200000000002,1.26543,1,1
24.08.2021 01:05:02.961,1.26553,1.26543,1,1
24.08.2021 01:05:03.163,1.2655100000000001,1.2654400000000001,1,1
24.08.2021 01:05:04.026,1.2655200000000002,1.2654400000000001,1,1
24.08.2021 01:05:06.252,1.26554,1.26543,1,1
24.08.2021 01:05:10.195,1.2655200000000002,1.2654400000000001,1,1
24.08.2021 01:05:13.627,1.26554,1.26543,1,1
24.08.2021 01:05:14.133,1.26553,1.26543,1,1
24.08.2021 01:05:15.051,1.26553,1.2654400000000001,1,1
24.08.2021 01:05:15.252,1.26553,1.26543,1,1
24.08.2021 01:05:15.454,1.26554,1.26543,1,1
24.08.2021 01:05:15.657,1.26553,1.26543,1,1
24.08.2021 01:05:17.022,1.26553,1.2654400000000001,1,1
24.08.2021 01:05:17.805,1.26553,1.26543,1,1
24.08.2021 01:05:18.647,1.26554,1.26543,1,1
24.08.2021 01:05:23.121,1.26555,1.26543,1,1
24.08.2021 01:05:23.223,1.26556,1.26545,1,1
24.08.2021 01:05:27.588,1.26555,1.26547,1,1
24.08.2021 01:05:28.316,1.26554,1.26545,1,1
24.08.2021 01:05:28.468,1.26555,1.26545,1,1
24.08.2021 01:05:31.156,1.26555,1.2654400000000001,1,1
24.08.2021 01:05:32.089,1.26555,1.26545,1,1
24.08.2021 01:05:32.962,1.26555,1.2654400000000001,1,1
24.08.2021 01:05:33.571,1.26558,1.26548,1.1,1
24.08.2021 01:05:33.622,1.26558,1.26546,1.1,1
24.08.2021 01:05:33.723,1.26558,1.26546,1.1,1
24.08.2021 01:05:35.154,1.26559,1.26549,1,1
24.08.2021 01:05:35.205,1.2656100000000001,1.2655,1,1
24.08.2021 01:05:35.307,1.2656500000000002,1.26556,1,1
24.08.2021 01:05:35.408,1.26566,1.26557,1.1,1
24.08.2021 01:05:35.510,1.26567,1.26555,1.1,1
24.08.2021 01:05:35.713,1.26566,1.26555,1,1
24.08.2021 01:05:38.386,1.2656500000000002,1.26555,1,1
24.08.2021 01:05:38.487,1.2656500000000002,1.26554,1,1
24.08.2021 01:05:42.472,1.26563,1.2655200000000002,1,1
24.08.2021 01:05:42.624,1.2656200000000002,1.26554,1,1
24.08.2021 01:05:42.725,1.26564,1.26553,1,1
24.08.2021 01:05:42.927,1.26563,1.26555,1,1
24.08.2021 01:05:43.028,1.2656500000000002,1.26554,1.12,1
24.08.2021 01:05:43.129,1.2656500000000002,1.26555,1,1
24.08.2021 01:05:54.662,1.26568,1.26555,1.6,1
24.08.2021 01:05:54.713,1.2657,1.26558,1.2,1
24.08.2021 01:05:55.943,1.2657,1.26559,1.12,1
24.08.2021 01:05:56.477,1.2657100000000001,1.26559,1.12,1
24.08.2021 01:05:57.952,1.2657200000000002,1.2656,1.12,1
24.08.2021 01:06:00.632,1.26574,1.26564,1.12,1
24.08.2021 01:06:01.683,1.2657200000000002,1.2656,1,1
24.08.2021 01:06:01.784,1.2657200000000002,1.26559,1.5,1
24.08.2021 01:06:02.187,1.2657200000000002,1.2656,1,1
24.08.2021 01:06:02.288,1.2657200000000002,1.26559,1,1
24.08.2021 01:06:04.076,1.2657100000000001,1.26559,1,1
24.08.2021 01:06:04.339,1.2657200000000002,1.26559,1,1
24.08.2021 01:06:04.440,1.26574,1.26564,1,1
24.08.2021 01:06:05.412,1.2657500000000002,1.2656200000000002,1,1
24.08.2021 01:06:05.513,1.26574,1.2656200000000002,1,1
24.08.2021 01:06:10.926,1.26573,1.2656200000000002,1,1
24.08.2021 01:06:11.542,1.2657,1.2656,1,1
24.08.2021 01:06:13.733,1.2657100000000001,1.2656,1,1
24.08.2021 01:06:13.834,1.2657,1.2656,1,1
24.08.2021 01:06:13.936,1.2657100000000001,1.2656,1,1
24.08.2021 01:06:15.077,1.2657100000000001,1.26559,1,1
24.08.2021 01:06:15.968,1.2657100000000001,1.2656,1,1
24.08.2021 01:06:20.176,1.2657100000000001,1.2656200000000002,1,1
24.08.2021 01:06:20.502,1.26573,1.2656100000000001,1,1
24.08.2021 01:06:20.793,1.2657500000000002,1.26563,1,1
24.08.2021 01:06:20.957,1.2657200000000002,1.26563,1,1
24.08.2021 01:06:33.878,1.2657100000000001,1.2656100000000001,1,1
24.08.2021 01:06:33.979,1.2657200000000002,1.26559,1,1
24.08.2021 01:06:34.081,1.2657100000000001,1.26559,1,1
24.08.2021 01:06:34.190,1.2657100000000001,1.2656,1,1
24.08.2021 01:06:38.187,1.26573,1.2656100000000001,1,1
24.08.2021 01:06:38.582,1.2657500000000002,1.26563,1,1
24.08.2021 01:06:38.683,1.26573,1.26564,1,1
24.08.2021 01:06:38.889,1.26573,1.26563,1,1
24.08.2021 01:06:38.990,1.2657200000000002,1.26563,1,1
24.08.2021 01:07:03.794,1.26574,1.2656200000000002,1,1
24.08.2021 01:07:04.151,1.2657500000000002,1.26563,1,1
24.08.2021 01:07:04.253,1.2657500000000002,1.26564,1,1
24.08.2021 01:07:04.553,1.26576,1.26564,1,1
24.08.2021 01:07:04.655,1.26577,1.26566,1.5,1
24.08.2021 01:07:27.416,1.2657100000000001,1.2656200000000002,1,2.32
24.08.2021 01:07:27.467,1.2657200000000002,1.26559,1,1
24.08.2021 01:07:27.720,1.26573,1.2656100000000001,1,1
24.08.2021 01:07:37.740,1.2657500000000002,1.2656100000000001,1.87,1
24.08.2021 01:07:59.573,1.26574,1.26563,1.2,1
24.08.2021 01:08:10.694,1.26576,1.26566,1.57,1
24.08.2021 01:08:32.588,1.26574,1.2656100000000001,2.32,1
24.08.2021 01:08:32.690,1.26574,1.2656,1.6,1.95
24.08.2021 01:08:32.792,1.2657100000000001,1.2656100000000001,1.12,1
24.08.2021 01:08:38.158,1.26573,1.26559,1.6,1
24.08.2021 01:09:04.845,1.2657100000000001,1.2656,2.82,1
24.08.2021 01:09:09.098,1.2657200000000002,1.26559,1.2,1
24.08.2021 01:09:12.752,1.2657200000000002,1.2656100000000001,1.6,1
24.08.2021 01:09:12.803,1.26576,1.26563,3.07,1
24.08.2021 01:09:14.619,1.26576,1.2656100000000001,3.22,1
24.08.2021 01:09:16.634,1.2657200000000002,1.2656,2.62,1
24.08.2021 01:09:23.104,1.26573,1.26559,2.07,1
24.08.2021 01:10:02.377,1.26566,1.26553,1,2.32
24.08.2021 01:10:02.478,1.26563,1.2655200000000002,1,1
24.08.2021 01:10:10.862,1.26564,1.2655200000000002,1,1.1
24.08.2021 01:10:10.963,1.26566,1.2655200000000002,1.95,1
24.08.2021 01:10:12.018,1.26567,1.26553,1.1,1
24.08.2021 01:10:12.119,1.26569,1.26558,2.37,1
24.08.2021 01:10:12.222,1.26569,1.26558,1.87,1
24.08.2021 01:10:14.883,1.2657100000000001,1.26558,1.5,1
24.08.2021 01:10:15.405,1.2657,1.26558,1.5,1
24.08.2021 01:10:15.622,1.2657100000000001,1.26557,1.62,1
24.08.2021 01:10:16.247,1.2657100000000001,1.26557,1.57,1
24.08.2021 01:10:16.930,1.2657,1.26558,2.45,1
24.08.2021 01:10:18.107,1.2657100000000001,1.26557,1.57,1
24.08.2021 01:10:18.307,1.2657100000000001,1.26557,1.7,1
24.08.2021 01:10:18.558,1.2657100000000001,1.26557,1.57,1
24.08.2021 01:10:20.287,1.2657,1.26559,1.12,1
24.08.2021 01:10:20.955,1.2657,1.2656,1,1
24.08.2021 01:10:21.056,1.2657100000000001,1.26558,1,1
24.08.2021 01:10:24.744,1.2657100000000001,1.26558,2.37,1
24.08.2021 01:10:24.975,1.2657,1.26559,2.25,1
24.08.2021 01:10:25.161,1.2657100000000001,1.26558,2.37,1
24.08.2021 01:10:25.388,1.2657100000000001,1.26558,2.25,1
24.08.2021 01:10:26.080,1.2657100000000001,1.26558,2.37,1
24.08.2021 01:10:26.303,1.2657100000000001,1.26558,2.25,1
24.08.2021 01:10:26.812,1.2657100000000001,1.26558,2.45,1
24.08.2021 01:10:26.974,1.2657100000000001,1.26558,2.32,1
24.08.2021 01:10:27.444,1.2657100000000001,1.26558,2.07,1
24.08.2021 01:10:31.071,1.2657100000000001,1.26558,2.7,1
24.08.2021 01:11:16.935,1.2657,1.26558,1,1
24.08.2021 01:11:17.127,1.2657,1.26559,1.1,1
24.08.2021 01:11:23.259,1.2657200000000002,1.26558,1.97,1
24.08.2021 01:11:48.757,1.2657200000000002,1.26559,1.6,1
24.08.2021 01:11:48.858,1.2657100000000001,1.2656,1.6,1
24.08.2021 01:11:51.603,1.26576,1.26563,1.22,1
24.08.2021 01:11:51.704,1.26576,1.26563,1.2,1
24.08.2021 01:11:51.906,1.26576,1.26563,1.22,1
24.08.2021 01:11:53.985,1.26576,1.26563,1.1,1
24.08.2021 01:11:57.182,1.26577,1.26564,1.95,1
24.08.2021 01:11:58.274,1.26577,1.2656500000000002,1.2,1
24.08.2021 01:11:59.092,1.26578,1.26566,5.07,1
24.08.2021 01:11:59.397,1.26579,1.26566,4.3,1
24.08.2021 01:11:59.498,1.26577,1.26569,1.1,1
24.08.2021 01:12:18.741,1.26579,1.26567,3.2,1
24.08.2021 01:12:31.772,1.26581,1.2657100000000001,1.5,1
24.08.2021 01:12:31.873,1.2658600000000002,1.2657500000000002,1.12,1
24.08.2021 01:12:42.438,1.2658500000000001,1.2657500000000002,1,1
24.08.2021 01:12:55.936,1.26584,1.2657500000000002,1,1
24.08.2021 01:13:00.438,1.26584,1.2657200000000002,2.47,1
24.08.2021 01:13:00.690,1.26583,1.2657200000000002,1.1,1
24.08.2021 01:13:01.808,1.2658200000000002,1.2657200000000002,2.47,1
24.08.2021 01:13:03.387,1.26581,1.2657100000000001,1.2,1
24.08.2021 01:13:06.282,1.26583,1.2657200000000002,1.72,1
24.08.2021 01:13:06.416,1.26584,1.2657200000000002,1.97,1.5
24.08.2021 01:13:06.591,1.26583,1.26573,3.22,1
24.08.2021 01:13:07.791,1.26584,1.2657100000000001,2.66,1
24.08.2021 01:13:17.835,1.26583,1.2657100000000001,3.22,1.5
24.08.2021 01:13:28.294,1.26583,1.2657,1.1,1.5
24.08.2021 01:13:30.161,1.26581,1.26569,1.6,1
24.08.2021 01:13:31.174,1.26583,1.26569,2.47,1
24.08.2021 01:13:31.695,1.26581,1.26569,1.1,1
24.08.2021 01:13:32.293,1.26583,1.26569,1.72,1.5
24.08.2021 01:13:32.394,1.26581,1.26569,1.1,1
24.08.2021 01:13:32.546,1.2658200000000002,1.2657,2.47,1.5
24.08.2021 01:13:41.467,1.26584,1.2657200000000002,2.35,1
24.08.2021 01:13:41.568,1.26584,1.2657100000000001,2.85,1.5
24.08.2021 01:13:48.060,1.2658200000000002,1.2657200000000002,1.1,1
24.08.2021 01:13:59.163,1.2658200000000002,1.2657200000000002,1.1,1
24.08.2021 01:14:37.797,1.26581,1.26568,1.2,1.5
24.08.2021 01:14:49.762,1.26583,1.26569,1.1,1
24.08.2021 01:14:50.924,1.26583,1.26568,2.1,1.5
24.08.2021 01:14:56.536,1.26581,1.26567,1.12,1.5
24.08.2021 01:14:56.637,1.26579,1.26567,2,1
24.08.2021 01:14:56.738,1.26578,1.26566,1,1.5
24.08.2021 01:14:57.247,1.26579,1.26567,1.5,1.5
24.08.2021 01:14:58.351,1.2658,1.26567,1.5,1
24.08.2021 01:15:03.996,1.26579,1.26567,2.37,1.5
24.08.2021 01:15:04.250,1.26578,1.26566,1,1.5
24.08.2021 01:15:04.351,1.26579,1.26567,1.5,1.5
24.08.2021 01:15:05.066,1.26578,1.26567,1,1
24.08.2021 01:15:06.741,1.26579,1.26566,1,1
24.08.2021 01:15:06.943,1.26579,1.26567,1.62,1.5
24.08.2021 01:15:08.100,1.26579,1.26567,2.47,1
24.08.2021 01:15:15.580,1.26581,1.26567,2.47,1
24.08.2021 01:15:18.147,1.26581,1.26567,2.47,1
24.08.2021 01:15:18.300,1.2658200000000002,1.26568,2.47,1
24.08.2021 01:15:18.502,1.26581,1.26567,2.07,1.5
24.08.2021 01:15:29.350,1.26581,1.26568,1.7,1
24.08.2021 01:15:30.259,1.2658,1.26568,2.45,1.5
24.08.2021 01:15:39.099,1.26576,1.26566,2.75,1.5
24.08.2021 01:15:39.201,1.26576,1.2656500000000002,3.6,1
24.08.2021 01:15:39.353,1.26576,1.26563,1.2,1.5
24.08.2021 01:15:39.685,1.2657500000000002,1.26564,1.7,1
24.08.2021 01:15:39.921,1.2657500000000002,1.26564,1.1,1
24.08.2021 01:15:40.114,1.26576,1.26563,1.1,1
24.08.2021 01:15:41.063,1.2657500000000002,1.26564,1.1,1
24.08.2021 01:15:42.003,1.26576,1.26563,1.1,1
24.08.2021 01:15:45.268,1.26576,1.26563,1.1,1
24.08.2021 01:15:46.063,1.26576,1.26563,1.1,1
24.08.2021 01:15:59.699,1.26576,1.2656200000000002,3.6,1
24.08.2021 01:16:03.077,1.26573,1.2656,2.82,1
24.08.2021 01:16:03.229,1.2657200000000002,1.2656,2.45,1.5
24.08.2021 01:16:03.333,1.26573,1.26559,2.25,1.5
24.08.2021 01:16:03.435,1.2657200000000002,1.2656100000000001,1.5,1
24.08.2021 01:16:06.338,1.26573,1.26563,1,1
24.08.2021 01:16:06.439,1.26577,1.26564,1.95,1
24.08.2021 01:16:06.590,1.26577,1.26564,3.2,1
24.08.2021 01:16:07.241,1.26577,1.26563,3.2,1.5
24.08.2021 01:16:09.449,1.26578,1.2656500000000002,1.12,1
24.08.2021 01:16:09.500,1.26579,1.26567,1.95,1.87
24.08.2021 01:16:09.601,1.26578,1.26567,1,1.5
24.08.2021 01:16:11.646,1.26579,1.26568,3.07,1
24.08.2021 01:16:15.106,1.2658,1.26567,3.2,1
24.08.2021 01:16:16.546,1.26581,1.26567,4.82,1
24.08.2021 01:16:17.093,1.26579,1.26567,1,1.5
24.08.2021 01:16:17.194,1.26579,1.26567,2,1.5
24.08.2021 01:16:18.020,1.26581,1.26567,2.07,1.5
24.08.2021 01:16:22.140,1.2658,1.26569,1.6,1
24.08.2021 01:16:22.584,1.26581,1.26567,2.07,1.5
24.08.2021 01:16:32.242,1.2658200000000002,1.2657100000000001,1.1,1.87
24.08.2021 01:16:32.344,1.2658200000000002,1.26573,1,1
24.08.2021 01:16:32.395,1.26583,1.26574,1,1
24.08.2021 01:16:33.399,1.26584,1.2657200000000002,1,1.5
24.08.2021 01:16:33.501,1.26584,1.2657100000000001,1.97,1
24.08.2021 01:16:36.559,1.26581,1.26568,1,1.87
24.08.2021 01:16:36.660,1.2658200000000002,1.26569,1.2,1
24.08.2021 01:16:36.762,1.2658200000000002,1.2657100000000001,1.6,1
24.08.2021 01:16:37.193,1.26581,1.2657,1.2,1
24.08.2021 01:16:37.244,1.26581,1.26568,1.95,1.5
24.08.2021 01:16:37.345,1.26581,1.26567,1.95,1.87
24.08.2021 01:16:40.852,1.26581,1.26568,1.2,1
24.08.2021 01:16:40.953,1.26583,1.26569,3.6,1
24.08.2021 01:16:43.099,1.26583,1.26569,2.47,1.5
24.08.2021 01:16:43.260,1.26583,1.26569,2.47,1.5
24.08.2021 01:16:49.332,1.26583,1.2657200000000002,1,1
24.08.2021 01:16:49.434,1.26583,1.26574,1.2,1
24.08.2021 01:16:49.535,1.2658600000000002,1.26573,1.6,1
24.08.2021 01:16:50.599,1.2658600000000002,1.26574,4.35,1
24.08.2021 01:16:55.505,1.26583,1.2657200000000002,2.26,1
24.08.2021 01:16:57.760,1.26584,1.2657100000000001,2.45,1
24.08.2021 01:17:11.743,1.26584,1.2657100000000001,2.29,1
24.08.2021 01:17:12.981,1.26583,1.26573,1.2,1
24.08.2021 01:17:16.231,1.26583,1.26573,1.6,1
24.08.2021 01:17:17.358,1.26584,1.26574,1,1
24.08.2021 01:17:17.460,1.2658500000000001,1.26574,1.87,1
24.08.2021 01:17:18.623,1.26584,1.26574,2.25,1
24.08.2021 01:17:18.927,1.26584,1.2657200000000002,1.2,1
24.08.2021 01:17:24.245,1.26584,1.2657200000000002,1.85,1
24.08.2021 01:17:25.147,1.26583,1.2657200000000002,1.85,1.5
24.08.2021 01:17:32.688,1.26584,1.26573,1,1
24.08.2021 01:17:32.789,1.2658500000000001,1.26574,1,1
24.08.2021 01:17:32.891,1.26587,1.26574,3.6,1
24.08.2021 01:17:33.358,1.2658500000000001,1.26574,1,1
24.08.2021 01:17:39.098,1.26584,1.26573,1,1.5
24.08.2021 01:17:44.569,1.2658600000000002,1.2657500000000002,4.35,1
24.08.2021 01:17:45.613,1.26584,1.26573,1,1
24.08.2021 01:17:46.642,1.26584,1.2657200000000002,1,1.5
24.08.2021 01:17:47.413,1.26584,1.26574,1,1
24.08.2021 01:17:48.643,1.2658500000000001,1.26573,1.87,1
24.08.2021 01:17:54.121,1.2658600000000002,1.26573,1.2,1.5
24.08.2021 01:17:55.667,1.2658500000000001,1.26573,1,1.5
24.08.2021 01:17:56.126,1.26584,1.26573,1,1.5
24.08.2021 01:17:56.354,1.2658500000000001,1.26573,1.12,1.5
24.08.2021 01:18:02.244,1.2658200000000002,1.26573,1.12,1
24.08.2021 01:18:02.295,1.2658,1.2657,1.5,1.5
24.08.2021 01:18:02.396,1.26581,1.2657100000000001,1.2,1
24.08.2021 01:18:02.730,1.26581,1.2657,1,1
24.08.2021 01:18:02.832,1.26583,1.2657,2.29,1.5
24.08.2021 01:18:04.619,1.2658,1.2657,1.2,1.5
24.08.2021 01:18:04.721,1.2658,1.26569,1.2,1.5
24.08.2021 01:18:04.822,1.26581,1.2657100000000001,1.6,1
24.08.2021 01:18:05.996,1.2658,1.26569,1.2,1.5
24.08.2021 01:18:06.123,1.2658200000000002,1.26569,2.85,1
24.08.2021 01:18:06.276,1.2658200000000002,1.2657,2.07,1
24.08.2021 01:18:06.378,1.26581,1.26568,1.95,1.5
24.08.2021 01:18:06.480,1.26581,1.2657,2.07,1.5
24.08.2021 01:18:08.364,1.2658200000000002,1.2657,1.6,1
24.08.2021 01:18:13.313,1.26583,1.26569,2.29,1.5
24.08.2021 01:18:22.035,1.2658200000000002,1.2657200000000002,1.85,1
24.08.2021 01:18:26.605,1.26583,1.2657200000000002,1,1
24.08.2021 01:18:26.707,1.26583,1.2657100000000001,1.1,1
24.08.2021 01:18:26.858,1.2658200000000002,1.2657200000000002,1.97,1
24.08.2021 01:18:32.408,1.26584,1.26574,1,1
24.08.2021 01:18:33.239,1.2658600000000002,1.26574,1.1,1
24.08.2021 01:18:36.364,1.26587,1.26574,2.7,1
24.08.2021 01:18:57.599,1.2658500000000001,1.26574,1.57,1.12
24.08.2021 01:19:12.096,1.2658500000000001,1.26573,1,1
24.08.2021 01:19:28.292,1.26584,1.26574,1,1.5
24.08.2021 01:19:39.682,1.2658500000000001,1.26574,1.1,2
24.08.2021 01:19:55.131,1.26581,1.2657100000000001,1,1
24.08.2021 01:19:55.232,1.26584,1.26574,2.82,1
24.08.2021 01:19:55.333,1.26584,1.26574,1,1
24.08.2021 01:19:55.784,1.2658600000000002,1.26573,1.95,1
24.08.2021 01:20:04.774,1.26584,1.26574,1.5,1
24.08.2021 01:20:06.260,1.2658600000000002,1.26573,1.95,1
24.08.2021 01:20:17.143,1.2658500000000001,1.26573,3.47,1
24.08.2021 01:20:17.194,1.26584,1.2657100000000001,1.1,1.87
24.08.2021 01:20:17.296,1.26583,1.2657200000000002,1.6,1.5
24.08.2021 01:20:18.299,1.26584,1.2657200000000002,1.1,1
24.08.2021 01:20:19.373,1.26584,1.2657200000000002,1.22,1
24.08.2021 01:20:21.042,1.26583,1.2657,1.1,1.12
24.08.2021 01:20:22.580,1.26584,1.2657200000000002,1.1,1
24.08.2021 01:20:27.693,1.26583,1.2657200000000002,1.6,1.5
24.08.2021 01:20:46.870,1.2658,1.26568,1.1,1.5
24.08.2021 01:20:46.972,1.26581,1.26569,1.2,1.5
24.08.2021 01:20:47.700,1.26583,1.26569,2.1,1.5
24.08.2021 01:20:51.003,1.2658,1.26569,1.22,1
24.08.2021 01:20:51.105,1.2658,1.26567,1.22,1.5
24.08.2021 01:20:51.788,1.2658,1.26567,1.22,1.5
24.08.2021 01:20:52.141,1.26581,1.26567,2.85,1.5
24.08.2021 01:20:52.445,1.26579,1.26568,1.97,1
24.08.2021 01:20:52.923,1.2658,1.26567,1.22,1
24.08.2021 01:21:02.785,1.26581,1.26567,5.1,1.5
24.08.2021 01:21:02.886,1.26577,1.2656500000000002,2.85,1.5
24.08.2021 01:21:03.038,1.26579,1.26566,1.1,1.87
24.08.2021 01:21:03.139,1.2658,1.26566,1.67,1.87
24.08.2021 01:21:11.704,1.2658,1.26567,1.22,1
24.08.2021 01:21:36.027,1.2658,1.26567,2.1,1
24.08.2021 01:21:43.622,1.26581,1.26568,1.22,1.5
24.08.2021 01:21:43.759,1.26581,1.26568,1.2,1.5
24.08.2021 01:21:43.809,1.2658200000000002,1.2657100000000001,1.1,1
24.08.2021 01:21:43.910,1.2658200000000002,1.2657100000000001,1.1,1.87
24.08.2021 01:21:44.011,1.26583,1.2657,1.1,1.87
24.08.2021 01:21:45.506,1.2658500000000001,1.26573,3.1,1
24.08.2021 01:21:49.130,1.2658600000000002,1.26573,1.22,1
24.08.2021 01:21:49.538,1.2658600000000002,1.2657500000000002,2.72,1
24.08.2021 01:21:49.639,1.2658600000000002,1.2657500000000002,3.66,1
24.08.2021 01:21:50.563,1.26584,1.26574,1.97,1
24.08.2021 01:21:50.665,1.26584,1.2657100000000001,1.6,1.5
24.08.2021 01:21:52.775,1.26581,1.26569,1,1.5
24.08.2021 01:21:52.876,1.26584,1.2657,3.79,1.5
24.08.2021 01:22:01.885,1.26584,1.2657100000000001,2.29,1
24.08.2021 01:22:10.080,1.2658200000000002,1.2657100000000001,1.2,1.5
24.08.2021 01:22:12.391,1.26581,1.26569,1.22,1
24.08.2021 01:22:12.543,1.26583,1.26569,1.95,1.87
24.08.2021 01:22:14.083,1.2658,1.2657,1.12,1.5
24.08.2021 01:22:15.106,1.2658200000000002,1.2657,1.6,1.5
24.08.2021 01:22:15.207,1.2658200000000002,1.2657,1.1,1.5
24.08.2021 01:22:18.814,1.2658200000000002,1.2657100000000001,1.2,1.5
24.08.2021 01:22:31.718,1.2658200000000002,1.2657,1,1.5
24.08.2021 01:22:36.440,1.2658,1.2657,1,1.5
24.08.2021 01:22:36.592,1.26579,1.26569,1.2,1.5
24.08.2021 01:22:36.809,1.2658,1.26568,2.72,1
24.08.2021 01:22:37.100,1.2658,1.26568,1.95,1
24.08.2021 01:22:37.657,1.2658,1.26568,2.72,1
24.08.2021 01:22:39.912,1.2658,1.26568,2.7,1
24.08.2021 01:22:44.261,1.26579,1.26569,2.72,1
24.08.2021 01:22:50.354,1.2658,1.26567,2.72,1.5
24.08.2021 01:23:02.030,1.2658,1.26567,1.95,1.5
24.08.2021 01:23:13.178,1.2658,1.26567,1.22,1.5
24.08.2021 01:23:27.424,1.26578,1.26568,1.22,1
24.08.2021 01:23:29.318,1.2658,1.26568,1.1,1
24.08.2021 01:23:29.419,1.2658200000000002,1.26568,1.6,1.5
24.08.2021 01:23:30.227,1.2658,1.26568,1.1,1
24.08.2021 01:23:37.805,1.2658,1.26567,1.97,1.5
24.08.2021 01:23:41.939,1.26579,1.26569,1.22,1
24.08.2021 01:23:44.392,1.26578,1.26568,1,1
24.08.2021 01:23:44.494,1.26574,1.26563,1.12,1
24.08.2021 01:23:44.646,1.2657500000000002,1.26563,1,1
24.08.2021 01:23:45.147,1.26573,1.26563,1,1
24.08.2021 01:23:48.215,1.2657100000000001,1.2656100000000001,1,1
24.08.2021 01:23:49.940,1.2657,1.2656100000000001,1,1
24.08.2021 01:23:49.991,1.26568,1.26559,1,1
24.08.2021 01:23:50.042,1.2656100000000001,1.2655200000000002,1,2.07
24.08.2021 01:23:50.093,1.2656,1.26553,1,1
24.08.2021 01:23:50.746,1.26559,1.26549,1,1.2
24.08.2021 01:23:50.848,1.26559,1.2655,1,1
24.08.2021 01:23:54.794,1.26553,1.2654400000000001,1,1.1
24.08.2021 01:23:54.896,1.26553,1.2654200000000002,1,1
24.08.2021 01:24:02.623,1.26554,1.2654200000000002,1,1
24.08.2021 01:24:02.776,1.26554,1.2654100000000001,1,1
24.08.2021 01:24:08.992,1.26555,1.2654200000000002,1.1,1
24.08.2021 01:24:09.808,1.26558,1.26545,1.95,1
24.08.2021 01:24:09.910,1.26557,1.26547,1.1,1
24.08.2021 01:24:10.011,1.26559,1.26546,1.57,1
24.08.2021 01:24:15.155,1.26559,1.26545,1,1.57
24.08.2021 01:24:15.257,1.26559,1.26545,1,1.6
24.08.2021 01:24:18.686,1.26556,1.2654400000000001,1,1.1
24.08.2021 01:24:18.788,1.26554,1.2654100000000001,1,1.87
24.08.2021 01:24:19.315,1.2655200000000002,1.2654200000000002,1,1
24.08.2021 01:24:19.518,1.26548,1.26538,1,1.57
24.08.2021 01:24:19.619,1.26548,1.26536,1,1
24.08.2021 01:24:20.371,1.2655,1.26537,1.1,1
24.08.2021 01:24:21.317,1.2655100000000001,1.26538,1,1
24.08.2021 01:24:28.978,1.2655200000000002,1.26539,1.1,1
24.08.2021 01:24:30.687,1.26553,1.2654,1.57,1
24.08.2021 01:24:30.788,1.26553,1.2654100000000001,1.57,1
24.08.2021 01:24:32.285,1.2655100000000001,1.26538,2.14,1
24.08.2021 01:24:32.386,1.26549,1.26536,1.1,1
24.08.2021 01:24:33.431,1.2655,1.26537,2.91,1
24.08.2021 01:24:38.282,1.2655,1.26536,2.16,1
24.08.2021 01:24:41.421,1.26549,1.26539,1.41,1
24.08.2021 01:24:43.781,1.2655200000000002,1.2654100000000001,1.2,1
24.08.2021 01:24:43.934,1.26553,1.2654100000000001,1.2,1
24.08.2021 01:24:44.086,1.26555,1.2654200000000002,3.17,1
24.08.2021 01:24:48.030,1.26554,1.2654200000000002,3.74,1
24.08.2021 01:25:12.307,1.26549,1.26538,1.1,1
24.08.2021 01:25:12.408,1.2655100000000001,1.26539,1.12,1
24.08.2021 01:25:12.509,1.2655,1.2654100000000001,1,1
24.08.2021 01:25:12.610,1.2655200000000002,1.2654,1.2,1
24.08.2021 01:25:14.242,1.26554,1.2654200000000002,3.36,1
24.08.2021 01:25:33.670,1.26556,1.26543,2.16,1
24.08.2021 01:25:40.107,1.26555,1.2654100000000001,2.91,1
24.08.2021 01:25:40.208,1.26553,1.2654100000000001,1.12,1
24.08.2021 01:25:46.113,1.26554,1.26543,1.3,1
24.08.2021 01:25:47.140,1.26555,1.2654100000000001,1.22,1
24.08.2021 01:25:47.242,1.26554,1.2654100000000001,2.26,1
24.08.2021 01:25:52.053,1.26553,1.2654200000000002,1.85,1
24.08.2021 01:25:52.297,1.26553,1.2654200000000002,1.85,1
24.08.2021 01:25:52.582,1.2655200000000002,1.26538,3.72,1
24.08.2021 01:25:52.633,1.26549,1.26536,1.1,1
24.08.2021 01:25:53.910,1.26548,1.26538,1.22,1
24.08.2021 01:25:54.019,1.26549,1.26537,1.2,1
24.08.2021 01:25:58.222,1.2655100000000001,1.26538,1.27,1
24.08.2021 01:26:00.590,1.2655200000000002,1.2654,1.22,1
24.08.2021 01:26:00.691,1.26554,1.2654200000000002,1.2,1
24.08.2021 01:26:00.793,1.26554,1.2654100000000001,1.49,1
24.08.2021 01:26:01.081,1.26555,1.2654200000000002,1.41,1
24.08.2021 01:26:01.812,1.26555,1.2654200000000002,2.91,1
24.08.2021 01:26:02.148,1.26555,1.2654100000000001,2.91,1
24.08.2021 01:26:02.250,1.26554,1.2654100000000001,1.35,1
24.08.2021 01:26:02.352,1.26554,1.2654,2.8,1
24.08.2021 01:26:03.374,1.2655200000000002,1.2654100000000001,2.24,1
24.08.2021 01:26:04.484,1.26553,1.26543,1.3,1
24.08.2021 01:26:12.781,1.26554,1.2654100000000001,1.1,1
24.08.2021 01:26:13.933,1.2655100000000001,1.26538,1.2,1
24.08.2021 01:26:14.034,1.2655,1.26537,1.57,1
24.08.2021 01:26:14.085,1.26548,1.26536,2.72,1.12
24.08.2021 01:26:14.186,1.2655,1.26536,3.04,1
24.08.2021 01:26:15.192,1.26547,1.26536,1.1,1
24.08.2021 01:26:15.293,1.26548,1.26535,1.1,1
24.08.2021 01:26:15.709,1.26549,1.26537,3.04,1
24.08.2021 01:26:15.847,1.26549,1.26535,2.72,1
24.08.2021 01:26:17.314,1.26549,1.26535,2.85,1
24.08.2021 01:26:17.416,1.26549,1.26536,2.1,1
24.08.2021 01:26:18.424,1.26549,1.26536,1.6,1
24.08.2021 01:26:18.682,1.2655200000000002,1.26543,1.76,1
24.08.2021 01:26:18.783,1.26554,1.2654400000000001,3.1,1
24.08.2021 01:26:18.935,1.26556,1.26543,2.91,1
24.08.2021 01:26:19.086,1.26556,1.26543,1.1,1.12
24.08.2021 01:26:19.188,1.26558,1.26546,1.1,1
24.08.2021 01:26:19.289,1.26558,1.26546,1.1,1
24.08.2021 01:26:24.711,1.26559,1.26547,1.22,1
24.08.2021 01:26:24.812,1.26559,1.26546,1.22,1
24.08.2021 01:26:29.250,1.26559,1.26547,1.22,1
24.08.2021 01:26:33.293,1.26559,1.26546,1.22,1
24.08.2021 01:26:33.395,1.26559,1.26545,2.29,1
24.08.2021 01:26:36.188,1.26558,1.2654400000000001,1.6,1
24.08.2021 01:26:37.365,1.26558,1.2654400000000001,2.1,1
24.08.2021 01:26:38.432,1.26559,1.26546,2.85,1
24.08.2021 01:26:44.191,1.26558,1.2654400000000001,2.1,1
24.08.2021 01:26:44.292,1.26557,1.2654400000000001,1.22,1
24.08.2021 01:26:44.494,1.26558,1.2654400000000001,1.6,1
24.08.2021 01:26:46.208,1.26558,1.26546,1.6,1
24.08.2021 01:26:46.649,1.26558,1.26546,1.2,1
24.08.2021 01:26:52.328,1.26559,1.26547,1.1,1
24.08.2021 01:26:52.430,1.26563,1.2655200000000002,1.67,1
24.08.2021 01:26:52.531,1.26564,1.2655200000000002,1.6,1
24.08.2021 01:26:52.683,1.26564,1.26553,1.2,1
24.08.2021 01:26:52.914,1.26567,1.26553,3.04,1
24.08.2021 01:26:53.176,1.2656500000000002,1.2655200000000002,1.95,1
24.08.2021 01:26:54.740,1.26564,1.26553,1.22,1
24.08.2021 01:26:56.690,1.26567,1.26554,1.6,1
24.08.2021 01:26:56.801,1.2656500000000002,1.26554,1.2,1
24.08.2021 01:26:57.387,1.2656500000000002,1.26554,1.22,1
24.08.2021 01:27:00.889,1.26564,1.2655200000000002,1,1
24.08.2021 01:27:01.041,1.26563,1.26553,1.1,1
24.08.2021 01:27:03.124,1.2656100000000001,1.2655100000000001,1.12,1
24.08.2021 01:27:03.276,1.26559,1.26546,1.57,1
24.08.2021 01:27:03.378,1.26557,1.26547,1.1,1
24.08.2021 01:27:04.024,1.2656,1.26549,1.2,1.5
24.08.2021 01:27:04.126,1.2656100000000001,1.2655100000000001,1.7,1
24.08.2021 01:27:04.177,1.26563,1.2655100000000001,4.3,1
24.08.2021 01:27:07.006,1.2656100000000001,1.26549,1.1,1
24.08.2021 01:27:08.912,1.2656,1.2655100000000001,1.1,1
24.08.2021 01:27:13.508,1.2656200000000002,1.26549,1.1,1
24.08.2021 01:27:17.282,1.26557,1.26548,1.1,1
24.08.2021 01:27:17.333,1.26557,1.26546,1.1,1
24.08.2021 01:27:17.435,1.26557,1.2654400000000001,1.2,1
24.08.2021 01:27:17.536,1.26557,1.2654400000000001,1.97,1
24.08.2021 01:27:24.171,1.26556,1.2654200000000002,1.57,1.5
24.08.2021 01:27:28.087,1.26555,1.26543,1.6,1
24.08.2021 01:27:29.607,1.26556,1.26543,1.22,1
24.08.2021 01:27:38.709,1.2656,1.2655100000000001,1.2,1
24.08.2021 01:27:38.810,1.2656200000000002,1.2655100000000001,1.1,1
24.08.2021 01:27:38.962,1.26564,1.2655,2.72,1
24.08.2021 01:27:40.649,1.26563,1.26553,1.22,1
24.08.2021 01:27:49.768,1.26564,1.2655200000000002,2.54,1
24.08.2021 01:27:51.031,1.2656500000000002,1.26554,1.2,1
24.08.2021 01:27:51.132,1.26567,1.26555,2.76,1
24.08.2021 01:27:51.234,1.26568,1.26556,1.6,1
24.08.2021 01:27:51.386,1.26568,1.26558,1.1,1
24.08.2021 01:27:51.487,1.2657,1.26558,1.96,1
24.08.2021 01:27:51.941,1.26569,1.26559,1,1
24.08.2021 01:27:51.992,1.2657200000000002,1.2656100000000001,1.6,1
24.08.2021 01:27:52.144,1.26573,1.2656100000000001,1.85,1
24.08.2021 01:27:55.248,1.2657500000000002,1.2656500000000002,1.1,1
24.08.2021 01:27:55.450,1.26576,1.2656500000000002,1.1,1
24.08.2021 01:27:55.602,1.26577,1.26564,1.1,1
24.08.2021 01:27:55.704,1.26577,1.26564,1.1,1
24.08.2021 01:27:56.248,1.26576,1.26567,1.1,1
24.08.2021 01:27:56.349,1.26576,1.26566,1.1,1
24.08.2021 01:28:04.126,1.26574,1.26563,1,1
24.08.2021 01:28:04.227,1.2657200000000002,1.26563,1.2,1
24.08.2021 01:28:04.480,1.26576,1.26566,1.27,1
24.08.2021 01:28:04.581,1.26577,1.26566,2.66,1
24.08.2021 01:28:05.012,1.26578,1.26567,1.22,1
24.08.2021 01:28:05.172,1.26579,1.26567,1.85,1
24.08.2021 01:28:06.912,1.26579,1.2656500000000002,1.2,1
24.08.2021 01:28:19.801,1.26577,1.2656500000000002,1.5,1
24.08.2021 01:28:19.852,1.2657500000000002,1.26564,1.57,1
24.08.2021 01:28:20.104,1.26576,1.2656200000000002,1.57,1
24.08.2021 01:28:20.307,1.2657200000000002,1.2656100000000001,1,1.57
24.08.2021 01:28:20.458,1.2657500000000002,1.2656100000000001,1.1,1
24.08.2021 01:28:21.156,1.2657200000000002,1.2656100000000001,1,1.57
24.08.2021 01:28:21.258,1.26573,1.2656,1.1,1
24.08.2021 01:28:24.895,1.2657200000000002,1.26558,1.97,1
24.08.2021 01:28:26.795,1.2657,1.26557,1.6,1
24.08.2021 01:28:26.897,1.26566,1.26553,1.1,2.1
24.08.2021 01:28:26.998,1.26564,1.2655200000000002,1,1
24.08.2021 01:28:27.100,1.26563,1.2655200000000002,1.1,1.5
24.08.2021 01:28:28.089,1.26563,1.2655,1,1.57
24.08.2021 01:28:32.470,1.2656200000000002,1.26549,1.1,1
24.08.2021 01:28:35.170,1.26559,1.26548,1.1,1.5
24.08.2021 01:28:35.589,1.26563,1.26548,2.1,1
24.08.2021 01:28:35.692,1.2656200000000002,1.26548,1.22,1
24.08.2021 01:28:39.095,1.2656100000000001,1.26547,1.1,1.57
24.08.2021 01:28:44.946,1.2656200000000002,1.26549,1.22,1.5
24.08.2021 01:29:00.321,1.26563,1.26549,1.97,1
24.08.2021 01:29:11.451,1.26564,1.2655200000000002,1.1,1
24.08.2021 01:29:11.553,1.26566,1.26554,2.47,1
24.08.2021 01:29:11.655,1.26566,1.2655200000000002,2.07,1
24.08.2021 01:29:12.234,1.26564,1.2655200000000002,1.2,1.87
24.08.2021 01:29:14.499,1.26564,1.2655200000000002,1.2,2
24.08.2021 01:29:14.930,1.2656500000000002,1.2655100000000001,1.2,1.87
24.08.2021 01:29:15.148,1.2656500000000002,1.2655100000000001,1.2,2
24.08.2021 01:29:17.226,1.2656500000000002,1.26553,1.2,1.87
24.08.2021 01:29:19.582,1.26564,1.26553,1.1,1
24.08.2021 01:29:22.604,1.26564,1.2655200000000002,1.1,1.87
24.08.2021 01:29:30.570,1.26566,1.2655200000000002,2.72,1
24.08.2021 01:29:31.146,1.2656500000000002,1.2655100000000001,1.1,1.87
24.08.2021 01:29:32.972,1.2656500000000002,1.2655100000000001,1.1,1
24.08.2021 01:29:40.166,1.2656100000000001,1.26549,2.97,1
24.08.2021 01:29:40.217,1.26557,1.2654400000000001,1,3.52
24.08.2021 01:29:40.369,1.26556,1.26545,1.1,1.5
24.08.2021 01:29:42.790,1.26556,1.26543,1.1,1.5
24.08.2021 01:29:51.651,1.26558,1.26545,1.6,1
24.08.2021 01:29:51.764,1.26558,1.26546,1.6,1
24.08.2021 01:29:51.865,1.26559,1.2654400000000001,1.6,1.57
24.08.2021 01:29:51.966,1.26558,1.26545,1.6,1.5
24.08.2021 01:29:56.195,1.26559,1.2654400000000001,2.75,1.87
24.08.2021 01:29:56.354,1.2656,1.26547,1,1
24.08.2021 01:29:56.405,1.2656100000000001,1.26549,1.57,1
24.08.2021 01:29:56.607,1.26563,1.26548,1,1.87
24.08.2021 01:30:00.262,1.26558,1.26545,1,1.5
24.08.2021 01:30:01.227,1.26556,1.2654400000000001,1,1
24.08.2021 01:30:01.278,1.26558,1.2654400000000001,1,1.5
24.08.2021 01:30:01.698,1.26555,1.26545,1,1
24.08.2021 01:30:02.053,1.26556,1.26543,1,1.5
24.08.2021 01:30:10.078,1.26556,1.26543,1.1,1
24.08.2021 01:30:12.562,1.26558,1.2654400000000001,2.1,1
24.08.2021 01:30:16.269,1.26557,1.26545,2.85,1
24.08.2021 01:30:18.010,1.26555,1.26543,1.1,1
24.08.2021 01:30:18.111,1.26555,1.26543,1.1,1
24.08.2021 01:30:18.213,1.26556,1.2654400000000001,1.6,1
24.08.2021 01:30:20.371,1.26558,1.26543,2.85,1
24.08.2021 01:30:28.833,1.26553,1.2654100000000001,1.1,1
24.08.2021 01:30:28.934,1.2655200000000002,1.2654100000000001,1.1,1
24.08.2021 01:30:29.035,1.2655200000000002,1.2654200000000002,1.1,1
24.08.2021 01:30:29.137,1.26554,1.2654400000000001,1.1,1
24.08.2021 01:30:29.187,1.26556,1.26543,1.85,1
24.08.2021 01:30:36.515,1.26554,1.2654400000000001,1.35,1
24.08.2021 01:30:36.616,1.26557,1.26543,2.29,1
24.08.2021 01:30:37.171,1.26557,1.26543,2.1,1
24.08.2021 01:30:49.562,1.26556,1.26545,2.1,1
24.08.2021 01:30:52.264,1.26557,1.26546,1.22,1
24.08.2021 01:30:52.366,1.26559,1.26545,1.6,1
24.08.2021 01:30:53.786,1.26559,1.26546,1.6,1
24.08.2021 01:30:55.743,1.26557,1.26546,1.22,1
24.08.2021 01:30:56.522,1.2656,1.26545,3.6,1
24.08.2021 01:30:56.909,1.26558,1.26545,1.22,1
24.08.2021 01:30:57.850,1.2656,1.26546,5.29,1
24.08.2021 01:30:58.348,1.2656,1.26549,1.1,1
24.08.2021 01:30:58.399,1.2656100000000001,1.2655,2.16,1
24.08.2021 01:30:58.500,1.26563,1.2655,1.6,1
24.08.2021 01:30:58.853,1.26563,1.2655,1.6,1
24.08.2021 01:31:24.031,1.2656,1.2655,1,1
24.08.2021 01:31:24.082,1.26559,1.26545,1.6,1.95
24.08.2021 01:31:24.183,1.26558,1.26545,1.6,1
24.08.2021 01:31:24.588,1.26558,1.2654400000000001,2.1,1
24.08.2021 01:31:24.689,1.26558,1.2654400000000001,2.1,1
24.08.2021 01:31:25.383,1.26557,1.26543,1.22,1
24.08.2021 01:31:25.484,1.26557,1.26545,2.85,1
24.08.2021 01:31:25.957,1.26557,1.2654400000000001,3.6,1
24.08.2021 01:31:26.337,1.26556,1.26545,1.22,1
24.08.2021 01:31:26.607,1.26557,1.26543,1.22,1
24.08.2021 01:31:26.708,1.26557,1.2654400000000001,1.22,1
24.08.2021 01:31:27.141,1.26557,1.26543,1.6,1
24.08.2021 01:31:28.949,1.26557,1.2654400000000001,1.6,1
24.08.2021 01:31:29.894,1.26556,1.26545,1.6,1
24.08.2021 01:31:31.980,1.26559,1.26545,1.97,1
24.08.2021 01:31:32.679,1.2656,1.26547,1.35,1
24.08.2021 01:31:32.781,1.2656,1.26547,1.35,1
24.08.2021 01:31:34.626,1.2656200000000002,1.26547,1.6,1
24.08.2021 01:31:34.727,1.2656200000000002,1.26546,1.6,1
