Gmt time,Ask,Bid,AskVolume,BidVolume
09.08.2021 00:00:00.515,1.25735,1.25723,1.12,1
09.08.2021 00:00:01.479,1.2573400000000001,1.25723,1.12,1
09.08.2021 00:00:02.419,1.25728,1.25719,1,1
09.08.2021 00:00:02.520,1.25728,1.25718,2.75,1
09.08.2021 00:00:02.621,1.25723,1.2571100000000002,1.12,1
09.08.2021 00:00:02.672,1.2572,1.2571,1,3
09.08.2021 00:00:02.773,1.25723,1.25709,1.5,3
09.08.2021 00:00:03.182,1.25723,1.25709,1.12,3
09.08.2021 00:00:04.413,1.2572100000000002,1.2570700000000001,2,1
09.08.2021 00:00:05.073,1.2572,1.25708,1.12,1
09.08.2021 00:00:05.175,1.2572,1.2571,1,1
09.08.2021 00:00:05.949,1.25725,1.25715,1.12,1
09.08.2021 00:00:06.304,1.25727,1.25716,1.5,1.5
09.08.2021 00:00:08.256,1.25729,1.25716,1.12,1
09.08.2021 00:00:08.307,1.2573,1.25718,1.5,1
09.08.2021 00:00:09.538,1.2573,1.25718,1,1
09.08.2021 00:00:17.053,1.2573100000000001,1.25718,1.12,1
09.08.2021 00:00:17.869,1.2573200000000002,1.25719,1.12,1
09.08.2021 00:00:19.487,1.25727,1.25715,2.75,1.5
09.08.2021 00:00:21.156,1.2573,1.25716,2,1.5
09.08.2021 00:00:21.257,1.2573,1.2571700000000001,1.5,1
09.08.2021 00:00:22.212,1.2573100000000001,1.2571700000000001,2,1.5
09.08.2021 00:00:22.313,1.2573100000000001,1.2571700000000001,1.5,1.5
09.08.2021 00:00:23.334,1.2573100000000001,1.2572100000000002,1,1
09.08.2021 00:00:23.435,1.2574100000000001,1.25728,1.5,1.5
09.08.2021 00:00:23.486,1.25737,1.25727,1.5,1
09.08.2021 00:00:23.537,1.25735,1.25724,1.5,1.5
09.08.2021 00:00:23.688,1.25735,1.25723,1,1
09.08.2021 00:00:25.701,1.25737,1.25726,1.5,1
09.08.2021 00:00:25.803,1.25737,1.25727,1,1
09.08.2021 00:00:30.193,1.25739,1.25726,1,1
09.08.2021 00:00:30.849,1.2574,1.25726,1.12,1.5
09.08.2021 00:00:33.438,1.25736,1.25724,1,1
09.08.2021 00:00:33.589,1.25737,1.25724,1.12,1.5
09.08.2021 00:00:33.690,1.25737,1.25726,1.5,1.5
09.08.2021 00:00:35.320,1.25736,1.25725,1.87,1.5
09.08.2021 00:00:37.301,1.25736,1.25723,1.5,1.5
09.08.2021 00:00:38.247,1.25738,1.25724,2,1.5
09.08.2021 00:00:38.349,1.25738,1.25725,1.12,1.5
09.08.2021 00:00:38.450,1.25736,1.25725,2,1.5
09.08.2021 00:00:38.753,1.25738,1.25726,1.87,1
09.08.2021 00:00:40.702,1.25736,1.25726,1.5,1
09.08.2021 00:00:40.803,1.25736,1.25724,1.12,1
09.08.2021 00:00:42.152,1.25737,1.25723,2.75,1.5
09.08.2021 00:00:45.174,1.25736,1.25725,1.5,1
09.08.2021 00:00:45.276,1.25738,1.25725,2,1
09.08.2021 00:00:45.478,1.2574,1.2573,1,1
09.08.2021 00:00:45.529,1.2574200000000002,1.2573,1.12,1.5
09.08.2021 00:00:48.702,1.2574200000000002,1.2573100000000001,1.12,1.5
09.08.2021 00:00:54.699,1.2574100000000001,1.2573100000000001,1,1
09.08.2021 00:01:01.069,1.2574100000000001,1.2573200000000002,1,1
09.08.2021 00:01:03.942,1.25745,1.25733,1.12,1.5
09.08.2021 00:01:03.993,1.25745,1.25738,1,1
09.08.2021 00:01:04.044,1.25747,1.25739,1.87,1
09.08.2021 00:01:04.153,1.2575,1.25739,2.25,1
09.08.2021 00:01:04.255,1.2575100000000001,1.25739,1.87,1
09.08.2021 00:01:06.521,1.25749,1.2574,1,1
09.08.2021 00:01:06.572,1.2575200000000002,1.2574,1.12,1
09.08.2021 00:01:06.724,1.2575,1.2574,1,1
09.08.2021 00:01:06.825,1.2575100000000001,1.2574,1,1
09.08.2021 00:01:07.549,1.2575100000000001,1.25739,1.12,1
09.08.2021 00:01:07.651,1.25746,1.25737,1,1
09.08.2021 00:01:07.752,1.25749,1.25737,1,1
09.08.2021 00:01:08.762,1.25749,1.25738,1,1
09.08.2021 00:01:08.864,1.2575,1.25739,1.12,1
09.08.2021 00:01:10.697,1.2575100000000001,1.2574,1.12,1
09.08.2021 00:01:10.748,1.25757,1.25745,1,1.5
09.08.2021 00:01:10.850,1.2576,1.25749,2.94,1
09.08.2021 00:01:10.951,1.2576,1.25747,1.5,1
09.08.2021 00:01:11.052,1.2576,1.25748,1.5,1
09.08.2021 00:01:16.879,1.25758,1.25748,1.12,1
09.08.2021 00:01:18.947,1.2576,1.25749,2,1
09.08.2021 00:01:19.149,1.2576,1.25749,1,1
09.08.2021 00:01:19.303,1.2576,1.25748,1,1
09.08.2021 00:01:21.938,1.2576100000000001,1.25749,1.5,1
09.08.2021 00:01:21.989,1.25763,1.2575,1,1
09.08.2021 00:01:22.090,1.2576200000000002,1.25753,1,1
09.08.2021 00:01:22.191,1.2576200000000002,1.2575100000000001,1,1
09.08.2021 00:01:25.178,1.25763,1.25749,1,1.5
09.08.2021 00:01:25.229,1.2576,1.2575,1.5,1
09.08.2021 00:01:25.330,1.2576,1.2575100000000001,1.5,1
09.08.2021 00:01:26.062,1.2576100000000001,1.25749,1.5,1.5
09.08.2021 00:01:27.750,1.2576200000000002,1.25748,1.5,1.5
09.08.2021 00:01:34.080,1.25759,1.25749,1.5,1
09.08.2021 00:01:34.131,1.25759,1.25746,1.12,1
09.08.2021 00:01:34.232,1.25754,1.2574400000000001,1.12,1
09.08.2021 00:01:34.334,1.2575500000000002,1.25748,1,1
09.08.2021 00:01:34.384,1.25759,1.25747,1.5,1
09.08.2021 00:01:34.486,1.25759,1.25747,1.12,1
09.08.2021 00:01:37.806,1.2576100000000001,1.25748,2,1
09.08.2021 00:02:06.078,1.25757,1.25745,1.02,1
09.08.2021 00:02:06.179,1.25759,1.25745,1.5,1.5
09.08.2021 00:02:06.230,1.25758,1.25748,1.12,1
09.08.2021 00:02:06.281,1.25759,1.25745,1.12,1.5
09.08.2021 00:02:06.432,1.2576,1.25747,2.75,1
09.08.2021 00:02:06.533,1.2576,1.25746,3.5,1.5
09.08.2021 00:02:08.457,1.2576,1.25747,1.5,1
09.08.2021 00:02:17.137,1.25763,1.25749,2.82,1.5
09.08.2021 00:02:17.238,1.25764,1.25753,1,1
09.08.2021 00:02:17.441,1.25766,1.25753,2,1
09.08.2021 00:02:17.542,1.2576100000000001,1.25749,1.12,1.5
09.08.2021 00:02:17.644,1.2576200000000002,1.2575100000000001,2,1
09.08.2021 00:02:17.896,1.2576,1.25749,1.87,1
09.08.2021 00:02:22.251,1.2576100000000001,1.25748,1.5,1
09.08.2021 00:02:32.941,1.2576200000000002,1.25749,2.75,1
09.08.2021 00:02:37.019,1.2576200000000002,1.2575,1.5,1
09.08.2021 00:02:37.189,1.2576200000000002,1.25749,1.5,1
09.08.2021 00:02:41.844,1.25763,1.25753,1.12,1.5
09.08.2021 00:02:41.895,1.2576500000000002,1.25754,1.12,1
09.08.2021 00:02:41.996,1.25767,1.25754,3.39,1
09.08.2021 00:02:42.097,1.25767,1.25754,2.62,1.5
09.08.2021 00:02:42.148,1.25763,1.2575500000000002,1.02,1
09.08.2021 00:02:42.199,1.2576500000000002,1.2575200000000002,1.5,1
09.08.2021 00:02:42.300,1.2576500000000002,1.25754,3.37,1.5
09.08.2021 00:02:42.401,1.25766,1.2575200000000002,4.12,1
09.08.2021 00:02:44.791,1.25766,1.25753,2.62,1
09.08.2021 00:02:45.074,1.25766,1.2575200000000002,2.62,1
09.08.2021 00:02:45.175,1.25767,1.25754,2.81,1
09.08.2021 00:02:45.442,1.25766,1.25753,1.5,1
09.08.2021 00:02:45.492,1.25766,1.25753,2,1
09.08.2021 00:02:45.543,1.2576500000000002,1.2575100000000001,1.12,1
09.08.2021 00:02:46.341,1.25763,1.2575100000000001,2.39,1.5
09.08.2021 00:02:46.443,1.25763,1.2575100000000001,2.75,1.5
09.08.2021 00:02:46.944,1.25763,1.25754,1,1.5
09.08.2021 00:02:46.995,1.25766,1.25754,2.75,1
09.08.2021 00:02:47.326,1.25766,1.25754,1.87,1
09.08.2021 00:02:47.427,1.25767,1.2575500000000002,2,1
09.08.2021 00:02:47.714,1.25767,1.25757,1.87,1
09.08.2021 00:02:47.765,1.25766,1.25756,1.87,1
09.08.2021 00:02:47.867,1.2576500000000002,1.25754,1.75,1
09.08.2021 00:02:47.918,1.2576500000000002,1.25754,1.25,1.5
09.08.2021 00:02:48.732,1.25767,1.25754,1.75,1
09.08.2021 00:02:48.833,1.25767,1.2575500000000002,1.5,1
09.08.2021 00:02:49.035,1.25768,1.2576,1,1
09.08.2021 00:02:49.086,1.2577200000000002,1.25759,2.06,1.5
09.08.2021 00:02:49.188,1.25774,1.25763,1.5,1.5
09.08.2021 00:02:49.238,1.25776,1.2576500000000002,2.82,1
09.08.2021 00:02:49.390,1.25776,1.25763,1.5,1
09.08.2021 00:02:49.491,1.25776,1.2576500000000002,2.82,1
09.08.2021 00:02:49.542,1.25776,1.2576500000000002,1.87,1
09.08.2021 00:02:49.694,1.25778,1.25764,2.75,1.5
09.08.2021 00:02:49.846,1.25776,1.25766,1.5,1
09.08.2021 00:02:50.251,1.25778,1.25769,1,1.5
09.08.2021 00:02:50.302,1.2578200000000002,1.25768,2,1.5
09.08.2021 00:02:50.403,1.25781,1.2577,1,1
09.08.2021 00:02:51.006,1.25781,1.2577200000000002,1,1
09.08.2021 00:02:51.107,1.2578500000000001,1.25773,2.07,1
09.08.2021 00:02:51.158,1.25783,1.2577,1,1.5
09.08.2021 00:02:51.561,1.25783,1.2577,1.5,1.5
09.08.2021 00:02:51.662,1.25781,1.2577,1.85,1
09.08.2021 00:02:51.763,1.2578,1.25768,1.64,1
09.08.2021 00:02:52.162,1.25783,1.2577,1.6,1
09.08.2021 00:02:52.315,1.2578200000000002,1.25769,1.5,1.5
09.08.2021 00:02:52.365,1.25781,1.2577,2,1
09.08.2021 00:02:52.517,1.2578200000000002,1.2577,1.5,1
09.08.2021 00:02:53.203,1.2578200000000002,1.25768,2.56,1.5
09.08.2021 00:02:53.596,1.25784,1.2577,2.37,1.5
09.08.2021 00:02:55.045,1.25783,1.2577,1,1.5
09.08.2021 00:02:55.197,1.25778,1.2576500000000002,1.5,1.5
09.08.2021 00:02:55.399,1.25779,1.2576500000000002,1.12,1
09.08.2021 00:02:55.450,1.25778,1.25769,1,1
09.08.2021 00:02:55.501,1.2578200000000002,1.2577,1,1.5
09.08.2021 00:02:55.602,1.2578200000000002,1.25771,1,1
09.08.2021 00:02:57.112,1.25777,1.2576500000000002,1.5,1.5
09.08.2021 00:02:57.214,1.25778,1.25764,2,1.5
09.08.2021 00:02:58.393,1.25776,1.25764,2,1.5
09.08.2021 00:02:59.093,1.25776,1.2576200000000002,1.62,1
09.08.2021 00:03:00.284,1.2577500000000001,1.2576200000000002,1.62,1
09.08.2021 00:03:03.167,1.25774,1.2576100000000001,1,1
09.08.2021 00:03:06.915,1.25778,1.25768,1.5,1
09.08.2021 00:03:07.016,1.25778,1.25767,1,1.5
09.08.2021 00:03:07.118,1.25781,1.25768,1.5,1
09.08.2021 00:03:07.320,1.25781,1.25769,1.62,1.5
09.08.2021 00:03:07.370,1.2578200000000002,1.2577,1.5,1
09.08.2021 00:03:07.471,1.25781,1.2577,1.5,1
09.08.2021 00:03:07.573,1.25781,1.2577,1.62,1
09.08.2021 00:03:07.725,1.25781,1.25771,1,1
09.08.2021 00:03:07.827,1.2578200000000002,1.2577,1,1.5
09.08.2021 00:03:08.764,1.2578200000000002,1.25771,1,1
09.08.2021 00:03:08.865,1.25784,1.25771,1.62,1.5
09.08.2021 00:03:09.718,1.25783,1.25771,1.62,1.5
09.08.2021 00:03:09.848,1.25783,1.2577,1.62,1
09.08.2021 00:03:10.093,1.25783,1.2577200000000002,1,1
09.08.2021 00:03:10.194,1.25784,1.25771,1.62,1
09.08.2021 00:03:10.346,1.25783,1.25771,1,1
09.08.2021 00:03:10.764,1.25783,1.2577200000000002,1,1
09.08.2021 00:03:10.944,1.25783,1.25771,1,1
09.08.2021 00:03:10.995,1.2578200000000002,1.25768,1.62,1
09.08.2021 00:03:11.046,1.2578200000000002,1.2577,1.5,1
09.08.2021 00:03:11.147,1.25781,1.2577,1.62,1
09.08.2021 00:03:12.051,1.25781,1.2577,1.5,1
09.08.2021 00:03:12.253,1.2578200000000002,1.25769,1.62,1
09.08.2021 00:03:12.675,1.2578200000000002,1.25769,1.5,1
09.08.2021 00:03:12.915,1.2578200000000002,1.2577,1.5,1
09.08.2021 00:03:13.029,1.2578200000000002,1.2577200000000002,1.5,1
09.08.2021 00:03:16.271,1.2578500000000001,1.2577200000000002,1.62,1.5
09.08.2021 00:03:16.372,1.2578200000000002,1.25773,1,1
09.08.2021 00:03:16.473,1.25784,1.2577200000000002,1,1
09.08.2021 00:03:16.574,1.2578500000000001,1.2577200000000002,1.87,1.5
09.08.2021 00:03:16.879,1.25784,1.2577500000000001,1.12,1
09.08.2021 00:03:20.619,1.2578600000000002,1.25776,1,1
09.08.2021 00:03:21.736,1.25793,1.2578,1.5,1
09.08.2021 00:03:21.837,1.25793,1.25781,1.5,1
09.08.2021 00:03:22.193,1.2579200000000001,1.25784,1.5,1
09.08.2021 00:03:22.244,1.25793,1.25784,1,1
09.08.2021 00:03:23.325,1.2579200000000001,1.25781,2.25,1
09.08.2021 00:03:23.528,1.2579200000000001,1.2578500000000001,1.5,1
09.08.2021 00:03:23.846,1.25793,1.2578200000000002,2,1
09.08.2021 00:03:23.897,1.25791,1.2578,1.5,1
09.08.2021 00:03:23.948,1.25791,1.2578,1.12,1
09.08.2021 00:03:23.999,1.25793,1.25783,2,1
09.08.2021 00:03:24.101,1.25793,1.25783,1.5,1
09.08.2021 00:03:24.717,1.2579200000000001,1.25784,1.5,1
09.08.2021 00:03:24.927,1.25784,1.25778,1,1
09.08.2021 00:03:24.978,1.2578500000000001,1.2577500000000001,1.5,1
09.08.2021 00:03:25.029,1.2578500000000001,1.25773,1.5,2.25
09.08.2021 00:03:25.382,1.25784,1.25774,1.81,1
09.08.2021 00:03:25.585,1.25784,1.25774,1.62,1
09.08.2021 00:03:25.636,1.25783,1.25773,1.62,1
09.08.2021 00:03:25.838,1.25784,1.25774,1.62,1
09.08.2021 00:03:28.740,1.25777,1.25767,1.5,1
09.08.2021 00:03:28.791,1.25777,1.2576500000000002,1.5,1
09.08.2021 00:03:28.892,1.25776,1.25767,1.5,1
09.08.2021 00:03:29.043,1.25777,1.25767,1.5,1
09.08.2021 00:03:29.145,1.25777,1.25766,1.5,1
09.08.2021 00:03:29.723,1.25776,1.25768,1.5,1
09.08.2021 00:03:30.461,1.25777,1.25767,1,1
09.08.2021 00:03:30.512,1.25781,1.25769,1.87,1
09.08.2021 00:03:30.562,1.25784,1.25773,1.5,1
09.08.2021 00:03:30.664,1.2578500000000001,1.25774,2,1
09.08.2021 00:03:30.765,1.2578500000000001,1.2577500000000001,1.5,1
09.08.2021 00:03:30.866,1.2578500000000001,1.25774,1.5,1
09.08.2021 00:03:32.028,1.2578600000000002,1.2577500000000001,1.5,1
09.08.2021 00:03:32.286,1.2578500000000001,1.25774,1.5,1
09.08.2021 00:03:32.741,1.2578500000000001,1.25774,1.5,1
09.08.2021 00:03:33.235,1.25787,1.25777,1.12,1
09.08.2021 00:03:33.337,1.25789,1.25777,1.31,1
09.08.2021 00:03:33.488,1.2578799999999999,1.25776,1.02,1
09.08.2021 00:03:33.539,1.25789,1.25776,1.5,1
09.08.2021 00:03:33.691,1.25789,1.25777,1.25,1
09.08.2021 00:03:33.893,1.25789,1.25778,1.25,1
09.08.2021 00:03:34.088,1.25789,1.25776,1.69,1
09.08.2021 00:03:34.139,1.2579,1.25781,1.5,1
09.08.2021 00:03:34.240,1.25793,1.2578200000000002,1.75,1
09.08.2021 00:03:34.596,1.25793,1.2578200000000002,1.5,1
09.08.2021 00:03:36.406,1.25793,1.25783,1.5,1
09.08.2021 00:03:38.386,1.2579500000000001,1.25784,1.12,1
09.08.2021 00:03:38.437,1.25793,1.25783,1.5,1
09.08.2021 00:03:38.538,1.25793,1.25783,1.12,1
09.08.2021 00:03:40.251,1.25794,1.25784,1.75,1
09.08.2021 00:03:41.415,1.2578600000000002,1.25777,1.12,1
09.08.2021 00:03:41.516,1.25789,1.25777,2,1
09.08.2021 00:03:41.567,1.2578500000000001,1.25774,1,3
09.08.2021 00:03:41.669,1.25787,1.25777,1.72,1
09.08.2021 00:03:42.516,1.25787,1.25778,1.02,1
09.08.2021 00:03:42.732,1.2578799999999999,1.25776,1.02,1
09.08.2021 00:03:43.199,1.2578500000000001,1.25776,1.12,1
09.08.2021 00:03:43.301,1.25787,1.25776,1.12,1
09.08.2021 00:03:43.353,1.2578799999999999,1.25779,2.19,1
09.08.2021 00:03:43.505,1.25791,1.25781,3.57,1
09.08.2021 00:03:43.759,1.2579200000000001,1.25781,3.57,1
09.08.2021 00:03:43.861,1.25793,1.2578200000000002,2,1
09.08.2021 00:03:43.962,1.25793,1.2578200000000002,1.5,1
09.08.2021 00:03:44.063,1.25793,1.2578200000000002,2,1
09.08.2021 00:03:44.216,1.2579200000000001,1.2578200000000002,2,1
09.08.2021 00:03:46.567,1.2579,1.25779,2.25,1
09.08.2021 00:03:46.669,1.2578500000000001,1.25776,1.12,1
09.08.2021 00:03:46.776,1.25784,1.25776,1.5,1
09.08.2021 00:03:47.080,1.2578500000000001,1.25774,1.5,1
09.08.2021 00:03:47.182,1.2578500000000001,1.25774,1.5,1
09.08.2021 00:03:47.512,1.25777,1.25767,1.12,1
09.08.2021 00:03:47.613,1.25777,1.25768,1.12,1
09.08.2021 00:03:47.714,1.25779,1.2577,2.75,1
09.08.2021 00:03:47.815,1.25779,1.25769,2.75,1
09.08.2021 00:03:47.967,1.25776,1.25768,1.5,1
09.08.2021 00:03:48.388,1.2578,1.25768,3.95,1
09.08.2021 00:03:49.672,1.25776,1.25767,1.81,1
09.08.2021 00:03:50.140,1.25777,1.25767,1,1
09.08.2021 00:03:50.191,1.2578,1.25769,1.12,1
09.08.2021 00:03:50.292,1.25783,1.2577,3.95,1
09.08.2021 00:03:50.343,1.25783,1.25773,1,1
09.08.2021 00:03:50.444,1.25784,1.25773,1.81,1
09.08.2021 00:03:52.845,1.2578500000000001,1.2577500000000001,1.5,1
09.08.2021 00:03:52.946,1.2578500000000001,1.2577500000000001,1.5,1
09.08.2021 00:03:53.249,1.25787,1.25776,1.5,1
09.08.2021 00:03:53.976,1.25789,1.25777,1.5,1
09.08.2021 00:03:54.027,1.25791,1.2578,5.25,1
09.08.2021 00:03:54.179,1.25791,1.25781,1.75,1
09.08.2021 00:03:54.231,1.25793,1.25781,2,1
09.08.2021 00:03:54.434,1.2579200000000001,1.25783,1.5,1
09.08.2021 00:03:59.083,1.25793,1.25783,1.5,1
09.08.2021 00:04:00.010,1.25793,1.2578200000000002,1.5,1
09.08.2021 00:04:00.414,1.25793,1.25783,1.5,1
09.08.2021 00:04:04.434,1.2579200000000001,1.25779,3,1
09.08.2021 00:04:04.643,1.2579200000000001,1.25779,3.39,1
09.08.2021 00:04:05.581,1.2579200000000001,1.25781,1.5,1
09.08.2021 00:04:05.682,1.25793,1.25783,1.5,1
09.08.2021 00:04:05.835,1.25793,1.2578,2,1
09.08.2021 00:04:05.886,1.2579200000000001,1.25784,1.5,1
09.08.2021 00:04:06.038,1.25793,1.25781,2,1
09.08.2021 00:04:06.712,1.2579200000000001,1.25781,2,1.5
09.08.2021 00:04:06.813,1.25793,1.25784,1.12,1
09.08.2021 00:04:07.120,1.2579600000000002,1.25784,1.75,1
09.08.2021 00:04:07.221,1.2579600000000002,1.25783,2.19,1.5
09.08.2021 00:04:07.272,1.25797,1.2578600000000002,1.5,1
09.08.2021 00:04:07.373,1.258,1.2578799999999999,2,1
09.08.2021 00:04:08.478,1.25793,1.25781,1.5,1.5
09.08.2021 00:04:08.579,1.25794,1.25784,2,1
09.08.2021 00:04:08.681,1.25794,1.2578200000000002,1.5,1
09.08.2021 00:04:09.244,1.258,1.25787,2.19,1
09.08.2021 00:04:10.115,1.25799,1.25789,1.5,1
09.08.2021 00:04:10.217,1.258,1.25789,1.5,1
09.08.2021 00:04:10.549,1.2580200000000001,1.2579,2.19,1
09.08.2021 00:04:11.735,1.2580200000000001,1.2579,1.75,1
09.08.2021 00:04:13.644,1.258,1.25791,1.5,1
09.08.2021 00:04:13.746,1.258,1.2578799999999999,2,1
09.08.2021 00:04:16.516,1.258,1.25787,2.75,1
09.08.2021 00:04:18.560,1.25794,1.2578600000000002,1.12,1
09.08.2021 00:04:18.611,1.2579200000000001,1.2578500000000001,1.12,1
09.08.2021 00:04:18.712,1.2579500000000001,1.25783,1.5,1
09.08.2021 00:04:18.964,1.25793,1.25783,1.5,1
09.08.2021 00:04:19.070,1.2579500000000001,1.2578200000000002,3.12,1
09.08.2021 00:04:20.411,1.2579500000000001,1.25783,2.94,1
09.08.2021 00:04:20.513,1.25793,1.2578200000000002,1.5,1
09.08.2021 00:04:20.664,1.25794,1.25783,1.5,1
09.08.2021 00:04:20.715,1.25797,1.25784,1.75,1
09.08.2021 00:04:20.766,1.25797,1.2578500000000001,1.75,1
09.08.2021 00:04:22.619,1.2579600000000002,1.2578500000000001,1.02,1
09.08.2021 00:04:22.720,1.2579500000000001,1.25784,1.87,1
09.08.2021 00:04:22.821,1.25793,1.25783,1.5,1
09.08.2021 00:04:22.922,1.25794,1.25783,2.37,1
09.08.2021 00:04:23.276,1.25793,1.25781,1.5,1
09.08.2021 00:04:26.362,1.25794,1.2578200000000002,2,1
09.08.2021 00:04:26.463,1.25794,1.25783,2,1
09.08.2021 00:04:26.564,1.25794,1.25783,1.5,1
09.08.2021 00:04:26.766,1.25794,1.2578500000000001,1.62,1
09.08.2021 00:04:27.949,1.25797,1.2578500000000001,1.12,1
09.08.2021 00:04:28.000,1.258,1.2578799999999999,2.45,1
09.08.2021 00:04:30.349,1.258,1.25789,2,1
09.08.2021 00:04:40.527,1.258,1.2578799999999999,1.5,1
09.08.2021 00:04:45.382,1.25799,1.2578799999999999,2,1
09.08.2021 00:04:45.635,1.258,1.25789,1.5,1
09.08.2021 00:04:48.444,1.2579600000000002,1.2578600000000002,1.12,1
09.08.2021 00:04:48.546,1.25798,1.2578600000000002,1.5,1
09.08.2021 00:04:48.699,1.258,1.25787,3.69,1
09.08.2021 00:04:48.800,1.258,1.25787,3.69,1
09.08.2021 00:04:48.953,1.25799,1.2578600000000002,1.5,1
09.08.2021 00:04:49.628,1.258,1.25787,3.5,1
09.08.2021 00:04:52.842,1.258,1.2578799999999999,2.75,1
09.08.2021 00:04:52.994,1.25799,1.2578799999999999,2,1.5
09.08.2021 00:04:53.926,1.258,1.2578799999999999,1.5,1
09.08.2021 00:04:55.017,1.2580200000000001,1.25789,2.75,1
09.08.2021 00:04:55.068,1.2580200000000001,1.2579200000000001,1,1.5
09.08.2021 00:04:55.119,1.2580500000000001,1.25793,1,1
09.08.2021 00:04:55.220,1.2580500000000001,1.2579200000000001,1,1
09.08.2021 00:04:55.321,1.2580600000000002,1.25793,1.12,1.5
09.08.2021 00:04:58.070,1.258,1.25789,1.12,1
09.08.2021 00:04:58.171,1.258,1.2578799999999999,1.12,1.5
09.08.2021 00:04:58.434,1.258,1.2578799999999999,1.5,1
09.08.2021 00:04:58.536,1.25799,1.2578600000000002,1.5,1.5
09.08.2021 00:04:59.607,1.25799,1.25791,1.5,1
09.08.2021 00:05:00.846,1.258,1.25791,1.5,1
09.08.2021 00:05:02.228,1.25799,1.2579200000000001,1,1
09.08.2021 00:05:04.158,1.25801,1.25791,1,1
09.08.2021 00:05:04.259,1.258,1.25791,1,1
09.08.2021 00:05:04.461,1.258,1.25793,1,1
09.08.2021 00:05:04.562,1.25803,1.2579200000000001,3.26,1
09.08.2021 00:05:04.831,1.2580200000000001,1.25793,2.51,1
09.08.2021 00:05:05.624,1.25803,1.25793,2.19,1
09.08.2021 00:05:05.725,1.2580200000000001,1.25794,1,1
09.08.2021 00:05:05.827,1.2580500000000001,1.2579500000000001,1.25,1
09.08.2021 00:05:05.928,1.2580700000000002,1.2579200000000001,2.25,1
09.08.2021 00:05:06.029,1.2580700000000002,1.25793,2.25,1
09.08.2021 00:05:07.012,1.2580600000000002,1.25794,2.25,1
09.08.2021 00:05:08.470,1.25808,1.25798,3.5,1
09.08.2021 00:05:08.572,1.25808,1.25799,1,1
09.08.2021 00:05:09.442,1.25808,1.25797,1.5,1
09.08.2021 00:05:09.644,1.25808,1.25799,1,1
09.08.2021 00:05:09.846,1.25808,1.25798,1.5,1
09.08.2021 00:05:10.002,1.2580700000000002,1.258,1,1
09.08.2021 00:05:10.503,1.25808,1.25798,1.5,1
09.08.2021 00:05:10.751,1.2580700000000002,1.258,1,1
09.08.2021 00:05:11.408,1.25808,1.25798,1.5,1
09.08.2021 00:05:11.509,1.2580500000000001,1.25794,1,1
09.08.2021 00:05:12.134,1.2580500000000001,1.2579600000000002,2,1
09.08.2021 00:05:13.695,1.2580600000000002,1.25794,2,1
09.08.2021 00:05:13.796,1.2580600000000002,1.25794,2,1
09.08.2021 00:05:16.313,1.25804,1.2579600000000002,1.87,1
09.08.2021 00:05:16.414,1.2580600000000002,1.2579500000000001,2,1
09.08.2021 00:05:16.528,1.2580600000000002,1.2579600000000002,1.5,1
09.08.2021 00:05:18.117,1.258,1.25791,1.12,1
09.08.2021 00:05:18.319,1.25804,1.25793,1.12,1
09.08.2021 00:05:18.471,1.2580600000000002,1.25794,2.19,1
09.08.2021 00:05:19.267,1.2580600000000002,1.25794,1.31,1
09.08.2021 00:05:19.368,1.2580600000000002,1.2579600000000002,2.25,1
09.08.2021 00:05:22.267,1.2580500000000001,1.25794,2.06,1
09.08.2021 00:05:23.678,1.25804,1.25793,1.12,1
09.08.2021 00:05:24.405,1.258,1.25791,1,1
09.08.2021 00:05:24.456,1.258,1.25789,1,1
09.08.2021 00:05:24.557,1.25801,1.25789,1.12,1
09.08.2021 00:05:24.759,1.258,1.25789,1.5,1
09.08.2021 00:05:24.860,1.258,1.2578799999999999,1.5,1
09.08.2021 00:05:25.810,1.258,1.25789,1.5,1
09.08.2021 00:05:26.012,1.258,1.2578799999999999,2,1
09.08.2021 00:05:26.193,1.2580200000000001,1.25794,2.87,1
09.08.2021 00:05:26.244,1.2580500000000001,1.25793,1.2,1
09.08.2021 00:05:27.263,1.2580600000000002,1.2579500000000001,1.75,1
09.08.2021 00:05:28.098,1.2580700000000002,1.25797,2,1
09.08.2021 00:05:28.199,1.2580700000000002,1.25798,1.5,1
09.08.2021 00:05:28.452,1.25808,1.2579500000000001,2.19,1
09.08.2021 00:05:30.332,1.25808,1.25797,1.5,1
09.08.2021 00:05:30.433,1.25808,1.2579600000000002,1.5,1
09.08.2021 00:05:31.900,1.2580700000000002,1.2579500000000001,1.5,1.5
09.08.2021 00:05:33.972,1.2580200000000001,1.25793,1.02,1
09.08.2021 00:05:34.023,1.2580200000000001,1.2579200000000001,1.52,1
09.08.2021 00:05:34.175,1.25803,1.25791,1.64,1
09.08.2021 00:05:34.276,1.258,1.2579,1,1
09.08.2021 00:05:34.327,1.258,1.2578799999999999,1,1.5
09.08.2021 00:05:34.428,1.25801,1.2578799999999999,1.12,1.5
09.08.2021 00:05:34.827,1.25799,1.25789,1,1.5
09.08.2021 00:05:34.978,1.258,1.25789,1.12,1.5
09.08.2021 00:05:37.216,1.258,1.25789,1.5,1.5
09.08.2021 00:05:40.422,1.25801,1.2579,1.5,1
09.08.2021 00:05:40.899,1.25801,1.25791,1.5,1
09.08.2021 00:05:41.447,1.258,1.25789,1,1
09.08.2021 00:05:41.548,1.2580200000000001,1.25789,2,1
09.08.2021 00:05:41.649,1.25801,1.25791,2,1
09.08.2021 00:05:42.496,1.2580200000000001,1.25789,2,1
09.08.2021 00:05:43.909,1.258,1.25789,1,1
09.08.2021 00:05:44.012,1.2580200000000001,1.25789,2,1
09.08.2021 00:05:45.251,1.25801,1.2579,1.5,1
09.08.2021 00:05:47.119,1.258,1.25791,1.5,1
09.08.2021 00:05:47.220,1.258,1.25789,1.12,1
09.08.2021 00:05:49.747,1.258,1.2578799999999999,1.12,1
09.08.2021 00:05:51.339,1.25799,1.2578799999999999,1.35,1
09.08.2021 00:05:51.390,1.25793,1.25781,1.5,1.5
09.08.2021 00:05:51.542,1.25794,1.2578200000000002,1.12,1
09.08.2021 00:05:51.593,1.2579500000000001,1.2578500000000001,1.12,1
09.08.2021 00:05:51.694,1.25797,1.25784,1.12,1.5
09.08.2021 00:05:51.796,1.25797,1.25784,1.5,1.5
09.08.2021 00:05:56.218,1.25797,1.2578500000000001,1.5,1
09.08.2021 00:05:56.320,1.25799,1.25787,1.5,1
09.08.2021 00:05:56.370,1.25798,1.2578799999999999,1.5,1
09.08.2021 00:05:56.522,1.25799,1.2579,1.5,1
09.08.2021 00:05:58.206,1.258,1.2578799999999999,1.5,1
09.08.2021 00:05:58.865,1.25799,1.25787,1.5,1.5
09.08.2021 00:05:59.431,1.25799,1.25787,1.12,1
09.08.2021 00:05:59.533,1.2580600000000002,1.25798,1,7.95
09.08.2021 00:05:59.583,1.25808,1.25798,1.12,8.7
09.08.2021 00:05:59.634,1.25815,1.25804,1.5,1
09.08.2021 00:05:59.685,1.25815,1.2580600000000002,1,1
09.08.2021 00:05:59.736,1.2582,1.25809,2.62,1
09.08.2021 00:05:59.837,1.2582,1.25811,1.2,1
09.08.2021 00:05:59.938,1.25825,1.25815,1,1
09.08.2021 00:05:59.989,1.25823,1.25811,1,1
09.08.2021 00:06:00.141,1.25823,1.25811,2.56,1
09.08.2021 00:06:00.343,1.2582200000000001,1.2581200000000001,2.14,1
09.08.2021 00:06:00.444,1.25821,1.25811,1,1
09.08.2021 00:06:00.545,1.25821,1.25809,1,1.5
09.08.2021 00:06:08.574,1.2582,1.25809,1,1
09.08.2021 00:06:27.243,1.25814,1.25808,1.12,1
09.08.2021 00:06:27.294,1.25815,1.25804,1.12,1
09.08.2021 00:06:27.497,1.25814,1.2580200000000001,1,1.5
09.08.2021 00:06:28.691,1.2580700000000002,1.25798,1.5,1
09.08.2021 00:06:30.332,1.2581200000000001,1.258,2.33,1.5
09.08.2021 00:06:30.383,1.2581200000000001,1.25803,1.12,1
09.08.2021 00:06:30.825,1.25813,1.25803,1.31,1
09.08.2021 00:06:30.977,1.25813,1.2580200000000001,1,1
09.08.2021 00:06:34.587,1.2581700000000002,1.25809,1,1
09.08.2021 00:06:34.638,1.2582,1.25809,1,1
09.08.2021 00:06:34.739,1.25821,1.25809,1,1.5
09.08.2021 00:06:34.891,1.2582,1.25809,1,1
09.08.2021 00:06:37.013,1.25821,1.25809,1.12,1.5
09.08.2021 00:06:40.543,1.25819,1.2580600000000002,1,1.5
09.08.2021 00:06:40.594,1.2581600000000002,1.25804,1.87,1
09.08.2021 00:06:41.200,1.25814,1.2580200000000001,1.12,1
09.08.2021 00:06:41.302,1.25814,1.25803,1.12,1
09.08.2021 00:06:52.917,1.25813,1.25803,1.12,1.5
09.08.2021 00:06:53.018,1.25814,1.2580200000000001,1.5,1
09.08.2021 00:06:53.119,1.25814,1.2580200000000001,1.12,1
09.08.2021 00:06:58.466,1.25808,1.25797,1,1
09.08.2021 00:06:58.718,1.2581,1.25797,1.12,1.75
09.08.2021 00:06:58.819,1.25811,1.25799,1,1.5
09.08.2021 00:06:59.122,1.25808,1.25797,1.5,1
09.08.2021 00:06:59.425,1.25808,1.2579600000000002,1.5,1.25
09.08.2021 00:06:59.865,1.2580200000000001,1.25793,1,1.12
09.08.2021 00:06:59.967,1.25801,1.2579200000000001,1,1.5
09.08.2021 00:07:00.017,1.25803,1.2579500000000001,1,1.5
09.08.2021 00:07:00.119,1.25808,1.2579600000000002,3.37,1
09.08.2021 00:07:00.169,1.2581,1.25798,1.12,1.5
09.08.2021 00:07:00.271,1.2580600000000002,1.2579600000000002,1.5,1.5
09.08.2021 00:07:00.372,1.25799,1.2578799999999999,1,1.25
09.08.2021 00:07:00.473,1.25799,1.25787,1,1.5
09.08.2021 00:07:00.726,1.258,1.25787,1,1.5
09.08.2021 00:07:00.827,1.25799,1.25787,1,1.5
09.08.2021 00:07:00.979,1.258,1.2579,1,1
09.08.2021 00:07:01.080,1.25803,1.25791,1,1
09.08.2021 00:07:01.231,1.25803,1.2579200000000001,1.12,1
09.08.2021 00:07:01.332,1.2580500000000001,1.2579500000000001,1,1
09.08.2021 00:07:02.416,1.2580600000000002,1.2579500000000001,1,1
09.08.2021 00:07:05.470,1.2580600000000002,1.25794,1,1
09.08.2021 00:07:08.778,1.2580700000000002,1.25794,1.12,1
09.08.2021 00:07:08.880,1.2580600000000002,1.25794,1,1
09.08.2021 00:07:08.981,1.2580700000000002,1.25794,1.12,1
09.08.2021 00:07:09.975,1.2581200000000001,1.2580200000000001,2.19,1
09.08.2021 00:07:10.294,1.25814,1.2580200000000001,1,1
09.08.2021 00:07:10.395,1.25815,1.2580200000000001,1.12,1
09.08.2021 00:07:10.598,1.25814,1.2580200000000001,1,1
09.08.2021 00:07:11.253,1.25815,1.25803,1.12,1
09.08.2021 00:07:12.136,1.25814,1.2580200000000001,1,1
09.08.2021 00:07:13.105,1.25813,1.25801,1,1
09.08.2021 00:07:13.312,1.25814,1.2580200000000001,1,1
09.08.2021 00:07:14.074,1.25813,1.258,1,1.5
09.08.2021 00:07:14.124,1.25814,1.2580200000000001,1,1
09.08.2021 00:07:14.427,1.2581200000000001,1.25801,1,1
09.08.2021 00:07:14.528,1.2581200000000001,1.258,1,1
09.08.2021 00:07:15.368,1.2581,1.258,1,1
09.08.2021 00:07:15.419,1.25808,1.2579500000000001,1.87,1
09.08.2021 00:07:15.470,1.2580600000000002,1.25793,1,1.5
09.08.2021 00:07:15.571,1.25799,1.2578799999999999,1,1.5
09.08.2021 00:07:15.672,1.25798,1.25787,1,1
09.08.2021 00:07:16.139,1.25798,1.2578799999999999,1,1
09.08.2021 00:07:16.241,1.25799,1.2578600000000002,1,1
09.08.2021 00:07:16.343,1.25798,1.2578799999999999,1,1
09.08.2021 00:07:16.625,1.25798,1.25787,1,1
09.08.2021 00:07:16.852,1.258,1.25787,1.12,1
09.08.2021 00:07:16.953,1.25799,1.25787,1,1
09.08.2021 00:07:17.241,1.25801,1.2578799999999999,1,1
09.08.2021 00:07:17.292,1.25803,1.2579,1,1
09.08.2021 00:07:17.703,1.2580500000000001,1.25793,1,1
09.08.2021 00:07:18.159,1.2580500000000001,1.2579500000000001,1.12,1
09.08.2021 00:07:20.705,1.2580500000000001,1.25794,1.12,1
09.08.2021 00:07:20.908,1.2580500000000001,1.2579500000000001,1.12,1
09.08.2021 00:07:23.802,1.25804,1.2579200000000001,1,1.5
09.08.2021 00:07:24.508,1.2580500000000001,1.25793,1,1
09.08.2021 00:07:24.761,1.2580600000000002,1.25794,1,1
09.08.2021 00:07:25.065,1.2580600000000002,1.25793,1,1
09.08.2021 00:07:25.216,1.25804,1.2579200000000001,1,1.5
09.08.2021 00:07:27.049,1.25804,1.25794,1,1.12
09.08.2021 00:07:27.150,1.2580500000000001,1.2579500000000001,1,1
09.08.2021 00:07:27.252,1.2580500000000001,1.2579200000000001,1,1
09.08.2021 00:07:28.723,1.2580600000000002,1.25794,1.12,1
09.08.2021 00:07:29.204,1.2580500000000001,1.2579200000000001,1,1
09.08.2021 00:07:30.023,1.2580500000000001,1.25793,1,1.5
09.08.2021 00:07:30.125,1.2580600000000002,1.25794,1.12,1
09.08.2021 00:07:32.123,1.2580700000000002,1.2579500000000001,1,1
09.08.2021 00:07:32.225,1.2580700000000002,1.2579600000000002,1.12,1
09.08.2021 00:07:33.992,1.2580700000000002,1.25794,1,1.5
09.08.2021 00:07:34.094,1.2580600000000002,1.25794,1,1.5
09.08.2021 00:07:34.246,1.2580700000000002,1.25794,1.12,1.5
09.08.2021 00:07:34.448,1.2580500000000001,1.2579500000000001,1,1.5
09.08.2021 00:07:34.701,1.2580600000000002,1.25793,1,1.5
09.08.2021 00:07:35.345,1.2580500000000001,1.2579500000000001,1,1
09.08.2021 00:07:38.335,1.2580600000000002,1.2579500000000001,1,1
09.08.2021 00:07:38.753,1.2580600000000002,1.25794,1,1
09.08.2021 00:07:39.219,1.2580600000000002,1.25793,1,1.87
09.08.2021 00:07:39.503,1.25804,1.25793,1,1.87
09.08.2021 00:07:39.655,1.25803,1.25793,1,1
09.08.2021 00:07:40.032,1.2580500000000001,1.25794,1.12,1.5
09.08.2021 00:07:40.133,1.25804,1.25794,1,1.87
09.08.2021 00:07:40.454,1.2580500000000001,1.25794,1,1.87
09.08.2021 00:07:40.657,1.2580500000000001,1.25793,1,1.12
09.08.2021 00:07:40.809,1.2580600000000002,1.25793,1,1.12
09.08.2021 00:07:40.960,1.2580500000000001,1.25793,1,1.12
09.08.2021 00:07:41.061,1.2580500000000001,1.25794,1,1.12
09.08.2021 00:07:42.197,1.2580600000000002,1.2579500000000001,1.87,1
09.08.2021 00:07:46.967,1.2580600000000002,1.2579600000000002,1.12,1
09.08.2021 00:07:47.228,1.2580600000000002,1.2579500000000001,1.12,1.5
09.08.2021 00:07:47.379,1.2580700000000002,1.2579500000000001,1.12,1
09.08.2021 00:07:48.730,1.2580700000000002,1.25794,1.12,1.5
09.08.2021 00:07:48.935,1.2580700000000002,1.2579500000000001,1,1
09.08.2021 00:07:50.303,1.2580700000000002,1.25794,1,1.87
09.08.2021 00:07:53.797,1.2580600000000002,1.2579600000000002,1,1
09.08.2021 00:07:53.915,1.25808,1.2579500000000001,1.12,1
09.08.2021 00:07:54.405,1.2580700000000002,1.2579500000000001,1,1
09.08.2021 00:07:56.095,1.25811,1.25801,1,1
09.08.2021 00:07:56.145,1.25814,1.25801,1.12,1.5
09.08.2021 00:07:56.348,1.25813,1.258,1.12,1
09.08.2021 00:07:56.499,1.25811,1.25798,1,1
09.08.2021 00:07:57.327,1.25814,1.2580200000000001,1.87,1
09.08.2021 00:07:59.980,1.2581600000000002,1.25803,2,1
09.08.2021 00:08:00.082,1.2581700000000002,1.2580600000000002,1.5,1
09.08.2021 00:08:01.347,1.2581600000000002,1.2580500000000001,1,1
09.08.2021 00:08:02.142,1.25814,1.25803,1,1.5
09.08.2021 00:08:02.610,1.25814,1.2580200000000001,1,1
09.08.2021 00:08:02.864,1.2581200000000001,1.25801,1,1
09.08.2021 00:08:05.839,1.25808,1.25797,1.87,1.5
09.08.2021 00:08:05.941,1.2580500000000001,1.25793,1,1.12
09.08.2021 00:08:05.993,1.258,1.2579,1,1.5
09.08.2021 00:08:10.688,1.25804,1.25794,1,1
09.08.2021 00:08:10.789,1.25804,1.2579500000000001,1,1
09.08.2021 00:08:10.897,1.25804,1.25794,1,1
09.08.2021 00:08:10.948,1.25804,1.2579200000000001,1.5,1
09.08.2021 00:08:11.331,1.2580200000000001,1.25793,1,1
09.08.2021 00:08:12.175,1.25804,1.2579200000000001,1,1.87
09.08.2021 00:08:12.276,1.25804,1.25794,1,1
09.08.2021 00:08:12.831,1.2580500000000001,1.2579500000000001,1,1
09.08.2021 00:08:17.415,1.25803,1.25793,1,1
09.08.2021 00:08:19.535,1.25803,1.2579200000000001,1,1
09.08.2021 00:08:19.940,1.2580200000000001,1.25791,1,1
09.08.2021 00:08:20.396,1.25801,1.25791,1.5,1
09.08.2021 00:08:20.447,1.258,1.25789,1.12,1.5
09.08.2021 00:08:20.498,1.25798,1.2578799999999999,1,1.12
09.08.2021 00:08:20.599,1.25798,1.25787,1,1.12
09.08.2021 00:08:22.260,1.25797,1.25787,1,1.12
09.08.2021 00:08:22.417,1.25797,1.2578600000000002,1.5,1.12
09.08.2021 00:08:23.142,1.25798,1.2578600000000002,1,1
09.08.2021 00:08:28.409,1.25797,1.25787,1.5,1.62
09.08.2021 00:08:30.923,1.25803,1.25794,1.5,1
09.08.2021 00:08:31.025,1.2580600000000002,1.25793,1,2.19
09.08.2021 00:08:31.127,1.2580600000000002,1.2579600000000002,1,1
09.08.2021 00:08:31.279,1.2580700000000002,1.25797,1.87,1
09.08.2021 00:08:32.852,1.2580600000000002,1.25794,1.5,1.62
09.08.2021 00:08:33.014,1.2580600000000002,1.25794,1.5,1.5
09.08.2021 00:08:33.373,1.2580600000000002,1.25794,1.5,1.62
09.08.2021 00:08:34.560,1.25804,1.25794,1.5,1.5
09.08.2021 00:08:35.917,1.25803,1.2579200000000001,1,1.5
09.08.2021 00:08:36.018,1.2580200000000001,1.2579,1.5,1
09.08.2021 00:08:36.323,1.25801,1.2579,1.5,1
09.08.2021 00:08:36.424,1.258,1.2579,1,1
09.08.2021 00:08:36.525,1.25798,1.2578600000000002,1,1.62
09.08.2021 00:08:36.626,1.25797,1.25787,1.5,1.5
09.08.2021 00:08:37.343,1.2580200000000001,1.2579,1,1.12
09.08.2021 00:08:37.444,1.2580500000000001,1.25793,1.5,1
09.08.2021 00:08:37.808,1.2580500000000001,1.2579200000000001,1.5,1.12
09.08.2021 00:08:38.054,1.2580500000000001,1.25793,1.5,1
09.08.2021 00:08:38.206,1.25804,1.25793,1.5,1.12
09.08.2021 00:08:39.880,1.25804,1.25791,1,1.87
09.08.2021 00:08:40.410,1.2580500000000001,1.2579200000000001,1.5,1.12
09.08.2021 00:08:40.846,1.2580500000000001,1.2579200000000001,1.5,1.62
09.08.2021 00:08:41.910,1.2580500000000001,1.2579500000000001,1,1
09.08.2021 00:08:42.162,1.2580600000000002,1.2579500000000001,1,1
09.08.2021 00:08:43.824,1.2580700000000002,1.2579500000000001,1.5,1
09.08.2021 00:08:43.925,1.2580600000000002,1.2579500000000001,1.5,1.5
09.08.2021 00:08:44.235,1.25804,1.25793,1.5,1.62
09.08.2021 00:08:44.336,1.25804,1.2579200000000001,1,1
09.08.2021 00:08:44.437,1.25804,1.25791,1.5,1.12
09.08.2021 00:08:46.495,1.25803,1.25791,1,1
09.08.2021 00:08:46.664,1.25804,1.25791,1.5,1
09.08.2021 00:08:47.044,1.25803,1.2579,1,1.5
09.08.2021 00:08:47.861,1.25804,1.25791,1,2.37
09.08.2021 00:08:48.014,1.25804,1.25791,1,1.87
09.08.2021 00:08:48.677,1.25803,1.25791,1,1.12
09.08.2021 00:08:52.621,1.25804,1.2579200000000001,1,1.5
09.08.2021 00:08:52.722,1.25804,1.25793,1.5,1.5
09.08.2021 00:08:52.823,1.25804,1.25794,1.5,1.12
09.08.2021 00:08:53.025,1.2580500000000001,1.25793,1.5,1
09.08.2021 00:08:54.160,1.2580600000000002,1.25794,1,1
09.08.2021 00:08:54.261,1.25808,1.2579600000000002,1,1.87
09.08.2021 00:08:55.399,1.2580700000000002,1.25798,1,1
09.08.2021 00:08:58.957,1.2580500000000001,1.2579500000000001,1.5,1
09.08.2021 00:08:59.161,1.2581,1.25798,1.5,1
09.08.2021 00:08:59.262,1.2581,1.25798,1.5,1
09.08.2021 00:08:59.363,1.2581,1.25798,1.5,1.12
09.08.2021 00:09:01.094,1.2581,1.25797,1.5,1.12
09.08.2021 00:09:01.412,1.25811,1.258,1.5,1.5
09.08.2021 00:09:01.513,1.2581200000000001,1.25801,1.5,2.62
09.08.2021 00:09:01.614,1.2581200000000001,1.25803,1,1
09.08.2021 00:09:01.816,1.25813,1.25801,1,1
09.08.2021 00:09:02.514,1.25814,1.25801,1.5,1.5
09.08.2021 00:09:02.778,1.25813,1.25801,1,1.12
09.08.2021 00:09:03.838,1.2581,1.258,1.5,1.62
09.08.2021 00:09:10.811,1.25811,1.258,1,1.12
09.08.2021 00:09:10.912,1.25815,1.25804,1,1
09.08.2021 00:09:11.484,1.25811,1.25804,1,1.5
09.08.2021 00:09:11.585,1.2581200000000001,1.2580200000000001,1,1
09.08.2021 00:09:11.686,1.25811,1.25799,1,3.12
09.08.2021 00:09:11.737,1.25808,1.258,1,3.12
09.08.2021 00:09:11.788,1.25808,1.2579600000000002,1.5,1
09.08.2021 00:09:11.990,1.2580700000000002,1.2579600000000002,1,1.69
09.08.2021 00:09:13.234,1.2581,1.25798,1,1.12
09.08.2021 00:09:13.335,1.25809,1.258,1,1
09.08.2021 00:09:14.325,1.25808,1.25798,1,1
09.08.2021 00:09:15.217,1.25811,1.25798,1.5,1
09.08.2021 00:09:15.319,1.25809,1.25798,1,1.12
09.08.2021 00:09:16.343,1.2580500000000001,1.2579600000000002,1,1
09.08.2021 00:09:16.394,1.25804,1.25794,1,3.19
09.08.2021 00:09:16.546,1.25804,1.25793,1,1.12
09.08.2021 00:09:16.849,1.25803,1.25793,1,1.12
09.08.2021 00:09:16.950,1.25803,1.2579200000000001,1,1
09.08.2021 00:09:17.477,1.258,1.2579200000000001,1,1
09.08.2021 00:09:18.847,1.258,1.25789,1.5,1.75
09.08.2021 00:09:18.949,1.258,1.2579,1,1.25
09.08.2021 00:09:19.050,1.258,1.2579200000000001,1,1.25
09.08.2021 00:09:20.106,1.2580200000000001,1.25791,1,1.12
09.08.2021 00:09:20.208,1.25799,1.25789,1,1
09.08.2021 00:09:20.309,1.25794,1.2578500000000001,1,1
09.08.2021 00:09:20.410,1.2579600000000002,1.2578500000000001,1,1
09.08.2021 00:09:23.417,1.25801,1.25791,1,1
09.08.2021 00:09:23.880,1.2580200000000001,1.25793,1,1
09.08.2021 00:09:26.048,1.25803,1.25793,1,1
09.08.2021 00:09:26.200,1.25803,1.25794,1,1.12
09.08.2021 00:09:26.250,1.25804,1.2579600000000002,1,1
09.08.2021 00:09:29.238,1.2580500000000001,1.2579200000000001,1.5,1.62
09.08.2021 00:09:29.289,1.25799,1.25789,1,1.5
09.08.2021 00:09:29.391,1.25799,1.25787,1,4.25
09.08.2021 00:09:29.493,1.25799,1.25789,1,1
09.08.2021 00:09:29.672,1.2580200000000001,1.25791,1,1
09.08.2021 00:09:31.870,1.258,1.25791,1,1.5
09.08.2021 00:09:31.972,1.258,1.2579,1,1
09.08.2021 00:09:32.732,1.2580200000000001,1.25791,1,1
09.08.2021 00:09:33.832,1.25801,1.2579,1,1
09.08.2021 00:09:33.935,1.25801,1.25789,1,1
09.08.2021 00:09:34.733,1.258,1.2578799999999999,1,1
09.08.2021 00:09:34.935,1.25798,1.2578799999999999,1,1
09.08.2021 00:09:35.066,1.25798,1.25787,1,1.31
09.08.2021 00:09:35.323,1.2579500000000001,1.25784,1,1.81
09.08.2021 00:09:35.474,1.2579500000000001,1.2578500000000001,1,1.81
09.08.2021 00:09:36.170,1.2579500000000001,1.25784,1,1.81
09.08.2021 00:09:36.867,1.2579600000000002,1.2578500000000001,1,1
09.08.2021 00:09:37.546,1.25794,1.25783,1,1.5
09.08.2021 00:09:37.698,1.25793,1.25783,1,1.12
09.08.2021 00:09:38.580,1.25793,1.25784,1,1
09.08.2021 00:09:47.390,1.25793,1.2578500000000001,1,1
09.08.2021 00:09:49.321,1.25794,1.2578600000000002,1,1
09.08.2021 00:09:49.473,1.2579600000000002,1.2578600000000002,1,1
09.08.2021 00:09:49.651,1.25797,1.2578600000000002,1.5,1.12
09.08.2021 00:09:49.803,1.25798,1.2578500000000001,1.5,1.5
09.08.2021 00:09:49.955,1.2579600000000002,1.25787,1,1.12
09.08.2021 00:09:53.711,1.25797,1.25787,1,1.12
09.08.2021 00:09:54.653,1.2579600000000002,1.25787,1,1.12
09.08.2021 00:09:59.398,1.2579500000000001,1.25784,1,1.31
09.08.2021 00:10:00.187,1.25793,1.25783,1,1
09.08.2021 00:10:00.289,1.25791,1.25781,1,1
09.08.2021 00:10:00.390,1.2578799999999999,1.25777,1,2.75
09.08.2021 00:10:00.491,1.25789,1.25779,1,1.69
09.08.2021 00:10:01.806,1.25791,1.2578200000000002,1,1
09.08.2021 00:10:01.907,1.25791,1.25781,1,1
09.08.2021 00:10:02.008,1.25789,1.25781,1,1
09.08.2021 00:10:02.059,1.2578799999999999,1.25776,1,1.7
09.08.2021 00:10:02.754,1.25787,1.25776,1,1.37
09.08.2021 00:10:07.526,1.25787,1.25776,1,1.5
09.08.2021 00:10:07.929,1.2578200000000002,1.25771,1,2.37
09.08.2021 00:10:07.980,1.2578,1.2577,1,1.5
09.08.2021 00:10:08.132,1.2578,1.25769,1,1.5
09.08.2021 00:10:09.077,1.2578,1.25769,1,1.75
09.08.2021 00:10:09.389,1.25776,1.25766,1,2.7
09.08.2021 00:10:09.490,1.2577500000000001,1.2576500000000002,1,1
09.08.2021 00:10:09.794,1.25774,1.25764,1,2.06
09.08.2021 00:10:09.996,1.25776,1.25764,1,2.81
09.08.2021 00:10:10.097,1.2577500000000001,1.2576500000000002,1,3.25
09.08.2021 00:10:10.198,1.25774,1.25764,1,2.5
09.08.2021 00:10:10.602,1.2577500000000001,1.2576500000000002,1,3.25
09.08.2021 00:10:11.057,1.25777,1.25764,1,3.25
09.08.2021 00:10:11.209,1.2577500000000001,1.25764,1,3.25
09.08.2021 00:10:11.670,1.25776,1.25764,1,3.25
09.08.2021 00:10:11.771,1.25774,1.2576500000000002,1,3.25
09.08.2021 00:10:11.915,1.2577500000000001,1.2576500000000002,1,3.25
09.08.2021 00:10:12.067,1.25778,1.25766,1,1.31
09.08.2021 00:10:12.169,1.25777,1.25766,1,1.31
09.08.2021 00:10:12.473,1.25776,1.2576500000000002,1,1.5
09.08.2021 00:10:12.574,1.25776,1.2576500000000002,1,1
09.08.2021 00:10:12.676,1.25776,1.25764,1,2.14
09.08.2021 00:10:13.337,1.25778,1.25769,1,1.37
09.08.2021 00:10:18.485,1.25779,1.25768,1,1
09.08.2021 00:10:18.586,1.25778,1.25767,1.5,1.81
09.08.2021 00:10:18.687,1.25776,1.25767,1,1
09.08.2021 00:10:18.738,1.25779,1.25766,1,1.5
09.08.2021 00:10:18.840,1.25778,1.25766,1,1.5
09.08.2021 00:10:21.115,1.25777,1.25766,1,1.62
09.08.2021 00:10:21.166,1.2577200000000002,1.25763,1,1.76
09.08.2021 00:10:21.267,1.25771,1.2576200000000002,1,1.7
09.08.2021 00:10:21.368,1.2577200000000002,1.2576100000000001,1,1.01
09.08.2021 00:10:21.478,1.2577200000000002,1.2576200000000002,1,1
09.08.2021 00:10:21.579,1.2577200000000002,1.2576100000000001,1,1
09.08.2021 00:10:21.681,1.25773,1.2576100000000001,1,1
09.08.2021 00:10:22.389,1.2577200000000002,1.2576,1,1.57
09.08.2021 00:10:22.490,1.25771,1.2576,1,1
09.08.2021 00:10:22.793,1.2577200000000002,1.2576100000000001,1,1
09.08.2021 00:10:22.894,1.25774,1.2576100000000001,1.5,1
09.08.2021 00:10:25.239,1.2577200000000002,1.2576,1,1.57
09.08.2021 00:10:27.012,1.25773,1.2576500000000002,1,3
09.08.2021 00:10:27.063,1.25776,1.25767,1,1.31
09.08.2021 00:10:27.214,1.25776,1.25767,1,1.62
09.08.2021 00:10:27.366,1.2577500000000001,1.25764,1,1.2
09.08.2021 00:10:27.468,1.25771,1.2576100000000001,1,1
09.08.2021 00:10:27.569,1.25771,1.2576,1,1.75
09.08.2021 00:10:27.620,1.25773,1.2576100000000001,1,1
09.08.2021 00:10:28.387,1.25773,1.2576200000000002,1,1.37
09.08.2021 00:10:28.590,1.25774,1.2576200000000002,1,1.6
09.08.2021 00:10:29.043,1.2577500000000001,1.25764,1.5,1.2
09.08.2021 00:10:29.423,1.25779,1.25767,1,1
09.08.2021 00:10:29.525,1.25777,1.25767,1,1
09.08.2021 00:10:29.777,1.25773,1.25763,1,2.45
09.08.2021 00:10:29.979,1.25774,1.2576100000000001,1,1.75
09.08.2021 00:10:30.292,1.25773,1.2576200000000002,1,1.25
09.08.2021 00:10:30.393,1.25774,1.2576200000000002,1,1.45
09.08.2021 00:10:33.716,1.25777,1.25768,1,1
09.08.2021 00:10:33.817,1.25771,1.25763,1,1.12
09.08.2021 00:10:33.918,1.25771,1.2576100000000001,1,1.12
09.08.2021 00:10:33.969,1.25774,1.2576100000000001,1.5,1.12
09.08.2021 00:10:34.272,1.25774,1.2576100000000001,1.5,1.5
09.08.2021 00:10:34.937,1.25774,1.2576200000000002,1,1.6
09.08.2021 00:10:35.638,1.25774,1.2576200000000002,1,1.2
09.08.2021 00:10:35.821,1.25774,1.2576200000000002,1,1.6
09.08.2021 00:10:37.582,1.25774,1.2576200000000002,1,1.2
09.08.2021 00:10:37.904,1.2577200000000002,1.2576,1,1.62
09.08.2021 00:10:38.129,1.25771,1.2576100000000001,1,1.5
09.08.2021 00:10:40.433,1.2577200000000002,1.2576,1,1.62
09.08.2021 00:10:41.026,1.25771,1.2576,1,1.62
09.08.2021 00:10:41.128,1.2577200000000002,1.2576100000000001,1,1.12
09.08.2021 00:10:41.560,1.2577200000000002,1.2576100000000001,1,1.25
09.08.2021 00:10:41.712,1.25777,1.25766,1,1.5
09.08.2021 00:10:41.813,1.25778,1.25766,1,1.5
09.08.2021 00:10:41.914,1.25778,1.25766,1,1.62
09.08.2021 00:10:41.965,1.25776,1.2576500000000002,1,1.5
09.08.2021 00:10:42.015,1.25774,1.25764,1,2
09.08.2021 00:10:42.595,1.25773,1.2576200000000002,1,1
09.08.2021 00:10:42.696,1.25769,1.2576,1,1.75
09.08.2021 00:10:43.105,1.2577,1.25759,1,1.5
09.08.2021 00:10:44.285,1.2577,1.25759,1,1.7
09.08.2021 00:10:44.386,1.2577,1.2576100000000001,1,1.12
09.08.2021 00:10:57.283,1.25769,1.2576,1,1.31
09.08.2021 00:11:00.163,1.25771,1.2576,1,1.12
09.08.2021 00:11:00.710,1.25771,1.2576,1,1.5
09.08.2021 00:11:00.913,1.25771,1.2576,1,1.12
09.08.2021 00:11:01.151,1.25771,1.2576,1,1.5
09.08.2021 00:11:01.739,1.2577200000000002,1.2576,1,1.7
09.08.2021 00:11:02.258,1.25774,1.2576,1.5,1.7
09.08.2021 00:11:03.523,1.2577200000000002,1.2576,1,1.62
09.08.2021 00:11:03.675,1.25771,1.2576,1,1.5
09.08.2021 00:11:04.675,1.25771,1.2576,1,1.7
09.08.2021 00:11:05.512,1.2577,1.25763,1,1
09.08.2021 00:11:05.563,1.25773,1.2576200000000002,1,1.5
09.08.2021 00:11:05.665,1.25773,1.2576200000000002,1,1.5
09.08.2021 00:11:05.896,1.25773,1.2576200000000002,1,1.5
09.08.2021 00:11:06.104,1.25773,1.25763,1,1
09.08.2021 00:11:06.379,1.2577500000000001,1.25763,1,1.25
09.08.2021 00:11:06.481,1.25777,1.25767,1,1
09.08.2021 00:11:06.582,1.25778,1.25767,1,1
09.08.2021 00:11:10.231,1.25779,1.25768,1,1.37
09.08.2021 00:11:10.433,1.2578,1.25768,1,1.37
09.08.2021 00:11:10.534,1.25778,1.25768,1,2.32
09.08.2021 00:11:10.635,1.25778,1.25768,1,1.87
09.08.2021 00:11:11.099,1.25778,1.25766,1,1.25
09.08.2021 00:11:13.806,1.25774,1.25763,1,1.25
09.08.2021 00:11:13.908,1.2577200000000002,1.2576200000000002,1,2.87
09.08.2021 00:11:13.959,1.25774,1.2576100000000001,1.5,1.62
09.08.2021 00:11:22.095,1.2577500000000001,1.25763,1,1.45
09.08.2021 00:11:22.196,1.25776,1.25764,1,1.01
09.08.2021 00:11:22.297,1.25777,1.25764,1,1.35
09.08.2021 00:11:22.622,1.25778,1.25767,1,1.25
09.08.2021 00:11:23.430,1.25778,1.25766,1,2.32
09.08.2021 00:11:24.446,1.25778,1.25766,1,1.82
09.08.2021 00:11:24.967,1.25777,1.25767,1,2.32
09.08.2021 00:11:25.760,1.25779,1.25767,1,1.45
09.08.2021 00:11:30.805,1.2578,1.25768,1.5,1.95
09.08.2021 00:11:30.957,1.2578,1.25769,1,1.82
09.08.2021 00:11:31.260,1.25779,1.25768,1,1.35
09.08.2021 00:11:31.832,1.25781,1.25769,1,1.25
09.08.2021 00:11:36.503,1.2578500000000001,1.25773,1,1
09.08.2021 00:11:42.658,1.25787,1.2577500000000001,1,1.75
09.08.2021 00:11:42.911,1.2578600000000002,1.25776,1,1.12
09.08.2021 00:11:51.243,1.25787,1.25776,1.5,1.31
09.08.2021 00:11:52.146,1.2578799999999999,1.25776,1,1
09.08.2021 00:11:58.047,1.25787,1.25776,1,1
09.08.2021 00:11:58.148,1.25787,1.2577500000000001,1,1
09.08.2021 00:12:06.243,1.2578799999999999,1.25776,1,1
09.08.2021 00:12:06.345,1.25789,1.25776,1,1
09.08.2021 00:12:19.189,1.2578799999999999,1.2577500000000001,1,1.76
09.08.2021 00:12:19.293,1.25787,1.2577500000000001,1,1.01
09.08.2021 00:12:20.347,1.25791,1.25781,1,1.25
09.08.2021 00:12:20.499,1.2579,1.2578,1,1.85
09.08.2021 00:12:20.636,1.25791,1.25779,1,1.45
09.08.2021 00:12:23.218,1.25794,1.25781,1,2.31
09.08.2021 00:12:23.320,1.25794,1.25783,1,1.25
09.08.2021 00:12:26.394,1.2579500000000001,1.25783,1,1.31
09.08.2021 00:12:26.495,1.25794,1.2578500000000001,1,1
09.08.2021 00:12:43.516,1.25794,1.25784,1,1
09.08.2021 00:12:43.617,1.25794,1.25783,1,1
09.08.2021 00:12:44.405,1.25791,1.25781,1,1
09.08.2021 00:12:44.456,1.25789,1.25777,1,1.51
09.08.2021 00:12:44.557,1.25789,1.25777,1,1.25
09.08.2021 00:12:44.658,1.2578799999999999,1.25777,1,1.69
09.08.2021 00:12:44.861,1.25787,1.2577500000000001,1,1
09.08.2021 00:12:44.962,1.2578500000000001,1.2577200000000002,1.5,1.5
09.08.2021 00:12:45.013,1.2578200000000002,1.2577200000000002,1,1.69
09.08.2021 00:12:45.959,1.2578200000000002,1.25771,1,1
09.08.2021 00:12:46.061,1.2578200000000002,1.2577,1,1.1
09.08.2021 00:12:47.386,1.25781,1.25769,1,1.01
09.08.2021 00:12:48.105,1.2578200000000002,1.25769,1,1.35
09.08.2021 00:12:49.065,1.25787,1.2577500000000001,1,1.12
09.08.2021 00:12:49.167,1.2578799999999999,1.25776,1,1.1
09.08.2021 00:12:49.269,1.2578799999999999,1.25778,1,1.1
09.08.2021 00:12:49.623,1.25789,1.25777,1,1.1
09.08.2021 00:12:49.931,1.25789,1.25777,1,1.1
09.08.2021 00:12:50.541,1.2578799999999999,1.25778,1,1.1
09.08.2021 00:12:51.017,1.2579200000000001,1.2578,1,1.01
09.08.2021 00:12:51.068,1.2579500000000001,1.25783,1,1
09.08.2021 00:12:51.169,1.25794,1.2578500000000001,1,1
09.08.2021 00:12:51.351,1.2579500000000001,1.25783,1,1.1
09.08.2021 00:12:51.553,1.2579500000000001,1.25784,1,1
09.08.2021 00:12:53.716,1.2579500000000001,1.25783,1,1.1
09.08.2021 00:12:54.008,1.25794,1.25783,1,1.1
09.08.2021 00:12:58.721,1.2579200000000001,1.25781,1,1.1
09.08.2021 00:12:58.822,1.2579200000000001,1.2578,1,1
09.08.2021 00:12:58.924,1.2579200000000001,1.25779,1,1
09.08.2021 00:13:00.320,1.25794,1.2578200000000002,1,1.12
09.08.2021 00:13:00.421,1.2579500000000001,1.25784,1,1
09.08.2021 00:13:11.269,1.2579600000000002,1.2578500000000001,1,1
09.08.2021 00:13:11.370,1.2579600000000002,1.2578600000000002,1,1
09.08.2021 00:13:12.393,1.2579500000000001,1.2578600000000002,1,1
09.08.2021 00:13:19.880,1.2579500000000001,1.25784,1,1.01
09.08.2021 00:13:20.183,1.2579600000000002,1.25784,1,1
09.08.2021 00:13:20.385,1.2579500000000001,1.2578600000000002,1,1
09.08.2021 00:13:20.618,1.2579600000000002,1.25784,1,1
09.08.2021 00:13:21.385,1.2579600000000002,1.2578500000000001,1,1
09.08.2021 00:13:22.366,1.2579500000000001,1.2578500000000001,1,1.1
09.08.2021 00:13:25.027,1.2579500000000001,1.2578600000000002,1,1
09.08.2021 00:13:25.229,1.2579500000000001,1.2578500000000001,1,1.1
09.08.2021 00:13:26.718,1.2579500000000001,1.25784,1,1
09.08.2021 00:13:26.893,1.25793,1.25784,1,1
09.08.2021 00:13:26.994,1.2579,1.2578200000000002,1,1
09.08.2021 00:13:27.095,1.25791,1.2578,1,1
09.08.2021 00:13:28.755,1.25789,1.2578,1,1
09.08.2021 00:13:29.201,1.2579,1.2578,1,1
09.08.2021 00:13:30.352,1.2579,1.25779,1,1
09.08.2021 00:13:30.461,1.2579,1.25778,1,1
09.08.2021 00:13:30.563,1.2578600000000002,1.2577500000000001,1,1.1
09.08.2021 00:13:30.714,1.2578500000000001,1.25774,1,1.1
09.08.2021 00:13:30.967,1.25787,1.25777,1,1
09.08.2021 00:13:35.411,1.2578600000000002,1.25776,1,1
09.08.2021 00:13:35.462,1.2578500000000001,1.2577500000000001,1,1
09.08.2021 00:13:35.715,1.2578600000000002,1.2577500000000001,1,1
09.08.2021 00:13:35.817,1.25787,1.25776,1,1
09.08.2021 00:13:39.801,1.25787,1.25777,1,1
09.08.2021 00:13:46.020,1.25789,1.25779,1,1
09.08.2021 00:13:46.121,1.2578799999999999,1.25779,1,1
09.08.2021 00:13:48.328,1.2578799999999999,1.25777,1,1.12
09.08.2021 00:13:49.063,1.25789,1.25778,1,1
09.08.2021 00:13:50.743,1.25793,1.25783,1,1
09.08.2021 00:13:51.847,1.25793,1.25784,1,1.12
09.08.2021 00:13:54.295,1.25794,1.25784,1,1
09.08.2021 00:13:56.394,1.25794,1.25783,1,1.2
09.08.2021 00:13:59.578,1.25793,1.2578500000000001,1,1
09.08.2021 00:14:06.681,1.2579500000000001,1.25784,1,1
09.08.2021 00:14:07.071,1.2579500000000001,1.2578500000000001,1,1
09.08.2021 00:14:11.510,1.25794,1.25784,1,1.97
09.08.2021 00:14:18.310,1.2579500000000001,1.25783,1,1.76
09.08.2021 00:14:39.978,1.25793,1.2578200000000002,1,1.39
09.08.2021 00:14:41.590,1.25794,1.2578200000000002,1,2.51
09.08.2021 00:14:42.877,1.25794,1.2578200000000002,1,2.6
09.08.2021 00:14:43.815,1.2579500000000001,1.25783,1,1.2
09.08.2021 00:14:43.916,1.2579500000000001,1.25783,1,1.22
09.08.2021 00:14:46.708,1.2579500000000001,1.25783,1,1.2
09.08.2021 00:14:46.817,1.2579500000000001,1.25784,1,1.22
09.08.2021 00:14:53.717,1.2579600000000002,1.25789,1,1.01
09.08.2021 00:14:53.769,1.25801,1.2579,1,2.91
09.08.2021 00:14:53.871,1.25804,1.2579,1.5,2.72
09.08.2021 00:14:55.258,1.25803,1.2579,1,1.6
09.08.2021 00:14:56.601,1.25803,1.25789,1,3.35
09.08.2021 00:14:57.681,1.2580200000000001,1.2578799999999999,1,1.91
09.08.2021 00:14:58.698,1.2580200000000001,1.2578799999999999,1.5,1.1
09.08.2021 00:15:00.483,1.2580200000000001,1.25791,1,2.57
09.08.2021 00:15:01.099,1.2580200000000001,1.25791,1,1.1
09.08.2021 00:15:01.865,1.25804,1.2579,1.5,2.89
09.08.2021 00:15:01.966,1.25804,1.2579,1.5,2.16
09.08.2021 00:15:05.274,1.2580200000000001,1.25791,1,1.57
09.08.2021 00:15:06.075,1.25803,1.25791,1.5,1.79
09.08.2021 00:15:07.352,1.2580500000000001,1.25791,1.5,1.76
09.08.2021 00:15:07.453,1.25804,1.25793,1.5,1.35
09.08.2021 00:15:07.555,1.2581,1.25799,1.5,1.31
09.08.2021 00:15:07.656,1.25811,1.25798,1,3.32
09.08.2021 00:15:11.547,1.2581200000000001,1.25799,1.5,1.25
09.08.2021 00:15:13.357,1.25811,1.25798,1,3.47
09.08.2021 00:15:14.572,1.25811,1.25799,1.5,2.26
09.08.2021 00:15:14.724,1.2581200000000001,1.25798,1.5,2.14
09.08.2021 00:15:15.186,1.2581,1.25797,1,1.35
09.08.2021 00:15:15.287,1.2581,1.25797,1.5,1.1
09.08.2021 00:15:15.389,1.25808,1.2579500000000001,1,1.45
09.08.2021 00:15:19.765,1.2581,1.25799,1,1.76
09.08.2021 00:15:20.612,1.2581,1.25797,1,1.35
09.08.2021 00:15:20.713,1.2581,1.2579600000000002,1,2.29
09.08.2021 00:15:22.010,1.25809,1.2579600000000002,1,1.01
09.08.2021 00:15:22.111,1.25808,1.2579500000000001,1,1.35
09.08.2021 00:15:30.232,1.25811,1.25799,1,1
09.08.2021 00:15:30.715,1.25811,1.258,1,1
09.08.2021 00:15:34.606,1.2581600000000002,1.25804,1,1
09.08.2021 00:15:34.813,1.2581600000000002,1.25803,1.5,1.39
09.08.2021 00:15:35.775,1.25813,1.2580200000000001,1,1
09.08.2021 00:15:35.877,1.2581200000000001,1.2580200000000001,1,1.25
09.08.2021 00:15:35.978,1.2581200000000001,1.258,1,2.95
09.08.2021 00:15:38.286,1.2581200000000001,1.258,1,1.25
09.08.2021 00:15:40.600,1.25811,1.25799,1,1.25
09.08.2021 00:15:42.857,1.2581,1.258,1,2.57
09.08.2021 00:15:45.937,1.2581700000000002,1.2580600000000002,1,1
09.08.2021 00:15:46.943,1.25815,1.2580600000000002,1,1
09.08.2021 00:15:48.580,1.25815,1.2580500000000001,1,1
09.08.2021 00:15:49.062,1.2581600000000002,1.2580500000000001,1,1
09.08.2021 00:15:49.487,1.2581700000000002,1.2580500000000001,1,1
09.08.2021 00:15:52.616,1.2581700000000002,1.2580600000000002,1,1
09.08.2021 00:15:52.728,1.2581700000000002,1.2580700000000002,1,1
09.08.2021 00:15:54.142,1.25818,1.2580700000000002,1,1
09.08.2021 00:15:54.295,1.2581700000000002,1.2580700000000002,1,1
09.08.2021 00:15:54.415,1.2581600000000002,1.2580700000000002,1,1
09.08.2021 00:15:54.517,1.2581600000000002,1.2580500000000001,1,1
09.08.2021 00:15:59.123,1.2581600000000002,1.25804,1,1.12
09.08.2021 00:16:01.558,1.25818,1.25809,1,1.31
09.08.2021 00:16:01.659,1.25821,1.2581200000000001,1,1.5
09.08.2021 00:16:01.760,1.2582200000000001,1.2581200000000001,1,1
09.08.2021 00:16:01.862,1.25821,1.25811,1,3.19
09.08.2021 00:16:02.087,1.2582,1.25811,1,1.69
09.08.2021 00:16:03.467,1.2582200000000001,1.2581200000000001,1,1
09.08.2021 00:16:03.518,1.25824,1.2581200000000001,1,2.44
09.08.2021 00:16:03.569,1.2582200000000001,1.2581200000000001,1,1
09.08.2021 00:16:03.670,1.2582,1.2581200000000001,1,1.69
09.08.2021 00:16:04.363,1.25821,1.2581200000000001,1,1
09.08.2021 00:16:04.413,1.2582600000000002,1.2581600000000002,1,1.69
09.08.2021 00:16:04.464,1.2583,1.2582,2.25,1.25
09.08.2021 00:16:04.566,1.2582900000000001,1.25819,1,1
09.08.2021 00:16:04.667,1.25828,1.25819,1,1
09.08.2021 00:16:04.769,1.25828,1.25818,1,1.25
09.08.2021 00:16:06.509,1.2582700000000002,1.2581700000000002,1,1.35
09.08.2021 00:16:08.079,1.25828,1.2581600000000002,1,1.35
09.08.2021 00:16:08.180,1.2582900000000001,1.25818,1,1.82
09.08.2021 00:16:08.805,1.25832,1.25821,1,1.85
09.08.2021 00:16:11.913,1.25831,1.2582,1,2.72
09.08.2021 00:16:12.066,1.25828,1.2581700000000002,1,1.35
09.08.2021 00:16:12.522,1.2582700000000002,1.25815,1,2.72
09.08.2021 00:16:13.131,1.25828,1.25815,1.5,3.47
09.08.2021 00:16:13.233,1.2582700000000002,1.2581600000000002,1.5,4.1
09.08.2021 00:16:13.595,1.2582700000000002,1.25815,1,1.82
09.08.2021 00:16:13.696,1.2582700000000002,1.25814,1,3.47
09.08.2021 00:16:13.797,1.2582700000000002,1.25814,1,2.14
09.08.2021 00:16:15.294,1.2582600000000002,1.25813,1,1.57
09.08.2021 00:16:15.396,1.2582,1.25809,1,1.39
09.08.2021 00:16:15.548,1.2582,1.2580700000000002,1.5,5.6
09.08.2021 00:16:16.399,1.2582200000000001,1.2581200000000001,1.5,2.5
09.08.2021 00:16:16.551,1.2582200000000001,1.25809,1,4.85
09.08.2021 00:16:19.113,1.2582700000000002,1.25814,1.5,1.87
09.08.2021 00:16:21.547,1.25824,1.2581200000000001,1.5,1.25
09.08.2021 00:16:24.887,1.25821,1.25808,1.5,2.95
09.08.2021 00:16:24.988,1.25819,1.25809,1,2.2
09.08.2021 00:16:25.140,1.2582,1.25808,1,1.39
09.08.2021 00:16:25.457,1.25819,1.25808,1.5,2.51
09.08.2021 00:16:27.278,1.25818,1.2580700000000002,1,2.16
09.08.2021 00:16:27.380,1.25818,1.25809,1,1.82
09.08.2021 00:16:27.431,1.25821,1.25808,1.5,2.95
09.08.2021 00:16:27.633,1.25823,1.2581,1.5,2.2
09.08.2021 00:16:27.735,1.25823,1.2581,1.5,3.35
09.08.2021 00:16:29.256,1.2582700000000002,1.25813,1,4.45
09.08.2021 00:16:29.358,1.2582700000000002,1.25813,1,2.89
09.08.2021 00:16:29.459,1.25825,1.25813,1,1.01
09.08.2021 00:16:29.560,1.2582200000000001,1.25811,1,3.1
09.08.2021 00:16:29.661,1.2582,1.2581,1.5,1.01
09.08.2021 00:16:29.763,1.2582,1.2580700000000002,1,4.07
09.08.2021 00:16:29.865,1.2582,1.2580700000000002,1,2.14
09.08.2021 00:16:29.966,1.25821,1.25808,1.5,2.2
09.08.2021 00:16:30.117,1.25819,1.25808,1,4.07
09.08.2021 00:16:30.432,1.25821,1.25808,1.5,1.82
09.08.2021 00:16:30.534,1.25819,1.25809,1,2.2
09.08.2021 00:16:30.737,1.25821,1.25808,1.5,2.2
09.08.2021 00:16:31.405,1.2582,1.25808,1,1.25
09.08.2021 00:16:31.950,1.2582,1.25808,1,1.37
09.08.2021 00:16:32.052,1.2582200000000001,1.25808,1.5,4.22
09.08.2021 00:16:32.154,1.2582200000000001,1.2581,1.5,1.45
09.08.2021 00:16:32.440,1.2582200000000001,1.25809,1.5,2.45
09.08.2021 00:16:32.542,1.2582200000000001,1.2581,1.5,1.35
09.08.2021 00:16:34.756,1.25823,1.2581,1,2.22
09.08.2021 00:16:44.949,1.25825,1.2581200000000001,1,2.89
09.08.2021 00:16:45.925,1.25821,1.2581,1,2.2
09.08.2021 00:16:46.082,1.2582200000000001,1.25811,1.5,1.35
09.08.2021 00:16:46.184,1.2582600000000002,1.25814,1.5,2.12
09.08.2021 00:16:46.587,1.2582700000000002,1.25814,1.5,2.12
09.08.2021 00:16:46.982,1.2582700000000002,1.2581700000000002,1.5,2.2
09.08.2021 00:16:47.133,1.25828,1.2581600000000002,1.5,1.01
09.08.2021 00:16:48.171,1.25828,1.25815,1.5,1.01
09.08.2021 00:16:49.508,1.2582700000000002,1.2581600000000002,1.5,2.2
09.08.2021 00:16:49.761,1.25828,1.25815,1.5,1.01
09.08.2021 00:16:50.462,1.25828,1.25815,1.5,1.45
09.08.2021 00:16:50.776,1.2582600000000002,1.25815,1,2.35
09.08.2021 00:16:50.877,1.2582700000000002,1.25814,1,2.32
09.08.2021 00:16:53.745,1.2582600000000002,1.25815,1,3.32
09.08.2021 00:16:53.947,1.25832,1.25823,1.5,1
09.08.2021 00:16:54.150,1.25832,1.25824,1,1.1
09.08.2021 00:16:54.200,1.2583600000000001,1.25824,1.5,1.35
09.08.2021 00:16:54.402,1.2583600000000001,1.25824,1,1.6
09.08.2021 00:16:55.543,1.2583600000000001,1.25824,1,1.82
09.08.2021 00:16:55.594,1.25834,1.25824,1,1
09.08.2021 00:16:55.695,1.25833,1.25823,1,2.25
09.08.2021 00:16:55.806,1.25833,1.25824,1.5,2.87
09.08.2021 00:16:55.857,1.2583600000000001,1.25825,1,2.2
09.08.2021 00:16:55.958,1.2583600000000001,1.2582600000000002,1.5,2.2
09.08.2021 00:16:56.119,1.2583700000000002,1.25825,1.5,2.2
09.08.2021 00:16:56.499,1.2583600000000001,1.25825,1,1.87
09.08.2021 00:16:57.311,1.2583700000000002,1.25828,1,3.7
09.08.2021 00:16:57.513,1.2583900000000001,1.2582700000000002,1,3.72
09.08.2021 00:16:59.427,1.2583600000000001,1.2582600000000002,1,1.25
09.08.2021 00:16:59.477,1.2583600000000001,1.25824,1,2.57
09.08.2021 00:17:00.128,1.25841,1.25828,1.5,2.51
09.08.2021 00:17:00.179,1.25843,1.25831,1.69,1
09.08.2021 00:17:00.280,1.25843,1.25832,1.69,1
09.08.2021 00:17:00.392,1.25843,1.25832,1.5,1.37
09.08.2021 00:17:00.493,1.25843,1.2583,1.5,2.72
09.08.2021 00:17:00.595,1.25843,1.25831,1.5,1.45
09.08.2021 00:17:02.534,1.25843,1.2583,1.5,1.97
09.08.2021 00:17:04.756,1.25843,1.25831,1,1.25
09.08.2021 00:17:06.568,1.25843,1.25831,1,2.2
09.08.2021 00:17:07.787,1.25843,1.25831,1,1.01
09.08.2021 00:17:10.799,1.25843,1.2583,1.5,1.39
09.08.2021 00:17:14.769,1.25841,1.25828,1.5,2.45
09.08.2021 00:17:14.820,1.2583900000000001,1.2582900000000001,1,1.1
09.08.2021 00:17:14.871,1.2583900000000001,1.2582700000000002,1,2.2
09.08.2021 00:17:14.972,1.2584600000000001,1.25834,1,1
09.08.2021 00:17:15.322,1.25845,1.25834,1.5,1.01
09.08.2021 00:17:15.373,1.25843,1.25833,1,1.35
09.08.2021 00:17:16.515,1.25843,1.25832,1,1.95
09.08.2021 00:17:17.155,1.25843,1.25831,1,1.2
09.08.2021 00:17:17.206,1.25838,1.2582700000000002,1,1.39
09.08.2021 00:17:17.308,1.2583900000000001,1.2582700000000002,1,3.72
09.08.2021 00:17:17.409,1.2584,1.2582700000000002,1.5,4.22
09.08.2021 00:17:17.511,1.25835,1.25823,1,1.45
09.08.2021 00:17:17.612,1.25835,1.25825,1,1.85
09.08.2021 00:17:17.714,1.25828,1.2582,1,1
09.08.2021 00:17:17.764,1.25834,1.2582200000000001,1,2.2
09.08.2021 00:17:17.815,1.25833,1.25821,1.5,1.76
09.08.2021 00:17:17.866,1.25833,1.25823,1,1.75
09.08.2021 00:17:20.806,1.25833,1.25823,1,2.2
09.08.2021 00:17:21.060,1.2583600000000001,1.25823,1.5,2.35
09.08.2021 00:17:21.263,1.25834,1.25824,1,1.85
09.08.2021 00:17:21.475,1.25833,1.25824,1,1.85
09.08.2021 00:17:21.576,1.25835,1.25824,1.5,2.32
09.08.2021 00:17:23.822,1.25835,1.25823,1,2.32
09.08.2021 00:17:24.064,1.2583600000000001,1.25823,1.5,2.32
09.08.2021 00:17:25.055,1.25834,1.25824,1,2.32
09.08.2021 00:17:27.227,1.2583600000000001,1.25823,1.5,2.32
09.08.2021 00:17:29.504,1.2583700000000002,1.25825,1,1.45
09.08.2021 00:17:29.555,1.2583900000000001,1.2582700000000002,1,1.37
09.08.2021 00:17:29.656,1.2584,1.25832,1,1
09.08.2021 00:17:29.986,1.2583900000000001,1.25832,1,1
09.08.2021 00:17:30.036,1.25835,1.2582900000000001,1,1
09.08.2021 00:17:30.137,1.2583600000000001,1.2582900000000001,1,1
09.08.2021 00:17:30.339,1.2583700000000002,1.2582900000000001,1,1
09.08.2021 00:17:30.454,1.2583700000000002,1.2583,1,1
09.08.2021 00:17:30.997,1.2583600000000001,1.2583,1,1
09.08.2021 00:17:33.751,1.25835,1.2582900000000001,1,1
09.08.2021 00:17:33.966,1.25835,1.2583,1,1
09.08.2021 00:17:34.615,1.25835,1.2582900000000001,1,1
09.08.2021 00:17:34.716,1.2583600000000001,1.2582900000000001,1,1
09.08.2021 00:17:35.408,1.2583600000000001,1.25828,1,1
09.08.2021 00:17:35.459,1.2583900000000001,1.2583,1,1
09.08.2021 00:17:35.560,1.25838,1.2583,1,1
09.08.2021 00:17:36.505,1.2583600000000001,1.2583,1,1
09.08.2021 00:17:36.741,1.25838,1.2583,1,1
09.08.2021 00:17:36.893,1.2583700000000002,1.2582900000000001,1,1
09.08.2021 00:17:37.803,1.2583600000000001,1.25831,1,1
09.08.2021 00:17:37.904,1.2583700000000002,1.2582900000000001,1,1
09.08.2021 00:17:39.189,1.25838,1.2582900000000001,1,1
09.08.2021 00:17:40.138,1.2583700000000002,1.2582900000000001,1,1
09.08.2021 00:17:40.240,1.25838,1.2583,1,1
09.08.2021 00:17:45.090,1.2583700000000002,1.25828,1,1
09.08.2021 00:17:45.192,1.2583600000000001,1.25828,1,1
09.08.2021 00:17:45.293,1.25835,1.25828,1,1
09.08.2021 00:17:45.444,1.2583600000000001,1.25828,1,1
09.08.2021 00:17:46.765,1.25835,1.25828,1,1
09.08.2021 00:17:46.918,1.25835,1.2582900000000001,1,1
09.08.2021 00:17:50.392,1.2583600000000001,1.2582700000000002,1,1
09.08.2021 00:17:51.884,1.2583600000000001,1.25828,1,1
09.08.2021 00:17:53.649,1.2583600000000001,1.2582700000000002,1,1
09.08.2021 00:17:54.027,1.2583600000000001,1.25828,1,1
09.08.2021 00:17:54.286,1.2583600000000001,1.2582700000000002,1,1
09.08.2021 00:17:55.800,1.2583600000000001,1.25828,1,1
09.08.2021 00:17:56.877,1.2583600000000001,1.2582700000000002,1,1
09.08.2021 00:17:58.492,1.25831,1.25823,1,2.62
09.08.2021 00:17:58.593,1.25833,1.25824,1,1.69
09.08.2021 00:17:58.695,1.25833,1.25825,1,1.31
09.08.2021 00:17:58.898,1.25835,1.2582700000000002,1,1
09.08.2021 00:17:59.050,1.25835,1.25828,1,1
09.08.2021 00:18:00.443,1.2583600000000001,1.25828,1,1
09.08.2021 00:18:00.594,1.25838,1.25828,1,1
09.08.2021 00:18:00.724,1.2583600000000001,1.2582900000000001,1,1
09.08.2021 00:18:00.825,1.25838,1.2582900000000001,1,1
09.08.2021 00:18:01.082,1.2583600000000001,1.25828,1,1
09.08.2021 00:18:01.435,1.25835,1.25828,1,1
09.08.2021 00:18:01.537,1.2583600000000001,1.25828,1,1
09.08.2021 00:18:04.012,1.25835,1.25825,2.02,1
09.08.2021 00:18:04.063,1.25834,1.25824,1,1.25
09.08.2021 00:18:04.164,1.25835,1.2582600000000002,1,1.12
09.08.2021 00:18:04.266,1.2583600000000001,1.2582700000000002,1,1
09.08.2021 00:18:04.569,1.25833,1.25823,1,5.19
09.08.2021 00:18:04.952,1.25833,1.25824,1,1.5
09.08.2021 00:18:05.282,1.25835,1.2582600000000002,1,1.75
09.08.2021 00:18:05.384,1.25835,1.25828,1,1.31
09.08.2021 00:18:05.841,1.2583600000000001,1.25828,1,1
09.08.2021 00:18:06.356,1.2583700000000002,1.25828,1,1
09.08.2021 00:18:06.610,1.2583700000000002,1.2582900000000001,1,1
09.08.2021 00:18:07.723,1.2583600000000001,1.25828,1,1.31
09.08.2021 00:18:08.885,1.2583700000000002,1.2582900000000001,1,1
09.08.2021 00:18:09.243,1.2583600000000001,1.2582900000000001,1,1
09.08.2021 00:18:09.394,1.25838,1.25828,1,1
09.08.2021 00:18:09.596,1.2583600000000001,1.2582900000000001,1,1
09.08.2021 00:18:11.332,1.2583700000000002,1.2583,1,1
09.08.2021 00:18:11.715,1.2583700000000002,1.25828,1,1
09.08.2021 00:18:14.249,1.2583700000000002,1.2582900000000001,1,1
09.08.2021 00:18:18.435,1.25835,1.2582700000000002,1,1.25
09.08.2021 00:18:19.065,1.2583600000000001,1.2582600000000002,1,1.75
09.08.2021 00:18:19.810,1.25835,1.2582700000000002,1,1.25
09.08.2021 00:18:20.062,1.2583600000000001,1.2582600000000002,1,1.25
09.08.2021 00:18:24.102,1.2583600000000001,1.2582600000000002,1,1
09.08.2021 00:18:24.203,1.25834,1.25825,1,1.25
09.08.2021 00:18:24.304,1.25835,1.25825,1,1
09.08.2021 00:18:25.213,1.2582900000000001,1.25818,1,1
09.08.2021 00:18:25.337,1.25828,1.25818,1,1
09.08.2021 00:18:26.411,1.2582700000000002,1.25818,1,1
09.08.2021 00:18:27.562,1.2582700000000002,1.2581700000000002,1,1
09.08.2021 00:18:31.444,1.2582700000000002,1.2581600000000002,1,1
09.08.2021 00:18:32.941,1.2582600000000002,1.2581600000000002,1,1
09.08.2021 00:18:34.638,1.2582600000000002,1.2581700000000002,1,1
09.08.2021 00:18:35.811,1.2582600000000002,1.2581600000000002,1,1
09.08.2021 00:18:35.912,1.2582700000000002,1.2581700000000002,1,1
09.08.2021 00:18:36.215,1.2582600000000002,1.2581700000000002,1,1
09.08.2021 00:18:38.514,1.2582600000000002,1.2581600000000002,1,1
09.08.2021 00:18:38.719,1.25825,1.2581600000000002,1,1
09.08.2021 00:18:38.871,1.25824,1.25814,1,1
09.08.2021 00:18:39.278,1.2582200000000001,1.25814,1,1
09.08.2021 00:18:39.329,1.2582200000000001,1.25811,1,1
09.08.2021 00:18:39.379,1.25819,1.2581,1,1
09.08.2021 00:18:39.430,1.25821,1.2581,1,1
09.08.2021 00:18:39.632,1.2582,1.2581200000000001,1,1
09.08.2021 00:18:39.683,1.2582200000000001,1.25814,1,1
09.08.2021 00:18:45.193,1.25823,1.25814,1,1
09.08.2021 00:18:48.878,1.2582,1.2581,1,1
09.08.2021 00:18:49.714,1.25819,1.2581,1,1
09.08.2021 00:18:49.815,1.25819,1.25809,1,1
09.08.2021 00:18:50.017,1.25819,1.25808,1,1
09.08.2021 00:18:50.275,1.25818,1.2580700000000002,1,1
09.08.2021 00:18:51.091,1.25818,1.25808,1,1
09.08.2021 00:18:53.141,1.25819,1.25808,1,1
09.08.2021 00:18:53.242,1.25818,1.2581,1,1
09.08.2021 00:18:53.395,1.25818,1.25811,1,1
09.08.2021 00:18:54.448,1.25819,1.25811,1,1
09.08.2021 00:18:55.386,1.2582,1.25809,1,1
09.08.2021 00:18:55.985,1.25818,1.2581,1,1
09.08.2021 00:18:58.930,1.25819,1.2581,1,1
09.08.2021 00:19:03.097,1.25818,1.2581,1,1
09.08.2021 00:19:05.793,1.25819,1.2581,1,1
09.08.2021 00:19:05.894,1.2582200000000001,1.2581200000000001,1,1
09.08.2021 00:19:06.096,1.25821,1.25814,1,1
09.08.2021 00:19:06.197,1.2582200000000001,1.25815,1,1
09.08.2021 00:19:07.020,1.25828,1.2581700000000002,1,1
09.08.2021 00:19:08.716,1.25828,1.25818,1,1
09.08.2021 00:19:09.557,1.25828,1.2581700000000002,1,1
09.08.2021 00:19:09.709,1.2582700000000002,1.25819,1,1
09.08.2021 00:19:17.958,1.2582700000000002,1.25818,1,1
09.08.2021 00:19:18.008,1.25824,1.25815,1,1
09.08.2021 00:19:20.657,1.25824,1.25814,1,1
09.08.2021 00:19:27.820,1.25819,1.25811,1,1.12
09.08.2021 00:19:28.022,1.25819,1.2581,1,1
09.08.2021 00:19:28.123,1.2582,1.2581,1,1
09.08.2021 00:19:28.224,1.2582,1.25811,1,1
09.08.2021 00:19:29.472,1.2582700000000002,1.2582,1.12,1.69
09.08.2021 00:19:29.523,1.25834,1.25828,1,2.12
09.08.2021 00:19:29.624,1.2584,1.25828,1,1.25
09.08.2021 00:19:29.675,1.2583700000000002,1.2582600000000002,1,1.5
09.08.2021 00:19:29.776,1.2583600000000001,1.2582600000000002,1,1.37
09.08.2021 00:19:30.029,1.25835,1.2582700000000002,1,1
09.08.2021 00:19:30.130,1.2583600000000001,1.2582600000000002,1,1.37
09.08.2021 00:19:30.281,1.2583600000000001,1.2582600000000002,1,1
09.08.2021 00:19:39.219,1.2583600000000001,1.2582600000000002,1,1.37
09.08.2021 00:19:39.941,1.25835,1.2582700000000002,1,1
09.08.2021 00:19:40.574,1.2583600000000001,1.2582600000000002,1,1.25
09.08.2021 00:19:40.968,1.2583600000000001,1.2582600000000002,1,1
09.08.2021 00:19:41.450,1.2583600000000001,1.2582600000000002,1,1.75
09.08.2021 00:19:42.402,1.2583600000000001,1.2582600000000002,1,1
09.08.2021 00:19:43.280,1.2583600000000001,1.2582600000000002,1,1.75
09.08.2021 00:19:44.787,1.25835,1.2582700000000002,1,1
09.08.2021 00:19:46.190,1.2583600000000001,1.2582600000000002,1,1.37
09.08.2021 00:19:46.342,1.2583600000000001,1.2582600000000002,1,1
09.08.2021 00:19:47.867,1.25834,1.25823,1,5.06
09.08.2021 00:19:47.917,1.25834,1.2582600000000002,1,1.37
09.08.2021 00:19:48.019,1.25835,1.2582600000000002,1,1.37
09.08.2021 00:19:49.987,1.2583600000000001,1.2582600000000002,1,1.37
09.08.2021 00:19:55.629,1.2583600000000001,1.2582600000000002,1,1
09.08.2021 00:19:55.834,1.25833,1.25824,1,3
09.08.2021 00:19:55.986,1.2583600000000001,1.2582900000000001,1,1
09.08.2021 00:19:56.088,1.2583600000000001,1.2582700000000002,1,1
09.08.2021 00:19:57.144,1.25835,1.2582700000000002,1,1.25
09.08.2021 00:19:57.246,1.25835,1.25825,1,1.37
09.08.2021 00:20:01.072,1.25834,1.2582600000000002,1,1
09.08.2021 00:20:02.386,1.25834,1.2582700000000002,1,1
09.08.2021 00:20:05.634,1.25834,1.25824,1,1
09.08.2021 00:20:05.735,1.25833,1.2582600000000002,1,1
09.08.2021 00:20:05.836,1.25835,1.25825,1,1
09.08.2021 00:20:05.937,1.25834,1.2582700000000002,1,1
09.08.2021 00:20:06.038,1.25835,1.2582700000000002,1,1
09.08.2021 00:20:06.240,1.2583,1.25821,1,1.5
09.08.2021 00:20:06.291,1.25835,1.25823,1.87,1
09.08.2021 00:20:06.342,1.2582900000000001,1.2582,1,1
09.08.2021 00:20:06.443,1.25828,1.25818,1,1
09.08.2021 00:20:07.759,1.2582700000000002,1.25818,1,1
09.08.2021 00:20:07.860,1.2582600000000002,1.25815,1,1
09.08.2021 00:20:08.415,1.2582700000000002,1.2581700000000002,1,1
09.08.2021 00:20:08.722,1.2582700000000002,1.2581600000000002,1.5,1
09.08.2021 00:20:09.076,1.2582600000000002,1.25815,1,1
09.08.2021 00:20:16.616,1.25825,1.25813,1,1
09.08.2021 00:20:16.667,1.25818,1.2581,1,1
09.08.2021 00:20:16.718,1.25818,1.2580700000000002,1,1.12
09.08.2021 00:20:16.870,1.25818,1.25808,1,1
09.08.2021 00:20:17.072,1.25818,1.2580700000000002,1,1
09.08.2021 00:20:20.906,1.2581200000000001,1.25803,1,1
09.08.2021 00:20:21.008,1.25811,1.2580200000000001,1,1
09.08.2021 00:20:21.262,1.25811,1.25803,1,1
09.08.2021 00:20:21.768,1.25809,1.25803,1,1
09.08.2021 00:20:21.869,1.25809,1.2580200000000001,1,1
09.08.2021 00:20:22.022,1.2581,1.258,1,1
09.08.2021 00:20:29.059,1.25804,1.25797,1,1
09.08.2021 00:20:29.110,1.2580500000000001,1.25794,1,1.12
09.08.2021 00:20:29.652,1.25808,1.25797,1,1
09.08.2021 00:20:29.753,1.25809,1.25798,1,1
09.08.2021 00:20:30.005,1.25809,1.25801,1,1
09.08.2021 00:20:30.157,1.2580500000000001,1.2579600000000002,1,1
09.08.2021 00:20:30.258,1.2580500000000001,1.25794,1,1
09.08.2021 00:20:30.359,1.2580500000000001,1.2579500000000001,1,1
09.08.2021 00:20:30.541,1.2580600000000002,1.2579500000000001,1,1
09.08.2021 00:20:30.750,1.2580700000000002,1.25797,1,1
09.08.2021 00:20:30.851,1.25809,1.25797,1.5,1
09.08.2021 00:20:30.953,1.25809,1.25799,1,1
09.08.2021 00:20:34.113,1.25809,1.258,1,1
09.08.2021 00:20:34.309,1.2581,1.258,1.5,1
09.08.2021 00:20:35.764,1.2581,1.25799,1,1
09.08.2021 00:20:35.866,1.2581,1.258,1,1
09.08.2021 00:20:40.002,1.25811,1.258,1,1
09.08.2021 00:20:40.103,1.25811,1.25801,1,1
09.08.2021 00:20:40.459,1.2581,1.25801,1,1
09.08.2021 00:20:49.221,1.2580600000000002,1.2579500000000001,1,1
09.08.2021 00:20:49.322,1.25804,1.2579500000000001,1,1
09.08.2021 00:20:49.613,1.2580600000000002,1.2579600000000002,1,1
09.08.2021 00:20:49.714,1.2580500000000001,1.2579600000000002,1,1
09.08.2021 00:20:49.865,1.2580500000000001,1.2579500000000001,1,1
09.08.2021 00:20:50.999,1.25808,1.25798,1,1
09.08.2021 00:20:51.100,1.25809,1.25801,1,1
09.08.2021 00:20:51.302,1.2581,1.25801,1,1
09.08.2021 00:20:52.193,1.25809,1.25801,1,1
09.08.2021 00:20:52.244,1.2580600000000002,1.25797,1,1
09.08.2021 00:20:52.346,1.2580600000000002,1.2579600000000002,1,1
09.08.2021 00:20:52.743,1.25804,1.2579600000000002,1,1
09.08.2021 00:20:54.208,1.25804,1.2579500000000001,1,1
09.08.2021 00:20:54.367,1.2580500000000001,1.2579500000000001,1,1
09.08.2021 00:20:56.148,1.25804,1.2579500000000001,1,1
09.08.2021 00:20:58.597,1.25804,1.25793,1,1
09.08.2021 00:20:59.443,1.25801,1.25793,1,1
09.08.2021 00:20:59.544,1.2580200000000001,1.25791,1,1
09.08.2021 00:21:04.158,1.2580200000000001,1.2579600000000002,1,1
09.08.2021 00:21:04.209,1.2580500000000001,1.2579600000000002,1,1
09.08.2021 00:21:04.310,1.25804,1.2579500000000001,1,1
09.08.2021 00:21:04.361,1.2580500000000001,1.2579600000000002,1,1
09.08.2021 00:21:04.714,1.25803,1.2579500000000001,1,1
09.08.2021 00:21:09.026,1.25803,1.25794,1,1
09.08.2021 00:21:10.424,1.25803,1.2579500000000001,1,1
09.08.2021 00:21:14.575,1.25803,1.2579600000000002,1,1
09.08.2021 00:21:14.677,1.25808,1.258,1,1
09.08.2021 00:21:14.728,1.2581,1.2580200000000001,1,1
09.08.2021 00:21:27.857,1.2580700000000002,1.25801,1,1
09.08.2021 00:21:27.959,1.25809,1.258,1,1
09.08.2021 00:21:28.373,1.2581,1.258,1,1
09.08.2021 00:21:32.483,1.2580500000000001,1.25797,1,1.97
09.08.2021 00:21:34.364,1.2580600000000002,1.25797,1,1.85
09.08.2021 00:21:36.089,1.25803,1.2579600000000002,1,1
09.08.2021 00:21:36.140,1.2580200000000001,1.25793,1,1.39
09.08.2021 00:21:36.241,1.25801,1.2579200000000001,1,1.01
09.08.2021 00:21:38.160,1.25801,1.2579200000000001,1,2.76
09.08.2021 00:21:38.262,1.25803,1.2579200000000001,1,2.51
09.08.2021 00:21:38.594,1.25803,1.2579200000000001,1,2.54
09.08.2021 00:21:41.898,1.2580700000000002,1.2579600000000002,1,1.35
09.08.2021 00:21:42.000,1.2580700000000002,1.25797,1,2.35
09.08.2021 00:21:46.521,1.25808,1.25798,1,1
09.08.2021 00:21:51.406,1.25809,1.25798,1,1.2
09.08.2021 00:21:51.508,1.25809,1.25799,1,1.01
09.08.2021 00:21:51.609,1.25809,1.25799,1,1.35
09.08.2021 00:21:52.358,1.25808,1.25797,1,1.97
09.08.2021 00:22:02.230,1.25809,1.25797,1,4.22
09.08.2021 00:22:10.343,1.2581,1.258,1,1.95
09.08.2021 00:22:10.444,1.25811,1.258,1,1.85
09.08.2021 00:22:10.647,1.2581200000000001,1.258,1,1.85
09.08.2021 00:22:11.089,1.2581200000000001,1.25804,1,1
09.08.2021 00:22:11.140,1.2581600000000002,1.2580500000000001,1,1.35
09.08.2021 00:22:11.241,1.2581600000000002,1.2580700000000002,1,1.01
09.08.2021 00:22:12.493,1.25815,1.2580600000000002,1,1.85
09.08.2021 00:22:12.802,1.2581,1.25803,1,2.44
09.08.2021 00:22:12.904,1.2581,1.2580200000000001,1,1.01
09.08.2021 00:22:13.006,1.25811,1.25801,1,1.82
09.08.2021 00:22:16.126,1.2581,1.258,1,1.35
09.08.2021 00:22:16.228,1.25809,1.258,1,1.35
09.08.2021 00:22:16.592,1.25809,1.25799,1,2.76
09.08.2021 00:22:16.693,1.25809,1.25798,1,1.47
09.08.2021 00:22:22.330,1.25809,1.25798,1,1.39
09.08.2021 00:22:28.164,1.25808,1.25797,1,2.14
09.08.2021 00:22:28.266,1.25809,1.25798,1,1.01
09.08.2021 00:22:28.849,1.25808,1.25799,1,2.57
09.08.2021 00:22:32.677,1.25813,1.25803,1.5,1.25
09.08.2021 00:22:32.778,1.25814,1.25803,1,2.51
09.08.2021 00:22:37.084,1.2581600000000002,1.25804,1,1.47
09.08.2021 00:22:37.185,1.2581600000000002,1.2580600000000002,1,1
09.08.2021 00:22:39.156,1.2581700000000002,1.2580600000000002,1,1.31
09.08.2021 00:22:39.742,1.2581600000000002,1.25809,1,2.12
09.08.2021 00:22:39.793,1.25818,1.25809,1,2.25
09.08.2021 00:22:40.245,1.2581700000000002,1.25809,1,1.75
09.08.2021 00:22:40.976,1.2581700000000002,1.2580700000000002,1,3.25
09.08.2021 00:22:41.078,1.2581700000000002,1.2580700000000002,1,1.12
09.08.2021 00:22:42.819,1.25815,1.2580600000000002,1,1.25
09.08.2021 00:22:42.920,1.25814,1.2580500000000001,1,1.25
09.08.2021 00:22:45.725,1.25811,1.25803,1,1.25
09.08.2021 00:22:45.979,1.25813,1.2580200000000001,1,1.75
09.08.2021 00:22:49.776,1.2581200000000001,1.25801,1,3.45
09.08.2021 00:22:56.892,1.25809,1.258,1,3.25
09.08.2021 00:22:56.943,1.2580600000000002,1.25798,1,3.52
09.08.2021 00:22:57.044,1.2580600000000002,1.2579600000000002,1,1.62
09.08.2021 00:22:57.832,1.25804,1.25793,1,2.25
09.08.2021 00:22:57.934,1.25803,1.25793,1,2.06
09.08.2021 00:22:58.661,1.25803,1.25789,1,2.89
09.08.2021 00:22:58.712,1.25797,1.2579,1,1.25
09.08.2021 00:22:58.813,1.2579600000000002,1.25787,1,4.87
09.08.2021 00:22:59.728,1.25801,1.25787,1,3.37
09.08.2021 00:23:00.242,1.25797,1.2578799999999999,1,1.25
09.08.2021 00:23:03.874,1.25794,1.25787,1,1.31
09.08.2021 00:23:04.126,1.25794,1.2578600000000002,1,1
09.08.2021 00:23:04.177,1.25791,1.25781,1,1.35
09.08.2021 00:23:06.597,1.2579200000000001,1.25784,1,1.12
09.08.2021 00:23:06.698,1.2579200000000001,1.2578500000000001,1,1.45
09.08.2021 00:23:07.611,1.25794,1.2578500000000001,1,1.1
09.08.2021 00:23:10.029,1.2579200000000001,1.25783,1,1.1
09.08.2021 00:23:14.398,1.2579200000000001,1.2578500000000001,1,1.57
09.08.2021 00:23:14.698,1.25793,1.25784,1,2.1
09.08.2021 00:23:14.800,1.25794,1.2578600000000002,1,1.1
09.08.2021 00:23:14.850,1.2579600000000002,1.2578600000000002,1,1.1
09.08.2021 00:23:15.098,1.2579600000000002,1.2578600000000002,1,1.1
09.08.2021 00:23:15.966,1.2579600000000002,1.2578799999999999,1,1.35
09.08.2021 00:23:17.218,1.25798,1.2578799999999999,1,1.51
09.08.2021 00:23:24.833,1.25793,1.25787,1,1.25
09.08.2021 00:23:24.884,1.25797,1.25784,1,2.44
09.08.2021 00:23:24.935,1.25793,1.25784,1,1.25
09.08.2021 00:23:25.321,1.2579200000000001,1.25784,1,1
09.08.2021 00:23:26.017,1.2579200000000001,1.2578500000000001,1,1
09.08.2021 00:23:26.272,1.2579200000000001,1.25784,1,1
09.08.2021 00:23:29.433,1.25793,1.25784,1,1
09.08.2021 00:23:31.125,1.25794,1.25784,1,2.82
09.08.2021 00:23:35.204,1.25793,1.2578500000000001,1,1.25
09.08.2021 00:23:35.306,1.2579200000000001,1.2578500000000001,1,1.25
09.08.2021 00:23:39.791,1.25793,1.2578200000000002,1,1.85
09.08.2021 00:23:40.932,1.25791,1.2578200000000002,1,1
09.08.2021 00:23:41.033,1.2579200000000001,1.2578200000000002,1,1.25
09.08.2021 00:23:42.913,1.2579200000000001,1.25783,1,1
09.08.2021 00:23:43.191,1.25793,1.25783,1,1
09.08.2021 00:23:44.169,1.25791,1.25784,1,1
09.08.2021 00:23:44.811,1.25789,1.25784,1,1
09.08.2021 00:23:49.668,1.25791,1.25784,1,1
09.08.2021 00:23:52.782,1.25797,1.2578600000000002,1,1.25
09.08.2021 00:23:52.983,1.2579200000000001,1.2578600000000002,1,1.12
09.08.2021 00:23:54.598,1.25794,1.25787,1,1
09.08.2021 00:23:56.713,1.2579500000000001,1.25787,1,1
09.08.2021 00:23:57.457,1.25794,1.25784,1,2.25
09.08.2021 00:23:57.785,1.25791,1.2578500000000001,1,1.12
09.08.2021 00:23:58.892,1.25793,1.25784,1,1.12
09.08.2021 00:24:02.369,1.25791,1.2578200000000002,1,1
09.08.2021 00:24:02.470,1.25789,1.25783,1,1
09.08.2021 00:24:09.122,1.2579200000000001,1.25783,1,1.39
09.08.2021 00:24:12.512,1.2579200000000001,1.25784,1,1
09.08.2021 00:24:13.390,1.2579200000000001,1.25783,1,2.06
09.08.2021 00:24:13.746,1.2579,1.25784,1,1.31
09.08.2021 00:24:14.910,1.25791,1.25784,1,1.12
09.08.2021 00:24:29.404,1.25793,1.25783,1,2.14
09.08.2021 00:24:31.476,1.25794,1.25784,1,1.01
09.08.2021 00:24:31.806,1.2579500000000001,1.2578500000000001,1,1.01
09.08.2021 00:24:31.907,1.2579600000000002,1.2579,1,1
09.08.2021 00:24:32.009,1.25797,1.2579,1,1
09.08.2021 00:24:33.224,1.25799,1.25789,1,1
09.08.2021 00:24:36.470,1.25801,1.2579,1,2.7
09.08.2021 00:24:36.572,1.25801,1.25791,1,1
09.08.2021 00:24:40.007,1.258,1.25791,1,1
09.08.2021 00:24:55.686,1.25799,1.25791,1,1.12
09.08.2021 00:25:00.736,1.258,1.25789,1,1.2
09.08.2021 00:25:01.192,1.25799,1.25789,1,1.2
09.08.2021 00:25:03.117,1.25794,1.25789,1,1
09.08.2021 00:25:03.168,1.25793,1.2578500000000001,1,1
09.08.2021 00:25:03.269,1.25793,1.25783,1,1.39
09.08.2021 00:25:05.198,1.25794,1.25783,1,2.2
09.08.2021 00:25:07.297,1.25797,1.25787,1,1.69
09.08.2021 00:25:07.450,1.25794,1.2578600000000002,1,3
09.08.2021 00:25:08.755,1.2579500000000001,1.2578500000000001,1,1.37
09.08.2021 00:25:08.957,1.2579500000000001,1.25784,1,1.7
09.08.2021 00:25:10.279,1.25794,1.25787,1,1
09.08.2021 00:25:11.090,1.2579600000000002,1.2578600000000002,1,1.01
09.08.2021 00:25:11.482,1.25794,1.2578500000000001,1,1.25
09.08.2021 00:25:11.634,1.25794,1.25784,1,1.31
09.08.2021 00:25:13.105,1.25793,1.2578600000000002,1,1.25
09.08.2021 00:25:13.206,1.2579600000000002,1.2578500000000001,1,2.57
09.08.2021 00:25:13.560,1.2579600000000002,1.25789,1,1
09.08.2021 00:25:13.661,1.258,1.2579,1,1.87
09.08.2021 00:25:13.763,1.25801,1.25791,1,1
09.08.2021 00:25:17.614,1.25801,1.2579200000000001,1,1.76
09.08.2021 00:25:17.868,1.2580200000000001,1.25791,1,2.72
09.08.2021 00:25:18.200,1.25801,1.25791,1,1.01
09.08.2021 00:25:20.768,1.25801,1.2579200000000001,1,1.01
09.08.2021 00:25:31.016,1.2580200000000001,1.2579200000000001,1,1.95
09.08.2021 00:25:31.117,1.2580200000000001,1.25794,1,1.31
09.08.2021 00:25:31.168,1.2580500000000001,1.2579500000000001,1,1.35
09.08.2021 00:25:31.371,1.2580600000000002,1.2579500000000001,1,1.72
09.08.2021 00:25:31.572,1.2580600000000002,1.25797,1,1
09.08.2021 00:25:31.831,1.2580600000000002,1.2579600000000002,1,1.87
09.08.2021 00:25:36.063,1.2580200000000001,1.25793,1,1.5
09.08.2021 00:25:36.170,1.25801,1.25793,1,1
09.08.2021 00:25:36.272,1.258,1.2579200000000001,1,1.31
09.08.2021 00:25:37.804,1.25799,1.2579200000000001,1,1
09.08.2021 00:25:44.523,1.2579600000000002,1.25789,1,1
09.08.2021 00:25:44.574,1.25794,1.2578500000000001,1,1.25
09.08.2021 00:25:44.726,1.25794,1.25784,1,1.31
09.08.2021 00:25:46.081,1.2579600000000002,1.25787,1,2.06
09.08.2021 00:25:46.183,1.25798,1.2578799999999999,1,1.95
09.08.2021 00:25:46.284,1.25797,1.25789,1,2.32
09.08.2021 00:25:48.054,1.2579500000000001,1.2578799999999999,1,1
09.08.2021 00:25:48.105,1.25793,1.2578500000000001,1,2.59
09.08.2021 00:25:48.207,1.2579,1.25781,1,3.39
09.08.2021 00:25:48.309,1.2578799999999999,1.25781,1,1.81
09.08.2021 00:25:48.359,1.25791,1.25781,1,1.12
09.08.2021 00:25:50.702,1.2578799999999999,1.25779,1,2.44
09.08.2021 00:25:51.034,1.2579,1.2578,1,1.45
09.08.2021 00:25:51.236,1.2578799999999999,1.25778,1,1.95
09.08.2021 00:25:51.337,1.25787,1.25777,1,2.2
09.08.2021 00:25:51.539,1.2578600000000002,1.25778,1,1.45
09.08.2021 00:25:51.791,1.2578600000000002,1.25776,1,1.45
09.08.2021 00:25:53.234,1.2578500000000001,1.25776,1,1.37
09.08.2021 00:25:54.035,1.25784,1.25777,1,1.39
09.08.2021 00:25:54.138,1.2578500000000001,1.25776,1,1.45
09.08.2021 00:25:55.195,1.25784,1.25777,1,1.01
09.08.2021 00:26:01.568,1.2578500000000001,1.25776,1,1.82
09.08.2021 00:26:01.988,1.2578600000000002,1.25776,1,1.82
09.08.2021 00:26:02.811,1.25789,1.25781,1,1.12
09.08.2021 00:26:02.862,1.2579,1.2578200000000002,1,1.25
09.08.2021 00:26:02.913,1.2579200000000001,1.25783,1,1
09.08.2021 00:26:04.839,1.2579,1.25779,1,1.95
09.08.2021 00:26:04.940,1.25787,1.25779,1,1.39
09.08.2021 00:26:05.243,1.2578600000000002,1.25778,1,1.25
09.08.2021 00:26:07.566,1.25789,1.25778,1,1.25
09.08.2021 00:26:08.316,1.25789,1.25778,1,1.82
09.08.2021 00:26:13.196,1.2579200000000001,1.2578200000000002,1.5,1.25
09.08.2021 00:26:13.298,1.2579200000000001,1.25781,1,2.95
09.08.2021 00:26:13.401,1.2579200000000001,1.25784,1,1.25
09.08.2021 00:26:17.529,1.25794,1.25783,1,1.25
09.08.2021 00:26:19.103,1.25793,1.25783,1,1.25
09.08.2021 00:26:22.512,1.25794,1.25783,1,1.12
09.08.2021 00:26:27.136,1.2579200000000001,1.25784,1,1.25
09.08.2021 00:26:27.490,1.25793,1.2578200000000002,1,1.39
09.08.2021 00:26:27.592,1.25793,1.2578200000000002,1,1.45
09.08.2021 00:26:34.064,1.25793,1.25781,1,2.35
09.08.2021 00:26:36.334,1.2579200000000001,1.25781,1,2.32
09.08.2021 00:26:41.163,1.2579200000000001,1.25783,1,1.76
09.08.2021 00:26:41.264,1.25793,1.25783,1,1.25
09.08.2021 00:26:44.953,1.25793,1.25783,1,2.2
09.08.2021 00:26:51.969,1.25793,1.25784,1,1.7
09.08.2021 00:26:52.071,1.25793,1.25783,1,1.5
09.08.2021 00:26:52.315,1.2578799999999999,1.25781,1,1
09.08.2021 00:26:52.365,1.2578799999999999,1.25778,1,2.14
09.08.2021 00:26:52.416,1.2578600000000002,1.25778,1,1.25
09.08.2021 00:26:53.080,1.2578600000000002,1.25778,1,1.37
09.08.2021 00:26:53.536,1.2578799999999999,1.25777,1,2.12
09.08.2021 00:26:53.971,1.2578799999999999,1.25777,1,1.31
09.08.2021 00:26:54.073,1.25787,1.25776,1,2.25
09.08.2021 00:26:58.162,1.2578600000000002,1.25776,1,2.12
09.08.2021 00:26:58.979,1.25787,1.25777,1,1.25
09.08.2021 00:26:59.181,1.25787,1.25776,1,2.2
09.08.2021 00:27:02.597,1.2578600000000002,1.25776,1,1.37
09.08.2021 00:27:05.396,1.2578500000000001,1.25777,1,1.25
09.08.2021 00:27:17.544,1.2578,1.2577200000000002,1,1
09.08.2021 00:27:17.645,1.2578,1.25771,1,1.25
09.08.2021 00:27:17.746,1.25778,1.2577,1,2.62
09.08.2021 00:27:17.848,1.25778,1.2577,1,1.69
09.08.2021 00:27:27.228,1.25778,1.25768,1,2.12
09.08.2021 00:27:32.137,1.25781,1.2577,1,1.85
09.08.2021 00:27:32.188,1.2578500000000001,1.25774,1,2.87
09.08.2021 00:27:32.290,1.2578500000000001,1.25776,1,1.25
09.08.2021 00:27:32.543,1.2578500000000001,1.25776,1,1.75
09.08.2021 00:27:33.800,1.2578500000000001,1.25777,1,1.45
09.08.2021 00:27:36.436,1.2578600000000002,1.25777,1,1.45
09.08.2021 00:27:45.811,1.2579,1.25783,1,1.31
09.08.2021 00:27:45.912,1.25793,1.2578200000000002,1,2.62
09.08.2021 00:27:46.013,1.25794,1.25783,1,2.06
09.08.2021 00:27:51.501,1.2578799999999999,1.2578200000000002,1,1.25
09.08.2021 00:27:51.603,1.25789,1.2578,1,1
09.08.2021 00:27:51.704,1.2578799999999999,1.25779,1,2.7
09.08.2021 00:27:55.428,1.2579,1.2578,1,1.51
09.08.2021 00:27:57.593,1.25791,1.25784,1,1
09.08.2021 00:27:57.694,1.2579,1.25781,1,1.75
09.08.2021 00:27:58.753,1.2579,1.2578,1,1.85
09.08.2021 00:28:03.215,1.25791,1.25781,1,1.31
09.08.2021 00:28:03.457,1.2578799999999999,1.25779,1,1
09.08.2021 00:28:03.559,1.2578500000000001,1.25778,1,1
09.08.2021 00:28:08.410,1.25787,1.25777,1,1
09.08.2021 00:28:13.121,1.2578500000000001,1.25778,1,1
09.08.2021 00:28:13.222,1.2578500000000001,1.25777,1,1.12
09.08.2021 00:28:17.868,1.2578600000000002,1.25777,1,1.25
09.08.2021 00:28:18.762,1.25787,1.25777,1,1.69
09.08.2021 00:28:30.500,1.25787,1.25778,1,1
09.08.2021 00:28:31.764,1.25787,1.25777,1,1
09.08.2021 00:28:36.232,1.2578600000000002,1.25777,1,1
09.08.2021 00:28:42.330,1.2578600000000002,1.25778,1,2.12
09.08.2021 00:28:44.819,1.25787,1.25777,1,1.31
09.08.2021 00:28:47.117,1.25787,1.25777,1,1.25
09.08.2021 00:28:51.223,1.2578799999999999,1.25777,1,1.75
09.08.2021 00:28:51.437,1.2578600000000002,1.25778,1,1.75
09.08.2021 00:28:51.538,1.25787,1.25777,1,1.31
09.08.2021 00:28:57.678,1.25787,1.25776,1,1.25
09.08.2021 00:29:03.138,1.25783,1.25777,1,1
09.08.2021 00:29:03.188,1.25784,1.25773,1,4.2
09.08.2021 00:29:03.340,1.25783,1.25773,1,1.25
09.08.2021 00:29:03.391,1.25779,1.2577200000000002,1,1.12
09.08.2021 00:29:03.759,1.25779,1.2577,1,1.87
09.08.2021 00:29:04.408,1.25779,1.25769,1,2.62
09.08.2021 00:29:05.735,1.25779,1.2577,1,2.7
09.08.2021 00:29:08.538,1.25779,1.25769,1,1.75
09.08.2021 00:29:08.640,1.25778,1.2577,1,1.31
09.08.2021 00:29:11.405,1.25779,1.2577,1,1.5
09.08.2021 00:29:13.534,1.25779,1.25769,1,1.31
09.08.2021 00:29:25.195,1.2578500000000001,1.2577500000000001,1,1.25
09.08.2021 00:29:25.297,1.2578600000000002,1.25777,1,1.25
09.08.2021 00:29:26.391,1.25787,1.25777,1,1
09.08.2021 00:29:36.048,1.25787,1.2577500000000001,1,1.85
09.08.2021 00:29:37.180,1.2578799999999999,1.25776,1,2.2
09.08.2021 00:29:37.382,1.25787,1.25778,1,1.97
09.08.2021 00:29:43.451,1.2578799999999999,1.25779,1,1.57
09.08.2021 00:29:43.996,1.2578799999999999,1.25777,1,1.62
09.08.2021 00:29:44.097,1.2578799999999999,1.25777,1,2.25
09.08.2021 00:29:49.681,1.25787,1.25778,1,2.12
09.08.2021 00:29:54.391,1.2578799999999999,1.25777,1,1
09.08.2021 00:29:54.897,1.2578799999999999,1.25777,1,1.79
09.08.2021 00:29:55.099,1.25787,1.25778,1,1.95
09.08.2021 00:29:55.236,1.25789,1.25779,1,1.35
09.08.2021 00:29:55.288,1.2579200000000001,1.25779,1,1.45
09.08.2021 00:29:56.702,1.25794,1.25783,1,1.31
09.08.2021 00:30:00.114,1.25794,1.25784,1,3.45
09.08.2021 00:30:00.215,1.2579500000000001,1.25784,1,1.76
09.08.2021 00:30:00.417,1.2579500000000001,1.25783,1,1.95
09.08.2021 00:30:00.518,1.2579200000000001,1.2578,1,1.97
09.08.2021 00:30:01.275,1.2579,1.25778,1,2.57
09.08.2021 00:30:02.630,1.2579,1.25778,1,3.35
09.08.2021 00:30:03.074,1.25787,1.25777,1,1.75
09.08.2021 00:30:03.378,1.2578600000000002,1.25778,1,2.06
09.08.2021 00:30:03.480,1.2578799999999999,1.25777,1,2.06
09.08.2021 00:30:04.718,1.25787,1.25777,1,2.06
09.08.2021 00:30:04.870,1.2578799999999999,1.25777,1,2.06
09.08.2021 00:30:05.560,1.2578600000000002,1.25777,1,3.45
09.08.2021 00:30:06.616,1.2578799999999999,1.25777,1,2.06
09.08.2021 00:30:07.441,1.25787,1.25777,1,2.06
09.08.2021 00:30:11.358,1.25787,1.25776,1,1.76
09.08.2021 00:30:24.889,1.2578799999999999,1.25777,1,1.69
09.08.2021 00:30:42.163,1.25787,1.25777,1,4.01
09.08.2021 00:30:42.265,1.2578799999999999,1.25777,1,1.25
09.08.2021 00:30:42.366,1.25789,1.25777,1,1.25
09.08.2021 00:30:51.166,1.2578799999999999,1.25777,1,1.69
09.08.2021 00:30:53.165,1.25789,1.25778,1.5,2.44
09.08.2021 00:30:58.856,1.2579200000000001,1.25779,1.5,4.39
09.08.2021 00:30:58.957,1.2579200000000001,1.25781,1,1.69
09.08.2021 00:30:59.109,1.25793,1.2578,1,2.7
09.08.2021 00:31:01.157,1.25793,1.2578200000000002,1,1
09.08.2021 00:31:01.207,1.2579500000000001,1.25783,1,1.87
09.08.2021 00:31:01.308,1.25794,1.25784,1,1.75
09.08.2021 00:31:03.049,1.2579,1.2578,1,1.12
09.08.2021 00:31:03.151,1.2578799999999999,1.25778,1,3
09.08.2021 00:31:07.614,1.25789,1.25777,1,1.69
09.08.2021 00:31:10.785,1.2578600000000002,1.25776,1.5,1.5
09.08.2021 00:31:10.887,1.25781,1.25773,1,1
09.08.2021 00:31:10.989,1.25781,1.25769,1,1.87
09.08.2021 00:31:12.224,1.25781,1.25769,1,1.31
09.08.2021 00:31:12.325,1.2578,1.25769,1,1
09.08.2021 00:31:29.151,1.2578,1.2577,1,2.2
09.08.2021 00:31:34.059,1.25784,1.25774,1,2.62
09.08.2021 00:31:34.160,1.25784,1.25774,1,3.82
09.08.2021 00:31:34.546,1.25787,1.25776,1,2.62
09.08.2021 00:31:34.748,1.2578600000000002,1.25776,1,1
09.08.2021 00:31:35.482,1.2578600000000002,1.25774,1,1
09.08.2021 00:31:35.583,1.2578500000000001,1.25773,1,2.06
09.08.2021 00:31:36.201,1.2578500000000001,1.25774,1,2.87
09.08.2021 00:31:37.924,1.2578799999999999,1.2577500000000001,1,3.01
09.08.2021 00:31:46.071,1.25789,1.25778,1,1.69
09.08.2021 00:31:46.123,1.25791,1.25778,1,3.75
09.08.2021 00:31:46.224,1.25791,1.25778,1,4.1
09.08.2021 00:31:47.111,1.25791,1.2578,1,1.85
09.08.2021 00:31:48.110,1.2579200000000001,1.25781,1,2.14
09.08.2021 00:31:49.861,1.2578799999999999,1.25777,1,2.25
09.08.2021 00:31:49.963,1.2578600000000002,1.25774,1,1.87
09.08.2021 00:31:50.013,1.2578799999999999,1.2577500000000001,1,3.7
09.08.2021 00:31:54.146,1.25787,1.25776,1,4.45
09.08.2021 00:31:58.963,1.2578200000000002,1.25774,1,1.5
09.08.2021 00:31:59.015,1.25781,1.25769,1.5,4.7
09.08.2021 00:32:04.404,1.2578500000000001,1.25773,1,1.12
09.08.2021 00:32:04.505,1.2578500000000001,1.25774,1,1.12
09.08.2021 00:32:04.606,1.2578500000000001,1.25774,1,1.5
09.08.2021 00:32:07.945,1.2578799999999999,1.2577500000000001,1.5,1.5
09.08.2021 00:32:08.148,1.2578799999999999,1.25776,1,1
09.08.2021 00:32:08.535,1.25787,1.25776,1,1
09.08.2021 00:32:09.688,1.25787,1.25774,1,2.14
09.08.2021 00:32:09.789,1.2578600000000002,1.25774,1,1.31
09.08.2021 00:32:13.877,1.25787,1.25774,1,2.14
09.08.2021 00:32:13.979,1.25787,1.25774,1,3.01
09.08.2021 00:32:14.080,1.2578799999999999,1.2577500000000001,1.5,1.12
09.08.2021 00:32:14.182,1.25787,1.25774,1,2.94
09.08.2021 00:32:14.402,1.2578799999999999,1.25776,1,1
09.08.2021 00:32:14.503,1.25787,1.2577500000000001,1,1.12
09.08.2021 00:32:19.564,1.25787,1.25777,1,1
09.08.2021 00:32:20.051,1.25787,1.2577500000000001,1,1
09.08.2021 00:32:20.153,1.2578600000000002,1.2577500000000001,1,1.87
09.08.2021 00:32:23.959,1.25781,1.2577200000000002,1,1
09.08.2021 00:32:24.060,1.25781,1.2577,1,1.12
09.08.2021 00:32:25.142,1.25781,1.25769,1,1.12
09.08.2021 00:32:28.554,1.25783,1.2577,1,1.37
09.08.2021 00:32:28.826,1.2578,1.2577,1,1.25
09.08.2021 00:32:31.374,1.25779,1.2577,1,1
09.08.2021 00:32:32.303,1.2578,1.25767,1,3.76
09.08.2021 00:32:33.043,1.25778,1.25767,1,1.5
09.08.2021 00:32:36.095,1.25778,1.25768,1,2.19
09.08.2021 00:32:36.709,1.2578,1.25768,1,1.5
09.08.2021 00:32:39.464,1.2578,1.25769,1,1
09.08.2021 00:32:39.566,1.25781,1.2577,1,3.07
09.08.2021 00:32:39.820,1.2578200000000002,1.2577,1,1
09.08.2021 00:32:46.898,1.2578200000000002,1.2577200000000002,1,1
09.08.2021 00:32:50.792,1.25784,1.25771,1,1.2
09.08.2021 00:32:54.396,1.2578500000000001,1.25771,1,1.95
09.08.2021 00:32:54.704,1.2578500000000001,1.25771,1,2.2
09.08.2021 00:32:56.272,1.2578500000000001,1.25774,1,1
09.08.2021 00:32:56.324,1.2578600000000002,1.25776,1,1.87
09.08.2021 00:32:56.884,1.2578500000000001,1.25776,1,1.12
09.08.2021 00:33:03.052,1.25787,1.2577500000000001,1,1.87
09.08.2021 00:33:03.153,1.2578799999999999,1.2577500000000001,1,3.64
09.08.2021 00:33:03.254,1.2578799999999999,1.2577500000000001,1,4.51
09.08.2021 00:33:03.507,1.25787,1.25778,1,1.25
09.08.2021 00:33:03.609,1.2579,1.2578,1,1
09.08.2021 00:33:03.874,1.2579,1.25779,1,1
09.08.2021 00:33:12.474,1.25793,1.25781,1,1.25
09.08.2021 00:33:12.575,1.25793,1.2578200000000002,1,1
09.08.2021 00:33:12.676,1.2579200000000001,1.25784,1.5,1
09.08.2021 00:33:12.727,1.2579,1.2578,1,2.19
09.08.2021 00:33:18.545,1.25791,1.25779,1,1.12
09.08.2021 00:33:20.004,1.2578799999999999,1.25778,1,1.31
09.08.2021 00:33:22.494,1.2579200000000001,1.2578200000000002,1,1.69
09.08.2021 00:33:22.697,1.25789,1.25778,1,1
09.08.2021 00:33:22.798,1.25789,1.25777,1,1.31
09.08.2021 00:33:24.206,1.2578799999999999,1.25776,1,1.87
09.08.2021 00:33:26.613,1.2578600000000002,1.25776,1,3.45
09.08.2021 00:33:26.715,1.25787,1.2577500000000001,1,3.45
09.08.2021 00:33:29.405,1.2578500000000001,1.2577500000000001,1,1.12
09.08.2021 00:33:29.456,1.25784,1.2577200000000002,1,2.33
09.08.2021 00:33:32.882,1.25783,1.2577200000000002,1,1.87
09.08.2021 00:33:34.207,1.2578200000000002,1.25773,1,1.87
09.08.2021 00:33:39.196,1.2578200000000002,1.2577200000000002,1,1.87
09.08.2021 00:33:40.531,1.2578,1.2577200000000002,1,1.12
09.08.2021 00:33:40.633,1.25778,1.25769,1,1.75
09.08.2021 00:33:40.735,1.25778,1.25768,1,1.75
09.08.2021 00:33:40.962,1.25779,1.25768,1,3
09.08.2021 00:33:41.063,1.25778,1.25768,1,3
09.08.2021 00:33:41.755,1.25779,1.25769,1,1.37
09.08.2021 00:33:42.722,1.25783,1.2577200000000002,1,2.25
09.08.2021 00:33:43.363,1.25783,1.2577200000000002,1,1.85
09.08.2021 00:33:48.192,1.25784,1.2577200000000002,1,1.85
09.08.2021 00:33:55.240,1.25781,1.2577,1,2.44
09.08.2021 00:33:56.917,1.2578,1.2577,1,1.25
09.08.2021 00:34:01.237,1.2578,1.25768,1,2.7
09.08.2021 00:34:02.427,1.25778,1.25768,1,1.87
09.08.2021 00:34:03.038,1.25778,1.25767,1,1.87
09.08.2021 00:34:03.374,1.25778,1.25767,1,1.75
09.08.2021 00:34:03.475,1.25773,1.25764,1,2.62
09.08.2021 00:34:03.577,1.2577200000000002,1.2576200000000002,1,3.12
09.08.2021 00:34:04.134,1.2577200000000002,1.25763,1,1.75
09.08.2021 00:34:04.445,1.25773,1.2576100000000001,1,3.37
09.08.2021 00:34:05.076,1.25773,1.2576200000000002,1,1.75
09.08.2021 00:34:05.177,1.25774,1.2576200000000002,1,2.5
09.08.2021 00:34:05.278,1.2577500000000001,1.2576200000000002,1,1.87
09.08.2021 00:34:14.829,1.25774,1.2576500000000002,1,2.37
09.08.2021 00:34:15.031,1.25776,1.25763,1,2.56
09.08.2021 00:34:15.132,1.2577200000000002,1.2576200000000002,1,3.45
09.08.2021 00:34:15.283,1.25774,1.2576200000000002,1,1.75
09.08.2021 00:34:23.172,1.25777,1.25768,1.5,1.5
09.08.2021 00:34:23.374,1.2578,1.25768,1.5,1.5
09.08.2021 00:34:23.475,1.25781,1.25769,1,1.69
09.08.2021 00:34:24.390,1.25779,1.25767,1,1.62
09.08.2021 00:34:24.491,1.25777,1.25768,1,1.62
09.08.2021 00:34:28.705,1.25778,1.25767,1,1.12
09.08.2021 00:34:30.956,1.25778,1.25766,1,1.39
09.08.2021 00:34:39.082,1.25778,1.25767,1,1
09.08.2021 00:34:50.680,1.2578,1.25768,1.5,2.2
09.08.2021 00:34:52.078,1.25781,1.25769,1,1.69
09.08.2021 00:34:56.246,1.25779,1.2577,1,2.06
09.08.2021 00:34:58.601,1.25779,1.25769,1,2.06
09.08.2021 00:34:59.086,1.2578,1.25769,1,2.06
09.08.2021 00:35:11.279,1.2578,1.25769,1,2.37
09.08.2021 00:35:11.521,1.25781,1.25769,1,2.37
09.08.2021 00:35:13.836,1.2578,1.25769,1,2.25
09.08.2021 00:35:16.776,1.25779,1.25769,1,1.12
09.08.2021 00:35:20.501,1.2578,1.25769,1,2.25
09.08.2021 00:35:20.652,1.2578,1.25769,1,1.62
09.08.2021 00:35:25.744,1.2578,1.25769,1,2.25
09.08.2021 00:35:34.087,1.25778,1.2577,1,1.12
09.08.2021 00:35:40.891,1.2578,1.25769,1,1.5
09.08.2021 00:35:41.388,1.25779,1.2577,1,2.37
09.08.2021 00:35:42.957,1.2578,1.25769,1,2.25
09.08.2021 00:35:43.085,1.25781,1.25769,1,2.25
09.08.2021 00:35:43.186,1.2578,1.25769,1,1.5
09.08.2021 00:36:07.119,1.25779,1.25771,1,1
09.08.2021 00:36:07.471,1.25779,1.2577,1,1
09.08.2021 00:36:10.849,1.25779,1.25771,1,1
09.08.2021 00:36:11.041,1.2578,1.25771,1,1
09.08.2021 00:36:11.092,1.2578200000000002,1.25774,1,1.12
09.08.2021 00:36:17.495,1.2578,1.25771,1,1
09.08.2021 00:36:17.596,1.25779,1.25771,1,1
09.08.2021 00:36:19.662,1.25779,1.2577,1,1
09.08.2021 00:36:20.232,1.25778,1.2577,1,1.12
09.08.2021 00:36:30.076,1.25778,1.25769,1,1
09.08.2021 00:36:30.178,1.25771,1.2576200000000002,1,3.25
09.08.2021 00:36:30.279,1.2577200000000002,1.2576100000000001,1,1.12
09.08.2021 00:36:33.721,1.25771,1.2576100000000001,1,1
09.08.2021 00:36:33.822,1.25766,1.25757,1,2.25
09.08.2021 00:36:33.923,1.2576500000000002,1.25757,1,2.25
09.08.2021 00:36:34.024,1.2576500000000002,1.25758,1,2.25
09.08.2021 00:36:34.176,1.25764,1.25753,1,2.06
09.08.2021 00:36:46.044,1.25766,1.25756,1,3
09.08.2021 00:36:46.095,1.25768,1.25758,1,2.19
09.08.2021 00:36:46.518,1.25771,1.2576,1,1
09.08.2021 00:36:47.565,1.25768,1.25756,1,2.75
09.08.2021 00:36:47.666,1.25767,1.25757,1,2.62
09.08.2021 00:36:47.848,1.25768,1.25758,1,1.5
09.08.2021 00:36:48.244,1.25771,1.25759,1,1
09.08.2021 00:36:48.345,1.25769,1.2576,1,1
09.08.2021 00:36:49.401,1.2577,1.25758,1,1.87
09.08.2021 00:36:53.066,1.25769,1.25758,1,1.31
09.08.2021 00:36:54.341,1.25768,1.2576,1,1
09.08.2021 00:36:54.493,1.25771,1.25759,1,1
09.08.2021 00:36:57.771,1.2577,1.25759,1,1.31
09.08.2021 00:36:57.922,1.25771,1.25759,1,1.31
09.08.2021 00:36:58.645,1.25769,1.25759,1,1.51
09.08.2021 00:36:58.927,1.2576500000000002,1.25754,1,3.71
09.08.2021 00:36:59.028,1.2576500000000002,1.25753,1,1.2
09.08.2021 00:36:59.337,1.25764,1.25753,1,1.12
09.08.2021 00:37:04.038,1.2576,1.2575100000000001,1,1
09.08.2021 00:37:04.089,1.2576200000000002,1.2575100000000001,1,1.5
09.08.2021 00:37:04.191,1.25763,1.2575200000000002,1,1
09.08.2021 00:37:06.504,1.2576500000000002,1.2575500000000002,1,1.12
09.08.2021 00:37:10.374,1.25766,1.2575500000000002,1,1
09.08.2021 00:37:10.425,1.25768,1.25757,1,1
09.08.2021 00:37:10.526,1.25768,1.25758,1,1
09.08.2021 00:37:13.846,1.25766,1.25757,1,1
09.08.2021 00:37:14.005,1.25768,1.25756,1,1
09.08.2021 00:37:14.488,1.25769,1.25757,1,1.69
09.08.2021 00:37:32.857,1.25769,1.2576,1,1
09.08.2021 00:37:33.059,1.25771,1.2576,1,1
09.08.2021 00:37:34.734,1.25771,1.25759,1,1.95
09.08.2021 00:37:34.835,1.2577,1.25759,1,1.87
09.08.2021 00:37:41.601,1.2577,1.2576,1,1
09.08.2021 00:37:41.702,1.2577,1.2576100000000001,1,1.69
09.08.2021 00:37:44.440,1.2577200000000002,1.2576,1,1
09.08.2021 00:37:44.696,1.25771,1.2576,1,1
09.08.2021 00:37:46.147,1.2577200000000002,1.2576,1,1
09.08.2021 00:37:53.039,1.25773,1.2576100000000001,1,1.31
09.08.2021 00:37:53.192,1.25773,1.2576100000000001,1,2.45
09.08.2021 00:37:53.437,1.25773,1.2576100000000001,1,2.32
09.08.2021 00:37:53.793,1.25773,1.2576200000000002,1,1.12
09.08.2021 00:37:53.894,1.25777,1.25766,1,1
09.08.2021 00:37:53.995,1.25777,1.25768,1,1
09.08.2021 00:37:56.761,1.25779,1.25767,1,2.62
09.08.2021 00:37:56.862,1.25779,1.25768,1,1
09.08.2021 00:37:58.706,1.25779,1.25769,1,1
09.08.2021 00:38:00.850,1.25783,1.2577,1.5,1.5
09.08.2021 00:38:02.754,1.25781,1.25771,1,1
09.08.2021 00:38:04.003,1.25783,1.25769,1.5,3.45
09.08.2021 00:38:10.035,1.25781,1.25769,1,1
09.08.2021 00:38:10.137,1.25781,1.25768,1,1.87
09.08.2021 00:38:10.798,1.2578200000000002,1.25768,1.5,1.2
09.08.2021 00:38:20.131,1.2578200000000002,1.25768,1,1.6
09.08.2021 00:38:20.461,1.25783,1.25769,1.5,1.2
09.08.2021 00:38:20.563,1.25783,1.2577,1.5,1.1
09.08.2021 00:38:22.418,1.2578200000000002,1.25771,1,1.72
09.08.2021 00:38:22.520,1.2578799999999999,1.2577500000000001,1,1.12
09.08.2021 00:38:22.671,1.25789,1.2577500000000001,1.5,1.57
09.08.2021 00:38:23.500,1.2578799999999999,1.25774,1,2.47
09.08.2021 00:38:30.705,1.2578799999999999,1.25774,1.5,1.2
09.08.2021 00:38:36.055,1.25783,1.25771,1,1.87
09.08.2021 00:38:36.106,1.25783,1.25769,1.5,2.77
09.08.2021 00:38:36.258,1.25781,1.2577,1,1.12
09.08.2021 00:38:37.117,1.25781,1.25769,1.5,1
09.08.2021 00:38:45.538,1.2578200000000002,1.25768,1,2.22
09.08.2021 00:38:45.640,1.25783,1.25769,1.5,1.35
09.08.2021 00:38:46.563,1.2578200000000002,1.2577,1.5,1.95
09.08.2021 00:38:46.665,1.25781,1.25769,1,2.07
09.08.2021 00:38:46.767,1.2578200000000002,1.25768,1.5,1
09.08.2021 00:38:50.546,1.25781,1.25768,1,1
09.08.2021 00:38:55.362,1.25781,1.25767,1.5,1.95
09.08.2021 00:38:55.464,1.25779,1.25767,1,2
09.08.2021 00:38:58.052,1.25777,1.25766,1,1.2
09.08.2021 00:39:00.477,1.25779,1.2576500000000002,1.5,1.2
09.08.2021 00:39:11.240,1.25779,1.25769,1,1
09.08.2021 00:39:12.918,1.25781,1.25768,1,1
09.08.2021 00:39:13.019,1.2578200000000002,1.25768,1.5,1.75
09.08.2021 00:39:15.017,1.25781,1.25768,1,1.75
09.08.2021 00:39:15.068,1.25783,1.25769,1.5,2.06
