Gmt time,Ask,Bid,AskVolume,BidVolume
26.08.2021 00:00:00.140,1.25902,1.25888,1.5,1.1
26.08.2021 00:00:00.242,1.25904,1.2589100000000002,1,1
26.08.2021 00:00:00.344,1.25905,1.25892,1.2,1
26.08.2021 00:00:00.445,1.2590700000000001,1.25894,1.87,1
26.08.2021 00:00:02.362,1.25909,1.2590000000000001,1,1
26.08.2021 00:00:02.466,1.25916,1.25906,2.32,1.31
26.08.2021 00:00:02.569,1.25918,1.25906,1,1.01
26.08.2021 00:00:04.374,1.25919,1.25906,1.1,1.35
26.08.2021 00:00:05.981,1.25918,1.25904,1.57,1.2
26.08.2021 00:00:14.120,1.25915,1.25904,1,1.22
26.08.2021 00:00:14.266,1.2592,1.25909,2.32,1
26.08.2021 00:00:15.105,1.2592200000000002,1.25908,1,1.1
26.08.2021 00:00:16.954,1.2592100000000002,1.2590700000000001,1,2.32
26.08.2021 00:00:17.055,1.2592200000000002,1.25908,1,1.1
26.08.2021 00:00:17.495,1.2592100000000002,1.2590700000000001,1,2.85
26.08.2021 00:00:17.601,1.25919,1.2590700000000001,1,1.97
26.08.2021 00:00:19.589,1.25919,1.25905,1,1.6
26.08.2021 00:00:19.982,1.25915,1.25904,1,1.6
26.08.2021 00:00:20.185,1.25916,1.25902,1,1.6
26.08.2021 00:00:24.236,1.25914,1.25902,1,2.1
26.08.2021 00:00:24.287,1.2591,1.25899,1,2.77
26.08.2021 00:00:24.438,1.25906,1.25895,1,1.27
26.08.2021 00:00:24.540,1.25906,1.25892,1,1.6
26.08.2021 00:00:28.607,1.25906,1.2589299999999999,1,1.22
26.08.2021 00:00:28.708,1.2590700000000001,1.2589299999999999,1,1.22
26.08.2021 00:00:29.405,1.25905,1.2589299999999999,1,1.6
26.08.2021 00:00:30.222,1.25906,1.25892,1,1.6
26.08.2021 00:00:36.627,1.2590100000000002,1.25888,1,1.6
26.08.2021 00:00:36.728,1.25898,1.2588700000000002,1,1.6
26.08.2021 00:00:36.779,1.25898,1.25886,1,1.6
26.08.2021 00:00:36.880,1.25899,1.25885,1,1.6
26.08.2021 00:00:44.219,1.25895,1.25882,1,1.6
26.08.2021 00:00:44.270,1.25896,1.25885,1.5,1.12
26.08.2021 00:00:47.392,1.25896,1.25885,1,1.22
26.08.2021 00:00:48.495,1.25899,1.2588700000000002,1,1.97
26.08.2021 00:00:49.095,1.2590000000000001,1.2589000000000001,1.5,1
26.08.2021 00:00:49.146,1.25902,1.2589000000000001,1.2,1.95
26.08.2021 00:00:51.370,1.25903,1.25889,1.5,1.22
26.08.2021 00:00:56.223,1.25903,1.25889,1,1.22
26.08.2021 00:00:56.274,1.25905,1.2589299999999999,1,1.1
26.08.2021 00:00:56.324,1.2590700000000001,1.25894,1.57,1
26.08.2021 00:00:58.434,1.25909,1.25896,1.5,1
26.08.2021 00:00:58.536,1.2590700000000001,1.25896,1,1.1
26.08.2021 00:00:58.928,1.25908,1.25895,1,1.6
26.08.2021 00:00:59.130,1.25909,1.25896,1.5,1.12
26.08.2021 00:01:01.142,1.2591,1.25898,1,1
26.08.2021 00:01:12.371,1.2591100000000002,1.25899,1,1
26.08.2021 00:01:12.472,1.2591,1.25902,1,1
26.08.2021 00:01:13.221,1.25913,1.2590100000000002,1,1
26.08.2021 00:01:15.067,1.25914,1.25902,1,1
26.08.2021 00:01:17.319,1.2591700000000001,1.25903,2.61,1
26.08.2021 00:01:17.370,1.2591700000000001,1.25905,1.57,1
26.08.2021 00:01:17.471,1.2592100000000002,1.2591100000000002,1.6,1
26.08.2021 00:01:17.522,1.2592200000000002,1.2591200000000002,2.17,1
26.08.2021 00:01:17.623,1.25923,1.2591100000000002,1,1
26.08.2021 00:01:17.774,1.25924,1.25913,1.22,1
26.08.2021 00:01:17.875,1.25925,1.2591200000000002,1.27,1
26.08.2021 00:01:24.259,1.25925,1.2591200000000002,2.42,1
26.08.2021 00:01:29.080,1.25919,1.25909,1.57,1.12
26.08.2021 00:01:29.181,1.25918,1.25906,1.1,1.5
26.08.2021 00:01:29.282,1.25918,1.25906,1.2,1
26.08.2021 00:01:36.235,1.25918,1.25906,1.77,1
26.08.2021 00:01:36.336,1.25918,1.25905,2.55,1
26.08.2021 00:01:36.437,1.25918,1.25905,2.4,1
26.08.2021 00:01:37.156,1.25916,1.25903,2.32,1
26.08.2021 00:01:39.344,1.25914,1.25903,2.4,1
26.08.2021 00:01:42.390,1.2591200000000002,1.2590100000000002,1.57,1
26.08.2021 00:01:42.440,1.2591,1.25899,1.2,1.12
26.08.2021 00:01:42.650,1.25909,1.25898,1.2,1
26.08.2021 00:01:43.125,1.2591,1.2589700000000001,1.67,1
26.08.2021 00:01:46.022,1.2591200000000002,1.25902,1.2,1
26.08.2021 00:01:46.123,1.25915,1.25902,1.6,1
26.08.2021 00:01:46.225,1.25914,1.25903,1.1,1
26.08.2021 00:01:51.905,1.25914,1.2590100000000002,1.1,1
26.08.2021 00:01:52.006,1.25914,1.2590100000000002,1.1,1
26.08.2021 00:01:55.065,1.25913,1.2590000000000001,1.6,1
26.08.2021 00:02:03.242,1.2591100000000002,1.25898,1.6,1
26.08.2021 00:02:03.343,1.2591100000000002,1.25898,1.97,1
26.08.2021 00:02:04.142,1.2591100000000002,1.25898,1.2,1
26.08.2021 00:02:04.192,1.2591100000000002,1.2590100000000002,1.2,1
26.08.2021 00:02:06.288,1.25914,1.2590100000000002,1.2,1
26.08.2021 00:02:10.795,1.25913,1.25902,1.1,1
26.08.2021 00:02:12.149,1.25915,1.25902,1.2,1
26.08.2021 00:02:12.251,1.25914,1.25904,1.1,1
26.08.2021 00:02:12.352,1.2591700000000001,1.25903,2.02,1
26.08.2021 00:02:14.243,1.25916,1.25905,1.27,1
26.08.2021 00:02:15.057,1.2592100000000002,1.2590700000000001,2.17,1
26.08.2021 00:02:15.159,1.2592200000000002,1.25914,1,1
26.08.2021 00:02:15.261,1.25925,1.25913,1,1
26.08.2021 00:02:15.362,1.2592700000000001,1.25915,1.2,1
26.08.2021 00:02:15.464,1.25928,1.25914,1.2,1
26.08.2021 00:02:19.850,1.25928,1.25914,3.17,1
26.08.2021 00:02:21.805,1.25928,1.25914,1.27,1
26.08.2021 00:02:22.007,1.25929,1.25916,1.2,1.25
26.08.2021 00:02:22.159,1.25928,1.25916,1.2,1.1
26.08.2021 00:02:22.310,1.25928,1.25914,1.2,1.01
26.08.2021 00:02:24.995,1.25929,1.25919,1.1,1.25
26.08.2021 00:02:25.097,1.25933,1.25926,1.1,1
26.08.2021 00:02:25.198,1.25935,1.25928,1,1
26.08.2021 00:02:25.249,1.25939,1.2592700000000001,1.1,1
26.08.2021 00:02:25.400,1.2594,1.2592700000000001,1,1.5
26.08.2021 00:02:25.501,1.2594100000000001,1.25928,1.27,1
26.08.2021 00:02:27.307,1.2594,1.2592700000000001,1,1
26.08.2021 00:02:28.146,1.25938,1.25925,1,1
26.08.2021 00:02:28.247,1.25938,1.25926,1.95,1
26.08.2021 00:02:28.349,1.25939,1.25925,2.9,1
26.08.2021 00:02:28.684,1.2594,1.2592700000000001,1.95,1.25
26.08.2021 00:02:47.383,1.25935,1.25925,1.1,1
26.08.2021 00:02:47.434,1.25933,1.2592200000000002,1.1,1.5
26.08.2021 00:02:47.585,1.2593400000000001,1.2592100000000002,1.22,1
26.08.2021 00:02:47.786,1.2593100000000002,1.2592,1,1.31
26.08.2021 00:02:47.889,1.2593,1.2591700000000001,1.1,1.12
26.08.2021 00:02:48.092,1.2593100000000002,1.25918,1.2,1
26.08.2021 00:02:48.244,1.2593100000000002,1.25918,1.2,1
26.08.2021 00:02:48.346,1.2593,1.25919,1.2,1
26.08.2021 00:02:49.925,1.2593100000000002,1.25918,1.27,1
26.08.2021 00:02:52.015,1.25928,1.25915,1.61,1.2
26.08.2021 00:02:52.116,1.2592700000000001,1.25913,2.7,1.12
26.08.2021 00:03:02.502,1.2592700000000001,1.2591700000000001,1.1,1.5
26.08.2021 00:03:02.603,1.2593200000000002,1.2592,1.65,1
26.08.2021 00:03:10.753,1.25928,1.25916,1.57,1.5
26.08.2021 00:03:10.855,1.2592700000000001,1.25913,2.42,1.5
26.08.2021 00:03:10.906,1.2592700000000001,1.25913,2.42,1.5
26.08.2021 00:03:11.007,1.25925,1.25914,1.22,1.5
26.08.2021 00:03:11.109,1.25925,1.25914,1.67,1
26.08.2021 00:03:12.109,1.25926,1.25914,2.8,1.12
26.08.2021 00:03:20.026,1.2592700000000001,1.25914,2.8,1
26.08.2021 00:03:28.467,1.25926,1.25915,1.2,1
26.08.2021 00:03:31.189,1.2592700000000001,1.25915,1.2,1
26.08.2021 00:03:31.290,1.25928,1.25916,2.05,1
26.08.2021 00:03:35.544,1.25928,1.25916,1.2,1
26.08.2021 00:03:37.864,1.2592700000000001,1.25915,1.65,1
26.08.2021 00:03:38.067,1.25928,1.25916,2.15,1
26.08.2021 00:03:45.068,1.2592700000000001,1.2591700000000001,2.02,1
26.08.2021 00:03:46.220,1.2592700000000001,1.25915,1.2,1
26.08.2021 00:03:46.426,1.25928,1.25916,2.05,1
26.08.2021 00:03:46.647,1.25928,1.25915,2.8,1
26.08.2021 00:03:47.487,1.25928,1.25915,2.77,1
26.08.2021 00:03:49.760,1.25928,1.25916,1.27,1
26.08.2021 00:04:06.066,1.25929,1.25916,1.2,1
26.08.2021 00:04:10.157,1.25929,1.25916,2.05,1
26.08.2021 00:04:13.698,1.2593,1.25918,1.1,1.5
26.08.2021 00:04:13.799,1.25933,1.25923,1.1,1
26.08.2021 00:04:13.901,1.25935,1.2592200000000002,2.92,1
26.08.2021 00:04:20.696,1.25933,1.25923,1.27,1
26.08.2021 00:04:22.281,1.2593400000000001,1.2592200000000002,1.3,1
26.08.2021 00:04:35.684,1.2593200000000002,1.2592100000000002,1.2,1
26.08.2021 00:04:39.903,1.25929,1.25918,2.54,1.5
26.08.2021 00:04:40.004,1.25929,1.25916,1.22,1.5
26.08.2021 00:04:40.105,1.25929,1.25916,2.17,1
26.08.2021 00:04:47.152,1.2593,1.2591700000000001,1.67,1
26.08.2021 00:04:47.508,1.2593,1.2591700000000001,1.1,1
26.08.2021 00:04:52.516,1.2593,1.25916,1.1,1.12
26.08.2021 00:04:53.532,1.2593100000000002,1.25916,1.65,1.2
26.08.2021 00:04:56.067,1.2593100000000002,1.25916,1.65,1.6
26.08.2021 00:05:03.215,1.25928,1.2591700000000001,1,1.12
26.08.2021 00:05:03.317,1.25926,1.25915,1.97,1
26.08.2021 00:05:03.468,1.2592700000000001,1.25914,2.8,1
26.08.2021 00:05:07.234,1.2592700000000001,1.25914,2.8,1
26.08.2021 00:05:08.595,1.25926,1.25914,1.67,1
26.08.2021 00:05:14.204,1.25926,1.25915,2.8,1
26.08.2021 00:05:28.591,1.25919,1.25909,1,1.5
26.08.2021 00:05:28.693,1.25919,1.25906,1.57,1.5
26.08.2021 00:05:28.795,1.25918,1.2590700000000001,2.32,1
26.08.2021 00:05:28.896,1.25918,1.25906,1.2,1
26.08.2021 00:05:41.861,1.2592,1.2591,1,1
26.08.2021 00:05:41.912,1.2592200000000002,1.2591100000000002,1.2,1
26.08.2021 00:05:41.962,1.25924,1.25913,1.82,1
26.08.2021 00:05:42.063,1.25925,1.25913,2.05,1
26.08.2021 00:05:51.052,1.25919,1.25908,2.32,1.12
26.08.2021 00:05:51.153,1.25919,1.2590700000000001,1.1,1
26.08.2021 00:05:51.254,1.25919,1.2590700000000001,1.67,1
26.08.2021 00:05:52.253,1.25916,1.2590700000000001,1.1,1
26.08.2021 00:06:01.203,1.25918,1.2590700000000001,2.05,1
26.08.2021 00:06:03.836,1.2592,1.25909,1.2,1
26.08.2021 00:06:03.937,1.2592200000000002,1.2591200000000002,1.82,1
26.08.2021 00:06:04.038,1.2592200000000002,1.2591200000000002,1.1,1
26.08.2021 00:06:04.290,1.2592200000000002,1.2591200000000002,1.65,1
26.08.2021 00:06:18.322,1.25925,1.25913,1.3,1
26.08.2021 00:06:18.424,1.25924,1.25914,1.2,1
26.08.2021 00:06:22.576,1.25924,1.25914,1.2,1
26.08.2021 00:06:40.043,1.2592,1.2590700000000001,1.1,1
26.08.2021 00:06:40.145,1.25919,1.25906,1.2,1.12
26.08.2021 00:06:40.247,1.25918,1.2590700000000001,1.3,1
26.08.2021 00:06:56.565,1.25919,1.25906,1.27,1
26.08.2021 00:07:05.700,1.2592,1.25909,1.7,1
26.08.2021 00:07:05.851,1.2592100000000002,1.25908,2.05,1
26.08.2021 00:07:06.470,1.2592100000000002,1.25908,2.02,1
26.08.2021 00:07:09.590,1.2592200000000002,1.2591,2.15,1
26.08.2021 00:07:09.691,1.2592200000000002,1.2591100000000002,1.2,1
26.08.2021 00:07:09.792,1.2592200000000002,1.2591200000000002,1.65,1
26.08.2021 00:07:13.497,1.25919,1.25906,1.2,1
26.08.2021 00:07:13.598,1.25919,1.25906,1.67,1
26.08.2021 00:07:35.126,1.2592,1.25906,2.92,1.5
26.08.2021 00:07:35.176,1.2592200000000002,1.25914,1,1
26.08.2021 00:07:35.227,1.25926,1.25913,2.27,1
26.08.2021 00:07:35.328,1.25926,1.25913,1.1,1
26.08.2021 00:07:35.733,1.25926,1.25916,1.27,1
26.08.2021 00:07:58.514,1.25928,1.25914,1.95,1.12
26.08.2021 00:07:58.615,1.25928,1.25916,1.2,1
26.08.2021 00:07:58.926,1.2592700000000001,1.25915,1.95,1.12
26.08.2021 00:07:59.128,1.2592700000000001,1.2591700000000001,1.2,1
26.08.2021 00:08:00.164,1.25928,1.25915,1.97,1
26.08.2021 00:08:01.724,1.25928,1.2591700000000001,2.17,1
26.08.2021 00:08:01.982,1.2593,1.25919,1.7,1
26.08.2021 00:08:02.083,1.2593100000000002,1.2592,3.7,1
26.08.2021 00:08:03.639,1.2593100000000002,1.25918,1.7,1
26.08.2021 00:08:11.714,1.2593100000000002,1.25918,1.1,1
26.08.2021 00:08:40.847,1.2593200000000002,1.25919,1.22,1
26.08.2021 00:08:48.502,1.25928,1.25915,2.1,1
26.08.2021 00:08:48.603,1.25923,1.2591200000000002,2.1,1
26.08.2021 00:08:48.704,1.2592,1.2590700000000001,1.1,2
26.08.2021 00:08:48.806,1.2592100000000002,1.2591200000000002,1.1,1
26.08.2021 00:08:48.908,1.25924,1.2591200000000002,2.05,1
26.08.2021 00:08:50.345,1.25925,1.25915,2.05,1
26.08.2021 00:08:50.447,1.25926,1.25914,1.65,1
26.08.2021 00:08:55.139,1.25925,1.25914,1.1,1
26.08.2021 00:08:57.638,1.2592700000000001,1.25914,2.17,1
26.08.2021 00:09:16.831,1.2592700000000001,1.25914,2.17,1
26.08.2021 00:09:17.371,1.25928,1.25915,2.17,1
26.08.2021 00:09:35.969,1.2592700000000001,1.2591700000000001,1.6,1
26.08.2021 00:09:38.709,1.2592700000000001,1.25916,2.1,1
26.08.2021 00:09:46.679,1.25928,1.25916,1.2,1
26.08.2021 00:09:48.207,1.25926,1.25915,1.1,1
26.08.2021 00:09:55.817,1.2592700000000001,1.25914,1.1,1
26.08.2021 00:09:59.315,1.25926,1.25913,1.1,1.12
26.08.2021 00:10:01.098,1.2592700000000001,1.25914,1.6,1
26.08.2021 00:10:05.295,1.25925,1.25914,1.2,1
26.08.2021 00:10:07.039,1.2592700000000001,1.25913,3.3,1
26.08.2021 00:10:07.140,1.25926,1.25913,3.3,1
26.08.2021 00:10:19.912,1.25919,1.25909,1.1,1.5
26.08.2021 00:10:20.013,1.2592100000000002,1.25908,1.6,1
26.08.2021 00:10:22.922,1.2592100000000002,1.25908,2.02,1
26.08.2021 00:10:35.698,1.2592,1.25909,1.6,1
26.08.2021 00:10:36.721,1.2592100000000002,1.25908,1.2,1
26.08.2021 00:10:37.676,1.25924,1.2591100000000002,1.2,1.5
26.08.2021 00:10:37.777,1.2592700000000001,1.25914,1.97,1
26.08.2021 00:10:38.151,1.2592700000000001,1.25914,1.97,1
26.08.2021 00:10:40.838,1.25926,1.25915,1.22,1
26.08.2021 00:10:43.884,1.2592700000000001,1.25915,3.79,1
26.08.2021 00:10:46.327,1.25926,1.25915,1.22,1
26.08.2021 00:10:47.095,1.25928,1.25914,3.67,1
26.08.2021 00:10:49.170,1.2592700000000001,1.25914,1.22,1
26.08.2021 00:10:51.486,1.25928,1.25914,2.85,1
26.08.2021 00:10:52.527,1.2592700000000001,1.25914,1.22,1
26.08.2021 00:10:52.628,1.25926,1.25915,1.22,1
26.08.2021 00:11:13.889,1.2592700000000001,1.25914,1.22,1
26.08.2021 00:11:39.593,1.25926,1.25915,1.5,1
26.08.2021 00:11:40.566,1.2592700000000001,1.25914,1.12,1
26.08.2021 00:11:43.023,1.25928,1.25915,1.5,1
26.08.2021 00:11:54.911,1.2593,1.25919,1.62,1.1
26.08.2021 00:11:55.012,1.2593400000000001,1.2592,1.1,1.22
26.08.2021 00:11:55.063,1.2593400000000001,1.25924,1.1,1
26.08.2021 00:11:59.907,1.25937,1.25924,2.15,1
26.08.2021 00:12:00.609,1.25936,1.25923,2.77,1
26.08.2021 00:12:02.066,1.25936,1.25923,1.7,1
26.08.2021 00:12:02.575,1.25937,1.25924,1.7,1
26.08.2021 00:12:04.250,1.25936,1.25923,2.15,1
26.08.2021 00:12:15.876,1.25936,1.25924,1.1,1
26.08.2021 00:12:16.028,1.25935,1.25925,1,1
26.08.2021 00:12:18.953,1.25937,1.25923,2.15,1
26.08.2021 00:12:19.054,1.25937,1.25924,1.7,1
26.08.2021 00:12:19.105,1.25936,1.2592200000000002,1.12,1.12
26.08.2021 00:12:19.206,1.25936,1.25923,2.77,1
26.08.2021 00:12:32.396,1.25936,1.25924,1.57,1
26.08.2021 00:12:36.723,1.25936,1.2592200000000002,1.95,1.12
26.08.2021 00:12:36.877,1.25936,1.25924,1.2,1
26.08.2021 00:12:40.045,1.25937,1.2593,1.6,1
26.08.2021 00:12:40.096,1.2594100000000001,1.2593,2.7,1
26.08.2021 00:12:40.302,1.2594200000000002,1.2593100000000002,2.05,1
26.08.2021 00:13:32.113,1.2594200000000002,1.2593100000000002,3.92,1
26.08.2021 00:13:32.336,1.25938,1.25926,3.85,1.12
26.08.2021 00:13:35.014,1.25938,1.25928,1.1,1
26.08.2021 00:13:35.116,1.2594200000000002,1.25928,2.8,1
26.08.2021 00:13:56.455,1.2594200000000002,1.25928,1.95,1.1
26.08.2021 00:14:01.450,1.2594100000000001,1.25929,2.8,1
26.08.2021 00:14:01.891,1.2594200000000002,1.25928,1.2,1.1
26.08.2021 00:14:03.891,1.2594200000000002,1.25928,2.8,1
26.08.2021 00:14:10.294,1.2594200000000002,1.25928,1.2,1.1
26.08.2021 00:14:29.794,1.2594200000000002,1.2593100000000002,1.6,1
26.08.2021 00:14:29.946,1.25943,1.2593100000000002,2.8,1
26.08.2021 00:14:35.463,1.25943,1.2593,2.05,1
26.08.2021 00:14:39.308,1.25943,1.2593,1.2,1
26.08.2021 00:14:58.960,1.2594400000000001,1.25933,1.27,1.5
26.08.2021 00:14:59.062,1.2594400000000001,1.25936,1.1,1
26.08.2021 00:15:00.533,1.25947,1.25935,6.17,1
26.08.2021 00:15:00.698,1.25946,1.25935,2.65,1
26.08.2021 00:15:00.749,1.25946,1.25933,3.8,1
26.08.2021 00:15:02.004,1.25945,1.2593400000000001,1.39,1
26.08.2021 00:15:02.156,1.25946,1.25933,3.05,1
26.08.2021 00:15:02.811,1.25945,1.25935,1.22,1
26.08.2021 00:15:12.924,1.25943,1.2593100000000002,1,1
26.08.2021 00:15:19.903,1.25945,1.2593100000000002,2.1,1
26.08.2021 00:15:25.760,1.25945,1.25936,1.2,1
26.08.2021 00:15:26.013,1.25946,1.2593400000000001,1.25,1
26.08.2021 00:15:31.407,1.25946,1.2593400000000001,1.45,1
26.08.2021 00:15:31.943,1.25946,1.25933,2.2,1
26.08.2021 00:15:32.045,1.2594400000000001,1.25933,1.25,1.1
26.08.2021 00:15:32.506,1.25947,1.25935,1.2,1
26.08.2021 00:15:34.711,1.25947,1.25936,1.95,2.44
26.08.2021 00:15:34.813,1.25948,1.25937,1.25,1
26.08.2021 00:15:43.052,1.25945,1.25935,1.5,1
26.08.2021 00:15:43.154,1.2594400000000001,1.2593400000000001,1.01,1
26.08.2021 00:15:43.206,1.2594400000000001,1.2593200000000002,2.51,1.12
26.08.2021 00:15:43.307,1.2594400000000001,1.2593200000000002,2.97,1
26.08.2021 00:15:46.397,1.2594200000000002,1.2593100000000002,1.1,1
26.08.2021 00:15:47.438,1.25943,1.2593,1.1,1
26.08.2021 00:15:53.984,1.25938,1.25925,1.76,1
26.08.2021 00:15:54.086,1.25937,1.25925,2.35,1.12
26.08.2021 00:15:54.237,1.25937,1.25924,3.47,1
26.08.2021 00:15:54.339,1.25937,1.25924,2.66,1
26.08.2021 00:15:55.013,1.25937,1.25923,3.6,1
26.08.2021 00:16:06.862,1.25935,1.2592200000000002,1.2,1
26.08.2021 00:16:10.657,1.25935,1.2592100000000002,1.2,1
26.08.2021 00:16:13.148,1.25935,1.2592100000000002,1.1,1
26.08.2021 00:16:31.373,1.25936,1.2592200000000002,2.72,1
26.08.2021 00:16:33.241,1.25936,1.2592200000000002,1.95,1
26.08.2021 00:16:34.046,1.25937,1.25923,3.6,1
26.08.2021 00:16:38.047,1.25936,1.25925,1.6,1
26.08.2021 00:16:38.097,1.25938,1.2593,1.6,1
26.08.2021 00:16:38.199,1.2594100000000001,1.25929,1.12,1
26.08.2021 00:16:39.003,1.2594400000000001,1.2593100000000002,4.54,1
26.08.2021 00:16:39.055,1.2594400000000001,1.2593200000000002,1.2,1
26.08.2021 00:16:39.105,1.25946,1.2593400000000001,1.2,1
26.08.2021 00:16:39.208,1.25947,1.25935,1.22,1
26.08.2021 00:17:06.724,1.25947,1.25936,1.22,1
26.08.2021 00:17:06.825,1.25947,1.25936,2.14,1
26.08.2021 00:17:18.208,1.25946,1.25936,1,1
26.08.2021 00:17:21.671,1.25946,1.25937,1.1,1
26.08.2021 00:17:21.789,1.25946,1.25936,1,1
26.08.2021 00:17:21.895,1.25947,1.25936,1.76,1
26.08.2021 00:17:22.003,1.25945,1.25937,1,1
26.08.2021 00:17:22.110,1.25947,1.25936,1.1,1
26.08.2021 00:17:22.262,1.25946,1.25936,1,1
26.08.2021 00:17:22.363,1.25947,1.25935,3.45,1
26.08.2021 00:17:22.464,1.25945,1.25936,1.1,1
26.08.2021 00:17:31.927,1.25947,1.25936,1.95,1
26.08.2021 00:17:38.083,1.25946,1.25935,1,1
26.08.2021 00:17:45.434,1.25946,1.2593400000000001,2.22,1
26.08.2021 00:17:45.535,1.25946,1.25933,2.97,1
26.08.2021 00:17:55.761,1.25945,1.25933,1.97,1
26.08.2021 00:17:58.763,1.2594400000000001,1.2593200000000002,1.97,1
26.08.2021 00:17:58.814,1.25945,1.25933,1.41,1
26.08.2021 00:18:21.492,1.25946,1.25935,1.12,1
26.08.2021 00:18:21.594,1.25946,1.25936,1.12,1
26.08.2021 00:18:22.375,1.25946,1.25937,1.1,1
26.08.2021 00:18:22.476,1.25945,1.25937,1,1
26.08.2021 00:18:30.926,1.25947,1.25936,1.1,1
26.08.2021 00:18:35.130,1.25946,1.25936,1,1
26.08.2021 00:18:40.100,1.25946,1.25937,1.57,1
26.08.2021 00:18:41.485,1.25945,1.25935,1,1
26.08.2021 00:18:42.832,1.25946,1.25935,1,1
26.08.2021 00:18:42.933,1.25947,1.25935,1.1,1
26.08.2021 00:18:45.205,1.25947,1.2593400000000001,1.95,1
26.08.2021 00:18:45.792,1.25947,1.25935,1.57,1
26.08.2021 00:18:45.995,1.25945,1.25936,1,1
26.08.2021 00:18:53.922,1.25947,1.25938,1,1.5
26.08.2021 00:18:54.025,1.25948,1.25937,1.1,1
26.08.2021 00:18:54.127,1.2595,1.25937,1.6,1
26.08.2021 00:19:08.086,1.2595100000000001,1.25938,1.5,1.85
26.08.2021 00:19:08.137,1.25954,1.25943,1.01,1
26.08.2021 00:19:08.238,1.25956,1.2594400000000001,1.31,1
26.08.2021 00:19:12.693,1.25957,1.2594400000000001,1.1,1
26.08.2021 00:19:43.432,1.25954,1.25945,3.1,1
26.08.2021 00:19:43.533,1.25953,1.2594400000000001,1,1
26.08.2021 00:19:43.634,1.25956,1.25943,1.72,1
26.08.2021 00:19:45.662,1.25957,1.2594400000000001,1.2,1
26.08.2021 00:19:59.304,1.25958,1.2594400000000001,1.95,1.39
26.08.2021 00:19:59.405,1.25957,1.2594400000000001,1,1.2
26.08.2021 00:20:00.035,1.25958,1.2594400000000001,1.95,1.39
26.08.2021 00:20:02.403,1.25957,1.2594400000000001,1,1.39
26.08.2021 00:20:04.658,1.25957,1.2594400000000001,1,1.6
26.08.2021 00:20:22.384,1.2596200000000002,1.2595200000000002,2.45,1
26.08.2021 00:20:22.435,1.25966,1.25957,2.02,1
26.08.2021 00:20:22.536,1.25968,1.25957,1.6,1
26.08.2021 00:20:22.638,1.25969,1.25956,2.16,1
26.08.2021 00:20:26.281,1.25968,1.2595500000000002,1.22,1
26.08.2021 00:20:26.382,1.25968,1.2596,2,1
26.08.2021 00:20:26.484,1.25969,1.2596,1,1
26.08.2021 00:20:27.454,1.25966,1.2595500000000002,1.57,1.31
26.08.2021 00:20:27.555,1.25966,1.25954,1,1.31
26.08.2021 00:20:30.388,1.2596500000000002,1.25953,1,1
26.08.2021 00:20:35.126,1.25966,1.25954,1.1,1
26.08.2021 00:20:35.845,1.2596500000000002,1.25956,1,1
26.08.2021 00:20:39.694,1.25967,1.2595500000000002,1.1,1
26.08.2021 00:20:41.182,1.25966,1.25953,1.1,1.25
26.08.2021 00:20:42.797,1.25966,1.25954,1,1
26.08.2021 00:20:47.923,1.25966,1.25953,1.1,1.25
26.08.2021 00:20:48.080,1.2596500000000002,1.2595500000000002,1,1
26.08.2021 00:20:48.282,1.25966,1.25953,1.1,1.25
26.08.2021 00:20:51.787,1.25964,1.25954,1.1,1
26.08.2021 00:21:03.855,1.25966,1.25953,1.57,1
26.08.2021 00:21:10.993,1.2596500000000002,1.25953,1,1
26.08.2021 00:21:12.162,1.2596500000000002,1.25954,1.57,1
26.08.2021 00:21:16.147,1.2596500000000002,1.25953,1,1
26.08.2021 00:21:16.248,1.2596500000000002,1.2595200000000002,1.1,1
26.08.2021 00:21:16.350,1.25964,1.2595100000000001,1.1,1
26.08.2021 00:21:17.619,1.2596500000000002,1.25953,1.65,1
26.08.2021 00:21:20.160,1.25964,1.2595200000000002,1.1,1
26.08.2021 00:21:21.891,1.25964,1.2595100000000001,1.1,1
26.08.2021 00:21:21.992,1.25963,1.2595200000000002,1.67,1
26.08.2021 00:21:30.794,1.25963,1.2595100000000001,1.1,1
26.08.2021 00:21:32.732,1.25963,1.2595100000000001,1.1,1
26.08.2021 00:21:33.988,1.25963,1.2595200000000002,1.2,1
26.08.2021 00:21:47.844,1.25964,1.25953,1.22,1
26.08.2021 00:21:48.052,1.2596500000000002,1.2595200000000002,1.2,1
26.08.2021 00:21:59.233,1.25963,1.25953,1,1
26.08.2021 00:21:59.540,1.2596500000000002,1.2595200000000002,1.2,1
26.08.2021 00:22:00.273,1.25964,1.2595200000000002,1,1
26.08.2021 00:22:01.746,1.2596500000000002,1.2595200000000002,1.2,1
26.08.2021 00:22:05.568,1.2596500000000002,1.25953,1.95,1.1
26.08.2021 00:22:08.380,1.25966,1.25954,2.1,1
26.08.2021 00:22:13.409,1.25967,1.2595500000000002,1.1,1
26.08.2021 00:22:27.725,1.25968,1.25956,1.5,1
26.08.2021 00:22:27.827,1.25968,1.25957,1,1
26.08.2021 00:22:27.928,1.25969,1.25957,1.57,1
26.08.2021 00:22:28.029,1.25968,1.25957,1,1
26.08.2021 00:22:28.231,1.25968,1.2595500000000002,1.1,1
26.08.2021 00:22:35.394,1.2596500000000002,1.25954,1,1.01
26.08.2021 00:22:35.495,1.25967,1.25953,1.57,1.01
26.08.2021 00:22:37.063,1.25967,1.25953,1.57,1.82
26.08.2021 00:22:40.147,1.25966,1.25956,1,1
26.08.2021 00:22:40.602,1.25967,1.25956,1.2,1
26.08.2021 00:22:41.330,1.25966,1.2595500000000002,2.32,1
26.08.2021 00:22:41.482,1.25968,1.2595500000000002,1.57,1
26.08.2021 00:22:44.044,1.25967,1.25957,1,1
26.08.2021 00:22:45.974,1.25969,1.25956,2.32,1
26.08.2021 00:22:53.199,1.25969,1.25957,1.5,1.25
26.08.2021 00:22:53.300,1.25969,1.25959,1.5,1
26.08.2021 00:22:53.452,1.25971,1.2596,3.47,1
26.08.2021 00:22:53.962,1.2597,1.25959,1,1
26.08.2021 00:22:54.361,1.2597,1.2596,1,1
26.08.2021 00:22:54.412,1.2597,1.2596200000000002,1,1
26.08.2021 00:22:54.463,1.25971,1.25959,1.1,1
26.08.2021 00:22:54.513,1.25969,1.25959,1,1
26.08.2021 00:22:54.564,1.25969,1.25956,1.6,1
26.08.2021 00:22:54.665,1.25969,1.2595500000000002,2.35,1.5
26.08.2021 00:23:02.569,1.25969,1.2595500000000002,3.6,1
26.08.2021 00:23:15.453,1.25968,1.25957,3.47,1
26.08.2021 00:23:15.504,1.2597,1.25958,2.82,1
26.08.2021 00:23:15.807,1.25968,1.25957,1.1,1
26.08.2021 00:23:19.841,1.25968,1.25958,1.2,1
26.08.2021 00:23:24.330,1.25969,1.25959,1.1,1
26.08.2021 00:23:24.482,1.2597200000000002,1.25958,4.6,1
26.08.2021 00:23:25.615,1.2597200000000002,1.25959,3.1,1
26.08.2021 00:23:27.034,1.25969,1.2596,1.25,1
26.08.2021 00:23:27.085,1.25969,1.25958,2.72,1
26.08.2021 00:23:27.136,1.25966,1.25956,1.1,1
26.08.2021 00:23:33.512,1.25968,1.25956,2.72,1.5
26.08.2021 00:23:44.405,1.25969,1.25956,1.97,1
26.08.2021 00:23:59.171,1.25969,1.25958,1.87,1
26.08.2021 00:23:59.641,1.25968,1.25958,1.1,1
26.08.2021 00:23:59.743,1.25969,1.25957,1.1,1
26.08.2021 00:23:59.844,1.25969,1.25956,1.6,1
26.08.2021 00:24:02.568,1.25969,1.25956,1.57,1.69
26.08.2021 00:24:03.205,1.25969,1.25956,1.1,1
26.08.2021 00:24:03.756,1.25967,1.25954,1.1,1.87
26.08.2021 00:24:03.857,1.25968,1.2595500000000002,1.6,1
26.08.2021 00:24:04.664,1.25967,1.25954,1.1,1.5
26.08.2021 00:24:06.156,1.25967,1.25954,2.1,1
26.08.2021 00:24:06.258,1.25967,1.25953,2.85,1.5
26.08.2021 00:24:08.277,1.25967,1.25953,1.97,1
26.08.2021 00:24:09.706,1.25969,1.25957,2.07,1
26.08.2021 00:24:09.808,1.25968,1.25957,1,1
26.08.2021 00:24:09.959,1.25967,1.25954,2.32,1
26.08.2021 00:24:10.161,1.25966,1.2595500000000002,2.07,1
26.08.2021 00:24:13.069,1.25967,1.25954,1.2,1
26.08.2021 00:24:13.459,1.25966,1.2595500000000002,1.22,1
26.08.2021 00:24:35.197,1.25967,1.25954,1.6,1
26.08.2021 00:24:37.891,1.25967,1.25954,1.6,1
26.08.2021 00:24:38.785,1.25967,1.25954,2.1,1.5
26.08.2021 00:24:41.986,1.25967,1.2595500000000002,1.22,1
26.08.2021 00:24:42.920,1.25966,1.25954,1.1,1.5
26.08.2021 00:24:56.594,1.25966,1.25956,1,1
26.08.2021 00:25:01.829,1.25968,1.2596,1.57,1
26.08.2021 00:25:02.483,1.25967,1.25956,1,1
26.08.2021 00:25:12.771,1.25966,1.2595500000000002,1.1,1
26.08.2021 00:25:12.923,1.25967,1.25959,1.5,1
26.08.2021 00:25:13.024,1.25968,1.25958,1,1
26.08.2021 00:25:13.125,1.25968,1.2596,1,1
26.08.2021 00:25:13.378,1.25969,1.25957,1.1,1
26.08.2021 00:25:13.429,1.25967,1.25956,1,1
26.08.2021 00:25:13.866,1.25967,1.2595500000000002,1.2,1
26.08.2021 00:25:14.252,1.25966,1.25954,1.1,1
26.08.2021 00:25:17.885,1.25966,1.25953,1.2,1
26.08.2021 00:25:17.986,1.25966,1.25953,1.22,1
26.08.2021 00:25:18.088,1.2596500000000002,1.2595500000000002,1.2,1
26.08.2021 00:25:19.128,1.25964,1.25954,1.1,1
26.08.2021 00:25:19.279,1.25966,1.25954,1.22,1
26.08.2021 00:25:19.485,1.2596500000000002,1.2595500000000002,1.2,1
26.08.2021 00:25:19.852,1.25966,1.25953,1.2,1
26.08.2021 00:25:19.953,1.2596500000000002,1.2595500000000002,1.2,1
26.08.2021 00:25:20.054,1.25966,1.25953,1.2,1
26.08.2021 00:25:20.155,1.2596500000000002,1.25954,1.1,1
26.08.2021 00:25:23.219,1.25964,1.25953,1.57,1
26.08.2021 00:25:35.761,1.25964,1.25953,1.6,1
26.08.2021 00:25:37.326,1.25966,1.25953,1.22,1
26.08.2021 00:25:37.427,1.25966,1.25953,1.2,1
26.08.2021 00:25:37.782,1.2596500000000002,1.25954,1.97,1
26.08.2021 00:25:47.324,1.25969,1.2595500000000002,2.7,3.45
26.08.2021 00:25:47.376,1.25969,1.25957,2.72,1
26.08.2021 00:25:47.579,1.25967,1.25957,1.1,1
26.08.2021 00:25:49.308,1.25969,1.25957,1.1,1
26.08.2021 00:25:49.409,1.25968,1.2596,1.5,1
26.08.2021 00:25:50.006,1.2597,1.25959,1.1,1
26.08.2021 00:25:50.108,1.25968,1.2596,1,1
26.08.2021 00:25:50.462,1.25971,1.2596100000000001,2.35,1
26.08.2021 00:25:53.753,1.2597200000000002,1.25959,2.7,1.25
26.08.2021 00:25:53.854,1.2597200000000002,1.2596,1.22,1
26.08.2021 00:25:58.931,1.25971,1.25958,1.1,1.25
26.08.2021 00:25:59.467,1.2597200000000002,1.2596,1.1,1
26.08.2021 00:26:00.938,1.2597,1.25959,1.1,1.25
26.08.2021 00:26:10.165,1.2597200000000002,1.2596200000000002,1.1,1.12
26.08.2021 00:26:10.266,1.2597,1.2596,1.1,1
26.08.2021 00:26:15.412,1.25969,1.25958,2.72,1
26.08.2021 00:26:15.513,1.25967,1.25958,1.1,1
26.08.2021 00:26:16.011,1.25967,1.2595500000000002,1.2,1
26.08.2021 00:26:16.264,1.25967,1.2595500000000002,1.22,1
26.08.2021 00:26:17.090,1.2596500000000002,1.25953,1.1,1
26.08.2021 00:26:18.185,1.25966,1.2595200000000002,1.95,1.69
26.08.2021 00:26:18.286,1.25966,1.25953,1.2,1
26.08.2021 00:26:19.873,1.25964,1.25953,1,1.25
26.08.2021 00:26:19.974,1.2596500000000002,1.25954,1.2,1
26.08.2021 00:26:20.263,1.2596500000000002,1.25953,1.95,1.25
26.08.2021 00:26:24.173,1.25966,1.25953,1.2,1
26.08.2021 00:26:25.847,1.25966,1.2595200000000002,1.95,1.25
26.08.2021 00:26:27.254,1.2596500000000002,1.25954,1.2,1
26.08.2021 00:26:29.976,1.25966,1.25953,1.97,1
26.08.2021 00:26:31.729,1.25966,1.25953,1.2,1
26.08.2021 00:26:32.060,1.25966,1.25953,1.97,1
26.08.2021 00:26:39.440,1.2596500000000002,1.25958,1,1
26.08.2021 00:26:39.491,1.25969,1.25957,1.6,1
26.08.2021 00:26:39.543,1.25969,1.2596100000000001,1.2,1
26.08.2021 00:26:39.832,1.2597,1.2596,1.1,1
26.08.2021 00:26:40.114,1.2597,1.2596,1.1,1
26.08.2021 00:26:40.624,1.2597,1.25958,1.6,1
26.08.2021 00:26:40.726,1.25969,1.25959,1.6,1
26.08.2021 00:26:59.763,1.2597,1.25959,1.95,1
26.08.2021 00:27:10.422,1.2597,1.25958,1.6,1
26.08.2021 00:27:13.453,1.25969,1.2596,1.1,1
26.08.2021 00:27:13.555,1.25969,1.25959,1.6,1
26.08.2021 00:27:15.111,1.2597,1.25958,1.1,1
26.08.2021 00:27:16.963,1.2597,1.25958,1.1,1
26.08.2021 00:27:17.523,1.25969,1.25959,1.57,1
26.08.2021 00:27:20.905,1.25969,1.25959,1.1,1
26.08.2021 00:27:35.102,1.25969,1.25958,2.22,1
26.08.2021 00:27:35.153,1.25967,1.25956,2.54,1.5
26.08.2021 00:27:35.255,1.25967,1.25956,2.54,1.5
26.08.2021 00:27:37.544,1.25968,1.25959,1.2,1
26.08.2021 00:27:38.547,1.25967,1.25959,1.1,1
26.08.2021 00:27:38.598,1.25967,1.25954,2.54,1.5
26.08.2021 00:27:38.699,1.2596500000000002,1.25954,1.1,2.81
26.08.2021 00:27:57.904,1.25964,1.25953,1.1,1.5
26.08.2021 00:28:00.011,1.2596200000000002,1.2595,2.35,1
26.08.2021 00:28:00.062,1.2596,1.25949,1.6,1.5
26.08.2021 00:28:20.088,1.2596,1.25946,1.57,1.5
26.08.2021 00:28:20.190,1.2596,1.25946,1.6,1.5
26.08.2021 00:28:20.860,1.25958,1.25945,1.1,1
26.08.2021 00:28:21.940,1.25959,1.25947,2.1,1
26.08.2021 00:28:21.991,1.2596100000000001,1.25949,1.6,1
26.08.2021 00:28:22.093,1.25963,1.2595100000000001,1.2,1
26.08.2021 00:28:22.145,1.25963,1.2595,1.27,1
26.08.2021 00:28:24.844,1.2596200000000002,1.25949,1.1,1
26.08.2021 00:28:24.895,1.2596,1.25946,1.1,1.5
26.08.2021 00:28:30.994,1.25957,1.2594400000000001,1.1,1.5
26.08.2021 00:28:44.095,1.25957,1.2594400000000001,1.1,1
26.08.2021 00:29:02.157,1.25957,1.2594400000000001,1.1,1
26.08.2021 00:29:04.766,1.25957,1.2594400000000001,2.35,1
26.08.2021 00:29:06.392,1.25956,1.25943,1.6,1
26.08.2021 00:29:06.850,1.25956,1.25943,1.57,1
26.08.2021 00:29:07.239,1.25956,1.25943,1.6,1
26.08.2021 00:29:07.441,1.2595500000000002,1.2594400000000001,1.57,1
26.08.2021 00:29:14.975,1.2595500000000002,1.2594400000000001,1.6,1
26.08.2021 00:29:18.033,1.25956,1.25943,1.1,1
26.08.2021 00:29:25.951,1.25956,1.25943,1.1,1
26.08.2021 00:29:27.568,1.25956,1.25943,1.57,1
26.08.2021 00:29:27.721,1.25956,1.25943,1.6,1
26.08.2021 00:29:28.023,1.25956,1.25943,1.57,1
26.08.2021 00:29:28.251,1.2595500000000002,1.2594400000000001,1.6,1
26.08.2021 00:29:30.708,1.2595100000000001,1.25938,1.57,1.12
26.08.2021 00:29:30.810,1.25948,1.25938,1,1.7
26.08.2021 00:29:30.912,1.2595100000000001,1.25937,1.97,1
26.08.2021 00:29:31.013,1.25949,1.25936,1,1.1
26.08.2021 00:29:39.477,1.2595,1.25938,1.6,1
26.08.2021 00:29:40.382,1.25949,1.25936,1.1,1.5
26.08.2021 00:29:47.063,1.25949,1.25937,1.95,1.57
26.08.2021 00:29:48.880,1.25949,1.25936,1.1,1
26.08.2021 00:29:57.484,1.2595100000000001,1.25936,2.1,1.57
26.08.2021 00:30:00.157,1.2595100000000001,1.25937,1.57,1.2
26.08.2021 00:30:00.309,1.25954,1.2594200000000002,1.6,1.5
26.08.2021 00:30:00.360,1.25956,1.25943,3.7,1
26.08.2021 00:30:00.463,1.25959,1.25947,1.7,1
26.08.2021 00:30:00.564,1.2596,1.25946,1.67,1
26.08.2021 00:30:20.518,1.2596100000000001,1.2595100000000001,1.5,1.5
26.08.2021 00:30:20.620,1.25963,1.2595100000000001,1.2,1
26.08.2021 00:30:20.722,1.25963,1.2595200000000002,2.72,1
26.08.2021 00:30:28.718,1.2596500000000002,1.2595200000000002,1.2,1
26.08.2021 00:30:28.820,1.2596500000000002,1.25953,1.2,2.32
26.08.2021 00:30:29.572,1.25966,1.2595200000000002,1.1,2.82
26.08.2021 00:30:41.964,1.25967,1.2595500000000002,1,1.95
26.08.2021 00:30:42.065,1.2597,1.25958,1.8,1
26.08.2021 00:30:42.116,1.25967,1.25954,1.1,2
26.08.2021 00:30:42.166,1.25966,1.25953,1.1,1.12
26.08.2021 00:30:56.750,1.2596500000000002,1.25953,1.1,1
26.08.2021 00:30:56.953,1.25964,1.2595100000000001,2.35,1
26.08.2021 00:30:57.055,1.25963,1.2595,1.1,1
26.08.2021 00:30:57.207,1.25963,1.2595,1.22,1
26.08.2021 00:31:02.756,1.25964,1.2595100000000001,1.22,1
26.08.2021 00:31:02.858,1.25964,1.2595100000000001,1.1,1
26.08.2021 00:31:09.274,1.25964,1.2595100000000001,2.35,1
26.08.2021 00:31:10.537,1.25963,1.2595200000000002,2.91,1
26.08.2021 00:31:18.032,1.25963,1.2595,2.35,1
26.08.2021 00:31:18.133,1.25957,1.2594400000000001,1,3.27
26.08.2021 00:31:18.286,1.25956,1.25945,1.1,1
26.08.2021 00:31:28.686,1.25957,1.2594400000000001,1.6,1
26.08.2021 00:31:36.743,1.25956,1.25945,1.1,1
26.08.2021 00:31:39.125,1.25956,1.25945,1.6,1
26.08.2021 00:31:45.341,1.2595500000000002,1.25945,1.22,1
26.08.2021 00:31:45.442,1.25956,1.2594400000000001,1.97,1
26.08.2021 00:31:50.352,1.2595500000000002,1.2594200000000002,1.1,1
26.08.2021 00:31:52.420,1.25953,1.25939,1.6,1
26.08.2021 00:31:52.776,1.25953,1.25939,1.6,1
26.08.2021 00:31:53.165,1.25953,1.25939,1.1,1
26.08.2021 00:31:54.938,1.25953,1.25938,1.1,1.57
26.08.2021 00:31:56.899,1.25953,1.25938,1.1,1.5
26.08.2021 00:32:05.028,1.2595200000000002,1.25938,1.2,1.57
26.08.2021 00:32:05.247,1.2595100000000001,1.25939,1.2,2.07
26.08.2021 00:32:05.450,1.2595100000000001,1.25939,1.1,1.57
26.08.2021 00:32:27.218,1.25954,1.2594400000000001,1.6,1
26.08.2021 00:32:27.320,1.25956,1.2594400000000001,1.2,1
26.08.2021 00:32:27.422,1.25956,1.25945,1.6,1
26.08.2021 00:32:30.267,1.25957,1.2594400000000001,1.2,1
26.08.2021 00:32:53.285,1.25956,1.25943,1.57,1
26.08.2021 00:32:57.717,1.25954,1.25943,1,1.57
26.08.2021 00:32:57.976,1.2595500000000002,1.2594200000000002,1.35,1
26.08.2021 00:33:01.909,1.25956,1.25943,1.1,1
26.08.2021 00:33:02.011,1.25957,1.25943,4.41,1
26.08.2021 00:33:04.846,1.25956,1.25943,1.6,1
26.08.2021 00:33:04.947,1.25954,1.25943,1.1,1
26.08.2021 00:33:12.320,1.25953,1.25939,1.2,1.1
26.08.2021 00:33:12.422,1.25953,1.25939,1.22,1
26.08.2021 00:33:13.629,1.2595100000000001,1.25939,1.1,1.57
26.08.2021 00:33:13.730,1.25949,1.25938,1.1,1
26.08.2021 00:33:13.831,1.25948,1.25937,1,1.1
26.08.2021 00:33:13.982,1.2595100000000001,1.25937,1.22,1
26.08.2021 00:33:17.473,1.25949,1.25937,1.1,1.1
26.08.2021 00:33:24.273,1.2595,1.25936,1.1,1
26.08.2021 00:33:24.745,1.2595,1.25936,1.1,1.1
26.08.2021 00:33:50.036,1.2595,1.25936,1.1,1
26.08.2021 00:33:50.188,1.25949,1.25937,2.72,1
26.08.2021 00:33:52.037,1.25949,1.25937,1.22,1
26.08.2021 00:33:52.456,1.25949,1.25937,1.22,1
26.08.2021 00:34:28.657,1.2595,1.25936,2.72,1
26.08.2021 00:34:32.562,1.2595,1.25936,1.1,1.1
26.08.2021 00:34:39.781,1.25949,1.25936,1,1.57
26.08.2021 00:34:39.882,1.25947,1.2593400000000001,2.32,1
26.08.2021 00:34:59.574,1.25948,1.25937,1.97,1
26.08.2021 00:35:08.553,1.25948,1.25937,1.1,1
26.08.2021 00:35:25.159,1.2595,1.25937,1,1.5
26.08.2021 00:35:31.772,1.25954,1.2594100000000001,2.07,1
26.08.2021 00:35:31.873,1.25956,1.25943,2.95,1
26.08.2021 00:35:31.974,1.25956,1.25943,2.32,1
26.08.2021 00:35:32.706,1.25957,1.2594400000000001,1.57,1
26.08.2021 00:35:36.740,1.2595500000000002,1.25943,1.57,1.5
26.08.2021 00:35:42.895,1.2595100000000001,1.2594,1.1,1
26.08.2021 00:35:42.946,1.25949,1.25938,1,2.45
26.08.2021 00:35:43.047,1.2595100000000001,1.25938,1.2,1
26.08.2021 00:35:44.035,1.2595,1.25937,1.1,1
26.08.2021 00:35:44.237,1.2595100000000001,1.25937,1.2,1
26.08.2021 00:35:46.951,1.2595,1.25937,1.1,1
26.08.2021 00:35:47.103,1.2595100000000001,1.25937,1.2,1
26.08.2021 00:35:48.860,1.25949,1.25936,1,1.57
26.08.2021 00:35:49.062,1.2595,1.25936,1,1.57
26.08.2021 00:35:49.163,1.2595,1.25937,1.2,1.57
26.08.2021 00:35:49.264,1.2595100000000001,1.25937,1.2,1
26.08.2021 00:35:51.501,1.25949,1.25936,1,1
26.08.2021 00:35:51.707,1.2595100000000001,1.25936,1.2,1.57
26.08.2021 00:35:52.332,1.2595100000000001,1.25936,1.2,1.82
26.08.2021 00:35:52.805,1.2595200000000002,1.25938,1.2,1
26.08.2021 00:36:01.281,1.25948,1.25937,1,1
26.08.2021 00:36:12.372,1.25949,1.25937,1.12,1.82
26.08.2021 00:36:29.210,1.2595,1.25936,2.32,1.5
26.08.2021 00:36:29.311,1.2594400000000001,1.2593100000000002,1,2
26.08.2021 00:36:29.362,1.2594400000000001,1.2593100000000002,1,1.25
26.08.2021 00:36:30.688,1.25945,1.25933,1.6,1
26.08.2021 00:36:30.789,1.25946,1.2593200000000002,1.1,1
26.08.2021 00:36:30.977,1.25948,1.25935,1,1
26.08.2021 00:36:31.078,1.25948,1.25937,2.7,1
26.08.2021 00:36:31.732,1.25948,1.25935,1,1
26.08.2021 00:36:31.930,1.25949,1.25936,1.76,1
26.08.2021 00:36:47.783,1.25949,1.25935,1.1,1
26.08.2021 00:37:06.086,1.25949,1.25936,1,1
26.08.2021 00:37:06.187,1.2595200000000002,1.2594100000000001,2.52,2.25
26.08.2021 00:37:06.288,1.2595200000000002,1.25939,1.1,1
26.08.2021 00:37:06.390,1.2595100000000001,1.25939,1.1,1.5
26.08.2021 00:37:14.640,1.2595200000000002,1.2594200000000002,1,1
26.08.2021 00:37:14.741,1.25956,1.2594200000000002,3.49,1
26.08.2021 00:37:14.843,1.25956,1.2594200000000002,2.91,1
26.08.2021 00:37:18.903,1.2595500000000002,1.25943,2.7,1
26.08.2021 00:37:19.119,1.25956,1.2594200000000002,3.66,1
26.08.2021 00:37:25.436,1.2595500000000002,1.25945,1,1
26.08.2021 00:37:25.487,1.25958,1.25945,1.12,1.5
26.08.2021 00:37:25.638,1.25959,1.25945,1,1.95
26.08.2021 00:37:31.666,1.25958,1.25945,1.2,1
26.08.2021 00:37:31.717,1.2595500000000002,1.2594400000000001,1,1.5
26.08.2021 00:37:38.926,1.25957,1.25946,1.1,1
26.08.2021 00:38:11.567,1.25957,1.25945,1.1,1
26.08.2021 00:38:11.618,1.25956,1.2594400000000001,1.6,1
26.08.2021 00:38:14.613,1.25957,1.25943,1.2,1
26.08.2021 00:38:15.660,1.25957,1.25943,1,2.07
26.08.2021 00:38:26.950,1.25956,1.2594400000000001,1,1.95
26.08.2021 00:38:29.589,1.25957,1.2594400000000001,1,1
26.08.2021 00:38:30.803,1.25957,1.25946,1.5,1
26.08.2021 00:38:41.957,1.2596,1.2595,1.87,1.12
26.08.2021 00:38:42.059,1.25963,1.2595100000000001,1.1,1
26.08.2021 00:38:42.160,1.25963,1.2595,1,1
26.08.2021 00:38:48.818,1.25964,1.2595100000000001,1.76,1
26.08.2021 00:38:51.122,1.2596200000000002,1.2595100000000001,1,1
26.08.2021 00:38:55.777,1.25964,1.2595100000000001,1.01,1
26.08.2021 00:38:57.196,1.25964,1.2595100000000001,5.04,1
26.08.2021 00:38:57.298,1.25963,1.2595,1.41,1
26.08.2021 00:39:01.161,1.25963,1.2595,2.51,1
26.08.2021 00:39:02.329,1.2596200000000002,1.2595,1.01,1
26.08.2021 00:39:03.018,1.2596100000000001,1.2595,1.1,1
26.08.2021 00:39:07.155,1.25964,1.2595100000000001,4.39,1
26.08.2021 00:40:25.656,1.2596500000000002,1.2595200000000002,1.5,1
26.08.2021 00:40:34.431,1.25966,1.25954,1.57,1
26.08.2021 00:40:34.532,1.2596500000000002,1.25954,1.79,1.12
26.08.2021 00:40:38.672,1.25966,1.25953,3.91,1
26.08.2021 00:40:47.125,1.25964,1.25953,2.16,1
26.08.2021 00:41:14.156,1.25964,1.2595100000000001,1.6,1
26.08.2021 00:41:15.149,1.25964,1.2595100000000001,1.95,1
26.08.2021 00:41:26.517,1.2596500000000002,1.2595200000000002,3.66,1
26.08.2021 00:41:31.990,1.25963,1.2595,1,1.57
26.08.2021 00:41:33.241,1.2596500000000002,1.2595200000000002,3.66,1
26.08.2021 00:41:59.036,1.25963,1.2595200000000002,1.57,1
26.08.2021 00:41:59.137,1.25964,1.25953,3.66,1
26.08.2021 00:42:15.194,1.25964,1.25953,3.56,1
26.08.2021 00:42:33.685,1.25963,1.25953,1,1
26.08.2021 00:42:34.084,1.2596500000000002,1.2595200000000002,3.37,1
26.08.2021 00:42:45.126,1.25964,1.2595200000000002,1,1
26.08.2021 00:42:45.475,1.25964,1.25953,4.5,1
26.08.2021 00:42:45.592,1.25963,1.25953,1,1
26.08.2021 00:42:57.103,1.25959,1.25948,1,1.95
26.08.2021 00:42:57.254,1.2596,1.25946,1.1,2
26.08.2021 00:42:57.355,1.25957,1.25946,1,1.95
26.08.2021 00:43:36.688,1.25958,1.25946,1.1,1
26.08.2021 00:43:36.738,1.25959,1.2595,1.12,1
26.08.2021 00:43:36.840,1.25963,1.2595100000000001,1.7,1
26.08.2021 00:43:36.890,1.25963,1.2595,1.95,1
26.08.2021 00:43:37.207,1.25963,1.2595100000000001,1,1
26.08.2021 00:43:38.912,1.25963,1.2595,1,1.1
26.08.2021 00:43:46.863,1.25964,1.2595100000000001,1.57,1
26.08.2021 00:44:28.723,1.2596500000000002,1.25953,1.57,1.5
26.08.2021 00:44:28.824,1.25964,1.25953,1.57,1.12
26.08.2021 00:44:42.096,1.25963,1.2595,1,1.6
26.08.2021 00:44:42.197,1.25963,1.2595,1,1.57
26.08.2021 00:44:46.258,1.25963,1.25954,1,1
26.08.2021 00:44:46.309,1.2596500000000002,1.2595200000000002,1,1.57
26.08.2021 00:44:49.148,1.25964,1.2595100000000001,1,1
26.08.2021 00:45:01.600,1.2596500000000002,1.2595200000000002,2.72,1
26.08.2021 00:45:02.159,1.2596500000000002,1.2595200000000002,1.87,1
26.08.2021 00:45:47.628,1.2596,1.2595200000000002,1.1,1
26.08.2021 00:45:47.678,1.25959,1.25946,2.32,1.5
26.08.2021 00:45:47.729,1.25957,1.2594400000000001,1,1.6
26.08.2021 00:45:47.830,1.25957,1.2594400000000001,1,1
26.08.2021 00:45:48.448,1.25957,1.25943,1,1.87
26.08.2021 00:45:56.770,1.2595500000000002,1.25943,3.1,1
26.08.2021 00:45:56.821,1.25953,1.2594,1.87,1
26.08.2021 00:45:57.024,1.2595200000000002,1.2594,1.95,1
26.08.2021 00:46:12.613,1.2595500000000002,1.25943,1.1,1
26.08.2021 00:46:12.714,1.25956,1.25943,2.4,1
26.08.2021 00:46:15.732,1.25957,1.2594400000000001,1.87,1
26.08.2021 00:46:18.197,1.25959,1.2594400000000001,2.7,1.5
26.08.2021 00:46:19.633,1.25959,1.25945,1.12,1
26.08.2021 00:46:20.604,1.25958,1.25945,1.12,1.57
26.08.2021 00:46:21.857,1.25956,1.25945,1,1
26.08.2021 00:47:03.441,1.2596,1.2595100000000001,1.95,1
26.08.2021 00:47:03.542,1.25964,1.2595100000000001,1.6,1
26.08.2021 00:47:03.643,1.25964,1.2595100000000001,1,1.2
26.08.2021 00:47:13.253,1.25964,1.2595500000000002,1,1.5
26.08.2021 00:47:13.304,1.25967,1.25956,1.57,1
26.08.2021 00:47:13.405,1.25967,1.25954,1,1
26.08.2021 00:47:13.506,1.25967,1.25953,1,1.1
26.08.2021 00:47:14.399,1.2596500000000002,1.25954,1.12,1
26.08.2021 00:47:16.725,1.25964,1.25953,1,1.1
26.08.2021 00:47:18.733,1.25967,1.2595500000000002,1.95,1
26.08.2021 00:47:23.852,1.25967,1.25954,1,1
26.08.2021 00:47:38.662,1.25968,1.25954,1.95,1
26.08.2021 00:47:41.108,1.25964,1.25953,1,1.12
26.08.2021 00:48:00.635,1.25966,1.2595200000000002,1.57,1
26.08.2021 00:48:00.840,1.25966,1.2595500000000002,1.5,1
26.08.2021 00:48:00.941,1.25967,1.25954,1,1.1
26.08.2021 00:48:01.042,1.25966,1.25954,1.5,1.12
26.08.2021 00:48:06.746,1.25967,1.25956,1,1
26.08.2021 00:48:06.797,1.2597,1.25957,2.07,1
26.08.2021 00:48:06.949,1.2597,1.25957,1.5,1
26.08.2021 00:48:10.089,1.2597,1.25958,1.5,1
26.08.2021 00:48:10.753,1.2597,1.25957,2.32,1
26.08.2021 00:48:11.019,1.25968,1.2595500000000002,1,1.12
26.08.2021 00:48:11.121,1.25969,1.25956,1.87,1
26.08.2021 00:48:12.851,1.25967,1.2595500000000002,1.57,1
26.08.2021 00:48:12.952,1.25967,1.25954,1,1
26.08.2021 00:48:21.479,1.25967,1.25953,1.5,1.1
26.08.2021 00:48:27.506,1.25968,1.2595500000000002,1,1.5
26.08.2021 00:48:27.607,1.25968,1.25954,1.57,1.5
26.08.2021 00:48:29.995,1.25966,1.25954,1,1.1
26.08.2021 00:48:38.296,1.2596500000000002,1.2595200000000002,1,1
26.08.2021 00:48:38.499,1.25964,1.2595100000000001,1,1
26.08.2021 00:48:55.258,1.2596500000000002,1.2595200000000002,1.5,1
26.08.2021 00:49:09.165,1.25966,1.2595200000000002,1.12,1.1
26.08.2021 00:49:10.725,1.25969,1.25956,1.57,1
26.08.2021 00:49:10.826,1.25967,1.2595500000000002,1.1,2.37
26.08.2021 00:49:10.928,1.25968,1.25954,1.1,1.5
26.08.2021 00:49:11.169,1.25964,1.25953,1,2.07
26.08.2021 00:49:11.321,1.2596500000000002,1.2595200000000002,1,1.57
26.08.2021 00:49:28.729,1.2596500000000002,1.25954,1,1
26.08.2021 00:49:38.228,1.2596500000000002,1.2595200000000002,1,1
26.08.2021 00:49:47.567,1.25967,1.25956,1,1.87
26.08.2021 00:49:47.668,1.25966,1.2595500000000002,1,1.5
26.08.2021 00:49:47.769,1.25967,1.25953,1,1.1
26.08.2021 00:49:56.465,1.2596500000000002,1.2595200000000002,1.1,1
26.08.2021 00:49:56.566,1.25964,1.2595100000000001,1,1
26.08.2021 00:50:10.181,1.25964,1.2595100000000001,1,1.1
26.08.2021 00:50:10.396,1.25964,1.2595100000000001,1,1.1
26.08.2021 00:50:11.716,1.25964,1.25953,1.5,1
26.08.2021 00:50:34.519,1.25968,1.25956,1.87,1.1
26.08.2021 00:50:34.621,1.25969,1.25957,1.7,1
26.08.2021 00:50:34.726,1.25969,1.25957,1,1
26.08.2021 00:50:36.702,1.2597,1.25957,1.5,1.1
26.08.2021 00:50:44.185,1.25968,1.25956,1.5,1.1
26.08.2021 00:50:44.287,1.25969,1.25958,1,2.12
26.08.2021 00:50:44.388,1.25971,1.2596,1.5,1.1
26.08.2021 00:50:44.709,1.25971,1.25958,1,1.6
26.08.2021 00:50:44.810,1.2597,1.25959,1.5,1.1
26.08.2021 00:51:06.689,1.25969,1.25956,1,1.1
26.08.2021 00:51:07.042,1.25968,1.2595500000000002,1,1.1
26.08.2021 00:51:12.045,1.25968,1.25954,1,1.57
26.08.2021 00:51:21.043,1.25966,1.2595200000000002,1,1.6
26.08.2021 00:51:24.367,1.2596500000000002,1.2595200000000002,1,1.1
26.08.2021 00:51:36.523,1.25963,1.2595200000000002,1,1.1
26.08.2021 00:51:46.624,1.25964,1.25953,1,1.25
26.08.2021 00:51:46.675,1.25967,1.2595500000000002,1,1.79
26.08.2021 00:51:46.726,1.25967,1.25954,1,1.1
26.08.2021 00:51:46.777,1.2596500000000002,1.25953,1,1.1
26.08.2021 00:51:46.878,1.2596500000000002,1.2595200000000002,1.12,1
26.08.2021 00:52:05.097,1.25963,1.2595200000000002,1,1.1
26.08.2021 00:52:05.198,1.25963,1.2595,1,1.1
26.08.2021 00:52:09.799,1.2596200000000002,1.2595200000000002,1,1.1
26.08.2021 00:52:09.849,1.2596500000000002,1.2595100000000001,2.25,1.1
26.08.2021 00:52:13.723,1.25963,1.2595,1,1.1
26.08.2021 00:52:15.307,1.2596100000000001,1.25949,1,1
26.08.2021 00:52:15.409,1.2596,1.25949,1,1.57
26.08.2021 00:52:15.510,1.2596,1.25946,1,1.6
26.08.2021 00:52:15.823,1.2596100000000001,1.25947,1.12,1.1
26.08.2021 00:52:23.418,1.25959,1.25947,1,1.1
26.08.2021 00:52:23.519,1.25958,1.25945,1,1.1
26.08.2021 00:52:24.949,1.25957,1.2594400000000001,1,1.1
26.08.2021 00:52:36.237,1.25959,1.25948,1,1.79
26.08.2021 00:52:36.338,1.2596,1.25947,1,1.1
26.08.2021 00:52:36.931,1.25959,1.25947,1,1.57
26.08.2021 00:52:46.133,1.25957,1.2594400000000001,1,1.1
26.08.2021 00:52:47.722,1.25957,1.25947,1,1.87
26.08.2021 00:52:47.825,1.2596100000000001,1.25947,2,1.6
26.08.2021 00:52:47.926,1.25958,1.25947,1,3.29
26.08.2021 00:52:54.246,1.25959,1.25946,1,1.1
26.08.2021 00:53:04.332,1.25959,1.25947,1.12,1.1
26.08.2021 00:53:09.695,1.2596100000000001,1.25946,1.12,1.1
26.08.2021 00:53:14.849,1.2596,1.25947,1.12,1.1
26.08.2021 00:53:17.182,1.25963,1.2595200000000002,3.57,1
26.08.2021 00:53:17.334,1.25964,1.2595200000000002,1.1,1
26.08.2021 00:53:17.384,1.25964,1.25953,1.12,1
26.08.2021 00:53:30.182,1.25966,1.2595200000000002,1.87,1.1
26.08.2021 00:53:30.283,1.25967,1.25954,2,1.1
26.08.2021 00:53:30.384,1.25969,1.25956,1.5,1.2
26.08.2021 00:53:30.434,1.25968,1.25957,1,1.2
26.08.2021 00:53:36.312,1.25971,1.25958,1.5,1
26.08.2021 00:53:36.515,1.25969,1.25958,1,1.1
26.08.2021 00:53:38.239,1.25971,1.25958,1.12,1
26.08.2021 00:53:39.652,1.2597,1.25957,1,1.1
26.08.2021 00:53:44.042,1.2597,1.2595500000000002,1,1.6
26.08.2021 00:53:45.357,1.25969,1.2595500000000002,2.19,1.1
26.08.2021 00:53:45.560,1.2597,1.25956,1,1.1
26.08.2021 00:53:45.661,1.25971,1.25958,1.12,1.1
26.08.2021 00:53:46.116,1.25971,1.25957,1.87,1.1
26.08.2021 00:53:57.753,1.25969,1.2595500000000002,1.12,1.1
26.08.2021 00:54:05.405,1.2597,1.25958,2,1.6
26.08.2021 00:54:05.506,1.2597200000000002,1.25959,1.5,1
26.08.2021 00:54:05.608,1.25974,1.2596200000000002,1.12,1.1
26.08.2021 00:54:05.873,1.25974,1.2596,1,1.6
26.08.2021 00:54:05.974,1.25973,1.2596100000000001,1,1.1
26.08.2021 00:54:07.575,1.2597500000000001,1.2596100000000001,1.5,1.79
26.08.2021 00:54:07.727,1.25976,1.2596100000000001,1.12,1.1
26.08.2021 00:54:08.406,1.25977,1.25968,1.5,1
26.08.2021 00:54:08.608,1.25977,1.25968,1,1
26.08.2021 00:54:08.659,1.25977,1.25966,1.5,1.1
26.08.2021 00:54:08.760,1.25977,1.2596500000000002,1.5,1
26.08.2021 00:54:08.912,1.25978,1.25967,1,1
26.08.2021 00:54:15.878,1.2597500000000001,1.2596200000000002,1.87,1
26.08.2021 00:54:16.547,1.25977,1.25963,1,2.54
26.08.2021 00:54:16.648,1.25978,1.25966,1,1
26.08.2021 00:54:17.834,1.25978,1.25967,1,1
26.08.2021 00:54:17.885,1.25977,1.25964,1.5,1.12
26.08.2021 00:54:19.616,1.25977,1.25968,1,1
26.08.2021 00:54:19.717,1.25977,1.25966,1,1
26.08.2021 00:54:19.818,1.25978,1.25964,1,1.1
26.08.2021 00:54:39.645,1.25978,1.25969,1,1.25
26.08.2021 00:54:39.747,1.25984,1.25973,1.5,1.25
26.08.2021 00:54:39.797,1.25984,1.2597500000000001,1,1
26.08.2021 00:54:39.899,1.2599,1.25978,1.2,1.5
26.08.2021 00:54:40.000,1.25989,1.25976,1,1
26.08.2021 00:54:42.008,1.25987,1.25976,1,1
26.08.2021 00:54:42.059,1.25981,1.25976,1,1
26.08.2021 00:54:42.110,1.25981,1.25973,1,1.5
26.08.2021 00:54:42.161,1.25983,1.2597,2.62,2.7
26.08.2021 00:54:42.263,1.25983,1.25971,1.5,1.5
26.08.2021 00:54:44.179,1.25981,1.2597200000000002,1,1
26.08.2021 00:54:44.281,1.25978,1.25969,1,1
26.08.2021 00:54:44.383,1.25977,1.25971,1,1
26.08.2021 00:54:46.309,1.25978,1.2596500000000002,1.5,1
26.08.2021 00:54:46.410,1.25978,1.25964,1.5,1
26.08.2021 00:54:46.461,1.25978,1.25967,1,1
26.08.2021 00:54:47.446,1.25978,1.25968,1,1
26.08.2021 00:54:48.262,1.25977,1.25968,1.87,1
26.08.2021 00:54:48.313,1.25974,1.2596,1,1.95
26.08.2021 00:54:48.414,1.2597500000000001,1.2596100000000001,1,1.57
26.08.2021 00:54:48.516,1.2597500000000001,1.2596200000000002,1.5,1.5
26.08.2021 00:54:49.711,1.25973,1.2596200000000002,1,1
26.08.2021 00:54:49.812,1.2597500000000001,1.25963,1.76,1
26.08.2021 00:54:49.914,1.2597500000000001,1.2596100000000001,1.5,1
26.08.2021 00:54:50.167,1.25974,1.2596200000000002,1.25,1
26.08.2021 00:54:50.268,1.25974,1.2596100000000001,1,1
26.08.2021 00:54:50.621,1.2597500000000001,1.2596200000000002,2.51,1
26.08.2021 00:54:51.062,1.25977,1.2596200000000002,2.7,1
26.08.2021 00:54:51.993,1.25974,1.2596200000000002,1,1
26.08.2021 00:54:52.094,1.25973,1.2596100000000001,1,1.5
26.08.2021 00:54:52.196,1.25976,1.2596100000000001,2.62,1
26.08.2021 00:54:53.709,1.25974,1.2596200000000002,1,1
26.08.2021 00:54:53.760,1.25967,1.2596200000000002,1,1
26.08.2021 00:54:53.811,1.2597,1.25956,2.44,1.95
26.08.2021 00:54:53.913,1.2597,1.25957,1.69,1
26.08.2021 00:54:54.374,1.2596500000000002,1.2595200000000002,2.25,1
26.08.2021 00:54:54.476,1.2596500000000002,1.25954,1,1
26.08.2021 00:54:54.628,1.25966,1.25954,1,1
26.08.2021 00:54:54.729,1.25966,1.2595200000000002,1,1.5
26.08.2021 00:54:55.195,1.25967,1.25953,1,1
26.08.2021 00:54:55.296,1.2596500000000002,1.25953,1,1.57
26.08.2021 00:54:55.448,1.25966,1.25954,1,1
26.08.2021 00:54:55.600,1.25967,1.25956,1.12,1
26.08.2021 00:54:55.701,1.25968,1.25957,1,1
26.08.2021 00:54:55.803,1.25969,1.2595500000000002,1,1.5
26.08.2021 00:54:56.978,1.25968,1.25954,1,1.1
26.08.2021 00:54:57.080,1.25966,1.25953,1,1.1
26.08.2021 00:54:57.181,1.25966,1.25954,1,1.1
26.08.2021 00:54:57.282,1.25968,1.25953,1.12,1.1
26.08.2021 00:54:57.384,1.25966,1.25953,1,1.1
26.08.2021 00:54:58.141,1.25966,1.25954,1.5,1
26.08.2021 00:54:58.242,1.25966,1.25953,1,1
26.08.2021 00:54:58.937,1.25967,1.25954,1,1
26.08.2021 00:54:59.038,1.25966,1.25953,1,1.1
26.08.2021 00:54:59.291,1.25967,1.25953,1,1.1
26.08.2021 00:54:59.393,1.25969,1.25954,1,2.32
26.08.2021 00:55:00.319,1.2597,1.25954,1.31,1.57
26.08.2021 00:55:00.421,1.25971,1.25959,1.1,1
26.08.2021 00:55:00.522,1.25973,1.25959,1,1
26.08.2021 00:55:00.674,1.25973,1.2596100000000001,1.2,1
26.08.2021 00:55:01.188,1.25973,1.25959,1,1
26.08.2021 00:55:03.277,1.2597200000000002,1.2596100000000001,1,1
26.08.2021 00:55:03.836,1.2597200000000002,1.25963,1,1
26.08.2021 00:55:03.887,1.2597500000000001,1.2596100000000001,1.5,1
26.08.2021 00:55:03.938,1.25976,1.25963,1,1.5
26.08.2021 00:55:05.656,1.25978,1.25967,1.5,1
26.08.2021 00:55:05.758,1.25977,1.25969,1.25,1.57
26.08.2021 00:55:05.859,1.25978,1.2597,1.25,1
26.08.2021 00:55:05.960,1.25978,1.25969,1.25,1.1
26.08.2021 00:55:06.061,1.25978,1.2597,1.25,1
26.08.2021 00:55:10.583,1.25984,1.25971,2.06,1
26.08.2021 00:55:11.153,1.2598500000000001,1.2597,2.19,1
26.08.2021 00:55:13.572,1.2598500000000001,1.2597,2.19,1
26.08.2021 00:55:13.775,1.2598600000000002,1.25971,2.62,1
26.08.2021 00:55:13.876,1.2598500000000001,1.2597,1,2.7
26.08.2021 00:55:14.231,1.2598500000000001,1.2597,1.5,1.57
26.08.2021 00:55:15.025,1.25984,1.25969,1.87,1
26.08.2021 00:55:18.688,1.25981,1.25969,1,1.1
26.08.2021 00:55:27.000,1.25983,1.2597,1.5,1.1
26.08.2021 00:55:27.050,1.25984,1.2597200000000002,1.95,1
26.08.2021 00:55:27.152,1.2598500000000001,1.2597,2.06,1.1
26.08.2021 00:55:27.203,1.2598200000000002,1.25968,1,1.1
26.08.2021 00:55:27.305,1.2598200000000002,1.2597,1,1
26.08.2021 00:55:27.407,1.25984,1.25969,1.5,1.1
26.08.2021 00:55:28.492,1.2598200000000002,1.25968,1,1.1
26.08.2021 00:55:29.686,1.25984,1.25969,2,1.1
26.08.2021 00:55:30.337,1.25983,1.2597,1.12,1.1
26.08.2021 00:55:32.079,1.2598200000000002,1.25968,1.12,1.1
26.08.2021 00:55:32.332,1.25983,1.25969,1.5,1.1
26.08.2021 00:55:32.483,1.25983,1.2597,1.5,1.1
26.08.2021 00:55:34.526,1.25984,1.25969,1.12,1.1
26.08.2021 00:55:37.097,1.25984,1.25971,1,1.1
26.08.2021 00:55:37.198,1.2598500000000001,1.2597,1,1.95
26.08.2021 00:55:37.300,1.25983,1.2597,1.12,1.1
26.08.2021 00:55:52.940,1.2598500000000001,1.25974,1.87,1
26.08.2021 00:55:53.194,1.2598600000000002,1.25974,1,1
26.08.2021 00:55:54.798,1.2598200000000002,1.2597,1.5,1.95
26.08.2021 00:55:56.294,1.25983,1.25969,1.5,1
26.08.2021 00:55:57.891,1.2598200000000002,1.25968,1.12,1.1
26.08.2021 00:55:58.540,1.25984,1.2597,1.12,1.1
26.08.2021 00:56:01.733,1.25983,1.25969,1.87,1.1
26.08.2021 00:56:03.530,1.25983,1.25969,2,1
26.08.2021 00:56:03.935,1.25984,1.25971,5.26,1
26.08.2021 00:56:04.138,1.2598200000000002,1.2597,1.5,1
26.08.2021 00:56:04.340,1.25984,1.2597,1.5,1
26.08.2021 00:56:05.536,1.25983,1.25969,2,1.1
26.08.2021 00:56:05.688,1.2598200000000002,1.2597,1.12,1.1
26.08.2021 00:56:06.092,1.25983,1.25969,1.12,1.1
26.08.2021 00:56:08.798,1.25984,1.25969,1.5,1.1
26.08.2021 00:56:09.018,1.25984,1.2597,2,1
26.08.2021 00:56:09.270,1.25983,1.25969,1.12,1.1
26.08.2021 00:56:09.371,1.25984,1.2597,2,1
26.08.2021 00:56:09.488,1.25983,1.25969,1.12,1
26.08.2021 00:56:09.589,1.25984,1.2597,2,1
26.08.2021 00:56:09.716,1.2598200000000002,1.2597,1.12,1
26.08.2021 00:56:10.055,1.25983,1.25969,1.5,1.1
26.08.2021 00:56:10.536,1.25984,1.2597,2,1
26.08.2021 00:56:10.719,1.25983,1.25969,1.5,1
26.08.2021 00:56:10.870,1.2598500000000001,1.25971,2,1
26.08.2021 00:56:10.921,1.2598500000000001,1.25971,1.5,1.57
26.08.2021 00:56:10.971,1.2598500000000001,1.25974,2.32,1
26.08.2021 00:56:17.073,1.2598600000000002,1.25973,2.75,1
26.08.2021 00:56:17.226,1.2598600000000002,1.25974,1.5,1
26.08.2021 00:56:17.327,1.2598600000000002,1.25974,1,1
26.08.2021 00:56:17.979,1.2598600000000002,1.2597200000000002,1.5,1.1
26.08.2021 00:56:19.030,1.25987,1.25977,1.5,1
26.08.2021 00:56:19.232,1.2598799999999999,1.2597500000000001,1.12,1
26.08.2021 00:56:19.434,1.2598799999999999,1.2597500000000001,2.19,1
26.08.2021 00:56:23.824,1.2598500000000001,1.2597500000000001,1.12,1
26.08.2021 00:56:31.209,1.2598500000000001,1.25974,1.31,1
26.08.2021 00:56:59.300,1.2598799999999999,1.25976,1,1
26.08.2021 00:57:00.076,1.25989,1.25976,1.87,1
26.08.2021 00:57:20.799,1.2598799999999999,1.25976,1,1
26.08.2021 00:57:20.900,1.25983,1.2597200000000002,1,1.1
26.08.2021 00:57:29.381,1.25984,1.2597,1.12,1.57
26.08.2021 00:57:41.916,1.25983,1.2597,1.5,1
26.08.2021 00:57:42.018,1.2598200000000002,1.25969,1.12,1
26.08.2021 00:58:18.422,1.2598,1.25969,1,1.1
26.08.2021 00:59:00.168,1.25978,1.25968,2.37,1
26.08.2021 00:59:00.219,1.2597500000000001,1.25963,2.44,1
26.08.2021 00:59:00.274,1.2597200000000002,1.25959,1,2.16
26.08.2021 00:59:00.375,1.2597200000000002,1.25959,1,1.57
26.08.2021 00:59:01.209,1.25968,1.2595500000000002,1,1.6
26.08.2021 00:59:01.310,1.25967,1.25954,1,1.27
26.08.2021 00:59:01.462,1.2596500000000002,1.25953,1,1.6
26.08.2021 00:59:01.614,1.25966,1.2595200000000002,1,1.1
26.08.2021 00:59:02.596,1.2596500000000002,1.2595200000000002,1,1.1
26.08.2021 00:59:03.114,1.2596500000000002,1.2595200000000002,1.5,1
26.08.2021 00:59:03.849,1.25964,1.2595,1.12,1.6
26.08.2021 00:59:05.373,1.25963,1.2595100000000001,1.12,1.1
26.08.2021 00:59:10.975,1.25964,1.2595,1,1.6
26.08.2021 00:59:13.370,1.2596200000000002,1.2595100000000001,1,1.1
26.08.2021 00:59:21.953,1.25964,1.2595100000000001,1,1.1
26.08.2021 00:59:22.155,1.25964,1.2595,1,1.57
26.08.2021 00:59:27.745,1.25964,1.2595,1,1.6
26.08.2021 00:59:27.846,1.2596500000000002,1.2595100000000001,1.12,1.97
26.08.2021 00:59:28.379,1.2596500000000002,1.25954,1,1.1
26.08.2021 00:59:28.481,1.25967,1.25954,1.12,1
26.08.2021 01:00:00.272,1.25967,1.2595500000000002,1,1.79
26.08.2021 01:00:00.373,1.2597,1.25959,1.1,1
26.08.2021 01:00:00.474,1.2597200000000002,1.25959,1.5,1
26.08.2021 01:00:01.728,1.2597500000000001,1.2596200000000002,1,2.32
26.08.2021 01:00:03.032,1.25976,1.25963,1,1.57
26.08.2021 01:00:03.335,1.2597500000000001,1.2596200000000002,1,1.1
26.08.2021 01:00:03.556,1.25976,1.25963,1.12,2.32
26.08.2021 01:00:04.023,1.25976,1.25963,1.12,2.35
26.08.2021 01:00:04.124,1.25976,1.2596200000000002,1,2.35
26.08.2021 01:00:04.376,1.2597500000000001,1.25963,1,1.57
26.08.2021 01:00:04.885,1.2597500000000001,1.2596100000000001,1,1.6
26.08.2021 01:00:09.792,1.2597500000000001,1.2596100000000001,1,1.1
26.08.2021 01:00:15.683,1.25973,1.2596,1,1
26.08.2021 01:00:16.771,1.25974,1.2596,1.12,1
26.08.2021 01:00:18.170,1.25973,1.2596,1,1
26.08.2021 01:00:18.322,1.25973,1.2596100000000001,1.12,1
26.08.2021 01:00:18.832,1.25973,1.2596,1,1
26.08.2021 01:00:28.339,1.2597200000000002,1.25958,1,1.57
26.08.2021 01:00:31.500,1.2597200000000002,1.25958,1,1.6
26.08.2021 01:00:32.066,1.2597200000000002,1.2596100000000001,1,1
26.08.2021 01:00:38.539,1.25974,1.2596,1.87,1.1
26.08.2021 01:00:38.640,1.2597200000000002,1.2596100000000001,1,1.1
26.08.2021 01:00:38.741,1.25974,1.2596100000000001,1.5,1.1
26.08.2021 01:00:38.842,1.2597500000000001,1.2596100000000001,1,1.1
26.08.2021 01:00:43.633,1.25978,1.25967,2.07,1.1
26.08.2021 01:00:43.734,1.25981,1.2597200000000002,1,2.29
26.08.2021 01:00:43.836,1.2598200000000002,1.25976,1,1
26.08.2021 01:00:43.887,1.25987,1.25976,1,1.1
26.08.2021 01:00:51.323,1.2598500000000001,1.25971,1,1.1
26.08.2021 01:00:54.854,1.2598600000000002,1.2597200000000002,3.69,1
26.08.2021 01:00:56.116,1.2598799999999999,1.25976,2.75,1
26.08.2021 01:00:56.318,1.25989,1.2597500000000001,2.75,1
26.08.2021 01:00:57.969,1.25989,1.25976,3.5,1
26.08.2021 01:00:59.039,1.2599,1.25978,2.75,1
26.08.2021 01:00:59.141,1.2599,1.25978,2.75,1
26.08.2021 01:01:00.268,1.2599,1.25978,1.12,1
26.08.2021 01:01:08.527,1.2599,1.25978,2.82,1
26.08.2021 01:01:18.217,1.25984,1.25979,1,1
26.08.2021 01:01:18.269,1.2598600000000002,1.25974,1.69,1
26.08.2021 01:01:18.370,1.2598500000000001,1.25973,1,1.2
26.08.2021 01:01:18.471,1.2598500000000001,1.2597200000000002,2,1
26.08.2021 01:01:19.674,1.2598600000000002,1.25971,5.7,1
26.08.2021 01:01:20.846,1.2598799999999999,1.2597500000000001,3.47,1
26.08.2021 01:01:20.947,1.25989,1.25976,2.95,1
26.08.2021 01:01:22.528,1.25989,1.25976,1.95,1
26.08.2021 01:01:24.672,1.2598799999999999,1.25976,1,1
26.08.2021 01:01:29.964,1.2598799999999999,1.2597500000000001,1.12,1
26.08.2021 01:01:31.548,1.25991,1.25979,1.1,1
26.08.2021 01:01:31.599,1.2599,1.25977,1.69,1.5
26.08.2021 01:01:31.650,1.2598799999999999,1.25977,1,1.5
26.08.2021 01:01:31.998,1.25989,1.25977,1.69,1
26.08.2021 01:01:32.100,1.2598799999999999,1.25977,1,1
26.08.2021 01:01:32.202,1.2598600000000002,1.25974,1,1.95
26.08.2021 01:01:36.141,1.25987,1.25974,1,1.1
26.08.2021 01:01:38.649,1.25987,1.25976,1,1.1
26.08.2021 01:01:38.902,1.25989,1.25977,1.5,1
26.08.2021 01:01:45.011,1.25989,1.25976,1.5,1.1
26.08.2021 01:01:45.113,1.2598799999999999,1.2597500000000001,1.5,1.1
26.08.2021 01:01:51.378,1.2598799999999999,1.2597500000000001,1,1.1
26.08.2021 01:01:52.867,1.25989,1.25976,1.87,1.1
26.08.2021 01:01:53.069,1.25989,1.25976,1,1.1
26.08.2021 01:01:57.661,1.25989,1.25979,1,1
26.08.2021 01:01:57.711,1.25991,1.25978,1,1.57
26.08.2021 01:01:59.345,1.2599,1.25977,1,1
26.08.2021 01:02:03.281,1.25989,1.25977,1.5,1.01
26.08.2021 01:02:06.826,1.25989,1.25978,1.12,1
26.08.2021 01:02:07.497,1.2599,1.2598,1,1
26.08.2021 01:02:07.599,1.25991,1.25978,1.5,1.57
26.08.2021 01:02:07.803,1.2599,1.25978,1,1
26.08.2021 01:02:12.657,1.2598799999999999,1.25976,2.25,1
26.08.2021 01:02:12.708,1.2598799999999999,1.25974,2.44,3.07
26.08.2021 01:02:21.949,1.25987,1.25976,1.5,1
26.08.2021 01:02:26.055,1.25987,1.2597500000000001,1,1
26.08.2021 01:02:29.015,1.25987,1.25974,1,1.95
26.08.2021 01:02:31.096,1.25987,1.2597500000000001,1,1
26.08.2021 01:02:32.437,1.2598799999999999,1.25977,1,1
26.08.2021 01:02:33.330,1.25987,1.25977,1,1
26.08.2021 01:02:40.141,1.2598799999999999,1.2597500000000001,1.5,1.5
26.08.2021 01:02:52.169,1.25987,1.25973,1.5,2.91
26.08.2021 01:02:52.541,1.25987,1.25976,1.5,1
26.08.2021 01:03:01.068,1.25987,1.25974,1,1
26.08.2021 01:03:05.353,1.25987,1.2597500000000001,1.5,1.5
26.08.2021 01:03:14.402,1.25989,1.25979,1,1
26.08.2021 01:03:14.503,1.25989,1.25978,1,1.5
26.08.2021 01:03:14.655,1.2598799999999999,1.25978,1.5,1
26.08.2021 01:03:17.713,1.25989,1.25976,1.5,3.07
26.08.2021 01:03:18.838,1.2599,1.25978,1,1.5
26.08.2021 01:03:18.939,1.25989,1.25978,1,1.87
26.08.2021 01:03:26.297,1.25989,1.25981,1,1
26.08.2021 01:03:26.403,1.2599,1.25979,1.5,1
26.08.2021 01:03:26.711,1.25989,1.25979,1.5,1.5
26.08.2021 01:03:27.453,1.25989,1.25978,1,1
26.08.2021 01:03:27.555,1.2598799999999999,1.25978,1,1.5
26.08.2021 01:03:30.416,1.25989,1.25978,2.25,2.25
26.08.2021 01:03:30.522,1.25989,1.25977,1,2.25
26.08.2021 01:03:34.090,1.2599,1.25977,1.5,3.07
26.08.2021 01:03:37.669,1.2599,1.25977,1,4.59
26.08.2021 01:03:39.419,1.25991,1.25978,1.5,1.5
26.08.2021 01:03:40.740,1.2599200000000002,1.25981,1.87,1
26.08.2021 01:03:40.842,1.2599,1.2598200000000002,1,1
26.08.2021 01:03:43.206,1.25989,1.25979,1.25,1.5
26.08.2021 01:03:43.307,1.25989,1.25978,1,1
26.08.2021 01:03:48.284,1.25991,1.25979,1.12,1.5
26.08.2021 01:03:48.335,1.25989,1.25979,1,1.5
26.08.2021 01:03:50.066,1.2599200000000002,1.25981,1.5,1
26.08.2021 01:03:50.167,1.25991,1.2598200000000002,1,1
26.08.2021 01:03:50.268,1.25991,1.25981,1.5,1.12
26.08.2021 01:03:50.420,1.25991,1.2598,1,1.12
26.08.2021 01:03:50.982,1.2599200000000002,1.25981,1.5,1
26.08.2021 01:03:51.083,1.25991,1.2598,1,1.87
26.08.2021 01:03:51.193,1.25991,1.2598,1,2
26.08.2021 01:03:51.563,1.2599,1.25981,1,1.12
26.08.2021 01:03:53.906,1.2599200000000002,1.25979,1.5,2.82
26.08.2021 01:03:54.148,1.25991,1.25979,1,2.82
26.08.2021 01:03:54.510,1.2599200000000002,1.25981,1.5,1
26.08.2021 01:03:54.611,1.2599200000000002,1.2598,1.5,2.7
26.08.2021 01:03:54.712,1.25991,1.2598,1,1.87
26.08.2021 01:03:56.647,1.25991,1.25979,2.25,1.5
26.08.2021 01:03:56.698,1.25989,1.25979,1,1
26.08.2021 01:03:58.425,1.25991,1.25979,1,1.87
26.08.2021 01:03:58.476,1.25989,1.25979,1,1.87
26.08.2021 01:03:58.641,1.25991,1.25979,1,2.62
26.08.2021 01:03:58.743,1.25991,1.25979,1.5,2.62
26.08.2021 01:03:58.845,1.25989,1.25979,1,1.87
26.08.2021 01:03:59.048,1.25991,1.2598,2.32,2.62
26.08.2021 01:03:59.149,1.2598799999999999,1.2598,1,1.87
26.08.2021 01:03:59.401,1.25991,1.2598,2.32,2.62
26.08.2021 01:03:59.511,1.25989,1.25979,1,1.87
26.08.2021 01:03:59.769,1.25991,1.2598,2.32,2.62
26.08.2021 01:03:59.870,1.25989,1.25979,1,1.87
26.08.2021 01:04:00.121,1.2599200000000002,1.25979,2.32,2.62
26.08.2021 01:04:00.237,1.25989,1.25979,1,1.87
26.08.2021 01:04:03.054,1.25991,1.25979,1,1.87
26.08.2021 01:04:03.155,1.25991,1.2598,3.82,2.62
26.08.2021 01:04:03.256,1.25991,1.2598,3.75,2.72
26.08.2021 01:04:04.008,1.25989,1.25981,1,1
26.08.2021 01:04:04.110,1.25989,1.25978,1,2.07
26.08.2021 01:04:04.212,1.2598799999999999,1.25979,1,1.57
26.08.2021 01:04:06.623,1.2598799999999999,1.25978,2.32,1
26.08.2021 01:04:08.578,1.25989,1.25978,1.1,1.12
26.08.2021 01:04:08.679,1.25989,1.25981,1,1
26.08.2021 01:04:08.832,1.2599200000000002,1.2598,1.5,1.87
26.08.2021 01:04:08.933,1.25989,1.2598,1,1.87
26.08.2021 01:04:14.109,1.2599200000000002,1.2598,1,2.06
26.08.2021 01:04:17.538,1.2599200000000002,1.2598200000000002,6.01,1
26.08.2021 01:04:17.640,1.25993,1.2598200000000002,4.89,1
26.08.2021 01:04:23.763,1.2599200000000002,1.2598200000000002,1.12,1
26.08.2021 01:04:28.849,1.25993,1.2598500000000001,1.14,1
26.08.2021 01:04:28.900,1.25997,1.2598600000000002,1.2,1.5
26.08.2021 01:04:29.154,1.2599600000000002,1.2598600000000002,1.01,1.5
26.08.2021 01:04:29.413,1.2599600000000002,1.2598500000000001,1.1,1
26.08.2021 01:04:29.514,1.25994,1.2598600000000002,1,1
26.08.2021 01:04:47.602,1.2599600000000002,1.2598500000000001,2.32,1
26.08.2021 01:05:00.809,1.2599200000000002,1.25984,1,1
26.08.2021 01:05:00.910,1.2599200000000002,1.2598200000000002,1,1.5
26.08.2021 01:05:01.012,1.25993,1.25981,1.5,1
26.08.2021 01:05:18.686,1.2599500000000001,1.25984,1.6,1
26.08.2021 01:05:18.788,1.2599500000000001,1.25983,1.6,1
26.08.2021 01:05:18.889,1.25994,1.25984,1.2,1
26.08.2021 01:05:19.091,1.2599500000000001,1.25983,1.22,1
26.08.2021 01:05:19.330,1.2599500000000001,1.25984,1.22,1
26.08.2021 01:05:19.583,1.2599500000000001,1.25984,1.22,1
26.08.2021 01:05:25.126,1.2599500000000001,1.25983,1.57,1
26.08.2021 01:05:25.291,1.2599500000000001,1.2598200000000002,2.32,1.12
26.08.2021 01:05:27.236,1.25994,1.25983,2.35,1.12
26.08.2021 01:05:27.384,1.2599500000000001,1.25984,1.1,1
26.08.2021 01:05:34.534,1.2599600000000002,1.25983,1.97,1
26.08.2021 01:05:34.686,1.2599600000000002,1.25984,1.97,1
26.08.2021 01:06:14.049,1.2599799999999999,1.2598600000000002,1.35,1.5
26.08.2021 01:06:14.150,1.2599799999999999,1.2598500000000001,1.35,1.12
26.08.2021 01:06:14.402,1.2599799999999999,1.2598600000000002,1.1,1
26.08.2021 01:06:14.503,1.2599799999999999,1.2598500000000001,1.1,1.12
26.08.2021 01:06:15.217,1.2599799999999999,1.2598500000000001,1.1,1.87
26.08.2021 01:06:15.866,1.2599600000000002,1.2598500000000001,1,1.87
26.08.2021 01:06:15.972,1.2599600000000002,1.2598600000000002,1.2,1.87
26.08.2021 01:06:16.353,1.2599600000000002,1.2598500000000001,1,1.5
26.08.2021 01:06:16.752,1.2599600000000002,1.2598600000000002,1,1
26.08.2021 01:06:16.853,1.25997,1.2598600000000002,1.57,1
26.08.2021 01:06:19.429,1.2599600000000002,1.2598799999999999,1.1,1
26.08.2021 01:06:20.307,1.25997,1.25989,1.1,1
26.08.2021 01:06:20.358,1.26003,1.2599200000000002,1.79,1
26.08.2021 01:06:20.460,1.26003,1.2599200000000002,1.79,1
26.08.2021 01:06:20.561,1.26003,1.2599200000000002,1.1,1
26.08.2021 01:06:20.830,1.26003,1.25993,1.1,1.5
26.08.2021 01:06:30.985,1.2600200000000001,1.25994,1.57,1.5
26.08.2021 01:06:31.086,1.26007,1.2599799999999999,7.45,1
26.08.2021 01:06:31.188,1.26007,1.2599600000000002,4.6,1.12
26.08.2021 01:06:31.290,1.26003,1.2599500000000001,1.1,2
26.08.2021 01:06:31.340,1.26003,1.2599500000000001,1.1,1.5
26.08.2021 01:06:33.386,1.26004,1.2599500000000001,1.5,1.5
26.08.2021 01:06:33.437,1.2600500000000001,1.2599600000000002,1.6,1
26.08.2021 01:06:33.591,1.2600500000000001,1.25994,1.57,1.5
26.08.2021 01:06:39.093,1.26007,1.2599500000000001,3.1,1
26.08.2021 01:06:44.058,1.26007,1.2599600000000002,3.1,1
26.08.2021 01:06:49.079,1.2600500000000001,1.25997,1.2,1
26.08.2021 01:06:50.937,1.2600600000000002,1.2599799999999999,1.5,1
26.08.2021 01:06:51.140,1.26007,1.2599799999999999,1.5,1
26.08.2021 01:06:51.291,1.2600500000000001,1.25999,1,1
26.08.2021 01:06:51.392,1.2600500000000001,1.2599799999999999,1,1
26.08.2021 01:06:57.885,1.2600600000000002,1.2599600000000002,1.2,1
26.08.2021 01:06:58.529,1.2600500000000001,1.25994,1,1.5
26.08.2021 01:07:00.744,1.26004,1.25994,1.01,1.87
26.08.2021 01:07:00.845,1.2600500000000001,1.2599500000000001,1.1,1
26.08.2021 01:07:32.771,1.26008,1.25997,6.97,1
26.08.2021 01:07:32.872,1.26008,1.2599600000000002,6.97,2.25
26.08.2021 01:07:32.973,1.2600600000000002,1.25997,1,1.87
26.08.2021 01:07:33.074,1.26007,1.25997,1,1
26.08.2021 01:07:33.226,1.26008,1.2599799999999999,6.9,1
26.08.2021 01:07:33.327,1.26007,1.2599799999999999,1.5,1
26.08.2021 01:07:33.479,1.26007,1.25997,1.5,1
26.08.2021 01:07:34.775,1.2600600000000002,1.2599600000000002,1.12,2.25
26.08.2021 01:07:34.826,1.2600500000000001,1.2599799999999999,1,1
26.08.2021 01:07:34.877,1.26004,1.25997,1,1
26.08.2021 01:07:35.528,1.2600500000000001,1.25997,1.2,1
26.08.2021 01:07:35.730,1.2600600000000002,1.2599500000000001,1.57,1.5
26.08.2021 01:07:41.412,1.2600600000000002,1.2599500000000001,1.6,1
26.08.2021 01:07:42.196,1.2600500000000001,1.2599600000000002,1,1
26.08.2021 01:07:42.247,1.2600600000000002,1.25997,1,1
26.08.2021 01:07:43.030,1.26007,1.25997,1.5,1
26.08.2021 01:07:43.131,1.2600500000000001,1.2599799999999999,1,1
26.08.2021 01:07:43.232,1.2600600000000002,1.2599600000000002,1,1.5
26.08.2021 01:07:43.435,1.2600600000000002,1.25997,1,1
26.08.2021 01:07:43.692,1.26007,1.25997,1.5,1
26.08.2021 01:07:43.793,1.2600600000000002,1.25997,1,1
26.08.2021 01:07:52.168,1.2600500000000001,1.2599500000000001,1,1
26.08.2021 01:07:54.888,1.2600600000000002,1.25997,1,1
26.08.2021 01:07:55.040,1.26007,1.25997,1.5,1
26.08.2021 01:07:55.141,1.2600600000000002,1.2599799999999999,1,1
26.08.2021 01:07:56.046,1.2600600000000002,1.25997,1,1
26.08.2021 01:07:56.167,1.2600500000000001,1.25997,1,1.5
26.08.2021 01:08:00.926,1.26004,1.2599600000000002,1,1
26.08.2021 01:08:01.078,1.2600500000000001,1.25994,1.1,1.5
26.08.2021 01:08:01.725,1.2600600000000002,1.2599600000000002,1,1.5
26.08.2021 01:08:01.984,1.2600600000000002,1.25997,1,1
26.08.2021 01:08:04.828,1.2600500000000001,1.2599600000000002,1,1.5
26.08.2021 01:08:05.030,1.2600600000000002,1.2599600000000002,1.5,1.5
26.08.2021 01:08:05.232,1.26007,1.25997,2.07,1
26.08.2021 01:08:05.401,1.26007,1.2599600000000002,2.07,1.5
26.08.2021 01:08:05.828,1.26007,1.2599600000000002,2.32,1.5
26.08.2021 01:08:05.929,1.2600600000000002,1.25997,1,1.5
26.08.2021 01:08:06.030,1.26007,1.2599799999999999,1.5,1
26.08.2021 01:08:06.131,1.2600600000000002,1.25997,1,1.5
26.08.2021 01:08:07.730,1.26007,1.25997,1.5,1.5
26.08.2021 01:08:07.831,1.2600500000000001,1.2599799999999999,1,1.5
26.08.2021 01:08:08.766,1.2600600000000002,1.2599799999999999,1.5,1.5
26.08.2021 01:08:08.918,1.2600600000000002,1.25997,1,1.5
26.08.2021 01:08:09.857,1.2600600000000002,1.2599600000000002,1,1
26.08.2021 01:08:11.181,1.2600600000000002,1.25997,1.57,1.5
26.08.2021 01:08:11.283,1.2600600000000002,1.2599600000000002,1,1.5
26.08.2021 01:08:11.384,1.2600600000000002,1.25997,1,1
26.08.2021 01:08:17.589,1.2600500000000001,1.25997,1,1.5
26.08.2021 01:08:21.746,1.26007,1.2599600000000002,1.57,1.5
26.08.2021 01:08:21.859,1.2600500000000001,1.25997,1,1.5
26.08.2021 01:08:21.961,1.2600600000000002,1.25997,1,1
26.08.2021 01:08:30.945,1.2600600000000002,1.2599600000000002,1,1
26.08.2021 01:08:31.047,1.2600500000000001,1.2599600000000002,1,1.87
26.08.2021 01:08:51.811,1.26007,1.2599500000000001,3.07,2.25
26.08.2021 01:08:51.912,1.26007,1.2599799999999999,3,1
26.08.2021 01:08:52.377,1.2600600000000002,1.25997,1,1
26.08.2021 01:08:52.478,1.2600600000000002,1.2599799999999999,3.07,1
26.08.2021 01:08:53.415,1.2600600000000002,1.25997,3.07,1
26.08.2021 01:08:53.516,1.2600600000000002,1.2599600000000002,1,1
26.08.2021 01:08:55.529,1.2600500000000001,1.2599600000000002,1.69,1
26.08.2021 01:08:55.631,1.2600500000000001,1.2599500000000001,1.57,1
26.08.2021 01:09:00.778,1.2600600000000002,1.2599600000000002,1,1
26.08.2021 01:09:00.880,1.26007,1.25997,3,1
26.08.2021 01:09:01.031,1.26007,1.2599799999999999,1,1
26.08.2021 01:09:03.004,1.26007,1.25997,1.57,1.5
26.08.2021 01:09:03.106,1.2600600000000002,1.2599600000000002,1.57,1
26.08.2021 01:09:04.569,1.2600600000000002,1.2599799999999999,1,1
26.08.2021 01:09:04.833,1.26007,1.2599799999999999,1,1
26.08.2021 01:09:05.156,1.26007,1.2599600000000002,1,1.5
26.08.2021 01:09:05.415,1.2601,1.25997,2.82,2.14
26.08.2021 01:09:05.466,1.2601,1.26001,1.5,1
26.08.2021 01:09:05.517,1.26014,1.2600500000000001,1,1
26.08.2021 01:09:05.568,1.26013,1.26008,1,1
26.08.2021 01:09:05.770,1.2602,1.26008,2.72,1
26.08.2021 01:09:05.921,1.2602,1.26008,2.25,1
26.08.2021 01:09:06.124,1.2601700000000002,1.26009,1.75,1
26.08.2021 01:09:06.226,1.26018,1.26007,3.1,1
26.08.2021 01:09:09.796,1.26018,1.26008,1,1
26.08.2021 01:09:12.593,1.2602,1.26009,2.62,1
26.08.2021 01:09:12.644,1.2601700000000002,1.2601,1,1
26.08.2021 01:09:12.746,1.26018,1.26011,1,1
26.08.2021 01:09:12.847,1.26018,1.26009,1,1.5
26.08.2021 01:09:17.990,1.26018,1.2601,1.5,1
26.08.2021 01:09:18.141,1.26018,1.26009,1,1
26.08.2021 01:09:18.868,1.2601700000000002,1.26009,1,1.5
26.08.2021 01:09:23.583,1.2601700000000002,1.26007,1,1.87
26.08.2021 01:09:23.684,1.26018,1.26007,1.1,1.87
26.08.2021 01:09:34.860,1.26018,1.26009,1,1
26.08.2021 01:09:57.956,1.2602200000000001,1.26011,1.5,1.25
26.08.2021 01:09:58.057,1.2602,1.26011,1.5,1.5
26.08.2021 01:09:58.159,1.26019,1.2601,1,1
26.08.2021 01:10:02.078,1.26018,1.26008,1,1.12
26.08.2021 01:10:04.894,1.26019,1.26008,1.5,1.12
26.08.2021 01:10:11.960,1.26018,1.26009,1,1.51
26.08.2021 01:10:12.062,1.2602,1.26009,1,1.12
26.08.2021 01:10:15.906,1.2602200000000001,1.2601,1.1,1
26.08.2021 01:10:17.839,1.26021,1.2601,1,1
26.08.2021 01:10:18.062,1.2602200000000001,1.2601,1.31,1
26.08.2021 01:10:18.833,1.26021,1.2601,1,1
26.08.2021 01:10:19.011,1.2602200000000001,1.2601,1.31,1
26.08.2021 01:10:19.764,1.26021,1.2601,1,1
26.08.2021 01:10:20.300,1.26021,1.26011,1.31,1
26.08.2021 01:10:21.345,1.26021,1.2601,1,1
26.08.2021 01:10:22.001,1.26021,1.26009,1,1.2
26.08.2021 01:10:22.261,1.26021,1.26009,1,1.6
26.08.2021 01:10:24.165,1.2602200000000001,1.2601,1.5,1.12
26.08.2021 01:10:24.373,1.2602,1.2601,1,1.6
26.08.2021 01:10:26.227,1.2602,1.2601,1.1,1.12
26.08.2021 01:10:38.295,1.2602,1.26009,1,1.12
26.08.2021 01:10:43.579,1.2602,1.26008,1.31,1.12
26.08.2021 01:10:45.734,1.26015,1.2600500000000001,1,1.5
26.08.2021 01:10:45.784,1.2601700000000002,1.26004,3,2.45
26.08.2021 01:10:45.936,1.2601700000000002,1.26004,2.62,1
26.08.2021 01:10:48.825,1.2601700000000002,1.2600500000000001,1.5,1
26.08.2021 01:10:54.469,1.26019,1.2600600000000002,3.94,1
26.08.2021 01:11:19.134,1.2601600000000002,1.2600600000000002,1,1.5
26.08.2021 01:11:24.372,1.26019,1.26007,2.32,1
26.08.2021 01:11:29.237,1.26018,1.26009,1,1
26.08.2021 01:11:32.514,1.26019,1.26007,1,1.57
26.08.2021 01:11:36.636,1.2601700000000002,1.26007,2.32,1.5
26.08.2021 01:11:36.738,1.2601600000000002,1.26007,1,1
26.08.2021 01:11:41.741,1.26019,1.2600600000000002,1.6,1
26.08.2021 01:11:41.845,1.26019,1.2600600000000002,1,1.6
26.08.2021 01:11:42.047,1.26019,1.2600600000000002,1,1.5
26.08.2021 01:11:42.221,1.26019,1.2600600000000002,1,1.6
26.08.2021 01:11:42.852,1.26019,1.2600600000000002,1.5,1.5
26.08.2021 01:11:44.806,1.26019,1.2600600000000002,1.5,1.6
26.08.2021 01:11:46.876,1.26019,1.2600600000000002,1,1.5
26.08.2021 01:11:50.356,1.26019,1.2600600000000002,1.5,1.97
26.08.2021 01:11:53.693,1.26018,1.26007,1,1.87
26.08.2021 01:11:57.575,1.26019,1.26007,2.81,1.87
26.08.2021 01:12:00.832,1.26019,1.2600600000000002,1,1.87
26.08.2021 01:12:01.499,1.26019,1.2600600000000002,1,1.97
26.08.2021 01:12:01.653,1.2602,1.2600600000000002,1.5,1.97
26.08.2021 01:12:02.309,1.2602,1.2600600000000002,1.5,1.87
26.08.2021 01:12:02.633,1.26018,1.2600500000000001,1.57,1.57
26.08.2021 01:12:02.734,1.2601600000000002,1.2600600000000002,1,1.57
26.08.2021 01:12:14.580,1.26013,1.2600200000000001,1,1.57
26.08.2021 01:12:14.681,1.26015,1.26001,1.5,3.36
26.08.2021 01:12:14.732,1.2601700000000002,1.2600500000000001,4.87,1.57
26.08.2021 01:12:14.856,1.2601700000000002,1.26004,1,1.95
26.08.2021 01:12:16.590,1.2601700000000002,1.26004,1,1.97
26.08.2021 01:12:16.691,1.2601700000000002,1.2600600000000002,1,1
26.08.2021 01:12:20.007,1.26019,1.26007,3,1
26.08.2021 01:12:24.720,1.2602,1.26007,2.51,1.2
26.08.2021 01:12:24.821,1.26018,1.26008,1,1.12
26.08.2021 01:12:49.312,1.26018,1.26007,1.5,1
26.08.2021 01:12:49.490,1.26019,1.26007,2.25,1
26.08.2021 01:12:50.745,1.26018,1.26007,1.5,1
26.08.2021 01:12:50.846,1.26019,1.26007,2.25,1
26.08.2021 01:12:59.930,1.26019,1.2600600000000002,1.1,1.1
26.08.2021 01:13:00.082,1.2601600000000002,1.2600600000000002,1,1
26.08.2021 01:13:00.183,1.26018,1.2600500000000001,2.25,1
26.08.2021 01:13:08.785,1.26019,1.2600500000000001,1,1.87
26.08.2021 01:13:11.369,1.26019,1.2600600000000002,1,1
26.08.2021 01:13:11.419,1.26021,1.26007,2.25,1.57
26.08.2021 01:13:11.571,1.2602,1.26008,1.57,1.6
26.08.2021 01:13:11.672,1.26021,1.26007,1.6,1.57
26.08.2021 01:13:32.599,1.26021,1.26007,2.32,1.87
26.08.2021 01:13:36.695,1.26019,1.26008,1,1
26.08.2021 01:13:47.180,1.26018,1.26007,1,1
26.08.2021 01:13:47.475,1.26019,1.2600600000000002,1.57,1.57
26.08.2021 01:13:53.869,1.26018,1.2600500000000001,3,1.12
26.08.2021 01:13:53.970,1.2601700000000002,1.26004,1,2
26.08.2021 01:13:54.072,1.26018,1.2600600000000002,1.1,1.5
26.08.2021 01:13:55.487,1.26019,1.2600600000000002,1.1,1.76
26.08.2021 01:13:55.588,1.2602,1.26007,1.5,1
26.08.2021 01:14:01.357,1.2602,1.2600600000000002,1.5,1.5
26.08.2021 01:14:03.474,1.26019,1.2600600000000002,1,1.87
26.08.2021 01:14:28.490,1.2602,1.26007,1.5,1
26.08.2021 01:14:38.347,1.26014,1.26008,1.25,1
26.08.2021 01:14:38.448,1.2601600000000002,1.26003,2.69,1.7
26.08.2021 01:14:38.499,1.26015,1.26004,3.25,1.2
26.08.2021 01:14:38.549,1.2601200000000001,1.2600200000000001,1,1.5
26.08.2021 01:14:38.701,1.26015,1.2600200000000001,1.5,1
26.08.2021 01:14:38.962,1.2601700000000002,1.26003,2.25,1.5
26.08.2021 01:14:39.064,1.2601700000000002,1.26004,1.5,1
26.08.2021 01:14:39.444,1.2601700000000002,1.2600600000000002,1.1,1.5
26.08.2021 01:14:39.546,1.26019,1.2600500000000001,3.75,1.5
26.08.2021 01:14:41.187,1.26019,1.2600600000000002,3,1
26.08.2021 01:14:43.606,1.26019,1.26007,2.25,1
26.08.2021 01:14:50.304,1.26019,1.2600600000000002,1,1.87
26.08.2021 01:14:50.406,1.26019,1.26007,1,1
26.08.2021 01:14:50.508,1.26019,1.2600600000000002,1,1.87
26.08.2021 01:14:51.415,1.26018,1.26008,1,1
26.08.2021 01:14:52.861,1.26018,1.26007,1,1.5
26.08.2021 01:14:53.910,1.26019,1.26007,1,1
26.08.2021 01:14:54.062,1.26019,1.2600600000000002,1,1.5
26.08.2021 01:15:00.839,1.26018,1.26009,1,1
26.08.2021 01:15:01.726,1.2602,1.26008,1,1
26.08.2021 01:15:01.827,1.2602,1.2600600000000002,2.25,2
26.08.2021 01:15:03.308,1.26019,1.26007,1,1.87
26.08.2021 01:15:05.235,1.26019,1.2600600000000002,1,1.12
26.08.2021 01:15:07.596,1.26019,1.26009,1,1
26.08.2021 01:15:10.146,1.26021,1.26008,1,1
26.08.2021 01:15:14.127,1.26019,1.26009,1,1
26.08.2021 01:15:15.182,1.2602,1.26009,1,1.01
26.08.2021 01:15:15.435,1.2602200000000001,1.26008,1.57,1.76
26.08.2021 01:15:15.647,1.2602,1.26009,1,1.01
26.08.2021 01:15:16.949,1.2602,1.26008,1,1
26.08.2021 01:15:22.591,1.2602,1.26007,1.31,1
26.08.2021 01:15:24.138,1.2602,1.26008,1.31,1
26.08.2021 01:15:28.825,1.26023,1.2601200000000001,7.32,1
26.08.2021 01:15:28.926,1.2602200000000001,1.2601200000000001,8.07,1.87
26.08.2021 01:15:29.179,1.26023,1.2601,2,1.87
26.08.2021 01:15:29.331,1.26021,1.2601,1,1.12
26.08.2021 01:15:29.432,1.2602200000000001,1.26009,1.69,1.1
26.08.2021 01:15:31.248,1.26021,1.26008,1,2.89
26.08.2021 01:15:31.354,1.26021,1.26009,1,1
26.08.2021 01:15:31.455,1.2602200000000001,1.26009,2.14,1
26.08.2021 01:15:32.938,1.26021,1.26008,1.5,3.01
26.08.2021 01:15:33.039,1.2602,1.26009,1.5,2.89
26.08.2021 01:15:35.496,1.2602,1.26008,1.31,1.12
26.08.2021 01:15:41.907,1.2602,1.26007,1.31,1.1
26.08.2021 01:15:49.826,1.26019,1.26007,1,1
26.08.2021 01:15:50.555,1.2602,1.26007,1.12,1
26.08.2021 01:15:51.607,1.26019,1.26007,2.06,1.87
26.08.2021 01:15:53.970,1.26019,1.2600600000000002,1,1.12
26.08.2021 01:15:58.086,1.2601700000000002,1.2600500000000001,4.2,1.57
26.08.2021 01:15:58.188,1.26018,1.2600500000000001,1.95,1.5
26.08.2021 01:15:58.937,1.26018,1.2600600000000002,1.1,1
26.08.2021 01:15:59.038,1.26019,1.2600600000000002,2.32,1.5
26.08.2021 01:16:00.147,1.2602,1.26008,1.31,1
26.08.2021 01:16:00.502,1.2602,1.2600600000000002,2.06,2.19
26.08.2021 01:16:03.044,1.2602,1.2600600000000002,2.81,2.25
26.08.2021 01:16:15.165,1.26018,1.26007,1,1.12
26.08.2021 01:16:15.516,1.2601700000000002,1.2600600000000002,2.25,1.95
26.08.2021 01:16:16.623,1.26019,1.2600600000000002,1.57,1
26.08.2021 01:16:16.784,1.26018,1.2600600000000002,1.5,1.1
26.08.2021 01:16:16.986,1.26018,1.26007,1.5,1.57
26.08.2021 01:16:21.833,1.26013,1.2600200000000001,1,2.82
26.08.2021 01:16:21.884,1.26015,1.26004,1.1,1.5
26.08.2021 01:16:22.036,1.26015,1.26004,1.1,1
26.08.2021 01:16:22.137,1.2601600000000002,1.26003,1,1
26.08.2021 01:16:22.289,1.2601600000000002,1.26004,1,1
26.08.2021 01:16:22.884,1.2601600000000002,1.2600600000000002,1.57,1
26.08.2021 01:16:28.388,1.26018,1.2600500000000001,1.1,1
26.08.2021 01:16:28.496,1.2601700000000002,1.26007,1.1,1
26.08.2021 01:16:30.485,1.26018,1.2600500000000001,1.1,1
26.08.2021 01:16:43.882,1.2601600000000002,1.2600600000000002,1,1
26.08.2021 01:16:44.187,1.26013,1.26001,1,2.25
26.08.2021 01:16:45.634,1.2601200000000001,1.26001,1,1
26.08.2021 01:16:45.735,1.2601200000000001,1.26,1.12,1
26.08.2021 01:16:49.994,1.26011,1.26,1.12,1
26.08.2021 01:16:51.951,1.26011,1.26001,1.12,1
26.08.2021 01:16:58.090,1.2601200000000001,1.25999,1,1.12
26.08.2021 01:17:00.632,1.2601200000000001,1.26,1,1
26.08.2021 01:17:01.088,1.2601200000000001,1.26001,1,1
26.08.2021 01:17:01.464,1.26014,1.2600200000000001,1.12,1
26.08.2021 01:17:04.043,1.26013,1.26001,1.5,1
26.08.2021 01:17:09.205,1.2601200000000001,1.26001,1.12,1
26.08.2021 01:17:09.665,1.26013,1.25999,2.75,1.57
26.08.2021 01:17:11.697,1.2602,1.26007,1.5,1.5
26.08.2021 01:17:11.799,1.26019,1.2600600000000002,2.25,1.95
26.08.2021 01:17:11.900,1.26019,1.2600500000000001,3,2.1
26.08.2021 01:17:12.103,1.26018,1.2600600000000002,2.62,1.97
26.08.2021 01:17:12.205,1.26019,1.2600500000000001,2.62,1.87
26.08.2021 01:17:12.997,1.2601700000000002,1.26007,1,1.1
26.08.2021 01:17:13.438,1.26018,1.2600500000000001,1,1.12
26.08.2021 01:17:14.370,1.26018,1.2600500000000001,1,1.22
26.08.2021 01:17:14.965,1.26018,1.2600500000000001,1,1.12
26.08.2021 01:17:17.100,1.26019,1.2600600000000002,1.87,1.1
26.08.2021 01:17:17.308,1.26018,1.2600600000000002,2.62,1.12
26.08.2021 01:17:17.587,1.26019,1.2600500000000001,2.62,1.22
26.08.2021 01:17:18.082,1.26019,1.2600500000000001,2.62,1.87
26.08.2021 01:17:18.388,1.26019,1.2600500000000001,2.62,1.97
26.08.2021 01:17:18.730,1.26018,1.2600500000000001,1.12,1.5
26.08.2021 01:17:28.385,1.2601600000000002,1.26003,1,1.2
26.08.2021 01:17:28.486,1.2601700000000002,1.26003,1.12,1.95
26.08.2021 01:17:28.587,1.26018,1.26003,2,1.97
26.08.2021 01:17:32.103,1.26019,1.2600500000000001,2.75,1.1
26.08.2021 01:17:32.205,1.26019,1.2600500000000001,2.75,1.1
26.08.2021 01:17:32.558,1.26018,1.2600600000000002,1.5,2.45
26.08.2021 01:17:34.679,1.26019,1.2600500000000001,2.25,2.32
26.08.2021 01:17:34.780,1.2601700000000002,1.2600600000000002,1,1.87
26.08.2021 01:17:39.137,1.2601700000000002,1.26004,2,1
26.08.2021 01:17:41.368,1.26018,1.26004,1.87,1.87
26.08.2021 01:17:49.560,1.26018,1.2600500000000001,1,1.95
26.08.2021 01:17:56.520,1.26018,1.26007,1.87,1
26.08.2021 01:18:03.961,1.2602,1.2600600000000002,2.62,1.87
26.08.2021 01:18:12.881,1.2601600000000002,1.2600600000000002,1,1
26.08.2021 01:18:12.982,1.2601600000000002,1.2600500000000001,2.25,1.2
26.08.2021 01:18:13.083,1.2601700000000002,1.26004,2.75,1.1
26.08.2021 01:18:19.705,1.2601600000000002,1.26003,1.12,1.5
26.08.2021 01:18:20.158,1.26015,1.2600500000000001,1.12,1
26.08.2021 01:18:29.070,1.2601200000000001,1.26003,1,1.5
26.08.2021 01:18:29.273,1.26015,1.2600200000000001,1.2,1
26.08.2021 01:18:29.481,1.2601600000000002,1.26003,1.5,1
26.08.2021 01:18:29.583,1.2601600000000002,1.26003,1.12,1
26.08.2021 01:18:31.152,1.26018,1.26004,3.57,1.57
26.08.2021 01:18:32.212,1.26018,1.26004,3.57,1.57
26.08.2021 01:18:36.696,1.26018,1.2600500000000001,2.82,1
26.08.2021 01:18:48.854,1.26018,1.2600600000000002,3.57,1.57
26.08.2021 01:18:48.955,1.26018,1.26007,2.07,1
26.08.2021 01:18:49.056,1.26019,1.2600600000000002,1.5,1.2
26.08.2021 01:18:53.087,1.26019,1.26007,1,1
26.08.2021 01:18:54.298,1.2602,1.26008,2.81,1.1
26.08.2021 01:19:01.165,1.26018,1.26009,1.25,1
26.08.2021 01:19:01.266,1.26019,1.26007,1,1.12
26.08.2021 01:19:03.795,1.2601700000000002,1.2600600000000002,1,2.07
26.08.2021 01:19:03.896,1.2601700000000002,1.2600500000000001,3.07,2.07
26.08.2021 01:19:03.947,1.26018,1.26004,3.57,1.57
26.08.2021 01:19:06.005,1.26018,1.26004,2,1.6
26.08.2021 01:19:06.107,1.26018,1.2600600000000002,2.75,1.6
26.08.2021 01:19:06.208,1.26019,1.2600500000000001,2.62,1.97
26.08.2021 01:19:15.887,1.26018,1.2600500000000001,1.5,1.87
26.08.2021 01:19:17.544,1.26018,1.26007,2.62,1
26.08.2021 01:19:17.696,1.26018,1.2600600000000002,1,1
26.08.2021 01:19:18.927,1.26019,1.2600600000000002,2.62,1.1
26.08.2021 01:19:20.930,1.2601700000000002,1.26007,1,1
26.08.2021 01:19:22.891,1.2601600000000002,1.2600600000000002,2.75,1
26.08.2021 01:19:22.941,1.2601700000000002,1.26003,2.75,1.5
26.08.2021 01:19:23.143,1.26015,1.2600500000000001,1.12,1
26.08.2021 01:19:23.295,1.26013,1.26001,1,2.45
26.08.2021 01:19:23.346,1.26015,1.26001,1.5,4.02
26.08.2021 01:19:23.397,1.2601200000000001,1.2600200000000001,1.5,2.45
26.08.2021 01:19:23.498,1.26013,1.26,1.5,1.87
26.08.2021 01:19:25.006,1.26015,1.2600200000000001,1.5,1.1
26.08.2021 01:19:25.429,1.2601600000000002,1.26003,1.5,1
26.08.2021 01:19:37.201,1.26015,1.26001,1.5,2.07
26.08.2021 01:19:37.302,1.26015,1.26004,1.12,1.1
26.08.2021 01:19:40.184,1.2601700000000002,1.26004,1.5,1
26.08.2021 01:19:43.041,1.2601600000000002,1.2600500000000001,1.12,1
26.08.2021 01:19:44.350,1.26018,1.26004,1.1,1.95
26.08.2021 01:19:44.451,1.2601700000000002,1.2600600000000002,1,1
26.08.2021 01:19:44.677,1.26019,1.2600500000000001,3.37,1.5
26.08.2021 01:19:52.928,1.2601200000000001,1.26003,1,2
26.08.2021 01:19:53.030,1.26015,1.26001,1.69,2
26.08.2021 01:19:53.080,1.26013,1.26001,1,1.5
26.08.2021 01:19:53.131,1.2601200000000001,1.2600200000000001,1,1
26.08.2021 01:19:53.232,1.2601200000000001,1.25999,1.5,1.5
26.08.2021 01:19:53.334,1.26011,1.2599799999999999,1,1.12
26.08.2021 01:19:53.536,1.26009,1.2599600000000002,1.87,1.57
26.08.2021 01:19:53.738,1.26009,1.2599600000000002,2.75,1
26.08.2021 01:19:53.941,1.2601,1.2599600000000002,1.87,1.5
26.08.2021 01:19:54.042,1.2601,1.2599600000000002,1.87,1.6
26.08.2021 01:19:54.369,1.26009,1.2599600000000002,2,1.57
26.08.2021 01:19:54.572,1.26009,1.2599600000000002,1.87,1
26.08.2021 01:19:54.774,1.2601,1.2599600000000002,1.87,1.87
26.08.2021 01:19:54.935,1.26009,1.2599799999999999,1.12,1
26.08.2021 01:19:57.379,1.26009,1.2599600000000002,1.69,1.12
26.08.2021 01:19:57.480,1.26008,1.25997,1.5,1
26.08.2021 01:19:57.909,1.26011,1.25997,2,1.57
26.08.2021 01:19:58.265,1.2601200000000001,1.2599799999999999,4.77,1
26.08.2021 01:19:58.731,1.26011,1.26,1.12,1
26.08.2021 01:20:02.977,1.2601200000000001,1.26,1,1
26.08.2021 01:20:03.655,1.26011,1.26,1,1.87
26.08.2021 01:20:07.398,1.26011,1.25999,1,1
26.08.2021 01:20:12.870,1.2601200000000001,1.25999,1.1,1.12
26.08.2021 01:20:18.775,1.26013,1.25999,1.95,1.87
26.08.2021 01:20:18.826,1.26014,1.26001,1.5,1
26.08.2021 01:20:18.978,1.26014,1.2600200000000001,1.87,1.95
26.08.2021 01:20:23.799,1.2601600000000002,1.26003,1.6,1.5
26.08.2021 01:20:24.059,1.2601700000000002,1.26004,1.95,1
26.08.2021 01:20:24.160,1.2601700000000002,1.26004,1.97,1
26.08.2021 01:20:24.672,1.26018,1.2600600000000002,1.1,1
26.08.2021 01:20:26.693,1.2601700000000002,1.26003,3.47,1.87
26.08.2021 01:20:26.795,1.2601200000000001,1.2600200000000001,1,1.5
26.08.2021 01:20:26.897,1.26014,1.26001,1.6,1
26.08.2021 01:20:29.891,1.26014,1.26003,1.6,1
26.08.2021 01:20:30.466,1.26015,1.2600200000000001,1.22,1
26.08.2021 01:20:32.067,1.2601200000000001,1.26001,1.57,1.5
26.08.2021 01:20:32.168,1.26013,1.26,1.6,1.5
26.08.2021 01:20:32.269,1.2601200000000001,1.26001,1.97,1
26.08.2021 01:20:32.924,1.26014,1.26001,1.6,1
26.08.2021 01:20:33.126,1.26013,1.26,1.95,1
26.08.2021 01:20:33.278,1.2601200000000001,1.2600200000000001,1.2,1
26.08.2021 01:20:33.379,1.26014,1.26001,1.1,1.12
26.08.2021 01:20:33.480,1.26014,1.2600200000000001,1.1,1
26.08.2021 01:20:33.818,1.26013,1.26,1.57,2.75
26.08.2021 01:20:34.021,1.26013,1.2600200000000001,1.1,1.12
26.08.2021 01:20:34.223,1.26015,1.26003,2.55,1.5
26.08.2021 01:20:34.374,1.2601600000000002,1.26003,1.6,1
26.08.2021 01:20:35.158,1.2601600000000002,1.26004,1.97,1
26.08.2021 01:20:39.927,1.2601700000000002,1.26004,1.22,1
26.08.2021 01:20:40.128,1.2601200000000001,1.2600200000000001,1.57,1.5
26.08.2021 01:20:40.230,1.26013,1.2600200000000001,1.1,1.5
26.08.2021 01:20:40.280,1.26015,1.26001,1.22,1.12
26.08.2021 01:20:40.432,1.2601600000000002,1.2600200000000001,2.1,1
26.08.2021 01:20:42.819,1.2601200000000001,1.26001,1.1,2.19
26.08.2021 01:20:43.021,1.26015,1.2600200000000001,1.2,1
26.08.2021 01:20:43.820,1.26013,1.26,1.57,1.75
26.08.2021 01:20:43.980,1.26013,1.2600200000000001,1.1,1.12
26.08.2021 01:20:47.998,1.26013,1.26003,1.1,1
26.08.2021 01:20:51.500,1.2601600000000002,1.2600200000000001,2.85,1
26.08.2021 01:21:00.610,1.2601200000000001,1.2600200000000001,1.1,1
26.08.2021 01:21:00.712,1.26013,1.26,1.6,1.87
26.08.2021 01:21:01.860,1.2601200000000001,1.26001,1.57,1.87
26.08.2021 01:21:02.063,1.26014,1.26001,1.1,1
26.08.2021 01:21:02.439,1.2601600000000002,1.2600200000000001,2.85,1
26.08.2021 01:21:02.540,1.26015,1.26003,2.7,1.95
26.08.2021 01:21:02.817,1.2601600000000002,1.26003,1.95,1
26.08.2021 01:21:03.153,1.2601600000000002,1.2600200000000001,1.95,1.95
26.08.2021 01:21:03.355,1.2601600000000002,1.26003,1.2,1
26.08.2021 01:21:05.384,1.26015,1.26003,1.6,1.57
26.08.2021 01:21:06.122,1.2601200000000001,1.26001,1.57,2.19
26.08.2021 01:21:06.274,1.26015,1.2600200000000001,1.22,1
26.08.2021 01:21:06.376,1.2601600000000002,1.26003,1.6,1
26.08.2021 01:21:10.465,1.26013,1.26,1.1,2.06
26.08.2021 01:21:10.567,1.26013,1.2600200000000001,1.97,1
26.08.2021 01:21:10.675,1.26014,1.26003,1.22,1
26.08.2021 01:21:10.981,1.26015,1.26003,1.2,1
26.08.2021 01:21:13.257,1.2601600000000002,1.2600600000000002,1,1.5
26.08.2021 01:21:13.358,1.26018,1.2600600000000002,1.1,1
26.08.2021 01:21:13.460,1.26019,1.2600600000000002,1.1,1.5
26.08.2021 01:21:15.139,1.26019,1.26008,1.1,1
26.08.2021 01:21:31.497,1.26018,1.26007,1.57,1.5
26.08.2021 01:21:35.761,1.26019,1.2600600000000002,1.6,1
26.08.2021 01:21:35.970,1.26018,1.26007,1.57,1
26.08.2021 01:21:37.693,1.26019,1.2600600000000002,1.1,1
26.08.2021 01:21:41.002,1.26013,1.26003,1,1.12
26.08.2021 01:21:41.103,1.26014,1.26003,1.1,1.5
26.08.2021 01:21:41.205,1.26014,1.26003,1.22,1
26.08.2021 01:21:41.356,1.26015,1.2600200000000001,1.2,1
26.08.2021 01:21:41.608,1.26015,1.26003,1.2,1
26.08.2021 01:21:42.352,1.2601600000000002,1.2600500000000001,1.22,1
26.08.2021 01:21:42.971,1.2601600000000002,1.2600600000000002,1.1,1
26.08.2021 01:21:48.476,1.26018,1.2600500000000001,1.57,1
26.08.2021 01:21:49.656,1.26018,1.2600500000000001,1.6,1
26.08.2021 01:21:55.711,1.26013,1.26001,1.57,1
26.08.2021 01:21:55.813,1.26013,1.26003,1.1,1
26.08.2021 01:21:55.965,1.26014,1.26004,1.22,1
26.08.2021 01:21:56.283,1.26014,1.26004,1.2,1
26.08.2021 01:21:58.223,1.2601700000000002,1.26004,1.6,1
26.08.2021 01:22:01.000,1.26015,1.26004,1,1
26.08.2021 01:22:01.051,1.26013,1.26001,1.1,1
26.08.2021 01:22:01.152,1.26013,1.26003,1.2,1
26.08.2021 01:22:03.266,1.26013,1.26001,1.1,1
26.08.2021 01:22:03.418,1.26014,1.26001,1.2,1
26.08.2021 01:22:03.519,1.26014,1.2600200000000001,1.2,1
26.08.2021 01:22:09.638,1.2601200000000001,1.26,1,1
26.08.2021 01:22:18.441,1.2601,1.25997,1.57,1
26.08.2021 01:22:18.716,1.2601,1.25999,1.2,1
26.08.2021 01:22:18.817,1.26011,1.25999,1.1,1
26.08.2021 01:22:26.607,1.2601,1.25999,1.1,1
26.08.2021 01:22:30.696,1.26011,1.25999,1.1,1
26.08.2021 01:22:35.760,1.26013,1.26,1,1.1
26.08.2021 01:22:36.012,1.26014,1.2600200000000001,1,1
26.08.2021 01:22:36.628,1.2601200000000001,1.26,1,1.1
26.08.2021 01:22:36.830,1.26011,1.26,1.1,1.5
26.08.2021 01:22:37.082,1.2601200000000001,1.26,1.1,1
26.08.2021 01:22:37.335,1.2601200000000001,1.26001,1.1,1
26.08.2021 01:22:38.685,1.26011,1.26,1.1,1.5
26.08.2021 01:22:43.705,1.26013,1.25999,1.95,1.76
26.08.2021 01:22:43.807,1.26013,1.26001,1,1.1
26.08.2021 01:22:43.908,1.26014,1.26001,1,1.57
26.08.2021 01:22:44.009,1.26013,1.26003,1,1
26.08.2021 01:22:55.917,1.2601200000000001,1.25999,1.1,1.5
26.08.2021 01:22:57.619,1.26013,1.2600200000000001,1.12,1.57
26.08.2021 01:23:00.569,1.2601700000000002,1.26004,1.57,1
26.08.2021 01:23:06.170,1.26018,1.26004,1.2,1.76
26.08.2021 01:23:06.271,1.26019,1.2600600000000002,3.6,1
26.08.2021 01:23:11.131,1.26018,1.26008,1.57,1
26.08.2021 01:23:11.581,1.2602,1.26007,3.45,1
26.08.2021 01:23:16.056,1.2602,1.26009,1.87,1.69
26.08.2021 01:23:16.259,1.2602,1.26009,3.1,1
26.08.2021 01:23:18.202,1.26019,1.26008,2.35,1
26.08.2021 01:23:20.227,1.26019,1.26007,3.1,1.5
26.08.2021 01:23:24.159,1.2602,1.26007,3.47,1
26.08.2021 01:23:27.139,1.26019,1.26009,1.97,1
26.08.2021 01:23:32.028,1.26019,1.26008,1.1,1
26.08.2021 01:23:34.180,1.26019,1.2600600000000002,1.1,1.5
26.08.2021 01:23:38.251,1.26019,1.26007,1.1,1
26.08.2021 01:23:38.861,1.26019,1.26007,1.1,1
26.08.2021 01:23:43.013,1.26019,1.26009,1.1,1
26.08.2021 01:23:43.115,1.26028,1.26015,2.1,1.5
26.08.2021 01:23:43.216,1.26028,1.26015,1.57,1.5
26.08.2021 01:23:43.317,1.2602700000000002,1.2601600000000002,1.97,1.5
26.08.2021 01:24:08.774,1.26024,1.2601200000000001,1.1,1
26.08.2021 01:24:08.876,1.26023,1.2601,1.1,1
26.08.2021 01:24:14.871,1.2602200000000001,1.26009,1.22,1
26.08.2021 01:24:15.808,1.26021,1.26011,1.22,1
26.08.2021 01:24:21.443,1.26021,1.2601,1.1,1
26.08.2021 01:24:22.598,1.2602200000000001,1.2601,1.1,1
26.08.2021 01:24:23.127,1.26021,1.26011,1.1,1
26.08.2021 01:24:44.196,1.2602200000000001,1.26009,1.57,1
26.08.2021 01:24:44.496,1.26021,1.26007,1.6,1.5
26.08.2021 01:24:45.821,1.2602,1.26008,1.57,1
26.08.2021 01:24:49.259,1.2602,1.26007,1.57,1
26.08.2021 01:24:49.896,1.2602,1.26008,1.57,1
26.08.2021 01:24:50.545,1.26019,1.26008,1.57,1.5
26.08.2021 01:24:50.821,1.26019,1.26009,1.57,1
26.08.2021 01:24:51.195,1.2602,1.26007,1.57,1
26.08.2021 01:24:51.296,1.2602,1.26008,1.57,1
26.08.2021 01:24:52.600,1.2602,1.26007,1.57,1
26.08.2021 01:24:52.701,1.2602,1.26009,1.6,1
26.08.2021 01:24:52.803,1.26019,1.26008,1,1
26.08.2021 01:24:52.954,1.2602,1.26008,1.1,1
26.08.2021 01:24:56.035,1.26021,1.26009,1,1
26.08.2021 01:24:56.137,1.26024,1.2601200000000001,1.1,1
26.08.2021 01:25:00.720,1.2602200000000001,1.2601200000000001,1.1,1
26.08.2021 01:25:00.822,1.26023,1.2601,1.22,1
26.08.2021 01:25:01.337,1.2602,1.26008,1.1,1
26.08.2021 01:25:02.189,1.26019,1.2601,1.1,1
26.08.2021 01:25:02.290,1.2602200000000001,1.26009,1.6,1
26.08.2021 01:25:04.408,1.2602200000000001,1.2601,1.1,1
26.08.2021 01:25:07.425,1.26021,1.26011,1.1,1
26.08.2021 01:25:12.277,1.2602200000000001,1.26009,1.2,1
26.08.2021 01:25:16.743,1.2602,1.26009,1.5,1
26.08.2021 01:25:16.845,1.26019,1.26009,1,1
26.08.2021 01:25:18.165,1.2602,1.26007,1,1
26.08.2021 01:25:18.267,1.2602,1.26008,1,1
26.08.2021 01:25:20.200,1.2602,1.26007,1,1
26.08.2021 01:25:20.415,1.2602,1.26008,1,1
26.08.2021 01:25:20.525,1.2602,1.26009,1,1
26.08.2021 01:25:20.576,1.2602200000000001,1.26009,1.12,1
26.08.2021 01:25:27.731,1.26021,1.26009,1,1
26.08.2021 01:25:57.343,1.2602,1.26009,1,1
26.08.2021 01:26:05.979,1.26021,1.26009,1,1
26.08.2021 01:26:15.710,1.26021,1.2601,1,1
26.08.2021 01:26:24.696,1.26021,1.26009,1,1
26.08.2021 01:26:51.747,1.26025,1.26013,1.6,1
26.08.2021 01:26:51.848,1.26024,1.26015,1.1,1.5
26.08.2021 01:26:51.899,1.2602700000000002,1.26014,1,1.5
26.08.2021 01:26:52.346,1.2602600000000002,1.2601600000000002,1,1
26.08.2021 01:26:53.587,1.2602700000000002,1.26014,1,2.25
26.08.2021 01:26:53.688,1.2602700000000002,1.26015,1,1
26.08.2021 01:27:27.187,1.2602600000000002,1.26015,1,2.25
26.08.2021 01:27:27.445,1.2602600000000002,1.26014,1.57,1
26.08.2021 01:27:27.648,1.26025,1.26015,2.07,1
26.08.2021 01:27:29.515,1.2602600000000002,1.26013,2.07,1
26.08.2021 01:27:40.408,1.2602600000000002,1.26013,1.12,1.76
26.08.2021 01:27:40.509,1.2602600000000002,1.26015,2,1.5
26.08.2021 01:27:40.611,1.2602700000000002,1.26014,1.5,1.5
26.08.2021 01:27:51.795,1.2602600000000002,1.2601600000000002,1,1
26.08.2021 01:27:54.284,1.2602600000000002,1.26014,1.95,1
26.08.2021 01:27:54.385,1.2602600000000002,1.26013,1.97,1.5
26.08.2021 01:27:57.852,1.2602600000000002,1.2601200000000001,2.1,1.5
26.08.2021 01:28:17.251,1.26028,1.26014,2.07,1
26.08.2021 01:28:17.453,1.26028,1.26014,1.87,1
26.08.2021 01:28:33.403,1.26025,1.26015,1.57,1
26.08.2021 01:28:33.453,1.26025,1.26013,2.1,1.5
26.08.2021 01:28:35.469,1.2602600000000002,1.2601200000000001,2.85,1
26.08.2021 01:28:38.833,1.26028,1.26014,2.9,1
26.08.2021 01:28:38.934,1.26025,1.26014,1,1
26.08.2021 01:28:39.194,1.2602600000000002,1.2601200000000001,1.2,1.5
26.08.2021 01:28:39.295,1.2602600000000002,1.2601200000000001,1.22,1.5
26.08.2021 01:28:39.863,1.2602600000000002,1.26013,1.87,1
26.08.2021 01:28:39.966,1.2602600000000002,1.2601200000000001,2.7,1
26.08.2021 01:28:40.017,1.2602600000000002,1.2601200000000001,3.57,1
26.08.2021 01:28:41.225,1.26025,1.2601,1.6,1.5
26.08.2021 01:28:50.741,1.26021,1.26007,1.57,1
26.08.2021 01:28:51.671,1.26019,1.26007,1.57,1
26.08.2021 01:29:00.589,1.2602,1.26007,1.12,1
26.08.2021 01:29:00.690,1.26019,1.26007,1.12,2.51
26.08.2021 01:29:03.498,1.26019,1.26008,1.12,1
26.08.2021 01:29:03.599,1.2602,1.2600600000000002,1.12,1.76
26.08.2021 01:29:13.582,1.2602,1.26007,1,1
26.08.2021 01:29:13.684,1.26024,1.26009,1.2,1.5
26.08.2021 01:29:14.037,1.26025,1.26009,2.85,1.57
26.08.2021 01:29:17.934,1.26025,1.2601,2.1,1
26.08.2021 01:29:23.454,1.26024,1.26011,2.1,1
26.08.2021 01:29:23.504,1.2602600000000002,1.26013,1.6,1
26.08.2021 01:29:23.706,1.2602600000000002,1.26014,1.1,1.57
26.08.2021 01:29:27.459,1.2602600000000002,1.26013,2.1,1
26.08.2021 01:29:27.560,1.2602600000000002,1.2601200000000001,2.1,1.5
26.08.2021 01:29:43.137,1.2602600000000002,1.2601200000000001,2.1,1
26.08.2021 01:29:45.071,1.2602700000000002,1.2601200000000001,1.8,1
26.08.2021 01:29:46.582,1.26028,1.26014,2.1,1
26.08.2021 01:29:53.401,1.2602700000000002,1.26013,1.1,1
26.08.2021 01:29:53.502,1.2602600000000002,1.26014,1.22,1
26.08.2021 01:29:56.175,1.2602600000000002,1.26014,1.12,1
26.08.2021 01:29:58.167,1.2602600000000002,1.26013,1.12,1
26.08.2021 01:29:58.631,1.2602700000000002,1.26015,1,1.5
26.08.2021 01:30:00.395,1.2602700000000002,1.26014,2.25,1
26.08.2021 01:30:00.497,1.26028,1.2601200000000001,2.62,1.5
26.08.2021 01:30:00.599,1.26028,1.2601200000000001,3.2,1.5
26.08.2021 01:30:03.306,1.26024,1.26009,2.37,1
26.08.2021 01:30:03.408,1.26024,1.26011,1.5,1
26.08.2021 01:30:03.509,1.2602700000000002,1.26011,2,1
26.08.2021 01:30:07.046,1.2602600000000002,1.26013,2,1
26.08.2021 01:30:11.227,1.2602600000000002,1.26014,1.22,1
26.08.2021 01:30:11.328,1.2602700000000002,1.26013,1.22,1
26.08.2021 01:30:11.443,1.2602600000000002,1.26013,1.97,1
26.08.2021 01:30:12.254,1.2602700000000002,1.26014,1.22,1
26.08.2021 01:30:13.465,1.26028,1.26014,1.97,1
26.08.2021 01:30:17.193,1.2602700000000002,1.26015,1.95,1.1
26.08.2021 01:30:18.379,1.2602700000000002,1.26015,1.97,1
26.08.2021 01:30:19.839,1.26028,1.26014,1.95,1.1
26.08.2021 01:30:20.489,1.26028,1.26014,1.97,1
26.08.2021 01:30:24.116,1.26028,1.26014,1.95,1.1
26.08.2021 01:30:24.616,1.2602700000000002,1.2601600000000002,1.95,1
26.08.2021 01:30:29.179,1.26028,1.26015,1.97,1
26.08.2021 01:30:34.930,1.26028,1.26015,1.95,1
26.08.2021 01:30:40.252,1.26028,1.2601600000000002,1.2,1
26.08.2021 01:30:41.464,1.26028,1.26015,1.1,1
26.08.2021 01:30:42.202,1.26028,1.2601600000000002,1.2,1
26.08.2021 01:30:45.021,1.2602700000000002,1.26014,1,1.5
26.08.2021 01:30:47.177,1.26028,1.2601600000000002,1.22,1
26.08.2021 01:30:47.688,1.2602600000000002,1.26015,1,1.5
26.08.2021 01:30:47.991,1.26028,1.26015,1.22,1.5
26.08.2021 01:30:51.935,1.2602600000000002,1.26015,1,1
26.08.2021 01:30:54.650,1.2602900000000001,1.26015,2.35,1
26.08.2021 01:30:55.194,1.2602900000000001,1.26015,1.1,1
26.08.2021 01:30:58.022,1.2602700000000002,1.26014,1,1.5
26.08.2021 01:31:02.134,1.2602900000000001,1.26015,1.6,1
26.08.2021 01:31:11.112,1.2602900000000001,1.26015,1.95,1
26.08.2021 01:31:15.909,1.26028,1.26014,1,1.57
26.08.2021 01:31:16.949,1.2602900000000001,1.26015,2.32,1
26.08.2021 01:31:23.729,1.2602700000000002,1.26014,1,1.57
26.08.2021 01:31:38.406,1.2602700000000002,1.26014,1,1.28
26.08.2021 01:31:49.650,1.26028,1.26015,1,1.86
26.08.2021 01:31:52.973,1.26028,1.2601600000000002,1.2,1.78
26.08.2021 01:32:00.348,1.2603,1.2601700000000002,1.6,1.28
26.08.2021 01:32:00.449,1.26032,1.2601700000000002,1.22,1.5
26.08.2021 01:32:00.941,1.26032,1.26021,1.87,1.5
26.08.2021 01:32:01.042,1.26034,1.2602200000000001,4.32,1
26.08.2021 01:32:01.144,1.26034,1.2602200000000001,4.12,1
26.08.2021 01:32:05.811,1.2602900000000001,1.26021,1,1
26.08.2021 01:32:05.862,1.26028,1.26018,1,1
26.08.2021 01:32:05.963,1.2602900000000001,1.2601700000000002,1.1,2.91
26.08.2021 01:32:06.064,1.2602900000000001,1.2601700000000002,1.2,1.71
26.08.2021 01:32:06.856,1.2602900000000001,1.2601600000000002,1.57,1.5
26.08.2021 01:32:06.957,1.26031,1.2602200000000001,1.1,1
26.08.2021 01:32:07.058,1.26033,1.2602200000000001,4.95,1
