Gmt time,Ask,Bid,AskVolume,BidVolume
25.08.2021 00:00:00.173,1.2597500000000001,1.25968,1,2.14
25.08.2021 00:00:00.947,1.2598,1.25966,1,3.6
25.08.2021 00:00:01.929,1.25976,1.25964,1,1.65
25.08.2021 00:00:02.030,1.25974,1.2596500000000002,1,1.2
25.08.2021 00:00:02.081,1.25974,1.2596,1,3.1
25.08.2021 00:00:02.907,1.25971,1.2596100000000001,1,2.35
25.08.2021 00:00:05.033,1.25969,1.2596,1,1.6
25.08.2021 00:00:06.254,1.25969,1.2596,1,1.2
25.08.2021 00:00:06.924,1.25968,1.25959,1,1
25.08.2021 00:00:07.026,1.25964,1.25953,1,1
25.08.2021 00:00:07.076,1.25959,1.25953,1,1.2
25.08.2021 00:00:07.177,1.2596,1.2595100000000001,1,3.82
25.08.2021 00:00:07.430,1.2596100000000001,1.25953,1,1.1
25.08.2021 00:00:08.349,1.2596100000000001,1.2595100000000001,1,1.72
25.08.2021 00:00:11.937,1.2596,1.2595200000000002,1,1.2
25.08.2021 00:00:16.386,1.25956,1.25948,1,1.87
25.08.2021 00:00:16.729,1.25956,1.25946,1,2.07
25.08.2021 00:00:16.881,1.25957,1.25948,1,1.1
25.08.2021 00:00:16.985,1.2595500000000002,1.25947,1,1.5
25.08.2021 00:00:17.087,1.2595500000000002,1.2594400000000001,1,1.2
25.08.2021 00:00:21.426,1.2595100000000001,1.25945,1,1
25.08.2021 00:00:21.577,1.2595200000000002,1.2594200000000002,1,1.95
25.08.2021 00:00:23.432,1.2595,1.25943,1,1.2
25.08.2021 00:00:23.483,1.2595,1.25938,1,1.58
25.08.2021 00:00:23.533,1.25946,1.25937,1,1.1
25.08.2021 00:00:23.838,1.25946,1.25936,1,1.95
25.08.2021 00:00:25.243,1.25945,1.25936,1,1.2
25.08.2021 00:00:26.151,1.25945,1.25935,1,1
25.08.2021 00:00:26.253,1.25943,1.25933,1,1
25.08.2021 00:00:26.354,1.25937,1.25928,1,2.64
25.08.2021 00:00:26.556,1.25937,1.25928,1,2.14
25.08.2021 00:00:30.036,1.25935,1.25928,1,2.07
25.08.2021 00:00:32.888,1.25936,1.2592700000000001,1,1.2
25.08.2021 00:00:33.697,1.25937,1.2592700000000001,1,1.2
25.08.2021 00:00:35.039,1.25933,1.25925,1,3.37
25.08.2021 00:00:35.696,1.2593100000000002,1.2592200000000002,1,1.97
25.08.2021 00:00:35.798,1.2593100000000002,1.2592100000000002,1,1.97
25.08.2021 00:00:35.899,1.25929,1.2592,1,1.6
25.08.2021 00:00:36.152,1.25936,1.25926,1,2.37
25.08.2021 00:00:41.259,1.2593400000000001,1.25925,1,1.95
25.08.2021 00:00:41.411,1.25933,1.25923,1,1.6
25.08.2021 00:00:43.447,1.25933,1.25923,1,1.2
25.08.2021 00:00:43.811,1.2593200000000002,1.2592100000000002,1,3.22
25.08.2021 00:00:46.873,1.2593,1.2592200000000002,1,1
25.08.2021 00:00:46.924,1.2593200000000002,1.2592200000000002,1,1.1
25.08.2021 00:00:47.077,1.2593200000000002,1.25923,1,1.12
25.08.2021 00:00:50.554,1.25936,1.25926,1,2.07
25.08.2021 00:00:51.461,1.25936,1.2592700000000001,1,2.47
25.08.2021 00:00:53.330,1.25937,1.25929,1,1.1
25.08.2021 00:00:57.437,1.2594,1.2593200000000002,1,1.97
25.08.2021 00:00:57.538,1.2594400000000001,1.2593400000000001,1,1.87
25.08.2021 00:01:00.124,1.2594400000000001,1.25935,1,1
25.08.2021 00:01:00.225,1.25945,1.25935,1,1
25.08.2021 00:01:01.335,1.2594400000000001,1.25937,1,1.22
25.08.2021 00:01:01.437,1.25946,1.25936,1,1.2
25.08.2021 00:01:02.140,1.25945,1.25936,1,1.12
25.08.2021 00:01:02.610,1.2594400000000001,1.2593400000000001,1,1.6
25.08.2021 00:01:02.715,1.2594400000000001,1.25935,1,2.07
25.08.2021 00:01:03.316,1.2594400000000001,1.2593400000000001,1,1.6
25.08.2021 00:01:03.938,1.2594100000000001,1.2593100000000002,1,1.6
25.08.2021 00:01:04.732,1.2594,1.2593100000000002,1,1
25.08.2021 00:01:04.783,1.2594,1.25929,1,1
25.08.2021 00:01:04.834,1.25938,1.25928,1,1.87
25.08.2021 00:01:06.019,1.25937,1.2592700000000001,1,1.5
25.08.2021 00:01:08.388,1.25936,1.25928,1,1.12
25.08.2021 00:01:08.490,1.25935,1.25928,1,1.12
25.08.2021 00:01:11.945,1.25936,1.25926,1,1
25.08.2021 00:01:12.047,1.25933,1.2592200000000002,1,2.07
25.08.2021 00:01:12.299,1.2593100000000002,1.2592100000000002,1,1.2
25.08.2021 00:01:12.400,1.2593,1.2592,1,1
25.08.2021 00:01:15.859,1.25928,1.2592100000000002,1,1
25.08.2021 00:01:27.724,1.25929,1.25918,1,1.12
25.08.2021 00:01:29.260,1.25928,1.25918,1,1.12
25.08.2021 00:01:33.829,1.25928,1.25916,1,2.32
25.08.2021 00:01:33.936,1.25924,1.25916,1,1
25.08.2021 00:01:34.087,1.25924,1.25913,1,3.01
25.08.2021 00:01:34.319,1.25924,1.25913,1,2.91
25.08.2021 00:01:34.420,1.2592200000000002,1.2591200000000002,1,1.6
25.08.2021 00:01:34.673,1.2592100000000002,1.2591100000000002,1,2.29
25.08.2021 00:01:34.875,1.2592100000000002,1.2591200000000002,1,1.6
25.08.2021 00:01:36.072,1.25923,1.2591100000000002,1,1.6
25.08.2021 00:01:39.898,1.2592200000000002,1.2591,1,1.6
25.08.2021 00:01:41.217,1.2592100000000002,1.2591,1,1.6
25.08.2021 00:01:41.632,1.25919,1.25909,1,1.6
25.08.2021 00:01:41.734,1.25918,1.25908,1,2.75
25.08.2021 00:01:41.785,1.2591700000000001,1.25908,1,2.25
25.08.2021 00:01:42.292,1.25916,1.2590700000000001,1,1.6
25.08.2021 00:01:43.832,1.25914,1.25904,1,1.95
25.08.2021 00:01:43.933,1.25913,1.25904,1,1.2
25.08.2021 00:01:44.277,1.2591200000000002,1.25904,1,1
25.08.2021 00:01:44.378,1.2591200000000002,1.25902,1,2.07
25.08.2021 00:01:44.480,1.2591100000000002,1.25902,1,2
25.08.2021 00:01:45.462,1.2591,1.2590100000000002,1,1.2
25.08.2021 00:01:45.714,1.2591100000000002,1.25903,1,1
25.08.2021 00:01:45.978,1.25909,1.25902,1,1.5
25.08.2021 00:01:46.029,1.2591,1.25903,1,1
25.08.2021 00:01:46.080,1.25909,1.2590000000000001,1,3.19
25.08.2021 00:01:46.181,1.25908,1.25899,1,2.07
25.08.2021 00:01:47.148,1.25908,1.25899,1,1.1
25.08.2021 00:01:47.855,1.25906,1.25898,1,1.39
25.08.2021 00:01:48.230,1.25905,1.25895,1,4.79
25.08.2021 00:01:48.331,1.25903,1.25896,1,2.54
25.08.2021 00:01:48.433,1.25904,1.25894,1,2.66
25.08.2021 00:01:50.117,1.25904,1.25896,1,1.2
25.08.2021 00:01:50.332,1.25903,1.25896,1,1.2
25.08.2021 00:01:51.561,1.25905,1.25895,1,1.2
25.08.2021 00:01:52.909,1.25903,1.25896,1,1.12
25.08.2021 00:01:53.011,1.25905,1.25895,1,1.12
25.08.2021 00:01:59.744,1.25906,1.25895,1,1.2
25.08.2021 00:02:00.180,1.25905,1.25895,1,1.2
25.08.2021 00:02:06.703,1.25905,1.25896,1,1
25.08.2021 00:02:06.754,1.2591,1.25902,1,2.62
25.08.2021 00:02:06.855,1.2591100000000002,1.25902,1,1
25.08.2021 00:02:06.957,1.2591100000000002,1.25902,1,2.62
25.08.2021 00:02:07.209,1.2591200000000002,1.25902,1,1
25.08.2021 00:02:09.712,1.2591200000000002,1.2590100000000002,1,1.2
25.08.2021 00:02:09.813,1.25908,1.2590100000000002,1,2.32
25.08.2021 00:02:09.863,1.2590700000000001,1.25896,1,1.87
25.08.2021 00:02:10.015,1.25905,1.25896,1,1.72
25.08.2021 00:02:12.380,1.25909,1.2590000000000001,1,2.25
25.08.2021 00:02:13.116,1.25908,1.2590100000000002,1,2.75
25.08.2021 00:02:18.697,1.2591,1.2590000000000001,1,2.75
25.08.2021 00:02:20.896,1.25906,1.2589700000000001,1,1.5
25.08.2021 00:02:20.997,1.25905,1.25896,1,1.5
25.08.2021 00:02:23.388,1.25905,1.25896,1,1.6
25.08.2021 00:02:26.913,1.25906,1.25895,1,1.2
25.08.2021 00:02:29.747,1.25906,1.25895,1,1.6
25.08.2021 00:02:30.161,1.25905,1.25896,1,1.2
25.08.2021 00:02:34.680,1.25906,1.25895,1,1.97
25.08.2021 00:02:36.880,1.2590700000000001,1.25896,1,1.2
25.08.2021 00:02:38.215,1.2590700000000001,1.2589700000000001,1,1
25.08.2021 00:02:38.651,1.2590700000000001,1.25898,1,1
25.08.2021 00:02:38.702,1.2591100000000002,1.25902,1,1.87
25.08.2021 00:02:38.803,1.2591,1.2590100000000002,1,2.07
25.08.2021 00:02:38.854,1.2591,1.25899,1,2.07
25.08.2021 00:02:40.906,1.2591,1.25898,1,1.6
25.08.2021 00:02:46.022,1.2591200000000002,1.25903,1,1.12
25.08.2021 00:02:46.174,1.25913,1.25902,1,1.5
25.08.2021 00:02:46.581,1.25914,1.25902,1,2.45
25.08.2021 00:03:09.861,1.25915,1.25903,1,1.95
25.08.2021 00:03:11.352,1.25915,1.25903,1,2.35
25.08.2021 00:03:11.454,1.25915,1.25903,1,2.35
25.08.2021 00:03:12.172,1.25916,1.25904,1,1.1
25.08.2021 00:03:12.576,1.25915,1.25905,1,1.1
25.08.2021 00:03:13.575,1.25916,1.25904,1,1.1
25.08.2021 00:03:16.804,1.25914,1.25903,1,1.22
25.08.2021 00:03:17.110,1.25914,1.25903,1,1.2
25.08.2021 00:03:24.263,1.25914,1.25905,1,1.1
25.08.2021 00:03:24.364,1.25913,1.25905,1,1.1
25.08.2021 00:03:26.479,1.25916,1.25905,1,1.57
25.08.2021 00:03:26.984,1.25913,1.25904,1,1.22
25.08.2021 00:03:27.086,1.25913,1.25904,1,1.2
25.08.2021 00:03:49.359,1.25915,1.25903,1,1.2
25.08.2021 00:03:55.627,1.25914,1.25905,1,1
25.08.2021 00:03:55.729,1.25915,1.25904,1,1.1
25.08.2021 00:03:59.209,1.25915,1.25902,1,1.72
25.08.2021 00:04:02.486,1.25915,1.25902,1,1.6
25.08.2021 00:04:03.558,1.25915,1.25902,1.1,1.72
25.08.2021 00:04:18.665,1.2591,1.2590000000000001,1,1.69
25.08.2021 00:04:18.716,1.25908,1.25898,1.5,1.5
25.08.2021 00:04:18.817,1.2590700000000001,1.25896,1,1.87
25.08.2021 00:04:18.869,1.25909,1.25896,1,2.26
25.08.2021 00:04:18.971,1.25908,1.25895,1,1.97
25.08.2021 00:04:19.072,1.2590700000000001,1.25895,1,1.2
25.08.2021 00:04:19.174,1.2590700000000001,1.25895,1,1.22
25.08.2021 00:04:21.301,1.25908,1.25896,1,2.07
25.08.2021 00:04:23.869,1.25906,1.25896,1,1.2
25.08.2021 00:04:25.593,1.2590700000000001,1.25896,1,1
25.08.2021 00:04:25.644,1.25909,1.2589700000000001,1,1.5
25.08.2021 00:04:25.746,1.2590700000000001,1.25898,1,1.5
25.08.2021 00:04:26.687,1.25908,1.25898,1,1
25.08.2021 00:04:26.738,1.2591100000000002,1.25902,1,1
25.08.2021 00:04:26.839,1.2591100000000002,1.2590000000000001,1,1.87
25.08.2021 00:04:29.676,1.2591,1.25898,1,2.34
25.08.2021 00:04:30.197,1.25908,1.25898,1,1.1
25.08.2021 00:04:32.313,1.2590700000000001,1.25895,1,1.95
25.08.2021 00:04:37.260,1.2590700000000001,1.25896,1,1
25.08.2021 00:04:46.005,1.25906,1.25895,1,1.5
25.08.2021 00:04:47.884,1.25905,1.25895,1,1.5
25.08.2021 00:04:53.866,1.25904,1.25895,1,1.12
25.08.2021 00:04:54.420,1.25904,1.25896,1,1
25.08.2021 00:04:55.284,1.25903,1.25895,1,1.12
25.08.2021 00:04:55.386,1.2590000000000001,1.2589000000000001,1,1.12
25.08.2021 00:04:55.487,1.25899,1.25889,1,1.12
25.08.2021 00:04:56.273,1.25902,1.25894,1,1.5
25.08.2021 00:04:56.424,1.25899,1.2589100000000002,1,1.12
25.08.2021 00:04:57.648,1.25899,1.25889,1,1.51
25.08.2021 00:05:00.457,1.25898,1.25888,1,4.6
25.08.2021 00:05:00.559,1.2589700000000001,1.25888,1,4.32
25.08.2021 00:05:02.889,1.25898,1.2588700000000002,1,1.2
25.08.2021 00:05:19.471,1.25896,1.25888,1,1.87
25.08.2021 00:05:24.236,1.25898,1.2588700000000002,1,2.62
25.08.2021 00:05:34.283,1.2589700000000001,1.25886,1,1.12
25.08.2021 00:05:34.385,1.25889,1.2588100000000002,1.5,1
25.08.2021 00:05:34.486,1.2588700000000002,1.25879,1,1
25.08.2021 00:05:34.537,1.2588700000000002,1.2587700000000002,1,1
25.08.2021 00:05:34.638,1.25885,1.2587700000000002,1,1
25.08.2021 00:05:34.689,1.25886,1.25878,1.1,1
25.08.2021 00:05:34.740,1.25883,1.25874,1,1.12
25.08.2021 00:05:34.841,1.25883,1.25872,1,1
25.08.2021 00:05:39.350,1.2588100000000002,1.25871,1,1.2
25.08.2021 00:05:40.949,1.25883,1.2587000000000002,1,2.35
25.08.2021 00:05:42.614,1.25884,1.2587000000000002,1,1.97
25.08.2021 00:05:44.921,1.25885,1.25876,1,1.5
25.08.2021 00:05:44.971,1.2588700000000002,1.25878,1.57,2.94
25.08.2021 00:05:45.489,1.25888,1.25875,1,1.12
25.08.2021 00:05:46.417,1.2588700000000002,1.25873,1.5,1.97
25.08.2021 00:05:47.128,1.25886,1.25873,1,1.97
25.08.2021 00:05:50.514,1.2588700000000002,1.25873,1.5,2.35
25.08.2021 00:05:54.697,1.25886,1.25873,1,2.35
25.08.2021 00:05:59.808,1.25886,1.25874,1.5,1.97
25.08.2021 00:06:00.927,1.25886,1.25874,1.5,1.95
25.08.2021 00:06:01.028,1.25886,1.25873,1,1.57
25.08.2021 00:06:05.820,1.25885,1.25873,1,1.1
25.08.2021 00:06:06.070,1.25884,1.25873,1,1
25.08.2021 00:06:06.171,1.25884,1.25872,1,1
25.08.2021 00:06:07.156,1.25883,1.25872,1,1
25.08.2021 00:06:17.636,1.2588100000000002,1.25873,1,1
25.08.2021 00:06:20.637,1.25882,1.25873,1,1
25.08.2021 00:06:20.688,1.2588700000000002,1.25878,1.95,1.87
25.08.2021 00:06:20.839,1.2588700000000002,1.25879,1.1,1
25.08.2021 00:06:20.955,1.25889,1.25878,1,1
25.08.2021 00:06:22.432,1.25889,1.25879,1,1
25.08.2021 00:06:27.500,1.25888,1.2587700000000002,1,1
25.08.2021 00:06:29.712,1.25888,1.25878,1,1
25.08.2021 00:06:29.813,1.2589000000000001,1.25879,1,1.12
25.08.2021 00:06:33.371,1.25889,1.2588000000000001,1,1.22
25.08.2021 00:06:33.968,1.2589000000000001,1.25879,1,1.22
25.08.2021 00:06:34.069,1.2589100000000002,1.25879,1,1.22
25.08.2021 00:06:36.874,1.25894,1.25882,1,2.32
25.08.2021 00:06:36.975,1.25894,1.25882,1,1.6
25.08.2021 00:06:48.975,1.2589700000000001,1.25888,1,1.12
25.08.2021 00:06:49.395,1.25898,1.2588700000000002,1,1.22
25.08.2021 00:06:50.268,1.25899,1.2588700000000002,1,1.97
25.08.2021 00:06:54.467,1.25903,1.2589299999999999,1.57,1
25.08.2021 00:06:54.568,1.25902,1.2589299999999999,1,1
25.08.2021 00:06:54.619,1.2590100000000002,1.2589100000000002,1,1.2
25.08.2021 00:07:04.515,1.25902,1.2589000000000001,1,1.1
25.08.2021 00:07:05.912,1.2590000000000001,1.2589100000000002,1,1.1
25.08.2021 00:07:06.018,1.2590000000000001,1.2589000000000001,1,1
25.08.2021 00:07:06.573,1.2590000000000001,1.25888,1,1.1
25.08.2021 00:07:12.430,1.25899,1.25888,1,1.1
25.08.2021 00:07:15.331,1.25899,1.2588700000000002,1,1.1
25.08.2021 00:07:15.534,1.25899,1.2588700000000002,1,1.1
25.08.2021 00:07:22.407,1.25898,1.25886,1,1
25.08.2021 00:07:22.508,1.25898,1.2588700000000002,1,1.1
25.08.2021 00:07:22.760,1.25898,1.25888,1,1.22
25.08.2021 00:07:27.439,1.25899,1.2588700000000002,1,1.2
25.08.2021 00:07:36.681,1.25899,1.2588700000000002,1,1.22
25.08.2021 00:07:46.489,1.25899,1.2588700000000002,1,1.2
25.08.2021 00:07:48.128,1.25898,1.25888,1,1.22
25.08.2021 00:07:50.175,1.2590000000000001,1.25889,1,1
25.08.2021 00:07:56.720,1.25895,1.25885,1,1
25.08.2021 00:07:56.972,1.25895,1.25884,1,1
25.08.2021 00:07:57.300,1.2589299999999999,1.25884,1,1
25.08.2021 00:07:57.402,1.2589299999999999,1.25882,1,1
25.08.2021 00:07:57.959,1.2589700000000001,1.25886,1.1,1
25.08.2021 00:07:58.060,1.25899,1.2588700000000002,1.6,1
25.08.2021 00:07:58.111,1.25899,1.25888,1,1
25.08.2021 00:07:58.678,1.25899,1.25889,1,1
25.08.2021 00:08:00.585,1.2590000000000001,1.25889,1,1
25.08.2021 00:08:08.150,1.2590100000000002,1.25894,1,1.95
25.08.2021 00:08:08.252,1.25902,1.25894,1,1
25.08.2021 00:08:08.353,1.25904,1.2589299999999999,1,1
25.08.2021 00:08:11.148,1.25906,1.25894,1,1
25.08.2021 00:08:11.249,1.25906,1.25895,1,1
25.08.2021 00:08:11.350,1.2590700000000001,1.25895,1,1
25.08.2021 00:08:12.773,1.25905,1.25895,1,1
25.08.2021 00:08:13.709,1.25905,1.25894,1,1
25.08.2021 00:08:13.811,1.25904,1.2589299999999999,1.5,1
25.08.2021 00:08:13.861,1.25903,1.2589100000000002,1,1
25.08.2021 00:08:13.963,1.25902,1.2589100000000002,1,1
25.08.2021 00:08:15.046,1.2590100000000002,1.25889,1,1
25.08.2021 00:08:23.408,1.25899,1.2589000000000001,1,1
25.08.2021 00:08:27.934,1.25895,1.25886,1,1
25.08.2021 00:08:28.036,1.25894,1.25886,1,1
25.08.2021 00:08:29.440,1.25896,1.25886,1,1
25.08.2021 00:08:29.542,1.25896,1.2588700000000002,1,1
25.08.2021 00:08:29.643,1.25895,1.25885,1,1.1
25.08.2021 00:08:30.632,1.25896,1.25886,1,1
25.08.2021 00:08:30.733,1.2589700000000001,1.25886,1,1
25.08.2021 00:08:30.834,1.2589700000000001,1.2588700000000002,1,1
25.08.2021 00:08:31.105,1.25894,1.2588700000000002,1,1
25.08.2021 00:08:31.874,1.25896,1.2588700000000002,1,1
25.08.2021 00:08:31.976,1.25896,1.25886,1,1
25.08.2021 00:08:32.453,1.2589700000000001,1.25886,1,1.1
25.08.2021 00:08:32.605,1.2589700000000001,1.2588700000000002,1,1
25.08.2021 00:08:32.707,1.25895,1.2588700000000002,1,1.1
25.08.2021 00:08:32.808,1.25896,1.2588700000000002,1,1
25.08.2021 00:08:33.107,1.25896,1.25886,1,1
25.08.2021 00:08:33.210,1.25896,1.25885,1,2.7
25.08.2021 00:08:33.462,1.25894,1.25886,1,2.32
25.08.2021 00:08:33.513,1.25896,1.2588700000000002,1,1
25.08.2021 00:08:33.564,1.25896,1.25885,1,1.57
25.08.2021 00:08:33.715,1.25895,1.25885,1,1
25.08.2021 00:08:34.815,1.25895,1.25886,1,2.32
25.08.2021 00:08:34.916,1.25895,1.2588700000000002,1,1.1
25.08.2021 00:08:36.254,1.25895,1.25886,1,1
25.08.2021 00:08:36.693,1.25896,1.25886,1,1.1
25.08.2021 00:08:36.844,1.25896,1.2588700000000002,1,1.1
25.08.2021 00:08:36.946,1.25896,1.25885,1,1.6
25.08.2021 00:08:37.047,1.25895,1.25885,1,1.1
25.08.2021 00:08:37.457,1.25896,1.25885,1,1.1
25.08.2021 00:08:38.795,1.25896,1.25886,1,1
25.08.2021 00:08:44.953,1.25895,1.25882,1,2.32
25.08.2021 00:09:02.089,1.25894,1.25882,1,1
25.08.2021 00:09:05.712,1.25895,1.25882,1.5,1
25.08.2021 00:09:07.267,1.2589299999999999,1.2588000000000001,1,1.1
25.08.2021 00:09:10.883,1.25898,1.25885,3.07,1.57
25.08.2021 00:09:11.798,1.25896,1.25886,1,1
25.08.2021 00:09:12.041,1.25895,1.25884,1,2.35
25.08.2021 00:09:12.142,1.25895,1.25884,1.5,1.1
25.08.2021 00:09:12.396,1.25895,1.25883,1,1
25.08.2021 00:09:14.237,1.25896,1.25883,1.5,1
25.08.2021 00:09:14.411,1.25899,1.25886,1.75,1
25.08.2021 00:09:14.512,1.25902,1.2589100000000002,1.87,1
25.08.2021 00:09:14.664,1.25903,1.25889,1.5,2.25
25.08.2021 00:09:14.870,1.25902,1.2589100000000002,1.5,1
25.08.2021 00:09:16.090,1.25902,1.25892,1,1
25.08.2021 00:09:17.644,1.2590700000000001,1.2589700000000001,2,1
25.08.2021 00:09:17.695,1.25909,1.25896,5.62,1.5
25.08.2021 00:09:18.336,1.25909,1.25898,1.5,1
25.08.2021 00:09:18.437,1.2591,1.2589700000000001,1.12,1
25.08.2021 00:09:20.221,1.2590700000000001,1.25894,1.87,1.5
25.08.2021 00:09:20.322,1.25905,1.2589299999999999,1,1
25.08.2021 00:09:20.423,1.25906,1.2589299999999999,2.7,1
25.08.2021 00:09:20.525,1.25905,1.25895,1,1
25.08.2021 00:09:20.844,1.2590700000000001,1.25894,1,1
25.08.2021 00:09:22.299,1.25905,1.2589299999999999,1.5,1
25.08.2021 00:09:22.401,1.25905,1.25892,2.62,1
25.08.2021 00:09:22.502,1.25904,1.25892,1,1
25.08.2021 00:09:23.999,1.25902,1.25892,1,1
25.08.2021 00:09:25.115,1.25903,1.25889,2.7,1.5
25.08.2021 00:09:25.218,1.2590100000000002,1.25889,1,1
25.08.2021 00:09:25.908,1.2590000000000001,1.25889,3.45,1.5
25.08.2021 00:09:26.941,1.2589700000000001,1.25885,1,2.25
25.08.2021 00:09:28.161,1.2590000000000001,1.25889,1.12,1
25.08.2021 00:09:28.213,1.25902,1.2589100000000002,1.12,1
25.08.2021 00:09:28.314,1.25903,1.25889,1.87,1.5
25.08.2021 00:09:30.016,1.2590000000000001,1.2588700000000002,1,1.5
25.08.2021 00:09:30.552,1.25898,1.25888,1.5,1
25.08.2021 00:09:30.603,1.2590100000000002,1.25888,1.57,1.5
25.08.2021 00:09:30.906,1.25902,1.25888,2.32,1.5
25.08.2021 00:09:31.057,1.25899,1.25886,2.75,1.5
25.08.2021 00:09:31.542,1.25896,1.25884,1,1
25.08.2021 00:09:31.643,1.25902,1.25888,3.32,1.5
25.08.2021 00:09:31.744,1.25902,1.25888,3.45,1.5
25.08.2021 00:09:31.950,1.25899,1.25888,1.12,1.5
25.08.2021 00:09:32.152,1.2590100000000002,1.25888,2.07,1
25.08.2021 00:09:32.202,1.25899,1.25886,1.12,1.5
25.08.2021 00:09:32.404,1.25898,1.25885,1.12,1.5
25.08.2021 00:09:32.606,1.25899,1.25886,1.57,1
25.08.2021 00:09:32.707,1.2590000000000001,1.2588700000000002,3.15,1
25.08.2021 00:09:32.758,1.2590000000000001,1.2589000000000001,1.2,1
25.08.2021 00:09:32.809,1.25902,1.2589100000000002,1.95,1
25.08.2021 00:09:33.111,1.25902,1.25889,1,1.5
25.08.2021 00:09:33.229,1.25902,1.25889,3.57,1
25.08.2021 00:09:33.489,1.2590000000000001,1.2588700000000002,2.7,1.5
25.08.2021 00:09:33.691,1.2590100000000002,1.25889,1.95,1.5
25.08.2021 00:09:33.893,1.25903,1.25889,3.47,1.5
25.08.2021 00:09:33.994,1.2590100000000002,1.25889,3.6,1.5
25.08.2021 00:09:34.347,1.25898,1.25886,1.12,1
25.08.2021 00:09:34.600,1.2590100000000002,1.25888,1.87,1.5
25.08.2021 00:09:35.730,1.2590100000000002,1.25889,1,1
25.08.2021 00:09:36.162,1.25902,1.2589299999999999,1,1
25.08.2021 00:09:36.263,1.25904,1.25895,1,1
25.08.2021 00:09:36.314,1.25909,1.2589700000000001,1.12,1.69
25.08.2021 00:09:36.365,1.25909,1.25899,1,1.5
25.08.2021 00:09:38.627,1.2591100000000002,1.25899,1,1
25.08.2021 00:09:38.728,1.2591200000000002,1.25899,1.95,1
25.08.2021 00:09:38.779,1.25908,1.25898,1.12,1
25.08.2021 00:09:38.830,1.2590700000000001,1.25895,1,1
25.08.2021 00:09:38.880,1.25905,1.2589299999999999,1.12,1.2
25.08.2021 00:09:38.981,1.25906,1.25892,2.07,1
25.08.2021 00:09:39.083,1.2590700000000001,1.2589299999999999,3.07,1.5
25.08.2021 00:09:39.184,1.25906,1.25894,3.79,1.5
25.08.2021 00:09:39.543,1.25904,1.2589299999999999,1.87,1
25.08.2021 00:09:39.763,1.2590700000000001,1.2589299999999999,3.04,1.5
25.08.2021 00:09:39.915,1.2590700000000001,1.2589299999999999,3.04,1.5
25.08.2021 00:09:40.277,1.25904,1.2589299999999999,1,1.5
25.08.2021 00:09:40.480,1.25906,1.2589299999999999,1.6,1
25.08.2021 00:09:40.581,1.25906,1.25892,2.07,1
25.08.2021 00:09:40.733,1.25904,1.2589100000000002,1.1,1
25.08.2021 00:09:40.834,1.25903,1.2589100000000002,1.57,1.5
25.08.2021 00:09:41.442,1.25904,1.2589100000000002,1.5,1.5
25.08.2021 00:09:41.543,1.25905,1.25892,1.95,1.5
25.08.2021 00:09:48.082,1.25904,1.25892,1,1
25.08.2021 00:09:49.585,1.25904,1.2589100000000002,1.1,1
25.08.2021 00:09:50.255,1.25902,1.25892,1,1
25.08.2021 00:09:51.590,1.25902,1.2589100000000002,1.12,1.5
25.08.2021 00:09:55.654,1.25899,1.2589000000000001,1,1
25.08.2021 00:09:55.705,1.25898,1.2588700000000002,2.7,1.5
25.08.2021 00:09:55.857,1.2590100000000002,1.25889,2.85,1
25.08.2021 00:09:56.008,1.2589700000000001,1.25885,1,1
25.08.2021 00:09:56.109,1.25898,1.25885,1.2,1
25.08.2021 00:09:56.160,1.25899,1.2588700000000002,1.6,1
25.08.2021 00:09:56.211,1.25902,1.25888,3.32,1.5
25.08.2021 00:09:56.312,1.2590100000000002,1.25889,1.2,1.5
25.08.2021 00:09:56.414,1.25903,1.2589000000000001,2.55,1
25.08.2021 00:09:57.062,1.2590000000000001,1.2588700000000002,1.75,1
25.08.2021 00:09:57.164,1.2590000000000001,1.25889,1,1
25.08.2021 00:09:57.265,1.25903,1.2589000000000001,4.8,1
25.08.2021 00:09:57.316,1.25896,1.25888,1,1
25.08.2021 00:09:57.417,1.25899,1.25886,2.32,1
25.08.2021 00:09:58.001,1.25902,1.2589000000000001,1.7,1
25.08.2021 00:09:58.102,1.25903,1.25892,3.3,1
25.08.2021 00:09:58.204,1.25904,1.2589100000000002,1.65,1
25.08.2021 00:09:58.255,1.2589700000000001,1.2588700000000002,1,1
25.08.2021 00:09:58.356,1.25896,1.2588700000000002,1.1,1
25.08.2021 00:09:58.888,1.2589700000000001,1.25886,1.22,1
25.08.2021 00:09:59.925,1.2589700000000001,1.25885,1.22,1.5
25.08.2021 00:10:00.077,1.25896,1.25886,1.2,1.5
25.08.2021 00:10:00.205,1.25896,1.2588700000000002,1.2,1
25.08.2021 00:10:00.667,1.2589700000000001,1.25885,1.2,1.5
25.08.2021 00:10:00.769,1.25899,1.25886,3.49,1
25.08.2021 00:10:00.870,1.2589700000000001,1.25885,1.2,1.5
25.08.2021 00:10:01.638,1.25899,1.2588700000000002,1.95,1
25.08.2021 00:10:01.739,1.2589700000000001,1.25886,1.1,1
25.08.2021 00:10:01.891,1.2590100000000002,1.25889,1.1,1.5
25.08.2021 00:10:01.992,1.25903,1.2589000000000001,2.55,1
25.08.2021 00:10:02.043,1.25899,1.2588700000000002,1.95,1
25.08.2021 00:10:02.144,1.25899,1.25886,1.97,1.5
25.08.2021 00:10:02.642,1.25903,1.2589100000000002,1.82,1
25.08.2021 00:10:02.743,1.25905,1.25892,2.85,1
25.08.2021 00:10:02.859,1.25905,1.25892,2.85,1
25.08.2021 00:10:03.060,1.25905,1.25892,2.85,1
25.08.2021 00:10:05.741,1.25905,1.2589299999999999,1.1,1.69
25.08.2021 00:10:05.842,1.25908,1.25895,1.5,1.6
25.08.2021 00:10:05.943,1.2591100000000002,1.2590000000000001,1.72,1.5
25.08.2021 00:10:05.994,1.2591100000000002,1.2590000000000001,1.12,1.5
25.08.2021 00:10:06.145,1.2591200000000002,1.25903,1.2,1
25.08.2021 00:10:06.247,1.2591200000000002,1.25902,1.65,1
25.08.2021 00:10:06.348,1.2591200000000002,1.25902,2.05,1
25.08.2021 00:10:06.899,1.2591200000000002,1.25903,1.27,1
25.08.2021 00:10:07.000,1.25913,1.2590100000000002,2.05,1.5
25.08.2021 00:10:08.170,1.25913,1.2590100000000002,1.2,1
25.08.2021 00:10:08.826,1.25913,1.2590100000000002,1.6,1
25.08.2021 00:10:09.250,1.2591200000000002,1.2590000000000001,2.55,1.5
25.08.2021 00:10:09.411,1.25905,1.25895,1,1.5
25.08.2021 00:10:09.513,1.25905,1.25894,1,1
25.08.2021 00:10:14.070,1.25906,1.25895,1.7,1
25.08.2021 00:10:14.171,1.25908,1.25898,1,1.5
25.08.2021 00:10:14.273,1.2591,1.2590100000000002,1.1,1
25.08.2021 00:10:14.374,1.25913,1.2590100000000002,2.02,1
25.08.2021 00:10:14.580,1.2591100000000002,1.2590100000000002,1.12,1
25.08.2021 00:10:15.035,1.2591100000000002,1.2590000000000001,1.12,1.5
25.08.2021 00:10:16.589,1.2591200000000002,1.2590100000000002,2.17,1.5
25.08.2021 00:10:19.137,1.2591200000000002,1.2590000000000001,1.6,1.5
25.08.2021 00:10:29.884,1.2591100000000002,1.2590100000000002,1.2,1
25.08.2021 00:10:37.412,1.2591200000000002,1.2590100000000002,1.2,1.5
25.08.2021 00:10:38.440,1.2591200000000002,1.2590100000000002,1.6,1.5
25.08.2021 00:10:58.127,1.25913,1.2590000000000001,2.07,1.5
25.08.2021 00:10:58.493,1.2591100000000002,1.2590000000000001,1.6,1.5
25.08.2021 00:11:11.942,1.2591200000000002,1.25899,1.2,1.5
25.08.2021 00:11:14.650,1.25913,1.25904,1.1,1
25.08.2021 00:11:14.751,1.25915,1.25904,1.91,1
25.08.2021 00:11:14.853,1.25918,1.25908,1.1,1.5
25.08.2021 00:11:19.492,1.2592,1.2590700000000001,1.27,1
25.08.2021 00:11:40.609,1.2592100000000002,1.2590700000000001,1.2,1.5
25.08.2021 00:11:43.245,1.2592100000000002,1.25909,1.6,1.5
25.08.2021 00:11:43.346,1.2592100000000002,1.2590700000000001,1.87,1.69
25.08.2021 00:11:43.879,1.25923,1.2591,1,3.44
25.08.2021 00:11:43.980,1.25928,1.25914,2,1.5
25.08.2021 00:11:44.081,1.25928,1.25914,1.5,1.5
25.08.2021 00:11:44.999,1.25929,1.25915,1.6,1.5
25.08.2021 00:11:45.541,1.25929,1.25915,1.2,1.5
25.08.2021 00:11:53.808,1.2592700000000001,1.25915,1,1
25.08.2021 00:11:59.751,1.25928,1.2591700000000001,1.6,1
25.08.2021 00:11:59.954,1.2593100000000002,1.25916,2.1,1
25.08.2021 00:12:00.105,1.2593100000000002,1.25918,2.1,1
25.08.2021 00:12:00.206,1.25929,1.2591700000000001,1.2,1
25.08.2021 00:12:00.358,1.2593100000000002,1.2592,1.2,1
25.08.2021 00:12:00.459,1.2593100000000002,1.2592100000000002,1.2,1
25.08.2021 00:12:00.560,1.25933,1.2592,1.95,1
25.08.2021 00:12:00.763,1.2593400000000001,1.2592100000000002,1.6,1
25.08.2021 00:12:00.893,1.25935,1.2592100000000002,1.6,1
25.08.2021 00:12:01.146,1.25935,1.25924,1.6,1
25.08.2021 00:12:01.297,1.25936,1.25923,1.6,1
25.08.2021 00:12:02.399,1.25936,1.25923,1.2,1
25.08.2021 00:12:02.545,1.25936,1.25923,1.22,1
25.08.2021 00:12:03.653,1.25935,1.25924,1.2,1
25.08.2021 00:12:05.261,1.25937,1.25925,1.6,1
25.08.2021 00:12:05.362,1.25939,1.25925,4.05,1
25.08.2021 00:12:05.463,1.25939,1.25926,2.85,1
25.08.2021 00:12:05.615,1.2594,1.2592700000000001,1.2,1
25.08.2021 00:12:05.767,1.2594200000000002,1.25928,1.45,1
25.08.2021 00:12:05.817,1.2594200000000002,1.25928,1.67,1
25.08.2021 00:12:05.918,1.2594400000000001,1.2593100000000002,1.8,1
25.08.2021 00:12:06.019,1.25943,1.2593,1.22,1
25.08.2021 00:12:06.171,1.2594200000000002,1.2593,1.22,1
25.08.2021 00:12:09.565,1.25943,1.25929,1.95,1.69
25.08.2021 00:12:09.767,1.2594200000000002,1.25929,1.1,1
25.08.2021 00:12:09.868,1.2594200000000002,1.2593,1.95,1.25
25.08.2021 00:12:10.224,1.2594200000000002,1.25929,1,1
25.08.2021 00:12:10.325,1.2594100000000001,1.25928,1,2.57
25.08.2021 00:12:20.690,1.2594100000000001,1.25929,1,1
25.08.2021 00:12:21.804,1.25938,1.25929,1,1
25.08.2021 00:12:21.855,1.25937,1.25926,1.2,2.32
25.08.2021 00:12:21.905,1.25935,1.25924,1,1.1
25.08.2021 00:12:22.007,1.25936,1.2592200000000002,1.1,1.76
25.08.2021 00:12:23.354,1.2593400000000001,1.2592100000000002,1,1.85
25.08.2021 00:12:23.857,1.2593400000000001,1.2592100000000002,1,1.01
25.08.2021 00:12:23.958,1.25933,1.2592,1,1.35
25.08.2021 00:12:24.060,1.2593200000000002,1.2592100000000002,1,1.01
25.08.2021 00:12:31.753,1.2593200000000002,1.2592100000000002,1,1.79
25.08.2021 00:12:34.591,1.2592700000000001,1.25919,1,1
25.08.2021 00:12:34.692,1.25926,1.2591700000000001,1,1.75
25.08.2021 00:12:34.743,1.25926,1.25915,1,1.1
25.08.2021 00:12:34.844,1.25926,1.25913,1,1.1
25.08.2021 00:12:34.945,1.25923,1.2591,1.57,1.77
25.08.2021 00:12:35.047,1.25918,1.2590700000000001,1,1.6
25.08.2021 00:12:35.097,1.25915,1.25903,1,1.5
25.08.2021 00:12:35.199,1.25914,1.2590100000000002,1,1.1
25.08.2021 00:12:35.249,1.2591100000000002,1.2590100000000002,1,2.02
25.08.2021 00:12:35.351,1.2591200000000002,1.25899,1.1,1
25.08.2021 00:12:36.211,1.2591100000000002,1.2590000000000001,1.1,1
25.08.2021 00:12:38.161,1.2591200000000002,1.2590100000000002,2.07,1.1
25.08.2021 00:12:38.263,1.2591200000000002,1.2590100000000002,1.2,1.1
25.08.2021 00:12:38.365,1.2591700000000001,1.25904,2.15,1
25.08.2021 00:12:38.416,1.2591700000000001,1.25904,1.2,1.1
25.08.2021 00:12:40.075,1.2591700000000001,1.25904,1,1.79
25.08.2021 00:12:41.150,1.2591700000000001,1.25906,1,1.1
25.08.2021 00:12:44.885,1.25918,1.25905,1,1.79
25.08.2021 00:12:46.730,1.25919,1.2591100000000002,1,1.1
25.08.2021 00:12:46.781,1.25924,1.25913,1,1
25.08.2021 00:12:46.882,1.25926,1.25913,1.6,1
25.08.2021 00:12:46.983,1.25926,1.25913,1.1,1
25.08.2021 00:12:55.437,1.2592700000000001,1.25914,1,1.1
25.08.2021 00:13:19.785,1.25928,1.25915,1,1.1
25.08.2021 00:13:19.886,1.2593,1.25916,1.12,1.1
25.08.2021 00:13:21.004,1.25929,1.25918,1.12,1
25.08.2021 00:13:21.106,1.25929,1.2591700000000001,1,1
25.08.2021 00:13:21.258,1.2593100000000002,1.2591700000000001,1.2,1.5
25.08.2021 00:13:22.122,1.2593,1.2591700000000001,1.5,1
25.08.2021 00:13:22.173,1.25928,1.25916,1,1.57
25.08.2021 00:13:22.754,1.2593,1.2591700000000001,1,1
25.08.2021 00:13:25.904,1.25926,1.2591700000000001,1,1.57
25.08.2021 00:13:26.055,1.25926,1.25915,1.1,2.32
25.08.2021 00:13:43.941,1.2592700000000001,1.25914,1,2.57
25.08.2021 00:13:47.489,1.25926,1.25915,1,1.76
25.08.2021 00:14:01.300,1.25926,1.2591700000000001,1.1,1.5
25.08.2021 00:14:01.352,1.2593,1.25919,1.57,1.1
25.08.2021 00:14:01.505,1.2593100000000002,1.25918,1,1.1
25.08.2021 00:14:02.874,1.2593200000000002,1.2592100000000002,1.57,1
25.08.2021 00:14:12.699,1.25933,1.2592,1,1.35
25.08.2021 00:14:20.087,1.2593200000000002,1.2592100000000002,1,1.01
25.08.2021 00:14:24.178,1.25926,1.25916,1,3.17
25.08.2021 00:14:24.279,1.25926,1.25915,1,1.27
25.08.2021 00:14:24.683,1.25925,1.25915,1,1.1
25.08.2021 00:14:24.885,1.25923,1.2591100000000002,1,2.45
25.08.2021 00:14:24.986,1.2592,1.25908,1.5,2.59
25.08.2021 00:14:25.037,1.25918,1.25908,1,2.14
25.08.2021 00:14:25.138,1.25919,1.25908,1,1.25
25.08.2021 00:14:25.250,1.25918,1.25908,1,1.25
25.08.2021 00:14:30.459,1.2591700000000001,1.25906,1.5,1.1
25.08.2021 00:14:47.446,1.25919,1.25905,1.1,1.1
25.08.2021 00:14:48.463,1.25919,1.25905,1,1.79
25.08.2021 00:14:48.759,1.2591700000000001,1.25906,1,1.79
25.08.2021 00:14:50.798,1.25918,1.25905,1,1.01
25.08.2021 00:14:54.812,1.25918,1.25905,1,1.79
25.08.2021 00:14:55.040,1.25918,1.25905,1,1.01
25.08.2021 00:14:55.192,1.2591700000000001,1.25906,1,1.35
25.08.2021 00:14:58.249,1.25918,1.25905,1,1.01
25.08.2021 00:15:15.827,1.2591200000000002,1.25899,1,2.7
25.08.2021 00:15:15.929,1.2591100000000002,1.25898,1.1,1.5
25.08.2021 00:15:16.030,1.2591,1.25899,1.1,1
25.08.2021 00:15:18.063,1.2591,1.2589700000000001,1,1.1
25.08.2021 00:15:41.182,1.2591100000000002,1.25898,1.1,1
25.08.2021 00:15:46.125,1.2591100000000002,1.2590100000000002,1.1,1
25.08.2021 00:15:46.226,1.2591200000000002,1.2590000000000001,1,1
25.08.2021 00:15:46.327,1.2591100000000002,1.2590000000000001,1,1.1
25.08.2021 00:15:46.429,1.2591,1.25899,1,1.1
25.08.2021 00:15:52.222,1.25909,1.25896,1,1.47
25.08.2021 00:15:54.506,1.25914,1.2590100000000002,2.26,2.29
25.08.2021 00:15:54.607,1.25914,1.25902,1.1,1.22
25.08.2021 00:15:54.658,1.25916,1.25902,1.85,2.54
25.08.2021 00:15:54.759,1.25915,1.25902,1,2.54
25.08.2021 00:15:56.380,1.2591,1.25899,1,1.6
25.08.2021 00:15:56.481,1.25909,1.25898,1,1.41
25.08.2021 00:15:59.324,1.2591,1.2590100000000002,1,2.35
25.08.2021 00:15:59.425,1.2591200000000002,1.2590100000000002,1,1.57
25.08.2021 00:15:59.577,1.2591100000000002,1.2590100000000002,1,1.57
25.08.2021 00:16:00.068,1.25908,1.25899,1,1.85
25.08.2021 00:16:00.169,1.25908,1.2589700000000001,1,1.85
25.08.2021 00:16:00.371,1.25906,1.2589700000000001,1,1.6
25.08.2021 00:16:00.473,1.25906,1.25896,1.5,1.1
25.08.2021 00:16:00.523,1.2590100000000002,1.25892,1,1.7
25.08.2021 00:16:00.578,1.25902,1.25892,1.5,1.1
25.08.2021 00:16:01.191,1.2590000000000001,1.25892,1,1.1
25.08.2021 00:16:05.011,1.2590000000000001,1.25888,1.5,1.47
25.08.2021 00:16:05.239,1.2590000000000001,1.25888,1.5,1.47
25.08.2021 00:16:06.059,1.2590000000000001,1.25888,1.5,1.47
25.08.2021 00:16:06.172,1.2590000000000001,1.25888,1.5,1.35
25.08.2021 00:16:06.374,1.25898,1.2588700000000002,1,3.1
25.08.2021 00:16:15.589,1.2589700000000001,1.25888,1,1.41
25.08.2021 00:16:22.037,1.25899,1.2588700000000002,1,1.41
25.08.2021 00:16:24.264,1.25898,1.25888,1,2.16
25.08.2021 00:16:31.134,1.2590000000000001,1.25888,1,1.35
25.08.2021 00:16:31.241,1.25899,1.25889,1,1.22
25.08.2021 00:16:37.269,1.25898,1.25888,1,2.35
25.08.2021 00:16:43.570,1.25899,1.2588700000000002,1,1.41
25.08.2021 00:16:45.152,1.25899,1.2588700000000002,1,1.41
25.08.2021 00:17:00.302,1.25902,1.2589000000000001,1.5,1.22
25.08.2021 00:17:00.403,1.25902,1.2589000000000001,1.5,1.47
25.08.2021 00:17:00.605,1.25903,1.2589000000000001,1,1.85
25.08.2021 00:17:15.051,1.25903,1.2589299999999999,1.5,1
25.08.2021 00:17:15.102,1.25906,1.25894,1,1.22
25.08.2021 00:17:15.203,1.25906,1.25895,1.5,1.22
25.08.2021 00:17:15.355,1.2590700000000001,1.2589700000000001,1.12,1.1
25.08.2021 00:17:17.483,1.25908,1.25895,1.5,1.41
25.08.2021 00:17:20.391,1.25909,1.25896,1.5,1.41
25.08.2021 00:17:20.493,1.2590700000000001,1.2589299999999999,1.5,1.6
25.08.2021 00:17:20.594,1.25904,1.25894,1,2.1
25.08.2021 00:17:20.943,1.2590700000000001,1.25894,1.5,1.22
25.08.2021 00:17:21.494,1.2590700000000001,1.2589299999999999,1.5,2.29
25.08.2021 00:17:27.440,1.2590700000000001,1.25894,1,3.47
25.08.2021 00:17:28.710,1.2590700000000001,1.25894,1,3.47
25.08.2021 00:17:29.097,1.25906,1.25895,1,3.47
25.08.2021 00:17:33.143,1.2590700000000001,1.25894,1,3.47
25.08.2021 00:17:33.371,1.2590700000000001,1.25894,1,3.47
25.08.2021 00:17:33.473,1.25908,1.25895,1.5,2.16
25.08.2021 00:17:36.089,1.2591,1.2590000000000001,1,1.1
25.08.2021 00:17:36.190,1.2591,1.2590100000000002,1,1.57
25.08.2021 00:17:36.292,1.2591100000000002,1.2590000000000001,1,1.6
25.08.2021 00:17:36.654,1.25913,1.2590000000000001,1.5,2.72
25.08.2021 00:17:36.856,1.2591200000000002,1.2590000000000001,1,2.1
25.08.2021 00:17:36.957,1.2591100000000002,1.25899,1,1.85
25.08.2021 00:17:38.007,1.2591100000000002,1.25899,1,1.41
25.08.2021 00:17:38.386,1.25909,1.2590100000000002,1,1.6
25.08.2021 00:17:38.487,1.2591100000000002,1.2590000000000001,1.5,1.6
25.08.2021 00:17:38.639,1.2591100000000002,1.2590000000000001,1,1.79
25.08.2021 00:17:40.006,1.2591200000000002,1.25903,1,1.22
25.08.2021 00:17:40.209,1.25914,1.2590100000000002,1.5,2.29
25.08.2021 00:17:43.630,1.25914,1.25902,1.5,2.54
25.08.2021 00:17:43.870,1.25915,1.25902,1.5,2.66
25.08.2021 00:17:50.919,1.25915,1.25902,1.5,3.97
25.08.2021 00:17:51.021,1.25915,1.25902,1.5,3.97
25.08.2021 00:17:54.297,1.25915,1.25903,1.5,1.22
25.08.2021 00:17:54.348,1.25916,1.2590700000000001,1.5,1.1
25.08.2021 00:17:54.449,1.25919,1.2591,1.12,2.35
25.08.2021 00:17:54.550,1.2592100000000002,1.25909,1.5,1.35
25.08.2021 00:17:54.706,1.2592100000000002,1.25908,1.5,1.35
25.08.2021 00:17:54.869,1.2592,1.2590700000000001,1.5,1.47
25.08.2021 00:17:55.139,1.2591700000000001,1.25906,1.5,1.2
25.08.2021 00:17:55.242,1.25915,1.25903,1,2.35
25.08.2021 00:17:55.343,1.25914,1.25904,1,2.22
25.08.2021 00:18:01.371,1.25915,1.25905,1.5,1.6
25.08.2021 00:18:01.472,1.25915,1.25902,1.5,1.6
25.08.2021 00:18:01.573,1.25915,1.25902,1.5,1.6
25.08.2021 00:18:08.225,1.25914,1.25905,1,1.6
25.08.2021 00:18:08.326,1.25916,1.25904,1,1.79
25.08.2021 00:18:08.377,1.25915,1.25902,1.5,2.35
25.08.2021 00:18:08.478,1.25914,1.25903,1.5,2.35
25.08.2021 00:18:08.904,1.25915,1.25902,1,2.35
25.08.2021 00:18:10.654,1.25915,1.25902,1,2.35
25.08.2021 00:18:13.210,1.25915,1.25906,1,1
25.08.2021 00:18:13.261,1.25919,1.2591,1.95,1.01
25.08.2021 00:18:13.363,1.2592100000000002,1.2591,1.87,1.35
25.08.2021 00:18:13.465,1.25918,1.2591,1,1.12
25.08.2021 00:18:14.182,1.2592200000000002,1.2591,1,1.1
25.08.2021 00:18:14.284,1.2592,1.2591,1,1.41
25.08.2021 00:18:14.386,1.2592200000000002,1.2591,1,1.1
25.08.2021 00:18:17.171,1.2592200000000002,1.2591,1,1.41
25.08.2021 00:18:36.828,1.25923,1.2591,1.5,2.16
25.08.2021 00:18:39.257,1.2592100000000002,1.25909,1.5,2.16
25.08.2021 00:18:39.307,1.25923,1.25909,1.5,2.16
25.08.2021 00:18:40.480,1.2592200000000002,1.2591,1,1.1
25.08.2021 00:18:40.634,1.25923,1.2591,1.5,1.1
25.08.2021 00:18:45.925,1.25923,1.2591,1,1.79
25.08.2021 00:18:54.709,1.25923,1.25913,1,1.1
25.08.2021 00:18:55.505,1.25923,1.2591,1,2.29
25.08.2021 00:19:00.999,1.25924,1.2591100000000002,1.5,1.22
25.08.2021 00:19:01.392,1.25923,1.2591100000000002,1,1.6
25.08.2021 00:19:04.832,1.25923,1.2591200000000002,1.5,1.22
25.08.2021 00:19:05.483,1.25924,1.25913,1.5,1
25.08.2021 00:19:05.534,1.25924,1.25914,1,1.1
25.08.2021 00:19:05.585,1.25929,1.25918,2.25,1
25.08.2021 00:19:05.686,1.25928,1.2591700000000001,1.5,1.1
25.08.2021 00:19:05.837,1.2593,1.25918,1.5,1.1
25.08.2021 00:19:05.989,1.2593,1.25919,1.5,1.1
25.08.2021 00:19:06.140,1.2593,1.2591700000000001,1.5,1.97
25.08.2021 00:19:06.908,1.25929,1.2591700000000001,1,1.22
25.08.2021 00:19:06.959,1.25924,1.2591200000000002,1,1.91
25.08.2021 00:19:07.060,1.25923,1.25913,1,1.85
25.08.2021 00:19:07.161,1.25924,1.2591200000000002,1.5,1.41
25.08.2021 00:19:07.863,1.2592200000000002,1.2591200000000002,1,1.85
25.08.2021 00:19:08.015,1.25924,1.2591100000000002,1.5,1.35
25.08.2021 00:19:08.167,1.25923,1.25913,1,1.35
25.08.2021 00:19:08.319,1.25925,1.25913,1.5,1.35
25.08.2021 00:19:08.421,1.25923,1.2591100000000002,1,1.35
25.08.2021 00:19:08.783,1.25923,1.2591,1,2.04
25.08.2021 00:19:08.985,1.2592200000000002,1.2591,1,1.85
25.08.2021 00:19:09.086,1.2592200000000002,1.2591100000000002,1.5,1.47
25.08.2021 00:19:20.865,1.25923,1.25909,1.5,2.29
25.08.2021 00:19:20.916,1.2591700000000001,1.25908,1.5,1.27
25.08.2021 00:19:20.967,1.2591700000000001,1.25906,1.5,1.1
25.08.2021 00:19:21.069,1.25915,1.25904,1.5,2.92
25.08.2021 00:19:21.273,1.25915,1.25903,1,1.6
25.08.2021 00:19:21.374,1.25916,1.25902,1,3.22
25.08.2021 00:19:23.434,1.25915,1.25902,1,2.47
25.08.2021 00:19:25.499,1.25919,1.25909,1.5,1
25.08.2021 00:19:25.601,1.2592,1.25909,1.5,1.1
25.08.2021 00:19:25.702,1.2592100000000002,1.2591,1,1.22
25.08.2021 00:19:26.512,1.2592200000000002,1.2591,1.5,1.22
25.08.2021 00:19:26.900,1.2592100000000002,1.2591,1,1.22
25.08.2021 00:19:27.001,1.25915,1.25903,1.5,1.72
25.08.2021 00:19:27.153,1.25914,1.25903,1.5,2.47
25.08.2021 00:19:34.880,1.25915,1.25902,1,2.47
25.08.2021 00:19:36.369,1.2591700000000001,1.25906,1.5,1.41
25.08.2021 00:19:37.063,1.2591700000000001,1.25903,1,5.8
25.08.2021 00:19:37.573,1.2591700000000001,1.25903,1,4.3
25.08.2021 00:19:39.633,1.2591700000000001,1.2590700000000001,1,1
25.08.2021 00:19:39.835,1.25916,1.25909,1.5,1.75
25.08.2021 00:19:39.886,1.25919,1.25909,1,1.2
25.08.2021 00:19:39.937,1.2592100000000002,1.2591,1.2,1.1
25.08.2021 00:19:40.038,1.2592100000000002,1.2591,1,1.1
25.08.2021 00:19:40.139,1.2592100000000002,1.2591,1.5,1.35
25.08.2021 00:19:40.741,1.2592100000000002,1.25908,1,2.72
25.08.2021 00:19:40.792,1.25916,1.25905,1.5,1.91
25.08.2021 00:19:40.893,1.25916,1.25903,1,1.85
25.08.2021 00:19:40.994,1.25916,1.2590700000000001,1,1.1
25.08.2021 00:19:41.145,1.25918,1.25908,1.5,1.57
25.08.2021 00:19:41.247,1.2592,1.2591,1.2,1.41
25.08.2021 00:19:41.348,1.2592200000000002,1.2591,1.5,1.1
25.08.2021 00:19:41.449,1.2592100000000002,1.2591,1.5,1.41
25.08.2021 00:19:43.117,1.25919,1.2590700000000001,1,1.72
25.08.2021 00:19:43.219,1.2592,1.25909,1.5,1.57
25.08.2021 00:19:43.320,1.2592,1.25909,1.5,1.35
25.08.2021 00:19:43.429,1.2592100000000002,1.2591100000000002,1,1.22
25.08.2021 00:19:43.878,1.25918,1.25909,1,1.39
25.08.2021 00:19:43.979,1.25918,1.2591,1,1.12
25.08.2021 00:19:44.080,1.2591700000000001,1.25903,1,4.6
25.08.2021 00:19:44.182,1.25916,1.25903,1.5,2.35
25.08.2021 00:19:44.283,1.25916,1.25903,1.5,2.22
25.08.2021 00:19:44.333,1.25918,1.25906,1,3.29
25.08.2021 00:19:44.434,1.2591700000000001,1.25906,1.5,3.29
25.08.2021 00:19:44.485,1.25916,1.25904,1,1.85
25.08.2021 00:19:44.536,1.25918,1.25908,1,1
25.08.2021 00:19:44.587,1.2591700000000001,1.25904,1.5,1.85
25.08.2021 00:19:44.789,1.25918,1.25905,1,1.35
25.08.2021 00:19:44.840,1.25916,1.25904,1,1.47
25.08.2021 00:19:44.941,1.25916,1.25904,1.5,1.35
25.08.2021 00:19:45.043,1.25919,1.25909,1,1
25.08.2021 00:19:45.245,1.25916,1.25905,1.5,1.85
25.08.2021 00:19:45.346,1.2591700000000001,1.25904,1.5,1.41
25.08.2021 00:19:45.397,1.2591700000000001,1.25904,1.5,1.41
25.08.2021 00:19:45.498,1.25916,1.25904,1,1.41
25.08.2021 00:19:45.660,1.25915,1.25908,1,1.39
25.08.2021 00:19:45.711,1.25918,1.25904,1,2.35
25.08.2021 00:19:45.812,1.25916,1.25905,1,1.85
25.08.2021 00:19:45.913,1.25916,1.25905,1,1.85
25.08.2021 00:19:45.964,1.25918,1.2591,1,1.01
25.08.2021 00:19:46.015,1.2592100000000002,1.25909,1.5,2.6
25.08.2021 00:19:46.116,1.2592100000000002,1.25909,1.5,2.35
25.08.2021 00:19:47.000,1.2591700000000001,1.25905,1,2.29
25.08.2021 00:19:47.051,1.25916,1.25905,1,1.97
25.08.2021 00:19:47.152,1.2591700000000001,1.25905,1,1.41
25.08.2021 00:19:47.254,1.2591700000000001,1.25904,1.5,1.35
25.08.2021 00:19:47.455,1.25918,1.25908,1,1.1
25.08.2021 00:19:47.557,1.25915,1.25905,1.5,1.85
25.08.2021 00:19:47.860,1.25916,1.25902,1.5,1.85
25.08.2021 00:19:48.686,1.25914,1.25903,1,1.85
25.08.2021 00:19:49.685,1.25914,1.25902,1,6.85
25.08.2021 00:20:18.891,1.25918,1.25909,1,2.62
25.08.2021 00:20:18.993,1.25919,1.2591,1,1.76
25.08.2021 00:20:19.095,1.2592100000000002,1.25909,1,1.01
25.08.2021 00:20:19.196,1.2592,1.2591,1,1.35
25.08.2021 00:20:20.292,1.2592100000000002,1.25909,1,1.85
25.08.2021 00:20:20.541,1.2592200000000002,1.25909,1.5,1.79
25.08.2021 00:20:20.871,1.2592,1.2591,1,1.79
25.08.2021 00:20:22.431,1.2592100000000002,1.25908,1.5,1.1
25.08.2021 00:20:22.482,1.2591700000000001,1.25906,1,1.77
25.08.2021 00:20:22.634,1.2591700000000001,1.25904,1,2.47
25.08.2021 00:20:22.736,1.25916,1.25904,1,1.7
25.08.2021 00:20:22.837,1.25915,1.25905,1,1.1
25.08.2021 00:20:23.011,1.25916,1.25903,1,1.57
25.08.2021 00:20:23.353,1.25916,1.25905,1,1
25.08.2021 00:20:23.455,1.2591700000000001,1.2590700000000001,1,3.07
25.08.2021 00:20:24.647,1.25919,1.2591,1,1.01
25.08.2021 00:20:24.848,1.2592100000000002,1.25909,1,2.91
25.08.2021 00:20:25.050,1.2592200000000002,1.25909,1.5,2.91
25.08.2021 00:20:26.990,1.2592200000000002,1.25909,1.5,3.1
25.08.2021 00:20:46.260,1.25925,1.25914,1,3.04
25.08.2021 00:20:46.462,1.25925,1.2591200000000002,1,2.97
25.08.2021 00:20:46.613,1.25924,1.2591100000000002,1,1.85
25.08.2021 00:20:52.714,1.25923,1.2591100000000002,1,1.75
25.08.2021 00:20:53.096,1.2592700000000001,1.25916,1,1
25.08.2021 00:20:53.198,1.2592700000000001,1.2591700000000001,1,1
25.08.2021 00:20:53.350,1.25928,1.2591700000000001,1,1
25.08.2021 00:20:54.078,1.25928,1.25918,1,2.44
25.08.2021 00:20:54.788,1.2593,1.2591700000000001,1.5,2.81
25.08.2021 00:20:56.074,1.2593,1.2591700000000001,1,2.91
25.08.2021 00:20:58.880,1.2593,1.2591700000000001,1,2.89
25.08.2021 00:20:59.183,1.2593,1.2591700000000001,1,2.91
25.08.2021 00:21:16.016,1.2593,1.2591700000000001,1,2.89
25.08.2021 00:21:16.325,1.25928,1.2591700000000001,1,1.31
25.08.2021 00:21:16.376,1.2593,1.25916,1,1.6
25.08.2021 00:21:16.426,1.25928,1.2591700000000001,1,1
25.08.2021 00:21:16.578,1.25929,1.2591700000000001,1,2.35
25.08.2021 00:21:16.679,1.2593,1.2591700000000001,1,2.91
25.08.2021 00:21:22.851,1.2593,1.2592200000000002,1,1
25.08.2021 00:21:22.952,1.2593100000000002,1.25919,1,1.41
25.08.2021 00:21:23.515,1.2593100000000002,1.2591700000000001,1,3.85
25.08.2021 00:21:27.748,1.2593200000000002,1.25925,1,1
25.08.2021 00:21:27.799,1.25933,1.25926,1,1
25.08.2021 00:21:28.254,1.2593200000000002,1.25925,1,1
25.08.2021 00:21:28.305,1.2593200000000002,1.2592,1,1.39
25.08.2021 00:21:28.456,1.2593,1.25919,1,2.54
25.08.2021 00:21:28.774,1.2593200000000002,1.2592,1,1.22
25.08.2021 00:21:28.925,1.2593200000000002,1.25925,1,1
25.08.2021 00:21:29.026,1.2593400000000001,1.25924,1.2,1
25.08.2021 00:21:29.127,1.25935,1.25925,1.2,1.25
25.08.2021 00:21:29.480,1.25937,1.25925,1.89,2.16
25.08.2021 00:21:34.592,1.25937,1.25928,1,1.2
25.08.2021 00:21:39.489,1.25938,1.2592700000000001,1,1.35
25.08.2021 00:21:45.640,1.25937,1.25929,1,1.37
25.08.2021 00:21:46.069,1.25937,1.25929,1,1
25.08.2021 00:21:46.221,1.25938,1.25925,1,3.1
25.08.2021 00:21:58.063,1.25938,1.25925,1,2.26
25.08.2021 00:21:58.165,1.25937,1.25925,1,3.1
25.08.2021 00:22:05.657,1.25937,1.25924,1,1.1
25.08.2021 00:22:05.708,1.2593400000000001,1.25925,1,1
25.08.2021 00:22:05.809,1.2593400000000001,1.25926,1,2.5
25.08.2021 00:22:05.859,1.25937,1.25925,1.5,2.76
25.08.2021 00:22:05.910,1.25937,1.25924,1.5,1.57
25.08.2021 00:22:06.011,1.25937,1.25925,1.5,1.57
25.08.2021 00:22:06.531,1.25935,1.25925,1,1.57
25.08.2021 00:22:06.632,1.25936,1.25925,1,1.57
25.08.2021 00:22:08.046,1.25935,1.25925,1,1.95
25.08.2021 00:22:10.818,1.2593400000000001,1.25925,1,5.7
25.08.2021 00:22:11.847,1.25935,1.25924,1,5.82
25.08.2021 00:22:12.065,1.25935,1.25923,1,1.95
25.08.2021 00:22:12.218,1.25935,1.25924,1,2.07
25.08.2021 00:22:12.471,1.25935,1.25924,1,2.51
25.08.2021 00:22:12.572,1.25928,1.2592,1,3.75
25.08.2021 00:22:12.623,1.25928,1.25919,1.5,1.1
25.08.2021 00:22:12.981,1.25928,1.25919,1,2.16
25.08.2021 00:22:13.032,1.2593100000000002,1.25919,1.5,1.1
25.08.2021 00:22:13.083,1.2593100000000002,1.2592100000000002,1.5,1
25.08.2021 00:22:13.234,1.2593100000000002,1.25918,1.5,1.2
25.08.2021 00:22:13.285,1.25929,1.2591700000000001,1,2.15
25.08.2021 00:22:13.438,1.25929,1.2591700000000001,1,1.2
25.08.2021 00:22:13.589,1.25929,1.2592,1,1
25.08.2021 00:22:13.691,1.25929,1.25919,1,1.2
25.08.2021 00:22:13.792,1.25929,1.2592,1,1
25.08.2021 00:22:13.909,1.25929,1.25919,1,1.2
25.08.2021 00:22:14.061,1.2593100000000002,1.25919,1.5,1.22
25.08.2021 00:22:16.563,1.2593,1.2591700000000001,1,2.47
25.08.2021 00:22:19.478,1.2593,1.2591700000000001,1.5,1.72
25.08.2021 00:22:20.423,1.2593200000000002,1.25919,1.5,1.2
25.08.2021 00:22:20.575,1.2593200000000002,1.2592100000000002,1.5,1.5
25.08.2021 00:22:20.676,1.25933,1.2592100000000002,1.5,1.5
25.08.2021 00:22:21.078,1.25935,1.25924,1,2.32
25.08.2021 00:22:21.868,1.2593400000000001,1.25923,1.5,1.57
25.08.2021 00:22:22.020,1.25936,1.25924,1.5,1.57
25.08.2021 00:22:22.273,1.25936,1.25924,1.5,3.04
25.08.2021 00:22:24.811,1.25936,1.25926,1,1
25.08.2021 00:22:25.200,1.25935,1.25928,1,1
25.08.2021 00:22:25.402,1.25936,1.25925,1,1.46
25.08.2021 00:22:26.496,1.25936,1.25923,1.5,4.3
25.08.2021 00:22:26.597,1.25936,1.25924,1.5,3.22
25.08.2021 00:22:26.699,1.25935,1.25924,1,1.95
25.08.2021 00:22:26.851,1.2593400000000001,1.25925,1,4.72
25.08.2021 00:22:28.574,1.25936,1.25925,1,1.57
25.08.2021 00:22:28.826,1.25935,1.25924,1.5,1.95
25.08.2021 00:22:29.030,1.2593400000000001,1.25925,1,2.07
25.08.2021 00:22:29.182,1.25935,1.25926,1.5,1.1
25.08.2021 00:22:29.810,1.25935,1.2592700000000001,1,1
25.08.2021 00:22:30.605,1.25937,1.2592700000000001,1.5,1
25.08.2021 00:22:30.804,1.25937,1.25928,1,1
25.08.2021 00:22:30.905,1.25936,1.25928,1,1.69
25.08.2021 00:22:31.006,1.25937,1.25928,1,1
25.08.2021 00:22:32.514,1.25935,1.25925,1,1.1
25.08.2021 00:22:32.565,1.25935,1.25923,1,3.2
25.08.2021 00:22:32.667,1.25935,1.25924,1.5,3.37
25.08.2021 00:22:34.215,1.25935,1.25926,1,1
25.08.2021 00:22:34.367,1.25936,1.25926,1.5,1
25.08.2021 00:22:34.524,1.25936,1.25924,1.5,1.2
25.08.2021 00:22:34.625,1.25935,1.25923,1,2.47
25.08.2021 00:22:34.676,1.2593200000000002,1.2592100000000002,1,2.37
25.08.2021 00:22:34.777,1.2593100000000002,1.25924,1,1
25.08.2021 00:22:34.878,1.25935,1.25925,2,2.32
25.08.2021 00:22:34.980,1.2593400000000001,1.25925,1,1.95
25.08.2021 00:22:35.132,1.25935,1.25924,1,2.82
25.08.2021 00:22:36.080,1.25936,1.25925,1.5,1.57
25.08.2021 00:22:36.546,1.25936,1.25926,1,1
25.08.2021 00:22:37.033,1.2593400000000001,1.2592700000000001,1,1
25.08.2021 00:22:37.336,1.25935,1.25924,1,1.6
25.08.2021 00:22:37.438,1.2593200000000002,1.2592200000000002,1.5,2.45
25.08.2021 00:22:37.539,1.2593100000000002,1.2592,1,1.6
25.08.2021 00:22:37.589,1.2593,1.2592,1,1.1
25.08.2021 00:22:37.791,1.25933,1.25923,1,2.25
25.08.2021 00:22:37.892,1.25933,1.25925,1,1.57
25.08.2021 00:22:37.993,1.2593400000000001,1.25924,1,2.85
25.08.2021 00:22:38.196,1.25933,1.2592200000000002,1,1.7
25.08.2021 00:22:38.297,1.2593200000000002,1.25918,1,1.96
25.08.2021 00:22:38.398,1.25928,1.25919,1,1.6
25.08.2021 00:22:38.499,1.25929,1.25918,1,1.2
25.08.2021 00:22:39.021,1.25929,1.2592100000000002,1,1
25.08.2021 00:22:39.123,1.2593,1.25919,1,1.1
25.08.2021 00:22:39.225,1.2593,1.2592,1,1.1
25.08.2021 00:22:39.327,1.2593,1.25919,1,1.57
25.08.2021 00:22:39.530,1.2593,1.2592,1,1.39
25.08.2021 00:22:39.960,1.2593,1.2592100000000002,1,1.1
25.08.2021 00:22:40.274,1.25929,1.25919,1,1.6
25.08.2021 00:22:40.376,1.25928,1.2591700000000001,1,1.8
25.08.2021 00:22:40.628,1.2592700000000001,1.25916,1,4.16
25.08.2021 00:22:40.835,1.2592700000000001,1.25916,1,3.41
25.08.2021 00:22:42.110,1.2592700000000001,1.25916,1,2.91
25.08.2021 00:22:55.896,1.25926,1.25919,1,1
25.08.2021 00:22:55.998,1.25929,1.25919,1.5,1.1
25.08.2021 00:22:56.823,1.25928,1.25916,1,5.47
25.08.2021 00:22:56.924,1.25926,1.2591700000000001,1,5.47
25.08.2021 00:22:57.395,1.25928,1.2592,1,1.25
25.08.2021 00:22:57.497,1.2592700000000001,1.2591700000000001,1,1.57
25.08.2021 00:22:57.599,1.2592700000000001,1.2591700000000001,1,1.6
25.08.2021 00:22:58.954,1.25928,1.2592100000000002,1.5,1.12
25.08.2021 00:22:59.912,1.2592700000000001,1.25918,1,1.1
25.08.2021 00:23:01.895,1.2592700000000001,1.2591700000000001,1,5.47
25.08.2021 00:23:07.432,1.2593,1.2592,1,1.5
25.08.2021 00:23:07.535,1.25928,1.25918,1,3.6
25.08.2021 00:23:07.636,1.25928,1.2591700000000001,1,1.22
25.08.2021 00:23:08.364,1.2593,1.25923,1,1
25.08.2021 00:23:08.415,1.2593,1.2592,1.5,2.25
25.08.2021 00:23:08.517,1.25929,1.25919,1,1.1
25.08.2021 00:23:08.619,1.25928,1.2591700000000001,1,2.92
25.08.2021 00:23:08.670,1.25933,1.25924,1.87,1.5
25.08.2021 00:23:08.823,1.25935,1.25924,1,1.57
25.08.2021 00:23:08.925,1.25935,1.25924,1,2.82
25.08.2021 00:23:24.660,1.25935,1.25924,1,1.57
25.08.2021 00:23:24.711,1.2593200000000002,1.25925,1,1.57
25.08.2021 00:23:26.191,1.2593400000000001,1.25924,1,1
25.08.2021 00:23:27.715,1.25935,1.25924,1.5,2.25
25.08.2021 00:23:28.148,1.2593400000000001,1.25925,1.5,1.85
25.08.2021 00:23:28.402,1.2593200000000002,1.25925,1,1.76
25.08.2021 00:23:28.821,1.25935,1.25924,1,2.51
25.08.2021 00:23:32.008,1.2593,1.25924,1,1.5
25.08.2021 00:23:32.110,1.25933,1.25924,1.5,1.5
25.08.2021 00:23:32.211,1.2593200000000002,1.25924,1,1
25.08.2021 00:23:32.313,1.25929,1.2592100000000002,1,1.12
25.08.2021 00:23:33.410,1.2593200000000002,1.25923,1,1.5
25.08.2021 00:23:33.830,1.2593100000000002,1.25923,1,1
25.08.2021 00:23:34.224,1.2593400000000001,1.25925,1,1.1
25.08.2021 00:23:34.326,1.25935,1.25926,1,1
25.08.2021 00:23:35.044,1.2593200000000002,1.25924,1,1.57
25.08.2021 00:23:35.402,1.2593100000000002,1.25918,1,5.1
25.08.2021 00:23:35.453,1.25929,1.2592,1,1
25.08.2021 00:23:35.604,1.2593200000000002,1.25923,1,2.25
25.08.2021 00:23:35.705,1.2593200000000002,1.25924,1.12,2.25
25.08.2021 00:23:36.074,1.25933,1.25924,1,1
25.08.2021 00:23:36.175,1.25935,1.25926,1.5,1
25.08.2021 00:23:36.276,1.25936,1.25924,1.5,3.6
25.08.2021 00:23:36.428,1.25936,1.2592700000000001,1.5,1
25.08.2021 00:23:37.425,1.25936,1.25924,1.5,3.6
25.08.2021 00:23:37.475,1.25933,1.25925,1,2.07
25.08.2021 00:23:37.577,1.25936,1.25924,1.5,2.1
25.08.2021 00:23:37.627,1.2593400000000001,1.25926,1,1
25.08.2021 00:23:37.678,1.25936,1.25926,1,1.1
25.08.2021 00:23:38.052,1.25935,1.2592700000000001,1,1.6
25.08.2021 00:23:38.153,1.25935,1.2592700000000001,1,1
25.08.2021 00:23:38.254,1.2593400000000001,1.2592700000000001,1,1
25.08.2021 00:23:38.456,1.2593400000000001,1.25926,1,1
25.08.2021 00:23:38.557,1.2593400000000001,1.25924,1,1.69
25.08.2021 00:23:38.658,1.25935,1.2592700000000001,1.5,1
25.08.2021 00:23:38.709,1.25936,1.25924,1.5,1.57
25.08.2021 00:23:38.810,1.25935,1.2592700000000001,1.5,1
25.08.2021 00:23:39.151,1.2593400000000001,1.25926,1,1
25.08.2021 00:23:39.202,1.25936,1.25926,1,1.1
25.08.2021 00:23:40.037,1.2593400000000001,1.25926,1,1
25.08.2021 00:23:40.088,1.25935,1.2592700000000001,1,1.1
25.08.2021 00:23:41.131,1.25933,1.25924,1,1.6
25.08.2021 00:23:41.182,1.25936,1.25924,1,1.6
25.08.2021 00:23:41.233,1.2593400000000001,1.25924,1,1.6
25.08.2021 00:23:41.283,1.25936,1.25926,1,1.1
25.08.2021 00:23:41.904,1.2593400000000001,1.25924,1,1.6
25.08.2021 00:23:41.955,1.25936,1.25926,1,1
25.08.2021 00:23:42.209,1.25933,1.25924,1,1.6
25.08.2021 00:23:43.231,1.25933,1.25923,1,2.25
25.08.2021 00:23:43.333,1.25935,1.25923,1,1.5
25.08.2021 00:23:43.384,1.2593100000000002,1.25923,1,1.5
25.08.2021 00:23:43.434,1.2593400000000001,1.25926,1,1.12
25.08.2021 00:23:43.485,1.2593200000000002,1.25926,1,1.12
25.08.2021 00:23:43.788,1.2593200000000002,1.25924,1,1.69
25.08.2021 00:23:43.889,1.25933,1.25924,1,1.57
25.08.2021 00:23:45.446,1.25933,1.2592,1,1.6
25.08.2021 00:23:45.548,1.2592700000000001,1.2591700000000001,1,1.6
25.08.2021 00:23:45.649,1.25926,1.25918,1,1.1
25.08.2021 00:23:45.753,1.25926,1.25918,1,1
25.08.2021 00:23:45.905,1.2592700000000001,1.25919,1,1.5
25.08.2021 00:23:48.150,1.2592700000000001,1.25916,1,3.37
25.08.2021 00:23:48.252,1.25926,1.25916,1,2.25
25.08.2021 00:23:48.353,1.25925,1.25916,1,2.25
25.08.2021 00:23:52.951,1.25925,1.25915,1,1.57
25.08.2021 00:23:53.002,1.2592200000000002,1.2591200000000002,1,2.85
25.08.2021 00:23:53.103,1.25919,1.25909,1,1.6
25.08.2021 00:23:53.205,1.25919,1.25908,1,3.85
25.08.2021 00:24:22.008,1.25919,1.25908,1,2.72
25.08.2021 00:24:23.178,1.25916,1.25909,1,2.32
25.08.2021 00:24:23.534,1.25914,1.25904,1,2.35
25.08.2021 00:24:23.635,1.25913,1.25904,1,1.1
25.08.2021 00:24:23.736,1.2591100000000002,1.25904,1,1.1
25.08.2021 00:24:24.496,1.2591200000000002,1.2590000000000001,1,5.72
25.08.2021 00:24:28.422,1.2591200000000002,1.2590000000000001,1,3.82
25.08.2021 00:24:28.632,1.25908,1.25898,1,1.2
25.08.2021 00:24:28.755,1.25903,1.25896,1,1.22
25.08.2021 00:24:28.806,1.25902,1.25894,1,2.72
25.08.2021 00:24:29.260,1.25904,1.25892,1,5.72
25.08.2021 00:24:30.629,1.25905,1.25892,1,4.97
25.08.2021 00:24:31.882,1.25906,1.25892,1.5,4.97
25.08.2021 00:24:33.537,1.25904,1.2589299999999999,1,2.72
25.08.2021 00:24:33.638,1.25904,1.2589299999999999,1,2.35
25.08.2021 00:24:34.042,1.25904,1.2589100000000002,1,1.1
25.08.2021 00:24:34.143,1.25903,1.25892,1,1
25.08.2021 00:24:34.244,1.2590000000000001,1.25892,1.5,1
25.08.2021 00:24:34.295,1.2590000000000001,1.2588700000000002,1,2.1
25.08.2021 00:24:34.396,1.2589700000000001,1.25886,1,2.47
25.08.2021 00:24:34.497,1.2589700000000001,1.25886,1,1.97
25.08.2021 00:24:34.800,1.25898,1.25885,1,1.22
25.08.2021 00:24:35.577,1.25898,1.25884,1,2.91
25.08.2021 00:24:36.161,1.25898,1.25884,1.5,2.35
25.08.2021 00:24:37.136,1.2589700000000001,1.2589100000000002,1,1.25
25.08.2021 00:24:37.187,1.2590000000000001,1.2589000000000001,1.5,1.5
25.08.2021 00:24:37.288,1.25905,1.25892,1,1.79
25.08.2021 00:24:37.389,1.25905,1.25892,1,1.79
25.08.2021 00:24:37.541,1.25905,1.2589299999999999,1,1.79
25.08.2021 00:24:41.500,1.25906,1.25892,1.5,1.22
25.08.2021 00:24:41.653,1.25905,1.25892,1,1.22
25.08.2021 00:24:41.755,1.25904,1.2589299999999999,1,1.6
25.08.2021 00:24:41.857,1.25906,1.25892,1.12,1.6
25.08.2021 00:24:41.958,1.25906,1.2589299999999999,1.5,1.97
25.08.2021 00:24:42.174,1.25906,1.25892,1,2.16
25.08.2021 00:24:42.275,1.2590700000000001,1.25892,1.5,2.35
25.08.2021 00:24:42.399,1.2590700000000001,1.25892,1.5,2.35
25.08.2021 00:24:42.925,1.2590700000000001,1.25896,1,1.6
25.08.2021 00:24:43.128,1.2590700000000001,1.2589299999999999,1,3.97
25.08.2021 00:24:46.309,1.2590700000000001,1.2589299999999999,1.5,1.22
25.08.2021 00:24:47.604,1.25906,1.25892,1,1.6
25.08.2021 00:24:47.717,1.25906,1.25892,1,1.6
25.08.2021 00:24:48.935,1.25906,1.25892,1,1.6
25.08.2021 00:24:49.109,1.25906,1.25892,1,1.6
25.08.2021 00:24:49.696,1.25906,1.25892,1,1.6
25.08.2021 00:24:51.156,1.25906,1.25892,1,1.6
25.08.2021 00:24:51.399,1.25906,1.25892,1.12,1.1
25.08.2021 00:24:51.500,1.25905,1.2589299999999999,1.12,1.1
25.08.2021 00:24:51.703,1.25906,1.25892,1,1.97
25.08.2021 00:24:51.804,1.25906,1.25892,1.5,1.6
25.08.2021 00:24:52.111,1.25906,1.25892,1.5,1.1
25.08.2021 00:24:52.212,1.25904,1.2589100000000002,1.5,1.6
25.08.2021 00:24:52.314,1.25906,1.25892,2,1.6
25.08.2021 00:24:52.415,1.25906,1.25892,1.5,1.79
25.08.2021 00:24:55.809,1.2590700000000001,1.25898,1.5,1.1
25.08.2021 00:24:55.910,1.2591,1.2590000000000001,1,1.5
25.08.2021 00:24:56.213,1.25913,1.2590000000000001,1.5,1.57
25.08.2021 00:24:56.829,1.2591100000000002,1.2590000000000001,1.12,1
25.08.2021 00:24:56.879,1.25908,1.25896,1,1.22
25.08.2021 00:24:56.981,1.2590700000000001,1.25894,1.5,1.85
25.08.2021 00:24:57.082,1.25908,1.2589299999999999,1.87,1.35
25.08.2021 00:24:58.926,1.25908,1.25892,1.87,2.97
25.08.2021 00:24:59.294,1.25906,1.25892,1,2.91
25.08.2021 00:24:59.395,1.25905,1.2589299999999999,1,3.1
25.08.2021 00:24:59.606,1.25906,1.25892,1,2.35
25.08.2021 00:25:00.026,1.25908,1.25898,1.87,1.01
25.08.2021 00:25:00.127,1.25908,1.2589299999999999,1.5,1.35
25.08.2021 00:25:00.990,1.25909,1.25898,1.12,1
25.08.2021 00:25:01.041,1.25909,1.2589299999999999,1.5,3.79
25.08.2021 00:25:01.142,1.25908,1.2590100000000002,1,1
25.08.2021 00:25:01.244,1.2591200000000002,1.2590000000000001,1,1.57
25.08.2021 00:25:01.447,1.25913,1.2590000000000001,1,1.6
25.08.2021 00:25:01.969,1.25913,1.2590000000000001,1,1.6
25.08.2021 00:25:02.528,1.2591200000000002,1.2590100000000002,1,1.1
25.08.2021 00:25:02.881,1.25914,1.2590000000000001,1,2.54
25.08.2021 00:25:04.713,1.25914,1.2590000000000001,1.5,1.57
25.08.2021 00:25:04.815,1.25914,1.2590000000000001,1.5,1.6
25.08.2021 00:25:04.966,1.25913,1.25899,1,2.54
25.08.2021 00:25:05.067,1.2591100000000002,1.2590000000000001,1,1.1
25.08.2021 00:25:05.169,1.25913,1.2590000000000001,1,1.57
25.08.2021 00:25:05.270,1.25913,1.2590000000000001,1,1.6
25.08.2021 00:25:05.371,1.25914,1.2590000000000001,1.12,2.35
25.08.2021 00:25:05.472,1.2591200000000002,1.25899,1,1.1
25.08.2021 00:25:05.573,1.2591200000000002,1.2590100000000002,1.12,2.35
25.08.2021 00:25:05.675,1.25914,1.2590000000000001,1,2.54
25.08.2021 00:25:05.776,1.25913,1.2590000000000001,1,1.6
25.08.2021 00:25:06.374,1.2591100000000002,1.2589700000000001,1,4.91
25.08.2021 00:25:06.475,1.2591200000000002,1.2590100000000002,1,1.1
25.08.2021 00:25:06.576,1.2591,1.2590000000000001,1,1.57
25.08.2021 00:25:06.728,1.2591100000000002,1.25896,1,1.1
25.08.2021 00:25:06.830,1.2591,1.25894,1,3.1
25.08.2021 00:25:07.072,1.25913,1.2590000000000001,1.7,1.6
25.08.2021 00:25:07.122,1.25914,1.2590000000000001,1,2.35
25.08.2021 00:25:08.243,1.25914,1.2590000000000001,1.12,2.72
25.08.2021 00:25:08.344,1.25913,1.2590100000000002,1.5,2.35
25.08.2021 00:25:08.667,1.2591100000000002,1.25898,1,1.72
25.08.2021 00:25:08.718,1.2591,1.2589700000000001,1,1.1
25.08.2021 00:25:08.819,1.2591200000000002,1.2590100000000002,1.5,1.6
25.08.2021 00:25:08.920,1.25913,1.2590100000000002,1,3.22
25.08.2021 00:25:10.450,1.25914,1.2590000000000001,1,3.22
25.08.2021 00:25:10.552,1.25915,1.25902,1.12,2.32
25.08.2021 00:25:10.602,1.2592,1.25908,1.12,1.57
25.08.2021 00:25:10.703,1.2592100000000002,1.25908,1.5,1.6
25.08.2021 00:25:10.805,1.2592100000000002,1.25908,1.12,1.6
25.08.2021 00:25:14.235,1.2592200000000002,1.25908,1.5,2.72
25.08.2021 00:25:14.337,1.25923,1.25909,1.12,1.1
25.08.2021 00:25:14.891,1.25923,1.25909,1,1.72
25.08.2021 00:25:14.993,1.2592700000000001,1.25916,1.5,1.5
25.08.2021 00:25:15.094,1.2593,1.25916,1.12,2.7
25.08.2021 00:25:15.195,1.2593,1.25916,1.12,2.72
25.08.2021 00:25:20.464,1.2593,1.2591700000000001,1.12,1.67
25.08.2021 00:25:38.122,1.25929,1.25915,1,2.1
25.08.2021 00:25:38.224,1.25928,1.25915,1,1.22
25.08.2021 00:25:38.436,1.25928,1.25914,1,3.22
25.08.2021 00:25:40.324,1.25926,1.25914,1,1.77
25.08.2021 00:25:40.375,1.25924,1.25914,1,1.77
25.08.2021 00:25:40.526,1.25924,1.2591200000000002,1,3.22
25.08.2021 00:25:40.708,1.25924,1.2591,1.12,1.6
25.08.2021 00:25:41.915,1.25924,1.25909,1.12,1.6
25.08.2021 00:25:43.080,1.2592200000000002,1.25909,1,2.47
25.08.2021 00:25:43.181,1.25919,1.25906,1,1.8
25.08.2021 00:25:43.232,1.25918,1.2590700000000001,1.12,1.27
25.08.2021 00:25:43.785,1.25918,1.25908,1.12,1
25.08.2021 00:25:43.886,1.2592100000000002,1.2590700000000001,1,2.1
25.08.2021 00:25:44.189,1.2592100000000002,1.25905,1.95,3.22
25.08.2021 00:25:44.317,1.2592100000000002,1.25905,2.07,3.1
25.08.2021 00:25:45.577,1.2592100000000002,1.25909,2.07,1.1
25.08.2021 00:25:45.628,1.2592200000000002,1.25908,1.87,1.22
25.08.2021 00:25:46.852,1.2592100000000002,1.2590700000000001,1.95,1.72
25.08.2021 00:25:46.903,1.25919,1.25906,1.5,4.05
25.08.2021 00:25:47.055,1.2592,1.25905,1.87,2.47
25.08.2021 00:25:49.744,1.25919,1.25905,1,1.6
25.08.2021 00:25:49.845,1.25919,1.25909,1.12,1.1
25.08.2021 00:25:49.947,1.25918,1.25906,1,3.67
25.08.2021 00:25:50.048,1.25919,1.25906,1,1.7
25.08.2021 00:25:52.866,1.2592,1.25909,1.5,1.76
25.08.2021 00:25:52.917,1.2592,1.25909,1.12,1.1
25.08.2021 00:25:53.836,1.2592100000000002,1.25908,1.12,1.1
25.08.2021 00:25:55.248,1.2592,1.25909,1,2.99
25.08.2021 00:25:59.129,1.2592200000000002,1.25909,1,1.1
25.08.2021 00:26:00.463,1.2592100000000002,1.2591,1,1.1
25.08.2021 00:26:00.832,1.25919,1.25909,1,1.2
25.08.2021 00:26:00.933,1.2592,1.25908,1,2.16
25.08.2021 00:26:01.034,1.25918,1.2590700000000001,1,1.2
25.08.2021 00:26:02.086,1.2592100000000002,1.25908,1.12,2.54
25.08.2021 00:26:02.237,1.2592100000000002,1.25908,1,1.2
25.08.2021 00:26:02.489,1.25918,1.25906,1,1.22
25.08.2021 00:26:02.591,1.25919,1.25908,1.12,1.6
25.08.2021 00:26:02.692,1.2592100000000002,1.25909,1.5,2.35
25.08.2021 00:26:02.793,1.2592200000000002,1.25908,1.12,2.35
25.08.2021 00:26:03.352,1.25916,1.2590700000000001,1,1.95
25.08.2021 00:26:03.554,1.2591700000000001,1.25904,1,1.97
25.08.2021 00:26:04.205,1.2591700000000001,1.25904,1,1.2
25.08.2021 00:26:04.686,1.25916,1.25903,1,1.85
25.08.2021 00:26:05.179,1.25916,1.25902,1.12,2.91
25.08.2021 00:26:09.334,1.25916,1.25902,1.5,1
25.08.2021 00:26:09.771,1.25914,1.2590100000000002,1,1.2
25.08.2021 00:26:09.872,1.2591200000000002,1.25899,1,2.92
25.08.2021 00:26:09.923,1.2591,1.2590000000000001,1,1.27
25.08.2021 00:26:14.108,1.2591100000000002,1.2590100000000002,1,1.1
25.08.2021 00:26:14.260,1.2591200000000002,1.25899,1,2.7
25.08.2021 00:26:14.365,1.2591200000000002,1.25899,1,2.72
25.08.2021 00:26:14.482,1.2591200000000002,1.25899,1,2.7
25.08.2021 00:26:15.029,1.2591200000000002,1.2590000000000001,1,1.57
25.08.2021 00:26:15.756,1.2591100000000002,1.25898,1,1.41
25.08.2021 00:26:17.937,1.2591100000000002,1.2590100000000002,1,1.1
25.08.2021 00:26:18.840,1.2591200000000002,1.2590000000000001,1,1.1
25.08.2021 00:26:19.143,1.2591100000000002,1.25898,1,3.66
25.08.2021 00:26:19.244,1.25913,1.2590000000000001,1.5,1.5
25.08.2021 00:26:19.346,1.2591200000000002,1.2590100000000002,1.12,2.35
25.08.2021 00:26:19.448,1.25914,1.2590100000000002,1.5,1.1
25.08.2021 00:26:19.549,1.25914,1.2590100000000002,1.12,1.1
25.08.2021 00:26:20.195,1.2591200000000002,1.2590000000000001,1.12,3.17
25.08.2021 00:26:20.296,1.25913,1.2590100000000002,1.5,1.6
25.08.2021 00:26:20.397,1.2591200000000002,1.2590000000000001,1,3.6
25.08.2021 00:26:20.987,1.25914,1.2590100000000002,1.12,1.1
25.08.2021 00:26:21.244,1.2591200000000002,1.25899,1,1.8
25.08.2021 00:26:21.547,1.2591200000000002,1.2590100000000002,1.12,1.1
25.08.2021 00:26:21.649,1.2591200000000002,1.2590000000000001,1,1.6
25.08.2021 00:26:21.870,1.25913,1.2590000000000001,1,1.6
25.08.2021 00:26:22.021,1.2591200000000002,1.2590100000000002,1,2.35
25.08.2021 00:26:22.425,1.2591200000000002,1.2590100000000002,1,2.35
25.08.2021 00:26:22.526,1.2591200000000002,1.2590000000000001,1,1.6
25.08.2021 00:26:22.628,1.2591200000000002,1.25899,1,3.17
25.08.2021 00:26:22.779,1.2591200000000002,1.2590100000000002,1,2.35
25.08.2021 00:26:22.881,1.2591200000000002,1.2590000000000001,1,1.6
25.08.2021 00:26:22.982,1.2591200000000002,1.2590100000000002,1,1.6
25.08.2021 00:26:23.235,1.25913,1.2590000000000001,1,2.35
25.08.2021 00:26:24.023,1.25913,1.2590000000000001,1.12,2.35
25.08.2021 00:26:24.175,1.25913,1.2590000000000001,1.12,2.35
25.08.2021 00:26:24.226,1.2591200000000002,1.25898,1,6.11
25.08.2021 00:26:24.429,1.2591100000000002,1.2590100000000002,1,1.6
25.08.2021 00:26:24.913,1.25914,1.2590000000000001,2,2.35
25.08.2021 00:26:25.169,1.25913,1.25903,1.12,1
25.08.2021 00:26:32.756,1.25913,1.25902,1.5,1.1
25.08.2021 00:26:32.867,1.25915,1.25902,2.07,1
25.08.2021 00:26:32.918,1.25914,1.25903,2,1.1
25.08.2021 00:26:33.325,1.25915,1.25902,2.07,1
25.08.2021 00:26:33.880,1.2591200000000002,1.2590100000000002,1.12,1.57
25.08.2021 00:26:34.082,1.2591200000000002,1.2590100000000002,2.07,1
25.08.2021 00:26:34.537,1.2591200000000002,1.25899,1.97,1
25.08.2021 00:26:34.799,1.2591100000000002,1.25898,2.07,1
25.08.2021 00:26:36.057,1.2591,1.25895,1.95,2.1
25.08.2021 00:26:36.108,1.2591,1.25895,2.82,1.6
25.08.2021 00:26:37.448,1.25909,1.25896,2.66,1.57
25.08.2021 00:26:49.439,1.25908,1.25895,1.5,1.1
25.08.2021 00:26:49.948,1.2591,1.2590100000000002,1,2.32
25.08.2021 00:26:50.049,1.25914,1.25902,1.6,1
25.08.2021 00:26:50.151,1.25914,1.2590100000000002,1.6,1.1
25.08.2021 00:26:50.456,1.2591200000000002,1.25899,1,1.22
25.08.2021 00:26:50.566,1.2591100000000002,1.2590000000000001,1.5,1.1
25.08.2021 00:26:50.739,1.2591100000000002,1.2590000000000001,1.6,1.1
25.08.2021 00:26:50.841,1.2591,1.25898,3.04,1.1
25.08.2021 00:26:50.943,1.25909,1.25896,1.2,1.1
25.08.2021 00:26:51.045,1.25908,1.2589700000000001,1.6,1.1
25.08.2021 00:26:51.147,1.2590700000000001,1.25894,1.57,1.2
25.08.2021 00:26:51.199,1.25908,1.25895,2.1,1
25.08.2021 00:26:51.351,1.25908,1.25895,1.12,1
25.08.2021 00:26:51.554,1.25909,1.25895,2.1,1.1
25.08.2021 00:26:51.857,1.25904,1.25892,1.6,1.1
25.08.2021 00:26:51.959,1.25903,1.25889,2.07,1.1
25.08.2021 00:26:52.060,1.2590100000000002,1.2589000000000001,1.2,1.1
25.08.2021 00:26:52.111,1.2590700000000001,1.2589299999999999,2.07,1.1
25.08.2021 00:26:52.217,1.25908,1.25894,2.07,1.1
25.08.2021 00:26:52.319,1.25908,1.25894,2.07,1.1
25.08.2021 00:26:52.470,1.2590700000000001,1.25895,1.2,1
25.08.2021 00:26:52.875,1.25908,1.25895,1,1
25.08.2021 00:26:53.122,1.2591100000000002,1.2590000000000001,2.35,1
25.08.2021 00:26:53.224,1.2591200000000002,1.25899,1.22,1
25.08.2021 00:26:53.325,1.2591100000000002,1.2590000000000001,1,1
25.08.2021 00:26:53.868,1.2591100000000002,1.2590000000000001,1,1
25.08.2021 00:26:53.919,1.25916,1.25902,4.16,1
25.08.2021 00:26:54.020,1.2591700000000001,1.25906,2.07,1.1
25.08.2021 00:26:54.121,1.2591700000000001,1.25904,1.45,1
25.08.2021 00:26:54.273,1.25915,1.25902,1.1,1
25.08.2021 00:26:54.475,1.25914,1.25902,1.79,1
25.08.2021 00:26:54.627,1.2591100000000002,1.25899,3.07,1.1
25.08.2021 00:26:54.880,1.2591,1.25899,1.1,1
25.08.2021 00:26:54.982,1.2591100000000002,1.25898,1.1,1
25.08.2021 00:26:55.084,1.2591,1.2589700000000001,1,1
25.08.2021 00:26:55.589,1.2591,1.2589700000000001,1.35,1
25.08.2021 00:26:55.761,1.2591200000000002,1.25898,2.37,1.1
25.08.2021 00:26:55.863,1.25915,1.25903,1.97,1
25.08.2021 00:26:55.964,1.25916,1.25902,1.57,1.1
25.08.2021 00:26:56.167,1.25916,1.25903,1.01,1
25.08.2021 00:26:58.636,1.25916,1.25902,4.22,1.1
25.08.2021 00:26:58.788,1.25914,1.2590100000000002,1,1.1
25.08.2021 00:26:58.839,1.2591200000000002,1.25898,2.32,1.65
25.08.2021 00:26:58.940,1.2591200000000002,1.25898,2.35,1.2
25.08.2021 00:26:59.396,1.2591100000000002,1.25899,2.72,1
25.08.2021 00:26:59.548,1.2591100000000002,1.2589700000000001,1.97,1
25.08.2021 00:27:00.680,1.2591,1.25896,1.01,1.1
25.08.2021 00:27:06.197,1.2591100000000002,1.2589700000000001,1.97,1
25.08.2021 00:27:06.247,1.2591200000000002,1.2590000000000001,2.54,1
25.08.2021 00:27:06.353,1.2591200000000002,1.25898,1.6,1
25.08.2021 00:27:07.621,1.2591100000000002,1.25899,2.72,1
25.08.2021 00:27:07.772,1.25913,1.25899,1.22,1
25.08.2021 00:27:07.873,1.2591200000000002,1.25898,2.35,1
25.08.2021 00:27:07.974,1.2591200000000002,1.25898,2.72,1
25.08.2021 00:27:08.176,1.25913,1.25899,1.97,1
25.08.2021 00:27:08.277,1.2591100000000002,1.25899,2.35,1
25.08.2021 00:27:08.378,1.2591200000000002,1.25898,2.35,1
25.08.2021 00:27:24.551,1.2591100000000002,1.25898,1.41,1
25.08.2021 00:27:24.652,1.2591100000000002,1.25898,1.22,1
25.08.2021 00:27:24.753,1.2591,1.25898,1.97,1
25.08.2021 00:27:26.295,1.25909,1.2589700000000001,1,1
25.08.2021 00:27:26.548,1.25908,1.25895,1.6,1
25.08.2021 00:27:26.909,1.2590700000000001,1.2589299999999999,3.1,1.5
25.08.2021 00:27:27.010,1.25904,1.25894,1,1.25
25.08.2021 00:27:27.060,1.2590700000000001,1.2589700000000001,1.57,1
25.08.2021 00:27:27.440,1.2590700000000001,1.25894,1.1,1.1
25.08.2021 00:27:27.541,1.25909,1.25896,1.57,1.1
25.08.2021 00:27:27.642,1.25908,1.25895,1.57,1
25.08.2021 00:27:27.743,1.2590700000000001,1.25894,1,1.57
25.08.2021 00:27:27.845,1.25906,1.2589700000000001,1.5,1
25.08.2021 00:27:27.895,1.25906,1.25895,1.57,1.1
25.08.2021 00:27:28.148,1.2590700000000001,1.25898,2.7,1
25.08.2021 00:27:28.249,1.2590700000000001,1.25895,1,1
25.08.2021 00:27:28.300,1.2590700000000001,1.25898,1,1
25.08.2021 00:27:28.451,1.25909,1.25898,1.2,1
25.08.2021 00:27:28.653,1.2591,1.2589700000000001,1.22,1
25.08.2021 00:27:28.832,1.25908,1.2589700000000001,1,1
25.08.2021 00:27:28.984,1.2590700000000001,1.25894,1.57,1
25.08.2021 00:27:29.236,1.25906,1.25894,3.47,1.5
25.08.2021 00:27:29.287,1.25904,1.2589299999999999,1,1.5
25.08.2021 00:27:29.337,1.25906,1.25895,3.47,1
25.08.2021 00:27:29.439,1.25904,1.2589299999999999,1,2.44
25.08.2021 00:27:29.489,1.2590700000000001,1.25894,2.35,1
25.08.2021 00:27:29.591,1.25904,1.2589299999999999,1,2.25
25.08.2021 00:27:29.692,1.25906,1.25894,2.07,1
25.08.2021 00:27:29.844,1.25905,1.25894,1.51,1.69
25.08.2021 00:27:29.946,1.25909,1.25898,2.1,1
25.08.2021 00:27:29.996,1.2591,1.2589700000000001,2.72,1
25.08.2021 00:27:30.117,1.2590700000000001,1.25898,2.25,1
25.08.2021 00:27:30.168,1.2590700000000001,1.25895,1,1
25.08.2021 00:27:30.269,1.2590700000000001,1.25896,3.45,1
25.08.2021 00:27:30.372,1.2590700000000001,1.25895,1.5,1
25.08.2021 00:27:30.519,1.25906,1.25895,1.57,1.5
25.08.2021 00:27:30.722,1.25908,1.25895,2.32,1
25.08.2021 00:27:30.989,1.25906,1.25896,1.5,1
25.08.2021 00:27:31.090,1.25906,1.25895,1.57,1.5
25.08.2021 00:27:31.192,1.2590700000000001,1.25895,4.2,1.76
25.08.2021 00:27:31.293,1.2590700000000001,1.25895,1.57,1
25.08.2021 00:27:31.496,1.2590700000000001,1.2589299999999999,2.32,2.32
25.08.2021 00:27:31.597,1.25908,1.25895,2.32,1
25.08.2021 00:27:31.800,1.2590700000000001,1.25894,1.5,1.1
25.08.2021 00:27:31.952,1.25908,1.25896,1.2,1
25.08.2021 00:27:32.054,1.25906,1.25896,1,1
25.08.2021 00:27:32.308,1.2590700000000001,1.25894,1.5,1.82
25.08.2021 00:27:32.409,1.2591100000000002,1.2589700000000001,4.09,1
25.08.2021 00:27:32.561,1.25909,1.2589700000000001,1,1
25.08.2021 00:27:33.235,1.25908,1.25896,2.51,1
25.08.2021 00:27:33.337,1.25903,1.2589299999999999,1.1,1.5
25.08.2021 00:27:33.439,1.25904,1.2589000000000001,2.7,1.1
25.08.2021 00:27:33.541,1.25903,1.2589100000000002,1.97,1
25.08.2021 00:27:34.563,1.25903,1.2589100000000002,2.72,1
25.08.2021 00:27:43.056,1.25902,1.2589000000000001,1.35,1
25.08.2021 00:27:46.863,1.25903,1.2589000000000001,1.22,1
25.08.2021 00:27:46.966,1.25905,1.25892,1.85,1
25.08.2021 00:27:47.016,1.25902,1.2589100000000002,1.1,1.1
25.08.2021 00:27:47.117,1.25903,1.2589000000000001,1.1,1
25.08.2021 00:27:57.950,1.25906,1.2589000000000001,3.22,1
25.08.2021 00:27:58.254,1.25904,1.2589100000000002,1.1,2.44
25.08.2021 00:27:58.304,1.2590700000000001,1.25894,2.1,1
25.08.2021 00:27:58.406,1.25904,1.25892,1,1
25.08.2021 00:27:58.507,1.25904,1.2589000000000001,1.6,1
25.08.2021 00:27:58.789,1.25902,1.2589000000000001,1.22,1
25.08.2021 00:27:58.890,1.25903,1.2589100000000002,2.1,1
25.08.2021 00:27:58.992,1.25904,1.2589000000000001,2.1,1
25.08.2021 00:27:59.093,1.25906,1.2589100000000002,3.1,1
25.08.2021 00:27:59.194,1.25904,1.2589000000000001,2.1,1
25.08.2021 00:28:00.195,1.25906,1.2589100000000002,2.35,1
25.08.2021 00:28:00.296,1.25903,1.2589100000000002,2.1,1
25.08.2021 00:28:01.958,1.25904,1.2589100000000002,1.22,1
25.08.2021 00:28:03.369,1.25904,1.2589100000000002,1.2,1
25.08.2021 00:28:03.681,1.25904,1.2589100000000002,1.22,1
25.08.2021 00:28:05.155,1.25904,1.25892,1.22,1
25.08.2021 00:28:05.257,1.25905,1.2589299999999999,1.6,1
25.08.2021 00:28:05.358,1.2590700000000001,1.25895,2.82,1.5
25.08.2021 00:28:05.560,1.25904,1.25894,1,1
25.08.2021 00:28:05.662,1.25906,1.2589299999999999,1.41,1
25.08.2021 00:28:05.914,1.25904,1.2589299999999999,1,1
25.08.2021 00:28:06.195,1.25906,1.2589299999999999,1.6,1
25.08.2021 00:28:06.448,1.25904,1.2589299999999999,1,1
25.08.2021 00:28:06.650,1.25906,1.2589299999999999,1.22,1
25.08.2021 00:28:06.851,1.25904,1.2589299999999999,1,1
25.08.2021 00:28:11.938,1.25905,1.25895,1.2,1.5
25.08.2021 00:28:12.040,1.25904,1.2589299999999999,1,1
25.08.2021 00:28:12.688,1.25906,1.25894,1.22,1.5
25.08.2021 00:28:12.901,1.25903,1.25895,1,1
25.08.2021 00:28:16.879,1.2590700000000001,1.25894,1.91,1
25.08.2021 00:28:16.980,1.25904,1.25894,1,1
25.08.2021 00:28:17.832,1.2590700000000001,1.25894,1.5,1
25.08.2021 00:28:17.933,1.25904,1.25894,1,1
25.08.2021 00:28:21.751,1.25906,1.2589700000000001,1.1,1
25.08.2021 00:28:22.004,1.25909,1.25895,2.29,1.5
25.08.2021 00:28:22.105,1.25909,1.25896,1.76,1.5
25.08.2021 00:28:22.202,1.25908,1.25899,1.76,1
25.08.2021 00:28:22.306,1.25909,1.2589700000000001,1.76,1
25.08.2021 00:28:23.001,1.25909,1.25896,1.12,1.5
25.08.2021 00:28:25.621,1.25909,1.25898,1.25,1
25.08.2021 00:28:25.943,1.2591,1.2589700000000001,2.76,1
25.08.2021 00:28:26.079,1.25909,1.25899,2.76,1
25.08.2021 00:28:26.368,1.2591,1.2589700000000001,2.76,1
25.08.2021 00:28:26.730,1.2591,1.2589700000000001,2.51,1
25.08.2021 00:28:26.832,1.2591,1.2589700000000001,2.76,1
25.08.2021 00:28:28.030,1.2591,1.25898,2.76,1
25.08.2021 00:28:28.134,1.2591,1.2589700000000001,2.76,1
25.08.2021 00:28:28.816,1.25909,1.2589700000000001,2.14,1.5
25.08.2021 00:28:28.917,1.2591,1.25896,2.16,1.5
25.08.2021 00:28:33.354,1.2591,1.25899,1.57,1
25.08.2021 00:28:35.466,1.25913,1.2590000000000001,3.79,1
25.08.2021 00:28:35.719,1.25914,1.25903,1.6,1
25.08.2021 00:28:35.820,1.25918,1.25906,2.29,1
25.08.2021 00:28:35.922,1.25918,1.25906,1.2,1
25.08.2021 00:28:40.545,1.2592100000000002,1.2590700000000001,2.1,1.5
25.08.2021 00:28:40.596,1.2592100000000002,1.25908,1.6,1
25.08.2021 00:28:40.899,1.2592200000000002,1.25909,1.6,1
25.08.2021 00:28:41.285,1.2592200000000002,1.2591,1.6,1
25.08.2021 00:28:41.336,1.2592200000000002,1.2591,1.2,1
25.08.2021 00:28:41.387,1.25926,1.25914,3.6,1
25.08.2021 00:28:41.538,1.25926,1.25914,1.6,1
25.08.2021 00:28:41.942,1.25926,1.25915,1.89,1
25.08.2021 00:28:44.794,1.25928,1.25915,2.29,1
25.08.2021 00:28:44.845,1.2593,1.25916,2.47,1.5
25.08.2021 00:28:45.047,1.2593,1.25918,1.2,1
25.08.2021 00:28:45.199,1.2593,1.25919,1.12,1
25.08.2021 00:28:45.300,1.2593200000000002,1.25919,5.29,1
25.08.2021 00:28:45.401,1.2593200000000002,1.2592100000000002,1.95,1
25.08.2021 00:28:45.552,1.25933,1.25923,1.41,1
25.08.2021 00:28:49.334,1.2593400000000001,1.2592200000000002,1.2,1
25.08.2021 00:28:55.526,1.2593400000000001,1.25923,1.12,1.5
25.08.2021 00:28:55.829,1.25933,1.2592700000000001,1,1
25.08.2021 00:28:55.931,1.25933,1.25926,1,1
25.08.2021 00:28:56.032,1.25936,1.25928,1,1.5
25.08.2021 00:28:56.133,1.2593400000000001,1.2592700000000001,1,1
25.08.2021 00:28:56.184,1.2593400000000001,1.25925,1,1.5
25.08.2021 00:28:56.235,1.25935,1.25929,1,1.5
25.08.2021 00:28:56.925,1.25939,1.25928,1,1
25.08.2021 00:29:05.685,1.25943,1.25928,1.85,1.5
25.08.2021 00:29:07.273,1.25943,1.25928,1.6,1.5
25.08.2021 00:29:07.424,1.25943,1.25928,1.22,1.5
25.08.2021 00:29:09.391,1.25943,1.25928,1.6,1.5
25.08.2021 00:29:10.228,1.25943,1.25928,1.6,1.5
25.08.2021 00:29:10.367,1.25943,1.25928,2.1,1
25.08.2021 00:29:11.255,1.25943,1.2593,1.22,1
25.08.2021 00:29:13.406,1.25946,1.2593200000000002,2.4,1
25.08.2021 00:29:14.467,1.25946,1.2593200000000002,2.1,1
25.08.2021 00:29:16.363,1.2594400000000001,1.2593100000000002,1.6,1
25.08.2021 00:29:16.667,1.25943,1.2593200000000002,1.6,1
25.08.2021 00:29:26.786,1.2594400000000001,1.2593100000000002,2.1,1
25.08.2021 00:29:28.433,1.2594400000000001,1.2593100000000002,2.1,1
25.08.2021 00:29:34.155,1.2594400000000001,1.2593100000000002,2.1,1
25.08.2021 00:29:35.879,1.2594400000000001,1.2593100000000002,2.1,1
25.08.2021 00:29:53.752,1.2594400000000001,1.2593100000000002,1.6,1
25.08.2021 00:29:53.903,1.2594400000000001,1.2593100000000002,1.6,1
25.08.2021 00:30:00.403,1.2594400000000001,1.2593200000000002,1.6,1
25.08.2021 00:30:00.555,1.25943,1.2593200000000002,1.6,1
25.08.2021 00:30:00.757,1.25945,1.25933,2.85,1
25.08.2021 00:30:00.908,1.25945,1.2593200000000002,1.6,1
25.08.2021 00:30:01.675,1.2594400000000001,1.2593100000000002,1.22,1
25.08.2021 00:30:16.134,1.25945,1.2593100000000002,2.1,1
25.08.2021 00:30:16.236,1.25943,1.2593200000000002,1.6,1
25.08.2021 00:30:17.548,1.2594400000000001,1.25933,1,3.35
25.08.2021 00:30:17.649,1.2595,1.25938,1.6,1
25.08.2021 00:30:17.801,1.2595,1.25939,1.6,1
25.08.2021 00:30:18.939,1.2595100000000001,1.25939,2.85,1
25.08.2021 00:30:24.503,1.2595200000000002,1.25938,1.6,1
25.08.2021 00:30:42.048,1.2595200000000002,1.25938,2.1,1
25.08.2021 00:30:49.951,1.2595100000000001,1.25939,2.1,1
25.08.2021 00:30:50.052,1.2595200000000002,1.25938,2.1,1
25.08.2021 00:30:53.381,1.2595200000000002,1.25938,1.6,1
25.08.2021 00:30:55.252,1.2595200000000002,1.25938,1.6,1
25.08.2021 00:30:55.404,1.25954,1.25939,2.85,1
25.08.2021 00:30:55.775,1.2595200000000002,1.25938,1.6,1
25.08.2021 00:31:00.387,1.2595100000000001,1.25939,1.6,1
25.08.2021 00:31:06.457,1.2595200000000002,1.25939,1.6,1
25.08.2021 00:31:17.893,1.2595500000000002,1.2594400000000001,1.1,1
25.08.2021 00:31:17.994,1.25959,1.25945,1.6,1
25.08.2021 00:31:18.095,1.25959,1.25945,1.22,1
25.08.2021 00:31:19.222,1.2596,1.25947,2.1,1
25.08.2021 00:31:19.324,1.2596200000000002,1.25949,1.72,1
25.08.2021 00:31:19.374,1.2596500000000002,1.25948,3.97,1
25.08.2021 00:31:19.475,1.2596500000000002,1.25948,1.72,1
25.08.2021 00:31:19.526,1.25966,1.25953,1.6,1
25.08.2021 00:31:19.628,1.25966,1.25954,1.22,1
25.08.2021 00:31:30.039,1.25966,1.25954,1.6,1
25.08.2021 00:31:32.470,1.25967,1.25953,1.6,1
25.08.2021 00:31:33.801,1.25966,1.25954,1.6,1
25.08.2021 00:31:39.307,1.25967,1.25953,1.6,1
25.08.2021 00:31:41.283,1.25967,1.25953,1.6,1
25.08.2021 00:31:42.333,1.25966,1.25954,1.6,1
25.08.2021 00:31:44.669,1.25967,1.25953,1.6,1
25.08.2021 00:31:45.381,1.2596,1.25948,1,1
25.08.2021 00:31:45.483,1.25959,1.25946,3.1,1.5
25.08.2021 00:31:45.534,1.2596,1.25945,3.6,1
25.08.2021 00:31:49.398,1.25959,1.25945,1.6,1
25.08.2021 00:32:03.091,1.25959,1.25946,2.85,1
25.08.2021 00:32:04.213,1.2596,1.25945,2.85,1
25.08.2021 00:32:04.324,1.2596,1.25945,2.85,1
25.08.2021 00:32:18.511,1.2596100000000001,1.25946,2.1,1
25.08.2021 00:32:18.612,1.25959,1.25945,1.2,1
25.08.2021 00:32:18.779,1.25958,1.25946,1.22,1
25.08.2021 00:32:20.055,1.2596100000000001,1.25947,1.6,1
25.08.2021 00:32:20.157,1.2596,1.25948,1.22,1
25.08.2021 00:32:25.581,1.25959,1.25948,1.97,1
25.08.2021 00:32:25.752,1.25959,1.25946,1.1,1
25.08.2021 00:32:26.567,1.2596200000000002,1.25949,1.22,1
25.08.2021 00:32:27.074,1.25959,1.25949,1.2,1
25.08.2021 00:32:27.126,1.2596,1.25946,1.97,1.25
25.08.2021 00:32:31.564,1.2596200000000002,1.25948,1.6,1
25.08.2021 00:32:31.665,1.2596100000000001,1.2595,1.6,1
25.08.2021 00:32:31.917,1.2596200000000002,1.25949,1.1,1
25.08.2021 00:32:32.183,1.2596,1.25947,1.22,1
25.08.2021 00:32:33.884,1.25959,1.25947,1.97,1.25
25.08.2021 00:32:39.022,1.2596,1.25946,2.85,1
25.08.2021 00:32:49.659,1.2596,1.25946,1.97,1
25.08.2021 00:32:49.760,1.2596100000000001,1.25947,1.6,1
25.08.2021 00:32:49.912,1.2596100000000001,1.25947,1.6,1
25.08.2021 00:32:50.538,1.2596100000000001,1.25947,1.6,1
25.08.2021 00:32:53.870,1.2596100000000001,1.25947,1.6,1
25.08.2021 00:32:56.609,1.25964,1.2595100000000001,2.1,1.25
25.08.2021 00:32:56.710,1.25967,1.25953,2.85,1
25.08.2021 00:32:57.776,1.25967,1.25953,2.1,1
25.08.2021 00:33:15.873,1.2596500000000002,1.25953,1,1
25.08.2021 00:33:16.085,1.25966,1.25954,2.1,1
25.08.2021 00:33:30.131,1.25969,1.25954,2.1,1
25.08.2021 00:33:32.377,1.25968,1.25954,2.1,1
25.08.2021 00:33:35.406,1.25968,1.2595500000000002,2.1,1
25.08.2021 00:33:35.869,1.25968,1.25954,1.6,1
25.08.2021 00:33:47.218,1.25969,1.25958,1.5,1.25
25.08.2021 00:33:47.320,1.25977,1.25968,2.25,1.25
25.08.2021 00:33:47.422,1.25981,1.25973,1,1
25.08.2021 00:33:47.472,1.25984,1.2597,1.6,1.5
25.08.2021 00:33:47.523,1.25977,1.2597,1,1
25.08.2021 00:33:47.624,1.2598200000000002,1.2597,1.1,1
25.08.2021 00:33:47.827,1.25983,1.25969,1.1,1
25.08.2021 00:33:47.928,1.2598500000000001,1.25969,3.22,1
25.08.2021 00:34:04.770,1.25983,1.25969,1.22,1
25.08.2021 00:34:05.442,1.2598200000000002,1.2597,1.22,1
25.08.2021 00:34:15.962,1.25983,1.25969,1.22,1
25.08.2021 00:34:19.449,1.25983,1.25969,1.22,1
25.08.2021 00:34:23.607,1.25977,1.25964,1.1,2.07
25.08.2021 00:34:23.708,1.25976,1.25964,1.1,1.5
25.08.2021 00:34:23.875,1.25977,1.25963,1.6,1.5
25.08.2021 00:34:24.315,1.25976,1.25963,1.6,1
25.08.2021 00:34:24.518,1.25977,1.25963,1.6,1
25.08.2021 00:34:25.195,1.25977,1.25963,1.6,1
25.08.2021 00:34:30.871,1.25976,1.2596200000000002,1.97,1
25.08.2021 00:34:30.972,1.25976,1.2596200000000002,1.97,1
25.08.2021 00:34:31.073,1.2597500000000001,1.25963,1.22,1
25.08.2021 00:34:31.174,1.25977,1.25963,1.6,1
25.08.2021 00:34:31.276,1.25977,1.25963,1.6,1
25.08.2021 00:34:31.427,1.25976,1.25963,2.1,1
25.08.2021 00:34:31.901,1.25977,1.2596200000000002,2.1,1
25.08.2021 00:34:32.161,1.2597500000000001,1.2596100000000001,1.1,1
25.08.2021 00:34:36.295,1.2597500000000001,1.2596100000000001,2.1,1
25.08.2021 00:34:45.648,1.2597500000000001,1.2596100000000001,1.6,1
25.08.2021 00:34:45.952,1.25976,1.2596100000000001,1.97,1
25.08.2021 00:34:46.130,1.2597500000000001,1.2596100000000001,1.1,1
25.08.2021 00:34:46.282,1.25976,1.2596200000000002,1.97,1
25.08.2021 00:34:49.812,1.2597500000000001,1.2596100000000001,1.91,1
25.08.2021 00:34:49.914,1.25974,1.2596100000000001,1.22,1
25.08.2021 00:34:49.965,1.25973,1.25959,1.1,1
25.08.2021 00:34:50.067,1.25973,1.2596100000000001,1.97,1
25.08.2021 00:34:51.584,1.2597500000000001,1.2596,1.6,1
25.08.2021 00:34:59.425,1.25973,1.25959,1.1,1
25.08.2021 00:34:59.999,1.25973,1.25959,2.35,1
25.08.2021 00:35:00.969,1.2597200000000002,1.25958,1.1,1
25.08.2021 00:35:05.442,1.2597,1.25958,1.1,1
25.08.2021 00:35:07.044,1.25967,1.25954,1.1,1.25
25.08.2021 00:35:07.145,1.25966,1.2595500000000002,1.22,1
25.08.2021 00:35:07.893,1.25967,1.2595500000000002,1.6,1
25.08.2021 00:35:13.126,1.25967,1.25953,1.2,1
25.08.2021 00:35:17.039,1.25968,1.25954,1.6,1
25.08.2021 00:35:25.170,1.2596500000000002,1.25954,1.6,1
25.08.2021 00:35:25.221,1.25964,1.2595100000000001,1.2,1
25.08.2021 00:35:25.349,1.25964,1.2595100000000001,1.97,1
25.08.2021 00:35:41.591,1.2596500000000002,1.25953,2.72,1
25.08.2021 00:35:41.692,1.25966,1.2595200000000002,2.72,1
25.08.2021 00:35:42.390,1.2596200000000002,1.2595100000000001,2.35,1
25.08.2021 00:36:02.808,1.25959,1.25946,1.1,1
25.08.2021 00:36:02.910,1.25959,1.25946,1.97,1
25.08.2021 00:36:03.701,1.25957,1.25947,1.1,1
25.08.2021 00:36:05.080,1.25957,1.25949,1,2.25
25.08.2021 00:36:05.130,1.25964,1.2595100000000001,5.07,1
25.08.2021 00:36:05.181,1.25966,1.25953,2.87,1.25
25.08.2021 00:36:05.282,1.2596500000000002,1.25954,1.2,1.25
25.08.2021 00:36:05.590,1.25967,1.25954,2.07,1.5
25.08.2021 00:36:05.641,1.25969,1.2596,1.12,1
25.08.2021 00:36:05.742,1.25973,1.2596200000000002,3.6,1
25.08.2021 00:36:05.843,1.25973,1.2596200000000002,1.6,1
25.08.2021 00:36:06.346,1.25974,1.2596200000000002,1.12,1
25.08.2021 00:36:06.447,1.25973,1.2596200000000002,1.1,1
25.08.2021 00:36:06.498,1.25974,1.25959,1.6,1.12
25.08.2021 00:36:08.420,1.25974,1.2596,1.2,1.25
25.08.2021 00:36:10.374,1.25976,1.2596100000000001,2.85,1
25.08.2021 00:36:13.139,1.25973,1.2596100000000001,1.1,1.25
25.08.2021 00:36:21.357,1.25974,1.2596,1.1,1
25.08.2021 00:36:28.086,1.25974,1.2596,1.1,1.25
25.08.2021 00:36:43.739,1.25973,1.2596,1.1,1
25.08.2021 00:37:11.747,1.25978,1.2596500000000002,3.6,1
25.08.2021 00:37:11.849,1.2598,1.25967,2.07,1
25.08.2021 00:37:11.950,1.25981,1.25969,2.1,1
25.08.2021 00:37:13.586,1.25981,1.25969,2.72,1
25.08.2021 00:37:46.085,1.25981,1.25969,1.95,1
25.08.2021 00:37:46.277,1.2598200000000002,1.25971,1,1
25.08.2021 00:38:00.647,1.2598799999999999,1.2597500000000001,2.1,1
25.08.2021 00:38:00.748,1.25989,1.25976,1.6,1
25.08.2021 00:38:00.849,1.25989,1.25976,1.2,1
25.08.2021 00:38:11.591,1.25984,1.25973,1,2.29
25.08.2021 00:38:11.642,1.2598200000000002,1.2597200000000002,1,1.57
25.08.2021 00:38:11.744,1.2598200000000002,1.25969,1,1.35
25.08.2021 00:38:11.896,1.25983,1.2597,1,1.25
25.08.2021 00:38:23.746,1.2598200000000002,1.25969,1.1,1.25
25.08.2021 00:38:23.899,1.2598,1.25969,1,1
25.08.2021 00:38:23.950,1.25979,1.25966,1.57,1.5
25.08.2021 00:38:24.052,1.25974,1.25963,1,1
25.08.2021 00:38:24.103,1.25974,1.2596200000000002,1,1.01
25.08.2021 00:38:45.711,1.2597500000000001,1.2596100000000001,1,1.35
25.08.2021 00:38:45.812,1.25976,1.2596200000000002,1,1.35
25.08.2021 00:38:49.422,1.25976,1.25967,1,1.25
25.08.2021 00:38:49.473,1.2598,1.25967,1.2,1
25.08.2021 00:38:50.663,1.25979,1.25968,1,1.35
25.08.2021 00:38:54.893,1.25981,1.25967,1.1,1.45
25.08.2021 00:38:55.111,1.25981,1.25967,1.1,1.39
25.08.2021 00:38:55.363,1.25981,1.25967,1.1,1.45
25.08.2021 00:39:06.652,1.25981,1.25968,1,1.82
25.08.2021 00:39:06.754,1.25983,1.25969,1.1,1.35
25.08.2021 00:39:22.231,1.25984,1.25969,1.1,1.47
25.08.2021 00:39:32.738,1.25984,1.25969,1.6,1.45
25.08.2021 00:39:37.322,1.25983,1.25969,1.1,1.01
25.08.2021 00:39:37.524,1.25984,1.2597,1.22,1
25.08.2021 00:39:41.993,1.2598200000000002,1.25969,1,1.01
25.08.2021 00:39:42.296,1.2598200000000002,1.2597,1.1,1.01
25.08.2021 00:39:45.078,1.2598200000000002,1.25968,1.1,1.01
25.08.2021 00:39:45.685,1.25981,1.25969,1.1,1
25.08.2021 00:39:51.512,1.2598500000000001,1.2597,2.1,1
25.08.2021 00:39:51.613,1.25983,1.25969,1.1,1.25
25.08.2021 00:39:52.784,1.2598600000000002,1.25971,1.6,1
25.08.2021 00:39:52.885,1.2598799999999999,1.25977,4.35,1
25.08.2021 00:39:52.986,1.2599,1.25976,2.1,1
25.08.2021 00:39:55.398,1.2599,1.25976,2.1,1
25.08.2021 00:39:56.455,1.2599,1.25976,1.1,1.1
25.08.2021 00:40:03.429,1.2599,1.25976,1.1,1
25.08.2021 00:40:07.244,1.2599,1.25976,1.1,1.35
25.08.2021 00:40:09.280,1.25989,1.25977,1.1,1.01
25.08.2021 00:40:09.382,1.25989,1.25977,1.1,1
25.08.2021 00:40:31.021,1.2599,1.2598,1,1.25
25.08.2021 00:40:31.122,1.2599600000000002,1.25983,1,1.37
25.08.2021 00:40:31.224,1.2599500000000001,1.25984,1,1.31
25.08.2021 00:40:31.653,1.2599799999999999,1.25987,1.57,1.25
25.08.2021 00:40:31.754,1.26,1.25989,1.6,1
25.08.2021 00:40:31.855,1.26,1.25989,1.2,1
25.08.2021 00:40:36.106,1.2600200000000001,1.25991,1.1,1
25.08.2021 00:40:36.208,1.26003,1.2599200000000002,1.1,1
25.08.2021 00:40:39.943,1.25999,1.25991,2.32,1
25.08.2021 00:40:40.045,1.25997,1.2598600000000002,1,1.5
25.08.2021 00:40:40.096,1.2599799999999999,1.2598500000000001,1.12,1
25.08.2021 00:40:42.603,1.2599799999999999,1.25984,1.1,1
25.08.2021 00:40:44.846,1.25994,1.25983,2.32,1.12
25.08.2021 00:40:51.902,1.2599500000000001,1.25983,1.2,1.1
25.08.2021 00:40:56.640,1.2599500000000001,1.25983,1,1.79
25.08.2021 00:40:56.792,1.25997,1.2598200000000002,1,1.6
25.08.2021 00:41:05.707,1.25997,1.25983,1.1,1.35
25.08.2021 00:41:22.163,1.2599799999999999,1.2598500000000001,1,1.35
25.08.2021 00:41:22.214,1.26,1.25987,1.2,1.25
25.08.2021 00:41:22.467,1.2599799999999999,1.2598600000000002,1,1.35
25.08.2021 00:41:22.568,1.25999,1.2598500000000001,1.6,1.25
25.08.2021 00:41:26.849,1.2599799999999999,1.2598600000000002,1.6,1.25
25.08.2021 00:41:31.474,1.26001,1.2598799999999999,1.2,1
25.08.2021 00:41:38.563,1.26001,1.2598799999999999,1.22,1
25.08.2021 00:41:40.234,1.26,1.25987,1.1,1
25.08.2021 00:41:40.341,1.26001,1.2598799999999999,1.2,1
25.08.2021 00:41:42.138,1.26003,1.2599,1.6,1
25.08.2021 00:41:48.899,1.26001,1.25989,1.1,1.1
25.08.2021 00:41:54.007,1.2599799999999999,1.25989,1.1,1
25.08.2021 00:41:54.058,1.2599799999999999,1.2598600000000002,1.97,2.57
25.08.2021 00:41:55.015,1.25999,1.25987,2.07,1.01
25.08.2021 00:41:55.066,1.26001,1.2598799999999999,1.22,1
25.08.2021 00:41:55.255,1.26001,1.2598799999999999,1.2,1
25.08.2021 00:41:55.945,1.2599799999999999,1.2598500000000001,1,1.01
25.08.2021 00:42:07.438,1.25997,1.2598500000000001,1.1,1.01
25.08.2021 00:42:07.691,1.2599799999999999,1.25984,1.1,1
25.08.2021 00:42:20.017,1.2599799999999999,1.25984,1.1,1.01
25.08.2021 00:42:20.118,1.25999,1.2598600000000002,1.2,1
25.08.2021 00:42:30.909,1.26,1.25987,1,1.01
25.08.2021 00:42:31.011,1.2600200000000001,1.2598799999999999,1.97,1
25.08.2021 00:42:41.310,1.2600200000000001,1.2598799999999999,1.57,1.1
25.08.2021 00:42:48.061,1.2599799999999999,1.2598500000000001,1,1.84
25.08.2021 00:42:48.163,1.26001,1.25987,2.1,1
25.08.2021 00:42:48.264,1.25999,1.25987,1.1,1
25.08.2021 00:42:48.509,1.2599799999999999,1.25984,1,1.85
25.08.2021 00:42:48.661,1.25999,1.2598500000000001,1.1,1.01
25.08.2021 00:42:51.351,1.2599799999999999,1.25984,1,1.85
25.08.2021 00:42:51.453,1.25999,1.2598500000000001,1.1,1.01
25.08.2021 00:42:56.404,1.25999,1.25987,2.07,1.01
25.08.2021 00:42:56.455,1.26001,1.25987,1.6,1.85
25.08.2021 00:42:56.556,1.26001,1.2598799999999999,1.1,1.01
25.08.2021 00:42:56.607,1.2600500000000001,1.2599200000000002,2.1,1
25.08.2021 00:42:56.759,1.2600500000000001,1.2599200000000002,1.1,1
25.08.2021 00:42:56.996,1.2600600000000002,1.2599200000000002,1.2,1
25.08.2021 00:42:57.609,1.26008,1.2599799999999999,1.12,1.25
25.08.2021 00:42:57.711,1.26008,1.2599600000000002,1.7,1.2
25.08.2021 00:42:57.812,1.2600500000000001,1.2599500000000001,1,1.25
25.08.2021 00:42:57.964,1.26007,1.25993,1.1,2.14
25.08.2021 00:42:58.317,1.26008,1.25994,1.1,1
25.08.2021 00:42:58.367,1.2601,1.2599500000000001,1.97,1.1
25.08.2021 00:42:58.418,1.26009,1.2599799999999999,1.2,1
25.08.2021 00:43:01.027,1.26011,1.25997,1.1,1.01
25.08.2021 00:43:01.129,1.2601200000000001,1.25999,1.22,1
25.08.2021 00:43:05.098,1.2601200000000001,1.25999,1.1,1
25.08.2021 00:43:06.534,1.2601200000000001,1.2599799999999999,1.1,1.1
25.08.2021 00:43:06.641,1.26011,1.2599799999999999,2.35,1
25.08.2021 00:43:07.091,1.26011,1.2599799999999999,1.1,1
25.08.2021 00:43:11.538,1.26011,1.2599799999999999,1.1,1
25.08.2021 00:43:11.988,1.2600600000000002,1.25994,1,2.07
25.08.2021 00:43:12.089,1.2600600000000002,1.25994,1.1,1.2
25.08.2021 00:43:12.190,1.2600600000000002,1.25993,1.1,1
25.08.2021 00:43:14.720,1.2600600000000002,1.25993,1,1.35
25.08.2021 00:43:15.923,1.2600600000000002,1.2599200000000002,1.1,1.85
25.08.2021 00:43:23.638,1.2600600000000002,1.2599200000000002,1.1,1.01
25.08.2021 00:43:24.450,1.2600600000000002,1.25993,1.97,1.35
25.08.2021 00:43:28.150,1.2600600000000002,1.25994,1,1.35
25.08.2021 00:43:36.402,1.26007,1.25993,1,2.6
25.08.2021 00:43:38.162,1.26008,1.25994,1,1.01
25.08.2021 00:43:46.224,1.2600600000000002,1.2599200000000002,1.1,1.25
25.08.2021 00:43:51.998,1.2600500000000001,1.25993,1,1.85
25.08.2021 00:43:57.235,1.26007,1.25994,1.5,1.01
25.08.2021 00:44:00.478,1.2600600000000002,1.2599600000000002,1.5,1
25.08.2021 00:44:00.579,1.26013,1.25999,2.1,1
25.08.2021 00:44:00.781,1.26013,1.25999,1.95,1
25.08.2021 00:44:01.394,1.2601200000000001,1.26,1.97,1
25.08.2021 00:44:01.445,1.26015,1.26,1.6,1.25
25.08.2021 00:44:01.597,1.26015,1.26,1.6,1.25
25.08.2021 00:44:01.698,1.26013,1.25999,1,1.45
25.08.2021 00:44:01.951,1.26013,1.25999,1,1.35
25.08.2021 00:44:02.305,1.26013,1.25999,1,1.45
25.08.2021 00:44:02.564,1.26013,1.25999,1,1.35
25.08.2021 00:44:02.969,1.2601200000000001,1.26,1.1,1.25
25.08.2021 00:44:17.078,1.2601200000000001,1.25999,1,1.25
25.08.2021 00:44:40.438,1.2601,1.25997,1,2.7
25.08.2021 00:44:41.306,1.26009,1.2599799999999999,1,1.82
25.08.2021 00:44:41.408,1.26009,1.2599600000000002,1,1.39
25.08.2021 00:44:41.509,1.26009,1.25997,1.1,1.25
25.08.2021 00:44:49.951,1.26011,1.2599799999999999,1.12,1.75
25.08.2021 00:44:50.328,1.2601,1.25999,1,1.45
25.08.2021 00:44:50.430,1.26011,1.25997,1,4.17
25.08.2021 00:44:51.292,1.26011,1.25997,1,4.67
25.08.2021 00:44:53.725,1.26011,1.25997,1.5,3.1
25.08.2021 00:44:53.971,1.26011,1.25997,1,4.67
25.08.2021 00:44:55.856,1.2601200000000001,1.26,1,2.97
25.08.2021 00:45:01.385,1.2601200000000001,1.26001,1,1.01
25.08.2021 00:45:01.487,1.2601200000000001,1.25999,1,1.95
25.08.2021 00:45:01.588,1.26011,1.2599799999999999,1,1.39
25.08.2021 00:45:01.740,1.26009,1.25997,1,1.2
25.08.2021 00:45:01.841,1.26009,1.2599600000000002,1,1.95
25.08.2021 00:45:02.044,1.26011,1.25997,1.1,1
25.08.2021 00:45:06.879,1.26007,1.2599600000000002,1.5,2.25
25.08.2021 00:45:06.981,1.26004,1.2599500000000001,1,1.2
25.08.2021 00:45:07.082,1.26004,1.25991,1,1.25
25.08.2021 00:45:10.588,1.25999,1.25989,1,1.95
25.08.2021 00:45:10.740,1.2599799999999999,1.25987,1,2.06
25.08.2021 00:45:10.841,1.25999,1.25987,1.1,1.69
25.08.2021 00:45:18.852,1.25997,1.25984,1,3.77
25.08.2021 00:45:18.953,1.2599799999999999,1.25984,1.1,2.57
25.08.2021 00:45:20.125,1.2599600000000002,1.25983,1,4.17
25.08.2021 00:45:23.512,1.2599600000000002,1.25983,1,1.35
25.08.2021 00:45:28.060,1.25994,1.2598200000000002,1,4.15
25.08.2021 00:45:28.162,1.2599500000000001,1.2598,1.57,4.09
25.08.2021 00:45:28.264,1.25994,1.25981,1.95,3.77
25.08.2021 00:45:28.826,1.25994,1.2598200000000002,1,2.26
25.08.2021 00:45:31.451,1.2599500000000001,1.25983,1,1.95
25.08.2021 00:45:31.709,1.25997,1.25983,1.1,1
25.08.2021 00:45:32.907,1.2599600000000002,1.25984,1.22,1
25.08.2021 00:45:33.421,1.25997,1.25983,1.2,1
25.08.2021 00:45:53.600,1.25999,1.25984,1.6,1
25.08.2021 00:46:00.347,1.2599799999999999,1.25983,1.22,1.25
25.08.2021 00:46:00.750,1.25999,1.25984,1.1,1.25
25.08.2021 00:46:03.962,1.2599799999999999,1.2598500000000001,1.6,1
25.08.2021 00:46:16.121,1.25999,1.2598500000000001,2.1,1
25.08.2021 00:46:22.932,1.25999,1.25984,1.22,1
25.08.2021 00:46:23.033,1.25999,1.25984,1.22,1.25
25.08.2021 00:46:23.724,1.25997,1.2598500000000001,1.1,1
25.08.2021 00:46:31.659,1.25997,1.2598500000000001,1.1,1
25.08.2021 00:46:32.371,1.2599799999999999,1.25984,1.1,1
25.08.2021 00:46:37.921,1.2599500000000001,1.25983,1.1,1
25.08.2021 00:46:38.123,1.2599600000000002,1.2598200000000002,1.22,1
25.08.2021 00:46:38.439,1.25997,1.2598200000000002,1.6,1
25.08.2021 00:46:43.904,1.2599500000000001,1.2598,2.35,1
25.08.2021 00:46:44.107,1.2599600000000002,1.2598200000000002,1.22,1
25.08.2021 00:46:46.135,1.25997,1.25983,1.6,1
25.08.2021 00:46:47.145,1.2599799999999999,1.25983,1.22,1.25
25.08.2021 00:46:57.905,1.2599799999999999,1.25983,1.2,1.35
25.08.2021 00:47:02.790,1.25997,1.2598500000000001,1.22,1
25.08.2021 00:47:03.043,1.2599799999999999,1.25984,1.1,1.5
25.08.2021 00:47:03.255,1.2599799999999999,1.25984,1.22,1
25.08.2021 00:47:03.374,1.25997,1.2598500000000001,1.2,1
25.08.2021 00:47:05.368,1.2599799999999999,1.25984,1.22,1
25.08.2021 00:47:18.015,1.25997,1.25983,1.1,1
25.08.2021 00:47:18.124,1.25997,1.25983,1.1,1
25.08.2021 00:47:23.159,1.25994,1.25981,1.1,1.12
25.08.2021 00:47:25.902,1.2599799999999999,1.25984,2.92,1
25.08.2021 00:47:26.004,1.25997,1.2598500000000001,1.8,1
25.08.2021 00:47:36.099,1.2599799999999999,1.25984,1.1,1.5
25.08.2021 00:47:36.306,1.25997,1.2598500000000001,1.22,1
25.08.2021 00:47:42.256,1.2599799999999999,1.25984,1.1,1
25.08.2021 00:47:45.439,1.2599799999999999,1.25984,1.1,1
25.08.2021 00:47:46.061,1.2599799999999999,1.25984,1.22,1
25.08.2021 00:47:47.247,1.2599799999999999,1.25984,1.22,1
25.08.2021 00:47:47.690,1.2599799999999999,1.25984,1.22,1
25.08.2021 00:47:48.292,1.2599799999999999,1.25984,1.22,1
25.08.2021 00:47:58.215,1.2599799999999999,1.25984,1.2,1
25.08.2021 00:48:15.243,1.2599799999999999,1.2598600000000002,2.1,1
25.08.2021 00:48:19.334,1.25999,1.2598500000000001,1.6,1
25.08.2021 00:48:19.559,1.2599799999999999,1.2598600000000002,1.6,1
25.08.2021 00:48:21.885,1.25999,1.2598500000000001,2.1,1
25.08.2021 00:48:23.601,1.25999,1.2598500000000001,1.1,1
25.08.2021 00:48:24.020,1.25999,1.2598500000000001,1.1,1
25.08.2021 00:48:33.307,1.25999,1.2598500000000001,2.85,1
25.08.2021 00:48:33.459,1.25999,1.2598500000000001,1.2,1
25.08.2021 00:48:34.377,1.2599799999999999,1.2598600000000002,1.6,1
25.08.2021 00:48:40.500,1.25999,1.2598500000000001,1.2,1
25.08.2021 00:48:43.109,1.25999,1.2598500000000001,1.6,1
25.08.2021 00:48:54.390,1.26001,1.2599200000000002,1.6,1
25.08.2021 00:48:54.542,1.2600500000000001,1.25991,1.6,1
25.08.2021 00:48:54.643,1.26004,1.2599200000000002,1.6,1
25.08.2021 00:48:54.771,1.2600600000000002,1.25994,2.1,1
25.08.2021 00:48:54.872,1.26009,1.2599600000000002,1.8,1
25.08.2021 00:48:54.974,1.26009,1.2599600000000002,1.6,1
25.08.2021 00:48:56.133,1.26008,1.25997,1.2,1
25.08.2021 00:49:01.511,1.26011,1.26,3.04,1
25.08.2021 00:49:01.641,1.2601200000000001,1.25999,2.85,1
25.08.2021 00:49:03.011,1.26013,1.26,1.6,1
25.08.2021 00:49:03.112,1.26013,1.26,1.2,1
25.08.2021 00:49:05.865,1.26013,1.26,1.1,1
25.08.2021 00:49:25.400,1.26013,1.26,1.57,1
25.08.2021 00:49:25.502,1.26015,1.26001,2.1,1
25.08.2021 00:49:25.784,1.26015,1.26001,1.57,1
25.08.2021 00:49:26.565,1.26014,1.26001,1.1,1
25.08.2021 00:49:26.666,1.26014,1.26001,1.22,1
25.08.2021 00:49:35.978,1.26014,1.26001,1.2,1
25.08.2021 00:49:43.706,1.26015,1.26003,2.1,1
25.08.2021 00:49:43.858,1.2601600000000002,1.2600200000000001,1.95,1
25.08.2021 00:49:48.246,1.2601700000000002,1.26004,1.97,1
25.08.2021 00:49:48.347,1.2601700000000002,1.26004,1.2,1
25.08.2021 00:49:49.448,1.26019,1.2600500000000001,2.45,1
25.08.2021 00:49:49.550,1.26019,1.26008,1.5,1
25.08.2021 00:49:49.652,1.2602,1.26009,1.97,1
25.08.2021 00:49:50.006,1.26021,1.26008,1.2,1
25.08.2021 00:49:51.204,1.26021,1.2601200000000001,1.6,1
25.08.2021 00:49:51.255,1.26023,1.2601200000000001,1.1,1
25.08.2021 00:49:51.407,1.2602200000000001,1.26011,1.57,1
25.08.2021 00:49:55.068,1.26021,1.26011,1.1,1
25.08.2021 00:49:55.170,1.26021,1.26009,1.1,1
25.08.2021 00:49:55.323,1.26019,1.26008,1.1,1
25.08.2021 00:49:56.236,1.2602,1.26009,1.22,1
25.08.2021 00:49:59.832,1.2602,1.26009,1.2,1
25.08.2021 00:50:06.894,1.26021,1.26008,1.22,1
25.08.2021 00:50:08.141,1.26021,1.26008,1.1,1
25.08.2021 00:50:11.712,1.2602,1.26009,1.1,1
25.08.2021 00:50:14.367,1.26021,1.26008,1.1,1
25.08.2021 00:50:15.471,1.2602200000000001,1.26008,2.72,1
25.08.2021 00:50:15.763,1.26023,1.26009,2.1,1
25.08.2021 00:50:15.864,1.26024,1.26013,1.1,1
25.08.2021 00:50:15.966,1.2602700000000002,1.26014,3.6,1
25.08.2021 00:50:16.067,1.2602600000000002,1.2601600000000002,1.6,1
25.08.2021 00:50:16.168,1.2602700000000002,1.26015,1.1,1
25.08.2021 00:50:16.687,1.2602700000000002,1.2601700000000002,1.2,1
25.08.2021 00:50:16.738,1.2603,1.2601700000000002,1.2,1
25.08.2021 00:50:18.404,1.2603,1.2601600000000002,1.97,1
25.08.2021 00:50:18.556,1.2603,1.2601600000000002,1.95,1
25.08.2021 00:50:18.774,1.2602900000000001,1.2601700000000002,1.97,1
25.08.2021 00:50:33.689,1.26031,1.26018,1.6,1
25.08.2021 00:50:33.740,1.2603,1.2601600000000002,1.22,1
25.08.2021 00:50:35.116,1.2603,1.2601600000000002,3.22,1
25.08.2021 00:50:35.218,1.2602900000000001,1.2601600000000002,3.22,1
25.08.2021 00:50:58.429,1.2602600000000002,1.2601200000000001,2.35,1.5
25.08.2021 00:50:58.480,1.26025,1.26011,1.1,1
25.08.2021 00:50:58.581,1.26024,1.2601200000000001,1.1,1
25.08.2021 00:50:58.783,1.26025,1.26013,1.97,1
25.08.2021 00:50:58.885,1.26025,1.26013,1.22,1
25.08.2021 00:50:58.986,1.2602600000000002,1.2601200000000001,1.22,1
25.08.2021 00:51:00.657,1.26028,1.26014,2.85,1
25.08.2021 00:51:07.776,1.26023,1.2601200000000001,1,1
25.08.2021 00:51:07.827,1.26023,1.2601,1.1,1.95
25.08.2021 00:51:07.928,1.26024,1.2601,2.72,1
25.08.2021 00:51:08.180,1.26024,1.2601,2.72,1
25.08.2021 00:51:09.822,1.26023,1.2601,1.1,1
25.08.2021 00:51:15.069,1.26023,1.26011,1.1,1
25.08.2021 00:51:15.228,1.26024,1.2601,1.6,1
25.08.2021 00:51:20.064,1.26023,1.26011,2.35,1
25.08.2021 00:51:24.636,1.26023,1.26011,2.85,1
25.08.2021 00:51:24.857,1.26023,1.26011,2.35,1
25.08.2021 00:51:27.759,1.26023,1.26011,1.1,1
25.08.2021 00:51:27.912,1.26024,1.2601200000000001,2.35,1
25.08.2021 00:51:29.149,1.26024,1.2601,1.1,1
25.08.2021 00:51:29.250,1.26023,1.2601,1.1,1
25.08.2021 00:51:34.639,1.26023,1.26009,2.35,1
25.08.2021 00:51:34.741,1.2602200000000001,1.2601,2.35,1
25.08.2021 00:51:41.900,1.26023,1.26009,1.1,1.25
25.08.2021 00:51:41.951,1.26024,1.26013,1.1,1
25.08.2021 00:51:42.052,1.26025,1.26015,1.25,1
25.08.2021 00:51:42.154,1.26025,1.2601700000000002,2.5,1
25.08.2021 00:51:42.255,1.2602700000000002,1.2601700000000002,1.1,1
