Gmt time,Ask,Bid,AskVolume,BidVolume
05.08.2021 00:00:00.235,6.46335,6.46267,1,1
05.08.2021 00:00:01.739,6.4634100000000005,6.462630000000001,1,1
05.08.2021 00:00:01.790,6.46331,6.46264,1,1
05.08.2021 00:00:02.045,6.46331,6.46267,1,1
05.08.2021 00:00:02.096,6.46335,6.4627,1,1
05.08.2021 00:00:05.834,6.46327,6.46265,1,1
05.08.2021 00:00:27.823,6.46323,6.4626,1,1
05.08.2021 00:00:28.257,6.46325,6.46264,1,1
05.08.2021 00:00:28.307,6.463280000000001,6.46264,1.57,1
05.08.2021 00:00:31.111,6.46323,6.46265,1,1
05.08.2021 00:00:31.162,6.46322,6.462580000000001,1,1
05.08.2021 00:00:34.746,6.46316,6.4625900000000005,1,1
05.08.2021 00:00:34.796,6.46314,6.462530000000001,1,1
05.08.2021 00:00:36.784,6.46311,6.46251,1,1
05.08.2021 00:00:37.492,6.46311,6.4625,1,1.1
05.08.2021 00:00:38.784,6.46307,6.462490000000001,1,1.1
05.08.2021 00:00:38.885,6.46304,6.4625,1,1.1
05.08.2021 00:00:38.989,6.4629900000000005,6.462490000000001,1,1.1
05.08.2021 00:00:39.235,6.46295,6.462490000000001,1,1.1
05.08.2021 00:00:39.931,6.4629,6.4625,1,1.1
05.08.2021 00:00:40.194,6.462890000000001,6.462490000000001,1,1.1
05.08.2021 00:00:40.365,6.46288,6.462490000000001,1,1.1
05.08.2021 00:00:41.572,6.46288,6.46234,1,1.1
05.08.2021 00:00:51.213,6.46287,6.46234,1.5,1.1
05.08.2021 00:00:51.590,6.462890000000001,6.462330000000001,1,1.1
05.08.2021 00:00:52.312,6.462840000000001,6.46234,1,1.1
05.08.2021 00:00:53.234,6.46285,6.46232,1,1
05.08.2021 00:00:55.119,6.46288,6.46242,1,1
05.08.2021 00:00:55.474,6.462890000000001,6.46232,1,1
05.08.2021 00:01:00.177,6.46288,6.46236,1,1
05.08.2021 00:01:00.227,6.46288,6.462330000000001,1,1
05.08.2021 00:01:06.244,6.46288,6.462350000000001,1,1
05.08.2021 00:01:09.300,6.462890000000001,6.462330000000001,1,1
05.08.2021 00:01:09.502,6.462930000000001,6.462330000000001,1,1.5
05.08.2021 00:01:09.552,6.462930000000001,6.462350000000001,1,1
05.08.2021 00:01:09.928,6.46292,6.46237,1,1
05.08.2021 00:01:10.029,6.46292,6.4624500000000005,1,1
05.08.2021 00:01:11.395,6.46292,6.46234,1,1.5
05.08.2021 00:01:11.796,6.462890000000001,6.46234,1,1
05.08.2021 00:01:13.508,6.4629,6.46236,1,1
05.08.2021 00:01:14.508,6.462890000000001,6.462330000000001,1,1
05.08.2021 00:01:15.185,6.462940000000001,6.46234,1,1
05.08.2021 00:01:15.235,6.462930000000001,6.46237,1,1
05.08.2021 00:01:15.336,6.46287,6.46237,1,1
05.08.2021 00:01:15.792,6.46292,6.46232,1,1.5
05.08.2021 00:01:16.265,6.46291,6.46237,1,1
05.08.2021 00:01:16.315,6.46291,6.462330000000001,1,1.5
05.08.2021 00:01:18.000,6.46291,6.462350000000001,1,1
05.08.2021 00:01:19.244,6.46291,6.4623800000000005,1,1
05.08.2021 00:01:19.345,6.46291,6.46237,1,1
05.08.2021 00:01:20.698,6.46288,6.46236,1,1
05.08.2021 00:01:20.935,6.46288,6.46232,1,1
05.08.2021 00:01:33.310,6.46288,6.462350000000001,1,1
05.08.2021 00:01:35.147,6.46288,6.46232,1,1
05.08.2021 00:01:37.770,6.46287,6.46236,1,1
05.08.2021 00:01:38.305,6.46288,6.462330000000001,1,1
05.08.2021 00:01:38.459,6.46288,6.46232,1,1
05.08.2021 00:01:40.512,6.46288,6.462350000000001,1,1
05.08.2021 00:01:40.562,6.46292,6.462350000000001,1,1
05.08.2021 00:01:45.865,6.46291,6.462330000000001,1,1.5
05.08.2021 00:01:45.916,6.46292,6.462350000000001,1,1
05.08.2021 00:01:46.446,6.46292,6.46241,1,1
05.08.2021 00:01:46.822,6.46292,6.4624500000000005,1,1
05.08.2021 00:01:46.873,6.46295,6.46246,1,1
05.08.2021 00:01:48.431,6.46296,6.46243,1,1
05.08.2021 00:01:49.726,6.46296,6.4624500000000005,1,1
05.08.2021 00:01:55.974,6.46295,6.46242,1,1
05.08.2021 00:01:56.458,6.462940000000001,6.46242,1,1
05.08.2021 00:01:56.509,6.462940000000001,6.4623800000000005,1,1.1
05.08.2021 00:01:57.477,6.46291,6.46237,1,1.1
05.08.2021 00:02:09.075,6.46295,6.46257,1,1
05.08.2021 00:02:09.125,6.463100000000001,6.46265,1,1.5
05.08.2021 00:02:09.176,6.46311,6.46265,1,1.5
05.08.2021 00:02:10.080,6.4631300000000005,6.46269,1.12,1.5
05.08.2021 00:02:19.104,6.46309,6.46269,1,1.5
05.08.2021 00:02:19.204,6.4630600000000005,6.46265,1,1
05.08.2021 00:02:19.378,6.46309,6.462680000000001,1,1
05.08.2021 00:02:19.505,6.463080000000001,6.46269,1,1.5
05.08.2021 00:02:39.659,6.46309,6.46276,1,1
05.08.2021 00:03:06.309,6.4631300000000005,6.46276,1,1
05.08.2021 00:03:11.582,6.463190000000001,6.46277,1.84,1
05.08.2021 00:03:41.604,6.46318,6.46282,1.84,1
05.08.2021 00:03:41.834,6.463190000000001,6.46277,1.84,1
05.08.2021 00:03:41.935,6.463190000000001,6.46278,1.84,1
05.08.2021 00:03:45.109,6.463280000000001,6.462930000000001,1,1
05.08.2021 00:03:45.210,6.463280000000001,6.46297,1,1
05.08.2021 00:03:45.261,6.46358,6.46295,1,1.6
05.08.2021 00:03:45.311,6.46357,6.463,1,1
05.08.2021 00:03:45.361,6.46372,6.463030000000001,1.5,1
05.08.2021 00:03:45.580,6.4637,6.4629900000000005,1.12,1.1
05.08.2021 00:03:47.545,6.463680000000001,6.462930000000001,1,1.5
05.08.2021 00:03:48.575,6.463680000000001,6.462930000000001,1,1
05.08.2021 00:03:48.755,6.463690000000001,6.46295,1,1
05.08.2021 00:03:48.975,6.463690000000001,6.46292,1,1
05.08.2021 00:03:50.710,6.463690000000001,6.462840000000001,1,1.6
05.08.2021 00:03:50.761,6.463680000000001,6.46285,1,1.5
05.08.2021 00:03:50.896,6.463680000000001,6.46286,1,1
05.08.2021 00:03:51.327,6.463640000000001,6.46285,1,1
05.08.2021 00:03:51.837,6.463640000000001,6.462840000000001,1,1.5
05.08.2021 00:03:52.844,6.46358,6.46285,1,1
05.08.2021 00:03:52.895,6.46361,6.46285,1,1
05.08.2021 00:03:52.945,6.46357,6.46285,1,1
05.08.2021 00:03:55.498,6.46358,6.4628000000000005,1,1.6
05.08.2021 00:03:56.548,6.46356,6.46281,1,1.5
05.08.2021 00:03:58.596,6.46357,6.4628000000000005,1,1
05.08.2021 00:03:59.017,6.46358,6.4628000000000005,1,1
05.08.2021 00:04:00.600,6.46357,6.4628000000000005,1,1
05.08.2021 00:04:02.845,6.46357,6.46281,1,1
05.08.2021 00:04:03.591,6.46357,6.462840000000001,1,1
05.08.2021 00:04:07.388,6.46357,6.46281,1,1.1
05.08.2021 00:04:07.844,6.46358,6.4628000000000005,1,1
05.08.2021 00:04:13.182,6.46357,6.462840000000001,1,1
05.08.2021 00:04:27.642,6.46361,6.462840000000001,1,1
05.08.2021 00:04:28.183,6.46361,6.46283,1,1
05.08.2021 00:04:28.943,6.46363,6.46286,1,1
05.08.2021 00:04:29.473,6.46363,6.46286,1,1.1
05.08.2021 00:04:29.755,6.46363,6.462940000000001,1,1
05.08.2021 00:04:33.594,6.46365,6.462930000000001,1,1
05.08.2021 00:05:11.499,6.463640000000001,6.46297,1,1
05.08.2021 00:05:12.081,6.463640000000001,6.46304,1,1
05.08.2021 00:05:15.219,6.463640000000001,6.46297,1,1
05.08.2021 00:05:23.042,6.46363,6.46296,1,1
05.08.2021 00:05:23.933,6.463640000000001,6.46297,1,1
05.08.2021 00:05:33.656,6.463640000000001,6.462940000000001,1,1
05.08.2021 00:05:36.449,6.463640000000001,6.46286,1,1.5
05.08.2021 00:05:36.970,6.46371,6.46286,1,1.5
05.08.2021 00:05:37.175,6.46371,6.46286,1,1
05.08.2021 00:05:49.490,6.46371,6.46286,1,1.1
05.08.2021 00:06:02.747,6.46371,6.46286,1,1
05.08.2021 00:06:03.956,6.46371,6.462840000000001,1,1.6
05.08.2021 00:06:06.586,6.46372,6.46283,1,1.5
05.08.2021 00:06:09.145,6.46372,6.46283,1,1.6
05.08.2021 00:06:14.933,6.46367,6.46283,1,1.5
05.08.2021 00:06:15.111,6.46362,6.462840000000001,1,1.5
05.08.2021 00:06:15.520,6.46363,6.4628000000000005,1,1.1
05.08.2021 00:06:15.906,6.46363,6.4628000000000005,1,1
05.08.2021 00:06:16.101,6.4636000000000005,6.46281,1,1
05.08.2021 00:06:16.252,6.463640000000001,6.46281,1,1
05.08.2021 00:06:16.515,6.46366,6.46281,1,1
05.08.2021 00:06:17.239,6.463690000000001,6.4628000000000005,1,1
05.08.2021 00:06:17.484,6.46371,6.46281,1,1
05.08.2021 00:06:18.481,6.46371,6.46281,1,1.1
05.08.2021 00:06:19.911,6.46372,6.4628000000000005,1,1
05.08.2021 00:06:22.657,6.46372,6.4628000000000005,1,1.1
05.08.2021 00:06:22.759,6.4637400000000005,6.46281,1,1.6
05.08.2021 00:06:22.944,6.46375,6.46287,1,1
05.08.2021 00:06:23.045,6.46377,6.46307,1,1
05.08.2021 00:06:23.096,6.46391,6.46316,1.6,1
05.08.2021 00:06:23.197,6.46393,6.463150000000001,1,1.1
05.08.2021 00:06:23.247,6.46393,6.46325,1,1
05.08.2021 00:06:23.348,6.46407,6.46336,1.5,1
05.08.2021 00:06:23.449,6.464080000000001,6.46332,1.5,1
05.08.2021 00:06:23.600,6.46407,6.463190000000001,1.5,1.1
05.08.2021 00:06:23.701,6.46406,6.4632000000000005,1.5,1
05.08.2021 00:06:23.751,6.46406,6.4632000000000005,1.5,1.1
05.08.2021 00:06:23.961,6.46406,6.4632000000000005,1,1.1
05.08.2021 00:06:24.062,6.46407,6.463150000000001,1,1.1
05.08.2021 00:06:24.317,6.46406,6.4632000000000005,1,1
05.08.2021 00:06:24.679,6.46407,6.463190000000001,1,1.1
05.08.2021 00:06:24.828,6.46407,6.463150000000001,1,1.6
05.08.2021 00:06:25.615,6.46407,6.463190000000001,1,1
05.08.2021 00:06:25.867,6.46407,6.463150000000001,1,1.6
05.08.2021 00:06:25.927,6.46406,6.46316,1,1.6
05.08.2021 00:06:28.865,6.46411,6.46316,1,1.1
05.08.2021 00:06:28.988,6.46412,6.463190000000001,1,1
05.08.2021 00:06:29.089,6.46411,6.4632000000000005,1,1.1
05.08.2021 00:06:29.607,6.46411,6.46316,1,1.1
05.08.2021 00:06:29.708,6.46412,6.463190000000001,1,1
05.08.2021 00:06:29.759,6.464130000000001,6.4632000000000005,1,1
05.08.2021 00:06:29.809,6.46414,6.463190000000001,1,1.1
05.08.2021 00:06:30.058,6.46414,6.463150000000001,1,1.6
05.08.2021 00:06:30.369,6.46414,6.463190000000001,1,1
05.08.2021 00:06:30.474,6.46419,6.463550000000001,1,1
05.08.2021 00:06:30.525,6.464180000000001,6.46345,1,1.1
05.08.2021 00:06:30.625,6.46417,6.463330000000001,1,1
05.08.2021 00:06:30.676,6.464180000000001,6.46367,1,1.5
05.08.2021 00:06:30.726,6.464180000000001,6.46346,1.1,1
05.08.2021 00:06:30.776,6.4642100000000005,6.46361,1,1
05.08.2021 00:06:30.827,6.4642,6.463480000000001,1,1.5
05.08.2021 00:06:30.877,6.464160000000001,6.46347,1.5,1.1
05.08.2021 00:06:30.978,6.46387,6.463430000000001,1,1.5
05.08.2021 00:06:31.079,6.463640000000001,6.46337,1,1.5
05.08.2021 00:06:31.129,6.46365,6.46292,1,1
05.08.2021 00:06:31.230,6.463500000000001,6.46279,1,1.1
05.08.2021 00:06:31.280,6.463480000000001,6.46274,1,1.1
05.08.2021 00:06:31.331,6.463380000000001,6.46277,1,1
05.08.2021 00:06:31.482,6.4633400000000005,6.46276,1,1
05.08.2021 00:06:31.532,6.46339,6.46276,1,1
05.08.2021 00:06:41.046,6.46339,6.46278,1,1
05.08.2021 00:06:41.147,6.4633,6.46278,1,1
05.08.2021 00:06:49.498,6.463240000000001,6.46279,1,1
05.08.2021 00:06:49.625,6.46325,6.46277,1,1
05.08.2021 00:07:00.614,6.46325,6.4627,1,1.5
05.08.2021 00:07:19.814,6.46327,6.4627,1,1.5
05.08.2021 00:07:29.707,6.46327,6.46276,1,1
05.08.2021 00:07:29.815,6.46327,6.46277,1,1
05.08.2021 00:07:29.916,6.463280000000001,6.46282,1,1
05.08.2021 00:08:26.731,6.463290000000001,6.46282,1,1
05.08.2021 00:09:28.967,6.463290000000001,6.46279,1,1
05.08.2021 00:09:32.452,6.4633,6.46279,1,1
05.08.2021 00:09:32.503,6.463290000000001,6.46286,1,1
05.08.2021 00:09:34.196,6.463290000000001,6.4628000000000005,1,1
05.08.2021 00:09:34.246,6.4633,6.46285,1,1
05.08.2021 00:09:35.035,6.4633,6.46279,1,1
05.08.2021 00:09:35.445,6.4633,6.4628000000000005,1,1.1
05.08.2021 00:09:35.568,6.463330000000001,6.46285,1,1
05.08.2021 00:09:36.046,6.463330000000001,6.46279,1,1.1
05.08.2021 00:09:36.096,6.46332,6.46286,1,1
05.08.2021 00:09:37.165,6.46332,6.4628000000000005,1,1
05.08.2021 00:09:37.347,6.4633400000000005,6.4628000000000005,1,1
05.08.2021 00:09:38.188,6.463290000000001,6.4628000000000005,1,1
05.08.2021 00:09:38.238,6.463330000000001,6.46281,1,1
05.08.2021 00:09:38.788,6.463280000000001,6.46281,1,1
05.08.2021 00:09:38.838,6.4633400000000005,6.4628000000000005,1,1
05.08.2021 00:09:39.401,6.463290000000001,6.4628000000000005,1,1
05.08.2021 00:09:39.451,6.463330000000001,6.46281,1,1
05.08.2021 00:09:40.046,6.463290000000001,6.4628000000000005,1,1
05.08.2021 00:09:40.097,6.4633400000000005,6.4628000000000005,1,1
05.08.2021 00:09:41.180,6.46335,6.46282,1,1
05.08.2021 00:09:41.230,6.46336,6.46285,1,1
05.08.2021 00:09:41.565,6.46335,6.46282,1,1.1
05.08.2021 00:09:41.615,6.463290000000001,6.46281,1,1
05.08.2021 00:09:41.881,6.46332,6.4628000000000005,1,1
05.08.2021 00:09:41.932,6.4633400000000005,6.46286,1,1
05.08.2021 00:09:53.020,6.463330000000001,6.46285,1,1
05.08.2021 00:09:54.236,6.46332,6.4628000000000005,1,1.1
05.08.2021 00:09:54.287,6.4633400000000005,6.46286,1,1
05.08.2021 00:09:55.826,6.4633400000000005,6.46281,1,1
05.08.2021 00:09:55.876,6.4633400000000005,6.46286,1,1
05.08.2021 00:09:56.414,6.46335,6.4628000000000005,1,1.1
05.08.2021 00:09:56.585,6.4633400000000005,6.4628000000000005,1,1
05.08.2021 00:10:10.117,6.463280000000001,6.46281,1,1
05.08.2021 00:10:10.167,6.463330000000001,6.4628000000000005,1,1
05.08.2021 00:10:10.718,6.463290000000001,6.4628000000000005,1,1
05.08.2021 00:10:10.768,6.46332,6.46281,1,1
05.08.2021 00:10:11.127,6.463290000000001,6.4628000000000005,1,1
05.08.2021 00:10:11.480,6.463330000000001,6.4628000000000005,1,1
05.08.2021 00:10:11.689,6.463330000000001,6.4628000000000005,1,1.1
05.08.2021 00:10:12.008,6.463290000000001,6.46281,1,1.1
05.08.2021 00:10:12.058,6.463330000000001,6.46281,1,1.1
05.08.2021 00:10:13.065,6.463330000000001,6.46281,1,1
05.08.2021 00:10:23.501,6.46335,6.4628000000000005,1,1.5
05.08.2021 00:10:23.552,6.46339,6.46286,1,1
05.08.2021 00:10:24.108,6.46337,6.46286,1,1
05.08.2021 00:10:24.776,6.46337,6.46277,1,1.1
05.08.2021 00:10:24.827,6.46337,6.46281,1,1
05.08.2021 00:10:25.346,6.463380000000001,6.46276,1,1.1
05.08.2021 00:10:25.846,6.463380000000001,6.46278,1,1
05.08.2021 00:10:28.230,6.463380000000001,6.46276,1,1.1
05.08.2021 00:10:35.772,6.46337,6.46279,1,1
05.08.2021 00:10:36.588,6.463380000000001,6.4628000000000005,1,1
05.08.2021 00:10:56.529,6.46327,6.46281,1,1
05.08.2021 00:11:01.465,6.46325,6.4628000000000005,1,1
05.08.2021 00:11:19.017,6.46325,6.46276,1,1
05.08.2021 00:11:24.536,6.46325,6.46279,1,1
05.08.2021 00:11:25.272,6.463240000000001,6.46278,1,1
05.08.2021 00:11:25.373,6.46323,6.46277,1.1,1
05.08.2021 00:11:33.113,6.463240000000001,6.46277,1.57,1
05.08.2021 00:11:37.506,6.463240000000001,6.46281,1,1
05.08.2021 00:11:38.890,6.46325,6.46276,1,1.1
05.08.2021 00:11:50.648,6.46325,6.4628000000000005,1,1
05.08.2021 00:11:51.465,6.463240000000001,6.46277,1,1.1
05.08.2021 00:12:05.314,6.46325,6.4628000000000005,1,1
05.08.2021 00:12:05.415,6.463240000000001,6.462890000000001,1,1
05.08.2021 00:12:08.260,6.463240000000001,6.46281,1,1
05.08.2021 00:12:11.391,6.463240000000001,6.46286,1,1
05.08.2021 00:12:14.162,6.463240000000001,6.46276,1,1.6
05.08.2021 00:12:14.213,6.463240000000001,6.46281,1,1
05.08.2021 00:12:19.219,6.46325,6.46285,1,1
05.08.2021 00:12:24.604,6.463240000000001,6.462890000000001,1,1
05.08.2021 00:12:25.784,6.46325,6.46285,1,1
05.08.2021 00:12:28.104,6.463240000000001,6.46276,1,1.6
05.08.2021 00:12:28.155,6.46325,6.4628000000000005,1,1
05.08.2021 00:12:31.018,6.46325,6.462750000000001,1,1.5
05.08.2021 00:12:38.989,6.4632000000000005,6.46276,1,1.5
05.08.2021 00:12:39.343,6.46321,6.46276,1,1
05.08.2021 00:12:39.653,6.4632000000000005,6.46276,1,1.5
05.08.2021 00:12:39.964,6.46312,6.46277,1.1,1
05.08.2021 00:12:40.600,6.463100000000001,6.46276,1.1,1
05.08.2021 00:12:41.617,6.46309,6.46276,1.1,1
05.08.2021 00:12:58.668,6.46309,6.46283,1.1,1
05.08.2021 00:13:17.133,6.463100000000001,6.462750000000001,1.1,1.5
05.08.2021 00:13:18.275,6.463100000000001,6.46282,1.1,1
05.08.2021 00:13:36.812,6.46309,6.46276,1.1,1.5
05.08.2021 00:13:44.948,6.46317,6.46276,1.5,1
05.08.2021 00:13:47.556,6.46309,6.46277,1.1,1
05.08.2021 00:14:01.056,6.46309,6.46269,1.1,1.5
05.08.2021 00:14:01.157,6.46309,6.46276,1.1,1
05.08.2021 00:14:02.095,6.463100000000001,6.462630000000001,1.1,2.1
05.08.2021 00:14:02.146,6.46309,6.46276,1.1,1
05.08.2021 00:14:02.484,6.46309,6.46277,1.1,1
05.08.2021 00:14:02.727,6.46309,6.46283,1.1,1
05.08.2021 00:14:03.123,6.46309,6.46277,1.1,1
05.08.2021 00:14:15.170,6.4630600000000005,6.46277,1,1
05.08.2021 00:14:15.221,6.46305,6.46265,1,1.6
05.08.2021 00:14:15.272,6.46304,6.46271,1,1
05.08.2021 00:14:15.525,6.463030000000001,6.46271,1,1
05.08.2021 00:14:15.575,6.463030000000001,6.462540000000001,1,1.6
05.08.2021 00:14:15.676,6.46292,6.462530000000001,1,1.1
05.08.2021 00:14:15.777,6.46282,6.4624500000000005,1,1
05.08.2021 00:14:15.877,6.46277,6.4623800000000005,1,1
05.08.2021 00:14:15.928,6.4627300000000005,6.462260000000001,1,1
05.08.2021 00:14:16.028,6.4627300000000005,6.46212,1,1.1
05.08.2021 00:14:16.079,6.46276,6.46207,1,1.1
05.08.2021 00:14:16.332,6.462630000000001,6.46197,1,1.72
05.08.2021 00:14:16.516,6.46261,6.462000000000001,1,1.1
05.08.2021 00:14:16.667,6.46251,6.46197,1,1.22
05.08.2021 00:14:16.717,6.4625,6.46196,1,1.2
05.08.2021 00:14:18.490,6.46255,6.4619,1,1.1
05.08.2021 00:14:18.757,6.46255,6.4619,1,1.1
05.08.2021 00:14:20.004,6.462530000000001,6.4619100000000005,1,1.1
05.08.2021 00:14:20.515,6.462530000000001,6.4619,1,1.1
05.08.2021 00:14:20.566,6.46257,6.4619,1,1.1
05.08.2021 00:14:20.952,6.462530000000001,6.4619,1,1.1
05.08.2021 00:14:21.199,6.462530000000001,6.4619,1,1
05.08.2021 00:14:24.494,6.46255,6.4619100000000005,1,1
05.08.2021 00:14:24.926,6.462530000000001,6.4619,1,1
05.08.2021 00:14:25.703,6.462530000000001,6.462230000000001,1,1
05.08.2021 00:14:25.754,6.46261,6.462230000000001,1,1
05.08.2021 00:14:25.855,6.4626600000000005,6.46222,1,1
05.08.2021 00:14:25.955,6.4627300000000005,6.46222,1,1
05.08.2021 00:14:26.006,6.4627300000000005,6.46225,1,1
05.08.2021 00:14:29.126,6.46277,6.4623,1,1
05.08.2021 00:14:29.335,6.46281,6.4623,1,1
05.08.2021 00:14:33.457,6.46277,6.4623,1,1
05.08.2021 00:14:34.930,6.46271,6.46231,1,1
05.08.2021 00:14:35.155,6.46271,6.462230000000001,1,1
05.08.2021 00:14:35.206,6.46272,6.46225,1,1
05.08.2021 00:14:40.500,6.46272,6.4623,1,1
05.08.2021 00:14:52.359,6.46272,6.46225,1,1
05.08.2021 00:14:54.843,6.462680000000001,6.46211,1,1.22
05.08.2021 00:14:54.894,6.46264,6.46207,1,1.6
05.08.2021 00:14:55.014,6.46269,6.46206,1,1.6
05.08.2021 00:14:55.115,6.46265,6.46206,1,1
05.08.2021 00:14:55.165,6.462540000000001,6.46206,1,1
05.08.2021 00:14:55.216,6.4625900000000005,6.46206,1,1
05.08.2021 00:14:55.274,6.4626,6.462000000000001,1,1.1
05.08.2021 00:14:55.394,6.4625900000000005,6.46201,1,1
05.08.2021 00:14:55.495,6.4626,6.462000000000001,1,1.1
05.08.2021 00:14:55.672,6.4626,6.462000000000001,1,1
05.08.2021 00:14:57.460,6.4626,6.46194,1,1.1
05.08.2021 00:14:57.723,6.46261,6.461950000000001,1,1
05.08.2021 00:14:57.837,6.4626,6.46196,1,1.1
05.08.2021 00:14:57.887,6.46252,6.461950000000001,1,1.1
05.08.2021 00:14:57.988,6.46251,6.46201,1,1
05.08.2021 00:14:58.159,6.46251,6.46194,1,1.1
05.08.2021 00:15:01.774,6.46251,6.4619800000000005,1,1
05.08.2021 00:15:02.190,6.46257,6.4619800000000005,1,1
05.08.2021 00:15:02.291,6.46257,6.46196,1,1
05.08.2021 00:15:02.391,6.462580000000001,6.4619,1,1
05.08.2021 00:15:02.600,6.46255,6.4619100000000005,1,1
05.08.2021 00:15:02.701,6.46246,6.461950000000001,1,1
05.08.2021 00:15:03.100,6.46255,6.461950000000001,1,1
05.08.2021 00:15:08.020,6.4624500000000005,6.46196,1,1
05.08.2021 00:15:10.234,6.462540000000001,6.46196,1,1
05.08.2021 00:15:10.380,6.46242,6.461950000000001,1,1
05.08.2021 00:15:17.334,6.4623800000000005,6.461950000000001,1,1
05.08.2021 00:15:23.949,6.46239,6.461950000000001,1,1
05.08.2021 00:15:24.051,6.46234,6.46196,1,1
05.08.2021 00:15:31.814,6.462350000000001,6.46185,1,1
05.08.2021 00:15:31.865,6.462350000000001,6.46182,1,1
05.08.2021 00:15:31.915,6.46231,6.46182,1,1
05.08.2021 00:15:32.048,6.46231,6.4621900000000005,1,1
05.08.2021 00:15:32.099,6.4623800000000005,6.46206,1,1.1
05.08.2021 00:15:32.150,6.462540000000001,6.4620500000000005,1,1
05.08.2021 00:15:32.201,6.462580000000001,6.46206,1,1.6
05.08.2021 00:15:32.252,6.4626,6.46208,1,1.1
05.08.2021 00:15:32.353,6.46262,6.46222,1,1
05.08.2021 00:15:32.515,6.46265,6.462230000000001,1,1
05.08.2021 00:15:33.674,6.46261,6.46216,1,1.1
05.08.2021 00:15:33.776,6.4624500000000005,6.461930000000001,1,1.6
05.08.2021 00:15:33.877,6.4624500000000005,6.46185,1,1.1
05.08.2021 00:15:33.983,6.462440000000001,6.46187,1,1.1
05.08.2021 00:15:38.510,6.4625,6.4619,1,1.6
05.08.2021 00:15:40.886,6.46248,6.461950000000001,1,1
05.08.2021 00:15:40.987,6.462490000000001,6.46194,1,1.1
05.08.2021 00:15:41.630,6.462490000000001,6.46192,1,1.12
05.08.2021 00:15:56.921,6.4624500000000005,6.46192,1,1
05.08.2021 00:15:57.544,6.462440000000001,6.46189,1,1
05.08.2021 00:15:57.974,6.4624500000000005,6.461830000000001,1,1.1
05.08.2021 00:16:11.918,6.4624500000000005,6.4619,1,1.1
05.08.2021 00:16:12.019,6.4624500000000005,6.4619,1,1
05.08.2021 00:16:16.545,6.462440000000001,6.46189,1,1
05.08.2021 00:16:16.595,6.4624500000000005,6.4619,1,1
05.08.2021 00:16:18.508,6.462440000000001,6.4619100000000005,1,1.1
05.08.2021 00:16:27.510,6.462440000000001,6.4619100000000005,1,1
05.08.2021 00:16:28.236,6.462440000000001,6.4619100000000005,1,1.1
05.08.2021 00:16:34.069,6.462440000000001,6.4619100000000005,1,1
05.08.2021 00:16:34.867,6.4624500000000005,6.4619,1,1.1
05.08.2021 00:16:54.510,6.462440000000001,6.4619100000000005,1,1
05.08.2021 00:17:00.674,6.4624500000000005,6.461880000000001,1,1
05.08.2021 00:17:00.853,6.462440000000001,6.461860000000001,1,1.1
05.08.2021 00:17:07.432,6.4624500000000005,6.461880000000001,1,1
05.08.2021 00:17:08.294,6.462440000000001,6.4619100000000005,1,1
05.08.2021 00:17:08.820,6.462440000000001,6.46189,1,1
05.08.2021 00:17:08.966,6.462440000000001,6.461860000000001,1,1.1
05.08.2021 00:17:15.723,6.4624500000000005,6.4619,1,1.1
05.08.2021 00:17:15.888,6.462440000000001,6.461860000000001,1,1.1
05.08.2021 00:17:16.370,6.462440000000001,6.4619100000000005,1,1
05.08.2021 00:17:18.916,6.4624500000000005,6.461880000000001,1,1
05.08.2021 00:17:18.967,6.462440000000001,6.4619100000000005,1,1
05.08.2021 00:17:19.545,6.462440000000001,6.46189,1,1
05.08.2021 00:17:19.596,6.462440000000001,6.4619100000000005,1,1
05.08.2021 00:17:20.446,6.462440000000001,6.46189,1,1
05.08.2021 00:17:20.497,6.462440000000001,6.4619100000000005,1,1
05.08.2021 00:17:20.736,6.4624500000000005,6.461880000000001,1,1
05.08.2021 00:17:20.855,6.4624500000000005,6.461830000000001,1,1.1
05.08.2021 00:17:21.127,6.4624500000000005,6.4619,1,1.1
05.08.2021 00:17:22.137,6.46241,6.461880000000001,1,1
05.08.2021 00:17:22.187,6.462400000000001,6.461830000000001,1,1.1
05.08.2021 00:17:23.799,6.46241,6.4619100000000005,1,1
05.08.2021 00:17:25.136,6.46241,6.46189,1,1
05.08.2021 00:17:25.237,6.462400000000001,6.461830000000001,1,1.1
05.08.2021 00:17:26.835,6.46243,6.4619,1,1
05.08.2021 00:17:26.886,6.462490000000001,6.4619,1,1
05.08.2021 00:17:27.189,6.4624500000000005,6.4619,1,1
05.08.2021 00:17:30.721,6.4624500000000005,6.4619,1,1.6
05.08.2021 00:17:31.221,6.462440000000001,6.4619100000000005,1,1.5
05.08.2021 00:17:31.381,6.4624500000000005,6.4619,1,1.6
05.08.2021 00:17:31.641,6.4624500000000005,6.4619,1,1.5
05.08.2021 00:17:31.945,6.46242,6.4619100000000005,1,1.1
05.08.2021 00:17:32.265,6.46242,6.4619100000000005,1,1
05.08.2021 00:17:32.574,6.46243,6.4619,1,1.1
05.08.2021 00:17:32.701,6.46242,6.4619100000000005,1,1
05.08.2021 00:17:34.510,6.46242,6.4619100000000005,1,1.1
05.08.2021 00:17:36.606,6.462400000000001,6.461860000000001,1,1.1
05.08.2021 00:17:46.013,6.46241,6.4619,1,1
05.08.2021 00:17:46.990,6.4624500000000005,6.4619100000000005,1,1
05.08.2021 00:17:47.377,6.46242,6.4619,1,1
05.08.2021 00:17:49.688,6.46242,6.4619,1,1.1
05.08.2021 00:18:01.141,6.46242,6.4619,1,1
05.08.2021 00:18:07.307,6.46242,6.461880000000001,1,1
05.08.2021 00:18:07.408,6.46242,6.461860000000001,1,1.1
05.08.2021 00:18:10.578,6.46242,6.4619,1,1
05.08.2021 00:18:11.663,6.46241,6.46189,1,1
05.08.2021 00:18:11.764,6.46241,6.46187,1,1.1
05.08.2021 00:18:34.800,6.46242,6.461950000000001,1,1
05.08.2021 00:18:34.850,6.4624500000000005,6.461950000000001,1,1
05.08.2021 00:18:34.901,6.4624500000000005,6.46202,1,1
05.08.2021 00:18:48.903,6.462490000000001,6.462260000000001,1,1
05.08.2021 00:18:48.954,6.4626600000000005,6.462260000000001,1.8,1
05.08.2021 00:18:49.004,6.46267,6.46232,1,1
05.08.2021 00:18:49.105,6.46264,6.46232,1,1
05.08.2021 00:18:49.206,6.462630000000001,6.462230000000001,1,1
05.08.2021 00:18:49.367,6.4626,6.46222,1,1
05.08.2021 00:18:58.535,6.4625900000000005,6.462260000000001,1,1
05.08.2021 00:19:00.785,6.4625900000000005,6.462230000000001,1,1
05.08.2021 00:19:22.204,6.462630000000001,6.462260000000001,1,1
05.08.2021 00:19:22.305,6.4627,6.462330000000001,1,1
05.08.2021 00:19:22.406,6.46261,6.46232,1,1
05.08.2021 00:19:22.506,6.46261,6.462280000000001,1,1
05.08.2021 00:19:22.607,6.46265,6.462260000000001,1,1
05.08.2021 00:19:22.715,6.462630000000001,6.46229,1,1
05.08.2021 00:19:22.765,6.46261,6.462260000000001,1,2.25
05.08.2021 00:19:22.816,6.46264,6.46227,1,1
05.08.2021 00:19:22.866,6.462630000000001,6.46229,1,1
05.08.2021 00:19:22.917,6.46262,6.46225,1,2.25
05.08.2021 00:19:23.018,6.46265,6.462260000000001,1,1
05.08.2021 00:19:23.069,6.46265,6.462280000000001,1,1
05.08.2021 00:19:23.169,6.46264,6.46227,1,1
05.08.2021 00:19:23.274,6.462630000000001,6.46227,1,1
05.08.2021 00:19:23.324,6.46261,6.462260000000001,1,2.25
05.08.2021 00:19:23.753,6.46262,6.462280000000001,1,1
05.08.2021 00:19:23.804,6.46261,6.462260000000001,1,2.25
05.08.2021 00:19:23.855,6.46264,6.46227,1,1
05.08.2021 00:19:23.956,6.46264,6.462280000000001,1,1
05.08.2021 00:19:24.007,6.46262,6.46225,1,2.25
05.08.2021 00:19:24.383,6.46261,6.46229,1,1
05.08.2021 00:19:24.509,6.46264,6.462330000000001,1.5,1
05.08.2021 00:19:24.610,6.46261,6.462330000000001,1,1
05.08.2021 00:19:24.661,6.46261,6.462260000000001,1,2.25
05.08.2021 00:19:24.920,6.46262,6.462280000000001,1,1
05.08.2021 00:19:24.970,6.46264,6.46227,1.5,1
05.08.2021 00:19:25.121,6.46264,6.462280000000001,1,1
05.08.2021 00:19:25.172,6.46261,6.462260000000001,1,2.25
05.08.2021 00:19:25.243,6.46262,6.462280000000001,1,1
05.08.2021 00:19:25.303,6.46261,6.462260000000001,1,2.25
05.08.2021 00:19:25.427,6.46261,6.46229,1,1
05.08.2021 00:19:25.528,6.46261,6.462260000000001,1,2.25
05.08.2021 00:19:25.825,6.46262,6.462280000000001,1,1
05.08.2021 00:19:25.875,6.46261,6.462260000000001,1,2.25
05.08.2021 00:19:25.926,6.46265,6.462260000000001,1.5,1
05.08.2021 00:19:26.027,6.462630000000001,6.46229,1,1
05.08.2021 00:19:26.078,6.46261,6.462260000000001,1,2.25
05.08.2021 00:19:26.229,6.46262,6.462280000000001,1,1
05.08.2021 00:19:26.279,6.46264,6.46227,1.5,1
05.08.2021 00:19:26.392,6.46264,6.462280000000001,1,1
05.08.2021 00:19:26.443,6.46261,6.462260000000001,1,2.25
05.08.2021 00:19:26.805,6.46261,6.46229,1,1
05.08.2021 00:19:26.856,6.46265,6.462260000000001,1,1
05.08.2021 00:19:26.966,6.462630000000001,6.46229,1,1
05.08.2021 00:19:27.017,6.462630000000001,6.46227,1,1
05.08.2021 00:19:27.118,6.46265,6.462280000000001,1,1
05.08.2021 00:19:27.169,6.46265,6.462260000000001,1,1
05.08.2021 00:19:27.328,6.46264,6.462280000000001,1,1
05.08.2021 00:19:27.379,6.46264,6.462260000000001,1,1
05.08.2021 00:19:27.480,6.46264,6.46227,1,1
05.08.2021 00:19:27.734,6.462630000000001,6.46229,1,1
05.08.2021 00:19:27.837,6.46264,6.462260000000001,1,1
05.08.2021 00:19:28.134,6.46264,6.46227,1,1
05.08.2021 00:19:28.185,6.46264,6.46229,1,1
05.08.2021 00:19:28.235,6.46264,6.46227,1,1
05.08.2021 00:19:28.336,6.46264,6.462280000000001,1,1
05.08.2021 00:19:28.386,6.46264,6.462260000000001,1,1
05.08.2021 00:19:28.764,6.46264,6.46229,1,1
05.08.2021 00:19:28.815,6.46264,6.46227,1,1
05.08.2021 00:19:28.916,6.462630000000001,6.462260000000001,1,2.25
05.08.2021 00:19:29.067,6.46264,6.46229,1,1
05.08.2021 00:19:29.118,6.46264,6.462260000000001,1,1.5
05.08.2021 00:19:29.234,6.46264,6.462280000000001,1,1
05.08.2021 00:19:29.335,6.46264,6.46225,1,1.5
05.08.2021 00:19:29.776,6.46264,6.46229,1,1
05.08.2021 00:19:29.826,6.46265,6.46225,1,1.5
05.08.2021 00:19:29.877,6.46269,6.46227,1,1
05.08.2021 00:19:30.207,6.462630000000001,6.46229,1,1
05.08.2021 00:19:30.258,6.462630000000001,6.462260000000001,1,1.5
05.08.2021 00:19:30.643,6.46265,6.462280000000001,1,1
05.08.2021 00:19:30.693,6.46265,6.46225,1,1
05.08.2021 00:19:30.744,6.46267,6.462260000000001,1,1
05.08.2021 00:19:30.794,6.46264,6.462280000000001,1,1
05.08.2021 00:19:30.845,6.462630000000001,6.462260000000001,1,1
05.08.2021 00:19:30.996,6.46267,6.462280000000001,1.5,1
05.08.2021 00:19:31.047,6.4626600000000005,6.462260000000001,1.5,1.5
05.08.2021 00:19:31.148,6.4626600000000005,6.46227,1,1
05.08.2021 00:19:31.198,6.46264,6.462280000000001,1,1
05.08.2021 00:19:31.249,6.46264,6.46225,1,2.25
05.08.2021 00:19:31.556,6.4626600000000005,6.462280000000001,1,1
05.08.2021 00:19:31.607,6.46265,6.462260000000001,1,2.25
05.08.2021 00:19:31.708,6.4626600000000005,6.46227,1,1
05.08.2021 00:19:31.758,6.46264,6.462280000000001,1,1
05.08.2021 00:19:31.809,6.46264,6.462260000000001,1,1
05.08.2021 00:19:32.134,6.46267,6.462260000000001,1.5,1
05.08.2021 00:19:32.184,6.4626600000000005,6.46229,1.5,1
05.08.2021 00:19:32.235,6.46267,6.462260000000001,1.5,1
05.08.2021 00:19:32.336,6.46264,6.462280000000001,1,1
05.08.2021 00:19:32.386,6.46264,6.462260000000001,1,1
05.08.2021 00:19:32.437,6.46267,6.462260000000001,1,1
05.08.2021 00:19:32.488,6.4627,6.462260000000001,1,1
05.08.2021 00:19:32.589,6.462630000000001,6.46229,1,1
05.08.2021 00:19:32.639,6.46264,6.462260000000001,1,1
05.08.2021 00:19:32.690,6.46267,6.462260000000001,1,1
05.08.2021 00:19:32.828,6.4627,6.462260000000001,1,1
05.08.2021 00:19:32.878,6.462630000000001,6.46229,1,1
05.08.2021 00:19:32.929,6.46264,6.462260000000001,1,1
05.08.2021 00:19:33.364,6.46267,6.462280000000001,1,1
05.08.2021 00:19:33.465,6.4626600000000005,6.46227,1,1
05.08.2021 00:19:33.566,6.46264,6.462280000000001,1,1
05.08.2021 00:19:33.617,6.46264,6.462260000000001,1,1
05.08.2021 00:19:33.718,6.4626600000000005,6.46227,1,1
05.08.2021 00:19:33.769,6.46269,6.46227,1,1
05.08.2021 00:19:33.844,6.46264,6.462280000000001,1,1
05.08.2021 00:19:33.948,6.462630000000001,6.46227,1,1
05.08.2021 00:19:34.244,6.462630000000001,6.46229,1,1
05.08.2021 00:19:34.294,6.46267,6.46229,1,1
05.08.2021 00:19:34.345,6.462680000000001,6.462260000000001,1,1
05.08.2021 00:19:34.474,6.46264,6.462280000000001,1,1
05.08.2021 00:19:34.525,6.462630000000001,6.46227,1,1
05.08.2021 00:19:34.626,6.4627,6.462260000000001,1,1
05.08.2021 00:19:34.726,6.46264,6.462280000000001,1,1
05.08.2021 00:19:34.777,6.462630000000001,6.46227,1,1
05.08.2021 00:19:35.236,6.46267,6.46229,1,1
05.08.2021 00:19:35.338,6.46267,6.46231,1,1
05.08.2021 00:19:35.439,6.462630000000001,6.462330000000001,1,1
05.08.2021 00:19:35.540,6.46269,6.46232,1,1
05.08.2021 00:19:35.675,6.4627,6.462260000000001,1,1
05.08.2021 00:19:35.927,6.462630000000001,6.46227,1,1
05.08.2021 00:19:36.028,6.46269,6.46227,1,1
05.08.2021 00:19:36.211,6.46264,6.462260000000001,1,1
05.08.2021 00:19:36.312,6.46269,6.46227,1,1
05.08.2021 00:19:36.413,6.46269,6.46231,1,1
05.08.2021 00:19:36.532,6.462630000000001,6.462330000000001,1,1
05.08.2021 00:19:36.583,6.462630000000001,6.462280000000001,1,1
05.08.2021 00:19:36.684,6.462630000000001,6.46227,1,1
05.08.2021 00:19:36.883,6.4627,6.462280000000001,1,1
05.08.2021 00:19:36.934,6.46269,6.46227,1,1
05.08.2021 00:19:36.988,6.4627,6.46232,1,1
05.08.2021 00:19:37.089,6.462630000000001,6.462330000000001,1,1
05.08.2021 00:19:37.139,6.4627,6.462260000000001,1,1
05.08.2021 00:19:37.341,6.46264,6.462280000000001,1,1
05.08.2021 00:19:37.391,6.462630000000001,6.462260000000001,1,1.5
05.08.2021 00:19:37.442,6.46269,6.462260000000001,1,1.5
05.08.2021 00:19:37.492,6.46269,6.46231,1,1
05.08.2021 00:19:37.593,6.46264,6.46232,1,1
05.08.2021 00:19:37.744,6.46264,6.46225,1,1.5
05.08.2021 00:19:38.110,6.46269,6.46229,1,1
05.08.2021 00:19:38.161,6.46269,6.462260000000001,1,1.5
05.08.2021 00:19:38.212,6.4627,6.46232,1,1
05.08.2021 00:19:38.363,6.462630000000001,6.462280000000001,1,1
05.08.2021 00:19:38.413,6.46264,6.46225,1,1.5
05.08.2021 00:19:38.628,6.4627,6.462280000000001,1,1
05.08.2021 00:19:38.679,6.4627,6.46225,1,1.5
05.08.2021 00:19:38.780,6.46264,6.462280000000001,1,1
05.08.2021 00:19:38.830,6.46264,6.46225,1,1.5
05.08.2021 00:19:38.881,6.4627,6.46225,1,1.5
05.08.2021 00:19:39.072,6.46264,6.462280000000001,1,1
05.08.2021 00:19:39.123,6.46264,6.46225,1,1.5
05.08.2021 00:19:39.488,6.4627,6.462280000000001,1,1
05.08.2021 00:19:39.539,6.4627,6.46225,1,1.5
05.08.2021 00:19:39.665,6.462630000000001,6.46229,1,1
05.08.2021 00:19:39.715,6.46264,6.46225,1,1.5
05.08.2021 00:19:39.766,6.46269,6.462260000000001,1,1.5
05.08.2021 00:19:39.944,6.46264,6.462280000000001,1,1
05.08.2021 00:19:39.995,6.462630000000001,6.462260000000001,1,1.5
05.08.2021 00:19:40.046,6.46269,6.462260000000001,1,1.5
05.08.2021 00:19:40.197,6.462630000000001,6.46229,1,1
05.08.2021 00:19:40.247,6.46264,6.46225,1,1.5
05.08.2021 00:19:40.394,6.4627,6.462280000000001,1,1
05.08.2021 00:19:40.495,6.46269,6.462260000000001,1,1.5
05.08.2021 00:19:40.545,6.46264,6.462280000000001,1,1
05.08.2021 00:19:40.595,6.462630000000001,6.462260000000001,1,1.5
05.08.2021 00:19:40.747,6.46269,6.46229,1,1
05.08.2021 00:19:40.848,6.46269,6.462260000000001,1,1.5
05.08.2021 00:19:40.949,6.46264,6.462280000000001,1,1
05.08.2021 00:19:40.999,6.462630000000001,6.462260000000001,1,1.5
05.08.2021 00:19:41.169,6.46269,6.46229,1,1
05.08.2021 00:19:41.220,6.4627,6.46225,1,1.5
05.08.2021 00:19:41.270,6.4627,6.4623,1,1
05.08.2021 00:19:41.371,6.46264,6.4623,1,1
05.08.2021 00:19:41.618,6.46269,6.46231,1,1
05.08.2021 00:19:41.799,6.462630000000001,6.46231,1,1
05.08.2021 00:19:41.849,6.46264,6.46227,1,1
05.08.2021 00:19:41.900,6.46269,6.462260000000001,1,1.5
05.08.2021 00:19:42.079,6.46264,6.462280000000001,1,1
05.08.2021 00:19:42.129,6.462630000000001,6.462260000000001,1,1.5
05.08.2021 00:19:42.483,6.4627,6.462280000000001,1,1
05.08.2021 00:19:42.534,6.4627,6.46225,1,1.5
05.08.2021 00:19:42.635,6.46264,6.462280000000001,1,1
05.08.2021 00:19:42.685,6.462630000000001,6.462260000000001,1,1.5
05.08.2021 00:19:42.799,6.4627,6.46225,1,1.5
05.08.2021 00:19:42.984,6.46264,6.462280000000001,1,1
05.08.2021 00:19:43.035,6.462630000000001,6.462260000000001,1,1.5
05.08.2021 00:19:43.165,6.4627,6.46225,1,1.5
05.08.2021 00:19:43.215,6.462630000000001,6.46229,1,1
05.08.2021 00:19:43.317,6.46269,6.462260000000001,1,1.5
05.08.2021 00:19:43.418,6.46264,6.462280000000001,1,1
05.08.2021 00:19:43.468,6.46264,6.46225,1,1.5
05.08.2021 00:19:43.519,6.46269,6.462260000000001,1,1.5
05.08.2021 00:19:43.620,6.462630000000001,6.46229,1,1
05.08.2021 00:19:43.671,6.4627,6.46225,1,1.5
05.08.2021 00:19:43.822,6.462630000000001,6.46229,1,1
05.08.2021 00:19:43.873,6.46269,6.462260000000001,1,1.5
05.08.2021 00:19:43.974,6.462630000000001,6.46229,1,1
05.08.2021 00:19:44.025,6.46269,6.462260000000001,1,1.5
05.08.2021 00:19:44.203,6.46269,6.46229,1,1
05.08.2021 00:19:44.254,6.4627,6.46225,1,1.5
05.08.2021 00:19:45.012,6.46264,6.46225,1,1.5
05.08.2021 00:19:45.214,6.462580000000001,6.46215,1,1.5
05.08.2021 00:19:45.265,6.46257,6.46216,1,1.5
05.08.2021 00:19:45.367,6.462580000000001,6.46222,1,1
05.08.2021 00:19:47.933,6.4627,6.46232,1,1
05.08.2021 00:19:47.984,6.462630000000001,6.46234,1,1
05.08.2021 00:19:48.135,6.4627,6.4623,1,1.5
05.08.2021 00:19:48.254,6.4627,6.46232,1,1
05.08.2021 00:19:48.562,6.46264,6.46232,1,1
05.08.2021 00:19:48.663,6.46264,6.4623,1,1.5
05.08.2021 00:19:48.968,6.4627,6.4623,1,1
05.08.2021 00:19:49.120,6.46264,6.46232,1,1
05.08.2021 00:19:49.221,6.46264,6.4623,1,1
05.08.2021 00:19:49.549,6.4627,6.4623,1,1
05.08.2021 00:19:49.599,6.46269,6.462330000000001,1,1
05.08.2021 00:19:49.729,6.462630000000001,6.462330000000001,1,1
05.08.2021 00:19:49.780,6.46269,6.462330000000001,1,1
05.08.2021 00:19:49.884,6.46269,6.46231,1,1
05.08.2021 00:19:49.934,6.46269,6.462330000000001,1,1
05.08.2021 00:19:50.245,6.46264,6.46232,1,1
05.08.2021 00:19:50.295,6.4627,6.46232,1,1
05.08.2021 00:19:50.346,6.46269,6.46231,1,1
05.08.2021 00:19:50.407,6.4627,6.46232,1,1
05.08.2021 00:19:50.508,6.46264,6.46232,1,1
05.08.2021 00:19:50.609,6.46257,6.462330000000001,1,1
05.08.2021 00:19:50.659,6.46262,6.46231,1,1
05.08.2021 00:19:52.928,6.46252,6.46215,1,1.5
05.08.2021 00:19:53.029,6.462490000000001,6.46211,1,1
05.08.2021 00:19:53.130,6.46234,6.46202,1,1
05.08.2021 00:19:53.181,6.46236,6.46202,1,1
05.08.2021 00:19:53.281,6.46239,6.46203,1,1
05.08.2021 00:19:53.332,6.462440000000001,6.46202,1,1
05.08.2021 00:19:54.232,6.462400000000001,6.46202,1,1
05.08.2021 00:19:54.351,6.46242,6.46203,1,1
05.08.2021 00:19:54.848,6.4623800000000005,6.46203,1,1
05.08.2021 00:19:57.744,6.46243,6.46202,1,1
05.08.2021 00:20:00.865,6.46243,6.4621,1,1
05.08.2021 00:20:00.916,6.462490000000001,6.46212,1,1
05.08.2021 00:20:01.073,6.46252,6.46212,1,1
05.08.2021 00:20:51.518,6.46257,6.46212,1,1
05.08.2021 00:21:03.185,6.46257,6.462130000000001,1,1
05.08.2021 00:21:08.497,6.462580000000001,6.46216,1,1
05.08.2021 00:21:32.590,6.462580000000001,6.462180000000001,1,1.1
05.08.2021 00:21:32.905,6.4625900000000005,6.4622,1,1.1
05.08.2021 00:21:42.509,6.462540000000001,6.46221,1,1.1
05.08.2021 00:21:48.868,6.4625,6.46221,1,1.1
05.08.2021 00:22:05.820,6.462490000000001,6.46221,1,1.1
05.08.2021 00:22:12.936,6.4625,6.46216,1,1.1
05.08.2021 00:22:15.687,6.46248,6.46216,1,1.1
05.08.2021 00:22:18.659,6.46247,6.46215,1,1.1
05.08.2021 00:22:20.399,6.46251,6.462140000000001,1,1.1
05.08.2021 00:22:25.920,6.46248,6.462140000000001,1,1.1
05.08.2021 00:22:26.021,6.4625,6.462140000000001,1,1.1
05.08.2021 00:22:31.724,6.462490000000001,6.4621900000000005,1,1.1
05.08.2021 00:22:31.968,6.46246,6.4621900000000005,1,1.1
05.08.2021 00:22:32.899,6.4625,6.4621900000000005,1,1.1
05.08.2021 00:23:02.481,6.4625,6.46206,1,1
05.08.2021 00:23:27.806,6.4625,6.462090000000001,1,1
05.08.2021 00:23:27.857,6.46256,6.46211,1,1
05.08.2021 00:23:39.067,6.46257,6.46211,1,1
05.08.2021 00:23:39.553,6.46257,6.462130000000001,1,1
05.08.2021 00:23:40.057,6.462540000000001,6.462140000000001,1,1
05.08.2021 00:23:45.507,6.462540000000001,6.46203,1,1.5
05.08.2021 00:23:45.696,6.462540000000001,6.4620500000000005,1,1
05.08.2021 00:23:46.243,6.46255,6.4620500000000005,1,1
05.08.2021 00:24:02.016,6.46255,6.462040000000001,1,1
05.08.2021 00:24:02.877,6.462540000000001,6.46203,1,1.5
05.08.2021 00:24:03.147,6.462530000000001,6.46202,1,1.5
05.08.2021 00:24:08.179,6.462530000000001,6.46203,1,1
05.08.2021 00:24:20.308,6.46252,6.46203,1,1.5
05.08.2021 00:24:21.330,6.46255,6.46202,1,1.5
05.08.2021 00:24:27.149,6.462490000000001,6.46202,1,1.5
05.08.2021 00:24:42.287,6.46252,6.46203,1,1
05.08.2021 00:25:03.593,6.46252,6.46201,1,1
05.08.2021 00:25:14.674,6.462540000000001,6.46201,1.5,1
05.08.2021 00:25:25.842,6.46243,6.46201,1,1
05.08.2021 00:25:25.893,6.46243,6.46196,1.5,1.6
05.08.2021 00:25:25.947,6.462440000000001,6.46202,1.5,1
05.08.2021 00:25:27.510,6.46247,6.462040000000001,1,1
05.08.2021 00:25:27.562,6.4625,6.462040000000001,1.5,1
05.08.2021 00:25:27.979,6.46251,6.46202,1,1.5
05.08.2021 00:25:36.883,6.46239,6.46202,1,1
05.08.2021 00:25:36.934,6.4623800000000005,6.461930000000001,1,1
05.08.2021 00:25:37.035,6.46236,6.461880000000001,1,1
05.08.2021 00:25:37.186,6.46237,6.461950000000001,1,1
05.08.2021 00:25:37.236,6.46241,6.461950000000001,1,1.5
05.08.2021 00:25:37.337,6.46241,6.46202,1,1
05.08.2021 00:25:37.388,6.46243,6.46202,1,1.5
05.08.2021 00:25:37.555,6.46242,6.462040000000001,1,1
05.08.2021 00:25:37.655,6.46247,6.462040000000001,1,1
05.08.2021 00:26:06.109,6.46248,6.46203,1,1.1
05.08.2021 00:26:06.409,6.46248,6.46203,1,1.1
05.08.2021 00:26:26.748,6.46246,6.462040000000001,1,1
05.08.2021 00:26:26.849,6.46247,6.46202,1,1
05.08.2021 00:26:27.019,6.46246,6.462040000000001,1,1
05.08.2021 00:26:27.069,6.46242,6.46203,1,1
05.08.2021 00:26:27.120,6.4625,6.46203,1,1.5
05.08.2021 00:27:00.951,6.46257,6.46212,1,1
05.08.2021 00:27:14.369,6.462540000000001,6.462130000000001,1,1
05.08.2021 00:27:16.547,6.46256,6.462130000000001,1,1
05.08.2021 00:27:28.036,6.462540000000001,6.462090000000001,1,1
05.08.2021 00:27:31.042,6.462540000000001,6.46206,1,1
05.08.2021 00:27:31.553,6.46255,6.46216,1,1
05.08.2021 00:27:32.539,6.46257,6.46216,1,1
05.08.2021 00:27:48.037,6.46256,6.462130000000001,1,1
05.08.2021 00:27:48.088,6.462540000000001,6.46206,1,1
05.08.2021 00:27:49.495,6.462490000000001,6.46207,1,1
05.08.2021 00:27:54.083,6.462490000000001,6.46206,1,1
05.08.2021 00:27:57.214,6.462490000000001,6.46207,1,1
05.08.2021 00:27:58.967,6.46248,6.46206,1,1
05.08.2021 00:28:04.638,6.46248,6.46207,1,1
05.08.2021 00:28:23.812,6.46248,6.46211,1,1
05.08.2021 00:28:30.403,6.46248,6.462090000000001,1,1
05.08.2021 00:28:59.835,6.46255,6.46222,1.5,1
05.08.2021 00:28:59.936,6.462680000000001,6.46229,1.12,1
05.08.2021 00:28:59.986,6.46267,6.462330000000001,1,1
05.08.2021 00:29:00.087,6.4626,6.462330000000001,1,1
05.08.2021 00:29:00.138,6.46261,6.462260000000001,1,1
05.08.2021 00:29:08.888,6.4626600000000005,6.4623,1,1
05.08.2021 00:29:08.938,6.46267,6.46232,1.5,1
05.08.2021 00:29:09.039,6.46267,6.46234,1,1
05.08.2021 00:29:09.156,6.462680000000001,6.462350000000001,1,1
05.08.2021 00:29:09.206,6.462750000000001,6.46241,1,1
05.08.2021 00:29:09.257,6.46277,6.46242,1.5,1
05.08.2021 00:29:09.358,6.46282,6.46243,1,1
05.08.2021 00:29:09.408,6.46283,6.46247,1,1
05.08.2021 00:29:11.064,6.46281,6.46247,1,1
05.08.2021 00:29:11.115,6.46282,6.46242,1.5,1.5
05.08.2021 00:29:11.216,6.46282,6.46243,1,1.5
05.08.2021 00:29:11.266,6.462840000000001,6.46246,1,1
05.08.2021 00:29:15.032,6.462930000000001,6.4625,1,1
05.08.2021 00:29:15.083,6.46297,6.46255,1.12,1
05.08.2021 00:29:15.184,6.462930000000001,6.462540000000001,1,1
05.08.2021 00:29:15.285,6.46302,6.462540000000001,1,1
05.08.2021 00:29:15.386,6.46305,6.462540000000001,1,1
05.08.2021 00:29:15.537,6.46295,6.46256,1,1
05.08.2021 00:29:15.587,6.463030000000001,6.462580000000001,1,1
05.08.2021 00:29:15.638,6.46304,6.4626,1,1
05.08.2021 00:29:15.688,6.46305,6.46257,1,1
05.08.2021 00:29:15.913,6.463030000000001,6.462580000000001,1,1
05.08.2021 00:29:16.127,6.46302,6.46256,1,1
05.08.2021 00:29:16.183,6.46302,6.462540000000001,1,1
05.08.2021 00:29:16.414,6.463030000000001,6.46256,1,1
05.08.2021 00:29:16.514,6.463080000000001,6.462580000000001,1,1
05.08.2021 00:29:18.563,6.462930000000001,6.46251,1,1
05.08.2021 00:29:18.974,6.462940000000001,6.462490000000001,1,1
05.08.2021 00:29:21.773,6.46302,6.4625900000000005,1.3,1
05.08.2021 00:29:21.824,6.46311,6.46262,1.1,1
05.08.2021 00:29:21.874,6.463150000000001,6.4626600000000005,1.1,1
05.08.2021 00:29:21.925,6.463150000000001,6.46265,1,1
05.08.2021 00:29:22.184,6.46312,6.4626600000000005,1,1
05.08.2021 00:29:22.524,6.46312,6.4626600000000005,1.1,1
05.08.2021 00:29:22.710,6.46312,6.4626600000000005,1,1
05.08.2021 00:29:22.912,6.46314,6.4626600000000005,1,1
05.08.2021 00:29:25.832,6.463150000000001,6.46265,1.1,1
05.08.2021 00:29:26.083,6.46314,6.4626600000000005,1.1,1
05.08.2021 00:29:27.100,6.463150000000001,6.46265,1.1,1
05.08.2021 00:29:27.691,6.46314,6.4626600000000005,1.1,1
05.08.2021 00:29:27.741,6.46312,6.4626,1,1
05.08.2021 00:29:28.425,6.46311,6.46262,1,1
05.08.2021 00:29:28.475,6.46314,6.46265,1.1,1
05.08.2021 00:29:28.857,6.463150000000001,6.46267,1.1,1
05.08.2021 00:29:30.283,6.46311,6.4626,1,1
05.08.2021 00:29:33.885,6.463080000000001,6.46261,1,1
05.08.2021 00:29:34.154,6.4630600000000005,6.46257,1,2.07
05.08.2021 00:29:34.706,6.46307,6.46256,1,2.07
05.08.2021 00:29:34.894,6.46309,6.46256,1,2.07
05.08.2021 00:29:34.945,6.463100000000001,6.46257,1,2.07
05.08.2021 00:29:35.726,6.463100000000001,6.46257,1,2.07
05.08.2021 00:29:39.933,6.463100000000001,6.4625900000000005,1,1.22
05.08.2021 00:29:40.084,6.46311,6.46256,1,2.1
05.08.2021 00:29:40.354,6.463100000000001,6.46257,1,2.07
05.08.2021 00:29:40.532,6.46311,6.46256,1,2.07
05.08.2021 00:29:41.523,6.46311,6.46256,1,2.07
05.08.2021 00:29:43.533,6.463100000000001,6.46257,1,2.07
05.08.2021 00:29:43.733,6.46311,6.46262,1,1
05.08.2021 00:29:43.884,6.463080000000001,6.46267,1,1
05.08.2021 00:29:43.984,6.463080000000001,6.46261,1,1
05.08.2021 00:29:44.183,6.46312,6.46262,1,1
05.08.2021 00:29:44.283,6.46312,6.4626600000000005,1,1
05.08.2021 00:29:44.384,6.4631300000000005,6.46269,1,1
05.08.2021 00:29:45.024,6.4631300000000005,6.4626600000000005,1,1
05.08.2021 00:29:50.825,6.46317,6.4626600000000005,1,1
05.08.2021 00:29:50.926,6.46316,6.46267,1,1.1
05.08.2021 00:29:51.549,6.46316,6.46267,1,1.2
05.08.2021 00:29:58.941,6.4631300000000005,6.4626600000000005,1,1.2
05.08.2021 00:29:59.606,6.4631300000000005,6.46267,1,1
05.08.2021 00:29:59.864,6.46317,6.46276,1,1
05.08.2021 00:29:59.965,6.46325,6.46274,1.1,1
05.08.2021 00:30:00.015,6.46322,6.462750000000001,1,1
05.08.2021 00:30:00.167,6.46322,6.46276,1,1
05.08.2021 00:30:00.304,6.463190000000001,6.46277,1,1
05.08.2021 00:30:00.354,6.46323,6.46276,1,1
05.08.2021 00:30:00.815,6.46318,6.46277,1,1
05.08.2021 00:30:01.052,6.463150000000001,6.46276,1,1
05.08.2021 00:30:02.878,6.46314,6.46272,1,2.02
05.08.2021 00:30:02.928,6.46311,6.4627300000000005,1,1.27
05.08.2021 00:30:03.029,6.463080000000001,6.46256,1,1.6
05.08.2021 00:30:03.130,6.46305,6.46251,1,1.6
05.08.2021 00:30:04.122,6.4630600000000005,6.4625,1,1
05.08.2021 00:30:05.170,6.46305,6.46252,1,1
05.08.2021 00:30:05.220,6.4630600000000005,6.4625900000000005,1,1
05.08.2021 00:30:05.271,6.463080000000001,6.4626,1,1
05.08.2021 00:30:05.372,6.46309,6.462540000000001,1,1
05.08.2021 00:30:05.530,6.4630600000000005,6.46251,1,1.1
05.08.2021 00:30:05.877,6.46307,6.4625,1,1
05.08.2021 00:30:07.838,6.463080000000001,6.46272,1.1,1
05.08.2021 00:30:10.597,6.46309,6.462680000000001,1.1,1
05.08.2021 00:30:11.231,6.46309,6.4625900000000005,1.1,1
05.08.2021 00:30:11.375,6.46307,6.4625900000000005,1.1,1
05.08.2021 00:30:13.443,6.4630600000000005,6.46257,1.1,1
05.08.2021 00:30:13.673,6.4630600000000005,6.46264,1.1,1
05.08.2021 00:30:13.866,6.4630600000000005,6.46261,1.1,1
05.08.2021 00:30:13.967,6.46307,6.462580000000001,1.1,1
05.08.2021 00:30:15.625,6.46307,6.46262,1.1,1
05.08.2021 00:30:15.831,6.4630600000000005,6.46264,1.1,1
05.08.2021 00:30:15.881,6.46307,6.4626,1.1,1
05.08.2021 00:30:17.964,6.46309,6.46265,1.1,1
05.08.2021 00:30:18.115,6.46309,6.462680000000001,1.1,1
05.08.2021 00:30:18.905,6.46314,6.462680000000001,1.1,1
05.08.2021 00:30:20.674,6.46314,6.46264,1.1,1
05.08.2021 00:30:20.769,6.46311,6.46265,1.1,1
05.08.2021 00:30:20.870,6.46311,6.46262,1.57,1.5
05.08.2021 00:30:21.435,6.46311,6.46262,1.57,1
05.08.2021 00:30:24.635,6.46311,6.4626,1.57,1
05.08.2021 00:30:24.945,6.46311,6.4625900000000005,1,1
05.08.2021 00:30:24.996,6.46307,6.46257,1,1
05.08.2021 00:30:25.672,6.46311,6.4625900000000005,1.1,1
05.08.2021 00:30:25.722,6.46312,6.462630000000001,1.1,1
05.08.2021 00:30:25.924,6.46311,6.4625900000000005,1,1
05.08.2021 00:30:26.925,6.46311,6.46264,1.1,1
05.08.2021 00:30:27.437,6.46311,6.46261,1.1,1.5
05.08.2021 00:30:27.538,6.46311,6.462580000000001,1,1
05.08.2021 00:30:27.825,6.463100000000001,6.462580000000001,1,1
05.08.2021 00:30:28.174,6.4630600000000005,6.46257,1,1
05.08.2021 00:30:28.225,6.463100000000001,6.462580000000001,1,1
05.08.2021 00:30:28.376,6.46311,6.4625900000000005,1.1,1
05.08.2021 00:30:28.744,6.46312,6.462630000000001,1.1,1
05.08.2021 00:30:29.271,6.463100000000001,6.4626,1,1
05.08.2021 00:30:29.372,6.46309,6.4626,1.1,1
05.08.2021 00:30:30.054,6.46309,6.46264,1.1,1
05.08.2021 00:30:30.585,6.46309,6.4626,1.1,1
05.08.2021 00:30:34.464,6.463100000000001,6.4626,1.1,1
05.08.2021 00:30:34.514,6.46311,6.46264,1.1,1
05.08.2021 00:30:35.543,6.463100000000001,6.46261,1.1,1
05.08.2021 00:30:35.644,6.463100000000001,6.4626,1.1,1
05.08.2021 00:30:42.160,6.46307,6.4625900000000005,1,1
05.08.2021 00:30:43.513,6.463100000000001,6.462630000000001,1.1,1
05.08.2021 00:30:44.039,6.463080000000001,6.462580000000001,1,1.12
05.08.2021 00:30:45.153,6.463100000000001,6.4625900000000005,1,1
05.08.2021 00:30:45.382,6.46312,6.4626,1.12,1
05.08.2021 00:30:45.433,6.46311,6.4626600000000005,1,1
05.08.2021 00:31:29.068,6.4632000000000005,6.46271,1,1
05.08.2021 00:31:41.503,6.4632000000000005,6.46272,1,1
05.08.2021 00:31:41.553,6.46321,6.46274,1,1
05.08.2021 00:31:41.654,6.463290000000001,6.46283,1,1
05.08.2021 00:31:50.635,6.46326,6.46282,1,1
05.08.2021 00:31:50.818,6.46326,6.46277,1,1
05.08.2021 00:31:50.869,6.4632000000000005,6.462750000000001,1,1
05.08.2021 00:31:50.970,6.463190000000001,6.4627300000000005,1,1.5
05.08.2021 00:31:51.126,6.46317,6.46269,1,1
05.08.2021 00:31:51.241,6.4631300000000005,6.46261,1,1.5
05.08.2021 00:31:52.984,6.4631300000000005,6.46261,1,1
05.08.2021 00:31:58.845,6.4631300000000005,6.462630000000001,1,1
05.08.2021 00:32:00.016,6.46314,6.4626,1,1
05.08.2021 00:32:13.310,6.463080000000001,6.4625900000000005,1,1
05.08.2021 00:32:23.636,6.463080000000001,6.462630000000001,1,1
05.08.2021 00:32:23.687,6.46311,6.46264,1,1
05.08.2021 00:32:24.265,6.46309,6.46262,1,1
05.08.2021 00:32:26.742,6.46292,6.4626,1,1
05.08.2021 00:32:26.793,6.4630600000000005,6.4625900000000005,1,1
05.08.2021 00:32:26.844,6.462940000000001,6.4625,1,1
05.08.2021 00:32:26.945,6.462930000000001,6.46247,1,1
05.08.2021 00:32:27.046,6.46292,6.46247,1,1.12
05.08.2021 00:32:27.325,6.46286,6.46247,1,1.12
05.08.2021 00:32:27.431,6.46281,6.462440000000001,1,1
05.08.2021 00:32:30.544,6.46277,6.46243,1,1
05.08.2021 00:32:30.820,6.46282,6.46243,1,1
05.08.2021 00:32:30.942,6.46286,6.46242,1,1
05.08.2021 00:32:34.319,6.462840000000001,6.46243,1,1
05.08.2021 00:32:34.370,6.46281,6.46243,1,1
05.08.2021 00:32:37.444,6.46282,6.46243,1,1
05.08.2021 00:32:37.494,6.4629,6.46243,1,1
05.08.2021 00:32:37.545,6.46292,6.46246,1,1
05.08.2021 00:32:37.696,6.46291,6.462440000000001,1,1
05.08.2021 00:32:43.037,6.46291,6.46247,1,1
05.08.2021 00:32:52.586,6.46291,6.46246,1,1
05.08.2021 00:33:04.012,6.46295,6.462490000000001,1,1
05.08.2021 00:33:07.795,6.462930000000001,6.4624500000000005,1,1.5
05.08.2021 00:33:14.017,6.4629,6.4624500000000005,1,1.5
05.08.2021 00:33:17.027,6.462930000000001,6.46246,1,1.5
05.08.2021 00:33:17.178,6.462940000000001,6.46255,1,1
05.08.2021 00:33:17.279,6.46295,6.46255,1,1
05.08.2021 00:33:17.430,6.46302,6.46255,1,1
05.08.2021 00:33:17.531,6.46305,6.46256,1.1,1
05.08.2021 00:33:17.632,6.46304,6.46255,1.6,1
05.08.2021 00:33:17.977,6.46305,6.462540000000001,1.6,1
05.08.2021 00:33:22.606,6.46304,6.46255,1.5,1
05.08.2021 00:33:26.403,6.463,6.462540000000001,1,1
05.08.2021 00:33:26.454,6.463010000000001,6.46251,1,1
05.08.2021 00:33:57.074,6.46297,6.4625,1,1.57
05.08.2021 00:34:16.962,6.463,6.46252,1,1
05.08.2021 00:34:54.294,6.463030000000001,6.46257,1,1
05.08.2021 00:34:54.395,6.463030000000001,6.4625900000000005,1,1
05.08.2021 00:34:54.496,6.46305,6.4626,1,1
05.08.2021 00:34:58.425,6.46304,6.4625900000000005,1.5,1
05.08.2021 00:34:58.866,6.46304,6.4626,1,1
05.08.2021 00:35:06.757,6.46304,6.46256,1,1
05.08.2021 00:35:23.267,6.46304,6.4626,1,1
05.08.2021 00:35:36.478,6.46304,6.46262,1,1.1
05.08.2021 00:35:43.244,6.46304,6.4626,1,1.1
05.08.2021 00:35:50.023,6.463030000000001,6.4626,1,1
05.08.2021 00:36:10.810,6.463030000000001,6.46262,1,1.1
05.08.2021 00:36:28.271,6.46304,6.4625900000000005,1,1.57
05.08.2021 00:36:42.453,6.463080000000001,6.462630000000001,1.5,1
05.08.2021 00:36:42.553,6.46311,6.46265,1,1
05.08.2021 00:36:42.654,6.463150000000001,6.462680000000001,1,1
05.08.2021 00:36:42.755,6.46316,6.46269,1,1.1
05.08.2021 00:36:43.014,6.463150000000001,6.462750000000001,1,1.1
05.08.2021 00:36:44.014,6.463150000000001,6.4628000000000005,1,1.1
05.08.2021 00:36:57.358,6.46316,6.46276,1,1.1
05.08.2021 00:37:00.584,6.46316,6.46278,1,1.1
05.08.2021 00:37:04.254,6.46316,6.46279,1,1.1
05.08.2021 00:37:11.367,6.46316,6.46277,1,1.1
05.08.2021 00:37:12.876,6.463150000000001,6.4627300000000005,1,1
05.08.2021 00:37:16.992,6.46316,6.46267,1,1
05.08.2021 00:37:20.947,6.46311,6.46265,1,1
05.08.2021 00:37:21.175,6.46307,6.46262,1,1
05.08.2021 00:37:26.247,6.4631300000000005,6.46264,1.5,1
05.08.2021 00:37:26.654,6.4631300000000005,6.46264,1,1
05.08.2021 00:37:33.128,6.463150000000001,6.46267,1,1
05.08.2021 00:37:38.927,6.4631300000000005,6.46261,1,1
05.08.2021 00:37:44.302,6.463100000000001,6.46261,1,1
05.08.2021 00:37:59.511,6.4631300000000005,6.46261,1,1
05.08.2021 00:38:04.052,6.46307,6.462580000000001,1,1
05.08.2021 00:38:06.725,6.463030000000001,6.462580000000001,1,1
05.08.2021 00:38:06.827,6.46304,6.462540000000001,1.5,1
05.08.2021 00:38:07.094,6.46307,6.462540000000001,1,1
05.08.2021 00:38:26.958,6.46311,6.462580000000001,2,1
05.08.2021 00:38:27.009,6.46311,6.46262,1.5,1
05.08.2021 00:38:27.780,6.46311,6.46262,1,1
05.08.2021 00:38:28.324,6.463150000000001,6.4626600000000005,1.12,1
05.08.2021 00:38:39.945,6.46317,6.46265,1,1
05.08.2021 00:38:40.208,6.46316,6.46267,1,1.5
05.08.2021 00:38:40.807,6.463190000000001,6.46269,1,1
05.08.2021 00:38:50.820,6.463150000000001,6.4626600000000005,1,1
05.08.2021 00:38:50.870,6.46314,6.4626,1,2
05.08.2021 00:38:51.824,6.46314,6.4626,1,1.5
05.08.2021 00:39:04.880,6.46311,6.4626,1,1
05.08.2021 00:39:04.981,6.463100000000001,6.462580000000001,1,1
05.08.2021 00:39:05.082,6.46305,6.46257,1,1
05.08.2021 00:39:14.519,6.46312,6.46256,1,1
05.08.2021 00:39:14.750,6.4631300000000005,6.46256,1,1
05.08.2021 00:39:14.901,6.46311,6.46257,1,1
05.08.2021 00:39:26.449,6.4631300000000005,6.46256,1,1
05.08.2021 00:39:26.500,6.4631300000000005,6.46262,1,1
05.08.2021 00:39:26.834,6.463150000000001,6.462630000000001,1,1
05.08.2021 00:39:26.885,6.46316,6.46264,1,1
05.08.2021 00:39:51.065,6.46309,6.46264,1,1
05.08.2021 00:39:51.216,6.46309,6.462630000000001,1,1
05.08.2021 00:39:56.198,6.463080000000001,6.4625900000000005,1,1
05.08.2021 00:40:04.190,6.46309,6.462630000000001,1,1
05.08.2021 00:40:09.068,6.4631300000000005,6.462630000000001,1,1
05.08.2021 00:40:09.185,6.46317,6.462630000000001,1,1
05.08.2021 00:40:09.236,6.46318,6.46269,1,1
05.08.2021 00:40:09.361,6.46317,6.46269,1,1
05.08.2021 00:40:16.632,6.463190000000001,6.462680000000001,1,1
05.08.2021 00:40:17.429,6.4632000000000005,6.4627300000000005,1,1
05.08.2021 00:40:55.787,6.4632000000000005,6.46274,1,1
05.08.2021 00:40:57.078,6.46322,6.46277,1,1
05.08.2021 00:41:18.323,6.4632000000000005,6.46277,1,1
05.08.2021 00:41:20.299,6.463190000000001,6.4627,1,1
05.08.2021 00:41:20.349,6.463190000000001,6.462750000000001,1,1
05.08.2021 00:41:20.455,6.4632000000000005,6.46282,1,1
05.08.2021 00:41:22.334,6.4632000000000005,6.46283,1,1
05.08.2021 00:41:23.492,6.4632000000000005,6.46285,1,1
05.08.2021 00:41:24.742,6.463280000000001,6.46286,1,1
05.08.2021 00:41:24.843,6.463290000000001,6.4629,1,1
05.08.2021 00:41:24.944,6.463280000000001,6.46288,1,1
05.08.2021 00:41:24.995,6.46332,6.4629,1,1
05.08.2021 00:41:25.339,6.46332,6.46291,1,1
05.08.2021 00:41:47.663,6.46332,6.462930000000001,1,1
05.08.2021 00:42:32.348,6.46323,6.462930000000001,1,1
05.08.2021 00:42:33.324,6.463290000000001,6.46292,1,1
05.08.2021 00:42:33.475,6.463280000000001,6.462890000000001,1,1
05.08.2021 00:42:42.532,6.46336,6.46288,1,1
05.08.2021 00:42:42.583,6.46337,6.46292,1.5,1
05.08.2021 00:42:42.690,6.46337,6.46291,1,1
05.08.2021 00:42:42.792,6.4633400000000005,6.46292,1,1
05.08.2021 00:42:43.043,6.46335,6.46291,1.1,1
05.08.2021 00:42:43.295,6.463280000000001,6.46291,1,1
05.08.2021 00:42:47.593,6.4633400000000005,6.46292,1,1
05.08.2021 00:42:51.752,6.4633,6.46291,1,1
05.08.2021 00:42:52.580,6.46326,6.462890000000001,1,1
05.08.2021 00:43:00.969,6.463290000000001,6.462890000000001,1,1
05.08.2021 00:43:01.099,6.46331,6.46291,1,1
05.08.2021 00:43:06.137,6.463380000000001,6.46291,1,1
05.08.2021 00:43:06.238,6.46335,6.46291,1,1
05.08.2021 00:43:11.013,6.4633,6.46291,1,1
05.08.2021 00:43:13.891,6.4633400000000005,6.463030000000001,1,1
05.08.2021 00:43:13.942,6.46337,6.463030000000001,1,1
05.08.2021 00:43:14.043,6.46345,6.463100000000001,1,1
05.08.2021 00:43:14.144,6.4634,6.46309,1,1
05.08.2021 00:43:14.194,6.46351,6.4631300000000005,1.12,1
05.08.2021 00:43:14.296,6.46354,6.46314,1,1
05.08.2021 00:43:14.396,6.46365,6.46321,1.5,1
05.08.2021 00:43:14.808,6.46362,6.46322,1.1,1
05.08.2021 00:43:15.025,6.46361,6.46322,1.1,1
05.08.2021 00:43:16.303,6.4636000000000005,6.46322,1.1,1
05.08.2021 00:43:20.685,6.463640000000001,6.46321,1.2,1
05.08.2021 00:43:22.933,6.463550000000001,6.46321,1,1
05.08.2021 00:43:28.698,6.463550000000001,6.46317,1,1
05.08.2021 00:43:28.799,6.46354,6.463190000000001,1,1
05.08.2021 00:43:29.069,6.46351,6.463190000000001,1,1
05.08.2021 00:43:29.119,6.46342,6.46309,1,1
05.08.2021 00:43:29.170,6.46351,6.463100000000001,1.1,1
05.08.2021 00:43:29.221,6.46332,6.46305,1,1
05.08.2021 00:43:29.322,6.46332,6.463010000000001,1,1
05.08.2021 00:43:29.423,6.4633400000000005,6.46292,1.1,1
05.08.2021 00:43:30.398,6.46335,6.4629,1.1,1
05.08.2021 00:43:31.060,6.4633400000000005,6.46291,1.1,1
05.08.2021 00:43:31.683,6.46335,6.4629,1.1,1
05.08.2021 00:43:34.153,6.46335,6.4629,1.1,1
05.08.2021 00:43:35.235,6.46335,6.4629,1.1,1
05.08.2021 00:43:35.286,6.4633400000000005,6.46291,1.1,1.5
05.08.2021 00:43:35.337,6.4633400000000005,6.462940000000001,1.1,1
05.08.2021 00:43:43.810,6.4633400000000005,6.462940000000001,1,1
05.08.2021 00:43:46.310,6.46337,6.462940000000001,1.1,1
05.08.2021 00:43:57.549,6.46337,6.462940000000001,1.1,1
05.08.2021 00:43:59.467,6.46337,6.462940000000001,1,1
05.08.2021 00:44:16.545,6.463380000000001,6.462930000000001,1.1,1
05.08.2021 00:44:18.072,6.463380000000001,6.462930000000001,1,1
05.08.2021 00:44:21.908,6.46337,6.463080000000001,1,1
05.08.2021 00:44:22.009,6.46337,6.46312,1.1,1
05.08.2021 00:44:22.060,6.463380000000001,6.46311,1,1
05.08.2021 00:44:22.111,6.46337,6.463150000000001,1,1
05.08.2021 00:44:22.212,6.463480000000001,6.46316,1.01,1
05.08.2021 00:44:22.418,6.46351,6.46316,1.01,1
05.08.2021 00:44:39.796,6.46351,6.4631300000000005,1.01,1
05.08.2021 00:44:42.720,6.463550000000001,6.46318,1.01,1
05.08.2021 00:44:44.277,6.463550000000001,6.46316,1.01,1
05.08.2021 00:44:50.252,6.46356,6.46316,1.01,1
05.08.2021 00:45:00.441,6.463500000000001,6.46314,1.91,1
05.08.2021 00:45:03.556,6.463550000000001,6.46316,1.01,1
05.08.2021 00:45:04.935,6.46361,6.46317,1.01,1
05.08.2021 00:45:04.986,6.4638,6.463290000000001,1.6,1
05.08.2021 00:45:05.087,6.46382,6.4633,1.1,1
05.08.2021 00:45:05.238,6.46379,6.463330000000001,1.1,1
05.08.2021 00:45:05.389,6.4638,6.46332,1,1
05.08.2021 00:45:05.513,6.46379,6.463430000000001,1,1
05.08.2021 00:45:07.358,6.46379,6.46345,1,1
05.08.2021 00:45:08.760,6.46379,6.463380000000001,1,1
05.08.2021 00:45:09.863,6.4638,6.4633,1,1
05.08.2021 00:45:09.927,6.4638,6.46326,1,1
05.08.2021 00:45:10.019,6.4638,6.46332,1,1
05.08.2021 00:45:10.131,6.46366,6.46331,1,1
05.08.2021 00:45:10.182,6.463690000000001,6.463280000000001,1,1
05.08.2021 00:45:11.363,6.4637400000000005,6.463280000000001,1,1
05.08.2021 00:45:11.744,6.463730000000001,6.4633,1,1
05.08.2021 00:45:11.845,6.46376,6.463290000000001,1,1
05.08.2021 00:45:11.973,6.46376,6.463280000000001,1,1
05.08.2021 00:45:12.023,6.46372,6.463290000000001,1,1
05.08.2021 00:45:16.431,6.46372,6.46325,1,1
05.08.2021 00:45:16.482,6.463730000000001,6.463190000000001,2.25,1
05.08.2021 00:45:16.583,6.46367,6.4632000000000005,1,1
05.08.2021 00:45:16.634,6.463680000000001,6.463150000000001,1,1
05.08.2021 00:45:16.734,6.463640000000001,6.46316,1,1
05.08.2021 00:45:16.835,6.46365,6.46314,1,1
05.08.2021 00:45:16.886,6.463640000000001,6.46311,1.5,1
05.08.2021 00:45:16.987,6.46361,6.463100000000001,1,1
05.08.2021 00:45:17.513,6.46358,6.463100000000001,1,1
05.08.2021 00:45:18.130,6.46358,6.463080000000001,1,1
05.08.2021 00:45:18.181,6.46358,6.46295,1.5,1.87
05.08.2021 00:45:19.966,6.463500000000001,6.46292,1.5,1.5
05.08.2021 00:45:21.859,6.463500000000001,6.462930000000001,1.5,1
05.08.2021 00:45:22.054,6.46346,6.462940000000001,1,1
05.08.2021 00:45:22.155,6.46347,6.462940000000001,1,1
05.08.2021 00:45:22.788,6.46351,6.462940000000001,1.5,1
05.08.2021 00:45:25.358,6.46352,6.46292,1,1.5
05.08.2021 00:45:25.419,6.463480000000001,6.46292,1,1.5
05.08.2021 00:45:33.634,6.46344,6.46292,1,1.5
05.08.2021 00:45:33.735,6.46342,6.462930000000001,1,1
05.08.2021 00:45:36.099,6.463430000000001,6.462930000000001,1,1
05.08.2021 00:45:39.682,6.46322,6.462930000000001,1,1
05.08.2021 00:45:39.733,6.46335,6.462840000000001,1,1.1
05.08.2021 00:45:39.783,6.463290000000001,6.462840000000001,1,1
05.08.2021 00:45:39.884,6.46323,6.462840000000001,1,1
05.08.2021 00:45:39.985,6.463290000000001,6.46283,1,1
05.08.2021 00:45:40.036,6.46337,6.46286,1,1
05.08.2021 00:45:40.086,6.46321,6.462840000000001,1,1
05.08.2021 00:45:40.137,6.463240000000001,6.462840000000001,1,1
05.08.2021 00:45:40.188,6.46316,6.46282,1.1,1
05.08.2021 00:45:40.289,6.46317,6.46283,1,1
05.08.2021 00:45:40.340,6.46336,6.46283,1,1
05.08.2021 00:45:40.440,6.46321,6.46282,1,1
05.08.2021 00:45:40.541,6.46309,6.46283,1,1
05.08.2021 00:45:40.592,6.46309,6.4628000000000005,1,1
05.08.2021 00:45:40.643,6.463380000000001,6.46282,1,1
05.08.2021 00:45:40.744,6.46339,6.46283,1,1
05.08.2021 00:45:40.971,6.46321,6.46282,1.5,1
05.08.2021 00:45:41.073,6.46307,6.46277,1,1
05.08.2021 00:45:41.123,6.46307,6.46272,1,1
05.08.2021 00:45:41.275,6.463080000000001,6.462680000000001,1.1,1
05.08.2021 00:45:41.326,6.463030000000001,6.46269,1,1
05.08.2021 00:45:41.376,6.463030000000001,6.46257,1,1
05.08.2021 00:45:41.542,6.463030000000001,6.4626600000000005,1,1
05.08.2021 00:45:41.643,6.4630600000000005,6.462630000000001,1,1
05.08.2021 00:45:41.693,6.46302,6.46262,1,1
05.08.2021 00:45:41.744,6.463010000000001,6.46255,1,1
05.08.2021 00:45:42.042,6.46302,6.462630000000001,1,1
05.08.2021 00:45:42.143,6.46305,6.46264,1,1
05.08.2021 00:45:42.244,6.46317,6.4627300000000005,1,1
05.08.2021 00:45:42.345,6.463280000000001,6.46283,1,1
05.08.2021 00:45:42.395,6.463280000000001,6.46283,1.1,1
05.08.2021 00:45:42.496,6.46322,6.46276,1,1.5
05.08.2021 00:45:42.547,6.4633400000000005,6.46286,1,1
05.08.2021 00:45:42.598,6.463380000000001,6.46283,1.57,1
05.08.2021 00:45:42.648,6.46336,6.46282,1,1
05.08.2021 00:45:42.749,6.46336,6.46283,1,1
05.08.2021 00:45:42.957,6.463190000000001,6.46277,1,1
05.08.2021 00:45:43.058,6.46337,6.46282,1,1
05.08.2021 00:45:43.108,6.46326,6.46283,1,1
05.08.2021 00:45:43.159,6.4633,6.46286,1,1
05.08.2021 00:45:43.260,6.46332,6.46277,1,1
05.08.2021 00:45:43.407,6.46317,6.4627,1,1.5
05.08.2021 00:45:43.508,6.4630600000000005,6.4626600000000005,1,1
05.08.2021 00:45:43.558,6.463080000000001,6.4626600000000005,1,1
05.08.2021 00:45:43.609,6.46307,6.462630000000001,1,1
05.08.2021 00:45:43.660,6.46304,6.462630000000001,1,1
05.08.2021 00:45:43.766,6.462890000000001,6.46256,1,1
05.08.2021 00:45:44.044,6.46288,6.4626600000000005,1,1
05.08.2021 00:45:44.095,6.46288,6.46257,1,1
05.08.2021 00:45:44.146,6.462890000000001,6.46251,1,1
05.08.2021 00:45:44.345,6.462890000000001,6.462490000000001,1,1.6
05.08.2021 00:45:44.542,6.46288,6.46256,1,1
05.08.2021 00:45:44.648,6.462890000000001,6.46251,1,1.12
05.08.2021 00:45:44.994,6.462890000000001,6.4625,1,1.1
05.08.2021 00:45:46.741,6.463010000000001,6.46251,1,1.1
05.08.2021 00:45:46.792,6.46314,6.4624500000000005,1,1
05.08.2021 00:45:46.842,6.463080000000001,6.46248,1,1
05.08.2021 00:45:47.100,6.46318,6.46246,1,1
05.08.2021 00:45:47.151,6.463190000000001,6.46255,1,1
05.08.2021 00:45:51.551,6.462940000000001,6.46255,1,1
05.08.2021 00:45:51.602,6.462930000000001,6.46246,1,1
05.08.2021 00:45:52.581,6.462930000000001,6.462490000000001,1,1.1
05.08.2021 00:45:55.417,6.462930000000001,6.46248,1,1.1
05.08.2021 00:46:00.432,6.462930000000001,6.46246,1,1.1
05.08.2021 00:46:00.538,6.4629,6.4624500000000005,1,1
05.08.2021 00:46:02.504,6.46291,6.4624500000000005,1,1
05.08.2021 00:46:04.538,6.462890000000001,6.46246,1,1
05.08.2021 00:46:05.538,6.463,6.46246,1.1,1
05.08.2021 00:46:14.294,6.46309,6.46246,1.5,1
05.08.2021 00:46:14.345,6.4631300000000005,6.4624500000000005,1,1
05.08.2021 00:46:14.448,6.463150000000001,6.46246,1,1
05.08.2021 00:46:14.499,6.46316,6.46255,1,1
05.08.2021 00:46:14.650,6.46314,6.46257,1,1
05.08.2021 00:46:14.809,6.46314,6.46255,1,1
05.08.2021 00:46:14.860,6.463150000000001,6.46252,1,1.12
05.08.2021 00:46:17.229,6.4631300000000005,6.46251,1,2.37
05.08.2021 00:46:26.867,6.4631300000000005,6.46256,1,1
05.08.2021 00:46:28.918,6.46314,6.4625,1,2
05.08.2021 00:46:29.070,6.4631300000000005,6.46256,1,1
05.08.2021 00:46:29.548,6.4631300000000005,6.46251,1,1.5
05.08.2021 00:46:30.964,6.46314,6.462580000000001,1,1
05.08.2021 00:46:31.065,6.463100000000001,6.46252,1,1.12
05.08.2021 00:46:34.217,6.46309,6.462490000000001,1,1.1
05.08.2021 00:46:35.775,6.46309,6.462530000000001,1,1
05.08.2021 00:46:51.225,6.46309,6.462490000000001,1,1
05.08.2021 00:46:51.275,6.46305,6.46248,1,1
05.08.2021 00:46:51.326,6.463030000000001,6.46246,1,1
05.08.2021 00:46:51.633,6.463030000000001,6.462490000000001,1,1
05.08.2021 00:46:51.684,6.463030000000001,6.46246,1,1.5
05.08.2021 00:46:56.934,6.463030000000001,6.462440000000001,1,1
05.08.2021 00:46:59.233,6.463030000000001,6.46246,1,1
05.08.2021 00:47:02.201,6.463030000000001,6.4624500000000005,1.1,1
05.08.2021 00:47:12.048,6.4629900000000005,6.4624500000000005,1.1,1
05.08.2021 00:47:13.219,6.46297,6.46246,1.1,1
05.08.2021 00:47:13.269,6.46304,6.4624500000000005,1,1
05.08.2021 00:47:13.320,6.463,6.46248,1,1
05.08.2021 00:47:13.420,6.4629900000000005,6.46246,1,1
05.08.2021 00:47:14.124,6.46311,6.46246,1,1
05.08.2021 00:47:14.383,6.46302,6.46246,1,1
05.08.2021 00:47:17.943,6.463010000000001,6.46246,1,1
05.08.2021 00:47:18.064,6.462980000000001,6.4624500000000005,1,1
05.08.2021 00:47:18.591,6.46297,6.46243,1,1
05.08.2021 00:47:18.692,6.46296,6.46243,1.1,1
05.08.2021 00:47:19.043,6.462940000000001,6.46242,1.1,1
05.08.2021 00:47:21.533,6.462940000000001,6.46243,1.1,1
05.08.2021 00:47:23.263,6.46295,6.4624500000000005,1.1,1
05.08.2021 00:47:23.573,6.46297,6.46246,1.57,1
05.08.2021 00:47:23.858,6.46287,6.4624500000000005,1,1
05.08.2021 00:47:40.325,6.462930000000001,6.4624500000000005,1,1
05.08.2021 00:47:43.488,6.46292,6.462440000000001,1,1.1
05.08.2021 00:47:43.539,6.46274,6.46243,1,1
05.08.2021 00:47:43.640,6.4625,6.46232,1,1
05.08.2021 00:47:43.741,6.462440000000001,6.462180000000001,1,1.1
05.08.2021 00:47:43.841,6.46246,6.46208,1,1.1
05.08.2021 00:47:44.243,6.4624500000000005,6.46208,1,1.1
05.08.2021 00:47:44.584,6.46246,6.46208,1,1.1
05.08.2021 00:47:44.695,6.46247,6.46202,1,1
05.08.2021 00:47:46.194,6.46247,6.462130000000001,1,1
05.08.2021 00:47:46.295,6.462490000000001,6.46211,1,1.1
05.08.2021 00:47:46.396,6.46246,6.4620500000000005,1,1.1
05.08.2021 00:47:46.547,6.46248,6.46206,1,1.1
05.08.2021 00:47:46.812,6.462490000000001,6.46206,1,1.1
05.08.2021 00:47:46.964,6.46248,6.46207,1,1.1
05.08.2021 00:47:47.310,6.46248,6.4620500000000005,1,1.1
05.08.2021 00:47:47.821,6.462540000000001,6.46206,1,1.1
05.08.2021 00:47:47.972,6.462530000000001,6.4621,1,1
05.08.2021 00:47:48.252,6.46252,6.4621900000000005,1,1
05.08.2021 00:47:48.453,6.46252,6.46211,1,1.1
05.08.2021 00:47:49.604,6.46252,6.46211,1,1
05.08.2021 00:47:56.182,6.462530000000001,6.462040000000001,1,1.1
05.08.2021 00:47:56.283,6.4625,6.46202,1,1.1
05.08.2021 00:47:56.390,6.462490000000001,6.46202,1,1.1
05.08.2021 00:47:56.506,6.46248,6.46203,1,1
05.08.2021 00:47:56.815,6.462490000000001,6.46202,1,1.1
05.08.2021 00:47:57.358,6.46248,6.462090000000001,1,1.1
05.08.2021 00:48:01.986,6.46242,6.46203,1,1
05.08.2021 00:48:02.137,6.46247,6.46212,1,1
05.08.2021 00:48:02.238,6.46247,6.462130000000001,1,1
05.08.2021 00:48:02.341,6.46248,6.4621,1,1.1
05.08.2021 00:48:02.468,6.46248,6.46211,1,1.1
05.08.2021 00:48:04.604,6.462490000000001,6.4621,1,1
05.08.2021 00:48:06.847,6.462490000000001,6.46203,1,1.1
05.08.2021 00:48:07.517,6.4625,6.46216,1,1
05.08.2021 00:48:15.213,6.462530000000001,6.46216,1,1
05.08.2021 00:48:23.039,6.462530000000001,6.46217,1,1
05.08.2021 00:48:28.662,6.462530000000001,6.46222,1,1
05.08.2021 00:48:29.110,6.46257,6.46221,1,1
05.08.2021 00:48:33.968,6.462530000000001,6.462260000000001,1,1
05.08.2021 00:48:36.342,6.462440000000001,6.46203,1,2
05.08.2021 00:48:36.393,6.46241,6.46202,1,1.5
05.08.2021 00:48:36.544,6.4623800000000005,6.46202,1,1
05.08.2021 00:48:36.645,6.46242,6.462130000000001,1,1
05.08.2021 00:48:36.695,6.46241,6.46203,1,1.1
05.08.2021 00:48:36.746,6.46242,6.46207,1,1
05.08.2021 00:48:36.796,6.46246,6.46207,1,1
05.08.2021 00:48:36.847,6.46246,6.46203,1,1
05.08.2021 00:48:40.843,6.46239,6.46203,1,1
05.08.2021 00:48:40.944,6.46225,6.46203,1,1
05.08.2021 00:48:40.994,6.462330000000001,6.46202,1,1
05.08.2021 00:48:41.045,6.46224,6.46202,1,1
05.08.2021 00:48:41.146,6.46203,6.461790000000001,1,1
05.08.2021 00:48:41.246,6.4621900000000005,6.461830000000001,1,1
05.08.2021 00:48:41.471,6.4622,6.46182,1,1.1
05.08.2021 00:48:41.521,6.46227,6.461830000000001,1,1.1
05.08.2021 00:48:41.962,6.46225,6.461830000000001,1,1.1
05.08.2021 00:48:42.553,6.462330000000001,6.461860000000001,1,1.1
05.08.2021 00:48:42.653,6.46237,6.461860000000001,1,1.1
05.08.2021 00:48:43.035,6.4623,6.46185,1,1.1
05.08.2021 00:48:44.283,6.4623,6.461830000000001,1,1.2
05.08.2021 00:48:48.987,6.46208,6.461830000000001,1,1
05.08.2021 00:48:49.088,6.46207,6.46167,1,1
05.08.2021 00:48:49.188,6.46216,6.46163,1,1
05.08.2021 00:48:49.307,6.46224,6.4618,1,1.1
05.08.2021 00:48:49.358,6.462280000000001,6.46182,1,1.1
05.08.2021 00:48:49.459,6.462350000000001,6.4618400000000005,1,1.1
05.08.2021 00:48:49.509,6.462350000000001,6.46182,1,1
05.08.2021 00:48:49.610,6.46232,6.461790000000001,1,1
05.08.2021 00:48:49.767,6.462350000000001,6.4618400000000005,1,1
05.08.2021 00:48:49.869,6.462260000000001,6.461860000000001,1,1
05.08.2021 00:48:49.919,6.46229,6.46185,1,1
05.08.2021 00:48:50.020,6.462280000000001,6.46182,1,1
05.08.2021 00:48:50.070,6.46227,6.46181,1,1
05.08.2021 00:48:50.121,6.462280000000001,6.46182,1,1
05.08.2021 00:48:50.171,6.462260000000001,6.46182,1,1
05.08.2021 00:48:50.272,6.46215,6.461690000000001,1,1
05.08.2021 00:48:50.373,6.462130000000001,6.46166,1,1
05.08.2021 00:48:50.474,6.46212,6.46163,1,1.5
05.08.2021 00:48:50.525,6.46222,6.46162,1,1
05.08.2021 00:48:50.625,6.462260000000001,6.46187,1,1
05.08.2021 00:48:50.726,6.46222,6.461830000000001,1,2.35
05.08.2021 00:48:50.828,6.462000000000001,6.461690000000001,1,1
05.08.2021 00:48:50.878,6.462090000000001,6.46168,1,1
05.08.2021 00:48:50.929,6.46211,6.46167,1,1
05.08.2021 00:48:51.029,6.4621,6.46173,1,1
05.08.2021 00:48:51.080,6.462130000000001,6.46172,1,1
05.08.2021 00:48:51.131,6.462130000000001,6.46182,1,1
05.08.2021 00:48:51.181,6.46225,6.461860000000001,1,1
05.08.2021 00:48:51.232,6.4622,6.46176,1,1
05.08.2021 00:48:51.333,6.4621900000000005,6.46166,1,1
05.08.2021 00:48:51.512,6.46215,6.461830000000001,1,1
05.08.2021 00:48:51.613,6.462130000000001,6.46187,1,1
05.08.2021 00:48:51.664,6.46217,6.46182,1,1
05.08.2021 00:48:51.764,6.46217,6.461600000000001,1,1
05.08.2021 00:48:51.815,6.462180000000001,6.46163,1,1
05.08.2021 00:48:51.937,6.462180000000001,6.4618400000000005,1,1
05.08.2021 00:48:52.038,6.46227,6.461860000000001,1,1
05.08.2021 00:48:52.139,6.462280000000001,6.46187,1,1
05.08.2021 00:48:52.189,6.462040000000001,6.46166,1,1
05.08.2021 00:48:52.290,6.46216,6.46171,1,1
05.08.2021 00:48:52.341,6.462180000000001,6.461830000000001,1,1
05.08.2021 00:48:52.391,6.46224,6.46176,1,1.1
05.08.2021 00:48:52.442,6.46227,6.4619100000000005,1,1
05.08.2021 00:48:52.492,6.46227,6.461830000000001,1,1.1
05.08.2021 00:48:52.543,6.46224,6.46182,1,1
05.08.2021 00:48:52.593,6.4623,6.46182,1,1
05.08.2021 00:48:52.781,6.4623,6.46162,1,1.6
05.08.2021 00:48:52.832,6.46227,6.4618,1,1.1
05.08.2021 00:48:52.933,6.462260000000001,6.461830000000001,1,1.1
05.08.2021 00:48:53.034,6.4621900000000005,6.46182,1,1
05.08.2021 00:48:53.134,6.46217,6.46154,1,1.5
05.08.2021 00:48:53.185,6.462140000000001,6.46155,1,1
05.08.2021 00:48:53.336,6.46222,6.46173,1,1
05.08.2021 00:48:53.437,6.462260000000001,6.46176,1,1.1
05.08.2021 00:48:53.538,6.462140000000001,6.461650000000001,1,1
05.08.2021 00:48:53.638,6.462180000000001,6.46152,1,2.47
05.08.2021 00:48:53.818,6.46229,6.461790000000001,1,1.1
05.08.2021 00:48:53.919,6.46215,6.46182,1,1.1
05.08.2021 00:48:54.020,6.46216,6.46182,1,1
05.08.2021 00:48:54.120,6.46216,6.461530000000001,1,1.1
05.08.2021 00:48:54.271,6.462230000000001,6.46172,1,1
05.08.2021 00:48:54.372,6.46224,6.461830000000001,1,1
05.08.2021 00:48:54.473,6.462090000000001,6.46163,1,1
05.08.2021 00:48:54.574,6.4621,6.46152,1,1
05.08.2021 00:48:54.675,6.46212,6.4617700000000005,1,1
05.08.2021 00:48:54.725,6.462140000000001,6.46172,1,1
05.08.2021 00:48:54.776,6.4622,6.46182,1,1
05.08.2021 00:48:54.876,6.46211,6.46155,1,1
05.08.2021 00:48:54.977,6.462090000000001,6.46142,1,2.1
05.08.2021 00:48:55.078,6.4620500000000005,6.461690000000001,1,1
05.08.2021 00:48:55.129,6.46215,6.46173,1,1
05.08.2021 00:48:55.179,6.46208,6.46182,1,1
05.08.2021 00:48:55.280,6.46189,6.461530000000001,1,2.75
05.08.2021 00:48:55.331,6.46189,6.46152,1,2.25
05.08.2021 00:48:55.432,6.461880000000001,6.46137,1,1.1
05.08.2021 00:48:55.535,6.46212,6.46172,1,1
05.08.2021 00:48:55.636,6.46211,6.461830000000001,1,1
05.08.2021 00:48:55.686,6.4620500000000005,6.46166,1,1
05.08.2021 00:48:55.737,6.46196,6.46166,1,1
05.08.2021 00:48:55.787,6.4619,6.46145,1,1.1
05.08.2021 00:48:55.938,6.46208,6.46173,1,1
05.08.2021 00:48:56.089,6.46203,6.461830000000001,1,1
05.08.2021 00:48:56.140,6.4621900000000005,6.46182,1.1,1
05.08.2021 00:48:56.190,6.461880000000001,6.461530000000001,1,1
05.08.2021 00:48:56.241,6.461950000000001,6.461530000000001,1,1
05.08.2021 00:48:56.292,6.46197,6.4614400000000005,1,1.1
05.08.2021 00:48:56.392,6.46212,6.461690000000001,1,1
05.08.2021 00:48:56.493,6.46217,6.46182,1,1
05.08.2021 00:48:56.594,6.46199,6.46163,1,1
05.08.2021 00:48:56.695,6.46206,6.46147,1,1.1
05.08.2021 00:48:56.795,6.46217,6.4617,1,1.1
05.08.2021 00:48:56.897,6.4622,6.46182,1,1
05.08.2021 00:48:56.998,6.46215,6.46162,1,1
05.08.2021 00:48:57.099,6.46215,6.46149,1,1.1
05.08.2021 00:48:57.250,6.4622,6.46173,1,1
05.08.2021 00:48:57.351,6.46212,6.461830000000001,1,1
05.08.2021 00:48:57.401,6.46211,6.46162,1,1
05.08.2021 00:48:57.452,6.462130000000001,6.4615,1,1.6
05.08.2021 00:48:57.578,6.462130000000001,6.4615,1,1.1
05.08.2021 00:48:57.629,6.462130000000001,6.46168,1,1
05.08.2021 00:48:57.679,6.4621900000000005,6.46172,1,1
05.08.2021 00:48:57.729,6.462180000000001,6.461830000000001,1,1
05.08.2021 00:48:57.830,6.46216,6.46152,1,2.35
05.08.2021 00:48:57.881,6.46215,6.461530000000001,1,2.25
05.08.2021 00:48:57.931,6.4620500000000005,6.4615,1,1.1
05.08.2021 00:48:57.989,6.4621,6.4615100000000005,1,1.1
05.08.2021 00:48:58.090,6.46215,6.46182,1,1
05.08.2021 00:48:58.242,6.462040000000001,6.46182,1,1
05.08.2021 00:48:58.292,6.46196,6.461530000000001,1,1.1
05.08.2021 00:48:58.343,6.46201,6.46159,1,1
05.08.2021 00:48:58.443,6.46207,6.46162,1,1
05.08.2021 00:48:58.494,6.4621,6.461690000000001,1,1.1
05.08.2021 00:48:58.544,6.46217,6.46172,1,1
05.08.2021 00:48:58.595,6.4621900000000005,6.46172,1,1
05.08.2021 00:48:58.646,6.46207,6.461830000000001,1,1
05.08.2021 00:48:58.696,6.46207,6.46155,1,1.1
05.08.2021 00:48:58.747,6.46208,6.46155,1,1
05.08.2021 00:48:58.863,6.46208,6.461530000000001,1,1.12
05.08.2021 00:48:58.914,6.462130000000001,6.461690000000001,1,1
05.08.2021 00:48:59.015,6.462180000000001,6.461830000000001,1,1
05.08.2021 00:48:59.116,6.46208,6.46163,1,1
05.08.2021 00:48:59.166,6.462090000000001,6.46167,1,1
05.08.2021 00:48:59.334,6.462090000000001,6.461690000000001,1,1
05.08.2021 00:48:59.385,6.46215,6.46173,1,1
05.08.2021 00:48:59.489,6.4621,6.461650000000001,1,1
05.08.2021 00:48:59.539,6.46199,6.4615,1,1.7
05.08.2021 00:48:59.640,6.4619800000000005,6.46149,1,1.1
05.08.2021 00:48:59.775,6.46212,6.46173,1,1
05.08.2021 00:48:59.876,6.462130000000001,6.46182,1,1
05.08.2021 00:49:00.028,6.4621,6.46152,1,1.97
05.08.2021 00:49:00.078,6.4621900000000005,6.46162,1,1.12
05.08.2021 00:49:00.230,6.46221,6.461690000000001,1,1.1
05.08.2021 00:49:00.280,6.46221,6.4617,1,1
05.08.2021 00:49:00.331,6.46221,6.46182,1,1
05.08.2021 00:49:02.558,6.462130000000001,6.4617700000000005,1,1
05.08.2021 00:49:02.659,6.46208,6.4615,1,1.6
05.08.2021 00:49:02.709,6.46211,6.46173,1.5,1
05.08.2021 00:49:02.810,6.46196,6.461830000000001,1,1
05.08.2021 00:49:02.861,6.46208,6.4617,1,1
05.08.2021 00:49:02.911,6.46211,6.46182,1,1
05.08.2021 00:49:03.113,6.46216,6.46182,1,1
05.08.2021 00:49:05.178,6.46207,6.461830000000001,1,1
05.08.2021 00:49:05.228,6.46201,6.46162,1,1
05.08.2021 00:49:05.279,6.462000000000001,6.46159,1,1
05.08.2021 00:49:05.480,6.46215,6.4618,1,1
05.08.2021 00:49:05.581,6.462140000000001,6.461830000000001,1,1
05.08.2021 00:49:06.063,6.46208,6.461830000000001,1,1
05.08.2021 00:49:06.114,6.462040000000001,6.46163,1,1
05.08.2021 00:49:06.165,6.46199,6.46164,1,1
05.08.2021 00:49:06.266,6.462000000000001,6.46167,1,1
05.08.2021 00:49:07.279,6.46199,6.46162,1,1
05.08.2021 00:49:07.969,6.461880000000001,6.461430000000001,1,1.6
05.08.2021 00:49:08.070,6.46185,6.46142,1,1.1
05.08.2021 00:49:08.121,6.4618,6.46137,1,1.5
05.08.2021 00:49:08.272,6.46181,6.46136,1,1
05.08.2021 00:49:08.663,6.4618400000000005,6.46137,1,1
05.08.2021 00:49:13.213,6.46182,6.46122,1,1
05.08.2021 00:49:13.313,6.4618400000000005,6.46122,1,1
05.08.2021 00:49:15.348,6.4618400000000005,6.461290000000001,1,1
05.08.2021 00:49:15.600,6.46182,6.46128,1,1
05.08.2021 00:49:15.711,6.46181,6.46132,1,1
05.08.2021 00:49:18.434,6.4618,6.46128,1,1
05.08.2021 00:49:21.514,6.4618,6.46137,1,1
05.08.2021 00:49:21.615,6.46182,6.4615800000000005,1,1
05.08.2021 00:49:21.666,6.46182,6.461530000000001,1,1
05.08.2021 00:49:24.574,6.46182,6.4614400000000005,1,1
05.08.2021 00:49:24.675,6.46182,6.461430000000001,1,1
05.08.2021 00:49:25.135,6.46181,6.46133,1,1.1
05.08.2021 00:49:25.558,6.46181,6.46131,1,1
05.08.2021 00:49:26.553,6.46176,6.46131,1,1
05.08.2021 00:49:27.609,6.4617700000000005,6.461250000000001,1,1
05.08.2021 00:49:27.659,6.46173,6.46126,1,1
05.08.2021 00:49:30.489,6.46173,6.461250000000001,1,1
05.08.2021 00:49:36.939,6.461740000000001,6.461250000000001,1,1.1
05.08.2021 00:49:37.843,6.46173,6.46127,1,1
05.08.2021 00:49:38.093,6.46173,6.46126,1,1.1
05.08.2021 00:49:38.452,6.461740000000001,6.46126,1,1
05.08.2021 00:49:38.712,6.46173,6.46126,1,1.1
05.08.2021 00:49:42.481,6.461740000000001,6.46127,1,1
05.08.2021 00:49:42.940,6.4617700000000005,6.46128,1,1
05.08.2021 00:49:46.204,6.4618,6.46127,1,1
05.08.2021 00:49:46.254,6.461790000000001,6.46131,1,1
05.08.2021 00:49:53.449,6.4618,6.46131,1,1
05.08.2021 00:49:53.550,6.4618,6.46136,1,1
05.08.2021 00:49:53.685,6.46181,6.46135,1,1.1
05.08.2021 00:49:53.797,6.4618400000000005,6.46135,1,1.1
05.08.2021 00:49:54.589,6.4618400000000005,6.46135,1,1
05.08.2021 00:49:55.514,6.461830000000001,6.46136,1,1.1
05.08.2021 00:49:56.968,6.46181,6.46131,1,1.2
05.08.2021 00:49:57.699,6.46181,6.46131,1,1.2
05.08.2021 00:49:58.361,6.461860000000001,6.4613000000000005,1,1.2
05.08.2021 00:49:58.412,6.46185,6.46136,1,1
05.08.2021 00:49:58.868,6.461880000000001,6.46135,1,1
05.08.2021 00:49:58.919,6.46187,6.46141,1,1
05.08.2021 00:49:58.981,6.46192,6.4614,1,1
05.08.2021 00:49:59.141,6.46196,6.4614,1,1
05.08.2021 00:49:59.379,6.4619100000000005,6.46141,1,1
05.08.2021 00:50:00.596,6.4619100000000005,6.46141,1,1.1
05.08.2021 00:50:02.542,6.4619800000000005,6.461430000000001,1,1.1
05.08.2021 00:50:02.946,6.46199,6.46152,1,1.1
05.08.2021 00:50:03.566,6.4619800000000005,6.46156,1,1.1
05.08.2021 00:50:05.862,6.46199,6.4615100000000005,1,1.1
05.08.2021 00:50:06.033,6.46197,6.46152,1,1.1
05.08.2021 00:50:06.155,6.4619800000000005,6.461690000000001,1,1
05.08.2021 00:50:06.206,6.4620500000000005,6.461690000000001,1,1
05.08.2021 00:50:06.307,6.46211,6.461790000000001,1,1
05.08.2021 00:50:06.358,6.4621900000000005,6.4618,1,1
05.08.2021 00:50:06.459,6.46221,6.4618,1,1
05.08.2021 00:50:06.561,6.4623800000000005,6.4619800000000005,1.25,1
05.08.2021 00:50:06.611,6.46247,6.4619800000000005,1.2,1.1
05.08.2021 00:50:06.713,6.46246,6.46199,1,1.1
05.08.2021 00:50:07.585,6.46247,6.462000000000001,1,1.1
05.08.2021 00:50:08.001,6.46247,6.462040000000001,1,1.1
05.08.2021 00:50:09.818,6.46246,6.46208,1,1.1
05.08.2021 00:50:09.919,6.4625,6.46208,1,1.1
05.08.2021 00:50:10.554,6.4625,6.46211,1,1.1
05.08.2021 00:50:12.245,6.4625,6.46208,1,1.1
05.08.2021 00:50:16.568,6.46251,6.46199,1,1.1
05.08.2021 00:50:16.618,6.4624500000000005,6.461950000000001,1,1.2
05.08.2021 00:50:17.170,6.46251,6.46197,1,1.1
05.08.2021 00:50:17.271,6.46255,6.46196,1,1.1
05.08.2021 00:50:17.410,6.46255,6.46196,1,1.1
05.08.2021 00:50:17.611,6.46255,6.46196,1,1.1
05.08.2021 00:50:18.045,6.46255,6.46201,1,1.1
05.08.2021 00:50:18.648,6.46255,6.462040000000001,1,1.1
05.08.2021 00:50:32.139,6.46257,6.462040000000001,1,1.57
05.08.2021 00:50:33.172,6.46257,6.462040000000001,1,1.67
05.08.2021 00:50:34.697,6.46261,6.46207,1,1
05.08.2021 00:50:35.491,6.462680000000001,6.462130000000001,1,1
05.08.2021 00:50:35.592,6.4627300000000005,6.46215,1,1
05.08.2021 00:50:35.693,6.46267,6.4621,1.5,1.12
05.08.2021 00:50:36.698,6.462680000000001,6.46206,1,1
05.08.2021 00:50:36.890,6.46262,6.462040000000001,1,1
05.08.2021 00:50:38.699,6.46262,6.462040000000001,1,1.6
05.08.2021 00:50:40.701,6.46262,6.462040000000001,1,1.6
05.08.2021 00:50:47.238,6.46264,6.462130000000001,1,1
05.08.2021 00:50:47.289,6.462680000000001,6.46215,1,1
05.08.2021 00:51:00.682,6.46267,6.46217,1,1
05.08.2021 00:51:01.393,6.46272,6.4621900000000005,1,1
05.08.2021 00:51:01.759,6.462750000000001,6.4622,1,1
05.08.2021 00:51:01.932,6.46281,6.462540000000001,1,1
05.08.2021 00:51:01.982,6.46291,6.462440000000001,1,1
05.08.2021 00:51:02.083,6.4629900000000005,6.4624500000000005,1,1
05.08.2021 00:51:02.134,6.46291,6.4624500000000005,1,1
05.08.2021 00:51:02.184,6.462980000000001,6.46241,1,1
05.08.2021 00:51:02.235,6.46292,6.46236,1,1
05.08.2021 00:51:02.608,6.462890000000001,6.46231,1,1.5
05.08.2021 00:51:02.659,6.46286,6.46232,1,1.2
05.08.2021 00:51:03.014,6.46286,6.46236,1,1
05.08.2021 00:51:03.714,6.46286,6.462400000000001,1,1.1
05.08.2021 00:51:05.747,6.46287,6.46236,1,1.1
05.08.2021 00:51:07.674,6.46286,6.46241,1,1
05.08.2021 00:51:08.090,6.46287,6.46236,1,1.1
05.08.2021 00:51:08.140,6.46287,6.46239,1,1.1
05.08.2021 00:51:08.692,6.46291,6.462400000000001,1,1.1
05.08.2021 00:51:09.864,6.46292,6.46242,1,1.1
05.08.2021 00:51:10.868,6.46292,6.46243,1,1
05.08.2021 00:51:10.925,6.462940000000001,6.462440000000001,1,1
05.08.2021 00:51:10.975,6.462940000000001,6.46247,1,1
05.08.2021 00:51:11.026,6.46304,6.46243,1,1
05.08.2021 00:51:11.076,6.46302,6.46243,1,1.1
05.08.2021 00:51:11.180,6.46302,6.46248,1,1
05.08.2021 00:51:12.328,6.463010000000001,6.46251,1,1
05.08.2021 00:51:12.552,6.46297,6.46251,1,1
05.08.2021 00:51:12.602,6.46295,6.46246,1,1.1
05.08.2021 00:51:12.891,6.46295,6.46243,1,1.1
05.08.2021 00:51:13.390,6.46295,6.46248,1,1
05.08.2021 00:51:13.894,6.46296,6.46242,1,1.57
05.08.2021 00:51:13.945,6.462840000000001,6.46243,1,1.57
05.08.2021 00:51:15.139,6.46285,6.46243,1,1
05.08.2021 00:51:15.283,6.462840000000001,6.46251,1,1
05.08.2021 00:51:15.334,6.462840000000001,6.462440000000001,1,1
05.08.2021 00:51:17.128,6.46285,6.46237,1,1
05.08.2021 00:51:17.178,6.46285,6.4625,1,1
05.08.2021 00:51:18.460,6.46288,6.46251,1,1
05.08.2021 00:51:19.812,6.46288,6.46239,1,1
05.08.2021 00:51:20.388,6.462840000000001,6.46239,1,1
05.08.2021 00:51:22.785,6.462840000000001,6.462440000000001,1,1.1
05.08.2021 00:51:23.225,6.46286,6.4624500000000005,1,1.1
05.08.2021 00:51:23.990,6.46287,6.46248,1,1.1
05.08.2021 00:51:24.846,6.46286,6.4625,1,1.1
05.08.2021 00:51:25.219,6.46288,6.4625,1,1.1
05.08.2021 00:51:25.270,6.462930000000001,6.462490000000001,1,1.1
05.08.2021 00:51:26.152,6.46296,6.462490000000001,1,1.1
05.08.2021 00:51:26.381,6.462980000000001,6.4625,1,1.1
05.08.2021 00:51:26.652,6.463,6.4625,1,1.1
05.08.2021 00:51:26.718,6.463,6.4625,1,1.2
05.08.2021 00:51:27.159,6.46302,6.4625,1,1.2
05.08.2021 00:51:27.654,6.46305,6.462490000000001,1,1.2
05.08.2021 00:51:32.134,6.46297,6.4625,1,1.2
05.08.2021 00:51:32.248,6.46297,6.462540000000001,1,1
05.08.2021 00:51:32.349,6.46314,6.4629,1,1
05.08.2021 00:51:32.400,6.46318,6.4629,1,1
05.08.2021 00:51:32.450,6.463190000000001,6.463,1,1
05.08.2021 00:51:32.501,6.46332,6.46297,1,1
05.08.2021 00:51:32.552,6.463330000000001,6.463,1,1
05.08.2021 00:51:32.653,6.46336,6.463,1,1
05.08.2021 00:51:32.954,6.46335,6.462940000000001,1,1
05.08.2021 00:51:33.453,6.46336,6.463,1,1
05.08.2021 00:51:33.569,6.4634,6.463080000000001,1,1
05.08.2021 00:51:33.822,6.46345,6.463100000000001,1,1
05.08.2021 00:51:33.944,6.46358,6.463100000000001,1.25,1
05.08.2021 00:51:33.995,6.463480000000001,6.46314,1,1
05.08.2021 00:51:37.432,6.46349,6.463080000000001,1,1
05.08.2021 00:51:38.290,6.463480000000001,6.46305,1,1
05.08.2021 00:51:39.299,6.46349,6.462980000000001,1,1
05.08.2021 00:51:39.400,6.463480000000001,6.46302,1,1
05.08.2021 00:51:39.813,6.46351,6.463010000000001,1,1
05.08.2021 00:51:41.750,6.46349,6.463010000000001,1,1
05.08.2021 00:51:41.801,6.463480000000001,6.462940000000001,1,1.1
05.08.2021 00:51:42.304,6.46349,6.46297,1,1
05.08.2021 00:51:45.111,6.463480000000001,6.4629900000000005,1,1
05.08.2021 00:51:45.271,6.46349,6.46297,1,1
05.08.2021 00:51:45.391,6.463480000000001,6.4629900000000005,1,1
05.08.2021 00:51:45.511,6.463480000000001,6.462980000000001,1,1
05.08.2021 00:51:46.016,6.46353,6.46297,1,1
05.08.2021 00:51:47.198,6.46356,6.46297,1,1
05.08.2021 00:51:47.991,6.463590000000001,6.462980000000001,1,1
05.08.2021 00:51:48.042,6.46358,6.46304,1,1
05.08.2021 00:51:48.199,6.4636000000000005,6.46304,1,1
05.08.2021 00:51:48.767,6.46353,6.46297,1,2.25
05.08.2021 00:51:48.868,6.463480000000001,6.462980000000001,1,1
05.08.2021 00:51:48.969,6.463480000000001,6.46295,1,1
05.08.2021 00:52:00.887,6.463430000000001,6.462940000000001,1,1
05.08.2021 00:52:04.983,6.46345,6.46295,1,1
05.08.2021 00:52:15.147,6.46349,6.46297,1,1
05.08.2021 00:52:15.688,6.463480000000001,6.46302,1,1
05.08.2021 00:52:17.316,6.46354,6.46304,1,1
05.08.2021 00:52:17.518,6.46367,6.46314,1,1
05.08.2021 00:52:17.670,6.46367,6.4632000000000005,1,1
05.08.2021 00:52:17.772,6.46365,6.46322,1,1
05.08.2021 00:52:17.873,6.463640000000001,6.46316,1,1.6
05.08.2021 00:52:18.076,6.46365,6.463150000000001,1,1.5
05.08.2021 00:52:20.604,6.463730000000001,6.463380000000001,1,1
05.08.2021 00:52:20.705,6.46379,6.4634100000000005,1,1
05.08.2021 00:52:20.757,6.4638100000000005,6.463430000000001,1,1
05.08.2021 00:52:20.858,6.4638800000000005,6.46356,1.5,1
05.08.2021 00:52:20.909,6.46398,6.46357,1,1
05.08.2021 00:52:20.960,6.46405,6.46356,1,1
05.08.2021 00:52:21.061,6.46405,6.46357,1,1
05.08.2021 00:52:21.112,6.46406,6.46362,1,1
05.08.2021 00:52:22.555,6.46417,6.46358,1,1
05.08.2021 00:52:22.606,6.46412,6.463590000000001,1,1
05.08.2021 00:52:22.707,6.464130000000001,6.46362,1,1
05.08.2021 00:52:22.850,6.46414,6.46362,1,1
05.08.2021 00:52:23.157,6.46414,6.46365,1,1
05.08.2021 00:52:23.258,6.464130000000001,6.4637,1,1
05.08.2021 00:52:23.410,6.464160000000001,6.4637,1,1
05.08.2021 00:52:24.729,6.46417,6.4637,1,1
05.08.2021 00:52:24.941,6.464180000000001,6.46372,1,1
05.08.2021 00:52:25.749,6.46419,6.463730000000001,1,1
05.08.2021 00:52:25.850,6.464180000000001,6.463730000000001,1,1
05.08.2021 00:52:25.950,6.464180000000001,6.463690000000001,1,1
05.08.2021 00:52:28.943,6.46414,6.463690000000001,1,1
05.08.2021 00:52:30.123,6.46415,6.46366,1,1
05.08.2021 00:52:34.674,6.46414,6.46371,1,1
05.08.2021 00:52:38.869,6.46415,6.46365,1,1
05.08.2021 00:52:40.221,6.46415,6.463640000000001,1,1
05.08.2021 00:52:41.895,6.4641,6.46362,1,1
05.08.2021 00:52:42.009,6.46411,6.46367,1,1
05.08.2021 00:52:42.060,6.46412,6.463680000000001,1,1
05.08.2021 00:52:42.160,6.464180000000001,6.46367,1,1
05.08.2021 00:52:47.189,6.464180000000001,6.46365,1,1
05.08.2021 00:52:47.240,6.464180000000001,6.463690000000001,1,1
05.08.2021 00:52:47.441,6.46419,6.46371,1,1
05.08.2021 00:52:52.205,6.464230000000001,6.46376,1,1
05.08.2021 00:52:52.306,6.46426,6.46384,1,1
05.08.2021 00:52:52.407,6.464300000000001,6.46394,1,1
05.08.2021 00:52:52.457,6.46437,6.46397,1.5,1
05.08.2021 00:52:52.558,6.46438,6.46397,1,1
05.08.2021 00:52:52.659,6.46441,6.46397,1,1
05.08.2021 00:52:54.489,6.464440000000001,6.46396,1.1,1
05.08.2021 00:52:54.590,6.464430000000001,6.46396,1,1
05.08.2021 00:52:55.381,6.46442,6.4638800000000005,1,1
05.08.2021 00:52:56.729,6.46442,6.46397,1,1
05.08.2021 00:52:57.304,6.464390000000001,6.46396,1,1
05.08.2021 00:52:57.531,6.46437,6.46396,1,1
05.08.2021 00:53:00.389,6.4643500000000005,6.46392,1,1
05.08.2021 00:53:00.440,6.464340000000001,6.46396,1,1
05.08.2021 00:53:00.958,6.464390000000001,6.46396,1,1
05.08.2021 00:53:01.009,6.4643500000000005,6.46396,1,1
05.08.2021 00:53:01.830,6.46437,6.46391,1.5,1
05.08.2021 00:53:01.931,6.46437,6.4639500000000005,1,1
05.08.2021 00:53:02.034,6.4643500000000005,6.46396,1,1
05.08.2021 00:53:02.135,6.464390000000001,6.4639500000000005,1,1
05.08.2021 00:53:02.236,6.46442,6.46396,1,1
05.08.2021 00:53:02.286,6.4644,6.4639500000000005,1,1
05.08.2021 00:53:02.337,6.464440000000001,6.4639500000000005,1,1
05.08.2021 00:53:02.489,6.4644,6.4639500000000005,1,1
05.08.2021 00:53:05.363,6.46429,6.4639500000000005,1,1
05.08.2021 00:53:05.464,6.46415,6.46382,1.2,1
05.08.2021 00:53:05.967,6.4642,6.4637400000000005,1.3,1
05.08.2021 00:53:06.018,6.464130000000001,6.46372,1.3,1
05.08.2021 00:53:06.118,6.4641,6.463690000000001,1.2,1
05.08.2021 00:53:14.404,6.46411,6.46367,1.2,1.5
05.08.2021 00:53:17.195,6.46422,6.46375,1.2,1
05.08.2021 00:53:17.246,6.46429,6.46376,1,1
05.08.2021 00:53:17.296,6.46432,6.4638800000000005,1,1
05.08.2021 00:53:17.397,6.46432,6.463830000000001,1,1
05.08.2021 00:53:17.448,6.46433,6.46384,1.1,1
05.08.2021 00:53:17.498,6.46436,6.46392,1.12,1
05.08.2021 00:53:17.599,6.46437,6.46392,1,1
05.08.2021 00:53:17.716,6.4644,6.46392,1.1,1
05.08.2021 00:53:17.766,6.46436,6.46392,1,1
05.08.2021 00:53:17.930,6.46441,6.46393,1.1,1
05.08.2021 00:53:17.980,6.46436,6.46393,1,1
05.08.2021 00:53:18.030,6.46442,6.46392,1.1,1
05.08.2021 00:53:18.221,6.46438,6.46392,1,1
05.08.2021 00:53:18.322,6.464390000000001,6.46392,1,1
05.08.2021 00:53:19.280,6.46437,6.46393,1,1
05.08.2021 00:53:19.814,6.464430000000001,6.46392,1,1
05.08.2021 00:53:20.779,6.464430000000001,6.46393,1.1,1
05.08.2021 00:53:21.090,6.46442,6.46392,1,1
05.08.2021 00:53:22.595,6.464390000000001,6.46393,1,1
05.08.2021 00:53:23.208,6.464430000000001,6.46393,1.57,1
05.08.2021 00:53:23.313,6.464390000000001,6.46393,1,1
05.08.2021 00:53:23.713,6.464440000000001,6.46393,1.1,1
05.08.2021 00:53:23.843,6.46445,6.46392,1,1
05.08.2021 00:53:23.944,6.46447,6.46392,1.12,1
05.08.2021 00:53:23.995,6.46446,6.46397,1.12,1.5
05.08.2021 00:53:32.203,6.464580000000001,6.46402,1.5,1
05.08.2021 00:53:32.304,6.464480000000001,6.46398,1,1
05.08.2021 00:53:32.513,6.46447,6.46396,1,1
05.08.2021 00:53:33.841,6.46447,6.46394,1,1
05.08.2021 00:53:34.570,6.46446,6.46391,1,1.5
05.08.2021 00:53:34.671,6.4644,6.46396,1,1
05.08.2021 00:53:34.721,6.46437,6.463900000000001,1,1
05.08.2021 00:53:34.772,6.46437,6.46396,1,1
05.08.2021 00:53:34.823,6.46442,6.46396,1,1
05.08.2021 00:53:35.085,6.46447,6.4639500000000005,1,1
05.08.2021 00:53:38.857,6.4644,6.46394,1,1
05.08.2021 00:53:38.908,6.46441,6.46394,1.5,1
05.08.2021 00:53:41.408,6.46442,6.46396,1,1
05.08.2021 00:53:43.918,6.46442,6.46398,1,1
05.08.2021 00:53:44.019,6.4645,6.464080000000001,1,1
05.08.2021 00:53:44.223,6.464580000000001,6.464130000000001,1,1.1
05.08.2021 00:53:44.324,6.464650000000001,6.464230000000001,1.12,1.1
05.08.2021 00:53:44.374,6.4648,6.46424,1,1.1
05.08.2021 00:53:44.424,6.4648200000000005,6.464300000000001,1,1
05.08.2021 00:53:44.575,6.46485,6.46436,1,1
05.08.2021 00:53:45.646,6.46485,6.46438,1,1
05.08.2021 00:53:45.913,6.464830000000001,6.46438,1.1,1
05.08.2021 00:53:46.389,6.464830000000001,6.4644,1.1,1
05.08.2021 00:53:46.855,6.464840000000001,6.4644,1.1,1
05.08.2021 00:53:47.208,6.46487,6.4644,1,1
05.08.2021 00:53:52.778,6.464910000000001,6.46445,1,1
05.08.2021 00:53:55.164,6.464910000000001,6.464440000000001,1,1.1
05.08.2021 00:53:55.570,6.4649,6.464430000000001,1,1
05.08.2021 00:53:55.621,6.4649,6.4644,1,1.12
05.08.2021 00:53:58.498,6.464910000000001,6.4644,1,1
05.08.2021 00:54:15.901,6.464930000000001,6.46441,1,1
05.08.2021 00:54:17.163,6.464930000000001,6.46442,1,1
05.08.2021 00:54:17.213,6.464930000000001,6.46446,1,1
05.08.2021 00:54:17.365,6.464930000000001,6.464480000000001,1,1
05.08.2021 00:54:17.504,6.4649600000000005,6.4644900000000005,1,1
05.08.2021 00:54:17.807,6.4649600000000005,6.4644900000000005,1,1.1
05.08.2021 00:54:18.022,6.4649600000000005,6.4644900000000005,1,1
05.08.2021 00:54:18.717,6.46497,6.464480000000001,1,1.1
05.08.2021 00:54:20.712,6.4649600000000005,6.46447,1,1.5
05.08.2021 00:54:20.814,6.46495,6.46445,1,1.6
05.08.2021 00:54:21.720,6.46495,6.46445,1,1
05.08.2021 00:54:24.150,6.464930000000001,6.46445,1,1
05.08.2021 00:54:24.475,6.46495,6.46445,1,1.1
05.08.2021 00:54:24.855,6.4649600000000005,6.46445,1,1
05.08.2021 00:54:26.035,6.4649600000000005,6.46445,1,1.1
05.08.2021 00:54:26.715,6.4649600000000005,6.46445,1,1
05.08.2021 00:54:26.929,6.4649600000000005,6.46445,1,1.1
05.08.2021 00:54:27.523,6.46495,6.46446,1,1
05.08.2021 00:54:32.198,6.46499,6.4645,1.5,1
05.08.2021 00:54:32.249,6.46499,6.4645,1,1.1
05.08.2021 00:54:32.468,6.46499,6.46454,1,1
05.08.2021 00:54:32.518,6.46499,6.4645,1,1.1
05.08.2021 00:54:35.704,6.4649600000000005,6.4645,1,1
05.08.2021 00:54:41.523,6.46495,6.4645,1,1
05.08.2021 00:54:41.573,6.46495,6.46446,1,1.5
05.08.2021 00:54:45.304,6.46499,6.464480000000001,1,1
05.08.2021 00:54:45.474,6.46499,6.4645,1,1
05.08.2021 00:54:46.037,6.464980000000001,6.46455,1,1
05.08.2021 00:54:47.019,6.464980000000001,6.46452,1,1
05.08.2021 00:54:47.244,6.464980000000001,6.46451,1,1
05.08.2021 00:54:47.345,6.464980000000001,6.46455,1,1.1
05.08.2021 00:54:47.446,6.46499,6.46455,1.5,1.5
05.08.2021 00:54:47.547,6.465000000000001,6.46455,1,1
05.08.2021 00:54:47.664,6.46502,6.46461,1,1
05.08.2021 00:54:47.765,6.46502,6.46466,1,1
05.08.2021 00:54:47.866,6.46517,6.46486,1,1
05.08.2021 00:54:47.967,6.465310000000001,6.46502,1,1
05.08.2021 00:54:48.068,6.46529,6.46492,1,1
05.08.2021 00:54:48.169,6.46515,6.4648200000000005,1,1
05.08.2021 00:54:48.270,6.46516,6.464740000000001,1,1
05.08.2021 00:54:49.112,6.46507,6.46475,1,1
05.08.2021 00:54:49.213,6.46501,6.4645600000000005,1,1
05.08.2021 00:54:49.314,6.46501,6.46454,1,1.1
05.08.2021 00:54:49.365,6.46504,6.46454,1,1.1
05.08.2021 00:54:49.598,6.4650300000000005,6.464580000000001,1,1
05.08.2021 00:54:50.958,6.46504,6.46459,1,1
05.08.2021 00:54:52.495,6.465050000000001,6.464580000000001,1,1.6
05.08.2021 00:54:52.609,6.465050000000001,6.464580000000001,1,1
05.08.2021 00:54:52.725,6.46502,6.464530000000001,1,1.1
05.08.2021 00:54:53.378,6.46501,6.464530000000001,1.1,1.1
05.08.2021 00:54:53.858,6.46497,6.46454,1.1,1.1
05.08.2021 00:54:53.959,6.46495,6.46451,1,1
05.08.2021 00:54:54.009,6.464930000000001,6.4645,1,1.2
05.08.2021 00:54:54.110,6.46459,6.464440000000001,1,1
05.08.2021 00:54:54.161,6.46459,6.46438,1,1
05.08.2021 00:54:54.262,6.464650000000001,6.46438,1,1.6
05.08.2021 00:54:54.313,6.46472,6.46438,1,1.6
05.08.2021 00:54:54.414,6.46487,6.4644,1,1.1
05.08.2021 00:54:54.465,6.464910000000001,6.46445,1.57,1
05.08.2021 00:54:54.942,6.46492,6.46445,1.1,1
05.08.2021 00:54:58.324,6.464930000000001,6.46445,1.1,1
05.08.2021 00:54:59.017,6.46492,6.46442,1.1,1.22
05.08.2021 00:54:59.168,6.464880000000001,6.46441,1,2.1
05.08.2021 00:54:59.269,6.464880000000001,6.464430000000001,1.5,1
05.08.2021 00:54:59.320,6.464880000000001,6.4644,1.5,1.1
05.08.2021 00:54:59.776,6.46486,6.4644,1.1,1.1
05.08.2021 00:55:00.185,6.464880000000001,6.464440000000001,1.1,1.1
05.08.2021 00:55:00.416,6.46494,6.464430000000001,1,2.35
05.08.2021 00:55:00.467,6.464580000000001,6.464430000000001,1,1
05.08.2021 00:55:00.517,6.4645,6.46431,1,1
05.08.2021 00:55:00.568,6.46452,6.46422,1,1
05.08.2021 00:55:00.669,6.46457,6.4641,1,1
05.08.2021 00:55:00.769,6.46466,6.46411,1,1
05.08.2021 00:55:00.820,6.46467,6.464080000000001,1,1.1
05.08.2021 00:55:00.871,6.46468,6.464230000000001,1,1
05.08.2021 00:55:00.922,6.46468,6.46414,1.5,1.5
05.08.2021 00:55:00.973,6.46467,6.46417,1.5,1
05.08.2021 00:55:02.130,6.46467,6.46414,1,1
05.08.2021 00:55:02.281,6.46467,6.46417,1,1
05.08.2021 00:55:02.837,6.46467,6.4642100000000005,1,1
05.08.2021 00:55:05.679,6.464650000000001,6.46412,1,1.5
05.08.2021 00:55:05.730,6.46467,6.46419,1,1
05.08.2021 00:55:06.081,6.46467,6.46415,1,1
05.08.2021 00:55:06.131,6.46468,6.46417,1,1
05.08.2021 00:55:06.182,6.46468,6.46412,1,1.5
05.08.2021 00:55:06.232,6.46467,6.464180000000001,1,1
05.08.2021 00:55:07.767,6.46467,6.46415,1,1
05.08.2021 00:55:08.173,6.46467,6.46419,1,1
05.08.2021 00:55:08.603,6.46468,6.46415,1,1
05.08.2021 00:55:10.697,6.4645600000000005,6.46412,1,1.5
05.08.2021 00:55:10.748,6.4646,6.464130000000001,1,1
05.08.2021 00:55:10.798,6.46457,6.464130000000001,1,1
05.08.2021 00:55:10.849,6.46462,6.46412,1,1
05.08.2021 00:55:11.005,6.464650000000001,6.464130000000001,1.5,1
05.08.2021 00:55:11.325,6.464650000000001,6.464130000000001,1,1
05.08.2021 00:55:13.522,6.464700000000001,6.46412,1,1.1
05.08.2021 00:55:14.034,6.46469,6.464130000000001,1,1.1
05.08.2021 00:55:15.154,6.46469,6.46415,1,1
05.08.2021 00:55:15.327,6.46468,6.46414,1,1.1
05.08.2021 00:55:15.607,6.46469,6.46415,1,1
05.08.2021 00:55:15.754,6.46469,6.464130000000001,1,1.1
05.08.2021 00:55:16.115,6.464700000000001,6.464180000000001,1,1
05.08.2021 00:55:16.523,6.46471,6.464180000000001,1,1.1
05.08.2021 00:55:17.296,6.46471,6.4642,1,1.5
05.08.2021 00:55:17.397,6.46471,6.464180000000001,1,1.1
05.08.2021 00:55:17.578,6.46471,6.464180000000001,1,1.1
05.08.2021 00:55:17.629,6.464700000000001,6.46419,1,1.1
05.08.2021 00:55:17.744,6.464700000000001,6.46422,1,1
05.08.2021 00:55:17.846,6.464700000000001,6.46422,1,1.1
05.08.2021 00:55:18.220,6.46473,6.46424,1,1.1
05.08.2021 00:55:20.544,6.46473,6.464430000000001,1.57,1
05.08.2021 00:55:20.594,6.46473,6.46438,1.57,1
05.08.2021 00:55:20.796,6.46473,6.464430000000001,1.57,1
05.08.2021 00:55:22.353,6.46473,6.464530000000001,1,1
05.08.2021 00:55:22.454,6.46477,6.464530000000001,1.1,1
05.08.2021 00:55:22.554,6.4648,6.46452,1.1,1
05.08.2021 00:55:26.358,6.4648,6.46442,1.1,1
05.08.2021 00:55:26.459,6.464790000000001,6.46438,1.1,1
05.08.2021 00:55:26.560,6.46481,6.4643500000000005,1,1.1
05.08.2021 00:55:26.610,6.4648200000000005,6.464340000000001,1,1.1
05.08.2021 00:55:26.711,6.46481,6.464430000000001,1,1
05.08.2021 00:55:26.812,6.4648200000000005,6.464430000000001,1,1
05.08.2021 00:55:26.863,6.464830000000001,6.46437,1,1.5
05.08.2021 00:55:27.076,6.4648200000000005,6.46438,1,1.6
05.08.2021 00:55:27.257,6.464830000000001,6.464430000000001,1,1
05.08.2021 00:55:27.358,6.464830000000001,6.46446,1,1
05.08.2021 00:55:27.613,6.46492,6.46457,1,1
05.08.2021 00:55:27.664,6.46497,6.464580000000001,1.12,1
05.08.2021 00:55:27.714,6.46507,6.46469,1.87,1
05.08.2021 00:55:27.815,6.46527,6.464830000000001,1,1
05.08.2021 00:55:27.916,6.46542,6.46486,1,1
05.08.2021 00:55:27.966,6.465450000000001,6.464910000000001,1,1
05.08.2021 00:55:28.067,6.46546,6.464980000000001,1.5,1
05.08.2021 00:55:28.169,6.465450000000001,6.46497,1,1
05.08.2021 00:55:28.501,6.46544,6.464980000000001,1,1.1
05.08.2021 00:55:29.722,6.465450000000001,6.46497,1,1
05.08.2021 00:55:30.674,6.46547,6.46497,1,1
05.08.2021 00:55:37.304,6.46546,6.464980000000001,1,1.1
05.08.2021 00:55:37.683,6.465450000000001,6.46497,1,1.1
05.08.2021 00:55:37.746,6.46546,6.464980000000001,1,1.1
05.08.2021 00:55:37.797,6.46547,6.46497,1,1
05.08.2021 00:55:37.847,6.46547,6.46497,1,1.1
05.08.2021 00:55:38.335,6.46547,6.46502,1,1
05.08.2021 00:55:38.385,6.46552,6.46502,1,1.5
05.08.2021 00:55:38.638,6.46551,6.46506,1,1
05.08.2021 00:55:38.740,6.46552,6.46507,1,1.1
05.08.2021 00:55:39.148,6.46551,6.46511,1,1
05.08.2021 00:55:39.250,6.465540000000001,6.4651000000000005,1,1
05.08.2021 00:55:39.351,6.46553,6.46512,1,1
05.08.2021 00:55:39.455,6.46565,6.46511,1,1.1
05.08.2021 00:55:39.505,6.46561,6.46511,1,1.1
05.08.2021 00:55:41.045,6.4656400000000005,6.46512,1,1.1
05.08.2021 00:55:45.453,6.46569,6.46516,1.5,1
05.08.2021 00:55:45.555,6.46565,6.46516,1,1
05.08.2021 00:55:46.034,6.4656400000000005,6.46517,1,1.1
05.08.2021 00:55:46.420,6.4656400000000005,6.46521,1,1
05.08.2021 00:55:46.474,6.465680000000001,6.46521,1.5,1
05.08.2021 00:55:50.705,6.465680000000001,6.46521,1,1.1
05.08.2021 00:55:56.628,6.465680000000001,6.46521,1,1
05.08.2021 00:55:57.873,6.46566,6.46517,1,1.1
05.08.2021 00:55:58.436,6.46565,6.46513,1,1.6
05.08.2021 00:56:01.554,6.46566,6.465140000000001,1,1.1
05.08.2021 00:56:01.605,6.46566,6.465140000000001,1,1.1
05.08.2021 00:56:01.656,6.46565,6.465090000000001,1,1.7
05.08.2021 00:56:01.706,6.46566,6.46508,1,1.7
05.08.2021 00:56:01.757,6.46569,6.46511,1,1.6
05.08.2021 00:56:01.857,6.46569,6.46511,1,1.6
05.08.2021 00:56:02.371,6.465730000000001,6.46515,1,1.1
