Gmt time,Ask,Bid,AskVolume,BidVolume
12.08.2021 00:00:00.133,1.25082,1.25073,1,1.1
12.08.2021 00:00:00.285,1.25084,1.25072,1,1.1
12.08.2021 00:00:00.547,1.2508299999999999,1.25072,1,1.1
12.08.2021 00:00:00.699,1.2508100000000002,1.25071,1,1.1
12.08.2021 00:00:00.953,1.25084,1.25071,1,1.1
12.08.2021 00:00:01.531,1.25084,1.2507000000000001,1,1.1
12.08.2021 00:00:01.786,1.2508299999999999,1.25072,1.12,1
12.08.2021 00:00:01.887,1.25084,1.25073,1,1.1
12.08.2021 00:00:08.724,1.25088,1.2507700000000002,1.5,1.1
12.08.2021 00:00:13.705,1.2509000000000001,1.25076,1,1.1
12.08.2021 00:00:18.302,1.2509000000000001,1.25076,1,1
12.08.2021 00:00:30.142,1.2508700000000001,1.25076,1,1.1
12.08.2021 00:00:31.388,1.25085,1.25072,1,1.6
12.08.2021 00:00:33.134,1.25085,1.25072,1,1.1
12.08.2021 00:00:36.085,1.2508299999999999,1.25072,1,1.1
12.08.2021 00:00:43.157,1.25084,1.25072,1,1.1
12.08.2021 00:00:43.435,1.25085,1.25074,1,1.1
12.08.2021 00:00:45.292,1.25085,1.25073,1,1.1
12.08.2021 00:00:51.259,1.2508000000000001,1.2507000000000001,1,1.22
12.08.2021 00:00:51.361,1.25079,1.25071,1,1.2
12.08.2021 00:00:52.051,1.25079,1.25069,1,1.1
12.08.2021 00:00:53.055,1.25079,1.2506700000000002,1,1.97
12.08.2021 00:00:55.090,1.25078,1.25068,1,1.1
12.08.2021 00:00:55.420,1.25079,1.2506700000000002,1,1.6
12.08.2021 00:00:55.623,1.25074,1.25064,1,1.2
12.08.2021 00:00:55.724,1.25073,1.25063,1,1.1
12.08.2021 00:00:55.825,1.25073,1.25062,1,1.1
12.08.2021 00:00:55.926,1.25073,1.25062,1,1.1
12.08.2021 00:00:57.364,1.25072,1.25061,1,1.1
12.08.2021 00:00:57.466,1.25072,1.25061,1,1.1
12.08.2021 00:00:59.798,1.25066,1.2505700000000002,1,1.5
12.08.2021 00:00:59.849,1.2506700000000002,1.2505600000000001,1,2.32
12.08.2021 00:01:00.052,1.25065,1.25055,1,1.85
12.08.2021 00:01:01.126,1.2506700000000002,1.25054,1,1.85
12.08.2021 00:01:01.563,1.25065,1.25055,1,1.1
12.08.2021 00:01:03.074,1.25069,1.25058,1.5,1
12.08.2021 00:01:03.226,1.2506700000000002,1.2505700000000002,1,1.1
12.08.2021 00:01:03.327,1.2506700000000002,1.2505600000000001,1,1.1
12.08.2021 00:01:03.429,1.2506700000000002,1.2505700000000002,1,1.1
12.08.2021 00:01:06.708,1.25068,1.2505600000000001,1,1.57
12.08.2021 00:01:33.070,1.25071,1.25061,1,1.1
12.08.2021 00:01:33.172,1.25075,1.25064,1,1.76
12.08.2021 00:01:33.273,1.2507700000000002,1.25064,1.5,1.76
12.08.2021 00:01:34.628,1.25073,1.25061,1,1.97
12.08.2021 00:01:34.730,1.25073,1.25061,1,1.2
12.08.2021 00:01:36.040,1.2507000000000001,1.2506000000000002,1,1.82
12.08.2021 00:01:36.141,1.2507000000000001,1.25059,1,1.01
12.08.2021 00:01:36.242,1.25071,1.25059,1,1.82
12.08.2021 00:01:36.344,1.25071,1.25059,1,1.57
12.08.2021 00:01:37.106,1.25071,1.25059,1,1.82
12.08.2021 00:01:37.208,1.25069,1.2505700000000002,1.5,1
12.08.2021 00:01:37.517,1.25068,1.2505700000000002,1.5,1.2
12.08.2021 00:01:43.793,1.25068,1.25054,1.5,2.72
12.08.2021 00:01:43.894,1.2506700000000002,1.25055,1.5,2.7
12.08.2021 00:01:46.022,1.25068,1.25054,1.5,2.72
12.08.2021 00:01:46.123,1.25066,1.25055,1,1.97
12.08.2021 00:01:46.224,1.25066,1.25055,1,1.95
12.08.2021 00:01:47.497,1.2506700000000002,1.25054,1,1.97
12.08.2021 00:01:48.034,1.25066,1.25055,1,1.95
12.08.2021 00:01:50.507,1.2506700000000002,1.25054,1,1.97
12.08.2021 00:01:50.757,1.25068,1.25054,1.5,2.72
12.08.2021 00:01:50.858,1.25068,1.25054,1.5,2.7
12.08.2021 00:01:51.062,1.2506700000000002,1.25054,1,1.95
12.08.2021 00:01:57.237,1.2506700000000002,1.25055,1.5,2.7
12.08.2021 00:01:59.808,1.2506700000000002,1.25054,1,1.95
12.08.2021 00:02:03.159,1.25066,1.25053,1,2.72
12.08.2021 00:02:03.260,1.25065,1.25054,1,2.7
12.08.2021 00:02:08.061,1.25065,1.25055,1,1
12.08.2021 00:02:16.186,1.25066,1.25053,1,1.95
12.08.2021 00:02:18.296,1.25066,1.25053,1,2.72
12.08.2021 00:02:18.348,1.2507000000000001,1.2505700000000002,1.5,1
12.08.2021 00:02:18.398,1.25068,1.25055,1,1.95
12.08.2021 00:02:18.500,1.25069,1.25055,1,1.6
12.08.2021 00:02:19.597,1.25069,1.2506000000000002,1,1.2
12.08.2021 00:02:19.648,1.25074,1.25061,1.5,1.1
12.08.2021 00:02:19.749,1.25074,1.25062,1.87,1.57
12.08.2021 00:02:19.868,1.25075,1.25061,1.87,1.6
12.08.2021 00:02:25.608,1.25074,1.25061,1,1.1
12.08.2021 00:02:25.877,1.25074,1.25061,1,1.1
12.08.2021 00:02:32.759,1.25073,1.25061,1,1.1
12.08.2021 00:02:33.031,1.25072,1.25061,1.5,1.1
12.08.2021 00:02:33.386,1.25072,1.25062,1,1.1
12.08.2021 00:02:33.905,1.25074,1.25061,1.5,1.1
12.08.2021 00:02:44.538,1.25072,1.25062,1,1.1
12.08.2021 00:02:44.791,1.25073,1.2506000000000002,1.5,1.2
12.08.2021 00:02:45.912,1.25072,1.2506000000000002,1,1.2
12.08.2021 00:02:54.606,1.25073,1.25061,1,1.1
12.08.2021 00:02:57.570,1.25073,1.2506000000000002,1.5,1.1
12.08.2021 00:02:58.454,1.25073,1.25061,1,1.1
12.08.2021 00:02:59.264,1.25072,1.25061,1.5,1.1
12.08.2021 00:02:59.848,1.25073,1.25061,1,1.1
12.08.2021 00:03:00.304,1.25073,1.25063,1,1
12.08.2021 00:03:46.266,1.25072,1.25063,1,1.1
12.08.2021 00:03:46.468,1.25073,1.25063,1,1.1
12.08.2021 00:04:02.318,1.25072,1.25063,1,1.1
12.08.2021 00:04:02.643,1.25078,1.25069,1,1.1
12.08.2021 00:04:02.744,1.2508100000000002,1.25069,1,1.1
12.08.2021 00:04:02.997,1.25082,1.25069,1.5,1.1
12.08.2021 00:04:03.098,1.2508100000000002,1.25071,1,1
12.08.2021 00:04:04.953,1.25082,1.25069,1,1.1
12.08.2021 00:04:14.334,1.25082,1.25069,1,1.35
12.08.2021 00:04:25.896,1.2508299999999999,1.25069,1.5,2.72
12.08.2021 00:04:30.188,1.25082,1.25069,1,1.97
12.08.2021 00:04:34.679,1.2508100000000002,1.25069,1,1.22
12.08.2021 00:04:34.931,1.2508000000000001,1.2507000000000001,1,1.2
12.08.2021 00:04:39.188,1.25082,1.25069,1,1.1
12.08.2021 00:04:45.189,1.2508000000000001,1.2507000000000001,1,1.1
12.08.2021 00:04:46.232,1.2507700000000002,1.25068,1.5,1
12.08.2021 00:04:46.333,1.25075,1.25064,1,1.2
12.08.2021 00:04:46.434,1.25075,1.25062,1,1.1
12.08.2021 00:04:46.586,1.25075,1.25062,1,1.1
12.08.2021 00:04:47.781,1.25073,1.25061,1,1.1
12.08.2021 00:04:47.882,1.25071,1.25061,1,1.1
12.08.2021 00:04:48.538,1.25071,1.25058,1,1.1
12.08.2021 00:04:49.102,1.2507000000000001,1.25059,1,1
12.08.2021 00:04:56.693,1.25073,1.2506000000000002,1.5,1.1
12.08.2021 00:04:56.795,1.25074,1.25062,1,1
12.08.2021 00:04:57.307,1.25073,1.25062,1,1
12.08.2021 00:05:01.763,1.2507000000000001,1.25062,1,1
12.08.2021 00:05:01.814,1.25069,1.25059,1,1.6
12.08.2021 00:05:01.918,1.2507000000000001,1.25058,1,1.57
12.08.2021 00:05:03.406,1.25072,1.25061,1,1
12.08.2021 00:05:03.507,1.25073,1.25062,1,1
12.08.2021 00:05:07.025,1.25074,1.25062,1,1
12.08.2021 00:05:15.999,1.25072,1.25062,1,1
12.08.2021 00:05:17.992,1.25069,1.25062,1,1
12.08.2021 00:05:18.043,1.2506700000000002,1.2505600000000001,1,1.57
12.08.2021 00:05:18.194,1.25066,1.2505600000000001,1,1.2
12.08.2021 00:05:18.862,1.25065,1.2505600000000001,1,1.1
12.08.2021 00:05:21.914,1.2506700000000002,1.25055,1,1.1
12.08.2021 00:05:22.217,1.2506700000000002,1.25055,1,1.1
12.08.2021 00:05:22.981,1.25068,1.2505600000000001,1,1.1
12.08.2021 00:05:23.133,1.25068,1.25058,1,1.57
12.08.2021 00:05:23.184,1.25071,1.25059,1,1.1
12.08.2021 00:05:40.308,1.25069,1.2505600000000001,1.5,1.1
12.08.2021 00:05:40.409,1.25068,1.25055,1.5,1.1
12.08.2021 00:05:40.976,1.25068,1.25055,1.5,2.54
12.08.2021 00:05:41.577,1.25068,1.2505700000000002,1,1
12.08.2021 00:05:41.679,1.25071,1.2506000000000002,1,1
12.08.2021 00:05:41.780,1.25072,1.25062,1,1.1
12.08.2021 00:05:41.881,1.25071,1.25062,1,1.1
12.08.2021 00:05:41.932,1.25073,1.25062,1.5,1.1
12.08.2021 00:05:42.033,1.25074,1.25062,1,1.1
12.08.2021 00:05:48.493,1.25072,1.25063,1,1
12.08.2021 00:05:49.506,1.25073,1.25061,1,1
12.08.2021 00:05:49.760,1.25072,1.25059,1.5,1.1
12.08.2021 00:05:51.598,1.25072,1.25059,1.5,1.1
12.08.2021 00:05:55.000,1.25073,1.2506000000000002,1.5,1.1
12.08.2021 00:05:56.215,1.25073,1.2506000000000002,1.5,1.1
12.08.2021 00:05:56.467,1.25072,1.25061,1.5,1.1
12.08.2021 00:05:56.619,1.25074,1.2506000000000002,1.5,1.6
12.08.2021 00:06:00.180,1.25071,1.2506000000000002,1,1
12.08.2021 00:06:00.282,1.25068,1.2505700000000002,1,1.57
12.08.2021 00:06:00.383,1.25068,1.25054,1,3.6
12.08.2021 00:06:00.485,1.2506700000000002,1.25054,1.5,1.85
12.08.2021 00:06:01.463,1.25066,1.25054,1.5,3.85
12.08.2021 00:06:02.504,1.25066,1.25054,1.5,3.1
12.08.2021 00:06:06.189,1.25066,1.25053,1,1.85
12.08.2021 00:06:13.249,1.2507000000000001,1.2506000000000002,1,1.1
12.08.2021 00:06:13.351,1.25071,1.2506000000000002,1,1.57
12.08.2021 00:06:13.452,1.2507000000000001,1.25061,1,1.6
12.08.2021 00:06:14.591,1.2507000000000001,1.2506000000000002,1,1.1
12.08.2021 00:06:14.693,1.2507000000000001,1.2506000000000002,1,1.1
12.08.2021 00:06:18.151,1.25071,1.25058,1,1.1
12.08.2021 00:06:18.202,1.25069,1.2505700000000002,1,1.1
12.08.2021 00:06:18.253,1.2506700000000002,1.2505600000000001,1.5,1.1
12.08.2021 00:06:18.358,1.2506700000000002,1.25054,1,2.54
12.08.2021 00:06:21.165,1.2506700000000002,1.25053,1.5,2.35
12.08.2021 00:06:21.367,1.2506700000000002,1.25053,1.5,2.54
12.08.2021 00:06:34.300,1.25068,1.25055,1.5,2.16
12.08.2021 00:06:40.953,1.2506700000000002,1.25054,1,1.35
12.08.2021 00:06:41.055,1.2506700000000002,1.25054,1,1.35
12.08.2021 00:06:41.774,1.2506700000000002,1.25055,1.5,1.79
12.08.2021 00:06:47.911,1.2506700000000002,1.2505600000000001,1,1.41
12.08.2021 00:06:54.827,1.25072,1.25062,1,1
12.08.2021 00:06:55.132,1.25074,1.25062,1,1
12.08.2021 00:06:55.574,1.25073,1.25062,1,1
12.08.2021 00:06:59.450,1.25074,1.25062,1,1.1
12.08.2021 00:06:59.501,1.25075,1.25064,1,2.91
12.08.2021 00:06:59.602,1.25075,1.25064,1,2.91
12.08.2021 00:06:59.703,1.25076,1.25063,1,2.91
12.08.2021 00:06:59.804,1.25076,1.25063,1,2.91
12.08.2021 00:07:02.851,1.2507700000000002,1.25063,1.5,3.66
12.08.2021 00:07:04.984,1.25075,1.25066,1,1.1
12.08.2021 00:07:05.086,1.25074,1.25065,1,1.1
12.08.2021 00:07:05.188,1.25076,1.25064,1,1.1
12.08.2021 00:07:05.290,1.25075,1.25064,1,1.1
12.08.2021 00:07:07.380,1.25076,1.25064,1,1
12.08.2021 00:07:08.269,1.25075,1.25064,1,1
12.08.2021 00:07:09.347,1.25075,1.25063,1,1.1
12.08.2021 00:07:09.599,1.25074,1.25061,1.5,1.1
12.08.2021 00:07:10.303,1.25074,1.25061,1,1.79
12.08.2021 00:07:10.454,1.25073,1.25062,1,1.57
12.08.2021 00:07:10.804,1.25074,1.25061,1,1.85
12.08.2021 00:07:10.905,1.25073,1.25062,1,1.85
12.08.2021 00:07:11.768,1.25074,1.25061,1,1.85
12.08.2021 00:07:13.999,1.25074,1.25061,1,1.85
12.08.2021 00:07:25.701,1.25074,1.25065,1,1.1
12.08.2021 00:07:25.752,1.25078,1.25065,1.5,1.1
12.08.2021 00:07:25.853,1.25078,1.25065,2.25,1.1
12.08.2021 00:07:27.328,1.2507700000000002,1.25064,1.5,1.1
12.08.2021 00:07:28.934,1.2507700000000002,1.25063,1.95,1.95
12.08.2021 00:07:29.991,1.25076,1.25063,1,1.1
12.08.2021 00:07:39.155,1.25076,1.25066,1,1.1
12.08.2021 00:07:39.256,1.2508100000000002,1.25069,1,1
12.08.2021 00:07:40.761,1.25082,1.2507000000000001,1,1.1
12.08.2021 00:07:40.862,1.2508299999999999,1.25073,1,1
12.08.2021 00:07:40.964,1.25088,1.2507700000000002,1,1
12.08.2021 00:07:41.065,1.2508299999999999,1.25072,1.57,1.5
12.08.2021 00:07:41.166,1.2508299999999999,1.25071,1.57,1
12.08.2021 00:07:41.444,1.2508299999999999,1.25069,1.57,2.32
12.08.2021 00:07:45.189,1.25082,1.25069,1,1.1
12.08.2021 00:07:46.372,1.25082,1.2507000000000001,1,1
12.08.2021 00:07:46.574,1.25082,1.25068,1.5,1.97
12.08.2021 00:08:03.212,1.2508100000000002,1.25071,1,1
12.08.2021 00:08:03.404,1.25082,1.25069,1.5,1.1
12.08.2021 00:08:12.616,1.25082,1.2507000000000001,1,1
12.08.2021 00:08:12.890,1.25082,1.25069,1.5,1.1
12.08.2021 00:08:15.887,1.2508000000000001,1.2507000000000001,1,1.1
12.08.2021 00:08:16.718,1.2508100000000002,1.2507000000000001,1.5,1.1
12.08.2021 00:08:25.102,1.25082,1.2507000000000001,1,1
12.08.2021 00:08:31.863,1.25082,1.25071,1,1
12.08.2021 00:08:31.915,1.25085,1.25073,1,1.2
12.08.2021 00:08:32.067,1.25084,1.25074,1,1.22
12.08.2021 00:08:35.828,1.25085,1.25071,1.5,1.22
12.08.2021 00:08:35.879,1.2508299999999999,1.2507000000000001,1,2.16
12.08.2021 00:08:35.980,1.2508299999999999,1.2507000000000001,1,1.39
12.08.2021 00:08:39.188,1.25082,1.2507000000000001,1,1.01
12.08.2021 00:09:04.465,1.2508100000000002,1.25069,1,1.1
12.08.2021 00:09:13.265,1.25084,1.25074,1,1.57
12.08.2021 00:09:13.366,1.2508700000000001,1.25076,1.5,1.1
12.08.2021 00:09:14.195,1.25089,1.25076,1.5,1
12.08.2021 00:09:18.188,1.25088,1.25076,1,1
12.08.2021 00:09:24.928,1.25085,1.25074,1,1
12.08.2021 00:09:30.668,1.25082,1.25073,1,1
12.08.2021 00:09:30.769,1.25082,1.25072,1,1
12.08.2021 00:09:36.668,1.2508100000000002,1.25071,1,1
12.08.2021 00:09:38.113,1.2508000000000001,1.25071,1,1
12.08.2021 00:09:39.953,1.2508100000000002,1.25071,1,1
12.08.2021 00:09:41.985,1.25079,1.2507000000000001,1,1
12.08.2021 00:09:44.855,1.2508000000000001,1.2507000000000001,1,1
12.08.2021 00:09:46.857,1.2508000000000001,1.25072,1,1
12.08.2021 00:09:51.199,1.2508299999999999,1.25073,1,1
12.08.2021 00:09:51.300,1.25082,1.25073,1,1
12.08.2021 00:09:53.490,1.25082,1.25072,1,1
12.08.2021 00:09:55.847,1.25082,1.25071,1,1
12.08.2021 00:09:56.847,1.2508100000000002,1.25071,1,1
12.08.2021 00:09:57.722,1.2508000000000001,1.25071,1,1
12.08.2021 00:09:57.848,1.2508100000000002,1.25071,1,1
12.08.2021 00:10:03.188,1.25082,1.25071,1,1
12.08.2021 00:10:05.345,1.2508100000000002,1.25073,1,1
12.08.2021 00:10:09.034,1.25086,1.25075,1,1
12.08.2021 00:10:11.892,1.25082,1.25072,1,1.1
12.08.2021 00:10:19.321,1.25084,1.25071,1,1
12.08.2021 00:10:19.422,1.25084,1.25073,1,1
12.08.2021 00:10:19.523,1.25082,1.25074,1,1
12.08.2021 00:10:19.624,1.25082,1.25073,1,1
12.08.2021 00:10:24.280,1.25082,1.25072,1,1
12.08.2021 00:10:27.043,1.25082,1.25073,1,1
12.08.2021 00:10:28.088,1.2508299999999999,1.25073,1,1
12.08.2021 00:10:29.962,1.2508299999999999,1.25072,1,1
12.08.2021 00:10:32.622,1.25085,1.25075,1,1
12.08.2021 00:10:32.673,1.25086,1.25076,1,1
12.08.2021 00:10:42.595,1.25086,1.25074,1,1
12.08.2021 00:10:43.220,1.25088,1.25076,1,1
12.08.2021 00:10:50.788,1.25086,1.25074,1,1
12.08.2021 00:10:54.187,1.25086,1.25073,1,1.1
12.08.2021 00:10:54.290,1.25082,1.25071,1,1.1
12.08.2021 00:11:08.539,1.25085,1.25073,1,1.1
12.08.2021 00:11:08.641,1.25086,1.25074,1,1.1
12.08.2021 00:11:09.550,1.25086,1.25074,1,1.1
12.08.2021 00:11:11.614,1.25084,1.25072,1,1.1
12.08.2021 00:11:11.715,1.2508299999999999,1.25072,1,1
12.08.2021 00:11:15.689,1.25084,1.25073,1,1
12.08.2021 00:11:15.790,1.2508299999999999,1.25073,1,1.1
12.08.2021 00:11:15.897,1.2508299999999999,1.25072,1,1
12.08.2021 00:11:24.769,1.2508299999999999,1.25071,1,1.1
12.08.2021 00:11:24.870,1.25082,1.25071,1,1
12.08.2021 00:11:35.828,1.2508299999999999,1.25071,1,1
12.08.2021 00:11:38.816,1.25082,1.25071,1,1
12.08.2021 00:11:40.687,1.25082,1.2507000000000001,1,1
12.08.2021 00:11:45.207,1.2508100000000002,1.2507000000000001,1,1
12.08.2021 00:11:47.673,1.25082,1.2507000000000001,1,1
12.08.2021 00:11:48.905,1.2508100000000002,1.2507000000000001,1,1
12.08.2021 00:11:50.297,1.25082,1.2507000000000001,1,1
12.08.2021 00:11:53.426,1.2508100000000002,1.2507000000000001,1,1
12.08.2021 00:12:00.188,1.25082,1.2507000000000001,1,1
12.08.2021 00:12:14.131,1.2508100000000002,1.25073,1,1
12.08.2021 00:12:14.182,1.2508299999999999,1.25074,1,1
12.08.2021 00:12:14.822,1.25084,1.25072,1,1.1
12.08.2021 00:12:14.924,1.25082,1.25071,1,1.1
12.08.2021 00:12:20.076,1.2508299999999999,1.25071,1,1
12.08.2021 00:12:30.189,1.25082,1.25071,1,1
12.08.2021 00:12:33.286,1.2508299999999999,1.25071,1,1.1
12.08.2021 00:12:42.376,1.25082,1.25071,1,1.1
12.08.2021 00:12:46.336,1.25085,1.25075,1,1
12.08.2021 00:12:46.439,1.2508700000000001,1.25075,1,1
12.08.2021 00:13:00.530,1.25088,1.25075,1,1.1
12.08.2021 00:13:02.910,1.25086,1.25076,1,1.1
12.08.2021 00:13:29.841,1.2508700000000001,1.25078,1,1
12.08.2021 00:13:29.891,1.2508299999999999,1.25074,1,1
12.08.2021 00:13:29.993,1.25084,1.25072,1,2.32
12.08.2021 00:13:32.352,1.2508299999999999,1.25072,1,1
12.08.2021 00:13:40.326,1.2508299999999999,1.25073,1,1.1
12.08.2021 00:13:47.689,1.2508299999999999,1.25074,1,1
12.08.2021 00:13:49.822,1.25084,1.25072,1,1
12.08.2021 00:13:50.373,1.25088,1.2507700000000002,1,1
12.08.2021 00:13:50.475,1.25088,1.25078,1,1
12.08.2021 00:13:59.734,1.25089,1.25076,1.5,1.1
12.08.2021 00:14:00.928,1.2508700000000001,1.2507700000000002,1,1.1
12.08.2021 00:14:02.212,1.25088,1.2507700000000002,1.5,1.6
12.08.2021 00:14:03.677,1.25088,1.25076,1,1.1
12.08.2021 00:14:13.335,1.25089,1.2507700000000002,1,1.1
12.08.2021 00:14:27.580,1.2509000000000001,1.2507700000000002,1.5,1.1
12.08.2021 00:14:30.698,1.25089,1.2507700000000002,1,1.1
12.08.2021 00:14:31.352,1.25089,1.25078,1.5,1.1
12.08.2021 00:14:31.553,1.25088,1.25078,1,1
12.08.2021 00:14:33.544,1.25086,1.25074,1,1
12.08.2021 00:14:47.772,1.25086,1.25074,1,1.6
12.08.2021 00:14:48.096,1.25086,1.25074,1,1.57
12.08.2021 00:14:55.386,1.25084,1.25075,1,1.1
12.08.2021 00:14:59.475,1.25082,1.25073,1,1
12.08.2021 00:14:59.576,1.25082,1.25072,1,1
12.08.2021 00:15:01.852,1.2508100000000002,1.25071,1,1.6
12.08.2021 00:15:01.953,1.2508299999999999,1.2507000000000001,1,1.6
12.08.2021 00:15:02.515,1.2508000000000001,1.2507000000000001,1,1
12.08.2021 00:15:02.566,1.25078,1.25066,1,3.27
12.08.2021 00:15:02.667,1.2507700000000002,1.2506700000000002,1,1.1
12.08.2021 00:15:03.479,1.25075,1.25065,1,1
12.08.2021 00:15:05.998,1.25076,1.25065,1,1
12.08.2021 00:15:06.546,1.2508000000000001,1.25069,1,1
12.08.2021 00:15:06.647,1.25079,1.25071,1,1
12.08.2021 00:15:06.749,1.2508000000000001,1.25069,1,1
12.08.2021 00:15:08.142,1.2508000000000001,1.2507000000000001,1,1
12.08.2021 00:15:08.243,1.2508100000000002,1.2507000000000001,1,1
12.08.2021 00:15:09.523,1.25082,1.2507000000000001,1,1.1
12.08.2021 00:15:18.973,1.2508100000000002,1.2507000000000001,1,1
12.08.2021 00:15:19.075,1.2508000000000001,1.2507000000000001,1,1.1
12.08.2021 00:15:20.142,1.25078,1.25068,1,1
12.08.2021 00:15:20.193,1.2507700000000002,1.25066,1.5,1
12.08.2021 00:15:20.294,1.2507700000000002,1.25065,1,1
12.08.2021 00:15:20.395,1.25075,1.2506700000000002,1,1.5
12.08.2021 00:15:20.446,1.2508000000000001,1.2507000000000001,1,1
12.08.2021 00:15:20.807,1.2508100000000002,1.2507000000000001,1,1
12.08.2021 00:15:27.356,1.2507700000000002,1.25066,1,1
12.08.2021 00:15:27.458,1.2507700000000002,1.25064,1,1.6
12.08.2021 00:15:27.928,1.2507700000000002,1.25064,1,1.1
12.08.2021 00:15:32.126,1.25076,1.25064,1,1.1
12.08.2021 00:15:32.899,1.25079,1.25068,1,1
12.08.2021 00:15:33.000,1.25079,1.25069,1,1
12.08.2021 00:15:33.851,1.25082,1.25069,1,1.1
12.08.2021 00:15:34.003,1.2508100000000002,1.25069,1,1
12.08.2021 00:15:34.874,1.2508000000000001,1.25071,1,1
12.08.2021 00:15:34.976,1.2508100000000002,1.25071,1,1
12.08.2021 00:15:35.084,1.25082,1.25069,1,1.1
12.08.2021 00:15:36.194,1.25082,1.2507000000000001,1,1
12.08.2021 00:15:45.458,1.2508000000000001,1.25069,1,1
12.08.2021 00:15:45.662,1.2508000000000001,1.2507000000000001,1,1
12.08.2021 00:15:46.825,1.2508100000000002,1.2507000000000001,1,1
12.08.2021 00:15:50.291,1.25082,1.25071,1,1
12.08.2021 00:15:50.638,1.2508299999999999,1.25072,1,1
12.08.2021 00:15:52.442,1.2508299999999999,1.25073,1,1
12.08.2021 00:15:55.914,1.2508299999999999,1.25072,1,1
12.08.2021 00:15:59.682,1.2508299999999999,1.25071,1,1.1
12.08.2021 00:15:59.804,1.2508100000000002,1.25072,1,1
12.08.2021 00:16:01.378,1.2508299999999999,1.25071,1,1
12.08.2021 00:16:02.688,1.25082,1.25071,1,1
12.08.2021 00:16:06.239,1.2508100000000002,1.25071,1,1
12.08.2021 00:16:06.340,1.2508100000000002,1.2507000000000001,1,1.1
12.08.2021 00:16:06.441,1.2508100000000002,1.25071,1,1
12.08.2021 00:16:06.723,1.25082,1.25071,1,1
12.08.2021 00:16:07.526,1.25082,1.2507000000000001,1,1.1
12.08.2021 00:16:24.766,1.2508100000000002,1.2507000000000001,1,1.1
12.08.2021 00:16:24.872,1.2508000000000001,1.25072,1,1
12.08.2021 00:16:26.141,1.25082,1.25071,1,1
12.08.2021 00:16:37.929,1.2508100000000002,1.25071,1,1
12.08.2021 00:16:38.182,1.25082,1.25071,1,1
12.08.2021 00:16:39.494,1.2508000000000001,1.25072,1,1
12.08.2021 00:16:39.595,1.25082,1.25071,1,1
12.08.2021 00:16:46.625,1.2508299999999999,1.25071,1,1
12.08.2021 00:16:59.693,1.25084,1.25072,1,1.1
12.08.2021 00:16:59.794,1.2508299999999999,1.25072,1,1.1
12.08.2021 00:17:16.528,1.25086,1.25074,1,1.2
12.08.2021 00:17:16.579,1.2508700000000001,1.2507700000000002,1,1
12.08.2021 00:17:16.833,1.25088,1.25078,1,1.25
12.08.2021 00:17:16.935,1.2509000000000001,1.25078,1,1.1
12.08.2021 00:17:25.710,1.25088,1.25079,1,1
12.08.2021 00:17:29.373,1.2509000000000001,1.25078,1,1
12.08.2021 00:17:33.305,1.2508700000000001,1.25078,1,1
12.08.2021 00:17:33.356,1.2508700000000001,1.25076,1,1
12.08.2021 00:17:33.457,1.2508700000000001,1.25075,1,1
12.08.2021 00:17:36.471,1.25089,1.25076,1.5,1.1
12.08.2021 00:17:36.522,1.25089,1.25078,1,1
12.08.2021 00:17:38.838,1.25089,1.25079,1,1
12.08.2021 00:17:41.094,1.2509000000000001,1.25079,1,1
12.08.2021 00:18:04.204,1.25089,1.2507700000000002,1,1
12.08.2021 00:18:16.119,1.25089,1.25078,1.1,1
12.08.2021 00:18:23.452,1.2509100000000002,1.25079,1,1
12.08.2021 00:18:24.504,1.2509100000000002,1.2508000000000001,1.87,1
12.08.2021 00:18:35.402,1.2509100000000002,1.25079,1,1
12.08.2021 00:18:36.894,1.25092,1.25079,1.87,1
12.08.2021 00:18:44.206,1.25093,1.2508000000000001,1.12,1
12.08.2021 00:18:44.307,1.25095,1.25082,1.5,1.69
12.08.2021 00:18:44.408,1.25098,1.25085,1,1
12.08.2021 00:18:44.509,1.25099,1.25086,1.57,1
12.08.2021 00:18:56.091,1.25098,1.25086,1,1
12.08.2021 00:18:56.279,1.25099,1.25086,1.5,1
12.08.2021 00:19:04.953,1.25099,1.2508700000000001,1,1
12.08.2021 00:19:50.554,1.2510200000000002,1.2509000000000001,1,1
12.08.2021 00:19:50.655,1.2510200000000002,1.25089,1,1
12.08.2021 00:19:50.757,1.2510100000000002,1.25088,1,1.1
12.08.2021 00:19:51.432,1.2510000000000001,1.25088,1,1
12.08.2021 00:19:51.553,1.2510100000000002,1.25088,1,1
12.08.2021 00:19:55.881,1.25099,1.25089,1,1
12.08.2021 00:20:13.554,1.25099,1.25088,1,1.1
12.08.2021 00:20:13.655,1.25099,1.2508700000000001,1,1
12.08.2021 00:20:19.192,1.25093,1.25082,1.5,1
12.08.2021 00:20:19.244,1.25092,1.2508100000000002,1,1
12.08.2021 00:20:19.506,1.25092,1.2508000000000001,1,1
12.08.2021 00:20:28.568,1.25092,1.2508100000000002,1.5,1
12.08.2021 00:20:28.672,1.25092,1.25082,1,1
12.08.2021 00:20:29.519,1.25092,1.2508100000000002,1,1
12.08.2021 00:20:29.621,1.25093,1.2508100000000002,1,1
12.08.2021 00:20:32.466,1.2509100000000002,1.25082,1,1
12.08.2021 00:20:32.775,1.25093,1.2508100000000002,1,1
12.08.2021 00:20:36.594,1.25092,1.2508100000000002,1,1
12.08.2021 00:20:36.973,1.25092,1.25082,1,1
12.08.2021 00:20:37.075,1.2509100000000002,1.25082,1,1
12.08.2021 00:20:37.990,1.25093,1.2508100000000002,1,1
12.08.2021 00:20:52.122,1.25094,1.25082,2.62,1
12.08.2021 00:20:52.384,1.25094,1.2508100000000002,1,1
12.08.2021 00:20:54.037,1.25095,1.2508100000000002,3.37,1
12.08.2021 00:20:58.835,1.25094,1.2508100000000002,1,1
12.08.2021 00:20:59.649,1.25094,1.25082,3.37,1.5
12.08.2021 00:20:59.784,1.25098,1.25085,1.65,1
12.08.2021 00:21:06.445,1.25099,1.25085,1.2,1.5
12.08.2021 00:21:06.561,1.25099,1.2508700000000001,1.2,1
12.08.2021 00:21:08.702,1.2510000000000001,1.25088,1.6,1.5
12.08.2021 00:21:08.803,1.25103,1.2509000000000001,2.82,1
12.08.2021 00:21:08.854,1.25103,1.2509100000000002,1.2,1
12.08.2021 00:21:11.294,1.25103,1.25095,1,1
12.08.2021 00:21:11.344,1.2510700000000001,1.25096,4.31,1
12.08.2021 00:21:11.446,1.25108,1.25096,1.99,1
12.08.2021 00:21:12.937,1.25109,1.25096,1.2,1
12.08.2021 00:21:12.988,1.2511200000000002,1.2510100000000002,1.12,1
12.08.2021 00:21:13.089,1.2511100000000002,1.25104,1,1
12.08.2021 00:21:13.140,1.2511700000000001,1.25103,2.16,1.5
12.08.2021 00:21:14.078,1.2511700000000001,1.25104,1.6,1
12.08.2021 00:21:15.138,1.2511700000000001,1.25104,1.2,1
12.08.2021 00:21:15.642,1.25118,1.2510700000000001,2.85,1
12.08.2021 00:21:15.743,1.25118,1.25108,1.97,1
12.08.2021 00:21:15.847,1.25119,1.2510700000000001,1.95,1
12.08.2021 00:21:16.099,1.2511700000000001,1.25106,1.72,1
12.08.2021 00:21:16.598,1.25119,1.25105,4.35,1
12.08.2021 00:21:19.390,1.2511700000000001,1.25105,1.1,1
12.08.2021 00:21:19.492,1.25116,1.25105,1,1
12.08.2021 00:21:42.538,1.2511700000000001,1.25105,1.12,1
12.08.2021 00:21:42.639,1.25118,1.25105,1.2,1
12.08.2021 00:21:42.791,1.2511700000000001,1.2510700000000001,1.2,1
12.08.2021 00:21:44.745,1.25118,1.25106,1.6,1
12.08.2021 00:22:03.234,1.2511700000000001,1.25106,1.6,1
12.08.2021 00:22:14.294,1.2511700000000001,1.25104,1.6,1
12.08.2021 00:22:38.300,1.25114,1.25104,3.01,1
12.08.2021 00:22:38.350,1.2511200000000002,1.2510100000000002,1,1
12.08.2021 00:22:38.502,1.25114,1.2510200000000002,1.6,1
12.08.2021 00:22:39.463,1.2511100000000002,1.2510200000000002,1.87,1
12.08.2021 00:22:39.817,1.2511100000000002,1.2510100000000002,1,1
12.08.2021 00:22:39.868,1.2511,1.25096,1.2,1.5
12.08.2021 00:22:42.185,1.2511,1.25096,1.6,1.5
12.08.2021 00:22:44.503,1.25109,1.25098,1.6,1
12.08.2021 00:22:47.189,1.25108,1.25096,1,1
12.08.2021 00:22:47.290,1.25108,1.25095,1.1,1
12.08.2021 00:22:51.646,1.2510700000000001,1.25095,1.2,1.5
12.08.2021 00:22:54.148,1.25108,1.25095,1.2,1
12.08.2021 00:23:24.624,1.25109,1.25095,2.7,1
12.08.2021 00:23:29.222,1.25108,1.25095,1.12,1
12.08.2021 00:24:00.641,1.25109,1.25095,1.95,1.5
12.08.2021 00:24:01.246,1.2511200000000002,1.2510100000000002,1,1
12.08.2021 00:24:01.297,1.25114,1.2510200000000002,1.5,1
12.08.2021 00:24:01.398,1.25114,1.25103,1,1
12.08.2021 00:24:01.529,1.25114,1.25104,1,1
12.08.2021 00:24:01.882,1.25115,1.2510200000000002,1,1
12.08.2021 00:24:02.500,1.25113,1.25103,1,1
12.08.2021 00:24:06.477,1.25116,1.25103,1.95,1
12.08.2021 00:24:06.636,1.25114,1.25104,1,1
12.08.2021 00:24:07.105,1.25115,1.2510200000000002,1,1.5
12.08.2021 00:24:07.257,1.25116,1.25103,1.22,1
12.08.2021 00:24:32.963,1.25114,1.25103,1.2,1.5
12.08.2021 00:24:44.897,1.25116,1.2510200000000002,1.12,1.5
12.08.2021 00:24:45.884,1.2511700000000001,1.25103,2.07,1
12.08.2021 00:24:49.982,1.25115,1.25103,1.2,1.5
12.08.2021 00:24:55.212,1.25116,1.2510200000000002,1.6,1.5
12.08.2021 00:25:02.699,1.25116,1.25103,1.6,1
12.08.2021 00:25:04.837,1.25116,1.2510200000000002,2.1,1
12.08.2021 00:25:05.685,1.25116,1.2510200000000002,2.1,1
12.08.2021 00:25:06.284,1.25115,1.25103,2.1,1.5
12.08.2021 00:25:07.057,1.25116,1.2510200000000002,2.1,1.5
12.08.2021 00:25:09.975,1.25115,1.2510100000000002,2.1,1.5
12.08.2021 00:25:10.076,1.25115,1.2510100000000002,2.85,1.5
12.08.2021 00:25:21.626,1.2511,1.2509700000000001,1.1,1
12.08.2021 00:25:21.828,1.25109,1.25098,1.1,1
12.08.2021 00:25:22.030,1.25109,1.2509700000000001,1.6,1
12.08.2021 00:25:26.336,1.2511,1.25096,1.22,1.5
12.08.2021 00:25:26.438,1.25115,1.2510200000000002,3.47,1
12.08.2021 00:25:26.539,1.25115,1.25103,1.22,1
12.08.2021 00:25:27.136,1.25115,1.2510100000000002,1.97,1.5
12.08.2021 00:25:27.342,1.25115,1.2510200000000002,1.22,1
12.08.2021 00:25:32.982,1.25116,1.2510200000000002,2.1,1.5
12.08.2021 00:25:39.189,1.25115,1.25104,1.6,1
12.08.2021 00:25:41.983,1.25116,1.25104,1.1,1
12.08.2021 00:25:45.217,1.25116,1.25103,1.1,1
12.08.2021 00:26:04.475,1.25114,1.25103,1,1.5
12.08.2021 00:26:08.386,1.25115,1.25103,1,1
12.08.2021 00:26:14.929,1.25114,1.2510200000000002,1,1
12.08.2021 00:26:38.730,1.25113,1.2510200000000002,1.1,1.5
12.08.2021 00:27:06.755,1.2511200000000002,1.2510200000000002,1,1
12.08.2021 00:27:06.857,1.25113,1.2510200000000002,1.5,1
12.08.2021 00:27:10.360,1.2511,1.25099,1.5,1.57
12.08.2021 00:27:22.179,1.25113,1.2510200000000002,1.5,1
12.08.2021 00:27:59.059,1.25113,1.25103,1,1
12.08.2021 00:28:00.634,1.25115,1.2510200000000002,1.5,1.5
12.08.2021 00:28:07.576,1.25119,1.25106,1.95,1.5
12.08.2021 00:28:08.392,1.2511700000000001,1.25104,1.57,1
12.08.2021 00:28:12.158,1.25114,1.25104,1,1
12.08.2021 00:28:15.839,1.25115,1.2510200000000002,1,1.5
12.08.2021 00:28:30.489,1.25114,1.25104,1,1
12.08.2021 00:28:39.048,1.25115,1.25104,1,1
12.08.2021 00:28:39.200,1.2511700000000001,1.25104,1.12,1.5
12.08.2021 00:28:40.824,1.25115,1.25105,1,1
12.08.2021 00:28:41.356,1.25115,1.25104,1.5,1
12.08.2021 00:29:41.554,1.25116,1.25104,1,1
12.08.2021 00:29:41.655,1.2511700000000001,1.25104,1.5,1.1
12.08.2021 00:29:42.213,1.2511700000000001,1.25105,1,1
12.08.2021 00:29:42.314,1.2512,1.2510700000000001,1,1.5
12.08.2021 00:29:42.415,1.2512,1.25109,1,1
12.08.2021 00:29:42.527,1.2512100000000002,1.25109,1,1
12.08.2021 00:29:42.944,1.2512200000000002,1.2511,1.2,1
12.08.2021 00:29:50.405,1.2512,1.25108,1,1
12.08.2021 00:29:50.971,1.25119,1.25108,1,1
12.08.2021 00:30:18.346,1.25123,1.2511,2.72,1
12.08.2021 00:30:18.447,1.25123,1.2511,2.7,1
12.08.2021 00:30:21.925,1.25123,1.2511,2.72,1
12.08.2021 00:30:22.026,1.25123,1.2511,2.7,1
12.08.2021 00:30:24.700,1.2512200000000002,1.2511100000000002,2.35,1
12.08.2021 00:30:25.303,1.25123,1.2511,2.32,1
12.08.2021 00:30:27.782,1.2512200000000002,1.2511100000000002,2.72,1
12.08.2021 00:30:27.883,1.2512200000000002,1.2511100000000002,2.7,1
12.08.2021 00:30:28.087,1.25123,1.2511,2.72,1
12.08.2021 00:30:28.301,1.25123,1.2511,2.7,1
12.08.2021 00:30:28.783,1.2512200000000002,1.2511100000000002,2.35,1
12.08.2021 00:30:29.717,1.25123,1.2511,2.32,1
12.08.2021 00:30:42.214,1.2512200000000002,1.25109,1,1.5
12.08.2021 00:31:01.419,1.2512100000000002,1.25108,1.5,1.5
12.08.2021 00:31:01.536,1.2512,1.2510700000000001,1.5,1.5
12.08.2021 00:31:02.387,1.25119,1.2510700000000001,1,1
12.08.2021 00:31:04.645,1.2511700000000001,1.25106,1,1
12.08.2021 00:31:04.748,1.2511700000000001,1.2510700000000001,1,1
12.08.2021 00:31:04.799,1.2512100000000002,1.25108,1.5,1.5
12.08.2021 00:31:04.920,1.25119,1.25109,1,1
12.08.2021 00:31:08.425,1.2512200000000002,1.25109,1.5,1
12.08.2021 00:31:08.728,1.2511700000000001,1.2510700000000001,1,1.57
12.08.2021 00:31:08.830,1.25116,1.25106,1,1
12.08.2021 00:31:09.083,1.25118,1.25105,1,1
12.08.2021 00:31:09.234,1.25119,1.25106,1.87,1
12.08.2021 00:31:15.155,1.25116,1.25104,1,1
12.08.2021 00:31:17.676,1.25115,1.25104,1,1
12.08.2021 00:31:19.632,1.25114,1.25104,1,1
12.08.2021 00:31:21.169,1.2511200000000002,1.2510200000000002,1,1
12.08.2021 00:31:21.271,1.2511200000000002,1.2510100000000002,1,1
12.08.2021 00:31:21.841,1.2511200000000002,1.2510200000000002,1,1
12.08.2021 00:31:21.942,1.25114,1.2510100000000002,1.5,1
12.08.2021 00:31:22.953,1.25114,1.2510200000000002,1,1
12.08.2021 00:31:29.346,1.25113,1.2510200000000002,1.5,1
12.08.2021 00:31:42.738,1.25114,1.2510000000000001,1.5,2.32
12.08.2021 00:32:00.099,1.25116,1.25106,1,1.87
12.08.2021 00:32:00.200,1.25118,1.25106,1,1.2
12.08.2021 00:32:00.251,1.2512,1.25109,1.5,1
12.08.2021 00:32:00.352,1.25119,1.2510700000000001,1,1
12.08.2021 00:32:00.453,1.25119,1.25106,1,1.57
12.08.2021 00:32:01.178,1.25116,1.25105,1.5,1.5
12.08.2021 00:32:01.854,1.25115,1.25104,1,1.57
12.08.2021 00:32:08.474,1.25114,1.25103,1,1
12.08.2021 00:32:09.760,1.25113,1.25103,1,1
12.08.2021 00:32:18.886,1.2511200000000002,1.25103,1,1
12.08.2021 00:32:18.987,1.25113,1.2510100000000002,1,1.1
12.08.2021 00:32:19.088,1.2511100000000002,1.2510100000000002,1,1.22
12.08.2021 00:32:19.190,1.2511200000000002,1.2510000000000001,1,1.2
12.08.2021 00:32:19.787,1.2511100000000002,1.25099,1,1.35
12.08.2021 00:32:23.980,1.2511200000000002,1.25099,1,1.35
12.08.2021 00:32:34.532,1.2511200000000002,1.25099,1,1.1
12.08.2021 00:32:37.073,1.2511100000000002,1.2510100000000002,1,1.1
12.08.2021 00:32:37.174,1.2511100000000002,1.25099,1,1.1
12.08.2021 00:32:37.275,1.2511200000000002,1.25099,1.5,1.1
12.08.2021 00:32:37.377,1.2511200000000002,1.25099,1.5,1.1
12.08.2021 00:32:42.003,1.2511200000000002,1.25099,1,1.1
12.08.2021 00:32:42.715,1.2511200000000002,1.25099,1.5,1.1
12.08.2021 00:32:46.955,1.2511100000000002,1.2510000000000001,1,1.1
12.08.2021 00:32:48.175,1.25105,1.25098,1,1
12.08.2021 00:32:48.276,1.25106,1.25096,1,1.2
12.08.2021 00:32:48.377,1.25105,1.25093,1,1.1
12.08.2021 00:32:48.581,1.25104,1.25094,1,1.1
12.08.2021 00:32:48.682,1.25105,1.25094,1,1.1
12.08.2021 00:32:48.972,1.25106,1.25096,1,1.01
12.08.2021 00:32:49.074,1.25108,1.25095,1,1.01
12.08.2021 00:32:49.454,1.2511,1.2509700000000001,1,1
12.08.2021 00:33:02.287,1.25106,1.25094,1,2.8
12.08.2021 00:33:02.388,1.25106,1.25094,1,2.4
12.08.2021 00:33:02.816,1.2510700000000001,1.25095,1,1.1
12.08.2021 00:33:02.917,1.25106,1.25095,1,1.2
12.08.2021 00:33:13.391,1.25106,1.25093,1,1.22
12.08.2021 00:33:13.496,1.25105,1.25094,1,1.2
12.08.2021 00:33:15.604,1.25105,1.25093,1,1.1
12.08.2021 00:33:15.966,1.25105,1.25094,1,1
12.08.2021 00:33:18.428,1.25105,1.25093,1,1.1
12.08.2021 00:33:20.150,1.25106,1.25093,1,1.1
12.08.2021 00:33:23.724,1.25104,1.25092,1,1.22
12.08.2021 00:33:23.826,1.25105,1.25093,1.5,1.97
12.08.2021 00:33:28.557,1.25109,1.25096,1.5,1.39
12.08.2021 00:33:28.659,1.2511,1.2510000000000001,1,1.2
12.08.2021 00:33:28.761,1.2511200000000002,1.25099,1,1.2
12.08.2021 00:33:29.387,1.2511100000000002,1.25099,1,1.1
12.08.2021 00:33:29.755,1.2511100000000002,1.2510000000000001,1,1
12.08.2021 00:33:32.990,1.25109,1.2510100000000002,1,1
12.08.2021 00:33:33.091,1.2511,1.25099,1,1
12.08.2021 00:33:38.744,1.2511,1.25098,1,1.1
12.08.2021 00:34:16.645,1.2511100000000002,1.25098,1.5,1.2
12.08.2021 00:34:16.746,1.2511100000000002,1.2510000000000001,1,1
12.08.2021 00:34:31.637,1.2511100000000002,1.25099,1,1
12.08.2021 00:34:40.669,1.2511,1.25099,1,1.1
12.08.2021 00:35:02.339,1.2511200000000002,1.25099,1,1.1
12.08.2021 00:35:02.440,1.25113,1.2510100000000002,1,1.57
12.08.2021 00:35:02.541,1.25114,1.2510200000000002,1,1
12.08.2021 00:35:04.469,1.25114,1.2510100000000002,1,1.2
12.08.2021 00:35:04.571,1.25113,1.2510200000000002,1,1
12.08.2021 00:35:06.165,1.2511100000000002,1.2510100000000002,1,1.1
12.08.2021 00:35:06.418,1.2511200000000002,1.2510200000000002,1,1
12.08.2021 00:35:06.532,1.25113,1.2510200000000002,1,1.57
12.08.2021 00:35:12.188,1.25113,1.25103,1,1
12.08.2021 00:35:19.594,1.25114,1.2510100000000002,1,1.1
12.08.2021 00:35:26.933,1.25114,1.2510200000000002,1,1
12.08.2021 00:35:28.837,1.25114,1.2510100000000002,1,1.1
12.08.2021 00:35:33.696,1.25113,1.25103,1,1
12.08.2021 00:35:33.797,1.25115,1.2510200000000002,1,1.57
12.08.2021 00:35:38.748,1.25114,1.2510200000000002,1,1
12.08.2021 00:35:40.019,1.25114,1.2510100000000002,1,1.1
12.08.2021 00:35:41.776,1.25114,1.2510100000000002,1.1,1
12.08.2021 00:35:45.120,1.25113,1.25103,1.1,1
12.08.2021 00:36:06.211,1.25114,1.2510100000000002,1.1,1.5
12.08.2021 00:36:19.918,1.25114,1.2510200000000002,1.1,1
12.08.2021 00:36:42.068,1.25113,1.25103,1,1
12.08.2021 00:36:42.779,1.25114,1.2510100000000002,1,1.5
12.08.2021 00:36:57.618,1.25115,1.2510200000000002,1.6,1.5
12.08.2021 00:36:57.769,1.25115,1.25103,1.1,1
12.08.2021 00:37:52.045,1.2511700000000001,1.2510700000000001,1.1,1
12.08.2021 00:37:52.176,1.25119,1.2510700000000001,1.6,1
12.08.2021 00:38:01.897,1.2511700000000001,1.25105,1.1,1
12.08.2021 00:38:02.215,1.2511700000000001,1.25105,1.1,1
12.08.2021 00:38:12.679,1.2511700000000001,1.25106,1.1,1
12.08.2021 00:38:12.843,1.2511700000000001,1.25106,1.1,1
12.08.2021 00:38:16.772,1.2511700000000001,1.25106,1.1,1
12.08.2021 00:38:16.954,1.25116,1.2510700000000001,1.1,1
12.08.2021 00:38:17.156,1.2511700000000001,1.25106,1.1,1
12.08.2021 00:38:17.257,1.25115,1.2510700000000001,1.1,1
12.08.2021 00:38:19.626,1.25115,1.25105,1.1,1
12.08.2021 00:38:34.913,1.25116,1.25103,1.6,1.5
12.08.2021 00:38:35.271,1.25116,1.25103,1.6,1.5
12.08.2021 00:38:49.703,1.25108,1.25099,1.1,1
12.08.2021 00:38:49.754,1.25108,1.25095,1.6,2.25
12.08.2021 00:38:49.855,1.25108,1.25095,1.6,1
12.08.2021 00:38:50.266,1.25105,1.25096,1.1,1
12.08.2021 00:39:01.985,1.25105,1.2509700000000001,1.1,1
12.08.2021 00:39:14.298,1.25106,1.25095,1.1,1
12.08.2021 00:39:34.435,1.25106,1.25094,1.1,1
12.08.2021 00:39:34.536,1.25105,1.25095,1.1,1
12.08.2021 00:39:49.948,1.2510700000000001,1.25094,1.6,1.5
12.08.2021 00:40:04.064,1.2510700000000001,1.25094,1.6,1.5
12.08.2021 00:40:11.418,1.2510700000000001,1.25094,1.6,1.5
12.08.2021 00:40:27.533,1.25106,1.25094,1.1,1
12.08.2021 00:41:13.252,1.25105,1.25095,1.1,1
12.08.2021 00:41:27.169,1.25106,1.25094,1.1,1
12.08.2021 00:41:38.733,1.25105,1.25094,1.6,1.87
12.08.2021 00:42:03.312,1.25104,1.25093,1.1,1
12.08.2021 00:42:03.413,1.25104,1.25093,1.6,2.25
12.08.2021 00:42:03.514,1.25105,1.25093,1.1,1
12.08.2021 00:42:03.615,1.25105,1.25093,1.1,1
12.08.2021 00:42:32.978,1.25108,1.2509700000000001,1,1.25
12.08.2021 00:42:33.029,1.2511100000000002,1.25098,1.1,2.25
12.08.2021 00:42:33.080,1.2511200000000002,1.2510000000000001,1.1,1.5
12.08.2021 00:42:33.182,1.25113,1.2510100000000002,1.1,1
12.08.2021 00:42:33.784,1.2511100000000002,1.2510100000000002,1.1,1.5
12.08.2021 00:42:33.885,1.25108,1.25096,1.1,3.37
12.08.2021 00:42:33.987,1.2510700000000001,1.25095,1.1,1.5
12.08.2021 00:42:34.089,1.2510700000000001,1.25095,1.57,1
12.08.2021 00:42:34.574,1.25106,1.25096,1.6,1
12.08.2021 00:42:34.676,1.25106,1.25094,1.1,1.5
12.08.2021 00:42:38.131,1.25106,1.25093,1.57,1.5
12.08.2021 00:42:38.759,1.25104,1.25094,1,1
12.08.2021 00:42:53.919,1.25104,1.25093,1,1
12.08.2021 00:43:13.967,1.25105,1.2509700000000001,1,1
12.08.2021 00:43:14.018,1.2511,1.25099,1.1,1.5
12.08.2021 00:43:14.069,1.2511200000000002,1.2510000000000001,1.1,1
12.08.2021 00:43:19.079,1.2511,1.2510000000000001,1,1.87
12.08.2021 00:43:20.220,1.2511100000000002,1.2510100000000002,1.1,1
12.08.2021 00:43:36.032,1.2511200000000002,1.25104,1,1
12.08.2021 00:43:36.082,1.2511100000000002,1.2510200000000002,1,1
12.08.2021 00:43:36.386,1.2511200000000002,1.2510000000000001,1,1.12
12.08.2021 00:43:37.941,1.2511200000000002,1.2510100000000002,1,1
12.08.2021 00:43:38.800,1.25113,1.2510100000000002,1.57,1
12.08.2021 00:43:48.125,1.25114,1.25104,1.1,2.75
12.08.2021 00:43:53.686,1.25115,1.25103,1.1,1.12
12.08.2021 00:43:59.951,1.2511200000000002,1.2510100000000002,1,1.87
12.08.2021 00:44:04.892,1.25114,1.25103,1,2.62
12.08.2021 00:44:04.993,1.25114,1.25104,1.1,3.37
12.08.2021 00:44:17.225,1.2511200000000002,1.2510200000000002,1,1.75
12.08.2021 00:44:20.121,1.2511200000000002,1.2510000000000001,1,2.81
12.08.2021 00:44:22.605,1.2511200000000002,1.2510100000000002,1.1,2.81
12.08.2021 00:44:46.749,1.2511200000000002,1.2510200000000002,1.1,1
12.08.2021 00:44:51.272,1.25115,1.2510200000000002,1.57,3.56
12.08.2021 00:44:51.322,1.25116,1.25108,1.1,1
12.08.2021 00:44:51.373,1.25119,1.2510700000000001,1.1,1
12.08.2021 00:44:51.474,1.2512,1.2510700000000001,1.1,2.25
12.08.2021 00:44:52.473,1.25118,1.25108,1,2.25
12.08.2021 00:44:52.574,1.2512,1.2510700000000001,1.1,2.25
12.08.2021 00:44:56.040,1.25116,1.25104,1,2.25
12.08.2021 00:44:56.242,1.25115,1.25104,1.1,2.81
12.08.2021 00:45:03.848,1.25113,1.2510200000000002,1,1
12.08.2021 00:45:04.000,1.2511200000000002,1.2510200000000002,1,1.25
12.08.2021 00:45:11.067,1.25113,1.2510200000000002,1,1.25
12.08.2021 00:45:17.554,1.25113,1.2510100000000002,1,2.81
12.08.2021 00:45:17.655,1.25113,1.2510200000000002,1.5,2.06
12.08.2021 00:45:20.305,1.25113,1.2510200000000002,1,1
12.08.2021 00:45:30.075,1.25113,1.2510100000000002,1,1
12.08.2021 00:45:33.076,1.2511200000000002,1.25099,1,1.87
12.08.2021 00:45:33.178,1.2511200000000002,1.2510100000000002,1.57,1
12.08.2021 00:45:33.380,1.2511100000000002,1.2510100000000002,1,1
12.08.2021 00:45:33.860,1.2511200000000002,1.2510100000000002,1.57,1
12.08.2021 00:45:34.044,1.2511200000000002,1.2510000000000001,1,1
12.08.2021 00:45:36.758,1.2511200000000002,1.2510100000000002,1,1
12.08.2021 00:45:37.369,1.25113,1.2510100000000002,1.1,1
12.08.2021 00:45:37.973,1.25113,1.25103,1,1
12.08.2021 00:45:50.851,1.25114,1.2510100000000002,1,2.81
12.08.2021 00:46:01.686,1.25114,1.2510200000000002,1,1
12.08.2021 00:46:06.696,1.25113,1.25104,1,1
12.08.2021 00:46:09.285,1.25114,1.2510200000000002,1,1
12.08.2021 00:46:11.223,1.2512,1.25108,1.1,1
12.08.2021 00:46:11.324,1.2512,1.25108,1.1,1
12.08.2021 00:46:11.425,1.2512100000000002,1.25108,1.1,2.81
12.08.2021 00:46:14.680,1.2512,1.25108,1,2.81
12.08.2021 00:46:17.056,1.25118,1.25109,1,1.12
12.08.2021 00:46:21.629,1.2512200000000002,1.2511100000000002,1.1,2.25
12.08.2021 00:46:21.731,1.2512200000000002,1.2511100000000002,1,2
12.08.2021 00:46:32.541,1.25123,1.2511100000000002,1.1,2
12.08.2021 00:46:49.287,1.2512100000000002,1.25108,1,3.12
12.08.2021 00:46:49.389,1.2512100000000002,1.25108,1,3
12.08.2021 00:46:52.856,1.2512100000000002,1.25109,1,1
12.08.2021 00:47:02.357,1.25119,1.25109,1,1.87
12.08.2021 00:47:03.016,1.2512,1.25109,1,1
12.08.2021 00:47:03.784,1.25119,1.25109,1,3
12.08.2021 00:47:04.025,1.2512100000000002,1.25108,1.1,3.19
12.08.2021 00:47:04.127,1.2512100000000002,1.25109,1.1,1
12.08.2021 00:47:04.228,1.2512100000000002,1.25108,1.1,3
12.08.2021 00:47:04.329,1.2512,1.2511,1.1,1
12.08.2021 00:47:04.430,1.2512100000000002,1.25108,1.1,3.19
12.08.2021 00:47:11.475,1.2512200000000002,1.25109,1.57,1.5
12.08.2021 00:47:14.911,1.2512,1.25114,1,1
12.08.2021 00:47:14.961,1.2512400000000001,1.25113,1,1
12.08.2021 00:47:15.091,1.25125,1.25113,1.5,1.12
12.08.2021 00:47:15.361,1.25127,1.25114,1.1,2.25
12.08.2021 00:47:15.411,1.25128,1.25116,1.1,1
12.08.2021 00:47:15.664,1.25128,1.2511700000000001,1,1.25
12.08.2021 00:47:15.969,1.25129,1.2511700000000001,1,1.25
12.08.2021 00:47:22.624,1.25128,1.25116,1,2.87
12.08.2021 00:47:22.877,1.25128,1.2511700000000001,1,3.62
12.08.2021 00:47:28.807,1.25128,1.2511700000000001,1,2.81
12.08.2021 00:47:31.055,1.25127,1.2511700000000001,1,3.56
12.08.2021 00:47:35.227,1.25129,1.25116,1,2.81
12.08.2021 00:47:42.669,1.25129,1.2511700000000001,1,1
12.08.2021 00:47:43.165,1.2513100000000001,1.2512200000000002,1,1
12.08.2021 00:47:43.267,1.2513400000000001,1.2512100000000002,1.1,2.25
12.08.2021 00:47:44.355,1.2513400000000001,1.2512200000000002,1.1,1
12.08.2021 00:47:44.830,1.2513400000000001,1.2512100000000002,1.1,2.25
12.08.2021 00:47:45.344,1.25133,1.2512100000000002,1,1.5
12.08.2021 00:47:45.647,1.2513200000000002,1.2512100000000002,1,1.12
12.08.2021 00:47:46.335,1.25133,1.2512100000000002,1.1,1
12.08.2021 00:47:46.437,1.25133,1.25123,1.1,1
12.08.2021 00:47:46.589,1.2513400000000001,1.2512100000000002,1.1,1.87
12.08.2021 00:47:49.233,1.2513400000000001,1.2512200000000002,1.1,1
12.08.2021 00:47:50.398,1.25135,1.25125,1.1,1.25
12.08.2021 00:47:53.647,1.25135,1.2512400000000001,1.1,2.06
12.08.2021 00:47:54.574,1.25135,1.25123,1,1.69
12.08.2021 00:48:06.738,1.2513400000000001,1.25123,1.1,2.62
12.08.2021 00:48:06.840,1.2513,1.25118,1,1.31
12.08.2021 00:48:31.779,1.25129,1.25118,1,1.69
12.08.2021 00:48:36.323,1.25127,1.25118,1,1.12
12.08.2021 00:48:47.863,1.25128,1.25118,1.1,1
12.08.2021 00:49:16.931,1.25129,1.25118,1.1,1
12.08.2021 00:49:17.033,1.25133,1.2512100000000002,1.1,1
12.08.2021 00:49:21.237,1.2513100000000001,1.2512200000000002,1,1
12.08.2021 00:49:21.942,1.25129,1.2512,1,1
12.08.2021 00:49:22.044,1.25129,1.25119,1,1
12.08.2021 00:49:25.541,1.25128,1.2511700000000001,1,1.5
12.08.2021 00:49:25.643,1.25129,1.2511700000000001,1,1
12.08.2021 00:49:27.313,1.25128,1.2511700000000001,1,1
12.08.2021 00:49:29.162,1.25129,1.2511700000000001,1,1
12.08.2021 00:49:31.725,1.25127,1.25118,1,1
12.08.2021 00:49:44.571,1.25127,1.2511700000000001,1,1.5
12.08.2021 00:49:46.283,1.25128,1.2511700000000001,1.1,2.25
12.08.2021 00:49:47.821,1.25128,1.25116,1,1.5
12.08.2021 00:49:58.364,1.25126,1.2511700000000001,1,1
12.08.2021 00:49:58.537,1.25126,1.25116,1,1
12.08.2021 00:49:58.638,1.25126,1.25115,1.1,1
12.08.2021 00:50:00.576,1.25125,1.25115,1,1
12.08.2021 00:50:01.452,1.25125,1.25116,1,1
12.08.2021 00:50:04.798,1.2512100000000002,1.2511200000000002,1,1.87
12.08.2021 00:50:04.900,1.25123,1.2511200000000002,1,1
12.08.2021 00:50:05.001,1.2512400000000001,1.25113,1,1
12.08.2021 00:50:05.243,1.25126,1.2511700000000001,1.1,1
12.08.2021 00:50:08.197,1.25127,1.2511700000000001,1,1.69
12.08.2021 00:50:15.916,1.25126,1.25116,1,1
12.08.2021 00:50:15.967,1.25125,1.25114,1.1,1
12.08.2021 00:50:16.018,1.25123,1.25113,1,3.82
12.08.2021 00:50:17.674,1.2512400000000001,1.2511100000000002,1,2.06
12.08.2021 00:50:18.334,1.2512100000000002,1.2511,1,1.69
12.08.2021 00:50:18.536,1.2512100000000002,1.2511100000000002,1,1.25
12.08.2021 00:50:21.426,1.25123,1.2511,1,1.69
12.08.2021 00:50:21.983,1.2512100000000002,1.25109,1,2.62
12.08.2021 00:50:26.051,1.2512100000000002,1.2511100000000002,1.57,1
12.08.2021 00:50:30.399,1.2512200000000002,1.25109,1.57,2.25
12.08.2021 00:50:31.716,1.2512,1.2511,1,1
12.08.2021 00:50:38.416,1.25119,1.25108,1,1
12.08.2021 00:50:38.517,1.25118,1.25108,1.1,1
12.08.2021 00:50:38.770,1.25118,1.2510700000000001,1,1
12.08.2021 00:50:38.859,1.2511700000000001,1.25105,1,1.87
12.08.2021 00:50:39.344,1.25115,1.25105,1,2
12.08.2021 00:50:47.194,1.25115,1.25105,1,1.87
12.08.2021 00:50:50.690,1.2511700000000001,1.25104,1.1,1.87
12.08.2021 00:50:51.355,1.2511200000000002,1.25103,1,1.31
12.08.2021 00:50:51.506,1.25114,1.2510100000000002,1.57,3
12.08.2021 00:50:54.038,1.25113,1.2510100000000002,1,1.25
12.08.2021 00:50:55.303,1.25113,1.2510200000000002,1.57,1.69
12.08.2021 00:50:59.404,1.25113,1.2510100000000002,1,1.25
12.08.2021 00:51:05.297,1.25114,1.2510100000000002,1.57,2.44
12.08.2021 00:51:05.398,1.2511700000000001,1.25105,1.1,1.5
12.08.2021 00:51:05.602,1.2511700000000001,1.25104,1.57,1
12.08.2021 00:51:05.703,1.25116,1.25104,1,1
12.08.2021 00:51:05.805,1.25113,1.25103,1,3.31
12.08.2021 00:51:06.512,1.25114,1.2510200000000002,1,2.81
12.08.2021 00:51:12.663,1.25114,1.25104,1.5,1.25
12.08.2021 00:51:18.440,1.25113,1.2510200000000002,1.5,2.75
12.08.2021 00:51:26.201,1.25116,1.25105,1,1.1
12.08.2021 00:51:26.321,1.25116,1.25106,1,1.5
12.08.2021 00:51:31.947,1.25114,1.25105,1,1
12.08.2021 00:51:31.997,1.25114,1.2510200000000002,1,1
12.08.2021 00:51:34.557,1.25114,1.2510100000000002,1.5,3.56
12.08.2021 00:51:35.991,1.25115,1.2510200000000002,1.57,2.44
12.08.2021 00:51:40.965,1.2511700000000001,1.25106,1.57,2.25
12.08.2021 00:51:43.556,1.25118,1.25106,1.1,1
12.08.2021 00:51:45.018,1.25118,1.2510700000000001,1,1.5
12.08.2021 00:51:45.120,1.2512,1.2510700000000001,1.57,2.25
12.08.2021 00:51:45.221,1.25119,1.2510700000000001,1.1,1
12.08.2021 00:51:45.322,1.25118,1.2510700000000001,1.57,1.87
12.08.2021 00:51:46.060,1.2512,1.2510700000000001,1.57,2.25
12.08.2021 00:51:46.364,1.25119,1.2510700000000001,1.1,1.5
12.08.2021 00:51:46.637,1.2512,1.2511,1.57,1
12.08.2021 00:52:04.025,1.2512,1.25109,1.57,1.5
12.08.2021 00:52:06.743,1.2512,1.2511,1.57,1
12.08.2021 00:52:26.834,1.2512,1.25109,1.57,1.87
12.08.2021 00:52:26.936,1.2512100000000002,1.25109,1.57,1
12.08.2021 00:52:47.828,1.2512,1.2511100000000002,1,1
12.08.2021 00:52:49.771,1.2512100000000002,1.25109,1.5,1
12.08.2021 00:53:05.699,1.2512,1.2511100000000002,1,1
12.08.2021 00:53:10.367,1.2512100000000002,1.2511100000000002,1.57,1
12.08.2021 00:53:11.097,1.2512100000000002,1.25109,1.57,1
12.08.2021 00:53:11.198,1.2512,1.25108,1.57,1.12
12.08.2021 00:53:11.299,1.2512,1.25108,1.6,1
12.08.2021 00:53:13.596,1.25119,1.2510700000000001,1.1,1
12.08.2021 00:53:19.382,1.2512,1.2511,1.6,1
12.08.2021 00:53:19.634,1.25118,1.25109,1,1
12.08.2021 00:53:20.976,1.25118,1.25108,1.57,1
12.08.2021 00:53:21.506,1.2512,1.25109,1.1,1
12.08.2021 00:53:21.708,1.25119,1.25109,1.57,1
12.08.2021 00:53:27.239,1.2512,1.25108,1.6,1
12.08.2021 00:53:27.993,1.25119,1.2510700000000001,1.1,1.5
12.08.2021 00:53:33.314,1.2512,1.25108,1.57,1
12.08.2021 00:53:33.466,1.2512,1.2510700000000001,1.57,1.5
12.08.2021 00:53:33.576,1.25118,1.25108,1,1.5
12.08.2021 00:53:36.506,1.25118,1.2510700000000001,1,1
12.08.2021 00:53:39.168,1.2511700000000001,1.2510700000000001,1.1,1
12.08.2021 00:53:39.270,1.25114,1.2510100000000002,1.5,5.06
12.08.2021 00:53:39.371,1.2511200000000002,1.2510200000000002,1,4.31
12.08.2021 00:53:41.518,1.25113,1.2510200000000002,1,1
12.08.2021 00:53:44.296,1.25113,1.2510100000000002,1,2.81
12.08.2021 00:53:44.397,1.2511100000000002,1.2510200000000002,1,2.06
12.08.2021 00:53:44.808,1.2511100000000002,1.25099,1,2
12.08.2021 00:53:46.056,1.2511100000000002,1.2510100000000002,1.1,1.12
12.08.2021 00:53:46.208,1.2511,1.2510100000000002,1,1.12
12.08.2021 00:53:50.224,1.25109,1.25098,1,1
12.08.2021 00:53:54.400,1.25106,1.25094,1,7.75
12.08.2021 00:53:54.501,1.25106,1.25095,1.57,7.75
12.08.2021 00:53:54.895,1.2510700000000001,1.25095,1,1.75
12.08.2021 00:53:54.996,1.2510700000000001,1.25095,1,1
12.08.2021 00:54:02.670,1.25106,1.25094,1,2.81
12.08.2021 00:54:04.459,1.2510700000000001,1.25094,1.57,2.44
12.08.2021 00:54:07.178,1.2510700000000001,1.25095,1.1,1.25
12.08.2021 00:54:07.279,1.2511200000000002,1.2510200000000002,1.57,1.5
12.08.2021 00:54:13.600,1.2510700000000001,1.25096,1.5,1
12.08.2021 00:54:13.702,1.25105,1.2509700000000001,1,1
12.08.2021 00:54:14.108,1.25105,1.25096,1,1.25
12.08.2021 00:54:29.167,1.25105,1.25094,1,1
12.08.2021 00:54:29.268,1.2510200000000002,1.2509000000000001,1,1.5
12.08.2021 00:54:29.421,1.2510200000000002,1.25089,1.1,1.5
12.08.2021 00:54:29.523,1.2510200000000002,1.25089,1.1,1.5
12.08.2021 00:54:29.744,1.25099,1.2509000000000001,1,1
12.08.2021 00:54:33.356,1.2510200000000002,1.25092,1,3
12.08.2021 00:54:33.457,1.25103,1.25092,1,1
12.08.2021 00:54:34.500,1.2510200000000002,1.2509100000000002,1,1
12.08.2021 00:54:34.602,1.2510100000000002,1.2509100000000002,1,1.5
12.08.2021 00:54:39.197,1.2510100000000002,1.25089,1,1.25
12.08.2021 00:54:39.248,1.25099,1.2508700000000001,1,1.5
12.08.2021 00:54:39.349,1.25098,1.25086,1,2.44
12.08.2021 00:54:41.131,1.25098,1.2508700000000001,1,1.25
12.08.2021 00:54:41.232,1.25099,1.2508700000000001,1,1.69
12.08.2021 00:54:49.686,1.2509700000000001,1.25085,1,3.19
12.08.2021 00:54:49.888,1.25098,1.25085,1.5,2.44
12.08.2021 00:54:52.094,1.2509700000000001,1.25085,1,2.44
12.08.2021 00:54:53.872,1.25098,1.25085,1.57,1.5
12.08.2021 00:54:54.825,1.2509700000000001,1.25085,1,1
12.08.2021 00:54:59.377,1.25098,1.25086,1.57,1
12.08.2021 00:54:59.963,1.25095,1.25085,1,1.5
12.08.2021 00:55:00.176,1.2509700000000001,1.25085,1.1,1.5
12.08.2021 00:55:00.378,1.25098,1.25086,1.57,1
12.08.2021 00:55:00.480,1.2509700000000001,1.25085,1.5,1
12.08.2021 00:55:00.886,1.25096,1.25084,1,1.69
12.08.2021 00:55:08.656,1.25095,1.25084,1,1.25
12.08.2021 00:55:12.523,1.25096,1.25084,1,1
12.08.2021 00:55:14.339,1.25095,1.25084,1,1
12.08.2021 00:55:14.669,1.25092,1.2508299999999999,1.5,1
12.08.2021 00:55:14.720,1.25092,1.2508000000000001,1,3
12.08.2021 00:55:20.778,1.25089,1.25078,1,1.5
12.08.2021 00:55:25.040,1.25088,1.25078,1,3.19
12.08.2021 00:55:25.561,1.2509100000000002,1.2508000000000001,1,1
12.08.2021 00:55:29.918,1.2509100000000002,1.25079,1,1.69
12.08.2021 00:55:37.447,1.2509100000000002,1.2508000000000001,1,1
12.08.2021 00:55:39.239,1.2509100000000002,1.25079,1,2.06
12.08.2021 00:55:46.186,1.25089,1.25079,1,1.87
12.08.2021 00:55:46.287,1.25089,1.2508000000000001,1,1
12.08.2021 00:55:48.506,1.2509000000000001,1.2508000000000001,1,1
12.08.2021 00:55:49.517,1.25094,1.25085,1,1
12.08.2021 00:55:53.618,1.25096,1.25084,1,1.69
12.08.2021 00:55:59.003,1.25094,1.25084,1,2.12
12.08.2021 00:55:59.315,1.25094,1.2508299999999999,1,2.12
12.08.2021 00:55:59.712,1.25095,1.25084,1,1.25
12.08.2021 00:56:00.323,1.25096,1.25084,1,1.69
12.08.2021 00:56:31.911,1.25096,1.25085,1,1
12.08.2021 00:56:40.390,1.25096,1.25086,1,2.44
12.08.2021 00:56:58.625,1.25095,1.25086,1,1.87
12.08.2021 00:57:04.975,1.25095,1.25085,1,1.5
12.08.2021 00:57:05.110,1.25094,1.25085,1,1.87
12.08.2021 00:57:05.211,1.25093,1.2508299999999999,1,1
12.08.2021 00:57:05.313,1.25092,1.25082,1,2
12.08.2021 00:57:05.414,1.25092,1.25082,1,1.12
12.08.2021 00:57:09.233,1.25093,1.2508000000000001,1,1.87
12.08.2021 00:57:21.687,1.25095,1.25084,1,1
12.08.2021 00:57:21.789,1.25095,1.25085,1,1.12
12.08.2021 00:57:37.218,1.25095,1.25086,1,1
12.08.2021 00:57:38.980,1.25096,1.25084,1,2.81
12.08.2021 00:57:57.431,1.25096,1.25085,1,2.62
12.08.2021 00:57:57.555,1.2509700000000001,1.25086,1,1
12.08.2021 00:57:57.842,1.25096,1.25085,1,2.62
12.08.2021 00:58:01.956,1.2509700000000001,1.25086,1,1
12.08.2021 00:58:11.865,1.25099,1.25089,1,4.12
12.08.2021 00:58:11.916,1.25103,1.2509100000000002,1,3
12.08.2021 00:58:12.017,1.25104,1.25092,1,2.81
12.08.2021 00:58:12.403,1.25103,1.25094,1,1
12.08.2021 00:58:12.504,1.25104,1.25094,1,3.37
12.08.2021 00:58:23.098,1.25105,1.25095,1,1.25
12.08.2021 00:58:28.098,1.25105,1.25096,1,1
12.08.2021 00:58:34.028,1.2511200000000002,1.2510000000000001,1.57,1
12.08.2021 00:58:34.129,1.2511200000000002,1.2510100000000002,1.1,1
12.08.2021 00:58:40.580,1.2511200000000002,1.2510200000000002,1.1,1.5
12.08.2021 00:58:45.163,1.2511200000000002,1.2510100000000002,1,1.5
12.08.2021 00:58:57.676,1.25113,1.2510100000000002,1,2.25
12.08.2021 00:58:59.523,1.2511200000000002,1.2510000000000001,1,2.44
12.08.2021 00:59:07.827,1.2511200000000002,1.2510100000000002,1,1.5
12.08.2021 00:59:16.874,1.25118,1.2510700000000001,1,1.5
12.08.2021 00:59:17.128,1.2511700000000001,1.25106,1,1
12.08.2021 00:59:30.242,1.25116,1.25104,1.1,1.5
12.08.2021 00:59:36.227,1.25114,1.25105,1,1
12.08.2021 00:59:43.880,1.25118,1.25106,1.5,1.5
12.08.2021 00:59:43.984,1.25119,1.2510700000000001,1,1.5
12.08.2021 00:59:45.671,1.2512100000000002,1.25109,1,2.81
12.08.2021 00:59:45.772,1.2512100000000002,1.2511,1,1
12.08.2021 00:59:46.142,1.2512,1.2511200000000002,1,1
12.08.2021 00:59:46.243,1.2512200000000002,1.2511100000000002,1,1
12.08.2021 00:59:46.705,1.2512100000000002,1.2511100000000002,1,1.12
12.08.2021 00:59:50.480,1.2512100000000002,1.25109,1,1.5
12.08.2021 00:59:55.325,1.2512,1.25109,1,1
12.08.2021 00:59:55.731,1.25119,1.25109,1,1
12.08.2021 01:00:00.206,1.2512,1.25109,1,1
12.08.2021 01:00:00.353,1.2512,1.25108,1,2.25
12.08.2021 01:00:00.966,1.25119,1.25108,1,1.5
12.08.2021 01:00:01.383,1.25118,1.2510700000000001,1,1
12.08.2021 01:00:01.585,1.25118,1.25106,1,1.5
12.08.2021 01:00:03.508,1.25119,1.2510700000000001,1,1.5
12.08.2021 01:00:03.760,1.25118,1.25109,1,1
12.08.2021 01:00:03.962,1.25118,1.25108,1,1.5
12.08.2021 01:00:04.063,1.25119,1.25108,1,1
12.08.2021 01:00:04.265,1.25119,1.2510700000000001,1,1.5
12.08.2021 01:00:05.716,1.2511700000000001,1.2510700000000001,1,1.5
12.08.2021 01:00:06.536,1.2511700000000001,1.25104,1,1.87
12.08.2021 01:00:06.738,1.2511200000000002,1.25103,1,1.25
12.08.2021 01:00:06.840,1.25114,1.25103,1,1.5
12.08.2021 01:00:07.844,1.25114,1.25104,1,2.25
12.08.2021 01:00:08.096,1.25113,1.25104,1,1
12.08.2021 01:00:08.299,1.25113,1.25103,1,1.5
12.08.2021 01:00:09.046,1.2511200000000002,1.25103,1,1
12.08.2021 01:00:09.616,1.25109,1.2510100000000002,1,1
12.08.2021 01:00:09.718,1.25105,1.25095,1,2.25
12.08.2021 01:00:09.819,1.25105,1.25094,1,1.5
12.08.2021 01:00:10.071,1.25105,1.25095,1,1
12.08.2021 01:00:10.223,1.25105,1.25094,1,1
12.08.2021 01:00:10.526,1.25104,1.25096,1,1
12.08.2021 01:00:10.779,1.25103,1.25095,1,1.5
12.08.2021 01:00:17.965,1.25105,1.25094,1,1
12.08.2021 01:00:21.085,1.25105,1.25093,1,2.25
12.08.2021 01:00:28.054,1.25104,1.25095,1,1
12.08.2021 01:00:36.064,1.25105,1.25093,1,2.25
12.08.2021 01:00:36.166,1.2510000000000001,1.2509000000000001,1,1
12.08.2021 01:00:36.267,1.25098,1.2509000000000001,1,1.2
12.08.2021 01:00:36.369,1.25098,1.25089,1,1
12.08.2021 01:00:36.470,1.25098,1.25086,1,3
12.08.2021 01:00:36.572,1.2509700000000001,1.25086,1,1.5
12.08.2021 01:00:49.130,1.25095,1.25084,1,1
12.08.2021 01:00:49.232,1.25093,1.25084,1,1.5
12.08.2021 01:00:50.113,1.25094,1.25086,1,1
12.08.2021 01:00:50.214,1.25096,1.25085,1,1
12.08.2021 01:00:52.003,1.25098,1.25086,1,2.81
12.08.2021 01:00:52.104,1.2509700000000001,1.25088,1,1
12.08.2021 01:01:08.508,1.25096,1.2508700000000001,1.1,1
12.08.2021 01:01:13.655,1.25098,1.25086,1.1,1.5
12.08.2021 01:01:16.094,1.2509700000000001,1.25088,1.1,1
12.08.2021 01:01:17.423,1.2510000000000001,1.25089,1.57,1.12
12.08.2021 01:01:17.524,1.25104,1.25094,1,1
12.08.2021 01:01:17.626,1.25105,1.25094,1.1,1
12.08.2021 01:01:23.765,1.25105,1.25094,1.1,1
12.08.2021 01:01:27.505,1.25105,1.25094,1.1,1
12.08.2021 01:01:28.687,1.25105,1.25095,1,1
12.08.2021 01:01:28.738,1.2510700000000001,1.25096,1.1,2.25
12.08.2021 01:01:28.991,1.25106,1.25094,1.1,3.12
12.08.2021 01:01:33.021,1.2510700000000001,1.25098,1.1,1
12.08.2021 01:01:33.123,1.25109,1.25098,1.1,1.5
12.08.2021 01:01:33.224,1.25108,1.25098,1.1,3.19
12.08.2021 01:01:34.677,1.25106,1.25098,1.1,1
12.08.2021 01:01:34.785,1.2510700000000001,1.25096,1.1,2.25
12.08.2021 01:01:34.886,1.25106,1.25095,1.1,1
12.08.2021 01:01:38.142,1.25109,1.25099,1.1,1
12.08.2021 01:01:38.243,1.25109,1.25099,1.1,1.5
12.08.2021 01:01:38.344,1.2510700000000001,1.2509700000000001,1,1.5
12.08.2021 01:01:38.478,1.25105,1.25096,1.1,2.44
12.08.2021 01:01:52.740,1.2511100000000002,1.2510000000000001,1,1
12.08.2021 01:01:52.841,1.25113,1.2510100000000002,1.1,1.5
12.08.2021 01:02:20.045,1.25113,1.2510200000000002,1,1
12.08.2021 01:02:21.452,1.2511200000000002,1.2510100000000002,1,1.5
12.08.2021 01:02:24.124,1.2511,1.2510200000000002,1,1
12.08.2021 01:02:28.825,1.2511200000000002,1.2510100000000002,1,1.5
12.08.2021 01:02:30.025,1.2511200000000002,1.2510200000000002,1,1
12.08.2021 01:02:30.126,1.2511200000000002,1.2510100000000002,1,1.5
12.08.2021 01:02:31.014,1.2511200000000002,1.2510200000000002,1,1
12.08.2021 01:02:33.626,1.2511200000000002,1.25103,1,1.5
12.08.2021 01:02:54.521,1.2511200000000002,1.2510200000000002,1,1.5
12.08.2021 01:02:56.951,1.25113,1.2510200000000002,1,1
12.08.2021 01:03:03.765,1.2511200000000002,1.2510200000000002,1.1,1.5
12.08.2021 01:03:03.867,1.2511200000000002,1.2510000000000001,1,1.5
12.08.2021 01:03:06.689,1.2511100000000002,1.2510200000000002,1,1
12.08.2021 01:03:06.790,1.2511100000000002,1.2510100000000002,1,1.5
12.08.2021 01:03:07.022,1.2511200000000002,1.2510100000000002,1,1
12.08.2021 01:03:07.173,1.2511200000000002,1.2510000000000001,1,1.5
12.08.2021 01:03:07.539,1.25113,1.2510100000000002,1.1,1
12.08.2021 01:03:08.095,1.25114,1.2510200000000002,1.6,1
12.08.2021 01:03:10.201,1.25113,1.25103,1.57,1
12.08.2021 01:03:10.302,1.25113,1.25104,1.57,1
12.08.2021 01:03:39.914,1.25114,1.2510200000000002,1.57,1
12.08.2021 01:03:40.158,1.25113,1.25104,1.5,1
12.08.2021 01:03:41.598,1.2512,1.25108,2.05,1.5
12.08.2021 01:03:41.699,1.2512200000000002,1.2511,2.35,1
12.08.2021 01:03:41.800,1.2512100000000002,1.2511100000000002,1.57,1
12.08.2021 01:03:41.902,1.25123,1.2511100000000002,1.57,1
12.08.2021 01:03:45.525,1.2512200000000002,1.2511200000000002,1.6,1
12.08.2021 01:03:53.754,1.2512100000000002,1.2511100000000002,1,1
12.08.2021 01:03:53.805,1.25118,1.25109,1.57,1.5
12.08.2021 01:03:53.957,1.25119,1.25109,1.57,1
12.08.2021 01:04:00.017,1.25119,1.25108,1,1
12.08.2021 01:04:01.906,1.2512,1.25108,1.57,1
12.08.2021 01:04:01.956,1.2512100000000002,1.2511,1.1,1
12.08.2021 01:04:03.086,1.2512,1.2511,1.57,1
12.08.2021 01:04:03.397,1.2512,1.2511100000000002,1.1,1
12.08.2021 01:04:04.954,1.2512100000000002,1.25109,1.6,1
12.08.2021 01:04:05.056,1.25116,1.25106,1.57,1
12.08.2021 01:04:10.493,1.2511700000000001,1.25106,1.1,1.5
12.08.2021 01:04:10.578,1.25118,1.25109,1.1,1
12.08.2021 01:04:11.645,1.2512,1.2511,1.1,1.5
12.08.2021 01:04:14.032,1.2512100000000002,1.2511100000000002,1.97,1
12.08.2021 01:04:16.022,1.2512100000000002,1.25109,1.1,1.5
12.08.2021 01:04:16.124,1.2512,1.2511,1,1.5
12.08.2021 01:04:20.522,1.2512,1.25108,1.57,1
12.08.2021 01:04:20.624,1.25118,1.25109,1.1,1
12.08.2021 01:04:24.387,1.25119,1.2510700000000001,1.1,1
12.08.2021 01:04:24.488,1.25118,1.25109,1.1,1
12.08.2021 01:04:25.783,1.25116,1.25105,1.1,1
12.08.2021 01:04:25.916,1.25116,1.25104,1.1,1.5
12.08.2021 01:04:26.017,1.25113,1.25104,1,1
12.08.2021 01:04:26.168,1.2511100000000002,1.25099,1.57,1
12.08.2021 01:04:26.219,1.25113,1.2510100000000002,1.6,1
12.08.2021 01:04:26.320,1.25108,1.2509700000000001,1.57,1
12.08.2021 01:04:28.116,1.2510700000000001,1.25095,1.57,1
12.08.2021 01:04:28.217,1.2510700000000001,1.25095,1.6,1
12.08.2021 01:04:28.439,1.2510700000000001,1.25095,1.1,1
12.08.2021 01:04:28.540,1.25108,1.2509700000000001,1.1,1
12.08.2021 01:04:31.649,1.2511100000000002,1.2510000000000001,1.1,1
12.08.2021 01:04:31.801,1.2511100000000002,1.25099,1.1,1
12.08.2021 01:04:32.054,1.25108,1.25096,1,1.5
12.08.2021 01:04:32.255,1.25108,1.25096,1.6,1
12.08.2021 01:04:32.407,1.2511100000000002,1.25099,1.1,1.5
12.08.2021 01:04:32.508,1.25113,1.2510100000000002,1.6,1
12.08.2021 01:04:32.665,1.25114,1.2510200000000002,1.6,1
12.08.2021 01:04:32.968,1.25113,1.2510100000000002,1.1,1.5
12.08.2021 01:04:43.770,1.25113,1.25103,1.6,1
12.08.2021 01:04:45.390,1.2511200000000002,1.2510200000000002,1.57,1
12.08.2021 01:04:48.529,1.25113,1.25103,1.6,1
12.08.2021 01:04:50.742,1.25113,1.2510100000000002,1.1,1.5
12.08.2021 01:04:51.454,1.2511200000000002,1.2510100000000002,1,1.5
12.08.2021 01:04:53.122,1.2511200000000002,1.2510000000000001,1.57,1
12.08.2021 01:04:54.147,1.2511100000000002,1.2510000000000001,1,1
12.08.2021 01:04:56.031,1.2511100000000002,1.2510100000000002,1.57,1
12.08.2021 01:04:58.237,1.2511100000000002,1.25099,1,1.5
12.08.2021 01:04:59.109,1.25113,1.2510100000000002,1.1,1.5
12.08.2021 01:05:10.532,1.25113,1.2510200000000002,1,1
12.08.2021 01:05:11.543,1.2511200000000002,1.2510100000000002,1,1
12.08.2021 01:05:14.731,1.25113,1.2510100000000002,1,1.5
12.08.2021 01:05:14.832,1.25113,1.2510200000000002,1,1
12.08.2021 01:05:18.080,1.25114,1.2510200000000002,1,1.5
12.08.2021 01:05:18.231,1.25115,1.25105,1,2.25
12.08.2021 01:05:18.332,1.2512100000000002,1.25109,2.25,1
12.08.2021 01:05:22.593,1.2512,1.25109,1,1
12.08.2021 01:05:22.694,1.2512,1.25108,1,1.5
12.08.2021 01:05:25.953,1.2512100000000002,1.25109,1,1.5
12.08.2021 01:05:29.524,1.2512200000000002,1.2511,1.57,1
12.08.2021 01:05:29.955,1.2512400000000001,1.25114,1,1.5
12.08.2021 01:05:30.057,1.25128,1.25116,1,1.5
12.08.2021 01:05:30.375,1.25127,1.25116,1,1.5
12.08.2021 01:05:30.782,1.25127,1.25115,1.1,1
12.08.2021 01:05:30.883,1.25125,1.25113,1,1.5
12.08.2021 01:05:35.037,1.25125,1.25115,1.1,1
12.08.2021 01:05:38.246,1.25125,1.25113,1,1.5
12.08.2021 01:05:40.566,1.25123,1.2511100000000002,1,1
12.08.2021 01:05:40.671,1.2512100000000002,1.2511100000000002,1,1.5
12.08.2021 01:05:42.514,1.2512100000000002,1.2511,1,1.5
12.08.2021 01:05:45.963,1.2512100000000002,1.2511100000000002,1,1.5
12.08.2021 01:05:51.189,1.2512100000000002,1.2511,1,1
12.08.2021 01:05:59.058,1.2512100000000002,1.2511100000000002,1.1,1.5
12.08.2021 01:06:02.030,1.2512100000000002,1.2511,1,1
12.08.2021 01:06:03.055,1.2512400000000001,1.2511200000000002,1,1
12.08.2021 01:06:03.167,1.25125,1.25113,1,1.5
12.08.2021 01:06:06.238,1.25126,1.25114,1.1,1
12.08.2021 01:06:07.340,1.25129,1.2511700000000001,1.95,1
12.08.2021 01:06:08.322,1.2513,1.25118,1.6,1
12.08.2021 01:06:10.375,1.25128,1.25118,1.12,1.5
12.08.2021 01:06:14.300,1.2513,1.25118,1.6,1
12.08.2021 01:06:15.188,1.2513,1.25118,1.2,1
12.08.2021 01:06:16.352,1.2513,1.25118,1.22,1
12.08.2021 01:06:16.561,1.25129,1.2511700000000001,1.1,1.5
12.08.2021 01:06:25.598,1.25129,1.2512,1.1,1
12.08.2021 01:06:26.740,1.2513,1.25119,1.1,1
12.08.2021 01:06:30.217,1.25129,1.2512,1.1,1
12.08.2021 01:06:41.577,1.2513200000000002,1.2512,1.1,1
12.08.2021 01:06:46.323,1.2513,1.25118,1.1,1.5
12.08.2021 01:06:50.921,1.25128,1.25119,1,1
12.08.2021 01:06:56.639,1.25129,1.2511700000000001,1.1,1
12.08.2021 01:06:57.307,1.25127,1.2511700000000001,1.1,1
12.08.2021 01:06:57.358,1.25127,1.25115,1.1,1.5
12.08.2021 01:06:58.505,1.25127,1.25115,1.1,1
12.08.2021 01:06:58.606,1.25126,1.25114,1.1,1
12.08.2021 01:07:00.776,1.2512400000000001,1.25113,1.1,1
12.08.2021 01:07:02.770,1.25123,1.2511100000000002,1.1,1
12.08.2021 01:07:03.126,1.25123,1.2511200000000002,1.1,1
12.08.2021 01:07:04.165,1.25123,1.2511100000000002,1.1,1.5
12.08.2021 01:07:07.035,1.25127,1.25115,1.1,1.5
12.08.2021 01:07:07.136,1.25128,1.2511700000000001,1.1,1
12.08.2021 01:07:09.506,1.25129,1.25118,1.1,1
12.08.2021 01:07:17.926,1.25129,1.2511700000000001,1.1,1.5
12.08.2021 01:07:18.728,1.25129,1.2511700000000001,1.1,1.5
12.08.2021 01:07:19.255,1.25128,1.25119,1.1,1
12.08.2021 01:07:19.356,1.2513,1.25118,1.1,1.5
12.08.2021 01:07:19.457,1.2513,1.25119,1.1,1
12.08.2021 01:07:19.835,1.2513,1.25118,1.1,1.5
12.08.2021 01:07:19.987,1.25129,1.25118,1.1,1
12.08.2021 01:07:21.725,1.25129,1.2511700000000001,1.1,1
12.08.2021 01:07:21.877,1.25129,1.2511700000000001,1.1,1.5
12.08.2021 01:07:21.978,1.25128,1.25119,1.1,1
12.08.2021 01:07:22.180,1.25129,1.25118,1.1,1
12.08.2021 01:07:22.355,1.25129,1.25118,1.1,1
12.08.2021 01:07:22.986,1.25128,1.25119,1.1,1
12.08.2021 01:07:24.275,1.25128,1.25119,1.1,1
12.08.2021 01:07:24.981,1.25127,1.25115,1.1,1
12.08.2021 01:07:25.083,1.25125,1.25115,1.1,1
12.08.2021 01:07:26.038,1.25125,1.25114,1.1,1.5
12.08.2021 01:07:26.398,1.25126,1.25113,1.1,1.5
12.08.2021 01:07:50.236,1.25123,1.2511100000000002,1,1
12.08.2021 01:07:50.338,1.2512400000000001,1.25113,1,1
12.08.2021 01:07:52.280,1.25128,1.25118,1,1
12.08.2021 01:07:52.381,1.25129,1.25119,1,1
12.08.2021 01:07:55.974,1.25128,1.25118,1,1
12.08.2021 01:07:58.058,1.2513,1.2511700000000001,1.2,1.5
12.08.2021 01:07:58.415,1.25128,1.25118,1,1.5
12.08.2021 01:07:59.679,1.2513,1.25118,1.12,1.5
12.08.2021 01:08:00.082,1.2513,1.2512,1,1.5
12.08.2021 01:08:00.187,1.2513,1.2512100000000002,1,1
12.08.2021 01:08:03.699,1.2513200000000002,1.2512,1.12,1
12.08.2021 01:08:12.597,1.2513,1.25119,1,1
12.08.2021 01:08:12.915,1.2513,1.2512100000000002,1,1
12.08.2021 01:08:13.017,1.2513100000000001,1.2512100000000002,1,1
12.08.2021 01:08:14.071,1.25133,1.2512,1.2,1.5
12.08.2021 01:08:14.264,1.2513200000000002,1.2512,1,1.5
12.08.2021 01:08:31.965,1.25137,1.25125,1.95,1
12.08.2021 01:08:32.066,1.25138,1.25125,1.27,1.5
12.08.2021 01:08:33.532,1.2514,1.25128,1.1,1.5
12.08.2021 01:08:33.633,1.2514200000000002,1.2513100000000001,1.27,1.5
12.08.2021 01:08:33.735,1.25144,1.2513200000000002,1.1,1.5
12.08.2021 01:08:33.836,1.25144,1.25133,1,1
12.08.2021 01:08:33.937,1.25143,1.25133,1,1.5
12.08.2021 01:08:34.427,1.25145,1.2513200000000002,1.1,1.5
12.08.2021 01:08:42.325,1.25145,1.25133,1,1.5
12.08.2021 01:08:46.597,1.25145,1.2513200000000002,1.1,1.5
12.08.2021 01:08:46.698,1.25145,1.2513200000000002,1.1,1.5
12.08.2021 01:08:47.265,1.2514200000000002,1.2513200000000002,1.1,1
12.08.2021 01:08:47.366,1.2514200000000002,1.2513,1.1,1
12.08.2021 01:08:48.268,1.2514100000000001,1.25129,1,1
12.08.2021 01:08:48.629,1.2514200000000002,1.25129,1.1,1
12.08.2021 01:08:49.308,1.2514,1.2513,1.1,1
12.08.2021 01:08:51.795,1.25138,1.25126,1,1.12
12.08.2021 01:08:52.451,1.25139,1.25127,1.1,1.5
12.08.2021 01:08:52.552,1.25139,1.25128,1.2,1.5
12.08.2021 01:08:59.625,1.25139,1.25127,1.1,1.5
12.08.2021 01:09:02.718,1.25145,1.25133,1.22,1
12.08.2021 01:09:02.820,1.25145,1.25133,1,1
12.08.2021 01:09:07.126,1.25143,1.2513,1.1,1.5
12.08.2021 01:09:07.227,1.2514200000000002,1.2513,1,1
12.08.2021 01:09:11.746,1.25144,1.2513400000000001,1.1,1
12.08.2021 01:09:12.349,1.25145,1.25133,1.1,1
12.08.2021 01:09:16.059,1.25145,1.2513200000000002,1.1,1.5
12.08.2021 01:09:16.629,1.25145,1.25133,1.1,1.5
12.08.2021 01:09:19.777,1.25145,1.2513200000000002,1.1,1.5
12.08.2021 01:09:19.880,1.25145,1.2513200000000002,1.1,1.5
12.08.2021 01:09:20.191,1.25144,1.2513100000000001,1.1,1.5
12.08.2021 01:09:20.292,1.25144,1.2513100000000001,1.1,1
12.08.2021 01:09:20.555,1.25145,1.25133,1.1,1
12.08.2021 01:09:20.807,1.25145,1.2513200000000002,1.1,1.5
12.08.2021 01:09:21.184,1.25144,1.2513400000000001,1.1,1
12.08.2021 01:09:22.131,1.25145,1.2513200000000002,1.1,1.5
12.08.2021 01:09:22.739,1.25145,1.25133,1.1,1
12.08.2021 01:09:29.331,1.25145,1.2513200000000002,1.79,1
12.08.2021 01:09:29.433,1.25144,1.2513100000000001,2.85,1.5
12.08.2021 01:09:29.535,1.25143,1.2513200000000002,2.85,1.5
12.08.2021 01:09:40.022,1.25145,1.25133,1.6,1
12.08.2021 01:09:40.123,1.25144,1.2513400000000001,1.1,1
12.08.2021 01:09:42.097,1.25144,1.2513200000000002,1.1,1
12.08.2021 01:09:42.198,1.25143,1.2513,1.22,1.5
12.08.2021 01:09:59.784,1.25138,1.25126,1,1
12.08.2021 01:10:04.005,1.25138,1.25125,1.57,1.5
12.08.2021 01:10:06.179,1.25138,1.25125,2.72,1.5
12.08.2021 01:10:14.099,1.25135,1.25126,1.22,1
12.08.2021 01:10:14.150,1.25135,1.2512200000000002,2.07,1.5
12.08.2021 01:10:14.201,1.2513100000000001,1.2512100000000002,1.5,1
12.08.2021 01:10:14.302,1.2513100000000001,1.25119,1.5,1
12.08.2021 01:10:20.568,1.2513100000000001,1.25118,1.57,1.5
12.08.2021 01:10:22.020,1.2513,1.2511700000000001,1.57,1.5
12.08.2021 01:10:27.189,1.2513,1.25118,1.5,1
12.08.2021 01:11:30.286,1.25129,1.2511700000000001,1,1.5
12.08.2021 01:11:37.956,1.25129,1.25119,1.57,1
12.08.2021 01:11:57.606,1.2513,1.2512,1.12,1.5
12.08.2021 01:12:04.574,1.2513100000000001,1.2512,1,1
12.08.2021 01:12:14.044,1.2513100000000001,1.25119,1.5,1
12.08.2021 01:12:14.785,1.2513,1.25118,1,1.5
12.08.2021 01:12:14.937,1.2513100000000001,1.25118,1.57,1.5
12.08.2021 01:12:28.241,1.2513200000000002,1.25123,1,1
12.08.2021 01:12:28.343,1.25133,1.25123,1.57,1
12.08.2021 01:12:28.444,1.25133,1.2512100000000002,1,1.5
12.08.2021 01:12:28.602,1.25133,1.2512,1,1.5
12.08.2021 01:12:28.854,1.2513100000000001,1.2512100000000002,1,1.5
12.08.2021 01:12:29.621,1.25133,1.2512,1.1,1.5
12.08.2021 01:12:31.592,1.2513400000000001,1.2512400000000001,1.5,1
12.08.2021 01:12:31.693,1.25137,1.2512400000000001,1.57,1.5
12.08.2021 01:12:31.794,1.25136,1.2512400000000001,1.5,1
12.08.2021 01:12:31.896,1.2513200000000002,1.2512200000000002,1,1
12.08.2021 01:12:34.725,1.2513400000000001,1.2512400000000001,1,1.69
12.08.2021 01:12:34.776,1.25139,1.25128,1,1
12.08.2021 01:12:34.877,1.2514200000000002,1.2513,1.57,1
12.08.2021 01:12:34.978,1.2514100000000001,1.25129,1.5,1
12.08.2021 01:12:35.584,1.2514200000000002,1.2513,1,1.5
12.08.2021 01:12:38.985,1.25144,1.2513200000000002,1,1
12.08.2021 01:12:39.086,1.25145,1.2513200000000002,1.1,1.5
12.08.2021 01:12:39.644,1.25145,1.25136,1,1
12.08.2021 01:12:39.695,1.25148,1.25136,1.95,1
12.08.2021 01:12:39.803,1.25147,1.25135,1,1
12.08.2021 01:12:40.118,1.25148,1.25136,1.95,1
12.08.2021 01:12:40.320,1.2515200000000002,1.2514,1.2,1
12.08.2021 01:12:40.472,1.2515100000000001,1.2514,1.57,1.5
12.08.2021 01:12:40.636,1.2515,1.25139,1,1
12.08.2021 01:12:45.705,1.2515,1.25138,1.1,1
12.08.2021 01:12:45.807,1.25148,1.25138,1,1
12.08.2021 01:12:49.584,1.25146,1.25135,1,1
12.08.2021 01:12:49.685,1.25146,1.2513400000000001,1,1
12.08.2021 01:12:51.188,1.25145,1.2513400000000001,1,1
12.08.2021 01:12:53.944,1.25144,1.2513400000000001,1,1.5
12.08.2021 01:12:54.046,1.25144,1.2513200000000002,1,1
12.08.2021 01:12:54.712,1.25143,1.2513400000000001,1,1
12.08.2021 01:12:54.941,1.25145,1.25133,1,1
12.08.2021 01:13:01.636,1.25144,1.2513200000000002,1,1.5
12.08.2021 01:13:01.738,1.25143,1.2513200000000002,1,1
12.08.2021 01:13:02.244,1.25144,1.25133,1,1
12.08.2021 01:13:10.169,1.25144,1.2513400000000001,1,1
12.08.2021 01:13:12.163,1.25143,1.2513400000000001,1,1
12.08.2021 01:13:18.689,1.2514200000000002,1.25133,1,1
12.08.2021 01:13:30.462,1.25143,1.2513400000000001,1,1
12.08.2021 01:13:30.564,1.25144,1.2513400000000001,1,1
12.08.2021 01:13:30.814,1.25144,1.2513200000000002,1,1
12.08.2021 01:13:40.876,1.25143,1.25135,1,1
12.08.2021 01:13:48.462,1.25143,1.2513400000000001,1,1
12.08.2021 01:13:49.090,1.25143,1.25133,1,1
12.08.2021 01:13:52.725,1.25138,1.25127,1,1.57
12.08.2021 01:13:55.919,1.25136,1.25127,1,1
12.08.2021 01:13:57.788,1.25136,1.25126,1,1
12.08.2021 01:13:57.947,1.25137,1.25126,1,1
12.08.2021 01:13:58.222,1.25135,1.25127,1,1
12.08.2021 01:13:58.443,1.25137,1.25126,1,1
12.08.2021 01:14:00.076,1.25136,1.25126,1,1
12.08.2021 01:14:01.646,1.25137,1.25126,1,1
12.08.2021 01:14:01.907,1.25135,1.25127,1,1
12.08.2021 01:14:02.210,1.25136,1.25127,1,1
12.08.2021 01:14:03.306,1.25136,1.25126,1,1
12.08.2021 01:14:03.407,1.25137,1.25126,1,1
12.08.2021 01:14:04.619,1.25136,1.25126,1,1
12.08.2021 01:14:04.771,1.25136,1.25127,1,1
12.08.2021 01:14:04.972,1.25138,1.25126,1,1
12.08.2021 01:14:05.174,1.25137,1.25126,1,1
12.08.2021 01:14:13.589,1.25136,1.25126,1,1
12.08.2021 01:14:28.031,1.2514100000000001,1.25133,1,1
12.08.2021 01:14:28.083,1.25143,1.25135,1,1
12.08.2021 01:14:34.535,1.25147,1.25137,1,1
12.08.2021 01:14:35.769,1.25145,1.25135,1,1
12.08.2021 01:14:35.871,1.25144,1.2513400000000001,1,1
12.08.2021 01:14:35.972,1.25145,1.2513400000000001,1,1
12.08.2021 01:14:38.141,1.25144,1.2513400000000001,1,1
12.08.2021 01:14:38.242,1.2514200000000002,1.25135,1,1
12.08.2021 01:14:38.343,1.25144,1.2513400000000001,1,1
12.08.2021 01:14:38.444,1.25145,1.2513400000000001,1,1
12.08.2021 01:14:39.092,1.25144,1.2513400000000001,1,1
12.08.2021 01:14:44.403,1.25143,1.25136,1,1
12.08.2021 01:14:44.504,1.25145,1.25135,1,1
12.08.2021 01:14:44.606,1.25144,1.2513400000000001,1,1
12.08.2021 01:15:01.857,1.25145,1.2513400000000001,1,1
12.08.2021 01:15:05.363,1.25143,1.25133,1,1
12.08.2021 01:15:05.464,1.2514100000000001,1.25133,1,1
12.08.2021 01:15:05.565,1.2514100000000001,1.2513400000000001,1,1
12.08.2021 01:15:05.667,1.25144,1.25133,1,1
12.08.2021 01:15:08.255,1.25144,1.2513400000000001,1,1.1
12.08.2021 01:15:08.356,1.25145,1.2513400000000001,1,1.1
12.08.2021 01:15:09.540,1.25143,1.2513400000000001,1,1
12.08.2021 01:15:10.422,1.25144,1.2513400000000001,1,1
12.08.2021 01:15:10.524,1.25144,1.25136,1,1
12.08.2021 01:15:15.382,1.25147,1.25135,1,1.1
12.08.2021 01:15:16.607,1.25149,1.25138,1,1
12.08.2021 01:15:17.398,1.2515100000000001,1.2514100000000001,1,1
12.08.2021 01:15:17.499,1.2515100000000001,1.2514,1,1
12.08.2021 01:15:17.751,1.2515100000000001,1.25139,1,1
12.08.2021 01:15:20.921,1.2515,1.2514100000000001,1,1
12.08.2021 01:15:21.664,1.2515,1.2514,1.1,1
12.08.2021 01:15:21.766,1.25149,1.25139,1,1
12.08.2021 01:15:23.302,1.2515,1.25137,1.1,1
12.08.2021 01:15:25.543,1.25149,1.25138,1,1
12.08.2021 01:15:27.596,1.25149,1.25137,1,1
12.08.2021 01:15:27.860,1.25148,1.25137,1,1.57
12.08.2021 01:15:42.892,1.25148,1.25138,1,1
12.08.2021 01:15:54.309,1.25145,1.25136,1,1
12.08.2021 01:15:54.461,1.25146,1.25136,1.2,1
12.08.2021 01:16:01.944,1.25147,1.25135,1.6,1
12.08.2021 01:16:02.401,1.25147,1.2513400000000001,1.6,1.5
12.08.2021 01:16:02.855,1.25148,1.25135,1.97,1
12.08.2021 01:16:04.324,1.2515,1.25139,1,1
12.08.2021 01:16:04.425,1.2515100000000001,1.2514100000000001,1.2,1
12.08.2021 01:16:09.784,1.2515200000000002,1.25139,1.1,1.5
12.08.2021 01:16:10.481,1.2515100000000001,1.25139,1,1.5
12.08.2021 01:16:25.712,1.25149,1.25139,1,1.5
12.08.2021 01:16:25.763,1.25146,1.25136,1.12,1.5
12.08.2021 01:16:25.864,1.25145,1.25136,1,1
12.08.2021 01:16:26.016,1.25145,1.25135,1,1
12.08.2021 01:16:26.218,1.25144,1.2513400000000001,1,1.5
12.08.2021 01:16:26.319,1.25144,1.25133,1,1
12.08.2021 01:16:28.745,1.2514200000000002,1.2513400000000001,1,1
12.08.2021 01:16:31.328,1.2514,1.2513,1.27,1
12.08.2021 01:16:31.379,1.2514,1.25128,1,1.57
12.08.2021 01:16:31.430,1.25136,1.25128,1,1
12.08.2021 01:16:31.531,1.25138,1.25127,1,1
12.08.2021 01:16:32.436,1.25136,1.25128,1,1
12.08.2021 01:16:36.370,1.25136,1.25125,1,1
12.08.2021 01:16:36.572,1.25137,1.25127,1,1
12.08.2021 01:16:36.673,1.25138,1.25127,1,1
12.08.2021 01:16:38.456,1.25137,1.25127,1,1
12.08.2021 01:16:38.608,1.25138,1.25127,1,1
12.08.2021 01:16:41.522,1.25136,1.25127,1,1
12.08.2021 01:16:42.700,1.25137,1.25127,1,1
12.08.2021 01:16:42.954,1.25138,1.25127,1,1
12.08.2021 01:16:51.473,1.25136,1.25127,1,1
12.08.2021 01:17:02.210,1.25138,1.25127,1.2,1.5
12.08.2021 01:17:02.733,1.25137,1.25127,1,1.5
12.08.2021 01:17:02.834,1.2514,1.25129,1,1
12.08.2021 01:17:06.659,1.25143,1.2513,1.57,1
12.08.2021 01:17:06.963,1.2514100000000001,1.2513100000000001,1,1
12.08.2021 01:17:09.717,1.2514100000000001,1.2513,1,1
12.08.2021 01:17:22.689,1.2514,1.25128,1,1.5
12.08.2021 01:17:22.806,1.25137,1.25127,1,1
12.08.2021 01:17:27.200,1.25136,1.25127,1,1
12.08.2021 01:17:30.239,1.2514,1.25129,1,1
12.08.2021 01:17:58.202,1.25137,1.25128,1,1
12.08.2021 01:18:00.184,1.25138,1.25128,1.1,1
12.08.2021 01:18:00.807,1.2514,1.25127,1.1,1.5
12.08.2021 01:18:06.036,1.25143,1.2513100000000001,1,1
12.08.2021 01:18:06.138,1.25145,1.2513400000000001,1,1
12.08.2021 01:18:06.239,1.25145,1.25135,1.2,1
12.08.2021 01:18:06.491,1.25147,1.2513400000000001,1,1.5
12.08.2021 01:18:06.593,1.25146,1.2513400000000001,1,1
12.08.2021 01:18:06.993,1.25147,1.2513400000000001,1.1,1.5
12.08.2021 01:18:08.286,1.25146,1.2513400000000001,1,1
12.08.2021 01:18:10.145,1.25144,1.25135,1,1
12.08.2021 01:18:10.448,1.25144,1.25133,1,1
12.08.2021 01:18:13.105,1.25145,1.2513200000000002,1.57,1.5
12.08.2021 01:18:13.226,1.25143,1.25133,1.1,1
12.08.2021 01:18:13.532,1.25143,1.2513200000000002,1.1,1.5
12.08.2021 01:18:13.633,1.25144,1.2513100000000001,1.1,1.5
12.08.2021 01:18:15.223,1.25145,1.25133,1.1,1
12.08.2021 01:18:17.684,1.25143,1.2513400000000001,1,1
12.08.2021 01:18:18.378,1.25143,1.25133,1,1
12.08.2021 01:18:19.862,1.25145,1.2513200000000002,1.1,1.5
12.08.2021 01:18:20.114,1.25145,1.25133,1.1,1
12.08.2021 01:18:21.375,1.25145,1.2513200000000002,1.57,1.5
12.08.2021 01:18:21.633,1.25144,1.25135,1.1,1
12.08.2021 01:18:30.486,1.25146,1.2513400000000001,1.1,1
12.08.2021 01:18:30.588,1.25147,1.2513400000000001,1.2,1.5
12.08.2021 01:18:32.238,1.25145,1.25135,1,1
12.08.2021 01:18:44.444,1.25144,1.25135,1,1
12.08.2021 01:18:45.000,1.25145,1.25133,1,1
12.08.2021 01:18:51.019,1.25146,1.25133,1.5,1.5
12.08.2021 01:19:03.425,1.25145,1.25133,1,1
12.08.2021 01:19:04.773,1.25143,1.2513400000000001,1,1
12.08.2021 01:19:06.121,1.2514200000000002,1.2513400000000001,1,1
12.08.2021 01:19:06.223,1.2514100000000001,1.2513100000000001,1,1
12.08.2021 01:19:06.426,1.2514200000000002,1.2513100000000001,1,1
12.08.2021 01:19:06.581,1.2514100000000001,1.2513100000000001,1,1
12.08.2021 01:19:07.203,1.2514100000000001,1.2513,1,1
12.08.2021 01:19:07.304,1.25136,1.25127,1,1
12.08.2021 01:19:10.968,1.25138,1.25126,1,1
12.08.2021 01:19:17.513,1.25138,1.25128,1,1
12.08.2021 01:19:23.068,1.25136,1.25126,1,1
12.08.2021 01:19:36.290,1.25135,1.25125,1,1
12.08.2021 01:19:38.963,1.25136,1.25125,1,1
12.08.2021 01:19:41.697,1.25135,1.25125,1,1
12.08.2021 01:19:45.234,1.2513400000000001,1.25123,1,1
12.08.2021 01:19:45.336,1.2513200000000002,1.2512200000000002,1,1
12.08.2021 01:19:47.058,1.2513,1.25123,1,1
12.08.2021 01:19:49.559,1.2513200000000002,1.2512200000000002,1,1
12.08.2021 01:19:52.633,1.25135,1.25125,1,1
12.08.2021 01:19:53.526,1.25135,1.2512400000000001,1,1
12.08.2021 01:19:53.749,1.2513400000000001,1.2512400000000001,1,1
12.08.2021 01:19:54.485,1.2513200000000002,1.2512200000000002,1,1
12.08.2021 01:19:55.009,1.2513100000000001,1.2512200000000002,1,1
12.08.2021 01:20:07.634,1.2513100000000001,1.2512100000000002,1,1
12.08.2021 01:20:07.735,1.2513,1.2512100000000002,1,1
12.08.2021 01:20:08.319,1.2513,1.25119,1,1
12.08.2021 01:20:11.446,1.25128,1.25119,1,1
12.08.2021 01:20:11.547,1.25128,1.25118,1,1
12.08.2021 01:20:31.848,1.25128,1.25119,1,1
12.08.2021 01:20:31.951,1.2513,1.25119,1,1
12.08.2021 01:20:32.052,1.2513,1.2512,1,1.1
12.08.2021 01:20:34.700,1.2513400000000001,1.2512100000000002,1,1.57
12.08.2021 01:20:35.610,1.2513200000000002,1.2512200000000002,1,1
12.08.2021 01:20:40.977,1.25129,1.2512100000000002,1,1
12.08.2021 01:20:41.028,1.25129,1.25118,1,1
12.08.2021 01:20:41.612,1.25127,1.25119,1,1
12.08.2021 01:20:43.045,1.25129,1.25118,1,1
12.08.2021 01:20:49.301,1.25128,1.25118,1,1
12.08.2021 01:20:51.026,1.25128,1.25119,1,1
12.08.2021 01:20:51.445,1.25128,1.25118,1,1
12.08.2021 01:20:55.202,1.25129,1.25118,1,1
12.08.2021 01:20:55.465,1.25128,1.25118,1,1
12.08.2021 01:20:56.673,1.25127,1.25116,1,1
12.08.2021 01:20:56.724,1.25123,1.25113,2.25,1
12.08.2021 01:20:56.775,1.2512200000000002,1.2511100000000002,1,3.26
12.08.2021 01:21:02.159,1.2512200000000002,1.25116,1,1
12.08.2021 01:21:02.209,1.25126,1.25115,1,1
12.08.2021 01:21:02.721,1.25126,1.25114,1,1.1
12.08.2021 01:21:07.149,1.25127,1.25114,1,1.57
12.08.2021 01:21:32.962,1.25128,1.2511700000000001,1,1
12.08.2021 01:21:33.686,1.25128,1.25116,1,1
12.08.2021 01:21:35.168,1.25129,1.2511700000000001,1,1
12.08.2021 01:21:38.325,1.2513,1.2511700000000001,1.57,1.5
12.08.2021 01:21:43.305,1.25128,1.25118,1,1
12.08.2021 01:21:43.733,1.25129,1.25116,1.1,1.5
12.08.2021 01:21:44.844,1.25129,1.25118,1.1,1
12.08.2021 01:21:45.046,1.25129,1.25116,1,1.57
12.08.2021 01:21:57.007,1.25128,1.25115,1.1,1.5
12.08.2021 01:21:57.311,1.25127,1.25115,1,1
12.08.2021 01:21:59.069,1.25127,1.25114,1.1,1.5
12.08.2021 01:22:06.393,1.25125,1.25115,1,1
12.08.2021 01:22:06.444,1.25123,1.2511100000000002,1,1
12.08.2021 01:22:06.545,1.25123,1.2511,1,1.5
12.08.2021 01:22:12.189,1.2512200000000002,1.2511,1,1
12.08.2021 01:22:12.723,1.2512100000000002,1.2511200000000002,1,1
12.08.2021 01:22:12.774,1.25127,1.25115,1,1
12.08.2021 01:22:12.876,1.25127,1.2511700000000001,1,1
12.08.2021 01:22:18.187,1.25128,1.2511700000000001,1,1.5
12.08.2021 01:22:18.316,1.2513,1.25118,1,1
12.08.2021 01:22:20.142,1.25128,1.25119,1,1
12.08.2021 01:22:21.487,1.2513,1.25118,1,1
12.08.2021 01:22:28.795,1.25128,1.25119,1,1
12.08.2021 01:22:30.015,1.25126,1.2511700000000001,1,1
12.08.2021 01:22:30.117,1.25128,1.25116,1,1
12.08.2021 01:22:31.056,1.25127,1.25115,1,1
12.08.2021 01:22:31.158,1.25126,1.25114,1,1
12.08.2021 01:22:31.260,1.2512400000000001,1.25115,1,1
12.08.2021 01:22:31.850,1.2512200000000002,1.2511,1,1
12.08.2021 01:22:32.003,1.2512100000000002,1.2511,1,1.25
12.08.2021 01:22:32.104,1.2512200000000002,1.2511,1,1
12.08.2021 01:22:32.427,1.2512100000000002,1.2511100000000002,1,1.75
12.08.2021 01:22:33.066,1.25128,1.2511700000000001,1,1
12.08.2021 01:22:33.217,1.25128,1.25118,1,1.5
12.08.2021 01:22:34.714,1.25127,1.25116,1,1
12.08.2021 01:22:34.815,1.25129,1.2511700000000001,1,1
12.08.2021 01:22:41.293,1.25127,1.25118,1,1
12.08.2021 01:22:41.445,1.25128,1.25118,1,1
12.08.2021 01:22:45.614,1.25128,1.2511700000000001,1,1
12.08.2021 01:22:49.903,1.25129,1.2511700000000001,1,1
12.08.2021 01:22:52.819,1.25128,1.2511700000000001,1,1
12.08.2021 01:22:53.173,1.25129,1.2511700000000001,1,1
12.08.2021 01:22:53.274,1.25129,1.25118,1,1
12.08.2021 01:23:00.174,1.25128,1.2511700000000001,1,1
12.08.2021 01:23:00.326,1.25126,1.25118,1,1
12.08.2021 01:23:00.478,1.25127,1.25116,1,1
12.08.2021 01:23:01.609,1.25126,1.25116,1,1
12.08.2021 01:23:01.816,1.25125,1.25116,1,1
12.08.2021 01:23:01.867,1.2512200000000002,1.2511200000000002,1,1
12.08.2021 01:23:01.918,1.2512100000000002,1.2511,1,1.25
12.08.2021 01:23:02.071,1.2512100000000002,1.2511100000000002,1,1.25
12.08.2021 01:23:02.172,1.2512100000000002,1.2511,1,1
12.08.2021 01:23:04.204,1.2512,1.2511200000000002,1,1
12.08.2021 01:23:05.182,1.2512400000000001,1.2511100000000002,1.12,1
12.08.2021 01:23:12.238,1.25116,1.25109,1,1
12.08.2021 01:23:14.303,1.2512400000000001,1.2511100000000002,1.12,1
12.08.2021 01:23:15.824,1.25127,1.25116,3.07,1
12.08.2021 01:23:15.925,1.2512200000000002,1.25115,1,1.87
12.08.2021 01:23:16.026,1.2512200000000002,1.25114,1,1.12
12.08.2021 01:23:16.392,1.25127,1.25113,2.35,1
12.08.2021 01:23:16.493,1.25126,1.25114,2.35,1
12.08.2021 01:23:19.490,1.2512400000000001,1.25113,1.6,1
12.08.2021 01:23:19.541,1.2512200000000002,1.2511200000000002,1.1,1
12.08.2021 01:23:19.592,1.25115,1.2511,1,1
12.08.2021 01:23:24.728,1.2511700000000001,1.25109,1,1
12.08.2021 01:23:26.569,1.25116,1.25109,1,1
12.08.2021 01:23:26.620,1.25113,1.25104,1,1.5
12.08.2021 01:23:26.721,1.2511100000000002,1.25105,1,1.25
12.08.2021 01:23:28.362,1.25113,1.25108,1,1
12.08.2021 01:23:31.548,1.25113,1.25104,1,1.5
12.08.2021 01:23:31.599,1.2511100000000002,1.25104,1,1
12.08.2021 01:23:34.472,1.2511100000000002,1.25103,1,1.12
12.08.2021 01:23:34.582,1.2511700000000001,1.25103,1,1.37
12.08.2021 01:23:36.204,1.2511100000000002,1.25103,1,1.12
12.08.2021 01:23:36.849,1.2511,1.25103,1,1
12.08.2021 01:23:36.966,1.2511,1.2510200000000002,1,1.76
12.08.2021 01:23:39.717,1.25108,1.25103,1,1
12.08.2021 01:23:39.768,1.25115,1.2510200000000002,1,1.31
12.08.2021 01:23:43.015,1.25114,1.2510100000000002,1,2.5
12.08.2021 01:23:50.834,1.25108,1.2510100000000002,1,1
12.08.2021 01:23:51.494,1.25113,1.2510200000000002,1,2.12
12.08.2021 01:23:54.187,1.25108,1.2510100000000002,1,1
12.08.2021 01:23:59.417,1.25114,1.2510100000000002,1,2.12
12.08.2021 01:24:02.212,1.25114,1.2510100000000002,1,1.31
12.08.2021 01:24:08.051,1.25108,1.2510100000000002,1,1
12.08.2021 01:24:08.304,1.25113,1.2510200000000002,1,1.75
12.08.2021 01:24:16.569,1.2511100000000002,1.25106,1,1
12.08.2021 01:24:17.417,1.2511100000000002,1.25105,1,2.06
12.08.2021 01:24:19.738,1.25116,1.25103,1.5,1.12
12.08.2021 01:24:19.839,1.25115,1.2510200000000002,1,1.31
12.08.2021 01:24:21.525,1.25116,1.2510200000000002,1,2.12
12.08.2021 01:24:27.856,1.25115,1.25103,1,1.39
12.08.2021 01:24:28.329,1.25116,1.2510200000000002,1,1.35
12.08.2021 01:24:32.579,1.25109,1.25103,1,1.2
12.08.2021 01:24:35.728,1.25115,1.25103,1,1.45
12.08.2021 01:24:36.187,1.2511,1.2510200000000002,1,1.2
12.08.2021 01:24:36.238,1.25115,1.2510200000000002,1,1.25
12.08.2021 01:24:36.339,1.25114,1.2510100000000002,1,1.45
12.08.2021 01:24:36.440,1.25114,1.2510200000000002,1,1.45
12.08.2021 01:24:39.979,1.25114,1.2510100000000002,1,1.37
12.08.2021 01:24:57.235,1.25108,1.2510100000000002,1,1
12.08.2021 01:24:59.218,1.25114,1.2510100000000002,1,1.45
12.08.2021 01:25:02.232,1.2511,1.25104,1,1.31
12.08.2021 01:25:02.283,1.25118,1.25105,1.6,2.25
12.08.2021 01:25:02.334,1.25116,1.25108,1,1
12.08.2021 01:25:02.789,1.25116,1.2510700000000001,1,1.1
12.08.2021 01:25:02.942,1.25115,1.2510700000000001,1,1.1
12.08.2021 01:25:05.259,1.25115,1.25106,1,1
12.08.2021 01:25:14.004,1.25116,1.25108,1,1
12.08.2021 01:25:14.421,1.25114,1.25109,1,1
12.08.2021 01:25:16.430,1.25114,1.2510700000000001,1,1
12.08.2021 01:25:16.531,1.25116,1.25105,2.7,1
12.08.2021 01:25:16.582,1.2511,1.25103,1,1
12.08.2021 01:25:16.734,1.2511,1.2510200000000002,1,1.01
12.08.2021 01:25:17.090,1.25109,1.2510200000000002,1,1
12.08.2021 01:25:19.826,1.25114,1.25103,1.1,1.25
12.08.2021 01:25:21.364,1.25115,1.2510200000000002,1.22,1
12.08.2021 01:25:21.567,1.25114,1.2510100000000002,1.1,1
12.08.2021 01:25:21.941,1.25113,1.2510000000000001,1,1.95
12.08.2021 01:25:21.992,1.2511,1.25099,1,1.35
12.08.2021 01:25:22.043,1.25109,1.25098,1,1.1
12.08.2021 01:25:22.094,1.25104,1.2509700000000001,1,1
12.08.2021 01:25:22.146,1.2511,1.2509700000000001,1.1,1
12.08.2021 01:25:22.475,1.25108,1.25095,1,1.35
12.08.2021 01:25:23.966,1.25105,1.2509700000000001,1,2.32
12.08.2021 01:25:24.390,1.25105,1.25096,1,1.01
12.08.2021 01:25:28.645,1.25109,1.25096,1,1.35
12.08.2021 01:25:31.641,1.2510700000000001,1.25094,1,1.76
12.08.2021 01:25:31.753,1.25106,1.25094,1,1.01
12.08.2021 01:25:33.183,1.2510200000000002,1.25094,1,2.22
12.08.2021 01:25:33.285,1.2510100000000002,1.25094,1,1.45
12.08.2021 01:25:35.297,1.2510100000000002,1.25094,1,1.01
12.08.2021 01:25:35.863,1.2510100000000002,1.25094,1,2.22
12.08.2021 01:25:36.152,1.25103,1.25093,1,1.01
12.08.2021 01:25:36.303,1.25103,1.25093,1,2.2
12.08.2021 01:25:36.405,1.2510100000000002,1.25094,1,1.45
12.08.2021 01:25:37.510,1.2510000000000001,1.25093,1,1
12.08.2021 01:25:37.611,1.2510000000000001,1.25092,1,1.01
12.08.2021 01:25:40.667,1.2510100000000002,1.25092,1,1
12.08.2021 01:25:43.300,1.2510100000000002,1.25093,1,1.1
12.08.2021 01:25:43.603,1.2510100000000002,1.25092,1,1
12.08.2021 01:25:43.704,1.2510200000000002,1.25092,1,1
12.08.2021 01:25:47.680,1.2510100000000002,1.25092,1,1.1
12.08.2021 01:25:54.522,1.2510100000000002,1.25093,1,1
12.08.2021 01:26:00.146,1.2510200000000002,1.25093,1,1.01
12.08.2021 01:26:00.665,1.25104,1.25092,1,1.01
12.08.2021 01:26:00.889,1.25104,1.25092,1,2.2
12.08.2021 01:26:03.460,1.25104,1.25093,1,1.82
12.08.2021 01:26:06.075,1.25108,1.2509700000000001,1,1.82
12.08.2021 01:26:06.177,1.2510700000000001,1.25096,1,1.5
12.08.2021 01:26:06.278,1.25105,1.25094,1,1.41
12.08.2021 01:26:06.732,1.25105,1.25094,1,1.39
12.08.2021 01:26:11.386,1.25104,1.25093,1,1.85
12.08.2021 01:26:13.663,1.25104,1.25093,1,1.39
12.08.2021 01:26:18.166,1.25103,1.25094,1,1.35
12.08.2021 01:26:20.570,1.25103,1.25093,1,1.01
12.08.2021 01:26:31.726,1.25104,1.25093,1,1.01
12.08.2021 01:26:35.633,1.25103,1.25092,1,1.35
12.08.2021 01:26:37.027,1.2510200000000002,1.25093,1,2.6
12.08.2021 01:26:37.481,1.25103,1.25092,1,1.79
12.08.2021 01:26:39.033,1.2510200000000002,1.25092,1,1.41
12.08.2021 01:26:40.949,1.2510000000000001,1.25093,1,1.22
12.08.2021 01:26:41.050,1.2510100000000002,1.25092,1,1.2
12.08.2021 01:26:42.438,1.25099,1.25089,1,2.54
12.08.2021 01:26:42.567,1.25099,1.2509000000000001,1,1.1
12.08.2021 01:26:42.668,1.2510000000000001,1.2509000000000001,1,1.35
12.08.2021 01:26:47.161,1.2510100000000002,1.25092,1,1.01
12.08.2021 01:26:52.857,1.2510200000000002,1.25092,1,1.01
12.08.2021 01:26:58.030,1.2510200000000002,1.25092,1,1.35
12.08.2021 01:27:04.113,1.2510200000000002,1.25092,1,1.1
12.08.2021 01:27:07.163,1.2510200000000002,1.25092,1,1.35
12.08.2021 01:27:09.193,1.25103,1.25093,1,1.1
12.08.2021 01:27:09.491,1.25103,1.25093,1,1.79
12.08.2021 01:27:09.594,1.2510700000000001,1.25099,1,1.25
12.08.2021 01:27:09.645,1.25108,1.2510100000000002,1,1
12.08.2021 01:27:09.746,1.25109,1.25099,1,1.01
12.08.2021 01:27:09.847,1.2511,1.2510100000000002,1,1
12.08.2021 01:27:29.742,1.25109,1.2510100000000002,1,1.1
12.08.2021 01:27:30.122,1.25106,1.2509700000000001,1,1.5
12.08.2021 01:27:30.173,1.25104,1.25096,1,1.1
12.08.2021 01:27:30.276,1.25103,1.25095,1,1.1
12.08.2021 01:27:30.683,1.25104,1.25093,1,1.2
12.08.2021 01:27:30.734,1.2510200000000002,1.25093,1,1.2
12.08.2021 01:27:33.034,1.25103,1.25094,1,2.57
12.08.2021 01:27:33.236,1.25103,1.25094,1,1.01
12.08.2021 01:27:36.953,1.2510200000000002,1.25095,1,1.25
12.08.2021 01:27:37.502,1.25103,1.25093,1,2.72
12.08.2021 01:27:41.624,1.2510200000000002,1.25096,1,1
12.08.2021 01:27:41.725,1.25109,1.25098,1,1.76
12.08.2021 01:27:41.776,1.25109,1.2510000000000001,1,1
12.08.2021 01:27:41.877,1.25105,1.2509700000000001,1,1.01
12.08.2021 01:27:44.264,1.25105,1.25098,1,1
12.08.2021 01:27:44.466,1.2510700000000001,1.25099,1,1.1
12.08.2021 01:27:45.035,1.25108,1.25099,1,1
12.08.2021 01:27:47.038,1.2511,1.2510000000000001,1,1.01
12.08.2021 01:27:47.290,1.25108,1.2510000000000001,1,1.1
12.08.2021 01:27:51.196,1.2511,1.2510000000000001,1,1.01
12.08.2021 01:28:00.177,1.2511,1.2510000000000001,1,1.85
12.08.2021 01:28:02.712,1.25109,1.2510100000000002,1,1.01
12.08.2021 01:28:13.390,1.25109,1.2510000000000001,1,1.2
12.08.2021 01:28:16.673,1.25109,1.2510100000000002,1,1.1
12.08.2021 01:28:25.004,1.25109,1.2510000000000001,1,1
12.08.2021 01:28:27.382,1.2511,1.2510000000000001,1,1.1
12.08.2021 01:28:41.692,1.2511,1.2510100000000002,1,1.45
12.08.2021 01:28:45.227,1.2511,1.2510200000000002,1,1.01
12.08.2021 01:28:46.054,1.2511,1.2510100000000002,1,1.1
12.08.2021 01:28:46.207,1.25109,1.2510100000000002,1,1
12.08.2021 01:28:51.033,1.2511,1.2510100000000002,1,1
12.08.2021 01:29:00.343,1.2511100000000002,1.2510100000000002,1,1.1
12.08.2021 01:29:01.035,1.2511,1.2510100000000002,1,1
12.08.2021 01:29:05.053,1.2511100000000002,1.2510100000000002,1,1.01
12.08.2021 01:29:11.236,1.2511,1.2510200000000002,1,1.82
12.08.2021 01:29:16.249,1.2511,1.2510200000000002,1,1.39
12.08.2021 01:29:25.511,1.2511100000000002,1.2510000000000001,1,1.76
12.08.2021 01:29:25.612,1.2511,1.2510000000000001,1,1.1
12.08.2021 01:29:27.701,1.2511100000000002,1.2510000000000001,1,1.1
12.08.2021 01:29:37.210,1.2511,1.2510000000000001,1,1.1
12.08.2021 01:29:38.618,1.2511100000000002,1.2510000000000001,1,1.1
12.08.2021 01:29:52.134,1.2511100000000002,1.2510100000000002,1,1.1
12.08.2021 01:29:55.886,1.25109,1.2510100000000002,1,1
12.08.2021 01:29:55.987,1.2511,1.25098,1,1.1
12.08.2021 01:30:00.381,1.2511100000000002,1.2510100000000002,1,1
12.08.2021 01:30:00.908,1.2511100000000002,1.2510200000000002,1,1.75
12.08.2021 01:30:02.046,1.2511200000000002,1.2510100000000002,1,1.69
12.08.2021 01:30:06.210,1.25113,1.2510100000000002,1,1
12.08.2021 01:30:21.195,1.2511100000000002,1.2510100000000002,1,1.1
12.08.2021 01:30:21.412,1.25108,1.25098,1,1
12.08.2021 01:30:21.462,1.2510700000000001,1.25096,1,1
12.08.2021 01:30:21.614,1.2510700000000001,1.25094,1,1.79
12.08.2021 01:30:21.715,1.25106,1.25093,1.5,2.97
12.08.2021 01:30:24.150,1.25106,1.25094,1.5,1.35
12.08.2021 01:30:24.256,1.25106,1.25093,1.5,3.72
12.08.2021 01:30:27.523,1.25104,1.25094,1,1.01
12.08.2021 01:30:28.679,1.25105,1.25092,1.5,1.95
12.08.2021 01:30:28.832,1.25103,1.25092,1,1
12.08.2021 01:30:28.935,1.2510200000000002,1.25094,1,1
12.08.2021 01:30:29.238,1.25104,1.25094,1,1
12.08.2021 01:30:44.450,1.25106,1.25094,1,1.25
12.08.2021 01:30:51.770,1.25104,1.25095,1,1.01
12.08.2021 01:30:58.480,1.25106,1.25094,1,1.01
12.08.2021 01:31:02.435,1.25109,1.25098,1,1
12.08.2021 01:31:02.536,1.25109,1.25099,1,1
12.08.2021 01:31:05.018,1.2511200000000002,1.2510100000000002,1.1,1
12.08.2021 01:31:07.119,1.2511200000000002,1.2510200000000002,1.1,1
12.08.2021 01:31:13.323,1.2511200000000002,1.2510100000000002,1,1
12.08.2021 01:31:15.465,1.25113,1.2510100000000002,1,1
12.08.2021 01:31:15.581,1.25113,1.2510200000000002,1,1
12.08.2021 01:31:19.505,1.25113,1.25103,1,1
12.08.2021 01:31:19.651,1.25113,1.2510200000000002,1.5,1.57
12.08.2021 01:31:22.115,1.25113,1.2510100000000002,1,1.1
12.08.2021 01:31:31.074,1.2511200000000002,1.2510000000000001,1,1.1
12.08.2021 01:31:35.084,1.2511100000000002,1.25099,1,1.1
12.08.2021 01:31:35.387,1.2511,1.25099,1,1
12.08.2021 01:31:35.488,1.2511,1.25098,1,1
12.08.2021 01:31:39.007,1.25109,1.2509700000000001,1,1
12.08.2021 01:31:39.122,1.25105,1.25095,1,1.39
12.08.2021 01:31:39.375,1.25104,1.25094,1,1.85
12.08.2021 01:31:45.302,1.25105,1.25093,1,1.01
12.08.2021 01:31:47.277,1.25104,1.25093,1.5,2.7
12.08.2021 01:31:49.545,1.25104,1.25092,1,1.1
12.08.2021 01:31:51.565,1.25105,1.25092,1.5,1.76
12.08.2021 01:31:52.326,1.25105,1.25092,1.5,3.72
12.08.2021 01:31:54.584,1.25105,1.25094,1,1.1
12.08.2021 01:32:00.234,1.25106,1.25094,1,1.01
12.08.2021 01:32:02.584,1.25106,1.25095,1,1
12.08.2021 01:32:02.686,1.2511,1.25099,1,1
12.08.2021 01:32:02.787,1.25109,1.25099,1,1
12.08.2021 01:32:07.755,1.25109,1.2509700000000001,1,1
12.08.2021 01:32:07.857,1.2510700000000001,1.25095,1,1.1
12.08.2021 01:32:07.958,1.25108,1.25096,1,1
12.08.2021 01:32:09.043,1.2510700000000001,1.25094,1.5,2.16
12.08.2021 01:32:13.331,1.2510700000000001,1.25094,1.5,1.76
12.08.2021 01:32:14.152,1.25106,1.25094,1,1.01
12.08.2021 01:32:14.704,1.25105,1.25094,1.5,1.76
12.08.2021 01:32:19.875,1.25104,1.25092,1,1
12.08.2021 01:32:19.976,1.25104,1.2509100000000002,1.5,1.57
12.08.2021 01:32:20.233,1.25103,1.2509100000000002,1,1
12.08.2021 01:32:22.837,1.25103,1.2509000000000001,1.5,1.57
12.08.2021 01:32:23.752,1.2510200000000002,1.25093,1,1
12.08.2021 01:32:24.558,1.25103,1.25093,1,1.57
12.08.2021 01:32:30.187,1.25104,1.25093,1.5,2.32
12.08.2021 01:32:37.643,1.25105,1.25093,1,1.01
12.08.2021 01:32:37.744,1.25105,1.25093,1,1.35
12.08.2021 01:32:38.689,1.25104,1.25094,1,1.2
12.08.2021 01:32:38.791,1.25105,1.25093,1,1.22
12.08.2021 01:32:42.186,1.25106,1.25093,1.5,2.6
12.08.2021 01:32:46.707,1.25106,1.25094,1,1.82
12.08.2021 01:32:48.143,1.2510700000000001,1.25094,1.5,1.57
12.08.2021 01:32:51.534,1.25105,1.25095,1,1
12.08.2021 01:32:52.970,1.25106,1.25093,1,1.57
12.08.2021 01:32:53.122,1.25105,1.25093,1,1
12.08.2021 01:32:53.325,1.25105,1.25092,1.5,1.1
12.08.2021 01:32:56.024,1.25105,1.25092,1.5,3.66
12.08.2021 01:32:58.492,1.25105,1.25092,1.5,1.57
12.08.2021 01:32:59.527,1.25103,1.25093,1,1.1
12.08.2021 01:33:02.505,1.25104,1.2509100000000002,1,1.95
12.08.2021 01:33:04.446,1.25103,1.2509100000000002,1,1.2
12.08.2021 01:33:05.348,1.25098,1.25089,1,1.76
12.08.2021 01:33:05.601,1.25098,1.25086,1,1.76
12.08.2021 01:33:10.008,1.25098,1.2508700000000001,1,1.01
12.08.2021 01:33:10.380,1.25098,1.25088,1,1
12.08.2021 01:33:10.549,1.2509700000000001,1.25088,1,1.76
12.08.2021 01:33:10.651,1.25098,1.25088,1,1.5
12.08.2021 01:33:12.082,1.25103,1.25093,1,1
12.08.2021 01:33:14.071,1.25103,1.25094,1,1
12.08.2021 01:33:19.984,1.25105,1.25093,1,1.01
12.08.2021 01:33:22.262,1.25105,1.25094,1,1.01
12.08.2021 01:33:26.114,1.25106,1.25094,1,1.01
12.08.2021 01:33:32.393,1.25106,1.25095,1,1
12.08.2021 01:33:32.659,1.25106,1.25096,1,1
12.08.2021 01:33:32.710,1.25108,1.25096,1,1.1
12.08.2021 01:33:32.761,1.2511100000000002,1.2510000000000001,1,1
12.08.2021 01:33:32.862,1.2511200000000002,1.2510000000000001,1,1
12.08.2021 01:33:33.013,1.2511100000000002,1.2510000000000001,1,1.57
12.08.2021 01:33:33.114,1.25109,1.25098,1,2.29
12.08.2021 01:33:38.132,1.25109,1.25098,1,1
12.08.2021 01:33:43.626,1.2510700000000001,1.25095,1,1.1
12.08.2021 01:33:43.728,1.25106,1.25095,1,1.1
12.08.2021 01:33:49.453,1.25105,1.25094,1,1.25
12.08.2021 01:33:51.105,1.25105,1.25095,1,1.25
12.08.2021 01:33:53.586,1.25105,1.25094,1,1.01
12.08.2021 01:33:55.406,1.25105,1.25095,1,1.01
12.08.2021 01:33:59.690,1.25105,1.25093,1,1.01
12.08.2021 01:34:02.831,1.25106,1.25093,1.5,1.01
12.08.2021 01:34:20.377,1.2510700000000001,1.25094,1,3.72
12.08.2021 01:34:20.478,1.2511,1.25098,1,1.1
12.08.2021 01:34:23.114,1.2511100000000002,1.2510100000000002,1,1
12.08.2021 01:34:23.216,1.2511200000000002,1.25099,1.5,1.57
12.08.2021 01:34:24.153,1.25113,1.2510000000000001,1.5,1
12.08.2021 01:34:24.254,1.2511200000000002,1.2510000000000001,1,1
12.08.2021 01:34:24.950,1.2511100000000002,1.2510000000000001,1.5,1.57
12.08.2021 01:34:27.074,1.2511,1.2510000000000001,1,1.1
12.08.2021 01:34:27.175,1.25109,1.25099,1,1
12.08.2021 01:34:31.423,1.2511100000000002,1.2510000000000001,1,1
12.08.2021 01:34:32.006,1.2511,1.2510000000000001,1,1.1
12.08.2021 01:34:32.750,1.2511100000000002,1.2510000000000001,1,1
12.08.2021 01:34:35.816,1.2511,1.2510000000000001,1,1.1
12.08.2021 01:34:37.356,1.2511,1.2510100000000002,1,1
12.08.2021 01:34:37.673,1.2511,1.2510000000000001,1,1.1
12.08.2021 01:34:37.778,1.2511,1.2510100000000002,1,1
12.08.2021 01:34:38.091,1.2511100000000002,1.25099,1,1
12.08.2021 01:34:42.741,1.25105,1.2509700000000001,1,1
12.08.2021 01:34:42.842,1.25105,1.25096,1,1
12.08.2021 01:34:42.943,1.25105,1.25095,1,1
12.08.2021 01:34:44.783,1.25106,1.25093,1.5,1.76
12.08.2021 01:34:48.204,1.25105,1.25093,1,1
12.08.2021 01:34:48.356,1.25104,1.2509100000000002,1.5,3.01
12.08.2021 01:34:51.216,1.25103,1.25092,1.5,2.7
12.08.2021 01:34:52.421,1.25104,1.25092,1,1.1
12.08.2021 01:34:54.901,1.25103,1.25092,1,1.95
12.08.2021 01:34:59.915,1.2510100000000002,1.25088,1.5,2.7
12.08.2021 01:35:00.016,1.2510000000000001,1.25088,1,1.1
12.08.2021 01:35:08.067,1.25098,1.25086,1,1.1
12.08.2021 01:35:13.754,1.2509700000000001,1.2508700000000001,1,1.79
12.08.2021 01:35:22.149,1.25098,1.2508700000000001,1.5,2.97
12.08.2021 01:35:23.501,1.25099,1.25086,1.5,2.51
12.08.2021 01:35:23.602,1.25098,1.25085,1.5,2.7
12.08.2021 01:35:23.703,1.25096,1.25085,1,1
12.08.2021 01:35:23.804,1.25095,1.2508299999999999,1,1.1
12.08.2021 01:35:23.956,1.25094,1.2508100000000002,1.5,2.89
12.08.2021 01:35:24.057,1.25093,1.2508100000000002,1.5,1.1
12.08.2021 01:35:24.158,1.25093,1.2508000000000001,1.5,1.57
12.08.2021 01:35:27.187,1.25092,1.2508000000000001,1,1.1
12.08.2021 01:35:30.224,1.2509000000000001,1.25078,1,1.1
12.08.2021 01:35:30.325,1.25089,1.25079,1,1.57
12.08.2021 01:35:30.733,1.25088,1.25079,1,1.57
12.08.2021 01:35:32.923,1.2509000000000001,1.25078,1,1.1
12.08.2021 01:35:33.227,1.25089,1.25078,1,1.1
12.08.2021 01:35:39.186,1.25089,1.25079,1,1.1
12.08.2021 01:35:39.834,1.25088,1.25079,1,1.1
12.08.2021 01:35:43.145,1.2509100000000002,1.25078,1.5,1.57
12.08.2021 01:35:49.772,1.2509100000000002,1.25079,1,1.57
12.08.2021 01:35:53.191,1.2509000000000001,1.25078,1,1.76
12.08.2021 01:35:53.293,1.2509100000000002,1.25078,1,2.51
12.08.2021 01:35:53.395,1.2509000000000001,1.25079,1,3.29
12.08.2021 01:35:55.965,1.25092,1.2508000000000001,1,1.01
12.08.2021 01:35:59.579,1.2509100000000002,1.2508000000000001,1,1.95
12.08.2021 01:36:00.572,1.2509100000000002,1.25078,1,1.79
12.08.2021 01:36:00.674,1.2509100000000002,1.25078,1,2.51
12.08.2021 01:36:00.775,1.2509000000000001,1.25078,1,1.76
12.08.2021 01:36:00.927,1.2509100000000002,1.25078,1,1.76
12.08.2021 01:36:01.129,1.2509000000000001,1.25078,1,1.76
12.08.2021 01:36:01.281,1.2509000000000001,1.25079,1,1.76
12.08.2021 01:36:03.243,1.2509100000000002,1.25078,1,2.97
12.08.2021 01:36:04.534,1.2509100000000002,1.25078,1,1.76
12.08.2021 01:36:05.212,1.2509100000000002,1.25079,1,1.01
12.08.2021 01:36:08.069,1.2509000000000001,1.2508000000000001,1,1.1
12.08.2021 01:36:12.175,1.2509000000000001,1.2508100000000002,1,1.1
12.08.2021 01:36:15.068,1.25094,1.25086,1,1
12.08.2021 01:36:15.169,1.25096,1.25085,1,1
12.08.2021 01:36:29.974,1.2509700000000001,1.25086,1,1
12.08.2021 01:36:33.001,1.25094,1.25086,1,1
12.08.2021 01:36:35.840,1.25094,1.25084,1,1.97
