Gmt time,Ask,Bid,AskVolume,BidVolume
16.08.2021 00:00:03.133,1.2519,1.2518,1,1
16.08.2021 00:00:03.234,1.25191,1.2518,2.25,1
16.08.2021 00:00:06.828,1.2519,1.25179,1.5,1.1
16.08.2021 00:00:07.657,1.2519,1.25179,1.5,1.1
16.08.2021 00:00:08.213,1.25191,1.25178,1,1.57
16.08.2021 00:00:10.482,1.25187,1.25174,1,2.07
16.08.2021 00:00:10.584,1.2518600000000002,1.25173,1.5,1.97
16.08.2021 00:00:14.501,1.2518600000000002,1.25173,1.5,1.1
16.08.2021 00:00:28.165,1.25184,1.25173,1.5,1.57
16.08.2021 00:00:31.345,1.25183,1.25173,1,1.1
16.08.2021 00:00:37.539,1.2518500000000001,1.25174,1.5,1.1
16.08.2021 00:00:50.214,1.2518500000000001,1.2517200000000002,1.5,1.1
16.08.2021 00:00:50.316,1.25183,1.2517200000000002,1.5,1.12
16.08.2021 00:00:50.417,1.25183,1.2517200000000002,1.5,1.1
16.08.2021 00:00:51.764,1.2518500000000001,1.25173,2.62,1.6
16.08.2021 00:00:52.068,1.2518600000000002,1.25173,1.5,1.1
16.08.2021 00:01:03.259,1.2518500000000001,1.25173,1,1.1
16.08.2021 00:01:03.462,1.2518600000000002,1.25173,1,1.6
16.08.2021 00:01:06.564,1.25184,1.25174,1,1.1
16.08.2021 00:01:06.665,1.2518500000000001,1.25174,1,1.1
16.08.2021 00:01:13.003,1.2518200000000002,1.2517200000000002,1,1.1
16.08.2021 00:01:13.105,1.2518,1.25169,1,1.12
16.08.2021 00:01:13.156,1.2518200000000002,1.25169,1,1.95
16.08.2021 00:01:13.257,1.2518200000000002,1.25169,1,1.6
16.08.2021 00:01:19.044,1.25183,1.25171,1,1.1
16.08.2021 00:01:20.433,1.25183,1.2517200000000002,1,1.57
16.08.2021 00:01:34.335,1.25184,1.25174,1,1
16.08.2021 00:01:44.389,1.2518500000000001,1.2517500000000001,1,1.1
16.08.2021 00:01:45.579,1.2518799999999999,1.25177,1.12,1.76
16.08.2021 00:01:45.681,1.25194,1.25181,1.5,1
16.08.2021 00:01:45.933,1.2519500000000001,1.2518200000000002,1.5,1
16.08.2021 00:01:51.080,1.25193,1.25183,1,1.1
16.08.2021 00:01:51.181,1.25194,1.25183,1.5,1.1
16.08.2021 00:01:59.001,1.2519500000000001,1.2518200000000002,1.5,2.91
16.08.2021 00:01:59.102,1.25199,1.2519,1.5,1
16.08.2021 00:01:59.153,1.25201,1.25189,1,1.1
16.08.2021 00:02:00.183,1.2520200000000001,1.25189,1.5,1.1
16.08.2021 00:02:11.336,1.25205,1.25194,1,1
16.08.2021 00:02:11.387,1.2520700000000002,1.2519500000000001,1.5,1
16.08.2021 00:02:18.885,1.25208,1.2519500000000001,1,1.1
16.08.2021 00:02:36.350,1.25208,1.2519600000000002,1,1.1
16.08.2021 00:02:36.402,1.2521,1.25197,1,1
16.08.2021 00:02:38.202,1.25209,1.25199,1,1
16.08.2021 00:02:43.994,1.25211,1.25198,1.5,1
16.08.2021 00:02:48.200,1.25209,1.2520200000000001,1,1
16.08.2021 00:02:48.251,1.25215,1.25205,1,1
16.08.2021 00:02:48.353,1.2521600000000002,1.2520600000000002,1,1.1
16.08.2021 00:02:48.895,1.25218,1.25205,1.5,1.57
16.08.2021 00:03:10.148,1.2521700000000002,1.25205,1,1.1
16.08.2021 00:03:15.211,1.2521200000000001,1.252,1,1.22
16.08.2021 00:03:15.871,1.25209,1.25201,1,1
16.08.2021 00:03:15.922,1.2521,1.25198,1,1.12
16.08.2021 00:03:17.245,1.25209,1.25198,1,1
16.08.2021 00:03:21.011,1.25211,1.252,1,1.1
16.08.2021 00:03:21.112,1.25211,1.252,1,1.1
16.08.2021 00:03:25.897,1.2521200000000001,1.252,1,1.1
16.08.2021 00:03:26.935,1.25213,1.25201,1,1.1
16.08.2021 00:03:28.361,1.25213,1.25201,1,1.1
16.08.2021 00:03:29.285,1.25215,1.25201,1.5,1.6
16.08.2021 00:03:30.262,1.25215,1.25201,1.5,1.57
16.08.2021 00:03:41.926,1.25214,1.25201,1,1.57
16.08.2021 00:03:58.848,1.2521,1.25199,2.25,3.1
16.08.2021 00:03:58.950,1.2521,1.25198,1,1.57
16.08.2021 00:03:59.256,1.25211,1.25199,1,1
16.08.2021 00:03:59.357,1.25211,1.25198,1,1.1
16.08.2021 00:04:01.173,1.25213,1.252,2.25,1.1
16.08.2021 00:04:01.274,1.25213,1.252,1.5,1.1
16.08.2021 00:04:02.678,1.25214,1.25201,1.5,1.1
16.08.2021 00:04:02.931,1.25211,1.25199,1,1.12
16.08.2021 00:04:03.133,1.2521,1.25199,1.5,1.5
16.08.2021 00:04:05.903,1.25209,1.25198,1,1.57
16.08.2021 00:04:08.233,1.2521,1.25198,1,1
16.08.2021 00:04:08.284,1.25214,1.25201,4.5,1.5
16.08.2021 00:04:08.755,1.25214,1.2520200000000001,1,1
16.08.2021 00:04:10.364,1.2521600000000002,1.25205,1,1
16.08.2021 00:04:10.515,1.2521700000000002,1.2520600000000002,1.5,1
16.08.2021 00:04:11.459,1.25218,1.2520600000000002,1,1
16.08.2021 00:04:13.754,1.25218,1.25205,1,1.1
16.08.2021 00:04:14.542,1.25218,1.2520600000000002,1,1
16.08.2021 00:04:15.619,1.25218,1.25205,1,1.1
16.08.2021 00:04:16.752,1.2521700000000002,1.2520700000000002,1,1
16.08.2021 00:04:22.332,1.25223,1.2521200000000001,1.87,1
16.08.2021 00:04:22.533,1.25224,1.2521200000000001,1,1
16.08.2021 00:04:25.330,1.25218,1.2520600000000002,1,1.5
16.08.2021 00:04:25.532,1.25218,1.2520600000000002,1,1
16.08.2021 00:04:29.356,1.25219,1.2520600000000002,1.12,1.5
16.08.2021 00:04:29.558,1.25218,1.2520600000000002,1,1
16.08.2021 00:04:30.373,1.25219,1.2520600000000002,1.12,1
16.08.2021 00:04:46.849,1.25218,1.25208,1.12,1
16.08.2021 00:04:46.900,1.25223,1.25213,3.65,1
16.08.2021 00:04:47.002,1.25224,1.25214,1,1
16.08.2021 00:04:47.154,1.25223,1.2521200000000001,1,1.5
16.08.2021 00:04:47.710,1.25224,1.25213,1,1
16.08.2021 00:04:54.138,1.25225,1.25213,1.12,1
16.08.2021 00:05:01.096,1.25225,1.25214,1.12,1
16.08.2021 00:05:01.248,1.2522700000000002,1.25215,3.2,1
16.08.2021 00:05:01.349,1.2522700000000002,1.2521700000000002,1,1
16.08.2021 00:05:01.723,1.2522700000000002,1.25215,1,1
16.08.2021 00:05:02.683,1.25223,1.25211,1.5,1.5
16.08.2021 00:05:02.784,1.25223,1.25213,1,1
16.08.2021 00:05:02.886,1.25224,1.25213,1,1
16.08.2021 00:05:08.162,1.2522700000000002,1.25213,2.75,1.5
16.08.2021 00:05:08.263,1.2522600000000002,1.25214,2,1.5
16.08.2021 00:05:08.364,1.2522700000000002,1.25215,2,1
16.08.2021 00:05:08.466,1.2522700000000002,1.2521600000000002,1,1
16.08.2021 00:05:08.792,1.2522600000000002,1.25214,1,1
16.08.2021 00:05:08.944,1.2522700000000002,1.25215,1,1
16.08.2021 00:05:09.234,1.2522600000000002,1.25214,1,1
16.08.2021 00:05:09.386,1.2522700000000002,1.25214,1.5,1.5
16.08.2021 00:05:10.764,1.25225,1.25215,1,1
16.08.2021 00:05:11.073,1.2522700000000002,1.25214,1.5,1.5
16.08.2021 00:05:11.396,1.2522600000000002,1.25214,1,1
16.08.2021 00:05:11.548,1.2522600000000002,1.25215,1,1
16.08.2021 00:05:11.726,1.2522600000000002,1.25214,1,1
16.08.2021 00:05:11.929,1.2522600000000002,1.25215,1,1.5
16.08.2021 00:05:12.688,1.2522600000000002,1.2521700000000002,1,1
16.08.2021 00:05:12.740,1.2522900000000001,1.2521700000000002,1.12,1
16.08.2021 00:05:12.841,1.2523,1.25218,1.1,1.5
16.08.2021 00:05:12.893,1.25231,1.25218,1,1.5
16.08.2021 00:05:12.995,1.25231,1.25219,1,1
16.08.2021 00:05:13.248,1.25231,1.25218,1.5,1.5
16.08.2021 00:05:14.085,1.25231,1.25219,1,1
16.08.2021 00:05:14.187,1.2523,1.25219,1,1.5
16.08.2021 00:05:17.403,1.25225,1.25215,1,1
16.08.2021 00:05:19.939,1.25231,1.25218,5.08,1.5
16.08.2021 00:05:20.040,1.2522700000000002,1.2521600000000002,1,1
16.08.2021 00:05:20.091,1.2522900000000001,1.2521600000000002,3,1
16.08.2021 00:05:20.141,1.2522700000000002,1.25214,1,1.87
16.08.2021 00:05:20.695,1.2523,1.2521700000000002,1.87,1.5
16.08.2021 00:05:22.106,1.25231,1.25218,1,1
16.08.2021 00:05:23.970,1.25231,1.2521700000000002,1.5,1.5
16.08.2021 00:05:30.883,1.25231,1.25218,1.5,1.5
16.08.2021 00:05:35.963,1.2522600000000002,1.25214,1,2
16.08.2021 00:05:36.065,1.25225,1.25215,1.5,1
16.08.2021 00:05:36.268,1.25225,1.25215,1,1
16.08.2021 00:05:36.826,1.25225,1.25214,1,1.57
16.08.2021 00:05:36.927,1.2522900000000001,1.2521600000000002,1.5,1.1
16.08.2021 00:05:37.078,1.2522900000000001,1.2521600000000002,1,1.1
16.08.2021 00:05:44.822,1.25228,1.2521600000000002,1.5,1.57
16.08.2021 00:05:45.423,1.25228,1.25215,1,1.57
16.08.2021 00:06:17.935,1.25228,1.2521600000000002,1,1
16.08.2021 00:06:18.137,1.25228,1.2521700000000002,1.5,1
16.08.2021 00:06:31.695,1.2522900000000001,1.25215,1.5,1.5
16.08.2021 00:06:34.855,1.25228,1.2521700000000002,1.5,1
16.08.2021 00:06:36.898,1.2522700000000002,1.25214,2.25,1
16.08.2021 00:06:37.294,1.25225,1.25214,1.5,1
16.08.2021 00:06:37.395,1.2522600000000002,1.2521200000000001,1.87,1.5
16.08.2021 00:06:37.597,1.25225,1.25214,1.87,1
16.08.2021 00:06:37.699,1.2522600000000002,1.2521200000000001,1.87,1
16.08.2021 00:06:39.404,1.2522600000000002,1.25213,1.87,1
16.08.2021 00:06:40.394,1.2522700000000002,1.25214,1.5,1
16.08.2021 00:06:40.501,1.2522600000000002,1.25215,1,1.1
16.08.2021 00:06:41.738,1.25225,1.25215,1.12,1
16.08.2021 00:06:41.840,1.2522600000000002,1.25213,1.12,1
16.08.2021 00:06:41.941,1.25225,1.25213,1.87,1.5
16.08.2021 00:06:46.026,1.2522600000000002,1.25213,1.12,1
16.08.2021 00:06:46.985,1.2522700000000002,1.25214,1,1
16.08.2021 00:06:49.915,1.25228,1.25214,1.87,1.57
16.08.2021 00:06:52.969,1.25228,1.25215,1,1
16.08.2021 00:06:53.071,1.2522900000000001,1.25215,1,1.57
16.08.2021 00:06:57.586,1.2522900000000001,1.2521700000000002,2.25,1
16.08.2021 00:06:59.576,1.25231,1.2521700000000002,1.12,1
16.08.2021 00:07:00.197,1.25232,1.25218,2.62,1
16.08.2021 00:07:00.966,1.25232,1.25222,1.12,1
16.08.2021 00:07:03.312,1.25234,1.25221,1.12,1.1
16.08.2021 00:07:07.259,1.25235,1.2522700000000002,1,1
16.08.2021 00:07:07.361,1.25238,1.2523,1,1
16.08.2021 00:07:07.462,1.25243,1.2523,1.75,1.5
16.08.2021 00:07:07.563,1.25244,1.25231,2,1.5
16.08.2021 00:07:07.881,1.25243,1.2523,2,1.5
16.08.2021 00:07:08.134,1.25244,1.25231,1.87,1.5
16.08.2021 00:07:09.132,1.25245,1.25231,2.25,1
16.08.2021 00:07:10.483,1.25242,1.2523,1,1.1
16.08.2021 00:07:12.887,1.25241,1.2523,1.12,1.5
16.08.2021 00:07:13.978,1.25241,1.25228,1,1.5
16.08.2021 00:07:15.088,1.25235,1.25225,1,1
16.08.2021 00:07:15.140,1.25238,1.25224,3.56,1.5
16.08.2021 00:07:15.241,1.25238,1.2522600000000002,1.12,1
16.08.2021 00:07:15.663,1.25238,1.2522700000000002,1.12,1
16.08.2021 00:07:19.894,1.2524,1.2522600000000002,1.69,1.5
16.08.2021 00:07:33.260,1.25242,1.2522900000000001,1.12,1
16.08.2021 00:07:34.280,1.25243,1.2522900000000001,1.12,1.57
16.08.2021 00:07:36.090,1.25242,1.25228,1,1.57
16.08.2021 00:07:38.160,1.25241,1.25228,1,1
16.08.2021 00:08:09.139,1.25242,1.2522900000000001,1.12,1
16.08.2021 00:08:15.522,1.25244,1.2523,1.5,1.1
16.08.2021 00:08:15.573,1.25244,1.2523,1.12,1.1
16.08.2021 00:08:25.711,1.25245,1.25232,1.87,1.1
16.08.2021 00:08:31.080,1.2524700000000002,1.25233,1.5,1.1
16.08.2021 00:08:31.282,1.2524700000000002,1.25233,1,1.1
16.08.2021 00:08:32.243,1.2524600000000001,1.25232,1,1.1
16.08.2021 00:08:32.754,1.2524700000000002,1.25233,1,1.1
16.08.2021 00:08:41.329,1.25248,1.25232,2.25,1.6
16.08.2021 00:08:42.052,1.25248,1.2523600000000001,2.62,1
16.08.2021 00:08:47.314,1.2525000000000002,1.2523600000000001,1.5,1.1
16.08.2021 00:08:47.415,1.2525000000000002,1.2523600000000001,1.12,1.1
16.08.2021 00:08:51.160,1.25249,1.25235,1,1.1
16.08.2021 00:08:51.267,1.25248,1.2523600000000001,1.12,1.1
16.08.2021 00:08:56.194,1.25244,1.2523,1.12,1.6
16.08.2021 00:08:56.296,1.25243,1.2522900000000001,1,1.1
16.08.2021 00:08:56.888,1.25245,1.25231,1.87,1.1
16.08.2021 00:08:56.989,1.25244,1.25232,1.12,1.1
16.08.2021 00:09:02.188,1.25245,1.25232,2.62,1.1
16.08.2021 00:09:02.899,1.2524600000000001,1.25233,2,1.1
16.08.2021 00:09:03.669,1.2524700000000002,1.25232,1.12,1.6
16.08.2021 00:09:03.770,1.2524700000000002,1.25235,1.75,1
16.08.2021 00:09:05.384,1.2525000000000002,1.2523600000000001,2,1.1
16.08.2021 00:09:05.485,1.2525000000000002,1.2523600000000001,1.5,1.6
16.08.2021 00:09:05.586,1.2525000000000002,1.2523600000000001,1.12,1.6
16.08.2021 00:09:06.745,1.25249,1.2523700000000002,1.12,1.1
16.08.2021 00:09:12.944,1.25248,1.2523700000000002,1,1.6
16.08.2021 00:09:13.107,1.25249,1.2523600000000001,1,1.57
16.08.2021 00:09:27.733,1.25251,1.2523700000000002,2,1
16.08.2021 00:09:27.835,1.2525000000000002,1.25238,3,1.1
16.08.2021 00:09:27.937,1.2525000000000002,1.2523600000000001,1,1.1
16.08.2021 00:09:28.534,1.25251,1.2523700000000002,1,1.1
16.08.2021 00:09:31.394,1.25249,1.2523700000000002,1,1.1
16.08.2021 00:09:33.431,1.2525000000000002,1.2523600000000001,1,1.1
16.08.2021 00:09:44.532,1.2525000000000002,1.2523600000000001,1,1.6
16.08.2021 00:09:45.606,1.2525000000000002,1.2523600000000001,1.5,1.57
16.08.2021 00:09:55.706,1.2524600000000001,1.2523700000000002,1.25,1.1
16.08.2021 00:09:55.757,1.2524700000000002,1.25233,1,1.57
16.08.2021 00:10:02.294,1.25248,1.25234,1.12,1
16.08.2021 00:10:02.395,1.25245,1.25234,1,1.57
16.08.2021 00:10:02.644,1.25248,1.25234,1.87,1
16.08.2021 00:10:08.410,1.2524700000000002,1.2523600000000001,1,1
16.08.2021 00:10:24.077,1.25252,1.25238,1.75,1.57
16.08.2021 00:10:24.178,1.25253,1.2524,3,1
16.08.2021 00:10:24.279,1.25254,1.2524,3.5,1
16.08.2021 00:10:25.799,1.25254,1.2524,2.62,1
16.08.2021 00:10:34.333,1.25251,1.2524,1,1.1
16.08.2021 00:10:59.524,1.2525000000000002,1.2523700000000002,1,1
16.08.2021 00:11:00.283,1.25249,1.2523600000000001,1,1
16.08.2021 00:11:06.461,1.25248,1.2523600000000001,1,1
16.08.2021 00:11:08.593,1.25249,1.2523600000000001,1.5,1
16.08.2021 00:11:11.791,1.25249,1.2523700000000002,1,1
16.08.2021 00:11:11.892,1.2525000000000002,1.2523700000000002,1,1.1
16.08.2021 00:11:16.059,1.2525000000000002,1.25238,1.5,1.1
16.08.2021 00:11:18.681,1.2525000000000002,1.25238,1.5,1.1
16.08.2021 00:11:19.945,1.25251,1.2523700000000002,1.5,1.1
16.08.2021 00:11:24.514,1.2525000000000002,1.2523900000000001,1,1
16.08.2021 00:11:29.681,1.25249,1.2523900000000001,1,1.1
16.08.2021 00:11:34.849,1.2525000000000002,1.2523900000000001,1,1
16.08.2021 00:11:37.898,1.25251,1.2523900000000001,1,1
16.08.2021 00:11:44.428,1.2525000000000002,1.2523900000000001,1,1.1
16.08.2021 00:11:51.123,1.25252,1.25238,1,1.1
16.08.2021 00:12:02.312,1.25255,1.25242,1.5,1
16.08.2021 00:12:02.413,1.25255,1.25245,1.12,1
16.08.2021 00:12:03.634,1.25258,1.25245,2.25,1
16.08.2021 00:12:03.685,1.2526000000000002,1.25249,2.07,1
16.08.2021 00:12:03.736,1.25259,1.2524700000000002,1.57,2.54
16.08.2021 00:12:03.787,1.25263,1.25252,2,1.1
16.08.2021 00:12:03.837,1.25264,1.25251,1,1.1
16.08.2021 00:12:10.533,1.25262,1.25251,1.12,1
16.08.2021 00:12:13.479,1.25264,1.2525000000000002,1.5,1
16.08.2021 00:12:39.615,1.25264,1.25251,1.5,1
16.08.2021 00:12:45.590,1.25264,1.25251,1,1.1
16.08.2021 00:12:49.561,1.25265,1.25252,1.12,1.1
16.08.2021 00:12:52.411,1.25265,1.25251,1.12,1.1
16.08.2021 00:12:52.635,1.25265,1.25253,1.12,1
16.08.2021 00:12:52.738,1.25271,1.2526000000000002,1.5,1
16.08.2021 00:12:52.789,1.25271,1.2525700000000002,1.5,1.1
16.08.2021 00:12:52.890,1.25271,1.2525700000000002,1,1.1
16.08.2021 00:12:54.516,1.2527000000000001,1.2525700000000002,1,1.1
16.08.2021 00:12:54.567,1.25266,1.25253,1,1.1
16.08.2021 00:12:54.669,1.25266,1.25252,1,1.1
16.08.2021 00:12:54.821,1.25266,1.25254,1.5,1
16.08.2021 00:12:57.399,1.25266,1.25255,1,1.5
16.08.2021 00:12:57.501,1.25275,1.25266,1.5,1
16.08.2021 00:12:57.552,1.25278,1.25268,1,1
16.08.2021 00:12:57.653,1.2528100000000002,1.2526700000000002,2,1.1
16.08.2021 00:12:57.784,1.2528000000000001,1.25269,1.5,1
16.08.2021 00:12:57.885,1.2528100000000002,1.25268,1,1.1
16.08.2021 00:13:00.125,1.2528100000000002,1.2526700000000002,1.5,1.1
16.08.2021 00:13:02.054,1.2528100000000002,1.2526700000000002,1,1.1
16.08.2021 00:13:03.459,1.2528100000000002,1.2526700000000002,1,1.1
16.08.2021 00:13:05.392,1.25282,1.25268,1.12,1.1
16.08.2021 00:13:05.711,1.25282,1.25268,1.12,1.1
16.08.2021 00:13:08.432,1.25282,1.25268,2.62,1.1
16.08.2021 00:13:12.927,1.25282,1.25268,1.12,1.1
16.08.2021 00:13:13.078,1.25282,1.2526700000000002,3.37,1.1
16.08.2021 00:13:13.179,1.25282,1.2526700000000002,3.37,1.1
16.08.2021 00:13:35.206,1.25282,1.25269,2.62,1
16.08.2021 00:14:00.963,1.25282,1.25275,1,1
16.08.2021 00:14:01.014,1.25288,1.25274,1.5,1
16.08.2021 00:14:01.115,1.25288,1.25274,1,1.1
16.08.2021 00:14:09.808,1.25286,1.25273,1,1
16.08.2021 00:14:09.909,1.2528299999999999,1.25272,1,1.95
16.08.2021 00:14:32.490,1.25286,1.25272,2,1
16.08.2021 00:14:33.433,1.25286,1.25274,1.5,1.5
16.08.2021 00:14:33.483,1.2528700000000002,1.25273,1.12,1.5
16.08.2021 00:14:33.585,1.25288,1.25274,1.5,1.5
16.08.2021 00:14:33.686,1.25288,1.25274,1,1.5
16.08.2021 00:14:37.524,1.25286,1.25275,1,1.57
16.08.2021 00:14:42.584,1.25288,1.25274,1.87,1.57
16.08.2021 00:15:00.513,1.2528700000000002,1.25273,1,1.57
16.08.2021 00:15:00.614,1.25286,1.25272,1.87,1.1
16.08.2021 00:15:01.729,1.25285,1.25272,1,1
16.08.2021 00:15:01.950,1.2528100000000002,1.25268,1,2.75
16.08.2021 00:15:02.051,1.2528100000000002,1.25268,1,1.5
16.08.2021 00:15:04.487,1.2528100000000002,1.25268,1,1.6
16.08.2021 00:15:05.975,1.2528100000000002,1.25268,1,1.1
16.08.2021 00:15:06.228,1.25279,1.25268,1,1.6
16.08.2021 00:15:06.835,1.25279,1.25268,1,1.57
16.08.2021 00:15:07.789,1.25279,1.25266,1,3.66
16.08.2021 00:15:07.998,1.25279,1.25266,1,2.89
16.08.2021 00:15:08.724,1.2528100000000002,1.2527000000000001,1.87,1
16.08.2021 00:15:08.844,1.2528000000000001,1.2526700000000002,1,1.1
16.08.2021 00:15:09.923,1.2528100000000002,1.2526700000000002,1,1.6
16.08.2021 00:15:10.024,1.25282,1.25268,1.12,1.1
16.08.2021 00:15:12.879,1.25285,1.25272,2.75,1.57
16.08.2021 00:15:13.031,1.25285,1.25272,1,1.1
16.08.2021 00:15:21.318,1.25285,1.25274,1,1
16.08.2021 00:15:23.843,1.25286,1.25275,1,2.35
16.08.2021 00:15:23.945,1.25289,1.25278,1.1,1
16.08.2021 00:15:24.046,1.25292,1.2528000000000001,5,1.5
16.08.2021 00:15:25.243,1.2529299999999999,1.2528000000000001,2.75,1
16.08.2021 00:15:25.344,1.2529299999999999,1.2528000000000001,2.62,1
16.08.2021 00:15:25.625,1.2529100000000002,1.25279,1,1
16.08.2021 00:15:28.836,1.2529000000000001,1.25278,1,1.2
16.08.2021 00:15:28.887,1.2529100000000002,1.2528000000000001,1,1.5
16.08.2021 00:15:32.062,1.2529299999999999,1.2528000000000001,1,1.57
16.08.2021 00:15:32.113,1.25295,1.25282,1.12,1
16.08.2021 00:15:34.013,1.25296,1.25285,1,1
16.08.2021 00:15:34.114,1.25296,1.25289,1,1.5
16.08.2021 00:15:34.266,1.2530100000000002,1.25288,1,1.1
16.08.2021 00:15:34.367,1.25302,1.25289,1,1.57
16.08.2021 00:15:34.469,1.25303,1.2529000000000001,1,1
16.08.2021 00:15:35.210,1.2530100000000002,1.25289,1,1.1
16.08.2021 00:15:35.561,1.2530100000000002,1.25288,1,1.57
16.08.2021 00:15:36.034,1.2530000000000001,1.25288,1,1.1
16.08.2021 00:15:39.119,1.25302,1.25289,1,1
16.08.2021 00:15:39.548,1.25303,1.25289,1.12,1.57
16.08.2021 00:15:47.547,1.2530100000000002,1.2529000000000001,1,1.5
16.08.2021 00:15:48.942,1.2530100000000002,1.25288,1,1.57
16.08.2021 00:15:49.044,1.2530000000000001,1.25288,1,1
16.08.2021 00:15:51.856,1.25299,1.25288,1,1.5
16.08.2021 00:15:53.263,1.2529700000000001,1.25284,1,1.87
16.08.2021 00:16:03.176,1.25296,1.2528299999999999,1,1
16.08.2021 00:16:05.145,1.25296,1.25282,1,1.57
16.08.2021 00:16:25.182,1.2529299999999999,1.2528000000000001,1,1
16.08.2021 00:16:35.135,1.2529100000000002,1.2528100000000002,1,1
16.08.2021 00:16:35.237,1.25288,1.25275,1,1.87
16.08.2021 00:16:35.728,1.2528700000000002,1.25274,1,1.5
16.08.2021 00:16:39.430,1.25284,1.25271,1,1.5
16.08.2021 00:16:44.760,1.2528000000000001,1.25268,1,1.5
16.08.2021 00:16:44.912,1.2528000000000001,1.2526700000000002,1,1.95
16.08.2021 00:17:01.726,1.2528100000000002,1.25268,1,1
16.08.2021 00:17:06.880,1.2528000000000001,1.2527000000000001,1,1
16.08.2021 00:17:06.982,1.25282,1.25269,1,1.5
16.08.2021 00:17:07.954,1.2528000000000001,1.25268,1,1.5
16.08.2021 00:17:13.443,1.25279,1.2527000000000001,1,1
16.08.2021 00:17:14.341,1.25279,1.25269,1,1
16.08.2021 00:18:01.185,1.2528000000000001,1.25269,1.1,1.5
16.08.2021 00:18:03.031,1.2528100000000002,1.25269,1,1
16.08.2021 00:18:06.731,1.25282,1.25271,1,1.5
16.08.2021 00:18:07.038,1.25284,1.25271,1,1
16.08.2021 00:18:11.688,1.25285,1.25273,1,1
16.08.2021 00:18:12.270,1.25285,1.25274,1,1
16.08.2021 00:18:13.076,1.25284,1.25274,1,1
16.08.2021 00:18:22.197,1.25285,1.25275,1,1
16.08.2021 00:18:25.762,1.25285,1.25274,1,1
16.08.2021 00:18:31.628,1.2528700000000002,1.25275,1,1
16.08.2021 00:18:31.730,1.25286,1.25275,1,1.5
16.08.2021 00:19:26.343,1.25288,1.25276,1,1
16.08.2021 00:19:26.393,1.2529000000000001,1.2527700000000002,1.12,3.07
16.08.2021 00:19:26.732,1.2529100000000002,1.2527700000000002,1,3.07
16.08.2021 00:19:28.289,1.2529100000000002,1.25278,1,1.1
16.08.2021 00:19:42.321,1.25286,1.25274,2.25,1.5
16.08.2021 00:19:42.423,1.25284,1.25271,1,2
16.08.2021 00:19:42.525,1.25282,1.2527000000000001,1,1
16.08.2021 00:19:43.601,1.2528100000000002,1.25268,1,1.5
16.08.2021 00:19:43.652,1.2527700000000002,1.25268,2.25,1.12
16.08.2021 00:19:43.753,1.2527700000000002,1.25265,1,1.5
16.08.2021 00:19:43.854,1.2527700000000002,1.25265,1,1
16.08.2021 00:19:44.374,1.25276,1.25265,1.5,1.5
16.08.2021 00:19:44.885,1.25274,1.25262,1,1
16.08.2021 00:19:44.936,1.25273,1.2526000000000002,1,1.5
16.08.2021 00:19:58.823,1.25272,1.25259,1,1.5
16.08.2021 00:20:06.501,1.25273,1.2526000000000002,1,1.5
16.08.2021 00:20:06.602,1.25274,1.25261,1.12,1.1
16.08.2021 00:20:06.703,1.25274,1.25263,1,1
16.08.2021 00:20:09.898,1.2527700000000002,1.25264,1.57,1
16.08.2021 00:20:24.122,1.2528000000000001,1.25268,1.12,1
16.08.2021 00:20:24.324,1.2528000000000001,1.25269,1.87,1
16.08.2021 00:20:24.894,1.2528100000000002,1.2526700000000002,1.87,1.1
16.08.2021 00:20:25.100,1.2528100000000002,1.25268,1.87,1
16.08.2021 00:20:27.265,1.2528100000000002,1.2526700000000002,1.5,1
16.08.2021 00:20:28.194,1.2528000000000001,1.2526700000000002,1,1.5
16.08.2021 00:20:30.598,1.25278,1.2526700000000002,1,1.5
16.08.2021 00:20:55.353,1.2527700000000002,1.25266,1,1.5
16.08.2021 00:20:55.917,1.25276,1.25263,1,1
16.08.2021 00:20:56.019,1.2527700000000002,1.25264,1.5,1
16.08.2021 00:20:59.262,1.2527700000000002,1.25265,1.2,1.5
16.08.2021 00:21:07.303,1.25278,1.25265,1,1
16.08.2021 00:21:13.511,1.25278,1.2526700000000002,1.87,1
16.08.2021 00:21:20.181,1.25279,1.25268,1,1
16.08.2021 00:21:21.468,1.25278,1.25268,1,1
16.08.2021 00:21:22.514,1.25279,1.25266,1,1
16.08.2021 00:21:35.242,1.2528000000000001,1.2526700000000002,1,1.5
16.08.2021 00:21:36.475,1.2528000000000001,1.25268,1,1.1
16.08.2021 00:21:36.774,1.2528100000000002,1.25268,1,1.57
16.08.2021 00:21:41.948,1.2528000000000001,1.25268,1,1.1
16.08.2021 00:21:42.049,1.2528000000000001,1.2526700000000002,1,1.95
16.08.2021 00:21:58.123,1.25279,1.25266,1,1.57
16.08.2021 00:22:09.958,1.2528100000000002,1.2526700000000002,1,1.57
16.08.2021 00:22:10.126,1.2528100000000002,1.25268,1,1
16.08.2021 00:22:10.277,1.25282,1.25268,1.12,1.5
16.08.2021 00:22:10.379,1.25282,1.25268,1,1.6
16.08.2021 00:22:15.140,1.2528100000000002,1.2526700000000002,1,1.57
16.08.2021 00:22:23.098,1.2528000000000001,1.2526700000000002,1,1.57
16.08.2021 00:22:33.311,1.2528000000000001,1.25268,1.12,1.57
16.08.2021 00:22:33.412,1.25282,1.25268,1.5,1.57
16.08.2021 00:22:33.513,1.25282,1.25268,1,1.57
16.08.2021 00:22:36.820,1.25282,1.25268,1,1.6
16.08.2021 00:22:46.602,1.2528299999999999,1.25269,1,1.57
16.08.2021 00:22:54.163,1.2528299999999999,1.25269,1,2.2
16.08.2021 00:22:54.414,1.25282,1.2527000000000001,1,2.32
16.08.2021 00:23:09.314,1.25285,1.25274,1,1
16.08.2021 00:23:09.415,1.2528700000000002,1.25274,1.7,1.5
16.08.2021 00:23:09.516,1.2528700000000002,1.25274,1,1.5
16.08.2021 00:23:09.619,1.25289,1.25276,1,1
16.08.2021 00:23:16.364,1.2528700000000002,1.25274,1,2.89
16.08.2021 00:23:22.569,1.25286,1.25273,1,1.87
16.08.2021 00:23:31.681,1.2528700000000002,1.25274,1,1
16.08.2021 00:23:31.942,1.25285,1.25273,1,1.5
16.08.2021 00:23:31.994,1.2528299999999999,1.25272,1.87,1
16.08.2021 00:23:32.147,1.25285,1.25271,1,1.5
16.08.2021 00:23:44.529,1.2528700000000002,1.25276,3.57,1
16.08.2021 00:23:44.681,1.25288,1.25275,1.87,1
16.08.2021 00:23:55.972,1.2528700000000002,1.25274,1,1
16.08.2021 00:24:05.099,1.25288,1.25276,1,1.1
16.08.2021 00:24:05.150,1.25292,1.25278,2.32,1
16.08.2021 00:24:07.571,1.25292,1.2527700000000002,1.5,1.1
16.08.2021 00:24:07.672,1.25292,1.25278,1,1
16.08.2021 00:24:10.948,1.25292,1.2527700000000002,1.5,1.1
16.08.2021 00:24:11.207,1.2529100000000002,1.25276,1,1.6
16.08.2021 00:24:35.107,1.25288,1.2527700000000002,1,1.1
16.08.2021 00:24:35.208,1.25288,1.25274,1,2.07
16.08.2021 00:24:35.309,1.2528700000000002,1.25274,1,1.95
16.08.2021 00:24:40.367,1.2528700000000002,1.2527700000000002,1,1
16.08.2021 00:24:40.469,1.25289,1.25276,1.5,1.5
16.08.2021 00:24:43.454,1.2528700000000002,1.25274,1,1.76
16.08.2021 00:24:46.914,1.25289,1.25275,2.25,1
16.08.2021 00:24:46.965,1.2528700000000002,1.25274,1,1.57
16.08.2021 00:25:03.513,1.25288,1.25275,1,1
16.08.2021 00:25:03.614,1.25289,1.25276,1,2.32
16.08.2021 00:25:03.715,1.25292,1.25278,1.5,1
16.08.2021 00:25:03.816,1.25292,1.2528100000000002,1,1.5
16.08.2021 00:25:06.330,1.25292,1.2528000000000001,1,1.5
16.08.2021 00:25:10.516,1.25294,1.2528100000000002,1,1.5
16.08.2021 00:25:10.854,1.2529299999999999,1.2528000000000001,1,1.57
16.08.2021 00:25:11.158,1.25294,1.2528000000000001,1,1
16.08.2021 00:25:11.896,1.25294,1.2528100000000002,1,1
16.08.2021 00:25:13.826,1.25292,1.2528100000000002,1,1
16.08.2021 00:25:21.074,1.2529299999999999,1.25279,1,1
16.08.2021 00:25:25.802,1.2529299999999999,1.2528299999999999,1,1
16.08.2021 00:25:28.316,1.2529299999999999,1.25282,1.5,1
16.08.2021 00:25:28.418,1.2529100000000002,1.25282,1,1
16.08.2021 00:25:28.519,1.2529100000000002,1.2528100000000002,1,1
16.08.2021 00:25:34.913,1.2529299999999999,1.25282,1.87,1
16.08.2021 00:25:54.140,1.25295,1.25285,1.5,1
16.08.2021 00:25:54.241,1.25294,1.25285,1,1
16.08.2021 00:25:54.343,1.25294,1.25286,1,1
16.08.2021 00:25:55.370,1.25294,1.25285,1,1
16.08.2021 00:25:58.655,1.25292,1.25285,1,1
16.08.2021 00:25:58.757,1.2529100000000002,1.2528100000000002,1,1
16.08.2021 00:26:03.303,1.2528700000000002,1.25278,1,1
16.08.2021 00:26:03.923,1.25288,1.25278,1,1
16.08.2021 00:26:05.925,1.25288,1.25276,1,1
16.08.2021 00:26:24.644,1.25289,1.25279,1,1
16.08.2021 00:26:58.929,1.2528700000000002,1.2527700000000002,1,1
16.08.2021 00:26:59.031,1.25288,1.2527700000000002,1,1
16.08.2021 00:27:22.806,1.25288,1.25276,1,1
16.08.2021 00:27:29.518,1.25286,1.25275,1,1
16.08.2021 00:28:04.641,1.25282,1.25271,1,2
16.08.2021 00:28:04.743,1.2528100000000002,1.25271,1,1
16.08.2021 00:28:04.945,1.2528100000000002,1.2527000000000001,1,1
16.08.2021 00:28:07.023,1.2528000000000001,1.2527000000000001,1,1
16.08.2021 00:28:07.859,1.25278,1.25269,1,1
16.08.2021 00:28:07.989,1.25279,1.25269,1,1
16.08.2021 00:28:08.404,1.2528000000000001,1.2527000000000001,1,1
16.08.2021 00:28:08.506,1.2528100000000002,1.25271,1,1
16.08.2021 00:28:08.767,1.2528000000000001,1.2527000000000001,1,1
16.08.2021 00:28:17.652,1.2528100000000002,1.25271,1,1
16.08.2021 00:28:19.203,1.2528100000000002,1.2527000000000001,1,1
16.08.2021 00:28:19.405,1.2528000000000001,1.2527000000000001,1,1
16.08.2021 00:28:47.299,1.2528100000000002,1.2527000000000001,1.5,1
16.08.2021 00:28:47.402,1.25282,1.25271,1.12,1
16.08.2021 00:29:01.078,1.25282,1.25273,1,1
16.08.2021 00:29:16.804,1.2528299999999999,1.25273,1,1
16.08.2021 00:29:36.950,1.2528299999999999,1.25274,1,1
16.08.2021 00:29:47.668,1.2528700000000002,1.25276,1.12,1
16.08.2021 00:29:48.699,1.25286,1.25275,1,1
16.08.2021 00:29:48.801,1.25285,1.25274,1,1
16.08.2021 00:30:00.322,1.25285,1.25275,1.12,1
16.08.2021 00:30:01.055,1.25286,1.25278,1,1
16.08.2021 00:30:01.156,1.25289,1.25279,1.5,1
16.08.2021 00:30:01.257,1.25289,1.25279,1,1
16.08.2021 00:30:01.702,1.2528700000000002,1.25278,1,1
16.08.2021 00:30:01.911,1.2528700000000002,1.25279,1,1
16.08.2021 00:30:02.408,1.25289,1.25278,1,1
16.08.2021 00:30:07.282,1.25288,1.25278,1,1
16.08.2021 00:30:07.402,1.2528700000000002,1.25278,1,1
16.08.2021 00:30:07.503,1.2528700000000002,1.25279,1,1
16.08.2021 00:30:07.632,1.2528700000000002,1.2527700000000002,1,1
16.08.2021 00:30:07.733,1.25289,1.2527700000000002,1,1
16.08.2021 00:30:07.878,1.25286,1.25278,1,1
16.08.2021 00:30:08.030,1.25289,1.2527700000000002,1,1
16.08.2021 00:30:12.301,1.25288,1.2527700000000002,1,1
16.08.2021 00:30:12.503,1.25289,1.2527700000000002,1,1
16.08.2021 00:30:19.681,1.25288,1.2527700000000002,1,1
16.08.2021 00:30:19.970,1.25288,1.25278,1,1
16.08.2021 00:30:20.998,1.25288,1.25279,1,1
16.08.2021 00:30:24.790,1.25288,1.25278,1,1
16.08.2021 00:30:24.892,1.2528700000000002,1.25278,1,1
16.08.2021 00:30:28.713,1.25289,1.2527700000000002,1,1
16.08.2021 00:30:29.147,1.25289,1.25278,1,1
16.08.2021 00:30:32.226,1.2528700000000002,1.25279,1,1
16.08.2021 00:30:32.333,1.25288,1.2527700000000002,1,1
16.08.2021 00:30:37.896,1.25288,1.25278,1,1
16.08.2021 00:30:46.142,1.2528700000000002,1.25278,1,1
16.08.2021 00:30:49.897,1.25288,1.25278,1,1
16.08.2021 00:30:52.517,1.2529100000000002,1.2528000000000001,1,1
16.08.2021 00:30:55.364,1.2529100000000002,1.25284,1,1
16.08.2021 00:30:55.415,1.25295,1.25284,1.95,1
16.08.2021 00:30:55.865,1.25295,1.25286,1,1
16.08.2021 00:30:56.103,1.25296,1.25286,1,1
16.08.2021 00:31:25.451,1.2530000000000001,1.2529000000000001,1.5,1
16.08.2021 00:31:25.552,1.25299,1.2529100000000002,1,1
16.08.2021 00:31:25.704,1.25302,1.2529100000000002,1.5,1
16.08.2021 00:31:25.805,1.25302,1.2529100000000002,1,1
16.08.2021 00:31:28.868,1.25302,1.25288,1,1.1
16.08.2021 00:31:28.919,1.2530100000000002,1.25292,1,1
16.08.2021 00:31:30.763,1.2530000000000001,1.2529100000000002,1,1
16.08.2021 00:31:35.637,1.2530100000000002,1.2529100000000002,1,1
16.08.2021 00:31:40.438,1.2530100000000002,1.25288,1,1.1
16.08.2021 00:31:40.916,1.2530100000000002,1.2529100000000002,1,1
16.08.2021 00:31:41.844,1.25299,1.25292,1,1
16.08.2021 00:31:41.895,1.25296,1.25288,1,1
16.08.2021 00:31:45.604,1.25296,1.25286,1,1
16.08.2021 00:32:16.251,1.25295,1.25286,1.12,1
16.08.2021 00:32:24.700,1.25294,1.25286,1,1
16.08.2021 00:32:24.823,1.25295,1.25284,1,1
16.08.2021 00:32:34.303,1.25294,1.2528700000000002,1,1
16.08.2021 00:33:07.884,1.25299,1.25289,1,1
16.08.2021 00:33:07.986,1.2530000000000001,1.2529000000000001,1.57,1
16.08.2021 00:33:08.438,1.2530000000000001,1.2529100000000002,1,1
16.08.2021 00:33:08.539,1.25303,1.2529100000000002,1.5,1
16.08.2021 00:33:19.075,1.25299,1.25289,1,1
16.08.2021 00:33:20.545,1.25299,1.2529000000000001,1,1
16.08.2021 00:33:56.460,1.2529700000000001,1.2528700000000002,1,1.1
16.08.2021 00:34:07.413,1.25295,1.25288,1,1.1
16.08.2021 00:34:22.959,1.25296,1.25288,1,1
16.08.2021 00:34:35.049,1.25299,1.25289,1,1.1
16.08.2021 00:34:46.896,1.25298,1.25289,1,1.1
16.08.2021 00:34:49.652,1.2529700000000001,1.25289,1,1
16.08.2021 00:34:49.774,1.2529700000000001,1.25288,1,1.1
16.08.2021 00:34:51.452,1.2529700000000001,1.25289,1,1.1
16.08.2021 00:34:52.492,1.2529700000000001,1.25288,1,1.1
16.08.2021 00:34:55.434,1.2529700000000001,1.25289,1,1.1
16.08.2021 00:34:55.595,1.25298,1.25288,1,1.1
16.08.2021 00:34:58.108,1.25298,1.25288,1,1.1
16.08.2021 00:34:58.361,1.25298,1.25288,1,1.1
16.08.2021 00:35:34.027,1.25298,1.25289,1,1.1
16.08.2021 00:35:59.536,1.25298,1.25289,1,1
16.08.2021 00:36:02.357,1.25299,1.25289,1,1.1
16.08.2021 00:36:02.650,1.25298,1.2529000000000001,1,1.1
16.08.2021 00:36:07.920,1.2530000000000001,1.25289,1,1.1
16.08.2021 00:36:15.121,1.25299,1.25289,1,1.1
16.08.2021 00:36:22.825,1.25298,1.25292,1,1.5
16.08.2021 00:36:22.926,1.25304,1.25294,1,1.76
16.08.2021 00:36:22.978,1.25306,1.25294,1,1.79
16.08.2021 00:36:23.080,1.25306,1.2529700000000001,1,1
16.08.2021 00:37:01.679,1.2530700000000001,1.25296,1,1.1
16.08.2021 00:37:03.373,1.25308,1.2529700000000001,1,1.1
16.08.2021 00:37:09.974,1.25308,1.25296,1,1.22
16.08.2021 00:37:10.126,1.25305,1.2529700000000001,1,1.1
16.08.2021 00:37:13.583,1.25305,1.25295,1,1.22
16.08.2021 00:37:45.491,1.25304,1.25298,1,1
16.08.2021 00:37:45.542,1.2530700000000001,1.2529700000000001,1,1.1
16.08.2021 00:38:13.083,1.25306,1.25298,1,1.1
16.08.2021 00:38:16.322,1.2531200000000002,1.25303,1.12,2.5
16.08.2021 00:38:16.373,1.25314,1.25305,1,1
16.08.2021 00:38:16.424,1.25315,1.25306,1,1.6
16.08.2021 00:38:49.134,1.25316,1.25306,1,1.1
16.08.2021 00:38:51.038,1.25316,1.25306,1,1.1
16.08.2021 00:38:59.002,1.25315,1.2530700000000001,1,1.1
16.08.2021 00:39:01.215,1.2531700000000001,1.25309,1,2.35
16.08.2021 00:39:01.317,1.25319,1.2531,1,1
16.08.2021 00:39:01.367,1.2531700000000001,1.25309,1,1.1
16.08.2021 00:39:01.469,1.2532,1.25309,1,1.1
16.08.2021 00:39:01.520,1.25318,1.25309,1,1
16.08.2021 00:39:01.621,1.25316,1.2530700000000001,1,1.1
16.08.2021 00:39:04.162,1.2531700000000001,1.2530700000000001,1,1.1
16.08.2021 00:39:06.969,1.25319,1.25308,1,1.1
16.08.2021 00:39:07.284,1.25316,1.2530700000000001,1,1.1
16.08.2021 00:39:07.523,1.25315,1.25308,1,1.1
16.08.2021 00:39:08.420,1.2531700000000001,1.2530700000000001,1,1.1
16.08.2021 00:39:11.905,1.25315,1.25308,1,1.1
16.08.2021 00:39:18.177,1.25315,1.2530700000000001,1,1.1
16.08.2021 00:40:05.467,1.25316,1.2530700000000001,1,1.1
16.08.2021 00:40:06.435,1.25316,1.25306,1,1.1
16.08.2021 00:40:18.723,1.25316,1.25306,1,1.1
16.08.2021 00:40:21.095,1.25316,1.25306,1,1.1
16.08.2021 00:41:06.973,1.25319,1.2531,1,1
16.08.2021 00:41:07.074,1.2532,1.2531100000000002,1,1
16.08.2021 00:41:17.461,1.2532,1.2531,1,1.1
16.08.2021 00:41:17.563,1.2531700000000001,1.2530700000000001,1,1.1
16.08.2021 00:41:18.930,1.25318,1.2531100000000002,1,1.1
16.08.2021 00:41:19.192,1.25319,1.25308,1,1.6
16.08.2021 00:41:21.413,1.2531700000000001,1.25308,1,1.1
16.08.2021 00:41:23.490,1.25318,1.25309,1,1.1
16.08.2021 00:41:24.044,1.25316,1.25308,1,1.1
16.08.2021 00:41:27.825,1.2531700000000001,1.25309,1,1.1
16.08.2021 00:41:39.285,1.2531700000000001,1.2530700000000001,1,1.1
16.08.2021 00:41:43.897,1.25316,1.25306,1,1.6
16.08.2021 00:41:45.163,1.2531700000000001,1.25306,1,1.6
16.08.2021 00:41:45.264,1.2531700000000001,1.25306,1,1.6
16.08.2021 00:41:48.469,1.25316,1.2531,1,1.1
16.08.2021 00:41:53.491,1.25318,1.25309,1,1.1
16.08.2021 00:41:58.293,1.2531700000000001,1.25309,1,1
16.08.2021 00:41:58.344,1.2531700000000001,1.25306,1,1.97
16.08.2021 00:41:58.445,1.2531700000000001,1.25306,1,1.95
16.08.2021 00:42:02.344,1.25319,1.25309,1,1
16.08.2021 00:42:04.902,1.2532200000000002,1.25313,1,1
16.08.2021 00:42:04.953,1.25323,1.25314,1,1.1
16.08.2021 00:42:05.925,1.25323,1.25313,1,1.1
16.08.2021 00:42:06.027,1.2532400000000001,1.25313,1,1.1
16.08.2021 00:42:09.221,1.25323,1.25314,1,1.1
16.08.2021 00:42:10.564,1.2532400000000001,1.25313,1,1.1
16.08.2021 00:42:22.315,1.2532400000000001,1.25313,1,1.1
16.08.2021 00:42:22.719,1.25323,1.25314,1,1.1
16.08.2021 00:42:44.615,1.25323,1.25314,1,1.1
16.08.2021 00:42:49.660,1.25323,1.25313,1,1.1
16.08.2021 00:42:51.212,1.2532400000000001,1.25313,1,1.1
16.08.2021 00:42:51.691,1.2532400000000001,1.25314,1,1
16.08.2021 00:42:59.601,1.25319,1.25313,1,1
16.08.2021 00:42:59.652,1.25319,1.25309,1,1.5
16.08.2021 00:42:59.803,1.25318,1.25309,1,1
16.08.2021 00:42:59.905,1.25318,1.25309,1,1
16.08.2021 00:43:00.006,1.2532,1.2531100000000002,1,1
16.08.2021 00:43:03.698,1.2531700000000001,1.25308,1,2.07
16.08.2021 00:43:03.900,1.25318,1.2530700000000001,1,1.1
16.08.2021 00:43:04.345,1.25319,1.25308,1,1
16.08.2021 00:43:05.177,1.25318,1.2531,1,1.1
16.08.2021 00:43:06.413,1.25318,1.25308,1,1
16.08.2021 00:43:17.723,1.2531700000000001,1.25308,1,1
16.08.2021 00:43:21.267,1.2531700000000001,1.2530700000000001,1,1
16.08.2021 00:44:09.637,1.25316,1.25309,1,1
16.08.2021 00:44:09.739,1.2532200000000002,1.25313,1,1
16.08.2021 00:44:16.480,1.2532200000000002,1.25314,1,1
16.08.2021 00:44:16.581,1.25323,1.25315,1,1
16.08.2021 00:45:09.631,1.25323,1.25314,1,1
16.08.2021 00:45:09.739,1.2532200000000002,1.25314,1,1.1
16.08.2021 00:45:16.873,1.2532400000000001,1.25313,1,1.1
16.08.2021 00:45:18.380,1.25325,1.25314,1,1
16.08.2021 00:45:23.149,1.2532400000000001,1.25314,1,1.1
16.08.2021 00:45:50.248,1.2532100000000002,1.2531,1,1.5
16.08.2021 00:45:50.349,1.2532,1.2531100000000002,1,1
16.08.2021 00:45:50.501,1.2532,1.2531100000000002,1,1
16.08.2021 00:45:50.552,1.2532200000000002,1.2531200000000002,1,1
16.08.2021 00:45:53.370,1.25318,1.25309,1,1.5
16.08.2021 00:45:58.896,1.2531700000000001,1.25309,1,1
16.08.2021 00:46:00.975,1.25319,1.25308,1,1
16.08.2021 00:46:11.672,1.2532200000000002,1.25315,1,1
16.08.2021 00:46:11.773,1.25325,1.25315,1.5,1
16.08.2021 00:46:11.874,1.2532400000000001,1.25316,1,1
16.08.2021 00:46:12.741,1.25326,1.25315,1,1
16.08.2021 00:46:21.399,1.25325,1.2531700000000001,1,1
16.08.2021 00:46:21.501,1.25328,1.25318,1,1
16.08.2021 00:46:21.551,1.25326,1.2531700000000001,1,2.25
16.08.2021 00:46:21.653,1.25326,1.25315,1,1
16.08.2021 00:46:24.189,1.25325,1.2531700000000001,1,1
16.08.2021 00:46:31.175,1.25327,1.25316,1,1
16.08.2021 00:46:32.545,1.25326,1.25318,1,1
16.08.2021 00:46:34.229,1.25328,1.2532,1,1
16.08.2021 00:46:34.330,1.2533,1.25319,1,1
16.08.2021 00:46:54.016,1.2533100000000001,1.2532200000000002,1,1
16.08.2021 00:46:54.655,1.25328,1.25316,1,2.7
16.08.2021 00:46:54.756,1.25327,1.25315,1,2.52
16.08.2021 00:46:54.857,1.25328,1.2531700000000001,1,1.1
16.08.2021 00:47:01.825,1.2533200000000002,1.2532,1.5,1.1
16.08.2021 00:47:01.926,1.2533,1.2532200000000002,1,1
16.08.2021 00:47:01.977,1.25328,1.25316,1,1.7
16.08.2021 00:47:02.028,1.2532400000000001,1.25316,1,1
16.08.2021 00:47:02.584,1.25326,1.25315,1,1.1
16.08.2021 00:47:02.707,1.25325,1.2531700000000001,1,1.1
16.08.2021 00:47:02.968,1.25327,1.25316,1,1.01
16.08.2021 00:47:03.169,1.25327,1.25316,1,1.35
16.08.2021 00:47:12.191,1.25327,1.25316,1,1.1
16.08.2021 00:47:12.549,1.25326,1.25318,1,1.1
16.08.2021 00:47:12.650,1.25328,1.2531700000000001,1,1.1
16.08.2021 00:47:22.719,1.25328,1.25318,1,1
16.08.2021 00:47:34.225,1.25328,1.25319,1,1.1
16.08.2021 00:47:35.031,1.2533100000000001,1.2532200000000002,1,1
16.08.2021 00:47:35.926,1.2533100000000001,1.25318,1,1.1
16.08.2021 00:47:36.028,1.2533,1.25318,1,1.1
16.08.2021 00:47:45.451,1.25329,1.25318,1,1
16.08.2021 00:47:53.477,1.25326,1.2531700000000001,1,1.57
16.08.2021 00:47:55.066,1.25327,1.25315,1,1.57
16.08.2021 00:47:55.168,1.25325,1.25316,1,1
16.08.2021 00:48:12.854,1.25325,1.25316,1,1.1
16.08.2021 00:48:13.239,1.25326,1.2531700000000001,1,1
16.08.2021 00:48:13.340,1.25327,1.2531700000000001,1,1
16.08.2021 00:48:14.976,1.25328,1.25318,1,1
16.08.2021 00:48:22.094,1.25329,1.25318,1,1
16.08.2021 00:48:39.692,1.25327,1.25319,1,1
16.08.2021 00:48:53.782,1.25325,1.25316,1,1.22
16.08.2021 00:48:53.883,1.25326,1.25315,1,1.2
16.08.2021 00:48:54.137,1.25323,1.25313,1,1.12
16.08.2021 00:48:54.238,1.25323,1.2531200000000002,1,2.32
16.08.2021 00:49:22.680,1.25323,1.25314,1,1
16.08.2021 00:49:23.737,1.2532400000000001,1.25314,1,1
16.08.2021 00:49:30.873,1.2532400000000001,1.25315,1,1
16.08.2021 00:49:31.024,1.25325,1.25313,1,1.1
16.08.2021 00:49:32.755,1.25325,1.25314,1,1
16.08.2021 00:49:32.922,1.25325,1.25316,1,1.1
16.08.2021 00:49:33.820,1.2532400000000001,1.25315,1,1.2
16.08.2021 00:49:36.454,1.25325,1.25315,1,1.57
16.08.2021 00:49:38.892,1.25325,1.25314,1,1.1
16.08.2021 00:49:38.993,1.25325,1.25313,1,1.2
16.08.2021 00:49:40.017,1.2532400000000001,1.25313,1,1.2
16.08.2021 00:49:40.119,1.2532400000000001,1.2531200000000002,1,1.1
16.08.2021 00:49:43.099,1.2532400000000001,1.25313,1,2.7
16.08.2021 00:49:43.200,1.2532400000000001,1.2531200000000002,1,1.95
16.08.2021 00:49:45.042,1.2532400000000001,1.25313,1,2.7
16.08.2021 00:49:45.194,1.2532400000000001,1.2531200000000002,1,1.95
16.08.2021 00:49:46.687,1.25325,1.2531200000000002,1,2.7
16.08.2021 00:49:49.253,1.2532400000000001,1.2531200000000002,1,1.95
16.08.2021 00:49:55.638,1.25323,1.2531200000000002,1,1.12
16.08.2021 00:50:14.547,1.2532400000000001,1.2531200000000002,1,1.2
16.08.2021 00:50:14.649,1.25325,1.25313,1,1
16.08.2021 00:50:17.705,1.2532200000000002,1.2531,1,1.6
16.08.2021 00:50:17.755,1.2532100000000002,1.2531100000000002,1,1.1
16.08.2021 00:50:23.231,1.25323,1.2531,1,1.76
16.08.2021 00:50:25.050,1.25323,1.2531,1,2.16
16.08.2021 00:50:25.881,1.2532400000000001,1.2531100000000002,1.5,1.01
16.08.2021 00:50:25.982,1.2532400000000001,1.2531200000000002,1,1.1
16.08.2021 00:50:44.061,1.25323,1.25314,1,1
16.08.2021 00:50:45.330,1.25323,1.25313,1,1
16.08.2021 00:50:45.431,1.25323,1.25314,1,1
16.08.2021 00:51:04.688,1.25325,1.25314,1,1
16.08.2021 00:51:05.466,1.25325,1.25313,1,1
16.08.2021 00:51:09.378,1.2532400000000001,1.2531200000000002,1,1.5
16.08.2021 00:51:10.020,1.2532100000000002,1.2531100000000002,1,1
16.08.2021 00:51:13.897,1.2532200000000002,1.2531100000000002,1,1
16.08.2021 00:51:30.805,1.2532400000000001,1.25314,1,1
16.08.2021 00:51:30.956,1.25325,1.25314,1,1
16.08.2021 00:51:31.406,1.2532400000000001,1.25314,1,1.5
16.08.2021 00:51:31.517,1.2532400000000001,1.25313,1,1
16.08.2021 00:51:31.618,1.25325,1.25314,1,1
16.08.2021 00:51:32.366,1.25323,1.25315,1,1
16.08.2021 00:51:32.467,1.25325,1.25314,1,1
16.08.2021 00:51:43.912,1.25325,1.25316,1,1
16.08.2021 00:51:44.063,1.2532400000000001,1.25316,1,1
16.08.2021 00:51:52.455,1.25329,1.25318,1.5,2.06
16.08.2021 00:51:52.506,1.25329,1.2532,1,1
16.08.2021 00:51:54.157,1.2533,1.2532,1,1
16.08.2021 00:51:57.025,1.2533,1.25319,1,1
16.08.2021 00:51:57.292,1.25328,1.25319,1,1
16.08.2021 00:51:57.501,1.2533100000000001,1.25319,1,1
16.08.2021 00:51:58.647,1.25333,1.2532100000000002,1,1
16.08.2021 00:51:59.874,1.2533200000000002,1.2532100000000002,1,1
16.08.2021 00:52:00.292,1.25333,1.2532100000000002,1,1
16.08.2021 00:52:01.133,1.2533200000000002,1.2532100000000002,1,1
16.08.2021 00:52:01.440,1.25333,1.2532100000000002,1,1
16.08.2021 00:52:03.195,1.2533200000000002,1.25323,1,1
16.08.2021 00:52:03.790,1.25333,1.25323,1,1
16.08.2021 00:52:18.280,1.2533400000000001,1.25323,1,1
16.08.2021 00:52:34.382,1.25335,1.2532400000000001,1,1
16.08.2021 00:52:35.378,1.2533400000000001,1.2532400000000001,1,1
16.08.2021 00:52:37.143,1.25337,1.25326,1,1
16.08.2021 00:52:37.244,1.25337,1.25327,1,1
16.08.2021 00:52:42.363,1.25336,1.25327,1,1
16.08.2021 00:52:42.464,1.25337,1.25327,1,1
16.08.2021 00:52:43.246,1.25338,1.25327,1,1
16.08.2021 00:52:43.347,1.25338,1.2533,1,1
16.08.2021 00:52:43.822,1.25336,1.25329,1,1
16.08.2021 00:52:43.873,1.25336,1.25327,1,1.5
16.08.2021 00:52:48.347,1.25337,1.25327,1,1
16.08.2021 00:52:48.449,1.25345,1.25336,2.25,1.25
16.08.2021 00:52:48.550,1.25348,1.25337,1.5,1.69
16.08.2021 00:52:49.186,1.25349,1.25337,1,1
16.08.2021 00:52:49.875,1.2535100000000001,1.25339,1,1
16.08.2021 00:52:49.977,1.2535100000000001,1.2534,1,1.12
16.08.2021 00:52:50.078,1.2535,1.2534,1,1
16.08.2021 00:52:50.411,1.25353,1.2534200000000002,1,1
16.08.2021 00:52:50.512,1.2535200000000002,1.25343,1,2.12
16.08.2021 00:52:50.714,1.2535200000000002,1.25343,1,1
16.08.2021 00:52:50.815,1.2535200000000002,1.2534200000000002,1,1
16.08.2021 00:52:54.574,1.25353,1.25343,1,1
16.08.2021 00:53:00.411,1.25353,1.2534200000000002,1,1
16.08.2021 00:53:06.934,1.2535,1.25339,1,2
16.08.2021 00:53:06.984,1.2535,1.25338,1,2.7
16.08.2021 00:53:07.086,1.25347,1.25339,1,1
16.08.2021 00:53:09.147,1.25349,1.25338,1,1
16.08.2021 00:53:10.461,1.25348,1.25338,1,1
16.08.2021 00:53:10.913,1.2535,1.2534,1,1
16.08.2021 00:53:11.216,1.2535100000000001,1.2534,1,1
16.08.2021 00:53:15.367,1.2535,1.2534200000000002,1,1
16.08.2021 00:53:20.674,1.2535100000000001,1.2534,1,1.12
16.08.2021 00:53:20.775,1.25349,1.25338,1,1
16.08.2021 00:53:20.877,1.25347,1.25338,1,1
16.08.2021 00:53:20.978,1.2535100000000001,1.2534,1,1.31
16.08.2021 00:53:27.834,1.2535100000000001,1.2534,1,1.75
16.08.2021 00:53:30.036,1.2535100000000001,1.2534100000000001,1,1.75
16.08.2021 00:53:49.151,1.25354,1.25345,1,1
16.08.2021 00:53:49.252,1.25353,1.25345,1,1.1
16.08.2021 00:53:50.141,1.2535200000000002,1.2534200000000002,1,1.6
16.08.2021 00:53:50.243,1.2535200000000002,1.2534200000000002,1,1.1
16.08.2021 00:54:08.951,1.25353,1.2534200000000002,1,1.1
16.08.2021 00:54:09.286,1.2535100000000001,1.25343,1,1.1
16.08.2021 00:54:16.996,1.2535,1.2534100000000001,1,1.22
16.08.2021 00:54:17.047,1.2535,1.25338,1,1.95
16.08.2021 00:54:17.148,1.25348,1.25339,1,1.2
16.08.2021 00:54:17.300,1.25348,1.25336,1,2.97
16.08.2021 00:54:19.252,1.25348,1.25336,1,1.1
16.08.2021 00:54:19.354,1.25343,1.2533400000000001,1,1.5
16.08.2021 00:54:19.455,1.2534200000000002,1.2533200000000002,1,2.54
16.08.2021 00:54:19.557,1.2534200000000002,1.2533100000000001,1,1.01
16.08.2021 00:54:32.272,1.25344,1.25333,1,1.57
16.08.2021 00:54:49.218,1.25344,1.2533400000000001,1.5,1
16.08.2021 00:54:49.269,1.25344,1.2533200000000002,1.5,1.87
16.08.2021 00:54:49.370,1.25343,1.2533100000000001,1,1.51
16.08.2021 00:54:49.471,1.25343,1.2533100000000001,1,1.01
16.08.2021 00:54:49.522,1.2534,1.2533100000000001,1,1.39
16.08.2021 00:54:49.825,1.2534200000000002,1.2533,1,1.39
16.08.2021 00:54:51.364,1.2534200000000002,1.25333,1,1
16.08.2021 00:54:51.493,1.25343,1.25333,1.5,1
16.08.2021 00:54:51.645,1.2534200000000002,1.25336,1.5,1
16.08.2021 00:54:51.696,1.25343,1.25333,1.5,1
16.08.2021 00:54:51.797,1.25343,1.2533400000000001,1,1
16.08.2021 00:54:51.916,1.25344,1.2533400000000001,1.5,1
16.08.2021 00:54:52.018,1.25343,1.2533400000000001,1.5,1
16.08.2021 00:54:52.119,1.2534200000000002,1.2533200000000002,1,1
16.08.2021 00:54:52.170,1.2534100000000001,1.25329,1,3.85
16.08.2021 00:54:52.646,1.2534100000000001,1.25333,1,1
16.08.2021 00:54:52.747,1.2534200000000002,1.25333,1,1
16.08.2021 00:54:52.849,1.2534200000000002,1.2533200000000002,1,1.5
16.08.2021 00:54:52.899,1.25345,1.2533400000000001,1,1.12
16.08.2021 00:54:54.681,1.25346,1.25337,1,1
16.08.2021 00:54:55.758,1.25348,1.25336,1,2.44
16.08.2021 00:54:55.859,1.25348,1.25338,1,1.5
16.08.2021 00:54:57.364,1.25348,1.25338,1,2.16
16.08.2021 00:54:59.264,1.25349,1.25344,1,1.5
16.08.2021 00:54:59.315,1.2535,1.2534200000000002,1,1.01
16.08.2021 00:54:59.366,1.25353,1.2534100000000001,1,1.41
16.08.2021 00:55:00.127,1.2535100000000001,1.2534,1,1.41
16.08.2021 00:55:00.178,1.2535,1.2534100000000001,1,1.2
16.08.2021 00:55:00.389,1.2535500000000002,1.25347,1.5,1.5
16.08.2021 00:55:00.490,1.25359,1.25349,1.5,1.1
16.08.2021 00:55:00.591,1.25359,1.25349,1,1.1
16.08.2021 00:55:17.360,1.2536100000000001,1.25349,1,1.1
16.08.2021 00:55:23.857,1.25357,1.25347,1,1.5
16.08.2021 00:55:24.008,1.25357,1.25346,1,1.12
16.08.2021 00:55:37.913,1.25356,1.25346,1,1
16.08.2021 00:55:55.263,1.25358,1.25347,1,2.44
16.08.2021 00:55:55.565,1.25357,1.25347,1,1
16.08.2021 00:55:56.248,1.25357,1.25346,1,1
16.08.2021 00:56:03.198,1.2535500000000002,1.25347,1,1
16.08.2021 00:56:03.540,1.25356,1.25345,1,1
16.08.2021 00:56:14.567,1.2535,1.25343,1,1.12
16.08.2021 00:56:14.668,1.2535100000000001,1.2534100000000001,1,1.1
16.08.2021 00:56:16.547,1.25349,1.25338,1,1.95
16.08.2021 00:56:16.649,1.25349,1.25339,1,1.01
16.08.2021 00:56:20.045,1.2535,1.25338,1,2.54
16.08.2021 00:56:20.146,1.25349,1.25338,1,2.51
16.08.2021 00:56:25.871,1.25349,1.25339,1,1.25
16.08.2021 00:56:33.025,1.2535100000000001,1.2534100000000001,1,1.1
16.08.2021 00:56:34.364,1.2535,1.2534100000000001,1,1.2
16.08.2021 00:56:37.896,1.2535,1.2534,1,1.12
16.08.2021 00:56:39.314,1.25349,1.25339,1,1.12
16.08.2021 00:56:39.415,1.25349,1.25338,1,1
16.08.2021 00:56:39.626,1.25348,1.25338,1,1
16.08.2021 00:56:40.686,1.25348,1.25337,1,2.89
16.08.2021 00:56:41.087,1.25348,1.25338,1,1
16.08.2021 00:56:45.917,1.25349,1.25338,1,1
16.08.2021 00:56:58.956,1.25349,1.25337,1,2.14
16.08.2021 00:56:59.260,1.25349,1.25338,1,1.25
16.08.2021 00:57:01.160,1.25349,1.25337,1,2.89
16.08.2021 00:57:01.312,1.25349,1.25338,1,1.25
16.08.2021 00:57:02.361,1.25348,1.25338,1,2.89
16.08.2021 00:57:03.246,1.25348,1.25339,1,1.25
16.08.2021 00:57:03.613,1.25349,1.25337,1,2.89
16.08.2021 00:57:04.341,1.25348,1.25339,1,1.25
16.08.2021 00:57:05.214,1.25349,1.25337,1,2.7
16.08.2021 00:57:06.879,1.25348,1.25339,1,1
16.08.2021 00:57:07.602,1.25349,1.25337,1,2.89
16.08.2021 00:57:10.869,1.25348,1.25337,1,2.89
16.08.2021 00:57:23.183,1.25348,1.25338,1,1.69
16.08.2021 00:57:29.809,1.25348,1.25337,1,1.95
16.08.2021 00:57:31.782,1.25344,1.2533400000000001,1,1
16.08.2021 00:57:31.884,1.2534200000000002,1.2533100000000001,1,3.01
16.08.2021 00:57:31.985,1.2534,1.2533,1,2.81
16.08.2021 00:57:40.600,1.25337,1.25326,1,1.5
16.08.2021 00:57:40.701,1.25337,1.25325,1.5,1.1
16.08.2021 00:57:41.384,1.25336,1.25325,1.5,4.39
16.08.2021 00:57:45.859,1.25337,1.2532400000000001,1,2.2
16.08.2021 00:57:54.010,1.25336,1.25325,1,3.82
16.08.2021 00:57:54.112,1.25336,1.25326,1,1
16.08.2021 00:57:54.314,1.25337,1.2532400000000001,1,1.76
16.08.2021 00:58:00.120,1.25337,1.25325,1.5,1
16.08.2021 00:58:01.082,1.25336,1.25325,1.5,2.51
16.08.2021 00:58:03.272,1.25336,1.25327,1,1.69
16.08.2021 00:58:04.409,1.25338,1.25326,1,1.5
16.08.2021 00:58:13.880,1.25337,1.2532400000000001,1.5,3.07
16.08.2021 00:58:14.608,1.25337,1.25325,1,1
16.08.2021 00:58:14.709,1.25336,1.25327,1,1.69
16.08.2021 00:58:24.092,1.25338,1.25327,1,1
16.08.2021 00:58:30.070,1.25338,1.25326,1,2.51
16.08.2021 00:58:40.947,1.25339,1.25326,1.5,2.51
16.08.2021 00:58:43.921,1.25339,1.25329,1,1
16.08.2021 00:58:44.028,1.25339,1.2533,1,1
16.08.2021 00:59:05.084,1.25339,1.25329,1,1
16.08.2021 00:59:16.479,1.2534,1.25329,1,1.1
16.08.2021 00:59:25.606,1.25338,1.25327,1,1
16.08.2021 00:59:25.707,1.25337,1.25327,1,1.1
16.08.2021 00:59:30.130,1.25337,1.2532400000000001,1,2.91
16.08.2021 00:59:32.208,1.25336,1.25325,1,2.97
16.08.2021 00:59:36.687,1.25337,1.25327,1,2.51
16.08.2021 00:59:54.398,1.25335,1.25327,1,1
16.08.2021 00:59:54.448,1.25335,1.2532400000000001,2.25,3.47
16.08.2021 00:59:54.499,1.25329,1.2532,1.5,1.5
16.08.2021 00:59:54.600,1.25328,1.2531700000000001,1.57,3.45
16.08.2021 00:59:54.701,1.25329,1.25316,1.5,3.47
16.08.2021 00:59:54.954,1.25329,1.25318,1,1
16.08.2021 00:59:55.156,1.25329,1.25319,1,1
16.08.2021 00:59:55.408,1.2533,1.25319,1,1
16.08.2021 00:59:55.619,1.25329,1.25318,1,1.2
16.08.2021 00:59:58.054,1.2533100000000001,1.2532100000000002,1,1.57
16.08.2021 00:59:59.201,1.2533100000000001,1.2532,1,1.1
16.08.2021 01:00:02.066,1.2533,1.25319,1,1.6
16.08.2021 01:00:02.368,1.2533,1.2531700000000001,1.5,1.85
16.08.2021 01:00:02.470,1.25328,1.25318,1,1.01
16.08.2021 01:00:02.571,1.25328,1.2531700000000001,1.5,1.1
16.08.2021 01:00:03.474,1.25326,1.25316,1,1.39
16.08.2021 01:00:03.575,1.25329,1.2531700000000001,1,1.1
16.08.2021 01:00:04.062,1.25329,1.25319,1,1
16.08.2021 01:00:05.675,1.2533,1.2532100000000002,1,1
16.08.2021 01:00:06.129,1.2533200000000002,1.2532,1,1.2
16.08.2021 01:00:06.236,1.2533200000000002,1.2532100000000002,1,1.1
16.08.2021 01:00:08.827,1.25336,1.2532400000000001,1,2.32
16.08.2021 01:00:09.094,1.25336,1.25325,1,1
16.08.2021 01:00:12.993,1.25336,1.2532400000000001,1,1.5
16.08.2021 01:00:13.095,1.2533400000000001,1.25325,1,1.5
16.08.2021 01:00:13.196,1.2533400000000001,1.2532100000000002,1.5,2.26
16.08.2021 01:00:13.254,1.2533100000000001,1.2532200000000002,1,1.2
16.08.2021 01:00:14.517,1.2533100000000001,1.2532,1,1.2
16.08.2021 01:00:18.234,1.2533,1.25319,1,1.12
16.08.2021 01:00:18.993,1.2533100000000001,1.2532,1,1
16.08.2021 01:00:19.791,1.2533,1.25319,1,1.97
16.08.2021 01:00:19.943,1.25329,1.25318,1,1.6
16.08.2021 01:00:22.008,1.2533100000000001,1.2532,1,1
16.08.2021 01:00:25.895,1.2533100000000001,1.2532100000000002,1,1.1
16.08.2021 01:00:29.885,1.2533100000000001,1.2532100000000002,1,1.1
16.08.2021 01:00:31.012,1.2533200000000002,1.2532100000000002,1.5,1.6
16.08.2021 01:00:37.271,1.2533100000000001,1.2532200000000002,1,1.1
16.08.2021 01:00:37.423,1.2533200000000002,1.2532200000000002,1,1
16.08.2021 01:00:50.817,1.2533200000000002,1.2532,1,1.57
16.08.2021 01:00:53.520,1.2533100000000001,1.2532100000000002,1,1.6
16.08.2021 01:00:53.770,1.2533,1.2532100000000002,1,1
16.08.2021 01:01:02.688,1.2533100000000001,1.2532100000000002,1,1
16.08.2021 01:01:05.472,1.2533100000000001,1.2532,1,1.5
16.08.2021 01:01:06.979,1.2533200000000002,1.2532200000000002,1,1
16.08.2021 01:01:11.138,1.2533200000000002,1.25323,1,1
16.08.2021 01:01:17.052,1.25333,1.25323,1,1
16.08.2021 01:01:21.295,1.25333,1.2532200000000002,1,1
16.08.2021 01:01:24.034,1.25333,1.2532400000000001,1,1
16.08.2021 01:01:25.604,1.2533400000000001,1.2532400000000001,1,1
16.08.2021 01:01:31.570,1.25335,1.2532200000000002,1,1.1
16.08.2021 01:02:00.588,1.25337,1.25325,1,2.45
16.08.2021 01:02:00.639,1.2534,1.2533,1.57,1
16.08.2021 01:02:00.690,1.25343,1.2533200000000002,1.5,1
16.08.2021 01:02:00.791,1.25343,1.25333,1,1.1
16.08.2021 01:02:04.672,1.25344,1.2533,1,2.47
16.08.2021 01:02:07.632,1.25344,1.2533200000000002,1.5,1.57
16.08.2021 01:02:07.734,1.25345,1.25333,1.5,1.1
16.08.2021 01:02:07.835,1.25348,1.25336,1,1.1
16.08.2021 01:02:07.987,1.25348,1.25336,1,1.22
16.08.2021 01:02:09.987,1.25348,1.25337,1,1.97
16.08.2021 01:02:27.898,1.25344,1.25337,1,2.72
16.08.2021 01:02:34.437,1.25343,1.25336,1,1.5
16.08.2021 01:02:37.415,1.2535,1.25336,1.5,1.22
16.08.2021 01:02:37.895,1.25343,1.25336,1,1
16.08.2021 01:02:43.941,1.25349,1.25337,1.5,1.22
16.08.2021 01:02:45.807,1.25346,1.25335,1,1.5
16.08.2021 01:02:45.857,1.25344,1.2533,1,2.91
16.08.2021 01:02:45.958,1.25343,1.2533100000000001,1.5,2.16
16.08.2021 01:02:46.901,1.25343,1.2533100000000001,1.1,1.2
16.08.2021 01:02:49.110,1.2534200000000002,1.2533,1.5,1.85
16.08.2021 01:02:52.360,1.25336,1.25329,1,1
16.08.2021 01:02:53.020,1.2534200000000002,1.2533,1.5,1.41
16.08.2021 01:02:53.139,1.25336,1.2533,1,2.89
16.08.2021 01:02:56.322,1.25343,1.25329,1.12,1.41
16.08.2021 01:02:57.979,1.25336,1.2533,1,2.89
16.08.2021 01:03:01.098,1.25337,1.2533,1,2.89
16.08.2021 01:03:03.635,1.25337,1.2533,1,1.41
16.08.2021 01:03:06.910,1.25338,1.25328,1,2.85
16.08.2021 01:03:07.013,1.25337,1.25328,1,2.07
16.08.2021 01:03:07.115,1.25336,1.25329,1,1.95
16.08.2021 01:03:09.627,1.25336,1.2533,1,1
16.08.2021 01:03:13.494,1.25336,1.25328,1,1.2
16.08.2021 01:03:21.536,1.25336,1.25327,1,1.87
16.08.2021 01:03:21.637,1.2533100000000001,1.25325,1,1.1
16.08.2021 01:03:21.738,1.2533100000000001,1.2532400000000001,1,2.62
16.08.2021 01:03:23.110,1.2533100000000001,1.2532200000000002,1,2.07
16.08.2021 01:03:23.212,1.2533100000000001,1.2532200000000002,1,1.95
16.08.2021 01:03:29.914,1.2533,1.25323,1,1.6
16.08.2021 01:03:36.312,1.2533100000000001,1.2532200000000002,1,1.2
16.08.2021 01:03:40.604,1.25329,1.25323,1,1.5
16.08.2021 01:03:40.705,1.25329,1.2532,1,1.2
16.08.2021 01:03:41.264,1.25325,1.25318,1,2.7
16.08.2021 01:03:41.522,1.25326,1.25316,1,1.95
16.08.2021 01:03:41.624,1.2532400000000001,1.25315,1,1.6
16.08.2021 01:03:41.725,1.2532400000000001,1.25315,1,1.1
16.08.2021 01:03:43.647,1.2532400000000001,1.25314,1,1.39
16.08.2021 01:03:49.895,1.2532200000000002,1.25315,1,1.31
16.08.2021 01:03:51.397,1.2532100000000002,1.25315,1,1.31
16.08.2021 01:03:53.607,1.25323,1.25315,1,2.06
16.08.2021 01:03:53.708,1.2532400000000001,1.25315,1,2.89
16.08.2021 01:03:54.063,1.25323,1.25316,1,2.91
16.08.2021 01:03:54.593,1.25327,1.2532,1,1
16.08.2021 01:03:59.243,1.25326,1.25319,1,1
16.08.2021 01:03:59.344,1.25327,1.2531700000000001,1,1.2
16.08.2021 01:03:59.707,1.25326,1.2531700000000001,1,1.12
16.08.2021 01:04:01.773,1.25327,1.2531700000000001,1,1
16.08.2021 01:04:01.936,1.25326,1.25319,1,1
16.08.2021 01:04:01.987,1.25329,1.25319,1,2.25
16.08.2021 01:04:02.088,1.25329,1.2532,1,1
16.08.2021 01:04:10.753,1.25329,1.25319,1,2.7
16.08.2021 01:04:16.690,1.2532400000000001,1.25318,1,1.87
16.08.2021 01:04:17.068,1.25323,1.25314,1,1.95
16.08.2021 01:04:27.693,1.25325,1.25314,1,1.2
16.08.2021 01:04:49.077,1.25328,1.2532,1,1.5
16.08.2021 01:04:49.178,1.2533,1.25319,1,1.57
16.08.2021 01:04:49.279,1.2533,1.25319,1,2.72
16.08.2021 01:04:50.122,1.25327,1.25316,1,2.75
16.08.2021 01:04:50.325,1.25326,1.2531700000000001,1,1.5
16.08.2021 01:04:50.426,1.25327,1.25315,1,1.2
16.08.2021 01:04:50.527,1.25325,1.25316,1,1.12
16.08.2021 01:04:50.628,1.2532400000000001,1.25316,1,1.12
16.08.2021 01:04:56.032,1.25325,1.2531700000000001,1,1
16.08.2021 01:04:59.595,1.2533,1.2532100000000002,1,1.1
16.08.2021 01:04:59.696,1.2533,1.2532200000000002,1,1.1
16.08.2021 01:04:59.797,1.2533100000000001,1.2532100000000002,1,1.1
16.08.2021 01:05:03.104,1.25337,1.25327,1,1
16.08.2021 01:05:03.205,1.25337,1.25328,1,1.1
16.08.2021 01:05:03.306,1.2534200000000002,1.2533200000000002,1,2.25
16.08.2021 01:05:08.886,1.2534100000000001,1.2533200000000002,1,1
16.08.2021 01:05:14.806,1.2534200000000002,1.2533200000000002,1,1.1
16.08.2021 01:05:18.649,1.25338,1.25329,1,1.31
16.08.2021 01:05:21.490,1.2534,1.25333,1,2.25
16.08.2021 01:05:21.694,1.2534,1.25333,1,2.75
16.08.2021 01:05:24.559,1.2534,1.2533,1,1.41
16.08.2021 01:05:37.099,1.25339,1.2533,1,1.1
16.08.2021 01:05:40.997,1.25339,1.2533,1,1.1
16.08.2021 01:05:45.711,1.2534,1.2533,1,1.1
16.08.2021 01:05:52.723,1.25339,1.2533,1,1.1
16.08.2021 01:05:55.999,1.2534100000000001,1.25333,1,2.72
16.08.2021 01:05:56.101,1.25343,1.2533400000000001,1,1.57
16.08.2021 01:05:56.521,1.2534200000000002,1.2533200000000002,1,1.6
16.08.2021 01:05:56.622,1.2534100000000001,1.2533100000000001,1,1.85
16.08.2021 01:05:56.890,1.2534100000000001,1.2533,1,2.35
16.08.2021 01:05:56.991,1.25337,1.2533,1,1.1
16.08.2021 01:06:00.625,1.25337,1.2533,1,1.1
16.08.2021 01:06:01.009,1.25337,1.25329,1,1.1
16.08.2021 01:06:01.111,1.25333,1.25325,1,1.1
16.08.2021 01:06:01.313,1.25333,1.2532400000000001,1,1.1
16.08.2021 01:06:10.110,1.25333,1.25325,1,1
16.08.2021 01:06:10.211,1.25333,1.25326,1,1
16.08.2021 01:06:13.008,1.25335,1.25325,1,1
16.08.2021 01:06:15.711,1.25337,1.25327,1,1.1
16.08.2021 01:06:15.812,1.25339,1.25327,1,1.1
16.08.2021 01:06:16.033,1.25337,1.25328,1,1.1
16.08.2021 01:06:16.235,1.25339,1.25326,1,1.97
16.08.2021 01:06:16.337,1.25338,1.25326,1,1.97
16.08.2021 01:06:16.494,1.25337,1.25327,1,1.95
16.08.2021 01:06:16.596,1.25338,1.25328,1,1
16.08.2021 01:06:16.849,1.25337,1.25326,1,1.2
16.08.2021 01:06:26.637,1.25335,1.25327,1,1.1
16.08.2021 01:06:39.284,1.25336,1.25325,1,1.1
16.08.2021 01:07:01.046,1.25337,1.25326,1,1
16.08.2021 01:07:01.147,1.25337,1.25325,1,1.1
16.08.2021 01:07:01.400,1.25337,1.25326,1,1
16.08.2021 01:07:01.501,1.25337,1.25325,1,1.1
16.08.2021 01:07:10.899,1.25336,1.25325,1,1.5
16.08.2021 01:07:11.987,1.25333,1.2532400000000001,1,1
16.08.2021 01:07:12.038,1.2533200000000002,1.2532100000000002,1,1.2
16.08.2021 01:07:15.516,1.2533100000000001,1.2532100000000002,1,1
16.08.2021 01:07:18.157,1.25333,1.2532100000000002,1,1
16.08.2021 01:07:19.945,1.2533200000000002,1.2532100000000002,1,1.1
16.08.2021 01:07:21.127,1.2533100000000001,1.2532100000000002,1,1.1
16.08.2021 01:07:30.965,1.25329,1.2531700000000001,1,1.6
16.08.2021 01:07:31.170,1.25328,1.25318,1,1
16.08.2021 01:07:35.704,1.25329,1.25316,1,1.12
16.08.2021 01:07:35.805,1.25327,1.25315,1,1.5
16.08.2021 01:07:36.249,1.25325,1.25313,1,2.1
16.08.2021 01:07:36.419,1.25325,1.25313,1,1.1
16.08.2021 01:07:53.232,1.2532400000000001,1.25313,1,1.1
16.08.2021 01:07:58.895,1.25325,1.25313,1,1
16.08.2021 01:08:12.318,1.25325,1.25314,1,1.87
16.08.2021 01:08:12.420,1.25325,1.25315,1,1.12
16.08.2021 01:08:13.639,1.25325,1.25314,1,1.12
16.08.2021 01:08:16.783,1.25325,1.25313,1,1.12
16.08.2021 01:08:17.451,1.2532400000000001,1.25313,1,1.12
16.08.2021 01:08:20.152,1.25328,1.25316,1,1
16.08.2021 01:08:44.856,1.25329,1.25319,1,1.12
16.08.2021 01:08:44.958,1.2533,1.25318,1,1.6
16.08.2021 01:08:56.972,1.25333,1.2532100000000002,1,1.62
16.08.2021 01:08:57.073,1.2533200000000002,1.25325,1,1.5
16.08.2021 01:08:57.175,1.2533400000000001,1.2532400000000001,1,1.69
16.08.2021 01:09:16.707,1.2533400000000001,1.25323,1,1.12
16.08.2021 01:09:16.809,1.25333,1.2532200000000002,1,1.51
16.08.2021 01:09:16.910,1.25333,1.2532200000000002,1,1.39
16.08.2021 01:09:36.840,1.2533200000000002,1.2532100000000002,1,1
16.08.2021 01:09:36.992,1.25333,1.2532100000000002,1,1
16.08.2021 01:09:44.566,1.2533200000000002,1.2532100000000002,1,1
16.08.2021 01:09:58.371,1.25333,1.2532200000000002,1,1
16.08.2021 01:09:58.473,1.25333,1.2532100000000002,1,1.1
16.08.2021 01:09:59.023,1.2533200000000002,1.2532100000000002,1,1.12
16.08.2021 01:09:59.292,1.25333,1.2532100000000002,1,1.12
16.08.2021 01:10:00.544,1.2533200000000002,1.2532100000000002,1,1.12
16.08.2021 01:10:02.967,1.25333,1.2532100000000002,1,1.12
16.08.2021 01:10:04.341,1.2533200000000002,1.2532100000000002,1,1.12
16.08.2021 01:10:04.493,1.2533100000000001,1.2532,1,1.1
16.08.2021 01:10:08.598,1.25327,1.25318,1,1.6
16.08.2021 01:10:08.649,1.25328,1.2531700000000001,1,1
16.08.2021 01:10:08.859,1.25326,1.25316,1,1.1
16.08.2021 01:10:08.910,1.2532400000000001,1.25313,1,2.52
16.08.2021 01:10:09.061,1.2532400000000001,1.25313,1,1
16.08.2021 01:10:09.162,1.2532400000000001,1.25314,1,1
16.08.2021 01:10:09.818,1.25323,1.25314,1,1
16.08.2021 01:10:40.749,1.25323,1.25313,1,1
16.08.2021 01:10:45.324,1.25323,1.25314,1,1
16.08.2021 01:10:55.761,1.25323,1.25313,1,1
16.08.2021 01:11:01.691,1.25323,1.25314,1,1.1
16.08.2021 01:11:02.541,1.2532200000000002,1.25314,1,1
16.08.2021 01:11:09.534,1.2532400000000001,1.25313,1,1
16.08.2021 01:11:09.635,1.2532200000000002,1.25314,1,1
16.08.2021 01:11:29.552,1.2532400000000001,1.25313,1,1
16.08.2021 01:11:32.526,1.25323,1.25313,1,1
16.08.2021 01:11:32.851,1.25323,1.2531200000000002,1,1.57
16.08.2021 01:11:33.208,1.25318,1.25309,1,2.07
16.08.2021 01:11:33.259,1.2532100000000002,1.2530700000000001,1,3.84
16.08.2021 01:11:33.360,1.2531700000000001,1.25306,1,1.1
16.08.2021 01:11:58.517,1.25315,1.25304,1,1.12
16.08.2021 01:11:58.619,1.25316,1.25304,1,1.87
16.08.2021 01:12:00.080,1.2531200000000002,1.25302,1,1
16.08.2021 01:12:00.181,1.2531200000000002,1.2530100000000002,1,1.12
16.08.2021 01:12:02.144,1.2531200000000002,1.2530000000000001,1,1.95
16.08.2021 01:12:03.429,1.2531,1.2530000000000001,1,1.12
16.08.2021 01:12:10.660,1.25309,1.25298,1,1.2
16.08.2021 01:13:15.679,1.2531100000000002,1.25303,1,1
16.08.2021 01:13:15.780,1.2531200000000002,1.25304,1,1
16.08.2021 01:13:18.870,1.25315,1.25305,1,1
16.08.2021 01:13:19.022,1.25316,1.25305,1,1
16.08.2021 01:13:19.489,1.2531700000000001,1.25305,1,1
16.08.2021 01:13:21.178,1.25316,1.25305,1,1.2
16.08.2021 01:13:27.919,1.25314,1.25305,1,1
16.08.2021 01:13:28.020,1.25309,1.2530100000000002,1,1.5
16.08.2021 01:13:28.122,1.25309,1.2530100000000002,1,1
16.08.2021 01:13:39.621,1.2531200000000002,1.2530100000000002,1,1.1
16.08.2021 01:13:44.514,1.2531100000000002,1.25302,1,1.1
16.08.2021 01:13:44.615,1.25313,1.2530100000000002,1,1.1
16.08.2021 01:13:48.455,1.2531200000000002,1.25304,1,1
16.08.2021 01:13:48.776,1.25316,1.25305,1,1
16.08.2021 01:13:49.405,1.2531700000000001,1.25305,1,1.1
16.08.2021 01:13:50.645,1.2531700000000001,1.25306,1,1
16.08.2021 01:14:00.801,1.25318,1.25306,1,1.57
16.08.2021 01:14:00.903,1.2531700000000001,1.25308,1,1
16.08.2021 01:14:45.028,1.25319,1.2530700000000001,1,1
16.08.2021 01:14:58.642,1.25319,1.25308,1,1
16.08.2021 01:15:01.012,1.25319,1.2530700000000001,1,1
16.08.2021 01:15:01.113,1.2532,1.2530700000000001,1,1
16.08.2021 01:15:01.403,1.25318,1.25308,1,1
16.08.2021 01:15:02.868,1.2532,1.2530700000000001,1,1
16.08.2021 01:15:11.018,1.25318,1.25306,1,1.12
16.08.2021 01:15:16.609,1.25314,1.25304,1,1.5
16.08.2021 01:15:16.710,1.25314,1.2530100000000002,1,2.82
16.08.2021 01:15:16.811,1.25314,1.2530100000000002,1,1.2
16.08.2021 01:15:17.037,1.25313,1.2530100000000002,1,1.1
16.08.2021 01:15:17.139,1.2531200000000002,1.2530100000000002,1,1.1
16.08.2021 01:15:25.295,1.2531200000000002,1.2530000000000001,1,1
16.08.2021 01:15:34.484,1.25318,1.25304,1.5,1.57
16.08.2021 01:15:34.535,1.25318,1.25306,1,1
16.08.2021 01:15:40.191,1.25319,1.25306,1.5,1
16.08.2021 01:15:40.631,1.2531700000000001,1.2530700000000001,1,1
16.08.2021 01:15:44.064,1.25319,1.25306,1.5,1
16.08.2021 01:15:47.625,1.2531700000000001,1.2530700000000001,1,1
16.08.2021 01:15:49.594,1.25319,1.25306,1.5,1
16.08.2021 01:15:52.185,1.25318,1.25306,1,1
16.08.2021 01:15:57.798,1.25319,1.25306,1.5,1
16.08.2021 01:15:57.899,1.2531700000000001,1.2530700000000001,1,1
16.08.2021 01:15:59.935,1.2532100000000002,1.25308,1,2.7
16.08.2021 01:16:01.623,1.2532200000000002,1.2531,1,1.12
16.08.2021 01:16:01.774,1.25325,1.2531200000000002,1.5,2.32
16.08.2021 01:16:01.825,1.25325,1.25314,1,1
16.08.2021 01:16:01.926,1.25326,1.25314,1,1
16.08.2021 01:16:03.843,1.25327,1.2531700000000001,1,1
16.08.2021 01:16:07.777,1.25328,1.25315,1,1.1
16.08.2021 01:16:10.490,1.25326,1.25314,1,1.12
16.08.2021 01:16:10.592,1.25325,1.25314,1,1
16.08.2021 01:16:14.581,1.2532100000000002,1.25313,1,1
16.08.2021 01:16:14.682,1.2532100000000002,1.25309,1,1.5
16.08.2021 01:16:14.793,1.2532100000000002,1.25309,1,1
16.08.2021 01:16:14.894,1.2532,1.25308,1,2.07
16.08.2021 01:16:20.910,1.2532100000000002,1.2530700000000001,1,1.2
16.08.2021 01:16:26.347,1.2532100000000002,1.2530700000000001,1,1.22
16.08.2021 01:16:35.420,1.2532200000000002,1.25308,1.5,1.1
16.08.2021 01:16:35.761,1.2532200000000002,1.2531100000000002,1,1.1
16.08.2021 01:16:35.812,1.25325,1.2531200000000002,1.12,1.57
16.08.2021 01:16:35.913,1.2532400000000001,1.25313,1.12,1.6
16.08.2021 01:16:36.232,1.25326,1.25315,1.5,1.1
16.08.2021 01:16:43.245,1.25329,1.25316,1.5,2.82
16.08.2021 01:16:44.309,1.25329,1.25318,1,1.1
16.08.2021 01:16:48.111,1.2533100000000001,1.2531700000000001,1.5,1.1
16.08.2021 01:16:57.228,1.25328,1.2531700000000001,1,1
16.08.2021 01:16:57.279,1.25327,1.25313,1,3.22
16.08.2021 01:16:58.604,1.25326,1.25313,1,1.57
16.08.2021 01:17:06.440,1.2532100000000002,1.2531,1.5,1.95
16.08.2021 01:17:09.052,1.2532100000000002,1.25308,1,1.5
16.08.2021 01:17:24.467,1.2532,1.2530700000000001,1,1.6
16.08.2021 01:17:25.963,1.2532,1.2530700000000001,1,1
16.08.2021 01:17:26.489,1.25318,1.25308,1,1
16.08.2021 01:17:28.987,1.25319,1.25305,1.5,1.87
16.08.2021 01:17:31.902,1.25318,1.25305,1,1.5
16.08.2021 01:17:42.963,1.25318,1.25306,1,1
16.08.2021 01:17:43.065,1.25318,1.2530700000000001,1,1
16.08.2021 01:17:49.205,1.25318,1.25306,1,1
16.08.2021 01:18:08.883,1.25314,1.25303,1.5,1
16.08.2021 01:18:08.991,1.25314,1.25302,1.5,1
16.08.2021 01:18:12.984,1.25314,1.2530100000000002,1.5,1.5
16.08.2021 01:18:13.085,1.25313,1.2530100000000002,1,1
16.08.2021 01:18:13.702,1.25313,1.25299,1.57,1.12
16.08.2021 01:18:17.509,1.25313,1.25299,1,1.22
16.08.2021 01:18:25.389,1.25313,1.25299,1,1.95
16.08.2021 01:18:33.642,1.25313,1.2530000000000001,1,1
16.08.2021 01:19:20.394,1.2531200000000002,1.25299,1,1.12
16.08.2021 01:19:20.495,1.2531,1.25299,1,1.12
16.08.2021 01:19:20.597,1.25308,1.25298,1,1
16.08.2021 01:19:20.698,1.2531,1.25298,1,1
16.08.2021 01:19:21.371,1.2531100000000002,1.25298,1,1.5
16.08.2021 01:19:21.472,1.2531200000000002,1.25298,1.5,1.5
16.08.2021 01:19:25.513,1.2531100000000002,1.25298,1,1.5
16.08.2021 01:19:30.426,1.25313,1.25303,1,1.12
16.08.2021 01:19:30.527,1.25315,1.25302,1.5,1.12
16.08.2021 01:19:54.853,1.2531700000000001,1.25304,2.25,1.87
16.08.2021 01:19:54.955,1.25318,1.25305,1.5,1.1
16.08.2021 01:19:55.056,1.25318,1.25306,1,1
16.08.2021 01:19:55.989,1.25319,1.25306,1.5,1.1
16.08.2021 01:19:56.090,1.25318,1.25306,1,1
16.08.2021 01:20:00.145,1.2531700000000001,1.25306,1,1
16.08.2021 01:20:06.462,1.2531700000000001,1.2530700000000001,1,1.6
16.08.2021 01:20:06.563,1.25318,1.2530700000000001,1.5,1.6
16.08.2021 01:20:17.627,1.25318,1.2530700000000001,1,1.12
16.08.2021 01:20:17.779,1.25316,1.2530700000000001,1,1
16.08.2021 01:20:24.552,1.25318,1.25306,1,1
16.08.2021 01:20:39.372,1.25318,1.25305,1,2.62
16.08.2021 01:20:43.051,1.2531700000000001,1.25305,1,1.5
16.08.2021 01:20:51.415,1.2531700000000001,1.25306,1,1.5
16.08.2021 01:21:00.550,1.2531700000000001,1.25305,1,1.5
16.08.2021 01:21:00.661,1.25318,1.25305,1,1.5
16.08.2021 01:21:04.480,1.25318,1.25306,1.57,1.5
16.08.2021 01:21:05.186,1.25318,1.25305,1,1.5
16.08.2021 01:21:13.056,1.25316,1.25306,1,1
16.08.2021 01:21:13.923,1.25314,1.25302,1.5,1.5
16.08.2021 01:21:14.024,1.2531200000000002,1.2530000000000001,1.5,2.62
16.08.2021 01:21:14.292,1.2531200000000002,1.25299,1.5,1.87
16.08.2021 01:21:17.568,1.2531100000000002,1.25298,1.5,1.5
16.08.2021 01:21:21.780,1.2531,1.25298,1,1.5
16.08.2021 01:21:21.901,1.2531,1.25298,1,1
16.08.2021 01:21:55.879,1.25309,1.25298,1.57,1.12
16.08.2021 01:22:00.428,1.25309,1.2529700000000001,1,1.12
16.08.2021 01:22:08.897,1.25305,1.2529299999999999,1.5,2
16.08.2021 01:22:08.948,1.25304,1.2529299999999999,1,1.5
16.08.2021 01:22:09.427,1.25302,1.2529100000000002,1.5,1.5
16.08.2021 01:22:11.780,1.25303,1.2529000000000001,1.57,1.12
16.08.2021 01:22:13.898,1.2530100000000002,1.2529100000000002,1,1.12
16.08.2021 01:22:14.228,1.25302,1.2529000000000001,1,1.5
16.08.2021 01:22:16.820,1.25303,1.2529000000000001,1,1.5
16.08.2021 01:22:24.507,1.25302,1.2529100000000002,1,1.12
16.08.2021 01:22:32.231,1.25303,1.2529000000000001,1,2
16.08.2021 01:22:41.151,1.25303,1.2529100000000002,1.57,2
16.08.2021 01:23:01.455,1.25308,1.25296,1,1
16.08.2021 01:23:01.556,1.25305,1.25294,1,2
16.08.2021 01:23:01.657,1.25306,1.2529299999999999,1,1.87
16.08.2021 01:23:03.203,1.25304,1.2529100000000002,1,1.87
16.08.2021 01:23:06.271,1.25304,1.2529000000000001,1.1,1.87
16.08.2021 01:23:12.007,1.25303,1.2529000000000001,1,1.87
16.08.2021 01:23:16.904,1.25303,1.2529100000000002,1,1.87
16.08.2021 01:23:34.219,1.25304,1.2529000000000001,1,1.5
16.08.2021 01:24:03.455,1.25306,1.25295,1,1.5
16.08.2021 01:24:03.506,1.25308,1.25296,1,1.12
16.08.2021 01:24:03.607,1.25309,1.25295,1,1.62
16.08.2021 01:24:03.709,1.25309,1.25295,1,1.5
16.08.2021 01:24:04.101,1.25308,1.25296,1,1.62
16.08.2021 01:24:14.622,1.2531,1.25295,1.5,2.85
16.08.2021 01:24:19.430,1.2531,1.2530000000000001,1.5,1
16.08.2021 01:24:19.481,1.25313,1.2530000000000001,1.5,1.1
16.08.2021 01:24:19.633,1.2531200000000002,1.25298,1.5,3.04
16.08.2021 01:24:21.597,1.2531100000000002,1.25302,1,2.07
16.08.2021 01:24:21.648,1.25313,1.25302,1,2.82
16.08.2021 01:24:21.749,1.25316,1.25303,1.5,1.12
16.08.2021 01:24:29.719,1.25314,1.25302,1,3.22
16.08.2021 01:24:31.800,1.25315,1.2530100000000002,1,3.22
16.08.2021 01:24:39.308,1.25315,1.25303,1,1
16.08.2021 01:24:39.409,1.25315,1.25304,1.5,1.2
16.08.2021 01:24:53.957,1.25314,1.2530100000000002,1.5,3
16.08.2021 01:24:54.059,1.25313,1.2530100000000002,1.5,2.25
16.08.2021 01:24:54.160,1.25313,1.2530000000000001,1.57,1.87
16.08.2021 01:24:54.948,1.2531100000000002,1.2530100000000002,1,1.12
16.08.2021 01:25:01.011,1.2531100000000002,1.2530000000000001,1.5,1
16.08.2021 01:25:04.762,1.25313,1.2530100000000002,1,2.56
16.08.2021 01:25:04.813,1.25316,1.25303,1.5,1.87
16.08.2021 01:25:20.622,1.25313,1.25299,1.5,3.12
16.08.2021 01:25:20.825,1.25313,1.25299,1.5,2.62
16.08.2021 01:25:25.287,1.2531100000000002,1.2530000000000001,1,1.12
16.08.2021 01:25:38.913,1.25309,1.25296,1,1.5
16.08.2021 01:25:39.115,1.25309,1.25296,1.5,1.12
16.08.2021 01:25:44.760,1.25306,1.25296,1,1.5
16.08.2021 01:25:44.811,1.25306,1.25295,1,1.87
16.08.2021 01:25:44.962,1.25305,1.25294,1,2
16.08.2021 01:25:45.064,1.25306,1.2529299999999999,1,1
16.08.2021 01:26:02.954,1.25305,1.25295,1,1.12
16.08.2021 01:26:03.005,1.25308,1.25295,1.12,1.87
16.08.2021 01:26:07.907,1.25308,1.25296,1.5,2.25
16.08.2021 01:26:12.526,1.25308,1.25294,1,2
16.08.2021 01:26:12.679,1.25305,1.25294,1,1.12
16.08.2021 01:26:12.882,1.25305,1.2529299999999999,1,1.12
16.08.2021 01:26:30.102,1.25303,1.2529299999999999,1.5,1
16.08.2021 01:26:30.203,1.25303,1.25292,1.5,1
16.08.2021 01:26:30.304,1.25303,1.25289,1.5,1.5
16.08.2021 01:26:46.795,1.2530100000000002,1.2529000000000001,1,1.5
16.08.2021 01:26:49.362,1.2530100000000002,1.25288,1.5,1.12
16.08.2021 01:26:53.503,1.2529700000000001,1.25289,1,1.12
16.08.2021 01:26:53.554,1.2529700000000001,1.25285,1,1.5
16.08.2021 01:26:53.605,1.25294,1.25284,1,1.2
16.08.2021 01:26:53.655,1.25294,1.2528100000000002,1.5,3.87
16.08.2021 01:26:53.756,1.25294,1.2528100000000002,1.5,1.12
16.08.2021 01:26:54.352,1.25292,1.25282,1,1.12
16.08.2021 01:26:55.490,1.25294,1.2528000000000001,1,2.07
16.08.2021 01:26:57.570,1.2529299999999999,1.25279,1,2.82
16.08.2021 01:27:14.119,1.2529299999999999,1.2528100000000002,1.5,1.12
16.08.2021 01:27:19.891,1.2529299999999999,1.2528000000000001,1,1.12
16.08.2021 01:27:19.993,1.2529299999999999,1.2528100000000002,1.5,1.12
16.08.2021 01:27:20.094,1.25292,1.25282,1,1
16.08.2021 01:27:20.195,1.25292,1.2528100000000002,1,1.12
16.08.2021 01:27:30.474,1.2529299999999999,1.2528000000000001,1.5,2.37
16.08.2021 01:27:30.685,1.2529299999999999,1.25279,1,2.37
16.08.2021 01:27:34.895,1.2529299999999999,1.2528000000000001,1.5,3.5
16.08.2021 01:27:45.827,1.2529299999999999,1.2528000000000001,1,1.12
16.08.2021 01:27:48.301,1.2529299999999999,1.2528100000000002,1,1.12
16.08.2021 01:27:49.405,1.2529299999999999,1.2528000000000001,1,1.12
16.08.2021 01:28:05.247,1.2529299999999999,1.2528100000000002,1.5,1.87
16.08.2021 01:28:08.167,1.2529299999999999,1.2528000000000001,1,1.12
16.08.2021 01:28:19.380,1.2529299999999999,1.2528100000000002,1,1.5
16.08.2021 01:28:19.431,1.25295,1.25282,1,1
16.08.2021 01:28:19.532,1.2529299999999999,1.25279,1,2.75
16.08.2021 01:28:19.636,1.2529299999999999,1.25279,1,2.62
16.08.2021 01:28:20.609,1.25294,1.25282,1.5,1
16.08.2021 01:28:20.710,1.25294,1.2528000000000001,1,1.12
16.08.2021 01:28:20.837,1.25292,1.2528000000000001,1,2.82
16.08.2021 01:28:21.284,1.2529299999999999,1.2528100000000002,1,1.12
16.08.2021 01:28:21.386,1.25292,1.2528100000000002,1,1.12
16.08.2021 01:28:25.933,1.25294,1.2528000000000001,1.5,1.12
16.08.2021 01:28:30.856,1.2529299999999999,1.2528000000000001,1,1.12
16.08.2021 01:28:39.880,1.2529299999999999,1.2528100000000002,1,1
16.08.2021 01:28:39.982,1.25294,1.2528100000000002,1,1.12
16.08.2021 01:28:41.708,1.2529299999999999,1.25284,1,1
16.08.2021 01:28:41.809,1.25295,1.2528100000000002,1.5,1.5
16.08.2021 01:28:41.927,1.25295,1.2528100000000002,1.5,1.12
16.08.2021 01:28:43.571,1.2529299999999999,1.2528100000000002,1,1
16.08.2021 01:29:00.328,1.2529700000000001,1.25285,1,2.62
16.08.2021 01:29:00.429,1.25298,1.25285,1.12,2.62
16.08.2021 01:29:00.530,1.2529700000000001,1.25286,1.12,2.75
16.08.2021 01:29:01.153,1.25299,1.25286,1.5,1.12
16.08.2021 01:29:01.255,1.25299,1.2528700000000002,1,2.62
16.08.2021 01:29:04.565,1.2530100000000002,1.2528700000000002,1.5,1
16.08.2021 01:29:04.666,1.2530100000000002,1.25289,1.5,1
16.08.2021 01:29:04.768,1.2530000000000001,1.25288,1,2.25
16.08.2021 01:29:04.869,1.2530100000000002,1.2528700000000002,1,2.37
16.08.2021 01:29:07.616,1.2530100000000002,1.2528700000000002,1.5,1.12
16.08.2021 01:29:10.724,1.2530000000000001,1.2528700000000002,1,1.12
16.08.2021 01:29:20.846,1.25299,1.25286,1,2.75
16.08.2021 01:29:20.947,1.25298,1.25284,1,1.5
16.08.2021 01:29:20.997,1.25298,1.25284,1,1.12
16.08.2021 01:29:22.582,1.25296,1.25284,1.5,1.12
16.08.2021 01:29:36.494,1.2529700000000001,1.25284,1.57,1
16.08.2021 01:29:36.545,1.2530000000000001,1.2528700000000002,1.87,1
16.08.2021 01:29:36.646,1.25296,1.2528700000000002,1,1
16.08.2021 01:29:36.697,1.2529700000000001,1.25285,1,1.12
16.08.2021 01:29:36.799,1.25298,1.25286,2.32,1
16.08.2021 01:29:41.206,1.25298,1.25284,1.5,1
16.08.2021 01:29:42.492,1.25295,1.2528100000000002,1.5,1.1
16.08.2021 01:29:42.594,1.25295,1.2528100000000002,1.5,1.1
16.08.2021 01:29:43.011,1.25294,1.2528000000000001,1,1.2
16.08.2021 01:30:00.564,1.2529700000000001,1.25284,1,1.12
16.08.2021 01:30:00.665,1.2529700000000001,1.2528299999999999,1,1
16.08.2021 01:30:00.767,1.25296,1.2528299999999999,1,1
16.08.2021 01:30:01.021,1.25299,1.2528700000000002,2.32,2.62
16.08.2021 01:30:01.173,1.25299,1.25285,1,1
16.08.2021 01:30:01.274,1.25299,1.25284,1,1.12
16.08.2021 01:30:01.830,1.25299,1.2528299999999999,2.32,1.5
16.08.2021 01:30:01.881,1.25299,1.2528700000000002,1.1,1
16.08.2021 01:30:02.033,1.2530000000000001,1.2528700000000002,1,1.12
16.08.2021 01:30:02.235,1.2530000000000001,1.25285,2.32,1.12
16.08.2021 01:30:02.495,1.2530000000000001,1.25288,2.7,1
16.08.2021 01:30:02.647,1.25298,1.25286,1,1.5
16.08.2021 01:30:02.749,1.25298,1.25286,1,1
16.08.2021 01:30:03.644,1.2530100000000002,1.2528700000000002,1.5,1
16.08.2021 01:30:03.753,1.25299,1.2528700000000002,1,1.87
16.08.2021 01:30:03.855,1.2530000000000001,1.25285,1.5,1.5
16.08.2021 01:30:04.309,1.2530100000000002,1.2528700000000002,2.25,1.87
16.08.2021 01:30:07.202,1.25303,1.25292,1,1
16.08.2021 01:30:07.304,1.2530100000000002,1.2529299999999999,1,1
16.08.2021 01:30:07.355,1.25302,1.25289,1,1.95
16.08.2021 01:30:10.501,1.2530000000000001,1.2529000000000001,1,1
16.08.2021 01:30:10.903,1.2530100000000002,1.25288,1,1.12
16.08.2021 01:30:20.096,1.2530000000000001,1.2528700000000002,1.5,1.12
16.08.2021 01:30:20.460,1.25298,1.25284,1.5,1.12
16.08.2021 01:30:22.462,1.2529700000000001,1.2528299999999999,1,1.5
16.08.2021 01:30:22.793,1.25296,1.25284,1,1.12
16.08.2021 01:30:24.881,1.25294,1.2528100000000002,1,2.75
16.08.2021 01:30:24.982,1.2529000000000001,1.2528000000000001,1.57,1
16.08.2021 01:30:25.032,1.2528700000000002,1.25276,1,1.5
16.08.2021 01:30:25.083,1.25286,1.25275,1.5,1.25
16.08.2021 01:30:25.234,1.25286,1.25274,1.5,3
16.08.2021 01:30:25.336,1.25286,1.25273,1,3.19
16.08.2021 01:30:25.814,1.2528700000000002,1.25276,1,1.5
16.08.2021 01:30:25.915,1.25289,1.25276,1,1
16.08.2021 01:30:27.611,1.25288,1.25276,1.5,1.12
16.08.2021 01:30:38.996,1.25288,1.25279,1,1.12
16.08.2021 01:30:39.048,1.2529299999999999,1.25279,1.65,1
16.08.2021 01:30:40.041,1.25292,1.25278,1.1,1
16.08.2021 01:30:42.580,1.2529000000000001,1.25276,1,1.57
16.08.2021 01:30:45.712,1.2529000000000001,1.25278,1.57,1
16.08.2021 01:30:47.785,1.2529100000000002,1.25275,1.57,1.97
16.08.2021 01:30:49.912,1.2529000000000001,1.25275,1,1.97
16.08.2021 01:30:50.192,1.2529000000000001,1.2527700000000002,1,1
16.08.2021 01:30:51.089,1.2529000000000001,1.25275,1,1.97
16.08.2021 01:30:54.799,1.25292,1.25279,1.57,1
16.08.2021 01:30:54.901,1.25292,1.25278,1,2.32
16.08.2021 01:30:56.076,1.2529299999999999,1.2528000000000001,3.9,1
16.08.2021 01:30:56.410,1.2529100000000002,1.2527700000000002,1.1,1
16.08.2021 01:30:56.807,1.2529000000000001,1.2527700000000002,1,1
16.08.2021 01:30:59.711,1.25286,1.25274,1,1.12
16.08.2021 01:30:59.762,1.25288,1.25274,1.5,1.12
16.08.2021 01:30:59.863,1.25288,1.25275,1,1
16.08.2021 01:31:04.895,1.25288,1.25276,1.5,1
16.08.2021 01:31:09.822,1.25288,1.2527700000000002,1,1
16.08.2021 01:31:09.923,1.2529000000000001,1.25276,1.5,1
16.08.2021 01:31:16.056,1.2528700000000002,1.25275,1,2.07
16.08.2021 01:31:16.157,1.2528700000000002,1.25275,1,1
16.08.2021 01:31:16.373,1.25288,1.25273,1,1.2
16.08.2021 01:31:18.312,1.25286,1.25272,1,2.7
16.08.2021 01:31:31.272,1.25288,1.25276,1,1.5
16.08.2021 01:31:31.374,1.25289,1.2527700000000002,1,1.95
16.08.2021 01:31:31.579,1.2529000000000001,1.25275,1,2.85
16.08.2021 01:31:31.681,1.2529100000000002,1.25275,1.5,2.85
16.08.2021 01:31:32.305,1.2529000000000001,1.25275,1,1.6
16.08.2021 01:31:33.067,1.2529299999999999,1.25279,1,1.5
16.08.2021 01:31:34.041,1.25294,1.2528000000000001,1,1.2
16.08.2021 01:31:34.193,1.25294,1.25285,1,1.5
16.08.2021 01:31:34.243,1.2529700000000001,1.25286,1.2,1.5
16.08.2021 01:31:34.766,1.2529700000000001,1.25285,1,1.5
16.08.2021 01:31:34.867,1.25295,1.2528299999999999,1,2.07
16.08.2021 01:31:35.007,1.25296,1.25282,1,1.95
16.08.2021 01:31:36.612,1.25296,1.2528100000000002,1.5,1.1
16.08.2021 01:31:37.003,1.25295,1.2528100000000002,1.5,1
16.08.2021 01:31:37.155,1.2529299999999999,1.2528100000000002,1,1.2
16.08.2021 01:31:37.951,1.25296,1.25286,1,1.5
16.08.2021 01:31:40.091,1.25295,1.2528299999999999,1,1.12
16.08.2021 01:31:41.221,1.25295,1.2528100000000002,1,2.82
16.08.2021 01:31:46.608,1.25294,1.2528000000000001,1,1.2
16.08.2021 01:31:48.457,1.25295,1.2528299999999999,1,1
16.08.2021 01:31:55.595,1.25292,1.2528000000000001,1,3.41
16.08.2021 01:31:56.059,1.25294,1.2528000000000001,1,1.1
16.08.2021 01:31:56.165,1.25294,1.2528100000000002,1.5,1.1
16.08.2021 01:32:01.223,1.25295,1.25284,1.5,1
16.08.2021 01:32:01.274,1.25299,1.25285,1.12,1.5
16.08.2021 01:32:01.375,1.25298,1.2528700000000002,1.5,1
16.08.2021 01:32:01.477,1.25299,1.25288,1,1
16.08.2021 01:32:01.528,1.25298,1.25284,1,5.26
16.08.2021 01:32:02.150,1.2530000000000001,1.25288,2.25,1.5
16.08.2021 01:32:08.141,1.25302,1.25288,1.5,1
16.08.2021 01:32:08.293,1.25305,1.25292,2.07,1.53
16.08.2021 01:32:08.445,1.25305,1.25292,1.2,3.26
16.08.2021 01:32:08.546,1.25305,1.25292,1.5,2.57
16.08.2021 01:32:08.965,1.25308,1.25299,1.88,1.25
16.08.2021 01:32:09.127,1.25309,1.25299,1,1.25
16.08.2021 01:32:09.228,1.25308,1.25298,1,1.25
16.08.2021 01:32:09.380,1.2530700000000001,1.25298,1,1.25
16.08.2021 01:32:09.430,1.2531,1.25298,1,1
16.08.2021 01:32:09.738,1.2530700000000001,1.25298,1,1
16.08.2021 01:32:11.129,1.25306,1.25295,1,1.5
16.08.2021 01:32:11.230,1.25306,1.2529299999999999,1,1.12
16.08.2021 01:32:11.381,1.25305,1.25292,1,2.62
16.08.2021 01:32:13.037,1.25303,1.2529100000000002,1,2.56
16.08.2021 01:32:33.891,1.25305,1.25295,1,1.5
16.08.2021 01:32:34.195,1.2530700000000001,1.25294,1,1.87
16.08.2021 01:32:34.346,1.25306,1.2529299999999999,1,1.12
16.08.2021 01:32:34.447,1.25305,1.2529100000000002,1,2.12
16.08.2021 01:32:34.548,1.25305,1.2529100000000002,1,1.99
16.08.2021 01:32:35.689,1.25304,1.2529100000000002,1,1.99
16.08.2021 01:32:35.740,1.25303,1.2529000000000001,1.5,1.12
16.08.2021 01:32:35.841,1.25302,1.2529000000000001,1,1.12
16.08.2021 01:32:38.487,1.25302,1.25289,1,1.87
16.08.2021 01:32:40.533,1.2530100000000002,1.2529100000000002,1,1
16.08.2021 01:32:42.754,1.25305,1.2529299999999999,1,1.5
16.08.2021 01:32:42.855,1.25306,1.25294,1,1.12
16.08.2021 01:32:43.500,1.25305,1.2529299999999999,1,1.12
16.08.2021 01:32:43.701,1.25305,1.2529100000000002,1.5,1.5
16.08.2021 01:32:44.540,1.25305,1.25292,1,1.5
16.08.2021 01:32:44.591,1.25306,1.25295,1,1.12
16.08.2021 01:32:45.213,1.25308,1.25295,1.5,1.12
16.08.2021 01:32:47.129,1.25308,1.25294,1.5,2.7
16.08.2021 01:32:47.230,1.2530700000000001,1.25294,1,1.12
16.08.2021 01:32:48.268,1.2530700000000001,1.25298,1,1
16.08.2021 01:32:48.371,1.2531,1.25298,1.5,1
16.08.2021 01:32:49.523,1.2531,1.2529700000000001,1.5,1.12
16.08.2021 01:32:50.463,1.2531,1.25298,1.5,1
16.08.2021 01:32:50.513,1.2531,1.2530000000000001,1.5,1
16.08.2021 01:32:50.564,1.2531200000000002,1.25299,1.5,1
16.08.2021 01:32:50.716,1.2531100000000002,1.25299,1,1.12
16.08.2021 01:32:51.188,1.25313,1.25302,1.57,1
16.08.2021 01:32:51.852,1.25314,1.25303,1,1
16.08.2021 01:32:51.953,1.25315,1.25303,1.5,1
16.08.2021 01:32:52.054,1.25314,1.25303,1.5,1
16.08.2021 01:32:54.189,1.25314,1.25304,1.5,1
16.08.2021 01:32:54.366,1.25316,1.25303,1,1.5
16.08.2021 01:32:56.777,1.25315,1.25303,1,1.12
16.08.2021 01:32:57.917,1.25313,1.25302,1,1.5
16.08.2021 01:32:58.019,1.2531200000000002,1.2530100000000002,1,1.6
16.08.2021 01:32:58.120,1.25313,1.25299,1,2.7
16.08.2021 01:32:59.239,1.2531200000000002,1.25299,1,1
16.08.2021 01:33:00.947,1.25309,1.25299,1,1.87
16.08.2021 01:33:01.048,1.2531100000000002,1.25298,1,2.62
16.08.2021 01:33:04.076,1.2531100000000002,1.25299,1,1
16.08.2021 01:33:04.177,1.25314,1.25302,1,1.12
16.08.2021 01:33:04.278,1.25315,1.25302,1,1.12
16.08.2021 01:33:04.379,1.25314,1.25304,1,1.87
16.08.2021 01:33:04.760,1.25316,1.25304,1,1
16.08.2021 01:33:04.861,1.25315,1.25306,1,1
16.08.2021 01:33:04.912,1.2531700000000001,1.25303,1.5,3
16.08.2021 01:33:05.014,1.25315,1.25304,1,2.25
16.08.2021 01:33:05.323,1.25316,1.25304,1.5,2.25
16.08.2021 01:33:05.374,1.25316,1.25306,1,1.5
16.08.2021 01:33:06.084,1.2531700000000001,1.2530700000000001,1,1
16.08.2021 01:33:06.237,1.2531700000000001,1.25304,1.5,1
16.08.2021 01:33:13.059,1.2531700000000001,1.25304,1.5,1.5
16.08.2021 01:33:13.160,1.2532100000000002,1.25308,1.5,1.5
16.08.2021 01:33:13.704,1.25319,1.25306,1.5,1.95
16.08.2021 01:33:13.957,1.25319,1.25305,1.5,3.07
16.08.2021 01:33:14.167,1.25319,1.2530700000000001,1.5,1
16.08.2021 01:33:14.268,1.25319,1.25309,1,1.5
16.08.2021 01:33:15.212,1.25319,1.25308,1,1
16.08.2021 01:33:17.575,1.2532,1.25308,1.5,1.5
16.08.2021 01:33:18.200,1.25319,1.25308,1,1.2
16.08.2021 01:33:20.050,1.2532200000000002,1.2531,1,1
16.08.2021 01:33:20.151,1.2532200000000002,1.25308,1.5,3.01
16.08.2021 01:33:20.252,1.2532200000000002,1.25308,1.5,1.1
16.08.2021 01:33:20.371,1.2532200000000002,1.2531,1.5,1.57
16.08.2021 01:33:20.493,1.2532200000000002,1.25309,1,1.5
16.08.2021 01:33:20.869,1.2532100000000002,1.25308,1.5,2.82
16.08.2021 01:33:22.579,1.2532100000000002,1.2530700000000001,1,2.07
16.08.2021 01:33:23.251,1.2532,1.25306,1,1.1
16.08.2021 01:33:23.352,1.25319,1.25305,1,2.35
16.08.2021 01:33:24.182,1.25316,1.25305,1,1
16.08.2021 01:33:24.283,1.25315,1.25305,1,1.95
16.08.2021 01:33:36.117,1.2531700000000001,1.25304,1,1.2
16.08.2021 01:33:36.218,1.25315,1.25305,1,1.12
16.08.2021 01:33:38.160,1.25315,1.2530100000000002,1.5,2.12
16.08.2021 01:33:39.165,1.2531200000000002,1.25302,1,1.04
16.08.2021 01:33:39.277,1.2531200000000002,1.25298,1,2.89
16.08.2021 01:33:41.571,1.2531100000000002,1.25298,1,2.12
16.08.2021 01:33:51.004,1.25315,1.25303,1,1.95
16.08.2021 01:33:51.127,1.25315,1.25304,1,2.32
16.08.2021 01:33:51.430,1.25316,1.25303,1,2.45
16.08.2021 01:33:56.774,1.25314,1.25304,1,2
16.08.2021 01:33:56.926,1.25315,1.25304,1,2
16.08.2021 01:34:24.872,1.25314,1.25305,1,1.12
16.08.2021 01:34:24.974,1.25314,1.2530100000000002,1.5,1.92
16.08.2021 01:34:25.125,1.25313,1.2530100000000002,1,1.17
16.08.2021 01:34:25.512,1.2531200000000002,1.2530100000000002,1,1.5
16.08.2021 01:34:25.613,1.2531200000000002,1.2530000000000001,1,1
16.08.2021 01:34:30.163,1.2531,1.2530000000000001,1,1.12
16.08.2021 01:34:34.711,1.2531,1.2530000000000001,1,1.5
16.08.2021 01:34:34.762,1.25314,1.25303,1,1.12
16.08.2021 01:34:35.131,1.25314,1.25302,1,1.87
16.08.2021 01:34:35.976,1.25314,1.25303,1,1
16.08.2021 01:34:42.255,1.25319,1.25308,1,1.5
16.08.2021 01:34:42.306,1.2532,1.2531,1,1
16.08.2021 01:34:42.408,1.2532,1.25308,1,3.19
16.08.2021 01:34:47.938,1.25319,1.25308,1,2.81
16.08.2021 01:34:48.042,1.25318,1.25308,1,2.81
16.08.2021 01:34:49.253,1.2531700000000001,1.25306,1,3.76
16.08.2021 01:34:49.424,1.2531700000000001,1.25306,1,3.26
16.08.2021 01:34:54.064,1.25316,1.25305,1,1.69
16.08.2021 01:34:54.342,1.25316,1.25304,1,1.25
16.08.2021 01:34:54.662,1.25315,1.25304,1,3.26
16.08.2021 01:34:54.920,1.25315,1.25303,1,3.26
16.08.2021 01:34:56.232,1.25313,1.25302,1.5,3.07
16.08.2021 01:34:56.383,1.25313,1.2530100000000002,1,1
16.08.2021 01:34:56.438,1.2531100000000002,1.25299,1,2.19
16.08.2021 01:34:56.539,1.2531,1.2530000000000001,1,1.87
16.08.2021 01:34:58.646,1.25309,1.2530000000000001,1,1.12
16.08.2021 01:35:01.092,1.2531,1.25298,1,1
16.08.2021 01:35:01.193,1.25309,1.2529700000000001,1,1.12
16.08.2021 01:35:08.125,1.25309,1.25296,1.5,1.95
16.08.2021 01:35:08.226,1.2530700000000001,1.25296,1,4.14
16.08.2021 01:35:12.226,1.25308,1.25295,1,3.26
16.08.2021 01:35:13.848,1.2530700000000001,1.25295,1,2.51
16.08.2021 01:35:20.622,1.2530700000000001,1.25296,1,1
16.08.2021 01:35:20.936,1.25309,1.25298,1,1.5
16.08.2021 01:35:21.037,1.25308,1.2530000000000001,1,1
16.08.2021 01:35:34.782,1.25309,1.25298,1,1.12
16.08.2021 01:35:38.140,1.2530700000000001,1.25299,1,1
16.08.2021 01:35:43.700,1.25308,1.2529700000000001,1,1
16.08.2021 01:35:48.137,1.25309,1.25298,1,1
16.08.2021 01:35:48.851,1.25309,1.2529700000000001,1,1
16.08.2021 01:35:49.663,1.25308,1.2529700000000001,1,1
16.08.2021 01:35:52.052,1.25308,1.25296,1,1.12
16.08.2021 01:35:52.153,1.25305,1.2529299999999999,1,2.25
16.08.2021 01:35:52.356,1.25304,1.25292,1,1.31
16.08.2021 01:35:53.858,1.25302,1.2529299999999999,1,1
16.08.2021 01:35:53.998,1.25302,1.2529100000000002,1,1
16.08.2021 01:35:59.057,1.25303,1.2529299999999999,1,2.25
16.08.2021 01:35:59.159,1.25303,1.25294,1,1
16.08.2021 01:36:05.583,1.25304,1.25292,1,1
16.08.2021 01:36:07.132,1.25303,1.2529100000000002,1,1.12
16.08.2021 01:36:07.234,1.2530100000000002,1.2529000000000001,1,2
16.08.2021 01:36:07.335,1.2530100000000002,1.2529000000000001,1,1.12
16.08.2021 01:36:11.325,1.2530100000000002,1.25288,1,3.57
16.08.2021 01:36:11.426,1.25299,1.25289,1,3.5
16.08.2021 01:36:28.131,1.25302,1.2529100000000002,1,1.5
16.08.2021 01:36:31.278,1.2530100000000002,1.2529299999999999,1,1
16.08.2021 01:36:31.329,1.25305,1.2529299999999999,1,1.12
16.08.2021 01:36:33.949,1.25303,1.2529100000000002,1,1.51
16.08.2021 01:36:35.306,1.2530100000000002,1.2529000000000001,1,3.01
16.08.2021 01:36:39.985,1.2530000000000001,1.2529100000000002,1,1.2
16.08.2021 01:36:47.222,1.2530100000000002,1.25292,1,1
16.08.2021 01:36:47.273,1.25305,1.2529299999999999,1,1
16.08.2021 01:36:47.476,1.25302,1.2529000000000001,1,3.57
16.08.2021 01:36:47.628,1.25302,1.2529000000000001,1,3
16.08.2021 01:36:47.780,1.25299,1.2529000000000001,1,1.87
16.08.2021 01:36:47.932,1.2530100000000002,1.2529000000000001,1,1.5
16.08.2021 01:36:50.507,1.25299,1.2529000000000001,1,2.06
16.08.2021 01:36:52.773,1.2530000000000001,1.25289,1,2.19
16.08.2021 01:36:56.949,1.25304,1.2529299999999999,1,1.12
16.08.2021 01:36:58.129,1.25304,1.25292,1,2.06
16.08.2021 01:37:04.161,1.25302,1.2529100000000002,1,1.5
16.08.2021 01:37:04.211,1.2530100000000002,1.2529000000000001,1,2.62
16.08.2021 01:37:16.932,1.2530000000000001,1.2529000000000001,1,1.12
16.08.2021 01:37:19.757,1.25303,1.25292,1,2.81
16.08.2021 01:37:19.885,1.2530100000000002,1.2529299999999999,1,1.87
16.08.2021 01:37:22.882,1.25299,1.2529100000000002,1,1.12
16.08.2021 01:37:24.272,1.2530000000000001,1.25289,1,2.89
16.08.2021 01:37:29.030,1.2530000000000001,1.25289,1,2.16
16.08.2021 01:37:35.274,1.2530000000000001,1.25289,1,1.2
16.08.2021 01:37:36.278,1.25299,1.25289,1,1.1
16.08.2021 01:37:40.701,1.2530000000000001,1.25289,1,1.1
16.08.2021 01:37:42.696,1.25305,1.25295,1,1.12
16.08.2021 01:37:44.044,1.25305,1.25296,1,1
16.08.2021 01:37:45.744,1.25306,1.25296,1,1.1
16.08.2021 01:37:52.855,1.25306,1.25296,1,1.97
16.08.2021 01:37:53.433,1.25305,1.2529700000000001,1,1.2
16.08.2021 01:38:04.319,1.25308,1.2530100000000002,1.5,1
16.08.2021 01:38:04.522,1.25309,1.25298,1,1.2
16.08.2021 01:38:06.297,1.25308,1.2529700000000001,1,1.1
16.08.2021 01:38:10.611,1.25308,1.25298,1,1.97
16.08.2021 01:38:17.706,1.25308,1.25296,1,5.16
16.08.2021 01:38:18.722,1.2530700000000001,1.25296,1,1.41
16.08.2021 01:38:18.823,1.2530700000000001,1.25296,1,1.41
16.08.2021 01:38:20.639,1.2530700000000001,1.25296,1,1.2
16.08.2021 01:38:22.130,1.25306,1.2529700000000001,1,1.97
16.08.2021 01:38:37.958,1.2530700000000001,1.25295,1,2.1
16.08.2021 01:38:38.059,1.25305,1.25296,1,2.1
16.08.2021 01:38:40.289,1.25304,1.2529299999999999,1,1.1
16.08.2021 01:38:40.542,1.25303,1.2529299999999999,1,1.2
16.08.2021 01:38:40.643,1.25303,1.2529100000000002,1,1.1
16.08.2021 01:38:40.744,1.25303,1.2529100000000002,1,1.1
16.08.2021 01:38:41.857,1.2530100000000002,1.25289,1,4.35
16.08.2021 01:38:41.958,1.2530000000000001,1.25289,1,3.6
16.08.2021 01:38:43.211,1.2530000000000001,1.25288,1,2.72
16.08.2021 01:38:53.630,1.2530100000000002,1.25292,1,1.57
16.08.2021 01:38:59.296,1.2530100000000002,1.2529000000000001,1,1.57
16.08.2021 01:39:04.225,1.2530100000000002,1.25288,1,5.85
16.08.2021 01:39:05.459,1.2530000000000001,1.25288,1,1.22
16.08.2021 01:39:13.953,1.2530000000000001,1.25288,1,1
16.08.2021 01:39:14.056,1.25298,1.25285,1,1.51
16.08.2021 01:39:14.158,1.25298,1.25285,1,1.01
16.08.2021 01:39:14.662,1.2529700000000001,1.25284,1,1.57
16.08.2021 01:39:14.763,1.25295,1.25285,1,1.1
16.08.2021 01:39:15.345,1.25295,1.25284,1,1
16.08.2021 01:39:15.459,1.25295,1.2528299999999999,1,1.57
16.08.2021 01:39:15.822,1.2529299999999999,1.2528299999999999,1,1.1
16.08.2021 01:39:15.924,1.2529299999999999,1.2528000000000001,1,1.22
16.08.2021 01:39:16.528,1.25292,1.2528000000000001,1,1.22
16.08.2021 01:39:21.148,1.25294,1.25282,1.5,1.12
16.08.2021 01:39:21.200,1.25292,1.2528000000000001,1,1.6
16.08.2021 01:39:21.352,1.25292,1.25279,1,2.85
16.08.2021 01:39:25.923,1.2529000000000001,1.2528100000000002,1,1.22
16.08.2021 01:39:27.763,1.25292,1.25279,1,3.6
16.08.2021 01:39:28.129,1.25296,1.25286,1,1.5
16.08.2021 01:39:28.657,1.25295,1.25282,1,1.22
16.08.2021 01:39:28.833,1.25295,1.25282,1,1.2
16.08.2021 01:39:32.035,1.25294,1.2528299999999999,1,1.22
16.08.2021 01:39:39.143,1.25295,1.2528299999999999,1.5,2.72
16.08.2021 01:39:41.268,1.25295,1.25282,1,2.72
16.08.2021 01:39:42.520,1.25295,1.25284,1.5,1.1
16.08.2021 01:39:43.958,1.25298,1.2528700000000002,1,1.1
16.08.2021 01:39:44.111,1.25299,1.2528700000000002,1,1.57
16.08.2021 01:39:56.205,1.25298,1.25284,1,3.6
16.08.2021 01:39:56.325,1.2529700000000001,1.25284,1,3.57
16.08.2021 01:39:57.618,1.25295,1.25285,1,1.1
16.08.2021 01:39:57.755,1.25296,1.2528299999999999,1,1.2
16.08.2021 01:40:07.263,1.25298,1.25286,1,1.5
16.08.2021 01:40:07.365,1.25298,1.2528700000000002,1,1.57
16.08.2021 01:40:10.824,1.25299,1.2528700000000002,1,1.2
16.08.2021 01:40:16.314,1.25299,1.2528700000000002,1,1.41
16.08.2021 01:40:22.908,1.2530000000000001,1.2528700000000002,1.5,2.16
16.08.2021 01:40:23.554,1.2530000000000001,1.2528700000000002,1.5,2.14
16.08.2021 01:40:23.816,1.2530000000000001,1.2528700000000002,1.5,2.26
16.08.2021 01:40:31.290,1.25299,1.25288,1.5,1.31
16.08.2021 01:40:32.812,1.25298,1.2528700000000002,1,4.32
16.08.2021 01:40:37.113,1.25296,1.25284,1,1.5
16.08.2021 01:40:37.214,1.25295,1.25284,1,1.5
16.08.2021 01:40:37.265,1.25295,1.25282,1,2.82
16.08.2021 01:40:37.467,1.25295,1.25282,1,2.32
16.08.2021 01:40:46.471,1.25294,1.2528100000000002,1,3.45
16.08.2021 01:40:46.803,1.25294,1.2528100000000002,1,3.57
16.08.2021 01:40:48.659,1.25294,1.2528100000000002,1,1.5
16.08.2021 01:40:49.792,1.25292,1.2528000000000001,1,1.1
16.08.2021 01:40:49.894,1.2529100000000002,1.2528000000000001,1,1
16.08.2021 01:41:10.981,1.25292,1.2528000000000001,1,1.2
16.08.2021 01:41:39.840,1.25295,1.25284,1,1
16.08.2021 01:41:39.942,1.25295,1.25285,1.5,1
16.08.2021 01:41:41.663,1.25294,1.2528299999999999,1,3.47
16.08.2021 01:41:43.395,1.25296,1.25282,1,3.47
16.08.2021 01:41:44.373,1.25295,1.25282,1,1.97
16.08.2021 01:41:44.576,1.25295,1.25282,1,1.57
16.08.2021 01:42:00.909,1.25294,1.25282,1,1
16.08.2021 01:42:01.254,1.2529299999999999,1.2528000000000001,1,1.97
16.08.2021 01:42:01.355,1.2529299999999999,1.2528000000000001,1,1.95
16.08.2021 01:42:01.456,1.2529100000000002,1.2528100000000002,1,1.2
16.08.2021 01:42:13.354,1.2529000000000001,1.2527700000000002,1.5,1.1
16.08.2021 01:42:13.456,1.2529000000000001,1.2527700000000002,1.5,1.1
16.08.2021 01:42:15.218,1.25289,1.25276,1,1.57
16.08.2021 01:42:15.369,1.25286,1.25274,1,2.85
16.08.2021 01:42:15.739,1.25286,1.25274,1,1.1
16.08.2021 01:42:15.840,1.25286,1.25273,1,1.1
16.08.2021 01:42:16.832,1.25285,1.25273,1,1.1
16.08.2021 01:42:28.472,1.2528299999999999,1.25274,1,1.1
16.08.2021 01:42:31.457,1.2528299999999999,1.25273,1,1
16.08.2021 01:42:31.731,1.25282,1.25273,1,1.95
16.08.2021 01:42:48.365,1.2528299999999999,1.25271,1,1.95
16.08.2021 01:42:50.564,1.25282,1.2527000000000001,1,4.32
16.08.2021 01:42:50.770,1.25282,1.25272,1,1.87
16.08.2021 01:42:55.862,1.25282,1.25271,1,4.2
16.08.2021 01:42:59.361,1.2528000000000001,1.25269,1.5,1.12
16.08.2021 01:42:59.513,1.25279,1.25271,1,1
16.08.2021 01:42:59.564,1.25282,1.2527000000000001,1.5,1.5
16.08.2021 01:43:00.501,1.25282,1.25269,1.5,1.5
16.08.2021 01:43:00.552,1.25279,1.2526700000000002,1,3.56
16.08.2021 01:43:03.524,1.25278,1.25266,1,2.32
16.08.2021 01:43:05.042,1.25278,1.25266,1,1.1
16.08.2021 01:43:21.043,1.25278,1.25265,1,1.31
16.08.2021 01:43:21.145,1.2527700000000002,1.25264,1.5,1.5
16.08.2021 01:43:22.816,1.2527700000000002,1.25264,1.5,1.12
16.08.2021 01:43:23.615,1.2527700000000002,1.25264,1.95,1.12
16.08.2021 01:43:23.868,1.25275,1.25265,1,1
16.08.2021 01:43:42.281,1.2528100000000002,1.25269,2.1,1.5
16.08.2021 01:43:42.383,1.2528000000000001,1.25269,1.12,1
16.08.2021 01:43:42.433,1.25278,1.25268,1,2.14
16.08.2021 01:43:43.055,1.2528000000000001,1.2526700000000002,1,2.32
16.08.2021 01:43:52.402,1.25282,1.2527000000000001,1.5,1.5
16.08.2021 01:43:52.504,1.25282,1.25272,1,1.5
16.08.2021 01:43:53.945,1.25282,1.25271,1,1
16.08.2021 01:43:54.096,1.2528299999999999,1.25271,1,1
16.08.2021 01:43:55.646,1.2528299999999999,1.2527000000000001,1.5,3.37
16.08.2021 01:43:57.741,1.2528100000000002,1.25271,1,1.87
16.08.2021 01:43:58.147,1.2528000000000001,1.25268,1,1.5
16.08.2021 01:43:58.299,1.25279,1.25268,1,2.75
16.08.2021 01:43:58.502,1.2528000000000001,1.2526700000000002,1,1.5
16.08.2021 01:44:01.068,1.25278,1.25265,1,3.37
16.08.2021 01:44:01.271,1.2527700000000002,1.25265,1,1.87
16.08.2021 01:44:02.725,1.25275,1.25266,1,1
16.08.2021 01:44:05.363,1.25276,1.25263,1,4.25
16.08.2021 01:44:17.896,1.25276,1.25265,1.5,2.06
16.08.2021 01:44:32.533,1.2527700000000002,1.25265,1,1
16.08.2021 01:44:32.634,1.25278,1.25265,1,1
16.08.2021 01:44:36.910,1.25278,1.25266,1.5,1.5
16.08.2021 01:44:40.157,1.25278,1.2526700000000002,1.5,1
16.08.2021 01:44:40.368,1.25279,1.25265,1.5,2.25
16.08.2021 01:44:50.776,1.25278,1.2526700000000002,1.5,1
16.08.2021 01:44:51.614,1.25278,1.25266,1.5,4.12
16.08.2021 01:44:51.797,1.25279,1.25266,1.5,1.5
16.08.2021 01:44:52.101,1.25279,1.25265,1.5,4.12
16.08.2021 01:44:52.981,1.25279,1.25266,1.5,1
16.08.2021 01:44:53.609,1.25279,1.25265,1.5,4.12
16.08.2021 01:44:53.718,1.25278,1.2526700000000002,1.5,1
16.08.2021 01:44:54.154,1.25278,1.25266,1.5,4.12
16.08.2021 01:44:54.865,1.25278,1.2526700000000002,1.5,1
16.08.2021 01:44:54.984,1.25279,1.2526700000000002,1.5,1.5
16.08.2021 01:44:55.100,1.25278,1.2526700000000002,1.5,1.5
16.08.2021 01:44:55.555,1.25279,1.25265,1.5,4.12
16.08.2021 01:44:56.185,1.25282,1.2527000000000001,1.1,1.5
16.08.2021 01:44:56.287,1.25282,1.25272,1,1.12
16.08.2021 01:44:56.388,1.2528299999999999,1.25272,1,1.87
16.08.2021 01:44:56.715,1.25285,1.25271,1.57,2.62
16.08.2021 01:44:56.817,1.25286,1.25275,1,1
16.08.2021 01:44:56.918,1.2528700000000002,1.25273,1,3.69
16.08.2021 01:44:58.340,1.25288,1.25274,1.5,1
16.08.2021 01:45:01.223,1.25288,1.25275,1.5,1
16.08.2021 01:45:01.364,1.25288,1.25274,1.5,2.25
16.08.2021 01:45:01.523,1.2528700000000002,1.25276,1.5,1
16.08.2021 01:45:01.624,1.2528700000000002,1.25275,1.5,2.25
16.08.2021 01:45:03.147,1.25288,1.2527700000000002,1,1
16.08.2021 01:45:03.198,1.25292,1.25279,1.5,1.87
16.08.2021 01:45:03.400,1.2529299999999999,1.2528000000000001,1,1
16.08.2021 01:45:03.501,1.25296,1.25285,1,2.25
16.08.2021 01:45:03.552,1.25294,1.25282,1,2.94
16.08.2021 01:45:03.817,1.25296,1.25282,1.57,1
16.08.2021 01:45:05.656,1.25299,1.25288,1.12,1
16.08.2021 01:45:05.758,1.2530100000000002,1.25289,1.5,1
16.08.2021 01:45:05.859,1.2530000000000001,1.2529000000000001,1,1
16.08.2021 01:45:07.584,1.2530000000000001,1.25289,1,1
16.08.2021 01:45:18.140,1.25296,1.25285,1,1.5
16.08.2021 01:45:18.241,1.25295,1.25284,1,1.5
16.08.2021 01:45:18.342,1.25296,1.2528299999999999,1,1.12
16.08.2021 01:45:20.233,1.25295,1.25282,1.5,1
16.08.2021 01:45:21.045,1.25298,1.2528700000000002,2.4,1.5
16.08.2021 01:45:21.146,1.25298,1.25285,1.57,1
16.08.2021 01:45:21.197,1.25296,1.25282,1,1.5
16.08.2021 01:45:21.298,1.25295,1.25282,1,1
16.08.2021 01:45:22.304,1.25298,1.2528700000000002,1,1
16.08.2021 01:45:22.405,1.2530000000000001,1.2528700000000002,2.55,1
16.08.2021 01:45:22.507,1.2530000000000001,1.2528700000000002,1.5,1
16.08.2021 01:45:23.993,1.2530000000000001,1.25286,1.5,3.37
16.08.2021 01:45:24.095,1.2529700000000001,1.25285,1.57,2.62
16.08.2021 01:45:27.030,1.25298,1.2528700000000002,1,1
16.08.2021 01:45:27.081,1.25299,1.25288,1,1.5
16.08.2021 01:45:28.198,1.2530100000000002,1.2528700000000002,1.57,2.62
16.08.2021 01:45:29.445,1.2530100000000002,1.25288,1,1
16.08.2021 01:45:30.135,1.25303,1.2529100000000002,1,1.5
16.08.2021 01:45:30.236,1.25302,1.2529000000000001,1,1.12
16.08.2021 01:45:31.596,1.25303,1.2529000000000001,1,1
16.08.2021 01:45:52.878,1.25306,1.25296,3.2,1
16.08.2021 01:45:52.980,1.2530700000000001,1.25295,1.1,1.5
16.08.2021 01:45:53.081,1.25308,1.25295,1,2.25
16.08.2021 01:45:54.134,1.2531100000000002,1.2530100000000002,1,1
16.08.2021 01:45:54.185,1.2531,1.25298,1,1.87
16.08.2021 01:45:57.304,1.2531,1.2530100000000002,1,1
16.08.2021 01:45:57.354,1.25314,1.25304,1.27,1.5
16.08.2021 01:45:57.557,1.25316,1.25303,1.2,1.5
16.08.2021 01:46:01.333,1.25316,1.25303,1,2
16.08.2021 01:46:02.275,1.25316,1.25303,1,1.87
16.08.2021 01:46:10.166,1.2531700000000001,1.25303,1,2.62
16.08.2021 01:46:10.666,1.25315,1.25303,1,1
16.08.2021 01:46:10.767,1.25314,1.25303,1,1
16.08.2021 01:46:16.103,1.2531700000000001,1.25303,1.57,1.87
16.08.2021 01:46:22.925,1.2531700000000001,1.25304,1.1,1
16.08.2021 01:46:29.146,1.25316,1.25304,1,1
16.08.2021 01:46:29.670,1.2531700000000001,1.25304,1,1
16.08.2021 01:46:30.289,1.25318,1.25304,1.57,1.87
16.08.2021 01:46:37.465,1.2532100000000002,1.25308,1.7,1.5
16.08.2021 01:46:37.769,1.2532,1.25306,1.5,1
16.08.2021 01:46:48.128,1.25318,1.25304,1,1.95
16.08.2021 01:46:48.280,1.2531700000000001,1.25304,1,1
16.08.2021 01:46:50.938,1.25316,1.25304,1.5,1.95
16.08.2021 01:46:51.053,1.25316,1.25303,1,1.2
16.08.2021 01:46:51.619,1.2531700000000001,1.25303,1,1.95
16.08.2021 01:46:52.100,1.25316,1.25303,1,1.2
16.08.2021 01:46:53.521,1.25316,1.25304,1,1.1
16.08.2021 01:46:53.622,1.2531700000000001,1.25304,1,1.1
16.08.2021 01:46:58.709,1.25316,1.25304,1,1.95
16.08.2021 01:47:02.275,1.25314,1.2530100000000002,1,1
