Gmt time,Ask,Bid,AskVolume,BidVolume
26.08.2021 00:00:00.191,0.9138000000000001,0.9137000000000001,1.2,1.25
26.08.2021 00:00:00.293,0.91379,0.91369,1.25,1.5
26.08.2021 00:00:01.731,0.9138000000000001,0.9137000000000001,1.25,1
26.08.2021 00:00:02.323,0.9138000000000001,0.9137100000000001,1.25,1
26.08.2021 00:00:02.374,0.9138299999999999,0.9137299999999999,1.69,1
26.08.2021 00:00:02.424,0.9138100000000001,0.9137100000000001,1,3.82
26.08.2021 00:00:32.766,0.9138000000000001,0.9137100000000001,1.69,1.5
26.08.2021 00:00:32.867,0.91379,0.9137000000000001,1.69,1.5
26.08.2021 00:00:37.756,0.91379,0.9137200000000001,1.69,1
26.08.2021 00:00:37.807,0.9138200000000001,0.91374,1.69,1
26.08.2021 00:00:42.131,0.9138299999999999,0.9137600000000001,1,1
26.08.2021 00:00:44.213,0.91385,0.9137700000000001,1,1
26.08.2021 00:00:44.315,0.9138700000000001,0.9137700000000001,1,1.5
26.08.2021 00:00:53.186,0.91388,0.9137500000000001,1,4.39
26.08.2021 00:01:01.142,0.9138700000000001,0.9137700000000001,1.5,1
26.08.2021 00:01:06.342,0.9138600000000001,0.9138100000000001,1.25,1.5
26.08.2021 00:01:06.393,0.9139,0.9138100000000001,1.35,1
26.08.2021 00:01:06.494,0.91388,0.9138000000000001,1,1
26.08.2021 00:01:17.435,0.91389,0.9138100000000001,1.25,2.25
26.08.2021 00:01:17.536,0.9139200000000001,0.9138299999999999,1.75,1
26.08.2021 00:01:17.738,0.9139,0.9138200000000001,1.25,1
26.08.2021 00:01:17.839,0.91389,0.9138200000000001,1,1
26.08.2021 00:01:18.093,0.9138700000000001,0.9137700000000001,1.69,1
26.08.2021 00:01:18.306,0.9138600000000001,0.9137600000000001,1.5,1.5
26.08.2021 00:01:20.958,0.91385,0.9137500000000001,1,1
26.08.2021 00:01:24.970,0.9138600000000001,0.9137600000000001,1.25,1
26.08.2021 00:01:25.072,0.9138600000000001,0.9137500000000001,1.69,1
26.08.2021 00:01:32.247,0.91384,0.91374,1,1
26.08.2021 00:01:36.291,0.9138200000000001,0.9137200000000001,1,1.5
26.08.2021 00:01:36.392,0.9138200000000001,0.9137100000000001,1.69,1
26.08.2021 00:01:36.494,0.9138000000000001,0.9137000000000001,1.25,1.12
26.08.2021 00:01:36.595,0.9138000000000001,0.9137000000000001,1.25,1
26.08.2021 00:01:36.696,0.9138200000000001,0.91369,1.75,1
26.08.2021 00:01:37.844,0.91379,0.91369,1,3.26
26.08.2021 00:01:58.496,0.9137799999999999,0.9136799999999999,1,1.5
26.08.2021 00:02:04.146,0.91379,0.91369,1.25,1
26.08.2021 00:02:14.313,0.9137799999999999,0.9136799999999999,1.69,1.5
26.08.2021 00:02:15.991,0.9137799999999999,0.9136700000000001,1.25,1.12
26.08.2021 00:02:21.765,0.9138000000000001,0.9136799999999999,2.01,1.87
26.08.2021 00:02:21.867,0.9138100000000001,0.9136799999999999,1.94,1
26.08.2021 00:02:25.964,0.9137799999999999,0.91369,1,1
26.08.2021 00:02:30.725,0.9138000000000001,0.91369,2.01,1
26.08.2021 00:02:37.250,0.9137799999999999,0.91369,1,1
26.08.2021 00:02:39.193,0.9137799999999999,0.9136799999999999,1,1.95
26.08.2021 00:02:47.388,0.9137799999999999,0.91366,1.25,3.07
26.08.2021 00:02:47.489,0.9137700000000001,0.9136799999999999,1,1
26.08.2021 00:02:47.692,0.9137700000000001,0.9136700000000001,1,1.5
26.08.2021 00:02:52.068,0.9137100000000001,0.9136500000000001,1,1
26.08.2021 00:02:52.119,0.9137299999999999,0.9136299999999999,1.94,1
26.08.2021 00:02:52.321,0.9137299999999999,0.9136200000000001,1.94,1.5
26.08.2021 00:03:10.965,0.9137000000000001,0.9136000000000001,1.25,1
26.08.2021 00:03:11.167,0.9137000000000001,0.9136000000000001,1.94,1
26.08.2021 00:03:11.355,0.91369,0.91359,1.25,1
26.08.2021 00:03:12.102,0.9136799999999999,0.91358,1.69,1
26.08.2021 00:03:15.533,0.9136799999999999,0.9135500000000001,1.69,1.5
26.08.2021 00:04:00.324,0.9136700000000001,0.9135700000000001,1.69,1
26.08.2021 00:04:10.537,0.91366,0.9135700000000001,1,1
26.08.2021 00:04:13.696,0.91369,0.9136000000000001,1.75,1
26.08.2021 00:04:13.747,0.9137100000000001,0.9136299999999999,1.25,1
26.08.2021 00:04:13.798,0.9137299999999999,0.9136299999999999,2.51,1.5
26.08.2021 00:04:14.053,0.9137200000000001,0.9136299999999999,1.25,1
26.08.2021 00:04:14.104,0.9137100000000001,0.91361,1.25,2.25
26.08.2021 00:04:35.344,0.9136500000000001,0.9135500000000001,1,2.45
26.08.2021 00:04:35.445,0.9136200000000001,0.91354,1.69,1.12
26.08.2021 00:04:35.547,0.91361,0.91354,1.25,1
26.08.2021 00:04:35.598,0.91361,0.9135200000000001,1.25,1
26.08.2021 00:04:35.699,0.91361,0.9135200000000001,1.25,1
26.08.2021 00:04:38.531,0.9136200000000001,0.9135200000000001,1.76,1
26.08.2021 00:04:39.032,0.9136200000000001,0.91353,1.1,1
26.08.2021 00:04:42.900,0.91364,0.9135200000000001,2.51,1
26.08.2021 00:05:03.215,0.9136200000000001,0.9135200000000001,2.32,1
26.08.2021 00:05:03.266,0.91361,0.9135000000000001,1,1.5
26.08.2021 00:05:03.468,0.91361,0.9135000000000001,1.82,1.5
26.08.2021 00:05:26.477,0.91359,0.91349,1.69,1
26.08.2021 00:05:52.300,0.91358,0.91348,1,1
26.08.2021 00:06:03.846,0.91359,0.91349,1,1
26.08.2021 00:06:08.977,0.9136000000000001,0.9135000000000001,1.69,1
26.08.2021 00:07:30.294,0.91359,0.91349,1.25,1
26.08.2021 00:07:39.801,0.9136000000000001,0.9135000000000001,1.75,1
26.08.2021 00:07:52.670,0.9136299999999999,0.9135500000000001,1.25,1.5
26.08.2021 00:07:52.722,0.91364,0.9135500000000001,1.01,1.5
26.08.2021 00:07:52.824,0.91366,0.91356,1.69,1
26.08.2021 00:07:58.514,0.9136700000000001,0.9135700000000001,1.69,1
26.08.2021 00:08:22.518,0.91369,0.9136000000000001,1.25,1
26.08.2021 00:08:22.619,0.9137000000000001,0.9136000000000001,1.76,1
26.08.2021 00:08:22.720,0.9137000000000001,0.91361,1.01,1
26.08.2021 00:08:22.771,0.91369,0.91359,1,1
26.08.2021 00:08:57.638,0.9137000000000001,0.9136000000000001,1.25,1
26.08.2021 00:09:17.811,0.9137100000000001,0.9136200000000001,1.25,1
26.08.2021 00:09:17.912,0.9137200000000001,0.9136200000000001,1,1
26.08.2021 00:09:18.013,0.9137200000000001,0.9136200000000001,1.25,1.5
26.08.2021 00:09:18.267,0.9137200000000001,0.9136200000000001,1.25,1
26.08.2021 00:10:07.039,0.9137100000000001,0.9136000000000001,1.01,1.87
26.08.2021 00:10:07.090,0.91369,0.9136000000000001,1,1.12
26.08.2021 00:10:07.191,0.91369,0.91359,1,1
26.08.2021 00:10:35.553,0.9137200000000001,0.9136200000000001,1.31,1
26.08.2021 00:10:35.654,0.9137299999999999,0.9136299999999999,1.2,1
26.08.2021 00:10:35.755,0.9137600000000001,0.9136500000000001,2.57,1
26.08.2021 00:10:35.806,0.91374,0.9136299999999999,1.25,4.2
26.08.2021 00:10:35.907,0.9137500000000001,0.9136299999999999,1.25,1.1
26.08.2021 00:10:41.913,0.91374,0.9136299999999999,1.25,1.1
26.08.2021 00:10:43.667,0.91374,0.9136299999999999,1.75,1.1
26.08.2021 00:10:55.809,0.9137299999999999,0.9136200000000001,1.01,1
26.08.2021 00:10:55.960,0.9137299999999999,0.9136200000000001,1.35,1
26.08.2021 00:11:13.862,0.9137000000000001,0.9136000000000001,1,1
26.08.2021 00:11:59.914,0.9137100000000001,0.91361,1.39,1
26.08.2021 00:12:40.152,0.9137200000000001,0.9136200000000001,1.01,1
26.08.2021 00:12:40.304,0.9137299999999999,0.9136299999999999,2.01,1
26.08.2021 00:13:03.695,0.9137299999999999,0.9136299999999999,1.01,1
26.08.2021 00:13:39.419,0.91374,0.91364,1.01,1
26.08.2021 00:13:44.827,0.9137299999999999,0.9136299999999999,1,1.1
26.08.2021 00:15:02.741,0.9137600000000001,0.91366,1.25,1
26.08.2021 00:15:24.806,0.9137100000000001,0.91364,1.25,1
26.08.2021 00:15:24.857,0.9137100000000001,0.91361,1.25,3.12
26.08.2021 00:15:24.959,0.9137100000000001,0.91361,1.25,1.5
26.08.2021 00:15:25.110,0.9137200000000001,0.9136200000000001,1.25,1
26.08.2021 00:15:27.481,0.9137200000000001,0.9136200000000001,1.25,1
26.08.2021 00:15:30.247,0.9137100000000001,0.91361,1.25,1
26.08.2021 00:15:32.496,0.9137200000000001,0.9136200000000001,1.25,1
26.08.2021 00:15:32.598,0.9137299999999999,0.9136200000000001,1.82,1
26.08.2021 00:15:35.597,0.9137200000000001,0.9136200000000001,1.5,1
26.08.2021 00:15:35.698,0.9137100000000001,0.91361,1.25,1
26.08.2021 00:15:35.800,0.9137299999999999,0.9136200000000001,1.75,1
26.08.2021 00:15:36.612,0.9137200000000001,0.9136200000000001,1.25,1
26.08.2021 00:15:39.076,0.9137299999999999,0.9136200000000001,1.75,1
26.08.2021 00:15:42.272,0.9137200000000001,0.9136200000000001,1.25,1
26.08.2021 00:15:43.007,0.9137100000000001,0.9136200000000001,1.25,1
26.08.2021 00:15:44.978,0.9137600000000001,0.91366,3.47,1
26.08.2021 00:15:45.029,0.91374,0.91364,1.25,1
26.08.2021 00:15:48.403,0.9137500000000001,0.9136500000000001,1.25,1
26.08.2021 00:16:08.111,0.91374,0.9136500000000001,1,1
26.08.2021 00:16:08.263,0.91374,0.91364,1.69,1.5
26.08.2021 00:16:13.343,0.9137200000000001,0.91364,1.25,1
26.08.2021 00:16:13.394,0.9137200000000001,0.9136200000000001,2.12,1
26.08.2021 00:16:14.715,0.9137200000000001,0.9136200000000001,1.25,1
26.08.2021 00:16:14.766,0.91374,0.91364,1.82,1
26.08.2021 00:16:16.561,0.9137299999999999,0.9136299999999999,1.25,1.87
26.08.2021 00:16:39.038,0.91374,0.91364,1.25,1
26.08.2021 00:16:39.139,0.9137600000000001,0.91366,1.75,1
26.08.2021 00:16:39.291,0.9137600000000001,0.91366,1.25,1.12
26.08.2021 00:17:06.774,0.9137700000000001,0.9136700000000001,1.75,1
26.08.2021 00:17:06.875,0.9137700000000001,0.9136700000000001,1.25,1
26.08.2021 00:17:31.924,0.9137799999999999,0.9136799999999999,1.25,1
26.08.2021 00:17:39.530,0.9137799999999999,0.9136799999999999,1.75,1
26.08.2021 00:17:39.924,0.9137700000000001,0.9136700000000001,1.25,1.87
26.08.2021 00:17:45.439,0.9137799999999999,0.9136799999999999,1.75,1
26.08.2021 00:18:09.288,0.9137799999999999,0.9136799999999999,1,1.5
26.08.2021 00:18:12.492,0.91379,0.91369,1.25,1
26.08.2021 00:18:21.485,0.9138200000000001,0.9137200000000001,2.57,1
26.08.2021 00:18:21.586,0.9138299999999999,0.9137299999999999,1.01,1.5
26.08.2021 00:18:53.917,0.91385,0.9137600000000001,1.2,1
26.08.2021 00:19:43.360,0.9138100000000001,0.9137200000000001,1,1.5
26.08.2021 00:19:43.411,0.9138100000000001,0.9137000000000001,2.12,2.25
26.08.2021 00:19:43.512,0.9137799999999999,0.91369,1.25,1.5
26.08.2021 00:19:47.262,0.9137799999999999,0.9136700000000001,1.25,1.5
26.08.2021 00:19:54.017,0.9137799999999999,0.9136799999999999,1.69,1.5
26.08.2021 00:19:59.277,0.91379,0.9137100000000001,1.25,3
26.08.2021 00:19:59.328,0.9138200000000001,0.9137100000000001,2.06,3.37
26.08.2021 00:19:59.379,0.9138299999999999,0.9137299999999999,2.2,1
26.08.2021 00:20:22.322,0.91385,0.9137600000000001,1.6,1
26.08.2021 00:20:26.370,0.9138700000000001,0.9137799999999999,1.25,1
26.08.2021 00:20:26.471,0.91389,0.9138000000000001,1.25,1
26.08.2021 00:20:36.113,0.9139,0.9138000000000001,2.01,1
26.08.2021 00:21:01.770,0.91388,0.9137600000000001,1.75,1
26.08.2021 00:21:02.460,0.91389,0.9137700000000001,1.82,1
26.08.2021 00:21:02.561,0.91389,0.91379,1.35,1
26.08.2021 00:21:03.578,0.9138600000000001,0.9137600000000001,1.25,1.12
26.08.2021 00:21:03.628,0.91385,0.9137600000000001,1.25,1.12
26.08.2021 00:21:03.896,0.9138700000000001,0.9137700000000001,1.69,1
26.08.2021 00:21:03.948,0.9138600000000001,0.9137500000000001,1.94,2
26.08.2021 00:21:04.049,0.91388,0.9137799999999999,1.75,1
26.08.2021 00:21:04.210,0.91388,0.9137799999999999,1.69,1
26.08.2021 00:21:22.272,0.9139,0.91379,1.82,1
26.08.2021 00:22:06.310,0.9139,0.91379,1.76,1
26.08.2021 00:22:06.412,0.9139100000000001,0.9138000000000001,3.35,1
26.08.2021 00:22:08.380,0.91393,0.9138299999999999,1.01,1
26.08.2021 00:22:08.929,0.91394,0.91384,1.82,1
26.08.2021 00:22:27.730,0.91395,0.91385,1.35,1
26.08.2021 00:22:28.185,0.91394,0.91384,1.75,1.5
26.08.2021 00:22:28.488,0.91394,0.91384,1.75,1
26.08.2021 00:22:55.814,0.91393,0.91384,1.25,1
26.08.2021 00:22:55.915,0.91393,0.9138299999999999,1.75,1.12
26.08.2021 00:23:24.257,0.91393,0.91384,1.25,1
26.08.2021 00:23:24.308,0.9139600000000001,0.91385,2.2,1
26.08.2021 00:23:24.409,0.9139600000000001,0.91385,1.25,1
26.08.2021 00:23:27.073,0.9139600000000001,0.91385,1.82,1
26.08.2021 00:23:47.462,0.91395,0.91385,1.37,1
26.08.2021 00:24:03.739,0.91394,0.91384,1.75,1
26.08.2021 00:24:04.875,0.91393,0.9138200000000001,2.95,1.6
26.08.2021 00:24:04.976,0.9139200000000001,0.9138100000000001,2.57,1.1
26.08.2021 00:24:05.345,0.91388,0.9137799999999999,1.25,1
26.08.2021 00:24:08.866,0.91388,0.9137799999999999,1.41,1
26.08.2021 00:24:09.710,0.91389,0.9137700000000001,1.39,1
26.08.2021 00:24:10.335,0.9139,0.9137799999999999,2.57,1
26.08.2021 00:24:13.456,0.9138700000000001,0.9137799999999999,1.37,1
26.08.2021 00:24:16.156,0.91388,0.9137799999999999,2.95,1
26.08.2021 00:24:28.155,0.9139,0.9138000000000001,1.82,1
26.08.2021 00:24:28.256,0.9139,0.9138000000000001,1.25,1.12
26.08.2021 00:24:33.446,0.9139,0.9138000000000001,1.75,1.12
26.08.2021 00:24:46.490,0.9139100000000001,0.9138100000000001,1.82,1
26.08.2021 00:25:23.219,0.9138600000000001,0.9137600000000001,1.25,1.2
26.08.2021 00:25:46.576,0.9138600000000001,0.9137600000000001,1.75,1
26.08.2021 00:25:48.026,0.91388,0.9137799999999999,1.76,1
26.08.2021 00:25:48.128,0.9139,0.91379,2.57,1.12
26.08.2021 00:25:50.607,0.9139,0.9138000000000001,1.35,1
26.08.2021 00:26:32.063,0.91388,0.9137799999999999,1.75,1
26.08.2021 00:26:32.164,0.9138700000000001,0.9137700000000001,1.75,1
26.08.2021 00:26:38.537,0.91388,0.9137799999999999,1.75,1.12
26.08.2021 00:26:38.639,0.91389,0.91379,1.25,1.12
26.08.2021 00:26:38.740,0.9139,0.9138000000000001,1.25,1.12
26.08.2021 00:26:38.842,0.9139100000000001,0.9138000000000001,1.75,1.5
26.08.2021 00:26:39.441,0.91394,0.91385,1.25,1
26.08.2021 00:26:39.542,0.9139700000000002,0.9138700000000001,1.25,1.12
26.08.2021 00:26:39.832,0.914,0.91389,2.01,1
26.08.2021 00:26:50.566,0.91398,0.91388,1.25,1
26.08.2021 00:27:03.431,0.91399,0.91389,1.25,1
26.08.2021 00:27:37.270,0.91398,0.91388,1.25,1
26.08.2021 00:27:37.371,0.9139700000000002,0.9138700000000001,1.25,1
26.08.2021 00:27:37.678,0.9139600000000001,0.9138600000000001,1.82,1
26.08.2021 00:27:37.779,0.91395,0.91384,1.25,1
26.08.2021 00:27:37.880,0.91395,0.91384,1.75,1
26.08.2021 00:28:21.928,0.9139600000000001,0.9138600000000001,1.82,1
26.08.2021 00:28:22.081,0.91398,0.91388,1.75,3
26.08.2021 00:28:22.182,0.91399,0.91389,2.44,1
26.08.2021 00:28:22.283,0.91399,0.91389,1.75,1
26.08.2021 00:28:23.965,0.91399,0.91389,1.69,1
26.08.2021 00:29:02.354,0.91399,0.91389,1.75,1
26.08.2021 00:29:05.628,0.91399,0.9138700000000001,1.25,1.5
26.08.2021 00:29:09.905,0.9139700000000002,0.91388,2.2,1
26.08.2021 00:29:10.007,0.9139600000000001,0.9138600000000001,1.25,1
26.08.2021 00:29:15.841,0.9139600000000001,0.91384,1.25,1.5
26.08.2021 00:29:16.193,0.9139600000000001,0.91384,1.75,1
26.08.2021 00:29:20.760,0.91395,0.91385,1.25,1
26.08.2021 00:29:30.548,0.91395,0.9138299999999999,1.25,1.5
26.08.2021 00:29:56.872,0.9139600000000001,0.91385,1.01,1
26.08.2021 00:30:00.343,0.9139700000000002,0.9138700000000001,1.01,1
26.08.2021 00:30:00.445,0.91398,0.91388,1.75,1
26.08.2021 00:30:00.546,0.91398,0.91388,1.25,1
26.08.2021 00:30:55.197,0.91399,0.91389,1.25,1
26.08.2021 00:31:45.241,0.9139700000000002,0.91388,1.25,1.12
26.08.2021 00:31:45.342,0.9139600000000001,0.91388,1.25,1
26.08.2021 00:31:45.393,0.9139600000000001,0.9138600000000001,1.25,1.12
26.08.2021 00:32:03.008,0.91395,0.9138600000000001,1.25,1
26.08.2021 00:32:14.722,0.91395,0.91385,1.75,1.12
26.08.2021 00:32:27.223,0.9139700000000002,0.91385,1.75,1
26.08.2021 00:32:30.019,0.9139600000000001,0.9138600000000001,1.25,1
26.08.2021 00:32:30.121,0.9139600000000001,0.9138600000000001,1.25,1
26.08.2021 00:32:37.136,0.9139600000000001,0.9138600000000001,1.25,1
26.08.2021 00:32:45.695,0.91398,0.9138700000000001,2.2,1
26.08.2021 00:32:58.259,0.9139700000000002,0.9138700000000001,1.35,1
26.08.2021 00:32:58.360,0.9139600000000001,0.9138600000000001,1.25,1.12
26.08.2021 00:33:04.219,0.9139600000000001,0.9138600000000001,1.75,1.12
26.08.2021 00:33:13.791,0.91395,0.91385,1.25,1
26.08.2021 00:33:13.893,0.91395,0.91385,1.75,1
26.08.2021 00:33:24.771,0.9139600000000001,0.91384,1.25,1
26.08.2021 00:34:13.447,0.9139600000000001,0.91385,1.25,1.12
26.08.2021 00:34:13.649,0.9139600000000001,0.91385,1.75,1
26.08.2021 00:34:17.709,0.9139700000000002,0.9138600000000001,2.2,1
26.08.2021 00:34:17.810,0.9139600000000001,0.91385,1.25,2.62
26.08.2021 00:34:20.063,0.91395,0.91385,1.25,1.12
26.08.2021 00:34:32.597,0.9139700000000002,0.9138700000000001,1.25,1.12
26.08.2021 00:34:35.450,0.91399,0.9138700000000001,1.25,1
26.08.2021 00:34:39.271,0.9139700000000002,0.9138700000000001,1.75,1.12
26.08.2021 00:35:07.577,0.91398,0.91388,1.75,1
26.08.2021 00:35:07.830,0.91398,0.91388,1.25,1
26.08.2021 00:35:20.692,0.914,0.91389,2.2,1
26.08.2021 00:36:03.523,0.91399,0.91389,1.75,1.12
26.08.2021 00:36:05.571,0.91399,0.91389,1.25,1.12
26.08.2021 00:36:27.680,0.914,0.9139,1,1
26.08.2021 00:37:06.056,0.9140100000000001,0.9139100000000001,1,1
26.08.2021 00:37:06.158,0.9140200000000002,0.9139200000000001,1,1
26.08.2021 00:37:06.715,0.91403,0.91393,1.2,1
26.08.2021 00:38:30.865,0.91404,0.91394,1.1,1
26.08.2021 00:38:30.966,0.91405,0.91395,1.2,1
26.08.2021 00:38:31.068,0.9141,0.91398,7.22,1
26.08.2021 00:38:31.270,0.91409,0.91399,1.1,1
26.08.2021 00:38:33.610,0.91409,0.91399,1,2
26.08.2021 00:38:34.850,0.9141,0.91398,1,1.5
26.08.2021 00:38:34.951,0.91409,0.91399,1,2
26.08.2021 00:38:35.339,0.9141,0.914,1.25,1.5
26.08.2021 00:39:15.760,0.91413,0.91403,1,1
26.08.2021 00:39:24.013,0.9141200000000002,0.9140200000000002,1.1,1
26.08.2021 00:40:19.014,0.9141100000000001,0.9140100000000001,1,1
26.08.2021 00:40:31.054,0.9141200000000002,0.9140200000000002,1,1
26.08.2021 00:40:46.203,0.91415,0.91405,1.1,1.5
26.08.2021 00:40:46.305,0.9141700000000001,0.9140700000000002,1.1,1
26.08.2021 00:40:53.356,0.9141600000000001,0.9140600000000001,1,1
26.08.2021 00:41:14.096,0.91414,0.91404,2.82,1.5
26.08.2021 00:41:14.198,0.91413,0.91403,1.2,1
26.08.2021 00:41:25.855,0.9141200000000002,0.9140200000000002,1,1.12
26.08.2021 00:42:57.124,0.9141100000000001,0.9140100000000001,1,1
26.08.2021 00:45:29.981,0.91413,0.91403,1.39,1
26.08.2021 00:45:37.547,0.9141200000000002,0.9140200000000002,1.01,1
26.08.2021 00:45:53.417,0.9141100000000001,0.9140100000000001,1,1
26.08.2021 00:46:10.278,0.9141200000000002,0.9140200000000002,1.39,1
26.08.2021 00:46:10.379,0.9141100000000001,0.9140100000000001,1,1
26.08.2021 00:47:03.435,0.91413,0.9140100000000001,1.35,1
26.08.2021 00:47:03.537,0.91414,0.9140200000000002,1.35,1
26.08.2021 00:47:03.638,0.91415,0.9140600000000001,1.35,1
26.08.2021 00:47:03.690,0.9141600000000001,0.9140600000000001,1,1
26.08.2021 00:47:03.791,0.9141700000000001,0.9140700000000002,1.1,1
26.08.2021 00:47:03.892,0.9141600000000001,0.91404,1,2.06
26.08.2021 00:48:38.763,0.91414,0.91403,1,1.89
26.08.2021 00:49:03.413,0.91414,0.91403,2.29,1
26.08.2021 00:49:03.793,0.91413,0.9140200000000002,1.2,1
26.08.2021 00:49:03.953,0.91414,0.91404,1.1,1.12
26.08.2021 00:49:04.055,0.91413,0.9140200000000002,1.2,1.12
26.08.2021 00:49:04.592,0.91418,0.91408,3.1,1
26.08.2021 00:49:04.694,0.9141900000000001,0.91409,1.1,1
26.08.2021 00:49:04.961,0.9141600000000001,0.9140700000000002,1,1.75
26.08.2021 00:49:14.428,0.9142100000000001,0.9141100000000001,2.91,1
26.08.2021 00:49:14.580,0.9141700000000001,0.91408,1,3.56
26.08.2021 00:49:16.650,0.9141700000000001,0.91409,1,1
26.08.2021 00:49:38.204,0.9141600000000001,0.9140700000000002,1,1
26.08.2021 00:49:41.926,0.9141600000000001,0.91405,1,2.64
26.08.2021 00:49:42.027,0.9141600000000001,0.91405,1,1.39
26.08.2021 00:49:49.632,0.91414,0.91404,1,1.69
26.08.2021 00:49:49.784,0.91414,0.9140200000000002,1.2,1.12
26.08.2021 00:49:55.586,0.9141200000000002,0.9140200000000002,1,1.12
26.08.2021 00:50:11.665,0.91413,0.91403,1.1,1
26.08.2021 00:50:11.767,0.9141200000000002,0.9140200000000002,1,1.12
26.08.2021 00:50:34.621,0.9141200000000002,0.91403,1,1
26.08.2021 00:50:36.833,0.91413,0.91403,1,2
26.08.2021 00:50:42.787,0.91413,0.91403,1,2.32
26.08.2021 00:51:11.994,0.9141200000000002,0.9140100000000001,1,1.89
26.08.2021 00:51:12.045,0.9141200000000002,0.9140100000000001,1,1.76
26.08.2021 00:51:24.209,0.9141,0.914,1,1.2
26.08.2021 00:51:27.179,0.91409,0.91399,1,1.91
26.08.2021 00:51:32.893,0.91409,0.91399,1,1.39
26.08.2021 00:51:33.296,0.9140700000000002,0.9139700000000002,1,1.39
26.08.2021 00:51:35.022,0.91405,0.9139600000000001,1,1.85
26.08.2021 00:52:04.981,0.91404,0.91394,1,3.04
26.08.2021 00:52:05.083,0.91403,0.91393,1,1.89
26.08.2021 00:52:05.184,0.9140100000000001,0.9139200000000001,1,1.1
26.08.2021 00:52:05.286,0.9140100000000001,0.9139100000000001,1,3.01
26.08.2021 00:52:46.125,0.914,0.9139100000000001,1,1.85
26.08.2021 00:52:46.277,0.914,0.9139,1,1.39
26.08.2021 00:52:46.378,0.914,0.9139,1,1.51
26.08.2021 00:52:46.479,0.914,0.9139,1,1.39
26.08.2021 00:52:46.631,0.914,0.9139,1,1.51
26.08.2021 00:52:50.538,0.91403,0.91393,1,1
26.08.2021 00:52:50.639,0.9140100000000001,0.9139100000000001,1,1.39
26.08.2021 00:52:51.628,0.9140100000000001,0.9139100000000001,1,1.41
26.08.2021 00:52:52.299,0.914,0.9139,1,4.16
26.08.2021 00:52:52.401,0.914,0.9139,1,1.39
26.08.2021 00:52:53.129,0.91399,0.91389,1,4.22
26.08.2021 00:53:04.071,0.914,0.9139,1,1.91
26.08.2021 00:53:04.299,0.91403,0.91393,1,1
26.08.2021 00:53:04.400,0.9140100000000001,0.9139100000000001,1,1.51
26.08.2021 00:53:09.353,0.914,0.9139,1,2.54
26.08.2021 00:53:09.463,0.914,0.9139,1,2.51
26.08.2021 00:53:17.171,0.91404,0.91393,2.39,1
26.08.2021 00:53:17.272,0.91405,0.91395,1.39,1
26.08.2021 00:53:17.373,0.9140200000000002,0.9139200000000001,1,2.32
26.08.2021 00:53:32.714,0.9140700000000002,0.91399,1.87,1
26.08.2021 00:53:32.765,0.91408,0.9139700000000002,1.31,1.12
26.08.2021 00:53:32.968,0.91405,0.9139600000000001,1,1.35
26.08.2021 00:53:33.836,0.91404,0.91394,1,2.29
26.08.2021 00:53:33.987,0.91403,0.91394,1,1.35
26.08.2021 00:53:36.340,0.9140700000000002,0.9139600000000001,3.01,1
26.08.2021 00:53:36.442,0.9140700000000002,0.9139600000000001,2.51,1
26.08.2021 00:53:36.543,0.91405,0.91394,1,1.01
26.08.2021 00:53:36.700,0.91404,0.9139600000000001,1,1.01
26.08.2021 00:53:36.751,0.91408,0.91398,1.2,1
26.08.2021 00:53:36.802,0.91404,0.9139600000000001,1,1.01
26.08.2021 00:53:37.405,0.91404,0.91394,1,4.6
26.08.2021 00:53:37.624,0.91404,0.91395,1,1.35
26.08.2021 00:53:37.776,0.91404,0.91395,1,1.01
26.08.2021 00:53:40.494,0.91403,0.91394,1,1.01
26.08.2021 00:53:40.596,0.91403,0.91394,1,1.89
26.08.2021 00:53:52.788,0.91403,0.91394,1,1.31
26.08.2021 00:54:04.073,0.91408,0.9139600000000001,1.6,1
26.08.2021 00:54:04.225,0.91405,0.91395,1,1.76
26.08.2021 00:54:05.237,0.91405,0.9139600000000001,1,1.25
26.08.2021 00:54:05.406,0.91409,0.91398,2.45,1.39
26.08.2021 00:54:05.558,0.9141,0.914,1.85,1
26.08.2021 00:54:05.660,0.9141,0.914,1.2,1.12
26.08.2021 00:54:05.711,0.91408,0.91398,1,3.85
26.08.2021 00:54:06.560,0.9141200000000002,0.9140200000000002,1.6,1
26.08.2021 00:54:06.662,0.9141200000000002,0.9140200000000002,1.6,1
26.08.2021 00:54:06.776,0.91409,0.914,1,2.26
26.08.2021 00:54:08.054,0.91413,0.91403,1.6,1
26.08.2021 00:54:08.155,0.9141100000000001,0.9140100000000001,1,2.51
26.08.2021 00:54:37.734,0.9141200000000002,0.9140200000000002,1.1,1
26.08.2021 00:54:39.760,0.9141600000000001,0.9140600000000001,1.35,1
26.08.2021 00:54:39.861,0.9141900000000001,0.91408,5.91,1
26.08.2021 00:54:40.067,0.9141900000000001,0.91408,1.41,1
26.08.2021 00:54:40.118,0.9141600000000001,0.9140600000000001,1,4.85
26.08.2021 00:54:40.571,0.91415,0.91405,1,5.29
26.08.2021 00:54:40.875,0.91415,0.91405,1,6.79
26.08.2021 00:54:40.977,0.91415,0.91405,1,6.79
26.08.2021 00:54:41.078,0.91415,0.91405,1,6.79
26.08.2021 00:54:41.281,0.91414,0.91405,1,5.29
26.08.2021 00:54:44.666,0.91415,0.91405,1,6.79
26.08.2021 00:54:46.307,0.9141600000000001,0.9140700000000002,1,1.01
26.08.2021 00:54:49.714,0.91415,0.9140600000000001,1,1.22
26.08.2021 00:54:50.223,0.9141600000000001,0.9140600000000001,1,3.72
26.08.2021 00:54:50.377,0.91415,0.9140700000000002,1,1.01
26.08.2021 00:54:50.478,0.9141600000000001,0.9140700000000002,1,1.01
26.08.2021 00:54:50.666,0.91418,0.91408,1,1
26.08.2021 00:54:50.768,0.9141700000000001,0.91408,1,1.01
26.08.2021 00:54:50.870,0.9141900000000001,0.9141,1,1
26.08.2021 00:54:51.022,0.91418,0.91408,1,5.6
26.08.2021 00:54:51.792,0.91418,0.9141,1,1
26.08.2021 00:54:52.738,0.9142100000000001,0.9141200000000002,1.1,1
26.08.2021 00:54:52.839,0.9142,0.9141,1,2.95
26.08.2021 00:54:53.265,0.9142,0.91409,1,2.95
26.08.2021 00:54:54.021,0.9141900000000001,0.9141,1,1.5
26.08.2021 00:54:54.374,0.91418,0.91409,1,1
26.08.2021 00:54:54.688,0.91418,0.91408,1,1.76
26.08.2021 00:54:54.812,0.9141700000000001,0.91408,1,2.14
26.08.2021 00:54:54.913,0.9141900000000001,0.91408,1.85,1.12
26.08.2021 00:54:54.964,0.91415,0.91405,1,1.7
26.08.2021 00:54:55.014,0.91415,0.91405,1,1.7
26.08.2021 00:54:55.116,0.91415,0.91405,1.1,2.25
26.08.2021 00:54:58.025,0.91414,0.91403,1.57,1.39
26.08.2021 00:54:58.127,0.9141200000000002,0.9140200000000002,1,3.1
26.08.2021 00:54:59.236,0.9141200000000002,0.9140100000000001,1.1,1.2
26.08.2021 00:54:59.337,0.9141200000000002,0.9140100000000001,1.1,1.6
26.08.2021 00:54:59.443,0.91415,0.9140200000000002,3.04,2.12
26.08.2021 00:54:59.545,0.91415,0.9140200000000002,2.89,2.2
26.08.2021 00:55:00.320,0.9141600000000001,0.91405,1.31,3.1
26.08.2021 00:55:00.421,0.91418,0.91404,3.66,1.5
26.08.2021 00:55:00.522,0.9141900000000001,0.91405,1.01,1.1
26.08.2021 00:55:00.624,0.91418,0.91405,1.47,2.85
26.08.2021 00:55:00.725,0.9141700000000001,0.91404,2.32,1.39
26.08.2021 00:55:09.472,0.91415,0.91405,1,1
26.08.2021 00:55:13.789,0.91418,0.91408,1.6,1
26.08.2021 00:55:13.890,0.9141900000000001,0.9140700000000002,1.2,1
26.08.2021 00:55:16.271,0.9142100000000001,0.9141,1.6,1
26.08.2021 00:55:16.574,0.9141900000000001,0.91409,1.12,1.01
26.08.2021 00:55:19.520,0.9141900000000001,0.91408,1.12,4.39
26.08.2021 00:55:19.710,0.9141900000000001,0.91408,1.12,4.41
26.08.2021 00:55:20.080,0.9141900000000001,0.91408,1.12,4.39
26.08.2021 00:55:22.700,0.9141900000000001,0.9140600000000001,1.1,1.69
26.08.2021 00:55:23.641,0.9141600000000001,0.9140600000000001,1,1.12
26.08.2021 00:55:23.945,0.9141600000000001,0.9140600000000001,1,1.22
26.08.2021 00:55:25.280,0.91415,0.91405,1,5.16
26.08.2021 00:55:26.997,0.91418,0.9140700000000002,2.14,1.1
26.08.2021 00:55:27.755,0.9141600000000001,0.9140600000000001,1,1.35
26.08.2021 00:55:28.488,0.9141600000000001,0.9140600000000001,1,1.01
26.08.2021 00:55:28.590,0.9141600000000001,0.9140600000000001,1,2.54
26.08.2021 00:55:28.955,0.9141700000000001,0.91405,1,1.01
26.08.2021 00:55:29.056,0.9141600000000001,0.9140600000000001,1,1.35
26.08.2021 00:55:34.127,0.91414,0.91404,1.12,1.1
26.08.2021 00:55:34.228,0.91414,0.91404,1.6,1
26.08.2021 00:55:34.330,0.91413,0.9140200000000002,1.2,2.95
26.08.2021 00:55:35.312,0.91413,0.91403,1.12,1.35
26.08.2021 00:55:35.731,0.91413,0.91403,1.6,1.25
26.08.2021 00:55:41.537,0.91413,0.9140200000000002,1.6,1.01
26.08.2021 00:55:54.817,0.9141200000000002,0.9140100000000001,1.2,1.01
26.08.2021 00:56:01.735,0.9141,0.914,1,1.01
26.08.2021 00:56:03.936,0.9141,0.914,1,1.35
26.08.2021 00:56:06.965,0.9141,0.914,1,1.01
26.08.2021 00:56:18.873,0.91413,0.91399,3.1,4.29
26.08.2021 00:56:19.357,0.9141100000000001,0.9140100000000001,1,1.01
26.08.2021 00:56:20.917,0.9141200000000002,0.914,1.2,2.04
26.08.2021 00:56:21.748,0.9141200000000002,0.914,1,1.01
26.08.2021 00:56:23.182,0.9141200000000002,0.914,1.2,2.79
26.08.2021 00:56:23.948,0.9141100000000001,0.9140100000000001,1,1.01
26.08.2021 00:56:50.772,0.9141,0.9140200000000002,1,1
26.08.2021 00:56:59.560,0.9141100000000001,0.9140200000000002,1,1.5
26.08.2021 00:56:59.661,0.91413,0.9140100000000001,1.57,1
26.08.2021 00:57:00.176,0.9141700000000001,0.9140700000000002,1.95,1.25
26.08.2021 00:57:00.278,0.91418,0.91408,2.32,1
26.08.2021 00:57:00.482,0.9141700000000001,0.9140700000000002,1,2.51
26.08.2021 00:57:00.824,0.9141700000000001,0.91408,1,1
26.08.2021 00:57:03.447,0.9142,0.9141,1.57,1.25
26.08.2021 00:57:13.073,0.9141900000000001,0.91409,1,2.57
26.08.2021 00:57:13.859,0.9141900000000001,0.91409,1,1.57
26.08.2021 00:57:14.824,0.9142,0.9141,1.57,1.25
26.08.2021 00:57:14.876,0.91418,0.91408,1,2.89
26.08.2021 00:57:20.896,0.9141700000000001,0.91408,1,2.14
26.08.2021 00:57:29.702,0.91418,0.91408,1,2.89
26.08.2021 00:57:29.854,0.91418,0.91408,1,3.07
26.08.2021 00:58:01.264,0.91418,0.91408,1.1,1.25
26.08.2021 00:58:06.482,0.9141900000000001,0.9140700000000002,1.1,2.5
26.08.2021 00:58:18.175,0.91418,0.91408,1.1,1.25
26.08.2021 00:59:00.316,0.91418,0.9140700000000002,1,1.31
26.08.2021 00:59:00.581,0.9141600000000001,0.9140600000000001,1,5.62
26.08.2021 00:59:55.620,0.9141700000000001,0.9140600000000001,1.1,5.57
26.08.2021 01:00:00.313,0.9141700000000001,0.9140600000000001,1.1,4.57
26.08.2021 01:00:01.785,0.91418,0.91408,1.1,1.25
26.08.2021 01:00:01.936,0.9141900000000001,0.91409,1.6,1.25
26.08.2021 01:00:18.839,0.91418,0.91408,1.1,1
26.08.2021 01:00:23.624,0.9141700000000001,0.9140600000000001,1.2,3.01
26.08.2021 01:00:23.798,0.9141700000000001,0.9140600000000001,1.2,2.89
26.08.2021 01:00:23.899,0.9141600000000001,0.9140600000000001,1,2.89
26.08.2021 01:00:24.051,0.9141700000000001,0.9140600000000001,3.07,2.89
26.08.2021 01:00:31.536,0.9141700000000001,0.9140600000000001,1,4.45
26.08.2021 01:00:31.865,0.9141700000000001,0.9140600000000001,1,2.89
26.08.2021 01:00:38.508,0.9141700000000001,0.9140600000000001,1,5.57
26.08.2021 01:00:38.775,0.91418,0.91408,1.1,1
26.08.2021 01:00:39.131,0.9141900000000001,0.91409,1.95,1
26.08.2021 01:00:43.643,0.9142,0.9141,3.07,1
26.08.2021 01:00:43.796,0.9142100000000001,0.91413,1,1.5
26.08.2021 01:00:43.897,0.9142200000000001,0.91413,1,1.5
26.08.2021 01:00:43.949,0.91424,0.91413,1.5,4.76
26.08.2021 01:00:51.701,0.91423,0.9141200000000002,1,2.82
26.08.2021 01:00:53.154,0.91423,0.9141200000000002,1,1.95
26.08.2021 01:01:02.374,0.91423,0.9141200000000002,2.54,1.12
26.08.2021 01:01:06.992,0.9142200000000001,0.91413,1.1,1
26.08.2021 01:01:10.957,0.9142100000000001,0.91413,1,1
26.08.2021 01:01:11.058,0.9142,0.9141100000000001,1.5,1
26.08.2021 01:01:12.873,0.9141900000000001,0.9141100000000001,1,1
26.08.2021 01:01:20.902,0.9142,0.9141200000000002,1,1
26.08.2021 01:01:31.456,0.9142100000000001,0.91413,1.5,1
26.08.2021 01:01:31.559,0.9142200000000001,0.91414,1,1
26.08.2021 01:01:38.548,0.9142200000000001,0.91415,1,1.57
26.08.2021 01:01:38.599,0.91424,0.9141600000000001,1,1
26.08.2021 01:01:38.700,0.91425,0.9141700000000001,1,1
26.08.2021 01:01:38.852,0.9142600000000001,0.9141700000000001,1.5,1
26.08.2021 01:01:38.954,0.9142700000000001,0.9141700000000001,1,1
26.08.2021 01:01:39.157,0.91425,0.91418,1,1
26.08.2021 01:01:41.833,0.9142600000000001,0.91418,1,1.5
26.08.2021 01:01:52.270,0.91428,0.9141700000000001,1.5,1.1
26.08.2021 01:01:52.863,0.91428,0.9142100000000001,1,1.5
26.08.2021 01:01:52.914,0.9143,0.91423,1,1
26.08.2021 01:01:53.066,0.9143,0.91424,1,1
26.08.2021 01:01:54.394,0.91429,0.91424,1.5,1
26.08.2021 01:01:54.496,0.9143100000000001,0.91424,1,1
26.08.2021 01:01:54.674,0.91433,0.91424,1.6,1
26.08.2021 01:02:03.056,0.9143,0.91424,1,1
26.08.2021 01:02:05.477,0.9143,0.91423,1,1
26.08.2021 01:02:06.335,0.9143200000000001,0.91423,1.57,1
26.08.2021 01:02:07.887,0.9143100000000001,0.91423,1,1
26.08.2021 01:02:08.738,0.91428,0.9142100000000001,1,1
26.08.2021 01:02:08.839,0.91428,0.9142,1.5,1
26.08.2021 01:02:09.620,0.9142700000000001,0.9142,1,1
26.08.2021 01:02:26.086,0.9142700000000001,0.9141900000000001,1.5,1
26.08.2021 01:02:26.346,0.9142700000000001,0.91418,1,1
26.08.2021 01:02:29.882,0.91424,0.9141900000000001,1,1
26.08.2021 01:02:30.379,0.91424,0.91418,1,1
26.08.2021 01:02:51.786,0.91424,0.9141600000000001,1,1.1
26.08.2021 01:02:52.125,0.9142200000000001,0.91415,1,1.6
26.08.2021 01:02:52.176,0.9142200000000001,0.91413,1.1,1.5
26.08.2021 01:02:52.278,0.9142100000000001,0.91409,1,1.6
26.08.2021 01:02:56.868,0.9142,0.9141200000000002,1,1
26.08.2021 01:03:10.737,0.91423,0.91415,1.2,1
26.08.2021 01:03:26.467,0.91424,0.9141600000000001,1.1,1
26.08.2021 01:03:26.569,0.91425,0.9141700000000001,1,1
26.08.2021 01:03:26.671,0.9142700000000001,0.9141600000000001,1,1.1
26.08.2021 01:03:50.069,0.9142700000000001,0.91418,1,1
26.08.2021 01:03:50.171,0.9142700000000001,0.9141900000000001,1,1.5
26.08.2021 01:03:50.272,0.91428,0.9142,1,1
26.08.2021 01:04:06.577,0.9142700000000001,0.9142,1,1
26.08.2021 01:05:20.656,0.91429,0.9142100000000001,1,1
26.08.2021 01:05:20.757,0.9143,0.9142200000000001,1,1.5
26.08.2021 01:05:20.859,0.9143100000000001,0.9142200000000001,1,1.5
26.08.2021 01:05:20.960,0.9143,0.9142200000000001,1,1
26.08.2021 01:05:23.363,0.91429,0.9142200000000001,1,1
26.08.2021 01:05:25.134,0.91429,0.9142100000000001,1.5,1
26.08.2021 01:05:25.235,0.91428,0.9142,1,1
26.08.2021 01:05:51.180,0.9142700000000001,0.9141900000000001,1,1
26.08.2021 01:05:52.776,0.91428,0.9141900000000001,1.1,1
26.08.2021 01:05:52.896,0.9142700000000001,0.9141900000000001,1,1
26.08.2021 01:06:01.036,0.9142700000000001,0.91418,1,1
26.08.2021 01:06:27.828,0.91428,0.91418,1.57,1.69
26.08.2021 01:06:50.938,0.91428,0.9142,1,1.5
26.08.2021 01:06:50.989,0.9143,0.9142100000000001,1.57,1
26.08.2021 01:06:51.091,0.9143200000000001,0.91423,1.57,1
26.08.2021 01:06:51.294,0.9143100000000001,0.91423,1,1
26.08.2021 01:07:22.503,0.9143200000000001,0.91423,1,1.5
26.08.2021 01:07:22.604,0.91434,0.91425,1,1.5
26.08.2021 01:07:22.705,0.91435,0.9142600000000001,1.57,1
26.08.2021 01:07:31.244,0.9143700000000001,0.9142700000000001,1.57,1.5
26.08.2021 01:07:31.295,0.91435,0.9142700000000001,1,1
26.08.2021 01:07:32.769,0.91438,0.91429,1.57,1.5
26.08.2021 01:07:32.870,0.91438,0.91433,1,1
26.08.2021 01:07:32.921,0.9144100000000001,0.91433,1,1
26.08.2021 01:07:33.123,0.9144100000000001,0.91434,1,1
26.08.2021 01:07:34.825,0.91443,0.91435,1,1
26.08.2021 01:07:48.959,0.9144500000000001,0.91433,1,2.16
26.08.2021 01:08:00.926,0.91443,0.9143100000000001,1,3.47
26.08.2021 01:08:03.244,0.91443,0.91433,1,1.12
26.08.2021 01:08:07.721,0.9144500000000001,0.91435,1.01,1
26.08.2021 01:08:07.822,0.91443,0.91433,1,2.22
26.08.2021 01:08:10.623,0.91446,0.9143600000000001,1.2,1
26.08.2021 01:08:10.673,0.91444,0.91434,1,1.35
26.08.2021 01:08:21.754,0.91449,0.91439,1.57,1.1
26.08.2021 01:08:21.855,0.91449,0.91438,2.25,4.41
26.08.2021 01:08:21.956,0.9144700000000001,0.9143600000000001,1,5.66
26.08.2021 01:08:22.007,0.9144700000000001,0.9143700000000001,1,1.1
26.08.2021 01:08:27.389,0.91446,0.91438,1,1.1
26.08.2021 01:08:31.336,0.91446,0.91439,1,1.1
26.08.2021 01:08:31.387,0.91448,0.9144,1,1
26.08.2021 01:08:31.438,0.9145000000000001,0.91439,1.25,3.1
26.08.2021 01:08:31.489,0.91453,0.9144100000000001,3.72,2.32
26.08.2021 01:08:31.644,0.91453,0.9144100000000001,2.89,1.79
26.08.2021 01:08:31.760,0.9145200000000001,0.9144,1,4.47
26.08.2021 01:08:32.127,0.9145000000000001,0.9144,1,4.1
26.08.2021 01:08:32.229,0.9145000000000001,0.9144,1,4.1
26.08.2021 01:08:34.086,0.9145000000000001,0.9144,1,4.1
26.08.2021 01:08:35.960,0.9145000000000001,0.9144,1,3.35
26.08.2021 01:08:55.491,0.9145000000000001,0.9144,1,1.1
26.08.2021 01:08:55.593,0.91449,0.9144,1,1.1
26.08.2021 01:08:55.695,0.91449,0.91439,2.25,1.1
26.08.2021 01:08:55.796,0.91448,0.91438,1,1.35
26.08.2021 01:08:55.897,0.91446,0.9143600000000001,1,1.91
26.08.2021 01:08:55.998,0.91446,0.9143600000000001,1,1.79
26.08.2021 01:08:58.966,0.91446,0.91434,1,2.66
26.08.2021 01:09:01.683,0.9144500000000001,0.9143600000000001,1,1.41
26.08.2021 01:09:06.001,0.91446,0.9143700000000001,1,1.1
26.08.2021 01:09:10.499,0.91449,0.9144,1,1.1
26.08.2021 01:09:10.601,0.91451,0.9144100000000001,1.57,1
26.08.2021 01:09:10.801,0.9145000000000001,0.9144,1,2.16
26.08.2021 01:09:21.912,0.9145000000000001,0.9144100000000001,1,1.35
26.08.2021 01:09:23.486,0.9145000000000001,0.9144100000000001,1,1.25
26.08.2021 01:09:33.510,0.91451,0.9144100000000001,1,1.25
26.08.2021 01:09:40.414,0.91451,0.9144100000000001,1,1.35
26.08.2021 01:09:40.516,0.9145500000000001,0.9144200000000001,3.66,4.41
26.08.2021 01:09:40.718,0.91454,0.9144100000000001,1,3.66
26.08.2021 01:09:42.423,0.9145200000000001,0.9144200000000001,1,4.41
26.08.2021 01:09:57.970,0.91456,0.91446,2.51,2.32
26.08.2021 01:09:58.121,0.91454,0.9144500000000001,1,1
26.08.2021 01:09:58.548,0.91454,0.91444,1,2.89
26.08.2021 01:10:00.248,0.91453,0.91443,1,1.6
26.08.2021 01:10:00.350,0.9145200000000001,0.9144,1,1.7
26.08.2021 01:10:00.401,0.9145000000000001,0.9144,1,2.16
26.08.2021 01:10:00.503,0.9145000000000001,0.9144,1,2.14
26.08.2021 01:10:08.366,0.91451,0.91439,1,2.66
26.08.2021 01:10:08.872,0.9145000000000001,0.9144,1,1.2
26.08.2021 01:10:20.532,0.91451,0.9144100000000001,1,1
26.08.2021 01:10:41.863,0.9145000000000001,0.91439,1,3.41
26.08.2021 01:10:42.269,0.9144700000000001,0.9143700000000001,1,1.6
26.08.2021 01:10:42.320,0.9144700000000001,0.9143700000000001,1,1.2
26.08.2021 01:10:42.422,0.91446,0.9143600000000001,1,1.2
26.08.2021 01:10:46.069,0.9144500000000001,0.91435,1,2.26
26.08.2021 01:10:46.174,0.9144500000000001,0.91435,1,1.2
26.08.2021 01:10:53.142,0.9144500000000001,0.91435,1,1.22
26.08.2021 01:10:54.575,0.9144500000000001,0.91435,1,1.2
26.08.2021 01:10:56.731,0.9144500000000001,0.91435,1,1.22
26.08.2021 01:10:57.549,0.9144500000000001,0.91435,1,1.2
26.08.2021 01:10:57.835,0.91446,0.91434,1,1.22
26.08.2021 01:11:11.757,0.9144500000000001,0.91435,1,1.2
26.08.2021 01:11:17.657,0.91444,0.91434,1,1.85
26.08.2021 01:11:28.514,0.91444,0.91434,1,1.2
26.08.2021 01:11:28.666,0.91443,0.91433,1,1.6
26.08.2021 01:11:28.837,0.91443,0.91433,1,1.2
26.08.2021 01:11:32.647,0.9144200000000001,0.9143200000000001,1,1.1
26.08.2021 01:11:42.705,0.9144100000000001,0.9143,1,2.29
26.08.2021 01:11:47.413,0.91439,0.91429,1,1.51
26.08.2021 01:11:47.515,0.91438,0.91428,1,1.51
26.08.2021 01:11:49.450,0.9144200000000001,0.9143200000000001,3.56,1
26.08.2021 01:11:49.501,0.91439,0.91429,1,5.97
26.08.2021 01:11:49.552,0.9144200000000001,0.9143100000000001,3.56,1.1
26.08.2021 01:11:49.603,0.9144,0.9143,1,1.35
26.08.2021 01:12:06.341,0.91439,0.91429,1,1.2
26.08.2021 01:12:06.595,0.91438,0.9142700000000001,1,2.72
26.08.2021 01:12:07.261,0.91438,0.9142700000000001,1.69,1.2
26.08.2021 01:12:20.012,0.91438,0.9143100000000001,1.25,1.2
26.08.2021 01:12:20.063,0.9144200000000001,0.9143100000000001,3.26,1.2
26.08.2021 01:12:20.164,0.91443,0.91434,1.25,1
26.08.2021 01:12:20.266,0.91444,0.91434,1.87,1
26.08.2021 01:12:20.543,0.91443,0.91433,1,1.5
26.08.2021 01:12:21.414,0.91443,0.91433,1,1.6
26.08.2021 01:12:24.452,0.91444,0.91434,1,1.2
26.08.2021 01:12:24.604,0.91444,0.91434,1,1.22
26.08.2021 01:12:24.756,0.91444,0.91434,1,1.2
26.08.2021 01:12:31.239,0.91444,0.91434,1,1.22
26.08.2021 01:12:32.015,0.9144700000000001,0.9143700000000001,1,1
26.08.2021 01:12:32.116,0.91446,0.9143600000000001,1,1.1
26.08.2021 01:12:44.406,0.9144700000000001,0.91434,1.25,2.72
26.08.2021 01:12:49.213,0.91446,0.91433,1.25,3.47
26.08.2021 01:12:49.314,0.9144500000000001,0.91433,1,2.72
26.08.2021 01:12:52.472,0.91444,0.91434,1,1.39
26.08.2021 01:13:00.214,0.91444,0.91434,2.19,1
26.08.2021 01:13:00.315,0.91444,0.91434,1.76,1
26.08.2021 01:13:00.731,0.91443,0.9143200000000001,1,1.1
26.08.2021 01:13:02.528,0.91443,0.9143200000000001,1,1.1
26.08.2021 01:13:02.630,0.91443,0.9143200000000001,1,1.1
26.08.2021 01:13:02.731,0.91443,0.9143200000000001,1,1.1
26.08.2021 01:13:11.490,0.9144500000000001,0.91435,1,1
26.08.2021 01:13:11.591,0.91446,0.9143600000000001,1,1
26.08.2021 01:13:15.491,0.9144500000000001,0.91435,1,1.2
26.08.2021 01:13:22.906,0.9144500000000001,0.91435,1,1.22
26.08.2021 01:13:23.008,0.91449,0.91439,1.12,1
26.08.2021 01:13:23.109,0.91448,0.91438,1,1.2
26.08.2021 01:13:26.677,0.91448,0.91438,1,2.07
26.08.2021 01:13:26.778,0.91448,0.91438,1,1.57
26.08.2021 01:13:28.187,0.9144700000000001,0.9143700000000001,1,1.95
26.08.2021 01:13:29.538,0.91448,0.91435,1.01,1.2
26.08.2021 01:13:32.204,0.9144500000000001,0.91435,1,2.29
26.08.2021 01:13:47.474,0.91446,0.91434,1,1.12
26.08.2021 01:13:48.374,0.9144500000000001,0.91435,1,1.41
26.08.2021 01:13:48.478,0.91446,0.91435,1,1.85
26.08.2021 01:13:55.656,0.91446,0.91435,1,3.72
26.08.2021 01:14:01.351,0.91446,0.91435,1,1.39
26.08.2021 01:14:03.916,0.91444,0.91434,1,2.29
26.08.2021 01:14:04.319,0.91443,0.91433,1,1.79
26.08.2021 01:14:05.274,0.91443,0.9143100000000001,1,1.2
26.08.2021 01:14:06.376,0.9144100000000001,0.9143100000000001,1,1.2
26.08.2021 01:14:06.478,0.9144100000000001,0.9143100000000001,1,1.22
26.08.2021 01:14:12.837,0.9144100000000001,0.9143100000000001,1,2.97
26.08.2021 01:14:13.061,0.9144100000000001,0.9143100000000001,1,2.97
26.08.2021 01:14:13.425,0.9144100000000001,0.9143100000000001,1,2.97
26.08.2021 01:14:15.288,0.9144,0.9143,1,3.47
26.08.2021 01:14:19.457,0.91439,0.91428,1,3.41
26.08.2021 01:14:19.558,0.9143700000000001,0.91428,1,1.57
26.08.2021 01:14:28.437,0.91438,0.9143,1,2.51
26.08.2021 01:14:28.488,0.9144200000000001,0.9143200000000001,1.1,1
26.08.2021 01:14:28.640,0.9144200000000001,0.91433,1,1.2
26.08.2021 01:14:28.741,0.9144200000000001,0.91434,1,1
26.08.2021 01:14:29.116,0.9144200000000001,0.91433,1,1.2
26.08.2021 01:14:29.217,0.91443,0.91433,1,1.95
26.08.2021 01:14:30.665,0.91444,0.91433,1,3.35
26.08.2021 01:14:34.418,0.9144200000000001,0.9143200000000001,1,1.89
26.08.2021 01:14:34.519,0.9144200000000001,0.9143200000000001,1,1.1
26.08.2021 01:14:35.707,0.91444,0.9143100000000001,1.85,1.35
26.08.2021 01:14:37.133,0.9144500000000001,0.91433,3.72,1.1
26.08.2021 01:14:37.234,0.9144700000000001,0.91434,2.97,1.39
26.08.2021 01:14:37.336,0.91446,0.91433,1.01,4.97
26.08.2021 01:14:41.247,0.91446,0.91433,2.16,3.47
26.08.2021 01:14:43.683,0.9144700000000001,0.91434,1.85,1.41
26.08.2021 01:15:01.657,0.91448,0.91434,2.12,2.62
26.08.2021 01:15:01.759,0.9145000000000001,0.91438,1.31,3.87
26.08.2021 01:15:01.860,0.9145200000000001,0.91439,1.87,1.75
26.08.2021 01:15:03.730,0.9145200000000001,0.91438,3.25,3.37
26.08.2021 01:15:04.139,0.9145200000000001,0.91438,3.25,4.12
26.08.2021 01:15:05.592,0.9145200000000001,0.91438,3.25,4.12
26.08.2021 01:15:07.144,0.9145200000000001,0.91438,3.35,3.47
26.08.2021 01:15:08.580,0.9145200000000001,0.91438,2.72,5.72
26.08.2021 01:15:08.681,0.9145200000000001,0.91438,2.6,4.97
26.08.2021 01:15:17.738,0.9145200000000001,0.91439,1.01,1.97
26.08.2021 01:15:28.832,0.9145200000000001,0.91439,1.25,3.1
26.08.2021 01:15:28.944,0.9145200000000001,0.91439,1.31,4.97
26.08.2021 01:15:29.259,0.9145200000000001,0.91439,1.25,3.1
26.08.2021 01:15:35.341,0.9145200000000001,0.91439,1.25,2.72
26.08.2021 01:15:35.443,0.9145200000000001,0.91439,1.69,1.97
26.08.2021 01:15:35.544,0.91451,0.91439,1.01,1.35
26.08.2021 01:15:36.848,0.91448,0.9143600000000001,2.51,3.41
26.08.2021 01:15:36.949,0.91448,0.91434,5.35,3.47
26.08.2021 01:15:37.051,0.91448,0.91434,5.35,3.47
26.08.2021 01:15:39.736,0.91449,0.9143600000000001,3.47,1.35
26.08.2021 01:15:39.888,0.91448,0.9143600000000001,1.01,1.41
26.08.2021 01:15:39.990,0.91448,0.9143600000000001,1.25,1.41
26.08.2021 01:15:40.510,0.9145000000000001,0.91435,2.6,1.35
26.08.2021 01:15:44.897,0.91449,0.9143600000000001,1.89,1.85
26.08.2021 01:15:45.471,0.91449,0.9143600000000001,1.91,1.85
26.08.2021 01:15:49.418,0.91449,0.9143600000000001,1.89,1.85
26.08.2021 01:15:49.793,0.91449,0.9143600000000001,1.91,1.85
26.08.2021 01:15:49.895,0.91449,0.9143600000000001,1.89,1.85
26.08.2021 01:15:50.097,0.91449,0.9143600000000001,1.91,1.85
26.08.2021 01:15:50.480,0.91449,0.9143600000000001,1.89,1.85
26.08.2021 01:15:51.409,0.9145000000000001,0.91435,1.91,1.85
26.08.2021 01:15:58.982,0.91449,0.9143600000000001,1.89,1.85
26.08.2021 01:15:59.083,0.91449,0.9143600000000001,2.29,1.85
26.08.2021 01:16:00.163,0.91449,0.9143600000000001,2.47,1.85
26.08.2021 01:16:00.264,0.91448,0.9143600000000001,1.39,1.1
26.08.2021 01:16:00.370,0.9144700000000001,0.91434,2.51,3.6
26.08.2021 01:16:00.471,0.9144700000000001,0.91434,2.66,1.91
26.08.2021 01:16:01.955,0.91448,0.91433,2.64,1.91
26.08.2021 01:16:02.057,0.9144700000000001,0.91435,1.97,1.76
26.08.2021 01:16:02.360,0.9144700000000001,0.91435,2.07,1.79
26.08.2021 01:16:03.034,0.9144700000000001,0.91435,2.1,1.76
26.08.2021 01:16:03.578,0.9144700000000001,0.91435,2.07,1.79
26.08.2021 01:16:03.877,0.9144700000000001,0.91434,3.1,1.35
26.08.2021 01:16:07.576,0.9144700000000001,0.91434,2.95,1.85
26.08.2021 01:16:08.105,0.9144700000000001,0.91434,2.97,1.85
26.08.2021 01:16:10.395,0.91448,0.91435,3.79,2.91
26.08.2021 01:16:10.496,0.91449,0.9143600000000001,4.16,1.41
26.08.2021 01:16:15.624,0.91448,0.91435,2.54,1.85
26.08.2021 01:16:16.904,0.9144500000000001,0.91435,1,2.29
26.08.2021 01:16:21.579,0.91444,0.91434,1,1.6
26.08.2021 01:16:21.833,0.91443,0.91433,1,2.66
26.08.2021 01:16:21.936,0.91443,0.91433,1,1.2
26.08.2021 01:16:22.089,0.91443,0.91433,1,2.26
26.08.2021 01:16:22.317,0.91443,0.91433,1,2.14
26.08.2021 01:16:22.873,0.91444,0.9143200000000001,1,3.04
26.08.2021 01:16:22.974,0.91443,0.91433,1,1.1
26.08.2021 01:16:30.981,0.9144200000000001,0.9143200000000001,1,1.1
26.08.2021 01:16:42.247,0.9144100000000001,0.9143100000000001,1,1.35
26.08.2021 01:16:42.348,0.9144100000000001,0.9143100000000001,1,1.01
26.08.2021 01:16:42.817,0.9144100000000001,0.9143100000000001,1,1.35
26.08.2021 01:16:43.377,0.9144100000000001,0.9143100000000001,1,1.01
26.08.2021 01:16:43.743,0.9144100000000001,0.9143100000000001,1,1.35
26.08.2021 01:16:43.844,0.9144100000000001,0.9143,1,3.47
26.08.2021 01:16:44.509,0.91439,0.91429,1,6.47
26.08.2021 01:16:44.611,0.91439,0.9143,1,1.91
26.08.2021 01:16:45.609,0.91438,0.91428,1,1.51
26.08.2021 01:16:45.710,0.9143700000000001,0.9142700000000001,1,2.29
26.08.2021 01:16:45.812,0.9143700000000001,0.9142700000000001,1,1.85
26.08.2021 01:16:48.468,0.9143700000000001,0.9142700000000001,1,1.1
26.08.2021 01:16:50.118,0.9144,0.9142700000000001,1.2,1.1
26.08.2021 01:16:50.220,0.9144,0.91429,1.2,1.2
26.08.2021 01:16:50.373,0.9144,0.91429,1.12,1.22
26.08.2021 01:16:51.060,0.9144100000000001,0.91428,1.1,1.2
26.08.2021 01:16:51.162,0.9144,0.91429,1,1.22
26.08.2021 01:16:51.920,0.9144200000000001,0.9143200000000001,1.7,1
26.08.2021 01:16:52.022,0.91443,0.9143100000000001,1.1,1
26.08.2021 01:16:52.124,0.9144100000000001,0.9143100000000001,1,1.2
26.08.2021 01:16:52.276,0.9144100000000001,0.9143100000000001,1,1.22
26.08.2021 01:17:07.929,0.9144100000000001,0.9143100000000001,1,1.2
26.08.2021 01:17:08.069,0.9144100000000001,0.9143100000000001,1,1.22
26.08.2021 01:17:09.784,0.9144200000000001,0.9143,1,1.2
26.08.2021 01:17:09.886,0.9144100000000001,0.9143100000000001,1,1.22
26.08.2021 01:17:11.646,0.9144100000000001,0.9143100000000001,1,1.2
26.08.2021 01:17:11.747,0.9144100000000001,0.9143100000000001,1,1.22
26.08.2021 01:17:20.135,0.9144100000000001,0.9143100000000001,1,5.29
26.08.2021 01:17:20.337,0.91444,0.91433,1.12,1.2
26.08.2021 01:17:20.388,0.9144200000000001,0.9143200000000001,1,2.29
26.08.2021 01:17:20.738,0.9144500000000001,0.91435,3.94,1
26.08.2021 01:17:20.839,0.91443,0.91433,1,3.47
26.08.2021 01:17:21.004,0.91443,0.91433,1,3.45
26.08.2021 01:17:21.350,0.91443,0.91433,1,3.47
26.08.2021 01:17:21.750,0.91443,0.91433,1,3.45
26.08.2021 01:17:22.507,0.91443,0.91433,1,3.47
26.08.2021 01:17:23.178,0.91443,0.91433,1,3.45
26.08.2021 01:17:23.282,0.91443,0.91433,1,3.47
26.08.2021 01:17:23.527,0.91443,0.91433,1,3.45
26.08.2021 01:17:23.637,0.91443,0.91433,1,3.47
26.08.2021 01:17:23.738,0.91443,0.91433,1,3.45
26.08.2021 01:17:24.566,0.91443,0.91433,1,3.47
26.08.2021 01:17:24.668,0.91443,0.91433,1,3.45
26.08.2021 01:17:25.850,0.91443,0.91433,1,1.97
26.08.2021 01:17:26.002,0.91443,0.91433,1,3.79
26.08.2021 01:17:26.053,0.9144500000000001,0.91434,1.12,1.91
26.08.2021 01:17:34.745,0.91446,0.91434,1.12,1.85
26.08.2021 01:17:35.370,0.9144500000000001,0.91433,1,1.85
26.08.2021 01:17:39.287,0.91444,0.91433,1,2.66
26.08.2021 01:17:56.528,0.91444,0.91433,1,3.41
26.08.2021 01:18:12.258,0.9144700000000001,0.9143700000000001,1.5,1
26.08.2021 01:18:12.410,0.9144500000000001,0.91435,1,1.39
26.08.2021 01:18:24.473,0.91446,0.9143100000000001,2.81,3.85
26.08.2021 01:18:24.574,0.91444,0.9143100000000001,1.31,7.22
26.08.2021 01:18:24.676,0.91444,0.9143100000000001,2.5,2.54
26.08.2021 01:18:24.777,0.91444,0.9143100000000001,2.62,2.91
26.08.2021 01:18:25.748,0.9144200000000001,0.9143100000000001,1,2.91
26.08.2021 01:19:03.745,0.9144,0.9143,2.25,1.6
26.08.2021 01:19:05.981,0.9144100000000001,0.91429,4.87,1
26.08.2021 01:19:06.082,0.91439,0.91429,1,1.2
26.08.2021 01:19:07.084,0.9144200000000001,0.9143200000000001,1.75,1.1
26.08.2021 01:19:07.186,0.91443,0.9143100000000001,1,1.2
26.08.2021 01:19:20.938,0.9144100000000001,0.9143100000000001,1,1.2
26.08.2021 01:19:23.408,0.9144,0.91429,1,1.89
26.08.2021 01:19:26.914,0.91438,0.91428,1,1.85
26.08.2021 01:19:26.965,0.91438,0.91428,1,1.39
26.08.2021 01:19:30.955,0.91439,0.91429,1,2.29
26.08.2021 01:19:31.158,0.91439,0.91428,1,1.89
26.08.2021 01:19:47.346,0.91439,0.91428,1,1.91
26.08.2021 01:19:47.825,0.91439,0.91428,1,1.89
26.08.2021 01:19:53.168,0.9143700000000001,0.9142700000000001,1,1.6
26.08.2021 01:19:53.269,0.9143700000000001,0.91425,1,1.1
26.08.2021 01:19:53.996,0.9143700000000001,0.91425,1,1.35
26.08.2021 01:19:54.357,0.91435,0.91425,1,2.16
26.08.2021 01:20:00.228,0.91435,0.91425,1,2.16
26.08.2021 01:20:06.595,0.91435,0.91425,1,1.39
26.08.2021 01:20:11.986,0.91435,0.91425,1,1.41
26.08.2021 01:20:12.696,0.9143600000000001,0.91424,1,1.39
26.08.2021 01:20:18.848,0.91435,0.91425,1,1.79
26.08.2021 01:20:23.800,0.9143600000000001,0.9142600000000001,1,2.16
26.08.2021 01:20:23.851,0.91438,0.91428,1.2,1.1
26.08.2021 01:20:23.901,0.9143600000000001,0.9142600000000001,1,3.72
26.08.2021 01:20:23.952,0.9144,0.9142700000000001,1.85,3.85
26.08.2021 01:20:24.053,0.9144100000000001,0.91428,4.22,1.85
26.08.2021 01:20:24.155,0.9144100000000001,0.91429,1.76,2.64
26.08.2021 01:20:24.256,0.9144,0.91428,1.12,2.72
26.08.2021 01:20:24.408,0.9144,0.91428,1,2.66
26.08.2021 01:20:24.509,0.9144,0.9142700000000001,1.2,1.35
26.08.2021 01:20:25.403,0.9144,0.91428,1,1.91
26.08.2021 01:20:25.605,0.9144200000000001,0.91429,1.85,3.39
26.08.2021 01:20:26.346,0.9144100000000001,0.91429,1.01,2.66
26.08.2021 01:20:26.802,0.9144200000000001,0.9142700000000001,1.35,2.72
26.08.2021 01:20:27.005,0.9144,0.9142700000000001,1.39,1.85
26.08.2021 01:20:29.857,0.9144100000000001,0.91428,1.01,2.29
26.08.2021 01:20:29.958,0.9144100000000001,0.9142700000000001,1,1.85
26.08.2021 01:20:31.971,0.91439,0.91428,1,2.66
26.08.2021 01:20:32.925,0.91439,0.91428,1,2.66
26.08.2021 01:20:36.558,0.91439,0.91429,1,3.41
26.08.2021 01:20:36.912,0.9144200000000001,0.9143200000000001,1.1,1.2
26.08.2021 01:20:37.013,0.91443,0.91433,1.2,1.2
26.08.2021 01:20:37.165,0.9144200000000001,0.9143200000000001,1,1.91
26.08.2021 01:21:00.607,0.9144,0.9143,2.32,2.26
26.08.2021 01:21:00.708,0.9144,0.9143,2.32,1.2
26.08.2021 01:21:01.013,0.9144200000000001,0.9143100000000001,1.41,1.1
26.08.2021 01:21:01.114,0.9144,0.9143,1,1.41
26.08.2021 01:21:01.865,0.9144,0.9143,1,2.29
26.08.2021 01:21:01.967,0.9144100000000001,0.9143100000000001,1,1.51
26.08.2021 01:21:13.150,0.9144100000000001,0.9143100000000001,1,3.1
26.08.2021 01:21:13.302,0.9144500000000001,0.91433,2.16,1
26.08.2021 01:21:13.403,0.9144500000000001,0.91435,1.22,1
26.08.2021 01:21:30.315,0.91449,0.91439,1.72,1
26.08.2021 01:21:30.417,0.9145000000000001,0.9144,1.2,1.1
26.08.2021 01:21:30.630,0.91449,0.91439,1,2.16
26.08.2021 01:21:37.794,0.9144700000000001,0.91438,1,1.6
26.08.2021 01:21:37.946,0.9144700000000001,0.91438,1,1.2
26.08.2021 01:21:41.015,0.91446,0.9143700000000001,1,1.6
26.08.2021 01:21:41.116,0.91446,0.9143600000000001,1,3.41
26.08.2021 01:21:42.117,0.9144700000000001,0.9143600000000001,1.1,2.66
26.08.2021 01:21:49.236,0.91446,0.9143600000000001,1,2.16
26.08.2021 01:21:55.708,0.9144500000000001,0.91435,1,1.95
26.08.2021 01:21:55.809,0.9144500000000001,0.91435,1,3.41
26.08.2021 01:22:09.640,0.91444,0.91434,1,2.89
26.08.2021 01:22:35.760,0.91444,0.91434,1,1.97
26.08.2021 01:22:36.628,0.91444,0.91434,1,1.95
26.08.2021 01:22:43.862,0.91444,0.91434,1,1.97
26.08.2021 01:22:47.116,0.91444,0.91434,1,2.14
26.08.2021 01:22:57.632,0.91444,0.91434,1,2.16
26.08.2021 01:23:06.162,0.91444,0.91434,1,4.47
26.08.2021 01:23:06.314,0.9144500000000001,0.91435,1,1.35
26.08.2021 01:23:11.651,0.91449,0.91439,2.75,2.32
26.08.2021 01:23:11.757,0.9145000000000001,0.9144,1.2,1
26.08.2021 01:23:11.984,0.91449,0.91439,1,4.16
26.08.2021 01:23:16.079,0.9145200000000001,0.9144200000000001,1.57,1
26.08.2021 01:23:16.180,0.9145000000000001,0.9144100000000001,1,1.01
26.08.2021 01:23:34.124,0.91449,0.91439,1,3.41
26.08.2021 01:23:50.693,0.91449,0.9144200000000001,1,1
26.08.2021 01:23:54.202,0.91449,0.9144100000000001,1,1
26.08.2021 01:24:14.860,0.91446,0.91438,1,2
26.08.2021 01:24:14.911,0.9144700000000001,0.9143600000000001,1,1.1
26.08.2021 01:24:15.012,0.9144500000000001,0.9143600000000001,1,1.1
26.08.2021 01:24:22.186,0.91446,0.9143700000000001,1.1,1
26.08.2021 01:24:22.287,0.91446,0.9143600000000001,1.57,1.1
26.08.2021 01:24:44.490,0.91444,0.9143600000000001,1,1.1
26.08.2021 01:25:12.150,0.91443,0.91435,1,1
26.08.2021 01:25:40.129,0.91444,0.91435,1.5,1.1
26.08.2021 01:26:00.549,0.91444,0.91433,1.12,1.01
26.08.2021 01:26:02.423,0.91444,0.9143100000000001,1,2.97
26.08.2021 01:26:05.700,0.91443,0.9143200000000001,1.12,1.01
26.08.2021 01:26:05.852,0.91443,0.9143200000000001,1.12,1.35
26.08.2021 01:26:06.331,0.91443,0.9143200000000001,1.12,1.01
26.08.2021 01:26:06.486,0.9144100000000001,0.9143100000000001,1,1.22
26.08.2021 01:26:06.739,0.9144200000000001,0.9143,1.1,1.1
26.08.2021 01:26:06.840,0.9144100000000001,0.9143100000000001,1,1.1
26.08.2021 01:26:10.006,0.9144100000000001,0.91433,1.5,1
26.08.2021 01:26:38.191,0.9144200000000001,0.91434,1,1
26.08.2021 01:26:38.394,0.9144100000000001,0.91433,1,3.26
26.08.2021 01:26:38.546,0.91443,0.91433,1.1,3.26
26.08.2021 01:26:39.928,0.91443,0.91433,1,3.29
26.08.2021 01:26:40.030,0.91444,0.91435,1,1.57
26.08.2021 01:26:49.755,0.91446,0.91434,1.1,1.1
26.08.2021 01:26:51.775,0.9144500000000001,0.9143600000000001,1.1,1
26.08.2021 01:26:51.826,0.91449,0.91439,3.04,1
26.08.2021 01:26:51.927,0.9145200000000001,0.9144,1.2,1.1
26.08.2021 01:26:52.180,0.9145000000000001,0.9144,1,1.35
26.08.2021 01:27:27.421,0.9145000000000001,0.9144,1,1.25
26.08.2021 01:27:27.997,0.91449,0.91439,1,2.2
26.08.2021 01:27:39.432,0.91449,0.91439,1,4.47
26.08.2021 01:27:40.458,0.9145000000000001,0.9144,1,1.41
26.08.2021 01:27:57.069,0.91451,0.91439,1.1,1.2
26.08.2021 01:27:59.224,0.91451,0.91439,1,1.22
26.08.2021 01:28:17.256,0.91453,0.91443,3.41,1
26.08.2021 01:28:17.357,0.91451,0.9144100000000001,1,1.79
26.08.2021 01:28:30.311,0.91451,0.9144100000000001,1.1,1.1
26.08.2021 01:28:33.728,0.91451,0.9144100000000001,1.1,1
26.08.2021 01:28:34.111,0.91449,0.91439,1,3.72
26.08.2021 01:28:34.214,0.91449,0.91439,1,4.6
26.08.2021 01:28:34.519,0.91449,0.91439,1,3.72
26.08.2021 01:28:34.721,0.91449,0.91439,1,4.97
26.08.2021 01:28:51.657,0.91448,0.91439,1,2.85
26.08.2021 01:28:51.759,0.91449,0.91438,1,2.72
26.08.2021 01:28:53.302,0.91448,0.91439,1,1.95
26.08.2021 01:28:54.050,0.9144700000000001,0.9143700000000001,1.57,2.07
26.08.2021 01:28:54.101,0.9144700000000001,0.9143600000000001,1.1,2.22
26.08.2021 01:28:54.202,0.91446,0.91435,1.1,1.41
26.08.2021 01:28:56.439,0.9144500000000001,0.91434,1,4.22
26.08.2021 01:29:10.358,0.91443,0.91433,1,4.22
26.08.2021 01:29:12.206,0.91443,0.91433,1,2.6
26.08.2021 01:29:12.919,0.9144200000000001,0.9143200000000001,1,2.16
26.08.2021 01:29:13.601,0.9144200000000001,0.9143200000000001,1,2.91
26.08.2021 01:29:14.174,0.9144200000000001,0.9143200000000001,1,3.66
26.08.2021 01:29:15.017,0.9144200000000001,0.9143200000000001,1,3.66
26.08.2021 01:29:15.171,0.9144200000000001,0.9143200000000001,1,2.16
26.08.2021 01:29:18.649,0.91444,0.91434,1.39,1.1
26.08.2021 01:29:18.751,0.9144500000000001,0.91435,1.41,1
26.08.2021 01:29:18.853,0.91443,0.91433,1,1.35
26.08.2021 01:29:23.465,0.91443,0.91433,1,1.01
26.08.2021 01:30:00.389,0.9144200000000001,0.9143100000000001,1,2.5
26.08.2021 01:30:01.047,0.9144200000000001,0.9143100000000001,1,3
26.08.2021 01:30:01.149,0.9144200000000001,0.9143100000000001,1,3
26.08.2021 01:30:03.248,0.9144200000000001,0.9143200000000001,1,1.37
26.08.2021 01:30:40.142,0.9144200000000001,0.9143200000000001,1,4.22
26.08.2021 01:30:49.557,0.91443,0.9143200000000001,1,1.01
26.08.2021 01:31:11.113,0.9144200000000001,0.91433,1,1.22
26.08.2021 01:31:11.830,0.9144200000000001,0.91433,1,1
26.08.2021 01:31:11.932,0.9144100000000001,0.91433,1,1
26.08.2021 01:31:17.559,0.9144100000000001,0.9143100000000001,1,3.47
26.08.2021 01:31:25.339,0.91438,0.9143,1,1
26.08.2021 01:31:25.440,0.9143700000000001,0.9142700000000001,1,2.54
26.08.2021 01:31:25.592,0.9143700000000001,0.9142700000000001,1,1.76
26.08.2021 01:32:01.048,0.91439,0.91429,1.1,1.5
26.08.2021 01:32:01.266,0.91439,0.9143,1,1
26.08.2021 01:32:01.368,0.9144100000000001,0.9143200000000001,1.5,1
26.08.2021 01:32:09.311,0.9144200000000001,0.9143200000000001,1,1
26.08.2021 01:32:09.412,0.9144100000000001,0.9143200000000001,1.5,1.1
26.08.2021 01:32:11.380,0.9144200000000001,0.9143200000000001,1,1.79
26.08.2021 01:32:11.481,0.9144500000000001,0.91433,1.95,1.5
26.08.2021 01:32:12.019,0.91443,0.91434,1,1
26.08.2021 01:32:24.053,0.9144200000000001,0.91434,1,1
26.08.2021 01:32:24.155,0.9144200000000001,0.91433,1,1
26.08.2021 01:32:32.797,0.9144100000000001,0.91433,1,1
26.08.2021 01:32:33.144,0.9144200000000001,0.9143200000000001,1.5,1.57
26.08.2021 01:32:38.754,0.9144200000000001,0.91433,1.5,1
26.08.2021 01:32:38.906,0.9144200000000001,0.91434,1,1
26.08.2021 01:32:39.008,0.91443,0.91434,1,1
26.08.2021 01:32:39.109,0.91443,0.91433,1.87,1.1
26.08.2021 01:32:39.261,0.91443,0.91434,1,1
26.08.2021 01:32:47.507,0.91443,0.91433,1,1
26.08.2021 01:32:51.388,0.9144200000000001,0.91433,1,1.1
26.08.2021 01:32:51.490,0.9144100000000001,0.9143200000000001,1,1.57
26.08.2021 01:32:53.438,0.9144,0.9143200000000001,1,1.1
26.08.2021 01:32:53.640,0.9144,0.9143,1,3.66
26.08.2021 01:32:54.460,0.9144100000000001,0.9143100000000001,1,1.1
26.08.2021 01:32:54.619,0.9144100000000001,0.9143100000000001,1,1.1
26.08.2021 01:32:55.508,0.9144100000000001,0.9143100000000001,1,1.1
26.08.2021 01:32:55.660,0.9144100000000001,0.9143100000000001,1,1.1
26.08.2021 01:32:57.052,0.9144100000000001,0.9143100000000001,1,1.1
26.08.2021 01:32:57.153,0.9144100000000001,0.9143100000000001,1,1.1
26.08.2021 01:33:00.028,0.9144200000000001,0.9143,1,1.1
26.08.2021 01:33:02.838,0.9144100000000001,0.91433,1.5,1
26.08.2021 01:33:03.031,0.9144,0.91433,1,1
26.08.2021 01:33:03.132,0.9144100000000001,0.9143100000000001,1.5,1
26.08.2021 01:33:49.637,0.9144100000000001,0.9143200000000001,1,1.1
26.08.2021 01:34:00.231,0.9144,0.9143200000000001,1,1
26.08.2021 01:34:05.400,0.9143700000000001,0.91429,1,1
26.08.2021 01:34:05.501,0.9143700000000001,0.91428,1.5,1
26.08.2021 01:34:05.653,0.9143600000000001,0.91428,1,1
26.08.2021 01:34:05.703,0.9143600000000001,0.9142600000000001,1.57,1.5
26.08.2021 01:34:10.464,0.91435,0.9142600000000001,1.25,1
26.08.2021 01:34:19.148,0.91434,0.91425,1.5,1
26.08.2021 01:34:19.300,0.91434,0.91424,1.69,1.57
26.08.2021 01:34:24.451,0.9143100000000001,0.9142100000000001,1,2.54
26.08.2021 01:34:24.552,0.9143100000000001,0.9142100000000001,1,2.32
26.08.2021 01:34:30.651,0.9143100000000001,0.9142200000000001,1.5,1
26.08.2021 01:34:31.285,0.9143100000000001,0.9142100000000001,1.5,1.1
26.08.2021 01:34:31.902,0.9143100000000001,0.9142200000000001,1.5,1
26.08.2021 01:34:36.386,0.9143100000000001,0.9142100000000001,1.5,1.1
26.08.2021 01:34:37.425,0.9143100000000001,0.9142200000000001,1.5,1
26.08.2021 01:34:42.767,0.9143100000000001,0.9142100000000001,1.5,1.1
26.08.2021 01:34:43.937,0.9143200000000001,0.9142100000000001,1.5,1
26.08.2021 01:34:54.666,0.9143,0.9142100000000001,1,1.1
26.08.2021 01:34:54.818,0.91428,0.9141900000000001,1,1.5
26.08.2021 01:34:57.381,0.91428,0.91418,1.76,1.5
26.08.2021 01:35:02.221,0.91428,0.9141700000000001,1,1
26.08.2021 01:35:02.322,0.9142700000000001,0.9141700000000001,1.1,1.5
26.08.2021 01:35:04.189,0.9142600000000001,0.9141600000000001,1.5,1.57
26.08.2021 01:35:08.659,0.9142600000000001,0.9141600000000001,4.47,1
26.08.2021 01:35:08.760,0.9142700000000001,0.91415,2.14,1
26.08.2021 01:35:19.413,0.9142600000000001,0.9141600000000001,1,1.79
26.08.2021 01:35:19.514,0.9142700000000001,0.9141700000000001,1.5,1.1
26.08.2021 01:35:27.280,0.9142700000000001,0.91418,1,1.1
26.08.2021 01:35:30.186,0.91429,0.91418,2.14,1.57
26.08.2021 01:35:48.618,0.9142700000000001,0.9141700000000001,1.01,1
26.08.2021 01:35:48.820,0.9142700000000001,0.9141700000000001,2.29,1
26.08.2021 01:35:49.002,0.9142700000000001,0.9141700000000001,2.14,1
26.08.2021 01:36:08.173,0.91428,0.9141900000000001,1.2,1
26.08.2021 01:36:20.136,0.91429,0.9142,1.1,2.25
26.08.2021 01:36:20.238,0.9143,0.9142,3.45,2.25
26.08.2021 01:36:20.339,0.91428,0.91418,1.57,1
26.08.2021 01:36:20.441,0.91429,0.9142,1.97,1.5
26.08.2021 01:36:20.491,0.91429,0.9141700000000001,1,2.32
26.08.2021 01:36:29.375,0.9142700000000001,0.9141700000000001,1.1,1
26.08.2021 01:36:29.476,0.9142700000000001,0.9141700000000001,1.79,1
26.08.2021 01:36:29.577,0.91428,0.9141600000000001,1.76,1
26.08.2021 01:36:46.907,0.91428,0.91418,1.95,1
26.08.2021 01:37:01.218,0.91428,0.9141900000000001,1,1.1
26.08.2021 01:37:01.269,0.9143,0.9141900000000001,2.14,1.57
26.08.2021 01:37:05.702,0.9143,0.9142,1.95,1
26.08.2021 01:37:19.041,0.91433,0.91424,1.62,1
26.08.2021 01:37:19.143,0.91434,0.91424,1.57,1.5
26.08.2021 01:37:24.691,0.91434,0.91425,1,1
26.08.2021 01:37:24.792,0.91435,0.91425,1.5,1.57
26.08.2021 01:38:15.535,0.91435,0.9142600000000001,1,1
26.08.2021 01:38:38.997,0.91434,0.91425,1,1
26.08.2021 01:38:49.034,0.9143600000000001,0.91424,1.5,1.57
26.08.2021 01:38:55.384,0.91433,0.91423,1.5,1.1
26.08.2021 01:38:55.434,0.9143100000000001,0.9142100000000001,1.1,1.1
26.08.2021 01:38:55.536,0.91428,0.91418,1,1.6
26.08.2021 01:38:55.637,0.91428,0.91418,1.2,1.1
26.08.2021 01:38:55.738,0.91428,0.9141600000000001,1.51,1
26.08.2021 01:38:55.840,0.9142600000000001,0.9141600000000001,1.39,1
26.08.2021 01:38:58.526,0.9142600000000001,0.9141600000000001,3.01,1
26.08.2021 01:39:30.665,0.9142600000000001,0.9141600000000001,3.64,1
26.08.2021 01:39:38.478,0.9142600000000001,0.91413,1,2.14
26.08.2021 01:40:13.683,0.91425,0.9141600000000001,1,1
26.08.2021 01:40:33.480,0.9142600000000001,0.9141600000000001,1.5,1
26.08.2021 01:40:40.903,0.9142700000000001,0.9141600000000001,1.95,1.76
26.08.2021 01:40:41.004,0.9142700000000001,0.91418,1.2,1
26.08.2021 01:40:41.484,0.9142700000000001,0.9141600000000001,1.5,2.6
26.08.2021 01:40:42.713,0.9142700000000001,0.9141600000000001,1.76,1.57
26.08.2021 01:40:52.302,0.9142600000000001,0.9141600000000001,1,1.57
26.08.2021 01:41:13.158,0.91425,0.9141600000000001,1,1
26.08.2021 01:41:18.522,0.91424,0.9141600000000001,1,1
26.08.2021 01:41:18.624,0.91423,0.91415,1,1
26.08.2021 01:41:18.725,0.9142200000000001,0.9141200000000002,1.25,1.57
26.08.2021 01:41:22.461,0.9142100000000001,0.9141200000000002,1,1
26.08.2021 01:41:25.855,0.9142100000000001,0.9141100000000001,1.5,1.57
26.08.2021 01:42:13.013,0.9142,0.9141,1.5,1.57
26.08.2021 01:42:19.512,0.9142,0.91409,1,1
26.08.2021 01:42:26.867,0.9141900000000001,0.91408,1,2.54
26.08.2021 01:43:15.064,0.9142,0.91409,1.12,1.57
26.08.2021 01:43:30.926,0.9142,0.9141,1,1
26.08.2021 01:44:06.652,0.9142100000000001,0.91409,2.06,1
26.08.2021 01:44:15.825,0.9142100000000001,0.9141,1.5,1
26.08.2021 01:44:40.140,0.91423,0.91413,1,3.07
26.08.2021 01:44:40.243,0.91425,0.91415,1.5,1
26.08.2021 01:44:40.344,0.91425,0.91415,1.12,1
26.08.2021 01:44:43.205,0.9142600000000001,0.9141600000000001,1,1
26.08.2021 01:44:48.370,0.91425,0.9141700000000001,1,1
26.08.2021 01:44:49.592,0.9142600000000001,0.91418,1,1
26.08.2021 01:44:56.024,0.9142700000000001,0.91418,1.57,1
26.08.2021 01:45:18.185,0.9142600000000001,0.9141700000000001,1.5,1
26.08.2021 01:45:19.193,0.91425,0.9141700000000001,1,1
26.08.2021 01:45:37.785,0.91424,0.9141600000000001,1,1
26.08.2021 01:45:42.808,0.91425,0.9141700000000001,1.5,1
26.08.2021 01:46:14.189,0.91423,0.91415,1,1
26.08.2021 01:46:14.291,0.91423,0.91414,1,1
26.08.2021 01:46:17.941,0.91423,0.91413,1.5,1.57
26.08.2021 01:46:26.272,0.9142200000000001,0.91413,1,1
26.08.2021 01:46:26.373,0.91423,0.91413,2.25,1
26.08.2021 01:47:06.660,0.9142100000000001,0.9141200000000002,1.5,1
26.08.2021 01:47:06.762,0.91418,0.9141,1,1.5
26.08.2021 01:47:06.914,0.91418,0.91409,1,1.5
26.08.2021 01:47:08.205,0.91418,0.91408,1,1
26.08.2021 01:47:08.306,0.9141600000000001,0.91408,1,1
26.08.2021 01:47:19.290,0.9141600000000001,0.9140600000000001,1.1,1.5
26.08.2021 01:47:19.392,0.91415,0.9140600000000001,1.5,1
26.08.2021 01:47:23.169,0.91414,0.91405,1,1.5
26.08.2021 01:47:50.891,0.91413,0.91404,1,1.5
26.08.2021 01:48:16.903,0.9141100000000001,0.9140200000000002,1,1.57
26.08.2021 01:48:17.004,0.9141100000000001,0.914,1,1.57
26.08.2021 01:48:23.347,0.91409,0.914,1,1.57
26.08.2021 01:48:31.688,0.91408,0.914,1,1
26.08.2021 01:48:45.697,0.91405,0.914,1,1
26.08.2021 01:48:45.748,0.91404,0.9139600000000001,1,1
26.08.2021 01:48:45.799,0.9140200000000002,0.91394,1,3
26.08.2021 01:49:14.368,0.9140200000000002,0.91393,1,1.5
26.08.2021 01:49:52.665,0.91404,0.9139600000000001,1,1
26.08.2021 01:49:59.331,0.91405,0.9139700000000002,1,1
26.08.2021 01:49:59.600,0.9140600000000001,0.9139700000000002,1,1.5
26.08.2021 01:50:07.865,0.9140700000000002,0.9139700000000002,1.5,1.5
26.08.2021 01:50:09.934,0.91408,0.914,1,1
26.08.2021 01:50:10.036,0.91409,0.914,1,1.5
26.08.2021 01:50:10.137,0.9141,0.9140100000000001,1.57,1
26.08.2021 01:50:43.546,0.91409,0.9140100000000001,1,1
26.08.2021 01:51:18.929,0.91405,0.9139700000000002,1,2
26.08.2021 01:51:19.030,0.91404,0.9139600000000001,1,1
26.08.2021 01:51:20.551,0.91405,0.91395,1.12,1.5
26.08.2021 01:51:31.447,0.91404,0.91395,1,1
26.08.2021 01:51:40.980,0.91404,0.91394,1.5,1.5
26.08.2021 01:51:42.724,0.9140200000000002,0.91393,1,1.5
26.08.2021 01:51:43.027,0.9140100000000001,0.91393,1,1
26.08.2021 01:51:47.812,0.9140200000000002,0.9139100000000001,1,1.5
26.08.2021 01:51:57.540,0.914,0.9139200000000001,1,1.5
26.08.2021 01:52:07.108,0.9140200000000002,0.91389,3.19,1.57
26.08.2021 01:52:20.249,0.9140100000000001,0.9139,1.5,2.91
26.08.2021 01:52:34.692,0.9140200000000002,0.9139200000000001,1.5,1.5
26.08.2021 01:52:35.760,0.9140200000000002,0.91393,1,1
26.08.2021 01:52:35.862,0.91403,0.91393,1.5,1.57
26.08.2021 01:52:36.065,0.91404,0.91394,1,1.25
26.08.2021 01:52:47.265,0.91404,0.9139600000000001,1,1
26.08.2021 01:52:51.279,0.91404,0.91394,1,1
26.08.2021 01:52:51.412,0.9140600000000001,0.91393,1.25,1.12
26.08.2021 01:53:30.026,0.91405,0.9139600000000001,1.5,1
26.08.2021 01:53:30.077,0.9140700000000002,0.9139700000000002,1,2.32
26.08.2021 01:53:30.178,0.9140700000000002,0.91398,1,1.1
26.08.2021 01:53:31.407,0.9141,0.91399,1.25,1.57
26.08.2021 01:53:32.572,0.91409,0.91398,1,1.79
26.08.2021 01:53:32.673,0.9141,0.9139700000000002,1.5,1.01
26.08.2021 01:53:33.610,0.91409,0.9140100000000001,1.69,1
26.08.2021 01:53:36.633,0.91409,0.91398,1.69,1.1
26.08.2021 01:53:41.102,0.91408,0.9139600000000001,1.25,2.16
26.08.2021 01:53:41.203,0.91409,0.9139600000000001,2.95,1.25
26.08.2021 01:53:46.925,0.9140600000000001,0.9139600000000001,1,1.69
26.08.2021 01:54:02.737,0.91405,0.91395,1,1.25
26.08.2021 01:54:19.963,0.91405,0.9139600000000001,1,1
26.08.2021 01:54:20.380,0.91405,0.91398,1.5,1
26.08.2021 01:54:22.971,0.91405,0.91395,1.5,1
26.08.2021 01:55:06.315,0.9140600000000001,0.9139700000000002,1,1
26.08.2021 01:55:09.354,0.91405,0.91395,1,1.87
26.08.2021 01:55:10.026,0.9140600000000001,0.9139600000000001,1,1
26.08.2021 01:55:10.379,0.91405,0.91395,1,1.5
26.08.2021 01:55:29.163,0.9140600000000001,0.9139600000000001,1,1
26.08.2021 01:55:39.498,0.9140600000000001,0.9139600000000001,1,1.5
26.08.2021 01:55:39.549,0.91408,0.91398,1.5,1
26.08.2021 01:55:39.651,0.9141,0.914,1.2,1
26.08.2021 01:55:48.165,0.91409,0.91399,1,1.5
26.08.2021 01:55:52.702,0.91409,0.91403,1,1
26.08.2021 01:55:56.697,0.91409,0.91399,1,1.57
26.08.2021 01:56:06.237,0.9141100000000001,0.91399,1,1
26.08.2021 01:56:09.202,0.9141200000000002,0.9140200000000002,1,1
26.08.2021 01:56:10.248,0.91414,0.9140200000000002,1,1.5
26.08.2021 01:56:27.363,0.91413,0.91403,1,1.57
26.08.2021 01:56:39.039,0.91414,0.91405,1,1
26.08.2021 01:56:40.300,0.9141100000000001,0.9140600000000001,1,1
26.08.2021 01:56:40.350,0.9141100000000001,0.91403,1.2,1
26.08.2021 01:56:40.452,0.9141,0.91403,1,1
26.08.2021 01:56:42.595,0.9141,0.914,1,1.12
26.08.2021 01:56:50.912,0.91415,0.91405,3.57,2.62
26.08.2021 01:56:50.963,0.91415,0.91405,4.5,2.62
26.08.2021 01:56:51.014,0.9141700000000001,0.9140700000000002,1.6,1
26.08.2021 01:56:51.064,0.9141700000000001,0.9140700000000002,1.5,1
26.08.2021 01:57:06.977,0.91418,0.91408,1,1
26.08.2021 01:57:07.078,0.9141900000000001,0.91409,1,1
26.08.2021 01:57:09.610,0.9142200000000001,0.91413,2.62,1.5
26.08.2021 01:57:09.712,0.91424,0.91414,2.32,1
26.08.2021 01:57:13.805,0.9142200000000001,0.9141200000000002,2.14,1.12
26.08.2021 01:57:13.906,0.9142100000000001,0.9141100000000001,2.14,1.12
26.08.2021 01:57:14.513,0.9142100000000001,0.91408,1,1.2
26.08.2021 01:57:14.564,0.9142,0.91409,1.1,1.62
26.08.2021 01:57:14.716,0.9141900000000001,0.91408,1,1.57
26.08.2021 01:57:43.400,0.9142,0.9140700000000002,1.5,2.64
26.08.2021 01:57:43.468,0.9141900000000001,0.9141100000000001,1.5,1
26.08.2021 01:57:46.461,0.9142,0.9141100000000001,1,1
26.08.2021 01:57:46.562,0.9142,0.91409,1,1.7
26.08.2021 01:57:48.519,0.91418,0.9141,1,1.12
26.08.2021 01:57:58.472,0.9142,0.9141100000000001,1.87,1
26.08.2021 01:58:25.437,0.9142200000000001,0.9141,1.12,1
26.08.2021 01:58:27.164,0.9142200000000001,0.9141200000000002,3.19,1
26.08.2021 01:58:28.373,0.9142100000000001,0.9141200000000002,1,1
26.08.2021 01:58:28.474,0.9142200000000001,0.9141200000000002,3.26,1
26.08.2021 01:58:29.837,0.9142200000000001,0.91414,2.25,1
26.08.2021 01:58:31.638,0.9142200000000001,0.91414,2,1
26.08.2021 01:58:31.867,0.91423,0.91413,2.25,1
26.08.2021 01:58:32.261,0.9142200000000001,0.91414,2,1
26.08.2021 01:58:32.588,0.9142200000000001,0.91414,2.25,1
26.08.2021 01:58:33.898,0.9142200000000001,0.9141200000000002,2.25,1
26.08.2021 01:58:40.555,0.9142100000000001,0.9141100000000001,1,1
26.08.2021 01:59:13.133,0.9142200000000001,0.9141,3,2.51
26.08.2021 01:59:16.191,0.9142200000000001,0.91414,2.25,1
26.08.2021 01:59:20.217,0.9142200000000001,0.9141,1.5,2.51
26.08.2021 01:59:20.318,0.9142200000000001,0.9141,1,1.89
26.08.2021 01:59:21.957,0.9142100000000001,0.9141100000000001,1,1.12
26.08.2021 01:59:46.391,0.9142,0.9141100000000001,1,1
26.08.2021 01:59:46.493,0.9142,0.9141,1.5,1
26.08.2021 01:59:47.325,0.9141900000000001,0.9141,1,1
26.08.2021 01:59:52.475,0.9141900000000001,0.91408,1.5,2.51
26.08.2021 02:00:02.162,0.9141900000000001,0.91409,1.5,1
26.08.2021 02:00:02.725,0.9142,0.9141100000000001,1.5,1
26.08.2021 02:00:04.669,0.9141900000000001,0.9141100000000001,1.5,1
26.08.2021 02:00:06.751,0.9142,0.91409,1.5,1
26.08.2021 02:00:06.802,0.9141900000000001,0.91408,1,1.39
26.08.2021 02:00:47.430,0.9141900000000001,0.91409,1,1
26.08.2021 02:00:48.341,0.9142,0.91408,2.5,1
26.08.2021 02:00:50.086,0.91418,0.91408,1.25,1.95
26.08.2021 02:00:50.589,0.91418,0.9141100000000001,1.25,1
26.08.2021 02:00:52.650,0.91418,0.9141200000000002,1,1
26.08.2021 02:00:55.439,0.91418,0.91408,1,1.89
26.08.2021 02:00:55.490,0.9142,0.91408,1.76,1.25
26.08.2021 02:00:57.339,0.9142,0.91408,2.57,1
26.08.2021 02:00:57.440,0.9142,0.91408,2.57,1
26.08.2021 02:01:02.522,0.9142,0.91408,2.6,1
26.08.2021 02:01:04.515,0.9142,0.91408,2.6,1
26.08.2021 02:01:04.736,0.9142,0.91408,2.6,1
26.08.2021 02:01:05.207,0.9142,0.91408,2.6,1
26.08.2021 02:01:05.864,0.91418,0.91408,1,1.62
26.08.2021 02:01:08.190,0.91418,0.91408,1,1.57
26.08.2021 02:01:08.292,0.91418,0.91408,1,1.7
26.08.2021 02:01:08.394,0.91418,0.91408,1,1.76
26.08.2021 02:01:08.496,0.91418,0.91408,1,1.89
26.08.2021 02:01:08.917,0.91418,0.91408,1,1.76
26.08.2021 02:01:09.019,0.91418,0.91408,1,1.89
26.08.2021 02:01:09.290,0.91418,0.91408,1,1.76
26.08.2021 02:01:09.391,0.9141900000000001,0.91409,1,1.2
26.08.2021 02:01:10.956,0.9142100000000001,0.9141,1.1,1.1
26.08.2021 02:01:15.902,0.9142,0.91409,1,2.06
26.08.2021 02:01:24.604,0.9142,0.91409,1,1.6
26.08.2021 02:01:24.806,0.9142,0.91409,1.1,2.14
26.08.2021 02:01:38.368,0.9142,0.91413,1.1,1
26.08.2021 02:01:42.427,0.9142100000000001,0.91409,1.35,1.1
26.08.2021 02:01:52.725,0.9141900000000001,0.91409,1,1.2
26.08.2021 02:02:02.261,0.91418,0.91408,1,1.76
26.08.2021 02:02:06.148,0.91418,0.91408,1,2.26
26.08.2021 02:02:06.259,0.9142,0.91409,1,1.35
26.08.2021 02:02:06.361,0.9142100000000001,0.9141,1.5,1.1
26.08.2021 02:02:06.412,0.91423,0.91414,1,1.5
26.08.2021 02:02:06.513,0.91425,0.91413,1.57,1.5
26.08.2021 02:02:12.883,0.91423,0.91413,1,2.45
26.08.2021 02:02:12.984,0.91423,0.9141200000000002,1,2.91
26.08.2021 02:02:13.035,0.9142200000000001,0.9141100000000001,1.76,1.2
26.08.2021 02:02:13.136,0.9142200000000001,0.9141100000000001,3.29,1
26.08.2021 02:02:13.242,0.9142,0.9141,1,1.1
26.08.2021 02:02:21.726,0.91423,0.91414,2.25,1
26.08.2021 02:02:21.827,0.91425,0.91413,1.5,1.5
26.08.2021 02:02:21.978,0.91424,0.91415,1,1.95
26.08.2021 02:02:22.080,0.91425,0.91414,1,1.97
26.08.2021 02:02:22.181,0.91424,0.91415,1,2.25
26.08.2021 02:02:29.322,0.91424,0.9141700000000001,1,1
26.08.2021 02:02:46.040,0.91424,0.9141600000000001,1,1.12
26.08.2021 02:02:51.063,0.9142600000000001,0.9141600000000001,1.69,1
26.08.2021 02:03:25.648,0.9142600000000001,0.91415,1,1
26.08.2021 02:03:25.699,0.9142,0.9141200000000002,1.25,1.5
26.08.2021 02:03:25.750,0.9142,0.9141,1.25,2.07
26.08.2021 02:03:25.801,0.9142,0.9141,2.14,1.5
26.08.2021 02:03:25.902,0.9141900000000001,0.91408,1,1.01
26.08.2021 02:03:26.004,0.9141900000000001,0.91408,1,1.51
26.08.2021 02:03:33.268,0.9142,0.91409,1.01,1.5
26.08.2021 02:03:33.590,0.9142,0.91409,1,1.6
26.08.2021 02:03:33.691,0.9142,0.91409,1,1.6
26.08.2021 02:03:33.972,0.9142,0.91409,1,1.6
26.08.2021 02:03:34.090,0.9142100000000001,0.91408,2.14,1.85
26.08.2021 02:03:38.576,0.9142,0.91409,1,1.6
26.08.2021 02:03:38.678,0.9142100000000001,0.91408,1.39,1.35
26.08.2021 02:03:39.870,0.9142,0.91409,1,1.1
26.08.2021 02:04:01.947,0.9141900000000001,0.91408,1,1.6
26.08.2021 02:04:05.867,0.9141900000000001,0.91408,1,1.2
26.08.2021 02:04:07.476,0.9141900000000001,0.91408,1,1.22
26.08.2021 02:04:07.577,0.9142,0.9140700000000002,1,1.2
26.08.2021 02:04:12.296,0.9141900000000001,0.91408,1,1.1
26.08.2021 02:04:14.212,0.9142,0.91409,1,1.2
26.08.2021 02:04:18.781,0.9142,0.91409,1,1.1
26.08.2021 02:04:23.573,0.9142,0.91409,1,1.1
26.08.2021 02:04:40.629,0.9142,0.91409,1,1.22
26.08.2021 02:04:41.817,0.9142,0.91409,1,1.2
26.08.2021 02:04:41.918,0.9141900000000001,0.91408,1,1.2
26.08.2021 02:04:50.279,0.9141900000000001,0.91408,1,2.07
26.08.2021 02:04:51.235,0.9141900000000001,0.91408,1,1.95
26.08.2021 02:05:02.029,0.9142100000000001,0.9140700000000002,1.76,1.91
26.08.2021 02:05:02.130,0.9142100000000001,0.9140700000000002,2.69,2.1
26.08.2021 02:05:02.232,0.9142100000000001,0.9140700000000002,1.76,1.91
26.08.2021 02:05:02.333,0.9142100000000001,0.9140700000000002,1.81,2.29
26.08.2021 02:05:02.434,0.9142100000000001,0.9140700000000002,2.89,1.72
26.08.2021 02:05:06.324,0.9141900000000001,0.91409,1,1
26.08.2021 02:06:01.326,0.91418,0.91408,1,1.6
26.08.2021 02:06:19.721,0.9141900000000001,0.91409,1,1.2
26.08.2021 02:06:19.822,0.9141900000000001,0.91409,1,1.22
26.08.2021 02:06:19.923,0.9141900000000001,0.91409,1,1.2
26.08.2021 02:06:25.320,0.9141900000000001,0.9141200000000002,1,1
26.08.2021 02:06:27.959,0.9142,0.9141200000000002,1,1
26.08.2021 02:06:28.263,0.9141900000000001,0.9141200000000002,1,1
26.08.2021 02:06:29.340,0.9141900000000001,0.91409,1,1.2
26.08.2021 02:06:46.949,0.9142,0.9141,1,1
26.08.2021 02:06:49.331,0.9141900000000001,0.91409,1,1.2
26.08.2021 02:07:02.847,0.9142,0.9141,1,1.1
26.08.2021 02:07:13.149,0.9142,0.91413,1,1
26.08.2021 02:07:15.608,0.91423,0.91414,1,1.5
26.08.2021 02:07:15.710,0.91425,0.91415,1,1
26.08.2021 02:07:17.099,0.91425,0.9141900000000001,1,1
26.08.2021 02:07:17.200,0.9142600000000001,0.9141600000000001,1,1.1
26.08.2021 02:07:24.957,0.9142700000000001,0.91415,1.25,1.1
26.08.2021 02:07:26.526,0.9142600000000001,0.9141600000000001,1,1.1
26.08.2021 02:07:26.685,0.9142700000000001,0.91415,1.25,1.1
26.08.2021 02:07:27.825,0.9142600000000001,0.9141600000000001,1,1.1
26.08.2021 02:07:27.977,0.91428,0.91414,1.25,1.1
26.08.2021 02:07:28.625,0.9142600000000001,0.9141600000000001,1,1.1
26.08.2021 02:07:35.566,0.91423,0.91413,2.25,1.6
26.08.2021 02:07:35.667,0.9142200000000001,0.9141200000000002,1.69,1.5
26.08.2021 02:07:39.644,0.91423,0.91413,1,1
26.08.2021 02:07:41.700,0.91425,0.91414,1,1.6
26.08.2021 02:07:41.902,0.9142600000000001,0.9141600000000001,1,1.1
26.08.2021 02:07:53.679,0.9142700000000001,0.9141700000000001,1.25,1.1
26.08.2021 02:08:01.013,0.91428,0.9141900000000001,1,1
26.08.2021 02:08:04.046,0.9142700000000001,0.9141700000000001,1,1
26.08.2021 02:08:43.340,0.9142600000000001,0.9141600000000001,2.06,1
26.08.2021 02:08:46.459,0.9142200000000001,0.91414,1,1
26.08.2021 02:08:46.561,0.9142200000000001,0.9141200000000002,1,1.2
26.08.2021 02:08:46.662,0.9142100000000001,0.9141100000000001,1,1
26.08.2021 02:08:46.764,0.9142,0.9141,1.25,1.12
26.08.2021 02:08:48.792,0.9142,0.9141200000000002,1.25,1
26.08.2021 02:08:51.113,0.9142100000000001,0.9141200000000002,1,1
26.08.2021 02:08:51.265,0.9142100000000001,0.91414,1,1
26.08.2021 02:08:51.743,0.9142200000000001,0.91414,1,1
26.08.2021 02:08:52.954,0.9142200000000001,0.9141200000000002,1,1.12
26.08.2021 02:08:53.156,0.91424,0.91413,1,2.14
26.08.2021 02:08:53.307,0.91425,0.91414,1,1.1
26.08.2021 02:08:59.202,0.91424,0.91413,1,1.2
26.08.2021 02:09:02.199,0.91425,0.91415,1,1.1
26.08.2021 02:09:02.351,0.91425,0.91415,1,1.22
26.08.2021 02:09:02.452,0.9142600000000001,0.9141600000000001,1,1.1
26.08.2021 02:09:36.619,0.9142600000000001,0.9141900000000001,1,1
26.08.2021 02:09:37.340,0.9142600000000001,0.9141600000000001,1,1.2
26.08.2021 02:09:57.355,0.9142700000000001,0.9141600000000001,1.69,1.1
26.08.2021 02:09:59.450,0.9142700000000001,0.9141600000000001,1.69,1.1
26.08.2021 02:10:01.218,0.9142700000000001,0.9141600000000001,2.44,1
26.08.2021 02:10:13.107,0.9142700000000001,0.9141900000000001,2.81,1
26.08.2021 02:10:16.145,0.9142700000000001,0.9141600000000001,2.81,1
26.08.2021 02:10:16.297,0.9142700000000001,0.9141600000000001,1,2.94
26.08.2021 02:10:16.399,0.91428,0.9141700000000001,1.5,1.39
26.08.2021 02:10:24.802,0.91428,0.9141700000000001,2.5,1.1
26.08.2021 02:10:24.954,0.91423,0.91415,1.5,1.5
26.08.2021 02:10:25.056,0.91423,0.91413,3,1.57
26.08.2021 02:10:59.010,0.91423,0.91413,1,1.62
26.08.2021 02:11:00.625,0.91423,0.91413,1,1.1
26.08.2021 02:11:02.862,0.91423,0.91413,1,1.7
26.08.2021 02:11:03.042,0.91423,0.91413,1,1.1
26.08.2021 02:11:12.783,0.91423,0.9141600000000001,1,1
26.08.2021 02:11:14.191,0.91425,0.9141600000000001,1.25,1
26.08.2021 02:11:14.343,0.91425,0.9141900000000001,1,1
26.08.2021 02:11:14.444,0.9142600000000001,0.9141900000000001,1,1
26.08.2021 02:11:16.316,0.9142600000000001,0.9141600000000001,1,1.1
26.08.2021 02:11:25.277,0.9142600000000001,0.9141600000000001,1,1.22
26.08.2021 02:11:39.557,0.9142600000000001,0.9141600000000001,1,1.12
26.08.2021 02:12:02.520,0.9142600000000001,0.9141900000000001,1,1
26.08.2021 02:12:05.613,0.9142600000000001,0.9141600000000001,1,1
26.08.2021 02:12:37.057,0.91428,0.9141600000000001,1.5,1.1
26.08.2021 02:12:48.181,0.9142700000000001,0.9141700000000001,2.54,1
26.08.2021 02:12:51.987,0.9142700000000001,0.9141700000000001,2.51,1
26.08.2021 02:12:52.290,0.91428,0.91418,2.51,1
26.08.2021 02:12:55.300,0.9142700000000001,0.9141700000000001,2.51,1
26.08.2021 02:13:01.203,0.9142700000000001,0.9141700000000001,2.54,1
26.08.2021 02:13:02.500,0.9142700000000001,0.9141700000000001,2.51,1
26.08.2021 02:13:03.440,0.9142600000000001,0.9141600000000001,1,1.1
26.08.2021 02:13:09.958,0.9142600000000001,0.9141600000000001,1,1.1
26.08.2021 02:13:10.059,0.9142600000000001,0.9141600000000001,1,1.1
26.08.2021 02:13:14.545,0.9142700000000001,0.9141700000000001,1.5,1.1
26.08.2021 02:13:20.696,0.9142700000000001,0.9141700000000001,1,1.1
26.08.2021 02:13:21.019,0.9142700000000001,0.9141700000000001,1,1.1
26.08.2021 02:13:21.476,0.9142700000000001,0.9141700000000001,1,1.1
26.08.2021 02:13:21.751,0.9142700000000001,0.9141700000000001,1,1.1
26.08.2021 02:13:30.082,0.9142700000000001,0.9141700000000001,1,1.1
26.08.2021 02:13:30.183,0.9142700000000001,0.9141700000000001,1,1.1
26.08.2021 02:13:38.107,0.9142600000000001,0.9141600000000001,1,2.32
26.08.2021 02:13:40.601,0.9142600000000001,0.9141600000000001,1,1.97
26.08.2021 02:13:40.894,0.9142600000000001,0.9141600000000001,1,1.95
26.08.2021 02:13:41.980,0.9142600000000001,0.9142,1,1
26.08.2021 02:13:45.078,0.9142600000000001,0.9141600000000001,1,1.1
26.08.2021 02:13:45.180,0.91428,0.9141600000000001,1.5,1.1
26.08.2021 02:13:45.282,0.91428,0.91418,1,1.1
26.08.2021 02:14:23.974,0.91428,0.91418,1,1.22
26.08.2021 02:14:24.076,0.9143,0.9142100000000001,1,2.25
26.08.2021 02:14:24.178,0.9143100000000001,0.9142100000000001,1.1,2.62
26.08.2021 02:14:24.488,0.9143100000000001,0.9142100000000001,1.5,3.57
26.08.2021 02:14:27.409,0.9143200000000001,0.9142,1.5,3.07
26.08.2021 02:14:29.357,0.9143100000000001,0.9142200000000001,1,1
26.08.2021 02:14:31.702,0.9143100000000001,0.91423,1,1
26.08.2021 02:14:34.780,0.91433,0.91423,1.5,1.2
26.08.2021 02:14:37.092,0.9143200000000001,0.9142200000000001,1.25,1
26.08.2021 02:14:43.252,0.9143200000000001,0.9142,1,1.57
26.08.2021 02:14:53.409,0.9143,0.9142100000000001,1,1.12
26.08.2021 02:14:53.460,0.9143,0.9141900000000001,4.45,1
26.08.2021 02:14:53.561,0.9143,0.9141700000000001,1.69,1.2
26.08.2021 02:15:03.835,0.91429,0.91418,1.69,1.6
26.08.2021 02:15:05.874,0.91429,0.91418,1.69,1.1
26.08.2021 02:15:10.484,0.9143,0.9142100000000001,1.57,1.5
26.08.2021 02:15:10.636,0.9143200000000001,0.9142,2.51,2.32
26.08.2021 02:15:10.789,0.9143100000000001,0.91423,1,1.2
26.08.2021 02:15:10.890,0.9143100000000001,0.91424,1,1
26.08.2021 02:15:11.822,0.9143100000000001,0.91425,1,1
26.08.2021 02:15:20.157,0.9143100000000001,0.9142600000000001,1,1.25
26.08.2021 02:15:20.208,0.9143700000000001,0.9142700000000001,1.1,1.1
26.08.2021 02:15:31.431,0.91438,0.91429,3.1,1
26.08.2021 02:15:34.491,0.9144100000000001,0.9143200000000001,2.25,1
26.08.2021 02:15:34.592,0.9144200000000001,0.9143200000000001,1,1
26.08.2021 02:16:06.743,0.91444,0.91434,1,1
26.08.2021 02:16:07.906,0.91444,0.91434,1,2.16
26.08.2021 02:16:14.476,0.91444,0.91434,1,2.14
26.08.2021 02:16:14.696,0.91444,0.91434,1,2.16
26.08.2021 02:16:14.797,0.91444,0.91434,1,2.14
26.08.2021 02:16:21.132,0.91444,0.91438,1,1
26.08.2021 02:16:24.182,0.91444,0.91434,1,2.51
26.08.2021 02:16:33.638,0.91444,0.9143200000000001,1,1.2
26.08.2021 02:16:38.554,0.9144200000000001,0.9143200000000001,1,2.16
26.08.2021 02:17:10.895,0.9144200000000001,0.91433,1,1.1
26.08.2021 02:17:11.077,0.9144200000000001,0.9143200000000001,1,1.6
26.08.2021 02:17:20.856,0.9144200000000001,0.9143600000000001,1,1
26.08.2021 02:17:21.241,0.9144200000000001,0.9143200000000001,1,2.1
26.08.2021 02:17:31.493,0.91444,0.91434,1.1,1
26.08.2021 02:17:31.594,0.91443,0.91433,1,3.39
26.08.2021 02:17:33.401,0.91444,0.91434,1,1.2
26.08.2021 02:17:34.524,0.91444,0.91434,1,1.51
26.08.2021 02:17:34.657,0.9144500000000001,0.91435,1.1,1.12
26.08.2021 02:17:34.758,0.9144500000000001,0.91433,1,1.2
26.08.2021 02:17:35.911,0.9144500000000001,0.91435,1.1,1
26.08.2021 02:17:38.884,0.91444,0.91434,1,1.95
26.08.2021 02:17:46.041,0.9144500000000001,0.91435,1.01,1
26.08.2021 02:17:46.362,0.91446,0.9143600000000001,1.1,1
26.08.2021 02:17:48.160,0.9144700000000001,0.9143700000000001,1.1,1.12
26.08.2021 02:18:02.612,0.91446,0.9143600000000001,1.57,1.12
26.08.2021 02:18:02.713,0.91444,0.91435,1,1.1
26.08.2021 02:18:09.102,0.91444,0.9143700000000001,1,1
26.08.2021 02:18:12.112,0.91444,0.91434,1,2.35
26.08.2021 02:18:13.708,0.9144500000000001,0.91433,1,2.32
26.08.2021 02:18:51.521,0.91443,0.91433,1,1.87
26.08.2021 02:18:51.774,0.91443,0.91433,1,2.91
26.08.2021 02:18:52.503,0.91443,0.91433,1,2.32
26.08.2021 02:18:54.127,0.91444,0.91434,1,1.1
26.08.2021 02:18:54.229,0.9144500000000001,0.91434,1,1
26.08.2021 02:18:58.529,0.91444,0.91434,1,1.12
26.08.2021 02:18:58.798,0.91444,0.9143700000000001,1.25,1
26.08.2021 02:18:59.051,0.9144500000000001,0.91433,1,1.5
26.08.2021 02:19:00.257,0.91443,0.91433,1,2.37
26.08.2021 02:19:00.809,0.91443,0.91433,1,1.12
26.08.2021 02:19:15.089,0.9144200000000001,0.9143200000000001,1,1.95
26.08.2021 02:19:22.258,0.91438,0.9143,1,1
26.08.2021 02:19:22.309,0.9144,0.91429,4.2,2.07
26.08.2021 02:19:42.590,0.9144,0.91434,1,1
26.08.2021 02:19:45.618,0.9144,0.91429,1,3.01
26.08.2021 02:19:49.654,0.91443,0.91433,1.2,1
26.08.2021 02:20:05.958,0.91444,0.91434,1,1.1
26.08.2021 02:20:06.059,0.91443,0.91433,1,2.54
26.08.2021 02:20:06.161,0.91443,0.91433,1,2.51
26.08.2021 02:20:20.952,0.91443,0.91433,1,1.22
26.08.2021 02:20:21.105,0.91443,0.91433,1,3.79
26.08.2021 02:20:21.517,0.91443,0.91433,1,3.41
26.08.2021 02:20:26.923,0.91443,0.91433,1,1.1
26.08.2021 02:20:28.652,0.91443,0.91433,1,1.22
26.08.2021 02:20:28.983,0.91443,0.91433,1,1.2
26.08.2021 02:20:33.983,0.91443,0.9143600000000001,1.1,1
26.08.2021 02:20:36.014,0.91443,0.91435,1.1,1
26.08.2021 02:20:37.063,0.91443,0.91433,1.1,1
26.08.2021 02:20:42.465,0.91444,0.91434,1.1,1
26.08.2021 02:20:42.566,0.91443,0.91433,1,1.1
26.08.2021 02:21:26.024,0.91443,0.9143600000000001,1,1
26.08.2021 02:21:29.110,0.91443,0.9143200000000001,1,3.79
26.08.2021 02:21:29.217,0.91444,0.9143200000000001,1,3.04
26.08.2021 02:21:29.773,0.91444,0.9143200000000001,1.1,2.66
26.08.2021 02:21:39.425,0.91444,0.9143100000000001,1,2.47
26.08.2021 02:22:14.154,0.91444,0.9143100000000001,1,3.1
26.08.2021 02:22:18.095,0.91443,0.9143600000000001,1,1
26.08.2021 02:22:19.634,0.9144500000000001,0.9143600000000001,1.76,1
26.08.2021 02:22:21.149,0.9144500000000001,0.91433,1.76,1.35
26.08.2021 02:22:23.464,0.9144500000000001,0.9143200000000001,4.07,1.1
26.08.2021 02:22:23.565,0.9144500000000001,0.9143200000000001,4.1,1.1
26.08.2021 02:22:25.226,0.9144200000000001,0.9143200000000001,1,1.72
26.08.2021 02:22:27.333,0.91444,0.91434,1.1,1
26.08.2021 02:22:42.388,0.91444,0.9143200000000001,1,1.2
26.08.2021 02:23:00.784,0.91443,0.91433,1,1.6
26.08.2021 02:23:00.936,0.9144500000000001,0.91433,1,1.72
26.08.2021 02:23:01.348,0.9144500000000001,0.91435,1,1.57
26.08.2021 02:23:09.973,0.91443,0.91434,1,1
26.08.2021 02:23:10.175,0.91443,0.9143700000000001,1,1
26.08.2021 02:23:13.753,0.91443,0.91433,1,1.12
26.08.2021 02:23:30.152,0.91443,0.91433,1,2.37
26.08.2021 02:23:44.880,0.91443,0.91434,1,1.1
26.08.2021 02:23:44.931,0.91446,0.91433,1.1,1.7
26.08.2021 02:23:45.835,0.9144500000000001,0.91434,1.1,1.1
26.08.2021 02:24:02.232,0.9144500000000001,0.91438,1.1,1
26.08.2021 02:24:06.264,0.91444,0.91434,1.25,1.2
26.08.2021 02:24:06.365,0.91443,0.91433,1,1.6
26.08.2021 02:24:06.467,0.91443,0.91433,1,1.12
26.08.2021 02:24:07.036,0.91443,0.91434,1,1
26.08.2021 02:24:17.040,0.91443,0.91433,1,1.87
26.08.2021 02:24:21.910,0.91443,0.91433,1,2.29
26.08.2021 02:24:34.087,0.91443,0.91433,1,1.87
26.08.2021 02:24:50.971,0.91443,0.91433,1,2
26.08.2021 02:24:54.304,0.91443,0.9143700000000001,1,1
26.08.2021 02:24:56.282,0.91443,0.9143600000000001,1,1
26.08.2021 02:24:57.360,0.91443,0.91433,1,1.87
26.08.2021 02:25:01.340,0.9144200000000001,0.91433,1,1.12
26.08.2021 02:25:11.073,0.9144500000000001,0.91433,1,1
26.08.2021 02:25:11.175,0.91443,0.91433,1,2.56
26.08.2021 02:25:16.335,0.9144500000000001,0.91435,1.1,1
26.08.2021 02:25:16.437,0.91444,0.91434,1,1.6
26.08.2021 02:25:27.273,0.91444,0.91434,1,1.87
26.08.2021 02:25:33.827,0.91443,0.91433,1,1.62
26.08.2021 02:25:39.949,0.91444,0.91434,1,1
26.08.2021 02:25:46.372,0.91444,0.9143700000000001,1,1
26.08.2021 02:25:49.814,0.9144500000000001,0.9143700000000001,1,1
26.08.2021 02:25:49.915,0.91446,0.9143700000000001,1,1
26.08.2021 02:25:50.247,0.91446,0.91439,1,1
26.08.2021 02:25:50.401,0.91446,0.91435,1,1.2
26.08.2021 02:26:28.497,0.91449,0.91439,1.25,2.72
26.08.2021 02:26:28.598,0.91451,0.9144,1.5,1.1
26.08.2021 02:26:28.700,0.91451,0.9144,1,1.6
26.08.2021 02:26:34.451,0.9145200000000001,0.91439,1,1.1
26.08.2021 02:26:38.446,0.91451,0.9144500000000001,1,1
26.08.2021 02:26:41.504,0.91451,0.9144,1,1.1
26.08.2021 02:26:50.840,0.9145200000000001,0.9144,1.69,1.7
26.08.2021 02:26:51.813,0.9145200000000001,0.9144,1.69,2.45
26.08.2021 02:26:51.996,0.9145200000000001,0.9144,1.69,2.45
26.08.2021 02:26:52.098,0.9145200000000001,0.9144,1.69,2.82
26.08.2021 02:26:54.608,0.9145200000000001,0.9144,1.69,2.45
26.08.2021 02:26:56.889,0.9145200000000001,0.9144,1.69,2.07
26.08.2021 02:26:58.468,0.9145200000000001,0.9144,1.69,2.45
26.08.2021 02:26:59.670,0.91451,0.9144,1.25,1.7
26.08.2021 02:26:59.822,0.9145200000000001,0.9144,1.76,2.07
26.08.2021 02:27:00.304,0.91451,0.9144,1,1.1
26.08.2021 02:27:30.515,0.91451,0.91444,1,1
26.08.2021 02:27:30.616,0.91451,0.9144100000000001,1,1
26.08.2021 02:27:30.725,0.91451,0.9144,1,1.1
26.08.2021 02:27:33.095,0.9145200000000001,0.9144,1.69,2.45
26.08.2021 02:27:58.115,0.9145200000000001,0.9144500000000001,1.69,1
26.08.2021 02:28:01.182,0.9145200000000001,0.9144,1,2.45
26.08.2021 02:28:50.219,0.9145200000000001,0.9144500000000001,1,1
26.08.2021 02:28:52.782,0.9145200000000001,0.9144100000000001,1,1.62
26.08.2021 02:28:53.067,0.9145200000000001,0.9144100000000001,1,1.5
26.08.2021 02:28:58.072,0.9145200000000001,0.9144100000000001,1,1.22
26.08.2021 02:29:15.353,0.91451,0.9144100000000001,1.12,1
26.08.2021 02:29:15.454,0.9145000000000001,0.9144,1,1.1
26.08.2021 02:29:15.606,0.91449,0.9143700000000001,1,2.66
26.08.2021 02:29:17.667,0.91448,0.9143600000000001,1.25,1.89
26.08.2021 02:29:18.313,0.91448,0.9144,1.25,1
26.08.2021 02:29:22.361,0.91448,0.9143600000000001,1.25,1.39
26.08.2021 02:29:37.076,0.91448,0.9143600000000001,1.25,1.89
26.08.2021 02:29:37.326,0.91448,0.9143600000000001,1.25,1.76
26.08.2021 02:29:38.469,0.91448,0.9143600000000001,1.25,1.89
26.08.2021 02:29:38.775,0.91448,0.9143600000000001,1.25,1.76
26.08.2021 02:29:38.927,0.91449,0.91438,1,1.2
26.08.2021 02:29:39.028,0.91449,0.9143700000000001,1,1.6
26.08.2021 02:29:44.087,0.91448,0.91438,1,1
26.08.2021 02:29:49.009,0.91448,0.9143600000000001,1,2.82
26.08.2021 02:29:49.111,0.91448,0.9143600000000001,1,2.62
26.08.2021 02:29:49.990,0.91448,0.9143600000000001,1,2.75
26.08.2021 02:29:50.330,0.91446,0.91435,1.31,1.1
26.08.2021 02:29:50.431,0.9144700000000001,0.91433,1.39,2.07
26.08.2021 02:29:50.533,0.91451,0.91439,1.39,2.7
26.08.2021 02:29:50.634,0.91448,0.9143600000000001,3.19,1.72
26.08.2021 02:29:50.735,0.91448,0.9143600000000001,3.56,1.97
26.08.2021 02:29:59.109,0.91448,0.91438,1.25,1
26.08.2021 02:30:11.097,0.91448,0.9144100000000001,1,1
26.08.2021 02:30:11.824,0.9145000000000001,0.9144,1.01,1
26.08.2021 02:30:12.438,0.91449,0.9144100000000001,1.45,1
26.08.2021 02:30:15.109,0.91448,0.91438,1,1
26.08.2021 02:30:18.747,0.91448,0.91438,1,1.5
26.08.2021 02:30:27.772,0.91449,0.91438,1,1.5
26.08.2021 02:30:55.330,0.91449,0.91439,1,1.1
26.08.2021 02:30:58.261,0.91449,0.91438,1,1.6
26.08.2021 02:31:05.854,0.9145000000000001,0.9144100000000001,1,1
26.08.2021 02:31:09.906,0.91451,0.91439,1.1,1.2
26.08.2021 02:31:09.957,0.9145000000000001,0.9143700000000001,1,2.1
26.08.2021 02:31:10.856,0.91449,0.91439,1,1.1
26.08.2021 02:31:13.906,0.91451,0.9144100000000001,1,1.1
26.08.2021 02:31:15.542,0.91451,0.9144,1,2.47
26.08.2021 02:31:35.353,0.91451,0.9144,1,1.6
26.08.2021 02:31:43.582,0.9145000000000001,0.91439,1,1.91
26.08.2021 02:31:44.803,0.9145000000000001,0.91439,1,1.79
26.08.2021 02:31:45.233,0.9145000000000001,0.91439,1,3.04
26.08.2021 02:31:45.335,0.91453,0.9144100000000001,3.89,1.2
26.08.2021 02:31:45.436,0.91451,0.9144,1,1.72
26.08.2021 02:31:45.538,0.91453,0.9144200000000001,3.89,1
26.08.2021 02:31:45.639,0.9145200000000001,0.9144,1.25,1.72
26.08.2021 02:31:46.737,0.91453,0.9144200000000001,1.25,1.1
26.08.2021 02:31:46.839,0.9145200000000001,0.9144,1,2.29
26.08.2021 02:31:50.746,0.9145200000000001,0.9144,1,1.91
26.08.2021 02:31:51.405,0.91453,0.91439,1,1.91
26.08.2021 02:31:53.874,0.91451,0.9144100000000001,1,1.1
26.08.2021 02:31:53.979,0.9145200000000001,0.9144,1,1.1
26.08.2021 02:32:00.651,0.91451,0.91444,1,1
26.08.2021 02:32:03.688,0.91451,0.9144,1,1.1
26.08.2021 02:32:04.010,0.91453,0.9144200000000001,3,1.1
26.08.2021 02:32:04.061,0.9145200000000001,0.91439,1,1.91
26.08.2021 02:32:10.483,0.9145500000000001,0.91443,3.64,2.32
26.08.2021 02:32:10.534,0.91453,0.91443,1,1.57
26.08.2021 02:32:18.165,0.91453,0.9144200000000001,1,1.01
26.08.2021 02:32:18.636,0.91451,0.9144100000000001,1,2.47
26.08.2021 02:32:18.989,0.91451,0.9144100000000001,1,1.95
26.08.2021 02:32:19.153,0.91451,0.9144100000000001,1,1.97
26.08.2021 02:32:19.499,0.91451,0.9144100000000001,1,1.57
26.08.2021 02:32:37.782,0.91451,0.9144,1,1.39
26.08.2021 02:32:37.884,0.91451,0.9144100000000001,1,1.2
26.08.2021 02:32:38.770,0.91451,0.9144,1,1.76
26.08.2021 02:32:44.718,0.9145000000000001,0.9144,1,1.1
26.08.2021 02:32:47.479,0.91449,0.91439,1,4.54
26.08.2021 02:32:50.870,0.9144700000000001,0.91439,1.5,1.5
26.08.2021 02:32:50.921,0.9144700000000001,0.9143700000000001,2.25,1.2
26.08.2021 02:32:51.022,0.91444,0.91435,1,1
26.08.2021 02:32:51.174,0.91444,0.91434,1,1.95
26.08.2021 02:32:51.467,0.91444,0.91434,1,2.91
26.08.2021 02:33:26.711,0.9144,0.91434,2.25,1
26.08.2021 02:33:26.813,0.9144,0.9143100000000001,3,1
26.08.2021 02:33:26.915,0.91439,0.91429,1,1.1
26.08.2021 02:33:26.966,0.9144,0.9143,1,1.22
26.08.2021 02:33:30.990,0.91443,0.91433,1,1
26.08.2021 02:33:31.091,0.9144200000000001,0.9143100000000001,1,2.22
26.08.2021 02:33:34.446,0.9144200000000001,0.9143100000000001,1,2.14
26.08.2021 02:33:35.093,0.9144200000000001,0.91429,1,4.16
26.08.2021 02:33:35.346,0.9144200000000001,0.91429,1,4.16
26.08.2021 02:33:35.447,0.9144200000000001,0.9143100000000001,1,1.35
26.08.2021 02:33:36.617,0.9144200000000001,0.9143,1,4.97
26.08.2021 02:33:36.719,0.9144200000000001,0.9143,1,4.97
26.08.2021 02:33:36.820,0.9144200000000001,0.9143,1,4.97
26.08.2021 02:33:46.182,0.91443,0.9143200000000001,2.06,1
26.08.2021 02:33:46.284,0.9144200000000001,0.9143100000000001,1,2.81
26.08.2021 02:33:46.385,0.9144200000000001,0.9143100000000001,1,3.62
26.08.2021 02:33:50.181,0.9144200000000001,0.91435,1,1
26.08.2021 02:33:53.223,0.9144200000000001,0.9143100000000001,1,4.87
26.08.2021 02:33:53.324,0.9144200000000001,0.9143100000000001,1,4.97
26.08.2021 02:33:54.287,0.9144200000000001,0.9143100000000001,1,4.97
26.08.2021 02:33:59.061,0.9144200000000001,0.9143100000000001,2.44,1.57
26.08.2021 02:33:59.163,0.9144200000000001,0.9143100000000001,1,2.16
26.08.2021 02:34:27.752,0.91443,0.9143,1,1.95
26.08.2021 02:34:34.819,0.9144200000000001,0.9143100000000001,1,1.97
26.08.2021 02:34:44.917,0.9144200000000001,0.91435,1,1
26.08.2021 02:34:47.573,0.9144200000000001,0.91434,1,1
26.08.2021 02:34:49.789,0.9144200000000001,0.9143100000000001,1,1.35
26.08.2021 02:34:57.263,0.9144100000000001,0.9143100000000001,1,1.22
26.08.2021 02:34:57.946,0.9144100000000001,0.9143,1,3.04
26.08.2021 02:34:58.481,0.91439,0.91429,1,1.72
26.08.2021 02:34:58.582,0.91439,0.91428,1,3.41
26.08.2021 02:35:05.312,0.91439,0.9143,1,1
26.08.2021 02:35:06.353,0.91439,0.91429,1,3.64
26.08.2021 02:35:07.242,0.91439,0.91429,1,3.66
26.08.2021 02:35:13.860,0.91439,0.91428,1,2.66
26.08.2021 02:35:21.913,0.91439,0.91428,1.57,2.16
26.08.2021 02:35:22.015,0.91438,0.9142700000000001,1,4.16
26.08.2021 02:35:22.066,0.9143700000000001,0.9142700000000001,1.1,1.2
26.08.2021 02:35:22.168,0.9143700000000001,0.9142700000000001,1,1.41
26.08.2021 02:35:22.642,0.91438,0.9142700000000001,1.57,1.41
26.08.2021 02:35:22.743,0.9143700000000001,0.9142700000000001,1,1.35
26.08.2021 02:35:22.844,0.91438,0.9142700000000001,1.1,1.35
26.08.2021 02:35:24.361,0.91438,0.9142600000000001,1,1.35
26.08.2021 02:35:24.463,0.91438,0.9142700000000001,1.1,1.35
26.08.2021 02:35:24.980,0.9143700000000001,0.9142600000000001,1,3.72
26.08.2021 02:35:33.161,0.9143700000000001,0.9142600000000001,1.57,3.72
26.08.2021 02:35:36.794,0.91438,0.91429,1,1.57
26.08.2021 02:35:36.896,0.9144,0.91428,1.1,2.32
26.08.2021 02:35:36.997,0.9144,0.9143,1.57,1.1
26.08.2021 02:35:37.099,0.91439,0.91429,1,1.79
26.08.2021 02:35:39.691,0.91439,0.9143200000000001,1,1
26.08.2021 02:35:43.541,0.91439,0.9143100000000001,1,1
26.08.2021 02:35:43.745,0.91439,0.91429,1,2.16
26.08.2021 02:36:00.008,0.91443,0.9143,4.79,1.1
26.08.2021 02:36:00.161,0.9144100000000001,0.91429,1,2.16
26.08.2021 02:36:00.263,0.9144,0.91429,1.01,1.22
26.08.2021 02:36:03.012,0.9144,0.9142700000000001,1,3.1
26.08.2021 02:36:19.521,0.91439,0.91428,1,4.2
26.08.2021 02:36:31.287,0.91438,0.91428,1,1.51
26.08.2021 02:36:34.462,0.91438,0.9143100000000001,1,1
26.08.2021 02:36:38.071,0.91438,0.91428,1,1.51
26.08.2021 02:36:48.920,0.91438,0.9142700000000001,1.6,2.07
26.08.2021 02:36:49.022,0.9143700000000001,0.9142700000000001,1.01,1.1
26.08.2021 02:36:49.124,0.9143700000000001,0.9142700000000001,2.16,1
26.08.2021 02:36:49.326,0.9143700000000001,0.91425,2.16,1.79
26.08.2021 02:36:49.638,0.91438,0.9142600000000001,1.1,1.1
26.08.2021 02:36:58.908,0.9143700000000001,0.9142600000000001,1.01,1
26.08.2021 02:36:59.009,0.9143600000000001,0.9142600000000001,1,1
26.08.2021 02:36:59.535,0.9143600000000001,0.91424,1,3.85
26.08.2021 02:37:01.215,0.91439,0.9142600000000001,1.6,1.7
26.08.2021 02:37:29.246,0.9143700000000001,0.91429,1.1,1
26.08.2021 02:37:32.315,0.9143700000000001,0.9142700000000001,1.1,1.1
26.08.2021 02:37:37.656,0.91438,0.9142700000000001,1,1.1
26.08.2021 02:37:41.235,0.9143700000000001,0.91428,1,1.1
26.08.2021 02:37:42.226,0.9143700000000001,0.91428,1,1.1
26.08.2021 02:37:47.975,0.9143700000000001,0.9142700000000001,1,1.1
26.08.2021 02:37:49.467,0.91438,0.9142700000000001,1.1,1.72
26.08.2021 02:37:49.568,0.91439,0.91428,1.1,1.1
26.08.2021 02:37:49.669,0.9144200000000001,0.9143200000000001,1.72,1
26.08.2021 02:37:49.720,0.9144200000000001,0.9143200000000001,1.01,1.1
26.08.2021 02:37:50.414,0.9144200000000001,0.9143,1.69,1.57
26.08.2021 02:38:01.322,0.91443,0.9143200000000001,1.2,1.1
26.08.2021 02:38:01.474,0.91446,0.91435,3.66,1.1
26.08.2021 02:38:01.650,0.91444,0.91433,1,2.91
26.08.2021 02:38:03.454,0.91444,0.91433,1,2.82
26.08.2021 02:38:05.526,0.91444,0.9143200000000001,1.69,1.6
26.08.2021 02:38:05.800,0.9144200000000001,0.91433,1,1.6
26.08.2021 02:38:06.380,0.9144200000000001,0.9143100000000001,1.1,1.6
26.08.2021 02:38:09.791,0.9144200000000001,0.9143100000000001,1,1.6
26.08.2021 02:38:09.893,0.9144500000000001,0.9143200000000001,2.16,1.1
26.08.2021 02:38:10.264,0.91443,0.91434,1.1,1
26.08.2021 02:38:24.017,0.91443,0.9143600000000001,1.1,1
26.08.2021 02:38:27.127,0.91443,0.91434,1.1,1
26.08.2021 02:38:27.526,0.91443,0.91434,1.1,1
26.08.2021 02:38:28.518,0.91443,0.91434,1.1,1
26.08.2021 02:38:33.521,0.91443,0.91433,1.1,1.2
26.08.2021 02:38:34.539,0.9144500000000001,0.91435,1.79,1
26.08.2021 02:38:34.641,0.91446,0.91434,1.25,1
26.08.2021 02:38:35.498,0.9144500000000001,0.91434,1.25,1.2
26.08.2021 02:38:36.475,0.91446,0.91433,1.25,1.6
26.08.2021 02:38:43.501,0.9144500000000001,0.91434,1.25,1.12
26.08.2021 02:38:48.843,0.91444,0.91434,1.25,1.12
26.08.2021 02:39:09.890,0.9144500000000001,0.91434,2.14,1.12
26.08.2021 02:39:09.992,0.9144500000000001,0.9143200000000001,1,1.35
26.08.2021 02:39:15.834,0.91444,0.91433,1,1.35
26.08.2021 02:39:16.145,0.91444,0.91433,1,1.35
26.08.2021 02:39:18.783,0.91444,0.91438,1,1
26.08.2021 02:39:21.866,0.9144500000000001,0.9143200000000001,1,1.35
26.08.2021 02:39:22.660,0.91444,0.91433,1,1.85
26.08.2021 02:39:38.650,0.91444,0.91433,1.1,1.85
26.08.2021 02:39:43.427,0.91444,0.91433,1,1.91
26.08.2021 02:39:43.836,0.91444,0.91433,1.1,1.1
26.08.2021 02:39:44.611,0.91444,0.91433,1.1,1.6
26.08.2021 02:39:49.473,0.9144200000000001,0.9143200000000001,1,1.1
26.08.2021 02:40:06.328,0.9144200000000001,0.9143200000000001,1.6,1.12
26.08.2021 02:40:06.531,0.9144200000000001,0.9143100000000001,1.6,1.57
26.08.2021 02:40:08.221,0.9144100000000001,0.9143100000000001,1,1.1
26.08.2021 02:40:14.447,0.9144100000000001,0.91434,1,1
26.08.2021 02:40:15.802,0.91444,0.91434,4.22,1
26.08.2021 02:40:15.904,0.9144200000000001,0.91434,1,1
26.08.2021 02:40:18.511,0.9144200000000001,0.9143100000000001,1.1,1.22
26.08.2021 02:40:19.878,0.9144200000000001,0.9143100000000001,1.1,1.1
26.08.2021 02:40:23.387,0.9144200000000001,0.9143100000000001,1.1,1.1
