Gmt time,Ask,Bid,AskVolume,BidVolume
26.08.2021 00:00:00.070,6.471640000000001,6.47004,1,1.6
26.08.2021 00:00:00.171,6.471640000000001,6.47004,1,1.6
26.08.2021 00:00:00.272,6.47151,6.470230000000001,1.5,1.5
26.08.2021 00:00:00.373,6.471550000000001,6.47024,1.5,1.6
26.08.2021 00:00:00.524,6.47152,6.47021,2,1.6
26.08.2021 00:00:00.625,6.47152,6.47021,2.75,1.6
26.08.2021 00:00:00.776,6.47147,6.47021,1.5,1.5
26.08.2021 00:00:00.983,6.47142,6.47015,1,1.6
26.08.2021 00:00:01.086,6.47142,6.470140000000001,1,1.6
26.08.2021 00:00:01.361,6.47142,6.47007,1,1.6
26.08.2021 00:00:01.572,6.471430000000001,6.4700500000000005,1,1.6
26.08.2021 00:00:03.116,6.47146,6.470140000000001,1.5,1.6
26.08.2021 00:00:08.466,6.4714,6.47012,1.5,1.6
26.08.2021 00:00:08.682,6.47146,6.47013,1.5,1.6
26.08.2021 00:00:09.656,6.47147,6.470180000000001,1.5,1.6
26.08.2021 00:00:09.757,6.47147,6.470230000000001,3.5,1.6
26.08.2021 00:00:22.813,6.4713,6.470180000000001,1,1.6
26.08.2021 00:00:36.730,6.4713,6.47016,1,1.6
26.08.2021 00:00:36.831,6.471280000000001,6.4701,1.5,1.72
26.08.2021 00:00:36.982,6.47127,6.47011,1.5,1.72
26.08.2021 00:00:37.083,6.471240000000001,6.470140000000001,1,1.5
26.08.2021 00:00:37.234,6.471280000000001,6.470180000000001,1.5,1.6
26.08.2021 00:00:37.873,6.471280000000001,6.470180000000001,1.5,1.6
26.08.2021 00:00:38.020,6.47127,6.4701900000000006,1.5,1.6
26.08.2021 00:00:39.656,6.47127,6.47025,1.5,1.5
26.08.2021 00:00:41.866,6.47127,6.47025,1.5,1.5
26.08.2021 00:00:43.703,6.47121,6.47011,1.5,1.1
26.08.2021 00:00:45.557,6.47121,6.47011,1.5,1.1
26.08.2021 00:00:49.864,6.47121,6.47017,1,1.1
26.08.2021 00:00:53.441,6.47122,6.47016,1.12,1.1
26.08.2021 00:00:54.441,6.47122,6.47016,1,1.1
26.08.2021 00:00:58.497,6.47122,6.47025,1.5,1
26.08.2021 00:00:58.601,6.47122,6.47025,1.5,1
26.08.2021 00:00:59.115,6.47122,6.47025,1.5,1
26.08.2021 00:01:01.668,6.47121,6.47017,1.5,1.1
26.08.2021 00:01:04.017,6.47121,6.47017,1.5,1.1
26.08.2021 00:01:14.801,6.4712000000000005,6.47021,1.5,1
26.08.2021 00:01:15.160,6.471190000000001,6.4702,1.5,1.1
26.08.2021 00:01:15.842,6.4712000000000005,6.4701900000000006,1.5,1.1
26.08.2021 00:01:17.452,6.471190000000001,6.47025,1.5,1
26.08.2021 00:01:17.502,6.4712000000000005,6.47024,1.5,1
26.08.2021 00:01:17.947,6.4712000000000005,6.4701900000000006,1.5,1.1
26.08.2021 00:01:19.902,6.471190000000001,6.47021,1.5,1
26.08.2021 00:01:25.956,6.4712000000000005,6.47032,1.5,1
26.08.2021 00:01:26.007,6.471190000000001,6.470350000000001,1.5,1
26.08.2021 00:01:26.057,6.4712000000000005,6.47034,1.5,1
26.08.2021 00:01:27.183,6.4712000000000005,6.47022,1.5,1
26.08.2021 00:01:27.284,6.4712000000000005,6.47022,1.5,1
26.08.2021 00:01:27.334,6.471190000000001,6.470230000000001,1.5,1
26.08.2021 00:01:27.760,6.4712000000000005,6.47027,1.5,1
26.08.2021 00:01:32.198,6.471190000000001,6.470280000000001,1.5,1
26.08.2021 00:01:32.349,6.47112,6.470230000000001,1,1
26.08.2021 00:01:33.975,6.4711300000000005,6.4702,1,1
26.08.2021 00:01:34.076,6.47112,6.47021,1,1
26.08.2021 00:01:34.239,6.47112,6.47024,1,1
26.08.2021 00:01:37.238,6.47112,6.4701900000000006,1,1
26.08.2021 00:01:37.289,6.47112,6.4701900000000006,1,1
26.08.2021 00:01:37.390,6.47117,6.4702,1.5,1
26.08.2021 00:01:37.494,6.471150000000001,6.4702,1.5,1
26.08.2021 00:01:37.744,6.47116,6.470350000000001,1.5,1
26.08.2021 00:01:37.945,6.47112,6.47034,1,1
26.08.2021 00:01:38.187,6.47112,6.470350000000001,1,1
26.08.2021 00:01:38.288,6.47112,6.47024,1,1
26.08.2021 00:01:38.439,6.47112,6.470350000000001,1,1
26.08.2021 00:01:40.059,6.471150000000001,6.470260000000001,1.5,1
26.08.2021 00:01:40.233,6.47116,6.47025,1.5,1
26.08.2021 00:01:41.180,6.471150000000001,6.47025,1.5,1.12
26.08.2021 00:01:41.670,6.471150000000001,6.47025,1.5,1.5
26.08.2021 00:01:52.998,6.471150000000001,6.470260000000001,1.5,1
26.08.2021 00:01:53.099,6.471100000000001,6.47036,1,1
26.08.2021 00:01:53.200,6.471100000000001,6.47025,1,1
26.08.2021 00:01:53.301,6.47112,6.470350000000001,1.12,1
26.08.2021 00:01:53.452,6.47112,6.47036,1,1
26.08.2021 00:01:53.502,6.47111,6.470350000000001,1,1
26.08.2021 00:01:53.874,6.47111,6.47034,1,1
26.08.2021 00:01:53.983,6.47118,6.47034,2,1
26.08.2021 00:01:54.084,6.47117,6.47036,2,1
26.08.2021 00:01:54.134,6.47114,6.470350000000001,1,1
26.08.2021 00:01:54.235,6.4711300000000005,6.470330000000001,1.12,1.5
26.08.2021 00:01:54.286,6.471150000000001,6.470330000000001,1.5,1.5
26.08.2021 00:01:54.387,6.4711300000000005,6.47036,1,1
26.08.2021 00:01:54.581,6.47114,6.47034,1,1
26.08.2021 00:01:54.682,6.471150000000001,6.47034,1.5,1
26.08.2021 00:01:54.784,6.47114,6.47036,1,1
26.08.2021 00:01:54.885,6.47114,6.47034,1.5,1
26.08.2021 00:01:55.252,6.471150000000001,6.47034,1,1
26.08.2021 00:01:55.303,6.47112,6.470350000000001,1,1
26.08.2021 00:01:55.354,6.4711300000000005,6.470180000000001,1.5,1
26.08.2021 00:01:55.454,6.471100000000001,6.470180000000001,1.5,1
26.08.2021 00:01:55.555,6.471080000000001,6.47036,1,1
26.08.2021 00:01:55.661,6.47109,6.47034,1,1
26.08.2021 00:01:56.502,6.471080000000001,6.4701900000000006,1,1
26.08.2021 00:01:56.553,6.47109,6.470180000000001,1,1
26.08.2021 00:01:56.666,6.47109,6.470180000000001,1,1
26.08.2021 00:01:56.775,6.471080000000001,6.47036,1,1
26.08.2021 00:01:56.825,6.471100000000001,6.47036,1,1
26.08.2021 00:01:56.926,6.47111,6.47034,1,1
26.08.2021 00:01:57.027,6.47111,6.470350000000001,1,1
26.08.2021 00:01:57.128,6.47111,6.47034,1,1
26.08.2021 00:01:57.279,6.47114,6.470350000000001,1.12,1
26.08.2021 00:01:57.438,6.47114,6.47036,1,1
26.08.2021 00:01:57.735,6.471150000000001,6.47034,1,1
26.08.2021 00:01:57.786,6.471150000000001,6.47034,1.5,1
26.08.2021 00:01:57.887,6.471150000000001,6.4701900000000006,1.5,1.1
26.08.2021 00:01:57.937,6.47114,6.47036,1.5,1
26.08.2021 00:01:58.000,6.471150000000001,6.470350000000001,1,1
26.08.2021 00:01:58.101,6.47114,6.470330000000001,1.5,2
26.08.2021 00:01:59.400,6.47114,6.47021,1.5,1
26.08.2021 00:01:59.535,6.47114,6.47021,1.5,1
26.08.2021 00:02:00.438,6.47114,6.47021,1.5,1
26.08.2021 00:02:07.182,6.471150000000001,6.470350000000001,1.5,1
26.08.2021 00:02:07.232,6.4711300000000005,6.470350000000001,1,1
26.08.2021 00:02:07.333,6.471150000000001,6.47034,1.5,1
26.08.2021 00:02:07.593,6.4711300000000005,6.47034,1,1
26.08.2021 00:02:08.294,6.47112,6.47025,1,1
26.08.2021 00:02:08.345,6.47112,6.47025,1,1
26.08.2021 00:02:08.446,6.47112,6.47025,1,1.12
26.08.2021 00:02:14.235,6.4711300000000005,6.47022,1,1
26.08.2021 00:02:14.336,6.47112,6.470230000000001,1,1
26.08.2021 00:02:16.421,6.4711300000000005,6.47022,1,1
26.08.2021 00:03:07.277,6.47112,6.47022,1.5,1
26.08.2021 00:03:08.128,6.47112,6.47022,1.5,1
26.08.2021 00:03:11.150,6.4711300000000005,6.47021,1.5,1
26.08.2021 00:03:20.272,6.4711300000000005,6.470350000000001,1,1
26.08.2021 00:03:20.373,6.471080000000001,6.47021,1.5,1
26.08.2021 00:03:20.474,6.47107,6.47022,1.5,1
26.08.2021 00:03:21.014,6.471080000000001,6.470350000000001,1.5,1
26.08.2021 00:03:21.065,6.471100000000001,6.47036,1.5,1
26.08.2021 00:03:21.216,6.47111,6.470350000000001,1,1
26.08.2021 00:03:21.333,6.47111,6.47034,1,1
26.08.2021 00:03:21.572,6.47111,6.470350000000001,1,1
26.08.2021 00:03:21.622,6.47109,6.470350000000001,1,1
26.08.2021 00:03:21.723,6.471080000000001,6.470350000000001,1,1
26.08.2021 00:03:21.824,6.471080000000001,6.47036,1,1
26.08.2021 00:03:21.925,6.47109,6.47034,1,1
26.08.2021 00:03:22.136,6.47109,6.470350000000001,1,1
26.08.2021 00:03:22.602,6.47109,6.47034,1,1
26.08.2021 00:03:22.652,6.47109,6.47032,1,1.5
26.08.2021 00:03:22.754,6.47109,6.4702,1,1
26.08.2021 00:03:22.804,6.471080000000001,6.47036,1,1
26.08.2021 00:03:22.956,6.471080000000001,6.470350000000001,1,1
26.08.2021 00:03:23.109,6.47109,6.470350000000001,1,1
26.08.2021 00:03:23.321,6.471080000000001,6.470350000000001,1,1
26.08.2021 00:03:23.836,6.47109,6.4702,1,1
26.08.2021 00:03:23.937,6.47109,6.4702,1,1
26.08.2021 00:03:24.506,6.47109,6.47027,1,1
26.08.2021 00:03:24.556,6.47109,6.4703100000000004,1.5,1
26.08.2021 00:03:42.441,6.4710600000000005,6.47047,1,1
26.08.2021 00:03:54.681,6.4710600000000005,6.47046,1,1
26.08.2021 00:03:55.265,6.4710600000000005,6.47047,1.5,1
26.08.2021 00:04:02.280,6.470940000000001,6.470330000000001,1,1.5
26.08.2021 00:04:02.960,6.470940000000001,6.470330000000001,1,1
26.08.2021 00:04:04.963,6.470930000000001,6.47034,1,1.5
26.08.2021 00:04:08.004,6.470930000000001,6.47034,1,1
26.08.2021 00:04:11.305,6.470930000000001,6.47034,1,1.22
26.08.2021 00:04:12.636,6.47126,6.47034,1.6,1.6
26.08.2021 00:04:12.686,6.47117,6.470580000000001,1,1
26.08.2021 00:04:13.944,6.47135,6.47079,1.5,1
26.08.2021 00:04:14.045,6.47137,6.47078,1,1
26.08.2021 00:04:15.389,6.47131,6.47079,1,1
26.08.2021 00:04:15.490,6.471280000000001,6.47079,1,1
26.08.2021 00:04:17.302,6.47131,6.47079,1,1
26.08.2021 00:04:18.175,6.47131,6.47078,1,1
26.08.2021 00:04:21.627,6.47131,6.47079,1,1
26.08.2021 00:04:43.893,6.4713,6.47078,1,1
26.08.2021 00:04:44.136,6.47131,6.47079,1,1
26.08.2021 00:04:44.237,6.47135,6.47078,1,1
26.08.2021 00:05:10.601,6.4713400000000005,6.4708000000000006,1,1
26.08.2021 00:05:12.100,6.47135,6.47079,1,1.5
26.08.2021 00:05:13.101,6.47135,6.47079,1,1.5
26.08.2021 00:05:23.197,6.47135,6.47079,1,1.5
26.08.2021 00:05:26.354,6.471100000000001,6.47064,1,1.5
26.08.2021 00:05:26.405,6.471100000000001,6.47055,1,1.5
26.08.2021 00:05:26.626,6.47109,6.470540000000001,1,1.5
26.08.2021 00:05:27.461,6.47109,6.470490000000001,1,1.5
26.08.2021 00:05:28.591,6.47109,6.4705,1,1.5
26.08.2021 00:05:32.140,6.471100000000001,6.470490000000001,1,1.5
26.08.2021 00:05:33.141,6.471100000000001,6.470490000000001,1,1.5
26.08.2021 00:05:42.635,6.471100000000001,6.470490000000001,1,1.5
26.08.2021 00:05:45.525,6.47097,6.4703800000000005,1,1.5
26.08.2021 00:05:46.657,6.47096,6.47037,1,1.5
26.08.2021 00:05:50.174,6.47096,6.47036,1,1.5
26.08.2021 00:05:56.187,6.47097,6.470350000000001,1.5,1.5
26.08.2021 00:06:01.578,6.47096,6.47036,1,1.5
26.08.2021 00:06:04.639,6.47096,6.4703800000000005,1,1.5
26.08.2021 00:06:18.501,6.47118,6.4705900000000005,1,1
26.08.2021 00:06:18.551,6.47121,6.4705900000000005,1.6,1
26.08.2021 00:06:18.602,6.471190000000001,6.4706,1.6,1
26.08.2021 00:06:18.715,6.471190000000001,6.4706,1.6,1
26.08.2021 00:06:18.765,6.47111,6.47048,1,1.6
26.08.2021 00:06:18.816,6.471080000000001,6.470490000000001,1,1.6
26.08.2021 00:06:19.135,6.47104,6.470490000000001,1,1.6
26.08.2021 00:06:20.235,6.47104,6.470490000000001,1,1.6
26.08.2021 00:06:21.237,6.47105,6.47048,1,1.6
26.08.2021 00:06:33.426,6.471010000000001,6.470490000000001,1,1.6
26.08.2021 00:06:33.577,6.471010000000001,6.470490000000001,1,1
26.08.2021 00:06:48.274,6.470980000000001,6.470490000000001,1,1
26.08.2021 00:06:49.899,6.47104,6.47048,1.15,1
26.08.2021 00:06:50.360,6.4710600000000005,6.47048,1,1.1
26.08.2021 00:06:50.460,6.4710600000000005,6.47048,1,1.6
26.08.2021 00:06:51.297,6.47121,6.470490000000001,1.5,1.6
26.08.2021 00:06:51.347,6.47126,6.47072,1,1
26.08.2021 00:06:51.448,6.47127,6.47072,1,1
26.08.2021 00:06:56.889,6.47126,6.47072,1,1
26.08.2021 00:07:02.423,6.471280000000001,6.47071,1,1
26.08.2021 00:07:49.040,6.47127,6.47072,1,1.1
26.08.2021 00:07:52.554,6.4713400000000005,6.47062,1.6,1.6
26.08.2021 00:07:57.113,6.4713400000000005,6.47064,1.1,1.1
26.08.2021 00:08:05.936,6.4713400000000005,6.47064,1.1,1.1
26.08.2021 00:08:14.468,6.4713400000000005,6.47064,1.1,1.1
26.08.2021 00:08:16.439,6.471330000000001,6.47065,1.1,1.1
26.08.2021 00:08:18.343,6.471280000000001,6.47076,1,1.1
26.08.2021 00:08:45.939,6.471280000000001,6.47081,1,1.1
26.08.2021 00:08:46.040,6.47127,6.47083,1,1.1
26.08.2021 00:08:47.601,6.47127,6.47081,1,1.6
26.08.2021 00:08:52.727,6.471280000000001,6.47079,1,1.6
26.08.2021 00:08:57.020,6.471280000000001,6.47081,1,1.1
26.08.2021 00:09:07.192,6.47127,6.47081,1,1.22
26.08.2021 00:09:09.463,6.47127,6.4708000000000006,1,1.97
26.08.2021 00:09:15.707,6.47127,6.47088,1,1.1
26.08.2021 00:09:17.613,6.47127,6.470890000000001,1,1.1
26.08.2021 00:09:17.822,6.4714,6.470930000000001,1,1.1
26.08.2021 00:09:17.922,6.471480000000001,6.470940000000001,1,1.1
26.08.2021 00:09:20.617,6.47149,6.4709200000000004,1.1,1.22
26.08.2021 00:09:20.833,6.47149,6.4709,1.1,1.6
26.08.2021 00:09:24.629,6.47142,6.470890000000001,1,1.6
26.08.2021 00:09:26.265,6.47142,6.470890000000001,1,1.6
26.08.2021 00:09:28.693,6.471280000000001,6.4709,1,1.6
26.08.2021 00:09:30.755,6.471280000000001,6.4709,1,1.1
26.08.2021 00:09:32.539,6.47135,6.470890000000001,1,1.1
26.08.2021 00:09:41.762,6.471380000000001,6.4709,1,1.1
26.08.2021 00:09:41.813,6.471380000000001,6.4709,1,1.1
26.08.2021 00:09:53.028,6.471380000000001,6.4709,1,1.1
26.08.2021 00:09:56.235,6.4714,6.471100000000001,1,1.1
26.08.2021 00:09:56.336,6.47126,6.471100000000001,1,1.1
26.08.2021 00:09:56.387,6.471290000000001,6.47111,1,1.1
26.08.2021 00:10:05.311,6.47131,6.471100000000001,1,1.1
26.08.2021 00:10:05.463,6.47127,6.47111,1,1.1
26.08.2021 00:10:14.360,6.47118,6.47109,1,1.1
26.08.2021 00:10:14.461,6.47105,6.47064,1,1.6
26.08.2021 00:10:14.511,6.471030000000001,6.4707,1,1
26.08.2021 00:10:14.612,6.470940000000001,6.47062,1,1
26.08.2021 00:10:16.399,6.470940000000001,6.47056,1,1.5
26.08.2021 00:10:17.030,6.471030000000001,6.470630000000001,1,1
26.08.2021 00:10:18.918,6.47109,6.47062,1,1
26.08.2021 00:10:20.960,6.47109,6.47062,1,1.5
26.08.2021 00:10:23.241,6.4711300000000005,6.47062,1,1.5
26.08.2021 00:10:24.575,6.47112,6.470630000000001,1,1
26.08.2021 00:10:25.865,6.4713,6.47104,1.1,1.1
26.08.2021 00:10:25.915,6.4713,6.471080000000001,1.1,1.1
26.08.2021 00:10:43.775,6.471290000000001,6.471080000000001,1,1.1
26.08.2021 00:10:43.876,6.47126,6.47107,1,1.1
26.08.2021 00:10:45.098,6.47125,6.470840000000001,1,1
26.08.2021 00:11:01.231,6.47131,6.47083,1,1
26.08.2021 00:11:06.961,6.47144,6.47087,1,1
26.08.2021 00:11:07.011,6.471380000000001,6.47087,1,1
26.08.2021 00:11:39.601,6.47142,6.47087,1,1
26.08.2021 00:11:39.750,6.471380000000001,6.47088,1,1
26.08.2021 00:11:43.941,6.47137,6.47087,1,1
26.08.2021 00:11:46.642,6.4714100000000006,6.47087,1,1
26.08.2021 00:11:54.909,6.471430000000001,6.47088,1,1
26.08.2021 00:12:00.102,6.47144,6.47091,1,1.1
26.08.2021 00:12:04.045,6.4715300000000004,6.47102,1,1.1
26.08.2021 00:12:07.711,6.4715300000000004,6.47102,1,1.1
26.08.2021 00:12:17.029,6.4715300000000004,6.47102,1,1.1
26.08.2021 00:12:53.629,6.47145,6.471010000000001,1,1.1
26.08.2021 00:13:10.766,6.4714,6.47102,1,1.1
26.08.2021 00:13:10.867,6.47135,6.47102,1,1.1
26.08.2021 00:13:14.890,6.471500000000001,6.471010000000001,1,1.1
26.08.2021 00:13:14.941,6.4714100000000006,6.471010000000001,1,1.1
26.08.2021 00:13:15.352,6.4714,6.47102,1,1.1
26.08.2021 00:13:17.828,6.471500000000001,6.47102,1,1.1
26.08.2021 00:13:17.930,6.47151,6.471010000000001,1,1.1
26.08.2021 00:14:00.223,6.471500000000001,6.47102,1,1.1
26.08.2021 00:14:29.791,6.471550000000001,6.47096,1,1.6
26.08.2021 00:14:29.842,6.47157,6.470980000000001,1,1.22
26.08.2021 00:14:29.949,6.4717,6.47123,1.62,1
26.08.2021 00:14:30.000,6.471690000000001,6.471240000000001,1.12,1
26.08.2021 00:14:30.050,6.471690000000001,6.471280000000001,1,1
26.08.2021 00:14:36.036,6.47179,6.471280000000001,1.87,1
26.08.2021 00:14:36.137,6.471830000000001,6.47125,2,1.1
26.08.2021 00:14:36.238,6.471830000000001,6.47126,1.5,1.1
26.08.2021 00:14:38.129,6.471830000000001,6.47126,1,1.1
26.08.2021 00:14:41.013,6.47184,6.47135,1,1.1
26.08.2021 00:15:08.504,6.471830000000001,6.47137,1,1.1
26.08.2021 00:15:30.200,6.471990000000001,6.47137,1.5,1.1
26.08.2021 00:15:30.304,6.472,6.47142,2,1.1
26.08.2021 00:15:30.700,6.472,6.47142,1.87,1.1
26.08.2021 00:15:31.269,6.47198,6.471430000000001,1,1.1
26.08.2021 00:15:39.299,6.471990000000001,6.471430000000001,1.12,1.1
26.08.2021 00:15:39.400,6.472080000000001,6.47146,2,1.1
26.08.2021 00:15:39.501,6.472080000000001,6.471500000000001,1,1.1
26.08.2021 00:15:42.161,6.47205,6.471500000000001,1,1.22
26.08.2021 00:15:42.312,6.472040000000001,6.47149,1,1.6
26.08.2021 00:15:43.136,6.47205,6.471480000000001,1,1.1
26.08.2021 00:15:43.186,6.47191,6.471480000000001,1,1
26.08.2021 00:15:43.237,6.4718800000000005,6.47136,1,1.1
26.08.2021 00:15:43.287,6.471900000000001,6.47136,1,1.1
26.08.2021 00:15:43.491,6.47191,6.47135,1,1.1
26.08.2021 00:15:43.675,6.47191,6.47135,1.5,1.1
26.08.2021 00:15:43.788,6.471900000000001,6.47136,1.5,1.1
26.08.2021 00:15:48.301,6.47184,6.47136,1,1.1
26.08.2021 00:15:52.572,6.4718,6.47135,1,1
26.08.2021 00:15:53.179,6.4718,6.47136,1,1
26.08.2021 00:16:00.545,6.47176,6.47136,1,1
26.08.2021 00:16:11.636,6.4715300000000004,6.471100000000001,1,1.85
26.08.2021 00:16:11.687,6.4715300000000004,6.471100000000001,1,1.35
26.08.2021 00:16:11.737,6.4714,6.471030000000001,1,1.85
26.08.2021 00:16:11.788,6.4714,6.471030000000001,1,1.6
26.08.2021 00:16:11.940,6.4714,6.471010000000001,1,1.6
26.08.2021 00:16:12.498,6.4714,6.47102,1,1.6
26.08.2021 00:16:14.345,6.4714,6.47102,1,1.6
26.08.2021 00:16:19.355,6.4714100000000006,6.47105,1,1.1
26.08.2021 00:16:27.695,6.4714100000000006,6.47105,1,1.1
26.08.2021 00:16:27.796,6.4714100000000006,6.47105,1,1.1
26.08.2021 00:16:32.642,6.4714100000000006,6.47105,1,1.1
26.08.2021 00:16:33.425,6.471690000000001,6.471150000000001,2,1
26.08.2021 00:16:33.476,6.471690000000001,6.471150000000001,1,1
26.08.2021 00:16:33.533,6.47176,6.471150000000001,1,1
26.08.2021 00:16:34.425,6.47172,6.471150000000001,1,1
26.08.2021 00:16:34.526,6.47166,6.47116,1,1
26.08.2021 00:16:34.907,6.47162,6.471150000000001,1,1
26.08.2021 00:16:37.075,6.47167,6.47131,1,1.6
26.08.2021 00:16:37.125,6.471780000000001,6.47132,1,1.1
26.08.2021 00:16:37.276,6.471780000000001,6.4713400000000005,1,1.1
26.08.2021 00:16:38.720,6.471780000000001,6.47135,1,1.1
26.08.2021 00:16:39.014,6.471780000000001,6.47135,1,1.1
26.08.2021 00:16:39.165,6.47189,6.47137,1,1.6
26.08.2021 00:16:39.266,6.47194,6.471430000000001,1,1.1
26.08.2021 00:16:39.571,6.47192,6.47145,1,1.1
26.08.2021 00:16:45.410,6.4719500000000005,6.47147,1,1.1
26.08.2021 00:16:57.796,6.47194,6.47139,1,1.5
26.08.2021 00:16:57.847,6.47211,6.47156,1.5,1.1
26.08.2021 00:16:57.897,6.4721400000000004,6.47167,1.5,1.1
26.08.2021 00:16:57.948,6.4721400000000004,6.47167,1,1.1
26.08.2021 00:16:58.099,6.472160000000001,6.47166,1,1.1
26.08.2021 00:16:58.201,6.47215,6.47167,1,1.1
26.08.2021 00:16:59.000,6.47212,6.47166,1,1.1
26.08.2021 00:16:59.501,6.47212,6.47166,1,1.1
26.08.2021 00:17:03.455,6.47211,6.47167,1,1
26.08.2021 00:17:11.844,6.472160000000001,6.47166,1,1
26.08.2021 00:17:12.167,6.47217,6.47166,1.5,1
26.08.2021 00:17:25.649,6.47202,6.47163,1,1
26.08.2021 00:17:25.750,6.47196,6.47156,1,1.5
26.08.2021 00:17:26.111,6.47197,6.47157,1,1.6
26.08.2021 00:17:26.323,6.47197,6.47157,1,1.1
26.08.2021 00:17:26.650,6.47197,6.47157,1,1.1
26.08.2021 00:17:27.830,6.47196,6.47158,1,1.1
26.08.2021 00:17:28.305,6.47197,6.47157,1,1.1
26.08.2021 00:17:28.517,6.47196,6.47158,1,1.1
26.08.2021 00:17:31.918,6.47201,6.47158,1,1.1
26.08.2021 00:17:32.143,6.47201,6.47158,1,1.1
26.08.2021 00:17:32.434,6.47202,6.47157,1,1.1
26.08.2021 00:17:39.626,6.47202,6.47157,1,1.1
26.08.2021 00:17:47.622,6.47202,6.47158,1,1
26.08.2021 00:18:01.520,6.47193,6.47158,1,1
26.08.2021 00:18:01.722,6.47189,6.47152,1,1
26.08.2021 00:18:01.773,6.471830000000001,6.47135,1,1
26.08.2021 00:18:01.823,6.47189,6.47152,1,1.1
26.08.2021 00:18:01.874,6.47191,6.4715300000000004,1,1.1
26.08.2021 00:18:02.025,6.47192,6.47152,1,1.6
26.08.2021 00:18:03.055,6.47191,6.471550000000001,1,1
26.08.2021 00:18:03.838,6.47191,6.47158,1,1
26.08.2021 00:18:04.830,6.472,6.47158,1,1
26.08.2021 00:18:05.290,6.47202,6.47157,1,1
26.08.2021 00:18:12.503,6.47202,6.47157,1,1.1
26.08.2021 00:18:14.379,6.47205,6.47157,1,1.1
26.08.2021 00:18:36.738,6.472040000000001,6.47158,1,1.1
26.08.2021 00:18:37.255,6.472040000000001,6.47154,1,1.1
26.08.2021 00:18:53.581,6.472090000000001,6.47161,1,1.1
26.08.2021 00:18:53.631,6.472130000000001,6.47163,1,1.1
26.08.2021 00:18:53.777,6.472180000000001,6.471690000000001,1,1.1
26.08.2021 00:18:53.828,6.47219,6.471680000000001,1,1.1
26.08.2021 00:18:53.878,6.47226,6.4717,1.5,1.6
26.08.2021 00:18:53.929,6.472340000000001,6.4718800000000005,1,1
26.08.2021 00:18:53.979,6.47238,6.4718800000000005,1,1
26.08.2021 00:18:54.081,6.472390000000001,6.4718800000000005,1,1
26.08.2021 00:18:59.565,6.47236,6.47189,1,1
26.08.2021 00:19:13.330,6.47238,6.47189,1,1
26.08.2021 00:19:34.967,6.47236,6.4718800000000005,1,1
26.08.2021 00:19:35.068,6.47224,6.47189,1,1
26.08.2021 00:19:35.751,6.47233,6.4718800000000005,1.87,1
26.08.2021 00:19:43.337,6.4723500000000005,6.4718800000000005,1.1,1
26.08.2021 00:19:43.585,6.472250000000001,6.47189,1,1
26.08.2021 00:19:45.450,6.47231,6.47189,1.1,1
26.08.2021 00:19:49.853,6.47231,6.47189,1.1,1
26.08.2021 00:19:54.139,6.47231,6.47165,1,2.1
26.08.2021 00:19:54.189,6.472250000000001,6.47165,1,1.6
26.08.2021 00:19:54.915,6.47224,6.47166,1,1.6
26.08.2021 00:19:55.960,6.4722,6.47165,1,1.6
26.08.2021 00:19:56.952,6.472160000000001,6.47166,1,1.6
26.08.2021 00:19:57.214,6.47211,6.471640000000001,1,1.5
26.08.2021 00:19:57.315,6.47211,6.471640000000001,1,1.5
26.08.2021 00:19:58.387,6.4721,6.47165,1,1
26.08.2021 00:20:09.160,6.47206,6.471640000000001,1,1
26.08.2021 00:20:12.295,6.472090000000001,6.471640000000001,1,1
26.08.2021 00:20:12.564,6.4721,6.471640000000001,1,1
26.08.2021 00:20:22.172,6.472160000000001,6.471640000000001,1.1,1
26.08.2021 00:20:22.383,6.472160000000001,6.471640000000001,1,1
26.08.2021 00:20:22.484,6.472160000000001,6.471690000000001,1.1,1
26.08.2021 00:20:22.585,6.47215,6.4717,1,1.1
26.08.2021 00:20:22.686,6.47232,6.47179,1,1.1
26.08.2021 00:20:22.736,6.472340000000001,6.4718,1.1,1.1
26.08.2021 00:20:23.021,6.47233,6.4718100000000005,1,1.1
26.08.2021 00:20:23.134,6.47231,6.4718,1,1.1
26.08.2021 00:20:23.184,6.47231,6.47179,1,1.1
26.08.2021 00:20:23.886,6.472340000000001,6.4718,1,1
26.08.2021 00:20:23.937,6.47226,6.47179,1,1
26.08.2021 00:20:24.088,6.47224,6.47179,1,1
26.08.2021 00:20:26.374,6.472250000000001,6.4718,1,1
26.08.2021 00:20:28.795,6.47231,6.47179,1,1.1
26.08.2021 00:20:28.899,6.472300000000001,6.4718,1,1.6
26.08.2021 00:20:29.000,6.472300000000001,6.47189,1,1
26.08.2021 00:20:29.205,6.47231,6.47185,1,1.1
26.08.2021 00:20:29.306,6.47231,6.47179,1,1.6
26.08.2021 00:20:29.474,6.472300000000001,6.4718,1,1.6
26.08.2021 00:20:29.954,6.472300000000001,6.4718,1.5,1.1
26.08.2021 00:20:30.340,6.472300000000001,6.47179,1,1.1
26.08.2021 00:20:31.137,6.472300000000001,6.47179,1,1.1
26.08.2021 00:20:33.455,6.472230000000001,6.47179,1,1
26.08.2021 00:20:35.427,6.47226,6.4718,1.1,1
26.08.2021 00:20:35.666,6.47227,6.4718,1,1.6
26.08.2021 00:20:35.767,6.47227,6.47189,1,1.1
26.08.2021 00:20:35.818,6.472430000000001,6.471900000000001,1.1,1
26.08.2021 00:20:35.919,6.472440000000001,6.471900000000001,1.1,1.1
26.08.2021 00:20:36.033,6.472440000000001,6.471900000000001,1.1,1
26.08.2021 00:20:36.184,6.472390000000001,6.471900000000001,1.6,1
26.08.2021 00:20:36.234,6.47231,6.471830000000001,1.1,1.1
26.08.2021 00:20:36.335,6.47238,6.47184,1.1,1.1
26.08.2021 00:20:36.386,6.472480000000001,6.47189,1.6,1.1
26.08.2021 00:20:36.587,6.47246,6.471900000000001,1.6,1.1
26.08.2021 00:20:36.739,6.4724900000000005,6.47198,1.1,1
26.08.2021 00:20:36.840,6.4725,6.471990000000001,1.6,1
26.08.2021 00:20:36.944,6.4725,6.471990000000001,1.6,1
26.08.2021 00:20:42.170,6.4724900000000005,6.472,1.1,1
26.08.2021 00:20:43.445,6.4724900000000005,6.471990000000001,1.1,1.1
26.08.2021 00:20:48.383,6.4724900000000005,6.471990000000001,1.1,1
26.08.2021 00:20:49.071,6.47247,6.471990000000001,1,1
26.08.2021 00:20:49.122,6.47238,6.472,1,1
26.08.2021 00:20:49.226,6.47237,6.472,1,1
26.08.2021 00:20:51.716,6.47233,6.471990000000001,1,1
26.08.2021 00:21:17.682,6.472340000000001,6.471990000000001,1,1
26.08.2021 00:21:17.806,6.47237,6.471990000000001,1,1
26.08.2021 00:21:17.907,6.47237,6.472,1,1
26.08.2021 00:21:41.823,6.472390000000001,6.472,1,1
26.08.2021 00:21:41.874,6.4723500000000005,6.471990000000001,1,1
26.08.2021 00:21:44.743,6.472300000000001,6.471990000000001,1,1
26.08.2021 00:21:49.341,6.47229,6.471830000000001,1,1.22
26.08.2021 00:21:51.290,6.472300000000001,6.47182,1,1.1
26.08.2021 00:21:57.386,6.472300000000001,6.47185,1,1
26.08.2021 00:22:19.238,6.47232,6.47186,1,1
26.08.2021 00:22:20.038,6.472300000000001,6.47186,1,1
26.08.2021 00:22:24.468,6.47231,6.4718800000000005,1,1
26.08.2021 00:22:24.519,6.472390000000001,6.471900000000001,1,1.5
26.08.2021 00:22:24.619,6.472390000000001,6.47191,1,1.1
26.08.2021 00:22:26.121,6.472390000000001,6.47191,1,1.1
26.08.2021 00:22:27.702,6.4724,6.471900000000001,1,1.1
26.08.2021 00:22:27.811,6.4724,6.47191,1,1.6
26.08.2021 00:22:27.962,6.472430000000001,6.47198,1,1
26.08.2021 00:22:51.697,6.47242,6.47205,1,1
26.08.2021 00:22:53.153,6.47242,6.472040000000001,1,1
26.08.2021 00:23:15.561,6.472440000000001,6.472040000000001,1,1
26.08.2021 00:23:15.611,6.472440000000001,6.47206,1,1
26.08.2021 00:23:16.110,6.47247,6.47206,1,1
26.08.2021 00:23:24.477,6.47247,6.472080000000001,1,1
26.08.2021 00:23:40.290,6.47246,6.472080000000001,1,1
26.08.2021 00:23:43.075,6.472440000000001,6.472080000000001,1,1
26.08.2021 00:23:50.716,6.47241,6.472090000000001,1,1
26.08.2021 00:23:55.927,6.47245,6.472080000000001,1,1
26.08.2021 00:24:05.368,6.47241,6.472090000000001,1,1
26.08.2021 00:24:10.181,6.4725600000000005,6.4721,1.1,1
26.08.2021 00:24:24.903,6.4725600000000005,6.472130000000001,1.1,1
26.08.2021 00:24:25.657,6.4725600000000005,6.472130000000001,1.1,1
26.08.2021 00:24:26.358,6.47255,6.47211,1.1,1
26.08.2021 00:24:31.321,6.4725600000000005,6.472130000000001,1.1,1
26.08.2021 00:24:35.604,6.47255,6.47211,1.1,1
26.08.2021 00:24:38.796,6.4725600000000005,6.472130000000001,1.1,1
26.08.2021 00:24:43.533,6.472580000000001,6.472130000000001,1.1,1
26.08.2021 00:25:10.050,6.472580000000001,6.47219,1.1,1
26.08.2021 00:25:10.281,6.47257,6.4722100000000005,1,1
26.08.2021 00:25:10.332,6.47264,6.47224,1.5,1
26.08.2021 00:25:10.433,6.472650000000001,6.47227,1,1
26.08.2021 00:25:10.483,6.472700000000001,6.47226,1.1,1.12
26.08.2021 00:25:10.534,6.472740000000001,6.47233,1.1,1
26.08.2021 00:25:10.635,6.472790000000001,6.47238,1.6,1
26.08.2021 00:25:10.685,6.4728200000000005,6.47237,1.1,1
26.08.2021 00:25:10.786,6.4728200000000005,6.47241,1.1,1
26.08.2021 00:25:17.273,6.47281,6.47242,1.1,1
26.08.2021 00:25:23.355,6.47278,6.47238,1.1,1
26.08.2021 00:25:23.508,6.472740000000001,6.472300000000001,1.5,1
26.08.2021 00:25:23.559,6.47268,6.47226,1,1
26.08.2021 00:25:25.656,6.472700000000001,6.47226,1,1
26.08.2021 00:25:26.098,6.47267,6.472180000000001,1,1
26.08.2021 00:25:47.487,6.47271,6.472250000000001,1,1
26.08.2021 00:25:47.588,6.47272,6.47226,1,1
26.08.2021 00:25:50.561,6.47272,6.472300000000001,1,1
26.08.2021 00:25:57.230,6.47272,6.472300000000001,1,1.1
26.08.2021 00:25:59.422,6.47271,6.47229,1,1.1
26.08.2021 00:26:10.170,6.47272,6.4722800000000005,1,1.1
26.08.2021 00:26:15.397,6.47272,6.4722800000000005,1,1
26.08.2021 00:26:30.060,6.47271,6.472300000000001,1,1
26.08.2021 00:26:35.339,6.47271,6.4722800000000005,1,1.57
26.08.2021 00:26:38.619,6.47271,6.4722800000000005,1,1.6
26.08.2021 00:26:39.782,6.47272,6.47229,1,1.1
26.08.2021 00:26:39.833,6.47272,6.4723500000000005,1,1
26.08.2021 00:26:50.535,6.4728200000000005,6.47236,1.1,1
26.08.2021 00:26:50.586,6.47286,6.4723500000000005,1,1
26.08.2021 00:26:50.777,6.472880000000001,6.47236,1.6,1
26.08.2021 00:26:57.340,6.47287,6.47237,1.2,1
26.08.2021 00:27:16.680,6.47285,6.47233,1,1
26.08.2021 00:27:35.157,6.4728,6.47231,1,1.6
26.08.2021 00:27:37.301,6.4728,6.47231,1,1.5
26.08.2021 00:27:39.501,6.4727500000000004,6.47232,1,1
26.08.2021 00:27:39.712,6.47273,6.47231,1,1
26.08.2021 00:27:39.762,6.47273,6.47224,1,1.5
26.08.2021 00:27:40.661,6.47273,6.47224,1,1
26.08.2021 00:27:47.798,6.47269,6.472180000000001,1,1.22
26.08.2021 00:27:48.076,6.47266,6.47219,1,1.22
26.08.2021 00:28:00.026,6.47267,6.472180000000001,1,1.1
26.08.2021 00:28:00.254,6.47267,6.472180000000001,1,1.1
26.08.2021 00:28:00.355,6.47262,6.47219,1,1
26.08.2021 00:28:00.456,6.472580000000001,6.472080000000001,1,1.1
26.08.2021 00:28:00.721,6.47254,6.472080000000001,1,1.1
26.08.2021 00:28:03.457,6.47255,6.47207,1,1.1
26.08.2021 00:28:20.842,6.47255,6.47207,1,1
26.08.2021 00:28:21.717,6.47259,6.4721400000000004,1,1
26.08.2021 00:28:21.838,6.47257,6.47215,1,1
26.08.2021 00:28:24.009,6.47259,6.47215,1,1
26.08.2021 00:28:36.732,6.4726,6.47215,1,1
26.08.2021 00:28:39.561,6.47266,6.47226,1.1,1
26.08.2021 00:28:41.760,6.472650000000001,6.47227,1.1,1
26.08.2021 00:28:42.761,6.47266,6.472250000000001,1.1,1
26.08.2021 00:28:45.194,6.47264,6.4722100000000005,1.1,1
26.08.2021 00:28:52.861,6.4726300000000005,6.47222,1.1,1
26.08.2021 00:28:53.501,6.472580000000001,6.4722100000000005,1.1,1
26.08.2021 00:28:53.552,6.47257,6.472180000000001,1.1,1
26.08.2021 00:28:55.708,6.47255,6.472160000000001,1.1,1
26.08.2021 00:28:55.851,6.47247,6.47215,1,1.5
26.08.2021 00:28:58.031,6.472480000000001,6.47205,1.1,1
26.08.2021 00:28:58.641,6.472480000000001,6.47205,1.1,1
26.08.2021 00:28:59.388,6.472440000000001,6.472040000000001,1.1,1
26.08.2021 00:29:02.456,6.4725,6.472040000000001,1.5,1
26.08.2021 00:29:02.507,6.4725,6.47207,1.5,1
26.08.2021 00:29:02.609,6.4725,6.472160000000001,1,1
26.08.2021 00:29:30.608,6.472480000000001,6.47217,1,1
26.08.2021 00:29:31.062,6.4725,6.472160000000001,1,1
26.08.2021 00:29:32.263,6.47247,6.47217,1,1
26.08.2021 00:29:37.408,6.4724900000000005,6.47217,1,1
26.08.2021 00:29:48.568,6.47246,6.47217,1,1
26.08.2021 00:29:48.619,6.4725,6.472160000000001,1,1
26.08.2021 00:29:48.711,6.47246,6.47217,1,1
26.08.2021 00:29:48.812,6.4724900000000005,6.47217,1,1
26.08.2021 00:29:49.901,6.47246,6.47217,1,1
26.08.2021 00:29:51.111,6.4725,6.472160000000001,1,1
26.08.2021 00:29:52.764,6.4724900000000005,6.47212,1,1
26.08.2021 00:30:00.537,6.4724900000000005,6.47217,1,1
26.08.2021 00:30:00.638,6.4725,6.47219,1,1
26.08.2021 00:30:00.791,6.4725,6.47222,1,1
26.08.2021 00:30:02.917,6.472650000000001,6.472230000000001,1,1
26.08.2021 00:30:03.032,6.47272,6.472250000000001,1.12,1
26.08.2021 00:30:10.019,6.47272,6.47229,1,1
26.08.2021 00:30:11.893,6.47271,6.472250000000001,1,1
26.08.2021 00:30:46.176,6.47272,6.47226,1,1
26.08.2021 00:30:56.827,6.47271,6.47226,1,1
26.08.2021 00:30:58.632,6.472650000000001,6.4721400000000004,1.6,1.87
26.08.2021 00:30:58.887,6.47261,6.4721400000000004,1.6,1
26.08.2021 00:30:59.504,6.47261,6.4721400000000004,1.6,1
26.08.2021 00:31:01.565,6.47261,6.4721400000000004,1.1,1
26.08.2021 00:31:04.424,6.47261,6.4721400000000004,1.6,1
26.08.2021 00:31:04.731,6.472580000000001,6.4721400000000004,1,1.12
26.08.2021 00:31:09.187,6.47252,6.47215,1,1.12
26.08.2021 00:31:09.518,6.472530000000001,6.4721400000000004,1.5,1
26.08.2021 00:31:09.619,6.47251,6.4721400000000004,1,1
26.08.2021 00:31:09.821,6.47251,6.4721400000000004,1.1,1
26.08.2021 00:31:09.922,6.47246,6.47215,1,1
26.08.2021 00:31:10.022,6.4725,6.47215,1.1,1
26.08.2021 00:31:10.246,6.47251,6.4721400000000004,1.6,1
26.08.2021 00:31:11.261,6.47251,6.4721400000000004,1.6,1
26.08.2021 00:31:14.676,6.4725,6.47215,1.6,1
26.08.2021 00:31:15.708,6.47251,6.4721400000000004,1.6,1
26.08.2021 00:31:25.714,6.4725,6.47215,1.6,1
26.08.2021 00:31:26.717,6.4725,6.47215,1.6,1
26.08.2021 00:31:37.069,6.472530000000001,6.4721400000000004,1.5,1
26.08.2021 00:31:38.049,6.47252,6.47215,1.5,1
26.08.2021 00:31:41.321,6.472480000000001,6.47205,2.1,1.5
26.08.2021 00:31:41.378,6.47246,6.47205,1.1,1.5
26.08.2021 00:31:41.429,6.472430000000001,6.47201,1,1.87
26.08.2021 00:31:41.530,6.472390000000001,6.47202,1,1.12
26.08.2021 00:31:41.580,6.4724,6.47193,1.6,1.5
26.08.2021 00:31:42.332,6.4724,6.47194,1.6,1.12
26.08.2021 00:31:43.322,6.472390000000001,6.4719500000000005,1.6,1
26.08.2021 00:31:43.423,6.47241,6.471990000000001,1.5,1
26.08.2021 00:31:44.326,6.47242,6.47198,1.6,1.12
26.08.2021 00:31:52.332,6.47242,6.47198,1.6,1
26.08.2021 00:31:53.840,6.47247,6.47205,1.6,1
26.08.2021 00:31:54.337,6.47247,6.47205,1.6,1
26.08.2021 00:31:55.338,6.47247,6.472040000000001,1.5,1
26.08.2021 00:31:56.355,6.47246,6.47205,1.5,1
26.08.2021 00:31:57.443,6.47247,6.472040000000001,1.5,1
26.08.2021 00:31:59.457,6.47247,6.472040000000001,1.5,1
26.08.2021 00:32:22.177,6.472530000000001,6.47207,1.6,1
26.08.2021 00:32:22.227,6.47254,6.47206,1.6,1.12
26.08.2021 00:32:23.188,6.472530000000001,6.47207,1.6,1.5
26.08.2021 00:32:24.210,6.472530000000001,6.472080000000001,1.5,1.5
26.08.2021 00:32:28.402,6.472530000000001,6.472080000000001,1.6,1.5
26.08.2021 00:32:30.276,6.472480000000001,6.47205,1,1.5
26.08.2021 00:32:30.326,6.472430000000001,6.472040000000001,1,1
26.08.2021 00:32:30.427,6.472340000000001,6.472040000000001,1,1
26.08.2021 00:32:39.039,6.472440000000001,6.472040000000001,1.6,1
26.08.2021 00:32:39.424,6.472430000000001,6.47205,1.5,1
26.08.2021 00:32:40.435,6.472430000000001,6.47205,1.12,1
26.08.2021 00:32:44.212,6.472440000000001,6.472040000000001,1.5,1
26.08.2021 00:32:46.066,6.472440000000001,6.472080000000001,1.5,1.1
26.08.2021 00:32:46.248,6.4725600000000005,6.472090000000001,1.6,1.1
26.08.2021 00:32:46.298,6.47262,6.47211,2,1.1
26.08.2021 00:32:46.399,6.47262,6.47211,2,1.1
26.08.2021 00:32:46.500,6.47257,6.4721,1.5,1.5
26.08.2021 00:32:47.375,6.47257,6.4721,1.5,1.5
26.08.2021 00:32:49.380,6.472580000000001,6.472090000000001,1.5,1.12
26.08.2021 00:32:53.263,6.472480000000001,6.472090000000001,1,1.2
26.08.2021 00:32:58.466,6.472430000000001,6.472040000000001,1.5,1.12
26.08.2021 00:32:59.481,6.472430000000001,6.47201,2.07,1
26.08.2021 00:33:01.471,6.472440000000001,6.472,2.07,1.12
26.08.2021 00:33:02.472,6.472440000000001,6.472,2.07,1.5
26.08.2021 00:33:05.993,6.47227,6.472,1,1.5
26.08.2021 00:33:06.044,6.47226,6.47194,1,1.5
26.08.2021 00:33:14.498,6.47227,6.47193,1,1.5
26.08.2021 00:33:17.503,6.47227,6.47193,1,1.5
26.08.2021 00:33:21.513,6.47226,6.47194,1,1.5
26.08.2021 00:33:25.094,6.47245,6.47197,1.6,1.5
26.08.2021 00:33:25.195,6.47246,6.47202,2.1,1
26.08.2021 00:33:25.245,6.47246,6.47202,2.1,1.5
26.08.2021 00:33:26.521,6.47242,6.47202,1,1.5
26.08.2021 00:33:27.525,6.472430000000001,6.47201,1.12,1.5
26.08.2021 00:33:30.530,6.472430000000001,6.471990000000001,1.5,1.5
26.08.2021 00:33:37.446,6.472430000000001,6.47203,1.5,1.1
26.08.2021 00:33:39.286,6.472430000000001,6.47203,1.12,1.12
26.08.2021 00:33:40.982,6.47247,6.47207,1.5,1.1
26.08.2021 00:33:41.551,6.47247,6.47211,1.12,1.1
26.08.2021 00:33:44.461,6.47247,6.47215,1,1.1
26.08.2021 00:33:44.563,6.47247,6.472180000000001,1,1
26.08.2021 00:33:49.772,6.47246,6.472180000000001,1,1
26.08.2021 00:33:49.873,6.47246,6.4721400000000004,1,1.5
26.08.2021 00:33:50.470,6.47246,6.4721400000000004,1,1
26.08.2021 00:33:55.377,6.47246,6.47215,1,1.1
26.08.2021 00:33:56.181,6.47247,6.4721400000000004,1,1.6
26.08.2021 00:33:56.323,6.47245,6.4721,1,1.5
26.08.2021 00:33:56.423,6.47245,6.4721,1,1
26.08.2021 00:33:56.596,6.472440000000001,6.47202,1,1.6
26.08.2021 00:33:57.442,6.47245,6.47201,1.5,1.12
26.08.2021 00:34:00.407,6.472440000000001,6.47202,1.5,1.5
26.08.2021 00:34:08.851,6.47231,6.471990000000001,1,1.5
26.08.2021 00:34:09.402,6.47232,6.47197,1,1
26.08.2021 00:34:11.613,6.47231,6.47198,1,1.5
26.08.2021 00:34:12.913,6.47232,6.47191,1.57,1.5
26.08.2021 00:34:12.964,6.4722100000000005,6.471900000000001,1,1.5
26.08.2021 00:34:13.015,6.47222,6.47189,1,1
26.08.2021 00:34:13.116,6.47222,6.471830000000001,1,2
26.08.2021 00:34:13.167,6.47219,6.471830000000001,1,1.5
26.08.2021 00:34:13.217,6.472090000000001,6.471780000000001,1,1.5
26.08.2021 00:34:13.268,6.472090000000001,6.4717400000000005,1,1.5
26.08.2021 00:34:13.380,6.472090000000001,6.471730000000001,1,1
26.08.2021 00:34:15.306,6.4721,6.471730000000001,1.6,1
26.08.2021 00:34:15.457,6.472090000000001,6.4717400000000005,1.1,1
26.08.2021 00:34:15.578,6.472090000000001,6.4717400000000005,1.1,1
26.08.2021 00:34:15.749,6.4721,6.471730000000001,1.1,1
26.08.2021 00:34:16.135,6.472090000000001,6.4717400000000005,1.1,1
26.08.2021 00:34:18.331,6.4721,6.471730000000001,1.1,1
26.08.2021 00:34:22.042,6.472090000000001,6.4717400000000005,1,1
26.08.2021 00:34:22.209,6.4721,6.4717400000000005,1,1
26.08.2021 00:34:22.360,6.4721,6.47175,1,1
26.08.2021 00:34:25.363,6.472090000000001,6.47179,1,1
26.08.2021 00:34:29.238,6.4721,6.471780000000001,1,1.5
26.08.2021 00:34:38.266,6.472090000000001,6.47179,1,1.5
26.08.2021 00:34:40.270,6.472090000000001,6.47179,1,1.5
26.08.2021 00:34:40.971,6.47211,6.471730000000001,1,1.6
26.08.2021 00:34:41.022,6.47212,6.4717,1.1,1.12
26.08.2021 00:34:41.243,6.47211,6.47171,1.6,1.12
26.08.2021 00:34:41.559,6.47211,6.47171,2.1,1.12
26.08.2021 00:34:42.517,6.47211,6.47171,2.1,1
26.08.2021 00:34:42.891,6.47212,6.47166,1.72,2.1
26.08.2021 00:34:43.523,6.47212,6.47166,2.1,2
26.08.2021 00:34:45.516,6.472080000000001,6.47166,1,2
26.08.2021 00:34:45.657,6.47207,6.47166,1,2
26.08.2021 00:34:47.561,6.47211,6.47167,1.5,2
26.08.2021 00:34:47.612,6.472090000000001,6.47166,1,2
26.08.2021 00:34:48.563,6.47212,6.47166,1.5,2
26.08.2021 00:34:48.881,6.47207,6.47167,1,2
26.08.2021 00:34:49.011,6.47211,6.47167,1.5,2
26.08.2021 00:34:49.164,6.47207,6.47167,1,2
26.08.2021 00:34:49.554,6.472,6.47167,1,2
26.08.2021 00:34:50.111,6.47198,6.47161,1,1.12
26.08.2021 00:34:50.212,6.471900000000001,6.47157,1,1.5
26.08.2021 00:34:50.263,6.471900000000001,6.471500000000001,1,1.5
26.08.2021 00:34:50.364,6.471900000000001,6.47142,1.5,1.5
26.08.2021 00:34:51.696,6.4719500000000005,6.47149,1.5,1
26.08.2021 00:34:54.822,6.4719500000000005,6.47145,1.6,1.5
26.08.2021 00:34:54.872,6.47196,6.47144,1.6,1
26.08.2021 00:34:54.923,6.47196,6.47139,2.1,1.6
26.08.2021 00:34:55.053,6.47191,6.47139,1.22,1.6
26.08.2021 00:34:55.822,6.471900000000001,6.4714,1.2,1.6
26.08.2021 00:34:55.873,6.471900000000001,6.4714,1.6,1.22
26.08.2021 00:34:56.870,6.47191,6.47139,1.5,1.22
26.08.2021 00:34:57.982,6.471900000000001,6.47139,2.1,1.6
26.08.2021 00:34:58.649,6.47191,6.471380000000001,2.1,1.6
26.08.2021 00:34:58.877,6.471900000000001,6.47139,2.1,1.1
26.08.2021 00:35:00.410,6.47191,6.471380000000001,2.1,1.1
26.08.2021 00:35:00.511,6.471990000000001,6.47146,1.6,1.5
26.08.2021 00:35:00.561,6.47202,6.471500000000001,1.6,1
26.08.2021 00:35:00.612,6.47203,6.47149,1.6,1
26.08.2021 00:35:00.662,6.472040000000001,6.47151,1.6,1
26.08.2021 00:35:00.813,6.4721,6.47156,1,1.5
26.08.2021 00:35:01.832,6.4721,6.47157,1.5,1.5
26.08.2021 00:35:10.156,6.472130000000001,6.471640000000001,2.07,1.1
26.08.2021 00:35:10.257,6.472130000000001,6.471690000000001,1.1,1.1
26.08.2021 00:35:10.308,6.4721400000000004,6.47172,1.1,1
26.08.2021 00:35:16.072,6.47224,6.47177,1.6,1
26.08.2021 00:35:16.173,6.472250000000001,6.4718100000000005,1.6,1
26.08.2021 00:35:16.274,6.47226,6.4718,1.6,1
26.08.2021 00:35:17.749,6.47226,6.4718,1.6,1
26.08.2021 00:35:18.800,6.472250000000001,6.4718100000000005,1.6,1.12
26.08.2021 00:35:18.851,6.47222,6.47176,1,2
26.08.2021 00:35:19.002,6.4722100000000005,6.47175,1.6,1
26.08.2021 00:35:19.311,6.472180000000001,6.4717400000000005,1,1
26.08.2021 00:35:19.466,6.472180000000001,6.47165,1,1
26.08.2021 00:35:19.567,6.47217,6.47172,1,1.6
26.08.2021 00:35:19.618,6.4722100000000005,6.47185,1.6,1
26.08.2021 00:35:19.669,6.47224,6.471900000000001,1.5,1
26.08.2021 00:35:19.720,6.4722800000000005,6.471900000000001,1.6,1
26.08.2021 00:35:19.771,6.47232,6.47192,1.6,1
26.08.2021 00:35:19.872,6.47236,6.47192,1.6,1
26.08.2021 00:35:20.136,6.4723500000000005,6.47193,1.6,1.25
26.08.2021 00:35:20.754,6.4723500000000005,6.47197,1.6,1.25
26.08.2021 00:35:21.769,6.47236,6.47196,1,1.25
26.08.2021 00:35:34.781,6.4723500000000005,6.47197,1.5,1.25
26.08.2021 00:35:36.823,6.4723500000000005,6.47197,1.5,1.75
26.08.2021 00:35:40.794,6.47232,6.47196,1,1.31
26.08.2021 00:35:43.546,6.472300000000001,6.47197,1,1.31
26.08.2021 00:35:43.940,6.47232,6.47197,1.1,1.31
26.08.2021 00:35:44.362,6.472300000000001,6.47197,1,1.31
26.08.2021 00:35:53.900,6.47231,6.47196,1,1.31
26.08.2021 00:35:54.001,6.47231,6.47197,1,1.75
26.08.2021 00:35:57.927,6.472300000000001,6.47197,1,1.31
26.08.2021 00:35:58.937,6.47232,6.47196,1.5,1.75
26.08.2021 00:36:00.601,6.4722800000000005,6.47196,1,1.75
26.08.2021 00:36:00.945,6.47227,6.47197,1,1.31
26.08.2021 00:36:01.049,6.47231,6.47196,1,1.31
26.08.2021 00:36:01.478,6.4722800000000005,6.47196,1,1.31
26.08.2021 00:36:02.308,6.4722800000000005,6.47197,1.5,1.31
26.08.2021 00:36:02.595,6.4722800000000005,6.47196,1,1.31
26.08.2021 00:36:12.732,6.472300000000001,6.47193,1,1.35
26.08.2021 00:36:12.833,6.47232,6.47193,1.5,1.35
26.08.2021 00:36:12.883,6.47231,6.47193,1,1.35
26.08.2021 00:36:12.994,6.47232,6.47193,1.62,1.35
26.08.2021 00:36:26.886,6.47231,6.47193,1,1.35
26.08.2021 00:36:27.889,6.47231,6.47193,1.62,1.85
26.08.2021 00:36:28.895,6.47231,6.47192,1,1.85
26.08.2021 00:36:29.209,6.472300000000001,6.47192,1,1.85
26.08.2021 00:36:29.344,6.4722800000000005,6.47192,1,1.85
26.08.2021 00:36:29.445,6.47227,6.47193,1.5,1.85
26.08.2021 00:36:30.963,6.472300000000001,6.47193,1.6,1.35
26.08.2021 00:36:31.014,6.472300000000001,6.47193,1,1.35
26.08.2021 00:36:31.124,6.47232,6.47193,1.62,1.35
26.08.2021 00:36:31.682,6.472300000000001,6.47193,1,1.35
26.08.2021 00:36:31.952,6.47232,6.47193,1.62,1.35
26.08.2021 00:36:32.074,6.47227,6.47194,1.1,1.35
26.08.2021 00:36:41.336,6.4722800000000005,6.47193,1.2,1.35
26.08.2021 00:36:41.555,6.4722800000000005,6.47193,1.5,1.35
26.08.2021 00:36:45.095,6.4722800000000005,6.47193,1,1.35
26.08.2021 00:36:45.549,6.4722800000000005,6.47193,1.5,1.35
26.08.2021 00:36:45.983,6.47227,6.47194,1,1.35
26.08.2021 00:36:59.745,6.47227,6.47194,1.5,1.5
26.08.2021 00:37:00.228,6.47231,6.47193,1,2.07
26.08.2021 00:37:01.061,6.47231,6.47193,1.12,2.07
26.08.2021 00:37:04.774,6.472300000000001,6.47194,1.5,2.07
26.08.2021 00:37:06.276,6.472300000000001,6.47197,1.5,1
26.08.2021 00:37:06.684,6.47247,6.472040000000001,1.5,1.1
26.08.2021 00:37:06.735,6.47246,6.47205,1.5,1.1
26.08.2021 00:37:06.785,6.47246,6.47206,1.5,1.1
26.08.2021 00:37:06.886,6.47246,6.4721,1.5,1
26.08.2021 00:37:07.765,6.47246,6.4721,1.5,1
26.08.2021 00:37:08.971,6.47247,6.472090000000001,1,1.12
26.08.2021 00:37:17.813,6.47245,6.4721,1,1
26.08.2021 00:37:17.915,6.47246,6.47205,1,2.1
26.08.2021 00:37:18.720,6.47246,6.472040000000001,1,2.1
26.08.2021 00:37:22.732,6.47246,6.472040000000001,1.5,2
26.08.2021 00:37:23.744,6.47245,6.47205,1.5,2
26.08.2021 00:37:31.710,6.47245,6.47205,1.6,1.5
26.08.2021 00:37:31.811,6.47245,6.47205,1.6,1.5
26.08.2021 00:37:32.024,6.472430000000001,6.472040000000001,1.1,1.5
26.08.2021 00:37:34.618,6.47246,6.472040000000001,2,1.5
26.08.2021 00:37:34.787,6.47245,6.47205,2,1.5
26.08.2021 00:37:35.740,6.472430000000001,6.472040000000001,1,1.5
26.08.2021 00:37:36.568,6.472430000000001,6.472040000000001,1,1.5
26.08.2021 00:37:39.133,6.47246,6.472040000000001,2.1,1.5
26.08.2021 00:37:39.552,6.472430000000001,6.472040000000001,1.1,1.5
26.08.2021 00:37:40.056,6.47241,6.47205,1,1.5
26.08.2021 00:37:55.124,6.47241,6.47205,1,1.5
26.08.2021 00:37:59.874,6.47242,6.472040000000001,1,1.5
26.08.2021 00:38:01.882,6.47246,6.47205,2,1.5
26.08.2021 00:38:02.884,6.47246,6.472040000000001,1.5,1.5
26.08.2021 00:38:09.104,6.47245,6.472040000000001,1.5,1.5
26.08.2021 00:38:11.097,6.47245,6.472040000000001,1.6,1.5
26.08.2021 00:38:17.109,6.47241,6.47203,1.12,1.5
26.08.2021 00:38:31.025,6.4724,6.472040000000001,1.12,1.5
26.08.2021 00:38:41.200,6.4724,6.472040000000001,1.12,1.5
26.08.2021 00:38:43.025,6.4724,6.47207,1,1.5
26.08.2021 00:38:46.091,6.47241,6.47206,1,1.5
26.08.2021 00:39:01.086,6.47241,6.47203,2,2
26.08.2021 00:39:07.326,6.4724,6.47207,1.5,1
26.08.2021 00:39:07.376,6.4724900000000005,6.4721,1.5,1
26.08.2021 00:39:07.427,6.472480000000001,6.47211,1.5,1
26.08.2021 00:39:08.381,6.4724900000000005,6.4721,1.5,1.12
26.08.2021 00:39:15.693,6.47245,6.47211,1,1
26.08.2021 00:39:23.961,6.47245,6.47211,1.12,1.5
26.08.2021 00:39:48.032,6.47257,6.4723500000000005,1.1,1
26.08.2021 00:39:48.082,6.47268,6.4723500000000005,1.1,1
26.08.2021 00:39:48.133,6.47264,6.472340000000001,1,1
26.08.2021 00:39:50.329,6.47257,6.4723500000000005,1,1
26.08.2021 00:39:50.513,6.472530000000001,6.472340000000001,1,1
26.08.2021 00:39:51.363,6.472530000000001,6.472340000000001,2,1
26.08.2021 00:39:53.581,6.472530000000001,6.472130000000001,1.5,1.1
26.08.2021 00:39:53.682,6.47252,6.4721,1,1.5
26.08.2021 00:39:53.784,6.472530000000001,6.4721,1,1.5
26.08.2021 00:39:54.632,6.47254,6.472090000000001,1,1
26.08.2021 00:39:58.012,6.4724900000000005,6.47206,1,1.12
26.08.2021 00:39:58.113,6.47252,6.47219,1,1
26.08.2021 00:39:58.264,6.4726,6.47233,1,1
26.08.2021 00:39:58.314,6.47262,6.47233,1.2,1
26.08.2021 00:39:58.537,6.47261,6.47241,1,1
26.08.2021 00:39:58.588,6.47269,6.47241,1.7,1
26.08.2021 00:39:58.689,6.47269,6.472430000000001,1,1
26.08.2021 00:39:58.790,6.47269,6.47241,1,1
26.08.2021 00:39:58.890,6.47269,6.472430000000001,1,1
26.08.2021 00:39:59.155,6.472700000000001,6.4724,1,1
26.08.2021 00:39:59.307,6.47268,6.4724,1,1
26.08.2021 00:39:59.408,6.47268,6.47242,1,1
26.08.2021 00:39:59.459,6.472700000000001,6.47242,1,1
26.08.2021 00:39:59.748,6.47269,6.47241,1,1
26.08.2021 00:39:59.901,6.47273,6.4724,1.2,1
26.08.2021 00:39:59.952,6.47269,6.47232,1.5,1
26.08.2021 00:40:00.053,6.4726300000000005,6.472300000000001,1.2,1
26.08.2021 00:40:00.219,6.47262,6.47232,1.2,1
26.08.2021 00:40:06.458,6.4726300000000005,6.47231,1.7,1
26.08.2021 00:40:19.145,6.472700000000001,6.47233,1.7,1.5
26.08.2021 00:40:19.196,6.47268,6.47233,1,1.5
26.08.2021 00:40:19.373,6.472700000000001,6.47233,1,1.5
26.08.2021 00:40:20.101,6.472740000000001,6.47233,1.6,1.5
26.08.2021 00:40:20.300,6.472740000000001,6.47233,1.1,1.5
26.08.2021 00:40:20.351,6.4727500000000004,6.472430000000001,1,1
26.08.2021 00:40:20.452,6.47272,6.472440000000001,1,1
26.08.2021 00:40:20.701,6.472700000000001,6.472430000000001,1,1
26.08.2021 00:40:23.376,6.472700000000001,6.472390000000001,1,1
26.08.2021 00:40:23.552,6.472700000000001,6.47238,1,1
26.08.2021 00:40:23.653,6.472700000000001,6.4723500000000005,1,1
26.08.2021 00:40:25.372,6.472740000000001,6.47236,1,1
26.08.2021 00:40:25.423,6.47273,6.4723500000000005,1,1
26.08.2021 00:40:25.574,6.472790000000001,6.472390000000001,1.1,1
26.08.2021 00:40:25.625,6.472830000000001,6.472390000000001,1.6,1
26.08.2021 00:40:25.726,6.47285,6.47241,1.1,1
26.08.2021 00:40:25.943,6.472880000000001,6.47242,1.6,1
26.08.2021 00:40:25.993,6.47286,6.47242,1.1,1
26.08.2021 00:40:26.094,6.47287,6.4724,1.72,1
26.08.2021 00:40:26.169,6.472840000000001,6.47241,1.1,1
26.08.2021 00:40:26.270,6.472840000000001,6.47241,1,1
26.08.2021 00:40:26.752,6.47285,6.47241,1,1
26.08.2021 00:40:29.058,6.47287,6.47241,1.1,1
26.08.2021 00:40:34.142,6.47287,6.4725,1.1,1
26.08.2021 00:40:34.243,6.472980000000001,6.47254,1.6,1
26.08.2021 00:40:34.294,6.47299,6.47259,1.22,1
26.08.2021 00:40:34.395,6.473000000000001,6.47261,1.22,1
26.08.2021 00:40:34.496,6.4731000000000005,6.47278,1.2,1.5
26.08.2021 00:40:34.597,6.47315,6.47278,1,1
26.08.2021 00:40:34.647,6.47308,6.472790000000001,1,1
26.08.2021 00:40:34.749,6.47308,6.472830000000001,1,1
26.08.2021 00:40:35.339,6.473190000000001,6.472840000000001,1,1
26.08.2021 00:40:35.423,6.473190000000001,6.4728200000000005,1,1
26.08.2021 00:40:35.533,6.473190000000001,6.4728,1,1
26.08.2021 00:40:35.776,6.473140000000001,6.4728,1,1
26.08.2021 00:40:36.453,6.47315,6.472790000000001,1.5,1
26.08.2021 00:40:38.690,6.473140000000001,6.4728,1,1
26.08.2021 00:40:43.567,6.47313,6.472790000000001,1,1
26.08.2021 00:40:44.023,6.473140000000001,6.472790000000001,2.1,1
26.08.2021 00:41:00.448,6.473140000000001,6.472790000000001,2.07,1
26.08.2021 00:41:03.185,6.473140000000001,6.472790000000001,1.95,1
26.08.2021 00:41:12.407,6.47313,6.4728,1.6,1
26.08.2021 00:41:12.458,6.47313,6.472740000000001,1.6,1
26.08.2021 00:41:12.912,6.473140000000001,6.47273,1.6,1
26.08.2021 00:41:13.540,6.473140000000001,6.47273,1.6,1
26.08.2021 00:41:13.591,6.473050000000001,6.47267,1,1
26.08.2021 00:41:13.692,6.473050000000001,6.47266,1,1
26.08.2021 00:41:13.803,6.47306,6.47267,1,1
26.08.2021 00:41:13.904,6.4731000000000005,6.47266,1,1
26.08.2021 00:41:17.402,6.47306,6.47267,1,1
26.08.2021 00:41:17.593,6.47306,6.472650000000001,1,1.1
26.08.2021 00:41:17.744,6.47304,6.472650000000001,1.1,1
26.08.2021 00:41:18.027,6.472980000000001,6.472650000000001,1,1
26.08.2021 00:41:18.172,6.47295,6.472650000000001,1,1
26.08.2021 00:41:19.483,6.4729600000000005,6.47264,1.1,1
26.08.2021 00:41:19.634,6.47295,6.472650000000001,1,1
26.08.2021 00:41:23.360,6.47299,6.47264,1.1,1
26.08.2021 00:41:23.461,6.4730300000000005,6.47264,1,1
26.08.2021 00:41:25.759,6.473050000000001,6.472650000000001,1,1
26.08.2021 00:41:28.356,6.47307,6.47268,1,1
26.08.2021 00:41:29.142,6.4731000000000005,6.47268,1.1,1
26.08.2021 00:41:30.064,6.473090000000001,6.47269,1.1,1
26.08.2021 00:42:05.641,6.4731000000000005,6.47264,1,1
26.08.2021 00:42:09.838,6.473050000000001,6.47261,1,1
26.08.2021 00:42:09.939,6.47304,6.47261,1,1
26.08.2021 00:42:11.792,6.4730300000000005,6.47261,1,1
26.08.2021 00:42:12.342,6.4730300000000005,6.4726,1,1
26.08.2021 00:42:12.449,6.472980000000001,6.47261,1,1
26.08.2021 00:42:17.750,6.472980000000001,6.47257,1,1.5
26.08.2021 00:42:30.402,6.473000000000001,6.47257,1.57,1.5
26.08.2021 00:42:53.664,6.4729600000000005,6.47257,1,1.5
26.08.2021 00:42:53.765,6.47295,6.4725600000000005,1.1,1
26.08.2021 00:42:57.071,6.47294,6.47257,1.6,1
26.08.2021 00:42:57.659,6.4729,6.47257,1,1
26.08.2021 00:42:58.213,6.4729,6.47252,1.1,1
26.08.2021 00:42:59.443,6.472880000000001,6.47252,1,1
26.08.2021 00:44:04.612,6.4728900000000005,6.472530000000001,1,1
26.08.2021 00:44:14.633,6.472880000000001,6.47259,1,1
26.08.2021 00:44:18.239,6.47302,6.4726,1.1,1
26.08.2021 00:44:18.358,6.47301,6.472650000000001,1,1
26.08.2021 00:44:21.116,6.47302,6.47267,1,1
26.08.2021 00:44:42.103,6.473000000000001,6.47268,1,1
26.08.2021 00:45:39.107,6.472930000000001,6.47267,1,1
26.08.2021 00:45:40.907,6.47287,6.47267,1,1
26.08.2021 00:45:41.159,6.47287,6.47264,1,1
26.08.2021 00:45:41.259,6.47273,6.47264,1,1
26.08.2021 00:45:41.310,6.47272,6.47262,1,1
26.08.2021 00:45:41.361,6.47272,6.47257,1,1
26.08.2021 00:45:41.461,6.47272,6.47242,1,1
26.08.2021 00:45:41.512,6.47261,6.47237,1,1
26.08.2021 00:45:41.563,6.47262,6.47226,1,1.75
26.08.2021 00:45:41.664,6.4726,6.472230000000001,1,1
26.08.2021 00:45:41.714,6.47252,6.4722100000000005,1,1
26.08.2021 00:45:41.916,6.47252,6.4722,1,1
26.08.2021 00:45:41.966,6.47252,6.472160000000001,1.1,1
26.08.2021 00:45:42.072,6.47252,6.472160000000001,1.1,1
26.08.2021 00:45:42.697,6.472230000000001,6.47207,2.25,1
26.08.2021 00:45:42.748,6.472230000000001,6.471900000000001,1,1
26.08.2021 00:45:42.849,6.472230000000001,6.47197,1,1
26.08.2021 00:45:42.899,6.472230000000001,6.47189,1,1
26.08.2021 00:45:43.227,6.47222,6.47193,1,1
26.08.2021 00:45:43.328,6.47222,6.4719500000000005,1,1
26.08.2021 00:45:44.593,6.472180000000001,6.4719500000000005,1,1
26.08.2021 00:45:44.783,6.472080000000001,6.47189,1,1.05
26.08.2021 00:45:44.886,6.472090000000001,6.4718800000000005,1,1
26.08.2021 00:45:44.987,6.47207,6.471690000000001,1,1
26.08.2021 00:45:46.053,6.47198,6.471690000000001,1,1
26.08.2021 00:45:48.824,6.47197,6.471640000000001,1,1.5
26.08.2021 00:45:52.937,6.472040000000001,6.47163,1,1.57
26.08.2021 00:45:53.425,6.47203,6.47166,1,1
26.08.2021 00:45:53.606,6.472040000000001,6.47163,1,1.5
26.08.2021 00:45:54.082,6.472040000000001,6.47165,1,1
26.08.2021 00:45:54.792,6.47206,6.47166,1,1
26.08.2021 00:45:56.017,6.47206,6.471640000000001,1,1.5
26.08.2021 00:45:57.343,6.47197,6.47163,1,1.5
26.08.2021 00:45:58.106,6.47197,6.47165,1,1
26.08.2021 00:46:00.422,6.47196,6.471640000000001,1.5,1.5
26.08.2021 00:46:00.473,6.47186,6.471640000000001,1,1.5
26.08.2021 00:46:00.630,6.47176,6.4715300000000004,1.5,1.12
26.08.2021 00:46:00.681,6.47185,6.47156,1,1
26.08.2021 00:46:00.782,6.47175,6.47152,1,1
26.08.2021 00:46:00.832,6.47175,6.47144,1,1
26.08.2021 00:46:00.934,6.47175,6.471430000000001,1,1
26.08.2021 00:46:02.137,6.4717400000000005,6.47145,1,1
26.08.2021 00:46:02.770,6.47175,6.471430000000001,1,1
26.08.2021 00:46:03.804,6.4717400000000005,6.471430000000001,1,1
26.08.2021 00:46:03.905,6.4717400000000005,6.47136,1,1.57
26.08.2021 00:46:04.203,6.47162,6.47135,1.5,1
26.08.2021 00:46:04.254,6.47162,6.471290000000001,1.5,1
26.08.2021 00:46:04.304,6.47158,6.471280000000001,1,1
26.08.2021 00:46:04.355,6.47162,6.471280000000001,1,1
26.08.2021 00:46:04.556,6.47162,6.4713,1,1
26.08.2021 00:46:04.607,6.47161,6.471290000000001,1,1
26.08.2021 00:46:05.771,6.47163,6.471280000000001,1,1
26.08.2021 00:46:09.363,6.47162,6.47131,1,1
26.08.2021 00:46:09.687,6.47163,6.471280000000001,1,1
26.08.2021 00:46:10.942,6.47166,6.471290000000001,1.87,1
26.08.2021 00:46:12.162,6.47166,6.471330000000001,1,1
26.08.2021 00:46:12.213,6.47176,6.47139,1.5,1
26.08.2021 00:46:12.373,6.47177,6.471380000000001,1,1
26.08.2021 00:46:15.976,6.471780000000001,6.471380000000001,1,1
26.08.2021 00:46:25.898,6.471780000000001,6.4714,1,1
26.08.2021 00:46:25.999,6.4718,6.471500000000001,1,1
26.08.2021 00:46:28.378,6.47186,6.471430000000001,1,1.5
26.08.2021 00:46:28.479,6.47185,6.47142,1,1
26.08.2021 00:46:28.579,6.47182,6.4714100000000006,1,1.5
26.08.2021 00:46:28.680,6.47182,6.4714,1,1
26.08.2021 00:46:28.731,6.4718,6.47136,1,1
26.08.2021 00:46:28.832,6.47179,6.47136,1,1.5
26.08.2021 00:46:29.519,6.4718,6.47135,1,2
26.08.2021 00:46:30.156,6.47179,6.47136,1,1.5
26.08.2021 00:46:30.207,6.47184,6.47146,1,1
26.08.2021 00:46:30.257,6.47185,6.471380000000001,1,1
26.08.2021 00:46:30.308,6.47184,6.4714100000000006,1.5,1
26.08.2021 00:46:30.409,6.47185,6.471380000000001,1.5,1
26.08.2021 00:46:30.587,6.4718,6.47137,1,1
26.08.2021 00:46:30.799,6.4718100000000005,6.47136,1,1.5
26.08.2021 00:46:32.018,6.47184,6.47139,1,1.5
26.08.2021 00:46:32.242,6.4718100000000005,6.47139,1,1.5
26.08.2021 00:46:38.418,6.4718100000000005,6.47144,1,1
26.08.2021 00:46:38.519,6.471830000000001,6.47163,1,1
26.08.2021 00:46:43.123,6.471830000000001,6.471640000000001,1,1
26.08.2021 00:46:43.344,6.471900000000001,6.47172,1,1
26.08.2021 00:46:43.395,6.471900000000001,6.47167,1,1
26.08.2021 00:46:43.496,6.47187,6.47167,1,1
26.08.2021 00:46:46.542,6.472,6.47167,1,1
26.08.2021 00:46:46.643,6.47203,6.47167,1,1
26.08.2021 00:46:47.191,6.47206,6.471680000000001,1.12,1
26.08.2021 00:46:47.398,6.4721,6.471680000000001,1,1.57
26.08.2021 00:46:49.333,6.4722,6.4718800000000005,1,1
26.08.2021 00:46:49.383,6.4722100000000005,6.4718,1,1
26.08.2021 00:46:50.973,6.4722,6.47179,1,1.5
26.08.2021 00:46:54.672,6.47217,6.47179,1,1
26.08.2021 00:47:03.457,6.472180000000001,6.47179,1,1
26.08.2021 00:47:04.911,6.4722100000000005,6.47179,1,1.1
26.08.2021 00:47:05.266,6.4722100000000005,6.471780000000001,1,1.1
26.08.2021 00:47:15.177,6.4722100000000005,6.4718800000000005,1,1
26.08.2021 00:47:15.228,6.47233,6.47198,1.12,1.5
26.08.2021 00:47:15.329,6.4723500000000005,6.47198,1,1.5
26.08.2021 00:47:15.430,6.47236,6.471990000000001,1,1.5
26.08.2021 00:47:17.294,6.47236,6.47196,1.5,1.57
26.08.2021 00:47:19.564,6.4722800000000005,6.4719500000000005,1,1.57
26.08.2021 00:47:21.167,6.47227,6.47212,1,1
26.08.2021 00:47:21.452,6.47232,6.47212,1,1
26.08.2021 00:47:24.869,6.47233,6.472040000000001,1,1
26.08.2021 00:47:32.903,6.47238,6.47205,1,1.5
26.08.2021 00:47:32.953,6.472390000000001,6.472080000000001,1,1
26.08.2021 00:47:34.657,6.47237,6.472080000000001,1,1
26.08.2021 00:47:41.087,6.47237,6.472040000000001,1,1.5
26.08.2021 00:47:51.984,6.472340000000001,6.472040000000001,1,1
26.08.2021 00:47:52.542,6.47226,6.47196,1,1
26.08.2021 00:47:52.593,6.47217,6.47191,1,1
26.08.2021 00:47:52.643,6.472160000000001,6.47184,1,1
26.08.2021 00:47:52.694,6.4721400000000004,6.47175,1,1
26.08.2021 00:47:52.795,6.4721400000000004,6.47177,1,1
26.08.2021 00:47:52.896,6.47206,6.471730000000001,1,1
26.08.2021 00:47:52.997,6.47206,6.471690000000001,1,1
26.08.2021 00:47:53.047,6.47207,6.47172,1,1
26.08.2021 00:48:07.747,6.472080000000001,6.47179,1,1
26.08.2021 00:48:08.753,6.47206,6.47179,1,1
26.08.2021 00:48:26.640,6.47207,6.47176,1,1
26.08.2021 00:48:28.066,6.472040000000001,6.4717,1,1.1
26.08.2021 00:48:38.391,6.47203,6.4717,1,1
26.08.2021 00:48:38.443,6.472,6.471690000000001,1,1
26.08.2021 00:48:40.294,6.47203,6.471690000000001,1,1
26.08.2021 00:48:40.503,6.471990000000001,6.4717,1,1
26.08.2021 00:48:40.692,6.472,6.471690000000001,1,1.1
26.08.2021 00:48:40.796,6.47201,6.4717,1,1.1
26.08.2021 00:48:40.847,6.47201,6.47175,1,1
26.08.2021 00:48:40.948,6.472,6.471690000000001,1,1
26.08.2021 00:48:49.005,6.472040000000001,6.4717,1,1
26.08.2021 00:48:50.062,6.47207,6.471690000000001,1,1
26.08.2021 00:48:54.494,6.47207,6.47171,1,1
26.08.2021 00:49:09.229,6.472080000000001,6.47172,1,1
26.08.2021 00:49:11.137,6.47206,6.47172,1,1
26.08.2021 00:49:56.815,6.47206,6.4717400000000005,1,1
26.08.2021 00:50:02.451,6.47206,6.4717,1,1.5
26.08.2021 00:50:11.754,6.472090000000001,6.471690000000001,1,1
26.08.2021 00:50:34.589,6.472090000000001,6.471730000000001,1,1
26.08.2021 00:50:55.272,6.472090000000001,6.471690000000001,1,1.5
26.08.2021 00:51:08.821,6.472080000000001,6.471690000000001,1.1,1
26.08.2021 00:51:09.710,6.472090000000001,6.471640000000001,1.1,1
26.08.2021 00:51:14.816,6.472090000000001,6.471640000000001,1.1,1
26.08.2021 00:51:24.342,6.47176,6.47163,1,1
26.08.2021 00:51:24.393,6.47177,6.471590000000001,1,1.1
26.08.2021 00:51:26.354,6.4718100000000005,6.4716000000000005,1,1.1
26.08.2021 00:51:27.322,6.47182,6.471590000000001,1,1
26.08.2021 00:51:32.015,6.47187,6.471590000000001,1,1
26.08.2021 00:51:36.414,6.47186,6.47157,1.5,1
26.08.2021 00:51:36.519,6.47186,6.47156,1.5,1
26.08.2021 00:51:36.621,6.47185,6.471550000000001,1,1
26.08.2021 00:51:36.773,6.47185,6.47152,1,1
26.08.2021 00:51:36.874,6.47185,6.47151,1,1
26.08.2021 00:51:36.975,6.47186,6.47149,1,1
26.08.2021 00:51:37.026,6.47186,6.47145,1,1.12
26.08.2021 00:51:37.128,6.47187,6.47145,1.5,1
26.08.2021 00:51:37.549,6.47185,6.47146,1,1
26.08.2021 00:51:38.037,6.47185,6.47145,1,1
26.08.2021 00:51:50.989,6.47185,6.4714100000000006,1,1
26.08.2021 00:51:51.092,6.47182,6.4714,1,1
26.08.2021 00:51:51.194,6.47182,6.47139,1,1
26.08.2021 00:51:51.295,6.47172,6.471330000000001,1,1
26.08.2021 00:51:51.346,6.47171,6.47126,1,1.5
26.08.2021 00:51:51.397,6.47167,6.47125,1,1
26.08.2021 00:51:51.499,6.471590000000001,6.47114,1,1.1
26.08.2021 00:51:51.600,6.471480000000001,6.471100000000001,1,1.5
26.08.2021 00:51:52.473,6.47147,6.4711300000000005,1,1
26.08.2021 00:51:52.574,6.471480000000001,6.47114,1,1
26.08.2021 00:52:00.036,6.47147,6.47114,1,1
26.08.2021 00:52:05.224,6.47147,6.47112,1.5,1
26.08.2021 00:52:12.233,6.47146,6.471150000000001,1.5,1
26.08.2021 00:52:13.723,6.47151,6.47114,1,1
26.08.2021 00:52:33.842,6.47146,6.471150000000001,1,1
26.08.2021 00:52:38.403,6.47151,6.47114,1.5,1
26.08.2021 00:52:50.193,6.4715300000000004,6.47114,1,1
26.08.2021 00:52:50.294,6.47151,6.471150000000001,1,1.5
26.08.2021 00:52:50.344,6.47152,6.47125,1,1
26.08.2021 00:52:50.395,6.471640000000001,6.471280000000001,1,1
26.08.2021 00:52:50.497,6.47165,6.471280000000001,1,1.5
26.08.2021 00:52:50.547,6.47167,6.47135,1.5,1
26.08.2021 00:52:50.649,6.47175,6.47139,1,1
26.08.2021 00:52:50.750,6.4717400000000005,6.47144,1,1
26.08.2021 00:52:50.851,6.47175,6.47147,1,1
26.08.2021 00:52:51.002,6.47175,6.47149,1,1
26.08.2021 00:52:51.693,6.4718100000000005,6.47149,1,1
26.08.2021 00:52:53.243,6.4718100000000005,6.47147,1,1
26.08.2021 00:53:04.282,6.47182,6.47147,1,1
26.08.2021 00:53:10.003,6.47193,6.4716000000000005,1,1
26.08.2021 00:53:10.104,6.47194,6.47162,1,1
26.08.2021 00:53:10.407,6.47194,6.47166,1,1
26.08.2021 00:53:17.117,6.47206,6.4717400000000005,1,1
26.08.2021 00:53:17.218,6.472130000000001,6.4717400000000005,1,1
26.08.2021 00:53:17.268,6.472080000000001,6.47175,1,1
26.08.2021 00:53:17.455,6.472080000000001,6.47176,1,1
26.08.2021 00:53:18.194,6.472090000000001,6.47176,1,1
26.08.2021 00:53:24.140,6.47207,6.47176,1,1
26.08.2021 00:53:24.190,6.47206,6.4717400000000005,1,1
26.08.2021 00:53:27.518,6.47206,6.471780000000001,1,1
26.08.2021 00:53:27.569,6.472130000000001,6.47182,1,1
26.08.2021 00:53:30.292,6.472130000000001,6.47187,1,1
26.08.2021 00:53:30.342,6.47222,6.47187,1.1,1
26.08.2021 00:53:30.443,6.472160000000001,6.47187,1,1
26.08.2021 00:53:55.233,6.47217,6.47182,1,1
26.08.2021 00:53:55.284,6.47217,6.4718,1.5,1
26.08.2021 00:53:55.534,6.47217,6.47179,1.5,1.5
26.08.2021 00:53:55.944,6.47217,6.47179,1.6,1
26.08.2021 00:54:04.286,6.47217,6.47179,1.57,1
26.08.2021 00:54:07.597,6.472160000000001,6.4718100000000005,1,1
26.08.2021 00:54:07.698,6.47219,6.47182,1,1.5
26.08.2021 00:54:07.799,6.47226,6.47191,1.5,1
26.08.2021 00:54:08.223,6.47231,6.4719500000000005,1,1
26.08.2021 00:54:08.374,6.472430000000001,6.471990000000001,1,1
26.08.2021 00:54:08.425,6.47242,6.47205,1,1
26.08.2021 00:54:08.526,6.47254,6.47207,1.1,1
26.08.2021 00:54:08.627,6.47254,6.472130000000001,1.1,1
26.08.2021 00:54:09.009,6.47251,6.472130000000001,1.1,1
26.08.2021 00:54:19.394,6.47254,6.472130000000001,1.57,1
26.08.2021 00:54:34.611,6.47254,6.472130000000001,1.1,1.5
26.08.2021 00:54:36.069,6.47254,6.472130000000001,1,1.5
26.08.2021 00:54:36.220,6.472530000000001,6.472180000000001,1,1
26.08.2021 00:54:36.321,6.472530000000001,6.4722,1,1
26.08.2021 00:54:36.793,6.472700000000001,6.47219,1.6,1
26.08.2021 00:54:36.843,6.47261,6.4722,1,1
26.08.2021 00:54:36.944,6.47262,6.472230000000001,1,1
26.08.2021 00:54:37.129,6.47262,6.47226,1,1
26.08.2021 00:54:37.444,6.472650000000001,6.47226,1,1
26.08.2021 00:54:38.028,6.4726300000000005,6.47227,1,1
26.08.2021 00:54:38.129,6.47264,6.47227,1,1
26.08.2021 00:54:39.759,6.472650000000001,6.47231,1,1
26.08.2021 00:54:42.346,6.47264,6.47227,1.5,1
26.08.2021 00:54:44.309,6.472650000000001,6.472300000000001,1,1
26.08.2021 00:54:48.610,6.472650000000001,6.47227,1,1
26.08.2021 00:54:49.728,6.472650000000001,6.4722800000000005,1,1
26.08.2021 00:54:49.879,6.47264,6.47226,1,1
26.08.2021 00:54:50.414,6.47264,6.47224,1,1
26.08.2021 00:54:52.727,6.472650000000001,6.47227,1,1
26.08.2021 00:54:52.828,6.47264,6.472300000000001,1,1
26.08.2021 00:54:54.477,6.47264,6.47222,1,1
26.08.2021 00:54:54.578,6.472650000000001,6.4722,1,1
26.08.2021 00:54:55.064,6.472650000000001,6.47219,1,1.1
26.08.2021 00:54:55.165,6.47262,6.47219,1,1.1
26.08.2021 00:54:55.939,6.47264,6.4722,1,1.1
26.08.2021 00:54:56.080,6.472650000000001,6.47219,1,1.1
26.08.2021 00:54:57.096,6.47254,6.47219,1,1
26.08.2021 00:54:57.198,6.47255,6.47217,1,1
26.08.2021 00:54:57.299,6.47254,6.47215,1,1
26.08.2021 00:54:58.097,6.47254,6.4721400000000004,1,1
26.08.2021 00:54:58.245,6.47246,6.4721400000000004,1,1
26.08.2021 00:54:58.543,6.47246,6.472130000000001,1,1
26.08.2021 00:54:59.276,6.47246,6.4721400000000004,1,1
26.08.2021 00:54:59.327,6.47255,6.4721400000000004,1,1
26.08.2021 00:55:00.346,6.47261,6.472180000000001,1,1
26.08.2021 00:55:00.397,6.47268,6.47224,1.5,1
26.08.2021 00:55:00.447,6.472740000000001,6.472300000000001,1.1,1
26.08.2021 00:55:00.498,6.47277,6.47233,1.5,1
26.08.2021 00:55:00.649,6.47287,6.4724,2,1
26.08.2021 00:55:00.750,6.472880000000001,6.472440000000001,1.5,1
26.08.2021 00:55:00.851,6.472880000000001,6.47247,1.5,1
26.08.2021 00:55:00.901,6.472880000000001,6.472430000000001,1.5,1
26.08.2021 00:55:01.143,6.47287,6.472480000000001,1.5,1
26.08.2021 00:55:01.194,6.472880000000001,6.47247,1,1
26.08.2021 00:55:04.551,6.47287,6.47245,1,1
26.08.2021 00:55:05.823,6.47287,6.4725,1,1
26.08.2021 00:55:05.924,6.4729,6.47251,1,1
26.08.2021 00:55:06.106,6.472910000000001,6.47254,1,1
26.08.2021 00:55:09.909,6.4729,6.472480000000001,1,1.1
26.08.2021 00:55:10.389,6.4729,6.472480000000001,1.5,1
26.08.2021 00:55:13.791,6.472910000000001,6.47252,1.5,1
26.08.2021 00:55:13.956,6.4729,6.472530000000001,1.5,1
26.08.2021 00:55:14.285,6.4729,6.472530000000001,1,1
26.08.2021 00:55:14.335,6.4729,6.472480000000001,1,1.57
26.08.2021 00:55:18.514,6.4729,6.47245,1.57,1.1
26.08.2021 00:55:18.614,6.472880000000001,6.472440000000001,1,1
26.08.2021 00:55:18.665,6.472880000000001,6.47236,1.1,1.1
26.08.2021 00:55:19.695,6.472880000000001,6.4724,1.1,1
26.08.2021 00:55:22.751,6.472880000000001,6.47236,1.1,1.1
26.08.2021 00:55:27.137,6.4728900000000005,6.472390000000001,1.6,1
26.08.2021 00:55:39.333,6.472880000000001,6.47237,1.22,1.1
26.08.2021 00:55:41.120,6.472880000000001,6.47237,1.22,1.1
26.08.2021 00:55:41.221,6.4728900000000005,6.47236,1.12,1.1
26.08.2021 00:55:43.076,6.4728900000000005,6.47241,1.1,1.1
26.08.2021 00:55:43.177,6.472880000000001,6.47241,1.1,1
26.08.2021 00:55:43.227,6.472880000000001,6.47241,1,1.1
26.08.2021 00:55:44.350,6.4728900000000005,6.4724,1,1
26.08.2021 00:55:45.657,6.472880000000001,6.47241,1.1,1
26.08.2021 00:55:53.164,6.4728900000000005,6.47236,1.1,1
26.08.2021 00:55:53.215,6.4728900000000005,6.472340000000001,1.5,1.6
26.08.2021 00:55:53.316,6.47287,6.472390000000001,1,1
26.08.2021 00:55:58.445,6.47285,6.4724,1,1
26.08.2021 00:56:01.819,6.472840000000001,6.4724,1,1
26.08.2021 00:56:02.074,6.47285,6.472340000000001,1,1.6
26.08.2021 00:56:02.806,6.472840000000001,6.4723500000000005,1.5,1.6
26.08.2021 00:56:03.259,6.47285,6.472340000000001,1.5,1.6
26.08.2021 00:56:03.810,6.47285,6.472340000000001,1.12,1.6
26.08.2021 00:56:03.934,6.47285,6.472340000000001,1.12,1.6
26.08.2021 00:56:04.035,6.4728200000000005,6.4723500000000005,2.25,1.6
26.08.2021 00:56:07.002,6.4728200000000005,6.472390000000001,2.35,1
26.08.2021 00:56:07.425,6.472830000000001,6.47238,2.35,1
26.08.2021 00:56:09.944,6.4728200000000005,6.4723500000000005,2.35,1.5
26.08.2021 00:56:16.174,6.472830000000001,6.47237,1.6,1
26.08.2021 00:56:17.480,6.47272,6.4723500000000005,1.5,1
26.08.2021 00:56:17.530,6.47272,6.47232,1.5,1
26.08.2021 00:56:17.631,6.47273,6.47231,2.35,1
26.08.2021 00:56:17.682,6.47273,6.4722800000000005,1.22,1
26.08.2021 00:56:17.829,6.47272,6.47229,1.22,1
26.08.2021 00:56:17.879,6.47272,6.47229,1.6,1
26.08.2021 00:56:17.980,6.47273,6.4722800000000005,1.2,1
26.08.2021 00:56:18.040,6.47273,6.4722800000000005,1.22,1
26.08.2021 00:56:18.141,6.47272,6.47229,1.2,1
26.08.2021 00:56:18.897,6.47272,6.47233,1.12,1
26.08.2021 00:56:19.049,6.47272,6.47236,1.12,1
26.08.2021 00:56:19.100,6.4728200000000005,6.4724,1,1.5
26.08.2021 00:56:19.200,6.4728200000000005,6.472440000000001,1,1
26.08.2021 00:56:23.281,6.4728200000000005,6.4724,1,1
26.08.2021 00:56:59.052,6.47292,6.47247,1.5,1
26.08.2021 00:56:59.153,6.472910000000001,6.47251,1.5,1
26.08.2021 00:56:59.204,6.472910000000001,6.47251,1,1
26.08.2021 00:56:59.254,6.472980000000001,6.4726,1,1
26.08.2021 00:56:59.372,6.4730300000000005,6.4726300000000005,1,1
26.08.2021 00:56:59.473,6.47307,6.472740000000001,1,1
26.08.2021 00:56:59.524,6.47316,6.4728,1,1
26.08.2021 00:56:59.574,6.47317,6.47287,1.5,1
26.08.2021 00:56:59.625,6.47327,6.47286,1.6,1
26.08.2021 00:56:59.676,6.47327,6.472840000000001,1.6,1
26.08.2021 00:56:59.777,6.47327,6.47281,1.6,1
26.08.2021 00:57:02.749,6.47316,6.47281,1.5,1
26.08.2021 00:57:02.800,6.47321,6.4728,1.5,1
26.08.2021 00:57:03.044,6.473230000000001,6.47281,1.5,1
26.08.2021 00:57:03.455,6.4732400000000005,6.47281,1.5,1
26.08.2021 00:57:03.506,6.47327,6.47285,1.5,1
26.08.2021 00:57:05.599,6.47325,6.47286,2,1
26.08.2021 00:57:06.344,6.4732400000000005,6.47281,1.87,1
26.08.2021 00:57:06.395,6.47322,6.47281,1.5,1
26.08.2021 00:57:06.446,6.47326,6.4728,3.5,1
26.08.2021 00:57:07.412,6.47326,6.4728,2.75,1
26.08.2021 00:57:07.966,6.473190000000001,6.4728,1,1
26.08.2021 00:57:10.376,6.473190000000001,6.4728,1.5,1
26.08.2021 00:57:13.901,6.473180000000001,6.47281,1,1
26.08.2021 00:57:15.848,6.47316,6.4728,1,1
26.08.2021 00:57:15.949,6.473140000000001,6.47281,1.5,1
26.08.2021 00:57:16.050,6.47315,6.4728,2.75,1
26.08.2021 00:57:16.182,6.4731000000000005,6.47281,1.5,1
26.08.2021 00:57:16.283,6.473140000000001,6.47281,2.75,1
26.08.2021 00:57:17.296,6.47315,6.4728,2.75,1
26.08.2021 00:57:21.348,6.47311,6.4728,2,1
26.08.2021 00:57:24.298,6.47307,6.47281,1.5,1
26.08.2021 00:57:25.450,6.47308,6.4728,2,1
26.08.2021 00:57:26.826,6.473000000000001,6.4725600000000005,1.5,1.6
26.08.2021 00:57:26.927,6.4730300000000005,6.4725600000000005,2.25,1.6
26.08.2021 00:57:41.124,6.4730300000000005,6.47264,1,1
26.08.2021 00:57:43.161,6.4730300000000005,6.4726,1,1.6
26.08.2021 00:57:43.531,6.4730300000000005,6.4726,1,1.1
26.08.2021 00:57:43.636,6.4730300000000005,6.4725600000000005,1,1.1
26.08.2021 00:57:43.737,6.47301,6.4725600000000005,1,1
26.08.2021 00:57:43.838,6.472980000000001,6.47257,1.1,1
26.08.2021 00:57:44.052,6.47297,6.47257,1,1
26.08.2021 00:57:44.362,6.47294,6.4725600000000005,1,1
26.08.2021 00:57:44.464,6.472880000000001,6.47242,1,1.5
26.08.2021 00:57:44.615,6.4728900000000005,6.47241,1,1
26.08.2021 00:57:45.582,6.4728900000000005,6.47245,1,1
26.08.2021 00:57:45.739,6.4728900000000005,6.4725,1,1
26.08.2021 00:57:45.841,6.4728900000000005,6.47254,1,1
26.08.2021 00:57:52.696,6.47299,6.47255,1.1,1
26.08.2021 00:57:52.846,6.4730300000000005,6.47254,1.6,1
26.08.2021 00:57:53.058,6.47302,6.472580000000001,1.1,1
26.08.2021 00:57:55.833,6.47302,6.472580000000001,1,1
26.08.2021 00:57:55.968,6.4730300000000005,6.47259,1,1
26.08.2021 00:57:56.069,6.47302,6.472700000000001,1,1
26.08.2021 00:57:56.483,6.4730300000000005,6.47272,1,1
26.08.2021 00:58:05.633,6.47302,6.472700000000001,1,1
26.08.2021 00:58:12.993,6.4730300000000005,6.472700000000001,1,1
26.08.2021 00:58:18.878,6.473180000000001,6.472700000000001,1.5,1
26.08.2021 00:58:19.083,6.47322,6.472740000000001,1.5,1
26.08.2021 00:58:19.265,6.47322,6.47278,1.5,1
26.08.2021 00:58:19.366,6.47321,6.472830000000001,1,1
26.08.2021 00:58:19.466,6.4733,6.47286,1.5,1
26.08.2021 00:58:20.445,6.47329,6.47287,1,1
26.08.2021 00:58:20.546,6.4733,6.47287,1,1
26.08.2021 00:58:21.237,6.4733,6.472840000000001,1,1
26.08.2021 00:58:25.034,6.47329,6.472830000000001,1,1.1
26.08.2021 00:58:27.485,6.47329,6.4728200000000005,1,1.1
26.08.2021 00:58:31.633,6.47327,6.472830000000001,1,1.1
26.08.2021 00:59:00.324,6.47327,6.472840000000001,1,1
26.08.2021 00:59:00.375,6.4732400000000005,6.472830000000001,1,1
26.08.2021 00:59:00.425,6.473190000000001,6.472790000000001,1,1
26.08.2021 00:59:00.684,6.47317,6.472790000000001,1,1
26.08.2021 00:59:00.785,6.47312,6.47272,1,1
26.08.2021 00:59:00.835,6.4731000000000005,6.47272,1,1
26.08.2021 00:59:00.936,6.47308,6.47272,1,1
26.08.2021 00:59:01.037,6.473230000000001,6.47277,1,1
26.08.2021 00:59:01.088,6.47322,6.472830000000001,1,1
26.08.2021 00:59:01.378,6.47322,6.47285,1,1
26.08.2021 00:59:03.185,6.4732,6.4728,1,1.1
26.08.2021 00:59:03.338,6.4732,6.472790000000001,1,1.1
26.08.2021 00:59:04.505,6.473190000000001,6.4728,1,1.1
26.08.2021 00:59:09.374,6.4732,6.47278,1,1.1
26.08.2021 00:59:17.593,6.473190000000001,6.47278,1,1.6
26.08.2021 00:59:17.644,6.4732,6.47277,1,1.5
26.08.2021 00:59:24.427,6.4732,6.472910000000001,1,1
26.08.2021 00:59:24.478,6.4733,6.47292,1,1
26.08.2021 00:59:24.679,6.4733,6.4729600000000005,1,1
26.08.2021 00:59:28.268,6.473310000000001,6.473000000000001,1,1
26.08.2021 00:59:28.419,6.47344,6.473000000000001,2,1
26.08.2021 00:59:28.470,6.4734300000000005,6.47308,1.5,1
26.08.2021 00:59:28.520,6.4734300000000005,6.47308,1,1
26.08.2021 00:59:28.621,6.47344,6.47311,1,1
26.08.2021 00:59:28.672,6.47362,6.47315,1,1
26.08.2021 00:59:28.772,6.473630000000001,6.47315,1.5,1
26.08.2021 00:59:29.046,6.4736,6.4732,1.12,1
26.08.2021 00:59:29.690,6.4736,6.47322,1.12,1
26.08.2021 00:59:52.722,6.4736,6.4732400000000005,1,1
26.08.2021 00:59:58.918,6.47355,6.473230000000001,1,1
26.08.2021 00:59:59.019,6.47351,6.4732,1,1
26.08.2021 01:00:00.329,6.47351,6.4732400000000005,1,1
26.08.2021 01:00:00.435,6.473580000000001,6.473230000000001,1.5,1
26.08.2021 01:00:00.630,6.473630000000001,6.473190000000001,1,1
26.08.2021 01:00:01.388,6.4736400000000005,6.473190000000001,2.37,1
26.08.2021 01:00:01.439,6.4736400000000005,6.473230000000001,1.62,1
26.08.2021 01:00:01.489,6.4736400000000005,6.473230000000001,1.62,1
26.08.2021 01:00:01.590,6.473630000000001,6.4732400000000005,1,1
26.08.2021 01:00:02.055,6.47367,6.47327,1.5,1
26.08.2021 01:00:02.210,6.47367,6.473380000000001,1.12,1
26.08.2021 01:00:02.311,6.47367,6.47348,1,1
26.08.2021 01:00:02.362,6.47387,6.47348,1,1
26.08.2021 01:00:02.462,6.47391,6.4735000000000005,1,1
26.08.2021 01:00:02.513,6.47391,6.4735000000000005,1,1
26.08.2021 01:00:02.614,6.47392,6.473490000000001,1,1
26.08.2021 01:00:02.665,6.47392,6.473490000000001,1,1
26.08.2021 01:00:02.945,6.47392,6.473490000000001,1,1
26.08.2021 01:00:03.055,6.47392,6.473490000000001,1,1
26.08.2021 01:00:03.303,6.47391,6.4735000000000005,1,1
26.08.2021 01:00:03.428,6.47396,6.473490000000001,1.1,1
26.08.2021 01:00:03.738,6.47395,6.4735000000000005,1.1,1
26.08.2021 01:00:03.839,6.47395,6.4735000000000005,1.1,1
26.08.2021 01:00:03.940,6.47396,6.473580000000001,1,1
26.08.2021 01:00:04.041,6.474060000000001,6.47361,1.1,1
26.08.2021 01:00:04.092,6.47407,6.47366,1.1,1
26.08.2021 01:00:04.142,6.474060000000001,6.47367,1.1,1
26.08.2021 01:00:04.192,6.47407,6.47366,1.1,1
26.08.2021 01:00:04.293,6.474060000000001,6.47367,1.1,1
26.08.2021 01:00:04.456,6.474030000000001,6.47374,1,1
26.08.2021 01:00:04.557,6.474130000000001,6.47379,1.1,1
26.08.2021 01:00:04.658,6.474130000000001,6.4737800000000005,1.1,1
26.08.2021 01:00:04.708,6.4741800000000005,6.47379,1.6,1
26.08.2021 01:00:04.809,6.474130000000001,6.47379,1.6,1
26.08.2021 01:00:04.910,6.474130000000001,6.47379,1.6,1
26.08.2021 01:00:05.011,6.47414,6.4737800000000005,1.6,1
26.08.2021 01:00:05.112,6.474130000000001,6.47379,1.6,1
26.08.2021 01:00:05.162,6.474130000000001,6.47375,1.6,1
26.08.2021 01:00:05.303,6.47414,6.47374,1.6,1
26.08.2021 01:00:05.674,6.47414,6.47374,1.6,1
26.08.2021 01:00:05.775,6.4741,6.47388,1,1
26.08.2021 01:00:06.027,6.4741100000000005,6.47391,1,1
26.08.2021 01:00:06.127,6.4741,6.47388,1,1
26.08.2021 01:00:06.434,6.4741,6.47384,1,1
26.08.2021 01:00:07.290,6.4741,6.4738500000000005,1,1
26.08.2021 01:00:07.391,6.4741,6.47384,1,1.5
26.08.2021 01:00:08.725,6.4741,6.473800000000001,1,1
26.08.2021 01:00:09.316,6.4741,6.47386,1,1
26.08.2021 01:00:09.367,6.4741,6.47383,1,1
26.08.2021 01:00:09.518,6.4741100000000005,6.473800000000001,1,1
26.08.2021 01:00:09.569,6.4741,6.47387,1,1
26.08.2021 01:00:09.670,6.4741,6.47383,1,1
26.08.2021 01:00:09.771,6.4741100000000005,6.47382,1,1.5
26.08.2021 01:00:09.822,6.4741,6.4739,1,1
26.08.2021 01:00:09.923,6.4741100000000005,6.47391,1,1
26.08.2021 01:00:10.075,6.4741,6.4739,1,1
26.08.2021 01:00:10.226,6.4741100000000005,6.47393,1,1
26.08.2021 01:00:10.377,6.4741100000000005,6.47395,1,1
26.08.2021 01:00:11.194,6.474330000000001,6.47388,1.6,1
26.08.2021 01:00:11.245,6.47422,6.47387,1.6,1
26.08.2021 01:00:11.346,6.47428,6.4738500000000005,1.6,1
26.08.2021 01:00:11.817,6.47427,6.4738500000000005,1.6,1.5
26.08.2021 01:00:12.819,6.47427,6.4738500000000005,1.6,1.5
26.08.2021 01:00:13.082,6.47426,6.47384,1.6,1.5
26.08.2021 01:00:13.132,6.4742500000000005,6.47376,1.6,1.5
26.08.2021 01:00:13.183,6.4742500000000005,6.47376,1.6,1.5
26.08.2021 01:00:13.300,6.47423,6.47376,1.6,1
26.08.2021 01:00:13.478,6.47414,6.473680000000001,1.6,1
26.08.2021 01:00:13.579,6.47414,6.473680000000001,2.1,1
26.08.2021 01:00:13.680,6.4740400000000005,6.4736400000000005,1.6,1
26.08.2021 01:00:13.781,6.4740400000000005,6.47362,1.6,1
26.08.2021 01:00:14.134,6.47405,6.47361,1.6,1
26.08.2021 01:00:14.285,6.4740400000000005,6.47362,2.1,1
26.08.2021 01:00:14.386,6.47405,6.47361,2.1,1
26.08.2021 01:00:14.870,6.47405,6.47361,2.1,1
26.08.2021 01:00:14.920,6.47405,6.47356,2.1,1
26.08.2021 01:00:15.279,6.47405,6.47356,2.1,1
26.08.2021 01:00:15.380,6.4740400000000005,6.47357,2.1,1
26.08.2021 01:00:15.840,6.47405,6.47352,2.85,1
26.08.2021 01:00:15.941,6.47401,6.47351,1.6,1
26.08.2021 01:00:16.043,6.47395,6.4735000000000005,1.6,1
26.08.2021 01:00:16.365,6.473940000000001,6.47351,2.1,1
26.08.2021 01:00:16.807,6.47395,6.4735000000000005,2.07,1
26.08.2021 01:00:16.909,6.47395,6.473490000000001,2.07,1.5
26.08.2021 01:00:20.024,6.47395,6.473490000000001,2,2.25
26.08.2021 01:00:20.292,6.47395,6.473490000000001,2,2.25
26.08.2021 01:00:21.215,6.473940000000001,6.4735000000000005,2,1.5
26.08.2021 01:00:21.408,6.473940000000001,6.4735000000000005,2,1.12
26.08.2021 01:00:21.510,6.47383,6.473380000000001,1.5,1
26.08.2021 01:00:21.611,6.47383,6.473380000000001,1.5,1
26.08.2021 01:00:21.712,6.47383,6.473380000000001,1.6,1
26.08.2021 01:00:22.095,6.47383,6.473380000000001,1.5,1
26.08.2021 01:00:22.437,6.47383,6.473380000000001,1.6,1
26.08.2021 01:00:22.865,6.47383,6.473380000000001,1.5,1
26.08.2021 01:00:23.017,6.47383,6.473380000000001,1.5,1
26.08.2021 01:00:23.118,6.47382,6.47339,1.5,1
26.08.2021 01:00:23.168,6.4737800000000005,6.4734300000000005,1,1
26.08.2021 01:00:23.269,6.47379,6.47347,1,1
26.08.2021 01:00:26.603,6.4737800000000005,6.47346,1,1
26.08.2021 01:00:28.403,6.4737800000000005,6.47344,1,1.12
26.08.2021 01:00:28.504,6.47372,6.473400000000001,1,1
26.08.2021 01:00:28.605,6.47372,6.473400000000001,1.5,1
26.08.2021 01:00:28.707,6.47372,6.473400000000001,1.5,1
26.08.2021 01:00:28.757,6.47372,6.473380000000001,1.5,1
26.08.2021 01:00:28.858,6.47377,6.473380000000001,1.5,1
26.08.2021 01:00:28.959,6.47377,6.473380000000001,1.5,1
26.08.2021 01:00:30.079,6.4737800000000005,6.47341,1.5,1
26.08.2021 01:00:30.129,6.4737800000000005,6.47337,1.5,1
26.08.2021 01:00:30.230,6.4737800000000005,6.47337,1.5,1
26.08.2021 01:00:31.000,6.4737800000000005,6.47337,1.5,1
26.08.2021 01:00:31.488,6.47377,6.473380000000001,1.5,1
26.08.2021 01:00:31.751,6.4737800000000005,6.47337,1.5,1
26.08.2021 01:00:31.938,6.47377,6.47341,1.5,1
26.08.2021 01:00:32.039,6.4737800000000005,6.47341,1.5,1
26.08.2021 01:00:32.141,6.4737800000000005,6.47341,1.5,1
26.08.2021 01:00:32.875,6.47377,6.47335,2,1
26.08.2021 01:00:32.976,6.47377,6.47335,2,1
26.08.2021 01:00:33.077,6.47367,6.47332,1.5,1
26.08.2021 01:00:33.178,6.47367,6.47332,1.5,1
26.08.2021 01:00:33.232,6.47367,6.47332,1.5,1
26.08.2021 01:00:34.328,6.47367,6.473310000000001,1,1
26.08.2021 01:00:34.461,6.47367,6.47332,1.5,1
26.08.2021 01:00:34.612,6.473680000000001,6.473310000000001,1.5,1
26.08.2021 01:00:34.853,6.47367,6.47332,1.5,1
26.08.2021 01:00:38.729,6.47366,6.47332,1,1
26.08.2021 01:00:38.830,6.47366,6.473330000000001,1,1
26.08.2021 01:00:38.880,6.47366,6.4733600000000004,1,1
26.08.2021 01:00:39.091,6.47379,6.47335,1,1
26.08.2021 01:00:39.192,6.47374,6.47335,1.5,1
26.08.2021 01:00:40.124,6.473730000000001,6.4733600000000004,1.5,1
26.08.2021 01:00:40.225,6.473730000000001,6.4733600000000004,1.5,1
26.08.2021 01:00:40.326,6.47374,6.47335,1.5,1
26.08.2021 01:00:41.035,6.47374,6.47335,1.5,1
26.08.2021 01:00:41.328,6.47374,6.47335,1.5,1
26.08.2021 01:00:41.429,6.47379,6.47335,1.5,1
26.08.2021 01:00:42.614,6.4737800000000005,6.4733600000000004,1.5,1.5
26.08.2021 01:00:43.776,6.47376,6.47346,1,1
26.08.2021 01:00:43.927,6.47388,6.4735000000000005,1,1
26.08.2021 01:00:43.978,6.47393,6.4735000000000005,1.6,1.5
26.08.2021 01:00:44.078,6.4739,6.4735000000000005,1,1.5
26.08.2021 01:00:46.658,6.47392,6.47351,1.5,1.5
26.08.2021 01:00:46.934,6.47392,6.47351,1.5,1.5
26.08.2021 01:00:47.550,6.47392,6.4735000000000005,1.5,1.5
26.08.2021 01:00:49.014,6.47392,6.4735000000000005,1.5,1.5
26.08.2021 01:00:49.410,6.47387,6.47347,1.12,1
26.08.2021 01:00:49.511,6.47387,6.47347,1.5,1
26.08.2021 01:00:49.561,6.4738500000000005,6.47347,1.5,1
26.08.2021 01:00:49.682,6.4738500000000005,6.47347,1.5,1
26.08.2021 01:00:50.682,6.4738500000000005,6.47347,1.5,1
26.08.2021 01:00:50.783,6.4738500000000005,6.47347,1.5,1
26.08.2021 01:00:50.900,6.47381,6.47346,1.5,1
26.08.2021 01:00:50.956,6.47382,6.4734300000000005,1.5,1
26.08.2021 01:00:51.195,6.47382,6.4734300000000005,1.5,1
26.08.2021 01:00:51.296,6.473800000000001,6.473400000000001,1.5,1.45
26.08.2021 01:00:51.346,6.47381,6.47339,1.5,1.45
26.08.2021 01:00:51.447,6.473800000000001,6.473400000000001,1.5,1.45
26.08.2021 01:00:51.564,6.473800000000001,6.473400000000001,1.5,1.45
26.08.2021 01:00:51.665,6.473800000000001,6.473400000000001,1.5,1.45
26.08.2021 01:00:55.854,6.47379,6.4733600000000004,1.5,1.95
26.08.2021 01:00:55.951,6.4737800000000005,6.47337,1.5,1.95
26.08.2021 01:00:56.284,6.47379,6.4733600000000004,1.5,4.2
26.08.2021 01:00:56.385,6.47377,6.473400000000001,1,1.45
26.08.2021 01:00:57.989,6.473800000000001,6.473400000000001,1.5,1.45
26.08.2021 01:00:59.333,6.4735000000000005,6.47322,1.5,1.12
26.08.2021 01:00:59.434,6.473590000000001,6.4733,1,1
26.08.2021 01:00:59.485,6.473730000000001,6.473330000000001,1.6,1
26.08.2021 01:00:59.535,6.47372,6.47334,1.6,1
26.08.2021 01:01:01.447,6.4737,6.473330000000001,1.5,1
26.08.2021 01:01:01.548,6.4737,6.47334,1,1.5
26.08.2021 01:01:02.161,6.47382,6.47337,1.72,1
26.08.2021 01:01:02.215,6.47381,6.473380000000001,1.72,1
26.08.2021 01:01:02.317,6.47376,6.473380000000001,1.5,1
26.08.2021 01:01:03.105,6.47377,6.47337,1.5,1
26.08.2021 01:01:05.637,6.4737800000000005,6.47337,1,1
26.08.2021 01:01:10.521,6.47376,6.473380000000001,1,1
26.08.2021 01:01:11.134,6.47376,6.47337,1,1
26.08.2021 01:01:18.646,6.47369,6.47337,1,1
26.08.2021 01:01:20.793,6.47382,6.47337,2.82,1
26.08.2021 01:01:20.944,6.47375,6.473380000000001,1,1
26.08.2021 01:01:23.483,6.47375,6.47339,1,1
26.08.2021 01:01:23.534,6.47375,6.4734300000000005,1,1
26.08.2021 01:01:24.260,6.47375,6.473380000000001,1,1
26.08.2021 01:01:38.831,6.47376,6.473450000000001,1,1
26.08.2021 01:01:38.932,6.47396,6.47355,1,1
26.08.2021 01:01:38.983,6.47396,6.47355,1,1
26.08.2021 01:01:39.034,6.47396,6.47353,1.7,1
26.08.2021 01:01:39.185,6.4739700000000004,6.47352,1.95,1
26.08.2021 01:01:39.642,6.4739700000000004,6.47352,2.45,1
26.08.2021 01:01:40.739,6.473940000000001,6.47353,1.6,1
26.08.2021 01:01:41.690,6.473940000000001,6.47353,1.6,1
26.08.2021 01:01:41.991,6.473990000000001,6.47356,1.1,1
26.08.2021 01:01:42.142,6.473980000000001,6.4736,1.5,1
26.08.2021 01:01:42.694,6.473980000000001,6.4736,1,1
26.08.2021 01:01:43.921,6.473990000000001,6.473590000000001,1.5,1
26.08.2021 01:01:45.452,6.473990000000001,6.473590000000001,1,1
26.08.2021 01:01:45.707,6.474,6.473590000000001,1,1
26.08.2021 01:01:46.185,6.474,6.473590000000001,1.5,1.5
26.08.2021 01:01:46.803,6.474,6.4736,1.5,1
26.08.2021 01:01:47.297,6.474,6.4736,1,1
26.08.2021 01:01:52.123,6.473990000000001,6.47367,1,1
26.08.2021 01:01:52.494,6.473990000000001,6.4737,1,1.5
26.08.2021 01:01:52.595,6.474,6.4737,1,1.5
26.08.2021 01:01:58.748,6.474080000000001,6.4737,1.5,1.5
26.08.2021 01:02:00.016,6.47409,6.4737100000000005,1,1
26.08.2021 01:02:03.424,6.473990000000001,6.473630000000001,1,2.25
26.08.2021 01:02:03.575,6.474030000000001,6.4736400000000005,2.85,1.5
26.08.2021 01:02:06.947,6.473990000000001,6.473630000000001,1,1
26.08.2021 01:02:07.635,6.473980000000001,6.473730000000001,1,1
26.08.2021 01:02:07.893,6.473990000000001,6.4737,1,1
26.08.2021 01:02:08.045,6.47395,6.47367,1,1
26.08.2021 01:02:08.192,6.47395,6.47365,1,1
26.08.2021 01:02:08.751,6.47396,6.473630000000001,1,1
26.08.2021 01:02:12.734,6.473940000000001,6.4736400000000005,1,1
26.08.2021 01:02:12.885,6.47391,6.473630000000001,1,1
26.08.2021 01:02:12.935,6.47387,6.47348,1.1,1.5
26.08.2021 01:02:12.986,6.47386,6.47347,1,1.5
26.08.2021 01:02:13.746,6.4738500000000005,6.47347,1,1.5
26.08.2021 01:02:15.442,6.47384,6.47347,1,1.5
26.08.2021 01:02:18.429,6.47375,6.47347,1,1
26.08.2021 01:02:18.480,6.47374,6.47341,1,1
26.08.2021 01:02:18.531,6.47374,6.47339,1,1
26.08.2021 01:02:18.761,6.4737800000000005,6.47341,1,1
26.08.2021 01:02:25.188,6.47377,6.473400000000001,1,1
26.08.2021 01:02:25.850,6.47376,6.473400000000001,1,1
26.08.2021 01:02:25.951,6.47367,6.4733600000000004,1,1
26.08.2021 01:02:26.002,6.47367,6.47334,1,1.5
26.08.2021 01:02:26.154,6.47366,6.4733,1,1
26.08.2021 01:02:26.205,6.4736400000000005,6.473280000000001,1,1
26.08.2021 01:02:29.248,6.47355,6.473280000000001,1,1
26.08.2021 01:02:29.831,6.47355,6.47325,1,1
26.08.2021 01:02:29.932,6.473540000000001,6.47315,1.1,1
26.08.2021 01:02:29.982,6.473450000000001,6.47315,1,1
26.08.2021 01:02:30.292,6.473450000000001,6.47308,1,1
26.08.2021 01:02:30.935,6.473540000000001,6.47308,1.6,1
26.08.2021 01:02:31.036,6.473490000000001,6.47313,1,1
26.08.2021 01:02:31.137,6.4735000000000005,6.473190000000001,1,1
26.08.2021 01:02:31.238,6.4735000000000005,6.473230000000001,1,1
26.08.2021 01:02:31.288,6.47365,6.47325,1.1,1
26.08.2021 01:02:31.339,6.47367,6.47325,1.1,1
26.08.2021 01:02:31.540,6.473580000000001,6.47322,1,1
26.08.2021 01:02:32.574,6.473630000000001,6.473230000000001,1.1,1
26.08.2021 01:02:32.723,6.47361,6.47322,1,1
26.08.2021 01:02:44.219,6.473590000000001,6.473190000000001,1,1
26.08.2021 01:02:46.062,6.47347,6.473140000000001,1,1
26.08.2021 01:02:46.163,6.47337,6.4730300000000005,1,1
26.08.2021 01:02:47.269,6.47341,6.47304,1.1,1
26.08.2021 01:02:48.187,6.47341,6.47304,1.1,1
26.08.2021 01:02:48.603,6.473380000000001,6.47302,1,1
26.08.2021 01:02:52.209,6.47337,6.47302,1,1
26.08.2021 01:02:52.405,6.473380000000001,6.47302,1,1
26.08.2021 01:03:01.434,6.473380000000001,6.473090000000001,1,1
26.08.2021 01:03:01.485,6.473400000000001,6.4731000000000005,1,1
26.08.2021 01:03:03.283,6.47347,6.473140000000001,1,1
26.08.2021 01:03:03.636,6.47346,6.47313,1,1
26.08.2021 01:03:03.737,6.47344,6.47313,1,1
26.08.2021 01:03:05.597,6.47347,6.47317,1,1
26.08.2021 01:03:06.543,6.47348,6.47315,1,1
26.08.2021 01:03:08.811,6.4735000000000005,6.47316,1,1
26.08.2021 01:03:08.862,6.47351,6.47315,1,1.1
26.08.2021 01:03:09.010,6.47351,6.47315,1,1.1
26.08.2021 01:03:09.111,6.4735000000000005,6.47317,1,1.1
26.08.2021 01:03:10.654,6.47361,6.47325,1.12,1.57
26.08.2021 01:03:10.705,6.4736400000000005,6.47335,1.5,1
26.08.2021 01:03:11.049,6.473630000000001,6.47335,1,1
26.08.2021 01:03:11.099,6.4736400000000005,6.4733,1,2.32
26.08.2021 01:03:12.455,6.473680000000001,6.473330000000001,1,1
26.08.2021 01:03:12.783,6.473730000000001,6.4733600000000004,1,1
26.08.2021 01:03:12.893,6.47374,6.47341,1,1.5
26.08.2021 01:03:13.586,6.473730000000001,6.473400000000001,1,1
26.08.2021 01:03:14.424,6.473730000000001,6.47346,1,1
26.08.2021 01:03:24.704,6.47374,6.473450000000001,1,1.25
26.08.2021 01:03:24.805,6.47386,6.47356,1,1
26.08.2021 01:03:24.906,6.47391,6.47355,1,1.5
26.08.2021 01:03:24.957,6.47396,6.47366,1,1
26.08.2021 01:03:25.058,6.47401,6.47366,1.5,1
26.08.2021 01:03:26.774,6.474,6.473680000000001,1.5,1
26.08.2021 01:03:27.573,6.474,6.47367,1.5,1
26.08.2021 01:03:35.644,6.47396,6.47367,1,1
26.08.2021 01:03:36.112,6.47393,6.47367,1,1
26.08.2021 01:03:36.163,6.4739700000000004,6.47366,1,1
26.08.2021 01:03:36.264,6.47395,6.47366,1,1
26.08.2021 01:03:36.859,6.47396,6.47367,1,1
26.08.2021 01:03:49.772,6.47401,6.47366,1.5,1
26.08.2021 01:04:00.712,6.473990000000001,6.47366,1,1
26.08.2021 01:04:00.813,6.47392,6.47365,1,1
26.08.2021 01:04:00.914,6.47391,6.47365,1,1
26.08.2021 01:04:04.140,6.473890000000001,6.4736400000000005,1,1
26.08.2021 01:04:06.630,6.47386,6.4736400000000005,1,1
26.08.2021 01:04:06.681,6.4738500000000005,6.47351,1,1
26.08.2021 01:04:07.593,6.47384,6.47351,1,1
26.08.2021 01:04:26.962,6.47384,6.473540000000001,1,1
26.08.2021 01:04:27.063,6.4738500000000005,6.4735000000000005,1,1.6
26.08.2021 01:04:56.966,6.4738500000000005,6.47356,1,1
26.08.2021 01:05:00.323,6.47388,6.4736,1,1
26.08.2021 01:05:00.424,6.47387,6.4736,1,1
26.08.2021 01:05:00.773,6.47388,6.47357,1,1.1
26.08.2021 01:05:00.974,6.47388,6.47356,1,1
26.08.2021 01:05:01.656,6.47387,6.473540000000001,1.5,1
26.08.2021 01:05:05.136,6.47387,6.473540000000001,1.5,1.1
26.08.2021 01:05:07.754,6.47393,6.47361,1,1
26.08.2021 01:05:07.855,6.47395,6.4736,1,1
26.08.2021 01:05:08.881,6.473940000000001,6.4736400000000005,1,1
26.08.2021 01:05:18.743,6.47395,6.473680000000001,1,1
26.08.2021 01:05:19.045,6.474030000000001,6.4737100000000005,1,1
26.08.2021 01:05:19.146,6.47405,6.4737100000000005,1,1
26.08.2021 01:05:19.247,6.474060000000001,6.47377,1,1
26.08.2021 01:05:20.287,6.474130000000001,6.47383,1,1
26.08.2021 01:05:20.439,6.4741800000000005,6.47382,1,1.12
26.08.2021 01:05:20.489,6.47423,6.47392,1,1
26.08.2021 01:05:20.691,6.47427,6.47393,1,1
26.08.2021 01:05:20.791,6.47427,6.47395,1,1
26.08.2021 01:05:21.272,6.47428,6.47392,1,1
26.08.2021 01:05:23.295,6.47427,6.4739,1,1.57
26.08.2021 01:05:25.230,6.474200000000001,6.47383,1,1.12
26.08.2021 01:05:25.331,6.47417,6.47379,1,1
26.08.2021 01:05:26.111,6.47416,6.47383,1,1.5
26.08.2021 01:05:26.162,6.47423,6.47383,1.5,1.12
26.08.2021 01:05:26.264,6.47426,6.47387,1,1.5
26.08.2021 01:05:26.626,6.47426,6.47387,1,2
26.08.2021 01:05:26.676,6.4743,6.473940000000001,1,1
26.08.2021 01:05:26.727,6.47432,6.47395,1,1
26.08.2021 01:05:26.828,6.4743900000000005,6.4740400000000005,1,1
26.08.2021 01:05:26.929,6.474380000000001,6.47402,1,1.5
26.08.2021 01:05:29.804,6.47435,6.47402,1,1
26.08.2021 01:05:29.909,6.47435,6.47401,1,1
26.08.2021 01:05:31.613,6.474330000000001,6.47401,1,1
26.08.2021 01:05:32.414,6.47432,6.47401,1,1
26.08.2021 01:05:32.465,6.47432,6.47392,1,1.5
26.08.2021 01:05:33.272,6.47428,6.47392,1,1.5
26.08.2021 01:05:33.373,6.4743,6.47393,1.5,1
26.08.2021 01:05:49.646,6.47431,6.47392,1.5,1
26.08.2021 01:05:49.697,6.4743,6.47393,1.5,1
26.08.2021 01:05:49.804,6.4742500000000005,6.47393,1,1
26.08.2021 01:05:51.080,6.47422,6.47393,1,1
26.08.2021 01:05:51.310,6.4740400000000005,6.47383,1,1.1
26.08.2021 01:05:51.360,6.47405,6.47377,1,1.1
26.08.2021 01:05:51.461,6.474060000000001,6.4737100000000005,1,1.5
26.08.2021 01:05:51.562,6.474060000000001,6.47366,1,2.75
26.08.2021 01:05:52.043,6.474060000000001,6.47376,1,1
26.08.2021 01:05:52.144,6.474060000000001,6.47376,1,1.5
26.08.2021 01:05:55.878,6.474060000000001,6.47384,1,1
26.08.2021 01:05:55.929,6.47414,6.4738500000000005,1.1,1
26.08.2021 01:05:56.030,6.47416,6.47384,1,1
26.08.2021 01:06:05.243,6.474150000000001,6.47382,1,1
26.08.2021 01:06:14.193,6.47412,6.47382,1,1
26.08.2021 01:06:23.307,6.47416,6.47382,1.1,1
26.08.2021 01:06:25.783,6.47421,6.47387,1,1
26.08.2021 01:06:27.757,6.47421,6.47388,1,1
26.08.2021 01:06:27.857,6.4743,6.47387,1,1
26.08.2021 01:06:30.492,6.4743,6.4739700000000004,1,1
26.08.2021 01:06:30.542,6.47431,6.473980000000001,1,1
26.08.2021 01:06:33.265,6.47432,6.4739700000000004,1,1.5
26.08.2021 01:06:33.564,6.47431,6.473980000000001,1,1
26.08.2021 01:06:34.346,6.47431,6.4739700000000004,1,1
26.08.2021 01:06:38.303,6.47431,6.474,1,1
26.08.2021 01:06:38.405,6.47436,6.4740400000000005,1,1
26.08.2021 01:06:51.499,6.47435,6.4740400000000005,1,1
26.08.2021 01:06:51.550,6.47436,6.47401,1,1
26.08.2021 01:06:51.651,6.47437,6.47401,1,1
26.08.2021 01:06:51.805,6.47437,6.47396,1,2.25
26.08.2021 01:06:51.906,6.47436,6.47396,1,1.5
26.08.2021 01:06:52.720,6.47441,6.474240000000001,1.12,1
26.08.2021 01:06:52.770,6.47454,6.474240000000001,1,1
26.08.2021 01:06:52.871,6.474550000000001,6.474240000000001,1,1
26.08.2021 01:07:02.530,6.47452,6.4742500000000005,1,1
26.08.2021 01:07:02.630,6.47447,6.47414,1,1
26.08.2021 01:07:12.098,6.474480000000001,6.474150000000001,1,1
26.08.2021 01:07:32.799,6.47449,6.474150000000001,1,1
26.08.2021 01:07:32.900,6.47452,6.474200000000001,1,1
26.08.2021 01:07:32.950,6.47454,6.474200000000001,1.5,1
26.08.2021 01:07:33.101,6.47454,6.4741800000000005,1.5,1
26.08.2021 01:07:33.152,6.47452,6.47416,1,1
26.08.2021 01:07:33.254,6.474530000000001,6.47416,1,1
26.08.2021 01:07:34.899,6.47452,6.474200000000001,1,1
26.08.2021 01:07:34.949,6.47452,6.47417,1,1
26.08.2021 01:07:36.354,6.47451,6.47417,1,1
26.08.2021 01:07:36.719,6.47447,6.47416,1,1
26.08.2021 01:07:43.217,6.4745,6.47417,1.5,1
26.08.2021 01:07:44.029,6.4745,6.47417,1.5,1
26.08.2021 01:07:45.135,6.47447,6.47417,1,1
26.08.2021 01:07:47.030,6.4745,6.47417,1.12,1
26.08.2021 01:07:47.456,6.47451,6.47416,1.5,1
26.08.2021 01:07:48.134,6.47451,6.47416,1.12,1
26.08.2021 01:07:51.046,6.474530000000001,6.47417,1.5,1.5
26.08.2021 01:07:51.851,6.47454,6.47416,1.5,1
26.08.2021 01:08:00.963,6.474530000000001,6.47417,1.6,1
26.08.2021 01:08:01.063,6.47451,6.47416,1.5,1
26.08.2021 01:08:01.164,6.4745,6.47417,1.5,1
26.08.2021 01:08:01.765,6.4745,6.47417,1.12,1
26.08.2021 01:08:01.866,6.4745,6.47417,1.5,1
26.08.2021 01:08:02.041,6.4745,6.47417,1.12,1
26.08.2021 01:08:21.970,6.474530000000001,6.47417,1,1
26.08.2021 01:08:28.386,6.47454,6.47417,1,1
26.08.2021 01:08:29.095,6.47454,6.4741800000000005,1,1
26.08.2021 01:08:30.421,6.474530000000001,6.474200000000001,1,1
26.08.2021 01:08:30.572,6.47454,6.47421,1,1
26.08.2021 01:08:32.595,6.474530000000001,6.47421,1,1
26.08.2021 01:08:33.444,6.474530000000001,6.47427,1,1
26.08.2021 01:08:33.494,6.474530000000001,6.474240000000001,1,1
26.08.2021 01:08:34.002,6.47454,6.474200000000001,1,1
26.08.2021 01:08:35.104,6.474530000000001,6.474200000000001,1,1.1
26.08.2021 01:08:39.801,6.474550000000001,6.474200000000001,1,1
26.08.2021 01:08:40.003,6.474600000000001,6.47432,1.22,1
26.08.2021 01:08:40.104,6.47462,6.47431,1.1,1
26.08.2021 01:08:41.800,6.474480000000001,6.47431,1,1
26.08.2021 01:08:41.901,6.474430000000001,6.47432,1,1
26.08.2021 01:08:41.952,6.474480000000001,6.47431,1,1
26.08.2021 01:08:42.052,6.47454,6.47432,1,1
26.08.2021 01:08:42.153,6.47454,6.47431,1,1
26.08.2021 01:08:49.174,6.47452,6.47431,1,1
26.08.2021 01:08:52.534,6.474530000000001,6.47431,1,1
26.08.2021 01:08:55.550,6.47451,6.47432,1,1
26.08.2021 01:08:58.971,6.47451,6.47423,1,1
26.08.2021 01:08:59.022,6.47447,6.47421,1,1
26.08.2021 01:09:03.509,6.47447,6.4741800000000005,1,1.5
26.08.2021 01:09:03.610,6.47449,6.47422,1,1
26.08.2021 01:09:05.147,6.474480000000001,6.4741800000000005,1,1.6
26.08.2021 01:09:05.384,6.47449,6.47422,1,1
26.08.2021 01:09:05.484,6.47452,6.474240000000001,1,1
26.08.2021 01:09:05.585,6.474530000000001,6.47426,1,1.5
26.08.2021 01:09:06.345,6.474530000000001,6.47423,1,1
26.08.2021 01:09:07.155,6.474530000000001,6.47422,1,1
26.08.2021 01:09:08.041,6.474530000000001,6.47423,1,1
26.08.2021 01:09:08.533,6.47452,6.47423,1,1
26.08.2021 01:09:08.670,6.474530000000001,6.47423,1,1
26.08.2021 01:09:09.711,6.474530000000001,6.47417,1,1.6
26.08.2021 01:09:09.762,6.47452,6.47427,1,1.5
26.08.2021 01:09:09.812,6.47454,6.47427,1,1.5
26.08.2021 01:09:09.913,6.47454,6.47428,1,1.5
26.08.2021 01:09:10.563,6.47456,6.4743900000000005,1,1
26.08.2021 01:09:10.614,6.47462,6.47436,1,3
26.08.2021 01:09:11.764,6.47461,6.47437,1,1.5
26.08.2021 01:09:11.840,6.47462,6.47441,1,1
26.08.2021 01:09:11.941,6.47467,6.47449,1,1
26.08.2021 01:09:12.042,6.47467,6.474430000000001,1,1.5
26.08.2021 01:09:12.093,6.47476,6.474600000000001,1,1
26.08.2021 01:09:12.194,6.4747900000000005,6.474600000000001,1,1
26.08.2021 01:09:12.295,6.4748,6.4746500000000005,1,1
26.08.2021 01:09:12.345,6.4748,6.47456,1,2.75
26.08.2021 01:09:12.563,6.4747900000000005,6.47463,1,1
26.08.2021 01:09:12.614,6.4748,6.47456,1,2.75
26.08.2021 01:09:12.715,6.4748,6.47456,1,3.5
26.08.2021 01:09:12.765,6.474830000000001,6.47462,1,1.5
26.08.2021 01:09:13.253,6.474830000000001,6.47462,1,1.5
26.08.2021 01:09:13.354,6.4748,6.47462,1,1
26.08.2021 01:09:13.405,6.4747900000000005,6.47457,1,2.75
26.08.2021 01:09:13.813,6.4748,6.47459,1,1
26.08.2021 01:09:13.864,6.4747900000000005,6.47457,1,2.75
26.08.2021 01:09:14.251,6.4748,6.47459,1,1
26.08.2021 01:09:14.352,6.4748,6.47456,1,2.75
26.08.2021 01:09:14.851,6.4748,6.47459,1,1
26.08.2021 01:09:14.953,6.4748,6.47456,1,2.75
26.08.2021 01:09:16.042,6.4748,6.47459,1,1
26.08.2021 01:09:16.144,6.47482,6.47463,1,1.5
26.08.2021 01:09:16.375,6.47482,6.47463,1,1.5
26.08.2021 01:09:16.476,6.47482,6.47463,1,1.5
26.08.2021 01:09:18.942,6.47482,6.47463,1,1.5
26.08.2021 01:09:20.167,6.4747900000000005,6.47457,1,2
26.08.2021 01:09:20.808,6.4747900000000005,6.474600000000001,1,1
26.08.2021 01:09:20.858,6.4748,6.47462,1,1
26.08.2021 01:09:20.909,6.474730000000001,6.47452,1,1.87
26.08.2021 01:09:20.960,6.47461,6.47452,1,1.87
26.08.2021 01:09:21.010,6.47461,6.4743900000000005,1,1
26.08.2021 01:09:21.060,6.474600000000001,6.47447,1,1
26.08.2021 01:09:21.111,6.47463,6.474430000000001,1,1
26.08.2021 01:09:21.162,6.47466,6.474380000000001,1,1.5
26.08.2021 01:09:21.212,6.47462,6.474380000000001,1,2
26.08.2021 01:09:21.313,6.47462,6.474380000000001,1,1.5
26.08.2021 01:09:23.610,6.47456,6.474340000000001,1,1.5
26.08.2021 01:09:24.591,6.474530000000001,6.47428,1,1.6
26.08.2021 01:09:25.236,6.474530000000001,6.47428,1,1.6
26.08.2021 01:09:25.287,6.47456,6.47428,1,1.6
26.08.2021 01:09:27.479,6.474550000000001,6.47431,1,1
26.08.2021 01:09:27.580,6.47444,6.47431,1,1
26.08.2021 01:09:27.631,6.47441,6.47409,1,1.6
26.08.2021 01:09:28.210,6.4744,6.474150000000001,1,1
26.08.2021 01:09:28.260,6.4744600000000005,6.47409,1,2
26.08.2021 01:09:28.311,6.47445,6.47421,1,1
26.08.2021 01:09:28.464,6.47445,6.47423,1,1
26.08.2021 01:09:28.565,6.47445,6.47422,1,1
26.08.2021 01:09:31.174,6.47444,6.47419,1,1.1
26.08.2021 01:09:34.976,6.47444,6.474200000000001,1,1
26.08.2021 01:09:39.215,6.47445,6.47419,1,1.5
26.08.2021 01:09:39.316,6.474530000000001,6.474340000000001,1,1
26.08.2021 01:09:39.417,6.47449,6.47427,1,2.75
26.08.2021 01:09:39.568,6.47456,6.47442,1,1
26.08.2021 01:09:39.618,6.474550000000001,6.47431,1,1.5
26.08.2021 01:09:39.669,6.47449,6.4743,1,1.5
26.08.2021 01:09:39.871,6.47445,6.47423,1,1.5
26.08.2021 01:09:41.820,6.4744600000000005,6.47414,1,1.5
26.08.2021 01:09:41.921,6.4744600000000005,6.47409,1,1.1
26.08.2021 01:09:50.256,6.47445,6.4741800000000005,1,1
26.08.2021 01:09:50.307,6.4744600000000005,6.474240000000001,1,1
26.08.2021 01:09:50.621,6.47447,6.474240000000001,1,1
26.08.2021 01:09:53.692,6.4744600000000005,6.47426,1,1
26.08.2021 01:09:56.244,6.47447,6.474240000000001,1,1.5
26.08.2021 01:09:58.093,6.47447,6.47422,1,1.5
26.08.2021 01:09:59.440,6.47447,6.47417,1,1.1
26.08.2021 01:09:59.491,6.47445,6.47417,1,1.1
26.08.2021 01:09:59.646,6.47444,6.47417,1,2.1
26.08.2021 01:09:59.747,6.47445,6.474150000000001,1,1.1
26.08.2021 01:09:59.797,6.47442,6.47414,1,1.1
26.08.2021 01:09:59.848,6.4743900000000005,6.47409,1,1.1
26.08.2021 01:09:59.999,6.474340000000001,6.47407,1,1.6
26.08.2021 01:10:00.100,6.47431,6.474060000000001,1,1
26.08.2021 01:10:00.379,6.4743,6.473990000000001,1,1.6
26.08.2021 01:10:00.429,6.474290000000001,6.474,1,1.22
26.08.2021 01:10:00.782,6.47428,6.47401,1,1.22
26.08.2021 01:10:03.479,6.474290000000001,6.47396,1,1.1
26.08.2021 01:10:03.580,6.47428,6.47401,1,1.1
26.08.2021 01:10:05.023,6.47428,6.4739700000000004,1,1.1
26.08.2021 01:10:05.278,6.4743,6.47396,1,1.1
26.08.2021 01:10:07.708,6.474240000000001,6.47393,1,1.1
26.08.2021 01:10:07.810,6.47414,6.47386,1,1.6
26.08.2021 01:10:07.861,6.47407,6.47382,1,1
26.08.2021 01:10:07.962,6.47414,6.47386,1,1.1
26.08.2021 01:10:08.454,6.474150000000001,6.4738500000000005,1,1.1
26.08.2021 01:10:08.505,6.47417,6.47386,1,1.1
26.08.2021 01:10:09.938,6.47417,6.47386,1,1
26.08.2021 01:10:13.388,6.4741800000000005,6.4738500000000005,1,1.1
26.08.2021 01:10:14.321,6.47417,6.473890000000001,1,1.6
26.08.2021 01:10:14.422,6.47417,6.47393,1,1
26.08.2021 01:10:14.523,6.47419,6.47393,1,1
26.08.2021 01:10:14.573,6.4741800000000005,6.47396,1,1
26.08.2021 01:10:15.334,6.4741800000000005,6.473940000000001,1,1
26.08.2021 01:10:15.652,6.4741800000000005,6.47396,1,1
26.08.2021 01:10:16.651,6.47423,6.47395,1,1
26.08.2021 01:10:17.079,6.47423,6.473940000000001,1,1
26.08.2021 01:10:17.129,6.47422,6.47395,1,1.1
26.08.2021 01:10:17.180,6.4742500000000005,6.47396,1,1.1
26.08.2021 01:10:17.718,6.47426,6.473940000000001,1,1.1
26.08.2021 01:10:23.955,6.474340000000001,6.474150000000001,1,1
26.08.2021 01:10:24.006,6.47435,6.47414,1,1
26.08.2021 01:10:24.106,6.47441,6.474130000000001,1,1.5
26.08.2021 01:10:24.157,6.47445,6.47414,1,1.6
26.08.2021 01:10:24.208,6.47445,6.47416,1,1.1
26.08.2021 01:10:24.360,6.4744600000000005,6.47416,1,1.22
26.08.2021 01:10:24.461,6.47445,6.47417,1,1.6
26.08.2021 01:10:24.726,6.47445,6.47417,1,1.6
26.08.2021 01:10:24.777,6.47445,6.47417,1,1.22
26.08.2021 01:10:26.241,6.4744600000000005,6.47416,1,1.22
26.08.2021 01:10:26.620,6.4744600000000005,6.47416,1,1.2
26.08.2021 01:10:33.973,6.474480000000001,6.47417,1,1
26.08.2021 01:10:38.100,6.474430000000001,6.47416,1,1
26.08.2021 01:10:38.201,6.47442,6.47416,1,1
26.08.2021 01:10:38.302,6.47441,6.47416,1,1
26.08.2021 01:10:39.279,6.47436,6.474150000000001,1,1
26.08.2021 01:10:39.330,6.47435,6.474130000000001,1,1
26.08.2021 01:10:39.381,6.474340000000001,6.47412,1,1
26.08.2021 01:10:39.431,6.474340000000001,6.47405,1,1
26.08.2021 01:10:39.532,6.47427,6.474030000000001,1,1
26.08.2021 01:10:39.634,6.47428,6.473940000000001,1,1.1
26.08.2021 01:10:40.645,6.47427,6.47396,1,1
