Gmt time,Ask,Bid,AskVolume,BidVolume
30.08.2021 00:00:00.279,1.2613400000000001,1.2611700000000001,1.1,1.72
30.08.2021 00:00:01.883,1.26136,1.26119,1.1,1.1
30.08.2021 00:00:02.311,1.26135,1.2612,1.1,1.1
30.08.2021 00:00:03.274,1.26137,1.26118,1.22,1.1
30.08.2021 00:00:23.483,1.2613400000000001,1.26118,1,1.5
30.08.2021 00:00:26.236,1.26133,1.2611700000000001,1,2.47
30.08.2021 00:00:27.122,1.2613400000000001,1.26118,1,2.1
30.08.2021 00:00:31.528,1.26133,1.26118,1,1.1
30.08.2021 00:00:34.555,1.2613200000000002,1.26124,1,1
30.08.2021 00:00:34.656,1.2613200000000002,1.2612100000000002,1,1.1
30.08.2021 00:00:35.376,1.26133,1.2611700000000001,1,3.22
30.08.2021 00:00:35.477,1.26133,1.2611700000000001,1,5.47
30.08.2021 00:00:39.650,1.2612700000000001,1.26114,1.5,1
30.08.2021 00:00:39.752,1.2612200000000002,1.2611200000000002,1.95,4.62
30.08.2021 00:00:39.853,1.26118,1.26109,1,1
30.08.2021 00:00:39.956,1.2611700000000001,1.26109,1,1
30.08.2021 00:00:40.007,1.2611700000000001,1.26102,1,1.1
30.08.2021 00:00:40.108,1.26116,1.26103,1,1.1
30.08.2021 00:00:40.397,1.26116,1.2610100000000002,1,1.72
30.08.2021 00:00:42.997,1.2611700000000001,1.2610100000000002,1,2.1
30.08.2021 00:00:43.572,1.26116,1.26102,1,2.1
30.08.2021 00:00:44.087,1.2611700000000001,1.2610100000000002,1.1,2.07
30.08.2021 00:00:46.755,1.26116,1.26102,1.1,5.67
30.08.2021 00:00:46.857,1.2611100000000002,1.2610000000000001,1.1,1
30.08.2021 00:00:46.958,1.2611100000000002,1.26099,1.1,1
30.08.2021 00:00:47.211,1.2611,1.2610000000000001,1.1,1
30.08.2021 00:00:47.473,1.2611,1.2610000000000001,1.1,1
30.08.2021 00:00:47.626,1.2611100000000002,1.26095,1.1,6.57
30.08.2021 00:00:47.968,1.2611100000000002,1.2609700000000001,1.1,2.07
30.08.2021 00:00:48.119,1.26113,1.2609700000000001,1.1,5.07
30.08.2021 00:00:48.220,1.26113,1.2609700000000001,1.1,5.82
30.08.2021 00:00:49.568,1.2611200000000002,1.2610100000000002,1.1,3.75
30.08.2021 00:00:49.619,1.2611200000000002,1.26098,1.1,1.5
30.08.2021 00:00:51.462,1.2611100000000002,1.26098,1.1,1.7
30.08.2021 00:00:51.513,1.26114,1.2609700000000001,1.1,2.47
30.08.2021 00:01:00.101,1.2611100000000002,1.2609700000000001,1.1,4.12
30.08.2021 00:01:01.990,1.2611,1.26094,1.1,1.5
30.08.2021 00:01:02.258,1.26106,1.26094,3.85,1.87
30.08.2021 00:01:02.359,1.26103,1.2609299999999999,1.1,1
30.08.2021 00:01:02.460,1.26102,1.26088,1.1,1.5
30.08.2021 00:01:03.261,1.26102,1.2608700000000002,1.1,1
30.08.2021 00:01:03.963,1.2610100000000002,1.26086,1.1,4.25
30.08.2021 00:01:04.069,1.2610000000000001,1.2608700000000002,1.1,4.25
30.08.2021 00:01:07.468,1.2610100000000002,1.2608700000000002,1.1,1.7
30.08.2021 00:01:07.619,1.26102,1.26086,1.1,5.45
30.08.2021 00:01:08.131,1.26102,1.26086,1.1,2.07
30.08.2021 00:01:11.190,1.26102,1.26088,1.1,1.5
30.08.2021 00:01:11.291,1.2610100000000002,1.26088,1.1,1
30.08.2021 00:01:12.219,1.26102,1.2608700000000002,1.1,2
30.08.2021 00:01:13.434,1.26102,1.26089,1.1,1.5
30.08.2021 00:01:13.980,1.26104,1.26089,1.1,3.75
30.08.2021 00:01:14.389,1.26103,1.2609100000000002,1.1,1
30.08.2021 00:01:16.141,1.2610100000000002,1.2609000000000001,1.1,1.12
30.08.2021 00:01:16.191,1.26102,1.2609000000000001,1.1,1
30.08.2021 00:01:16.242,1.26108,1.26095,1.6,1
30.08.2021 00:01:16.293,1.26109,1.26094,1.1,1
30.08.2021 00:01:16.545,1.26109,1.26095,1.1,1
30.08.2021 00:01:17.290,1.26109,1.26095,1.1,1
30.08.2021 00:01:26.213,1.2611200000000002,1.2610000000000001,1.27,3.07
30.08.2021 00:01:26.263,1.26115,1.2610000000000001,1,1.22
30.08.2021 00:01:26.364,1.26114,1.2610000000000001,1.1,2.1
30.08.2021 00:01:27.112,1.26115,1.2610100000000002,1.1,1.22
30.08.2021 00:01:27.214,1.2611700000000001,1.2610100000000002,1.1,1.6
30.08.2021 00:01:27.315,1.2611700000000001,1.26104,1,1
30.08.2021 00:01:28.304,1.2611700000000001,1.26102,1.1,1.6
30.08.2021 00:01:28.702,1.26116,1.26102,1.1,1.1
30.08.2021 00:01:28.981,1.26118,1.26103,1,1.22
30.08.2021 00:01:29.082,1.26118,1.26104,1,1.22
30.08.2021 00:01:29.183,1.26123,1.26108,1.01,1.97
30.08.2021 00:01:29.284,1.26125,1.26109,1,1.22
30.08.2021 00:01:29.385,1.26126,1.26109,1,3.6
30.08.2021 00:01:30.508,1.2612700000000001,1.2611200000000002,1.1,1.97
30.08.2021 00:01:30.609,1.26128,1.26113,1,1.1
30.08.2021 00:01:30.963,1.2613,1.2611700000000001,1.1,1
30.08.2021 00:01:31.065,1.2613100000000002,1.26115,1.1,2.72
30.08.2021 00:01:31.268,1.2613100000000002,1.26116,1,1.22
30.08.2021 00:01:31.369,1.26133,1.26116,1.1,3.1
30.08.2021 00:01:31.470,1.2613400000000001,1.26119,1.1,2.32
30.08.2021 00:01:31.571,1.2613400000000001,1.26119,1,2.35
30.08.2021 00:01:31.830,1.26137,1.2612,1.1,2.47
30.08.2021 00:01:31.931,1.26136,1.2612,1,6.22
30.08.2021 00:01:32.096,1.26136,1.26119,1.1,3.47
30.08.2021 00:01:32.434,1.26136,1.2612100000000002,1.1,1.1
30.08.2021 00:01:35.387,1.26136,1.26123,1.1,1
30.08.2021 00:01:35.653,1.26137,1.26124,1.5,1.22
30.08.2021 00:01:35.805,1.26137,1.26124,1.1,2.7
30.08.2021 00:01:36.139,1.26138,1.26124,1.1,3.75
30.08.2021 00:01:36.410,1.26138,1.26124,1.1,1
30.08.2021 00:01:38.433,1.26137,1.26126,1.1,1
30.08.2021 00:01:42.438,1.26137,1.26124,1.1,3.57
30.08.2021 00:01:44.443,1.26138,1.26123,1.1,1.95
30.08.2021 00:01:45.095,1.26138,1.26124,1.1,1
30.08.2021 00:01:45.146,1.2614200000000002,1.26128,1.2,1.95
30.08.2021 00:01:45.247,1.26143,1.26128,1,2.35
30.08.2021 00:01:46.495,1.2614,1.26129,1,2.07
30.08.2021 00:01:47.065,1.2614100000000001,1.2612700000000001,1,1.6
30.08.2021 00:01:48.067,1.2614100000000001,1.26129,1,1.6
30.08.2021 00:01:48.118,1.2614400000000001,1.2613,1,1.1
30.08.2021 00:01:48.168,1.26145,1.2613100000000002,1,1.97
30.08.2021 00:01:48.768,1.2614200000000002,1.26129,1,3.75
30.08.2021 00:01:48.869,1.2614100000000001,1.26125,1,6.6
30.08.2021 00:01:51.892,1.2614,1.26124,1,2.1
30.08.2021 00:01:52.796,1.2614,1.26124,1,2.1
30.08.2021 00:01:52.897,1.2614100000000001,1.26125,1,6.04
30.08.2021 00:01:53.822,1.2614,1.26124,1,6.6
30.08.2021 00:01:54.254,1.2614100000000001,1.26125,1,5.1
30.08.2021 00:01:54.887,1.2614100000000001,1.26126,1,5.1
30.08.2021 00:01:54.988,1.2614100000000001,1.26128,1,5.85
30.08.2021 00:01:55.139,1.2614100000000001,1.26128,1,5.85
30.08.2021 00:01:56.408,1.26145,1.26137,1,1
30.08.2021 00:01:56.459,1.26147,1.26137,1.87,1.5
30.08.2021 00:01:56.515,1.26153,1.26139,1.95,1.95
30.08.2021 00:01:56.616,1.26154,1.2614200000000002,1,2.35
30.08.2021 00:01:56.717,1.2615500000000002,1.2614200000000002,1,2.1
30.08.2021 00:01:56.818,1.26156,1.2614100000000001,1,6.22
30.08.2021 00:01:58.148,1.26156,1.2614400000000001,1,3.75
30.08.2021 00:01:58.514,1.26156,1.2614200000000002,1,1.6
30.08.2021 00:01:59.118,1.26159,1.26147,1,1.5
30.08.2021 00:01:59.220,1.26158,1.26147,1,1.5
30.08.2021 00:01:59.271,1.26156,1.26146,1,1
30.08.2021 00:01:59.372,1.26157,1.26143,1,1.6
30.08.2021 00:02:00.398,1.2615500000000002,1.2614400000000001,1,1.1
30.08.2021 00:02:00.783,1.26156,1.26143,1,1.1
30.08.2021 00:02:01.201,1.26156,1.2614200000000002,1,1.6
30.08.2021 00:02:02.896,1.2615500000000002,1.2614400000000001,1,1.6
30.08.2021 00:02:04.149,1.26157,1.26143,1,1.72
30.08.2021 00:02:04.250,1.2616,1.26147,1,1.5
30.08.2021 00:02:04.376,1.2616100000000001,1.26148,2.05,1.87
30.08.2021 00:02:04.527,1.2616100000000001,1.26148,1.57,1.95
30.08.2021 00:02:04.628,1.2615500000000002,1.26147,1,4.5
30.08.2021 00:02:04.830,1.26156,1.26143,1,1.1
30.08.2021 00:02:10.368,1.2615500000000002,1.26143,1,1.1
30.08.2021 00:02:10.469,1.26156,1.2614200000000002,1,2.1
30.08.2021 00:02:11.210,1.26156,1.2614200000000002,1,1.1
30.08.2021 00:02:12.813,1.26156,1.2614200000000002,1,1.1
30.08.2021 00:02:20.467,1.2615500000000002,1.26143,1,1.85
30.08.2021 00:02:20.568,1.26159,1.26147,1,1.5
30.08.2021 00:02:20.669,1.26159,1.26148,1,1.5
30.08.2021 00:02:20.770,1.2616,1.26145,1.1,1.6
30.08.2021 00:02:21.323,1.2616200000000002,1.2615200000000002,1,1
30.08.2021 00:02:21.374,1.2616500000000002,1.2615,1.12,1.6
30.08.2021 00:02:23.017,1.26164,1.2615200000000002,1,1.1
30.08.2021 00:02:25.676,1.2616500000000002,1.2615100000000001,1,1.6
30.08.2021 00:02:25.929,1.26164,1.2615200000000002,1,2.1
30.08.2021 00:02:26.030,1.2616500000000002,1.2615200000000002,1,2.1
30.08.2021 00:02:26.080,1.26169,1.26156,1,1.97
30.08.2021 00:02:26.181,1.26169,1.26157,1,1.6
30.08.2021 00:02:26.283,1.26173,1.26159,1,1.22
30.08.2021 00:02:28.147,1.2617200000000002,1.26159,1,1.6
30.08.2021 00:02:39.953,1.26171,1.26158,1,1.6
30.08.2021 00:02:40.003,1.26169,1.26157,1,1.2
30.08.2021 00:02:40.104,1.2617,1.26156,1,1.72
30.08.2021 00:02:46.052,1.26171,1.26158,1,1.1
30.08.2021 00:02:46.254,1.2617,1.26157,1,1.1
30.08.2021 00:02:46.931,1.26171,1.26158,1,1.1
30.08.2021 00:02:49.922,1.2617,1.26157,1,4.22
30.08.2021 00:02:50.073,1.26171,1.26157,1,1.22
30.08.2021 00:02:50.275,1.2617,1.26156,1,5.47
30.08.2021 00:02:56.295,1.26171,1.26157,1,1.22
30.08.2021 00:02:56.447,1.2617,1.26156,1,5.1
30.08.2021 00:02:56.921,1.2617,1.26158,1,1.22
30.08.2021 00:02:57.072,1.26169,1.26157,1,5.1
30.08.2021 00:03:01.624,1.2617,1.26157,1,1.22
30.08.2021 00:03:01.726,1.2616500000000002,1.2615500000000002,1,4.25
30.08.2021 00:03:01.777,1.26163,1.2615200000000002,1,3.22
30.08.2021 00:03:01.878,1.26163,1.26149,1,1.6
30.08.2021 00:03:01.979,1.2616100000000001,1.26148,1,1.2
30.08.2021 00:03:02.907,1.26156,1.26148,1,3.75
30.08.2021 00:03:03.008,1.2615500000000002,1.2614400000000001,1,1.1
30.08.2021 00:03:03.109,1.26154,1.2614400000000001,1,1.1
30.08.2021 00:03:03.210,1.26154,1.2614200000000002,1,2.47
30.08.2021 00:03:04.064,1.2615500000000002,1.2614100000000001,1,4.35
30.08.2021 00:03:04.165,1.26154,1.2614,1,5.85
30.08.2021 00:03:06.091,1.26146,1.26138,1,1.1
30.08.2021 00:03:06.142,1.26148,1.26138,1,1.35
30.08.2021 00:03:06.193,1.2615200000000002,1.26139,1,2.1
30.08.2021 00:03:06.294,1.26153,1.26139,1,2.1
30.08.2021 00:03:10.188,1.26154,1.26139,1,5.1
30.08.2021 00:03:11.427,1.26154,1.26138,1,7.35
30.08.2021 00:03:13.718,1.2615500000000002,1.2614,1,2.1
30.08.2021 00:03:14.409,1.26153,1.2614200000000002,1,1.1
30.08.2021 00:03:16.119,1.2615500000000002,1.2614100000000001,1,1.22
30.08.2021 00:03:27.450,1.2615500000000002,1.2614400000000001,1,1.1
30.08.2021 00:03:28.669,1.26156,1.26143,1,1.22
30.08.2021 00:03:28.771,1.26156,1.26143,1,1.22
30.08.2021 00:03:28.977,1.2616,1.26147,1,1.97
30.08.2021 00:03:29.078,1.26159,1.26148,1,1.97
30.08.2021 00:03:29.179,1.2616100000000001,1.26147,1,1.97
30.08.2021 00:03:33.993,1.2616,1.26146,1,1.72
30.08.2021 00:03:35.997,1.2616100000000001,1.2615,1,1.22
30.08.2021 00:03:36.514,1.2616200000000002,1.26148,1,2.1
30.08.2021 00:03:45.162,1.26163,1.26149,1,2.72
30.08.2021 00:03:45.213,1.26164,1.2615500000000002,1,1.94
30.08.2021 00:03:45.264,1.26167,1.26154,1,3.6
30.08.2021 00:03:45.365,1.2617,1.26159,1,1.57
30.08.2021 00:03:45.416,1.2617200000000002,1.2616,1,2.1
30.08.2021 00:03:45.517,1.26173,1.2616100000000001,1,1.6
30.08.2021 00:03:45.618,1.26173,1.2616100000000001,1,1.85
30.08.2021 00:03:48.663,1.26177,1.26167,1,1.35
30.08.2021 00:03:48.764,1.2618500000000001,1.26171,1,2.85
30.08.2021 00:03:48.815,1.26183,1.26168,1,9.68
30.08.2021 00:03:57.078,1.26183,1.26169,1,1.22
30.08.2021 00:04:04.991,1.26178,1.26167,1,4.2
30.08.2021 00:04:10.142,1.26174,1.26164,1,3.82
30.08.2021 00:04:10.244,1.26174,1.2616200000000002,1,1.8
30.08.2021 00:04:11.975,1.2617500000000001,1.2616200000000002,1,1.6
30.08.2021 00:04:12.280,1.2617500000000001,1.26163,1,1.6
30.08.2021 00:04:16.870,1.2618500000000001,1.26171,1,1.97
30.08.2021 00:04:17.022,1.2618500000000001,1.26171,1,2.1
30.08.2021 00:04:17.174,1.2618200000000002,1.2617200000000002,1,1.57
30.08.2021 00:04:17.275,1.26183,1.26171,1,1.97
30.08.2021 00:04:17.745,1.26184,1.26171,1,1.97
30.08.2021 00:04:18.120,1.26183,1.2617200000000002,1,1.97
30.08.2021 00:04:19.381,1.2618600000000002,1.26173,1,1.1
30.08.2021 00:04:19.482,1.26187,1.26174,1,3.82
30.08.2021 00:04:25.239,1.2618500000000001,1.26173,1,1.85
30.08.2021 00:04:28.716,1.2618600000000002,1.26173,1,1.22
30.08.2021 00:04:51.219,1.26187,1.26173,1,2.16
30.08.2021 00:04:52.135,1.2619,1.26177,1,1.22
30.08.2021 00:04:52.237,1.26188,1.26177,1,1.6
30.08.2021 00:05:01.136,1.26191,1.26181,1,1.95
30.08.2021 00:05:01.237,1.26193,1.26181,1,1.95
30.08.2021 00:05:02.881,1.2619200000000002,1.2618200000000002,1,2.72
30.08.2021 00:05:20.782,1.26193,1.2618,1,2.1
30.08.2021 00:05:21.121,1.2619200000000002,1.2618,1,1.1
30.08.2021 00:05:25.687,1.26191,1.26178,1,2.1
30.08.2021 00:05:25.738,1.26189,1.26177,1,6.72
30.08.2021 00:05:26.041,1.26187,1.26174,1,1.22
30.08.2021 00:05:26.145,1.26187,1.26173,1,5.1
30.08.2021 00:05:34.813,1.2619,1.26179,1,1.5
30.08.2021 00:05:34.915,1.26191,1.26179,1,1.57
30.08.2021 00:05:38.261,1.26191,1.2618200000000002,1,1
30.08.2021 00:05:38.311,1.2619500000000001,1.26181,1,2.35
30.08.2021 00:05:38.412,1.26193,1.2618200000000002,1,2.35
30.08.2021 00:05:38.564,1.2619500000000001,1.26181,1,1.6
30.08.2021 00:05:38.715,1.26193,1.2618200000000002,1,1.6
30.08.2021 00:05:38.766,1.2619500000000001,1.26183,1,1.47
30.08.2021 00:05:38.917,1.2619500000000001,1.26184,1,1.47
30.08.2021 00:05:48.513,1.2619799999999999,1.26187,1,1.1
30.08.2021 00:05:48.614,1.26199,1.26188,1,1.97
30.08.2021 00:05:52.195,1.26201,1.26188,1,1.22
30.08.2021 00:05:53.288,1.2620200000000001,1.26189,1,3.1
30.08.2021 00:05:53.389,1.26203,1.2619,1,1.35
30.08.2021 00:05:54.965,1.26203,1.26189,1,2.91
30.08.2021 00:05:56.713,1.2620200000000001,1.26189,1,1.6
30.08.2021 00:05:56.982,1.2620200000000001,1.26188,1,4.97
30.08.2021 00:06:22.073,1.262,1.26189,1,2.72
30.08.2021 00:06:22.224,1.2620200000000001,1.26189,1,1.1
30.08.2021 00:06:25.538,1.2620200000000001,1.26189,1,1.6
30.08.2021 00:06:25.640,1.26203,1.26191,1,1.79
30.08.2021 00:06:25.741,1.26204,1.26191,1,1.97
30.08.2021 00:06:27.245,1.26208,1.2619600000000002,1,1.1
30.08.2021 00:06:35.500,1.26209,1.2619600000000002,1,1.1
30.08.2021 00:06:35.551,1.26209,1.26194,1,1.87
30.08.2021 00:06:36.019,1.2620600000000002,1.26193,1.1,3.75
30.08.2021 00:06:36.120,1.2620200000000001,1.26189,1,2.35
30.08.2021 00:06:36.400,1.2620200000000001,1.26189,1,1.6
30.08.2021 00:06:40.175,1.2620600000000002,1.26194,1,1.1
30.08.2021 00:06:40.225,1.26208,1.26194,1,1.97
30.08.2021 00:06:40.377,1.26207,1.2619500000000001,1,1.22
30.08.2021 00:06:56.034,1.26209,1.26197,1,2.72
30.08.2021 00:07:03.800,1.26209,1.2619500000000001,1,1.1
30.08.2021 00:08:03.797,1.26209,1.2619500000000001,1,1
30.08.2021 00:08:10.120,1.26204,1.26193,1,3.82
30.08.2021 00:08:10.272,1.26204,1.26191,1,2.99
30.08.2021 00:08:12.898,1.2620200000000001,1.26191,1,5.16
30.08.2021 00:08:13.091,1.2620200000000001,1.26189,1,5.16
30.08.2021 00:08:19.490,1.2620200000000001,1.2619,1,1.1
30.08.2021 00:08:28.196,1.2620200000000001,1.26188,1,2.85
30.08.2021 00:08:33.437,1.2620200000000001,1.26191,1,1.1
30.08.2021 00:08:36.164,1.26204,1.2619,1,1.79
30.08.2021 00:08:42.051,1.26203,1.26191,1,1.6
30.08.2021 00:08:42.262,1.26204,1.2619,1,1.6
30.08.2021 00:08:43.497,1.26208,1.26194,1,3.1
30.08.2021 00:08:43.598,1.2621,1.2619799999999999,1,1.97
30.08.2021 00:08:50.439,1.2621,1.26197,1,1.22
30.08.2021 00:08:51.775,1.2621,1.2619799999999999,1,1.22
30.08.2021 00:08:52.128,1.2621,1.26197,1,1.22
30.08.2021 00:09:02.666,1.26213,1.2620200000000001,1,1
30.08.2021 00:09:05.694,1.26213,1.262,1,1.1
30.08.2021 00:09:06.660,1.2621200000000001,1.26201,1,1.1
30.08.2021 00:09:07.345,1.2621200000000001,1.26201,1,1.22
30.08.2021 00:09:07.396,1.26215,1.262,1,1.41
30.08.2021 00:09:07.547,1.26215,1.262,1,3.91
30.08.2021 00:09:07.648,1.2621700000000002,1.26203,1,1.22
30.08.2021 00:09:08.669,1.2621700000000002,1.26203,1,1.22
30.08.2021 00:09:10.639,1.2621600000000002,1.26204,1,1.22
30.08.2021 00:09:12.684,1.26218,1.26204,1,3.22
30.08.2021 00:09:14.241,1.26219,1.26207,1,1.01
30.08.2021 00:09:14.342,1.26219,1.26207,1,1.35
30.08.2021 00:09:14.653,1.26218,1.26208,1,1.01
30.08.2021 00:09:14.754,1.26218,1.26208,1,1.35
30.08.2021 00:09:27.549,1.26219,1.2620600000000002,1,1.1
30.08.2021 00:09:27.701,1.26219,1.2620500000000001,1,1.1
30.08.2021 00:09:28.283,1.26219,1.2620600000000002,1,1.1
30.08.2021 00:09:40.000,1.26219,1.2620600000000002,1,1.1
30.08.2021 00:09:46.302,1.2621700000000002,1.26208,1,1.1
30.08.2021 00:09:49.027,1.26218,1.2620500000000001,1,1.1
30.08.2021 00:09:49.741,1.26218,1.2620500000000001,1,1.6
30.08.2021 00:09:50.902,1.2621700000000002,1.2620600000000002,1,1.1
30.08.2021 00:09:51.602,1.26218,1.2620600000000002,1,1.6
30.08.2021 00:09:51.709,1.26218,1.2620500000000001,1,1.1
30.08.2021 00:09:51.813,1.2621600000000002,1.2620600000000002,1,1.1
30.08.2021 00:10:01.043,1.26213,1.26203,1,4.6
30.08.2021 00:10:01.144,1.26215,1.2620200000000001,1,1.1
30.08.2021 00:10:04.296,1.26214,1.2620200000000001,1,1.1
30.08.2021 00:10:11.468,1.26215,1.2620200000000001,1,1.1
30.08.2021 00:10:11.569,1.2621600000000002,1.26203,1,1.1
30.08.2021 00:10:40.876,1.26214,1.26204,1,1.1
30.08.2021 00:10:47.380,1.26215,1.2620500000000001,1,1.1
30.08.2021 00:10:49.683,1.2621700000000002,1.2620600000000002,1,1.6
30.08.2021 00:10:49.784,1.2621700000000002,1.26204,1,2.35
30.08.2021 00:10:51.955,1.26219,1.2620600000000002,1,1.6
30.08.2021 00:11:37.223,1.26215,1.2620500000000001,1.5,1
30.08.2021 00:11:37.325,1.2621,1.262,1,1
30.08.2021 00:11:37.427,1.26211,1.262,1,1
30.08.2021 00:11:37.529,1.2621,1.2619600000000002,1,1.6
30.08.2021 00:11:37.630,1.2620600000000002,1.2619500000000001,1,1.35
30.08.2021 00:11:37.731,1.26204,1.26191,1,1.6
30.08.2021 00:11:37.832,1.26204,1.26191,1,1.6
30.08.2021 00:11:38.593,1.26203,1.26189,1,2.35
30.08.2021 00:11:39.509,1.2620200000000001,1.26188,1,1.1
30.08.2021 00:11:39.610,1.2620200000000001,1.26187,1.5,2.35
30.08.2021 00:11:40.549,1.2620200000000001,1.26187,1.62,1.6
30.08.2021 00:11:46.143,1.26199,1.26187,1,1.6
30.08.2021 00:11:46.194,1.26199,1.2618600000000002,2.5,1.6
30.08.2021 00:11:46.245,1.2619200000000002,1.26183,1.1,1.87
30.08.2021 00:11:46.346,1.26189,1.26179,1,1
30.08.2021 00:11:46.447,1.26189,1.26176,1,1.1
30.08.2021 00:11:47.001,1.26193,1.26181,1,1.22
30.08.2021 00:11:47.102,1.26193,1.26179,1,1.1
30.08.2021 00:11:47.203,1.26193,1.26179,1,1.1
30.08.2021 00:11:47.669,1.2619200000000002,1.26179,1,1.6
30.08.2021 00:11:52.195,1.26194,1.26179,1,1.1
30.08.2021 00:12:00.131,1.26194,1.2618200000000002,1,2.35
30.08.2021 00:12:03.982,1.26194,1.26181,1,1.1
30.08.2021 00:12:04.093,1.2619500000000001,1.2618,1,1.22
30.08.2021 00:12:08.178,1.2619600000000002,1.26181,1,2.72
30.08.2021 00:12:09.947,1.2619500000000001,1.26181,1,1.6
30.08.2021 00:12:13.398,1.26193,1.2618200000000002,1,1.1
30.08.2021 00:12:13.924,1.26191,1.26178,1,1.97
30.08.2021 00:12:14.026,1.2619,1.26178,1,1.22
30.08.2021 00:12:14.280,1.26191,1.26177,1,1.22
30.08.2021 00:12:47.360,1.26189,1.26178,1,1.1
30.08.2021 00:12:47.511,1.2619,1.26178,1,1.1
30.08.2021 00:13:26.807,1.26193,1.2618200000000002,1,1.1
30.08.2021 00:13:27.232,1.2619600000000002,1.26181,1,2.35
30.08.2021 00:13:44.482,1.2619500000000001,1.2618500000000001,1,1
30.08.2021 00:13:44.532,1.262,1.26189,1,1
30.08.2021 00:13:44.583,1.26201,1.2619,4.2,1.1
30.08.2021 00:13:44.685,1.2620200000000001,1.26188,1,1.6
30.08.2021 00:13:45.038,1.26203,1.26188,1,2.35
30.08.2021 00:13:48.149,1.26201,1.2618600000000002,1,2.35
30.08.2021 00:13:48.251,1.26201,1.2618600000000002,1,1.1
30.08.2021 00:13:48.583,1.26199,1.26187,1,1.1
30.08.2021 00:13:49.628,1.262,1.2618600000000002,1,1.1
30.08.2021 00:13:54.581,1.262,1.2618600000000002,1,1.1
30.08.2021 00:14:01.988,1.26201,1.2618600000000002,1.12,1.1
30.08.2021 00:14:02.572,1.26201,1.26189,1.62,1.1
30.08.2021 00:14:02.674,1.26204,1.26191,1,1.6
30.08.2021 00:14:06.699,1.2620600000000002,1.26191,1,2.72
30.08.2021 00:14:07.039,1.2620500000000001,1.2619200000000002,1,1.1
30.08.2021 00:14:07.140,1.2620600000000002,1.2619200000000002,1,1.1
30.08.2021 00:14:11.015,1.26207,1.26197,1,1.1
30.08.2021 00:14:11.116,1.26208,1.26194,1,1.6
30.08.2021 00:14:13.350,1.2621,1.2619799999999999,1.12,1.1
30.08.2021 00:14:13.451,1.26211,1.2619600000000002,1.12,2.35
30.08.2021 00:14:13.704,1.2621,1.26197,1,2.35
30.08.2021 00:14:14.673,1.2621,1.2619600000000002,1,1.6
30.08.2021 00:14:15.002,1.2621,1.2619799999999999,1,1.1
30.08.2021 00:14:15.103,1.2621,1.26197,1,2.35
30.08.2021 00:14:15.204,1.26211,1.26197,1,1.1
30.08.2021 00:14:15.306,1.2621,1.2619799999999999,1,1.1
30.08.2021 00:14:15.672,1.26209,1.2619500000000001,1,1.1
30.08.2021 00:14:18.300,1.26207,1.26194,1,1.1
30.08.2021 00:14:18.913,1.26207,1.2619200000000002,1.1,2.35
30.08.2021 00:14:18.966,1.26203,1.2619200000000002,1,1.6
30.08.2021 00:14:19.068,1.26204,1.26191,1.62,1.22
30.08.2021 00:14:20.440,1.2620200000000001,1.26189,1.12,3.1
30.08.2021 00:14:24.589,1.2620500000000001,1.2619500000000001,1.62,1.57
30.08.2021 00:14:24.690,1.2620600000000002,1.26194,1,1.6
30.08.2021 00:14:24.791,1.2620500000000001,1.2619500000000001,1,1.6
30.08.2021 00:14:25.194,1.26207,1.26194,1,1.6
30.08.2021 00:14:26.506,1.26211,1.2619600000000002,1,1.6
30.08.2021 00:14:26.607,1.2621,1.26197,1,2.35
30.08.2021 00:14:28.149,1.26207,1.2619500000000001,1.12,5.35
30.08.2021 00:14:28.250,1.26208,1.2619799999999999,1,1.1
30.08.2021 00:14:28.351,1.26208,1.2619500000000001,1.62,3.85
30.08.2021 00:14:28.452,1.26209,1.26194,1.62,1.6
30.08.2021 00:14:31.446,1.26208,1.26194,1.12,1.1
30.08.2021 00:14:35.842,1.26207,1.2619500000000001,1,1.1
30.08.2021 00:14:51.201,1.26207,1.26194,1,1.1
30.08.2021 00:15:00.481,1.26211,1.26197,1.62,1.22
30.08.2021 00:15:01.274,1.26211,1.26197,1.62,1.22
30.08.2021 00:15:01.476,1.2621,1.2619799999999999,1,1.22
30.08.2021 00:15:01.687,1.26214,1.26204,1.12,1.25
30.08.2021 00:15:01.791,1.26214,1.26203,1.62,1.6
30.08.2021 00:15:02.400,1.26215,1.26204,1.62,1
30.08.2021 00:15:02.451,1.26219,1.2620500000000001,1,1.2
30.08.2021 00:15:02.602,1.26219,1.26204,1,2.85
30.08.2021 00:15:10.615,1.26219,1.26207,1,1
30.08.2021 00:15:10.666,1.2622200000000001,1.2621,1,1.57
30.08.2021 00:15:12.334,1.2622200000000001,1.26207,1,3.29
30.08.2021 00:15:13.228,1.26219,1.26207,1,2.35
30.08.2021 00:15:16.190,1.26219,1.2620600000000002,1,1.1
30.08.2021 00:15:16.492,1.26218,1.26204,1,1.22
30.08.2021 00:15:17.864,1.2621200000000001,1.2620200000000001,1.12,1.57
30.08.2021 00:15:17.965,1.2621200000000001,1.26199,1,1.1
30.08.2021 00:15:18.855,1.2621200000000001,1.26199,1.62,1.1
30.08.2021 00:15:19.850,1.2621200000000001,1.262,1,1.1
30.08.2021 00:15:23.563,1.26211,1.26201,1.5,1.1
30.08.2021 00:15:24.847,1.26214,1.262,1,1.85
30.08.2021 00:15:25.113,1.26213,1.26201,1,1.1
30.08.2021 00:15:28.195,1.26213,1.262,1,1.22
30.08.2021 00:15:35.980,1.26215,1.2620500000000001,1.5,1.1
30.08.2021 00:15:36.081,1.26215,1.2620500000000001,1,2.16
30.08.2021 00:15:36.182,1.2621200000000001,1.26203,1,1
30.08.2021 00:15:36.284,1.2621200000000001,1.262,1,1.22
30.08.2021 00:15:36.385,1.26211,1.262,1,1.22
30.08.2021 00:15:36.932,1.26211,1.262,1.62,1.22
30.08.2021 00:15:38.850,1.26211,1.26199,1.12,1.2
30.08.2021 00:15:38.952,1.26211,1.262,1.62,1.22
30.08.2021 00:15:39.258,1.2621200000000001,1.26199,1.62,1.2
30.08.2021 00:15:42.764,1.26213,1.262,1,1.79
30.08.2021 00:15:43.416,1.2621200000000001,1.26201,1,1.35
30.08.2021 00:15:47.925,1.26213,1.262,1,1.01
30.08.2021 00:15:49.256,1.26213,1.262,1,1.35
30.08.2021 00:16:08.398,1.2621,1.26199,1,2.72
30.08.2021 00:16:08.599,1.2621,1.26197,1,2.35
30.08.2021 00:16:08.701,1.2621,1.2619799999999999,1,2.72
30.08.2021 00:16:09.326,1.26208,1.26194,1,1.1
30.08.2021 00:16:09.427,1.26208,1.26193,1,1.22
30.08.2021 00:16:09.529,1.2620600000000002,1.26193,1,2.35
30.08.2021 00:16:10.480,1.26207,1.26197,1,1.1
30.08.2021 00:16:10.581,1.2621,1.26197,1,1.1
30.08.2021 00:16:10.884,1.2621,1.2619600000000002,1,1.1
30.08.2021 00:16:10.985,1.26209,1.26197,1,1.22
30.08.2021 00:16:11.187,1.2621,1.2619600000000002,1,1.1
30.08.2021 00:16:11.442,1.2621,1.26197,1,1.1
30.08.2021 00:16:11.644,1.26209,1.26197,1,1.1
30.08.2021 00:16:13.749,1.26207,1.26193,1,3.85
30.08.2021 00:16:15.013,1.26207,1.26193,1,1.6
30.08.2021 00:16:17.698,1.2620600000000002,1.2619500000000001,1.12,2.35
30.08.2021 00:16:17.850,1.26208,1.26194,1.62,2.35
30.08.2021 00:16:18.661,1.26207,1.2619500000000001,1,2.35
30.08.2021 00:16:21.684,1.2621,1.262,1.12,1.22
30.08.2021 00:16:21.785,1.26211,1.262,1,1.22
30.08.2021 00:16:22.099,1.2621200000000001,1.262,1,1.22
30.08.2021 00:16:58.572,1.2621,1.262,1,1.1
30.08.2021 00:16:59.063,1.2621200000000001,1.2619799999999999,1,1.22
30.08.2021 00:16:59.339,1.26211,1.26199,1,1.22
30.08.2021 00:17:00.263,1.2621,1.2619799999999999,1,3.47
30.08.2021 00:17:00.472,1.26211,1.2619799999999999,1,3.47
30.08.2021 00:17:01.288,1.26211,1.26199,1.12,1.22
30.08.2021 00:17:01.389,1.2621,1.26199,1,1.22
30.08.2021 00:17:02.895,1.2621200000000001,1.26197,1.12,3.47
30.08.2021 00:17:04.024,1.2621,1.2619799999999999,1,3.47
30.08.2021 00:17:05.260,1.2621,1.2619799999999999,1.5,1.1
30.08.2021 00:17:05.361,1.26209,1.26197,1,5.35
30.08.2021 00:17:05.816,1.2621,1.2619600000000002,1.62,1.79
30.08.2021 00:17:07.306,1.2621,1.26197,1,1.1
30.08.2021 00:17:08.166,1.26208,1.26194,1,3.85
30.08.2021 00:17:13.419,1.2620600000000002,1.26193,1,1.22
30.08.2021 00:17:19.928,1.26209,1.26197,1,1.97
30.08.2021 00:17:20.080,1.26208,1.262,1,1.1
30.08.2021 00:17:20.189,1.26213,1.26201,1,1.01
30.08.2021 00:17:20.290,1.26213,1.26201,1,1.1
30.08.2021 00:17:20.693,1.26214,1.26201,1,1.1
30.08.2021 00:17:30.009,1.26211,1.2619799999999999,1,1.1
30.08.2021 00:17:30.111,1.2621,1.2619600000000002,1,1.22
30.08.2021 00:17:30.212,1.26209,1.26197,1,1.1
30.08.2021 00:17:30.491,1.26209,1.2619600000000002,1,1.1
30.08.2021 00:17:30.663,1.26209,1.26197,1.5,1.1
30.08.2021 00:17:30.814,1.26209,1.2619600000000002,1.5,1.1
30.08.2021 00:17:31.342,1.26209,1.26197,1.5,1.1
30.08.2021 00:17:31.595,1.26209,1.2619600000000002,1.12,1.79
30.08.2021 00:17:33.132,1.26209,1.26197,1,1.97
30.08.2021 00:17:33.384,1.26209,1.2619600000000002,1,1.1
30.08.2021 00:17:33.485,1.26209,1.26197,1,1.1
30.08.2021 00:17:33.739,1.2621,1.2619600000000002,1.62,1.1
30.08.2021 00:17:35.906,1.26209,1.2619500000000001,1.62,1.1
30.08.2021 00:17:50.283,1.26208,1.26194,1.12,1.1
30.08.2021 00:17:54.313,1.26208,1.26193,1,1.1
30.08.2021 00:18:00.706,1.2620500000000001,1.2619200000000002,1,4.6
30.08.2021 00:18:02.069,1.26203,1.2619,1,1.1
30.08.2021 00:18:02.120,1.262,1.26188,1,3.82
30.08.2021 00:18:02.221,1.26197,1.26184,1,1.1
30.08.2021 00:18:02.375,1.2619600000000002,1.26187,1,1
30.08.2021 00:18:07.235,1.2619799999999999,1.2618500000000001,1,1.1
30.08.2021 00:18:34.489,1.26197,1.2618500000000001,1,1.1
30.08.2021 00:18:34.590,1.26197,1.2618500000000001,1,1.1
30.08.2021 00:18:43.928,1.26194,1.2618200000000002,1,4.6
30.08.2021 00:18:44.029,1.26193,1.2618,1,1.22
30.08.2021 00:18:44.080,1.2619200000000002,1.26179,1,2.1
30.08.2021 00:18:44.181,1.2619,1.2618,1,1.6
30.08.2021 00:18:44.383,1.26191,1.26179,1,1.57
30.08.2021 00:18:56.569,1.26191,1.26181,1,1.1
30.08.2021 00:18:56.671,1.2619200000000002,1.26179,1,1.57
30.08.2021 00:18:56.772,1.2619,1.26178,1,1.6
30.08.2021 00:19:02.290,1.26188,1.26177,1,2.16
30.08.2021 00:19:02.392,1.26189,1.26176,1,2.16
30.08.2021 00:19:13.542,1.2618600000000002,1.26176,1,1.1
30.08.2021 00:19:13.643,1.2618600000000002,1.26173,1,1.22
30.08.2021 00:19:14.301,1.2618500000000001,1.2617200000000002,1,1.6
30.08.2021 00:19:14.694,1.2618500000000001,1.26174,1,1.22
30.08.2021 00:19:15.261,1.2618500000000001,1.2617200000000002,1,1.6
30.08.2021 00:19:16.055,1.2618200000000002,1.26171,1,3.85
30.08.2021 00:19:16.156,1.26181,1.2617,1,1.1
30.08.2021 00:19:16.664,1.2618,1.2617,1,1.1
30.08.2021 00:19:16.765,1.26179,1.26169,1,1.22
30.08.2021 00:19:16.866,1.26179,1.26169,1,1.41
30.08.2021 00:19:24.175,1.2618,1.26168,1,1.1
30.08.2021 00:19:25.566,1.2618,1.26168,1,1.1
30.08.2021 00:19:28.486,1.2618,1.26167,1,2.35
30.08.2021 00:19:42.027,1.26184,1.26174,1,1.1
30.08.2021 00:19:42.380,1.2618600000000002,1.2617200000000002,1,1.1
30.08.2021 00:19:43.578,1.2618500000000001,1.26173,1,1.22
30.08.2021 00:19:43.808,1.26187,1.26174,1,1.22
30.08.2021 00:19:46.116,1.2618500000000001,1.26173,1,1.6
30.08.2021 00:19:46.217,1.2618500000000001,1.26173,1,1.1
30.08.2021 00:19:48.787,1.26183,1.2617200000000002,1,4.6
30.08.2021 00:19:48.888,1.26181,1.2617,1,2.91
30.08.2021 00:20:02.373,1.26181,1.26167,1,4.1
30.08.2021 00:20:03.400,1.2618500000000001,1.26174,1.12,1.1
30.08.2021 00:20:03.501,1.2618500000000001,1.2617200000000002,1,1.1
30.08.2021 00:20:04.232,1.26184,1.2617200000000002,1,1.1
30.08.2021 00:20:08.465,1.2618600000000002,1.26173,1,1.1
30.08.2021 00:20:08.566,1.2618600000000002,1.2617200000000002,1,1.72
30.08.2021 00:20:08.848,1.26188,1.26176,1,1.2
30.08.2021 00:20:09.100,1.26188,1.26176,1,1.1
30.08.2021 00:20:12.801,1.26187,1.26173,1,6.85
30.08.2021 00:20:12.902,1.2618600000000002,1.26173,1,2.35
30.08.2021 00:20:26.573,1.26187,1.2617500000000001,1,1.1
30.08.2021 00:20:26.675,1.2618600000000002,1.26176,1,1.1
30.08.2021 00:20:26.834,1.26187,1.26174,1,1.1
30.08.2021 00:20:27.587,1.26188,1.2617500000000001,1,1.1
30.08.2021 00:20:27.688,1.26187,1.2617500000000001,1,1.1
30.08.2021 00:20:31.754,1.26188,1.26174,1,2.35
30.08.2021 00:20:33.285,1.26187,1.26174,1,1.97
30.08.2021 00:20:43.679,1.26189,1.26178,1,1.57
30.08.2021 00:20:43.781,1.26189,1.26181,1,1.1
30.08.2021 00:20:44.034,1.26193,1.2618,1,1.1
30.08.2021 00:20:44.319,1.2619200000000002,1.26178,1,1.1
30.08.2021 00:20:48.299,1.26191,1.26177,1,6.47
30.08.2021 00:20:51.144,1.26191,1.26177,1,1.97
30.08.2021 00:20:51.194,1.26187,1.26177,1,1.1
30.08.2021 00:20:51.694,1.26187,1.2617500000000001,1,1.1
30.08.2021 00:20:53.571,1.2618600000000002,1.26173,1,1.1
30.08.2021 00:20:53.672,1.2618600000000002,1.2617200000000002,1,2.35
30.08.2021 00:21:03.019,1.2618600000000002,1.26173,1,1.6
30.08.2021 00:21:03.819,1.2618600000000002,1.2617200000000002,1,1.1
30.08.2021 00:21:03.921,1.2618500000000001,1.26174,1,1.1
30.08.2021 00:21:04.851,1.26184,1.2617200000000002,1,1.1
30.08.2021 00:21:04.952,1.26183,1.26168,1,3.85
30.08.2021 00:21:05.412,1.26183,1.26168,1,2.35
30.08.2021 00:21:07.971,1.2618200000000002,1.26168,1,1.1
30.08.2021 00:21:08.073,1.2618200000000002,1.26168,1,1.1
30.08.2021 00:21:09.833,1.26181,1.26167,1,6.1
30.08.2021 00:21:09.884,1.26178,1.26168,1,1.6
30.08.2021 00:21:09.985,1.26179,1.26167,1,1.1
30.08.2021 00:21:10.136,1.26178,1.2616500000000002,1,3.85
30.08.2021 00:21:10.745,1.26178,1.26166,1,1.1
30.08.2021 00:21:12.298,1.26178,1.26164,1.12,1.6
30.08.2021 00:21:12.820,1.26177,1.26164,1,3.1
30.08.2021 00:21:15.769,1.26178,1.26166,1.12,1.1
30.08.2021 00:21:19.075,1.2617500000000001,1.26163,1,1.6
30.08.2021 00:21:22.195,1.26174,1.26163,1,1.1
30.08.2021 00:21:34.220,1.26174,1.26163,1,1.1
30.08.2021 00:21:39.309,1.26174,1.2616200000000002,1,1.1
30.08.2021 00:21:39.410,1.26174,1.2616,1,2.16
30.08.2021 00:21:49.150,1.26174,1.2616,1,2.16
30.08.2021 00:21:56.185,1.2617500000000001,1.2616500000000002,1,1.1
30.08.2021 00:21:58.388,1.2617500000000001,1.2616200000000002,1,1.1
30.08.2021 00:22:01.136,1.26171,1.2616100000000001,1,1.1
30.08.2021 00:22:01.238,1.2617,1.2616,1,1.22
30.08.2021 00:22:04.857,1.26171,1.26158,1,1.6
30.08.2021 00:22:07.365,1.2617,1.26156,1,1.6
30.08.2021 00:22:07.466,1.2617,1.26156,1,1.22
30.08.2021 00:22:07.567,1.2617,1.26156,1,1.6
30.08.2021 00:22:07.942,1.2617,1.26158,1,1.1
30.08.2021 00:22:08.397,1.2617,1.26157,1,1.1
30.08.2021 00:22:08.512,1.2617,1.26158,1,1.6
30.08.2021 00:22:08.614,1.26171,1.26158,1,1.97
30.08.2021 00:22:10.164,1.26171,1.26159,1,1.1
30.08.2021 00:22:12.185,1.2617,1.26159,1,1.6
30.08.2021 00:22:12.660,1.2617,1.26159,1,1.6
30.08.2021 00:22:13.370,1.2617200000000002,1.26158,1,1.6
30.08.2021 00:22:16.718,1.2617200000000002,1.26159,1,1.22
30.08.2021 00:22:21.295,1.2617200000000002,1.2616,1,1.1
30.08.2021 00:22:22.899,1.2617200000000002,1.2616100000000001,1,1.1
30.08.2021 00:22:26.572,1.2617200000000002,1.2616500000000002,1,1
30.08.2021 00:22:26.623,1.26177,1.26166,1,1.1
30.08.2021 00:22:26.674,1.26177,1.26164,1,1.1
30.08.2021 00:22:26.777,1.2617500000000001,1.2616,1,2.54
30.08.2021 00:22:26.879,1.26174,1.2616,1,1.41
30.08.2021 00:22:44.568,1.26177,1.26167,2.62,1.1
30.08.2021 00:22:44.669,1.2617500000000001,1.26164,1,1
30.08.2021 00:22:44.770,1.26174,1.26164,1,1
30.08.2021 00:22:44.872,1.26173,1.26164,1,1
30.08.2021 00:22:44.922,1.2617200000000002,1.26159,1,2.29
30.08.2021 00:22:47.466,1.2617200000000002,1.26159,1,1.22
30.08.2021 00:22:51.045,1.26171,1.26159,1,1.22
30.08.2021 00:22:54.046,1.2617200000000002,1.26159,1,1.22
30.08.2021 00:22:54.927,1.26171,1.2616,1,1.2
30.08.2021 00:22:58.047,1.2617200000000002,1.26158,1.62,2.35
30.08.2021 00:22:59.049,1.2617200000000002,1.26158,1,1.1
30.08.2021 00:23:09.605,1.2617200000000002,1.26158,1,2.35
30.08.2021 00:23:14.753,1.26171,1.26159,1,2.35
30.08.2021 00:23:35.917,1.26171,1.26158,1,1.1
30.08.2021 00:23:39.364,1.26171,1.26159,1.12,1.1
30.08.2021 00:23:40.933,1.2617,1.26158,1,1.1
30.08.2021 00:23:41.034,1.26171,1.26158,1,1.1
30.08.2021 00:23:41.213,1.26171,1.26158,1,1.1
30.08.2021 00:23:53.429,1.26169,1.26158,1,1.97
30.08.2021 00:23:53.530,1.2617,1.26158,1,1.97
30.08.2021 00:24:01.404,1.26171,1.26158,1,1.97
30.08.2021 00:24:04.449,1.2617200000000002,1.26159,1,1.1
30.08.2021 00:24:04.788,1.26173,1.26159,1,1.85
30.08.2021 00:24:06.383,1.2617200000000002,1.26159,1,1.22
30.08.2021 00:24:17.503,1.2617,1.26159,1,3.1
30.08.2021 00:24:24.973,1.26171,1.26158,1,1.6
30.08.2021 00:24:31.158,1.2617,1.2616,1,1.22
30.08.2021 00:24:33.019,1.2617,1.26157,1,5.35
30.08.2021 00:24:34.887,1.26169,1.26156,1,2.35
30.08.2021 00:24:38.148,1.26164,1.2615500000000002,1,3.82
30.08.2021 00:24:38.249,1.26164,1.26153,1,1.1
30.08.2021 00:24:40.064,1.26164,1.2615200000000002,1,1.22
30.08.2021 00:24:40.165,1.26164,1.2615100000000001,1,1.22
30.08.2021 00:25:01.159,1.26163,1.2615,1,1.6
30.08.2021 00:25:01.655,1.2616200000000002,1.2615100000000001,1,1.6
30.08.2021 00:25:17.027,1.26164,1.2615,1,3.1
30.08.2021 00:25:17.128,1.26163,1.2615100000000001,1,3.1
30.08.2021 00:25:19.771,1.26164,1.2615,1,2.35
30.08.2021 00:25:19.872,1.2616200000000002,1.2615100000000001,1,1.6
30.08.2021 00:25:22.172,1.26163,1.2615100000000001,1,3.1
30.08.2021 00:25:22.606,1.26163,1.2615,1,1.6
30.08.2021 00:25:28.983,1.2616100000000001,1.26148,1,1.6
30.08.2021 00:25:29.084,1.2616,1.26148,1,1.1
30.08.2021 00:25:29.236,1.26159,1.26149,1,1.1
30.08.2021 00:25:31.070,1.26157,1.26146,1,1.57
30.08.2021 00:25:32.075,1.26156,1.26146,1,1
30.08.2021 00:25:34.889,1.2615500000000002,1.26146,1,1
30.08.2021 00:25:36.281,1.2615500000000002,1.26147,1,1
30.08.2021 00:25:36.433,1.2615500000000002,1.26146,1,1
30.08.2021 00:25:37.474,1.26154,1.26146,1,1
30.08.2021 00:25:39.560,1.26154,1.26147,1,1
30.08.2021 00:25:41.604,1.26156,1.26146,1,1
30.08.2021 00:25:48.620,1.26158,1.26148,1,1.57
30.08.2021 00:25:48.721,1.26159,1.26147,1,1.6
30.08.2021 00:25:48.998,1.26163,1.2615,3,1.1
30.08.2021 00:25:49.251,1.26164,1.2615,1,1.1
30.08.2021 00:25:53.908,1.26163,1.2615200000000002,1,1.1
30.08.2021 00:25:56.320,1.26164,1.2615100000000001,1,1.1
30.08.2021 00:25:58.076,1.26164,1.2615100000000001,1,1.1
30.08.2021 00:26:03.233,1.26166,1.26156,1,1.57
30.08.2021 00:26:04.102,1.2617,1.26158,1,1.1
30.08.2021 00:26:04.203,1.26171,1.26159,1,1.1
30.08.2021 00:26:04.304,1.2617,1.2616,1,1.1
30.08.2021 00:26:06.062,1.2617200000000002,1.26159,1,1.6
30.08.2021 00:26:06.298,1.26171,1.26159,1,1.1
30.08.2021 00:26:10.537,1.2617,1.26157,1,1.1
30.08.2021 00:26:10.702,1.2617,1.26157,1,1.1
30.08.2021 00:26:19.176,1.26171,1.26158,1,1.1
30.08.2021 00:26:21.543,1.2617200000000002,1.26158,1,2.54
30.08.2021 00:26:42.930,1.2617200000000002,1.26159,1,1.97
30.08.2021 00:26:44.285,1.2617200000000002,1.26163,1,1
30.08.2021 00:26:44.335,1.26173,1.26164,1,1.5
30.08.2021 00:26:44.386,1.26171,1.2616100000000001,1,1.1
30.08.2021 00:26:44.487,1.26171,1.2616,1,1.1
30.08.2021 00:26:44.840,1.26171,1.26158,1,1.1
30.08.2021 00:26:45.061,1.2617,1.26159,1,1.6
30.08.2021 00:26:57.712,1.2617200000000002,1.2616,1,1.22
30.08.2021 00:27:06.144,1.26171,1.2616,1,1.1
30.08.2021 00:27:06.245,1.2617200000000002,1.2616,1,1.1
30.08.2021 00:27:06.513,1.26171,1.2616100000000001,1.62,1.1
30.08.2021 00:27:06.840,1.26171,1.26159,1.12,1.1
30.08.2021 00:27:16.812,1.26168,1.2616,1,1
30.08.2021 00:27:16.913,1.26169,1.26157,1,1.1
30.08.2021 00:27:17.344,1.2617,1.26157,1,1.1
30.08.2021 00:27:21.172,1.2617,1.26158,1,2.35
30.08.2021 00:27:30.943,1.26169,1.26158,1,1.6
30.08.2021 00:27:35.563,1.2617,1.26158,1,2.35
30.08.2021 00:27:42.086,1.26171,1.26159,1,1.1
30.08.2021 00:28:10.517,1.26171,1.26159,1,1.57
30.08.2021 00:28:14.648,1.26171,1.2616,1,1
30.08.2021 00:28:15.202,1.2617200000000002,1.2616,1,1.1
30.08.2021 00:28:15.303,1.2617200000000002,1.2616100000000001,1,1
30.08.2021 00:28:24.008,1.26173,1.2616,1,1.1
30.08.2021 00:28:24.109,1.26173,1.2616100000000001,1,1.1
30.08.2021 00:28:40.397,1.26171,1.26159,1,5.35
30.08.2021 00:28:40.498,1.26171,1.26159,1,1.01
30.08.2021 00:28:40.599,1.2617,1.2616,1,1.35
30.08.2021 00:28:40.923,1.2617200000000002,1.2616,1,1.1
30.08.2021 00:28:50.044,1.26171,1.26158,1,2.54
30.08.2021 00:29:01.219,1.2617200000000002,1.26159,1,1.1
30.08.2021 00:29:18.697,1.2617,1.26159,1,1.6
30.08.2021 00:29:21.571,1.2617,1.26159,1,1.1
30.08.2021 00:29:31.996,1.2617,1.26158,1,1.57
30.08.2021 00:29:32.098,1.26164,1.2615200000000002,1,1.11
30.08.2021 00:29:32.200,1.26164,1.2615,1,2.72
30.08.2021 00:29:32.301,1.26163,1.2615,1,1.1
30.08.2021 00:29:32.965,1.2616200000000002,1.2615,1,1.1
30.08.2021 00:29:33.066,1.2616100000000001,1.26149,1,1.1
30.08.2021 00:29:43.291,1.2616100000000001,1.26147,1,1.1
30.08.2021 00:29:45.195,1.26158,1.26145,1,6.1
30.08.2021 00:29:45.296,1.26158,1.26145,1,4.97
30.08.2021 00:29:47.081,1.26156,1.2614400000000001,1,1.22
30.08.2021 00:29:47.351,1.26157,1.2614400000000001,1,4.79
30.08.2021 00:30:00.196,1.26158,1.26149,1,1
30.08.2021 00:30:00.297,1.26159,1.26147,1,1.57
30.08.2021 00:30:00.449,1.26159,1.26148,1,1
30.08.2021 00:30:00.500,1.2616200000000002,1.26149,1,1.5
30.08.2021 00:30:00.602,1.2616100000000001,1.26147,1,2.35
30.08.2021 00:30:00.703,1.2616100000000001,1.26147,1,1.1
30.08.2021 00:30:03.417,1.2616100000000001,1.26149,1,1.57
30.08.2021 00:30:03.519,1.2616200000000002,1.26149,1,1.5
30.08.2021 00:30:04.260,1.26163,1.26153,1,1
30.08.2021 00:30:04.361,1.2616500000000002,1.2615200000000002,1,1
30.08.2021 00:30:04.463,1.26164,1.2615100000000001,1,1
30.08.2021 00:30:04.953,1.2616200000000002,1.2615100000000001,1,1.1
30.08.2021 00:30:16.762,1.26163,1.2615100000000001,1,1
30.08.2021 00:30:16.863,1.26163,1.2615,1,1.95
30.08.2021 00:30:17.821,1.2616200000000002,1.2615200000000002,1,1
30.08.2021 00:30:19.391,1.26164,1.2615100000000001,1,1.12
30.08.2021 00:30:22.015,1.26163,1.26154,1,1
30.08.2021 00:30:22.117,1.26168,1.26156,1.12,1
30.08.2021 00:30:22.168,1.26168,1.26159,1.5,1
30.08.2021 00:30:22.269,1.26167,1.26156,1,1
30.08.2021 00:30:22.320,1.26164,1.26154,1,1
30.08.2021 00:30:22.421,1.2616500000000002,1.2615200000000002,1,1.5
30.08.2021 00:30:22.705,1.26164,1.2615200000000002,1,1.5
30.08.2021 00:30:23.443,1.26163,1.2615200000000002,1,1.1
30.08.2021 00:30:23.544,1.26163,1.2615100000000001,1,1.1
30.08.2021 00:30:26.192,1.26163,1.2615100000000001,1,1.1
30.08.2021 00:30:27.047,1.26159,1.26149,1,3.82
30.08.2021 00:30:27.148,1.2616100000000001,1.2615,1.1,3.75
30.08.2021 00:30:27.198,1.26158,1.26145,1,4.6
30.08.2021 00:30:27.350,1.2616,1.26148,1,1.6
30.08.2021 00:30:27.451,1.2616100000000001,1.26147,1,1.6
30.08.2021 00:30:27.553,1.2616,1.26147,1,1.6
30.08.2021 00:30:29.685,1.2616,1.26146,1,1.6
30.08.2021 00:30:31.533,1.2616200000000002,1.26149,1.12,1.6
30.08.2021 00:30:31.634,1.2616200000000002,1.26149,1.12,1.1
30.08.2021 00:30:35.627,1.2616100000000001,1.2615,1.12,1.1
30.08.2021 00:30:36.266,1.2616200000000002,1.26148,1.12,1.1
30.08.2021 00:30:36.367,1.2616100000000001,1.26149,1.12,1.1
30.08.2021 00:30:37.748,1.26159,1.26147,1,1.6
30.08.2021 00:30:37.858,1.2616,1.26146,1,1.6
30.08.2021 00:30:37.959,1.26157,1.26145,1,1.1
30.08.2021 00:30:38.476,1.26156,1.2614400000000001,1,3.82
30.08.2021 00:30:39.896,1.26156,1.26146,1,1.1
30.08.2021 00:30:42.768,1.26156,1.26143,1,4.6
30.08.2021 00:30:50.087,1.26156,1.26143,1,1.1
30.08.2021 00:30:54.968,1.2615500000000002,1.2614400000000001,1.62,1.1
30.08.2021 00:31:00.109,1.26156,1.26143,1,1.57
30.08.2021 00:31:03.386,1.26156,1.2614400000000001,1.12,1
30.08.2021 00:31:03.487,1.26158,1.26145,1,1.1
30.08.2021 00:31:03.537,1.2615500000000002,1.2614400000000001,1,2.35
30.08.2021 00:31:12.519,1.2615500000000002,1.26145,1.12,1.1
30.08.2021 00:31:13.099,1.26156,1.2614400000000001,1,1.1
30.08.2021 00:31:13.373,1.26156,1.2614400000000001,1,1.1
30.08.2021 00:31:15.243,1.26156,1.2614400000000001,1,1.1
30.08.2021 00:31:29.486,1.26156,1.26143,1,1.1
30.08.2021 00:31:41.601,1.2615500000000002,1.2614400000000001,1,1.1
30.08.2021 00:32:05.080,1.2615,1.2614400000000001,1,1
30.08.2021 00:32:05.134,1.2615,1.2614200000000002,1,3.75
30.08.2021 00:32:05.191,1.2615100000000001,1.26138,1,2.02
30.08.2021 00:32:13.443,1.26149,1.26137,1,1.1
30.08.2021 00:32:13.550,1.26149,1.26138,1,1.1
30.08.2021 00:32:18.429,1.2615,1.26138,1,1
30.08.2021 00:32:18.480,1.26153,1.2614200000000002,3,1.1
30.08.2021 00:32:30.488,1.26154,1.2614200000000002,1,1
30.08.2021 00:32:30.590,1.26156,1.2614200000000002,1,1.1
30.08.2021 00:32:30.691,1.26156,1.26143,1,1.1
30.08.2021 00:32:32.615,1.26156,1.2614200000000002,1,4.6
30.08.2021 00:32:33.174,1.2615500000000002,1.2614200000000002,1,1.1
30.08.2021 00:32:34.038,1.26156,1.2614200000000002,1,1.1
30.08.2021 00:32:38.403,1.26156,1.2614200000000002,1,1.1
30.08.2021 00:32:42.710,1.26156,1.26143,1,1.1
30.08.2021 00:32:42.811,1.26158,1.2614400000000001,1,1.1
30.08.2021 00:32:43.462,1.26158,1.26145,1,1.1
30.08.2021 00:32:45.222,1.26156,1.26146,1,1.1
30.08.2021 00:32:45.323,1.2615500000000002,1.2614400000000001,1,1.1
30.08.2021 00:32:54.484,1.26158,1.26145,1,1.1
30.08.2021 00:32:55.342,1.26158,1.26146,1,1.1
30.08.2021 00:32:56.302,1.26157,1.26146,1,1.1
30.08.2021 00:32:56.403,1.26158,1.26146,1,1.1
30.08.2021 00:32:59.193,1.26157,1.2614400000000001,1,1.1
30.08.2021 00:32:59.295,1.2615500000000002,1.26145,1,1.1
30.08.2021 00:32:59.580,1.26156,1.26145,1,1.1
30.08.2021 00:32:59.731,1.26158,1.2614400000000001,1,1.1
30.08.2021 00:33:07.934,1.26156,1.26143,1,4.79
30.08.2021 00:33:33.467,1.2615500000000002,1.26145,1,1.1
30.08.2021 00:33:58.456,1.2615500000000002,1.26145,1,1.57
30.08.2021 00:33:59.843,1.26156,1.2614400000000001,1,1.1
30.08.2021 00:34:02.604,1.2616100000000001,1.26148,3,1.6
30.08.2021 00:34:02.706,1.26163,1.2615100000000001,1,1.6
30.08.2021 00:34:03.203,1.26163,1.26153,1,3.75
30.08.2021 00:34:04.054,1.26164,1.26154,1,3.75
30.08.2021 00:34:04.195,1.26164,1.2615200000000002,1,3.82
30.08.2021 00:34:05.181,1.26164,1.26153,1,3.75
30.08.2021 00:34:05.285,1.26164,1.2615200000000002,1,3.82
30.08.2021 00:34:11.432,1.26164,1.26154,1,1.6
30.08.2021 00:34:11.735,1.26171,1.26157,1.1,1.1
30.08.2021 00:34:11.836,1.2617,1.26159,1,1.1
30.08.2021 00:34:12.307,1.26171,1.2616,1,3.75
30.08.2021 00:34:12.586,1.26171,1.26158,1,4.6
30.08.2021 00:34:12.688,1.2617,1.2616100000000001,1,3.75
30.08.2021 00:34:13.142,1.2617,1.26159,1,4.6
30.08.2021 00:34:15.009,1.26171,1.2616,1,3.75
30.08.2021 00:34:15.278,1.26171,1.26159,1,3.82
30.08.2021 00:34:17.904,1.2617200000000002,1.26159,1,1.1
30.08.2021 00:34:33.703,1.2617200000000002,1.26159,1,1.1
30.08.2021 00:34:36.457,1.2617200000000002,1.26159,1,4.6
30.08.2021 00:34:36.558,1.26173,1.26159,1,4.6
30.08.2021 00:34:44.875,1.26176,1.26168,1,1
30.08.2021 00:34:44.976,1.2618,1.26167,1,3.82
30.08.2021 00:34:45.896,1.2618,1.26166,1,1.1
30.08.2021 00:34:49.655,1.2618,1.26167,1,1.1
30.08.2021 00:34:52.701,1.2618,1.2617,1,1
30.08.2021 00:34:52.802,1.26188,1.26176,1,1
30.08.2021 00:34:52.903,1.26189,1.26176,1,1.1
30.08.2021 00:34:53.004,1.26188,1.2618,1,2.25
30.08.2021 00:34:53.055,1.2619500000000001,1.2618200000000002,1.57,1
30.08.2021 00:34:53.206,1.26194,1.26183,1,1.1
30.08.2021 00:34:53.458,1.2619600000000002,1.26183,1,1.1
30.08.2021 00:35:03.277,1.2619500000000001,1.26184,1,4.6
30.08.2021 00:35:10.692,1.2619500000000001,1.2618500000000001,1,3.82
30.08.2021 00:35:21.403,1.2619600000000002,1.2618500000000001,1,4.6
30.08.2021 00:35:24.565,1.26201,1.26189,1,1.57
30.08.2021 00:35:24.666,1.2620200000000001,1.2619,2.25,1.1
30.08.2021 00:35:24.818,1.26203,1.2619,1,4.57
30.08.2021 00:35:25.144,1.26203,1.26191,1,3.75
30.08.2021 00:35:25.315,1.26203,1.2619,1,4.57
30.08.2021 00:35:27.771,1.262,1.26189,1,4.95
30.08.2021 00:35:27.873,1.262,1.26187,1,4.57
30.08.2021 00:35:33.008,1.26199,1.2618600000000002,1,1.1
30.08.2021 00:35:33.110,1.26194,1.2618500000000001,1,3.82
30.08.2021 00:35:41.327,1.2619500000000001,1.26181,1,1.1
30.08.2021 00:35:46.057,1.26194,1.2618,1,2.35
30.08.2021 00:35:46.841,1.26188,1.2618,1,3.75
30.08.2021 00:35:46.892,1.26191,1.26179,1,3.75
30.08.2021 00:35:46.993,1.26188,1.26176,1,2.02
30.08.2021 00:35:51.247,1.26187,1.26179,1,1
30.08.2021 00:35:51.297,1.2619200000000002,1.2618,2.25,1.6
30.08.2021 00:35:51.398,1.26194,1.26181,1,1.97
30.08.2021 00:35:53.443,1.26194,1.26183,1,1.1
30.08.2021 00:35:55.710,1.2619500000000001,1.26183,1,1.1
30.08.2021 00:35:58.328,1.2619500000000001,1.2618,1,5.54
30.08.2021 00:35:58.429,1.26193,1.2618,1,3.82
30.08.2021 00:35:58.686,1.26193,1.26178,1.1,1.6
30.08.2021 00:36:11.702,1.2619200000000002,1.26181,1,1.1
30.08.2021 00:36:11.752,1.2619500000000001,1.2618200000000002,1,1.1
30.08.2021 00:36:11.954,1.2619500000000001,1.2618200000000002,1,1.1
30.08.2021 00:36:14.374,1.26194,1.26183,1,3.82
30.08.2021 00:36:21.453,1.26193,1.26181,1,2.35
30.08.2021 00:36:27.606,1.2619500000000001,1.26181,1,2.35
30.08.2021 00:36:29.228,1.2619500000000001,1.2618200000000002,1,1.1
30.08.2021 00:36:46.657,1.2619200000000002,1.26183,1,1.1
30.08.2021 00:36:55.867,1.2619200000000002,1.26181,1,6.1
30.08.2021 00:36:56.084,1.2619200000000002,1.2618200000000002,1,3.1
30.08.2021 00:36:56.494,1.2619200000000002,1.26181,1,4.6
30.08.2021 00:36:56.545,1.26194,1.26181,1.1,3.75
30.08.2021 00:36:56.596,1.26189,1.2618,1,1.1
30.08.2021 00:36:56.697,1.26187,1.26177,1,1.2
30.08.2021 00:36:56.798,1.2618600000000002,1.26176,1,3.75
30.08.2021 00:36:56.899,1.2618600000000002,1.2617500000000001,1,1.1
30.08.2021 00:36:57.000,1.2618600000000002,1.26176,1,1.1
30.08.2021 00:36:57.403,1.2618500000000001,1.26176,1,1.1
30.08.2021 00:36:57.504,1.2618500000000001,1.26173,1,5.35
30.08.2021 00:36:59.872,1.26184,1.2617200000000002,1,1.1
30.08.2021 00:36:59.973,1.2618200000000002,1.26171,1.1,3.75
30.08.2021 00:37:00.024,1.26179,1.26167,1,4.57
30.08.2021 00:37:03.422,1.26178,1.2616500000000002,1,4.6
30.08.2021 00:37:05.604,1.26177,1.26166,1,1.1
30.08.2021 00:37:05.857,1.26179,1.26167,1,1.1
30.08.2021 00:37:06.228,1.26183,1.2617200000000002,1,1.1
30.08.2021 00:37:06.278,1.2618500000000001,1.26173,1,1.1
30.08.2021 00:37:06.430,1.2618500000000001,1.26173,1,1.6
30.08.2021 00:37:07.503,1.2618600000000002,1.26173,1,1.1
30.08.2021 00:37:07.654,1.2618500000000001,1.2617200000000002,1,5.35
30.08.2021 00:37:22.378,1.2618500000000001,1.26173,1,4.6
30.08.2021 00:37:23.139,1.2618600000000002,1.26174,1,3.85
30.08.2021 00:37:24.618,1.2618600000000002,1.26176,1,1.1
30.08.2021 00:37:27.372,1.26188,1.2617500000000001,1,1.1
30.08.2021 00:37:30.365,1.26193,1.2618200000000002,2.25,1
30.08.2021 00:37:30.467,1.26194,1.26183,1,1.1
30.08.2021 00:37:38.583,1.2619500000000001,1.2618200000000002,1,1.1
30.08.2021 00:37:39.352,1.26193,1.2618200000000002,1,4.57
30.08.2021 00:37:39.756,1.26194,1.26183,1,1.1
30.08.2021 00:37:44.128,1.26194,1.2618,1,6.1
30.08.2021 00:37:53.102,1.2619500000000001,1.2618,1,6.1
30.08.2021 00:37:53.203,1.26194,1.2618,1,3.82
30.08.2021 00:38:01.702,1.26194,1.2618,1,2.35
30.08.2021 00:38:03.887,1.2619500000000001,1.2618200000000002,1,1.1
30.08.2021 00:38:04.347,1.2619500000000001,1.26183,1,1.57
30.08.2021 00:38:04.448,1.2619600000000002,1.2618200000000002,1,5.35
30.08.2021 00:38:11.578,1.2619600000000002,1.26183,1,5.35
30.08.2021 00:38:16.634,1.2619500000000001,1.2618200000000002,1,1
30.08.2021 00:38:16.735,1.26193,1.26181,1,1.57
30.08.2021 00:38:22.769,1.2619600000000002,1.2618200000000002,1,1.1
30.08.2021 00:38:34.499,1.2619600000000002,1.26181,1.1,1.57
30.08.2021 00:38:34.650,1.2619500000000001,1.26183,1,1.57
30.08.2021 00:38:36.284,1.2619600000000002,1.26181,1.1,1.1
30.08.2021 00:38:36.602,1.2619500000000001,1.26183,1,1.1
30.08.2021 00:38:43.356,1.2619600000000002,1.26181,1.1,1.57
30.08.2021 00:38:43.736,1.2619600000000002,1.2618200000000002,1,1.1
30.08.2021 00:38:49.169,1.2619600000000002,1.26181,1.1,1.57
30.08.2021 00:38:49.604,1.2619500000000001,1.2618,1,5.35
30.08.2021 00:38:59.860,1.2619500000000001,1.2618,1.1,1.57
30.08.2021 00:39:14.865,1.2619600000000002,1.2618200000000002,1,1.1
30.08.2021 00:39:15.067,1.2619600000000002,1.26183,1.1,1.1
30.08.2021 00:39:16.260,1.2619600000000002,1.2618200000000002,1,4.57
30.08.2021 00:39:16.530,1.2619600000000002,1.26184,1.1,1
30.08.2021 00:39:18.504,1.2619600000000002,1.2618500000000001,1,3.75
30.08.2021 00:39:18.608,1.26197,1.26183,1,1.1
30.08.2021 00:39:26.796,1.2619600000000002,1.2618200000000002,1,5.32
30.08.2021 00:39:29.029,1.2619500000000001,1.2618200000000002,1,3.75
30.08.2021 00:39:29.131,1.26193,1.26181,1,1.1
30.08.2021 00:39:40.498,1.2619200000000002,1.2618,1,1.1
30.08.2021 00:39:54.036,1.2619600000000002,1.2618200000000002,3,1.6
30.08.2021 00:39:54.137,1.2619799999999999,1.26183,1.1,1.6
30.08.2021 00:39:59.707,1.26197,1.2618600000000002,1.1,1
30.08.2021 00:39:59.811,1.2619799999999999,1.26184,1.1,1.57
30.08.2021 00:40:02.343,1.2619799999999999,1.26184,1,2.35
30.08.2021 00:40:02.777,1.2619600000000002,1.26184,1,1.6
30.08.2021 00:40:20.745,1.2619600000000002,1.26184,1.1,1.1
30.08.2021 00:40:20.947,1.2619500000000001,1.26183,1.1,1.1
30.08.2021 00:40:23.916,1.2619500000000001,1.26183,1.1,1
30.08.2021 00:40:24.676,1.2619600000000002,1.26184,1.57,1
30.08.2021 00:40:25.722,1.2619600000000002,1.26183,1.57,1.57
30.08.2021 00:40:27.418,1.2619600000000002,1.26184,1.5,1.1
30.08.2021 00:40:28.128,1.26197,1.2618200000000002,1.57,1.57
30.08.2021 00:40:30.794,1.2619600000000002,1.26183,1.6,1
30.08.2021 00:40:32.058,1.26197,1.2618200000000002,1.57,1.1
30.08.2021 00:40:33.154,1.26197,1.2618200000000002,1.5,1.6
30.08.2021 00:40:48.007,1.2619600000000002,1.26183,1.57,1.57
30.08.2021 00:40:48.563,1.26197,1.26183,1.57,1
30.08.2021 00:40:52.269,1.2619600000000002,1.2618200000000002,1,5.32
30.08.2021 00:41:00.311,1.2619600000000002,1.2618200000000002,1.6,1
30.08.2021 00:41:00.362,1.26194,1.2618,1,1.57
30.08.2021 00:41:09.101,1.26194,1.2618,1,1.6
30.08.2021 00:41:10.105,1.2619500000000001,1.26181,1.5,1.1
30.08.2021 00:41:11.541,1.2619200000000002,1.2618,1,3.75
30.08.2021 00:41:11.642,1.2619200000000002,1.26178,1,1.1
30.08.2021 00:41:11.793,1.26191,1.26177,1.1,1
30.08.2021 00:41:11.895,1.2619,1.26176,1,1.57
30.08.2021 00:41:29.343,1.26188,1.26176,1,1.1
30.08.2021 00:41:32.002,1.2619200000000002,1.26183,2.25,1
30.08.2021 00:41:32.103,1.26193,1.26183,2.25,1
30.08.2021 00:41:32.154,1.26197,1.26183,1.1,1
30.08.2021 00:41:32.510,1.2619799999999999,1.26183,1.1,1.57
30.08.2021 00:41:32.611,1.26197,1.2618500000000001,1,1.1
30.08.2021 00:41:33.517,1.26199,1.26184,1.57,4.57
30.08.2021 00:41:34.752,1.26199,1.2618500000000001,1.57,3.75
30.08.2021 00:41:36.330,1.2619799999999999,1.2618500000000001,1.57,5.7
30.08.2021 00:41:40.728,1.2619799999999999,1.26184,1,1.1
30.08.2021 00:41:40.829,1.2619799999999999,1.26183,1.1,1.57
30.08.2021 00:41:41.274,1.2619799999999999,1.26184,1,1.1
30.08.2021 00:42:02.894,1.26199,1.2618500000000001,1.1,1
30.08.2021 00:42:03.197,1.26201,1.26191,2.25,1
30.08.2021 00:42:03.299,1.2620500000000001,1.26194,2.25,1
30.08.2021 00:42:03.400,1.26208,1.26193,1.6,1
30.08.2021 00:42:30.316,1.26208,1.26199,2.25,1
30.08.2021 00:42:30.367,1.26213,1.26199,1.65,1.1
30.08.2021 00:42:30.518,1.26214,1.262,1.1,1
30.08.2021 00:42:32.755,1.2621200000000001,1.262,1.1,1.1
30.08.2021 00:42:33.873,1.2621,1.2619500000000001,1.1,5.72
30.08.2021 00:42:33.975,1.2621,1.2619500000000001,1.1,1.1
30.08.2021 00:42:42.391,1.26209,1.26197,1,1.1
30.08.2021 00:42:42.492,1.2620600000000002,1.2619200000000002,1.1,1.2
30.08.2021 00:42:42.593,1.2620600000000002,1.26191,1.1,1.1
30.08.2021 00:43:00.972,1.26208,1.26193,3.07,1.1
30.08.2021 00:43:01.073,1.26207,1.26193,1,1.1
30.08.2021 00:43:18.283,1.26208,1.26193,1.1,1.57
30.08.2021 00:43:32.078,1.2620500000000001,1.26193,1,1
30.08.2021 00:43:32.129,1.2620500000000001,1.26191,1,4.57
30.08.2021 00:43:32.281,1.26204,1.2619,1.1,1
30.08.2021 00:43:32.382,1.26203,1.26189,1.1,1
30.08.2021 00:43:34.499,1.26203,1.26189,1.1,1
30.08.2021 00:44:01.463,1.26203,1.26189,1.1,1
30.08.2021 00:44:04.933,1.26201,1.2619,2.25,1
30.08.2021 00:44:07.246,1.26203,1.26189,1.1,1
30.08.2021 00:44:08.436,1.26203,1.26188,1.1,1
30.08.2021 00:44:08.766,1.26203,1.26188,1.1,1.1
30.08.2021 00:44:10.001,1.26203,1.26188,1.1,1
30.08.2021 00:44:16.492,1.2619799999999999,1.2618600000000002,1,1
30.08.2021 00:44:16.593,1.2619799999999999,1.26183,1.1,1.2
30.08.2021 00:44:36.482,1.26197,1.2618200000000002,1.1,1.57
30.08.2021 00:44:36.583,1.2619799999999999,1.26183,1.1,1
30.08.2021 00:44:37.238,1.26197,1.26184,1.1,1.1
30.08.2021 00:44:48.869,1.26197,1.2618200000000002,1,2.35
30.08.2021 00:44:51.341,1.26197,1.2618200000000002,1.1,1.57
30.08.2021 00:44:55.851,1.26197,1.2618200000000002,1.1,1
30.08.2021 00:44:56.003,1.2619500000000001,1.2618200000000002,1.1,1
30.08.2021 00:45:00.705,1.26194,1.26181,1.1,1.1
30.08.2021 00:45:01.331,1.26194,1.26181,1.1,1
30.08.2021 00:45:01.382,1.26191,1.26177,1,3.82
30.08.2021 00:45:01.484,1.2619,1.2617500000000001,1,1.6
30.08.2021 00:45:01.881,1.2619,1.2617500000000001,1.1,1.57
30.08.2021 00:45:02.103,1.26191,1.26176,1.1,1
30.08.2021 00:45:02.415,1.26191,1.26176,1.1,1.1
30.08.2021 00:45:02.868,1.26191,1.26176,1,1.1
30.08.2021 00:45:03.181,1.2619,1.2617500000000001,1,1.6
30.08.2021 00:45:03.282,1.26189,1.26176,1.1,1.57
30.08.2021 00:45:03.525,1.26189,1.26176,1,1.6
30.08.2021 00:45:03.626,1.2619,1.2617500000000001,1.1,1.57
30.08.2021 00:45:03.878,1.2619,1.2617500000000001,1,1.6
30.08.2021 00:45:06.623,1.26191,1.26176,1.1,1.1
30.08.2021 00:45:12.992,1.2619,1.26177,1.1,1
30.08.2021 00:45:16.195,1.26189,1.26176,1.1,1.57
30.08.2021 00:45:40.104,1.2619200000000002,1.26177,3.1,1.5
30.08.2021 00:45:40.206,1.2619,1.26176,1,1.1
30.08.2021 00:45:40.500,1.2619,1.26177,1.1,1.57
30.08.2021 00:45:40.601,1.26191,1.26176,1,1.6
30.08.2021 00:45:41.583,1.26191,1.26176,1,1.6
30.08.2021 00:45:45.794,1.2619500000000001,1.2618200000000002,2.25,1.1
30.08.2021 00:45:45.947,1.2619799999999999,1.26183,3.07,1.1
30.08.2021 00:45:46.791,1.2619799999999999,1.26183,1.1,1.1
30.08.2021 00:45:49.599,1.2619600000000002,1.2618200000000002,1,1.1
30.08.2021 00:45:49.866,1.2619500000000001,1.2618,1,1.1
30.08.2021 00:45:50.353,1.26191,1.26178,1,4.5
30.08.2021 00:45:50.455,1.26188,1.26177,1,1.27
30.08.2021 00:45:50.556,1.26188,1.2617500000000001,1,1.6
30.08.2021 00:45:50.657,1.26188,1.2617500000000001,1,1.6
30.08.2021 00:45:53.887,1.2619,1.26176,1,1.1
30.08.2021 00:45:59.611,1.2619,1.2617500000000001,1.1,1.1
30.08.2021 00:46:01.487,1.2619,1.2617500000000001,1,1.6
30.08.2021 00:46:01.588,1.2619,1.26176,1,1.1
30.08.2021 00:46:01.911,1.2619200000000002,1.26177,1.1,1.1
30.08.2021 00:46:02.062,1.2619200000000002,1.26177,1,1.1
30.08.2021 00:46:03.172,1.2619200000000002,1.2618200000000002,2.25,2.35
30.08.2021 00:46:03.273,1.26197,1.2618200000000002,1,1.6
30.08.2021 00:46:03.805,1.26197,1.26184,1.1,1.1
30.08.2021 00:46:05.051,1.26197,1.26184,1,1.1
30.08.2021 00:46:07.643,1.2619600000000002,1.26183,1,5.35
30.08.2021 00:46:14.674,1.26197,1.2618500000000001,1,1
30.08.2021 00:46:14.776,1.262,1.26187,2.25,1.1
30.08.2021 00:46:14.877,1.262,1.26188,3,1.1
30.08.2021 00:46:18.034,1.26201,1.2618600000000002,1.1,1.6
30.08.2021 00:46:22.971,1.2619799999999999,1.26184,1.1,1.1
30.08.2021 00:46:26.093,1.26197,1.2618200000000002,1,1.6
30.08.2021 00:46:29.078,1.2619600000000002,1.26181,1,1.6
30.08.2021 00:46:29.185,1.26197,1.2618200000000002,1.1,1.1
30.08.2021 00:46:29.336,1.2619600000000002,1.2618200000000002,1,1.1
30.08.2021 00:46:33.026,1.2619600000000002,1.26183,1.1,1.6
30.08.2021 00:46:35.943,1.2619600000000002,1.2618200000000002,1,1.1
30.08.2021 00:46:38.437,1.26197,1.2618200000000002,1.1,1.1
30.08.2021 00:46:38.853,1.2619600000000002,1.26181,1.1,1.6
30.08.2021 00:46:46.347,1.2619600000000002,1.2618200000000002,1,1.1
30.08.2021 00:46:52.233,1.26197,1.2618200000000002,1.1,1.6
30.08.2021 00:46:55.033,1.2619600000000002,1.2618200000000002,1,1.6
30.08.2021 00:46:55.134,1.2619500000000001,1.26181,1.1,3.75
30.08.2021 00:46:55.235,1.2619500000000001,1.2618,1.1,1.57
30.08.2021 00:46:58.070,1.2619500000000001,1.2618,1.1,2.35
30.08.2021 00:47:02.818,1.2619500000000001,1.2618,1,3.1
30.08.2021 00:47:03.541,1.26194,1.26181,1.1,1.1
30.08.2021 00:47:03.592,1.26193,1.26178,1.1,4.57
30.08.2021 00:47:12.299,1.26194,1.2618200000000002,2.25,1.1
30.08.2021 00:47:12.400,1.2619500000000001,1.26184,1,1.1
30.08.2021 00:47:14.042,1.26197,1.26188,1,1
30.08.2021 00:47:14.093,1.26201,1.26189,2.25,1.1
30.08.2021 00:47:14.144,1.26203,1.2619,2.25,1.6
30.08.2021 00:47:14.245,1.2620600000000002,1.26191,1.1,1.1
30.08.2021 00:47:26.628,1.26204,1.26189,1.1,5.72
30.08.2021 00:47:26.779,1.26204,1.2619,2.25,1.6
30.08.2021 00:47:26.880,1.2620500000000001,1.2619,1.1,1.6
30.08.2021 00:47:26.981,1.26203,1.26191,1,1.6
30.08.2021 00:47:27.378,1.2620200000000001,1.26189,1.1,4.6
30.08.2021 00:47:27.480,1.26203,1.26188,1.1,1.1
30.08.2021 00:47:28.455,1.26201,1.26188,2.25,1.1
30.08.2021 00:47:30.621,1.26203,1.26188,1.1,1.1
30.08.2021 00:47:34.786,1.26199,1.2618600000000002,1,1.6
30.08.2021 00:47:34.887,1.26199,1.2618500000000001,1,1.1
30.08.2021 00:47:35.564,1.26199,1.26184,1.1,1.1
30.08.2021 00:47:37.947,1.26197,1.26184,1.1,1.6
30.08.2021 00:47:40.829,1.2619799999999999,1.26183,1.1,1.57
30.08.2021 00:47:54.330,1.26199,1.26184,3.85,1
30.08.2021 00:47:54.897,1.26199,1.26184,1.1,1.57
30.08.2021 00:47:55.028,1.26199,1.26184,1,1.6
30.08.2021 00:47:57.222,1.262,1.2618500000000001,1.1,1.1
30.08.2021 00:47:58.693,1.26201,1.26188,1.1,1.6
30.08.2021 00:47:59.204,1.2620200000000001,1.26187,1.1,1
30.08.2021 00:48:00.112,1.26199,1.2618600000000002,1.1,4.57
30.08.2021 00:48:24.605,1.2619799999999999,1.2618600000000002,1,1.1
30.08.2021 00:48:24.707,1.26199,1.2618500000000001,1,1.1
30.08.2021 00:48:26.038,1.26197,1.26183,1,5.35
30.08.2021 00:48:31.701,1.26197,1.26183,1,1.1
30.08.2021 00:48:34.128,1.26197,1.2618200000000002,1.1,1.1
30.08.2021 00:48:34.432,1.26197,1.2618200000000002,1,1.6
30.08.2021 00:48:37.272,1.2619600000000002,1.26181,1,1.6
30.08.2021 00:48:40.352,1.26197,1.2618200000000002,1.1,1.57
30.08.2021 00:48:44.828,1.2619600000000002,1.2618200000000002,1,1.1
30.08.2021 00:48:45.459,1.2619500000000001,1.26183,1,1.6
30.08.2021 00:48:46.598,1.2619600000000002,1.2618200000000002,1,1.1
30.08.2021 00:48:47.204,1.2619600000000002,1.2618200000000002,1,1.1
30.08.2021 00:48:49.195,1.26197,1.2618200000000002,1,1.6
30.08.2021 00:48:58.416,1.26197,1.2618200000000002,1.1,2.32
30.08.2021 00:48:58.624,1.2619500000000001,1.26183,1,1.1
30.08.2021 00:48:58.725,1.26191,1.26179,2.32,3.75
30.08.2021 00:48:58.776,1.26189,1.2617500000000001,1,1.1
30.08.2021 00:48:58.877,1.26189,1.26174,1.1,2.54
30.08.2021 00:49:04.813,1.26189,1.26174,1,1.6
30.08.2021 00:49:05.906,1.26189,1.26176,1.1,1.6
30.08.2021 00:49:06.007,1.26189,1.26177,1,1.1
30.08.2021 00:49:09.302,1.26189,1.26176,1,1.6
30.08.2021 00:49:09.454,1.26189,1.26174,1,1.1
30.08.2021 00:49:09.951,1.26189,1.26174,1.1,1.1
30.08.2021 00:49:13.729,1.2618600000000002,1.2617200000000002,1.1,1.57
30.08.2021 00:49:13.830,1.2618500000000001,1.26171,1.1,3.82
30.08.2021 00:49:21.360,1.26188,1.26174,1.1,1.1
30.08.2021 00:49:21.461,1.26188,1.26174,1,1.1
30.08.2021 00:49:25.197,1.26189,1.26174,1.1,1.6
30.08.2021 00:49:30.862,1.26188,1.26174,1,1.6
30.08.2021 00:49:30.963,1.26189,1.26174,1.1,1.6
30.08.2021 00:49:33.932,1.26188,1.26173,1.1,5.35
30.08.2021 00:49:34.033,1.26188,1.26173,1,6.1
30.08.2021 00:49:34.439,1.26188,1.2617500000000001,1.1,1.1
30.08.2021 00:49:34.784,1.26187,1.2617500000000001,1,1.6
30.08.2021 00:49:35.377,1.26188,1.2617500000000001,1.1,1.6
30.08.2021 00:49:45.368,1.26189,1.26174,1.1,1.1
30.08.2021 00:49:46.329,1.26188,1.2617500000000001,1.1,1.1
30.08.2021 00:49:46.683,1.26189,1.26174,1.1,1.1
30.08.2021 00:49:46.924,1.26188,1.2617500000000001,1.1,1.1
30.08.2021 00:49:47.125,1.26188,1.26174,1,1.1
30.08.2021 00:49:47.873,1.26187,1.2617500000000001,1.1,1.1
30.08.2021 00:49:48.390,1.26189,1.26174,1.1,1.1
30.08.2021 00:49:51.019,1.26188,1.2617500000000001,1.1,1.1
30.08.2021 00:49:52.035,1.26188,1.2617500000000001,1.1,1.6
30.08.2021 00:49:52.136,1.26187,1.2617500000000001,1,1.1
30.08.2021 00:49:52.238,1.26189,1.26174,1.1,1.1
30.08.2021 00:49:52.439,1.26187,1.2617500000000001,1.1,1.1
30.08.2021 00:49:53.527,1.26188,1.2617500000000001,1.1,1.6
30.08.2021 00:49:53.628,1.26188,1.26174,1,1.1
30.08.2021 00:49:54.191,1.26188,1.2617500000000001,1.1,1.6
30.08.2021 00:49:54.986,1.26188,1.26174,1.1,1.1
30.08.2021 00:49:57.762,1.26187,1.26174,1.1,1.1
30.08.2021 00:50:03.133,1.26188,1.26173,1.1,1.1
30.08.2021 00:50:05.149,1.26188,1.26173,1,4.6
30.08.2021 00:50:10.215,1.26188,1.26173,1.1,4.6
30.08.2021 00:50:12.474,1.2618600000000002,1.26173,1,2.35
30.08.2021 00:50:22.497,1.26188,1.26173,1.1,1.1
30.08.2021 00:50:22.598,1.26187,1.26174,1,1.1
30.08.2021 00:50:22.850,1.26188,1.26173,1.1,1.1
30.08.2021 00:50:37.232,1.26188,1.26173,1,4.6
30.08.2021 00:50:41.734,1.26188,1.26179,1,1.5
30.08.2021 00:50:41.785,1.2619,1.26181,2.25,1.1
30.08.2021 00:50:41.886,1.2619500000000001,1.26181,1,1.1
30.08.2021 00:50:45.858,1.26194,1.2618,1,4.6
30.08.2021 00:50:45.960,1.26193,1.26179,1,1.6
30.08.2021 00:50:48.417,1.26189,1.26177,1,3.75
30.08.2021 00:50:48.518,1.26187,1.26178,1,3.75
30.08.2021 00:50:48.569,1.26188,1.2617500000000001,1,1.27
30.08.2021 00:51:03.754,1.26189,1.2617500000000001,1.1,1.1
30.08.2021 00:51:24.647,1.26187,1.2617500000000001,1,1.1
30.08.2021 00:51:24.748,1.26189,1.26174,1.1,1.6
30.08.2021 00:51:48.694,1.26189,1.26173,1,1.5
30.08.2021 00:51:49.596,1.26189,1.2617500000000001,3.75,1
30.08.2021 00:51:56.185,1.26189,1.26174,2.25,2.25
30.08.2021 00:51:56.387,1.26189,1.2617500000000001,1,2.25
30.08.2021 00:52:00.498,1.2619,1.2617500000000001,1,1
30.08.2021 00:52:00.791,1.2619,1.26174,1,2.25
30.08.2021 00:52:02.099,1.2619,1.2617500000000001,1,1
30.08.2021 00:52:02.816,1.2619,1.26174,1,1.5
30.08.2021 00:52:04.554,1.2619,1.26174,1.1,1.6
30.08.2021 00:52:11.613,1.2619,1.26177,1,1.57
30.08.2021 00:52:12.265,1.26188,1.26177,1.5,3.82
30.08.2021 00:52:12.367,1.26184,1.26171,2.25,1.1
30.08.2021 00:52:13.183,1.2618500000000001,1.2617200000000002,1.1,1
30.08.2021 00:52:13.234,1.2618500000000001,1.26173,1,1.6
30.08.2021 00:52:13.285,1.26187,1.2617500000000001,3,1.1
30.08.2021 00:52:13.861,1.26189,1.26174,1.1,1.6
30.08.2021 00:52:16.981,1.26184,1.26174,1,1.5
30.08.2021 00:52:17.083,1.26178,1.26167,1.57,1
30.08.2021 00:52:17.133,1.26176,1.26167,1,1
30.08.2021 00:52:17.235,1.26176,1.26163,1,1.2
30.08.2021 00:52:17.388,1.2617200000000002,1.2616,1,6.55
30.08.2021 00:52:17.490,1.26174,1.26159,1,5.35
30.08.2021 00:52:17.592,1.26173,1.2616,1.1,5.35
30.08.2021 00:52:21.965,1.26176,1.2616100000000001,1.1,2.35
30.08.2021 00:52:22.069,1.2617500000000001,1.2616200000000002,1,1.97
30.08.2021 00:52:23.073,1.26176,1.2616100000000001,1.1,1.6
30.08.2021 00:52:23.326,1.2617500000000001,1.2616,1,1.79
30.08.2021 00:52:26.239,1.26177,1.26166,2.25,1.1
30.08.2021 00:52:26.340,1.2618,1.2616500000000002,1.1,1.6
30.08.2021 00:52:26.492,1.26179,1.2616500000000002,2.25,1.6
30.08.2021 00:52:26.593,1.26179,1.26166,1.1,2.1
30.08.2021 00:52:26.983,1.26181,1.26166,1.1,1.22
30.08.2021 00:52:28.074,1.2618,1.26166,1,1.1
30.08.2021 00:52:28.365,1.2618,1.26167,1.1,1.1
30.08.2021 00:52:28.746,1.2618,1.26167,1.1,1.1
30.08.2021 00:52:33.214,1.26179,1.26166,1,1.97
30.08.2021 00:52:34.973,1.26183,1.26171,3.07,1
30.08.2021 00:52:35.821,1.26183,1.2617200000000002,1,1.5
30.08.2021 00:52:35.872,1.26188,1.26174,1.1,1.5
30.08.2021 00:52:42.388,1.26189,1.2617500000000001,1.1,1
30.08.2021 00:52:42.590,1.26189,1.26174,1.1,1.57
30.08.2021 00:52:44.034,1.26187,1.26174,1.1,1.1
30.08.2021 00:52:44.136,1.26187,1.2617500000000001,1.1,1
30.08.2021 00:52:44.237,1.26188,1.26173,1.1,1.1
30.08.2021 00:52:44.338,1.26189,1.26174,1.1,1.1
30.08.2021 00:52:44.439,1.26188,1.26173,1,1.6
30.08.2021 00:52:46.360,1.26187,1.26174,1.1,1.1
30.08.2021 00:52:47.514,1.26183,1.2617200000000002,1,4.5
30.08.2021 00:52:47.615,1.2618200000000002,1.2617200000000002,1,1
30.08.2021 00:52:47.716,1.2618200000000002,1.26167,1.1,5.32
30.08.2021 00:52:51.600,1.26181,1.26168,1.1,1
30.08.2021 00:53:02.311,1.2618,1.26166,1,1.57
30.08.2021 00:53:03.195,1.26181,1.26167,1.1,1
30.08.2021 00:53:21.851,1.26179,1.26164,1.1,4.57
30.08.2021 00:53:21.902,1.2617500000000001,1.2616500000000002,1.1,3.75
30.08.2021 00:53:21.952,1.2617500000000001,1.2616200000000002,1,1.2
30.08.2021 00:53:22.053,1.2617500000000001,1.2616100000000001,1,1.1
30.08.2021 00:53:23.998,1.26174,1.2616,1,1.57
30.08.2021 00:53:24.099,1.2617500000000001,1.2616,1.1,1.57
30.08.2021 00:53:24.953,1.26173,1.2616,1.1,4.57
30.08.2021 00:53:25.054,1.26173,1.26159,1.1,1
30.08.2021 00:53:29.052,1.2617500000000001,1.2616100000000001,3,1.57
30.08.2021 00:53:29.153,1.26176,1.2616100000000001,1,3.85
30.08.2021 00:53:29.254,1.26177,1.2616200000000002,1.1,1.1
30.08.2021 00:53:31.107,1.26177,1.26163,1.1,1
30.08.2021 00:53:31.918,1.26179,1.26166,2.25,1.1
30.08.2021 00:53:32.020,1.26181,1.26166,1.1,1.1
30.08.2021 00:53:34.788,1.26181,1.26166,1,5.35
30.08.2021 00:53:35.293,1.26181,1.26166,1.1,5.32
30.08.2021 00:53:35.395,1.2618,1.26167,1.1,5.82
30.08.2021 00:53:37.635,1.26181,1.26168,1.1,1.2
30.08.2021 00:53:38.441,1.26179,1.26168,1,1.2
30.08.2021 00:53:38.542,1.26173,1.2616200000000002,1,1.87
30.08.2021 00:53:38.644,1.26174,1.2616,1.1,1
30.08.2021 00:53:39.580,1.26174,1.26159,1.1,1
30.08.2021 00:53:44.629,1.26173,1.2616,1.1,1.57
30.08.2021 00:53:45.913,1.26176,1.26163,1,1.5
30.08.2021 00:53:46.070,1.26177,1.26163,1,2.32
30.08.2021 00:53:47.863,1.26177,1.26164,1,1.1
30.08.2021 00:53:53.079,1.26178,1.26164,1,1.1
30.08.2021 00:53:58.223,1.26174,1.2616100000000001,1,3.75
30.08.2021 00:53:58.375,1.26174,1.26159,1.1,3.52
30.08.2021 00:54:09.262,1.2617200000000002,1.26157,1.1,5.32
30.08.2021 00:54:09.363,1.2617,1.26158,1.1,1
30.08.2021 00:54:09.464,1.2617200000000002,1.26157,1.1,3.45
30.08.2021 00:54:09.565,1.2617200000000002,1.26158,1.1,1
30.08.2021 00:54:09.666,1.2617200000000002,1.26157,1.1,1.57
30.08.2021 00:54:09.918,1.2617200000000002,1.26158,1.1,1
30.08.2021 00:54:10.767,1.26173,1.26159,1.1,1
30.08.2021 00:54:12.830,1.26174,1.2616,1.1,1
30.08.2021 00:54:13.734,1.26174,1.26159,1.1,5.32
30.08.2021 00:54:16.036,1.26169,1.26159,1,1.5
30.08.2021 00:54:16.086,1.26171,1.26158,1.1,4.5
30.08.2021 00:54:16.188,1.2617200000000002,1.26157,1.1,2.51
30.08.2021 00:54:21.796,1.2617200000000002,1.26157,1,2.91
30.08.2021 00:54:25.322,1.2617200000000002,1.26159,1.1,2.32
30.08.2021 00:54:31.315,1.2616500000000002,1.26157,1,1
30.08.2021 00:54:31.366,1.26163,1.26154,1,1
30.08.2021 00:54:31.417,1.2616500000000002,1.2615500000000002,1,1
30.08.2021 00:54:31.468,1.2617,1.2616,1.1,4.45
30.08.2021 00:54:31.519,1.26174,1.26163,1.5,1
30.08.2021 00:54:31.570,1.26178,1.26166,1.5,1
30.08.2021 00:54:31.671,1.2618,1.26169,3,1
30.08.2021 00:54:31.873,1.26181,1.26167,1,1.1
30.08.2021 00:54:31.974,1.2618,1.26169,1,1.25
30.08.2021 00:54:32.937,1.26181,1.26167,1,2.14
30.08.2021 00:54:33.627,1.26181,1.26168,1,1.31
30.08.2021 00:54:36.419,1.26187,1.2617200000000002,1.1,2.32
30.08.2021 00:54:36.470,1.26188,1.26174,1.1,1
30.08.2021 00:54:37.545,1.26189,1.2618,1,1.5
30.08.2021 00:54:37.646,1.26191,1.26181,2.25,1
30.08.2021 00:54:37.697,1.2619500000000001,1.26181,1,1.57
30.08.2021 00:54:37.900,1.2619500000000001,1.26183,1.1,1
30.08.2021 00:54:46.803,1.2619600000000002,1.2618500000000001,1,1.5
30.08.2021 00:54:46.854,1.26199,1.2618500000000001,1,1.1
30.08.2021 00:54:46.955,1.262,1.2618500000000001,1.57,1.1
30.08.2021 00:54:48.821,1.26199,1.26187,1.1,1
30.08.2021 00:54:52.468,1.26203,1.26189,1,2.7
30.08.2021 00:54:52.569,1.26204,1.26191,1,1
30.08.2021 00:54:54.202,1.2620500000000001,1.26191,1,2.14
30.08.2021 00:54:54.253,1.26209,1.26194,1.1,3.07
30.08.2021 00:54:54.304,1.26209,1.26197,1.1,1.5
30.08.2021 00:54:57.075,1.26209,1.26197,1,1.1
30.08.2021 00:54:58.003,1.2621,1.2619600000000002,1,1.57
30.08.2021 00:54:59.940,1.26213,1.2619799999999999,1.1,2.32
30.08.2021 00:55:00.091,1.26211,1.2619799999999999,1,1
30.08.2021 00:55:00.243,1.26211,1.26197,3.07,4.5
30.08.2021 00:55:00.344,1.26209,1.2619500000000001,1,2.32
30.08.2021 00:55:00.445,1.2621200000000001,1.26199,1.1,1.5
30.08.2021 00:55:00.597,1.2621200000000001,1.2619799999999999,1,1.57
30.08.2021 00:55:00.940,1.2621200000000001,1.2619799999999999,1,1.6
30.08.2021 00:55:01.142,1.2621200000000001,1.2619799999999999,1.1,5.32
30.08.2021 00:55:01.243,1.2621200000000001,1.2619799999999999,1,1.6
30.08.2021 00:55:01.344,1.26211,1.26199,1.1,1.57
30.08.2021 00:55:02.966,1.2621200000000001,1.2619799999999999,1,1.6
30.08.2021 00:55:03.068,1.2621200000000001,1.2619799999999999,1.1,1.57
30.08.2021 00:55:06.447,1.2621200000000001,1.2619799999999999,1,1.1
30.08.2021 00:55:07.055,1.26213,1.262,1,1.2
30.08.2021 00:55:07.207,1.2621200000000001,1.262,1,6.82
30.08.2021 00:55:07.493,1.2621200000000001,1.26201,1,1
30.08.2021 00:55:08.690,1.2621200000000001,1.26199,1,1.57
30.08.2021 00:55:13.748,1.26213,1.26199,1,5.32
30.08.2021 00:55:14.970,1.26213,1.262,1,3.75
30.08.2021 00:55:15.072,1.26213,1.26199,1,5.7
30.08.2021 00:55:16.077,1.2621200000000001,1.26201,1,3.75
30.08.2021 00:55:16.178,1.26215,1.2620200000000001,1,1.5
30.08.2021 00:55:16.431,1.26215,1.26201,1,6.07
30.08.2021 00:55:18.545,1.26215,1.2620200000000001,1,3.75
30.08.2021 00:55:18.807,1.2621700000000002,1.26203,1,5.32
30.08.2021 00:55:18.908,1.26218,1.26204,1.1,1
30.08.2021 00:55:21.047,1.26221,1.26209,1.1,1.87
30.08.2021 00:55:21.148,1.2622200000000001,1.2621,1.1,1.5
30.08.2021 00:55:22.921,1.26223,1.26209,1,1.1
30.08.2021 00:55:30.233,1.2622200000000001,1.2621,1,1.57
30.08.2021 00:55:30.334,1.2622,1.26208,1,3.75
30.08.2021 00:55:30.385,1.2622,1.2620600000000002,1,1.5
30.08.2021 00:55:34.215,1.26218,1.2620600000000002,1,1.57
30.08.2021 00:55:45.072,1.26214,1.2620200000000001,1,2.35
30.08.2021 00:55:45.123,1.2621200000000001,1.2620200000000001,1,3.75
30.08.2021 00:55:45.224,1.26213,1.262,1,1.5
30.08.2021 00:55:50.519,1.2621200000000001,1.26199,1,1.57
30.08.2021 00:55:50.621,1.26211,1.26197,1,2.32
30.08.2021 00:55:54.316,1.2621,1.26197,2.25,1.57
30.08.2021 00:55:55.124,1.26208,1.2619799999999999,2.25,1.57
30.08.2021 00:55:55.246,1.26211,1.26197,1,1.57
30.08.2021 00:56:06.638,1.26211,1.2619799999999999,1,1
30.08.2021 00:56:06.740,1.26211,1.26197,1,1.57
30.08.2021 00:56:16.717,1.26211,1.26199,3.07,1
30.08.2021 00:56:18.469,1.2621,1.26199,1,1
30.08.2021 00:56:19.477,1.26211,1.26197,1,1.57
30.08.2021 00:56:20.139,1.26209,1.26197,1.57,1
30.08.2021 00:56:20.240,1.26207,1.2619500000000001,1,3.82
30.08.2021 00:56:26.749,1.26207,1.2619500000000001,1,3.1
30.08.2021 00:56:43.452,1.26208,1.26193,1,6.1
30.08.2021 00:56:43.553,1.26207,1.26193,1,2.32
30.08.2021 00:56:44.929,1.2620600000000002,1.26193,1.1,1
30.08.2021 00:56:44.979,1.2620600000000002,1.26191,3.07,1.5
30.08.2021 00:56:45.080,1.26204,1.26191,1.1,2.25
30.08.2021 00:56:45.182,1.26204,1.2619,1,2.25
30.08.2021 00:56:50.688,1.262,1.2619,1,1.5
30.08.2021 00:56:50.789,1.2619500000000001,1.2618200000000002,1,1.62
30.08.2021 00:56:50.840,1.26194,1.26183,1,1.12
30.08.2021 00:56:50.941,1.26194,1.26184,1,1
30.08.2021 00:56:51.042,1.2619500000000001,1.26181,1,1.5
30.08.2021 00:56:55.197,1.26193,1.2618200000000002,1,1
30.08.2021 00:56:58.072,1.2619500000000001,1.26181,1,1.57
30.08.2021 00:57:00.501,1.2619500000000001,1.2618200000000002,1,1
30.08.2021 00:57:02.952,1.2619600000000002,1.2618200000000002,3,1.1
30.08.2021 00:57:11.386,1.2619500000000001,1.2618200000000002,1,1.1
30.08.2021 00:57:11.487,1.26194,1.26181,1,1
30.08.2021 00:57:12.236,1.26193,1.26181,1,1
30.08.2021 00:57:23.100,1.26188,1.26181,1,1
30.08.2021 00:57:23.151,1.26187,1.26177,1,3.75
30.08.2021 00:57:23.202,1.26187,1.2617500000000001,1,1.5
30.08.2021 00:57:31.559,1.26189,1.26176,1,1.5
30.08.2021 00:57:32.346,1.26188,1.26176,1,1
30.08.2021 00:57:33.759,1.26188,1.26177,1,1
30.08.2021 00:57:36.232,1.2619,1.26176,1,1.5
30.08.2021 00:57:36.387,1.26188,1.26176,1,1
30.08.2021 00:57:36.761,1.26188,1.26177,1,1.5
30.08.2021 00:57:41.253,1.26189,1.2617500000000001,1,3
30.08.2021 00:57:43.239,1.26189,1.26176,1,1
30.08.2021 00:57:47.383,1.26188,1.26176,1,1.5
30.08.2021 00:57:48.047,1.26188,1.2617500000000001,1,2.25
30.08.2021 00:57:48.652,1.2618600000000002,1.2617500000000001,1,1.5
30.08.2021 00:57:53.500,1.26184,1.2617500000000001,1,1
30.08.2021 00:57:53.601,1.2618500000000001,1.26173,1,1.1
30.08.2021 00:57:55.363,1.2618600000000002,1.2617500000000001,1,1
30.08.2021 00:57:55.464,1.26187,1.2617500000000001,1,1
30.08.2021 00:58:07.293,1.26187,1.26176,1,1.5
30.08.2021 00:58:22.566,1.26187,1.2617500000000001,1,1.1
30.08.2021 00:59:04.073,1.26187,1.26176,1,1
30.08.2021 00:59:04.181,1.26188,1.26176,1,1.1
30.08.2021 00:59:12.603,1.26188,1.26177,1,1
30.08.2021 00:59:12.654,1.2619200000000002,1.2618,1,1.5
30.08.2021 00:59:12.755,1.26193,1.26181,1,1.1
30.08.2021 00:59:12.856,1.26193,1.2618,1,1.57
30.08.2021 00:59:28.228,1.26188,1.26177,1,1.5
30.08.2021 00:59:28.330,1.26187,1.26177,1,5.32
30.08.2021 00:59:31.325,1.26188,1.2617500000000001,1,1.57
30.08.2021 00:59:31.807,1.2618600000000002,1.26176,1,1.1
30.08.2021 00:59:34.238,1.26187,1.26176,1,1.1
30.08.2021 00:59:38.096,1.26189,1.26178,1,1.57
30.08.2021 00:59:38.197,1.26189,1.26179,1,1.1
30.08.2021 00:59:38.298,1.2619,1.26178,1,1.1
30.08.2021 00:59:51.423,1.26188,1.26179,1,1.1
30.08.2021 00:59:51.475,1.26187,1.26176,1,3.75
30.08.2021 00:59:51.577,1.26187,1.26174,1,2.02
30.08.2021 00:59:52.014,1.2618600000000002,1.26174,1,1.1
30.08.2021 00:59:57.031,1.2618600000000002,1.26174,1,1.1
30.08.2021 00:59:59.582,1.2618600000000002,1.26174,1,1.1
30.08.2021 01:00:00.035,1.26183,1.26171,1,6.75
30.08.2021 01:00:00.136,1.26183,1.2617200000000002,1,1
30.08.2021 01:00:00.238,1.2618500000000001,1.2617200000000002,3,1.1
30.08.2021 01:00:02.581,1.26183,1.2617,1,1.1
30.08.2021 01:00:02.732,1.26179,1.2617,1,1.57
30.08.2021 01:00:02.783,1.26179,1.26167,1.5,4.12
30.08.2021 01:00:02.834,1.26174,1.26163,1,5.25
30.08.2021 01:00:02.935,1.2617200000000002,1.2616100000000001,1,1.2
30.08.2021 01:00:03.037,1.2617200000000002,1.26159,1,1.6
30.08.2021 01:00:03.139,1.2617,1.2616,1,1.1
30.08.2021 01:00:03.341,1.26171,1.26159,1,1.1
30.08.2021 01:00:03.543,1.26174,1.2616500000000002,1,1
30.08.2021 01:00:03.595,1.26177,1.26164,3,1.1
30.08.2021 01:00:03.696,1.26177,1.26164,1,1.6
30.08.2021 01:00:03.747,1.26179,1.26166,1,1.1
30.08.2021 01:00:04.518,1.26179,1.26167,1,1.6
30.08.2021 01:00:04.569,1.26181,1.26169,1,1.1
30.08.2021 01:00:04.670,1.2618200000000002,1.26169,1,1.1
30.08.2021 01:00:04.771,1.2618200000000002,1.2617,1,1.1
30.08.2021 01:00:05.577,1.26183,1.2617,1,1.6
30.08.2021 01:00:05.678,1.2618600000000002,1.26173,1,1.1
30.08.2021 01:00:06.744,1.2618600000000002,1.26173,1,1.1
30.08.2021 01:00:07.959,1.26188,1.2617500000000001,1,1.6
30.08.2021 01:00:08.060,1.26188,1.26178,1,1.1
30.08.2021 01:00:08.161,1.26189,1.26177,1,1.1
30.08.2021 01:00:08.262,1.2619,1.26178,1,1.1
30.08.2021 01:00:08.363,1.2619,1.26178,1,1.1
30.08.2021 01:00:08.479,1.2619,1.2618,1,1
30.08.2021 01:00:08.530,1.2619200000000002,1.2618,1,1.1
30.08.2021 01:00:11.160,1.26188,1.26177,1,3.82
30.08.2021 01:00:11.312,1.26188,1.26176,1,1.57
30.08.2021 01:00:11.413,1.26188,1.26177,1,1
30.08.2021 01:00:12.404,1.26189,1.26177,1,1
30.08.2021 01:00:12.808,1.26188,1.26178,1,1.1
30.08.2021 01:00:13.193,1.26189,1.26176,1,5.32
30.08.2021 01:00:13.719,1.2619,1.26178,1,1.1
30.08.2021 01:00:15.010,1.2619,1.26177,1,1.1
30.08.2021 01:00:16.450,1.26189,1.26176,1,1.57
30.08.2021 01:00:16.584,1.26187,1.26177,1,1.1
30.08.2021 01:00:17.091,1.26187,1.26176,1,1.57
30.08.2021 01:00:22.196,1.26187,1.2617500000000001,1,1.1
30.08.2021 01:00:35.651,1.26187,1.26174,1,1.1
30.08.2021 01:00:41.763,1.26188,1.26174,3,1.57
30.08.2021 01:00:44.709,1.26188,1.26176,1,1.57
30.08.2021 01:00:51.216,1.26189,1.2617500000000001,1,1.6
30.08.2021 01:00:52.063,1.26189,1.2617500000000001,1,1.57
30.08.2021 01:00:52.700,1.26189,1.26177,1,2.32
30.08.2021 01:00:52.801,1.26193,1.26179,1,1.1
30.08.2021 01:00:53.003,1.26194,1.26179,1,1.57
30.08.2021 01:00:53.602,1.26193,1.26181,1,1.6
30.08.2021 01:00:53.753,1.2619500000000001,1.26183,1,1.57
30.08.2021 01:00:53.855,1.2619600000000002,1.2618200000000002,1,2.35
30.08.2021 01:00:53.956,1.26197,1.2618500000000001,1,2.25
30.08.2021 01:00:54.007,1.262,1.26189,3.22,1
30.08.2021 01:00:54.059,1.26203,1.26189,1,1.57
30.08.2021 01:00:54.110,1.26204,1.2619200000000002,3.82,1
30.08.2021 01:00:54.262,1.2620600000000002,1.2619200000000002,1,2.32
30.08.2021 01:00:54.364,1.26207,1.26193,1.2,1.6
30.08.2021 01:00:54.465,1.26208,1.26194,1,1.57
30.08.2021 01:00:54.627,1.26207,1.2619500000000001,1,1.6
30.08.2021 01:00:55.055,1.26207,1.26193,1.5,1.1
30.08.2021 01:00:55.156,1.2620600000000002,1.2619200000000002,2.25,1.57
30.08.2021 01:00:55.399,1.2620600000000002,1.26193,1.5,1.57
30.08.2021 01:00:55.500,1.26207,1.2619200000000002,1,2.54
30.08.2021 01:00:58.397,1.2620500000000001,1.26193,1.5,1
30.08.2021 01:00:58.599,1.2620500000000001,1.26191,1,1
30.08.2021 01:01:01.624,1.26204,1.26191,1,1
30.08.2021 01:01:01.675,1.26201,1.26189,1,5.32
30.08.2021 01:01:08.065,1.26203,1.2619200000000002,1,1.57
30.08.2021 01:01:08.166,1.2620500000000001,1.26191,1.2,2.54
30.08.2021 01:01:08.984,1.2620600000000002,1.2619200000000002,1,1.57
30.08.2021 01:01:11.616,1.2620600000000002,1.2619200000000002,1,1.1
30.08.2021 01:01:15.507,1.26204,1.2619,1,5.32
30.08.2021 01:01:17.618,1.26204,1.2619200000000002,3,2.35
30.08.2021 01:01:18.079,1.2620600000000002,1.2619200000000002,1,2.32
30.08.2021 01:01:18.605,1.2620600000000002,1.2619200000000002,1,2.35
30.08.2021 01:01:20.549,1.2620600000000002,1.2619200000000002,1,1.1
30.08.2021 01:01:20.851,1.2620600000000002,1.2619200000000002,1,1.6
30.08.2021 01:01:22.132,1.26209,1.2619600000000002,3,1.1
30.08.2021 01:01:22.696,1.2621,1.262,1,1
30.08.2021 01:01:22.746,1.26213,1.262,1.12,1.85
30.08.2021 01:01:22.797,1.26214,1.26203,1.2,1
30.08.2021 01:01:22.898,1.26215,1.26204,1,1.1
30.08.2021 01:01:24.238,1.26215,1.26204,1,1.1
30.08.2021 01:01:24.339,1.2621600000000002,1.26203,1,1.1
30.08.2021 01:01:25.341,1.2621600000000002,1.26203,1,1.1
30.08.2021 01:01:29.079,1.26215,1.26204,1,1.57
30.08.2021 01:01:29.660,1.2621600000000002,1.2620500000000001,1,1.57
30.08.2021 01:01:29.761,1.26218,1.26204,1,1.57
30.08.2021 01:01:30.759,1.2621600000000002,1.2620500000000001,2.25,1.57
30.08.2021 01:01:31.318,1.26218,1.26204,1,1.57
30.08.2021 01:01:31.831,1.2621700000000002,1.2620600000000002,1,1
30.08.2021 01:01:33.209,1.26219,1.2620600000000002,1,1.1
30.08.2021 01:01:33.310,1.26219,1.26207,1,1
30.08.2021 01:01:33.411,1.2622,1.26207,1,1.1
30.08.2021 01:01:47.076,1.2622,1.2620600000000002,3,1
30.08.2021 01:01:47.178,1.26219,1.2620600000000002,2.25,1
30.08.2021 01:01:47.678,1.26219,1.2620500000000001,3,1.5
30.08.2021 01:01:47.780,1.2621700000000002,1.2620600000000002,2.25,1.5
30.08.2021 01:01:47.881,1.26218,1.2620600000000002,1,1.57
30.08.2021 01:01:56.142,1.26219,1.2620500000000001,1,1.6
30.08.2021 01:02:04.854,1.26218,1.2620600000000002,1,1.57
30.08.2021 01:02:13.358,1.26219,1.2620500000000001,1,1.6
30.08.2021 01:02:17.324,1.26219,1.2620500000000001,1,2.32
30.08.2021 01:02:17.871,1.26215,1.2620500000000001,1.5,1
30.08.2021 01:02:17.922,1.26214,1.2620200000000001,1,3.75
30.08.2021 01:02:18.023,1.26214,1.262,1,1.6
30.08.2021 01:02:18.124,1.26213,1.26199,1,1.6
30.08.2021 01:02:28.992,1.26213,1.26199,1.1,1.1
30.08.2021 01:02:29.196,1.2621,1.26197,1.1,1
30.08.2021 01:02:29.297,1.26207,1.2619600000000002,1,1.5
30.08.2021 01:02:29.398,1.26208,1.26194,1,1.1
30.08.2021 01:02:30.081,1.2620500000000001,1.26193,1,1
30.08.2021 01:02:30.132,1.26204,1.26191,1,1.1
30.08.2021 01:02:45.496,1.26204,1.2619,1,1.1
30.08.2021 01:02:53.298,1.26204,1.2619,1,2.35
30.08.2021 01:02:58.495,1.26204,1.2619200000000002,1,1
30.08.2021 01:02:58.546,1.2620600000000002,1.26197,2.25,2.25
30.08.2021 01:02:58.647,1.26211,1.2619799999999999,1,1.57
30.08.2021 01:03:02.057,1.2621200000000001,1.262,3,2.32
30.08.2021 01:03:02.309,1.26214,1.262,1,1.6
30.08.2021 01:03:02.410,1.26214,1.262,1,1.57
30.08.2021 01:03:08.457,1.26211,1.262,1,1.1
30.08.2021 01:03:13.484,1.2621,1.2619799999999999,1,1
30.08.2021 01:03:13.586,1.26208,1.26199,1,1
30.08.2021 01:03:13.687,1.26209,1.2619600000000002,1,1.1
30.08.2021 01:03:13.788,1.26211,1.2619799999999999,1,1.1
30.08.2021 01:03:15.230,1.26211,1.26197,1,1.57
30.08.2021 01:03:15.722,1.26211,1.2619799999999999,1,1.1
30.08.2021 01:03:19.378,1.26211,1.26197,1,1.57
30.08.2021 01:03:20.103,1.26211,1.2619799999999999,1,1.1
30.08.2021 01:03:28.961,1.26211,1.26199,1,1.57
30.08.2021 01:03:32.855,1.2621200000000001,1.26199,1,1.57
30.08.2021 01:03:32.956,1.2621700000000002,1.26203,3.6,1.57
30.08.2021 01:03:33.057,1.26218,1.26204,1,1.57
30.08.2021 01:03:33.108,1.26218,1.26207,2.25,1.5
30.08.2021 01:03:33.209,1.26219,1.26207,1.2,1.57
30.08.2021 01:03:36.049,1.26221,1.26207,1,1.1
30.08.2021 01:03:36.150,1.2622200000000001,1.26208,1,1.57
30.08.2021 01:03:40.976,1.2622200000000001,1.26208,1,2.35
30.08.2021 01:03:42.428,1.2622200000000001,1.2621,1,1.1
30.08.2021 01:03:42.529,1.26223,1.26209,1,1.6
30.08.2021 01:03:44.286,1.26223,1.2621,1,1.1
30.08.2021 01:03:44.724,1.26224,1.26213,1,1.1
30.08.2021 01:03:44.825,1.2622600000000002,1.2621200000000001,1,1.6
30.08.2021 01:03:46.770,1.26225,1.26213,2.25,1
30.08.2021 01:03:47.590,1.26225,1.26214,3,1
30.08.2021 01:03:49.708,1.26221,1.26208,1,1.1
30.08.2021 01:03:49.961,1.2622,1.26207,1,1.1
30.08.2021 01:03:53.020,1.26218,1.26208,2.25,1
30.08.2021 01:03:53.302,1.2622,1.26207,3,1
30.08.2021 01:03:53.403,1.26219,1.26207,3,1.57
30.08.2021 01:03:56.957,1.26219,1.2620600000000002,1,1.57
30.08.2021 01:03:57.059,1.26218,1.2620600000000002,1.5,1
30.08.2021 01:03:57.110,1.2621600000000002,1.26203,1,4.57
30.08.2021 01:03:57.160,1.26213,1.26203,1,3.75
30.08.2021 01:03:57.211,1.26213,1.262,1,1.1
30.08.2021 01:04:01.017,1.26214,1.262,1,1.6
30.08.2021 01:04:02.318,1.2621600000000002,1.2620200000000001,1,1.57
30.08.2021 01:04:02.419,1.2621600000000002,1.26204,1,1
30.08.2021 01:04:02.541,1.2621700000000002,1.2620500000000001,1,1
30.08.2021 01:04:02.659,1.26218,1.26204,1,1.1
30.08.2021 01:04:02.810,1.26218,1.26204,1,1.6
30.08.2021 01:04:03.728,1.26219,1.2620500000000001,1,1.57
30.08.2021 01:04:04.197,1.26219,1.2620600000000002,1,1
30.08.2021 01:04:04.299,1.26219,1.2620500000000001,1,1.1
30.08.2021 01:04:04.994,1.26219,1.26207,2.25,1.1
30.08.2021 01:04:05.095,1.26219,1.26208,1,1.57
30.08.2021 01:04:15.933,1.2622,1.2620600000000002,1,1.57
30.08.2021 01:04:20.972,1.26219,1.2620600000000002,1,2.32
30.08.2021 01:04:23.696,1.2622,1.26207,1,1
30.08.2021 01:04:27.072,1.26218,1.26204,1.1,1
30.08.2021 01:04:27.123,1.2621600000000002,1.26203,1,4.5
30.08.2021 01:04:27.224,1.2621200000000001,1.2620500000000001,1,1
30.08.2021 01:04:27.325,1.26213,1.26204,1.57,1
30.08.2021 01:04:27.376,1.26213,1.26201,1.1,5.25
30.08.2021 01:04:27.628,1.26214,1.2620500000000001,2.25,1
30.08.2021 01:04:27.679,1.2621700000000002,1.2620500000000001,1.1,1
30.08.2021 01:04:27.780,1.26219,1.2620600000000002,1.6,1
30.08.2021 01:04:27.831,1.2622,1.2620600000000002,1.5,1.57
30.08.2021 01:04:28.714,1.26221,1.26207,1.57,1
30.08.2021 01:04:33.721,1.26221,1.26208,1,1
30.08.2021 01:04:34.374,1.2622200000000001,1.26209,1.57,1
30.08.2021 01:04:40.176,1.26224,1.2621200000000001,2.25,1
30.08.2021 01:04:40.277,1.2622600000000002,1.2621200000000001,1.6,1.57
30.08.2021 01:04:40.378,1.26225,1.26213,1,1.57
30.08.2021 01:04:40.479,1.2622600000000002,1.26213,1,1
30.08.2021 01:04:41.220,1.2622700000000002,1.26213,1.1,1
30.08.2021 01:04:47.582,1.2622700000000002,1.26214,1,1
30.08.2021 01:04:48.572,1.2622700000000002,1.26215,1.1,1
30.08.2021 01:04:55.306,1.26228,1.26215,1.1,1
30.08.2021 01:05:03.779,1.2622900000000001,1.26215,1.57,1
30.08.2021 01:05:15.812,1.2623,1.26218,3,1
30.08.2021 01:05:15.913,1.26233,1.2622,1.6,1
30.08.2021 01:05:15.963,1.26232,1.26221,1,1
30.08.2021 01:05:16.963,1.26235,1.26221,1.1,1
30.08.2021 01:05:17.115,1.26234,1.2622,1.1,1.5
30.08.2021 01:05:20.166,1.26235,1.2622200000000001,1.1,1
30.08.2021 01:05:20.317,1.26235,1.26221,1,1.57
30.08.2021 01:05:20.872,1.2623600000000001,1.26225,1.5,1
30.08.2021 01:05:20.923,1.26235,1.26224,1,1.5
30.08.2021 01:05:20.973,1.2623900000000001,1.26228,2.25,1
30.08.2021 01:05:21.075,1.26244,1.26231,2.25,1
30.08.2021 01:05:21.176,1.26244,1.26232,1,1.1
30.08.2021 01:05:22.783,1.26245,1.26232,1,1
30.08.2021 01:06:00.922,1.26245,1.26231,1,2.32
30.08.2021 01:06:02.085,1.26245,1.26231,1,2.35
30.08.2021 01:06:02.321,1.26244,1.26232,1,1.57
30.08.2021 01:06:02.833,1.26245,1.26231,1,1.6
30.08.2021 01:06:06.058,1.26242,1.26231,1,2.35
30.08.2021 01:06:06.161,1.2624,1.2622700000000002,1,2.77
30.08.2021 01:06:06.262,1.2623700000000002,1.26225,1,1
30.08.2021 01:06:06.515,1.2623600000000001,1.26224,1,1.57
30.08.2021 01:06:11.413,1.2623600000000001,1.26223,1,1
30.08.2021 01:06:11.518,1.2623600000000001,1.2622200000000001,1,1.1
30.08.2021 01:06:14.667,1.2623700000000002,1.26223,1,1.57
30.08.2021 01:06:23.452,1.2623700000000002,1.26224,1,3.75
30.08.2021 01:06:23.503,1.2623700000000002,1.2622600000000002,1,1
30.08.2021 01:06:23.554,1.2624,1.2623,3.07,1.1
30.08.2021 01:06:23.605,1.26243,1.2623,1,1
30.08.2021 01:06:26.864,1.26244,1.2623,1,1.1
30.08.2021 01:06:26.966,1.26243,1.26231,1,1.6
30.08.2021 01:06:59.165,1.26244,1.26232,1,1.57
30.08.2021 01:07:01.804,1.26244,1.26233,1,1
30.08.2021 01:07:01.931,1.26245,1.26231,1,2.32
30.08.2021 01:07:08.912,1.2624,1.26231,1.25,1
30.08.2021 01:07:09.014,1.26234,1.26224,1,1.12
30.08.2021 01:07:12.075,1.2623600000000001,1.26223,1,1.1
30.08.2021 01:07:24.175,1.2623700000000002,1.26223,1,5.32
30.08.2021 01:07:27.148,1.26235,1.26224,1,1
30.08.2021 01:07:37.782,1.2623600000000001,1.2622200000000001,1,1.57
30.08.2021 01:07:43.137,1.2623600000000001,1.26224,1,1.1
30.08.2021 01:07:52.033,1.2623600000000001,1.2622200000000001,1.1,1.5
30.08.2021 01:07:52.084,1.26233,1.26221,1,1.6
30.08.2021 01:07:54.729,1.26234,1.2622,1,1.57
30.08.2021 01:07:58.740,1.2623,1.26218,1,3.75
30.08.2021 01:07:58.841,1.2623,1.2621700000000002,1,3.75
30.08.2021 01:07:58.942,1.2623,1.2621600000000002,1,1.57
30.08.2021 01:07:59.794,1.26228,1.2621600000000002,1,2.35
30.08.2021 01:08:00.603,1.26231,1.2621700000000002,1,1.57
30.08.2021 01:08:00.654,1.26232,1.26218,1,2.35
30.08.2021 01:08:08.311,1.26233,1.26219,1,1.1
30.08.2021 01:08:08.413,1.26231,1.2621700000000002,1,5.32
30.08.2021 01:08:08.624,1.2623,1.2621600000000002,1,5.32
30.08.2021 01:08:09.963,1.2622900000000001,1.26215,1,2.35
30.08.2021 01:08:23.049,1.26228,1.2621600000000002,1,1.57
30.08.2021 01:08:24.232,1.2623,1.26218,1.6,1
30.08.2021 01:08:30.506,1.2622900000000001,1.2621700000000002,1.1,1
30.08.2021 01:08:31.828,1.26231,1.2621700000000002,2.35,1
30.08.2021 01:08:37.197,1.2622900000000001,1.2621700000000002,1.1,1
30.08.2021 01:08:50.048,1.2622900000000001,1.2621600000000002,1.1,1
30.08.2021 01:08:50.149,1.2623,1.2621600000000002,1.57,1
30.08.2021 01:08:50.250,1.2623,1.2621600000000002,3.85,1
30.08.2021 01:08:50.584,1.2623,1.2621600000000002,3.82,1
30.08.2021 01:08:56.928,1.2622600000000002,1.26214,2.25,2.32
30.08.2021 01:08:59.307,1.2622700000000002,1.2621200000000001,3.07,1.1
30.08.2021 01:08:59.408,1.2622700000000002,1.26215,1.1,1
30.08.2021 01:08:59.509,1.2622900000000001,1.26215,1.6,1
30.08.2021 01:08:59.715,1.2622900000000001,1.26215,1.57,1
30.08.2021 01:09:00.478,1.26228,1.2621600000000002,1.6,1
30.08.2021 01:09:01.679,1.26228,1.26214,1.1,1
30.08.2021 01:09:04.277,1.26228,1.26214,1.1,1
30.08.2021 01:09:06.608,1.26225,1.2621200000000001,1,1
30.08.2021 01:09:06.709,1.2622600000000002,1.2621200000000001,1.1,1
30.08.2021 01:09:07.796,1.26225,1.2621200000000001,1,1
30.08.2021 01:09:07.897,1.2622700000000002,1.2621200000000001,3.1,1
30.08.2021 01:09:13.234,1.2622600000000002,1.26214,3.1,1
30.08.2021 01:09:14.721,1.2622700000000002,1.26213,3.07,1
30.08.2021 01:09:25.195,1.2622700000000002,1.26214,1.1,1
30.08.2021 01:09:34.382,1.26223,1.2621,1.57,4.5
30.08.2021 01:09:34.483,1.26221,1.2621,1.1,3.75
30.08.2021 01:09:34.534,1.2622,1.26209,1.1,1
30.08.2021 01:09:35.936,1.26221,1.26207,1.57,1
30.08.2021 01:09:36.440,1.26221,1.26207,1,1.1
30.08.2021 01:09:36.592,1.26221,1.26207,1,1.1
30.08.2021 01:09:40.195,1.26221,1.26209,1.57,1
30.08.2021 01:10:10.864,1.26221,1.26209,1.6,1
30.08.2021 01:10:15.017,1.26221,1.26207,1.1,1
30.08.2021 01:10:15.169,1.26215,1.26204,1.5,3.75
30.08.2021 01:10:15.219,1.26214,1.262,1.5,1.68
30.08.2021 01:10:15.320,1.26213,1.26201,1.57,1
30.08.2021 01:10:19.195,1.26213,1.26199,1,1.1
30.08.2021 01:10:19.397,1.2621200000000001,1.262,1.1,1
30.08.2021 01:10:20.563,1.2621200000000001,1.262,1.1,1
30.08.2021 01:10:35.344,1.2621200000000001,1.2619799999999999,1,1.57
30.08.2021 01:10:47.082,1.2620600000000002,1.2619500000000001,1,1.1
30.08.2021 01:10:47.183,1.26204,1.26193,1,1.27
30.08.2021 01:10:47.284,1.2620500000000001,1.26191,1,1.57
30.08.2021 01:10:50.398,1.26207,1.2619500000000001,2.25,1.2
30.08.2021 01:10:50.499,1.26211,1.26197,1.27,1
30.08.2021 01:10:50.903,1.26208,1.26194,1,5.35
30.08.2021 01:10:51.104,1.26208,1.26194,1.57,1
30.08.2021 01:11:06.837,1.26208,1.26194,2.35,1
30.08.2021 01:11:09.026,1.2620600000000002,1.26193,1,1
30.08.2021 01:11:11.860,1.26204,1.2619200000000002,1,1.57
30.08.2021 01:11:16.987,1.26204,1.26191,1,1.5
30.08.2021 01:11:17.038,1.26199,1.2619,5.57,1
30.08.2021 01:11:17.089,1.26191,1.26178,1.1,2.25
30.08.2021 01:11:17.241,1.26191,1.26177,1.1,1
30.08.2021 01:11:17.342,1.26189,1.2617500000000001,1,1
30.08.2021 01:11:24.467,1.26188,1.26174,1,1.6
30.08.2021 01:11:28.195,1.26188,1.26176,1.1,1.1
30.08.2021 01:11:41.137,1.26187,1.2617500000000001,1,2.35
30.08.2021 01:11:59.742,1.26188,1.26176,1.1,1.1
30.08.2021 01:12:06.777,1.2618500000000001,1.2617200000000002,1.1,1
30.08.2021 01:12:06.878,1.2618200000000002,1.26168,1.1,1.1
30.08.2021 01:12:07.584,1.26181,1.26169,1,1.6
30.08.2021 01:12:08.612,1.26183,1.26169,1.1,1.1
30.08.2021 01:12:08.713,1.2618200000000002,1.2617,1.1,1
30.08.2021 01:12:10.413,1.26183,1.26169,1.1,1.1
30.08.2021 01:12:12.886,1.26183,1.26169,1,1.6
30.08.2021 01:12:13.037,1.2618500000000001,1.26173,3,1.57
30.08.2021 01:12:13.441,1.2618600000000002,1.26174,1.57,1
30.08.2021 01:12:16.178,1.26188,1.26174,1,1.57
30.08.2021 01:12:16.228,1.26189,1.26177,1.1,1
30.08.2021 01:12:19.677,1.26188,1.26176,1.1,1
30.08.2021 01:12:32.506,1.26189,1.26176,1.57,1.1
30.08.2021 01:12:40.115,1.2619,1.26176,1.57,1
30.08.2021 01:12:49.195,1.26189,1.2617500000000001,1,1.1
30.08.2021 01:12:51.170,1.26189,1.2617500000000001,1,1.1
30.08.2021 01:12:51.675,1.26189,1.2617500000000001,1,1.1
30.08.2021 01:12:52.791,1.26189,1.26176,1.57,1.1
30.08.2021 01:13:00.556,1.26189,1.2617500000000001,1,1.57
30.08.2021 01:13:14.922,1.26188,1.26174,1,1.57
30.08.2021 01:13:17.278,1.26187,1.26174,1.1,1.57
30.08.2021 01:13:19.583,1.26187,1.26173,1,1.57
30.08.2021 01:13:28.615,1.2618600000000002,1.26174,1,1.6
30.08.2021 01:13:28.716,1.26187,1.26174,1,1.6
30.08.2021 01:13:29.506,1.26187,1.26173,1,1.6
30.08.2021 01:13:33.593,1.26187,1.26173,1.1,1
30.08.2021 01:13:35.857,1.2618600000000002,1.2617200000000002,1,1.57
30.08.2021 01:13:43.104,1.2618600000000002,1.2617200000000002,1.1,1.5
30.08.2021 01:13:46.148,1.26188,1.26174,1.57,1.1
30.08.2021 01:14:01.170,1.2618600000000002,1.26174,1,1.1
30.08.2021 01:14:04.296,1.26187,1.26173,1.1,1
30.08.2021 01:14:15.397,1.26183,1.26169,1,6.85
30.08.2021 01:14:15.448,1.2618200000000002,1.26168,1,1.1
30.08.2021 01:14:17.587,1.26184,1.26171,1.57,1.1
30.08.2021 01:14:17.688,1.2618500000000001,1.26171,1.6,1
30.08.2021 01:14:20.501,1.2618500000000001,1.26171,1.57,1
30.08.2021 01:14:21.697,1.2618600000000002,1.26174,1,1.57
30.08.2021 01:14:21.798,1.2618600000000002,1.2617500000000001,1,1.1
30.08.2021 01:14:21.950,1.26188,1.26174,1,1.57
30.08.2021 01:14:22.051,1.26183,1.26174,1,3.75
30.08.2021 01:14:22.102,1.26183,1.26171,1.1,1
30.08.2021 01:14:25.521,1.2618200000000002,1.26168,1.1,1
30.08.2021 01:14:26.154,1.26181,1.2617,1,1
30.08.2021 01:14:26.255,1.26183,1.26169,1,1.57
30.08.2021 01:14:31.890,1.2618600000000002,1.2617200000000002,3.75,1.57
30.08.2021 01:14:31.992,1.26188,1.26174,1.1,1
30.08.2021 01:14:32.705,1.26189,1.2617500000000001,1.1,1
30.08.2021 01:14:40.896,1.2619,1.26176,1.57,1
30.08.2021 01:14:45.020,1.26191,1.26177,1.57,1
30.08.2021 01:14:48.998,1.26188,1.26176,1.1,1.1
30.08.2021 01:14:49.099,1.26189,1.2617500000000001,1.1,1
30.08.2021 01:14:51.590,1.26188,1.2617500000000001,1.6,1.1
30.08.2021 01:14:52.171,1.26191,1.26177,3.1,1
30.08.2021 01:14:52.272,1.2619,1.26178,1.1,1
30.08.2021 01:14:56.468,1.26189,1.2617500000000001,1,1
30.08.2021 01:15:00.170,1.26189,1.26177,1.5,1
30.08.2021 01:15:00.810,1.2619,1.2617500000000001,1.5,1
30.08.2021 01:15:01.131,1.26188,1.26174,1.5,1
30.08.2021 01:15:01.232,1.26187,1.2617200000000002,1.5,1
30.08.2021 01:15:01.333,1.2618600000000002,1.26174,1.5,1
30.08.2021 01:15:02.133,1.26188,1.26174,1.5,1
30.08.2021 01:15:03.005,1.2619,1.26176,1.5,1
30.08.2021 01:15:03.106,1.2619,1.26178,1,1
30.08.2021 01:15:04.068,1.2619200000000002,1.2618,1.5,1
30.08.2021 01:15:04.589,1.2619500000000001,1.26181,1.5,1
30.08.2021 01:15:05.043,1.2619600000000002,1.2618500000000001,1.5,1
30.08.2021 01:15:05.144,1.2619799999999999,1.26189,1,1
30.08.2021 01:15:05.195,1.2620200000000001,1.26191,1,1
30.08.2021 01:15:06.138,1.26204,1.2619,1,1
30.08.2021 01:15:08.647,1.26204,1.2619200000000002,1.1,1
30.08.2021 01:15:14.852,1.2620600000000002,1.26199,1,1
30.08.2021 01:15:14.903,1.26208,1.26199,2.25,1.1
30.08.2021 01:15:14.954,1.2621200000000001,1.2619799999999999,1,1.1
30.08.2021 01:15:15.005,1.26214,1.26199,1.1,1.1
30.08.2021 01:15:15.444,1.26213,1.26199,1,1.1
30.08.2021 01:15:19.450,1.26213,1.2619799999999999,1.1,1.1
30.08.2021 01:15:19.734,1.26213,1.2619799999999999,1,1.1
30.08.2021 01:15:21.631,1.26214,1.26199,1.1,1.1
30.08.2021 01:15:21.732,1.26213,1.262,1,1.1
30.08.2021 01:15:26.961,1.26213,1.26199,1,1.1
30.08.2021 01:15:30.603,1.2621200000000001,1.26199,1.1,1.1
30.08.2021 01:15:30.704,1.26213,1.26199,1,1.1
30.08.2021 01:15:30.814,1.2621200000000001,1.262,1,1.1
30.08.2021 01:15:35.148,1.26211,1.26199,1,1.1
30.08.2021 01:15:35.966,1.2621200000000001,1.2619799999999999,1,1.6
30.08.2021 01:15:36.326,1.2621200000000001,1.262,1,1.1
30.08.2021 01:15:43.851,1.26211,1.26199,1,1.6
30.08.2021 01:15:44.117,1.2621200000000001,1.2619799999999999,1,1.57
30.08.2021 01:15:44.419,1.2621,1.2619600000000002,1,5.35
30.08.2021 01:15:44.535,1.2621,1.2619600000000002,1,1.1
30.08.2021 01:15:47.251,1.26208,1.26194,1,1.1
30.08.2021 01:15:47.505,1.26207,1.2619500000000001,1.1,1
30.08.2021 01:15:47.556,1.26204,1.26191,1,1.1
30.08.2021 01:15:58.975,1.26203,1.26191,1,1.57
30.08.2021 01:16:01.163,1.26204,1.2619,1,1.6
30.08.2021 01:16:06.785,1.26204,1.26191,1,2.54
30.08.2021 01:16:39.876,1.26203,1.26189,1.1,1
30.08.2021 01:16:39.977,1.2620200000000001,1.26188,1,1.1
30.08.2021 01:16:43.679,1.26199,1.26187,1,1.1
30.08.2021 01:16:46.643,1.2619799999999999,1.2618500000000001,1,1.6
30.08.2021 01:16:50.420,1.2619600000000002,1.2618500000000001,1,1.6
30.08.2021 01:16:50.626,1.2619600000000002,1.26184,1,1.6
30.08.2021 01:16:59.483,1.26194,1.26183,1,4.57
30.08.2021 01:17:00.597,1.26193,1.26184,1,1.1
30.08.2021 01:17:01.117,1.2619500000000001,1.26184,1,1.1
30.08.2021 01:17:01.218,1.26197,1.26187,1,1.57
30.08.2021 01:17:01.268,1.26199,1.26188,1,2.32
30.08.2021 01:17:01.370,1.262,1.26188,1,1.1
30.08.2021 01:17:23.353,1.26199,1.26188,1,1
30.08.2021 01:17:23.404,1.26194,1.26183,1,5.4
30.08.2021 01:17:23.557,1.26194,1.2618200000000002,1,1.1
30.08.2021 01:17:26.263,1.26191,1.26181,1,1
30.08.2021 01:17:31.791,1.26189,1.26181,1,1
30.08.2021 01:17:31.842,1.26183,1.26174,1,1.5
30.08.2021 01:17:31.894,1.26183,1.2617200000000002,1.15,1
30.08.2021 01:17:31.996,1.26181,1.26174,1,1
30.08.2021 01:17:32.097,1.26181,1.26171,1,1
30.08.2021 01:17:33.122,1.26179,1.26168,1,1
30.08.2021 01:17:49.662,1.26178,1.26168,1,1
30.08.2021 01:17:53.303,1.26177,1.2617,1,1
30.08.2021 01:17:53.354,1.26181,1.26173,1,1.5
30.08.2021 01:17:53.556,1.2618200000000002,1.2617,1,3.85
30.08.2021 01:17:54.146,1.26181,1.2617,1,6.26
30.08.2021 01:18:00.903,1.26179,1.26167,1,5.07
30.08.2021 01:18:01.004,1.26177,1.26166,1,4.69
30.08.2021 01:18:02.203,1.26177,1.26167,1,1
30.08.2021 01:18:03.127,1.26178,1.26167,1,1
30.08.2021 01:18:08.156,1.26178,1.26166,1,1
30.08.2021 01:18:08.257,1.26176,1.26167,1,1
30.08.2021 01:18:17.072,1.2617200000000002,1.26164,1,5.75
30.08.2021 01:18:17.173,1.26173,1.26163,1,3.75
30.08.2021 01:18:17.224,1.26173,1.2616100000000001,1,1.95
30.08.2021 01:18:17.757,1.26171,1.2616200000000002,1,1
30.08.2021 01:18:28.296,1.26173,1.2616100000000001,1,1
30.08.2021 01:18:36.396,1.26166,1.26158,1,1
30.08.2021 01:18:36.447,1.26163,1.26154,1,1
30.08.2021 01:18:36.599,1.2616200000000002,1.26154,1.57,1
30.08.2021 01:18:36.650,1.26158,1.26148,1,1.12
30.08.2021 01:18:37.246,1.26157,1.26148,1,1
30.08.2021 01:18:38.090,1.2616,1.26149,1,1
30.08.2021 01:18:38.241,1.2616100000000001,1.26149,1,1.1
30.08.2021 01:18:40.072,1.2616,1.26149,1,1.2
30.08.2021 01:18:40.493,1.26157,1.26149,1,1
30.08.2021 01:18:40.544,1.26158,1.26147,1.57,3.75
30.08.2021 01:18:40.645,1.26156,1.26145,1,1.57
30.08.2021 01:18:40.797,1.2615500000000002,1.26146,1,1.79
30.08.2021 01:18:42.874,1.2615500000000002,1.26145,1,5.32
30.08.2021 01:18:42.976,1.2615500000000002,1.26146,1,1.1
30.08.2021 01:18:43.707,1.26156,1.26145,1,1.1
30.08.2021 01:18:45.502,1.26154,1.26145,1,1.6
30.08.2021 01:18:46.780,1.2615500000000002,1.26145,1,2.51
30.08.2021 01:18:46.882,1.26157,1.26146,1,1.1
30.08.2021 01:18:47.417,1.26158,1.26148,1,1.57
30.08.2021 01:18:47.518,1.26159,1.26148,1,1.1
30.08.2021 01:18:52.195,1.26159,1.26149,1,1.1
30.08.2021 01:18:53.593,1.26159,1.26149,1,1.1
30.08.2021 01:18:57.344,1.2616,1.26148,1,1.1
30.08.2021 01:18:57.927,1.26158,1.26146,1,1.1
30.08.2021 01:18:58.129,1.26157,1.26146,1,1
30.08.2021 01:18:58.180,1.26156,1.26143,1,5.35
30.08.2021 01:18:59.552,1.2615200000000002,1.2614200000000002,1,1.1
30.08.2021 01:18:59.603,1.26148,1.26136,1,3.82
30.08.2021 01:19:01.333,1.26146,1.2613400000000001,1,1.1
30.08.2021 01:19:02.881,1.26146,1.26135,1,1.1
30.08.2021 01:19:04.008,1.26147,1.2613400000000001,1,1.1
30.08.2021 01:19:06.415,1.26145,1.26135,1,1.1
30.08.2021 01:19:06.516,1.26147,1.2613400000000001,1,1.1
30.08.2021 01:19:07.108,1.26147,1.26135,1,1.57
30.08.2021 01:19:11.035,1.26148,1.26136,1,2.32
30.08.2021 01:19:24.567,1.2615100000000001,1.2614,1,1.57
30.08.2021 01:19:24.618,1.26154,1.2614,3,1.1
30.08.2021 01:19:24.719,1.2615200000000002,1.26139,1,1.6
30.08.2021 01:19:25.155,1.26153,1.26139,1,2.35
30.08.2021 01:19:26.337,1.26153,1.2614100000000001,1,2.72
30.08.2021 01:19:28.390,1.2615500000000002,1.2614100000000001,1,1.97
30.08.2021 01:19:28.491,1.26154,1.26143,1,4.97
30.08.2021 01:19:29.145,1.26154,1.26143,1,4.97
30.08.2021 01:19:37.937,1.2615500000000002,1.2614200000000002,1,3.85
30.08.2021 01:19:38.544,1.2615200000000002,1.2614100000000001,1,3.75
30.08.2021 01:19:38.645,1.2615100000000001,1.2614,1,1.22
30.08.2021 01:19:53.608,1.26153,1.26139,1,1.1
30.08.2021 01:19:57.182,1.2615500000000002,1.2614100000000001,1.1,1.57
30.08.2021 01:20:00.245,1.26154,1.2614100000000001,1,1.1
30.08.2021 01:20:18.162,1.26154,1.2614100000000001,1,1.1
30.08.2021 01:20:18.835,1.2615500000000002,1.2614100000000001,1,5.35
30.08.2021 01:20:41.135,1.26149,1.26139,1,3.75
30.08.2021 01:20:41.287,1.26149,1.26136,1,1.2
30.08.2021 01:20:41.388,1.26149,1.26135,1,6.26
30.08.2021 01:20:41.748,1.2615,1.26137,1,1.1
30.08.2021 01:20:42.201,1.2615,1.26137,1,1.79
30.08.2021 01:20:50.442,1.26148,1.26136,1,5.35
30.08.2021 01:20:50.593,1.26148,1.26136,1,5.32
30.08.2021 01:20:51.914,1.26149,1.26135,1,2.07
30.08.2021 01:20:51.965,1.2615100000000001,1.26137,1,1.57
30.08.2021 01:20:52.066,1.2615100000000001,1.26139,1,1.57
30.08.2021 01:20:56.176,1.26154,1.2614,1,1.1
30.08.2021 01:20:57.084,1.26154,1.2614200000000002,1,1.6
30.08.2021 01:21:03.248,1.26158,1.26148,3.94,1.5
30.08.2021 01:21:03.349,1.2616100000000001,1.26149,1,2.35
