Gmt time,Ask,Bid,AskVolume,BidVolume
26.08.2021 00:00:00.144,6.317550000000001,6.3168500000000005,1,1.5
26.08.2021 00:00:00.245,6.31761,6.31696,1,1
26.08.2021 00:00:00.295,6.31777,6.31696,1.62,1
26.08.2021 00:00:00.346,6.3177200000000004,6.31696,1,1
26.08.2021 00:00:00.472,6.31766,6.31696,1.5,1
26.08.2021 00:00:00.522,6.31766,6.3169,1.5,1.5
26.08.2021 00:00:00.573,6.31766,6.3169,1.5,1.5
26.08.2021 00:00:00.691,6.31766,6.3169,1.5,1
26.08.2021 00:00:01.697,6.31767,6.316890000000001,1.5,1.12
26.08.2021 00:00:01.848,6.31771,6.317,1.5,1
26.08.2021 00:00:01.899,6.31771,6.31701,1.5,1
26.08.2021 00:00:01.949,6.31771,6.31701,1.5,1.5
26.08.2021 00:00:02.102,6.31771,6.31701,1.5,1
26.08.2021 00:00:02.484,6.31777,6.31701,1.62,1.5
26.08.2021 00:00:02.585,6.31777,6.317060000000001,1.5,1
26.08.2021 00:00:07.021,6.31777,6.31701,1.62,1.5
26.08.2021 00:00:07.178,6.31777,6.317060000000001,1.5,1
26.08.2021 00:00:07.282,6.31777,6.31701,1.5,1
26.08.2021 00:00:07.336,6.317780000000001,6.317,1.5,1.5
26.08.2021 00:00:07.467,6.31777,6.317060000000001,1.5,1
26.08.2021 00:00:08.029,6.317780000000001,6.31705,1.62,1.5
26.08.2021 00:00:11.688,6.31777,6.317060000000001,1.62,1
26.08.2021 00:00:11.890,6.31777,6.317060000000001,1.62,1
26.08.2021 00:00:12.315,6.31777,6.317060000000001,1.62,1.5
26.08.2021 00:00:12.417,6.31777,6.3171100000000004,1.62,1
26.08.2021 00:00:12.584,6.31777,6.31712,1,1
26.08.2021 00:00:14.296,6.317830000000001,6.3171100000000004,1,1.5
26.08.2021 00:00:14.397,6.31787,6.31717,1.62,1
26.08.2021 00:00:14.504,6.31787,6.317130000000001,1.62,1
26.08.2021 00:00:14.666,6.31787,6.31716,1.62,1
26.08.2021 00:00:18.467,6.317880000000001,6.31716,1,1
26.08.2021 00:00:18.568,6.317950000000001,6.31717,1.5,1.5
26.08.2021 00:00:18.618,6.317950000000001,6.31722,1.5,1
26.08.2021 00:00:19.596,6.317950000000001,6.31717,1.5,1
26.08.2021 00:00:36.599,6.31787,6.31717,1,1
26.08.2021 00:00:36.883,6.31784,6.31712,1.5,1
26.08.2021 00:00:37.043,6.31784,6.31712,1.5,1
26.08.2021 00:00:37.927,6.31787,6.31712,1,1.5
26.08.2021 00:00:37.977,6.31787,6.31712,1,1.62
26.08.2021 00:00:38.031,6.317880000000001,6.317150000000001,1,1
26.08.2021 00:00:38.292,6.31791,6.31716,1.5,1
26.08.2021 00:00:39.142,6.317900000000001,6.31712,1.5,1
26.08.2021 00:00:42.234,6.31791,6.317150000000001,1.5,1
26.08.2021 00:00:42.284,6.317900000000001,6.31717,1.5,1
26.08.2021 00:00:44.170,6.317900000000001,6.31717,1.5,1.5
26.08.2021 00:00:44.220,6.31797,6.317240000000001,1,1
26.08.2021 00:00:44.334,6.31801,6.31732,1.5,1
26.08.2021 00:00:44.385,6.31807,6.31732,1.5,1.5
26.08.2021 00:00:49.616,6.31806,6.3173900000000005,1.5,1
26.08.2021 00:00:49.719,6.31806,6.317330000000001,1.5,1.62
26.08.2021 00:00:51.887,6.31806,6.317380000000001,1.5,1
26.08.2021 00:00:52.192,6.31806,6.3173900000000005,1.5,1
26.08.2021 00:00:52.243,6.31806,6.317330000000001,1.5,1
26.08.2021 00:00:56.442,6.31806,6.317380000000001,1.5,1
26.08.2021 00:00:56.574,6.31806,6.3173900000000005,1.5,1
26.08.2021 00:00:56.705,6.31806,6.317330000000001,1.5,1.62
26.08.2021 00:00:58.507,6.31806,6.317380000000001,1.5,1
26.08.2021 00:00:58.725,6.31806,6.3173900000000005,1.5,1
26.08.2021 00:00:58.776,6.31806,6.317330000000001,1.5,1
26.08.2021 00:01:01.342,6.31806,6.317380000000001,1.5,1
26.08.2021 00:01:01.393,6.31807,6.31732,1.5,1.62
26.08.2021 00:01:06.338,6.31806,6.31732,1.5,1.5
26.08.2021 00:01:06.540,6.31806,6.317330000000001,1.5,1.62
26.08.2021 00:01:06.590,6.31806,6.3173900000000005,1.5,1
26.08.2021 00:01:06.829,6.31807,6.317380000000001,1.5,1
26.08.2021 00:01:17.426,6.31822,6.31747,1,1.5
26.08.2021 00:01:17.482,6.31827,6.31747,1.62,1.5
26.08.2021 00:01:17.532,6.31827,6.3176000000000005,1.62,1
26.08.2021 00:01:17.582,6.318280000000001,6.31754,1.5,1
26.08.2021 00:01:17.633,6.31827,6.317550000000001,1,1.5
26.08.2021 00:01:17.783,6.31827,6.31758,1.5,1
26.08.2021 00:01:17.884,6.31822,6.31749,1.5,1
26.08.2021 00:01:17.985,6.31822,6.31747,1.5,1
26.08.2021 00:01:18.085,6.31812,6.31742,1,1
26.08.2021 00:01:18.136,6.3181,6.31731,1,2
26.08.2021 00:01:18.186,6.31807,6.31731,1,1.5
26.08.2021 00:01:29.210,6.318080000000001,6.31732,1,1
26.08.2021 00:01:31.344,6.318080000000001,6.31737,1,1
26.08.2021 00:01:32.195,6.318080000000001,6.317380000000001,1,1
26.08.2021 00:01:32.246,6.31796,6.31721,1.5,1.62
26.08.2021 00:01:32.347,6.3179300000000005,6.317130000000001,1,1.62
26.08.2021 00:01:32.447,6.317880000000001,6.31712,1,1.5
26.08.2021 00:01:32.598,6.317950000000001,6.31716,1.5,1
26.08.2021 00:01:32.649,6.317950000000001,6.31717,1.5,1.12
26.08.2021 00:01:32.781,6.31796,6.317200000000001,1.5,1
26.08.2021 00:01:33.201,6.31796,6.31721,1.5,1
26.08.2021 00:01:33.252,6.317950000000001,6.31716,1.5,1.5
26.08.2021 00:01:33.480,6.31796,6.317200000000001,1.5,1
26.08.2021 00:01:33.986,6.317950000000001,6.31722,1.5,1
26.08.2021 00:01:34.036,6.31796,6.317150000000001,1.5,1.5
26.08.2021 00:01:34.254,6.317900000000001,6.317130000000001,1.5,1
26.08.2021 00:01:34.455,6.3178600000000005,6.317130000000001,1,1
26.08.2021 00:01:35.339,6.31787,6.31712,1,1
26.08.2021 00:01:36.293,6.317740000000001,6.316980000000001,1,1.5
26.08.2021 00:01:36.494,6.317730000000001,6.3169900000000005,1,1
26.08.2021 00:01:37.132,6.317640000000001,6.31684,1.5,1.5
26.08.2021 00:01:37.315,6.31757,6.3168500000000005,1,1
26.08.2021 00:01:41.518,6.31757,6.31677,1,1.5
26.08.2021 00:01:42.398,6.31747,6.31677,1,1.5
26.08.2021 00:01:58.497,6.31752,6.31676,1.5,1
26.08.2021 00:01:58.616,6.317480000000001,6.31665,1,1.5
26.08.2021 00:01:58.667,6.317480000000001,6.31662,1.62,1
26.08.2021 00:02:00.361,6.31747,6.316730000000001,1,1
26.08.2021 00:02:01.060,6.3175300000000005,6.316680000000001,1.5,1.5
26.08.2021 00:02:05.534,6.31757,6.316730000000001,1.62,1
26.08.2021 00:02:14.312,6.31752,6.31677,1.5,1
26.08.2021 00:02:14.911,6.31747,6.316680000000001,1,1.5
26.08.2021 00:02:15.142,6.31747,6.31669,1,1
26.08.2021 00:02:21.728,6.317480000000001,6.31672,1,1
26.08.2021 00:02:21.898,6.31752,6.31679,1.5,1
26.08.2021 00:02:21.949,6.31752,6.31682,1.5,1
26.08.2021 00:02:22.100,6.31752,6.316730000000001,1.5,1
26.08.2021 00:02:47.362,6.31752,6.316730000000001,1.5,1
26.08.2021 00:02:47.567,6.31747,6.316680000000001,1,1.5
26.08.2021 00:02:47.848,6.31747,6.31672,1,1
26.08.2021 00:02:47.949,6.31736,6.316680000000001,1.5,1
26.08.2021 00:02:47.999,6.31737,6.31656,1.5,1.5
26.08.2021 00:02:48.224,6.31731,6.31656,1,1.5
26.08.2021 00:02:48.353,6.31727,6.31657,1,1
26.08.2021 00:02:51.215,6.31728,6.31652,1,1
26.08.2021 00:03:10.974,6.31709,6.31646,1,1.5
26.08.2021 00:03:11.075,6.31704,6.316330000000001,1.5,1.5
26.08.2021 00:03:12.674,6.31704,6.316330000000001,1.5,1
26.08.2021 00:03:14.229,6.31697,6.316330000000001,1,1
26.08.2021 00:03:28.169,6.31704,6.316330000000001,1.5,1
26.08.2021 00:03:31.036,6.31704,6.316230000000001,1.5,1.62
26.08.2021 00:03:31.247,6.31704,6.316230000000001,1.5,1.62
26.08.2021 00:03:31.360,6.31705,6.3163,1.5,1
26.08.2021 00:03:31.764,6.31704,6.316230000000001,1.5,1.62
26.08.2021 00:03:41.125,6.31704,6.316330000000001,1.5,1
26.08.2021 00:03:47.070,6.31704,6.31625,1.5,1.5
26.08.2021 00:04:13.674,6.31707,6.3163100000000005,1,1.5
26.08.2021 00:04:13.775,6.31714,6.31636,1,1.5
26.08.2021 00:04:13.825,6.317150000000001,6.316400000000001,1.5,1.5
26.08.2021 00:04:13.876,6.31716,6.31639,1.5,1.5
26.08.2021 00:04:14.041,6.31716,6.31641,1.5,1
26.08.2021 00:04:15.935,6.317150000000001,6.316400000000001,1.5,1.5
26.08.2021 00:04:15.986,6.317150000000001,6.316400000000001,1.5,1
26.08.2021 00:04:16.317,6.3171,6.316400000000001,1.5,1
26.08.2021 00:04:16.509,6.317150000000001,6.316400000000001,1.5,1.12
26.08.2021 00:04:22.463,6.31707,6.31636,1,1.12
26.08.2021 00:04:31.008,6.317150000000001,6.31636,1.5,1.5
26.08.2021 00:04:32.012,6.317150000000001,6.31636,1.5,1.5
26.08.2021 00:04:35.415,6.317150000000001,6.31636,1.5,1
26.08.2021 00:04:35.567,6.31704,6.31625,1.5,1.5
26.08.2021 00:04:40.539,6.31697,6.3162,1,1.5
26.08.2021 00:05:03.245,6.31683,6.31621,1.5,1
26.08.2021 00:05:03.346,6.31683,6.31604,1.5,1.5
26.08.2021 00:05:03.397,6.31672,6.31595,1.5,1.5
26.08.2021 00:05:03.497,6.31672,6.31595,1,1.5
26.08.2021 00:05:03.548,6.31672,6.31595,1.5,1.5
26.08.2021 00:05:04.197,6.316680000000001,6.31595,1,1.5
26.08.2021 00:05:17.989,6.316730000000001,6.31592,1.5,1.62
26.08.2021 00:05:18.602,6.316680000000001,6.315930000000001,1,1.5
26.08.2021 00:05:19.518,6.316730000000001,6.31592,1.5,1.5
26.08.2021 00:05:20.743,6.31669,6.31592,1,1.5
26.08.2021 00:05:26.486,6.31667,6.315910000000001,1.62,1
26.08.2021 00:05:26.536,6.31667,6.315880000000001,1.62,1
26.08.2021 00:05:26.687,6.31667,6.315880000000001,1.62,1
26.08.2021 00:05:26.837,6.31656,6.31577,1.5,1.5
26.08.2021 00:05:30.528,6.31656,6.31578,1.5,1.5
26.08.2021 00:05:41.384,6.31656,6.3158,1.5,1
26.08.2021 00:05:41.582,6.31656,6.315790000000001,1.5,1.5
26.08.2021 00:05:41.646,6.31657,6.31582,1,1
26.08.2021 00:05:41.757,6.31661,6.315930000000001,1,1
26.08.2021 00:05:41.808,6.31672,6.315930000000001,1.5,1.62
26.08.2021 00:05:45.398,6.31667,6.315930000000001,1,1
26.08.2021 00:05:45.498,6.316680000000001,6.31587,1.62,1.5
26.08.2021 00:05:51.011,6.31667,6.315910000000001,1.62,1
26.08.2021 00:05:51.128,6.316590000000001,6.315830000000001,1,1.5
26.08.2021 00:05:51.178,6.31661,6.315830000000001,1.5,1.5
26.08.2021 00:05:52.298,6.31657,6.315830000000001,1,1
26.08.2021 00:05:52.452,6.31656,6.315830000000001,1.5,1
26.08.2021 00:05:55.710,6.31656,6.31577,1.5,1.5
26.08.2021 00:06:03.808,6.31662,6.315830000000001,1.5,1
26.08.2021 00:06:03.858,6.31662,6.315830000000001,1,1.5
26.08.2021 00:06:03.985,6.31672,6.31594,1.5,1.5
26.08.2021 00:06:06.048,6.31667,6.31594,1,1.5
26.08.2021 00:06:13.245,6.316680000000001,6.31594,1,1.5
26.08.2021 00:06:15.571,6.31672,6.31594,1.5,1.5
26.08.2021 00:06:16.298,6.316680000000001,6.315930000000001,1,1
26.08.2021 00:06:18.350,6.3167,6.315930000000001,1.5,1
26.08.2021 00:06:19.641,6.31669,6.31592,1,1.62
26.08.2021 00:06:26.147,6.3167,6.315930000000001,1.5,1.5
26.08.2021 00:06:28.577,6.3167,6.315930000000001,1.5,1.5
26.08.2021 00:06:40.009,6.3167100000000005,6.31595,1.5,1.5
26.08.2021 00:06:55.710,6.3167100000000005,6.31592,1.5,1
26.08.2021 00:07:17.079,6.31667,6.31595,1,1.5
26.08.2021 00:07:30.303,6.3166400000000005,6.31586,1.5,1
26.08.2021 00:07:30.418,6.316540000000001,6.315840000000001,1.5,1
26.08.2021 00:07:33.888,6.3167,6.315910000000001,1.5,1.5
26.08.2021 00:07:33.993,6.31676,6.3159600000000005,1.5,2
26.08.2021 00:07:35.170,6.31675,6.31599,1.5,1
26.08.2021 00:07:38.057,6.31675,6.31601,1.5,1
26.08.2021 00:07:39.673,6.316800000000001,6.3160300000000005,1.5,1
26.08.2021 00:07:39.831,6.316800000000001,6.3160300000000005,1.5,1
26.08.2021 00:07:41.857,6.31681,6.3161000000000005,1.5,1
26.08.2021 00:07:52.721,6.31686,6.31611,1.5,1.5
26.08.2021 00:07:58.474,6.31687,6.31613,1,1
26.08.2021 00:07:58.574,6.31691,6.31613,1.5,1.5
26.08.2021 00:07:58.725,6.31697,6.316180000000001,1.62,1.5
26.08.2021 00:08:06.317,6.316980000000001,6.316280000000001,1.5,1
26.08.2021 00:08:32.571,6.31697,6.31626,1.62,1.5
26.08.2021 00:08:57.460,6.31702,6.316280000000001,1.5,1
26.08.2021 00:08:57.511,6.31702,6.31632,1.5,1
26.08.2021 00:08:57.612,6.31707,6.31636,1.62,1
26.08.2021 00:08:57.712,6.317080000000001,6.31635,1,1.5
26.08.2021 00:09:00.404,6.31717,6.316400000000001,1,1.5
26.08.2021 00:09:03.534,6.31717,6.316400000000001,1,1.5
26.08.2021 00:09:17.652,6.31723,6.31647,1.5,1
26.08.2021 00:09:17.753,6.317340000000001,6.3166,1.5,1
26.08.2021 00:09:18.985,6.317290000000001,6.3166,1.5,1
26.08.2021 00:09:25.449,6.317290000000001,6.31653,1.5,1
26.08.2021 00:09:36.057,6.31735,6.316580000000001,1.5,1
26.08.2021 00:09:36.113,6.317340000000001,6.31656,1.5,1.5
26.08.2021 00:09:38.356,6.317340000000001,6.31656,1.5,1.5
26.08.2021 00:09:55.873,6.317290000000001,6.316540000000001,1.5,1
26.08.2021 00:09:55.994,6.317290000000001,6.316540000000001,1.5,1
26.08.2021 00:10:00.022,6.3173,6.31653,1.5,1
26.08.2021 00:10:05.603,6.31723,6.316540000000001,1.5,1
26.08.2021 00:10:07.065,6.3171800000000005,6.31643,1.5,1.7
26.08.2021 00:10:07.167,6.316980000000001,6.3163800000000005,1.2,1
26.08.2021 00:10:07.318,6.3169900000000005,6.31637,1.7,1
26.08.2021 00:10:07.485,6.31697,6.3163800000000005,1.5,1
26.08.2021 00:10:11.616,6.31697,6.31625,1.5,1
26.08.2021 00:10:25.950,6.316980000000001,6.31622,1.5,1.5
26.08.2021 00:10:34.595,6.31697,6.316230000000001,1.5,1.62
26.08.2021 00:10:35.701,6.317080000000001,6.3163800000000005,1,1.5
26.08.2021 00:10:35.802,6.31723,6.316450000000001,1.5,1.12
26.08.2021 00:10:35.903,6.31723,6.316450000000001,1.5,1.5
26.08.2021 00:10:36.940,6.317240000000001,6.3165000000000004,1.5,1
26.08.2021 00:10:39.573,6.317290000000001,6.316630000000001,1.5,1
26.08.2021 00:10:43.021,6.31723,6.316630000000001,1.5,1
26.08.2021 00:10:50.162,6.31723,6.316450000000001,1.5,1.5
26.08.2021 00:10:58.540,6.31727,6.3165000000000004,1,1.5
26.08.2021 00:11:08.802,6.317290000000001,6.316580000000001,1.5,1
26.08.2021 00:11:13.591,6.317290000000001,6.31667,1.5,1
26.08.2021 00:11:13.862,6.31717,6.316580000000001,1,1
26.08.2021 00:11:13.963,6.31707,6.31648,1,1
26.08.2021 00:11:14.064,6.31707,6.31648,1.62,1
26.08.2021 00:11:14.164,6.31707,6.316330000000001,1.62,1
26.08.2021 00:11:14.222,6.31707,6.316330000000001,1.62,1
26.08.2021 00:11:14.422,6.317080000000001,6.3163100000000005,1.62,1
26.08.2021 00:11:16.297,6.31707,6.316330000000001,1.62,1
26.08.2021 00:11:16.448,6.31707,6.316330000000001,1.5,1
26.08.2021 00:11:16.599,6.317080000000001,6.31646,1.5,1
26.08.2021 00:11:16.750,6.31707,6.31647,1.5,1
26.08.2021 00:11:16.927,6.31707,6.31647,1.5,1
26.08.2021 00:11:18.294,6.31707,6.31647,1.5,1
26.08.2021 00:11:18.545,6.31707,6.31647,1.62,1
26.08.2021 00:11:18.746,6.31707,6.31647,1.62,1
26.08.2021 00:11:19.116,6.31707,6.31647,1.62,1
26.08.2021 00:11:19.306,6.31707,6.31647,1.62,1
26.08.2021 00:11:20.661,6.31707,6.3165000000000004,1.62,1
26.08.2021 00:11:20.759,6.31707,6.31648,1.62,1
26.08.2021 00:11:22.205,6.31707,6.31648,1.5,1
26.08.2021 00:11:39.543,6.31707,6.31643,1.5,1.2
26.08.2021 00:11:39.694,6.31717,6.316580000000001,1,1
26.08.2021 00:11:39.748,6.31717,6.316580000000001,1,1
26.08.2021 00:11:39.949,6.31717,6.316580000000001,1,1
26.08.2021 00:11:46.522,6.31714,6.31657,1.5,1
26.08.2021 00:11:48.932,6.317130000000001,6.31655,1.5,1
26.08.2021 00:11:53.949,6.317130000000001,6.31655,1.5,1
26.08.2021 00:11:54.150,6.3171800000000005,6.31655,1.5,1
26.08.2021 00:11:55.001,6.3173,6.31665,1.5,1
26.08.2021 00:12:01.021,6.31727,6.31666,1,1
26.08.2021 00:12:04.043,6.317290000000001,6.31666,1.5,1
26.08.2021 00:12:12.261,6.317290000000001,6.31666,1.5,1
26.08.2021 00:12:14.951,6.317290000000001,6.31653,1.5,1.77
26.08.2021 00:12:16.308,6.317290000000001,6.3166,1.5,1
26.08.2021 00:12:18.130,6.3173,6.316590000000001,1.5,1
26.08.2021 00:12:21.817,6.317290000000001,6.31669,1.5,1
26.08.2021 00:12:22.945,6.3173,6.316680000000001,1.5,1
26.08.2021 00:12:40.147,6.31732,6.31669,1.5,1
26.08.2021 00:12:40.351,6.31737,6.31656,1.62,1.5
26.08.2021 00:12:40.435,6.31737,6.31656,1.62,1.5
26.08.2021 00:12:56.791,6.31737,6.316730000000001,1.62,1
26.08.2021 00:13:03.759,6.31737,6.316730000000001,1.62,1
26.08.2021 00:13:10.699,6.317380000000001,6.31672,1.62,1
26.08.2021 00:13:10.749,6.31737,6.31656,1.62,1.5
26.08.2021 00:13:10.934,6.31728,6.3165000000000004,1,1.5
26.08.2021 00:13:19.089,6.31727,6.316680000000001,1,1
26.08.2021 00:13:28.933,6.31737,6.316680000000001,1.62,1
26.08.2021 00:13:32.050,6.31732,6.316680000000001,1.5,1
26.08.2021 00:13:33.058,6.31732,6.316680000000001,1.5,1
26.08.2021 00:13:39.415,6.31737,6.316630000000001,1.62,1
26.08.2021 00:13:39.581,6.31737,6.31662,1.62,1
26.08.2021 00:13:40.802,6.31737,6.3167100000000005,1.62,1
26.08.2021 00:13:41.711,6.317380000000001,6.3167,1.62,1
26.08.2021 00:13:54.537,6.31732,6.3167100000000005,1.5,1
26.08.2021 00:13:57.200,6.31737,6.31657,1.5,1
26.08.2021 00:13:57.300,6.31737,6.316630000000001,1.62,1
26.08.2021 00:13:58.489,6.31737,6.31669,1.5,1
26.08.2021 00:14:01.539,6.31737,6.31669,1.62,1
26.08.2021 00:14:03.867,6.317380000000001,6.316680000000001,1.62,1
26.08.2021 00:14:18.719,6.31737,6.316630000000001,1.62,1.2
26.08.2021 00:14:18.770,6.31737,6.31656,1.5,1.62
26.08.2021 00:14:18.870,6.31732,6.31653,1.5,1.77
26.08.2021 00:14:18.971,6.31732,6.31653,1.5,1.77
26.08.2021 00:14:19.097,6.31732,6.31661,1.5,1
26.08.2021 00:14:19.198,6.317380000000001,6.3166,1.62,1.5
26.08.2021 00:14:19.861,6.317330000000001,6.3166,1.5,1
26.08.2021 00:14:20.068,6.31732,6.31661,1.5,1.5
26.08.2021 00:14:22.388,6.31737,6.31661,1.62,1
26.08.2021 00:14:29.717,6.31737,6.3167,1.62,1
26.08.2021 00:14:29.768,6.31737,6.3167,1,1
26.08.2021 00:14:29.929,6.31742,6.3167,1.5,1.5
26.08.2021 00:14:31.544,6.31742,6.3167,1,1.5
26.08.2021 00:14:31.595,6.31742,6.3167800000000005,1,1
26.08.2021 00:14:32.065,6.31742,6.3167,1.5,1.5
26.08.2021 00:14:32.116,6.317380000000001,6.3167,1.7,1.5
26.08.2021 00:14:32.548,6.317380000000001,6.31669,1,1
26.08.2021 00:14:32.921,6.31737,6.31667,1,1
26.08.2021 00:14:55.167,6.31737,6.31667,1.62,1
26.08.2021 00:14:56.504,6.31737,6.3167100000000005,1.62,1
26.08.2021 00:14:58.429,6.31737,6.3167100000000005,1,1.5
26.08.2021 00:14:59.381,6.31747,6.316800000000001,1,1
26.08.2021 00:15:01.538,6.317480000000001,6.31679,1,1
26.08.2021 00:15:02.087,6.317480000000001,6.31679,1,1
26.08.2021 00:15:02.187,6.3175300000000005,6.316800000000001,1.5,1.5
26.08.2021 00:15:02.690,6.317480000000001,6.31688,1,1
26.08.2021 00:15:02.841,6.31757,6.316890000000001,1,1
26.08.2021 00:15:07.029,6.31757,6.316890000000001,1,1
26.08.2021 00:15:08.134,6.31747,6.31686,1,1
26.08.2021 00:15:14.366,6.3175300000000005,6.31682,1.5,1.12
26.08.2021 00:15:15.978,6.31747,6.31682,1,1
26.08.2021 00:15:20.405,6.3175300000000005,6.31682,1.5,1.12
26.08.2021 00:15:22.221,6.3175300000000005,6.31682,1.5,1
26.08.2021 00:15:22.828,6.3175300000000005,6.31682,1.5,1.12
26.08.2021 00:15:24.811,6.317480000000001,6.316800000000001,1.7,1
26.08.2021 00:15:24.861,6.317480000000001,6.316730000000001,1.7,1
26.08.2021 00:15:25.012,6.31749,6.3167100000000005,1.7,1
26.08.2021 00:15:25.799,6.31747,6.31672,1,1.5
26.08.2021 00:15:25.900,6.31747,6.31684,1,1
26.08.2021 00:15:26.158,6.31747,6.31684,1,1
26.08.2021 00:15:26.563,6.31747,6.31674,1,1.12
26.08.2021 00:15:26.819,6.31747,6.31674,1,1
26.08.2021 00:15:30.977,6.31737,6.3167,1,1.12
26.08.2021 00:15:31.037,6.3173900000000005,6.31669,1.77,1.12
26.08.2021 00:15:32.389,6.31737,6.3167,1,1
26.08.2021 00:15:32.490,6.31737,6.31672,1,1
26.08.2021 00:15:32.540,6.31752,6.316730000000001,1.5,1
26.08.2021 00:15:32.658,6.31754,6.31686,1.5,1
26.08.2021 00:15:32.761,6.3175300000000005,6.31687,1.5,1
26.08.2021 00:15:35.647,6.3175300000000005,6.31679,1.5,1.5
26.08.2021 00:15:35.698,6.3175,6.31679,1,1.5
26.08.2021 00:15:35.799,6.3175300000000005,6.31679,1.5,1.5
26.08.2021 00:15:37.505,6.31754,6.31683,1.5,1
26.08.2021 00:15:39.594,6.31757,6.31684,1,1.5
26.08.2021 00:15:42.007,6.31757,6.31684,1,1
26.08.2021 00:15:43.013,6.31757,6.31692,1,1
26.08.2021 00:15:53.402,6.31758,6.31677,1,1.5
26.08.2021 00:15:53.503,6.31757,6.31682,1,1
26.08.2021 00:15:53.959,6.31758,6.31677,1,1.5
26.08.2021 00:15:54.261,6.31757,6.31682,1,1
26.08.2021 00:15:59.812,6.31757,6.31691,1,1
26.08.2021 00:16:08.115,6.3175300000000005,6.31691,1.5,1
26.08.2021 00:16:08.216,6.317480000000001,6.31681,1.7,1
26.08.2021 00:16:08.316,6.31747,6.31681,1,1
26.08.2021 00:16:11.585,6.317380000000001,6.31681,1,1
26.08.2021 00:16:11.686,6.317380000000001,6.31681,1.7,1
26.08.2021 00:16:11.836,6.317380000000001,6.31669,1.7,1
26.08.2021 00:16:13.432,6.31727,6.31661,1,1
26.08.2021 00:16:16.521,6.31728,6.3166,1,1
26.08.2021 00:16:32.533,6.31727,6.3165000000000004,1,1.5
26.08.2021 00:16:38.105,6.31737,6.316630000000001,1.62,1.2
26.08.2021 00:16:38.205,6.31737,6.31665,1.5,1.5
26.08.2021 00:16:38.256,6.31737,6.31666,1.5,1
26.08.2021 00:16:38.407,6.31737,6.31665,1.5,1.5
26.08.2021 00:16:38.621,6.31737,6.31676,1.5,1
26.08.2021 00:16:39.040,6.31747,6.31676,1.5,1.5
26.08.2021 00:16:39.163,6.317480000000001,6.3167800000000005,1.12,1
26.08.2021 00:16:41.431,6.31747,6.31688,1,1
26.08.2021 00:16:46.990,6.31758,6.31687,1,1
26.08.2021 00:16:47.149,6.31758,6.31687,1,1
26.08.2021 00:16:54.261,6.31757,6.31687,1,1
26.08.2021 00:17:07.567,6.31759,6.31682,1.5,1.77
26.08.2021 00:17:24.397,6.31759,6.31686,1.5,1
26.08.2021 00:17:24.619,6.31759,6.31691,1.5,1
26.08.2021 00:17:31.918,6.31765,6.31691,1,1.5
26.08.2021 00:17:32.019,6.317740000000001,6.31693,1.5,1.7
26.08.2021 00:17:32.069,6.31775,6.31702,1.12,1
26.08.2021 00:17:32.241,6.31777,6.3171,1,1
26.08.2021 00:17:32.291,6.3178,6.3171,1.5,1
26.08.2021 00:17:34.518,6.317780000000001,6.31712,1,1
26.08.2021 00:17:39.617,6.31776,6.31712,1,1
26.08.2021 00:17:39.920,6.31766,6.3169900000000005,1.5,1.5
26.08.2021 00:17:39.971,6.31765,6.31683,1.5,1.62
26.08.2021 00:17:40.625,6.31758,6.31691,1,1
26.08.2021 00:17:45.341,6.31757,6.31683,1,1.62
26.08.2021 00:17:45.391,6.31767,6.317060000000001,1,1
26.08.2021 00:17:45.474,6.31775,6.317060000000001,1.5,1
26.08.2021 00:17:45.575,6.31776,6.31705,1.5,1.12
26.08.2021 00:17:45.805,6.31775,6.317060000000001,1.5,1
26.08.2021 00:17:49.021,6.31775,6.317060000000001,1.12,1.5
26.08.2021 00:17:58.417,6.31775,6.317130000000001,1.12,1
26.08.2021 00:18:04.328,6.317780000000001,6.3172500000000005,1,1
26.08.2021 00:18:04.729,6.3178600000000005,6.3171800000000005,1.5,1
26.08.2021 00:18:04.838,6.317880000000001,6.31717,1,1
26.08.2021 00:18:04.941,6.317880000000001,6.31717,1,1.5
26.08.2021 00:18:05.370,6.31787,6.31727,1,1
26.08.2021 00:18:08.367,6.31797,6.31727,1,1.12
26.08.2021 00:18:10.161,6.31803,6.31726,1.5,1.5
26.08.2021 00:18:10.382,6.31803,6.31736,1.5,1
26.08.2021 00:18:20.843,6.31802,6.317330000000001,1.5,1
26.08.2021 00:18:21.380,6.31802,6.317330000000001,1.5,1
26.08.2021 00:18:21.480,6.31807,6.31744,1.5,1
26.08.2021 00:18:21.581,6.31817,6.31744,1,1.5
26.08.2021 00:18:21.736,6.318230000000001,6.317430000000001,1.5,1.77
26.08.2021 00:18:21.923,6.318230000000001,6.317640000000001,1,1
26.08.2021 00:18:22.373,6.318230000000001,6.317640000000001,1.5,1
26.08.2021 00:18:22.475,6.318180000000001,6.317640000000001,1.7,1
26.08.2021 00:18:22.576,6.31811,6.317640000000001,1,1
26.08.2021 00:18:22.626,6.31811,6.31749,1,1
26.08.2021 00:18:23.119,6.318080000000001,6.317480000000001,1,1
26.08.2021 00:18:23.369,6.318080000000001,6.31747,1,1
26.08.2021 00:18:25.419,6.31817,6.317480000000001,1,1
26.08.2021 00:18:25.628,6.31817,6.317480000000001,1,1
26.08.2021 00:18:31.077,6.318280000000001,6.31747,1,2
26.08.2021 00:18:31.218,6.318280000000001,6.3176000000000005,1,1
26.08.2021 00:18:31.522,6.318280000000001,6.3176000000000005,1,1
26.08.2021 00:18:37.082,6.318300000000001,6.31761,1,1.5
26.08.2021 00:18:37.183,6.31834,6.3177200000000004,1.5,1
26.08.2021 00:18:37.349,6.31838,6.31771,1,1
26.08.2021 00:18:39.307,6.318280000000001,6.3177200000000004,1.2,1
26.08.2021 00:18:39.414,6.31837,6.3177200000000004,1,1
26.08.2021 00:18:41.070,6.31838,6.31768,1,1
26.08.2021 00:18:48.892,6.31837,6.31768,1,1
26.08.2021 00:18:52.465,6.31837,6.317690000000001,1,1
26.08.2021 00:18:52.670,6.31837,6.3177900000000005,1,1
26.08.2021 00:18:53.435,6.31837,6.3177900000000005,1,1
26.08.2021 00:18:53.670,6.31837,6.3177,1,1
26.08.2021 00:18:53.877,6.31846,6.317690000000001,1.12,1.5
26.08.2021 00:18:53.928,6.31847,6.317900000000001,1,1
26.08.2021 00:18:54.078,6.31866,6.3178600000000005,1.5,1.5
26.08.2021 00:18:54.230,6.31867,6.31802,1.5,1
26.08.2021 00:18:54.373,6.318580000000001,6.31803,1.2,1
26.08.2021 00:18:55.532,6.318580000000001,6.31803,1.7,1
26.08.2021 00:18:59.545,6.318580000000001,6.31794,1,1
26.08.2021 00:18:59.596,6.318480000000001,6.317950000000001,1.2,1
26.08.2021 00:18:59.710,6.318480000000001,6.317950000000001,1.7,1
26.08.2021 00:18:59.914,6.31856,6.31782,1.5,1
26.08.2021 00:19:00.170,6.31856,6.31782,1.5,1.5
26.08.2021 00:19:00.271,6.31857,6.317810000000001,1.5,1.62
26.08.2021 00:19:02.297,6.31857,6.317900000000001,1,1
26.08.2021 00:19:08.021,6.31856,6.317900000000001,1.5,1
26.08.2021 00:19:08.222,6.31857,6.317900000000001,1,1
26.08.2021 00:19:09.929,6.31856,6.317900000000001,1.5,1
26.08.2021 00:19:10.030,6.318480000000001,6.317900000000001,1.2,1
26.08.2021 00:19:10.080,6.31856,6.317900000000001,1.5,1
26.08.2021 00:19:10.131,6.318490000000001,6.31789,1.2,1
26.08.2021 00:19:10.430,6.318490000000001,6.31789,1.7,1
26.08.2021 00:19:15.570,6.318490000000001,6.31789,1.7,1
26.08.2021 00:19:15.620,6.31845,6.3178,1.5,1
26.08.2021 00:19:15.771,6.31845,6.3178,1.5,1
26.08.2021 00:19:15.911,6.31845,6.31765,1.5,1.5
26.08.2021 00:19:16.721,6.31845,6.31765,1.5,1
26.08.2021 00:19:21.752,6.31837,6.31758,1,1.5
26.08.2021 00:19:25.923,6.31834,6.31757,1.5,1.5
26.08.2021 00:19:40.944,6.31827,6.31768,1,1
26.08.2021 00:19:41.066,6.31827,6.317690000000001,1,1
26.08.2021 00:19:41.217,6.31845,6.317690000000001,1.5,1.5
26.08.2021 00:19:41.318,6.31845,6.317640000000001,1.5,1.12
26.08.2021 00:19:43.364,6.31816,6.31761,1,1
26.08.2021 00:19:43.465,6.318080000000001,6.3172500000000005,1.12,1.5
26.08.2021 00:19:43.566,6.31789,6.31731,1,1
26.08.2021 00:19:43.719,6.31787,6.31732,1,1
26.08.2021 00:19:44.069,6.31787,6.31732,1,1
26.08.2021 00:19:46.839,6.31787,6.31723,1,1
26.08.2021 00:19:46.947,6.317900000000001,6.317340000000001,1,1
26.08.2021 00:19:47.261,6.31794,6.317240000000001,1,1.5
26.08.2021 00:19:47.312,6.31787,6.317240000000001,1,1
26.08.2021 00:19:47.627,6.31789,6.317240000000001,1,1
26.08.2021 00:19:47.678,6.31803,6.31723,1.5,1
26.08.2021 00:19:49.721,6.31802,6.31735,1.5,1
26.08.2021 00:19:49.771,6.31803,6.317340000000001,1.5,1
26.08.2021 00:19:49.922,6.31802,6.31735,1.5,1
26.08.2021 00:19:50.093,6.31802,6.31736,1.5,1
26.08.2021 00:19:59.280,6.31807,6.317430000000001,1,1
26.08.2021 00:19:59.381,6.3182,6.31757,1,1
26.08.2021 00:19:59.482,6.318180000000001,6.31758,1.5,1
26.08.2021 00:19:59.582,6.31817,6.31749,1,1
26.08.2021 00:19:59.633,6.31817,6.31737,1,1.5
26.08.2021 00:19:59.842,6.31817,6.3175300000000005,1,1.2
26.08.2021 00:19:59.893,6.31824,6.31754,1.5,1
26.08.2021 00:20:00.486,6.31827,6.317550000000001,1,1
26.08.2021 00:20:00.537,6.318280000000001,6.31765,1,1
26.08.2021 00:20:00.687,6.31827,6.31766,1,1
26.08.2021 00:20:01.156,6.318280000000001,6.31766,1.7,1
26.08.2021 00:20:03.522,6.31827,6.31766,1,1
26.08.2021 00:20:04.020,6.318230000000001,6.31758,1.5,1
26.08.2021 00:20:04.135,6.318080000000001,6.31758,1.2,1
26.08.2021 00:20:04.236,6.318180000000001,6.31757,1,1
26.08.2021 00:20:04.286,6.318180000000001,6.31742,1.7,1.5
26.08.2021 00:20:04.387,6.318080000000001,6.31742,1.2,1.5
26.08.2021 00:20:04.438,6.318180000000001,6.31752,1,1.2
26.08.2021 00:20:04.555,6.3181400000000005,6.3175300000000005,1.5,1
26.08.2021 00:20:04.656,6.318090000000001,6.3175300000000005,1.7,1
26.08.2021 00:20:04.840,6.318180000000001,6.3175300000000005,1,1
26.08.2021 00:20:04.943,6.31817,6.317380000000001,1,1.5
26.08.2021 00:20:08.253,6.3182100000000005,6.317480000000001,1,1.5
26.08.2021 00:20:08.408,6.318230000000001,6.3175300000000005,1.5,2.52
26.08.2021 00:20:08.459,6.318230000000001,6.3175300000000005,1.5,2.02
26.08.2021 00:20:08.644,6.318230000000001,6.31766,1.5,1
26.08.2021 00:20:08.695,6.318230000000001,6.31766,1.5,1
26.08.2021 00:20:09.071,6.318230000000001,6.31766,1.5,1
26.08.2021 00:20:09.173,6.318080000000001,6.31754,1.2,1
26.08.2021 00:20:09.224,6.31817,6.31754,1,1
26.08.2021 00:20:09.274,6.31817,6.31754,1,1
26.08.2021 00:20:09.526,6.318180000000001,6.31754,1.7,1
26.08.2021 00:20:09.626,6.31811,6.3175300000000005,1,1
26.08.2021 00:20:09.711,6.318180000000001,6.31754,1.5,1
26.08.2021 00:20:09.761,6.318080000000001,6.31754,1.2,1
26.08.2021 00:20:09.862,6.31811,6.3175300000000005,1,1
26.08.2021 00:20:09.912,6.318180000000001,6.3175300000000005,1,1
26.08.2021 00:20:10.050,6.31817,6.3175300000000005,1,1.2
26.08.2021 00:20:10.217,6.31817,6.31742,1,2
26.08.2021 00:20:10.337,6.31817,6.3175300000000005,1,1.2
26.08.2021 00:20:10.438,6.31827,6.317550000000001,1,1.5
26.08.2021 00:20:11.121,6.31827,6.317550000000001,1,1.12
26.08.2021 00:20:13.216,6.318280000000001,6.317550000000001,1.7,1.5
26.08.2021 00:20:13.964,6.318280000000001,6.31765,1.7,1
26.08.2021 00:20:18.227,6.31827,6.31765,1,1
26.08.2021 00:20:18.328,6.318180000000001,6.31765,1.2,1
26.08.2021 00:20:18.435,6.31819,6.31765,1,1
26.08.2021 00:20:18.486,6.31827,6.31765,1,1
26.08.2021 00:20:19.969,6.31827,6.31765,1,1
26.08.2021 00:20:20.019,6.318180000000001,6.31754,1,1
26.08.2021 00:20:21.186,6.31817,6.317550000000001,1,1
26.08.2021 00:20:21.411,6.318180000000001,6.317550000000001,1.77,1
26.08.2021 00:20:22.276,6.318180000000001,6.3175,1.77,1.87
26.08.2021 00:20:22.326,6.31819,6.31792,1,1.2
26.08.2021 00:20:22.427,6.3186100000000005,6.317990000000001,1,1
26.08.2021 00:20:22.477,6.31867,6.317990000000001,1,1
26.08.2021 00:20:26.356,6.31867,6.31807,1,1.5
26.08.2021 00:20:26.457,6.31887,6.31834,1,1
26.08.2021 00:20:26.557,6.318890000000001,6.3183300000000004,1.5,1
26.08.2021 00:20:26.759,6.318880000000001,6.3183300000000004,1,1
26.08.2021 00:20:26.960,6.31887,6.318230000000001,1,1
26.08.2021 00:20:27.064,6.31887,6.318230000000001,1,1
26.08.2021 00:20:27.265,6.318880000000001,6.318230000000001,1.7,1.12
26.08.2021 00:20:27.834,6.31892,6.318300000000001,1.5,1
26.08.2021 00:20:27.885,6.318960000000001,6.31831,1.5,1
26.08.2021 00:20:28.035,6.31902,6.3183300000000004,1.5,1.2
26.08.2021 00:20:28.086,6.31902,6.3183300000000004,1.5,1.2
26.08.2021 00:20:28.972,6.318980000000001,6.31831,1.7,1
26.08.2021 00:20:29.584,6.31897,6.3183300000000004,1,1.2
26.08.2021 00:20:29.763,6.318980000000001,6.318300000000001,1,1
26.08.2021 00:20:30.390,6.318960000000001,6.31831,1,1
26.08.2021 00:20:30.490,6.318880000000001,6.31831,1.2,1
26.08.2021 00:20:30.591,6.31887,6.3182100000000005,1,1
26.08.2021 00:20:30.692,6.31886,6.3182,1.5,1
26.08.2021 00:20:31.609,6.31887,6.31819,1.5,1
26.08.2021 00:20:33.276,6.31886,6.31817,1.5,1
26.08.2021 00:20:35.123,6.31886,6.31817,1,1.5
26.08.2021 00:20:35.274,6.31891,6.31825,1.5,1
26.08.2021 00:20:35.324,6.31891,6.31825,1.5,1
26.08.2021 00:20:35.375,6.31897,6.3183300000000004,1,1.2
26.08.2021 00:20:35.515,6.31907,6.3184000000000005,1.62,1
26.08.2021 00:20:35.566,6.31907,6.3184000000000005,1.62,1
26.08.2021 00:20:35.718,6.31907,6.3184000000000005,1.12,1.5
26.08.2021 00:20:39.861,6.3190800000000005,6.31842,1.12,1
26.08.2021 00:20:40.658,6.31907,6.31843,1.62,1
26.08.2021 00:20:40.759,6.31907,6.31843,1.62,1
26.08.2021 00:20:40.972,6.31907,6.318350000000001,1.62,1
26.08.2021 00:20:42.759,6.31907,6.318350000000001,1.62,1.12
26.08.2021 00:20:42.860,6.31907,6.3184000000000005,1,1
26.08.2021 00:20:42.961,6.31907,6.31841,1,1
26.08.2021 00:20:43.361,6.3190800000000005,6.3184000000000005,1,1
26.08.2021 00:20:49.346,6.3190800000000005,6.31834,1,2.25
26.08.2021 00:20:49.396,6.31907,6.318350000000001,1,2.25
26.08.2021 00:20:51.590,6.3190800000000005,6.31834,1,2.25
26.08.2021 00:20:51.745,6.318960000000001,6.31827,1.5,1
26.08.2021 00:20:51.795,6.318960000000001,6.318180000000001,1.5,1.5
26.08.2021 00:20:51.846,6.31897,6.31824,1.5,1
26.08.2021 00:20:55.176,6.31887,6.31816,1.5,1.12
26.08.2021 00:20:59.456,6.31886,6.318180000000001,1.5,1
26.08.2021 00:20:59.574,6.31886,6.31819,1.5,1
26.08.2021 00:21:00.393,6.31886,6.31817,1.5,1.12
26.08.2021 00:21:01.546,6.31886,6.31819,1.5,1
26.08.2021 00:21:01.647,6.31878,6.31817,1.2,1
26.08.2021 00:21:01.767,6.3187500000000005,6.31807,1.5,1
26.08.2021 00:21:02.424,6.318700000000001,6.31807,1,1
26.08.2021 00:21:03.570,6.31867,6.317990000000001,1,1
26.08.2021 00:21:03.731,6.31867,6.317990000000001,1,1
26.08.2021 00:21:03.845,6.318530000000001,6.3179300000000005,1,1.27
26.08.2021 00:21:03.895,6.31859,6.317950000000001,1.12,1
26.08.2021 00:21:03.946,6.31859,6.317950000000001,1.5,1
26.08.2021 00:21:04.134,6.31859,6.317950000000001,1.12,1
26.08.2021 00:21:04.197,6.31859,6.31797,1.12,1
26.08.2021 00:21:04.475,6.3186,6.31797,1.12,1
26.08.2021 00:21:06.224,6.31859,6.317950000000001,1,1
26.08.2021 00:21:06.493,6.31859,6.31797,1,1
26.08.2021 00:21:07.522,6.31859,6.31798,1.12,1
26.08.2021 00:21:16.304,6.3186,6.31794,1.12,1
26.08.2021 00:21:16.363,6.31859,6.317950000000001,1.5,1
26.08.2021 00:21:16.565,6.31859,6.317950000000001,1.5,1
26.08.2021 00:21:16.615,6.31859,6.3179300000000005,1.5,1.27
26.08.2021 00:21:16.891,6.31859,6.3179300000000005,1.5,1.27
26.08.2021 00:21:17.587,6.31864,6.3179300000000005,1.5,1.27
26.08.2021 00:21:19.769,6.31865,6.317950000000001,1.5,1
26.08.2021 00:21:24.123,6.318580000000001,6.31796,1,1
26.08.2021 00:21:24.670,6.31859,6.31796,1.12,1
26.08.2021 00:21:35.257,6.31867,6.31803,1,1
26.08.2021 00:21:35.357,6.31864,6.31801,1.5,1
26.08.2021 00:21:47.588,6.31864,6.31798,1.5,1
26.08.2021 00:21:57.656,6.31867,6.31798,1,1
26.08.2021 00:22:01.540,6.31867,6.31798,1,1
26.08.2021 00:22:02.395,6.31867,6.3179300000000005,1,1.27
26.08.2021 00:22:05.095,6.3186800000000005,6.31792,1,1
26.08.2021 00:22:05.195,6.31867,6.31797,1,1
26.08.2021 00:22:05.296,6.31867,6.31803,1,1
26.08.2021 00:22:06.244,6.31873,6.3181,1,1
26.08.2021 00:22:06.356,6.3188,6.31819,1.5,1
26.08.2021 00:22:06.457,6.3188,6.31819,1,1
26.08.2021 00:22:08.494,6.31887,6.31819,1,1
26.08.2021 00:22:08.595,6.318880000000001,6.31819,1.7,1.5
26.08.2021 00:22:08.646,6.31891,6.31819,1.5,1.5
26.08.2021 00:22:08.746,6.318880000000001,6.31832,1.7,1
26.08.2021 00:22:11.522,6.318960000000001,6.31832,1.5,1
26.08.2021 00:22:16.154,6.318980000000001,6.31831,1,1
26.08.2021 00:22:22.990,6.31897,6.31832,1,1
26.08.2021 00:22:24.766,6.31897,6.318300000000001,1,1
26.08.2021 00:22:24.816,6.31899,6.318390000000001,1,1
26.08.2021 00:22:24.867,6.31907,6.318390000000001,1,1
26.08.2021 00:22:24.968,6.31907,6.31841,1,1
26.08.2021 00:22:25.018,6.31907,6.31841,1,1
26.08.2021 00:22:27.687,6.31909,6.3184000000000005,1.5,1.12
26.08.2021 00:22:27.788,6.31909,6.318530000000001,1,1
26.08.2021 00:22:27.929,6.31911,6.31842,1,1.5
26.08.2021 00:22:28.131,6.31909,6.31842,1,1
26.08.2021 00:22:28.232,6.31897,6.31842,1,1
26.08.2021 00:22:28.282,6.31909,6.31842,1,1
26.08.2021 00:22:28.333,6.31907,6.3183300000000004,1,1.27
26.08.2021 00:22:28.484,6.318980000000001,6.31832,1.2,1.62
26.08.2021 00:22:28.585,6.31897,6.31832,1.62,1
26.08.2021 00:22:28.635,6.318980000000001,6.318180000000001,1.62,1.5
26.08.2021 00:22:28.694,6.31897,6.31819,1.62,1.5
26.08.2021 00:22:28.795,6.318880000000001,6.31826,1.27,1
26.08.2021 00:22:28.945,6.318880000000001,6.31826,1,1
26.08.2021 00:22:29.083,6.318880000000001,6.31826,1.27,1
26.08.2021 00:22:29.927,6.318880000000001,6.31826,1.77,1
26.08.2021 00:22:30.195,6.31897,6.31826,1.62,1
26.08.2021 00:22:30.296,6.31897,6.31826,1.5,1.5
26.08.2021 00:22:30.398,6.31892,6.31825,1,1
26.08.2021 00:22:30.499,6.318980000000001,6.318180000000001,1.62,1.5
26.08.2021 00:22:30.554,6.31897,6.318230000000001,1.62,1
26.08.2021 00:22:30.655,6.318980000000001,6.318180000000001,1.62,1.5
26.08.2021 00:22:31.039,6.31897,6.318230000000001,1.62,1
26.08.2021 00:22:31.211,6.31897,6.31824,1.62,1
26.08.2021 00:22:31.261,6.31897,6.318180000000001,1.62,1.5
26.08.2021 00:22:31.703,6.318880000000001,6.31819,1.2,1.5
26.08.2021 00:22:32.359,6.318880000000001,6.31819,1.7,1.5
26.08.2021 00:22:32.656,6.318880000000001,6.318230000000001,1.7,1
26.08.2021 00:22:44.032,6.31897,6.31831,1.62,1
26.08.2021 00:22:44.132,6.31897,6.3183300000000004,1,1.2
26.08.2021 00:22:44.183,6.31897,6.3183300000000004,1,1.2
26.08.2021 00:22:44.284,6.318980000000001,6.31834,1.2,1
26.08.2021 00:22:44.385,6.3190100000000005,6.318350000000001,1,1
26.08.2021 00:22:44.485,6.31907,6.3183300000000004,1,1.27
26.08.2021 00:22:44.536,6.318980000000001,6.31832,1.2,1
26.08.2021 00:22:44.648,6.31897,6.31831,1,1
26.08.2021 00:22:44.749,6.3190800000000005,6.31838,1,1
26.08.2021 00:22:44.800,6.3190800000000005,6.31838,1,1
26.08.2021 00:22:46.497,6.31907,6.318390000000001,1,1
26.08.2021 00:22:49.876,6.31902,6.318390000000001,1.5,1
26.08.2021 00:22:49.929,6.31902,6.318350000000001,1.5,1
26.08.2021 00:22:49.980,6.31892,6.31831,1,1.5
26.08.2021 00:22:50.084,6.31892,6.31831,1.5,1
26.08.2021 00:22:50.392,6.31886,6.31831,1,1
26.08.2021 00:22:55.771,6.31886,6.318230000000001,1.12,1
26.08.2021 00:22:55.821,6.31882,6.3181400000000005,1,1.5
26.08.2021 00:22:55.922,6.31882,6.3181400000000005,1.5,1
26.08.2021 00:23:02.168,6.31881,6.31815,1.5,1
26.08.2021 00:23:02.369,6.31881,6.31815,1.5,1
26.08.2021 00:23:03.198,6.31881,6.3181,1.5,1
26.08.2021 00:23:15.182,6.31881,6.3181,1.5,1
26.08.2021 00:23:15.401,6.31881,6.3181,1.5,1.5
26.08.2021 00:23:15.564,6.31887,6.318130000000001,1,1.2
26.08.2021 00:23:15.615,6.31892,6.318180000000001,2,1
26.08.2021 00:23:15.775,6.318930000000001,6.31826,1.5,1
26.08.2021 00:23:18.561,6.31897,6.31826,1.62,1
26.08.2021 00:23:22.523,6.31897,6.31826,1.62,1
26.08.2021 00:23:24.216,6.31897,6.31826,1.62,1
26.08.2021 00:23:24.266,6.31897,6.3183300000000004,1.62,1
26.08.2021 00:23:24.367,6.31907,6.318490000000001,1,1
26.08.2021 00:23:24.468,6.319240000000001,6.31859,1.5,1
26.08.2021 00:23:24.627,6.31925,6.318580000000001,1.5,1
26.08.2021 00:23:24.761,6.3191500000000005,6.31859,1,1
26.08.2021 00:23:27.095,6.31911,6.318440000000001,1,1
26.08.2021 00:23:47.451,6.31907,6.3183300000000004,1,1.77
26.08.2021 00:23:47.617,6.3190800000000005,6.31832,1,1.27
26.08.2021 00:23:50.266,6.31907,6.3183300000000004,1,1.77
26.08.2021 00:23:51.212,6.31907,6.3183300000000004,1,1.77
26.08.2021 00:23:51.942,6.31907,6.3183300000000004,1,1.77
26.08.2021 00:23:57.761,6.31907,6.31842,1,1
26.08.2021 00:24:03.674,6.318980000000001,6.31842,1.2,1.12
26.08.2021 00:24:03.777,6.318980000000001,6.31841,1.12,1.12
26.08.2021 00:24:03.828,6.31897,6.31831,1.62,1
26.08.2021 00:24:04.022,6.31897,6.31831,1.62,1
26.08.2021 00:24:04.427,6.318880000000001,6.31831,1.7,1
26.08.2021 00:24:04.478,6.318880000000001,6.3182100000000005,1.7,1.5
26.08.2021 00:24:04.774,6.31887,6.3182100000000005,1,1
26.08.2021 00:24:04.921,6.31886,6.31811,1.5,1.5
26.08.2021 00:24:05.053,6.31876,6.3181,1,1.5
26.08.2021 00:24:05.154,6.3187500000000005,6.31811,1.5,1
26.08.2021 00:24:05.305,6.3187500000000005,6.31811,1.5,1
26.08.2021 00:24:05.356,6.318700000000001,6.31811,1,1
26.08.2021 00:24:05.456,6.3187500000000005,6.31811,1.5,1
26.08.2021 00:24:05.705,6.3187500000000005,6.31811,1.5,1
26.08.2021 00:24:05.755,6.31872,6.31811,1,1
26.08.2021 00:24:05.852,6.3187500000000005,6.31811,1.5,1
26.08.2021 00:24:05.953,6.31873,6.3181,1,1
26.08.2021 00:24:06.146,6.318700000000001,6.31803,1.5,1.5
26.08.2021 00:24:06.270,6.31867,6.31803,1,1
26.08.2021 00:24:08.549,6.31867,6.31807,1,1
26.08.2021 00:24:09.669,6.3186800000000005,6.31807,1,1
26.08.2021 00:24:09.830,6.3186800000000005,6.31817,1,1
26.08.2021 00:24:09.931,6.3187500000000005,6.31817,1.5,1
26.08.2021 00:24:10.032,6.31873,6.31817,1,1
26.08.2021 00:24:10.133,6.318700000000001,6.318090000000001,1,1
26.08.2021 00:24:10.351,6.31886,6.318090000000001,1.5,1
26.08.2021 00:24:10.466,6.31887,6.318080000000001,1.5,1.5
26.08.2021 00:24:13.423,6.31886,6.318090000000001,1.5,1.5
26.08.2021 00:24:13.570,6.31886,6.31822,1.5,1
26.08.2021 00:24:13.673,6.31886,6.31822,1.5,1
26.08.2021 00:24:14.431,6.31886,6.3181400000000005,1.5,1
26.08.2021 00:24:24.431,6.31886,6.3181400000000005,1.5,1
26.08.2021 00:24:25.131,6.31886,6.31803,1.5,1.77
26.08.2021 00:24:26.589,6.31886,6.3181400000000005,1.5,1
26.08.2021 00:24:39.145,6.31892,6.31816,1.5,1
26.08.2021 00:24:39.280,6.31892,6.31822,1.5,1
26.08.2021 00:24:39.330,6.318880000000001,6.31822,1.7,1
26.08.2021 00:24:39.522,6.31892,6.31822,1.5,1
26.08.2021 00:24:39.923,6.31892,6.31822,1.5,1
26.08.2021 00:24:41.614,6.31892,6.31825,1.5,1
26.08.2021 00:24:42.406,6.31897,6.3183300000000004,1.62,1
26.08.2021 00:24:53.372,6.31897,6.31827,1.62,1
26.08.2021 00:25:09.022,6.31897,6.31827,1.62,1
26.08.2021 00:25:09.434,6.318980000000001,6.31827,1.62,1
26.08.2021 00:25:20.113,6.318880000000001,6.318130000000001,1.7,1
26.08.2021 00:25:23.169,6.31887,6.3182,1,1
26.08.2021 00:25:23.270,6.31883,6.3182,1.62,1
26.08.2021 00:25:23.320,6.31878,6.31807,1.5,1
26.08.2021 00:25:23.448,6.3186800000000005,6.31807,1,1
26.08.2021 00:25:40.889,6.31867,6.31803,1,1
26.08.2021 00:25:47.320,6.31867,6.31803,1,1
26.08.2021 00:25:47.501,6.31881,6.31815,2,1
26.08.2021 00:25:47.787,6.31882,6.31815,1.5,1
26.08.2021 00:25:47.838,6.31887,6.318230000000001,1,1
26.08.2021 00:25:47.988,6.31887,6.318230000000001,1,1
26.08.2021 00:25:48.242,6.31887,6.318230000000001,1,1
26.08.2021 00:25:50.440,6.318980000000001,6.31822,1,1.12
26.08.2021 00:25:50.595,6.318980000000001,6.31832,1,1.2
26.08.2021 00:25:50.696,6.31911,6.318440000000001,1,1
26.08.2021 00:26:14.369,6.31911,6.3183300000000004,1,1.77
26.08.2021 00:26:20.083,6.3190800000000005,6.3183300000000004,1,1.77
26.08.2021 00:26:20.980,6.3190800000000005,6.318440000000001,1,1
26.08.2021 00:26:23.453,6.3191500000000005,6.318440000000001,1.5,1
26.08.2021 00:26:24.170,6.3190800000000005,6.318440000000001,1,1
26.08.2021 00:26:30.237,6.3191500000000005,6.318440000000001,1.5,1
26.08.2021 00:26:30.951,6.3190800000000005,6.318440000000001,1,1
26.08.2021 00:26:31.092,6.3190800000000005,6.3185,1,1
26.08.2021 00:26:32.071,6.31907,6.3185,1,1
26.08.2021 00:26:32.175,6.31907,6.31838,1,1
26.08.2021 00:26:32.225,6.31897,6.31838,1,1
26.08.2021 00:26:34.069,6.31887,6.31838,1,1
26.08.2021 00:26:38.501,6.31887,6.31827,1,1
26.08.2021 00:26:38.659,6.318880000000001,6.31827,1,1
26.08.2021 00:26:38.795,6.318980000000001,6.31847,1,1
26.08.2021 00:26:38.845,6.3190800000000005,6.31847,1,1
26.08.2021 00:26:39.401,6.3190800000000005,6.31862,1,1
26.08.2021 00:26:39.452,6.319240000000001,6.31869,1,1
26.08.2021 00:26:39.505,6.319240000000001,6.31881,1,1
26.08.2021 00:26:39.783,6.319590000000001,6.318980000000001,1.7,1
26.08.2021 00:26:39.833,6.31975,6.31909,1.5,1
26.08.2021 00:26:39.885,6.319680000000001,6.31909,1.2,1
26.08.2021 00:26:40.461,6.319680000000001,6.31909,1.77,1
26.08.2021 00:26:50.486,6.31967,6.31909,1,1
26.08.2021 00:26:50.537,6.31958,6.318980000000001,1.12,1
26.08.2021 00:26:50.625,6.31958,6.318880000000001,1.12,1.5
26.08.2021 00:26:50.726,6.319590000000001,6.31887,1.5,1
26.08.2021 00:26:50.909,6.31958,6.318880000000001,1.5,1
26.08.2021 00:26:59.723,6.31958,6.318890000000001,1.5,1
26.08.2021 00:26:59.842,6.319640000000001,6.318890000000001,1.5,1.5
26.08.2021 00:27:00.580,6.319640000000001,6.31899,1.5,1
26.08.2021 00:27:10.417,6.319640000000001,6.31885,1.5,1.5
26.08.2021 00:27:10.573,6.31958,6.31883,1.7,1.12
26.08.2021 00:27:13.455,6.31957,6.31891,1,1
26.08.2021 00:27:13.555,6.31957,6.31883,1,2.15
26.08.2021 00:27:13.656,6.31967,6.31891,1,1
26.08.2021 00:27:13.811,6.31967,6.31891,1,1.5
26.08.2021 00:27:15.065,6.31967,6.319,1,1
26.08.2021 00:27:28.047,6.31967,6.31897,1,1
26.08.2021 00:27:29.386,6.31967,6.31897,1,1
26.08.2021 00:27:35.095,6.31965,6.318960000000001,1.5,1
26.08.2021 00:27:35.266,6.319640000000001,6.31897,1.5,1
26.08.2021 00:27:36.208,6.31965,6.319030000000001,1.5,1
26.08.2021 00:27:36.672,6.31967,6.31904,1,1
26.08.2021 00:27:37.219,6.319630000000001,6.319030000000001,1,1
26.08.2021 00:27:37.320,6.319380000000001,6.318840000000001,1.2,1
26.08.2021 00:27:37.371,6.31947,6.318840000000001,1,1
26.08.2021 00:27:37.422,6.31947,6.318840000000001,1,1
26.08.2021 00:27:37.677,6.31937,6.31872,1.5,1
26.08.2021 00:27:37.788,6.31937,6.31874,1.62,1
26.08.2021 00:27:37.839,6.31937,6.318630000000001,1.62,1.12
26.08.2021 00:27:41.170,6.31932,6.318630000000001,1.5,1.12
26.08.2021 00:27:41.387,6.31932,6.318630000000001,1.5,1.12
26.08.2021 00:27:58.151,6.319330000000001,6.31852,1.5,1.77
26.08.2021 00:27:59.973,6.31932,6.318530000000001,1.5,1.7
26.08.2021 00:28:00.125,6.31926,6.318480000000001,1.5,1.5
26.08.2021 00:28:00.212,6.31926,6.318480000000001,1.5,1
26.08.2021 00:28:08.189,6.31926,6.318630000000001,1.5,1
26.08.2021 00:28:21.930,6.319330000000001,6.31852,1.62,1.7
26.08.2021 00:28:21.995,6.31932,6.3187500000000005,1.62,1
26.08.2021 00:28:22.046,6.31937,6.3187500000000005,1,1
26.08.2021 00:28:28.023,6.31937,6.3187500000000005,1,1
26.08.2021 00:28:44.924,6.31937,6.318630000000001,1.62,1
26.08.2021 00:28:45.025,6.31937,6.31862,1.62,1
26.08.2021 00:28:45.594,6.31937,6.318630000000001,1.62,1
26.08.2021 00:28:52.294,6.31937,6.3187500000000005,1,1
26.08.2021 00:28:52.508,6.3193600000000005,6.3187500000000005,1.5,1
26.08.2021 00:28:52.912,6.31927,6.3187500000000005,1,1
26.08.2021 00:28:59.868,6.31927,6.31874,1,1
26.08.2021 00:29:03.524,6.31927,6.31874,1,1
26.08.2021 00:29:04.738,6.31927,6.318630000000001,1,1
26.08.2021 00:29:04.788,6.31925,6.318630000000001,1.5,1
26.08.2021 00:29:04.943,6.31925,6.318630000000001,1.5,1
26.08.2021 00:29:05.570,6.3192,6.318630000000001,1.5,1
26.08.2021 00:29:05.620,6.3192,6.3185,1.5,1
26.08.2021 00:29:05.751,6.3192,6.3185,1.5,1
26.08.2021 00:29:07.139,6.3192,6.3185,1.5,1
26.08.2021 00:29:07.300,6.3192,6.31862,1.5,1
26.08.2021 00:29:07.350,6.3192,6.31862,1.5,1
26.08.2021 00:29:13.058,6.3192,6.31852,1.5,1
26.08.2021 00:29:15.847,6.3191500000000005,6.31852,1.5,1
26.08.2021 00:29:15.948,6.31909,6.31851,1,1
26.08.2021 00:29:16.142,6.31907,6.31852,1,1
26.08.2021 00:29:16.247,6.319050000000001,6.318390000000001,1.5,1
26.08.2021 00:29:29.905,6.31899,6.31836,1.5,1
26.08.2021 00:29:30.504,6.31897,6.318280000000001,1,1
26.08.2021 00:29:30.555,6.31897,6.318280000000001,1,1
26.08.2021 00:29:30.706,6.318880000000001,6.318280000000001,1.77,1
26.08.2021 00:29:30.756,6.31887,6.318230000000001,1,1
26.08.2021 00:29:31.725,6.31887,6.318230000000001,1,1
26.08.2021 00:29:31.876,6.318890000000001,6.31831,1.7,1
26.08.2021 00:29:31.927,6.318890000000001,6.31831,1.7,1
26.08.2021 00:29:32.214,6.318880000000001,6.31819,1,1
26.08.2021 00:29:32.365,6.31883,6.3182,1.5,1
26.08.2021 00:29:42.152,6.31887,6.3182,1,1
26.08.2021 00:29:44.144,6.31883,6.3182,1.5,1
26.08.2021 00:29:51.090,6.318840000000001,6.31831,1.5,1
26.08.2021 00:29:51.191,6.31887,6.31832,1,1
26.08.2021 00:29:53.225,6.31887,6.31832,1,1
26.08.2021 00:29:53.702,6.31887,6.31832,1,1
26.08.2021 00:29:54.157,6.31887,6.31832,1,1
26.08.2021 00:29:56.041,6.3189400000000004,6.31837,1.5,1
26.08.2021 00:29:56.840,6.318930000000001,6.31838,1.5,1
26.08.2021 00:29:56.891,6.31897,6.31846,1,1
26.08.2021 00:29:57.048,6.31909,6.31846,1,1
26.08.2021 00:30:00.313,6.31907,6.31846,1,1
26.08.2021 00:30:00.418,6.31907,6.31857,1,1
26.08.2021 00:30:00.468,6.3190800000000005,6.31857,1,1
26.08.2021 00:30:03.581,6.3190800000000005,6.3186,1,1
26.08.2021 00:30:06.178,6.3190800000000005,6.31847,1,1
26.08.2021 00:30:09.769,6.31907,6.31847,1,1
26.08.2021 00:30:16.767,6.3190800000000005,6.31837,1,1.5
26.08.2021 00:30:17.325,6.3190800000000005,6.31845,1,1
26.08.2021 00:30:20.917,6.31909,6.31851,1,1
26.08.2021 00:30:31.301,6.319100000000001,6.31855,1,1
26.08.2021 00:30:41.163,6.31918,6.31855,1.7,1
26.08.2021 00:30:41.871,6.31913,6.31855,1,1
26.08.2021 00:30:57.216,6.31907,6.31855,1,1
26.08.2021 00:31:02.722,6.31909,6.31855,1,1
26.08.2021 00:31:02.851,6.319100000000001,6.31836,1,1.5
26.08.2021 00:31:11.467,6.31909,6.31855,1,1
26.08.2021 00:31:18.654,6.31909,6.31852,1,1
26.08.2021 00:31:28.597,6.31907,6.31852,1,1
26.08.2021 00:31:45.273,6.31909,6.31832,1.5,1.5
26.08.2021 00:31:45.443,6.31909,6.31841,1.5,1
26.08.2021 00:31:53.520,6.31907,6.31841,1,1
26.08.2021 00:32:00.947,6.31907,6.318440000000001,1,1
26.08.2021 00:32:27.233,6.3190800000000005,6.31843,1,1
26.08.2021 00:32:27.284,6.31907,6.31837,1,1.12
26.08.2021 00:32:29.593,6.31909,6.31837,1,1.5
26.08.2021 00:32:30.169,6.31907,6.3183300000000004,1,1
26.08.2021 00:32:32.419,6.31907,6.31832,1,1.5
26.08.2021 00:32:32.573,6.31907,6.31832,1,1.5
26.08.2021 00:32:36.525,6.3190800000000005,6.31832,1,1
26.08.2021 00:32:37.096,6.3190800000000005,6.31836,1,1
26.08.2021 00:32:37.290,6.31907,6.31837,1,1.5
26.08.2021 00:32:44.496,6.31907,6.31845,1,1
26.08.2021 00:32:58.365,6.318980000000001,6.31827,1.2,1.5
26.08.2021 00:32:58.502,6.319030000000001,6.3183300000000004,1.5,1.2
26.08.2021 00:32:58.684,6.318980000000001,6.31827,1.2,1.5
26.08.2021 00:32:59.043,6.318980000000001,6.31827,1.7,1.12
26.08.2021 00:32:59.760,6.31897,6.31843,1,1
26.08.2021 00:33:02.902,6.318980000000001,6.318350000000001,1,1
26.08.2021 00:33:04.524,6.318980000000001,6.318350000000001,1,1
26.08.2021 00:33:04.897,6.318880000000001,6.31836,1.2,1
26.08.2021 00:33:05.121,6.31897,6.31836,1.5,1
26.08.2021 00:33:05.396,6.31897,6.31836,1.5,1
26.08.2021 00:33:09.410,6.31897,6.3182100000000005,1.5,1
26.08.2021 00:33:13.703,6.318980000000001,6.3182,1.5,1
26.08.2021 00:33:16.494,6.31887,6.31815,1,1.5
26.08.2021 00:33:19.025,6.31887,6.31815,1,1
26.08.2021 00:33:23.675,6.31887,6.31825,1,1
26.08.2021 00:33:24.916,6.31887,6.31825,1,1
26.08.2021 00:33:31.213,6.31897,6.31827,1.5,1
26.08.2021 00:33:33.665,6.31897,6.318350000000001,1.5,1
26.08.2021 00:33:50.154,6.318880000000001,6.31819,1.7,1
26.08.2021 00:33:50.205,6.31887,6.31816,1,1.5
26.08.2021 00:33:50.255,6.31887,6.31816,1,1
26.08.2021 00:33:54.524,6.31887,6.31816,1,1.12
26.08.2021 00:33:54.575,6.31887,6.31829,1,1
26.08.2021 00:34:08.339,6.318880000000001,6.31816,1.7,1.12
26.08.2021 00:34:08.389,6.31887,6.3182100000000005,1,1
26.08.2021 00:34:08.496,6.31897,6.3182100000000005,1.5,1.5
26.08.2021 00:34:08.546,6.318980000000001,6.3182,1.5,1.5
26.08.2021 00:34:09.339,6.31897,6.318230000000001,1,1
26.08.2021 00:34:09.402,6.31897,6.318390000000001,1,1
26.08.2021 00:34:09.553,6.31899,6.318230000000001,1.5,1
26.08.2021 00:34:09.604,6.31897,6.3182100000000005,1,2
26.08.2021 00:34:09.806,6.31897,6.3182100000000005,1,1.5
26.08.2021 00:34:13.405,6.31897,6.31827,1,1
26.08.2021 00:34:13.455,6.31897,6.31827,1,1
26.08.2021 00:34:13.508,6.318980000000001,6.31832,1,1.2
26.08.2021 00:34:13.609,6.31897,6.3183300000000004,1,1.2
26.08.2021 00:34:20.065,6.319030000000001,6.318390000000001,1,1
26.08.2021 00:34:25.233,6.31909,6.318390000000001,1,1.5
26.08.2021 00:34:25.341,6.31909,6.31852,1,1
26.08.2021 00:34:32.606,6.319140000000001,6.3186,1,1
26.08.2021 00:34:32.779,6.31926,6.3186,1.5,1
26.08.2021 00:34:34.365,6.31926,6.3186,1.5,1
26.08.2021 00:34:35.342,6.31926,6.3186,1.5,1
26.08.2021 00:34:35.544,6.319280000000001,6.3186,1.77,1.12
26.08.2021 00:34:35.989,6.31927,6.3186,1.5,1
26.08.2021 00:34:39.471,6.3191500000000005,6.31859,1,1
26.08.2021 00:34:41.511,6.319140000000001,6.318490000000001,1,1
26.08.2021 00:34:49.506,6.31907,6.318490000000001,1,1
26.08.2021 00:34:53.689,6.31907,6.31851,1,1
26.08.2021 00:34:58.525,6.31909,6.3185,1,1
26.08.2021 00:34:59.738,6.31926,6.31851,1.5,1
26.08.2021 00:34:59.827,6.31926,6.3186,1.5,1
26.08.2021 00:34:59.928,6.31926,6.3186,1.5,1
26.08.2021 00:35:01.572,6.319280000000001,6.3186,1.77,1.12
26.08.2021 00:35:07.410,6.3192900000000005,6.31871,1.77,1
26.08.2021 00:35:20.683,6.319280000000001,6.31878,1,1
26.08.2021 00:35:20.784,6.31937,6.31878,1,1
26.08.2021 00:35:21.300,6.319380000000001,6.318880000000001,1.7,1
26.08.2021 00:35:25.144,6.31939,6.31878,1.7,1
26.08.2021 00:35:28.707,6.31937,6.318790000000001,1,1
26.08.2021 00:35:33.175,6.31939,6.31878,1.7,1
26.08.2021 00:35:33.469,6.319380000000001,6.318700000000001,1.7,1.5
26.08.2021 00:35:33.572,6.319380000000001,6.31877,1.7,1
26.08.2021 00:35:33.723,6.319380000000001,6.31878,1.2,1
26.08.2021 00:35:33.831,6.319380000000001,6.31878,1.7,1
26.08.2021 00:35:35.361,6.319380000000001,6.31873,1.7,1.5
26.08.2021 00:35:35.412,6.319380000000001,6.31873,1.7,1.12
26.08.2021 00:35:36.898,6.31939,6.31869,1.77,1.12
26.08.2021 00:35:42.198,6.31939,6.31882,1.77,1
26.08.2021 00:35:52.446,6.319380000000001,6.318700000000001,1.7,1.5
26.08.2021 00:35:52.547,6.31941,6.31877,1,1
26.08.2021 00:35:52.648,6.31947,6.31878,1,1
26.08.2021 00:35:53.878,6.31947,6.31887,1,1
26.08.2021 00:36:01.595,6.31947,6.31887,1.62,1
26.08.2021 00:36:01.811,6.31947,6.31887,1.62,1
26.08.2021 00:36:03.377,6.31947,6.31886,1.62,1
26.08.2021 00:36:05.547,6.31947,6.31886,1,1
26.08.2021 00:36:05.710,6.31947,6.31886,1,1
26.08.2021 00:36:05.945,6.31947,6.31886,1,1
26.08.2021 00:36:06.129,6.31949,6.31886,1,1
26.08.2021 00:36:07.972,6.31949,6.31887,1,1
26.08.2021 00:36:15.514,6.31949,6.318960000000001,1,1
26.08.2021 00:36:27.703,6.31952,6.31886,1,1
26.08.2021 00:36:29.317,6.31947,6.31886,1,1
26.08.2021 00:36:33.973,6.31948,6.3189400000000004,1,1
26.08.2021 00:36:37.499,6.31947,6.3189400000000004,1,1
26.08.2021 00:36:37.603,6.31947,6.318980000000001,1,1
26.08.2021 00:36:38.669,6.31949,6.318980000000001,1,1
26.08.2021 00:36:51.510,6.31956,6.31885,1,1.5
26.08.2021 00:36:51.560,6.3195500000000004,6.31891,1,1
26.08.2021 00:36:51.611,6.319680000000001,6.31909,1,1
26.08.2021 00:37:00.496,6.31967,6.319050000000001,1,1
26.08.2021 00:37:00.584,6.319640000000001,6.319050000000001,1,1
26.08.2021 00:37:00.786,6.31967,6.319050000000001,1,1
26.08.2021 00:37:06.025,6.31974,6.319050000000001,1.5,1
26.08.2021 00:37:06.075,6.31977,6.31917,1,1
26.08.2021 00:37:06.126,6.31977,6.319140000000001,1,1
26.08.2021 00:37:06.226,6.31979,6.31913,1.7,1.5
26.08.2021 00:37:06.327,6.319780000000001,6.31922,1.7,1
26.08.2021 00:37:13.566,6.319780000000001,6.31922,1.2,1
26.08.2021 00:37:15.064,6.31979,6.31921,1.7,1
26.08.2021 00:37:15.213,6.31979,6.31925,1.7,1
26.08.2021 00:37:17.683,6.319780000000001,6.3192900000000005,1.7,1
26.08.2021 00:37:23.019,6.319780000000001,6.3192900000000005,1.2,1
26.08.2021 00:37:23.732,6.319780000000001,6.3192900000000005,1.7,1
26.08.2021 00:37:24.038,6.31979,6.319280000000001,1.2,1
26.08.2021 00:37:24.850,6.319780000000001,6.3192900000000005,1.7,1
26.08.2021 00:37:31.625,6.319780000000001,6.31918,1.7,1
26.08.2021 00:37:31.676,6.31977,6.31913,1,1
26.08.2021 00:37:31.727,6.31977,6.31907,1,1.5
26.08.2021 00:37:31.849,6.31977,6.31907,1,1
26.08.2021 00:37:34.632,6.31977,6.31913,1,1
26.08.2021 00:37:34.733,6.31979,6.31912,1.7,1.5
26.08.2021 00:37:35.443,6.319780000000001,6.31925,1.7,1
26.08.2021 00:37:45.467,6.319780000000001,6.31907,1.7,1.5
26.08.2021 00:37:45.521,6.31977,6.31907,1,1.5
26.08.2021 00:37:48.631,6.31977,6.319030000000001,1,1
26.08.2021 00:37:49.580,6.31977,6.31907,1,1
26.08.2021 00:37:50.354,6.319780000000001,6.31906,1,1
26.08.2021 00:38:03.025,6.31977,6.31907,1,1
26.08.2021 00:38:03.205,6.31977,6.31921,1,1
26.08.2021 00:38:09.077,6.3198,6.31921,1,1
26.08.2021 00:38:10.211,6.31977,6.31921,1,1
26.08.2021 00:38:30.881,6.31992,6.31935,1.7,1
26.08.2021 00:38:31.083,6.319990000000001,6.31944,1.7,1
26.08.2021 00:38:31.134,6.319940000000001,6.319450000000001,1,1
26.08.2021 00:38:31.261,6.319990000000001,6.31944,1.7,1
26.08.2021 00:38:31.323,6.31995,6.31944,1,1
26.08.2021 00:38:31.427,6.32001,6.319450000000001,1.5,1
26.08.2021 00:38:31.528,6.319940000000001,6.319450000000001,1,1
26.08.2021 00:38:31.631,6.32001,6.319450000000001,1.5,1
26.08.2021 00:38:31.835,6.319940000000001,6.319450000000001,1,1
26.08.2021 00:38:31.986,6.32006,6.319450000000001,1.5,1
26.08.2021 00:38:32.149,6.319940000000001,6.319450000000001,1,1
26.08.2021 00:38:32.250,6.32006,6.319450000000001,1.5,1
26.08.2021 00:38:32.446,6.31995,6.31944,1,1
26.08.2021 00:38:37.472,6.32006,6.319450000000001,1.5,1
26.08.2021 00:38:37.895,6.32007,6.31941,1.5,1
26.08.2021 00:38:41.922,6.32006,6.31942,1.5,1
26.08.2021 00:38:41.973,6.32007,6.319500000000001,1,1
26.08.2021 00:38:44.384,6.319990000000001,6.31949,1.2,1
26.08.2021 00:38:44.434,6.32007,6.319500000000001,1,1
26.08.2021 00:38:44.485,6.32007,6.319500000000001,1,1
26.08.2021 00:38:45.525,6.32007,6.319500000000001,1,1
26.08.2021 00:38:48.226,6.32007,6.31946,1,1
26.08.2021 00:39:07.584,6.32007,6.31946,1,1
26.08.2021 00:39:07.786,6.32007,6.31946,1,1
26.08.2021 00:39:08.817,6.32007,6.31949,1,1
26.08.2021 00:39:12.783,6.32007,6.31947,1.62,1
26.08.2021 00:39:15.766,6.320080000000001,6.31958,1.7,1
26.08.2021 00:39:15.868,6.320130000000001,6.31972,1,1
26.08.2021 00:39:15.918,6.3202300000000005,6.31972,1.12,1
26.08.2021 00:39:18.792,6.320180000000001,6.31972,1.2,1
26.08.2021 00:39:19.218,6.320180000000001,6.31972,1.7,1
26.08.2021 00:39:23.975,6.320180000000001,6.3196,1.7,1
26.08.2021 00:39:24.025,6.32012,6.3196,1.12,1
26.08.2021 00:39:24.087,6.320130000000001,6.31949,1.12,1
26.08.2021 00:39:24.188,6.320080000000001,6.319500000000001,1.2,1
26.08.2021 00:39:24.311,6.32017,6.319500000000001,1,1
26.08.2021 00:39:24.601,6.32017,6.319500000000001,1,1
26.08.2021 00:39:36.007,6.320180000000001,6.319540000000001,1,1
26.08.2021 00:39:39.908,6.32007,6.3195500000000004,1,1
26.08.2021 00:39:40.109,6.32007,6.3195500000000004,1.62,1
26.08.2021 00:39:47.582,6.32007,6.31946,1.62,1
26.08.2021 00:40:01.762,6.32007,6.319450000000001,1.62,1
26.08.2021 00:40:10.385,6.32007,6.31944,1.62,1
26.08.2021 00:40:34.412,6.32007,6.31944,1,1
26.08.2021 00:40:34.477,6.32007,6.31951,1,1
26.08.2021 00:40:34.578,6.3201,6.319500000000001,1,1
26.08.2021 00:40:34.852,6.32017,6.31951,1,1
26.08.2021 00:40:35.053,6.320180000000001,6.31951,1.7,1.12
26.08.2021 00:40:42.370,6.320180000000001,6.3196,1.7,1
26.08.2021 00:41:05.135,6.320180000000001,6.31965,1.7,1
26.08.2021 00:41:14.152,6.320180000000001,6.31951,1.7,1.5
26.08.2021 00:41:14.202,6.320080000000001,6.31951,1.2,1.5
26.08.2021 00:41:14.303,6.32007,6.31951,1,1
26.08.2021 00:41:17.597,6.32007,6.31951,1.62,1
26.08.2021 00:41:23.675,6.320080000000001,6.31944,1.62,1
26.08.2021 00:41:28.868,6.32007,6.31941,1.62,1
26.08.2021 00:41:29.110,6.32007,6.31941,1.5,1.5
26.08.2021 00:41:30.045,6.32007,6.31949,1.5,1
26.08.2021 00:41:36.025,6.32007,6.31949,1.5,1
26.08.2021 00:41:47.411,6.32007,6.31935,1.5,1.5
26.08.2021 00:41:51.263,6.32007,6.31935,1.5,1
26.08.2021 00:41:51.975,6.32007,6.31935,1.5,1.5
26.08.2021 00:41:52.690,6.320080000000001,6.31934,1.62,1
26.08.2021 00:41:52.795,6.32007,6.31935,1.5,1.5
26.08.2021 00:42:10.853,6.320080000000001,6.31944,1.5,1
26.08.2021 00:42:19.329,6.32017,6.31935,1.5,1
26.08.2021 00:42:43.567,6.32007,6.31934,1,1
26.08.2021 00:42:52.071,6.32007,6.31932,1,1
26.08.2021 00:42:53.769,6.31998,6.31932,1.2,1
26.08.2021 00:42:53.819,6.31997,6.31931,1,1
26.08.2021 00:42:53.928,6.31997,6.31931,1.62,1
26.08.2021 00:42:54.070,6.31996,6.31932,1.12,1
26.08.2021 00:42:54.129,6.31997,6.31931,1.5,1
26.08.2021 00:42:54.318,6.31993,6.31932,1,1
26.08.2021 00:42:57.079,6.3199000000000005,6.31937,1,1
26.08.2021 00:43:16.415,6.31987,6.319380000000001,1,1
26.08.2021 00:43:16.602,6.31987,6.31935,1,1
26.08.2021 00:43:38.103,6.31991,6.319240000000001,1,1
26.08.2021 00:43:39.601,6.31991,6.319140000000001,1.62,1.5
26.08.2021 00:43:39.752,6.31988,6.31913,1,1.12
26.08.2021 00:43:40.539,6.31988,6.319140000000001,1,1.5
26.08.2021 00:43:48.553,6.31988,6.31935,1,1
26.08.2021 00:44:17.915,6.31988,6.319190000000001,1,1.5
26.08.2021 00:44:32.151,6.31988,6.31935,1,1
26.08.2021 00:44:40.527,6.31997,6.31935,1.5,1
26.08.2021 00:44:42.076,6.31998,6.31934,1.5,1
26.08.2021 00:44:42.278,6.31998,6.31934,1.5,1
26.08.2021 00:44:47.523,6.31997,6.31935,1.5,1
26.08.2021 00:44:49.260,6.31992,6.31935,1.5,1
26.08.2021 00:44:51.463,6.31992,6.319140000000001,1.5,1
26.08.2021 00:44:53.156,6.31987,6.31907,1.5,1.5
26.08.2021 00:44:54.645,6.31987,6.31907,1.5,1.5
26.08.2021 00:44:56.324,6.31986,6.3193,1.5,1
26.08.2021 00:44:58.542,6.31997,6.3193,1.5,1
26.08.2021 00:44:58.713,6.31997,6.3193,1.5,1
26.08.2021 00:45:00.972,6.3199000000000005,6.3192900000000005,1,1
26.08.2021 00:45:01.862,6.31987,6.31939,1,1
26.08.2021 00:45:03.224,6.3199000000000005,6.319380000000001,1,1
26.08.2021 00:45:08.773,6.31998,6.319380000000001,1.5,1
26.08.2021 00:45:09.487,6.31989,6.31939,1,1
26.08.2021 00:45:21.770,6.31987,6.31939,1,1
26.08.2021 00:45:21.879,6.31987,6.319140000000001,1,1.5
26.08.2021 00:45:21.929,6.31988,6.319190000000001,1,1.5
26.08.2021 00:45:27.336,6.31988,6.31931,1,1
26.08.2021 00:45:42.004,6.31991,6.319190000000001,1,1.5
26.08.2021 00:45:47.598,6.31987,6.319190000000001,1,1
26.08.2021 00:45:47.649,6.31987,6.319140000000001,1,1.5
26.08.2021 00:45:47.759,6.319780000000001,6.31913,1.2,1
26.08.2021 00:45:47.809,6.319780000000001,6.31911,1.2,1
26.08.2021 00:45:47.860,6.319780000000001,6.3190800000000005,1.7,1.5
26.08.2021 00:45:51.525,6.31977,6.3190800000000005,1,1.12
26.08.2021 00:45:51.652,6.31977,6.319230000000001,1,1
26.08.2021 00:45:53.417,6.31977,6.319230000000001,1,1
26.08.2021 00:45:58.526,6.3197600000000005,6.319230000000001,1.5,1
26.08.2021 00:46:42.919,6.3197600000000005,6.31918,1.5,1
26.08.2021 00:46:55.403,6.3197600000000005,6.3191500000000005,1.5,1
26.08.2021 00:47:01.070,6.31977,6.31916,1.5,1
26.08.2021 00:47:03.438,6.31992,6.31917,1.5,1
26.08.2021 00:47:03.543,6.31998,6.3193,1.5,1
26.08.2021 00:47:04.544,6.31992,6.31942,1,1
26.08.2021 00:47:30.508,6.319940000000001,6.31939,1,1
26.08.2021 00:47:31.148,6.319940000000001,6.319380000000001,1,1
26.08.2021 00:47:31.323,6.31995,6.319380000000001,1,1
26.08.2021 00:47:45.713,6.319940000000001,6.31937,1,1
26.08.2021 00:48:04.225,6.319990000000001,6.31937,1.7,1
26.08.2021 00:48:20.546,6.31997,6.319380000000001,1.5,1
26.08.2021 00:48:20.728,6.31997,6.319380000000001,1.5,1
26.08.2021 00:48:20.930,6.31997,6.319380000000001,1.5,1
26.08.2021 00:48:32.394,6.320030000000001,6.31937,1.5,1
26.08.2021 00:48:38.423,6.31996,6.3193,1.5,1
26.08.2021 00:48:38.474,6.31991,6.3193,1.5,1
26.08.2021 00:48:38.675,6.31995,6.3193,1,1
26.08.2021 00:48:38.840,6.31997,6.3192900000000005,1.5,1
26.08.2021 00:48:46.023,6.31996,6.31931,1.5,1
26.08.2021 00:48:54.732,6.31996,6.31934,1.5,1
26.08.2021 00:48:55.250,6.32002,6.31934,1.5,1
26.08.2021 00:49:03.404,6.31997,6.319330000000001,1.5,1
26.08.2021 00:49:03.573,6.31991,6.31934,1.5,1
26.08.2021 00:49:03.958,6.31997,6.319330000000001,1.5,1
26.08.2021 00:49:04.124,6.31996,6.31934,1.5,1
26.08.2021 00:49:07.921,6.31997,6.3192900000000005,1.5,1
26.08.2021 00:49:10.738,6.31996,6.319330000000001,1.5,1
26.08.2021 00:49:34.266,6.31997,6.31937,1.5,1
26.08.2021 00:49:38.223,6.31991,6.319380000000001,1.5,1
26.08.2021 00:49:41.915,6.31996,6.3192900000000005,1,1
26.08.2021 00:49:42.081,6.31997,6.3192900000000005,1.5,1
26.08.2021 00:49:49.709,6.31991,6.319140000000001,1.5,1.5
26.08.2021 00:49:49.782,6.31991,6.319140000000001,1.5,1.5
26.08.2021 00:49:52.010,6.31991,6.31934,1.5,1
26.08.2021 00:49:53.026,6.31991,6.31934,1.5,1
26.08.2021 00:49:55.540,6.319780000000001,6.319230000000001,1.7,1
26.08.2021 00:49:55.697,6.31977,6.319230000000001,1,1
26.08.2021 00:50:00.511,6.31977,6.319190000000001,1,1
26.08.2021 00:50:11.456,6.319780000000001,6.31913,1,1
26.08.2021 00:50:34.624,6.31977,6.319140000000001,1,1
26.08.2021 00:50:34.686,6.31977,6.31907,1,1
26.08.2021 00:50:34.737,6.319780000000001,6.3190800000000005,1,1
26.08.2021 00:50:35.527,6.31977,6.31909,1,1
26.08.2021 00:50:36.694,6.319780000000001,6.319240000000001,1,1
26.08.2021 00:50:36.882,6.319780000000001,6.31925,1,1
26.08.2021 00:50:36.994,6.31987,6.31925,1,1
26.08.2021 00:50:44.247,6.31986,6.31925,1.5,1
26.08.2021 00:50:44.379,6.31986,6.31913,1.5,1.27
26.08.2021 00:50:44.430,6.31986,6.31913,1.5,1.27
26.08.2021 00:50:44.987,6.31986,6.31921,1.5,1
26.08.2021 00:50:45.822,6.31986,6.31921,1.5,1
26.08.2021 00:50:48.784,6.31986,6.31922,1.5,1
26.08.2021 00:50:51.831,6.319780000000001,6.31922,1.7,1
26.08.2021 00:51:09.462,6.31977,6.319190000000001,1,1
26.08.2021 00:51:19.141,6.31977,6.319140000000001,1,1
26.08.2021 00:51:20.992,6.31977,6.319140000000001,1,1
26.08.2021 00:51:24.218,6.31961,6.31913,1,1
26.08.2021 00:51:24.319,6.319540000000001,6.319140000000001,1,1
26.08.2021 00:51:24.420,6.31947,6.319140000000001,1,1
26.08.2021 00:51:24.801,6.31947,6.31902,1,1
26.08.2021 00:51:25.085,6.31947,6.3189,1,1
26.08.2021 00:51:32.526,6.31947,6.3189,1,1
26.08.2021 00:51:33.283,6.3194300000000005,6.3188,1.5,1
26.08.2021 00:51:33.416,6.3192900000000005,6.31862,1.2,1
26.08.2021 00:51:33.519,6.319330000000001,6.3186100000000005,1.5,1.5
26.08.2021 00:51:33.569,6.3192900000000005,6.318700000000001,1.27,1
26.08.2021 00:51:33.712,6.31927,6.31871,1,1
26.08.2021 00:51:35.026,6.31927,6.31871,1,1
26.08.2021 00:51:35.853,6.31927,6.31862,1,1
26.08.2021 00:51:36.523,6.31927,6.31862,1.5,1
26.08.2021 00:51:51.416,6.31927,6.3186,1.5,1
26.08.2021 00:52:05.009,6.318980000000001,6.31851,1.2,1
26.08.2021 00:52:05.110,6.318980000000001,6.31851,1.7,1
26.08.2021 00:52:05.161,6.318980000000001,6.318390000000001,1.7,1.5
26.08.2021 00:52:05.211,6.318890000000001,6.31838,1.2,1
26.08.2021 00:52:05.312,6.318880000000001,6.318280000000001,1.7,1
26.08.2021 00:52:05.412,6.31887,6.318280000000001,1,1
26.08.2021 00:52:28.162,6.31887,6.31825,1,1
26.08.2021 00:52:36.426,6.31897,6.31825,1,1
26.08.2021 00:52:37.868,6.318880000000001,6.31812,1.77,1.5
26.08.2021 00:52:39.180,6.318890000000001,6.31826,1.77,1
26.08.2021 00:52:43.527,6.318880000000001,6.31826,1,1
26.08.2021 00:52:43.729,6.318880000000001,6.31826,1,1
26.08.2021 00:52:45.441,6.318880000000001,6.318280000000001,1,1
26.08.2021 00:52:46.141,6.31885,6.31829,1,1
26.08.2021 00:52:46.346,6.31869,6.31829,1,1
26.08.2021 00:52:46.447,6.31878,6.31829,1.7,1
26.08.2021 00:52:46.521,6.31869,6.31829,1,1
26.08.2021 00:52:46.673,6.31885,6.31829,1,1
26.08.2021 00:52:50.344,6.31885,6.318080000000001,1,1
26.08.2021 00:52:50.409,6.31886,6.31807,1,1
26.08.2021 00:52:50.523,6.31887,6.31816,1,1
26.08.2021 00:52:50.635,6.31887,6.31816,1,1
26.08.2021 00:52:52.308,6.31887,6.31825,1,1
26.08.2021 00:52:52.486,6.318700000000001,6.31825,1,1
26.08.2021 00:52:52.811,6.318700000000001,6.31819,1,1
26.08.2021 00:52:53.146,6.31867,6.31819,1,1
26.08.2021 00:52:57.091,6.31867,6.31819,1,1
26.08.2021 00:53:00.101,6.31867,6.31805,1,1
26.08.2021 00:53:04.104,6.31877,6.31805,1,1
26.08.2021 00:53:04.321,6.31887,6.318180000000001,1,1
26.08.2021 00:53:04.894,6.31887,6.318280000000001,1,1
26.08.2021 00:53:09.276,6.31887,6.31824,1,1
26.08.2021 00:53:09.326,6.318840000000001,6.31824,1,1
26.08.2021 00:53:09.427,6.31878,6.318230000000001,1,1
26.08.2021 00:53:09.811,6.31872,6.318180000000001,1,1
26.08.2021 00:53:09.910,6.31872,6.318090000000001,1,1
26.08.2021 00:53:17.202,6.31869,6.3182,1,1
26.08.2021 00:53:17.303,6.31892,6.31857,1,1
26.08.2021 00:53:17.403,6.31895,6.31857,1.5,1
26.08.2021 00:53:17.453,6.31895,6.31857,1.5,1
26.08.2021 00:53:17.811,6.31887,6.31832,1,1
26.08.2021 00:53:28.612,6.31895,6.318180000000001,1.5,1
26.08.2021 00:53:30.371,6.318980000000001,6.318230000000001,1.7,1.62
26.08.2021 00:53:30.690,6.318980000000001,6.318230000000001,1.7,1.62
26.08.2021 00:53:31.384,6.318980000000001,6.31842,1.7,1
26.08.2021 00:53:32.829,6.3190800000000005,6.31841,1,1
26.08.2021 00:53:33.014,6.31907,6.31857,1,1
26.08.2021 00:53:33.843,6.31907,6.31857,1,1
26.08.2021 00:53:33.893,6.31907,6.31842,1,1
26.08.2021 00:53:33.997,6.318980000000001,6.31842,1.7,1
26.08.2021 00:53:36.538,6.31897,6.31842,1,1
26.08.2021 00:53:36.750,6.31897,6.31842,1,1
26.08.2021 00:53:36.951,6.318980000000001,6.31842,1.7,1
26.08.2021 00:53:37.819,6.31897,6.31842,1,1
26.08.2021 00:53:40.495,6.318880000000001,6.3183300000000004,1.7,1
26.08.2021 00:53:40.649,6.31887,6.3183300000000004,1,1
26.08.2021 00:53:40.811,6.318880000000001,6.3182100000000005,1,1
26.08.2021 00:53:52.776,6.31887,6.318180000000001,1,1
26.08.2021 00:53:54.308,6.31887,6.318300000000001,1,1
26.08.2021 00:54:03.613,6.31897,6.318300000000001,1,1
26.08.2021 00:54:03.968,6.31897,6.31834,1,1
26.08.2021 00:54:04.092,6.31897,6.31843,1,1
26.08.2021 00:54:04.142,6.31917,6.31843,1,1.5
26.08.2021 00:54:04.332,6.31917,6.31843,1,1.5
26.08.2021 00:54:05.461,6.31917,6.31855,1,1
26.08.2021 00:54:05.512,6.31917,6.31855,1,1
26.08.2021 00:54:05.562,6.31927,6.318700000000001,1,1
26.08.2021 00:54:05.729,6.319330000000001,6.318700000000001,1,1.5
26.08.2021 00:54:06.147,6.31937,6.318700000000001,1,1.5
26.08.2021 00:54:06.546,6.319380000000001,6.31881,1,1
26.08.2021 00:54:07.072,6.3194,6.31882,1,1
26.08.2021 00:54:07.172,6.31947,6.31882,1,1
26.08.2021 00:54:07.909,6.31948,6.31891,1,1
26.08.2021 00:54:08.061,6.31967,6.318930000000001,1,1
26.08.2021 00:54:08.112,6.31967,6.318930000000001,1,1.5
26.08.2021 00:54:08.342,6.319680000000001,6.31904,1,1
26.08.2021 00:54:13.836,6.31967,6.31909,1,1
26.08.2021 00:54:16.788,6.31967,6.31909,1,1
26.08.2021 00:54:18.120,6.319680000000001,6.3190800000000005,1,1
26.08.2021 00:54:19.723,6.31967,6.31909,1,1
26.08.2021 00:54:25.929,6.3196900000000005,6.3190800000000005,1.7,1
26.08.2021 00:54:26.030,6.319680000000001,6.318930000000001,1.7,1
26.08.2021 00:54:27.880,6.319680000000001,6.318980000000001,1.7,1
26.08.2021 00:54:31.453,6.319680000000001,6.318930000000001,1.7,1
26.08.2021 00:54:33.012,6.319680000000001,6.31902,1.7,1
26.08.2021 00:54:34.334,6.319680000000001,6.319030000000001,1.7,1
26.08.2021 00:54:36.868,6.319680000000001,6.31918,1.2,1
26.08.2021 00:54:37.162,6.3197600000000005,6.31918,1.5,1
26.08.2021 00:54:37.254,6.3197600000000005,6.31918,1,1
26.08.2021 00:54:37.427,6.319780000000001,6.31918,1.7,1
26.08.2021 00:54:37.578,6.319780000000001,6.31922,1.7,1
26.08.2021 00:54:37.879,6.31991,6.31922,1,1
26.08.2021 00:54:39.900,6.31997,6.31934,1.62,1
26.08.2021 00:54:40.869,6.319780000000001,6.31934,1.2,1
26.08.2021 00:54:40.970,6.319780000000001,6.31925,1.7,1
26.08.2021 00:54:43.481,6.31979,6.31913,1.7,1
26.08.2021 00:54:43.531,6.319780000000001,6.31926,1.7,1
26.08.2021 00:54:44.749,6.31992,6.31926,1.5,1
26.08.2021 00:54:45.755,6.31998,6.319380000000001,1.5,1
26.08.2021 00:54:46.866,6.31997,6.3193600000000005,1.5,1
26.08.2021 00:54:50.707,6.320030000000001,6.3193600000000005,1,1
26.08.2021 00:54:50.808,6.320080000000001,6.31949,1.7,1
26.08.2021 00:54:52.105,6.320080000000001,6.31958,1.7,1
26.08.2021 00:54:52.594,6.320180000000001,6.31958,1.7,1
26.08.2021 00:54:52.715,6.320180000000001,6.319640000000001,1.7,1
26.08.2021 00:54:52.816,6.320180000000001,6.319640000000001,1.2,1
26.08.2021 00:54:52.963,6.320290000000001,6.319640000000001,1.62,1
26.08.2021 00:54:53.224,6.32019,6.319630000000001,1.2,1
26.08.2021 00:54:53.275,6.320290000000001,6.319640000000001,1.62,1
26.08.2021 00:54:53.325,6.320180000000001,6.319640000000001,1.2,1
26.08.2021 00:54:53.983,6.32019,6.319630000000001,1.7,1
26.08.2021 00:54:55.064,6.320080000000001,6.31957,1.2,1
26.08.2021 00:54:55.166,6.320080000000001,6.31957,1.7,1
26.08.2021 00:54:55.216,6.32009,6.31946,1.7,1
26.08.2021 00:54:55.966,6.320180000000001,6.31947,1.7,1
26.08.2021 00:54:56.067,6.320080000000001,6.31947,1.2,1
26.08.2021 00:54:56.120,6.320130000000001,6.31947,1,1
26.08.2021 00:54:56.170,6.320130000000001,6.31947,1.5,1
26.08.2021 00:54:56.222,6.320130000000001,6.31947,1,1
26.08.2021 00:54:56.273,6.320080000000001,6.31947,1.2,1
26.08.2021 00:54:56.424,6.320130000000001,6.31947,1.5,1
26.08.2021 00:54:56.474,6.320130000000001,6.31947,1,1
26.08.2021 00:54:56.575,6.320080000000001,6.31947,1.2,1
26.08.2021 00:54:56.695,6.32014,6.31946,1.5,1
26.08.2021 00:54:56.745,6.320130000000001,6.31947,1,1
26.08.2021 00:54:56.828,6.320080000000001,6.31947,1.2,1
26.08.2021 00:54:56.878,6.320130000000001,6.31947,1,1
26.08.2021 00:54:57.098,6.320080000000001,6.31947,1,1
26.08.2021 00:54:57.987,6.31998,6.319450000000001,1.2,1
26.08.2021 00:54:58.088,6.31998,6.319450000000001,1.7,1
26.08.2021 00:54:59.252,6.320030000000001,6.319380000000001,1,1
26.08.2021 00:54:59.303,6.320080000000001,6.31949,1.7,1
26.08.2021 00:54:59.483,6.32009,6.31948,1.2,1
26.08.2021 00:54:59.584,6.320180000000001,6.31949,1.7,1
26.08.2021 00:55:00.217,6.320180000000001,6.31957,1.7,1
26.08.2021 00:55:00.442,6.320180000000001,6.31966,1.7,1
26.08.2021 00:55:00.543,6.320380000000001,6.3198,1.7,1
26.08.2021 00:55:00.593,6.320480000000001,6.3198,1.77,1
26.08.2021 00:55:00.694,6.320180000000001,6.31972,1.2,1
26.08.2021 00:55:00.745,6.320340000000001,6.31972,1,1
26.08.2021 00:55:00.845,6.320340000000001,6.31953,1,1.7
26.08.2021 00:55:00.896,6.320180000000001,6.31952,1.2,1.5
26.08.2021 00:55:01.181,6.320180000000001,6.319630000000001,1.7,1
26.08.2021 00:55:01.335,6.320180000000001,6.319630000000001,1.2,1
26.08.2021 00:55:02.074,6.320180000000001,6.319630000000001,1.7,1
26.08.2021 00:55:03.402,6.32024,6.319630000000001,1,1
26.08.2021 00:55:03.453,6.32024,6.31952,1,1
26.08.2021 00:55:03.820,6.3202300000000005,6.31951,1,1
26.08.2021 00:55:05.883,6.320340000000001,6.31951,1.12,1
26.08.2021 00:55:05.934,6.32037,6.31967,1,1
26.08.2021 00:55:06.045,6.32028,6.31977,1,1
26.08.2021 00:55:06.196,6.32028,6.3196,1,1.5
26.08.2021 00:55:06.247,6.32028,6.3196,1,1
26.08.2021 00:55:08.551,6.32019,6.319590000000001,1.2,1
26.08.2021 00:55:08.670,6.320180000000001,6.319630000000001,1.7,1
26.08.2021 00:55:09.091,6.320180000000001,6.3195500000000004,1.7,1
26.08.2021 00:55:11.368,6.32027,6.3195500000000004,1,1
26.08.2021 00:55:11.419,6.32027,6.319640000000001,1,1
26.08.2021 00:55:12.413,6.32027,6.31962,1,1
26.08.2021 00:55:13.727,6.32027,6.31972,1,1
26.08.2021 00:55:13.828,6.320290000000001,6.31972,1,1
26.08.2021 00:55:14.046,6.32027,6.31972,1,1
26.08.2021 00:55:19.963,6.32037,6.31972,1,1
26.08.2021 00:55:21.206,6.32037,6.3197600000000005,1,1
26.08.2021 00:55:22.631,6.32037,6.319680000000001,1,1.5
26.08.2021 00:55:22.732,6.32028,6.319680000000001,1.5,1
26.08.2021 00:55:22.782,6.32028,6.31967,1,1
26.08.2021 00:55:23.643,6.3202300000000005,6.319680000000001,1.5,1
26.08.2021 00:55:23.750,6.320180000000001,6.319590000000001,1.7,1
26.08.2021 00:55:23.801,6.320180000000001,6.319590000000001,1.7,1
26.08.2021 00:55:25.285,6.32007,6.319590000000001,1.5,1
26.08.2021 00:55:25.386,6.32007,6.31942,1.5,1
26.08.2021 00:55:25.520,6.320080000000001,6.31941,1.62,1
26.08.2021 00:55:27.009,6.320080000000001,6.31942,1.7,1
26.08.2021 00:55:27.261,6.32007,6.31942,1,1
26.08.2021 00:55:27.412,6.32007,6.31952,1,1
26.08.2021 00:55:27.513,6.320110000000001,6.31952,1,1
26.08.2021 00:55:27.613,6.320130000000001,6.31951,1.5,1
26.08.2021 00:55:27.714,6.32012,6.31952,1.5,1
26.08.2021 00:55:27.815,6.32007,6.31952,1,1
26.08.2021 00:55:27.978,6.320080000000001,6.31951,1,1
26.08.2021 00:55:28.625,6.32002,6.31952,1.5,1
26.08.2021 00:55:29.941,6.32002,6.31946,1.5,1
26.08.2021 00:55:34.199,6.32002,6.319380000000001,1.5,1
26.08.2021 00:55:34.249,6.31996,6.319380000000001,1.5,1
26.08.2021 00:55:34.350,6.31991,6.3192900000000005,1,1
26.08.2021 00:55:54.322,6.31988,6.3192900000000005,1,1
26.08.2021 00:55:54.373,6.31986,6.3192,1.5,1
26.08.2021 00:55:54.524,6.31987,6.319190000000001,1.5,1
26.08.2021 00:55:54.724,6.31987,6.319190000000001,1.5,1
26.08.2021 00:56:01.504,6.31986,6.3192,1.5,1
26.08.2021 00:56:01.700,6.31977,6.319190000000001,1.5,1
26.08.2021 00:56:01.856,6.3197600000000005,6.31909,1.5,1
26.08.2021 00:56:02.503,6.31971,6.31909,1.5,1
26.08.2021 00:56:03.929,6.31971,6.31909,1.5,1
26.08.2021 00:56:06.324,6.31977,6.3192,1,1
26.08.2021 00:56:06.501,6.31987,6.3192,1,1
26.08.2021 00:56:06.799,6.31987,6.31926,1,1
26.08.2021 00:56:06.966,6.31987,6.31926,1.62,1
26.08.2021 00:56:07.017,6.31987,6.31917,1.62,1
26.08.2021 00:56:07.152,6.31987,6.31917,1.62,1
26.08.2021 00:56:17.186,6.31982,6.31917,1.5,1
26.08.2021 00:56:17.386,6.31987,6.31917,1,1
26.08.2021 00:56:18.720,6.31987,6.31913,1,1.27
26.08.2021 00:56:18.771,6.31988,6.31912,1,1.77
26.08.2021 00:56:18.821,6.31987,6.31926,1,1
26.08.2021 00:56:19.010,6.3199000000000005,6.31926,1,1
26.08.2021 00:56:20.680,6.3199000000000005,6.3193,1,1
26.08.2021 00:56:27.866,6.3199000000000005,6.3193600000000005,1,1
26.08.2021 00:56:30.316,6.32001,6.3193600000000005,1.5,1
26.08.2021 00:56:30.431,6.32002,6.31935,1.5,1
26.08.2021 00:56:31.047,6.32001,6.319380000000001,1.5,1
26.08.2021 00:56:32.149,6.32001,6.319380000000001,1.5,1
26.08.2021 00:56:32.418,6.31992,6.319380000000001,1,1
26.08.2021 00:56:32.542,6.32001,6.319380000000001,1.5,1
26.08.2021 00:56:37.712,6.32006,6.31948,1.5,1
26.08.2021 00:56:40.890,6.32001,6.3194,1.5,1
26.08.2021 00:56:44.710,6.32001,6.3194,1.5,1
26.08.2021 00:56:49.320,6.32001,6.31941,1.5,1
26.08.2021 00:56:49.481,6.32001,6.3194,1.5,1
26.08.2021 00:56:59.297,6.32007,6.3194,1,1
26.08.2021 00:56:59.363,6.32007,6.3193600000000005,1,1
26.08.2021 00:56:59.413,6.32007,6.31952,1,1
26.08.2021 00:56:59.464,6.32017,6.31951,1,1
26.08.2021 00:56:59.564,6.32017,6.31961,1,1
26.08.2021 00:57:00.235,6.32027,6.31961,1,1
26.08.2021 00:57:03.428,6.32027,6.3197,1,1
26.08.2021 00:57:03.529,6.32047,6.31974,1,1.5
26.08.2021 00:57:03.579,6.32047,6.319850000000001,1,1
26.08.2021 00:57:06.090,6.320480000000001,6.31984,1,1
26.08.2021 00:57:13.079,6.320380000000001,6.31986,1.2,1
26.08.2021 00:57:13.180,6.320380000000001,6.31977,1.77,1
26.08.2021 00:57:20.912,6.320290000000001,6.31958,1,1.5
26.08.2021 00:57:21.013,6.32027,6.31958,1,1.12
26.08.2021 00:57:21.170,6.32027,6.3195500000000004,1,1
26.08.2021 00:57:21.790,6.32027,6.31953,1,1.77
26.08.2021 00:57:25.418,6.32027,6.319730000000001,1,1
26.08.2021 00:57:28.969,6.32027,6.319730000000001,1,1
26.08.2021 00:57:29.414,6.32027,6.319730000000001,1,1
26.08.2021 00:57:29.858,6.32047,6.3198,1.5,1
26.08.2021 00:57:30.235,6.320480000000001,6.31979,1.5,1
26.08.2021 00:57:34.528,6.32046,6.3198,1.5,1
26.08.2021 00:57:44.422,6.32046,6.31988,1.5,1
26.08.2021 00:57:51.849,6.32046,6.31988,1.5,1
26.08.2021 00:58:01.247,6.32046,6.31988,1.5,1
26.08.2021 00:58:01.297,6.32046,6.31966,1.5,1.5
26.08.2021 00:58:08.144,6.32046,6.31982,1.5,1
26.08.2021 00:58:18.161,6.32041,6.319630000000001,1.5,1.77
26.08.2021 00:58:18.286,6.32041,6.319630000000001,1.5,1.65
26.08.2021 00:58:19.728,6.32041,6.319630000000001,1.5,1.77
26.08.2021 00:58:20.050,6.32042,6.31962,1.5,1.65
26.08.2021 00:58:21.199,6.32035,6.3196,1.5,1
26.08.2021 00:58:21.250,6.32028,6.3195500000000004,1,1.5
26.08.2021 00:58:21.468,6.32027,6.3195500000000004,1,1.5
26.08.2021 00:58:21.518,6.32027,6.319730000000001,1,1
26.08.2021 00:58:46.195,6.3203000000000005,6.319730000000001,1,1
26.08.2021 00:58:46.310,6.32036,6.31972,1.5,1
26.08.2021 00:58:46.411,6.32035,6.319730000000001,1.5,1
26.08.2021 00:58:47.950,6.32027,6.3195500000000004,1,1.5
26.08.2021 00:58:48.001,6.32027,6.31953,1,1.65
26.08.2021 00:58:50.249,6.32028,6.31972,1,1
26.08.2021 00:58:55.303,6.32035,6.319730000000001,1.5,1
26.08.2021 00:59:00.065,6.32027,6.319730000000001,1,1
26.08.2021 00:59:00.166,6.32027,6.319730000000001,1,1
26.08.2021 00:59:00.216,6.320250000000001,6.31953,1.5,1.27
26.08.2021 00:59:00.427,6.320250000000001,6.31953,1.5,1.27
26.08.2021 00:59:00.542,6.320200000000001,6.319640000000001,1.5,1
26.08.2021 00:59:00.643,6.32017,6.319640000000001,1,1
26.08.2021 00:59:00.693,6.32017,6.31952,1,1
26.08.2021 00:59:00.829,6.320180000000001,6.31951,1,1
26.08.2021 00:59:01.263,6.32017,6.31952,1,1
26.08.2021 00:59:03.022,6.32017,6.31961,1,1
26.08.2021 00:59:03.123,6.32009,6.31961,1.5,1
26.08.2021 00:59:06.528,6.32009,6.31961,1.5,1
26.08.2021 00:59:15.332,6.32009,6.31956,1.5,1
26.08.2021 00:59:28.028,6.3201,6.3195500000000004,1.5,1
26.08.2021 00:59:28.336,6.32009,6.31956,1.5,1
26.08.2021 00:59:28.387,6.32014,6.31934,1.5,1.5
26.08.2021 00:59:28.537,6.32015,6.319330000000001,1.12,1.5
26.08.2021 00:59:34.571,6.32014,6.31934,1.5,1.5
26.08.2021 00:59:41.205,6.32014,6.31956,1.5,1
26.08.2021 00:59:52.087,6.32014,6.31957,1.5,1
26.08.2021 00:59:58.923,6.32014,6.31957,1,1
26.08.2021 01:00:00.427,6.320250000000001,6.31957,1.5,1
26.08.2021 01:00:00.673,6.320250000000001,6.31965,1.5,1
26.08.2021 01:00:01.778,6.3203000000000005,6.31965,1.62,1
26.08.2021 01:00:01.851,6.3203000000000005,6.31977,1.62,1
26.08.2021 01:00:02.002,6.32041,6.31977,1.5,1
26.08.2021 01:00:02.052,6.32047,6.3198300000000005,1.62,1.2
26.08.2021 01:00:02.153,6.32047,6.31988,1.5,1
26.08.2021 01:00:02.349,6.32047,6.31988,1.62,1
26.08.2021 01:00:02.814,6.32047,6.31979,1.62,1
26.08.2021 01:00:03.668,6.32047,6.3198300000000005,1,1.2
26.08.2021 01:00:03.818,6.3205,6.3199000000000005,1,1
26.08.2021 01:00:10.651,6.3205100000000005,6.31989,1.5,1
26.08.2021 01:00:15.117,6.3205,6.3198300000000005,1.5,1.2
26.08.2021 01:00:16.135,6.32045,6.31967,1.5,1.5
26.08.2021 01:00:17.529,6.32045,6.31967,1.5,1.5
26.08.2021 01:00:18.795,6.32046,6.3198,1.5,1
26.08.2021 01:00:18.927,6.3204,6.31981,1.5,1
26.08.2021 01:00:19.799,6.3204,6.31981,1.5,1
26.08.2021 01:00:19.900,6.32046,6.3198,1.5,1
26.08.2021 01:00:23.380,6.3204,6.31981,1.5,1
26.08.2021 01:00:23.443,6.3204,6.319730000000001,1.5,1
26.08.2021 01:00:23.494,6.320290000000001,6.319730000000001,1,1
26.08.2021 01:00:23.595,6.32027,6.319730000000001,1,1
26.08.2021 01:00:23.746,6.32027,6.319730000000001,1,1
26.08.2021 01:00:38.111,6.3203000000000005,6.319680000000001,1.5,1
26.08.2021 01:00:38.598,6.32035,6.319680000000001,1.5,1
26.08.2021 01:00:38.769,6.32041,6.31977,1.5,1
26.08.2021 01:00:39.201,6.32041,6.31977,1.12,1
26.08.2021 01:00:42.514,6.32041,6.31982,1.12,1
26.08.2021 01:00:43.598,6.32041,6.31992,1.12,1
26.08.2021 01:00:43.649,6.32057,6.31992,1,1
26.08.2021 01:00:43.749,6.32062,6.32005,1.5,1
26.08.2021 01:00:43.800,6.32067,6.32005,1,1
26.08.2021 01:00:44.001,6.320780000000001,6.32017,1.5,1
26.08.2021 01:00:51.167,6.32071,6.32017,1,1
26.08.2021 01:00:54.218,6.32077,6.32017,1,1
26.08.2021 01:00:58.033,6.32073,6.31993,1.5,1.77
26.08.2021 01:00:58.567,6.32073,6.31993,1.5,1.77
26.08.2021 01:00:58.841,6.320690000000001,6.31992,1,1.77
26.08.2021 01:01:01.152,6.32073,6.31993,1.5,1.77
26.08.2021 01:01:03.035,6.320740000000001,6.320080000000001,1.5,1
26.08.2021 01:01:03.183,6.320690000000001,6.320080000000001,1,1
26.08.2021 01:01:03.284,6.32073,6.32009,1.5,1
26.08.2021 01:01:08.218,6.32068,6.32009,1,1
26.08.2021 01:01:09.206,6.32068,6.32012,1,1
26.08.2021 01:01:10.685,6.32073,6.32012,1.5,1
26.08.2021 01:01:10.966,6.32068,6.32012,1,1
26.08.2021 01:01:11.067,6.3205800000000005,6.31997,1.5,1
26.08.2021 01:01:11.218,6.32057,6.31998,1.62,1
26.08.2021 01:01:17.626,6.3205800000000005,6.31997,1.62,1
26.08.2021 01:01:18.746,6.3205800000000005,6.31997,1,1
26.08.2021 01:01:19.124,6.32062,6.3198300000000005,1.5,1.77
26.08.2021 01:01:19.502,6.32063,6.31986,1.5,1
26.08.2021 01:01:20.808,6.32062,6.31992,1.5,1
26.08.2021 01:01:21.025,6.32067,6.31993,1.5,1.77
26.08.2021 01:01:21.547,6.32067,6.32007,1.5,1
26.08.2021 01:01:28.528,6.320780000000001,6.32006,1.62,1
26.08.2021 01:01:31.570,6.32077,6.320200000000001,1,1
26.08.2021 01:01:34.862,6.32077,6.320180000000001,1,1
26.08.2021 01:01:36.073,6.32077,6.320180000000001,1,1
26.08.2021 01:01:36.956,6.32082,6.320180000000001,1.5,1
26.08.2021 01:01:38.564,6.32087,6.320180000000001,1,1
26.08.2021 01:01:38.737,6.32094,6.3203000000000005,1.5,1
26.08.2021 01:01:38.787,6.32094,6.3203000000000005,1.5,1
26.08.2021 01:01:38.888,6.32094,6.32042,1.5,1
26.08.2021 01:01:38.989,6.32094,6.32031,1.5,1
26.08.2021 01:01:39.090,6.32089,6.320390000000001,1.12,1
26.08.2021 01:01:39.200,6.32089,6.320390000000001,1.5,1
26.08.2021 01:01:39.959,6.3209,6.320250000000001,1.5,1
26.08.2021 01:01:41.989,6.32094,6.32026,1.12,1.12
26.08.2021 01:01:43.230,6.32094,6.32035,1.12,1
26.08.2021 01:01:52.879,6.32107,6.32052,1,1
26.08.2021 01:01:52.980,6.32117,6.320530000000001,1.12,1
26.08.2021 01:01:53.080,6.3212600000000005,6.32064,1.5,1
26.08.2021 01:01:53.153,6.32127,6.32063,1.5,1
26.08.2021 01:01:55.618,6.321140000000001,6.32064,1,1
26.08.2021 01:01:56.133,6.32107,6.3205,1,1
26.08.2021 01:01:57.028,6.32107,6.3205,1,1
26.08.2021 01:02:04.121,6.3210500000000005,6.3205,1.5,1
26.08.2021 01:02:06.075,6.3211,6.3205,1.5,1
26.08.2021 01:02:06.276,6.32116,6.32036,1.5,1.5
26.08.2021 01:02:06.326,6.32116,6.32059,1.12,1
26.08.2021 01:02:06.477,6.3212600000000005,6.32068,1.5,1
26.08.2021 01:02:06.527,6.32124,6.32068,1,1
26.08.2021 01:02:06.668,6.32124,6.320600000000001,1,1
26.08.2021 01:02:06.718,6.32116,6.320600000000001,1.5,1
26.08.2021 01:02:06.920,6.3211,6.320600000000001,1.5,1
26.08.2021 01:02:06.970,6.32121,6.3205100000000005,1.5,1
26.08.2021 01:02:07.082,6.32121,6.32062,1.5,1
26.08.2021 01:02:07.133,6.3212600000000005,6.32062,1.5,1
26.08.2021 01:02:07.233,6.321280000000001,6.32062,1.7,1
26.08.2021 01:02:07.334,6.321280000000001,6.32062,1.7,1
26.08.2021 01:02:07.384,6.32132,6.32071,1.5,1
26.08.2021 01:02:07.887,6.32116,6.32063,1.5,1
26.08.2021 01:02:08.009,6.3210500000000005,6.3205,1.5,1
26.08.2021 01:02:08.342,6.32106,6.320380000000001,1.5,1
26.08.2021 01:02:08.548,6.321000000000001,6.320390000000001,1.5,1
26.08.2021 01:02:08.699,6.32101,6.32028,1.5,1
26.08.2021 01:02:08.749,6.320830000000001,6.320290000000001,1.5,1
26.08.2021 01:02:08.850,6.320830000000001,6.320290000000001,1.5,1
26.08.2021 01:02:10.296,6.320830000000001,6.320290000000001,1.5,1
26.08.2021 01:02:12.598,6.320780000000001,6.320200000000001,1.7,1
26.08.2021 01:02:25.176,6.32073,6.320200000000001,1.5,1
26.08.2021 01:02:25.758,6.32073,6.320110000000001,1.5,1
26.08.2021 01:02:26.082,6.32067,6.320110000000001,1.5,1
26.08.2021 01:02:26.275,6.32067,6.31997,1.5,1
26.08.2021 01:02:26.325,6.32062,6.31997,1.5,1
26.08.2021 01:02:26.477,6.32057,6.31997,1.5,1
26.08.2021 01:02:26.886,6.32057,6.31997,1.5,1
26.08.2021 01:02:29.780,6.3205800000000005,6.31996,1.5,1
26.08.2021 01:02:30.060,6.32052,6.31988,1.5,1
26.08.2021 01:02:30.213,6.3205100000000005,6.31989,1.5,1
26.08.2021 01:02:46.150,6.3205100000000005,6.31989,1.5,1
26.08.2021 01:02:46.426,6.32047,6.3198,1.5,1
26.08.2021 01:02:51.625,6.32046,6.31981,1.5,1
26.08.2021 01:02:52.158,6.3203000000000005,6.31981,1,1
26.08.2021 01:02:52.208,6.3203000000000005,6.319680000000001,1,1
26.08.2021 01:02:52.359,6.3203000000000005,6.319680000000001,1.5,1
26.08.2021 01:03:04.089,6.3203000000000005,6.319780000000001,1.5,1
26.08.2021 01:03:05.583,6.320380000000001,6.319780000000001,1,1
26.08.2021 01:03:05.684,6.32041,6.319780000000001,1.5,1
26.08.2021 01:03:05.736,6.32041,6.319780000000001,1.12,1
26.08.2021 01:03:10.848,6.32047,6.31989,1,1
26.08.2021 01:03:14.369,6.3205100000000005,6.31989,1.5,1
26.08.2021 01:03:14.570,6.32063,6.31988,1.5,1
26.08.2021 01:03:14.962,6.32062,6.31997,1.5,1
26.08.2021 01:03:19.214,6.32063,6.31996,1.5,1
26.08.2021 01:03:19.265,6.32067,6.32005,1.5,1
26.08.2021 01:03:19.434,6.32067,6.32005,1.5,1
26.08.2021 01:03:19.616,6.32067,6.32005,1,1
26.08.2021 01:03:20.484,6.32067,6.32015,1,1
26.08.2021 01:03:24.173,6.32067,6.32007,1,1
26.08.2021 01:03:26.308,6.32077,6.32007,1,1
26.08.2021 01:03:26.509,6.320780000000001,6.32017,1.5,1
26.08.2021 01:03:26.610,6.3208400000000005,6.32024,1.5,1
26.08.2021 01:03:27.587,6.320830000000001,6.320250000000001,1.5,1
26.08.2021 01:03:27.705,6.320830000000001,6.32017,1.5,1
26.08.2021 01:03:30.365,6.32089,6.32017,1.5,1
26.08.2021 01:03:30.516,6.3209,6.3201600000000004,1,1.5
26.08.2021 01:03:32.167,6.3209,6.32027,1,1
26.08.2021 01:03:34.018,6.3209,6.3203000000000005,1,1
26.08.2021 01:03:34.119,6.3209,6.3203000000000005,1.5,1
26.08.2021 01:03:34.169,6.32089,6.32021,1.5,1
26.08.2021 01:03:35.026,6.32089,6.32021,1.5,1
26.08.2021 01:03:40.791,6.32089,6.32031,1.5,1
26.08.2021 01:03:41.055,6.32089,6.320390000000001,1.5,1
26.08.2021 01:03:43.635,6.32089,6.320390000000001,1.5,1
26.08.2021 01:03:46.392,6.3209,6.32027,1.5,1
26.08.2021 01:03:50.092,6.32097,6.3204,1,1
26.08.2021 01:03:50.193,6.32107,6.32052,1,1
26.08.2021 01:03:50.244,6.3211,6.32052,1.5,1
26.08.2021 01:03:53.909,6.32108,6.3204400000000005,1.77,1
26.08.2021 01:03:54.016,6.3210500000000005,6.3204400000000005,1,1
26.08.2021 01:03:54.117,6.32099,6.3204400000000005,1,1
26.08.2021 01:03:57.028,6.3209800000000005,6.320430000000001,1,1
26.08.2021 01:04:04.774,6.32097,6.320390000000001,1,1
26.08.2021 01:04:04.880,6.32097,6.32042,1,1
26.08.2021 01:04:05.209,6.32097,6.32042,1,1
26.08.2021 01:04:06.526,6.32097,6.32042,1,1
26.08.2021 01:04:06.627,6.32094,6.32041,1,1
26.08.2021 01:04:06.728,6.32094,6.32042,1.5,1
26.08.2021 01:04:11.479,6.32094,6.32036,1.5,1
26.08.2021 01:04:14.271,6.32094,6.32031,1.5,1
26.08.2021 01:04:18.832,6.32094,6.32031,1.5,1
26.08.2021 01:04:24.735,6.32094,6.32031,1.5,1
26.08.2021 01:04:24.936,6.320860000000001,6.32031,1,1
26.08.2021 01:04:25.437,6.320860000000001,6.32031,1,1
26.08.2021 01:04:26.031,6.320860000000001,6.32031,1,1
26.08.2021 01:04:29.044,6.32094,6.32042,1.5,1
26.08.2021 01:04:29.145,6.32094,6.3205,1.5,1
26.08.2021 01:04:29.195,6.32094,6.3205,1.5,1
26.08.2021 01:04:29.578,6.32094,6.320380000000001,1.5,1
26.08.2021 01:04:33.529,6.32094,6.320380000000001,1.5,1
26.08.2021 01:04:39.914,6.32094,6.3203000000000005,1.5,1
26.08.2021 01:04:44.966,6.32094,6.320340000000001,1.5,1
26.08.2021 01:04:50.949,6.320950000000001,6.32033,1.5,1
26.08.2021 01:05:00.980,6.320880000000001,6.32026,1,1
26.08.2021 01:05:01.743,6.3209,6.32026,1.5,1
26.08.2021 01:05:03.545,6.3209,6.320340000000001,1.5,1
26.08.2021 01:05:09.857,6.3209100000000005,6.320250000000001,1.5,1
26.08.2021 01:05:18.829,6.320950000000001,6.32026,1.5,1
26.08.2021 01:05:18.992,6.320950000000001,6.32026,1.5,1
26.08.2021 01:05:20.665,6.320950000000001,6.32036,1.5,1
26.08.2021 01:05:20.780,6.320950000000001,6.32036,1.5,1
26.08.2021 01:05:23.077,6.320950000000001,6.32036,1,1
26.08.2021 01:05:23.251,6.320950000000001,6.32036,1.5,1
26.08.2021 01:05:23.301,6.32096,6.32027,1.5,1
26.08.2021 01:05:23.352,6.3209100000000005,6.32027,1,1
26.08.2021 01:05:23.453,6.3209,6.32028,1.5,1
26.08.2021 01:05:25.082,6.3208400000000005,6.32028,1.5,1
26.08.2021 01:05:28.218,6.3208400000000005,6.32032,1.5,1
26.08.2021 01:05:45.290,6.3208400000000005,6.320290000000001,1.5,1
26.08.2021 01:05:47.986,6.3208400000000005,6.32027,1.5,1
26.08.2021 01:05:51.531,6.320780000000001,6.32027,1.7,1
26.08.2021 01:05:52.934,6.3208400000000005,6.32027,1.5,1
26.08.2021 01:06:20.415,6.32087,6.32027,1,1
26.08.2021 01:06:25.709,6.3209,6.32027,1.5,1
26.08.2021 01:06:27.650,6.320950000000001,6.32015,1.5,1.5
26.08.2021 01:06:27.806,6.320950000000001,6.32015,1.5,1.5
26.08.2021 01:06:31.085,6.321000000000001,6.320390000000001,1.5,1
26.08.2021 01:06:34.029,6.321000000000001,6.320390000000001,1.5,1
26.08.2021 01:06:50.965,6.32107,6.320250000000001,1.5,1.5
26.08.2021 01:06:51.022,6.32106,6.32033,1.5,1.2
26.08.2021 01:06:51.173,6.32106,6.32047,1.5,1
26.08.2021 01:07:10.912,6.32107,6.32031,1,1.62
26.08.2021 01:07:11.175,6.32108,6.320430000000001,1,1
26.08.2021 01:07:22.499,6.321180000000001,6.320430000000001,1.62,1
26.08.2021 01:07:22.550,6.32117,6.32062,1.5,1
26.08.2021 01:07:22.701,6.321280000000001,6.32061,1.5,1
26.08.2021 01:07:22.802,6.32137,6.320690000000001,1,1
26.08.2021 01:07:22.953,6.32138,6.320860000000001,1.5,1
26.08.2021 01:07:23.059,6.32138,6.320860000000001,1.7,1
26.08.2021 01:07:23.529,6.32137,6.320860000000001,1,1
26.08.2021 01:07:24.329,6.32138,6.32076,1,1
26.08.2021 01:07:26.569,6.321330000000001,6.32077,1.5,1
26.08.2021 01:07:26.673,6.321330000000001,6.32066,1.5,1
26.08.2021 01:07:28.726,6.32134,6.32073,1.5,1
26.08.2021 01:07:31.359,6.32137,6.32082,1.5,1
26.08.2021 01:07:31.409,6.32137,6.32082,1,1
26.08.2021 01:07:31.611,6.32143,6.32082,1.5,1
26.08.2021 01:07:31.779,6.32143,6.320790000000001,1.5,1
26.08.2021 01:07:32.783,6.32147,6.32094,1,1
26.08.2021 01:07:32.884,6.32167,6.3210500000000005,1,1
26.08.2021 01:07:32.984,6.32176,6.3210500000000005,1.5,1
26.08.2021 01:07:33.035,6.32176,6.321180000000001,1.5,1
26.08.2021 01:07:34.781,6.32177,6.3212600000000005,1,1
26.08.2021 01:07:34.882,6.32187,6.32138,1,1
26.08.2021 01:07:34.983,6.322030000000001,6.32138,1.5,1
26.08.2021 01:07:35.133,6.32207,6.32138,1,1
26.08.2021 01:07:35.184,6.32207,6.321490000000001,1,1
26.08.2021 01:07:35.527,6.322030000000001,6.32141,1.5,1
26.08.2021 01:07:35.628,6.32192,6.32141,1,1
26.08.2021 01:07:35.728,6.32187,6.32141,1,1
26.08.2021 01:07:35.779,6.32187,6.32129,1,1
26.08.2021 01:07:35.930,6.32197,6.32129,1,1
26.08.2021 01:07:36.396,6.32197,6.32141,1,1
26.08.2021 01:07:36.988,6.32197,6.32141,1,1
26.08.2021 01:07:37.190,6.322030000000001,6.32141,1.5,1
26.08.2021 01:07:38.053,6.322030000000001,6.32148,1.5,1
26.08.2021 01:07:40.316,6.32204,6.32139,1.5,1
26.08.2021 01:07:40.367,6.32197,6.321400000000001,1,1
26.08.2021 01:07:40.948,6.321980000000001,6.32129,1.62,1
26.08.2021 01:07:42.996,6.322030000000001,6.32138,1.5,1
26.08.2021 01:07:43.046,6.322080000000001,6.32137,1,1
26.08.2021 01:07:43.393,6.32207,6.32138,1,1
26.08.2021 01:07:47.242,6.3221300000000005,6.32148,1.5,1
26.08.2021 01:07:48.818,6.32214,6.32147,1.5,1
26.08.2021 01:07:49.968,6.3221300000000005,6.32148,1.5,1
26.08.2021 01:07:59.025,6.322080000000001,6.32147,1,1
26.08.2021 01:08:00.876,6.32207,6.32148,1,1
26.08.2021 01:08:00.927,6.32196,6.32137,1,1
26.08.2021 01:08:00.977,6.32181,6.321130000000001,1,2.52
26.08.2021 01:08:01.078,6.32181,6.321130000000001,1.5,1
26.08.2021 01:08:05.311,6.32181,6.321180000000001,1.5,1
26.08.2021 01:08:08.765,6.32181,6.321180000000001,1.5,1
26.08.2021 01:08:10.612,6.32182,6.32117,1.5,1
26.08.2021 01:08:11.015,6.32186,6.321180000000001,1.5,1
26.08.2021 01:08:11.868,6.32186,6.3212600000000005,1.5,1
26.08.2021 01:08:18.295,6.32181,6.3212600000000005,1,1
26.08.2021 01:08:20.212,6.32181,6.321180000000001,1,1
26.08.2021 01:08:20.838,6.32186,6.321180000000001,1.5,1
26.08.2021 01:08:22.057,6.321890000000001,6.32117,1.7,1
26.08.2021 01:08:29.178,6.32187,6.32129,1,1
26.08.2021 01:08:29.361,6.32187,6.32129,1,1
26.08.2021 01:08:30.270,6.32188,6.3212,1,1
26.08.2021 01:08:31.299,6.32187,6.32121,1,1
26.08.2021 01:08:31.350,6.32187,6.3213,1,1
26.08.2021 01:08:31.501,6.32214,6.321440000000001,1.5,1
26.08.2021 01:08:31.551,6.32214,6.321440000000001,1.5,1
26.08.2021 01:08:32.551,6.3221300000000005,6.321490000000001,1.5,1
26.08.2021 01:08:35.987,6.32214,6.32156,1.5,1
26.08.2021 01:08:40.199,6.32209,6.32156,1,1
26.08.2021 01:08:52.650,6.3221300000000005,6.32157,1.5,1
26.08.2021 01:08:53.562,6.322080000000001,6.32157,1,1
26.08.2021 01:08:55.594,6.32207,6.32157,1,1
26.08.2021 01:08:55.644,6.32207,6.3214500000000005,1.62,1
26.08.2021 01:08:55.701,6.32204,6.3214500000000005,1,1
26.08.2021 01:08:55.848,6.32207,6.3214500000000005,1.62,1
26.08.2021 01:08:58.559,6.322030000000001,6.3214500000000005,1,1
26.08.2021 01:08:58.963,6.32197,6.321330000000001,1,1
26.08.2021 01:09:01.679,6.321980000000001,6.32132,1,1
26.08.2021 01:09:01.880,6.32197,6.321330000000001,1,1
26.08.2021 01:09:02.199,6.321980000000001,6.321330000000001,1.7,1
26.08.2021 01:09:03.167,6.322030000000001,6.32132,1.5,1
26.08.2021 01:09:05.384,6.32202,6.321330000000001,1,1.5
26.08.2021 01:09:05.593,6.32207,6.321330000000001,1.5,2.52
26.08.2021 01:09:05.694,6.32207,6.32146,1.5,1
26.08.2021 01:09:05.808,6.32207,6.32146,1,1
26.08.2021 01:09:05.909,6.32217,6.32146,1,1
26.08.2021 01:09:06.010,6.32217,6.32146,1,1
26.08.2021 01:09:06.111,6.32217,6.321540000000001,1,1
26.08.2021 01:09:09.916,6.32217,6.321540000000001,1,1
26.08.2021 01:09:10.079,6.32218,6.321530000000001,1,1
26.08.2021 01:09:10.499,6.3222000000000005,6.321540000000001,1,1
26.08.2021 01:09:10.600,6.32227,6.321540000000001,1,1
26.08.2021 01:09:10.700,6.32235,6.321540000000001,1.5,1.5
26.08.2021 01:09:11.071,6.32235,6.32167,1.5,1
26.08.2021 01:09:12.752,6.32239,6.32167,1.7,1
26.08.2021 01:09:12.942,6.322380000000001,6.32179,1,1
26.08.2021 01:09:16.683,6.3224,6.32179,1,1
26.08.2021 01:09:16.814,6.32245,6.3218000000000005,1.5,1
26.08.2021 01:09:17.437,6.32245,6.3217300000000005,1.5,1
26.08.2021 01:09:18.505,6.3224800000000005,6.32185,1.5,1
26.08.2021 01:09:23.485,6.32239,6.32176,1.7,1
26.08.2021 01:09:30.458,6.32246,6.32177,1.5,1
26.08.2021 01:09:30.833,6.322380000000001,6.32177,1.2,1
26.08.2021 01:09:30.971,6.322380000000001,6.32177,1.7,1
26.08.2021 01:09:31.279,6.32246,6.32177,1.5,1
26.08.2021 01:09:31.484,6.32247,6.32177,1.5,1
26.08.2021 01:09:44.538,6.3224800000000005,6.32177,1,1
26.08.2021 01:09:47.588,6.32247,6.32177,1,1
26.08.2021 01:09:52.225,6.32247,6.3218000000000005,1,1
26.08.2021 01:09:57.973,6.32257,6.3218000000000005,1,1.5
26.08.2021 01:09:58.074,6.32258,6.3219,1,1
26.08.2021 01:09:58.175,6.32247,6.32191,1,1
26.08.2021 01:10:00.187,6.32247,6.32183,1,1
26.08.2021 01:10:00.278,6.3224800000000005,6.321750000000001,1,1.5
26.08.2021 01:10:00.329,6.32235,6.321680000000001,1,1.5
26.08.2021 01:10:00.379,6.32235,6.321680000000001,1.5,1
26.08.2021 01:10:02.907,6.32236,6.3215900000000005,1.5,1
26.08.2021 01:10:03.007,6.32235,6.321630000000001,1.5,1
26.08.2021 01:10:03.170,6.322280000000001,6.32161,1.7,1
26.08.2021 01:10:03.762,6.32227,6.32161,1.62,1
26.08.2021 01:10:04.820,6.32227,6.32161,1.62,1
26.08.2021 01:10:05.046,6.32227,6.3216,1,1
26.08.2021 01:10:05.190,6.322280000000001,6.3216,1.62,1
26.08.2021 01:10:07.537,6.3223,6.32161,1.5,1
26.08.2021 01:10:12.162,6.322240000000001,6.32161,1.5,1
26.08.2021 01:10:14.455,6.322280000000001,6.32156,1.62,1
26.08.2021 01:10:16.751,6.32235,6.32157,1.5,1.5
26.08.2021 01:10:16.801,6.32235,6.32167,1.5,1
26.08.2021 01:10:16.902,6.32232,6.32167,1,1
26.08.2021 01:10:16.952,6.32237,6.32167,1,1
26.08.2021 01:10:17.132,6.32237,6.32167,1,1
26.08.2021 01:10:19.712,6.32237,6.32167,1,1
26.08.2021 01:10:19.866,6.32237,6.32167,1,1
26.08.2021 01:10:21.419,6.322280000000001,6.32167,1,1
26.08.2021 01:10:21.539,6.32237,6.32167,1,1
26.08.2021 01:10:21.614,6.32237,6.32167,1,1
26.08.2021 01:10:22.339,6.32237,6.321750000000001,1,1
26.08.2021 01:10:23.274,6.32237,6.321750000000001,1,1
26.08.2021 01:10:24.557,6.322380000000001,6.32174,1,1
26.08.2021 01:10:24.714,6.32237,6.32164,1,1.5
26.08.2021 01:10:24.764,6.32237,6.32164,1,1
26.08.2021 01:10:26.232,6.322280000000001,6.32164,1.7,1
26.08.2021 01:10:33.036,6.32227,6.321490000000001,1,1.5
26.08.2021 01:10:34.053,6.32227,6.321490000000001,1,1.5
26.08.2021 01:10:39.960,6.322280000000001,6.321490000000001,1.7,1.5
26.08.2021 01:10:40.060,6.32235,6.321530000000001,1.5,1
26.08.2021 01:10:40.211,6.32235,6.321530000000001,1.5,1
26.08.2021 01:10:40.806,6.32235,6.32172,1.5,1
26.08.2021 01:10:41.887,6.32227,6.32172,1,1
26.08.2021 01:10:42.088,6.32217,6.32172,1,1
26.08.2021 01:10:42.139,6.32217,6.32157,1,1
26.08.2021 01:10:42.272,6.322080000000001,6.32156,1,1
26.08.2021 01:10:42.373,6.32207,6.321440000000001,1,1
26.08.2021 01:10:42.474,6.322100000000001,6.321440000000001,1,1
26.08.2021 01:10:43.122,6.322100000000001,6.321400000000001,1,1.5
26.08.2021 01:10:46.064,6.32199,6.32139,1.2,1
26.08.2021 01:10:46.189,6.321980000000001,6.321400000000001,1.7,1
26.08.2021 01:10:46.337,6.32197,6.321400000000001,1,1
26.08.2021 01:10:47.627,6.321980000000001,6.32129,1,1
26.08.2021 01:10:47.677,6.32188,6.3213,1.7,1
26.08.2021 01:10:57.900,6.32187,6.321180000000001,1,1.5
26.08.2021 01:10:58.001,6.32197,6.32121,1,1
26.08.2021 01:11:00.179,6.321980000000001,6.3212,1,1.5
26.08.2021 01:11:08.362,6.32197,6.32136,1,1
26.08.2021 01:11:11.753,6.32197,6.32136,1,1
26.08.2021 01:11:11.904,6.321890000000001,6.321350000000001,1.7,1
26.08.2021 01:11:13.937,6.321890000000001,6.32129,1.7,1
26.08.2021 01:11:15.916,6.32197,6.3213,1,1
26.08.2021 01:11:17.556,6.32188,6.3213,1.2,1
26.08.2021 01:11:17.606,6.32188,6.3213,1.7,1
26.08.2021 01:11:28.470,6.32188,6.3212,1,1
26.08.2021 01:11:28.521,6.32178,6.32121,1.2,1
26.08.2021 01:11:28.622,6.32179,6.32111,1.7,1.12
26.08.2021 01:11:30.538,6.32178,6.321130000000001,1.7,1
26.08.2021 01:11:32.511,6.32177,6.321130000000001,1,1
26.08.2021 01:11:32.612,6.321680000000001,6.321040000000001,1.77,1
26.08.2021 01:11:32.713,6.32167,6.321040000000001,1,1
26.08.2021 01:11:36.580,6.32167,6.321040000000001,1,1
26.08.2021 01:11:36.731,6.321580000000001,6.321040000000001,1.2,1
26.08.2021 01:11:37.571,6.321580000000001,6.321040000000001,1.7,1
26.08.2021 01:11:42.610,6.3215900000000005,6.32097,1,1
26.08.2021 01:11:42.893,6.32157,6.32097,1,1
26.08.2021 01:11:43.879,6.321530000000001,6.32097,1,1
26.08.2021 01:11:44.755,6.321580000000001,6.32096,1,1
26.08.2021 01:11:47.367,6.32157,6.320860000000001,1,1
26.08.2021 01:11:47.567,6.321530000000001,6.320860000000001,1,1
26.08.2021 01:11:50.425,6.32157,6.320860000000001,1,1
26.08.2021 01:11:53.101,6.32148,6.320860000000001,1.7,1
26.08.2021 01:11:53.601,6.32148,6.320860000000001,1.2,1
26.08.2021 01:11:54.315,6.32148,6.320860000000001,1.7,1
26.08.2021 01:11:55.467,6.32148,6.32092,1.7,1
26.08.2021 01:11:55.678,6.32148,6.320930000000001,1.7,1
26.08.2021 01:11:57.534,6.32148,6.32092,1.7,1
26.08.2021 01:12:00.547,6.32148,6.32092,1.2,1
26.08.2021 01:12:00.857,6.321490000000001,6.3209100000000005,1.7,1
26.08.2021 01:12:18.383,6.321530000000001,6.32073,1,1.7
26.08.2021 01:12:18.434,6.32157,6.320740000000001,1,1.5
26.08.2021 01:12:18.545,6.321580000000001,6.32076,1.7,1
26.08.2021 01:12:18.950,6.321580000000001,6.32092,1.7,1
26.08.2021 01:12:20.005,6.321630000000001,6.32092,1,1.5
26.08.2021 01:12:20.105,6.321680000000001,6.32092,1,1.7
26.08.2021 01:12:20.156,6.32167,6.3211,1,1
26.08.2021 01:12:20.206,6.32178,6.3211,1.7,1
26.08.2021 01:12:20.257,6.32187,6.3211,1,1.5
26.08.2021 01:12:20.307,6.32179,6.3211,1,1.5
26.08.2021 01:12:20.732,6.32179,6.32116,1,1
26.08.2021 01:12:21.315,6.32182,6.32124,1,1
26.08.2021 01:12:21.377,6.32187,6.32124,1,1
26.08.2021 01:12:21.478,6.32197,6.32124,1,1.5
26.08.2021 01:12:24.402,6.32197,6.32134,1,1
26.08.2021 01:12:24.452,6.322030000000001,6.32134,1,1.5
26.08.2021 01:12:24.542,6.32207,6.32134,1,1.5
26.08.2021 01:12:24.722,6.32199,6.321330000000001,1.2,1
26.08.2021 01:12:24.873,6.321980000000001,6.32134,1.7,1
26.08.2021 01:12:31.196,6.32187,6.3212600000000005,1,1
26.08.2021 01:12:31.347,6.3219,6.32129,1,1
