Gmt time,Ask,Bid,AskVolume,BidVolume
30.08.2021 00:00:00.045,6.303680000000001,6.30243,1,1
30.08.2021 00:00:00.167,6.3036900000000005,6.30242,1,1
30.08.2021 00:00:00.402,6.30366,6.30243,1,1
30.08.2021 00:00:00.808,6.303630000000001,6.30246,1,1
30.08.2021 00:00:00.909,6.303630000000001,6.302440000000001,1,1
30.08.2021 00:00:01.062,6.30358,6.30234,1,1.5
30.08.2021 00:00:01.845,6.30358,6.30234,1,1.5
30.08.2021 00:00:05.797,6.30357,6.30243,1,1.5
30.08.2021 00:00:12.795,6.30357,6.30238,1,1.5
30.08.2021 00:00:13.708,6.30357,6.30243,1,1.2
30.08.2021 00:00:13.812,6.30357,6.30243,1,1.7
30.08.2021 00:00:13.925,6.303450000000001,6.30246,1.5,1
30.08.2021 00:00:14.522,6.303450000000001,6.30246,1.5,1.5
30.08.2021 00:00:24.603,6.303450000000001,6.30246,1,1
30.08.2021 00:00:24.946,6.303680000000001,6.30242,1.5,1.77
30.08.2021 00:00:25.432,6.30367,6.30243,1.5,1.77
30.08.2021 00:00:26.433,6.303680000000001,6.30242,1.25,1.77
30.08.2021 00:00:27.201,6.30346,6.30245,1,1.5
30.08.2021 00:00:27.434,6.303450000000001,6.30246,1,1
30.08.2021 00:00:28.626,6.30351,6.3025,1,1
30.08.2021 00:00:34.385,6.3035000000000005,6.30251,1.5,1
30.08.2021 00:00:34.611,6.3035000000000005,6.30251,1.5,1.5
30.08.2021 00:00:35.490,6.30353,6.3025400000000005,1.5,1
30.08.2021 00:00:35.541,6.30334,6.302350000000001,1.5,1.12
30.08.2021 00:00:35.591,6.30335,6.30234,1.5,1.12
30.08.2021 00:00:36.285,6.303230000000001,6.30224,1.5,1.5
30.08.2021 00:00:36.335,6.303230000000001,6.30224,1.5,1.12
30.08.2021 00:00:36.493,6.303230000000001,6.30224,1.5,1
30.08.2021 00:00:39.658,6.30313,6.3021400000000005,1.5,1
30.08.2021 00:00:39.709,6.30307,6.3021400000000005,1,1
30.08.2021 00:00:39.928,6.3030100000000004,6.30202,1.5,1.5
30.08.2021 00:00:41.317,6.3030100000000004,6.30202,1.5,1.5
30.08.2021 00:00:42.761,6.30287,6.30202,1,1
30.08.2021 00:00:44.618,6.30297,6.30202,1,1
30.08.2021 00:00:44.668,6.30287,6.30202,1,1
30.08.2021 00:00:44.833,6.302980000000001,6.30182,0.87,1
30.08.2021 00:00:46.531,6.3029,6.30191,1.5,1
30.08.2021 00:00:46.632,6.3029,6.30191,1.5,1
30.08.2021 00:00:46.683,6.30278,6.301830000000001,1.5,1
30.08.2021 00:00:46.763,6.30278,6.301830000000001,1.5,1.27
30.08.2021 00:00:46.864,6.30285,6.3018600000000005,1.5,1
30.08.2021 00:00:47.049,6.3028900000000005,6.301900000000001,1.5,1
30.08.2021 00:00:47.110,6.3028900000000005,6.301900000000001,1.5,1.5
30.08.2021 00:00:47.161,6.3028900000000005,6.301900000000001,1.5,1.5
30.08.2021 00:00:47.662,6.3028900000000005,6.3019300000000005,1.5,1
30.08.2021 00:00:49.479,6.3028900000000005,6.3019300000000005,1.5,1
30.08.2021 00:00:57.488,6.3028900000000005,6.30192,1.5,1
30.08.2021 00:00:57.594,6.30287,6.301830000000001,1,1
30.08.2021 00:00:58.148,6.302880000000001,6.30182,1,1
30.08.2021 00:00:58.250,6.30287,6.3019300000000005,1,1.2
30.08.2021 00:00:59.825,6.30287,6.301830000000001,1,1
30.08.2021 00:01:00.041,6.30287,6.3019300000000005,1,1.2
30.08.2021 00:01:00.091,6.30287,6.3019300000000005,1,1
30.08.2021 00:01:00.508,6.302880000000001,6.30182,1,1
30.08.2021 00:01:00.834,6.30287,6.301830000000001,1,1
30.08.2021 00:01:00.935,6.30278,6.30172,1,1
30.08.2021 00:01:01.591,6.30277,6.301780000000001,1.62,1
30.08.2021 00:01:02.439,6.3026800000000005,6.30177,1,1
30.08.2021 00:01:03.112,6.30267,6.301780000000001,1,1
30.08.2021 00:01:03.490,6.30267,6.30171,1,1
30.08.2021 00:01:06.210,6.30267,6.30171,1,1
30.08.2021 00:01:06.261,6.30257,6.30159,1,1.5
30.08.2021 00:01:06.361,6.30259,6.30162,1.5,1
30.08.2021 00:01:06.646,6.30267,6.30172,1,1
30.08.2021 00:01:07.353,6.3026800000000005,6.30171,1,1.5
30.08.2021 00:01:07.554,6.30267,6.30172,1,1
30.08.2021 00:01:07.745,6.3026800000000005,6.30171,1,1
30.08.2021 00:01:07.846,6.3026,6.30159,1.5,1.5
30.08.2021 00:01:07.897,6.30257,6.3016000000000005,1,1
30.08.2021 00:01:07.997,6.30257,6.3016000000000005,1,1.5
30.08.2021 00:01:11.127,6.302580000000001,6.30159,1,1.5
30.08.2021 00:01:29.237,6.30267,6.3017,1.62,1
30.08.2021 00:01:29.338,6.30278,6.301810000000001,1,1.5
30.08.2021 00:01:29.388,6.30281,6.30182,1.5,1.5
30.08.2021 00:01:29.502,6.30277,6.30182,1,1
30.08.2021 00:01:30.926,6.302700000000001,6.301730000000001,1.5,1
30.08.2021 00:01:30.977,6.302700000000001,6.301730000000001,1.5,1
30.08.2021 00:01:31.052,6.30271,6.30172,1.5,1
30.08.2021 00:01:31.153,6.30283,6.30184,1.5,1.5
30.08.2021 00:01:31.499,6.302840000000001,6.301900000000001,1.5,1
30.08.2021 00:01:31.977,6.30283,6.3019300000000005,1.5,1.27
30.08.2021 00:01:32.820,6.30283,6.3019300000000005,1.5,1
30.08.2021 00:01:35.846,6.30283,6.3019300000000005,1.5,1
30.08.2021 00:01:39.520,6.30283,6.3019300000000005,1.5,1
30.08.2021 00:01:39.571,6.30283,6.30192,1.5,1
30.08.2021 00:01:41.958,6.30283,6.30184,1.5,1.5
30.08.2021 00:01:45.109,6.30297,6.3019300000000005,1,1
30.08.2021 00:01:45.220,6.30306,6.30205,1.5,1.5
30.08.2021 00:01:45.321,6.303050000000001,6.302130000000001,1.12,1
30.08.2021 00:01:45.472,6.30327,6.302300000000001,1,1
30.08.2021 00:01:46.435,6.30317,6.302230000000001,1.62,1
30.08.2021 00:01:46.546,6.30307,6.302180000000001,1,1.5
30.08.2021 00:01:47.202,6.3030800000000005,6.30217,1,1.5
30.08.2021 00:01:48.124,6.30317,6.302180000000001,1.62,1.5
30.08.2021 00:01:48.281,6.30317,6.302180000000001,1.62,1.5
30.08.2021 00:01:48.735,6.30317,6.302180000000001,1.62,1.5
30.08.2021 00:01:52.418,6.30317,6.302230000000001,1,1
30.08.2021 00:01:54.770,6.30317,6.302230000000001,1,1.5
30.08.2021 00:01:54.820,6.303230000000001,6.30234,1.5,1
30.08.2021 00:01:54.871,6.30322,6.30243,1,1
30.08.2021 00:01:54.921,6.30322,6.30243,1,1
30.08.2021 00:01:54.972,6.30334,6.30243,1.5,1
30.08.2021 00:01:55.140,6.30334,6.30252,1.5,1
30.08.2021 00:01:56.415,6.30348,6.302530000000001,1,1
30.08.2021 00:01:56.516,6.30347,6.3025400000000005,1,1
30.08.2021 00:01:56.667,6.303380000000001,6.302530000000001,1,1
30.08.2021 00:01:56.773,6.30337,6.30243,1,1.5
30.08.2021 00:01:56.843,6.30337,6.30243,1,1.5
30.08.2021 00:01:57.668,6.30347,6.30259,1,1
30.08.2021 00:01:58.666,6.30347,6.302530000000001,1,1
30.08.2021 00:01:58.767,6.30347,6.302490000000001,1,1
30.08.2021 00:01:58.868,6.30327,6.30234,1,1.5
30.08.2021 00:01:58.918,6.30318,6.30233,1,1
30.08.2021 00:02:00.702,6.30317,6.30229,1,1
30.08.2021 00:02:04.194,6.30317,6.30229,1,1
30.08.2021 00:02:04.245,6.303190000000001,6.30229,1,1.5
30.08.2021 00:02:04.346,6.3032900000000005,6.30229,1.5,1
30.08.2021 00:02:04.446,6.30337,6.3024000000000004,1,1
30.08.2021 00:02:04.497,6.30327,6.3024000000000004,1,1
30.08.2021 00:02:04.678,6.30307,6.3024000000000004,1,1
30.08.2021 00:02:04.828,6.30297,6.3019300000000005,0.87,1
30.08.2021 00:02:04.879,6.30297,6.30212,1,1
30.08.2021 00:02:06.294,6.302880000000001,6.30211,1,1
30.08.2021 00:02:10.185,6.30287,6.30205,1,1
30.08.2021 00:02:16.002,6.30287,6.30205,1,1
30.08.2021 00:02:20.561,6.30287,6.301950000000001,1,1.12
30.08.2021 00:02:20.661,6.30294,6.301950000000001,1.5,1.5
30.08.2021 00:02:21.309,6.30294,6.30203,1.5,1.2
30.08.2021 00:02:21.359,6.30295,6.30194,1.5,1.5
30.08.2021 00:02:21.410,6.30294,6.3020000000000005,1.5,1
30.08.2021 00:02:22.000,6.30294,6.301950000000001,1.5,1.5
30.08.2021 00:02:26.030,6.30294,6.30203,1.5,1.2
30.08.2021 00:02:26.080,6.302980000000001,6.302040000000001,1,1.5
30.08.2021 00:02:26.194,6.303030000000001,6.302230000000001,1.5,1.2
30.08.2021 00:02:26.245,6.30317,6.3022,1,1.5
30.08.2021 00:02:26.295,6.3032,6.30222,1,1
30.08.2021 00:02:26.345,6.303280000000001,6.30234,1,1.5
30.08.2021 00:02:26.396,6.30334,6.302350000000001,1.5,1.5
30.08.2021 00:02:26.529,6.30348,6.30257,1,1
30.08.2021 00:02:28.212,6.30346,6.30247,1.5,1.5
30.08.2021 00:02:39.905,6.30337,6.30247,1,1
30.08.2021 00:02:39.955,6.30334,6.302350000000001,1.5,1.5
30.08.2021 00:02:40.056,6.30335,6.30242,1.5,1
30.08.2021 00:02:41.934,6.30334,6.30243,1.5,1
30.08.2021 00:03:01.929,6.3034,6.302390000000001,1.5,1.5
30.08.2021 00:03:01.980,6.3034,6.302390000000001,1.5,1
30.08.2021 00:03:02.052,6.30352,6.30219,1.5,1
30.08.2021 00:03:02.153,6.30327,6.302300000000001,1,1
30.08.2021 00:03:05.641,6.30326,6.30227,1.5,1
30.08.2021 00:03:05.850,6.30318,6.30226,1,1
30.08.2021 00:03:11.610,6.30317,6.3022,1,1.5
30.08.2021 00:03:21.253,6.30317,6.3022,1,1.5
30.08.2021 00:03:21.315,6.30317,6.3022,1,1.5
30.08.2021 00:03:45.310,6.30313,6.302230000000001,1.5,1
30.08.2021 00:03:45.361,6.30326,6.30227,1.12,1.5
30.08.2021 00:03:45.411,6.30331,6.302440000000001,1.5,1.5
30.08.2021 00:03:45.462,6.30331,6.302440000000001,1,1.5
30.08.2021 00:03:45.512,6.30348,6.30256,1.5,1.5
30.08.2021 00:03:45.562,6.30348,6.30256,1,1.5
30.08.2021 00:03:45.613,6.30356,6.30257,1.62,1.5
30.08.2021 00:03:48.663,6.30367,6.3027500000000005,1,1.5
30.08.2021 00:03:48.817,6.30374,6.302880000000001,1,1.5
30.08.2021 00:03:48.867,6.303780000000001,6.302880000000001,1,1.5
30.08.2021 00:03:49.124,6.30397,6.303030000000001,1,1.5
30.08.2021 00:04:05.016,6.30377,6.30273,1,1
30.08.2021 00:04:05.135,6.30377,6.30281,1,1.5
30.08.2021 00:04:05.247,6.303780000000001,6.3028,1,1.5
30.08.2021 00:04:05.348,6.30377,6.30281,1,1
30.08.2021 00:04:05.580,6.303780000000001,6.3028,1,1
30.08.2021 00:04:10.640,6.303800000000001,6.30281,1.5,1.12
30.08.2021 00:04:10.690,6.30384,6.30294,1,1.5
30.08.2021 00:04:10.805,6.303980000000001,6.30304,1,1
30.08.2021 00:04:11.139,6.30381,6.303050000000001,1,1
30.08.2021 00:04:11.780,6.303980000000001,6.30304,1,1
30.08.2021 00:04:16.401,6.303980000000001,6.303030000000001,1,1
30.08.2021 00:04:16.551,6.30397,6.30304,1,1.5
30.08.2021 00:04:16.602,6.30402,6.30304,1,1.5
30.08.2021 00:04:16.652,6.304030000000001,6.30304,1.5,1.5
30.08.2021 00:04:16.703,6.30407,6.30318,1,1.5
30.08.2021 00:04:29.055,6.30417,6.303190000000001,1,1.5
30.08.2021 00:04:29.194,6.30417,6.303190000000001,1,1.5
30.08.2021 00:04:36.084,6.30417,6.303230000000001,1,1
30.08.2021 00:04:42.284,6.30417,6.303230000000001,1,1
30.08.2021 00:04:51.133,6.30417,6.303230000000001,1,1
30.08.2021 00:04:51.234,6.30417,6.30313,1,1
30.08.2021 00:04:51.284,6.30417,6.30313,1,1
30.08.2021 00:04:52.095,6.30417,6.303230000000001,1,1
30.08.2021 00:04:52.316,6.30417,6.303230000000001,1,1
30.08.2021 00:05:13.629,6.30417,6.3032900000000005,1,1
30.08.2021 00:05:21.257,6.30417,6.3032900000000005,1,1.5
30.08.2021 00:05:25.707,6.30427,6.3032900000000005,1,1.5
30.08.2021 00:05:32.252,6.30427,6.3033,1,1
30.08.2021 00:05:34.800,6.30428,6.30332,1,1
30.08.2021 00:05:34.850,6.30428,6.303330000000001,1.5,1
30.08.2021 00:05:34.957,6.30447,6.30351,1,1.5
30.08.2021 00:05:48.452,6.3045,6.303630000000001,1.5,1.2
30.08.2021 00:05:48.503,6.3045,6.30353,1,1
30.08.2021 00:05:48.576,6.304690000000001,6.30353,1,1
30.08.2021 00:05:48.677,6.304830000000001,6.30382,1.5,1
30.08.2021 00:05:48.727,6.30482,6.3038300000000005,1.5,1.5
30.08.2021 00:05:49.180,6.30482,6.3038300000000005,1.5,1.65
30.08.2021 00:05:53.239,6.30482,6.3038300000000005,1.5,1.62
30.08.2021 00:05:53.289,6.30481,6.30395,1,1.5
30.08.2021 00:05:53.340,6.30489,6.303940000000001,1,1.5
30.08.2021 00:05:53.552,6.304950000000001,6.30402,1.5,1
30.08.2021 00:05:54.024,6.304950000000001,6.30402,1.5,1
30.08.2021 00:05:54.131,6.30494,6.30395,1.5,1.5
30.08.2021 00:05:54.236,6.30494,6.30395,1.5,1
30.08.2021 00:05:54.337,6.30485,6.30386,1.5,1.5
30.08.2021 00:05:56.691,6.30467,6.30386,1,1
30.08.2021 00:06:05.814,6.30477,6.303850000000001,1,1
30.08.2021 00:06:09.829,6.30477,6.30386,1,1
30.08.2021 00:06:12.088,6.30477,6.30386,1,1
30.08.2021 00:06:12.238,6.30467,6.30375,1,1
30.08.2021 00:06:12.339,6.30457,6.303630000000001,1,1.27
30.08.2021 00:06:12.439,6.30447,6.3036,1,1
30.08.2021 00:06:17.689,6.304480000000001,6.30351,1,1.5
30.08.2021 00:06:20.429,6.30447,6.30358,1,1
30.08.2021 00:06:21.262,6.30447,6.30358,1,1.5
30.08.2021 00:06:24.484,6.30457,6.303630000000001,1.62,1.2
30.08.2021 00:06:24.534,6.3045800000000005,6.30357,1.62,1.5
30.08.2021 00:06:24.996,6.3045800000000005,6.30367,1,1
30.08.2021 00:06:25.563,6.30455,6.303680000000001,1,1.5
30.08.2021 00:06:25.614,6.3047,6.303730000000001,1.5,1
30.08.2021 00:06:25.777,6.30477,6.303850000000001,1,1.5
30.08.2021 00:06:25.928,6.30487,6.30396,1,1
30.08.2021 00:06:30.105,6.30487,6.30396,1,1
30.08.2021 00:06:30.155,6.30482,6.3038300000000005,1.5,1.62
30.08.2021 00:06:30.205,6.304780000000001,6.30382,1,1.5
30.08.2021 00:06:47.729,6.30477,6.303850000000001,1,1
30.08.2021 00:06:47.787,6.30477,6.303850000000001,1,1.5
30.08.2021 00:06:47.838,6.30477,6.303850000000001,1,1
30.08.2021 00:06:47.888,6.30477,6.303850000000001,1,1.5
30.08.2021 00:07:00.349,6.30477,6.3038300000000005,1,1.5
30.08.2021 00:07:03.677,6.30477,6.3038300000000005,1,1.5
30.08.2021 00:07:03.727,6.30477,6.3038300000000005,1,1.12
30.08.2021 00:07:03.778,6.30472,6.303730000000001,1.5,2.02
30.08.2021 00:07:03.879,6.30457,6.303630000000001,1,1
30.08.2021 00:07:04.219,6.30447,6.30361,1,1
30.08.2021 00:07:05.346,6.304480000000001,6.3036,1,1
30.08.2021 00:07:07.051,6.30447,6.30361,1,1
30.08.2021 00:07:12.697,6.30447,6.30361,1,1
30.08.2021 00:07:15.585,6.30447,6.30356,1,1
30.08.2021 00:07:35.132,6.30447,6.30357,1,1
30.08.2021 00:07:36.551,6.30447,6.30357,1,1
30.08.2021 00:07:58.141,6.30447,6.3034300000000005,1,1
30.08.2021 00:08:05.355,6.30456,6.30357,1.5,1
30.08.2021 00:08:27.143,6.30455,6.30356,1.5,1
30.08.2021 00:08:35.236,6.30447,6.30356,1,1
30.08.2021 00:08:35.286,6.30447,6.30356,1,1
30.08.2021 00:08:47.861,6.30455,6.30356,1.5,1.5
30.08.2021 00:08:47.911,6.30455,6.30356,1.5,1
30.08.2021 00:08:47.961,6.30455,6.30356,1.5,1.5
30.08.2021 00:09:01.267,6.304390000000001,6.30353,1,1
30.08.2021 00:09:04.679,6.30447,6.30353,1,1
30.08.2021 00:09:07.818,6.30447,6.30356,1,1
30.08.2021 00:09:20.910,6.30447,6.30361,1,1
30.08.2021 00:09:31.770,6.304480000000001,6.3036,1,1
30.08.2021 00:09:31.820,6.304390000000001,6.30355,1.5,1
30.08.2021 00:09:31.871,6.304390000000001,6.30358,1.5,1
30.08.2021 00:09:31.921,6.304390000000001,6.30358,1,1
30.08.2021 00:09:43.186,6.304430000000001,6.30358,1,1.12
30.08.2021 00:09:48.831,6.3044400000000005,6.30358,1,1.12
30.08.2021 00:09:55.848,6.30445,6.30357,1,1.62
30.08.2021 00:09:55.948,6.3044400000000005,6.30358,1,1.12
30.08.2021 00:10:10.621,6.3044400000000005,6.303630000000001,1,1
30.08.2021 00:10:24.134,6.3044400000000005,6.303630000000001,1.5,1
30.08.2021 00:10:26.702,6.3044400000000005,6.30358,1.5,1.12
30.08.2021 00:10:28.429,6.3044400000000005,6.30358,1,1.12
30.08.2021 00:10:40.815,6.30447,6.30353,1,1.2
30.08.2021 00:10:43.163,6.30447,6.30353,1,1
30.08.2021 00:10:46.255,6.304480000000001,6.30352,1,1.27
30.08.2021 00:10:57.148,6.30447,6.30358,1,1
30.08.2021 00:10:57.722,6.30447,6.30357,1,1
30.08.2021 00:11:20.116,6.30447,6.30357,1,1
30.08.2021 00:11:22.019,6.30447,6.30357,1,1
30.08.2021 00:11:25.486,6.304480000000001,6.30356,1,1
30.08.2021 00:11:26.045,6.30447,6.30357,1,1
30.08.2021 00:11:39.206,6.304390000000001,6.30357,1,1
30.08.2021 00:11:39.590,6.30437,6.30344,1,1
30.08.2021 00:11:39.841,6.30417,6.3032900000000005,1,1
30.08.2021 00:11:40.722,6.304180000000001,6.3033,1,1
30.08.2021 00:11:41.796,6.30417,6.30331,1,1
30.08.2021 00:11:42.201,6.30417,6.303280000000001,1,1.12
30.08.2021 00:11:46.265,6.30417,6.303280000000001,1,1
30.08.2021 00:11:46.366,6.304080000000001,6.303140000000001,1,1
30.08.2021 00:11:46.995,6.304,6.3031500000000005,1,1.5
30.08.2021 00:11:47.045,6.30407,6.30322,1,1
30.08.2021 00:11:47.146,6.30417,6.3033,1,1
30.08.2021 00:11:48.832,6.30407,6.3032,1,1
30.08.2021 00:11:49.089,6.304180000000001,6.30317,1.62,1.5
30.08.2021 00:11:49.139,6.30407,6.30318,1,1
30.08.2021 00:11:50.223,6.30407,6.30318,1,1
30.08.2021 00:11:50.374,6.30397,6.30313,1,1.2
30.08.2021 00:11:51.168,6.30397,6.3030800000000005,1,1.5
30.08.2021 00:11:51.997,6.30407,6.3030800000000005,1.62,1.5
30.08.2021 00:11:52.167,6.30407,6.303190000000001,1,1
30.08.2021 00:11:52.657,6.303980000000001,6.30304,1,1.5
30.08.2021 00:11:56.767,6.30397,6.303050000000001,1,1.5
30.08.2021 00:12:09.381,6.30388,6.303050000000001,1.2,1.5
30.08.2021 00:12:11.467,6.30388,6.303050000000001,1.7,1.5
30.08.2021 00:12:13.898,6.303780000000001,6.302930000000001,1.2,1
30.08.2021 00:12:14.208,6.303780000000001,6.30283,1.2,1
30.08.2021 00:12:14.280,6.30387,6.30283,1,1
30.08.2021 00:12:19.401,6.303890000000001,6.30292,1.7,1
30.08.2021 00:12:19.502,6.303980000000001,6.30292,1,1
30.08.2021 00:12:19.552,6.30388,6.302930000000001,1.2,1
30.08.2021 00:12:25.050,6.30397,6.303050000000001,1,1.5
30.08.2021 00:12:27.773,6.30388,6.303050000000001,1.2,1.5
30.08.2021 00:12:28.779,6.30397,6.303050000000001,1,1.5
30.08.2021 00:12:44.934,6.30388,6.30304,1.7,1.5
30.08.2021 00:12:48.790,6.30397,6.303030000000001,1,1.5
30.08.2021 00:12:52.196,6.30397,6.303030000000001,1,1.5
30.08.2021 00:12:52.955,6.30397,6.30307,1,1
30.08.2021 00:13:05.575,6.303980000000001,6.303030000000001,1,1.12
30.08.2021 00:13:14.078,6.30387,6.30304,1,1
30.08.2021 00:13:14.129,6.30387,6.302930000000001,1,1
30.08.2021 00:13:27.191,6.30397,6.302930000000001,1,1
30.08.2021 00:13:27.342,6.30407,6.30331,1,1
30.08.2021 00:13:27.392,6.3041100000000005,6.30331,1,1
30.08.2021 00:13:27.494,6.30417,6.30331,1,1
30.08.2021 00:13:29.189,6.30417,6.303330000000001,1,1
30.08.2021 00:13:56.297,6.30417,6.303330000000001,1,1.5
30.08.2021 00:13:58.958,6.30417,6.30325,1,1
30.08.2021 00:13:59.880,6.30417,6.303230000000001,1,1
30.08.2021 00:13:59.931,6.30417,6.303330000000001,1,1
30.08.2021 00:14:02.239,6.30417,6.303330000000001,1,1
30.08.2021 00:14:09.927,6.30428,6.3034,1,1
30.08.2021 00:14:10.795,6.30427,6.30341,1,1
30.08.2021 00:14:11.047,6.30427,6.30353,1.12,1.2
30.08.2021 00:14:11.198,6.30427,6.30353,1,1
30.08.2021 00:14:13.312,6.304480000000001,6.30352,1,1
30.08.2021 00:14:13.363,6.3044400000000005,6.30352,1,1
30.08.2021 00:14:13.515,6.304430000000001,6.303640000000001,1,1
30.08.2021 00:14:15.622,6.304430000000001,6.30353,1,1
30.08.2021 00:14:15.673,6.30447,6.30348,1.5,1
30.08.2021 00:14:15.774,6.30436,6.30337,1.5,1
30.08.2021 00:14:19.408,6.30417,6.30337,1,1
30.08.2021 00:14:19.509,6.30407,6.30337,1,1
30.08.2021 00:14:20.389,6.30407,6.30322,1,1.12
30.08.2021 00:14:20.439,6.30407,6.30322,1,1
30.08.2021 00:14:20.721,6.30397,6.303140000000001,1,1
30.08.2021 00:14:20.848,6.30397,6.303140000000001,1,1
30.08.2021 00:14:21.172,6.303890000000001,6.30306,1,1.5
30.08.2021 00:14:21.555,6.30396,6.30297,1.5,1.5
30.08.2021 00:14:28.282,6.30397,6.3030800000000005,1,1
30.08.2021 00:14:28.349,6.30397,6.3030800000000005,1,1.12
30.08.2021 00:14:32.790,6.30397,6.302960000000001,1.5,1.5
30.08.2021 00:14:37.400,6.304080000000001,6.30307,1.62,1
30.08.2021 00:14:39.380,6.30388,6.30322,1.5,1
30.08.2021 00:14:53.876,6.3039000000000005,6.303240000000001,1.5,1
30.08.2021 00:15:01.653,6.30396,6.3033,1.5,1
30.08.2021 00:15:01.703,6.30396,6.3033,1,1
30.08.2021 00:15:01.754,6.3041,6.303450000000001,1,1
30.08.2021 00:15:01.804,6.30412,6.30346,1.5,1
30.08.2021 00:15:02.073,6.30412,6.30346,1,1
30.08.2021 00:15:02.224,6.30427,6.30361,1.5,1
30.08.2021 00:15:02.274,6.30412,6.30344,1,1
30.08.2021 00:15:08.239,6.304200000000001,6.30355,1.5,1
30.08.2021 00:15:18.614,6.3041100000000005,6.30346,1,1
30.08.2021 00:15:26.424,6.30427,6.303230000000001,1,1
30.08.2021 00:15:26.553,6.30402,6.30337,1,1
30.08.2021 00:15:32.155,6.30406,6.30341,1,1
30.08.2021 00:16:08.358,6.30407,6.3034,1.5,1
30.08.2021 00:16:08.408,6.30406,6.30341,1,1
30.08.2021 00:16:08.459,6.30406,6.30341,1.5,1
30.08.2021 00:16:08.509,6.303980000000001,6.303330000000001,1.12,1
30.08.2021 00:16:08.559,6.303990000000001,6.30332,1.5,1
30.08.2021 00:16:08.729,6.30387,6.30322,1,1
30.08.2021 00:16:10.074,6.30387,6.30322,1.5,1
30.08.2021 00:16:10.213,6.30387,6.30322,1.5,1
30.08.2021 00:16:10.542,6.30388,6.30321,1.5,1
30.08.2021 00:16:10.598,6.30387,6.30322,1,1
30.08.2021 00:16:10.655,6.30382,6.30317,1,1
30.08.2021 00:16:10.876,6.303800000000001,6.30313,1,1
30.08.2021 00:16:13.773,6.3037,6.303050000000001,1,1
30.08.2021 00:16:17.301,6.3037600000000005,6.30311,1,1
30.08.2021 00:16:26.142,6.30382,6.30317,1,1
30.08.2021 00:16:49.675,6.30395,6.3033,1,1
30.08.2021 00:16:51.228,6.303940000000001,6.3033,1,1
30.08.2021 00:16:51.293,6.30382,6.30317,1,1
30.08.2021 00:16:54.251,6.30372,6.30307,1,1
30.08.2021 00:16:58.589,6.30366,6.3030100000000004,1,1
30.08.2021 00:17:02.043,6.30367,6.303,1.5,1
30.08.2021 00:17:08.169,6.303590000000001,6.30294,1,1
30.08.2021 00:17:08.270,6.3035000000000005,6.30285,1.5,1
30.08.2021 00:17:08.321,6.3035000000000005,6.30285,1.5,1
30.08.2021 00:17:09.206,6.30344,6.302790000000001,1,1
30.08.2021 00:17:11.569,6.30344,6.302790000000001,1.5,1
30.08.2021 00:17:15.297,6.303450000000001,6.30278,1.5,1
30.08.2021 00:17:18.153,6.303450000000001,6.30278,1,1
30.08.2021 00:17:18.315,6.30351,6.302840000000001,1.5,1
30.08.2021 00:17:18.416,6.3035000000000005,6.30285,1,1
30.08.2021 00:17:19.225,6.30356,6.30291,1,1
30.08.2021 00:17:20.148,6.3036200000000004,6.30297,1,1
30.08.2021 00:17:29.972,6.303680000000001,6.303030000000001,1.5,1
30.08.2021 00:17:30.076,6.303680000000001,6.303030000000001,1.5,1
30.08.2021 00:17:32.275,6.30351,6.30286,1,1.5
30.08.2021 00:17:33.132,6.30358,6.302930000000001,1,1
30.08.2021 00:17:35.869,6.30351,6.30286,1,1.5
30.08.2021 00:17:36.805,6.30351,6.30286,1,1
30.08.2021 00:17:41.055,6.30355,6.30292,1,1
30.08.2021 00:17:41.174,6.30356,6.30291,1,1
30.08.2021 00:17:44.041,6.3036,6.302930000000001,1,1
30.08.2021 00:18:02.035,6.303590000000001,6.30294,1.5,1
30.08.2021 00:18:02.748,6.303590000000001,6.30294,1.5,1
30.08.2021 00:18:02.799,6.30367,6.302630000000001,1,1
30.08.2021 00:18:07.565,6.303780000000001,6.30272,1,1
30.08.2021 00:18:19.347,6.30353,6.302880000000001,1,1
30.08.2021 00:18:35.038,6.30377,6.30273,1,1
30.08.2021 00:18:35.331,6.303780000000001,6.30272,1,1
30.08.2021 00:18:43.920,6.30346,6.30281,1.5,1
30.08.2021 00:18:44.071,6.30331,6.30266,1.5,1
30.08.2021 00:18:44.222,6.30331,6.30266,1,1
30.08.2021 00:18:44.272,6.30325,6.3026,1,1
30.08.2021 00:18:44.378,6.30317,6.30252,1,1
30.08.2021 00:18:47.798,6.30317,6.30252,1,1.5
30.08.2021 00:18:47.906,6.30317,6.30252,1,1
30.08.2021 00:18:51.877,6.30322,6.30255,1.12,1
30.08.2021 00:18:52.117,6.30321,6.30256,1.5,1
30.08.2021 00:18:52.218,6.30322,6.30255,1.5,1
30.08.2021 00:18:52.389,6.30321,6.30256,1.5,1
30.08.2021 00:18:53.899,6.303100000000001,6.30245,1,1
30.08.2021 00:18:57.136,6.303190000000001,6.3025400000000005,1,1
30.08.2021 00:19:02.225,6.303190000000001,6.3025400000000005,1.5,1
30.08.2021 00:19:02.326,6.303190000000001,6.3025400000000005,1.5,1
30.08.2021 00:19:02.617,6.30311,6.302440000000001,1,1
30.08.2021 00:19:02.718,6.302980000000001,6.30233,1,1.62
30.08.2021 00:19:04.242,6.30309,6.302440000000001,1,1
30.08.2021 00:19:05.141,6.30309,6.302440000000001,1.5,1
30.08.2021 00:19:05.507,6.303030000000001,6.30236,1,1
30.08.2021 00:19:05.807,6.30292,6.30225,1,1.5
30.08.2021 00:19:05.913,6.30299,6.30234,1,1
30.08.2021 00:19:13.496,6.30307,6.30242,1,1
30.08.2021 00:19:13.675,6.302980000000001,6.30233,1,1
30.08.2021 00:19:14.549,6.30299,6.30232,1.5,1
30.08.2021 00:19:14.700,6.30299,6.30232,1.5,1
30.08.2021 00:19:14.843,6.30307,6.3021400000000005,1,1
30.08.2021 00:19:14.893,6.30285,6.3022,1,1
30.08.2021 00:19:16.012,6.302840000000001,6.30217,1,1
30.08.2021 00:19:16.113,6.30283,6.302180000000001,1.5,1
30.08.2021 00:19:16.163,6.302700000000001,6.30205,1,1
30.08.2021 00:19:26.983,6.302700000000001,6.30205,1,1.5
30.08.2021 00:19:27.084,6.30285,6.3022,1,1
30.08.2021 00:19:27.258,6.302930000000001,6.3022800000000005,1.12,1
30.08.2021 00:19:27.359,6.302930000000001,6.3022800000000005,1,1.5
30.08.2021 00:19:27.704,6.30295,6.302300000000001,1,1.5
30.08.2021 00:19:32.269,6.30302,6.302350000000001,1,1
30.08.2021 00:19:51.654,6.303050000000001,6.3024000000000004,1.5,1
30.08.2021 00:19:57.295,6.303050000000001,6.302390000000001,1,1
30.08.2021 00:19:58.206,6.30306,6.302390000000001,1,1
30.08.2021 00:20:00.905,6.30307,6.30243,1,1
30.08.2021 00:20:02.483,6.3030800000000005,6.30243,1,1
30.08.2021 00:20:08.725,6.30309,6.302440000000001,1,1
30.08.2021 00:20:08.855,6.30321,6.30256,1,1
30.08.2021 00:20:27.597,6.30331,6.30243,1,1
30.08.2021 00:20:31.706,6.303330000000001,6.30242,1,1
30.08.2021 00:20:32.035,6.303330000000001,6.30243,1,1
30.08.2021 00:20:33.233,6.3033,6.302630000000001,1,1
30.08.2021 00:20:45.990,6.30325,6.3026,1,1
30.08.2021 00:20:48.299,6.30325,6.3026,1.5,1
30.08.2021 00:20:48.400,6.30325,6.3026,1.5,1
30.08.2021 00:20:48.545,6.30325,6.3026,1.5,1
30.08.2021 00:20:49.705,6.303100000000001,6.30245,1,1
30.08.2021 00:20:52.273,6.30312,6.30247,1.12,1
30.08.2021 00:20:53.118,6.30313,6.30246,1.5,1
30.08.2021 00:20:53.495,6.30313,6.30246,1.5,1
30.08.2021 00:20:53.546,6.303030000000001,6.30238,1.5,1
30.08.2021 00:20:53.646,6.30291,6.30226,1.5,1
30.08.2021 00:20:54.229,6.302790000000001,6.3021400000000005,1,1
30.08.2021 00:20:58.114,6.302790000000001,6.3021400000000005,1.5,1
30.08.2021 00:20:59.153,6.30271,6.30206,1,1
30.08.2021 00:21:01.115,6.302790000000001,6.3021400000000005,1.5,1
30.08.2021 00:21:03.919,6.30272,6.30207,1,1
30.08.2021 00:21:08.740,6.30272,6.30207,1.5,1
30.08.2021 00:21:08.791,6.30264,6.30197,1.5,1
30.08.2021 00:21:09.894,6.302630000000001,6.30198,1.5,1
30.08.2021 00:21:12.143,6.3025400000000005,6.30187,1,1
30.08.2021 00:21:20.064,6.302490000000001,6.30184,1,1
30.08.2021 00:21:31.776,6.30243,6.301780000000001,1,1.5
30.08.2021 00:21:31.827,6.30243,6.301780000000001,1,1
30.08.2021 00:21:39.723,6.3026800000000005,6.30162,1,1
30.08.2021 00:21:39.773,6.302350000000001,6.3017,1,1
30.08.2021 00:21:40.778,6.30232,6.30167,1,1.5
30.08.2021 00:21:41.239,6.30243,6.301780000000001,1,1
30.08.2021 00:21:43.691,6.302350000000001,6.3017,1,1
30.08.2021 00:21:50.950,6.3022800000000005,6.30163,1,1
30.08.2021 00:21:59.347,6.302350000000001,6.3017,1.5,1
30.08.2021 00:22:01.237,6.3022800000000005,6.30161,1,1
30.08.2021 00:22:08.277,6.30231,6.30166,1,1
30.08.2021 00:22:09.227,6.302390000000001,6.301740000000001,1.5,1
30.08.2021 00:22:10.171,6.3024000000000004,6.301730000000001,1,1.5
30.08.2021 00:22:10.613,6.302480000000001,6.301830000000001,1.5,1
30.08.2021 00:22:12.304,6.302480000000001,6.301830000000001,1.5,1
30.08.2021 00:22:12.695,6.302480000000001,6.301830000000001,1,1
30.08.2021 00:22:15.806,6.30245,6.3018,1,1
30.08.2021 00:22:24.509,6.30245,6.301830000000001,1,1.2
30.08.2021 00:22:24.610,6.30246,6.3017900000000004,1,1
30.08.2021 00:22:24.847,6.30267,6.301730000000001,1,1
30.08.2021 00:22:27.798,6.30267,6.301730000000001,1,1
30.08.2021 00:22:31.736,6.30252,6.30187,1.5,1
30.08.2021 00:22:31.787,6.30252,6.30187,1.5,1
30.08.2021 00:22:33.810,6.3026800000000005,6.30162,1,1
30.08.2021 00:22:33.940,6.302440000000001,6.30177,1.5,1
30.08.2021 00:22:36.610,6.30243,6.301780000000001,1,1
30.08.2021 00:22:37.008,6.302490000000001,6.30184,1.12,1
30.08.2021 00:22:37.392,6.30243,6.301780000000001,1,1
30.08.2021 00:22:37.545,6.30232,6.30167,1,1
30.08.2021 00:22:38.125,6.302390000000001,6.301740000000001,1.5,1
30.08.2021 00:22:38.317,6.3024000000000004,6.301730000000001,1.5,1
30.08.2021 00:22:39.033,6.302390000000001,6.301740000000001,1.5,1
30.08.2021 00:22:39.685,6.302390000000001,6.301740000000001,1.5,1
30.08.2021 00:22:39.975,6.30231,6.30166,1,1
30.08.2021 00:22:40.591,6.30231,6.30166,1,1.5
30.08.2021 00:22:41.828,6.30247,6.30182,1.5,1
30.08.2021 00:22:44.805,6.30247,6.30182,1,1
30.08.2021 00:22:54.175,6.302480000000001,6.30182,1,1
30.08.2021 00:22:54.303,6.30247,6.30182,1,1
30.08.2021 00:22:57.812,6.30247,6.30182,1.5,1
30.08.2021 00:22:57.912,6.302390000000001,6.301740000000001,1,1
30.08.2021 00:23:00.906,6.30236,6.30171,1,1
30.08.2021 00:23:09.613,6.302440000000001,6.3017900000000004,1,1
30.08.2021 00:23:13.484,6.30245,6.301780000000001,1.5,1
30.08.2021 00:23:13.685,6.30238,6.301730000000001,1,1
30.08.2021 00:23:14.709,6.30238,6.301730000000001,1.5,1
30.08.2021 00:23:16.374,6.30238,6.301730000000001,1.5,1
30.08.2021 00:23:17.750,6.302300000000001,6.30163,1,1
30.08.2021 00:23:18.409,6.302230000000001,6.30158,1,1
30.08.2021 00:23:18.816,6.30229,6.301640000000001,1.5,1
30.08.2021 00:23:18.917,6.302300000000001,6.30163,1,1
30.08.2021 00:23:25.976,6.30224,6.30159,1,1
30.08.2021 00:23:28.670,6.30233,6.30168,1.5,1
30.08.2021 00:23:29.539,6.30233,6.30168,1.5,1
30.08.2021 00:23:30.766,6.30233,6.30168,1.5,1
30.08.2021 00:23:31.275,6.30233,6.30168,1.5,1
30.08.2021 00:23:34.852,6.30224,6.30159,1,1
30.08.2021 00:23:49.597,6.30227,6.30162,1.5,1
30.08.2021 00:24:03.882,6.302300000000001,6.30163,1.5,1
30.08.2021 00:24:04.581,6.30229,6.301640000000001,1.5,1
30.08.2021 00:24:04.819,6.30238,6.30142,1,1
30.08.2021 00:24:07.296,6.30237,6.301430000000001,1,1
30.08.2021 00:24:09.551,6.30225,6.30158,1,1
30.08.2021 00:24:13.627,6.30224,6.30159,1.5,1
30.08.2021 00:24:13.728,6.30216,6.30151,1,1
30.08.2021 00:24:13.829,6.3021,6.30145,1,1
30.08.2021 00:24:15.155,6.302080000000001,6.301430000000001,1,1
30.08.2021 00:24:23.423,6.30205,6.3014,1,1
30.08.2021 00:24:26.891,6.302130000000001,6.301480000000001,1,1.5
30.08.2021 00:24:27.009,6.302130000000001,6.301480000000001,1,1
30.08.2021 00:24:31.159,6.302130000000001,6.301480000000001,1,1.5
30.08.2021 00:24:31.303,6.302130000000001,6.3015300000000005,1,1.2
30.08.2021 00:24:31.439,6.302130000000001,6.301480000000001,1,1.5
30.08.2021 00:24:32.775,6.302130000000001,6.3015300000000005,1,1.2
30.08.2021 00:24:32.826,6.302300000000001,6.30165,1.5,1
30.08.2021 00:24:32.930,6.30231,6.301640000000001,1.5,1
30.08.2021 00:24:33.031,6.302300000000001,6.30165,1.5,1
30.08.2021 00:24:33.260,6.302300000000001,6.30165,1.5,1
30.08.2021 00:24:33.311,6.3021400000000005,6.30149,1,1
30.08.2021 00:24:33.821,6.30222,6.30157,1.5,1
30.08.2021 00:24:35.000,6.30222,6.30157,1,1
30.08.2021 00:24:35.545,6.30222,6.30157,1.5,1
30.08.2021 00:24:42.794,6.30222,6.30157,1,1
30.08.2021 00:24:46.110,6.30225,6.3016000000000005,1.12,1
30.08.2021 00:24:48.921,6.30222,6.30157,1,1
30.08.2021 00:24:54.984,6.30216,6.30151,1.5,1
30.08.2021 00:24:55.084,6.30205,6.301380000000001,1,1
30.08.2021 00:24:55.320,6.30197,6.30132,1,1
30.08.2021 00:25:03.255,6.302080000000001,6.30136,1.5,1
30.08.2021 00:25:10.827,6.30217,6.30123,1,1
30.08.2021 00:25:20.837,6.30217,6.30135,1.5,1
30.08.2021 00:25:22.635,6.30216,6.30136,1.5,1
30.08.2021 00:25:28.640,6.30216,6.30136,1.5,1
30.08.2021 00:25:28.691,6.30216,6.30136,1.5,1
30.08.2021 00:25:28.835,6.30216,6.30136,1.5,1
30.08.2021 00:25:28.935,6.30207,6.3010600000000005,1,1
30.08.2021 00:25:28.985,6.30205,6.3012500000000005,1.5,1
30.08.2021 00:25:29.144,6.30197,6.30117,1.62,1
30.08.2021 00:25:31.147,6.30187,6.30109,1,1
30.08.2021 00:25:33.283,6.30191,6.30111,1.5,1
30.08.2021 00:25:33.906,6.30177,6.30111,1,1
30.08.2021 00:25:34.013,6.30175,6.30095,1.5,1
30.08.2021 00:25:34.064,6.30175,6.30095,1.5,1
30.08.2021 00:25:34.249,6.30167,6.3008500000000005,1.5,1
30.08.2021 00:25:39.297,6.30157,6.30086,1,1
30.08.2021 00:25:48.723,6.30158,6.30086,1,1
30.08.2021 00:25:48.774,6.301780000000001,6.30082,1,1.27
30.08.2021 00:25:48.830,6.30177,6.3009900000000005,1,1
30.08.2021 00:25:48.930,6.301640000000001,6.3009900000000005,1,1
30.08.2021 00:25:48.982,6.30177,6.3009900000000005,1,1
30.08.2021 00:25:49.032,6.30187,6.30109,1,1
30.08.2021 00:25:49.183,6.301880000000001,6.301080000000001,1,1
30.08.2021 00:25:50.995,6.30187,6.30109,1,1
30.08.2021 00:25:59.903,6.30187,6.30109,1,1
30.08.2021 00:26:00.370,6.30187,6.30109,1,1
30.08.2021 00:26:03.057,6.30187,6.30114,1,1
30.08.2021 00:26:03.962,6.301950000000001,6.301130000000001,1.5,1
30.08.2021 00:26:04.012,6.301900000000001,6.3012500000000005,1,1
30.08.2021 00:26:04.063,6.30205,6.3012500000000005,1.5,1
30.08.2021 00:26:04.114,6.30205,6.3012500000000005,1.5,1
30.08.2021 00:26:04.164,6.30217,6.301380000000001,1,1
30.08.2021 00:26:04.366,6.30226,6.3014600000000005,1.5,1
30.08.2021 00:26:27.983,6.30226,6.3014600000000005,1.5,1
30.08.2021 00:26:28.034,6.30227,6.30158,1,1
30.08.2021 00:26:28.134,6.30237,6.30166,1,1
30.08.2021 00:26:28.185,6.30246,6.30166,1.5,1
30.08.2021 00:26:30.136,6.30246,6.30166,1.5,1
30.08.2021 00:26:42.811,6.30246,6.30166,1.5,1
30.08.2021 00:26:42.944,6.302480000000001,6.30142,1,1
30.08.2021 00:26:42.994,6.30252,6.3017,1.5,1
30.08.2021 00:26:43.045,6.302440000000001,6.30171,1,1
30.08.2021 00:26:43.172,6.3026100000000005,6.301810000000001,1.5,1
30.08.2021 00:26:44.347,6.30267,6.301900000000001,1,1
30.08.2021 00:26:44.398,6.30267,6.301900000000001,1,1
30.08.2021 00:26:44.549,6.30267,6.301900000000001,1,1
30.08.2021 00:26:44.824,6.30267,6.301730000000001,0.87,1
30.08.2021 00:26:45.065,6.30267,6.30197,1,1
30.08.2021 00:26:46.906,6.30267,6.30194,1,1
30.08.2021 00:26:55.681,6.30267,6.30185,1,1
30.08.2021 00:26:57.904,6.30269,6.30189,1.5,1
30.08.2021 00:27:03.275,6.30257,6.30189,1,1
30.08.2021 00:27:03.325,6.302580000000001,6.301880000000001,1,1
30.08.2021 00:27:03.733,6.30257,6.30189,1,1
30.08.2021 00:27:04.925,6.30257,6.30163,1,1
30.08.2021 00:27:06.067,6.30257,6.301780000000001,1,1
30.08.2021 00:27:06.196,6.30257,6.301810000000001,1,1
30.08.2021 00:27:13.128,6.30247,6.301810000000001,1,1
30.08.2021 00:27:13.229,6.30247,6.301730000000001,1,1
30.08.2021 00:27:22.987,6.30247,6.30175,1,1
30.08.2021 00:27:42.299,6.30247,6.3015300000000005,1,1
30.08.2021 00:27:53.245,6.30255,6.30175,1.5,1
30.08.2021 00:28:11.855,6.30257,6.30185,1,1
30.08.2021 00:28:15.252,6.30267,6.30189,1,1
30.08.2021 00:28:15.377,6.30267,6.30189,1,1
30.08.2021 00:28:30.820,6.30267,6.3019300000000005,1,1
30.08.2021 00:28:56.502,6.30267,6.30191,1,1
30.08.2021 00:29:00.338,6.30267,6.3019300000000005,1,1
30.08.2021 00:29:00.389,6.3026800000000005,6.301900000000001,1,1
30.08.2021 00:29:06.339,6.30267,6.30191,1,1
30.08.2021 00:29:06.461,6.30267,6.30191,1,1
30.08.2021 00:29:06.641,6.30267,6.30191,1,1
30.08.2021 00:29:16.485,6.3026800000000005,6.30197,1,1
30.08.2021 00:29:16.643,6.30267,6.30198,1,1
30.08.2021 00:29:18.765,6.30277,6.30198,1,1
30.08.2021 00:29:18.816,6.30277,6.30198,1,1
30.08.2021 00:29:18.866,6.30277,6.30198,1,1
30.08.2021 00:29:20.126,6.30267,6.30198,1,1
30.08.2021 00:29:31.272,6.3026800000000005,6.30187,1,1
30.08.2021 00:29:43.398,6.30267,6.301880000000001,1,1
30.08.2021 00:29:43.449,6.3026800000000005,6.30159,1,1.5
30.08.2021 00:29:43.549,6.302480000000001,6.30152,1,1
30.08.2021 00:29:43.600,6.30247,6.3015300000000005,1,1
30.08.2021 00:29:43.766,6.30247,6.301690000000001,1,1
30.08.2021 00:29:44.545,6.30247,6.301740000000001,1,1
30.08.2021 00:29:44.887,6.30247,6.3015300000000005,1,1
30.08.2021 00:29:45.381,6.30247,6.301740000000001,1,1
30.08.2021 00:29:47.450,6.30237,6.301740000000001,1,1
30.08.2021 00:29:47.500,6.30237,6.301640000000001,1,1
30.08.2021 00:30:00.515,6.30237,6.301640000000001,1,1
30.08.2021 00:30:00.650,6.30237,6.301640000000001,1,1
30.08.2021 00:30:00.798,6.30238,6.30163,1,1
30.08.2021 00:30:01.117,6.30238,6.30163,1,1
30.08.2021 00:30:03.004,6.30237,6.301640000000001,1,1
30.08.2021 00:30:03.054,6.30237,6.301640000000001,1,1
30.08.2021 00:30:04.389,6.30247,6.30172,1,1
30.08.2021 00:30:04.440,6.30247,6.30172,1,1
30.08.2021 00:30:04.540,6.30247,6.30172,1,1
30.08.2021 00:30:04.591,6.30247,6.30172,1,1
30.08.2021 00:30:04.806,6.302580000000001,6.30162,1,1
30.08.2021 00:30:04.857,6.30247,6.3018,1,1
30.08.2021 00:30:04.976,6.30247,6.3018,1,1
30.08.2021 00:30:07.912,6.30247,6.3018,1,1
30.08.2021 00:30:09.562,6.30247,6.3017,1,1
30.08.2021 00:30:10.035,6.30247,6.3017,1,1
30.08.2021 00:30:11.444,6.30238,6.30161,1,1
30.08.2021 00:30:18.901,6.30233,6.30151,1.5,1
30.08.2021 00:30:19.802,6.30225,6.301430000000001,1.5,1
30.08.2021 00:30:22.015,6.30227,6.30152,1,1
30.08.2021 00:30:22.066,6.30227,6.30152,1,1
30.08.2021 00:30:22.167,6.3022100000000005,6.30152,1,1
30.08.2021 00:30:22.587,6.30222,6.3016000000000005,1,1
30.08.2021 00:30:24.292,6.30227,6.30161,1,1
30.08.2021 00:30:24.393,6.30227,6.30152,1,1
30.08.2021 00:30:24.443,6.30217,6.30152,1,1
30.08.2021 00:30:25.064,6.30217,6.3014600000000005,1,1
30.08.2021 00:30:25.637,6.30217,6.3014600000000005,1,1
30.08.2021 00:30:26.988,6.30217,6.3014600000000005,1,1
30.08.2021 00:30:27.089,6.30216,6.30136,1.5,1
30.08.2021 00:30:27.139,6.302080000000001,6.30111,1,1.5
30.08.2021 00:30:27.189,6.30197,6.30117,1.5,1
30.08.2021 00:30:27.458,6.301880000000001,6.30116,1,1
30.08.2021 00:30:27.508,6.3017900000000004,6.30117,1,1
30.08.2021 00:30:27.559,6.30187,6.30117,1,1
30.08.2021 00:30:29.725,6.30187,6.30126,1,1
30.08.2021 00:30:29.775,6.30197,6.30126,1,1
30.08.2021 00:30:29.941,6.30187,6.30126,1,1
30.08.2021 00:30:31.485,6.30197,6.30126,1,1
30.08.2021 00:30:31.535,6.30197,6.30132,1,1
30.08.2021 00:30:33.176,6.30197,6.30132,1,1
30.08.2021 00:30:33.226,6.30197,6.30132,1,1
30.08.2021 00:30:34.245,6.30197,6.30132,1,1
30.08.2021 00:30:34.295,6.30197,6.30122,1,1
30.08.2021 00:30:34.362,6.30197,6.30122,1,1
30.08.2021 00:30:36.222,6.30197,6.30122,1,1
30.08.2021 00:30:36.375,6.30187,6.30122,1,1
30.08.2021 00:30:37.037,6.30187,6.30112,1,1
30.08.2021 00:30:39.872,6.3017900000000004,6.30112,1,1
30.08.2021 00:30:39.923,6.30191,6.30122,1,1
30.08.2021 00:30:40.024,6.30202,6.30122,1.5,1
30.08.2021 00:30:40.251,6.30207,6.30132,1,1
30.08.2021 00:30:41.108,6.302130000000001,6.30131,1.5,1
30.08.2021 00:30:47.462,6.302130000000001,6.30131,1.5,1
30.08.2021 00:30:47.599,6.30217,6.30141,1,1
30.08.2021 00:30:54.615,6.30217,6.30141,1,1
30.08.2021 00:30:54.715,6.3022100000000005,6.30141,1.5,1
30.08.2021 00:30:54.897,6.30227,6.301330000000001,1,1
30.08.2021 00:30:54.947,6.30227,6.3015300000000005,1,1
30.08.2021 00:30:57.856,6.30233,6.3015300000000005,1.5,1
30.08.2021 00:30:57.977,6.30236,6.30156,1.5,1
30.08.2021 00:31:00.998,6.30236,6.30156,1.5,1
30.08.2021 00:31:15.760,6.30237,6.3016000000000005,1,1
30.08.2021 00:31:21.545,6.30238,6.30159,1,1
30.08.2021 00:31:21.626,6.30237,6.3016000000000005,1,1
30.08.2021 00:31:39.177,6.30238,6.30157,1,1
30.08.2021 00:31:57.260,6.302350000000001,6.301550000000001,1.5,1
30.08.2021 00:32:05.042,6.3022100000000005,6.3013900000000005,1.5,1
30.08.2021 00:32:05.148,6.301990000000001,6.3011800000000004,1,1.5
30.08.2021 00:32:05.198,6.30207,6.3011800000000004,1,1
30.08.2021 00:32:05.299,6.30203,6.30123,1.5,1
30.08.2021 00:32:05.400,6.301880000000001,6.30114,1,1
30.08.2021 00:32:14.004,6.30198,6.3011800000000004,1,1
30.08.2021 00:32:30.520,6.30197,6.30119,1,1
30.08.2021 00:32:33.501,6.30197,6.30121,1,1
30.08.2021 00:32:54.485,6.30189,6.301030000000001,1,1
30.08.2021 00:32:54.536,6.302080000000001,6.30112,1,1
30.08.2021 00:32:54.752,6.30207,6.30114,1,1
30.08.2021 00:32:54.853,6.302080000000001,6.30132,1,1
30.08.2021 00:32:56.128,6.301950000000001,6.30131,1,1
30.08.2021 00:32:56.318,6.30207,6.30131,1,1
30.08.2021 00:32:56.906,6.30207,6.30127,1.62,1
30.08.2021 00:32:57.042,6.30205,6.3012500000000005,1.5,1
30.08.2021 00:32:59.799,6.30197,6.3012500000000005,1,1
30.08.2021 00:33:16.612,6.30198,6.30102,1,1
30.08.2021 00:33:24.921,6.30197,6.301030000000001,1,1
30.08.2021 00:33:25.022,6.302080000000001,6.30112,1,1
30.08.2021 00:33:25.123,6.30207,6.30111,1,1
30.08.2021 00:33:25.224,6.30197,6.30109,1,1
30.08.2021 00:33:25.378,6.30197,6.30105,1,1
30.08.2021 00:33:26.310,6.301950000000001,6.301130000000001,1,1
30.08.2021 00:33:27.079,6.301950000000001,6.3012500000000005,1,1
30.08.2021 00:33:28.807,6.301950000000001,6.301340000000001,1,1
30.08.2021 00:33:47.878,6.30201,6.30121,1.5,1
30.08.2021 00:33:47.928,6.30198,6.301200000000001,1,1
30.08.2021 00:33:50.190,6.301880000000001,6.30109,1,1
30.08.2021 00:33:58.411,6.30187,6.30119,1,1
30.08.2021 00:33:58.562,6.30187,6.30119,1,1
30.08.2021 00:34:00.144,6.30187,6.30119,1,1
30.08.2021 00:34:00.194,6.30187,6.30119,1,1
30.08.2021 00:34:02.349,6.30187,6.30119,1,1
30.08.2021 00:34:02.400,6.301880000000001,6.30109,1,1
30.08.2021 00:34:04.129,6.30187,6.301130000000001,1,1
30.08.2021 00:34:21.622,6.301740000000001,6.301130000000001,1,1
30.08.2021 00:34:21.756,6.30187,6.301130000000001,1,1
30.08.2021 00:34:36.537,6.30191,6.301130000000001,1,1.5
30.08.2021 00:34:36.617,6.3019300000000005,6.301130000000001,1.5,1.5
30.08.2021 00:34:36.718,6.30194,6.3013,1,1
30.08.2021 00:34:36.970,6.30207,6.3013,1,1
30.08.2021 00:34:37.292,6.302080000000001,6.30136,1,1
30.08.2021 00:34:38.798,6.30207,6.30137,1,1
30.08.2021 00:34:52.900,6.3021,6.30147,1,1
30.08.2021 00:34:53.001,6.30227,6.30147,1.62,1.5
30.08.2021 00:34:53.051,6.30242,6.30165,1.5,1
30.08.2021 00:34:53.152,6.30256,6.301810000000001,1.5,1
30.08.2021 00:34:53.203,6.30256,6.301810000000001,1.5,1
30.08.2021 00:34:53.304,6.3026800000000005,6.3018600000000005,1.62,1
30.08.2021 00:34:53.570,6.30257,6.30187,1,1
30.08.2021 00:34:53.620,6.30257,6.30187,1,1
30.08.2021 00:35:00.062,6.302580000000001,6.3018600000000005,1,1
30.08.2021 00:35:00.389,6.30257,6.301880000000001,1,1
30.08.2021 00:35:00.509,6.30257,6.30189,1,1
30.08.2021 00:35:01.599,6.30257,6.30189,1,1
30.08.2021 00:35:02.715,6.30267,6.30197,1,1
30.08.2021 00:35:05.615,6.30267,6.30189,1,1
30.08.2021 00:35:05.670,6.30267,6.30189,1,1
30.08.2021 00:35:05.873,6.30247,6.30189,1,1
30.08.2021 00:35:05.991,6.30247,6.301730000000001,1,1
30.08.2021 00:35:07.539,6.302480000000001,6.30172,1,1
30.08.2021 00:35:10.794,6.30247,6.301730000000001,1,1
30.08.2021 00:35:14.260,6.30237,6.30166,1,1
30.08.2021 00:35:14.311,6.30237,6.30166,1,1
30.08.2021 00:35:14.412,6.30227,6.30166,1,1
30.08.2021 00:35:14.462,6.30227,6.30161,1,1
30.08.2021 00:35:14.846,6.30227,6.301330000000001,0.87,1
30.08.2021 00:35:15.250,6.30227,6.30158,1,1
30.08.2021 00:35:16.925,6.30226,6.30158,1,1
30.08.2021 00:35:17.026,6.30237,6.30158,1,1
30.08.2021 00:35:21.799,6.3022800000000005,6.30157,1,1
30.08.2021 00:35:28.802,6.30237,6.30158,1,1
30.08.2021 00:35:34.366,6.30237,6.301330000000001,1,1
30.08.2021 00:35:37.170,6.302350000000001,6.301550000000001,1.5,1
30.08.2021 00:35:41.320,6.302230000000001,6.30154,1,1
30.08.2021 00:35:41.421,6.30227,6.301550000000001,1,1
30.08.2021 00:35:45.557,6.30217,6.301430000000001,1,1
30.08.2021 00:35:51.245,6.30217,6.301430000000001,1,1
30.08.2021 00:35:51.296,6.302180000000001,6.30152,1,1
30.08.2021 00:35:54.816,6.30217,6.30123,0.87,1
30.08.2021 00:35:58.395,6.30217,6.3015300000000005,1,1
30.08.2021 00:36:01.294,6.30217,6.301130000000001,1,1
30.08.2021 00:36:04.335,6.30217,6.30123,1,1
30.08.2021 00:36:10.684,6.30217,6.30145,1,1
30.08.2021 00:36:10.793,6.30217,6.30154,1.12,1
30.08.2021 00:36:10.951,6.30227,6.30154,1,1
30.08.2021 00:36:14.327,6.30234,6.30154,1.5,1
30.08.2021 00:36:17.333,6.30227,6.30154,1,1
30.08.2021 00:36:29.168,6.30217,6.301430000000001,1,1
30.08.2021 00:36:29.282,6.30222,6.301430000000001,1,1
30.08.2021 00:36:29.333,6.30222,6.30157,1,1
30.08.2021 00:36:29.383,6.30227,6.30157,1.12,1
30.08.2021 00:36:44.214,6.30227,6.301330000000001,1,1
30.08.2021 00:36:46.003,6.30227,6.30163,1.12,1
30.08.2021 00:36:47.304,6.30237,6.30163,1,1
30.08.2021 00:36:47.354,6.30227,6.30154,1,1
30.08.2021 00:36:51.215,6.30227,6.30149,1,1
30.08.2021 00:36:55.813,6.302180000000001,6.301480000000001,1,1
30.08.2021 00:36:56.505,6.30217,6.30149,1,1
30.08.2021 00:36:56.556,6.30217,6.3013900000000005,1,1
30.08.2021 00:36:56.606,6.30217,6.3013900000000005,1,1
30.08.2021 00:36:56.707,6.3021,6.3013,1.5,1
30.08.2021 00:36:56.757,6.30207,6.3013,1,1
30.08.2021 00:36:57.090,6.30198,6.30121,1,1
30.08.2021 00:36:57.190,6.30197,6.30122,1,1
30.08.2021 00:36:59.828,6.30197,6.3013,1,1
30.08.2021 00:36:59.929,6.30198,6.301290000000001,1,1
30.08.2021 00:36:59.979,6.30187,6.30111,1,1
30.08.2021 00:37:01.939,6.30187,6.30111,1,1
30.08.2021 00:37:03.477,6.30177,6.30111,1,1
30.08.2021 00:37:03.527,6.30177,6.301030000000001,1,1
30.08.2021 00:37:03.577,6.30177,6.301030000000001,1,1
30.08.2021 00:37:03.678,6.30167,6.301030000000001,1,1
30.08.2021 00:37:04.489,6.30158,6.301030000000001,1,1
30.08.2021 00:37:04.829,6.30158,6.300730000000001,1,1
30.08.2021 00:37:05.860,6.30167,6.300930000000001,1,1
30.08.2021 00:37:06.097,6.301780000000001,6.30101,1,1
30.08.2021 00:37:23.098,6.30177,6.30083,1,1.27
30.08.2021 00:37:23.276,6.30177,6.3009900000000005,1,1
30.08.2021 00:37:23.739,6.301690000000001,6.3009900000000005,1,1
30.08.2021 00:37:23.941,6.30177,6.3009900000000005,1,1
30.08.2021 00:37:23.991,6.30187,6.30111,1,1
30.08.2021 00:37:25.262,6.301880000000001,6.30123,1,1
30.08.2021 00:37:25.312,6.30187,6.301240000000001,1,1
30.08.2021 00:37:30.368,6.301950000000001,6.301240000000001,1,1
30.08.2021 00:37:31.368,6.301950000000001,6.301380000000001,1,1
30.08.2021 00:37:31.514,6.302080000000001,6.30137,1,1
30.08.2021 00:37:39.940,6.30207,6.301380000000001,1,1
30.08.2021 00:37:40.040,6.30207,6.301380000000001,1,1
30.08.2021 00:37:40.576,6.30217,6.3013900000000005,1,1
30.08.2021 00:37:49.028,6.302080000000001,6.30135,1,1
30.08.2021 00:38:06.369,6.30217,6.30137,1.62,1
30.08.2021 00:38:29.967,6.30207,6.301130000000001,1,1
30.08.2021 00:38:40.054,6.30207,6.301130000000001,1,1
30.08.2021 00:38:42.643,6.302080000000001,6.301340000000001,1,1
30.08.2021 00:38:49.713,6.30207,6.30135,1,1
30.08.2021 00:38:49.813,6.30198,6.30117,1,1
30.08.2021 00:38:51.198,6.30197,6.301240000000001,1,1
30.08.2021 00:38:53.676,6.30197,6.301240000000001,1,1
30.08.2021 00:39:11.951,6.30198,6.30123,1,1
30.08.2021 00:39:12.562,6.30197,6.301030000000001,1,1.27
30.08.2021 00:39:13.124,6.30196,6.30116,1.5,1
30.08.2021 00:39:13.811,6.30196,6.30116,1.5,1
30.08.2021 00:39:14.238,6.301880000000001,6.30111,1,1
30.08.2021 00:39:14.795,6.30187,6.300930000000001,1,1
30.08.2021 00:39:14.845,6.30187,6.30112,1,1
30.08.2021 00:39:16.217,6.301880000000001,6.30111,1,1
30.08.2021 00:39:16.372,6.301880000000001,6.30111,1,1
30.08.2021 00:39:16.422,6.301830000000001,6.301030000000001,1.5,1
30.08.2021 00:39:21.852,6.30187,6.30107,1.62,1
30.08.2021 00:39:46.382,6.30187,6.30083,1,1
30.08.2021 00:39:53.590,6.30187,6.30107,1.62,1
30.08.2021 00:39:54.027,6.30187,6.30107,1.62,1
30.08.2021 00:39:54.078,6.301900000000001,6.301150000000001,1,1
30.08.2021 00:39:54.128,6.30189,6.301330000000001,1,1
30.08.2021 00:39:54.279,6.3021400000000005,6.30132,1.5,1
30.08.2021 00:39:54.846,6.30217,6.30142,1,1
30.08.2021 00:40:02.672,6.3020000000000005,6.30141,1,1
30.08.2021 00:40:02.807,6.30207,6.3013,1,1
30.08.2021 00:40:02.976,6.302080000000001,6.301290000000001,1,1
30.08.2021 00:40:13.044,6.30197,6.3013,1,1
30.08.2021 00:40:13.095,6.30197,6.301030000000001,1,1
30.08.2021 00:40:15.254,6.30189,6.30122,1,1
30.08.2021 00:40:15.507,6.30197,6.30122,1,1
30.08.2021 00:40:20.938,6.30197,6.30122,1,1
30.08.2021 00:40:21.089,6.30197,6.30122,1,1
30.08.2021 00:40:25.729,6.30197,6.30122,1,1
30.08.2021 00:40:25.918,6.30197,6.3012500000000005,1,1
30.08.2021 00:40:30.641,6.3017900000000004,6.3012500000000005,1,1
30.08.2021 00:40:30.691,6.3017900000000004,6.30114,1,1
30.08.2021 00:40:30.768,6.30187,6.30114,1,1
30.08.2021 00:40:35.393,6.3017900000000004,6.301130000000001,1,1
30.08.2021 00:40:40.519,6.3017900000000004,6.30114,1,1
30.08.2021 00:40:42.116,6.30194,6.30114,1.5,1
30.08.2021 00:40:42.337,6.30197,6.3012500000000005,1,1
30.08.2021 00:40:51.919,6.30197,6.30117,1.62,1
30.08.2021 00:40:52.074,6.30187,6.30117,1,1
30.08.2021 00:40:52.258,6.30187,6.30117,1,1
30.08.2021 00:40:52.358,6.30184,6.30102,1.5,1
30.08.2021 00:40:52.409,6.30177,6.301030000000001,1,1
30.08.2021 00:40:52.509,6.30167,6.300940000000001,1,1
30.08.2021 00:40:52.563,6.30168,6.300930000000001,1,1
30.08.2021 00:40:52.785,6.3015300000000005,6.300930000000001,1,1
30.08.2021 00:40:53.484,6.30157,6.300940000000001,1,1
30.08.2021 00:40:56.262,6.30147,6.300940000000001,1,1
30.08.2021 00:40:56.549,6.30147,6.30083,1,1
30.08.2021 00:40:57.057,6.30147,6.30082,1,1
30.08.2021 00:41:00.346,6.30158,6.30082,1,1
30.08.2021 00:41:00.600,6.30154,6.30074,1.5,1
30.08.2021 00:41:00.950,6.30147,6.30074,1,1
30.08.2021 00:41:03.098,6.30147,6.30074,1,1
30.08.2021 00:41:03.148,6.30147,6.30074,1,1
30.08.2021 00:41:11.064,6.30147,6.30077,1,1
30.08.2021 00:41:11.467,6.30147,6.30077,1,1
30.08.2021 00:41:11.568,6.30147,6.30077,1,1
30.08.2021 00:41:12.578,6.30147,6.30077,1,1
30.08.2021 00:41:17.069,6.30147,6.30077,1,1
30.08.2021 00:41:20.231,6.30147,6.30043,1,1
30.08.2021 00:41:20.639,6.30147,6.300680000000001,1,1
30.08.2021 00:41:20.690,6.301480000000001,6.300680000000001,1.5,1
30.08.2021 00:41:20.849,6.30157,6.30086,1,1
30.08.2021 00:41:23.801,6.30157,6.30086,1,1
30.08.2021 00:41:29.356,6.30157,6.30086,1,1
30.08.2021 00:41:29.486,6.30157,6.30086,1,1
30.08.2021 00:41:29.536,6.30147,6.300750000000001,1,1
30.08.2021 00:41:29.772,6.301480000000001,6.30074,1,1
30.08.2021 00:41:29.924,6.301550000000001,6.300750000000001,1.5,1
30.08.2021 00:41:30.077,6.30157,6.30086,1,1
30.08.2021 00:41:30.128,6.30158,6.3008500000000005,1,1
30.08.2021 00:41:30.291,6.30147,6.3007800000000005,1,1
30.08.2021 00:41:32.093,6.30158,6.30077,1,1
30.08.2021 00:41:32.194,6.30167,6.30088,1,1
30.08.2021 00:41:32.495,6.30167,6.30088,1,1
30.08.2021 00:41:32.545,6.30167,6.30101,1,1
30.08.2021 00:41:33.264,6.30167,6.30101,1,1
30.08.2021 00:41:33.315,6.301780000000001,6.301,1,1
30.08.2021 00:41:38.163,6.301780000000001,6.301,1,1
30.08.2021 00:41:40.668,6.30177,6.30101,1,1
30.08.2021 00:41:40.769,6.30177,6.30109,1,1
30.08.2021 00:41:41.038,6.30167,6.301030000000001,1,1
30.08.2021 00:41:41.141,6.30157,6.300930000000001,1,1
30.08.2021 00:41:43.160,6.30167,6.300930000000001,1,1
30.08.2021 00:41:43.211,6.301690000000001,6.301030000000001,1.2,1
30.08.2021 00:41:43.261,6.301730000000001,6.30104,1,1
30.08.2021 00:41:43.312,6.30187,6.30117,1,1
30.08.2021 00:41:43.428,6.30198,6.30123,1,1
30.08.2021 00:41:43.487,6.30197,6.301240000000001,1,1
30.08.2021 00:41:44.103,6.30189,6.301240000000001,1,1
30.08.2021 00:41:47.570,6.30189,6.30132,1,1
30.08.2021 00:41:48.086,6.30197,6.30132,1,1
30.08.2021 00:42:03.218,6.30207,6.30132,1,1
30.08.2021 00:42:03.338,6.302180000000001,6.3013900000000005,1,1
30.08.2021 00:42:04.072,6.30217,6.3014,1,1
30.08.2021 00:42:09.355,6.30217,6.30142,1,1
30.08.2021 00:42:23.159,6.30217,6.30142,1,1
30.08.2021 00:42:27.514,6.30217,6.30142,1,1
30.08.2021 00:42:33.843,6.302080000000001,6.30128,1.5,1
30.08.2021 00:42:33.894,6.302090000000001,6.30127,1.5,1
30.08.2021 00:42:33.994,6.301990000000001,6.30119,1.5,1
30.08.2021 00:42:36.681,6.30197,6.3011800000000004,1,1
30.08.2021 00:42:36.832,6.30194,6.30114,1.5,1
30.08.2021 00:42:38.885,6.301950000000001,6.301130000000001,1.5,1
30.08.2021 00:42:39.815,6.30187,6.30105,1.5,1
30.08.2021 00:42:42.391,6.30187,6.301080000000001,1.12,1.5
30.08.2021 00:42:42.542,6.30187,6.30126,1,1
30.08.2021 00:42:43.827,6.30198,6.3012500000000005,1,1
30.08.2021 00:43:00.942,6.30207,6.301030000000001,1,1
30.08.2021 00:43:00.992,6.30207,6.301030000000001,1,1
30.08.2021 00:43:01.205,6.30217,6.301130000000001,1,1
30.08.2021 00:43:01.767,6.3021400000000005,6.301340000000001,1.5,1
30.08.2021 00:43:04.835,6.302180000000001,6.30112,1,1
30.08.2021 00:43:06.189,6.30217,6.301130000000001,1,1
30.08.2021 00:43:08.551,6.30203,6.30123,1.5,1
30.08.2021 00:43:08.686,6.30207,6.3012500000000005,1.5,1
30.08.2021 00:43:14.439,6.30206,6.30126,1.5,1
30.08.2021 00:43:14.957,6.301990000000001,6.30126,1,1
30.08.2021 00:43:18.319,6.3020000000000005,6.30126,1,1
30.08.2021 00:43:20.677,6.30206,6.30126,1.5,1
30.08.2021 00:43:24.899,6.30207,6.301030000000001,1,1
30.08.2021 00:43:26.634,6.30207,6.30123,1,1.2
30.08.2021 00:43:26.822,6.302180000000001,6.30112,1,1
30.08.2021 00:43:32.076,6.30197,6.30117,1.5,1
30.08.2021 00:43:32.227,6.30187,6.30109,1,1
30.08.2021 00:43:32.278,6.301880000000001,6.301080000000001,1,1
30.08.2021 00:43:32.498,6.3018,6.301,1.5,1
30.08.2021 00:43:36.192,6.3018,6.301,1.5,1
30.08.2021 00:43:36.293,6.30187,6.3011,1,1
30.08.2021 00:43:39.177,6.30182,6.30102,1.5,1
30.08.2021 00:43:42.840,6.30185,6.30105,1.5,1
30.08.2021 00:43:52.114,6.30187,6.30083,1,1
30.08.2021 00:43:52.175,6.30187,6.30083,1,1
30.08.2021 00:43:52.427,6.30177,6.30097,1.62,1
30.08.2021 00:43:54.904,6.30167,6.300730000000001,1,1
30.08.2021 00:43:54.954,6.30168,6.30096,1,1
30.08.2021 00:43:56.115,6.30167,6.300940000000001,1,1
30.08.2021 00:43:59.782,6.30167,6.300940000000001,1,1
30.08.2021 00:44:05.057,6.30167,6.300940000000001,1,1
30.08.2021 00:44:06.186,6.30157,6.30088,1,1
30.08.2021 00:44:29.196,6.30157,6.30081,1,1
30.08.2021 00:44:29.430,6.30157,6.300800000000001,1,1
30.08.2021 00:44:44.406,6.301640000000001,6.300840000000001,1.5,1
30.08.2021 00:44:44.831,6.30167,6.300730000000001,1,1.27
30.08.2021 00:44:47.462,6.30165,6.300840000000001,1.5,1
30.08.2021 00:44:47.643,6.301640000000001,6.300840000000001,1.5,1
30.08.2021 00:44:51.199,6.30157,6.300840000000001,1,1
30.08.2021 00:44:51.313,6.30157,6.300840000000001,1,1
30.08.2021 00:44:51.464,6.30147,6.300750000000001,1,1
30.08.2021 00:44:51.797,6.3014600000000005,6.300660000000001,1.5,1
30.08.2021 00:44:51.848,6.3014600000000005,6.300660000000001,1.5,1
30.08.2021 00:44:51.998,6.301380000000001,6.3005700000000004,1,1
30.08.2021 00:44:54.351,6.3013,6.3005,1.5,1
30.08.2021 00:44:55.821,6.3013,6.3005,1.5,1
30.08.2021 00:44:56.799,6.30127,6.3005,1,1
30.08.2021 00:45:20.109,6.30127,6.300330000000001,1,1
30.08.2021 00:45:22.554,6.30128,6.30032,1,1
30.08.2021 00:45:22.654,6.30127,6.300230000000001,1,1
30.08.2021 00:45:22.806,6.30121,6.30041,1.5,1
30.08.2021 00:45:23.115,6.30112,6.30032,1.5,1
30.08.2021 00:45:23.293,6.301130000000001,6.3003100000000005,1.5,1
30.08.2021 00:45:23.559,6.30112,6.30032,1.5,1
30.08.2021 00:45:40.048,6.30101,6.30032,1,1
30.08.2021 00:45:40.098,6.30101,6.30044,1,1
30.08.2021 00:45:40.213,6.30101,6.300800000000001,1,1
30.08.2021 00:45:40.263,6.301130000000001,6.300800000000001,1,1
30.08.2021 00:45:40.314,6.30147,6.300800000000001,1,1
30.08.2021 00:45:40.480,6.30137,6.30061,1,1
30.08.2021 00:45:40.631,6.30147,6.3007100000000005,1,1
30.08.2021 00:45:40.732,6.301480000000001,6.3007,1,1
30.08.2021 00:45:41.262,6.30137,6.3007100000000005,1,1
30.08.2021 00:45:41.313,6.30137,6.30061,1,1
30.08.2021 00:45:41.960,6.301380000000001,6.3006,1,1
30.08.2021 00:45:42.011,6.30137,6.30061,1,1
30.08.2021 00:45:42.576,6.30147,6.30072,1,1
30.08.2021 00:45:42.677,6.30147,6.30072,1,1
30.08.2021 00:45:45.802,6.301480000000001,6.3007100000000005,1,1
30.08.2021 00:45:45.929,6.3015,6.30072,1,1
30.08.2021 00:45:46.185,6.3015300000000005,6.3007100000000005,1.5,1
30.08.2021 00:45:46.751,6.30137,6.30061,1,1
30.08.2021 00:45:46.801,6.30137,6.30061,1,1
30.08.2021 00:45:49.760,6.30137,6.30061,1,1
30.08.2021 00:45:49.861,6.30132,6.3005,1.5,1
30.08.2021 00:45:49.961,6.30131,6.30051,1.5,1
30.08.2021 00:45:50.103,6.30117,6.30043,1,1
30.08.2021 00:45:50.153,6.30117,6.30043,1,1
30.08.2021 00:45:50.363,6.30109,6.30043,1,1
30.08.2021 00:45:53.927,6.30117,6.30043,1,1
30.08.2021 00:45:55.285,6.30117,6.30043,1,1
30.08.2021 00:45:59.603,6.30114,6.30032,1.5,1
30.08.2021 00:46:00.198,6.30105,6.30025,1.5,1
30.08.2021 00:46:05.797,6.30117,6.30041,1,1
30.08.2021 00:46:09.367,6.30117,6.3003800000000005,1,1
30.08.2021 00:46:14.726,6.3011800000000004,6.3003800000000005,1.5,1
30.08.2021 00:46:14.828,6.3011800000000004,6.30043,1.5,1.2
30.08.2021 00:46:14.929,6.30119,6.30042,1,1.27
30.08.2021 00:46:14.979,6.30137,6.3005700000000004,1.62,1
30.08.2021 00:46:15.429,6.30132,6.30052,1.5,1
30.08.2021 00:46:16.623,6.30132,6.30052,1.5,1
30.08.2021 00:46:16.674,6.301240000000001,6.30044,1.5,1
30.08.2021 00:46:16.724,6.301240000000001,6.30044,1.5,1
30.08.2021 00:46:20.091,6.30117,6.300400000000001,1,1
30.08.2021 00:46:21.456,6.30117,6.300400000000001,1,1
30.08.2021 00:46:22.938,6.30117,6.300400000000001,1,1
30.08.2021 00:46:27.219,6.30117,6.300400000000001,1,1
30.08.2021 00:46:27.270,6.3011800000000004,6.30039,1,1
30.08.2021 00:46:38.489,6.3011800000000004,6.30039,1,1
30.08.2021 00:46:38.728,6.30117,6.300400000000001,1,1
30.08.2021 00:46:39.562,6.30107,6.3003,1,1
30.08.2021 00:46:44.539,6.3011,6.3003,1.5,1
30.08.2021 00:46:44.640,6.3011,6.3003,1.5,1
30.08.2021 00:46:55.017,6.30107,6.3003,1,1
30.08.2021 00:46:55.139,6.301080000000001,6.30029,1,1
30.08.2021 00:46:55.189,6.300980000000001,6.30016,1.62,1
30.08.2021 00:46:55.391,6.30087,6.30008,1,1
30.08.2021 00:47:05.708,6.30088,6.30007,1,1
30.08.2021 00:47:05.809,6.30097,6.30015,1.5,1
30.08.2021 00:47:09.823,6.30096,6.30016,1.5,1
30.08.2021 00:47:09.924,6.30086,6.30006,1.5,1
30.08.2021 00:47:14.069,6.3009,6.30015,1.5,1
30.08.2021 00:47:14.120,6.3009,6.30015,1,1
30.08.2021 00:47:14.170,6.30101,6.30022,1.5,1
30.08.2021 00:47:17.284,6.30102,6.30022,1.5,1
30.08.2021 00:47:17.384,6.300980000000001,6.30021,1,1
30.08.2021 00:47:17.435,6.300940000000001,6.300140000000001,1.5,1
30.08.2021 00:47:18.834,6.30087,6.30008,1,1
30.08.2021 00:47:19.089,6.30087,6.30008,1,1
30.08.2021 00:47:23.266,6.30087,6.30008,1,1
30.08.2021 00:47:33.553,6.30082,6.30002,1.5,1
30.08.2021 00:47:34.682,6.30082,6.30002,1.5,1
30.08.2021 00:47:34.783,6.30077,6.30002,1,1
30.08.2021 00:47:34.934,6.30076,6.29954,1,1
30.08.2021 00:47:34.984,6.3007100000000005,6.299910000000001,1.5,1
30.08.2021 00:47:37.975,6.30061,6.29981,1.5,1
30.08.2021 00:47:44.971,6.30062,6.2998,1.5,1
30.08.2021 00:47:47.301,6.3005700000000004,6.29981,1,1
30.08.2021 00:47:50.995,6.3005700000000004,6.29981,1,1
30.08.2021 00:47:52.941,6.30046,6.29975,1.5,1
30.08.2021 00:47:54.287,6.30062,6.299910000000001,1.5,1
30.08.2021 00:47:54.337,6.300580000000001,6.2999,1,1
30.08.2021 00:47:54.904,6.3005700000000004,6.2998400000000006,1,1.5
30.08.2021 00:47:54.954,6.30056,6.29985,1,1.5
30.08.2021 00:47:55.055,6.30056,6.299930000000001,1,1.27
30.08.2021 00:47:55.328,6.300730000000001,6.30002,1.5,1
30.08.2021 00:47:57.470,6.300730000000001,6.30002,1,1
30.08.2021 00:47:58.687,6.300730000000001,6.3000300000000005,1,1
30.08.2021 00:47:58.791,6.3009,6.30017,1.5,1
30.08.2021 00:47:58.926,6.30076,6.300050000000001,1.12,1
30.08.2021 00:47:59.143,6.300680000000001,6.29997,1,1.5
30.08.2021 00:48:00.222,6.30069,6.2999600000000004,1,1
30.08.2021 00:48:04.960,6.30065,6.29994,1,1.12
30.08.2021 00:48:08.219,6.30065,6.29994,1,1.5
30.08.2021 00:48:15.131,6.30081,6.3001000000000005,1.5,1
30.08.2021 00:48:24.560,6.30081,6.3001000000000005,1,1
30.08.2021 00:48:24.610,6.30082,6.300090000000001,1,1.5
30.08.2021 00:48:24.711,6.30081,6.3001000000000005,1,1.5
30.08.2021 00:48:24.899,6.30088,6.30026,1,1
30.08.2021 00:48:26.025,6.3008500000000005,6.300140000000001,1.5,1
30.08.2021 00:48:26.125,6.30077,6.30006,1.5,1
30.08.2021 00:48:32.204,6.30074,6.3000300000000005,1.5,1
30.08.2021 00:48:37.331,6.30074,6.3000300000000005,1.5,1
30.08.2021 00:48:38.181,6.30056,6.29985,1,1.5
30.08.2021 00:48:38.282,6.3005700000000004,6.2998400000000006,1,1
30.08.2021 00:48:38.382,6.3006400000000005,6.299930000000001,1.5,1
30.08.2021 00:48:38.958,6.3006400000000005,6.299930000000001,1.5,1
30.08.2021 00:48:44.777,6.30065,6.29992,1.5,1
30.08.2021 00:48:44.927,6.3006400000000005,6.299930000000001,1.5,1
30.08.2021 00:48:45.102,6.300540000000001,6.299830000000001,1.5,1
30.08.2021 00:48:45.153,6.30055,6.29982,1.5,1
30.08.2021 00:48:47.203,6.300540000000001,6.299830000000001,1,1.5
30.08.2021 00:48:47.355,6.300540000000001,6.299830000000001,1,1.5
30.08.2021 00:48:47.405,6.30069,6.299980000000001,1.5,1
30.08.2021 00:48:49.727,6.30061,6.2999,1.5,1
30.08.2021 00:48:58.673,6.300540000000001,6.29981,1,1
30.08.2021 00:48:58.723,6.30053,6.29982,1.5,1
30.08.2021 00:49:06.219,6.30053,6.29982,1.5,1
30.08.2021 00:49:09.426,6.30041,6.2997000000000005,1,1
30.08.2021 00:49:09.476,6.30041,6.2997000000000005,1.5,1
30.08.2021 00:49:09.526,6.30015,6.299440000000001,1,1
30.08.2021 00:49:10.023,6.3002400000000005,6.299530000000001,1.5,1
30.08.2021 00:49:13.730,6.30012,6.299390000000001,1.5,1
30.08.2021 00:49:13.780,6.30011,6.2994,1.5,1
30.08.2021 00:49:14.162,6.30002,6.29931,1.5,1
30.08.2021 00:49:14.942,6.3000300000000005,6.299300000000001,1.5,1
30.08.2021 00:49:16.254,6.30002,6.29931,1.5,1
30.08.2021 00:49:16.783,6.30002,6.29931,1.5,1
30.08.2021 00:49:17.606,6.30002,6.29931,1.5,1
30.08.2021 00:49:19.757,6.3000300000000005,6.299300000000001,1.5,1
30.08.2021 00:49:19.808,6.30008,6.29937,1.5,1.12
30.08.2021 00:49:19.908,6.3001000000000005,6.29947,1,1
30.08.2021 00:49:20.059,6.300180000000001,6.29947,1,1
30.08.2021 00:49:20.360,6.30042,6.29906,1,1.5
30.08.2021 00:49:20.814,6.300230000000001,6.29952,1.5,1
30.08.2021 00:49:30.818,6.300230000000001,6.29952,1.5,1
30.08.2021 00:49:30.869,6.30012,6.299390000000001,1,1.5
30.08.2021 00:49:30.970,6.30011,6.2994,1,1
30.08.2021 00:49:35.352,6.300190000000001,6.299480000000001,1.5,1
30.08.2021 00:49:40.814,6.300190000000001,6.299480000000001,1.5,1
30.08.2021 00:49:42.516,6.30027,6.29954,1.5,1
30.08.2021 00:49:42.567,6.30026,6.29955,1.5,1
30.08.2021 00:49:42.730,6.30027,6.29954,1.5,1
30.08.2021 00:49:42.780,6.30026,6.29955,1.5,1
30.08.2021 00:49:45.235,6.30026,6.29955,1.5,1
30.08.2021 00:49:45.522,6.30026,6.29955,1.5,1
30.08.2021 00:49:45.673,6.30021,6.2995,1.5,1
30.08.2021 00:49:45.724,6.30022,6.2994900000000005,1.5,1
30.08.2021 00:49:45.817,6.30021,6.2995,1.5,1
30.08.2021 00:49:52.263,6.30029,6.299580000000001,1.5,1
30.08.2021 00:49:52.786,6.30021,6.2995,1.5,1
30.08.2021 00:49:54.799,6.30021,6.2995,1.5,1
30.08.2021 00:50:05.082,6.300280000000001,6.29957,1.5,1
30.08.2021 00:50:05.133,6.300280000000001,6.29957,1,1.12
30.08.2021 00:50:05.233,6.30043,6.29972,1.5,1
30.08.2021 00:50:05.339,6.30043,6.29971,1,1
30.08.2021 00:50:05.440,6.30041,6.29972,1,1
30.08.2021 00:50:05.742,6.300400000000001,6.29972,1,1
30.08.2021 00:50:06.178,6.30037,6.29972,1,1
30.08.2021 00:50:10.443,6.30032,6.29961,1.5,1
30.08.2021 00:50:15.132,6.30032,6.29961,1.5,1
30.08.2021 00:50:17.792,6.30039,6.29968,1.5,1
30.08.2021 00:50:22.576,6.30039,6.29968,1.5,1
30.08.2021 00:50:22.627,6.3003100000000005,6.2996,1.5,1
30.08.2021 00:50:22.677,6.3003100000000005,6.2996,1.5,1
30.08.2021 00:50:40.861,6.3003100000000005,6.2996,1.5,1
30.08.2021 00:50:42.725,6.3003100000000005,6.2996,1,1
30.08.2021 00:50:42.790,6.30032,6.299430000000001,1,1
30.08.2021 00:50:42.891,6.30037,6.299530000000001,1,1
30.08.2021 00:50:42.941,6.30037,6.2997000000000005,1,1
30.08.2021 00:50:45.365,6.30042,6.29969,1.5,1
30.08.2021 00:50:45.415,6.30037,6.2997000000000005,1,1
30.08.2021 00:50:45.817,6.30042,6.29969,1.5,1
30.08.2021 00:50:45.928,6.30041,6.2997000000000005,1.5,1
30.08.2021 00:50:48.387,6.30035,6.29962,1.5,1
30.08.2021 00:50:48.438,6.30034,6.2996300000000005,1.5,1
30.08.2021 00:50:56.282,6.300280000000001,6.29957,1.5,1
30.08.2021 00:51:02.331,6.30027,6.29957,1,1
30.08.2021 00:51:02.450,6.30029,6.2995600000000005,1,1
30.08.2021 00:51:02.550,6.300400000000001,6.29969,1.5,1
30.08.2021 00:51:05.091,6.300400000000001,6.29969,1.5,1
30.08.2021 00:51:05.141,6.300330000000001,6.2996,1.5,1
30.08.2021 00:51:05.502,6.30032,6.29961,1.5,1
30.08.2021 00:51:05.553,6.30032,6.29961,1.5,1
30.08.2021 00:51:06.543,6.30039,6.29966,1.5,1
30.08.2021 00:51:07.147,6.30026,6.29967,1,1
30.08.2021 00:51:11.137,6.30027,6.29967,1,1
30.08.2021 00:51:12.374,6.30026,6.29967,1,1
30.08.2021 00:51:18.575,6.30026,6.2996,1,1
30.08.2021 00:51:18.626,6.30032,6.29959,1.5,1
30.08.2021 00:51:18.985,6.3003100000000005,6.2996,1.5,1
30.08.2021 00:51:25.249,6.3003100000000005,6.2996,1.5,1
30.08.2021 00:51:26.774,6.3003100000000005,6.2996,1.5,1
30.08.2021 00:51:27.800,6.3003100000000005,6.2996,1.5,1
30.08.2021 00:51:27.850,6.3003100000000005,6.2996,1.5,1
30.08.2021 00:51:27.993,6.3003100000000005,6.2996,1.5,1
30.08.2021 00:51:34.270,6.3003100000000005,6.2996,1.5,1
30.08.2021 00:51:37.287,6.30037,6.29933,1,1
30.08.2021 00:51:37.338,6.300230000000001,6.29952,1.5,1
30.08.2021 00:51:37.438,6.300230000000001,6.29952,1.12,1
30.08.2021 00:51:40.108,6.300230000000001,6.29952,1.5,1
30.08.2021 00:51:40.700,6.3002400000000005,6.29951,1.12,1
30.08.2021 00:51:44.869,6.300230000000001,6.29952,1.5,1
30.08.2021 00:51:44.920,6.300230000000001,6.29952,1.12,1
30.08.2021 00:51:49.596,6.3002400000000005,6.29951,1.5,1
30.08.2021 00:51:53.160,6.3003800000000005,6.29942,1,1.27
30.08.2021 00:51:53.210,6.300330000000001,6.29962,1.5,1
30.08.2021 00:51:54.841,6.30027,6.29962,1,1
30.08.2021 00:51:56.089,6.300330000000001,6.29962,1.5,1
30.08.2021 00:51:56.423,6.30025,6.29954,1.5,1
30.08.2021 00:51:59.494,6.300280000000001,6.29955,1.5,1
30.08.2021 00:52:00.747,6.30027,6.2995600000000005,1.5,1
30.08.2021 00:52:02.614,6.30027,6.2995600000000005,1.5,1
30.08.2021 00:52:02.664,6.30027,6.2995600000000005,1.5,1
30.08.2021 00:52:03.605,6.30025,6.29952,1.5,1
30.08.2021 00:52:03.660,6.30026,6.29951,1.5,1
30.08.2021 00:52:03.785,6.300190000000001,6.299480000000001,1.5,1
30.08.2021 00:52:03.886,6.300050000000001,6.299340000000001,1.5,1
30.08.2021 00:52:05.309,6.300050000000001,6.299340000000001,1.5,1
30.08.2021 00:52:05.570,6.300050000000001,6.299340000000001,1.5,1
30.08.2021 00:52:05.752,6.300050000000001,6.299340000000001,1.5,1
30.08.2021 00:52:05.853,6.29994,6.2992300000000006,1.5,1
30.08.2021 00:52:08.276,6.29995,6.29922,1.5,1
30.08.2021 00:52:10.699,6.29994,6.2992300000000006,1.5,1
30.08.2021 00:52:11.618,6.29994,6.2992300000000006,1,1.62
30.08.2021 00:52:11.782,6.30002,6.299390000000001,1,1
30.08.2021 00:52:11.883,6.3001000000000005,6.299390000000001,1.5,1
30.08.2021 00:52:11.933,6.30008,6.29938,1,1
30.08.2021 00:52:12.038,6.30007,6.299390000000001,1,1
30.08.2021 00:52:12.345,6.30002,6.29931,1.5,1
30.08.2021 00:52:12.849,6.30002,6.29931,1.5,1
30.08.2021 00:52:13.562,6.30002,6.29931,1.12,1
30.08.2021 00:52:17.048,6.30002,6.29931,1.5,1
30.08.2021 00:52:17.318,6.29994,6.2992300000000006,1.5,1
30.08.2021 00:52:17.419,6.29994,6.2992300000000006,1,1
30.08.2021 00:52:17.946,6.300050000000001,6.299340000000001,1.5,1
30.08.2021 00:52:18.097,6.30006,6.29933,1.5,1
30.08.2021 00:52:20.683,6.30006,6.2993500000000004,1.5,1
30.08.2021 00:52:34.986,6.30011,6.29942,1,1
30.08.2021 00:52:35.141,6.300140000000001,6.299430000000001,1.5,1
30.08.2021 00:52:37.610,6.300140000000001,6.299430000000001,1,1
30.08.2021 00:52:37.660,6.30016,6.299480000000001,1,1
30.08.2021 00:52:43.978,6.300140000000001,6.29941,1,1
30.08.2021 00:52:44.028,6.300140000000001,6.29941,1.5,1
30.08.2021 00:52:47.513,6.30008,6.29941,1,1
30.08.2021 00:52:50.335,6.29994,6.299390000000001,1,1
30.08.2021 00:52:50.386,6.30007,6.299390000000001,1,1
30.08.2021 00:52:51.363,6.30001,6.299300000000001,1.5,1
30.08.2021 00:52:53.711,6.30008,6.29938,1,1
30.08.2021 00:52:57.313,6.29995,6.299390000000001,1,1
30.08.2021 00:52:57.414,6.30008,6.29938,1,1
30.08.2021 00:53:00.199,6.29995,6.299390000000001,1,1
30.08.2021 00:53:00.742,6.30007,6.299390000000001,1,1
30.08.2021 00:53:01.598,6.30002,6.29929,1.5,1
30.08.2021 00:53:01.699,6.2999,6.299300000000001,1,1
30.08.2021 00:53:02.722,6.299910000000001,6.29927,1,1
30.08.2021 00:53:03.005,6.29995,6.29927,1,1
30.08.2021 00:53:03.321,6.300000000000001,6.29927,1,1
30.08.2021 00:53:03.372,6.300000000000001,6.29936,1,1
30.08.2021 00:53:07.291,6.29994,6.29936,1,1
30.08.2021 00:53:09.336,6.29995,6.299300000000001,1,1
30.08.2021 00:53:15.079,6.299980000000001,6.29931,1.5,1
30.08.2021 00:53:17.459,6.299980000000001,6.29931,1,1
30.08.2021 00:53:21.791,6.299930000000001,6.29931,1,1
30.08.2021 00:53:26.410,6.299930000000001,6.29926,1,1
30.08.2021 00:53:29.021,6.299980000000001,6.299250000000001,1.12,1
30.08.2021 00:53:32.265,6.30004,6.29931,1.5,1
30.08.2021 00:53:34.379,6.3000300000000005,6.29932,1,1
30.08.2021 00:53:35.245,6.30004,6.299130000000001,1,1.27
30.08.2021 00:53:37.733,6.3000300000000005,6.29932,1,1
30.08.2021 00:53:40.618,6.29999,6.29931,1,1
30.08.2021 00:53:40.794,6.299980000000001,6.29932,1.5,1
30.08.2021 00:53:41.209,6.299980000000001,6.29932,1,1
30.08.2021 00:53:41.767,6.29999,6.29932,1,1
30.08.2021 00:53:50.659,6.29995,6.29931,1,1
30.08.2021 00:53:50.773,6.29995,6.29902,1,1.27
30.08.2021 00:53:52.819,6.299930000000001,6.29922,1,1
30.08.2021 00:53:53.057,6.299930000000001,6.29922,1.5,1
30.08.2021 00:53:53.158,6.2998400000000006,6.299130000000001,1,1
30.08.2021 00:53:56.087,6.29989,6.2992300000000006,1,1
30.08.2021 00:53:57.943,6.29989,6.29926,1,1
30.08.2021 00:53:57.994,6.29994,6.29926,1,1
30.08.2021 00:53:58.094,6.29992,6.29921,1,1
30.08.2021 00:53:58.205,6.29989,6.29921,1,1
30.08.2021 00:53:58.486,6.29989,6.29924,1,1
30.08.2021 00:53:58.656,6.29989,6.29921,1,1
30.08.2021 00:54:07.309,6.29989,6.2992,1.2,1
30.08.2021 00:54:07.410,6.29989,6.2992,1.7,1
30.08.2021 00:54:07.642,6.299830000000001,6.29921,1,1
30.08.2021 00:54:09.117,6.29987,6.29921,1,1
30.08.2021 00:54:09.218,6.29975,6.299040000000001,1,1
30.08.2021 00:54:09.272,6.2996300000000005,6.299030000000001,1,1
30.08.2021 00:54:09.322,6.299580000000001,6.29887,1,1
30.08.2021 00:54:09.372,6.29951,6.29887,1,1
30.08.2021 00:54:09.473,6.299480000000001,6.29877,1,1
30.08.2021 00:54:09.523,6.29942,6.298760000000001,1,1
30.08.2021 00:54:09.624,6.2994,6.298690000000001,1,1
30.08.2021 00:54:09.826,6.2995,6.29879,1,1
30.08.2021 00:54:09.927,6.29957,6.29886,1.5,1
30.08.2021 00:54:10.229,6.29967,6.29898,1,1
30.08.2021 00:54:19.246,6.29967,6.299040000000001,1.12,1
30.08.2021 00:54:21.804,6.29973,6.299040000000001,1,1
30.08.2021 00:54:25.099,6.299790000000001,6.29912,1.5,1
30.08.2021 00:54:25.202,6.29978,6.299130000000001,1,1
30.08.2021 00:54:25.312,6.2998400000000006,6.299130000000001,1,1
30.08.2021 00:54:25.563,6.299880000000001,6.29922,1.5,1
30.08.2021 00:54:25.664,6.29985,6.29914,1,1
30.08.2021 00:54:31.178,6.299880000000001,6.29921,1,1
30.08.2021 00:54:31.424,6.299880000000001,6.29921,1.5,1
30.08.2021 00:54:31.575,6.299880000000001,6.29921,1,1
30.08.2021 00:54:31.626,6.29992,6.29921,1,1
30.08.2021 00:54:33.026,6.29989,6.29921,1,1
30.08.2021 00:54:36.041,6.299880000000001,6.29921,1,1
30.08.2021 00:54:36.553,6.299880000000001,6.2992300000000006,1,1
30.08.2021 00:54:52.406,6.29994,6.2992300000000006,1,1
30.08.2021 00:54:52.456,6.30004,6.29933,1.5,1
30.08.2021 00:54:52.557,6.30015,6.29946,1,1
30.08.2021 00:54:52.657,6.30017,6.29946,1,1
30.08.2021 00:54:54.170,6.30027,6.29987,1.12,1
30.08.2021 00:54:54.221,6.30025,6.29971,1,1
30.08.2021 00:54:54.321,6.30037,6.2997000000000005,1,1
30.08.2021 00:54:54.815,6.300330000000001,6.29971,1,1
30.08.2021 00:54:55.127,6.3003800000000005,6.29971,1,1
30.08.2021 00:54:56.993,6.30042,6.29971,1,1
30.08.2021 00:54:57.044,6.300590000000001,6.30007,1.5,1
30.08.2021 00:54:57.094,6.3006,6.30006,1,1
30.08.2021 00:54:57.195,6.300540000000001,6.2999,1,1
30.08.2021 00:54:57.313,6.30065,6.29995,1,1
30.08.2021 00:55:00.106,6.300660000000001,6.29995,1,1
30.08.2021 00:55:00.156,6.30081,6.300280000000001,1,1
30.08.2021 00:55:00.257,6.30082,6.30013,1,1
30.08.2021 00:55:00.409,6.3007100000000005,6.30008,1,1
30.08.2021 00:55:00.510,6.30051,6.29986,1,1
30.08.2021 00:55:00.683,6.30056,6.299930000000001,1,1
30.08.2021 00:55:00.784,6.3005,6.29987,1,1
30.08.2021 00:55:00.938,6.30042,6.299790000000001,1,1
30.08.2021 00:55:01.111,6.30042,6.29977,1,1
30.08.2021 00:55:01.312,6.30052,6.29989,1,1
30.08.2021 00:55:01.852,6.30044,6.29981,1,1
30.08.2021 00:55:02.253,6.3005,6.29985,1,1
30.08.2021 00:55:02.838,6.30044,6.29981,1,1
30.08.2021 00:55:02.999,6.300490000000001,6.29986,1,1
30.08.2021 00:55:04.760,6.300490000000001,6.299880000000001,1,1
30.08.2021 00:55:04.896,6.300750000000001,6.299880000000001,1,1.5
30.08.2021 00:55:04.947,6.3006400000000005,6.30001,1,1
30.08.2021 00:55:07.488,6.3007,6.30006,1,1
30.08.2021 00:55:10.570,6.300630000000001,6.29999,1,1
30.08.2021 00:55:21.669,6.301,6.2997000000000005,1,1
30.08.2021 00:55:21.719,6.30101,6.29969,1,1
30.08.2021 00:55:21.898,6.300660000000001,6.2997000000000005,1,1
30.08.2021 00:55:21.948,6.30088,6.2997000000000005,1,1
30.08.2021 00:55:21.999,6.30088,6.2997000000000005,1,1
30.08.2021 00:55:22.150,6.30048,6.299830000000001,1,1
30.08.2021 00:55:24.004,6.30042,6.299790000000001,1,1
30.08.2021 00:55:28.075,6.30042,6.29977,1,1.5
30.08.2021 00:55:28.271,6.3005,6.29985,1,1
30.08.2021 00:55:30.272,6.30042,6.29977,1,1
30.08.2021 00:55:30.385,6.30035,6.29968,1,1
30.08.2021 00:55:43.189,6.30035,6.29968,1,1.5
30.08.2021 00:55:43.356,6.30034,6.29969,1,1
30.08.2021 00:55:45.101,6.30025,6.2996,1,1.5
30.08.2021 00:55:45.267,6.30025,6.2996,1,1
30.08.2021 00:55:50.568,6.30025,6.2996,1.5,1
30.08.2021 00:55:51.509,6.300190000000001,6.29954,1.12,1
30.08.2021 00:55:51.815,6.300190000000001,6.29954,1.5,1
30.08.2021 00:55:53.585,6.3001000000000005,6.29945,1,1
30.08.2021 00:55:53.685,6.3002400000000005,6.29959,1.5,1
30.08.2021 00:55:53.786,6.300140000000001,6.2994900000000005,1.12,1
30.08.2021 00:55:54.237,6.300090000000001,6.29942,1,1
30.08.2021 00:56:10.328,6.3000300000000005,6.29936,1,1.5
30.08.2021 00:56:10.378,6.30002,6.29937,1,1
30.08.2021 00:56:11.055,6.30002,6.29937,1,1.5
30.08.2021 00:56:14.552,6.30002,6.29937,1,1.5
30.08.2021 00:56:14.666,6.3000300000000005,6.29942,1,1
30.08.2021 00:56:14.767,6.30002,6.29952,1,1.5
30.08.2021 00:56:14.859,6.30047,6.29952,1,1.5
30.08.2021 00:56:14.910,6.300230000000001,6.299580000000001,1,1
30.08.2021 00:56:15.650,6.300230000000001,6.299580000000001,1,1.5
30.08.2021 00:56:16.457,6.300230000000001,6.2996,1,1
30.08.2021 00:56:16.713,6.30035,6.29977,1,1
30.08.2021 00:56:16.814,6.30035,6.29982,1,1.2
30.08.2021 00:56:16.864,6.30044,6.299790000000001,1,1.5
30.08.2021 00:56:17.383,6.30052,6.29987,1,1
30.08.2021 00:56:18.483,6.30044,6.299790000000001,1,1
30.08.2021 00:56:19.701,6.30044,6.299790000000001,1.5,1
30.08.2021 00:56:19.801,6.30026,6.29959,1,1.12
30.08.2021 00:56:21.500,6.30025,6.2996300000000005,1,1.2
30.08.2021 00:56:23.672,6.30029,6.29964,1,1
30.08.2021 00:56:25.912,6.30029,6.29964,1,1.5
30.08.2021 00:56:26.676,6.3003,6.2996300000000005,1,1
30.08.2021 00:56:27.120,6.3002,6.2995600000000005,1,1
30.08.2021 00:56:27.221,6.30021,6.29954,1,1.12
30.08.2021 00:56:30.792,6.300230000000001,6.299580000000001,1,1
30.08.2021 00:56:31.582,6.300230000000001,6.299580000000001,1,1.5
30.08.2021 00:56:31.685,6.3003,6.299650000000001,1,1
30.08.2021 00:56:32.061,6.3003100000000005,6.29964,1,1.5
30.08.2021 00:56:32.665,6.3003,6.29968,1,1
30.08.2021 00:56:34.265,6.30036,6.29971,1,1
30.08.2021 00:56:35.922,6.30026,6.2996300000000005,1,1
30.08.2021 00:56:43.507,6.30026,6.29961,1,1.12
30.08.2021 00:56:43.612,6.30047,6.299530000000001,1,1
30.08.2021 00:56:43.663,6.300180000000001,6.299530000000001,1,1.62
30.08.2021 00:56:43.774,6.300180000000001,6.299530000000001,1,1.62
30.08.2021 00:56:44.156,6.30025,6.29962,1,1
30.08.2021 00:56:44.938,6.30037,6.29972,1,1
30.08.2021 00:56:45.066,6.3003100000000005,6.29966,1,1
30.08.2021 00:56:45.442,6.300190000000001,6.29954,1,1.5
30.08.2021 00:56:46.651,6.30026,6.29961,1,1
30.08.2021 00:56:48.333,6.300180000000001,6.299530000000001,1,1
30.08.2021 00:56:50.742,6.30011,6.29946,1,1
30.08.2021 00:56:50.893,6.30001,6.29936,1,1.5
30.08.2021 00:56:52.230,6.3001000000000005,6.299430000000001,1,1
30.08.2021 00:56:53.443,6.30007,6.2994,1,1.5
30.08.2021 00:56:55.954,6.300090000000001,6.299440000000001,1,1
30.08.2021 00:57:06.809,6.30037,6.29941,1,1
30.08.2021 00:57:07.138,6.30037,6.299430000000001,1,1
30.08.2021 00:57:07.259,6.3003800000000005,6.29942,1,1
30.08.2021 00:57:07.499,6.30037,6.29946,1,1
30.08.2021 00:57:07.600,6.300180000000001,6.299530000000001,1,1
30.08.2021 00:57:11.380,6.3001000000000005,6.29945,1,1.12
30.08.2021 00:57:12.703,6.3002,6.299530000000001,1,1
30.08.2021 00:57:12.804,6.300190000000001,6.29954,1,1.5
30.08.2021 00:57:13.034,6.300190000000001,6.29954,1,1.5
30.08.2021 00:57:13.084,6.30027,6.29962,1,1.12
30.08.2021 00:57:21.153,6.30067,6.29945,1,1
30.08.2021 00:57:21.278,6.30043,6.29945,1,1
30.08.2021 00:57:23.050,6.30021,6.2995600000000005,1,1.5
30.08.2021 00:57:23.100,6.30021,6.2995600000000005,1,1
30.08.2021 00:57:23.251,6.30008,6.299430000000001,1,1
30.08.2021 00:57:23.585,6.30001,6.29936,1,1
30.08.2021 00:57:28.329,6.29999,6.299340000000001,1,1.5
30.08.2021 00:57:36.120,6.30027,6.29933,1,1
30.08.2021 00:57:52.997,6.29992,6.29927,1,1.5
30.08.2021 00:57:53.047,6.29992,6.29927,1,1
30.08.2021 00:57:53.098,6.2998400000000006,6.29919,1,1
30.08.2021 00:57:53.495,6.29978,6.299130000000001,1,1
30.08.2021 00:57:55.440,6.2997000000000005,6.299130000000001,1,1.2
30.08.2021 00:57:55.490,6.2997000000000005,6.29905,1,1.5
30.08.2021 00:57:55.555,6.2997000000000005,6.2991,1,1
30.08.2021 00:57:58.100,6.2997000000000005,6.299130000000001,1,1
30.08.2021 00:58:01.952,6.2997000000000005,6.29912,1,1
30.08.2021 00:58:03.629,6.2997000000000005,6.29905,1,1.5
30.08.2021 00:58:04.525,6.29971,6.29906,1,1.12
30.08.2021 00:58:08.362,6.29972,6.29907,1,1
30.08.2021 00:58:11.669,6.29975,6.2991,1,1
30.08.2021 00:58:15.616,6.29972,6.29907,1,1
30.08.2021 00:58:22.316,6.29981,6.29914,1,1
30.08.2021 00:58:28.965,6.29975,6.2991,1,1
30.08.2021 00:58:31.066,6.29981,6.2991600000000005,1,1
30.08.2021 00:58:32.886,6.2998,6.299130000000001,1,1
30.08.2021 00:58:35.180,6.29989,6.29922,1,1
30.08.2021 00:58:35.330,6.29976,6.29911,1,1
30.08.2021 00:58:47.646,6.2997000000000005,6.29905,1,1
30.08.2021 00:58:47.701,6.2999,6.299030000000001,1.5,1.27
30.08.2021 00:58:47.851,6.2999,6.299130000000001,1.5,1.27
30.08.2021 00:58:48.170,6.2999,6.299030000000001,1.5,1.27
30.08.2021 00:58:48.221,6.2999,6.299030000000001,1.5,1.7
30.08.2021 00:58:48.561,6.2999,6.299030000000001,1.5,1.27
30.08.2021 00:58:48.623,6.299910000000001,6.29902,1.5,1.7
30.08.2021 00:58:48.967,6.299910000000001,6.29902,1.5,1.27
30.08.2021 00:58:49.067,6.2999,6.299030000000001,1.5,1.7
30.08.2021 00:58:49.352,6.2999,6.299030000000001,1.5,1.27
30.08.2021 00:58:49.452,6.2999,6.299030000000001,1.5,1.7
30.08.2021 00:58:49.753,6.2999,6.299030000000001,1.5,1.27
30.08.2021 00:58:49.853,6.2999,6.299030000000001,1.5,1.7
30.08.2021 00:58:50.152,6.2999,6.299030000000001,1.5,1.27
30.08.2021 00:58:50.252,6.2999,6.299030000000001,1.5,1.7
30.08.2021 00:58:51.245,6.2999,6.299030000000001,1.5,1.27
30.08.2021 00:58:53.824,6.299930000000001,6.299030000000001,1.5,1.27
30.08.2021 00:58:53.924,6.2999600000000004,6.29896,1.5,1
30.08.2021 00:58:53.975,6.2999600000000004,6.29896,1.5,1
30.08.2021 00:58:54.076,6.29987,6.29893,1,1.27
30.08.2021 00:58:55.408,6.2999600000000004,6.29893,1.5,1
30.08.2021 00:58:55.492,6.2999600000000004,6.298940000000001,1.5,1
30.08.2021 00:58:56.507,6.2999600000000004,6.29893,1.5,1
30.08.2021 00:58:58.437,6.2999600000000004,6.298940000000001,1.5,1
30.08.2021 00:59:00.255,6.299790000000001,6.29892,1.5,1
30.08.2021 00:59:01.800,6.29978,6.29893,1.5,1.27
30.08.2021 00:59:04.069,6.29978,6.29893,1.12,1
30.08.2021 00:59:04.120,6.29978,6.29902,1,1
30.08.2021 00:59:05.590,6.299790000000001,6.299030000000001,1.12,1.27
30.08.2021 00:59:06.842,6.2998,6.29902,1,1.7
30.08.2021 00:59:13.229,6.29985,6.299180000000001,1,1
30.08.2021 00:59:14.270,6.29977,6.2991,1,1.5
30.08.2021 00:59:14.531,6.29977,6.2991,1,1
30.08.2021 00:59:15.094,6.29976,6.29911,1,1.5
30.08.2021 00:59:15.245,6.29986,6.29921,1,1
30.08.2021 00:59:26.773,6.30008,6.2991,1,1
30.08.2021 00:59:26.873,6.2998,6.299130000000001,1,1
30.08.2021 00:59:28.212,6.299790000000001,6.29914,1.5,1
30.08.2021 00:59:28.263,6.299790000000001,6.29914,1.5,1
30.08.2021 00:59:28.363,6.2996300000000005,6.29898,1,1
30.08.2021 00:59:28.832,6.2995600000000005,6.29891,1,1
30.08.2021 00:59:34.231,6.29957,6.298900000000001,1,1.5
30.08.2021 00:59:38.108,6.2995600000000005,6.29893,1,1.5
30.08.2021 00:59:38.211,6.2995600000000005,6.299030000000001,1,1
30.08.2021 00:59:38.375,6.29975,6.2991,1,1
30.08.2021 00:59:56.660,6.29975,6.2991,1,1.5
30.08.2021 00:59:56.876,6.29997,6.299030000000001,1,1
30.08.2021 00:59:57.656,6.299740000000001,6.2990900000000005,1,1.5
30.08.2021 01:00:01.530,6.299740000000001,6.2990900000000005,1,1
30.08.2021 01:00:01.580,6.29968,6.299030000000001,1,1.12
30.08.2021 01:00:01.685,6.29968,6.299030000000001,1.5,1
30.08.2021 01:00:01.735,6.29968,6.299030000000001,1,1
30.08.2021 01:00:02.682,6.2996300000000005,6.29896,1,1
30.08.2021 01:00:07.945,6.29968,6.299030000000001,1,1.5
30.08.2021 01:00:08.046,6.29968,6.299030000000001,1,1.62
30.08.2021 01:00:08.259,6.29976,6.29911,1,1
30.08.2021 01:00:09.932,6.29969,6.29902,1,1.5
30.08.2021 01:00:10.171,6.29968,6.299030000000001,1,1
30.08.2021 01:00:11.155,6.29968,6.299030000000001,1.5,1
30.08.2021 01:00:11.405,6.29969,6.29902,1,1
30.08.2021 01:00:12.207,6.29969,6.29902,1.5,1
30.08.2021 01:00:12.257,6.2996,6.298940000000001,1,1
30.08.2021 01:00:13.822,6.2996,6.298940000000001,1,1.5
30.08.2021 01:00:13.923,6.2996,6.299030000000001,1,1
30.08.2021 01:00:13.973,6.29971,6.299030000000001,1,1.5
30.08.2021 01:00:14.124,6.2997000000000005,6.299040000000001,1,1
30.08.2021 01:00:14.829,6.299880000000001,6.29892,1,1
30.08.2021 01:00:16.719,6.29987,6.29893,1,1
30.08.2021 01:00:16.836,6.29967,6.298990000000001,1,1
30.08.2021 01:00:27.110,6.29987,6.29893,1,1.27
30.08.2021 01:00:32.371,6.29987,6.29893,1,1
30.08.2021 01:00:32.472,6.299880000000001,6.298990000000001,1,1
30.08.2021 01:00:32.572,6.29987,6.29893,1,1
30.08.2021 01:00:33.461,6.2996300000000005,6.29897,1,1.5
30.08.2021 01:00:34.798,6.2996300000000005,6.29897,1,1
30.08.2021 01:00:35.636,6.29962,6.29896,1,1
30.08.2021 01:00:51.778,6.2996,6.29897,1,1
30.08.2021 01:00:51.960,6.2996300000000005,6.29896,1,1
30.08.2021 01:00:52.638,6.29962,6.299030000000001,1,1
30.08.2021 01:00:52.702,6.29972,6.29907,1,1
30.08.2021 01:00:52.815,6.29972,6.29907,1,1.5
30.08.2021 01:00:52.866,6.299790000000001,6.29912,1,1.12
30.08.2021 01:00:53.824,6.29978,6.299130000000001,1,1.62
30.08.2021 01:00:53.940,6.2998400000000006,6.2992300000000006,1,1.27
30.08.2021 01:00:54.091,6.29995,6.299340000000001,1,1.12
30.08.2021 01:00:54.279,6.29995,6.299340000000001,1,1.5
30.08.2021 01:00:54.330,6.30007,6.29946,1,1
30.08.2021 01:00:54.911,6.3002,6.299430000000001,1,1
30.08.2021 01:00:54.961,6.30013,6.29952,1,1
30.08.2021 01:00:58.026,6.300050000000001,6.299440000000001,1,1
30.08.2021 01:01:00.564,6.300000000000001,6.29938,1,1
30.08.2021 01:01:08.086,6.300000000000001,6.299430000000001,1,1.2
30.08.2021 01:01:09.643,6.30008,6.29946,1,1
30.08.2021 01:01:14.117,6.30008,6.29946,1.5,1
30.08.2021 01:01:14.168,6.29997,6.2993500000000004,1,1
30.08.2021 01:01:14.268,6.29992,6.299300000000001,1,1
30.08.2021 01:01:15.608,6.299930000000001,6.29929,1.5,1
30.08.2021 01:01:17.534,6.29982,6.2992,1,1
30.08.2021 01:01:17.827,6.29989,6.29927,1,1
30.08.2021 01:01:18.192,6.29999,6.2993500000000004,1,1
30.08.2021 01:01:20.200,6.30006,6.299430000000001,1,1
30.08.2021 01:01:22.086,6.30015,6.2995,1,1
30.08.2021 01:01:22.187,6.300140000000001,6.29951,1,1.5
30.08.2021 01:01:22.288,6.30029,6.29964,1,1
30.08.2021 01:01:25.487,6.300180000000001,6.29954,1,1.5
30.08.2021 01:01:25.538,6.300180000000001,6.29954,1,1
30.08.2021 01:01:25.753,6.300140000000001,6.2995,1,1
30.08.2021 01:01:34.386,6.300280000000001,6.29932,1,1
30.08.2021 01:01:35.173,6.30006,6.29942,1,1
30.08.2021 01:01:45.800,6.300280000000001,6.29932,1,1
30.08.2021 01:01:49.540,6.30027,6.2992300000000006,1,1
30.08.2021 01:01:49.740,6.300000000000001,6.29936,1,1
30.08.2021 01:01:49.859,6.30002,6.29938,1,1
30.08.2021 01:01:55.270,6.300090000000001,6.29945,1,1
30.08.2021 01:01:57.633,6.30002,6.29938,1,1
30.08.2021 01:02:01.151,6.29994,6.29932,1,1
30.08.2021 01:02:01.422,6.30002,6.299390000000001,1,1
30.08.2021 01:02:03.036,6.300050000000001,6.29942,1,1
30.08.2021 01:02:05.974,6.29999,6.2993500000000004,1,1.12
30.08.2021 01:02:13.004,6.29999,6.2993500000000004,1,1.5
30.08.2021 01:02:13.059,6.30007,6.299430000000001,1,1
30.08.2021 01:02:14.940,6.30004,6.2994,1,1
30.08.2021 01:02:15.586,6.30004,6.2994,1,1.5
30.08.2021 01:02:16.041,6.30004,6.299430000000001,1,1
30.08.2021 01:02:17.869,6.30016,6.29952,1.12,1
30.08.2021 01:02:17.920,6.30007,6.299430000000001,1,1.12
30.08.2021 01:02:20.430,6.3001000000000005,6.29946,1,1
30.08.2021 01:02:20.850,6.30004,6.29938,1,1.12
30.08.2021 01:02:29.158,6.29997,6.29932,1,1
30.08.2021 01:02:29.209,6.2999600000000004,6.29932,1,1
30.08.2021 01:02:29.329,6.2998400000000006,6.2992,1,1.5
30.08.2021 01:02:29.758,6.2998400000000006,6.2992,1,1.5
30.08.2021 01:02:30.068,6.2998400000000006,6.2992,1,1
30.08.2021 01:02:30.245,6.29977,6.29911,1,1.5
30.08.2021 01:02:41.803,6.29976,6.29912,1,1
30.08.2021 01:02:45.470,6.299980000000001,6.29902,1,1
30.08.2021 01:02:45.939,6.2997000000000005,6.299080000000001,1,1.5
30.08.2021 01:02:48.801,6.2997000000000005,6.299080000000001,1,1
30.08.2021 01:02:50.741,6.29978,6.29914,1,1
30.08.2021 01:02:54.823,6.299980000000001,6.29902,1,1
30.08.2021 01:02:55.010,6.29997,6.299030000000001,1,1
30.08.2021 01:02:55.160,6.29986,6.29922,1,1
30.08.2021 01:02:55.261,6.299740000000001,6.29912,1,1
30.08.2021 01:03:02.443,6.299740000000001,6.299130000000001,1,1.2
30.08.2021 01:03:02.601,6.29975,6.29911,1,1
30.08.2021 01:03:07.102,6.299740000000001,6.299130000000001,1,1.2
30.08.2021 01:03:07.398,6.299740000000001,6.29912,1,1
30.08.2021 01:03:10.062,6.299740000000001,6.29914,1,1
30.08.2021 01:03:13.487,6.2997000000000005,6.299080000000001,1,1
30.08.2021 01:03:13.637,6.29962,6.29902,1,1.2
30.08.2021 01:03:13.688,6.29961,6.29901,1,1
30.08.2021 01:03:14.038,6.2995,6.298900000000001,1,1
30.08.2021 01:03:29.029,6.29957,6.29897,1,1
30.08.2021 01:03:29.151,6.29957,6.29897,1,1.5
30.08.2021 01:03:29.315,6.29969,6.2990900000000005,1,1
30.08.2021 01:03:30.741,6.29973,6.299130000000001,1,1
30.08.2021 01:03:32.388,6.29981,6.29919,1,1
30.08.2021 01:03:33.123,6.29994,6.299340000000001,1,1.5
30.08.2021 01:03:33.274,6.30001,6.29941,1,1
30.08.2021 01:03:34.397,6.30004,6.299440000000001,1,1
30.08.2021 01:03:36.045,6.30013,6.299530000000001,1,1
30.08.2021 01:03:44.087,6.30037,6.299430000000001,1,1
30.08.2021 01:03:44.266,6.30037,6.299430000000001,1,1
30.08.2021 01:03:44.316,6.3003800000000005,6.299440000000001,1,1
30.08.2021 01:03:44.417,6.3002400000000005,6.29964,1,1
30.08.2021 01:03:47.708,6.30017,6.29955,1,1
30.08.2021 01:03:47.913,6.30008,6.299480000000001,1,1.12
30.08.2021 01:03:49.247,6.300140000000001,6.29954,1.12,1
30.08.2021 01:03:49.749,6.30001,6.29941,1,1
30.08.2021 01:03:49.900,6.2998400000000006,6.29924,1,1.5
30.08.2021 01:03:49.951,6.2998400000000006,6.29924,1,1
30.08.2021 01:03:57.072,6.29978,6.2991600000000005,1,1
30.08.2021 01:04:00.202,6.29986,6.29926,1,1
30.08.2021 01:04:02.264,6.29994,6.299340000000001,1,1.5
30.08.2021 01:04:02.365,6.29994,6.299340000000001,1,1.5
30.08.2021 01:04:03.677,6.29994,6.299340000000001,1,1.5
30.08.2021 01:04:04.200,6.29994,6.299340000000001,1,1.5
30.08.2021 01:04:04.942,6.3001000000000005,6.2995,1,1
30.08.2021 01:04:04.993,6.3001000000000005,6.2995,1,1.5
30.08.2021 01:04:05.119,6.3001000000000005,6.2995,1,1.5
30.08.2021 01:04:10.821,6.3002400000000005,6.29964,1,1
30.08.2021 01:04:11.129,6.3002400000000005,6.29964,1,1.5
30.08.2021 01:04:11.179,6.30025,6.2996300000000005,1,1.5
30.08.2021 01:04:12.785,6.30029,6.29967,1,1.12
30.08.2021 01:04:14.189,6.300180000000001,6.299580000000001,1,1.5
30.08.2021 01:04:14.239,6.300180000000001,6.299580000000001,1,1
30.08.2021 01:04:14.346,6.300090000000001,6.2994900000000005,1,1.12
30.08.2021 01:04:14.809,6.30027,6.29933,1,1
30.08.2021 01:04:14.859,6.300090000000001,6.2994900000000005,1,1
30.08.2021 01:04:21.639,6.30004,6.299440000000001,1,1
30.08.2021 01:04:23.775,6.3001000000000005,6.2995,1,1
30.08.2021 01:04:27.294,6.30001,6.29941,1,1
30.08.2021 01:04:27.685,6.30001,6.29941,1,1.5
30.08.2021 01:04:27.854,6.30001,6.29941,1,1
30.08.2021 01:04:29.721,6.3000300000000005,6.29941,1,1
30.08.2021 01:04:29.846,6.300090000000001,6.2994900000000005,1,1
30.08.2021 01:04:29.947,6.30012,6.29952,1,1
30.08.2021 01:04:31.776,6.30012,6.29952,1,1.5
30.08.2021 01:04:31.826,6.300180000000001,6.299580000000001,1,1.12
30.08.2021 01:04:34.083,6.300180000000001,6.299580000000001,1,1.5
30.08.2021 01:04:34.705,6.300180000000001,6.2996300000000005,1,1.2
30.08.2021 01:04:34.786,6.300180000000001,6.299580000000001,1,1.5
30.08.2021 01:04:34.887,6.300280000000001,6.29968,1,1
30.08.2021 01:04:37.345,6.30021,6.29959,1,1.5
30.08.2021 01:04:43.856,6.30026,6.29966,1,1
30.08.2021 01:04:46.191,6.30016,6.2995600000000005,1,1
30.08.2021 01:04:46.569,6.300140000000001,6.29952,1,1
30.08.2021 01:04:54.346,6.30006,6.29946,1,1
30.08.2021 01:04:59.195,6.29997,6.29937,1,1
30.08.2021 01:04:59.723,6.299980000000001,6.29938,1,1
30.08.2021 01:05:00.733,6.300090000000001,6.29947,1,1
30.08.2021 01:05:03.097,6.30008,6.299480000000001,1,1.5
30.08.2021 01:05:03.722,6.30016,6.2995600000000005,1,1
30.08.2021 01:05:03.823,6.30016,6.2995600000000005,1,1.5
30.08.2021 01:05:04.954,6.30016,6.2995600000000005,1,1.5
30.08.2021 01:05:05.415,6.300230000000001,6.2996300000000005,1,1.12
30.08.2021 01:05:12.045,6.30016,6.2995600000000005,1,1
30.08.2021 01:05:13.283,6.30016,6.2995600000000005,1,1.5
30.08.2021 01:05:13.384,6.30017,6.29955,1,1.5
30.08.2021 01:05:13.442,6.300230000000001,6.2996300000000005,1,1
30.08.2021 01:05:15.922,6.30027,6.29967,1,1
30.08.2021 01:05:16.165,6.30027,6.29967,1,1.5
30.08.2021 01:05:20.160,6.30027,6.29967,1,1.5
30.08.2021 01:05:20.445,6.30032,6.29972,1,1
30.08.2021 01:05:20.760,6.30039,6.299790000000001,1,1
30.08.2021 01:05:20.861,6.300490000000001,6.29989,1,1
30.08.2021 01:05:22.735,6.300490000000001,6.29989,1,1.5
30.08.2021 01:05:22.785,6.300590000000001,6.29999,1,1
30.08.2021 01:05:23.914,6.30053,6.299930000000001,1,1.12
30.08.2021 01:05:25.936,6.300630000000001,6.3000300000000005,1,1
30.08.2021 01:05:26.381,6.3007100000000005,6.30011,1,1
30.08.2021 01:05:27.616,6.3006400000000005,6.30004,1,1
30.08.2021 01:05:34.602,6.3006400000000005,6.30004,1,1.5
30.08.2021 01:05:34.876,6.30087,6.299930000000001,1,1
30.08.2021 01:05:34.954,6.30087,6.299930000000001,1,1
30.08.2021 01:05:35.557,6.300730000000001,6.30013,1,1
30.08.2021 01:05:35.711,6.3006,6.300000000000001,1,1
30.08.2021 01:05:39.949,6.30056,6.29994,1,1
30.08.2021 01:05:40.487,6.3006,6.300000000000001,1,1
30.08.2021 01:05:40.927,6.3006,6.3000300000000005,1,1.2
30.08.2021 01:05:41.028,6.3006,6.300000000000001,1,1.5
30.08.2021 01:05:41.179,6.30076,6.30016,1,1
30.08.2021 01:05:41.229,6.30076,6.30016,1.5,1
30.08.2021 01:05:42.712,6.3006400000000005,6.30004,1,1
30.08.2021 01:05:52.985,6.30087,6.299930000000001,1,1
30.08.2021 01:05:53.248,6.30072,6.30012,1,1
30.08.2021 01:05:57.563,6.30061,6.30001,1,1
30.08.2021 01:05:58.909,6.30056,6.29994,1,1
30.08.2021 01:05:59.013,6.30065,6.3000300000000005,1,1
30.08.2021 01:05:59.170,6.300730000000001,6.30013,1,1
30.08.2021 01:06:02.760,6.300630000000001,6.3000300000000005,1,1
30.08.2021 01:06:03.149,6.30055,6.29995,1,1
30.08.2021 01:06:05.837,6.3006,6.300000000000001,1,1
30.08.2021 01:06:05.938,6.30072,6.3001000000000005,1,1
30.08.2021 01:06:06.208,6.30061,6.30001,1,1
30.08.2021 01:06:06.532,6.30052,6.29992,1,1
30.08.2021 01:06:12.549,6.30051,6.299910000000001,1,1
30.08.2021 01:06:14.898,6.30056,6.2999600000000004,1,1
30.08.2021 01:06:16.284,6.300490000000001,6.29989,1,1.12
30.08.2021 01:06:20.439,6.30052,6.29992,1,1
30.08.2021 01:06:20.586,6.30061,6.29999,1,1
30.08.2021 01:06:22.663,6.300680000000001,6.30008,1,1
30.08.2021 01:06:22.830,6.30069,6.30007,1,1.5
30.08.2021 01:06:22.880,6.30077,6.30015,1,1
30.08.2021 01:06:26.770,6.30095,6.30013,1.5,1
30.08.2021 01:06:33.838,6.30095,6.300050000000001,1,1.5
30.08.2021 01:06:33.939,6.30081,6.300190000000001,1,1.12
30.08.2021 01:06:35.569,6.300800000000001,6.3002,1,1.5
30.08.2021 01:06:35.624,6.30086,6.30026,1,1
30.08.2021 01:06:37.424,6.30086,6.3002400000000005,1,1
30.08.2021 01:06:42.029,6.3007800000000005,6.300180000000001,1,1
30.08.2021 01:06:44.853,6.30097,6.3000300000000005,1,1
30.08.2021 01:06:45.195,6.30097,6.3000300000000005,1,1
30.08.2021 01:06:45.297,6.3007100000000005,6.30011,1,1
30.08.2021 01:06:45.402,6.3006400000000005,6.30002,1,1
30.08.2021 01:06:46.204,6.3005700000000004,6.29997,1,1
30.08.2021 01:06:48.475,6.300580000000001,6.2999600000000004,1,1.5
30.08.2021 01:06:48.525,6.300630000000001,6.3000300000000005,1,1.12
30.08.2021 01:06:48.741,6.3007,6.3001000000000005,1,1
30.08.2021 01:06:58.804,6.300590000000001,6.29997,1,1
30.08.2021 01:06:59.576,6.30053,6.299910000000001,1,1
30.08.2021 01:07:08.901,6.3004500000000005,6.29985,1,1
30.08.2021 01:07:09.002,6.300400000000001,6.29978,1,1
30.08.2021 01:07:09.220,6.3002400000000005,6.29964,1,1.5
30.08.2021 01:07:12.076,6.3002400000000005,6.29964,1,1.5
30.08.2021 01:07:12.375,6.30041,6.29981,1,1
30.08.2021 01:07:16.795,6.30042,6.2998,1.5,1
30.08.2021 01:07:16.902,6.30021,6.29961,1,1
30.08.2021 01:07:23.872,6.30021,6.29961,1,1.5
30.08.2021 01:07:24.400,6.3003100000000005,6.29971,1,1
30.08.2021 01:07:24.551,6.3003100000000005,6.29971,1.5,1
30.08.2021 01:07:24.690,6.30027,6.29971,1,1
30.08.2021 01:07:24.740,6.30027,6.29971,1,1
30.08.2021 01:07:24.791,6.30032,6.2997000000000005,1.5,1
30.08.2021 01:07:24.891,6.30013,6.299530000000001,1,1
30.08.2021 01:07:27.419,6.3002,6.2996,1,1.12
30.08.2021 01:07:31.809,6.3002,6.2996,1,1.5
30.08.2021 01:07:33.617,6.300280000000001,6.29968,1,1
30.08.2021 01:07:35.638,6.30022,6.29962,1,1
30.08.2021 01:07:35.755,6.30022,6.29962,1.5,1
30.08.2021 01:07:35.907,6.30022,6.29962,1.5,1
30.08.2021 01:07:35.958,6.30011,6.29951,1,1
30.08.2021 01:07:37.827,6.30016,6.2995600000000005,1.5,1
30.08.2021 01:07:38.986,6.30004,6.29942,1,1
30.08.2021 01:07:40.083,6.30008,6.299480000000001,1,1
30.08.2021 01:07:40.184,6.29997,6.2993500000000004,1,1
30.08.2021 01:07:43.222,6.2999600000000004,6.29936,1,1.5
30.08.2021 01:07:48.681,6.2999600000000004,6.29936,1,1.12
30.08.2021 01:07:48.732,6.30004,6.299440000000001,1,1
30.08.2021 01:07:48.920,6.29997,6.29937,1,1
30.08.2021 01:07:58.720,6.299880000000001,6.29928,1,1
30.08.2021 01:07:58.843,6.29977,6.29915,1,1.5
30.08.2021 01:07:59.513,6.29977,6.29915,1,1
30.08.2021 01:08:06.410,6.29968,6.299080000000001,1,1.5
30.08.2021 01:08:11.587,6.299740000000001,6.29912,1,1
30.08.2021 01:08:23.987,6.299740000000001,6.29912,1,1.5
30.08.2021 01:08:24.038,6.299830000000001,6.2992300000000006,1,1
30.08.2021 01:08:26.787,6.29976,6.2991600000000005,1,1
30.08.2021 01:08:32.676,6.299790000000001,6.29919,1,1
30.08.2021 01:08:38.063,6.299790000000001,6.29919,1.5,1
30.08.2021 01:08:38.214,6.29959,6.298990000000001,1,1
30.08.2021 01:08:38.645,6.29959,6.298990000000001,1,1.5
30.08.2021 01:08:45.128,6.29971,6.29911,1,1
30.08.2021 01:08:48.228,6.299580000000001,6.29896,1,1.5
30.08.2021 01:08:48.997,6.29959,6.29898,1,1.5
30.08.2021 01:08:49.135,6.29957,6.29897,1,1.5
30.08.2021 01:08:50.537,6.29957,6.29897,1,1.5
30.08.2021 01:08:50.688,6.29957,6.299080000000001,1,1
30.08.2021 01:08:50.838,6.29969,6.2990900000000005,1,1
30.08.2021 01:09:00.161,6.29997,6.299080000000001,1,1
30.08.2021 01:09:01.191,6.299980000000001,6.299030000000001,1,1
30.08.2021 01:09:02.146,6.29997,6.29905,1,1
30.08.2021 01:09:05.241,6.29997,6.29912,1,1
30.08.2021 01:09:05.302,6.29997,6.299040000000001,1,1
30.08.2021 01:09:05.881,6.299740000000001,6.29914,1,1
30.08.2021 01:09:19.556,6.29969,6.29907,1,1.5
30.08.2021 01:09:20.921,6.29968,6.29912,1,1
30.08.2021 01:09:21.972,6.29976,6.2991600000000005,1,1
30.08.2021 01:09:34.590,6.29976,6.2991600000000005,1.5,1
30.08.2021 01:09:34.913,6.29977,6.29884,1,1
30.08.2021 01:09:35.815,6.29959,6.298990000000001,1,1
30.08.2021 01:09:36.262,6.29967,6.29907,1,1
30.08.2021 01:09:37.527,6.29967,6.29907,1,1.5
30.08.2021 01:09:41.559,6.29968,6.299080000000001,1,1.5
30.08.2021 01:09:41.812,6.29968,6.29912,1,1
30.08.2021 01:09:44.871,6.29968,6.299080000000001,1,1.5
30.08.2021 01:09:45.093,6.29969,6.29911,1,1
30.08.2021 01:09:45.763,6.29969,6.29907,1,1.5
30.08.2021 01:09:46.440,6.29969,6.29911,1,1
30.08.2021 01:09:47.549,6.29968,6.299080000000001,1,1.5
30.08.2021 01:09:53.565,6.29969,6.29911,1,1
30.08.2021 01:09:54.801,6.29969,6.29907,1,1.5
30.08.2021 01:09:54.902,6.29968,6.29912,1,1
30.08.2021 01:09:54.952,6.29975,6.29915,1,1
30.08.2021 01:10:05.413,6.2997000000000005,6.2991,1,1
30.08.2021 01:10:05.564,6.299580000000001,6.29901,1,1
30.08.2021 01:10:05.614,6.299580000000001,6.29898,1,1
30.08.2021 01:10:07.553,6.299650000000001,6.29905,1,1
30.08.2021 01:10:09.832,6.29964,6.299040000000001,1,1
30.08.2021 01:10:23.493,6.29964,6.298730000000001,1,1
30.08.2021 01:10:26.959,6.29961,6.29901,1,1
30.08.2021 01:10:28.827,6.299530000000001,6.29893,1,1
30.08.2021 01:10:31.180,6.299580000000001,6.29896,1,1
30.08.2021 01:10:35.709,6.29955,6.2989500000000005,1,1
30.08.2021 01:10:42.176,6.29959,6.298990000000001,1,1
30.08.2021 01:10:44.053,6.299530000000001,6.29891,1,1
30.08.2021 01:10:46.890,6.29954,6.298940000000001,1,1
30.08.2021 01:10:47.107,6.29946,6.29886,1,1
30.08.2021 01:10:48.030,6.299390000000001,6.29879,1,1
30.08.2021 01:10:50.429,6.2994,6.298780000000001,1,1.5
30.08.2021 01:10:51.747,6.299390000000001,6.29879,1,1.5
30.08.2021 01:10:51.797,6.29947,6.29887,1,1.12
30.08.2021 01:10:51.998,6.2995600000000005,6.29896,1,1
30.08.2021 01:11:03.180,6.2995600000000005,6.2989500000000005,1,1
30.08.2021 01:11:07.458,6.29955,6.298940000000001,1,1
30.08.2021 01:11:09.009,6.29962,6.29901,1,1.5
30.08.2021 01:11:09.313,6.29967,6.29905,1,1.5
30.08.2021 01:11:09.583,6.29967,6.29905,1,1.5
30.08.2021 01:11:09.673,6.299740000000001,6.29912,1,1
30.08.2021 01:11:17.285,6.29967,6.29906,1,1
30.08.2021 01:11:17.435,6.29967,6.29906,1.62,1
30.08.2021 01:11:18.669,6.2996,6.298990000000001,1,1
30.08.2021 01:11:26.553,6.29967,6.29906,1,1
30.08.2021 01:11:28.502,6.29967,6.29906,1.5,1
30.08.2021 01:11:33.309,6.29967,6.29906,1,1
30.08.2021 01:11:34.610,6.29968,6.29905,1.5,1
30.08.2021 01:11:38.055,6.29967,6.29906,1.12,1
30.08.2021 01:11:38.167,6.29967,6.29906,1.5,1
30.08.2021 01:11:41.302,6.29967,6.29906,1.5,1
30.08.2021 01:11:47.529,6.29967,6.29906,1,1
30.08.2021 01:11:47.630,6.299880000000001,6.299040000000001,1,1
30.08.2021 01:11:47.680,6.29976,6.29915,1,1
30.08.2021 01:11:48.239,6.2998400000000006,6.2992300000000006,1,1
30.08.2021 01:11:52.522,6.29992,6.29931,1.5,1
30.08.2021 01:11:53.877,6.29992,6.29931,1.5,1
30.08.2021 01:11:53.991,6.29985,6.29924,1.12,1
30.08.2021 01:11:55.709,6.29982,6.29921,1,1
30.08.2021 01:11:57.369,6.29977,6.2991600000000005,1,1
30.08.2021 01:12:02.063,6.29982,6.29921,1,1
30.08.2021 01:12:02.183,6.299740000000001,6.299130000000001,1,1
30.08.2021 01:12:02.334,6.299740000000001,6.299130000000001,1.5,1
30.08.2021 01:12:05.060,6.299740000000001,6.299130000000001,1.5,1
30.08.2021 01:12:05.110,6.29966,6.299040000000001,1.5,1
30.08.2021 01:12:06.765,6.29967,6.299030000000001,1.5,1
30.08.2021 01:12:06.833,6.29955,6.29893,1,1
30.08.2021 01:12:08.623,6.29954,6.298900000000001,1,1
30.08.2021 01:12:10.194,6.299530000000001,6.29891,1.5,1
30.08.2021 01:12:10.245,6.299530000000001,6.29891,1.12,1
30.08.2021 01:12:13.032,6.29954,6.29892,1,1.2
30.08.2021 01:12:13.082,6.299530000000001,6.29891,1,1
30.08.2021 01:12:13.132,6.29966,6.299040000000001,1,1.5
30.08.2021 01:12:19.600,6.29976,6.29914,1,1
30.08.2021 01:12:30.858,6.29978,6.2991600000000005,1,1
30.08.2021 01:12:40.873,6.29969,6.29907,1,1
30.08.2021 01:12:40.974,6.29962,6.299,1.5,1.5
30.08.2021 01:12:41.024,6.29962,6.299,1.5,1
30.08.2021 01:12:41.125,6.299530000000001,6.29891,1,1
30.08.2021 01:12:41.846,6.299390000000001,6.29877,1,1.5
30.08.2021 01:12:44.959,6.29946,6.29884,1,1
30.08.2021 01:12:51.626,6.29954,6.29892,1.5,1
30.08.2021 01:12:51.787,6.29946,6.29884,1,1
30.08.2021 01:12:52.861,6.299390000000001,6.29877,1,1.5
30.08.2021 01:12:55.105,6.29946,6.29884,1,1
30.08.2021 01:13:11.874,6.2994,6.298760000000001,1,1
30.08.2021 01:13:13.940,6.299390000000001,6.29877,1.5,1
30.08.2021 01:13:15.068,6.29931,6.298690000000001,1,1
30.08.2021 01:13:33.894,6.299480000000001,6.29852,1,1
30.08.2021 01:13:35.829,6.299480000000001,6.29852,1,1
30.08.2021 01:13:35.930,6.29947,6.29847,1,1
30.08.2021 01:13:36.080,6.299250000000001,6.29863,1,1
30.08.2021 01:13:43.350,6.29919,6.29858,1,1
30.08.2021 01:13:46.264,6.299250000000001,6.2986,1,1
30.08.2021 01:13:52.090,6.29921,6.29857,1,1
30.08.2021 01:14:04.894,6.29921,6.29857,1.5,1
30.08.2021 01:14:04.945,6.29914,6.298500000000001,1,1
30.08.2021 01:14:04.996,6.29905,6.2984100000000005,1,1
30.08.2021 01:14:07.626,6.29902,6.29839,1,1
30.08.2021 01:14:13.753,6.2991,6.2984800000000005,1,1
30.08.2021 01:14:15.251,6.29898,6.2983400000000005,1,1
30.08.2021 01:14:15.352,6.29897,6.29835,1.5,1
30.08.2021 01:14:15.402,6.298850000000001,6.29823,1,1
30.08.2021 01:14:15.663,6.29886,6.29822,1,1.5
30.08.2021 01:14:15.953,6.298850000000001,6.29823,1,1
30.08.2021 01:14:16.004,6.298850000000001,6.29823,1.5,1
30.08.2021 01:14:16.115,6.298760000000001,6.29814,1,1
30.08.2021 01:14:17.213,6.29877,6.2981300000000005,1,1.5
30.08.2021 01:14:17.263,6.298760000000001,6.29814,1,1.5
30.08.2021 01:14:17.364,6.298850000000001,6.29821,1,1.5
30.08.2021 01:14:17.465,6.298850000000001,6.29821,1,1.5
30.08.2021 01:14:17.515,6.298940000000001,6.29832,1,1
30.08.2021 01:14:18.968,6.299030000000001,6.29839,1,1
30.08.2021 01:14:19.069,6.29902,6.2984,1,1.5
30.08.2021 01:14:19.435,6.29911,6.29849,1,1
30.08.2021 01:14:21.663,6.29911,6.29849,1,1.5
30.08.2021 01:14:21.864,6.299180000000001,6.29856,1,1
30.08.2021 01:14:25.549,6.299180000000001,6.29856,1.5,1
30.08.2021 01:14:25.650,6.29902,6.2984,1,1
30.08.2021 01:14:25.751,6.29911,6.29847,1,1
30.08.2021 01:14:26.197,6.2991,6.2984800000000005,1,1.5
30.08.2021 01:14:31.155,6.29917,6.2985500000000005,1,1
