Gmt time,Ask,Bid,AskVolume,BidVolume
23.08.2021 00:00:00.072,6.35794,6.357240000000001,1,1
23.08.2021 00:00:00.273,6.35794,6.3573,1,1
23.08.2021 00:00:02.143,6.35815,6.357290000000001,1.5,1
23.08.2021 00:00:02.193,6.358040000000001,6.35722,1,1.5
23.08.2021 00:00:02.353,6.35798,6.357130000000001,1.5,1
23.08.2021 00:00:04.019,6.35785,6.35714,1,1
23.08.2021 00:00:05.240,6.35772,6.35701,1,1.5
23.08.2021 00:00:05.401,6.357730000000001,6.3569700000000005,1,1.5
23.08.2021 00:00:06.163,6.35761,6.35693,1,1
23.08.2021 00:00:09.035,6.35761,6.35693,1,1
23.08.2021 00:00:10.642,6.35762,6.35691,1,1
23.08.2021 00:00:10.958,6.35761,6.35687,1,1.62
23.08.2021 00:00:11.960,6.35756,6.35687,1,1
23.08.2021 00:00:12.023,6.35756,6.35687,1,1
23.08.2021 00:00:12.331,6.35742,6.35674,1,1.5
23.08.2021 00:00:12.381,6.35742,6.35674,1.12,1.12
23.08.2021 00:00:12.532,6.35731,6.356590000000001,1,1
23.08.2021 00:00:12.583,6.3573,6.3566,1,1
23.08.2021 00:00:14.842,6.3573900000000005,6.356590000000001,1,1
23.08.2021 00:00:16.287,6.3573900000000005,6.35657,1.5,1
23.08.2021 00:00:16.440,6.35727,6.356540000000001,1,1
23.08.2021 00:00:16.491,6.35727,6.356540000000001,1,1
23.08.2021 00:00:18.346,6.3571800000000005,6.35644,1,1.5
23.08.2021 00:00:18.512,6.3571800000000005,6.35644,1,1.5
23.08.2021 00:00:18.941,6.357,6.35641,1,1
23.08.2021 00:00:19.494,6.357,6.35641,1,1
23.08.2021 00:00:19.899,6.35719,6.35641,1.5,1
23.08.2021 00:00:21.224,6.35702,6.35641,1,1
23.08.2021 00:00:21.344,6.35702,6.35647,1,1
23.08.2021 00:00:23.068,6.35717,6.35647,1,1
23.08.2021 00:00:24.861,6.357080000000001,6.35647,1,1
23.08.2021 00:00:24.961,6.35709,6.35634,1,1
23.08.2021 00:00:27.039,6.357080000000001,6.35635,1,1
23.08.2021 00:00:31.060,6.35701,6.35635,1,1
23.08.2021 00:00:39.689,6.35691,6.356330000000001,1,1.5
23.08.2021 00:00:39.790,6.35692,6.35621,1,1.5
23.08.2021 00:00:39.840,6.35683,6.35613,1,1.62
23.08.2021 00:00:39.948,6.35684,6.35612,1,1.62
23.08.2021 00:00:40.386,6.35683,6.35613,1,1.62
23.08.2021 00:00:48.287,6.357030000000001,6.35611,1,1.5
23.08.2021 00:00:48.388,6.3567,6.35611,1,1.5
23.08.2021 00:00:48.489,6.3567,6.35608,1,1.62
23.08.2021 00:00:50.323,6.3567,6.35597,1,1.5
23.08.2021 00:00:50.508,6.3567,6.3559600000000005,1,1
23.08.2021 00:00:50.781,6.3569,6.3559600000000005,1.5,1
23.08.2021 00:00:51.570,6.356590000000001,6.3559,1,1
23.08.2021 00:00:51.725,6.3566,6.3558900000000005,1,1
23.08.2021 00:00:53.406,6.35648,6.355840000000001,1,1
23.08.2021 00:00:57.199,6.35648,6.355840000000001,1,1.5
23.08.2021 00:00:57.381,6.35648,6.35597,1,1
23.08.2021 00:00:57.431,6.35665,6.35597,1,1
23.08.2021 00:00:57.582,6.35666,6.35601,1,1
23.08.2021 00:00:59.482,6.35665,6.35602,1,1
23.08.2021 00:01:01.300,6.35665,6.35597,1,1.5
23.08.2021 00:01:01.380,6.35666,6.3559600000000005,1,1.5
23.08.2021 00:01:03.385,6.35665,6.35597,1,1.5
23.08.2021 00:01:11.407,6.35665,6.35601,1,1
23.08.2021 00:01:15.073,6.35691,6.356,1.5,1
23.08.2021 00:01:18.068,6.35677,6.35607,1,1
23.08.2021 00:01:18.169,6.35677,6.35611,1,1
23.08.2021 00:01:18.295,6.356890000000001,6.356230000000001,1,1
23.08.2021 00:01:18.345,6.356890000000001,6.356230000000001,1,1
23.08.2021 00:01:18.527,6.356890000000001,6.356280000000001,1,1
23.08.2021 00:01:19.379,6.356890000000001,6.35629,1,1.5
23.08.2021 00:01:19.479,6.35702,6.356330000000001,1,1.5
23.08.2021 00:01:22.871,6.35692,6.356280000000001,1,1.62
23.08.2021 00:01:25.097,6.35691,6.356230000000001,1,1
23.08.2021 00:01:25.202,6.35692,6.35622,1,1
23.08.2021 00:01:25.685,6.35691,6.356230000000001,1,1
23.08.2021 00:01:26.516,6.35691,6.356230000000001,1,1
23.08.2021 00:01:27.374,6.35691,6.356230000000001,1,1
23.08.2021 00:01:31.131,6.35712,6.356190000000001,1.5,1
23.08.2021 00:01:31.232,6.35684,6.3561000000000005,1,1.5
23.08.2021 00:01:31.337,6.35683,6.35611,1,1.5
23.08.2021 00:01:31.499,6.35683,6.35611,1,1.5
23.08.2021 00:01:40.136,6.35684,6.35604,1,1
23.08.2021 00:01:40.186,6.35701,6.35616,1.5,1
23.08.2021 00:01:40.339,6.35701,6.35616,1.5,1
23.08.2021 00:01:41.337,6.35674,6.356050000000001,1,1
23.08.2021 00:01:42.476,6.356730000000001,6.35606,1,1
23.08.2021 00:01:50.588,6.356730000000001,6.35606,1,1
23.08.2021 00:01:51.662,6.35674,6.35602,1,1
23.08.2021 00:01:58.375,6.35674,6.35602,1,1
23.08.2021 00:01:59.427,6.356730000000001,6.3560300000000005,1,1
23.08.2021 00:01:59.708,6.35674,6.35602,1,1
23.08.2021 00:01:59.949,6.356730000000001,6.3560300000000005,1,1
23.08.2021 00:02:00.737,6.356730000000001,6.3560300000000005,1,1
23.08.2021 00:02:01.818,6.356730000000001,6.3560300000000005,1,1
23.08.2021 00:02:05.344,6.356730000000001,6.3560300000000005,1,1
23.08.2021 00:02:06.340,6.356730000000001,6.3560300000000005,1,1
23.08.2021 00:02:06.984,6.356730000000001,6.3560300000000005,1,1
23.08.2021 00:02:07.547,6.356730000000001,6.3560300000000005,1,1
23.08.2021 00:02:07.877,6.35674,6.35602,1,1
23.08.2021 00:02:08.854,6.356730000000001,6.3560300000000005,1,1
23.08.2021 00:02:08.947,6.3569700000000005,6.3560300000000005,1,1
23.08.2021 00:02:10.276,6.35646,6.35585,1,1
23.08.2021 00:02:11.956,6.356450000000001,6.355840000000001,1,1.5
23.08.2021 00:02:12.946,6.356450000000001,6.35576,1,1
23.08.2021 00:02:13.098,6.356380000000001,6.35567,1,1.5
23.08.2021 00:02:13.199,6.35632,6.35568,1,1.5
23.08.2021 00:02:14.091,6.35632,6.35568,1,1.5
23.08.2021 00:02:14.614,6.35632,6.35568,1,1.5
23.08.2021 00:02:19.194,6.35632,6.35569,1,1
23.08.2021 00:02:19.412,6.35632,6.35561,1,1
23.08.2021 00:02:20.711,6.35632,6.35561,1,1
23.08.2021 00:02:20.812,6.35656,6.35561,1,1
23.08.2021 00:02:21.029,6.35656,6.35561,1,1
23.08.2021 00:02:23.138,6.356230000000001,6.355530000000001,1,1
23.08.2021 00:02:23.189,6.356230000000001,6.355530000000001,1,1
23.08.2021 00:02:24.145,6.356230000000001,6.355480000000001,1,1
23.08.2021 00:02:24.331,6.356230000000001,6.35551,1,1
23.08.2021 00:02:28.008,6.35615,6.35551,1,1
23.08.2021 00:02:29.382,6.35615,6.35551,1,1
23.08.2021 00:02:29.814,6.35615,6.35546,1,1
23.08.2021 00:02:30.059,6.35609,6.35546,1,1
23.08.2021 00:02:30.281,6.35609,6.3554,1,1
23.08.2021 00:02:31.564,6.3562,6.35546,1,1
23.08.2021 00:02:32.692,6.3562,6.35554,1,1
23.08.2021 00:02:32.963,6.3562,6.35554,1,1
23.08.2021 00:02:37.515,6.3562,6.35554,1,1
23.08.2021 00:02:49.631,6.3562,6.35551,1,1
23.08.2021 00:02:52.886,6.35621,6.3555,1,1
23.08.2021 00:03:00.383,6.3562,6.35551,1,1
23.08.2021 00:03:01.660,6.35642,6.3555,1.5,1
23.08.2021 00:03:01.860,6.3562,6.35551,1,1
23.08.2021 00:03:03.950,6.3562,6.35545,1,1
23.08.2021 00:03:07.413,6.35609,6.3553500000000005,1,1.5
23.08.2021 00:03:07.514,6.35597,6.35524,1,1.5
23.08.2021 00:03:07.564,6.355980000000001,6.355230000000001,1,1.5
23.08.2021 00:03:07.766,6.35597,6.35526,1,1
23.08.2021 00:03:07.863,6.35597,6.35526,1,1
23.08.2021 00:03:11.938,6.35606,6.35532,1.5,1
23.08.2021 00:03:12.039,6.356050000000001,6.35536,1.5,1
23.08.2021 00:03:12.140,6.35606,6.355440000000001,1,1
23.08.2021 00:03:12.241,6.35622,6.35545,1,1
23.08.2021 00:03:13.068,6.35613,6.355440000000001,1,1
23.08.2021 00:03:14.844,6.35612,6.35545,1,1
23.08.2021 00:03:14.894,6.35612,6.35545,1,1
23.08.2021 00:03:19.215,6.35612,6.35545,1,1
23.08.2021 00:03:19.366,6.356230000000001,6.35561,1,1
23.08.2021 00:03:19.417,6.356230000000001,6.35561,1,1
23.08.2021 00:03:22.306,6.356230000000001,6.35554,1,1
23.08.2021 00:03:23.738,6.356230000000001,6.355650000000001,1,1
23.08.2021 00:03:23.890,6.35641,6.35573,1,1
23.08.2021 00:03:23.991,6.35651,6.35573,1,1
23.08.2021 00:03:26.848,6.35642,6.35573,1,1
23.08.2021 00:03:32.014,6.35642,6.35573,1,1
23.08.2021 00:03:38.811,6.35669,6.35572,1.5,1
23.08.2021 00:03:56.489,6.356730000000001,6.3558,1.5,1
23.08.2021 00:03:56.940,6.35642,6.3558,1,1
23.08.2021 00:03:58.602,6.35642,6.3558,1,1
23.08.2021 00:03:58.804,6.35642,6.3558,1,1
23.08.2021 00:04:06.928,6.356730000000001,6.3558,1.5,1
23.08.2021 00:04:10.043,6.356680000000001,6.355740000000001,1.5,1
23.08.2021 00:04:23.677,6.35653,6.35592,1,1
23.08.2021 00:04:23.779,6.35652,6.355930000000001,1,1
23.08.2021 00:04:23.829,6.35672,6.355930000000001,1.5,1
23.08.2021 00:04:23.880,6.35672,6.35607,1,1
23.08.2021 00:04:24.031,6.35672,6.35607,1,1
23.08.2021 00:04:26.717,6.35683,6.35606,1,1
23.08.2021 00:04:26.823,6.35682,6.35607,1,1
23.08.2021 00:04:26.924,6.35683,6.35606,1,1
23.08.2021 00:04:29.410,6.35682,6.35612,1,1
23.08.2021 00:04:29.612,6.35682,6.35612,1,1
23.08.2021 00:04:29.859,6.35683,6.356050000000001,1,1.5
23.08.2021 00:04:29.963,6.35674,6.35606,1,1.5
23.08.2021 00:04:30.276,6.35674,6.35606,1,1
23.08.2021 00:04:32.391,6.35675,6.35599,1,1
23.08.2021 00:04:45.431,6.3566400000000005,6.3558900000000005,1,1.5
23.08.2021 00:04:45.532,6.3566400000000005,6.35582,1.5,1
23.08.2021 00:04:45.582,6.35653,6.35581,1,1
23.08.2021 00:04:46.832,6.35652,6.35577,1,1
23.08.2021 00:04:47.093,6.35652,6.35597,1,1
23.08.2021 00:04:47.298,6.3567100000000005,6.35602,1,1
23.08.2021 00:04:47.348,6.3567100000000005,6.35602,1,1
23.08.2021 00:04:48.322,6.3567100000000005,6.35612,1,1
23.08.2021 00:04:49.883,6.3567100000000005,6.35612,1,1
23.08.2021 00:04:57.753,6.35681,6.35613,1,1
23.08.2021 00:05:00.442,6.356800000000001,6.356240000000001,1,1
23.08.2021 00:05:00.787,6.35719,6.356240000000001,1,1
23.08.2021 00:05:00.838,6.35701,6.356240000000001,1,1
23.08.2021 00:05:05.537,6.35701,6.356240000000001,1,1
23.08.2021 00:05:06.259,6.35701,6.356280000000001,1,1
23.08.2021 00:05:08.179,6.35693,6.356280000000001,1,1
23.08.2021 00:05:13.386,6.35693,6.356280000000001,1,1
23.08.2021 00:05:15.171,6.35693,6.35632,1,1
23.08.2021 00:05:20.885,6.35693,6.35632,1,1
23.08.2021 00:05:26.157,6.35723,6.356310000000001,1.5,1
23.08.2021 00:05:28.381,6.35705,6.35632,1,1
23.08.2021 00:05:28.482,6.35717,6.3564300000000005,1.5,1
23.08.2021 00:05:28.583,6.35722,6.35652,1,1
23.08.2021 00:05:28.683,6.357340000000001,6.356580000000001,1,1
23.08.2021 00:05:28.734,6.357340000000001,6.356630000000001,1,1
23.08.2021 00:05:28.840,6.357430000000001,6.356630000000001,1,1
23.08.2021 00:05:28.940,6.357430000000001,6.35674,1,1.5
23.08.2021 00:05:31.909,6.35744,6.356680000000001,1,1.5
23.08.2021 00:05:32.060,6.35727,6.356630000000001,1,1.5
23.08.2021 00:05:32.182,6.35727,6.356630000000001,1,1.5
23.08.2021 00:05:35.512,6.35727,6.356590000000001,1,1
23.08.2021 00:05:40.480,6.35749,6.35656,1.5,1
23.08.2021 00:05:40.600,6.35749,6.35656,1.5,1
23.08.2021 00:05:44.386,6.35749,6.35656,1.5,1
23.08.2021 00:05:56.556,6.35744,6.35652,1.5,1
23.08.2021 00:05:57.132,6.3573900000000005,6.35647,1.5,1
23.08.2021 00:05:57.245,6.357150000000001,6.35647,1,1
23.08.2021 00:05:57.506,6.357150000000001,6.35651,1,1
23.08.2021 00:05:59.886,6.357150000000001,6.35651,1,1
23.08.2021 00:06:02.295,6.357150000000001,6.356450000000001,1,1.5
23.08.2021 00:06:03.006,6.35716,6.3565000000000005,1,1
23.08.2021 00:06:03.106,6.35722,6.35651,1,1
23.08.2021 00:06:06.418,6.35722,6.3565000000000005,1,1.5
23.08.2021 00:06:07.886,6.35722,6.356490000000001,1,1
23.08.2021 00:06:08.907,6.35722,6.3564300000000005,1,1
23.08.2021 00:06:11.020,6.357330000000001,6.3564300000000005,1.5,1
23.08.2021 00:06:14.350,6.35714,6.3564300000000005,1,1
23.08.2021 00:06:23.386,6.357150000000001,6.35648,1,1
23.08.2021 00:06:25.249,6.35745,6.356490000000001,1.5,1.5
23.08.2021 00:06:25.603,6.35745,6.356490000000001,1.5,1.5
23.08.2021 00:06:25.806,6.3573900000000005,6.356490000000001,1.5,1
23.08.2021 00:06:31.349,6.3573900000000005,6.35647,1.5,1
23.08.2021 00:06:32.761,6.35742,6.3565000000000005,1,1.5
23.08.2021 00:06:33.103,6.35719,6.356490000000001,1,1.5
23.08.2021 00:06:38.887,6.3571800000000005,6.3565000000000005,1,1.5
23.08.2021 00:06:47.785,6.3573900000000005,6.35647,1.5,1
23.08.2021 00:06:47.966,6.3573900000000005,6.35647,1.5,1
23.08.2021 00:06:49.247,6.3574,6.35646,1.5,1
23.08.2021 00:06:50.285,6.357330000000001,6.356400000000001,1.5,1.5
23.08.2021 00:06:50.386,6.357130000000001,6.35635,1,1
23.08.2021 00:06:50.441,6.357130000000001,6.35635,1,1
23.08.2021 00:06:51.104,6.35705,6.35634,1,1
23.08.2021 00:06:51.754,6.35693,6.3563,1,1
23.08.2021 00:06:51.946,6.35693,6.3563,1,1
23.08.2021 00:06:54.636,6.35693,6.35618,1,1.5
23.08.2021 00:06:54.787,6.35693,6.35602,1.5,1
23.08.2021 00:06:58.684,6.35672,6.35602,1,1
23.08.2021 00:07:01.248,6.35672,6.35602,1,1
23.08.2021 00:07:02.034,6.35672,6.35602,1,1
23.08.2021 00:07:07.631,6.35672,6.35602,1,1
23.08.2021 00:07:07.681,6.356630000000001,6.3559600000000005,1,1.5
23.08.2021 00:07:07.782,6.35653,6.35582,1,1
23.08.2021 00:07:07.833,6.35653,6.35595,1,1
23.08.2021 00:07:08.914,6.35653,6.355880000000001,1,1
23.08.2021 00:07:09.128,6.356630000000001,6.355880000000001,1,1
23.08.2021 00:07:10.204,6.356630000000001,6.355880000000001,1,1.5
23.08.2021 00:07:10.380,6.356630000000001,6.355880000000001,1,1.5
23.08.2021 00:07:10.866,6.356630000000001,6.355880000000001,1,1.5
23.08.2021 00:07:11.916,6.356630000000001,6.3559,1,1.5
23.08.2021 00:07:12.639,6.3566400000000005,6.355830000000001,1.5,1.5
23.08.2021 00:07:12.787,6.3566400000000005,6.355830000000001,1,1.5
23.08.2021 00:07:13.248,6.356630000000001,6.355840000000001,1,1.5
23.08.2021 00:07:13.392,6.356630000000001,6.3559,1,1.5
23.08.2021 00:07:13.550,6.3566400000000005,6.3558900000000005,1,1.5
23.08.2021 00:07:14.487,6.3566400000000005,6.355830000000001,1.12,1.5
23.08.2021 00:07:14.721,6.356450000000001,6.355790000000001,1,1.5
23.08.2021 00:07:17.883,6.35646,6.35576,1,1
23.08.2021 00:07:23.243,6.35657,6.35591,1,1
23.08.2021 00:07:23.344,6.35656,6.35595,1,1.5
23.08.2021 00:07:23.510,6.3567800000000005,6.35595,1,1.5
23.08.2021 00:07:23.561,6.3567800000000005,6.35606,1,1
23.08.2021 00:07:23.762,6.3567800000000005,6.35602,1,1
23.08.2021 00:07:24.180,6.3567800000000005,6.35602,1,1
23.08.2021 00:07:26.598,6.3567800000000005,6.35607,1,1
23.08.2021 00:07:26.753,6.3567800000000005,6.35607,1,1
23.08.2021 00:07:27.841,6.35666,6.3559600000000005,1,1.5
23.08.2021 00:07:27.891,6.35667,6.35595,1,1.5
23.08.2021 00:07:33.539,6.35666,6.35597,1,1.5
23.08.2021 00:07:40.866,6.35676,6.35601,1,1.5
23.08.2021 00:07:41.384,6.35675,6.35602,1,1.5
23.08.2021 00:07:58.958,6.35696,6.35602,1.5,1.5
23.08.2021 00:07:59.601,6.35701,6.3561000000000005,1.5,1
23.08.2021 00:08:00.238,6.35701,6.3561000000000005,1,1
23.08.2021 00:08:00.346,6.356890000000001,6.356190000000001,1,1.5
23.08.2021 00:08:00.397,6.356990000000001,6.356190000000001,1,1.5
23.08.2021 00:08:00.764,6.35712,6.356190000000001,1.5,1.5
23.08.2021 00:08:01.395,6.357,6.35625,1,1
23.08.2021 00:08:01.529,6.35712,6.35626,1.5,1
23.08.2021 00:08:09.571,6.35696,6.3563,1,1.5
23.08.2021 00:08:11.478,6.35696,6.35626,1,1
23.08.2021 00:08:13.478,6.3570400000000005,6.35625,1,1
23.08.2021 00:08:19.395,6.357030000000001,6.35626,1,1
23.08.2021 00:08:28.880,6.3571800000000005,6.35626,1.5,1
23.08.2021 00:08:28.930,6.3571800000000005,6.35644,1,1
23.08.2021 00:08:29.031,6.357200000000001,6.35657,1,1.5
23.08.2021 00:08:29.144,6.35731,6.35657,1,1.5
23.08.2021 00:08:29.457,6.35731,6.356680000000001,1,1.5
23.08.2021 00:08:29.678,6.35731,6.356680000000001,1,1.5
23.08.2021 00:08:30.768,6.35761,6.35667,1,1.5
23.08.2021 00:08:32.416,6.35731,6.35677,1,1
23.08.2021 00:08:32.517,6.35751,6.35677,1,1
23.08.2021 00:08:32.668,6.357380000000001,6.35681,1,1.5
23.08.2021 00:08:32.718,6.357380000000001,6.35681,1,1.5
23.08.2021 00:08:32.896,6.3573900000000005,6.35675,1,1.5
23.08.2021 00:08:35.232,6.357380000000001,6.35677,1,1
23.08.2021 00:08:35.344,6.35747,6.35677,1,1
23.08.2021 00:08:42.219,6.35747,6.35675,1,1.5
23.08.2021 00:08:42.319,6.35735,6.3566400000000005,1,1.5
23.08.2021 00:08:42.429,6.3572500000000005,6.3566400000000005,1,1.5
23.08.2021 00:08:43.149,6.35736,6.3566400000000005,1,1.5
23.08.2021 00:08:44.073,6.35737,6.356630000000001,1,1.5
23.08.2021 00:08:50.346,6.35737,6.356630000000001,1,1.5
23.08.2021 00:08:50.839,6.35735,6.3566400000000005,1,1.5
23.08.2021 00:08:53.493,6.3572500000000005,6.3566400000000005,1,1.5
23.08.2021 00:08:58.772,6.3572500000000005,6.3566400000000005,1,1.5
23.08.2021 00:09:01.398,6.3572500000000005,6.3566400000000005,1,1.5
23.08.2021 00:09:01.744,6.3572500000000005,6.3566400000000005,1,1.5
23.08.2021 00:09:07.386,6.3572500000000005,6.3566400000000005,1,1.5
23.08.2021 00:09:08.150,6.3572500000000005,6.3566400000000005,1,1.5
23.08.2021 00:09:08.570,6.35747,6.3566400000000005,1.5,1.5
23.08.2021 00:09:14.886,6.35752,6.3566,1.5,1
23.08.2021 00:09:16.285,6.35745,6.35655,1.5,1
23.08.2021 00:09:22.886,6.35745,6.35655,1.5,1
23.08.2021 00:09:22.987,6.35717,6.35646,1,1.5
23.08.2021 00:09:23.089,6.35717,6.35646,1,1.5
23.08.2021 00:09:23.996,6.35717,6.35646,1.5,1
23.08.2021 00:09:26.685,6.35705,6.35646,1,1
23.08.2021 00:09:26.806,6.35705,6.35646,1,1.5
23.08.2021 00:09:26.941,6.35705,6.35646,1,1.5
23.08.2021 00:09:27.893,6.35717,6.35651,1,1.5
23.08.2021 00:09:28.047,6.35726,6.35656,1,1.5
23.08.2021 00:09:28.102,6.3572500000000005,6.35657,1,1.5
23.08.2021 00:09:31.972,6.3572500000000005,6.35662,1,1.5
23.08.2021 00:09:36.156,6.3572500000000005,6.356680000000001,1,1
23.08.2021 00:09:36.746,6.35736,6.356680000000001,1,1
23.08.2021 00:09:36.797,6.35736,6.35662,1,1.5
23.08.2021 00:09:38.386,6.35736,6.35662,1,1.5
23.08.2021 00:09:46.386,6.35737,6.35661,1,1.5
23.08.2021 00:10:01.882,6.35736,6.35662,1,1.5
23.08.2021 00:10:02.042,6.35763,6.35674,1.62,1
23.08.2021 00:10:02.093,6.35762,6.35676,1.62,1
23.08.2021 00:10:02.899,6.3577,6.35681,1.5,1.5
23.08.2021 00:10:03.821,6.35749,6.35681,1,1.5
23.08.2021 00:10:04.293,6.3575800000000005,6.35681,1,1.5
23.08.2021 00:10:04.465,6.35759,6.35683,1,1
23.08.2021 00:10:14.143,6.3575800000000005,6.35686,1,1.5
23.08.2021 00:10:14.194,6.35751,6.35683,1,1
23.08.2021 00:10:14.370,6.3575,6.35681,1,1.5
23.08.2021 00:10:15.700,6.3575,6.35681,1,1.5
23.08.2021 00:10:15.903,6.3575,6.35681,1,1.5
23.08.2021 00:10:17.802,6.3573900000000005,6.3567800000000005,1,1
23.08.2021 00:10:17.953,6.3573900000000005,6.35672,1,1
23.08.2021 00:10:20.954,6.3573900000000005,6.35666,1,1
23.08.2021 00:10:23.550,6.3574,6.35669,1,1
23.08.2021 00:10:25.545,6.3573900000000005,6.3567,1,1
23.08.2021 00:10:27.687,6.357690000000001,6.35681,1,1.5
23.08.2021 00:10:27.852,6.3577,6.35681,1.5,1.5
23.08.2021 00:10:28.135,6.357480000000001,6.356800000000001,1,1.5
23.08.2021 00:10:28.236,6.357480000000001,6.356800000000001,1,1.5
23.08.2021 00:10:30.059,6.35747,6.35681,1,1.5
23.08.2021 00:10:31.298,6.35747,6.35681,1,1.5
23.08.2021 00:10:31.520,6.357480000000001,6.356800000000001,1,1.5
23.08.2021 00:10:39.573,6.35747,6.35681,1,1.5
23.08.2021 00:10:39.674,6.35771,6.356800000000001,1.5,1.5
23.08.2021 00:10:41.701,6.35771,6.356800000000001,1.62,1.5
23.08.2021 00:10:42.829,6.3576500000000005,6.35681,1,1.5
23.08.2021 00:10:43.063,6.3576500000000005,6.356800000000001,1,1.5
23.08.2021 00:10:48.949,6.35771,6.356800000000001,1.5,1.5
23.08.2021 00:10:58.190,6.35747,6.356800000000001,1,1.5
23.08.2021 00:11:00.249,6.357480000000001,6.35679,1,1.5
23.08.2021 00:11:00.533,6.35747,6.356800000000001,1,1.5
23.08.2021 00:11:27.279,6.35756,6.356800000000001,1,1.5
23.08.2021 00:11:41.068,6.35756,6.35681,1,1
23.08.2021 00:11:41.118,6.35745,6.356680000000001,1,1
23.08.2021 00:11:41.219,6.35736,6.3566,1,1
23.08.2021 00:11:41.270,6.35735,6.35661,1,1
23.08.2021 00:11:41.371,6.35726,6.356590000000001,1,1.5
23.08.2021 00:11:41.522,6.35726,6.35655,1,1
23.08.2021 00:11:43.627,6.35727,6.356490000000001,1,1
23.08.2021 00:11:44.688,6.35727,6.35644,1,1.5
23.08.2021 00:11:45.037,6.35727,6.35644,1,1.5
23.08.2021 00:11:45.238,6.35727,6.35644,1,1.5
23.08.2021 00:11:49.758,6.357150000000001,6.356400000000001,1,1.5
23.08.2021 00:11:49.808,6.35705,6.356400000000001,1,1.5
23.08.2021 00:11:49.959,6.35705,6.356400000000001,1,1.5
23.08.2021 00:12:02.529,6.35717,6.356230000000001,1.5,1.62
23.08.2021 00:12:02.580,6.35712,6.356230000000001,1,1.5
23.08.2021 00:12:06.386,6.357030000000001,6.356230000000001,1.12,1.5
23.08.2021 00:12:10.440,6.356940000000001,6.356230000000001,1,1.5
23.08.2021 00:12:10.541,6.357030000000001,6.356240000000001,1,1.5
23.08.2021 00:12:26.033,6.35717,6.356240000000001,1.5,1
23.08.2021 00:12:29.083,6.35684,6.356240000000001,1,1
23.08.2021 00:12:29.201,6.356980000000001,6.35625,1,1
23.08.2021 00:12:29.251,6.356980000000001,6.35625,1,1
23.08.2021 00:12:29.930,6.356980000000001,6.35625,1,1
23.08.2021 00:12:30.086,6.356980000000001,6.35625,1,1
23.08.2021 00:12:30.136,6.3568500000000006,6.35625,1,1
23.08.2021 00:12:33.338,6.35696,6.356240000000001,1,1.5
23.08.2021 00:12:33.484,6.35696,6.356240000000001,1,1.5
23.08.2021 00:12:34.784,6.35709,6.356240000000001,1.5,1.5
23.08.2021 00:12:38.004,6.35709,6.356240000000001,1.5,1.5
23.08.2021 00:12:38.330,6.35709,6.356240000000001,1,1.5
23.08.2021 00:12:41.093,6.35709,6.356380000000001,1,1
23.08.2021 00:12:41.251,6.3571,6.35637,1,1
23.08.2021 00:12:42.800,6.35709,6.35644,1,1
23.08.2021 00:12:52.937,6.3570400000000005,6.35644,1,1
23.08.2021 00:12:52.987,6.3570400000000005,6.35639,1,1
23.08.2021 00:12:53.188,6.3570400000000005,6.35639,1,1
23.08.2021 00:12:53.344,6.35696,6.35639,1,1
23.08.2021 00:12:54.650,6.3569700000000005,6.356330000000001,1,1.5
23.08.2021 00:12:56.430,6.35707,6.35632,1,1
23.08.2021 00:12:56.531,6.35742,6.356450000000001,1.5,1.62
23.08.2021 00:12:56.632,6.35732,6.35666,1,1.5
23.08.2021 00:12:56.969,6.35732,6.35669,1,1
23.08.2021 00:12:58.375,6.35742,6.35669,1,1
23.08.2021 00:13:00.608,6.35742,6.35675,1,1.5
23.08.2021 00:13:00.809,6.357430000000001,6.356800000000001,1,1
23.08.2021 00:13:01.832,6.35752,6.35681,1,1.5
23.08.2021 00:13:07.182,6.357640000000001,6.35692,1,1.5
23.08.2021 00:13:07.365,6.357640000000001,6.3569700000000005,1,1.5
23.08.2021 00:13:07.836,6.357640000000001,6.35702,1,1.5
23.08.2021 00:13:10.619,6.357640000000001,6.35709,1,1.5
23.08.2021 00:13:10.878,6.35789,6.35714,1,1.5
23.08.2021 00:13:10.928,6.35772,6.35714,1,1.5
23.08.2021 00:13:11.688,6.35772,6.35714,1,1.5
23.08.2021 00:13:11.739,6.35782,6.35716,1,1
23.08.2021 00:13:11.890,6.357830000000001,6.357150000000001,1,1
23.08.2021 00:13:18.907,6.35787,6.35723,1,1
23.08.2021 00:13:19.130,6.35787,6.35723,1,1
23.08.2021 00:13:19.498,6.35787,6.357340000000001,1,1
23.08.2021 00:13:19.548,6.35801,6.357340000000001,1,1
23.08.2021 00:13:19.700,6.35802,6.357330000000001,1,1
23.08.2021 00:13:21.497,6.35801,6.357340000000001,1,1
23.08.2021 00:13:25.157,6.35801,6.357340000000001,1,1
23.08.2021 00:13:27.895,6.358280000000001,6.35741,1,1.5
23.08.2021 00:13:27.945,6.35829,6.3574,1,1.5
23.08.2021 00:13:31.597,6.358280000000001,6.35741,1,1.5
23.08.2021 00:13:44.610,6.35825,6.35736,1.5,1.5
23.08.2021 00:13:44.954,6.358280000000001,6.35741,1,1.5
23.08.2021 00:13:46.435,6.35829,6.3574,1,1.5
23.08.2021 00:13:49.711,6.35801,6.35741,1,1.5
23.08.2021 00:13:50.073,6.358140000000001,6.35747,1,1.5
23.08.2021 00:13:52.665,6.358140000000001,6.35752,1,1.5
23.08.2021 00:13:52.715,6.358230000000001,6.35752,1,1.5
23.08.2021 00:13:52.820,6.358230000000001,6.3575800000000005,1,1.5
23.08.2021 00:13:53.019,6.358230000000001,6.3575800000000005,1,1.5
23.08.2021 00:13:54.373,6.358230000000001,6.35761,1,1
23.08.2021 00:13:55.808,6.358230000000001,6.35763,1,1.5
23.08.2021 00:13:56.064,6.358230000000001,6.35763,1,1.5
23.08.2021 00:14:06.694,6.358350000000001,6.35763,1,1.5
23.08.2021 00:14:16.729,6.358350000000001,6.35763,1,1.5
23.08.2021 00:14:20.389,6.358350000000001,6.35763,1,1.5
23.08.2021 00:14:22.465,6.358350000000001,6.35768,1,1.5
23.08.2021 00:14:23.232,6.35856,6.35768,1,1.5
23.08.2021 00:14:36.977,6.358350000000001,6.35768,1,1.5
23.08.2021 00:15:00.206,6.35847,6.35763,1,1.5
23.08.2021 00:15:00.256,6.3582600000000005,6.35752,1,1.5
23.08.2021 00:15:00.357,6.358180000000001,6.35752,1,1.5
23.08.2021 00:15:00.407,6.3581900000000005,6.35751,1,1.5
23.08.2021 00:15:08.946,6.35841,6.35754,1.5,1
23.08.2021 00:15:09.147,6.35852,6.35763,1.5,1.5
23.08.2021 00:15:10.561,6.35837,6.35763,1,1.5
23.08.2021 00:15:14.860,6.3582600000000005,6.3575800000000005,1,1.5
23.08.2021 00:15:17.947,6.3582600000000005,6.3575800000000005,1,1.5
23.08.2021 00:15:19.202,6.3582600000000005,6.3575800000000005,1,1.5
23.08.2021 00:15:21.242,6.3582600000000005,6.3575800000000005,1,1.5
23.08.2021 00:15:24.964,6.3582600000000005,6.3575800000000005,1,1
23.08.2021 00:15:25.117,6.3582600000000005,6.3575800000000005,1,1
23.08.2021 00:15:27.451,6.358390000000001,6.3575,1,1.5
23.08.2021 00:15:27.622,6.35834,6.35745,1.5,1.5
23.08.2021 00:15:27.958,6.35816,6.3574,1,1.5
23.08.2021 00:15:29.387,6.35816,6.3574,1,1.5
23.08.2021 00:15:32.498,6.358140000000001,6.3574,1,1.5
23.08.2021 00:15:41.011,6.358140000000001,6.35745,1,1.5
23.08.2021 00:15:44.883,6.358140000000001,6.3574,1,1.5
23.08.2021 00:16:06.439,6.35815,6.35745,1,1
23.08.2021 00:16:06.590,6.358280000000001,6.3575,1.5,1.5
23.08.2021 00:16:06.640,6.358280000000001,6.357600000000001,1,1
23.08.2021 00:16:07.028,6.358280000000001,6.357600000000001,1,1
23.08.2021 00:16:10.262,6.358280000000001,6.35757,1,1.5
23.08.2021 00:16:10.463,6.358280000000001,6.3574600000000006,1.5,1.5
23.08.2021 00:16:10.821,6.358140000000001,6.3574,1,1.5
23.08.2021 00:16:14.541,6.35806,6.3574,1,1.5
23.08.2021 00:16:16.410,6.35807,6.35737,1,1
23.08.2021 00:16:30.372,6.35824,6.357380000000001,1.5,1
23.08.2021 00:16:31.322,6.3581900000000005,6.3573,1.5,1.5
23.08.2021 00:16:31.871,6.358090000000001,6.357240000000001,1.5,1
23.08.2021 00:16:31.971,6.35808,6.3572500000000005,1.5,1
23.08.2021 00:16:34.664,6.357950000000001,6.357200000000001,1,1
23.08.2021 00:16:34.800,6.357950000000001,6.357200000000001,1,1
23.08.2021 00:16:36.645,6.357950000000001,6.3573,1,1.5
23.08.2021 00:16:36.846,6.357950000000001,6.35731,1,1
23.08.2021 00:16:37.011,6.357950000000001,6.35731,1,1
23.08.2021 00:16:37.671,6.35805,6.35731,1,1
23.08.2021 00:16:41.002,6.35805,6.3574,1,1.5
23.08.2021 00:16:45.297,6.35805,6.357340000000001,1,1.5
23.08.2021 00:16:45.398,6.358210000000001,6.357340000000001,1,1.5
23.08.2021 00:16:45.736,6.35797,6.357340000000001,1,1.5
23.08.2021 00:16:47.383,6.35797,6.357340000000001,1,1.5
23.08.2021 00:16:55.805,6.358130000000001,6.35727,1.5,1
23.08.2021 00:16:58.783,6.35812,6.35723,1.5,1.5
23.08.2021 00:17:01.013,6.35812,6.357240000000001,1,1.5
23.08.2021 00:17:01.236,6.3581900000000005,6.3573,1.5,1.5
23.08.2021 00:17:01.415,6.3581900000000005,6.3573,1.5,1.5
23.08.2021 00:17:15.932,6.35816,6.35722,1,1
23.08.2021 00:17:15.982,6.35797,6.35726,1,1
23.08.2021 00:17:16.134,6.35797,6.35726,1,1
23.08.2021 00:17:21.614,6.35797,6.35721,1,1
23.08.2021 00:17:22.931,6.35797,6.35721,1,1
23.08.2021 00:17:23.133,6.35797,6.35721,1,1
23.08.2021 00:17:24.837,6.35798,6.357200000000001,1,1
23.08.2021 00:17:25.806,6.3581,6.357150000000001,1,1
23.08.2021 00:17:25.974,6.35812,6.35721,1.5,1
23.08.2021 00:17:26.184,6.3581,6.35716,1,1
23.08.2021 00:17:26.285,6.35787,6.3571100000000005,1,1
23.08.2021 00:17:26.412,6.35787,6.3571100000000005,1,1
23.08.2021 00:17:27.585,6.35787,6.3571100000000005,1,1
23.08.2021 00:17:32.647,6.35787,6.35714,1,1
23.08.2021 00:17:39.777,6.35787,6.35714,1,1
23.08.2021 00:17:39.827,6.357730000000001,6.3570400000000005,1,1.5
23.08.2021 00:17:39.928,6.3576500000000005,6.35693,1,1
23.08.2021 00:17:39.979,6.3576500000000005,6.35687,1.12,1.5
23.08.2021 00:17:40.916,6.3575800000000005,6.35686,1,1.5
23.08.2021 00:17:46.673,6.3574600000000006,6.35687,1,1.5
23.08.2021 00:17:46.723,6.35747,6.35677,1,1
23.08.2021 00:17:50.072,6.3574600000000006,6.3567800000000005,1,1
23.08.2021 00:17:51.304,6.35742,6.3567800000000005,1,1
23.08.2021 00:17:51.424,6.35754,6.3567800000000005,1,1
23.08.2021 00:17:51.711,6.357550000000001,6.35692,1,1.5
23.08.2021 00:17:51.919,6.35763,6.35693,1,1.5
23.08.2021 00:18:01.836,6.357640000000001,6.35692,1.12,1.5
23.08.2021 00:18:02.355,6.35752,6.3568500000000006,1,1
23.08.2021 00:18:03.510,6.35752,6.3567100000000005,1,1.5
23.08.2021 00:18:03.560,6.35744,6.3567100000000005,1,1.5
23.08.2021 00:18:03.663,6.35744,6.3567100000000005,1,1.5
23.08.2021 00:18:06.517,6.35744,6.35677,1,1.5
23.08.2021 00:18:07.715,6.35744,6.35682,1,1
23.08.2021 00:18:08.323,6.35757,6.35688,1,1
23.08.2021 00:18:09.120,6.35768,6.35691,1,1
23.08.2021 00:18:10.771,6.35768,6.35687,1.5,1.5
23.08.2021 00:18:45.488,6.3575800000000005,6.35687,1,1.5
23.08.2021 00:18:47.125,6.3575800000000005,6.356890000000001,1,1
23.08.2021 00:19:00.992,6.3575800000000005,6.356890000000001,1,1
23.08.2021 00:19:01.043,6.35782,6.356890000000001,1,1
23.08.2021 00:19:15.244,6.35777,6.35683,1,1.5
23.08.2021 00:19:15.745,6.3575800000000005,6.35683,1,1
23.08.2021 00:19:36.332,6.35785,6.35702,1.5,1
23.08.2021 00:19:36.534,6.35777,6.3570400000000005,1,1.5
23.08.2021 00:19:36.996,6.35777,6.35709,1,1.5
23.08.2021 00:19:37.356,6.35777,6.35709,1,1.5
23.08.2021 00:19:38.886,6.35777,6.35709,1,1.5
23.08.2021 00:19:41.833,6.357780000000001,6.357080000000001,1,1.5
23.08.2021 00:19:46.887,6.35777,6.35709,1,1.5
23.08.2021 00:19:48.928,6.357780000000001,6.357030000000001,1,1
23.08.2021 00:19:48.979,6.35796,6.3570400000000005,1.5,1
23.08.2021 00:19:52.140,6.357880000000001,6.356990000000001,1.5,1
23.08.2021 00:20:06.613,6.35777,6.356990000000001,1,1
23.08.2021 00:20:26.575,6.357690000000001,6.35688,1,1
23.08.2021 00:20:31.223,6.35756,6.35684,1,1
23.08.2021 00:20:32.585,6.35756,6.356890000000001,1,1
23.08.2021 00:20:35.507,6.35756,6.35684,1,1
23.08.2021 00:20:36.714,6.35756,6.35684,1,1
23.08.2021 00:20:41.859,6.35768,6.35684,1,1
23.08.2021 00:20:41.910,6.35768,6.3567800000000005,1,1
23.08.2021 00:20:42.071,6.35772,6.3567800000000005,1.5,1
23.08.2021 00:20:42.121,6.35772,6.3567800000000005,1.5,1
23.08.2021 00:20:44.020,6.3576500000000005,6.35687,1,1
23.08.2021 00:20:44.171,6.35776,6.35688,1,1
23.08.2021 00:20:44.338,6.35776,6.35688,1.5,1
23.08.2021 00:20:44.458,6.357640000000001,6.35688,1,1
23.08.2021 00:20:44.648,6.357730000000001,6.35688,1.5,1
23.08.2021 00:20:47.191,6.357730000000001,6.35701,1,1
23.08.2021 00:20:47.542,6.35782,6.357030000000001,1,1.7
23.08.2021 00:20:49.387,6.35782,6.357080000000001,1,1.5
23.08.2021 00:21:03.373,6.35798,6.35726,1,1
23.08.2021 00:21:03.474,6.35807,6.35732,1.5,1
23.08.2021 00:21:03.575,6.35807,6.35732,1,1
23.08.2021 00:21:04.261,6.3582,6.35732,1,1
23.08.2021 00:21:15.494,6.3581,6.35723,1.5,1
23.08.2021 00:21:15.645,6.3581,6.357130000000001,1.5,1.5
23.08.2021 00:21:15.874,6.357880000000001,6.357130000000001,1,1.5
23.08.2021 00:21:15.924,6.357880000000001,6.357130000000001,1,1.5
23.08.2021 00:21:20.616,6.357880000000001,6.35714,1,1.5
23.08.2021 00:21:20.811,6.35811,6.35714,1.5,1.5
23.08.2021 00:21:20.862,6.357880000000001,6.35714,1,1.5
23.08.2021 00:21:35.477,6.35808,6.35714,1,1.5
23.08.2021 00:21:45.834,6.3581,6.357130000000001,1.5,1.5
23.08.2021 00:21:45.942,6.357880000000001,6.357130000000001,1,1.5
23.08.2021 00:21:49.459,6.357880000000001,6.35714,1,1.5
23.08.2021 00:22:03.740,6.357880000000001,6.357130000000001,1,1.77
23.08.2021 00:22:04.041,6.357880000000001,6.357130000000001,1,1.5
23.08.2021 00:22:30.587,6.357880000000001,6.357080000000001,1,1.5
23.08.2021 00:22:35.477,6.35805,6.357080000000001,1.5,1.5
23.08.2021 00:22:37.169,6.35806,6.35707,1.5,1.5
23.08.2021 00:22:37.326,6.35805,6.357080000000001,1.5,1.5
23.08.2021 00:22:45.993,6.357880000000001,6.357080000000001,1,1.5
23.08.2021 00:23:01.500,6.3578,6.357060000000001,1,1.5
23.08.2021 00:23:09.387,6.3577900000000005,6.357080000000001,1,1.5
23.08.2021 00:23:39.697,6.3577900000000005,6.357080000000001,1,1.5
23.08.2021 00:23:47.258,6.3577900000000005,6.3571,1,1.5
23.08.2021 00:24:04.387,6.3577900000000005,6.3571,1,1.5
23.08.2021 00:24:05.520,6.3577900000000005,6.3571,1,1.5
23.08.2021 00:24:06.722,6.3577900000000005,6.35705,1,1.5
23.08.2021 00:24:07.024,6.3578,6.35702,1,1.5
23.08.2021 00:24:07.226,6.3577900000000005,6.357080000000001,1,1.5
23.08.2021 00:24:21.013,6.35806,6.35707,1.5,1.5
23.08.2021 00:24:32.023,6.3578,6.35712,1,1.5
23.08.2021 00:24:48.389,6.3577900000000005,6.35714,1,1.5
23.08.2021 00:24:48.542,6.3577900000000005,6.35714,1,1.5
23.08.2021 00:24:50.912,6.3578,6.357130000000001,1,1.5
23.08.2021 00:24:50.962,6.35811,6.35714,1.5,1.5
23.08.2021 00:24:57.106,6.3579,6.357130000000001,1,1.5
23.08.2021 00:25:01.268,6.3579,6.357080000000001,1.12,1.5
23.08.2021 00:25:08.186,6.357880000000001,6.35709,1,1.5
23.08.2021 00:25:08.312,6.357880000000001,6.3571,1,1
23.08.2021 00:25:13.383,6.35789,6.35709,1,1
23.08.2021 00:25:13.539,6.35789,6.35709,1,1
23.08.2021 00:25:48.227,6.35789,6.35709,1,1
23.08.2021 00:25:57.111,6.358130000000001,6.3571,1,1
23.08.2021 00:26:08.675,6.357880000000001,6.357150000000001,1,1.5
23.08.2021 00:26:24.387,6.357880000000001,6.357150000000001,1,1.5
23.08.2021 00:26:24.605,6.358180000000001,6.35719,1.62,1.5
23.08.2021 00:26:24.806,6.35801,6.35722,1,1.5
23.08.2021 00:26:32.387,6.35801,6.35722,1.12,1.5
23.08.2021 00:27:28.391,6.3581,6.35732,1.5,1
23.08.2021 00:27:28.442,6.3581,6.357330000000001,1,1
23.08.2021 00:27:28.643,6.3581,6.357340000000001,1,1
23.08.2021 00:27:29.034,6.3582,6.35741,1.12,1.5
23.08.2021 00:27:29.444,6.3582,6.357430000000001,1,1.7
23.08.2021 00:27:29.575,6.35834,6.357530000000001,1.5,1.5
23.08.2021 00:27:29.763,6.3583300000000005,6.35754,1.5,1.5
23.08.2021 00:27:37.085,6.35825,6.3574600000000006,1.5,1.5
23.08.2021 00:27:37.925,6.3582600000000005,6.3574600000000006,1.12,1.5
23.08.2021 00:27:38.129,6.3582600000000005,6.35745,1,1.5
23.08.2021 00:27:38.506,6.35825,6.357530000000001,1,1
23.08.2021 00:27:38.607,6.358390000000001,6.357640000000001,1,1.5
23.08.2021 00:27:38.707,6.358390000000001,6.357640000000001,1,1.5
23.08.2021 00:27:41.202,6.358480000000001,6.357690000000001,1.5,1.5
23.08.2021 00:27:41.253,6.358490000000001,6.35772,1,1.7
23.08.2021 00:27:41.353,6.35857,6.357830000000001,1.5,1
23.08.2021 00:27:41.410,6.35856,6.35784,1,1
23.08.2021 00:27:41.460,6.35877,6.35784,1.5,1
23.08.2021 00:27:42.584,6.35873,6.35792,1,1.5
23.08.2021 00:27:46.029,6.35872,6.3579300000000005,1.5,1.5
23.08.2021 00:27:46.883,6.35862,6.357830000000001,1,1
23.08.2021 00:27:48.164,6.3586100000000005,6.35782,1.5,1.5
23.08.2021 00:27:48.319,6.3586100000000005,6.35782,1.5,1.5
23.08.2021 00:27:48.882,6.3586100000000005,6.35782,1.5,1.5
23.08.2021 00:27:50.272,6.35862,6.35781,1.5,1.5
23.08.2021 00:27:52.432,6.3586,6.35781,1.5,1.5
23.08.2021 00:27:53.195,6.3586,6.35781,1.5,1.5
23.08.2021 00:28:09.072,6.35852,6.357730000000001,1,1.5
23.08.2021 00:28:14.070,6.35852,6.357730000000001,1.12,1.5
23.08.2021 00:28:15.420,6.35866,6.357690000000001,1.5,1.5
23.08.2021 00:28:21.407,6.35862,6.357640000000001,1.5,1
23.08.2021 00:28:23.654,6.358530000000001,6.35772,1.5,1.5
23.08.2021 00:28:42.087,6.35846,6.3576500000000005,1.12,1.5
23.08.2021 00:28:44.887,6.358530000000001,6.35772,1.5,1.5
23.08.2021 00:28:54.619,6.35843,6.357640000000001,1,1.5
23.08.2021 00:29:03.312,6.35843,6.357640000000001,1,1.5
23.08.2021 00:29:03.588,6.35847,6.3575800000000005,1,1.5
23.08.2021 00:29:03.703,6.35829,6.3575,1,1.5
23.08.2021 00:29:03.753,6.35829,6.3575,1.5,1.5
23.08.2021 00:29:03.956,6.358300000000001,6.35749,1.5,1.5
23.08.2021 00:29:04.961,6.35822,6.357430000000001,1.5,2
23.08.2021 00:29:05.336,6.358090000000001,6.3573,1.5,1.5
23.08.2021 00:29:05.447,6.3578,6.357150000000001,1,1.5
23.08.2021 00:29:05.498,6.3578,6.357150000000001,1,1.5
23.08.2021 00:29:06.209,6.35789,6.357150000000001,1,1.5
23.08.2021 00:29:16.388,6.3579,6.35709,1.12,1.5
23.08.2021 00:29:31.888,6.35789,6.3571,1,1.5
23.08.2021 00:29:35.426,6.35807,6.3571,1.62,1.5
23.08.2021 00:29:36.504,6.3579,6.35709,1,2
23.08.2021 00:29:41.858,6.35782,6.3570400000000005,1,1
23.08.2021 00:29:42.009,6.357730000000001,6.356980000000001,1,1.5
23.08.2021 00:29:42.059,6.357730000000001,6.356980000000001,1.5,1.5
23.08.2021 00:29:44.320,6.357730000000001,6.356980000000001,1.5,1.5
23.08.2021 00:29:46.001,6.3576500000000005,6.35686,1,1.5
23.08.2021 00:29:46.248,6.3576500000000005,6.35686,1.5,1.5
23.08.2021 00:29:48.702,6.3576500000000005,6.35686,1.5,1.5
23.08.2021 00:29:51.340,6.3575800000000005,6.35679,1.5,1.5
23.08.2021 00:29:51.491,6.357480000000001,6.35672,1,1
23.08.2021 00:29:51.592,6.357550000000001,6.35676,1,1.5
23.08.2021 00:29:51.705,6.357550000000001,6.35676,1.12,1.5
23.08.2021 00:30:00.339,6.35768,6.3567100000000005,1.5,1.5
23.08.2021 00:30:00.540,6.35775,6.35682,1,1.5
23.08.2021 00:30:01.767,6.3577900000000005,6.35682,1.5,1.5
23.08.2021 00:30:02.058,6.3576500000000005,6.35686,1,1.5
23.08.2021 00:30:11.342,6.35766,6.35686,1,1.5
23.08.2021 00:30:14.621,6.3576500000000005,6.35686,1,1.5
23.08.2021 00:30:14.771,6.3575800000000005,6.35682,1,1.5
23.08.2021 00:30:14.872,6.35757,6.3567800000000005,1,1.5
23.08.2021 00:30:15.679,6.35757,6.3567800000000005,1,1.5
23.08.2021 00:30:15.729,6.357480000000001,6.35672,1,1.5
23.08.2021 00:30:15.872,6.357480000000001,6.35672,1,1.5
23.08.2021 00:30:18.168,6.357480000000001,6.35672,1,1.5
23.08.2021 00:30:45.450,6.35776,6.35676,1.5,1.5
23.08.2021 00:30:45.603,6.35776,6.35676,1.5,1.5
23.08.2021 00:30:45.921,6.357480000000001,6.35677,1,1.5
23.08.2021 00:30:49.886,6.35749,6.35676,1,1.5
23.08.2021 00:31:08.863,6.35749,6.35676,1,1.5
23.08.2021 00:31:08.913,6.35775,6.35677,1.5,1.5
23.08.2021 00:31:10.113,6.35763,6.35684,1,1.5
23.08.2021 00:31:10.163,6.3578,6.35701,2,1.5
23.08.2021 00:31:10.314,6.35787,6.357080000000001,1.5,1
23.08.2021 00:31:10.415,6.357880000000001,6.35707,1,1.5
23.08.2021 00:31:13.057,6.35787,6.357080000000001,1.5,1.5
23.08.2021 00:31:13.212,6.35787,6.357080000000001,1.5,1.5
23.08.2021 00:31:13.506,6.3577,6.356990000000001,1,1.5
23.08.2021 00:31:13.612,6.3577,6.356990000000001,1,1.5
23.08.2021 00:31:13.822,6.35771,6.356980000000001,1,1.5
23.08.2021 00:31:18.317,6.35781,6.35705,1,1.5
23.08.2021 00:31:18.518,6.35781,6.3571,1,1.5
23.08.2021 00:31:20.058,6.35781,6.35716,1,1.5
23.08.2021 00:31:20.827,6.357950000000001,6.35716,1,2
23.08.2021 00:31:20.885,6.357950000000001,6.35716,1,2
23.08.2021 00:31:27.558,6.357950000000001,6.35721,1,1.5
23.08.2021 00:31:27.659,6.358040000000001,6.3572500000000005,1,1.5
23.08.2021 00:31:28.203,6.358040000000001,6.3572500000000005,1,1.5
23.08.2021 00:31:28.354,6.3581900000000005,6.35731,1.5,1.5
23.08.2021 00:31:28.455,6.358180000000001,6.35737,1,1.5
23.08.2021 00:31:36.408,6.358180000000001,6.357430000000001,1,1.5
23.08.2021 00:31:37.008,6.358180000000001,6.357430000000001,1,1.5
23.08.2021 00:31:42.281,6.358180000000001,6.357430000000001,1,1.5
23.08.2021 00:31:42.523,6.35825,6.3574600000000006,1,1.5
23.08.2021 00:31:42.573,6.3582600000000005,6.35747,1,1.5
23.08.2021 00:31:42.725,6.35825,6.357480000000001,1,1.5
23.08.2021 00:31:51.775,6.35834,6.357550000000001,1,1.5
23.08.2021 00:31:52.349,6.35834,6.357550000000001,1,1.5
23.08.2021 00:31:52.500,6.358490000000001,6.3577,1.5,2
23.08.2021 00:31:52.601,6.358490000000001,6.3577,1,2
23.08.2021 00:31:53.219,6.35842,6.3577,1,1.5
23.08.2021 00:31:54.712,6.358490000000001,6.3577,1,2
23.08.2021 00:31:55.270,6.358490000000001,6.3577,1,2
23.08.2021 00:32:04.246,6.358490000000001,6.3577,1,1.5
23.08.2021 00:32:10.112,6.358490000000001,6.3577,1,2
23.08.2021 00:32:11.297,6.358490000000001,6.3577,1,2
23.08.2021 00:32:12.229,6.358580000000001,6.357830000000001,1,1
23.08.2021 00:32:12.349,6.35871,6.35792,1.5,1.5
23.08.2021 00:32:13.662,6.358630000000001,6.35784,1,1.5
23.08.2021 00:32:14.325,6.358630000000001,6.35784,1,1.5
23.08.2021 00:32:14.550,6.35871,6.35792,1,2
23.08.2021 00:32:15.709,6.35872,6.35791,1,2
23.08.2021 00:32:15.810,6.35871,6.35792,1,2
23.08.2021 00:32:20.426,6.35871,6.35797,1,1.5
23.08.2021 00:32:23.374,6.35871,6.35792,1,2
23.08.2021 00:32:30.294,6.35871,6.35792,1,2
23.08.2021 00:32:31.448,6.35872,6.35791,1,2
23.08.2021 00:32:32.893,6.35864,6.35792,1,1.5
23.08.2021 00:32:33.485,6.35864,6.3578600000000005,1.5,1.5
23.08.2021 00:32:33.586,6.3585,6.3578600000000005,1,1.5
23.08.2021 00:32:33.687,6.3585,6.3578600000000005,1,1.5
23.08.2021 00:32:38.251,6.35831,6.357640000000001,1,1.5
23.08.2021 00:32:38.351,6.358440000000001,6.357480000000001,1,1.5
23.08.2021 00:32:38.407,6.358440000000001,6.357480000000001,1.5,1.5
23.08.2021 00:32:39.245,6.35841,6.35744,1.5,1.5
23.08.2021 00:32:39.417,6.35841,6.35744,1.5,1.5
23.08.2021 00:32:40.410,6.35822,6.35744,1,1.5
23.08.2021 00:32:40.460,6.35822,6.357430000000001,1,1.5
23.08.2021 00:32:40.620,6.35822,6.35744,1,1.5
23.08.2021 00:32:40.702,6.35841,6.35744,1.5,1.5
23.08.2021 00:32:42.787,6.35841,6.35744,1.5,1.5
23.08.2021 00:32:43.010,6.35829,6.3575,1,1.5
23.08.2021 00:32:43.950,6.35838,6.35759,1.5,1.5
23.08.2021 00:32:44.052,6.35846,6.35749,1.5,1.5
23.08.2021 00:32:46.944,6.35841,6.357600000000001,1,1.5
23.08.2021 00:32:47.045,6.3584000000000005,6.35761,1.5,1.12
23.08.2021 00:32:52.038,6.35825,6.35754,1,1.5
23.08.2021 00:33:11.051,6.358180000000001,6.3573900000000005,1,1.5
23.08.2021 00:33:11.202,6.35812,6.357380000000001,1,1.5
23.08.2021 00:33:11.309,6.3582600000000005,6.35737,1.5,1.5
23.08.2021 00:33:11.443,6.35812,6.357380000000001,1,1.5
23.08.2021 00:33:13.259,6.35825,6.357380000000001,1.5,1.5
23.08.2021 00:33:14.486,6.35825,6.357380000000001,1,1.5
23.08.2021 00:33:21.081,6.35841,6.35744,1.5,1.5
23.08.2021 00:33:21.132,6.35841,6.35744,1.5,1.5
23.08.2021 00:33:21.233,6.3583300000000005,6.35754,1,1.5
23.08.2021 00:33:25.932,6.3583300000000005,6.35754,1,1.5
23.08.2021 00:33:43.296,6.35856,6.35747,1,1.5
23.08.2021 00:33:45.644,6.358580000000001,6.35759,1.5,1.5
23.08.2021 00:33:47.194,6.35841,6.35762,1,1.5
23.08.2021 00:33:47.331,6.35841,6.35762,1,1.5
23.08.2021 00:33:48.916,6.35841,6.35771,1,1.5
23.08.2021 00:33:51.516,6.358490000000001,6.35771,1,1.5
23.08.2021 00:33:54.577,6.358490000000001,6.3577900000000005,1,1
23.08.2021 00:33:54.808,6.35873,6.3579300000000005,1,1
23.08.2021 00:33:54.981,6.35887,6.35808,1.5,1.12
23.08.2021 00:33:55.132,6.35873,6.35803,1,1.5
23.08.2021 00:33:55.232,6.3589,6.35811,1.12,1.5
23.08.2021 00:33:55.310,6.3589,6.35811,1,1.5
23.08.2021 00:33:56.754,6.3589,6.35811,1,1.5
23.08.2021 00:34:16.706,6.35907,6.35808,1.5,1.5
23.08.2021 00:34:21.422,6.35883,6.358090000000001,1,1.5
23.08.2021 00:34:21.473,6.35883,6.358040000000001,1.5,1.5
23.08.2021 00:34:21.573,6.35883,6.358040000000001,1.5,1.5
23.08.2021 00:34:24.693,6.358840000000001,6.35803,1.5,1.5
23.08.2021 00:34:24.794,6.35873,6.35794,1,1.5
23.08.2021 00:34:26.593,6.35873,6.35794,1.5,1.5
23.08.2021 00:34:28.388,6.35873,6.35794,1,1.5
23.08.2021 00:34:45.227,6.358930000000001,6.35798,1,1.5
23.08.2021 00:34:54.922,6.35873,6.35798,1,1.5
23.08.2021 00:35:04.536,6.35873,6.35798,1,1.5
23.08.2021 00:35:04.817,6.35895,6.35798,1.5,1.5
23.08.2021 00:35:10.724,6.35895,6.35798,1.5,1.5
23.08.2021 00:35:10.924,6.35895,6.35798,1.5,1.5
23.08.2021 00:35:15.955,6.35895,6.35798,1.5,1.5
23.08.2021 00:35:21.696,6.35864,6.35792,1,1.5
23.08.2021 00:35:21.797,6.358790000000001,6.3580000000000005,1.5,1.5
23.08.2021 00:35:21.897,6.358790000000001,6.35803,1,1.5
23.08.2021 00:35:22.057,6.358790000000001,6.35803,1,1.5
23.08.2021 00:35:27.245,6.358880000000001,6.358090000000001,1,1.5
23.08.2021 00:35:51.719,6.35905,6.358090000000001,1.5,1.5
23.08.2021 00:35:52.781,6.3588000000000005,6.35803,1,1.5
23.08.2021 00:35:52.916,6.3588000000000005,6.35803,1.12,1.5
23.08.2021 00:35:58.673,6.3588000000000005,6.35801,1,1.5
23.08.2021 00:35:58.890,6.35881,6.35802,1,1.5
23.08.2021 00:36:03.082,6.3588000000000005,6.35803,1,1.5
23.08.2021 00:36:03.183,6.3590100000000005,6.35803,1.5,1.5
23.08.2021 00:36:03.283,6.3590100000000005,6.35803,1.5,1.5
23.08.2021 00:36:05.070,6.35897,6.35803,1,1.5
23.08.2021 00:36:23.025,6.35881,6.3580000000000005,1,1.5
23.08.2021 00:36:30.593,6.3588000000000005,6.35801,1.5,1.5
23.08.2021 00:36:32.965,6.3589,6.35792,1.5,1.5
23.08.2021 00:36:41.029,6.358890000000001,6.35792,1.5,1.5
23.08.2021 00:36:43.117,6.3586800000000006,6.35792,1,1.5
23.08.2021 00:36:52.068,6.3589,6.35792,1.5,1.5
23.08.2021 00:36:54.959,6.3589,6.35791,1.5,1.5
23.08.2021 00:36:56.157,6.3586100000000005,6.35787,1,1.5
23.08.2021 00:37:07.987,6.3586100000000005,6.35782,1,1.5
23.08.2021 00:37:08.141,6.3586800000000006,6.35789,1,1.5
23.08.2021 00:37:08.192,6.3586800000000006,6.35789,1.5,1.5
23.08.2021 00:37:08.393,6.3586800000000006,6.35789,1.5,1.5
23.08.2021 00:37:10.103,6.35869,6.357880000000001,1.12,1.5
23.08.2021 00:37:27.388,6.358840000000001,6.35787,1.5,1.5
23.08.2021 00:37:28.306,6.358840000000001,6.35787,1.5,1.5
23.08.2021 00:37:28.513,6.358790000000001,6.35782,1.5,1.5
23.08.2021 00:37:29.746,6.35856,6.35777,1.5,1.5
23.08.2021 00:37:29.897,6.35845,6.3577,1,1.5
23.08.2021 00:37:29.949,6.358440000000001,6.35771,1,1.5
23.08.2021 00:37:30.759,6.358440000000001,6.3576500000000005,1.5,1.5
23.08.2021 00:37:30.921,6.35834,6.357600000000001,1.5,1.5
23.08.2021 00:37:39.119,6.3582600000000005,6.35747,1.5,1.5
23.08.2021 00:37:39.250,6.35815,6.35744,1,1.5
23.08.2021 00:37:39.301,6.35815,6.35744,1,1.5
23.08.2021 00:37:40.388,6.35815,6.35736,1.12,1.5
23.08.2021 00:37:40.589,6.35815,6.35736,1.5,1.5
23.08.2021 00:37:41.935,6.35807,6.35728,1,1.5
23.08.2021 00:37:41.986,6.35807,6.35728,1.5,1.5
23.08.2021 00:37:42.187,6.35807,6.357330000000001,1,1.5
23.08.2021 00:37:42.749,6.35817,6.35736,1.12,1.5
23.08.2021 00:37:42.800,6.35816,6.357380000000001,1,1.5
23.08.2021 00:37:43.388,6.35816,6.357380000000001,1,1.5
23.08.2021 00:37:51.297,6.358300000000001,6.357330000000001,1.5,1.5
23.08.2021 00:37:51.398,6.358040000000001,6.35727,1,1.5
23.08.2021 00:37:51.498,6.358040000000001,6.35727,1.5,1.5
23.08.2021 00:37:51.700,6.358040000000001,6.3572500000000005,1,1.5
23.08.2021 00:37:52.297,6.35812,6.35731,1,1.5
23.08.2021 00:37:54.297,6.3582,6.3573900000000005,1.5,1.5
23.08.2021 00:37:54.348,6.3582,6.3573900000000005,1,1.5
23.08.2021 00:37:55.246,6.35822,6.357430000000001,1.5,1.5
23.08.2021 00:38:06.388,6.3584000000000005,6.35737,1,1.5
23.08.2021 00:38:15.245,6.35842,6.35736,1.5,1.5
23.08.2021 00:38:15.436,6.35815,6.35736,1,1.5
23.08.2021 00:38:37.889,6.358140000000001,6.35737,1,1.5
23.08.2021 00:39:00.950,6.358140000000001,6.35735,1,2
23.08.2021 00:39:01.302,6.35807,6.3573,1,1.5
23.08.2021 00:39:01.353,6.35808,6.357290000000001,1,1.5
23.08.2021 00:39:01.554,6.35794,6.3571800000000005,1,1.5
23.08.2021 00:39:01.706,6.3579300000000005,6.35714,1,1.5
23.08.2021 00:39:02.984,6.35784,6.35705,1,1.5
23.08.2021 00:39:03.100,6.35785,6.3570400000000005,1.5,1.5
23.08.2021 00:39:07.271,6.35784,6.35705,1.5,1.12
23.08.2021 00:39:08.114,6.357690000000001,6.3569,1,1.5
23.08.2021 00:39:08.164,6.35776,6.3569700000000005,1.5,1.5
23.08.2021 00:39:08.353,6.35777,6.35696,1.12,1.5
23.08.2021 00:39:08.514,6.35776,6.3569700000000005,1.5,1.5
23.08.2021 00:39:09.346,6.35776,6.3569700000000005,1.5,1.5
23.08.2021 00:39:09.591,6.35776,6.3569700000000005,1.5,1.5
23.08.2021 00:39:11.779,6.35776,6.3569700000000005,1.5,1.5
23.08.2021 00:39:11.830,6.35768,6.35691,1,1.5
23.08.2021 00:39:20.270,6.35767,6.35688,1,1.5
23.08.2021 00:39:38.323,6.35787,6.35688,1,1.5
23.08.2021 00:39:42.054,6.35768,6.35687,1,1.5
23.08.2021 00:39:45.098,6.35767,6.356980000000001,1,1.5
23.08.2021 00:39:45.199,6.35781,6.357,1.5,1.5
23.08.2021 00:39:45.300,6.35787,6.357080000000001,1,1.5
23.08.2021 00:39:45.501,6.357880000000001,6.35707,1,2
23.08.2021 00:39:56.431,6.35807,6.357080000000001,1.5,1.5
23.08.2021 00:39:56.928,6.35796,6.35717,1,1.5
23.08.2021 00:39:57.033,6.358040000000001,6.3572500000000005,1.5,1.5
23.08.2021 00:39:57.650,6.358040000000001,6.3572500000000005,1.5,1.5
23.08.2021 00:39:58.260,6.358040000000001,6.3572500000000005,1.5,1.5
23.08.2021 00:40:14.549,6.358040000000001,6.3572500000000005,1,1.5
23.08.2021 00:40:14.700,6.35815,6.357480000000001,1,1
23.08.2021 00:40:14.751,6.3582,6.357480000000001,1,1.5
23.08.2021 00:40:15.112,6.358280000000001,6.35747,1.5,1.5
23.08.2021 00:40:15.262,6.35811,6.35737,1,1.5
23.08.2021 00:40:16.074,6.3581900000000005,6.3574,1,1.5
23.08.2021 00:40:26.759,6.3581,6.35732,1,1.5
23.08.2021 00:40:26.809,6.35811,6.3573,1.5,1.5
23.08.2021 00:40:27.010,6.3581,6.35731,1.5,1.5
23.08.2021 00:40:27.243,6.35798,6.3572500000000005,1,1.5
23.08.2021 00:40:34.214,6.35791,6.35716,1,1.5
23.08.2021 00:40:34.315,6.35791,6.3572500000000005,1,1
23.08.2021 00:40:34.415,6.358140000000001,6.35735,1.5,1.5
23.08.2021 00:40:34.466,6.358140000000001,6.35735,1,1.5
23.08.2021 00:40:35.943,6.358140000000001,6.35735,1,1.5
23.08.2021 00:40:38.633,6.35815,6.35736,1,1.5
23.08.2021 00:40:51.608,6.35822,6.357430000000001,1,2
23.08.2021 00:40:51.709,6.35822,6.357430000000001,1.5,1.5
23.08.2021 00:40:51.799,6.35812,6.35737,1,1.5
23.08.2021 00:40:51.900,6.35812,6.357330000000001,1,1.5
23.08.2021 00:40:52.103,6.35812,6.357330000000001,1.12,1.5
23.08.2021 00:40:54.615,6.3580000000000005,6.35726,1,1.5
23.08.2021 00:40:54.666,6.3580000000000005,6.35721,1,2
23.08.2021 00:41:00.258,6.3580000000000005,6.35721,1.5,2
23.08.2021 00:41:02.877,6.3580000000000005,6.35721,1.5,2
23.08.2021 00:41:02.928,6.35792,6.35721,1,1.5
23.08.2021 00:41:03.078,6.35792,6.35721,1,1.5
23.08.2021 00:41:06.132,6.35792,6.357130000000001,1.5,1.5
23.08.2021 00:41:07.011,6.35799,6.357200000000001,1.5,1.5
23.08.2021 00:41:13.889,6.3580000000000005,6.35719,1.5,1.5
23.08.2021 00:41:16.392,6.358210000000001,6.35727,1,1.5
23.08.2021 00:41:18.601,6.35807,6.357330000000001,1,1.5
23.08.2021 00:41:18.759,6.35807,6.357380000000001,1,1.5
23.08.2021 00:41:21.388,6.35807,6.357380000000001,1,1.5
23.08.2021 00:41:24.510,6.35807,6.35732,1,1.5
23.08.2021 00:41:24.757,6.35807,6.35728,1,1.5
23.08.2021 00:41:30.355,6.3580000000000005,6.35727,1,1.5
23.08.2021 00:41:30.405,6.3580000000000005,6.35722,1,1.5
23.08.2021 00:41:30.561,6.3580000000000005,6.35722,1.5,1.5
23.08.2021 00:41:51.569,6.3581,6.357200000000001,1.5,1.5
23.08.2021 00:41:51.770,6.35815,6.35726,1.5,1.5
23.08.2021 00:41:52.081,6.35802,6.35726,1,1.5
23.08.2021 00:41:52.190,6.35802,6.35723,1,1.62
23.08.2021 00:41:52.291,6.35802,6.35723,1.5,1.5
23.08.2021 00:41:55.580,6.35794,6.357200000000001,1,1.5
23.08.2021 00:41:58.361,6.35794,6.357200000000001,1.12,1.5
23.08.2021 00:42:01.097,6.35794,6.357200000000001,1.5,1.5
23.08.2021 00:42:02.684,6.3578600000000005,6.357150000000001,1,1.5
23.08.2021 00:42:05.308,6.35794,6.357150000000001,1.5,2
23.08.2021 00:42:06.092,6.3578600000000005,6.357150000000001,1,1.5
23.08.2021 00:42:08.395,6.3578600000000005,6.357150000000001,1,1.5
23.08.2021 00:42:08.822,6.3578600000000005,6.35707,1.5,1
23.08.2021 00:42:08.962,6.35766,6.357030000000001,1,1
23.08.2021 00:42:09.435,6.3576500000000005,6.3570400000000005,1,1.5
23.08.2021 00:42:09.636,6.3576500000000005,6.3570400000000005,1,1.5
23.08.2021 00:42:12.331,6.3576500000000005,6.3570400000000005,1,1.5
23.08.2021 00:42:12.531,6.35766,6.3569700000000005,1,1.5
23.08.2021 00:42:14.025,6.3576500000000005,6.356980000000001,1,1.5
23.08.2021 00:42:27.082,6.357730000000001,6.3569700000000005,1.5,1.5
23.08.2021 00:42:27.132,6.35772,6.357030000000001,1,1.5
23.08.2021 00:42:27.183,6.35787,6.357080000000001,2,1.5
23.08.2021 00:42:27.284,6.35776,6.35702,1,1.5
23.08.2021 00:42:27.335,6.35775,6.357030000000001,1,1.5
23.08.2021 00:42:31.395,6.35775,6.356990000000001,1,1.5
23.08.2021 00:42:31.615,6.35775,6.35696,1.5,1.5
23.08.2021 00:42:33.163,6.35766,6.356940000000001,1,1.5
23.08.2021 00:42:33.292,6.35766,6.356940000000001,1,1.5
23.08.2021 00:42:33.463,6.357740000000001,6.35695,1,1.5
23.08.2021 00:42:35.321,6.357740000000001,6.35695,1.5,1.5
23.08.2021 00:42:35.522,6.357740000000001,6.35695,1.5,1.5
23.08.2021 00:42:37.094,6.35763,6.35684,1,1.5
23.08.2021 00:42:39.389,6.357640000000001,6.35683,1,1.5
23.08.2021 00:42:40.462,6.35763,6.35684,1,1.5
23.08.2021 00:42:40.664,6.357640000000001,6.35683,1,1.5
23.08.2021 00:42:54.011,6.35763,6.35684,1,1.5
23.08.2021 00:43:02.881,6.3578600000000005,6.356800000000001,1,1.5
23.08.2021 00:43:02.981,6.35775,6.35683,1.5,1.5
23.08.2021 00:43:03.087,6.35775,6.35683,1.5,1.5
23.08.2021 00:43:07.103,6.35763,6.35684,1,1.5
23.08.2021 00:43:08.435,6.357640000000001,6.35683,1.5,1.5
23.08.2021 00:43:08.486,6.35756,6.35677,1,1.5
23.08.2021 00:43:08.587,6.35744,6.356630000000001,1,1.5
23.08.2021 00:43:08.687,6.357430000000001,6.3566400000000005,1.5,1.5
23.08.2021 00:43:08.738,6.35735,6.3566,1,1.5
23.08.2021 00:43:08.838,6.35735,6.3566,1,1.5
23.08.2021 00:43:14.656,6.35736,6.35655,1.5,1.5
23.08.2021 00:43:14.759,6.35726,6.35647,1,1.5
23.08.2021 00:43:22.860,6.35726,6.35647,1,1.5
23.08.2021 00:43:23.478,6.35747,6.35642,1,1
23.08.2021 00:43:24.403,6.35712,6.35634,1,1.5
23.08.2021 00:43:24.850,6.35712,6.35634,1,1.5
23.08.2021 00:43:25.136,6.35712,6.35641,1,1
23.08.2021 00:43:26.140,6.3572500000000005,6.35646,1.5,1.5
23.08.2021 00:43:26.312,6.35709,6.35637,1,1
23.08.2021 00:43:26.421,6.35709,6.35634,1,1.5
23.08.2021 00:43:28.769,6.35709,6.3563,1.12,1.5
23.08.2021 00:43:29.417,6.356940000000001,6.35615,1,1.62
23.08.2021 00:43:29.580,6.356940000000001,6.35615,1,1.62
23.08.2021 00:43:30.102,6.35695,6.356140000000001,1.5,1.5
23.08.2021 00:43:34.417,6.356940000000001,6.35615,1.5,1.5
23.08.2021 00:43:35.523,6.356800000000001,6.3560300000000005,1,1.5
23.08.2021 00:43:43.851,6.356800000000001,6.3560300000000005,1,1.5
23.08.2021 00:43:53.243,6.3567100000000005,6.35597,1,1.5
23.08.2021 00:43:53.293,6.35682,6.3560300000000005,1.5,1.5
23.08.2021 00:43:53.364,6.35682,6.3560300000000005,1.12,1.5
23.08.2021 00:43:53.567,6.35683,6.35602,1.5,1.5
23.08.2021 00:43:55.331,6.35682,6.3560300000000005,1,2.37
23.08.2021 00:44:02.836,6.35683,6.35602,1.5,1.5
23.08.2021 00:44:06.448,6.35677,6.355980000000001,1,1
23.08.2021 00:44:06.763,6.35684,6.356050000000001,1.5,1.5
23.08.2021 00:44:07.604,6.3569700000000005,6.35618,1.5,1
23.08.2021 00:44:07.705,6.3569700000000005,6.35618,1,1.5
23.08.2021 00:44:19.253,6.35712,6.35615,1.5,1
23.08.2021 00:44:34.516,6.357080000000001,6.35607,1.5,1.5
23.08.2021 00:44:34.617,6.3569,6.35611,1,1.5
23.08.2021 00:44:34.717,6.3569,6.35611,1.5,1.5
23.08.2021 00:44:44.591,6.3569,6.35611,1.5,1.5
23.08.2021 00:44:44.837,6.3569,6.35611,1.5,1.5
23.08.2021 00:44:46.233,6.35679,6.35601,1,1.5
23.08.2021 00:44:46.446,6.35679,6.356,1,1.62
23.08.2021 00:44:47.689,6.356680000000001,6.35591,1,1.5
23.08.2021 00:44:48.895,6.356680000000001,6.3558900000000005,1.5,1.5
23.08.2021 00:44:50.497,6.356680000000001,6.3558900000000005,1.5,1.5
23.08.2021 00:44:51.278,6.35657,6.3558,1,1.5
23.08.2021 00:44:59.954,6.35657,6.35578,1.5,1.5
23.08.2021 00:45:01.654,6.35657,6.35578,1,1.5
23.08.2021 00:45:02.740,6.356580000000001,6.35577,1.5,1.5
23.08.2021 00:45:03.063,6.356580000000001,6.35577,1,1.5
23.08.2021 00:45:04.559,6.35657,6.35578,1.5,1.5
23.08.2021 00:45:04.730,6.35647,6.3557500000000005,1,1
23.08.2021 00:45:05.063,6.35655,6.35576,1,1.5
23.08.2021 00:45:09.443,6.35655,6.35576,1,1.5
23.08.2021 00:45:09.494,6.35648,6.3557500000000005,1,1
23.08.2021 00:45:10.804,6.356630000000001,6.355840000000001,1.5,1.5
23.08.2021 00:45:10.854,6.356630000000001,6.355840000000001,1,1.5
23.08.2021 00:45:11.020,6.356630000000001,6.35587,1,1
23.08.2021 00:45:11.298,6.3566400000000005,6.355830000000001,1,1.5
23.08.2021 00:45:15.145,6.35656,6.3557500000000005,1,1.62
23.08.2021 00:45:19.498,6.35656,6.3557500000000005,1,1.62
23.08.2021 00:45:21.685,6.35655,6.35576,1,1.62
23.08.2021 00:45:21.886,6.35655,6.35576,1,1.62
23.08.2021 00:45:22.934,6.35647,6.35576,1,1
23.08.2021 00:45:22.984,6.35647,6.35568,1.5,1.5
23.08.2021 00:45:23.085,6.35627,6.3557500000000005,1,1.12
23.08.2021 00:45:23.186,6.35648,6.355740000000001,1,1.5
23.08.2021 00:45:23.293,6.356580000000001,6.3557500000000005,1.5,1.5
23.08.2021 00:45:23.602,6.3564300000000005,6.35564,1,1.5
23.08.2021 00:45:23.653,6.35644,6.355630000000001,1.5,1.5
23.08.2021 00:45:29.825,6.35626,6.35552,1,1.5
23.08.2021 00:45:46.889,6.35626,6.355530000000001,1,1.5
23.08.2021 00:45:49.491,6.3564300000000005,6.355530000000001,1,1.5
23.08.2021 00:45:54.389,6.35644,6.3554900000000005,1,1
23.08.2021 00:46:00.110,6.35626,6.3555,1,1
23.08.2021 00:46:06.326,6.356190000000001,6.35538,1,1.5
23.08.2021 00:46:06.438,6.35612,6.3553500000000005,1,1.5
23.08.2021 00:46:06.488,6.35611,6.35532,1.5,1.5
23.08.2021 00:46:06.539,6.35601,6.355300000000001,1,1
23.08.2021 00:46:07.877,6.35601,6.35522,1,1.62
23.08.2021 00:46:15.745,6.35601,6.35522,1,1.62
23.08.2021 00:46:17.514,6.35601,6.35522,1,1.62
23.08.2021 00:46:18.504,6.35601,6.35522,1,1.62
23.08.2021 00:46:20.912,6.35615,6.35522,1,1
23.08.2021 00:46:30.199,6.35616,6.3552100000000005,1,1
23.08.2021 00:46:34.907,6.35595,6.3552100000000005,1,1
23.08.2021 00:46:34.957,6.35594,6.35515,1.5,1.5
23.08.2021 00:46:35.126,6.35594,6.35515,1.5,1
23.08.2021 00:46:35.405,6.3557500000000005,6.35496,1,1.62
23.08.2021 00:46:35.455,6.3557500000000005,6.35496,1,1.62
23.08.2021 00:46:44.147,6.3559,6.35496,1,1
23.08.2021 00:46:50.038,6.3556,6.35486,1,1
23.08.2021 00:46:50.200,6.35561,6.35485,1,1
23.08.2021 00:46:51.234,6.3556,6.35486,1,1
23.08.2021 00:46:51.534,6.3556,6.35486,1,1
23.08.2021 00:46:52.677,6.35568,6.35489,1,1.5
23.08.2021 00:46:52.727,6.35569,6.35493,1,1
23.08.2021 00:46:53.817,6.35577,6.35498,1.5,1.5
23.08.2021 00:46:56.066,6.35567,6.35486,1,1.62
23.08.2021 00:46:56.220,6.35566,6.35487,1,1.62
23.08.2021 00:46:56.321,6.35567,6.35492,1,1
23.08.2021 00:47:04.886,6.35566,6.35493,1,1
23.08.2021 00:47:08.159,6.35566,6.35493,1,1
23.08.2021 00:47:09.046,6.35557,6.35493,1,1
23.08.2021 00:47:13.852,6.35569,6.35493,1,1
23.08.2021 00:47:16.112,6.35557,6.354830000000001,1,1
23.08.2021 00:47:16.229,6.35551,6.35475,1,1
23.08.2021 00:47:16.280,6.3555,6.354730000000001,1,1
23.08.2021 00:47:19.449,6.3555,6.354730000000001,1.5,1
23.08.2021 00:47:20.389,6.3555,6.35471,1.5,1.5
23.08.2021 00:47:20.942,6.35531,6.354550000000001,1,1.5
23.08.2021 00:47:21.043,6.35526,6.35447,1,1.5
23.08.2021 00:47:21.093,6.35526,6.35447,1.5,1.5
23.08.2021 00:47:21.295,6.355180000000001,6.35442,1,1
23.08.2021 00:47:25.946,6.35517,6.354380000000001,1.5,1.5
23.08.2021 00:47:26.048,6.35511,6.35435,1,1
23.08.2021 00:47:36.759,6.35501,6.35435,1,1
23.08.2021 00:47:40.294,6.354990000000001,6.35435,1,1
23.08.2021 00:47:40.968,6.355080000000001,6.35435,1,1
23.08.2021 00:47:43.716,6.355180000000001,6.3544,1,1
23.08.2021 00:47:43.875,6.35529,6.354500000000001,1.5,1.5
23.08.2021 00:47:43.975,6.35529,6.3545300000000005,1.5,1
23.08.2021 00:47:44.076,6.355580000000001,6.354780000000001,1,1
23.08.2021 00:47:44.127,6.355390000000001,6.35463,1,1
23.08.2021 00:47:44.270,6.355390000000001,6.35463,1,1
23.08.2021 00:47:46.788,6.355390000000001,6.35463,1,1
23.08.2021 00:47:48.511,6.3554,6.35462,1,1
23.08.2021 00:47:50.637,6.355390000000001,6.35463,1,1
23.08.2021 00:47:54.428,6.355390000000001,6.35463,1,1
23.08.2021 00:47:58.533,6.355390000000001,6.35463,1,1
23.08.2021 00:48:06.042,6.35557,6.35463,1,1
23.08.2021 00:48:06.105,6.35557,6.35463,1,1
23.08.2021 00:48:14.151,6.355390000000001,6.35463,1,1
23.08.2021 00:48:14.980,6.3554,6.35462,1,1
23.08.2021 00:48:19.131,6.35531,6.35463,1,1
23.08.2021 00:48:23.833,6.35532,6.35456,1,1
23.08.2021 00:48:24.419,6.35531,6.35457,1,1
23.08.2021 00:48:24.645,6.35531,6.35452,1.5,1.5
23.08.2021 00:48:31.636,6.355390000000001,6.35445,1,1
23.08.2021 00:48:35.232,6.3554,6.35444,1,1
23.08.2021 00:48:36.742,6.355300000000001,6.354550000000001,1,1
23.08.2021 00:48:36.868,6.35537,6.35463,1.5,1
23.08.2021 00:48:36.921,6.35537,6.35463,1,1
23.08.2021 00:48:40.881,6.35557,6.35463,1,1.7
23.08.2021 00:48:41.090,6.35557,6.35463,1,1.7
23.08.2021 00:48:46.249,6.3552800000000005,6.3545300000000005,1.12,1
23.08.2021 00:48:46.357,6.355230000000001,6.35452,1,1
23.08.2021 00:48:46.633,6.3551400000000005,6.35444,1,1
23.08.2021 00:48:47.205,6.35522,6.35444,1,1
23.08.2021 00:48:49.124,6.3551400000000005,6.35439,1,1
23.08.2021 00:48:50.606,6.35522,6.354430000000001,1.5,2
23.08.2021 00:48:58.998,6.35501,6.35439,1,1
23.08.2021 00:48:59.049,6.35501,6.354330000000001,1,1
23.08.2021 00:49:00.080,6.355,6.3543,1,1
23.08.2021 00:49:00.595,6.355,6.354240000000001,1,1
23.08.2021 00:49:00.751,6.355,6.354240000000001,1.5,1
23.08.2021 00:49:01.700,6.355,6.35421,1.5,1.5
23.08.2021 00:49:02.719,6.35491,6.354150000000001,1,1
23.08.2021 00:49:02.820,6.35491,6.35412,1.5,1.5
23.08.2021 00:49:03.300,6.35476,6.35405,1,1.5
23.08.2021 00:49:03.489,6.35476,6.35405,1,1.5
23.08.2021 00:49:06.799,6.35484,6.35405,1,1.5
23.08.2021 00:49:11.080,6.35484,6.35405,1.5,1.62
23.08.2021 00:49:11.181,6.35484,6.354150000000001,1.5,1
23.08.2021 00:49:11.235,6.35485,6.35414,1,1.5
23.08.2021 00:49:11.364,6.35484,6.354150000000001,1,1.5
23.08.2021 00:49:17.619,6.35492,6.35412,1.5,1
23.08.2021 00:49:17.726,6.3548100000000005,6.35397,1.5,1.5
23.08.2021 00:49:17.777,6.3547400000000005,6.35396,1,1.5
23.08.2021 00:49:17.827,6.354730000000001,6.35397,1,1.5
23.08.2021 00:49:19.881,6.3547400000000005,6.35402,1,1.5
23.08.2021 00:49:21.608,6.354730000000001,6.354030000000001,1,1.5
23.08.2021 00:49:25.386,6.354730000000001,6.354080000000001,1,1.5
23.08.2021 00:49:25.611,6.3548100000000005,6.354080000000001,1,1.5
23.08.2021 00:49:26.009,6.35489,6.354150000000001,1.5,1.5
23.08.2021 00:49:26.119,6.354900000000001,6.35414,1,1.5
23.08.2021 00:49:31.585,6.35489,6.35414,1,1.5
23.08.2021 00:49:32.889,6.35489,6.35414,1,1.5
23.08.2021 00:49:43.129,6.355090000000001,6.35421,1.5,1
23.08.2021 00:49:43.180,6.35498,6.3543,1,1.5
23.08.2021 00:49:43.330,6.35497,6.35431,1,1.5
23.08.2021 00:49:43.610,6.35505,6.35431,1,1.5
23.08.2021 00:49:43.719,6.355180000000001,6.35439,1.5,1.5
23.08.2021 00:49:43.769,6.35519,6.354380000000001,1.5,1.62
23.08.2021 00:49:43.970,6.355180000000001,6.35447,1,1.5
23.08.2021 00:49:45.799,6.355180000000001,6.35439,1,1.62
23.08.2021 00:49:45.849,6.355090000000001,6.35439,1,1
23.08.2021 00:49:46.014,6.355090000000001,6.35439,1,1
23.08.2021 00:49:53.064,6.355090000000001,6.35439,1,1
23.08.2021 00:50:01.215,6.3551,6.354380000000001,1,1
23.08.2021 00:50:01.335,6.3552,6.35439,1,1.5
23.08.2021 00:50:12.669,6.35533,6.35439,1,1
23.08.2021 00:50:16.252,6.35512,6.35439,1,1
23.08.2021 00:50:16.303,6.35512,6.35439,1,1
23.08.2021 00:50:27.378,6.35519,6.3544,1,1.5
23.08.2021 00:50:44.263,6.35533,6.3544,1,1
23.08.2021 00:50:45.071,6.35512,6.3544,1,1
23.08.2021 00:50:46.907,6.35512,6.35452,1,1
23.08.2021 00:50:46.958,6.355230000000001,6.35452,1,1
23.08.2021 00:50:47.275,6.355300000000001,6.35456,1,1
23.08.2021 00:50:53.354,6.355300000000001,6.35456,1,1
23.08.2021 00:50:53.454,6.35538,6.3546000000000005,1,1
23.08.2021 00:50:53.555,6.35538,6.35465,1,1
23.08.2021 00:50:54.888,6.3554900000000005,6.3547,1.5,1.5
23.08.2021 00:50:54.938,6.3554900000000005,6.35476,1,1
23.08.2021 00:50:55.124,6.3554900000000005,6.35484,1,1
23.08.2021 00:50:55.186,6.35557,6.35484,1,1
23.08.2021 00:50:55.355,6.3555,6.35484,1,1
23.08.2021 00:50:55.514,6.3555,6.35471,1,1.5
23.08.2021 00:50:55.720,6.3555,6.35471,1,1.5
23.08.2021 00:50:55.850,6.35542,6.3547,1,1
23.08.2021 00:50:58.889,6.35542,6.3547,1,1
23.08.2021 00:51:03.936,6.3555,6.354690000000001,1.12,1.5
23.08.2021 00:51:30.367,6.35542,6.35465,1,1
23.08.2021 00:51:53.450,6.3555,6.35471,1.5,1.5
23.08.2021 00:51:53.601,6.3555,6.3548,1.5,1
23.08.2021 00:51:54.061,6.3555,6.35482,1,1
23.08.2021 00:51:54.310,6.355580000000001,6.35482,1,1
23.08.2021 00:51:59.288,6.355580000000001,6.354830000000001,1,1
23.08.2021 00:51:59.489,6.35559,6.354780000000001,1,1.5
23.08.2021 00:52:01.445,6.355580000000001,6.35479,1,1.5
23.08.2021 00:52:01.743,6.355580000000001,6.354830000000001,1,1.5
23.08.2021 00:52:03.162,6.355650000000001,6.3548800000000005,1,1
23.08.2021 00:52:06.333,6.35554,6.3548800000000005,1,1
23.08.2021 00:52:06.383,6.35554,6.3548800000000005,1,1
23.08.2021 00:52:06.652,6.35554,6.35482,1,1
23.08.2021 00:52:06.862,6.35554,6.35482,1,1
23.08.2021 00:52:08.062,6.35561,6.35487,1,1
23.08.2021 00:52:08.213,6.35561,6.35487,1,1
23.08.2021 00:52:12.539,6.35562,6.3548100000000005,1,1.5
23.08.2021 00:52:14.334,6.355530000000001,6.35476,1,1.5
23.08.2021 00:52:18.962,6.35542,6.354640000000001,1,1
23.08.2021 00:52:19.091,6.35542,6.354640000000001,1,1
23.08.2021 00:52:24.389,6.355430000000001,6.35463,1,1
23.08.2021 00:52:36.942,6.355430000000001,6.35466,1,1.5
23.08.2021 00:52:36.993,6.3555600000000005,6.3548100000000005,1.5,1
23.08.2021 00:52:37.163,6.3555600000000005,6.354830000000001,1,1
23.08.2021 00:52:37.314,6.35572,6.3549500000000005,1.5,1
23.08.2021 00:52:37.364,6.35573,6.35494,1,1
23.08.2021 00:52:44.727,6.35572,6.355,1,1
23.08.2021 00:52:45.196,6.35585,6.35506,1.5,1.5
23.08.2021 00:52:45.247,6.35585,6.355090000000001,1,1
23.08.2021 00:52:46.140,6.35585,6.355090000000001,1,1
23.08.2021 00:52:46.342,6.35585,6.35506,1.12,1.5
23.08.2021 00:52:48.312,6.35586,6.35505,1,1.62
23.08.2021 00:52:49.041,6.35585,6.35506,1,1.62
23.08.2021 00:52:50.502,6.35585,6.35506,1,1
23.08.2021 00:52:59.040,6.35577,6.355,1,1
23.08.2021 00:52:59.106,6.35577,6.35498,1,1.5
23.08.2021 00:52:59.476,6.35578,6.35497,1,1
23.08.2021 00:53:00.483,6.35566,6.35487,1,2
23.08.2021 00:53:00.823,6.35591,6.35487,1.5,1.5
23.08.2021 00:53:00.873,6.35567,6.35486,1,2
23.08.2021 00:53:01.417,6.35566,6.35487,1,2
23.08.2021 00:53:04.794,6.35566,6.35487,1,2
23.08.2021 00:53:04.900,6.35566,6.35492,1,1.62
23.08.2021 00:53:10.263,6.35576,6.3549500000000005,1,1
23.08.2021 00:53:17.140,6.3557500000000005,6.35503,1,1.2
23.08.2021 00:53:17.240,6.3557500000000005,6.35496,1,1.5
23.08.2021 00:53:17.294,6.3557500000000005,6.35496,1,1.5
23.08.2021 00:53:19.666,6.35587,6.355080000000001,1,1
23.08.2021 00:53:31.162,6.3559600000000005,6.35517,1,1
23.08.2021 00:53:31.313,6.35597,6.355180000000001,1,1
23.08.2021 00:53:31.611,6.3559600000000005,6.35517,1,1.5
23.08.2021 00:53:33.147,6.3559600000000005,6.35519,1,1
23.08.2021 00:53:33.903,6.35597,6.355160000000001,1,1.5
23.08.2021 00:53:33.954,6.3559600000000005,6.35517,1,1
23.08.2021 00:53:36.673,6.3559600000000005,6.3552,1,1
23.08.2021 00:53:37.320,6.356140000000001,6.35533,1,1
23.08.2021 00:53:44.691,6.356230000000001,6.35527,1.5,1
23.08.2021 00:53:44.741,6.35604,6.35527,1,1
23.08.2021 00:53:45.537,6.35604,6.355250000000001,1,1.12
23.08.2021 00:53:47.188,6.35604,6.355250000000001,1,1.5
23.08.2021 00:53:47.238,6.356140000000001,6.3553500000000005,1,1
23.08.2021 00:53:52.151,6.356140000000001,6.3553500000000005,1,1.5
23.08.2021 00:54:01.117,6.35608,6.35532,1,1
23.08.2021 00:54:01.272,6.35607,6.35532,1,1
23.08.2021 00:54:02.599,6.35608,6.35527,1,1
23.08.2021 00:54:17.844,6.35599,6.35522,1,1
23.08.2021 00:54:18.022,6.35591,6.355160000000001,1,1
23.08.2021 00:54:19.299,6.35591,6.35512,1,1
23.08.2021 00:54:21.774,6.35577,6.355040000000001,1,1
23.08.2021 00:54:23.153,6.35578,6.35497,1,1
23.08.2021 00:54:23.304,6.355700000000001,6.354900000000001,1,1
23.08.2021 00:54:23.388,6.35569,6.354900000000001,1,1.5
23.08.2021 00:54:23.935,6.35561,6.35489,1,1.5
23.08.2021 00:54:24.829,6.35568,6.35489,1,2
23.08.2021 00:54:27.446,6.35561,6.35484,1,1.5
23.08.2021 00:54:27.501,6.35562,6.354830000000001,1,1
23.08.2021 00:54:27.703,6.35562,6.3548100000000005,1,1
23.08.2021 00:54:27.960,6.355530000000001,6.3547400000000005,1,1
23.08.2021 00:54:33.084,6.35561,6.3548,1,1
23.08.2021 00:54:34.779,6.355630000000001,6.35467,1,1.5
23.08.2021 00:54:34.829,6.35552,6.354730000000001,1,1
23.08.2021 00:54:35.250,6.355440000000001,6.35466,1,1
23.08.2021 00:54:36.286,6.355530000000001,6.35472,1,1
23.08.2021 00:54:36.541,6.35552,6.354730000000001,1,2.52
23.08.2021 00:54:36.694,6.35552,6.35475,1,1
23.08.2021 00:54:36.809,6.3556,6.3548100000000005,1,1.5
23.08.2021 00:54:37.023,6.3556,6.354830000000001,1,1.77
23.08.2021 00:54:37.073,6.35572,6.35491,1,1
23.08.2021 00:54:40.148,6.355650000000001,6.35484,1,1.5
23.08.2021 00:54:40.198,6.35564,6.35485,1,1
23.08.2021 00:54:40.299,6.35551,6.35472,1,1.62
23.08.2021 00:54:40.400,6.3555,6.354730000000001,1,1
23.08.2021 00:54:40.810,6.35569,6.354730000000001,1.5,1.12
23.08.2021 00:54:40.860,6.35559,6.354780000000001,1,1
23.08.2021 00:54:41.346,6.3555,6.35471,1,1.5
23.08.2021 00:54:41.754,6.3555,6.35471,1,1
23.08.2021 00:54:42.766,6.3555,6.35471,1,1.62
23.08.2021 00:54:42.865,6.35551,6.3547,1,1.12
23.08.2021 00:54:42.916,6.3555,6.35471,1,1.5
23.08.2021 00:54:44.350,6.3555,6.35471,1,1
23.08.2021 00:54:46.456,6.355390000000001,6.35462,1,1.5
23.08.2021 00:54:46.514,6.355390000000001,6.35462,1,1
23.08.2021 00:54:48.270,6.355390000000001,6.3546000000000005,1,1
23.08.2021 00:54:50.146,6.3555,6.35471,1,1
23.08.2021 00:54:50.500,6.35551,6.3547,1,1.5
23.08.2021 00:54:50.601,6.3555,6.35471,1,1.5
23.08.2021 00:54:50.652,6.3555,6.35477,1,1
23.08.2021 00:54:50.767,6.35551,6.35476,1,1.5
23.08.2021 00:54:50.921,6.35581,6.354830000000001,1.5,1
23.08.2021 00:54:50.972,6.35566,6.35487,1,1
23.08.2021 00:54:52.178,6.355580000000001,6.35479,1,1
23.08.2021 00:54:52.331,6.3555,6.35471,1,1.5
23.08.2021 00:54:52.382,6.3555,6.35471,1,1
23.08.2021 00:54:54.622,6.3555,6.35471,1,1.5
23.08.2021 00:54:54.823,6.355700000000001,6.354730000000001,1.5,1
23.08.2021 00:54:54.873,6.35562,6.3548100000000005,1,1
23.08.2021 00:54:54.974,6.35555,6.3547400000000005,1,1
23.08.2021 00:54:57.290,6.35546,6.35465,1,1
23.08.2021 00:54:57.791,6.355530000000001,6.35472,1,1
23.08.2021 00:54:59.975,6.35561,6.354830000000001,1,1
23.08.2021 00:55:00.126,6.3557500000000005,6.35484,1.5,1
23.08.2021 00:55:00.277,6.3557500000000005,6.35484,1,1.12
23.08.2021 00:55:00.431,6.35576,6.35492,1,1
23.08.2021 00:55:00.582,6.35572,6.35491,1,1.5
23.08.2021 00:55:00.938,6.35602,6.3548800000000005,1.5,1.5
23.08.2021 00:55:01.491,6.35572,6.35492,1,1
23.08.2021 00:55:01.797,6.35571,6.35493,1,1
23.08.2021 00:55:01.848,6.355790000000001,6.355,1,1
23.08.2021 00:55:02.139,6.35573,6.35493,1,1.77
23.08.2021 00:55:05.105,6.35573,6.35486,1,2
23.08.2021 00:55:05.155,6.35573,6.35491,1,1
23.08.2021 00:55:05.269,6.35573,6.35493,1,1
23.08.2021 00:55:07.352,6.35567,6.35493,1,1
23.08.2021 00:55:07.402,6.35568,6.35485,1,1.5
23.08.2021 00:55:07.558,6.35568,6.35485,1,1.5
23.08.2021 00:55:11.094,6.35567,6.35493,1,1.77
23.08.2021 00:55:11.474,6.35567,6.35493,1,1
23.08.2021 00:55:16.203,6.35576,6.355080000000001,1,1
23.08.2021 00:55:16.304,6.35576,6.355080000000001,1,1
23.08.2021 00:55:16.354,6.35594,6.35519,1.5,1
23.08.2021 00:55:16.506,6.35594,6.35519,1,1
23.08.2021 00:55:17.360,6.35594,6.355250000000001,1,1
23.08.2021 00:55:27.110,6.35604,6.355250000000001,1,1
23.08.2021 00:55:27.160,6.35604,6.35531,1,1
23.08.2021 00:55:27.261,6.35618,6.35524,1.5,1
23.08.2021 00:55:28.101,6.35601,6.355250000000001,1,1
23.08.2021 00:55:35.234,6.35602,6.35526,1,1
23.08.2021 00:55:35.886,6.35613,6.355300000000001,1,1.5
23.08.2021 00:55:37.194,6.35613,6.35536,1,1
23.08.2021 00:55:47.733,6.35613,6.35536,1,1
23.08.2021 00:55:47.796,6.35632,6.35537,1.5,1.5
23.08.2021 00:55:47.897,6.356330000000001,6.35542,1.5,1.77
23.08.2021 00:55:48.246,6.35617,6.355430000000001,1,1.77
23.08.2021 00:55:54.108,6.35608,6.3553500000000005,1,1
23.08.2021 00:55:54.159,6.35608,6.355300000000001,1,1.5
23.08.2021 00:55:54.359,6.35608,6.355300000000001,1,1.5
23.08.2021 00:55:55.620,6.35609,6.35519,1.5,1
23.08.2021 00:56:16.558,6.3559600000000005,6.35519,1,1
23.08.2021 00:56:28.602,6.35595,6.35522,1,1.5
23.08.2021 00:56:28.653,6.356230000000001,6.355230000000001,1,1.77
23.08.2021 00:56:28.979,6.356230000000001,6.35522,1,1.5
23.08.2021 00:56:29.842,6.356230000000001,6.35522,1,1.5
23.08.2021 00:56:30.536,6.356230000000001,6.35522,1,1.5
23.08.2021 00:56:32.437,6.356230000000001,6.35522,1,1.5
23.08.2021 00:56:32.830,6.356240000000001,6.3552100000000005,1,1.5
23.08.2021 00:56:41.887,6.356240000000001,6.35519,1,1
23.08.2021 00:56:46.815,6.3559600000000005,6.35519,1,1
23.08.2021 00:56:59.287,6.3560300000000005,6.35505,1,1.5
23.08.2021 00:56:59.397,6.355830000000001,6.35505,1,1.5
23.08.2021 00:56:59.498,6.3557500000000005,6.35494,1,1
23.08.2021 00:57:02.082,6.3557500000000005,6.354990000000001,1,1
23.08.2021 00:57:02.183,6.355880000000001,6.35505,1.5,1
23.08.2021 00:57:02.284,6.35587,6.35517,1,1
23.08.2021 00:57:05.481,6.35587,6.35517,1,1
23.08.2021 00:57:07.611,6.356,6.355230000000001,1,1.7
23.08.2021 00:57:18.111,6.356,6.355230000000001,1,1
23.08.2021 00:57:18.162,6.35609,6.35531,1,1
23.08.2021 00:57:18.356,6.35609,6.35531,1,1
23.08.2021 00:57:20.907,6.35617,6.355430000000001,1,1
23.08.2021 00:57:23.091,6.35632,6.35542,1.5,1.77
23.08.2021 00:57:28.890,6.356310000000001,6.355430000000001,1.12,1.77
23.08.2021 00:57:43.573,6.35657,6.35554,1,1
23.08.2021 00:57:43.728,6.35657,6.35554,1,1
23.08.2021 00:57:44.217,6.35657,6.35554,1,1
23.08.2021 00:57:44.541,6.35657,6.35554,1,1
23.08.2021 00:57:44.692,6.35644,6.35567,1,1
23.08.2021 00:57:44.834,6.35644,6.35567,1,1
23.08.2021 00:57:46.521,6.35644,6.35573,1,1.77
23.08.2021 00:57:51.237,6.35644,6.35573,1,1.77
23.08.2021 00:57:52.398,6.35644,6.35573,1,1.77
23.08.2021 00:57:52.546,6.356580000000001,6.355790000000001,1,1
23.08.2021 00:57:52.596,6.356590000000001,6.35578,1,1
23.08.2021 00:57:52.697,6.35666,6.355790000000001,1,1
23.08.2021 00:57:56.471,6.35666,6.355790000000001,1.5,1
23.08.2021 00:58:01.006,6.35666,6.35573,1.5,1
23.08.2021 00:58:01.999,6.35651,6.35571,1,1
23.08.2021 00:58:02.050,6.35651,6.35571,1,1
23.08.2021 00:58:03.715,6.35651,6.35573,1,1.7
23.08.2021 00:58:03.882,6.35652,6.35572,1,1.77
23.08.2021 00:58:11.404,6.35675,6.35569,1,1.5
23.08.2021 00:58:11.555,6.35639,6.355530000000001,1,1.5
23.08.2021 00:58:11.606,6.356380000000001,6.35554,1,1.5
23.08.2021 00:58:11.873,6.356380000000001,6.35554,1,1.5
23.08.2021 00:58:12.070,6.35647,6.35554,1.5,1.5
23.08.2021 00:58:12.320,6.35635,6.355630000000001,1,1
23.08.2021 00:58:12.501,6.35635,6.355530000000001,1.5,1
23.08.2021 00:58:27.801,6.35635,6.355480000000001,1,1
23.08.2021 00:58:28.450,6.35627,6.355530000000001,1,1
23.08.2021 00:58:32.646,6.3563600000000005,6.355530000000001,1,1.77
23.08.2021 00:58:33.219,6.356280000000001,6.355530000000001,1,1
23.08.2021 00:58:36.803,6.356280000000001,6.355480000000001,1,1
23.08.2021 00:58:38.679,6.356280000000001,6.35559,1,1
23.08.2021 00:58:38.783,6.356400000000001,6.35559,1.5,1
23.08.2021 00:58:38.884,6.356400000000001,6.35559,1,1
23.08.2021 00:58:39.081,6.356400000000001,6.35559,1,1
23.08.2021 00:58:39.271,6.35641,6.35564,1,1
23.08.2021 00:58:39.641,6.35641,6.35572,1,1.77
23.08.2021 00:58:39.907,6.35674,6.35572,1,1.77
23.08.2021 00:58:40.241,6.35679,6.35573,1,1.77
23.08.2021 00:58:54.390,6.35679,6.35571,1.5,1
23.08.2021 00:59:00.851,6.3567800000000005,6.35573,1.5,1.77
23.08.2021 00:59:11.476,6.35684,6.35576,1.5,1
23.08.2021 00:59:11.628,6.3569,6.355930000000001,1.5,1.7
23.08.2021 00:59:13.982,6.35702,6.35594,1,1
23.08.2021 00:59:14.183,6.3571100000000005,6.3560300000000005,1,1.5
23.08.2021 00:59:14.796,6.35707,6.35602,1,1.62
23.08.2021 00:59:17.863,6.357130000000001,6.35602,1,1.77
23.08.2021 00:59:19.003,6.35707,6.3560300000000005,1,1.62
23.08.2021 00:59:25.890,6.35707,6.3560300000000005,1,1.5
23.08.2021 00:59:31.263,6.357060000000001,6.35594,1.5,1
23.08.2021 00:59:31.466,6.357,6.355930000000001,1,1
23.08.2021 00:59:33.390,6.357,6.355930000000001,1,1
23.08.2021 00:59:41.432,6.357,6.355930000000001,1,1.77
23.08.2021 00:59:52.811,6.356980000000001,6.35586,1,1.5
23.08.2021 00:59:53.162,6.357030000000001,6.35594,1.5,1
23.08.2021 00:59:54.076,6.35696,6.35586,1.5,1
23.08.2021 00:59:55.631,6.3568500000000006,6.35576,1,1.5
23.08.2021 00:59:55.786,6.3568500000000006,6.35576,1,1.5
23.08.2021 00:59:55.996,6.356890000000001,6.355830000000001,1.5,1.77
23.08.2021 01:00:00.901,6.35684,6.3557500000000005,1.5,1
23.08.2021 01:00:01.029,6.3568500000000006,6.355740000000001,1.5,1
23.08.2021 01:00:03.917,6.35682,6.35572,1,1
23.08.2021 01:00:04.105,6.35661,6.35562,1.5,1.77
23.08.2021 01:00:04.274,6.35666,6.35564,1.5,1
23.08.2021 01:00:04.516,6.35666,6.35562,1.5,1.5
23.08.2021 01:00:05.645,6.356580000000001,6.3555600000000005,1,1.5
23.08.2021 01:00:05.846,6.356490000000001,6.35546,1.62,1.5
23.08.2021 01:00:06.029,6.35648,6.35546,1.7,1.5
23.08.2021 01:00:06.233,6.35627,6.35524,1.5,1.5
23.08.2021 01:00:06.443,6.35621,6.35519,1,1.5
23.08.2021 01:00:06.589,6.35621,6.35519,1,1.5
23.08.2021 01:00:08.167,6.35615,6.35506,1,1.5
23.08.2021 01:00:08.380,6.35615,6.35506,1,1.5
23.08.2021 01:00:11.082,6.35606,6.35503,1.5,1
23.08.2021 01:00:11.426,6.35606,6.35503,1.5,1
23.08.2021 01:00:11.477,6.35606,6.35503,1.5,1.77
23.08.2021 01:00:12.340,6.35617,6.355130000000001,1.5,1.5
23.08.2021 01:00:12.566,6.35617,6.355130000000001,1.5,1.7
23.08.2021 01:00:12.833,6.35618,6.35515,1.5,1
23.08.2021 01:00:20.558,6.35617,6.355160000000001,1.5,1
23.08.2021 01:00:21.932,6.35618,6.35515,1.5,1
23.08.2021 01:00:22.278,6.356240000000001,6.35524,1,1.5
23.08.2021 01:00:24.556,6.35597,6.355160000000001,1,1
23.08.2021 01:00:28.593,6.35597,6.355230000000001,1,1
23.08.2021 01:00:28.762,6.35606,6.35524,1,1.5
23.08.2021 01:00:28.813,6.35606,6.35524,1,1.5
23.08.2021 01:00:31.867,6.35606,6.35533,1,1.7
23.08.2021 01:00:32.018,6.35617,6.35533,1,1.77
23.08.2021 01:00:32.276,6.35617,6.355390000000001,1,1
23.08.2021 01:00:35.890,6.35617,6.355390000000001,1,1
23.08.2021 01:00:37.835,6.35618,6.35538,1,1
23.08.2021 01:00:38.087,6.35617,6.355390000000001,1,1
23.08.2021 01:00:39.200,6.35617,6.355390000000001,1,1
23.08.2021 01:00:39.407,6.35617,6.3553500000000005,1,1.5
23.08.2021 01:00:39.926,6.3561000000000005,6.355340000000001,1,1.5
23.08.2021 01:00:41.006,6.35609,6.3553500000000005,1,1.5
23.08.2021 01:00:48.746,6.3561000000000005,6.355390000000001,1,1
23.08.2021 01:00:49.989,6.35621,6.355390000000001,1,1
23.08.2021 01:00:50.157,6.356310000000001,6.35551,1,1.5
23.08.2021 01:00:50.310,6.35632,6.35552,1,1
23.08.2021 01:00:51.999,6.356310000000001,6.355530000000001,1,1
23.08.2021 01:00:54.977,6.35632,6.35545,1.5,1.5
23.08.2021 01:01:00.157,6.35632,6.35546,1,1.5
23.08.2021 01:01:00.308,6.356490000000001,6.355580000000001,1.5,1
23.08.2021 01:01:00.358,6.356540000000001,6.355630000000001,1.5,1
23.08.2021 01:01:01.934,6.35642,6.35559,1,1
23.08.2021 01:01:02.191,6.35642,6.355530000000001,1.5,1
23.08.2021 01:01:02.316,6.356310000000001,6.35552,1,1.5
23.08.2021 01:01:02.366,6.356310000000001,6.355530000000001,1,1
23.08.2021 01:01:11.071,6.3562,6.35542,1,1
23.08.2021 01:01:13.080,6.356190000000001,6.35542,1.5,1.5
23.08.2021 01:01:13.280,6.356190000000001,6.35531,1.5,1.5
23.08.2021 01:01:13.520,6.356190000000001,6.35531,1.5,1.5
23.08.2021 01:01:13.651,6.35609,6.355250000000001,1,1.5
23.08.2021 01:01:13.702,6.3561000000000005,6.35524,1.5,1.5
23.08.2021 01:01:14.293,6.35597,6.3552,1,1.5
23.08.2021 01:01:14.344,6.355980000000001,6.35519,1,1.5
23.08.2021 01:01:14.521,6.35597,6.3552,1,1.5
23.08.2021 01:01:14.741,6.35609,6.35537,1.12,1
23.08.2021 01:01:14.791,6.35609,6.35537,1,1
23.08.2021 01:01:14.841,6.35617,6.35531,1,1.5
23.08.2021 01:01:14.992,6.35618,6.355300000000001,1.5,1.5
23.08.2021 01:01:15.061,6.35602,6.35531,1,1.5
23.08.2021 01:01:16.059,6.35602,6.35531,1,1.5
23.08.2021 01:01:19.375,6.355930000000001,6.3552100000000005,1,1
23.08.2021 01:01:19.613,6.355930000000001,6.355160000000001,1,1
23.08.2021 01:01:23.984,6.355930000000001,6.3552,1,1.5
23.08.2021 01:01:28.270,6.355930000000001,6.3552,1,1.5
23.08.2021 01:01:31.735,6.35585,6.355090000000001,1,1.5
23.08.2021 01:01:31.886,6.35585,6.355090000000001,1.5,1.12
23.08.2021 01:01:31.936,6.35571,6.355090000000001,1,1.12
23.08.2021 01:01:33.384,6.35571,6.355040000000001,1,1.5
23.08.2021 01:01:33.485,6.3558,6.355040000000001,1,1.5
23.08.2021 01:01:33.585,6.3558,6.355040000000001,1,1.5
23.08.2021 01:01:33.736,6.3558,6.355090000000001,1,1
23.08.2021 01:01:35.036,6.355700000000001,6.35503,1,1
23.08.2021 01:01:35.237,6.355700000000001,6.35493,1,1
23.08.2021 01:01:36.710,6.355700000000001,6.35493,1,1.5
23.08.2021 01:01:37.171,6.355700000000001,6.35505,1,1
23.08.2021 01:01:37.372,6.355700000000001,6.35505,1,1
23.08.2021 01:01:37.567,6.355700000000001,6.35505,1,1
23.08.2021 01:01:37.727,6.355790000000001,6.35505,1,1
23.08.2021 01:01:43.336,6.355790000000001,6.35497,1,1
23.08.2021 01:01:43.436,6.35571,6.35497,1,1
23.08.2021 01:01:43.537,6.35571,6.35497,1,1
23.08.2021 01:01:45.681,6.35571,6.355,1,1
23.08.2021 01:01:46.623,6.35571,6.3549500000000005,1,1
23.08.2021 01:01:46.690,6.35557,6.3549500000000005,1,1
23.08.2021 01:01:46.740,6.35557,6.3549500000000005,1,1
23.08.2021 01:01:49.023,6.35557,6.3549500000000005,1,1
23.08.2021 01:01:49.074,6.35566,6.3549500000000005,1,1
23.08.2021 01:01:49.174,6.35576,6.35501,1.12,1
23.08.2021 01:01:49.225,6.35577,6.355,1,1
23.08.2021 01:01:49.426,6.35576,6.35501,1,1
23.08.2021 01:01:49.627,6.35576,6.35501,1,1
23.08.2021 01:01:53.172,6.35577,6.355,1,1
23.08.2021 01:01:53.478,6.35576,6.35493,1.5,1
23.08.2021 01:01:53.579,6.35555,6.35487,1,1
23.08.2021 01:01:53.679,6.35555,6.35487,1,1
23.08.2021 01:01:57.367,6.35555,6.3548100000000005,1,1
23.08.2021 01:01:57.651,6.35555,6.354830000000001,1,1
23.08.2021 01:01:57.825,6.35555,6.35486,1,1
23.08.2021 01:02:01.079,6.3555600000000005,6.3548,1,1
23.08.2021 01:02:01.916,6.35555,6.354830000000001,1,1.77
23.08.2021 01:02:02.436,6.355630000000001,6.35489,1,1
23.08.2021 01:02:02.537,6.35578,6.35497,1.5,1
23.08.2021 01:02:02.637,6.35578,6.35507,1,1
23.08.2021 01:02:09.036,6.35578,6.35507,1,1
23.08.2021 01:02:09.210,6.35595,6.35519,1.12,1
23.08.2021 01:02:09.260,6.35595,6.35519,1,1
23.08.2021 01:02:11.447,6.35595,6.355230000000001,1,1
23.08.2021 01:02:11.648,6.3560300000000005,6.355390000000001,1,1
23.08.2021 01:02:11.698,6.3560300000000005,6.355390000000001,1,1
23.08.2021 01:02:11.749,6.3560300000000005,6.355340000000001,1,1.5
23.08.2021 01:02:11.850,6.35617,6.355430000000001,1,1
23.08.2021 01:02:11.951,6.35617,6.35541,1,1
23.08.2021 01:02:17.756,6.35617,6.35546,1,1
23.08.2021 01:02:17.989,6.35629,6.35546,1,1
23.08.2021 01:02:18.298,6.35629,6.355530000000001,1,1
23.08.2021 01:02:18.567,6.35629,6.35557,1,1
23.08.2021 01:02:18.725,6.3563,6.3555600000000005,1,1
23.08.2021 01:02:19.638,6.35629,6.35557,1,1
23.08.2021 01:02:19.825,6.3563,6.3555600000000005,1,1
23.08.2021 01:02:20.450,6.3563,6.3555600000000005,1,1
23.08.2021 01:02:23.615,6.35629,6.35557,1,1
23.08.2021 01:02:23.817,6.3563,6.3554900000000005,1,1.5
23.08.2021 01:02:24.455,6.3563,6.3554900000000005,1,1.5
23.08.2021 01:02:25.902,6.35639,6.35562,1.5,1
23.08.2021 01:02:25.953,6.356400000000001,6.35561,1,1
23.08.2021 01:02:26.003,6.35651,6.35567,1.12,1
23.08.2021 01:02:26.155,6.356630000000001,6.355830000000001,1,1.62
23.08.2021 01:02:26.357,6.356630000000001,6.355830000000001,1,1.5
23.08.2021 01:02:26.516,6.35655,6.35582,1,1.5
23.08.2021 01:02:29.083,6.356540000000001,6.3557500000000005,1,1
23.08.2021 01:02:31.405,6.35655,6.355740000000001,1,1
23.08.2021 01:02:31.456,6.35665,6.35594,1.5,1
23.08.2021 01:02:31.607,6.356730000000001,6.3560300000000005,1,1
23.08.2021 01:02:33.036,6.356730000000001,6.3560300000000005,1,1
23.08.2021 01:02:35.708,6.35686,6.3560300000000005,1.5,1
23.08.2021 01:02:36.306,6.35687,6.35602,1,1.77
23.08.2021 01:02:38.215,6.35686,6.35609,1,1
23.08.2021 01:02:38.369,6.35686,6.35609,1,1
23.08.2021 01:02:40.887,6.35686,6.3561000000000005,1,1.5
23.08.2021 01:02:42.475,6.356940000000001,6.35608,1.5,1
23.08.2021 01:02:42.822,6.35686,6.35608,1,1
23.08.2021 01:02:43.511,6.35686,6.35608,1,1
23.08.2021 01:02:45.442,6.35686,6.35608,1,1
23.08.2021 01:02:46.145,6.35686,6.3560300000000005,1,1
23.08.2021 01:02:47.401,6.35686,6.3560300000000005,1,1
23.08.2021 01:02:47.570,6.35677,6.3560300000000005,1,1
23.08.2021 01:02:47.620,6.35677,6.35594,1,1.5
23.08.2021 01:02:47.671,6.35666,6.355930000000001,1,1
23.08.2021 01:02:47.822,6.35666,6.35577,1.5,1.5
23.08.2021 01:02:48.427,6.35652,6.35576,1,1.5
23.08.2021 01:03:03.685,6.35683,6.35573,1.5,1
23.08.2021 01:03:11.093,6.35682,6.35577,1,1.5
23.08.2021 01:03:13.076,6.35681,6.35577,1,1.5
23.08.2021 01:03:13.229,6.35681,6.35577,1,1.5
23.08.2021 01:03:13.528,6.35681,6.35577,1,1.5
23.08.2021 01:03:15.617,6.35681,6.35577,1,1.5
23.08.2021 01:03:15.816,6.35681,6.35577,1,1.5
23.08.2021 01:03:18.110,6.35681,6.355740000000001,1,1
23.08.2021 01:03:18.629,6.35652,6.35573,1,1
23.08.2021 01:03:19.890,6.35652,6.35573,1,1
23.08.2021 01:03:20.573,6.35651,6.35567,1.5,1.5
23.08.2021 01:03:20.728,6.35652,6.35562,1.5,1.5
23.08.2021 01:03:21.013,6.35625,6.3555,1,1.5
23.08.2021 01:03:21.573,6.35625,6.355430000000001,1,1
23.08.2021 01:03:22.164,6.35616,6.355430000000001,1,1
23.08.2021 01:03:22.595,6.35616,6.355430000000001,1,1
23.08.2021 01:03:25.794,6.35616,6.3553500000000005,1,1
23.08.2021 01:03:27.515,6.35616,6.3553500000000005,1,1
23.08.2021 01:03:32.971,6.35616,6.35533,1.5,1
23.08.2021 01:03:33.071,6.356050000000001,6.3552800000000005,1,1.5
23.08.2021 01:03:33.172,6.35604,6.3552,1,1
23.08.2021 01:03:33.328,6.356050000000001,6.35519,1.12,1
23.08.2021 01:03:35.577,6.355930000000001,6.355130000000001,1,1
23.08.2021 01:03:35.628,6.35594,6.35512,1,1
23.08.2021 01:03:35.728,6.355830000000001,6.35512,1,1.5
23.08.2021 01:03:36.529,6.355830000000001,6.35512,1,1.5
23.08.2021 01:03:39.074,6.355830000000001,6.3551,1,1
23.08.2021 01:03:39.561,6.355830000000001,6.3551,1,1
23.08.2021 01:03:41.349,6.355830000000001,6.3551,1,1
23.08.2021 01:03:43.391,6.355830000000001,6.3551,1,1
23.08.2021 01:03:45.312,6.355840000000001,6.355090000000001,1,1
23.08.2021 01:03:49.457,6.35613,6.355130000000001,1,1.7
23.08.2021 01:03:49.628,6.355930000000001,6.35517,1,1
23.08.2021 01:03:53.105,6.355930000000001,6.355180000000001,1,1.5
23.08.2021 01:03:53.306,6.35606,6.35524,1,1
23.08.2021 01:03:53.467,6.35606,6.35524,1,1
23.08.2021 01:03:55.276,6.35606,6.35524,1.12,1
23.08.2021 01:03:56.427,6.35606,6.35533,1,1
23.08.2021 01:03:58.557,6.35606,6.3552800000000005,1,1
23.08.2021 01:04:00.182,6.35606,6.355230000000001,1,1.7
23.08.2021 01:04:00.356,6.35606,6.35522,1.5,1
23.08.2021 01:04:00.895,6.35606,6.355230000000001,1,1.62
23.08.2021 01:04:01.066,6.35606,6.355230000000001,1,1.62
23.08.2021 01:04:02.265,6.35606,6.355230000000001,1.5,1.5
23.08.2021 01:04:02.432,6.35595,6.35522,1,1
23.08.2021 01:04:05.204,6.35595,6.35522,1,1
23.08.2021 01:04:05.409,6.3561000000000005,6.35529,1,1.5
23.08.2021 01:04:06.410,6.35611,6.3552800000000005,1,1.5
23.08.2021 01:04:06.591,6.35602,6.35524,1,1
23.08.2021 01:04:06.804,6.35602,6.35519,1,1
23.08.2021 01:04:12.021,6.35602,6.355230000000001,1,1.62
23.08.2021 01:04:12.122,6.35612,6.355230000000001,1.5,1.62
23.08.2021 01:04:12.183,6.355980000000001,6.355230000000001,1,1.62
23.08.2021 01:04:12.384,6.355980000000001,6.355250000000001,1,1
23.08.2021 01:04:12.605,6.355980000000001,6.355230000000001,1,1.7
23.08.2021 01:04:13.055,6.35599,6.35522,1,1.5
23.08.2021 01:04:14.073,6.355980000000001,6.355230000000001,1,1.5
23.08.2021 01:04:14.184,6.3561000000000005,6.355230000000001,1.5,1.77
23.08.2021 01:04:14.285,6.3561000000000005,6.355230000000001,1,1
23.08.2021 01:04:14.386,6.35602,6.35522,1,1
23.08.2021 01:04:14.492,6.35602,6.355230000000001,1,1.7
23.08.2021 01:04:14.897,6.35602,6.35529,1,1
23.08.2021 01:04:15.098,6.35602,6.35522,1,1
23.08.2021 01:04:15.286,6.35602,6.35522,1,1
23.08.2021 01:04:15.892,6.35602,6.35527,1,1
23.08.2021 01:04:16.093,6.3560300000000005,6.35532,1,1.5
23.08.2021 01:04:16.315,6.356140000000001,6.355340000000001,1,1.5
23.08.2021 01:04:16.365,6.35615,6.35538,1,1
23.08.2021 01:04:16.484,6.356140000000001,6.35545,1,1.5
23.08.2021 01:04:16.534,6.356240000000001,6.35545,1,1.5
23.08.2021 01:04:16.685,6.356240000000001,6.35545,1,1.5
23.08.2021 01:04:22.390,6.356240000000001,6.35545,1,1.5
23.08.2021 01:04:26.217,6.356240000000001,6.3554900000000005,1,1
23.08.2021 01:04:26.345,6.3563600000000005,6.355530000000001,1,1
23.08.2021 01:04:26.548,6.3563600000000005,6.355530000000001,1.5,1
23.08.2021 01:04:28.451,6.3563600000000005,6.3554900000000005,1.5,1
23.08.2021 01:04:28.552,6.35627,6.3554900000000005,1,1
23.08.2021 01:04:28.653,6.35613,6.35541,1,1
23.08.2021 01:04:28.918,6.35632,6.355530000000001,1,1
23.08.2021 01:04:29.073,6.35632,6.355530000000001,1,1
23.08.2021 01:04:31.766,6.35632,6.35545,1.5,1
23.08.2021 01:04:31.852,6.35621,6.35545,1,1
23.08.2021 01:04:38.547,6.35621,6.35545,1,1
23.08.2021 01:04:38.598,6.35612,6.35538,1,1
23.08.2021 01:04:38.799,6.35612,6.355300000000001,1,1
23.08.2021 01:04:38.952,6.35612,6.355300000000001,1.12,1
23.08.2021 01:04:39.774,6.35604,6.355230000000001,1,1.5
23.08.2021 01:04:39.973,6.356050000000001,6.35522,1,1.5
23.08.2021 01:04:46.295,6.35595,6.35522,1,1
23.08.2021 01:04:53.390,6.35594,6.355180000000001,1,1
23.08.2021 01:04:58.359,6.355830000000001,6.355130000000001,1,1.62
23.08.2021 01:04:58.560,6.35567,6.35493,1,1
23.08.2021 01:04:58.610,6.35557,6.35486,1,1
23.08.2021 01:04:58.712,6.35557,6.35486,1,1
23.08.2021 01:04:59.234,6.355580000000001,6.3548,1,1.5
23.08.2021 01:05:02.993,6.35557,6.354780000000001,1,1
23.08.2021 01:05:05.696,6.35557,6.354830000000001,1,1.77
23.08.2021 01:05:06.898,6.35566,6.35493,1,1
23.08.2021 01:05:06.999,6.35566,6.35493,1,1
23.08.2021 01:05:08.887,6.35566,6.354900000000001,1,1
23.08.2021 01:05:19.130,6.35566,6.3549500000000005,1,1.5
23.08.2021 01:05:25.368,6.355930000000001,6.3549500000000005,1.5,1
23.08.2021 01:05:25.419,6.355740000000001,6.3549500000000005,1,1
23.08.2021 01:05:28.048,6.35564,6.3549500000000005,1,1
23.08.2021 01:05:28.209,6.355650000000001,6.35484,1,1
23.08.2021 01:05:28.381,6.35564,6.35485,1,1
23.08.2021 01:05:28.622,6.35555,6.35485,1,1
23.08.2021 01:05:30.092,6.35555,6.35485,1,1
23.08.2021 01:05:30.293,6.35555,6.354780000000001,1,1.5
23.08.2021 01:05:34.358,6.35555,6.354730000000001,1,1.62
23.08.2021 01:05:34.490,6.35545,6.3548,1,1
23.08.2021 01:05:34.747,6.35545,6.3548,1,1
23.08.2021 01:05:37.914,6.3555600000000005,6.35484,1,1.5
23.08.2021 01:05:38.068,6.3555600000000005,6.35485,1,1
23.08.2021 01:05:38.780,6.35557,6.35492,1,1.5
23.08.2021 01:05:39.044,6.3555600000000005,6.35494,1,1.5
23.08.2021 01:05:39.176,6.355700000000001,6.355,1,1.5
23.08.2021 01:05:39.226,6.35571,6.354990000000001,1,1.5
23.08.2021 01:05:39.327,6.3558,6.35506,1,1
23.08.2021 01:05:39.428,6.355790000000001,6.35511,1,1.5
23.08.2021 01:05:39.629,6.355790000000001,6.355130000000001,1,1.77
23.08.2021 01:05:39.680,6.355830000000001,6.355130000000001,1,1.77
23.08.2021 01:05:40.415,6.355840000000001,6.35512,1,1.77
23.08.2021 01:05:46.971,6.35594,6.355230000000001,1,1
23.08.2021 01:05:47.022,6.35594,6.355230000000001,1,1
23.08.2021 01:05:47.485,6.35595,6.35512,1.5,1.77
23.08.2021 01:05:47.535,6.355830000000001,6.355130000000001,1,1
23.08.2021 01:05:47.636,6.35568,6.35494,1,1.5
23.08.2021 01:05:47.687,6.35568,6.35494,1,1.5
23.08.2021 01:06:02.374,6.35569,6.35486,1,1
23.08.2021 01:06:02.917,6.35587,6.35487,1,1
23.08.2021 01:06:10.337,6.3555600000000005,6.354830000000001,1,1
23.08.2021 01:06:10.495,6.35557,6.35477,1,1.5
23.08.2021 01:06:10.921,6.3555600000000005,6.354780000000001,1.5,1.5
23.08.2021 01:06:14.386,6.35546,6.35465,1,1
23.08.2021 01:06:14.572,6.35545,6.35462,1,1.5
23.08.2021 01:06:14.706,6.355390000000001,6.35461,1,1.5
23.08.2021 01:06:14.757,6.35538,6.35462,1,1.5
23.08.2021 01:06:15.492,6.355390000000001,6.35458,1,1
23.08.2021 01:06:15.643,6.3552100000000005,6.35451,1,1.5
23.08.2021 01:06:15.694,6.3552100000000005,6.35451,1,1.5
23.08.2021 01:06:16.455,6.3552100000000005,6.35435,1.5,1.5
23.08.2021 01:06:16.506,6.3551,6.354330000000001,1,1
23.08.2021 01:06:16.731,6.3551,6.3543,1,1.5
23.08.2021 01:06:20.469,6.35511,6.354290000000001,1,1.5
23.08.2021 01:06:25.279,6.355300000000001,6.354290000000001,1,1.5
23.08.2021 01:06:25.329,6.355300000000001,6.354290000000001,1,1.5
23.08.2021 01:06:29.668,6.355,6.35421,1,1.5
23.08.2021 01:06:29.840,6.354990000000001,6.35417,1.5,1.5
23.08.2021 01:06:30.021,6.354990000000001,6.35417,1,1.5
23.08.2021 01:06:30.223,6.355,6.35416,1.5,1.5
23.08.2021 01:06:30.452,6.354990000000001,6.35417,1.5,1.5
23.08.2021 01:06:33.367,6.354990000000001,6.35416,1.5,1.5
23.08.2021 01:06:33.587,6.354990000000001,6.35412,1.5,1
23.08.2021 01:06:33.971,6.354990000000001,6.35412,1.5,1
23.08.2021 01:06:34.598,6.354990000000001,6.35412,1.5,1
23.08.2021 01:06:34.699,6.35492,6.354150000000001,1,1.5
23.08.2021 01:06:34.800,6.35491,6.35416,1,1.5
23.08.2021 01:06:35.203,6.35491,6.3541300000000005,1,1
23.08.2021 01:06:36.090,6.35492,6.354150000000001,1,1.5
23.08.2021 01:06:36.313,6.35491,6.35416,1,1.5
23.08.2021 01:06:36.494,6.35491,6.35416,1,1.5
23.08.2021 01:06:38.694,6.35491,6.35416,1,1.5
23.08.2021 01:06:38.845,6.35505,6.35423,1,1.7
23.08.2021 01:06:38.895,6.35505,6.35423,1,1.5
23.08.2021 01:06:39.564,6.35505,6.35423,1.5,1.5
23.08.2021 01:06:39.671,6.35496,6.35422,1,1.5
23.08.2021 01:06:39.786,6.35496,6.3541300000000005,1.12,1
23.08.2021 01:06:39.945,6.35496,6.35411,1.5,1.5
23.08.2021 01:06:40.187,6.35484,6.35411,1,1.5
23.08.2021 01:06:40.288,6.35485,6.35404,1,1.5
23.08.2021 01:06:40.439,6.35475,6.35405,1,1.5
23.08.2021 01:06:40.489,6.35475,6.35405,1,1.5
23.08.2021 01:06:42.082,6.35475,6.353940000000001,1.5,1.5
23.08.2021 01:06:42.237,6.35475,6.353940000000001,1.5,1.5
23.08.2021 01:06:42.970,6.35475,6.353890000000001,1.5,1.5
23.08.2021 01:06:43.471,6.35476,6.35388,1.5,1.5
23.08.2021 01:06:43.618,6.354680000000001,6.35388,1,1.5
23.08.2021 01:06:43.767,6.35458,6.35383,1,1.62
23.08.2021 01:06:43.918,6.354500000000001,6.35372,1,1.5
23.08.2021 01:06:43.968,6.354500000000001,6.35372,1.5,1.5
23.08.2021 01:06:44.123,6.354500000000001,6.35372,1,1.5
23.08.2021 01:06:45.838,6.354500000000001,6.35367,1.5,1.5
23.08.2021 01:06:46.046,6.354500000000001,6.35364,1.5,1.5
23.08.2021 01:06:46.147,6.354410000000001,6.35362,1,1.5
23.08.2021 01:06:48.709,6.354410000000001,6.35362,1,1.5
23.08.2021 01:06:50.591,6.354410000000001,6.35362,1.12,1.5
23.08.2021 01:06:50.807,6.3545300000000005,6.35357,1,1.5
23.08.2021 01:06:52.612,6.3545300000000005,6.35362,1,1.5
23.08.2021 01:06:54.967,6.35435,6.35356,1.5,1.5
23.08.2021 01:06:55.443,6.354240000000001,6.35351,1,1.5
23.08.2021 01:06:55.961,6.354150000000001,6.35343,1,1
23.08.2021 01:06:56.114,6.354150000000001,6.35343,1,1
23.08.2021 01:06:57.077,6.354150000000001,6.35343,1,1
23.08.2021 01:06:58.546,6.35427,6.35352,1,1.5
23.08.2021 01:06:58.596,6.35427,6.35352,1,1.5
23.08.2021 01:06:59.626,6.35427,6.35357,1,1.5
23.08.2021 01:07:00.066,6.35435,6.35362,1,1.5
23.08.2021 01:07:02.847,6.35435,6.35362,1,1.5
23.08.2021 01:07:03.081,6.35436,6.35356,1,1.5
23.08.2021 01:07:04.434,6.35435,6.35355,1.5,1
23.08.2021 01:07:04.535,6.35423,6.35346,1,1.5
23.08.2021 01:07:04.635,6.35423,6.35346,1.5,1.5
23.08.2021 01:07:06.115,6.354240000000001,6.35336,1.5,1.5
23.08.2021 01:07:07.680,6.3541300000000005,6.35334,1,1.5
23.08.2021 01:07:09.597,6.3541300000000005,6.353350000000001,1.5,1.5
23.08.2021 01:07:09.698,6.35402,6.35329,1,1.5
23.08.2021 01:07:12.294,6.3541300000000005,6.35334,1.12,1.5
23.08.2021 01:07:12.465,6.35404,6.3533,1,1.5
23.08.2021 01:07:13.057,6.35404,6.3533,1.5,1.5
23.08.2021 01:07:13.158,6.353930000000001,6.35324,1,1.5
23.08.2021 01:07:14.389,6.353930000000001,6.35324,1,1.5
23.08.2021 01:07:14.440,6.354010000000001,6.35324,1,1.5
23.08.2021 01:07:14.490,6.354010000000001,6.35325,1,1
23.08.2021 01:07:14.591,6.354010000000001,6.35337,1,1
23.08.2021 01:07:14.792,6.354010000000001,6.3534500000000005,1,1.5
23.08.2021 01:07:14.872,6.35447,6.353440000000001,1,1.5
23.08.2021 01:07:15.440,6.35446,6.3534500000000005,1,1.5
23.08.2021 01:07:15.541,6.35427,6.353540000000001,1,1
23.08.2021 01:07:15.642,6.35427,6.353540000000001,1,1
23.08.2021 01:07:15.793,6.3544,6.35355,1.12,1
23.08.2021 01:07:15.903,6.3544,6.35355,1.12,1
23.08.2021 01:07:16.401,6.3544,6.35361,1,1.5
23.08.2021 01:07:18.950,6.3544,6.35356,1,1
23.08.2021 01:07:19.140,6.354410000000001,6.35355,1.5,1
23.08.2021 01:07:19.253,6.35432,6.35355,1,1
23.08.2021 01:07:21.092,6.35432,6.35355,1,1
23.08.2021 01:07:21.257,6.35431,6.35356,1,1
23.08.2021 01:07:24.273,6.35431,6.35356,1,1
23.08.2021 01:07:24.475,6.35431,6.35347,1.5,1
23.08.2021 01:07:24.763,6.35421,6.35347,1,1
23.08.2021 01:07:26.753,6.35421,6.353400000000001,1,1
23.08.2021 01:07:26.804,6.354100000000001,6.35334,1,1.5
23.08.2021 01:07:26.904,6.35411,6.353330000000001,1,1.5
23.08.2021 01:07:26.956,6.35397,6.35334,1,1.5
23.08.2021 01:07:28.585,6.35407,6.35329,1,1.5
23.08.2021 01:07:28.739,6.35407,6.35329,1,1.5
23.08.2021 01:07:28.940,6.35407,6.35329,1,1.5
23.08.2021 01:07:29.279,6.35407,6.35321,1.5,1.5
23.08.2021 01:07:29.330,6.354,6.353190000000001,1,1
23.08.2021 01:07:29.486,6.3539900000000005,6.353140000000001,1.12,1
23.08.2021 01:07:30.156,6.3539900000000005,6.35313,1.5,1.5
23.08.2021 01:07:30.265,6.35387,6.35307,1,1
23.08.2021 01:07:32.111,6.35387,6.35306,1,1.5
23.08.2021 01:07:32.429,6.353940000000001,6.35313,1,1
23.08.2021 01:07:34.158,6.353940000000001,6.35317,1,1
23.08.2021 01:07:37.391,6.353940000000001,6.35317,1,1
23.08.2021 01:07:37.719,6.35386,6.35307,1.5,1.5
23.08.2021 01:07:37.778,6.3537300000000005,6.35307,1,1.5
23.08.2021 01:07:39.630,6.35383,6.35308,1,1.5
23.08.2021 01:07:40.212,6.35383,6.35308,1,1.5
23.08.2021 01:07:40.413,6.35383,6.353140000000001,1,1.5
23.08.2021 01:07:40.879,6.35383,6.35321,1,1
23.08.2021 01:07:40.930,6.3539200000000005,6.35321,1,1
23.08.2021 01:07:41.081,6.3539200000000005,6.35321,1,1
23.08.2021 01:07:44.317,6.3539200000000005,6.35324,1,1.5
23.08.2021 01:07:46.608,6.354,6.35324,1,1.5
23.08.2021 01:07:52.890,6.354,6.35324,1,1.5
23.08.2021 01:08:02.590,6.35412,6.35346,1,1.5
23.08.2021 01:08:02.690,6.354290000000001,6.35352,1,1
23.08.2021 01:08:02.791,6.3543,6.35356,1,1.5
23.08.2021 01:08:05.222,6.354290000000001,6.353580000000001,1,1
23.08.2021 01:08:05.424,6.354290000000001,6.35364,1,1
23.08.2021 01:08:05.524,6.354410000000001,6.35364,1,1
23.08.2021 01:08:06.640,6.354410000000001,6.35364,1,1
23.08.2021 01:08:06.793,6.35432,6.35357,1,1.5
23.08.2021 01:08:06.844,6.35432,6.35357,1,1.5
23.08.2021 01:08:09.755,6.35432,6.35364,1,1
23.08.2021 01:08:09.908,6.35432,6.35364,1,1
23.08.2021 01:08:11.579,6.35442,6.353680000000001,1,1.5
23.08.2021 01:08:13.459,6.35442,6.353680000000001,1,1.5
23.08.2021 01:08:24.762,6.35442,6.35369,1,1
23.08.2021 01:08:24.812,6.35451,6.35374,1,1
23.08.2021 01:08:24.913,6.35462,6.353750000000001,1.5,1
23.08.2021 01:08:25.745,6.35458,6.35378,1,1.5
23.08.2021 01:08:27.001,6.35467,6.353750000000001,1.5,1
23.08.2021 01:08:27.065,6.354500000000001,6.353750000000001,1,1
23.08.2021 01:08:27.745,6.354500000000001,6.353750000000001,1,1
23.08.2021 01:08:29.746,6.35463,6.353750000000001,1,1
23.08.2021 01:08:29.804,6.35463,6.353750000000001,1.5,1
23.08.2021 01:08:30.056,6.35463,6.3537300000000005,1.5,1.5
23.08.2021 01:08:30.257,6.354590000000001,6.35362,1,1.5
23.08.2021 01:08:30.362,6.35435,6.35362,1,1.5
23.08.2021 01:08:30.413,6.35435,6.35357,1,1.5
23.08.2021 01:08:46.825,6.354550000000001,6.35356,1.5,1.5
23.08.2021 01:08:54.095,6.35449,6.35352,1.5,1.5
23.08.2021 01:09:00.645,6.35435,6.35352,1,1.5
23.08.2021 01:09:03.869,6.35435,6.35357,1,1.5
23.08.2021 01:09:04.057,6.35435,6.35362,1,1.5
23.08.2021 01:09:04.158,6.35445,6.3537300000000005,1,1.5
23.08.2021 01:09:04.208,6.35445,6.3537300000000005,1,1.5
23.08.2021 01:09:15.215,6.35454,6.353530000000001,1,1.77
23.08.2021 01:09:15.367,6.35436,6.35352,1,1
23.08.2021 01:09:20.888,6.354550000000001,6.35352,1,1.77
23.08.2021 01:09:21.639,6.35446,6.35364,1,1
23.08.2021 01:09:21.809,6.35447,6.35371,1,1.5
23.08.2021 01:09:22.414,6.354500000000001,6.35377,1,1.5
23.08.2021 01:09:24.438,6.354500000000001,6.35382,1,1.77
23.08.2021 01:09:26.825,6.35465,6.35383,1,1.77
23.08.2021 01:09:28.651,6.35465,6.35388,1,1
23.08.2021 01:09:28.854,6.35465,6.35395,1,1
23.08.2021 01:09:29.062,6.35465,6.35395,1,1
23.08.2021 01:09:31.857,6.35476,6.3539900000000005,1,1.5
23.08.2021 01:09:32.478,6.35476,6.35405,1,1.5
23.08.2021 01:09:34.392,6.35476,6.35405,1,1.5
23.08.2021 01:09:35.609,6.35477,6.35409,1,1.5
23.08.2021 01:09:36.225,6.35476,6.35405,1,1.5
23.08.2021 01:09:36.378,6.35476,6.35405,1,1.5
23.08.2021 01:09:36.479,6.354690000000001,6.353930000000001,1,1.5
23.08.2021 01:09:36.592,6.35458,6.353940000000001,1,1.5
23.08.2021 01:09:37.506,6.35458,6.35383,1,1.5
23.08.2021 01:09:41.942,6.35458,6.35383,1,1.5
23.08.2021 01:09:48.153,6.35476,6.35383,1,1.5
23.08.2021 01:09:48.254,6.35449,6.35372,1,1.5
23.08.2021 01:09:48.354,6.35449,6.35372,1.5,1.5
23.08.2021 01:09:48.517,6.35449,6.35372,1.5,1
23.08.2021 01:09:48.731,6.35436,6.35372,1,1
23.08.2021 01:09:48.936,6.35436,6.35361,1,1.5
23.08.2021 01:09:53.429,6.354280000000001,6.35357,1,1
23.08.2021 01:09:54.598,6.354280000000001,6.35355,1,1.5
23.08.2021 01:10:02.751,6.35445,6.35356,1.5,1.5
23.08.2021 01:10:08.473,6.354500000000001,6.35361,1.5,1.5
23.08.2021 01:10:09.664,6.35436,6.35361,1,1.5
23.08.2021 01:10:31.039,6.35456,6.35367,1.5,1.5
23.08.2021 01:10:31.093,6.35456,6.35367,1.5,1.5
23.08.2021 01:10:31.407,6.35446,6.35367,1,1.5
23.08.2021 01:10:32.155,6.35447,6.35382,1,1
23.08.2021 01:10:32.509,6.35447,6.35382,1,1.5
23.08.2021 01:10:32.708,6.354550000000001,6.35382,1,1.5
23.08.2021 01:10:36.369,6.354550000000001,6.35387,1,1
23.08.2021 01:10:36.471,6.35454,6.35383,1,1.62
23.08.2021 01:10:36.572,6.35454,6.35383,1,1.5
23.08.2021 01:10:39.500,6.35454,6.35388,1,1.5
23.08.2021 01:10:39.782,6.354640000000001,6.35387,1,1.5
23.08.2021 01:10:48.288,6.35472,6.35405,1,1.5
23.08.2021 01:10:48.489,6.3548100000000005,6.35405,1,1.5
