Gmt time,Ask,Bid,AskVolume,BidVolume
09.08.2021 00:00:00.107,6.33124,6.33037,1.5,1
09.08.2021 00:00:00.285,6.331250000000001,6.33036,1.5,1
09.08.2021 00:00:00.584,6.33117,6.33037,1.5,1
09.08.2021 00:00:00.639,6.33117,6.330150000000001,1.5,1.62
09.08.2021 00:00:00.790,6.33107,6.330150000000001,1.5,1
09.08.2021 00:00:01.208,6.331,6.33012,1.5,1
09.08.2021 00:00:01.953,6.33094,6.33,1.5,1
09.08.2021 00:00:02.155,6.33072,6.32992,1.5,1.5
09.08.2021 00:00:02.205,6.33072,6.32992,1.5,1
09.08.2021 00:00:02.306,6.33067,6.32992,1.5,1
09.08.2021 00:00:02.582,6.33062,6.32969,1.5,1.5
09.08.2021 00:00:02.632,6.33051,6.32969,1.5,1
09.08.2021 00:00:02.833,6.33051,6.32969,1.5,1
09.08.2021 00:00:03.428,6.33051,6.32969,1.5,1
09.08.2021 00:00:04.165,6.3304,6.32947,1.5,1.5
09.08.2021 00:00:04.215,6.33035,6.32947,1.5,1.5
09.08.2021 00:00:04.390,6.3301300000000005,6.32947,1,1.5
09.08.2021 00:00:04.519,6.33014,6.32946,1.5,1
09.08.2021 00:00:04.570,6.3301300000000005,6.32924,1.5,1.5
09.08.2021 00:00:05.970,6.330240000000001,6.32924,1.5,1.5
09.08.2021 00:00:07.029,6.330190000000001,6.32924,1.5,1.5
09.08.2021 00:00:08.427,6.3302000000000005,6.329230000000001,1.5,1.5
09.08.2021 00:00:09.410,6.330240000000001,6.32924,1.5,1.5
09.08.2021 00:00:10.119,6.330190000000001,6.32924,1.5,1.5
09.08.2021 00:00:10.271,6.330190000000001,6.32924,1.5,1.5
09.08.2021 00:00:16.720,6.3302000000000005,6.32924,1.5,1.5
09.08.2021 00:00:16.896,6.33023,6.3292600000000006,1.5,1
09.08.2021 00:00:17.662,6.33026,6.32922,1.5,1.5
09.08.2021 00:00:18.234,6.33021,6.329180000000001,1.5,1
09.08.2021 00:00:18.447,6.33005,6.32917,1.5,1.5
09.08.2021 00:00:18.612,6.33005,6.32917,1.5,1
09.08.2021 00:00:19.252,6.3299900000000004,6.32917,1.5,1
09.08.2021 00:00:19.353,6.329930000000001,6.32908,1.5,1
09.08.2021 00:00:19.403,6.329940000000001,6.328950000000001,1.5,1
09.08.2021 00:00:19.612,6.329890000000001,6.3289,1.5,1
09.08.2021 00:00:21.078,6.3299900000000004,6.328950000000001,1,1
09.08.2021 00:00:21.179,6.330100000000001,6.329230000000001,1,1
09.08.2021 00:00:21.280,6.33016,6.32922,1.5,1
09.08.2021 00:00:21.459,6.330150000000001,6.329230000000001,1.5,1.5
09.08.2021 00:00:21.841,6.330150000000001,6.32911,1.5,1.5
09.08.2021 00:00:22.085,6.33016,6.32922,1.5,1
09.08.2021 00:00:23.086,6.33016,6.32922,1.5,1
09.08.2021 00:00:24.086,6.330150000000001,6.329230000000001,1.5,1
09.08.2021 00:00:25.657,6.330150000000001,6.329230000000001,1.5,1
09.08.2021 00:00:25.708,6.330150000000001,6.32925,1.5,1
09.08.2021 00:00:25.859,6.33025,6.32925,1.5,1
09.08.2021 00:00:26.059,6.33025,6.32925,1.5,1
09.08.2021 00:00:28.196,6.3304100000000005,6.329440000000001,1.5,1
09.08.2021 00:00:31.047,6.3304100000000005,6.32948,1.5,1
09.08.2021 00:00:31.944,6.33042,6.3295,1.5,1
09.08.2021 00:00:32.047,6.33042,6.3295,1.5,1
09.08.2021 00:00:35.314,6.33035,6.329440000000001,1.5,1
09.08.2021 00:00:35.422,6.3303400000000005,6.3294500000000005,1.5,1
09.08.2021 00:00:35.550,6.3303400000000005,6.3294500000000005,1.5,1
09.08.2021 00:00:38.201,6.3304100000000005,6.32939,1.5,1
09.08.2021 00:00:38.352,6.33047,6.32962,1.5,1
09.08.2021 00:00:40.207,6.33046,6.329630000000001,1.5,1
09.08.2021 00:00:45.473,6.33051,6.329630000000001,1.5,1.5
09.08.2021 00:00:45.574,6.330680000000001,6.32982,1.5,1
09.08.2021 00:00:45.625,6.33067,6.32983,1.5,1
09.08.2021 00:00:45.827,6.330780000000001,6.32983,1.5,1.5
09.08.2021 00:00:46.195,6.330780000000001,6.32985,1.5,1
09.08.2021 00:00:47.706,6.330780000000001,6.32983,1.5,1.5
09.08.2021 00:00:48.197,6.330780000000001,6.32983,1.5,1.5
09.08.2021 00:00:49.197,6.330780000000001,6.32983,1.5,1.5
09.08.2021 00:00:50.198,6.330780000000001,6.32983,1.5,1.5
09.08.2021 00:00:50.612,6.330780000000001,6.32992,1.5,1
09.08.2021 00:00:50.712,6.330990000000001,6.33009,1.5,1
09.08.2021 00:00:50.834,6.33105,6.33009,1.5,1.12
09.08.2021 00:00:50.885,6.33105,6.33009,1.5,1.62
09.08.2021 00:00:51.014,6.33106,6.33011,1.5,1
09.08.2021 00:00:51.214,6.330990000000001,6.33009,1.5,1.62
09.08.2021 00:00:51.415,6.331,6.33011,1.5,1
09.08.2021 00:00:51.882,6.330990000000001,6.33012,1.5,1
09.08.2021 00:00:55.709,6.330990000000001,6.33009,1.5,1.62
09.08.2021 00:00:55.883,6.330990000000001,6.33009,1.5,1.12
09.08.2021 00:01:02.619,6.330990000000001,6.3300600000000005,1.5,1
09.08.2021 00:01:03.107,6.330990000000001,6.33004,1.5,1
09.08.2021 00:01:04.107,6.330990000000001,6.3300600000000005,1.5,1
09.08.2021 00:01:06.532,6.331,6.33005,1.5,1
09.08.2021 00:01:07.532,6.331,6.33005,1.5,1
09.08.2021 00:01:08.532,6.330990000000001,6.3300600000000005,1.5,1
09.08.2021 00:01:10.859,6.33105,6.330100000000001,1.5,1
09.08.2021 00:01:11.030,6.33105,6.330100000000001,1.5,1
09.08.2021 00:01:11.184,6.33111,6.33031,1.5,1
09.08.2021 00:01:11.235,6.33126,6.33032,1.5,1.5
09.08.2021 00:01:11.433,6.33126,6.33032,1.5,1.5
09.08.2021 00:01:19.059,6.33131,6.33035,1.5,1
09.08.2021 00:01:19.210,6.331480000000001,6.33056,1.5,1
09.08.2021 00:01:19.310,6.3314900000000005,6.330550000000001,1.5,1.62
09.08.2021 00:01:19.938,6.33154,6.33056,1.5,1
09.08.2021 00:01:21.834,6.33159,6.33058,1.5,1
09.08.2021 00:01:21.935,6.3316,6.33077,1.5,1
09.08.2021 00:01:22.035,6.331650000000001,6.33084,1.5,1
09.08.2021 00:01:22.156,6.3318,6.33087,1.5,1
09.08.2021 00:01:24.619,6.33187,6.3310900000000006,1.5,1
09.08.2021 00:01:24.771,6.3318,6.3311,1.5,1
09.08.2021 00:01:24.982,6.3318,6.3311,1.5,1
09.08.2021 00:01:25.171,6.331790000000001,6.3311,1.5,1
09.08.2021 00:01:25.631,6.3318,6.3311,1.5,1
09.08.2021 00:01:27.002,6.331790000000001,6.3311,1.5,1
09.08.2021 00:01:27.166,6.331790000000001,6.3311,1.5,1
09.08.2021 00:01:30.029,6.331790000000001,6.3311,1.5,1
09.08.2021 00:01:30.912,6.331790000000001,6.3311,1.5,1
09.08.2021 00:01:33.058,6.33181,6.3310900000000006,1.5,1
09.08.2021 00:01:33.622,6.33181,6.33086,1.5,1.5
09.08.2021 00:01:33.672,6.3318,6.33086,1.5,1.12
09.08.2021 00:01:33.880,6.33168,6.33087,1.5,1
09.08.2021 00:01:34.158,6.33152,6.33063,1.5,1.5
09.08.2021 00:01:34.258,6.33141,6.33063,1.5,1.12
09.08.2021 00:01:34.423,6.331580000000001,6.33086,1.5,1
09.08.2021 00:01:34.624,6.33168,6.33086,1.5,1
09.08.2021 00:01:42.102,6.3316300000000005,6.33086,1.5,1
09.08.2021 00:01:42.203,6.33164,6.33072,1.5,1
09.08.2021 00:01:42.304,6.3316300000000005,6.33071,1.5,1
09.08.2021 00:01:43.032,6.33164,6.3307,1.5,1
09.08.2021 00:01:48.034,6.33164,6.3307,1.5,1
09.08.2021 00:01:51.036,6.3316300000000005,6.3307,1.5,1
09.08.2021 00:01:53.191,6.331580000000001,6.33066,1.5,1
09.08.2021 00:01:53.297,6.33152,6.33061,1.5,1
09.08.2021 00:01:54.037,6.33152,6.33062,1.5,1
09.08.2021 00:02:01.241,6.33152,6.33062,1.5,1.5
09.08.2021 00:02:03.208,6.33147,6.33052,1.5,1
09.08.2021 00:02:03.714,6.33141,6.330500000000001,1.5,1
09.08.2021 00:02:03.916,6.33136,6.33047,1.5,1
09.08.2021 00:02:04.017,6.33136,6.330380000000001,1.5,1
09.08.2021 00:02:04.067,6.33136,6.330380000000001,1.5,1
09.08.2021 00:02:06.080,6.33126,6.330290000000001,1.5,1
09.08.2021 00:02:06.289,6.3312,6.33035,1.5,1
09.08.2021 00:02:07.049,6.3312,6.33035,1.5,1
09.08.2021 00:02:11.840,6.3312,6.33035,1.5,1.5
09.08.2021 00:02:11.891,6.331250000000001,6.33037,1.5,1
09.08.2021 00:02:12.465,6.331250000000001,6.33035,1.5,1.5
09.08.2021 00:02:12.656,6.331250000000001,6.33035,1.5,1
09.08.2021 00:02:13.140,6.3312100000000004,6.3303400000000005,1.5,1
09.08.2021 00:02:13.371,6.331040000000001,6.33035,1.5,1
09.08.2021 00:02:13.706,6.331040000000001,6.33035,1.5,1
09.08.2021 00:02:16.073,6.331040000000001,6.33,1.5,1
09.08.2021 00:02:21.207,6.33103,6.33012,1.5,1.5
09.08.2021 00:02:25.383,6.3310900000000006,6.33012,1.5,1.5
09.08.2021 00:02:25.544,6.3310900000000006,6.33012,1.5,1.5
09.08.2021 00:02:35.469,6.3311,6.3299900000000004,1.5,1.62
09.08.2021 00:02:36.920,6.3311,6.330010000000001,1.5,1
09.08.2021 00:02:40.374,6.3310900000000006,6.330010000000001,1.5,1
09.08.2021 00:02:41.555,6.33114,6.33007,1.5,1
09.08.2021 00:02:41.769,6.3312,6.33011,1.5,1.5
09.08.2021 00:02:41.870,6.33126,6.3304,1.5,1
09.08.2021 00:02:42.083,6.331440000000001,6.3304,1,1
09.08.2021 00:02:42.134,6.331430000000001,6.33063,1,1
09.08.2021 00:02:42.235,6.33152,6.33063,1.5,1
09.08.2021 00:02:42.386,6.33164,6.33063,1.5,1
09.08.2021 00:02:42.544,6.33157,6.33063,1,1
09.08.2021 00:02:42.595,6.33157,6.33063,1,1
09.08.2021 00:02:42.746,6.331530000000001,6.33062,1.5,1
09.08.2021 00:02:43.915,6.33152,6.33063,1.5,1
09.08.2021 00:02:46.902,6.33147,6.33063,1.5,1.5
09.08.2021 00:02:47.086,6.331740000000001,6.3307,1.5,1.5
09.08.2021 00:02:47.287,6.33175,6.3308800000000005,1.5,1
09.08.2021 00:02:47.438,6.331790000000001,6.33089,1.5,1
09.08.2021 00:02:47.538,6.331790000000001,6.33089,1.5,1.5
09.08.2021 00:02:47.790,6.33202,6.3311,1.5,1
09.08.2021 00:02:47.840,6.33202,6.3311,1.5,1.5
09.08.2021 00:02:48.283,6.33201,6.33111,1.5,1.12
09.08.2021 00:02:48.739,6.33222,6.331180000000001,1.5,1.5
09.08.2021 00:02:48.840,6.332380000000001,6.33145,1.5,1
09.08.2021 00:02:48.891,6.332490000000001,6.331650000000001,1.5,1
09.08.2021 00:02:48.992,6.33265,6.331650000000001,1.5,1.5
09.08.2021 00:02:49.187,6.3327100000000005,6.33167,1.5,1.5
09.08.2021 00:02:50.391,6.33282,6.331910000000001,1.5,1
09.08.2021 00:02:50.542,6.33282,6.3321000000000005,1.5,1
09.08.2021 00:02:51.306,6.33292,6.3321000000000005,1.5,1
09.08.2021 00:02:51.543,6.33265,6.3321000000000005,1,1
09.08.2021 00:02:51.685,6.332380000000001,6.3316300000000005,1.5,1
09.08.2021 00:02:51.836,6.332380000000001,6.3316300000000005,1.5,1
09.08.2021 00:02:52.112,6.332380000000001,6.33137,1.5,1.5
09.08.2021 00:02:52.212,6.33222,6.33137,1.5,1
09.08.2021 00:02:52.414,6.33206,6.33137,1.5,1
09.08.2021 00:02:52.464,6.33201,6.331130000000001,1.5,1
09.08.2021 00:02:52.591,6.33201,6.331130000000001,1.5,1
09.08.2021 00:02:52.952,6.33206,6.331130000000001,1.5,1.5
09.08.2021 00:02:53.192,6.33207,6.33112,1.5,1.5
09.08.2021 00:02:54.733,6.33206,6.331130000000001,1.5,1.5
09.08.2021 00:02:55.220,6.33206,6.331130000000001,1.5,1
09.08.2021 00:02:56.001,6.33206,6.331130000000001,1.5,1.5
09.08.2021 00:02:56.204,6.33206,6.331130000000001,1.5,1.5
09.08.2021 00:02:57.704,6.33201,6.331130000000001,1.5,1.5
09.08.2021 00:02:57.905,6.33201,6.331130000000001,1.5,1.5
09.08.2021 00:02:58.405,6.33195,6.331130000000001,1.5,1
09.08.2021 00:02:58.579,6.33185,6.331130000000001,1.5,1
09.08.2021 00:02:59.060,6.33185,6.331130000000001,1.5,1
09.08.2021 00:02:59.284,6.33185,6.331130000000001,1.5,1
09.08.2021 00:02:59.658,6.33185,6.331130000000001,1.5,1
09.08.2021 00:02:59.832,6.33185,6.33089,1.5,1.12
09.08.2021 00:03:00.266,6.331740000000001,6.33089,1.5,1
09.08.2021 00:03:02.566,6.33168,6.33089,1.5,1
09.08.2021 00:03:02.726,6.331740000000001,6.33089,1.5,1
09.08.2021 00:03:03.047,6.33168,6.330680000000001,1.5,1.5
09.08.2021 00:03:03.198,6.33141,6.330680000000001,1.5,1
09.08.2021 00:03:03.248,6.33141,6.330680000000001,1.5,1
09.08.2021 00:03:03.488,6.33152,6.330680000000001,1.5,1
09.08.2021 00:03:03.927,6.33152,6.330680000000001,1.5,1
09.08.2021 00:03:05.862,6.33141,6.330680000000001,1.5,1
09.08.2021 00:03:05.963,6.33142,6.33067,1.5,1
09.08.2021 00:03:06.975,6.33186,6.3308,1.5,1.5
09.08.2021 00:03:07.026,6.33185,6.330990000000001,1.5,1
09.08.2021 00:03:07.126,6.33201,6.33105,1.5,1.5
09.08.2021 00:03:07.301,6.33211,6.33105,1.5,1.5
09.08.2021 00:03:07.569,6.33206,6.33105,1.5,1.5
09.08.2021 00:03:07.670,6.3319,6.33105,1.5,1.5
09.08.2021 00:03:07.819,6.3319,6.33105,1.5,1.5
09.08.2021 00:03:08.765,6.3319,6.33105,1.5,1.5
09.08.2021 00:03:09.768,6.331910000000001,6.331040000000001,1.5,1.5
09.08.2021 00:03:16.257,6.33213,6.33112,1.5,1
09.08.2021 00:03:16.565,6.33212,6.331130000000001,1.5,1
09.08.2021 00:03:16.616,6.33212,6.33132,1.5,1
09.08.2021 00:03:17.309,6.332230000000001,6.33132,1.5,1.5
09.08.2021 00:03:17.360,6.332230000000001,6.331430000000001,1.5,1
09.08.2021 00:03:17.410,6.332230000000001,6.3314900000000005,1.5,1
09.08.2021 00:03:17.461,6.332230000000001,6.3315600000000005,1.5,1
09.08.2021 00:03:17.562,6.33235,6.33155,1.5,1
09.08.2021 00:03:23.287,6.332400000000001,6.33155,1.5,1
09.08.2021 00:03:23.548,6.332330000000001,6.3315600000000005,1.5,1
09.08.2021 00:03:23.821,6.33212,6.3315600000000005,1.5,1
09.08.2021 00:03:23.991,6.33207,6.3315600000000005,1.5,1
09.08.2021 00:03:24.142,6.332230000000001,6.33119,1.5,1
09.08.2021 00:03:24.193,6.332230000000001,6.3312,1.5,1.5
09.08.2021 00:03:24.386,6.33221,6.3312,1.5,1.5
09.08.2021 00:03:24.737,6.33221,6.3312,1.5,1.12
09.08.2021 00:03:24.989,6.33194,6.3312,1.5,1
09.08.2021 00:03:25.095,6.331790000000001,6.33119,1.5,1
09.08.2021 00:03:25.196,6.33178,6.33098,1.5,1
09.08.2021 00:03:25.267,6.33178,6.33085,1.5,1.5
09.08.2021 00:03:25.373,6.33178,6.33085,1.5,1.5
09.08.2021 00:03:25.623,6.331790000000001,6.33084,1.5,1.5
09.08.2021 00:03:25.825,6.331790000000001,6.33084,1.5,1.5
09.08.2021 00:03:28.701,6.331840000000001,6.33085,1.5,1.5
09.08.2021 00:03:28.908,6.3316300000000005,6.33084,1.5,1
09.08.2021 00:03:29.509,6.33157,6.330640000000001,1.5,1.5
09.08.2021 00:03:31.771,6.33157,6.330640000000001,1.5,1.5
09.08.2021 00:03:32.060,6.33173,6.33066,1.5,1.5
09.08.2021 00:03:32.167,6.33173,6.33072,1.5,1.5
09.08.2021 00:03:33.293,6.33185,6.3308800000000005,1.5,1.5
09.08.2021 00:03:33.394,6.33201,6.33112,1.5,1
09.08.2021 00:03:33.545,6.33201,6.33112,1.5,1.62
09.08.2021 00:03:33.679,6.332000000000001,6.331130000000001,1.5,1.62
09.08.2021 00:03:34.180,6.33211,6.33131,1.5,1
09.08.2021 00:03:34.281,6.33227,6.33131,1.5,1
09.08.2021 00:03:34.432,6.332330000000001,6.33141,1.5,1
09.08.2021 00:03:34.482,6.33232,6.33142,1.5,1.5
09.08.2021 00:03:34.690,6.332280000000001,6.33141,1.5,1.5
09.08.2021 00:03:35.336,6.332380000000001,6.33142,1.5,1.5
09.08.2021 00:03:37.730,6.3324300000000004,6.33167,1.5,1
09.08.2021 00:03:37.780,6.3324300000000004,6.33167,1.5,1.5
09.08.2021 00:03:37.982,6.332590000000001,6.33167,1.5,1.5
09.08.2021 00:03:40.633,6.332380000000001,6.33167,1,1.5
09.08.2021 00:03:40.734,6.332380000000001,6.33167,1.5,1
09.08.2021 00:03:40.835,6.332380000000001,6.33142,1.5,1.5
09.08.2021 00:03:41.501,6.33232,6.33142,1.5,1.5
09.08.2021 00:03:44.186,6.3322400000000005,6.33142,1.5,1
09.08.2021 00:03:44.530,6.33225,6.33141,1.5,1
09.08.2021 00:03:45.071,6.33211,6.33142,1.5,1
09.08.2021 00:03:45.171,6.332050000000001,6.33142,1.5,1
09.08.2021 00:03:46.084,6.332050000000001,6.33117,1.5,1.5
09.08.2021 00:03:46.515,6.332000000000001,6.33117,1.5,1
09.08.2021 00:03:49.622,6.332000000000001,6.33117,1.5,1
09.08.2021 00:03:49.777,6.331910000000001,6.33096,1.5,1.5
09.08.2021 00:03:49.827,6.331910000000001,6.33096,1.5,1
09.08.2021 00:03:50.035,6.331910000000001,6.33091,1.5,1
09.08.2021 00:03:50.136,6.331840000000001,6.3308800000000005,1.5,1.5
09.08.2021 00:03:50.287,6.331840000000001,6.3308800000000005,1.5,1.5
09.08.2021 00:03:50.495,6.33194,6.33103,1.5,1.5
09.08.2021 00:03:50.702,6.332050000000001,6.3311,1.5,1.5
09.08.2021 00:03:52.806,6.332050000000001,6.3311,1.5,1.5
09.08.2021 00:03:53.033,6.33206,6.3310900000000006,1.5,1.5
09.08.2021 00:03:55.253,6.332140000000001,6.3310900000000006,1.5,1.5
09.08.2021 00:03:56.223,6.33216,6.33124,1.5,1.5
09.08.2021 00:03:56.426,6.3323,6.33138,1.5,1.5
09.08.2021 00:03:57.580,6.33232,6.331390000000001,1.5,1.5
09.08.2021 00:03:58.181,6.332380000000001,6.331390000000001,1.5,1.5
09.08.2021 00:03:58.382,6.332380000000001,6.331390000000001,1.5,1.5
09.08.2021 00:03:59.951,6.33239,6.33138,1.5,1.5
09.08.2021 00:04:00.052,6.332380000000001,6.331390000000001,1.5,1.5
09.08.2021 00:04:00.398,6.332380000000001,6.331390000000001,1.5,1.5
09.08.2021 00:04:01.493,6.33227,6.331390000000001,1.5,1
09.08.2021 00:04:01.594,6.332280000000001,6.33138,1.5,1
09.08.2021 00:04:02.854,6.33227,6.331390000000001,1.5,1
09.08.2021 00:04:04.455,6.33227,6.331230000000001,2,1.5
09.08.2021 00:04:04.941,6.33227,6.33117,1.5,1.5
09.08.2021 00:04:05.258,6.33227,6.33126,1.5,1.62
09.08.2021 00:04:05.848,6.33239,6.33145,1.5,1
09.08.2021 00:04:06.007,6.332540000000001,6.33162,1.5,1.5
09.08.2021 00:04:06.837,6.33277,6.33177,1,1
09.08.2021 00:04:06.887,6.33286,6.33177,1.5,1.5
09.08.2021 00:04:06.988,6.33286,6.33195,1.5,1
09.08.2021 00:04:07.038,6.33286,6.33195,1.5,1.5
09.08.2021 00:04:08.042,6.33286,6.33195,1.5,1
09.08.2021 00:04:08.429,6.33286,6.33195,1.5,1
09.08.2021 00:04:08.530,6.33275,6.33195,1.5,1
09.08.2021 00:04:08.631,6.33275,6.33195,1.5,1
09.08.2021 00:04:08.945,6.33275,6.33167,1.5,1.5
09.08.2021 00:04:09.243,6.33286,6.3319,1.5,1.5
09.08.2021 00:04:09.793,6.33292,6.3319,1.5,1.5
09.08.2021 00:04:09.894,6.333080000000001,6.3320300000000005,1.5,1
09.08.2021 00:04:09.995,6.333080000000001,6.33221,1.5,1.5
09.08.2021 00:04:10.102,6.333080000000001,6.33221,1.5,1.5
09.08.2021 00:04:10.270,6.333080000000001,6.33221,1.5,1.5
09.08.2021 00:04:12.501,6.3331800000000005,6.33221,1.5,1.5
09.08.2021 00:04:12.602,6.3333,6.33251,1,1
09.08.2021 00:04:12.769,6.33335,6.33251,1.5,1.5
09.08.2021 00:04:13.021,6.33335,6.33251,1.5,1.12
09.08.2021 00:04:13.706,6.333290000000001,6.33251,1.5,1
09.08.2021 00:04:13.807,6.3333,6.3325000000000005,1.5,1
09.08.2021 00:04:14.144,6.3333,6.3322400000000005,1.5,1.5
09.08.2021 00:04:18.281,6.33319,6.33227,1.5,1.12
09.08.2021 00:04:20.294,6.33319,6.332280000000001,1.5,1.5
09.08.2021 00:04:20.451,6.33319,6.332280000000001,1.5,1.5
09.08.2021 00:04:20.771,6.33327,6.33239,1.5,1
09.08.2021 00:04:21.772,6.33328,6.332380000000001,1.5,1
09.08.2021 00:04:22.578,6.333240000000001,6.33235,1.5,1
09.08.2021 00:04:22.806,6.333240000000001,6.33229,1.5,1
09.08.2021 00:04:25.009,6.333240000000001,6.33227,1.5,1
09.08.2021 00:04:25.110,6.33319,6.33227,1.5,1
09.08.2021 00:04:26.538,6.33319,6.33221,1.5,1.5
09.08.2021 00:04:26.639,6.333240000000001,6.332400000000001,1.5,1
09.08.2021 00:04:26.740,6.333240000000001,6.33247,1.5,1
09.08.2021 00:04:27.432,6.333240000000001,6.33252,1.5,1
09.08.2021 00:04:28.550,6.333240000000001,6.33252,1.5,1.5
09.08.2021 00:04:29.170,6.333240000000001,6.33252,1.5,1.5
09.08.2021 00:04:29.550,6.333240000000001,6.33252,1.5,1
09.08.2021 00:04:31.833,6.333240000000001,6.33252,1.5,1
09.08.2021 00:04:34.239,6.333240000000001,6.33252,1.5,1.12
09.08.2021 00:04:34.934,6.333290000000001,6.33241,1.5,1
09.08.2021 00:04:35.047,6.333290000000001,6.33226,1.5,1.5
09.08.2021 00:04:41.784,6.333290000000001,6.33235,1.5,1
09.08.2021 00:04:43.775,6.3333,6.33225,1.5,1.5
09.08.2021 00:04:43.876,6.333240000000001,6.332230000000001,1.5,1
09.08.2021 00:04:45.601,6.333240000000001,6.33242,1.5,1
09.08.2021 00:04:45.803,6.33335,6.33244,1.5,1
09.08.2021 00:04:45.961,6.33335,6.33253,1.5,1
09.08.2021 00:04:47.409,6.33335,6.33253,1.5,1
09.08.2021 00:04:48.646,6.3333,6.33252,1.5,1
09.08.2021 00:04:55.018,6.33319,6.33253,1.5,1
09.08.2021 00:04:55.072,6.33319,6.332280000000001,1.5,1
09.08.2021 00:04:55.562,6.333200000000001,6.33221,1.5,1
09.08.2021 00:04:56.841,6.33319,6.3323,1.5,1
09.08.2021 00:04:57.207,6.33319,6.3323,1.5,1
09.08.2021 00:05:00.820,6.3331800000000005,6.3323,1.5,1.5
09.08.2021 00:05:00.921,6.333340000000001,6.33244,1.5,1
09.08.2021 00:05:01.032,6.333340000000001,6.3325000000000005,1.5,1
09.08.2021 00:05:01.877,6.33335,6.33242,1.5,1
09.08.2021 00:05:01.994,6.333340000000001,6.332540000000001,1.5,1
09.08.2021 00:05:02.247,6.333290000000001,6.332540000000001,1.5,1
09.08.2021 00:05:02.514,6.33323,6.332540000000001,1.5,1
09.08.2021 00:05:04.285,6.3333,6.33253,1.5,1
09.08.2021 00:05:05.363,6.33335,6.332540000000001,1.5,1
09.08.2021 00:05:05.582,6.33335,6.332540000000001,1.5,1
09.08.2021 00:05:05.855,6.33335,6.332540000000001,1.5,1
09.08.2021 00:05:05.905,6.33335,6.332540000000001,1.5,1.5
09.08.2021 00:05:06.065,6.3334,6.332540000000001,1.5,1.62
09.08.2021 00:05:06.708,6.33352,6.33255,1.5,1
09.08.2021 00:05:06.879,6.33351,6.33262,1.5,1
09.08.2021 00:05:07.418,6.3334600000000005,6.33276,1.5,1
09.08.2021 00:05:07.519,6.33347,6.33275,1.5,1
09.08.2021 00:05:08.552,6.3334600000000005,6.33276,1.5,1
09.08.2021 00:05:11.459,6.333290000000001,6.33276,1.5,1
09.08.2021 00:05:11.649,6.33335,6.33276,1.5,1
09.08.2021 00:05:11.750,6.333290000000001,6.33236,1.5,1
09.08.2021 00:05:11.800,6.3333,6.33256,1.5,1
09.08.2021 00:05:11.921,6.33335,6.33257,1.5,1
09.08.2021 00:05:12.071,6.33335,6.33257,1.5,1
09.08.2021 00:05:14.018,6.33335,6.33257,1.5,1
09.08.2021 00:05:16.266,6.333290000000001,6.33257,1.5,1
09.08.2021 00:05:16.425,6.33328,6.33257,1.5,1
09.08.2021 00:05:17.004,6.33328,6.3323100000000005,1.5,1
09.08.2021 00:05:18.319,6.333240000000001,6.3323100000000005,1.5,1.5
09.08.2021 00:05:18.520,6.3334,6.332330000000001,1.5,1.62
09.08.2021 00:05:19.085,6.3334,6.33256,1.5,1
09.08.2021 00:05:22.108,6.33336,6.33255,1.5,1
09.08.2021 00:05:22.309,6.33319,6.33256,1.5,1
09.08.2021 00:05:22.541,6.33319,6.33234,1.5,1.5
09.08.2021 00:05:22.887,6.33319,6.33234,1.5,1
09.08.2021 00:05:26.196,6.333290000000001,6.33234,1.5,1.5
09.08.2021 00:05:26.268,6.333290000000001,6.3326,1.5,1
09.08.2021 00:05:26.369,6.333290000000001,6.3326,1.5,1
09.08.2021 00:05:28.858,6.3333,6.332590000000001,1.5,1
09.08.2021 00:05:29.137,6.33326,6.3326,1.5,1
09.08.2021 00:05:29.304,6.33319,6.3326,1.5,1
09.08.2021 00:05:30.254,6.333200000000001,6.33234,1.5,1
09.08.2021 00:05:30.304,6.33319,6.33235,1.5,1.5
09.08.2021 00:05:31.295,6.33322,6.33235,1.5,1
09.08.2021 00:05:31.859,6.333200000000001,6.33234,1.5,1
09.08.2021 00:05:32.030,6.333200000000001,6.33234,1.5,1
09.08.2021 00:05:40.780,6.333240000000001,6.33232,1.5,1
09.08.2021 00:05:41.748,6.333240000000001,6.332230000000001,1.5,1
09.08.2021 00:05:42.748,6.333240000000001,6.33232,1.5,1
09.08.2021 00:05:43.748,6.333240000000001,6.332230000000001,1.5,1
09.08.2021 00:05:49.851,6.33317,6.33216,1.5,1.5
09.08.2021 00:05:51.387,6.33286,6.33194,1.5,1.5
09.08.2021 00:05:51.488,6.33286,6.33194,1.5,1.5
09.08.2021 00:05:51.665,6.33287,6.33187,1.5,1.5
09.08.2021 00:05:59.510,6.33293,6.33206,1.5,1.5
09.08.2021 00:05:59.689,6.333030000000001,6.332000000000001,1.5,1.5
09.08.2021 00:05:59.982,6.3330400000000004,6.33199,1.5,1.5
09.08.2021 00:06:00.231,6.333030000000001,6.332140000000001,1.5,1
09.08.2021 00:06:01.502,6.333030000000001,6.332140000000001,1.5,1
09.08.2021 00:06:02.502,6.333030000000001,6.332140000000001,1.5,1
09.08.2021 00:06:04.609,6.333030000000001,6.332140000000001,1.5,1
09.08.2021 00:06:05.608,6.333030000000001,6.332140000000001,1.5,1
09.08.2021 00:06:07.049,6.33305,6.332190000000001,1.5,1
09.08.2021 00:06:07.913,6.33305,6.33217,1.5,1
09.08.2021 00:06:07.964,6.333060000000001,6.33216,1.5,1
09.08.2021 00:06:08.949,6.333030000000001,6.33217,1.5,1
09.08.2021 00:06:12.008,6.33305,6.33217,1.5,1
09.08.2021 00:06:14.190,6.333060000000001,6.33217,1.5,1
09.08.2021 00:06:15.189,6.333060000000001,6.33217,1.5,1
09.08.2021 00:06:15.326,6.33307,6.33217,1.5,1
09.08.2021 00:06:16.190,6.333060000000001,6.332180000000001,1.5,1
09.08.2021 00:06:17.190,6.333060000000001,6.332180000000001,1.5,1
09.08.2021 00:06:26.896,6.333060000000001,6.332180000000001,1.5,1
09.08.2021 00:06:27.895,6.333060000000001,6.332180000000001,1.5,1
09.08.2021 00:06:28.620,6.33295,6.33208,1.5,1.5
09.08.2021 00:06:28.734,6.3329,6.33207,1.5,1
09.08.2021 00:06:28.947,6.33284,6.33207,1.5,1
09.08.2021 00:06:34.678,6.33284,6.33207,1.5,1
09.08.2021 00:06:40.467,6.33284,6.33207,1.5,1
09.08.2021 00:06:44.081,6.33284,6.33207,1.5,1
09.08.2021 00:06:46.266,6.33284,6.33207,1.5,1
09.08.2021 00:06:47.901,6.33284,6.33207,1.5,1
09.08.2021 00:06:48.103,6.3328500000000005,6.33206,1.5,1
09.08.2021 00:06:48.862,6.3328500000000005,6.33185,1.5,1
09.08.2021 00:06:51.760,6.33284,6.33207,1.5,1
09.08.2021 00:06:52.076,6.33284,6.33207,1.5,1
09.08.2021 00:06:56.720,6.33295,6.33207,1.5,1.5
09.08.2021 00:06:56.921,6.332890000000001,6.33207,1.5,1
09.08.2021 00:06:57.415,6.332800000000001,6.33206,1.5,1
09.08.2021 00:06:57.617,6.332800000000001,6.33206,1.5,1
09.08.2021 00:06:57.811,6.33279,6.33207,1.5,1
09.08.2021 00:06:59.173,6.33279,6.33207,1.5,1
09.08.2021 00:06:59.375,6.33279,6.33207,1.5,1
09.08.2021 00:06:59.852,6.33279,6.33207,1.5,1
09.08.2021 00:06:59.903,6.332730000000001,6.331840000000001,1.5,1
09.08.2021 00:07:00.053,6.332630000000001,6.331790000000001,1.5,1.5
09.08.2021 00:07:00.633,6.33262,6.3318,1.5,1
09.08.2021 00:07:03.844,6.33262,6.3318,1.5,1
09.08.2021 00:07:04.778,6.33262,6.3318,1.5,1
09.08.2021 00:07:05.624,6.3327100000000005,6.331790000000001,1.5,1.62
09.08.2021 00:07:06.145,6.33279,6.33192,1.5,1
09.08.2021 00:07:07.146,6.33279,6.33181,1.5,1
09.08.2021 00:07:08.736,6.33279,6.3318900000000005,1.5,1
09.08.2021 00:07:08.855,6.33301,6.332090000000001,1.5,1.5
09.08.2021 00:07:08.956,6.333030000000001,6.332140000000001,1.5,1
09.08.2021 00:07:09.502,6.33301,6.332140000000001,1.5,1
09.08.2021 00:07:09.685,6.333,6.33212,1.5,1
09.08.2021 00:07:09.829,6.33301,6.33211,1.5,1
09.08.2021 00:07:09.930,6.33301,6.33216,1.5,1
09.08.2021 00:07:10.617,6.333030000000001,6.332190000000001,1.5,1
09.08.2021 00:07:11.092,6.333060000000001,6.332180000000001,1.5,1
09.08.2021 00:07:11.732,6.333060000000001,6.3322400000000005,1.5,1
09.08.2021 00:07:12.407,6.333060000000001,6.33222,1.5,1
09.08.2021 00:07:12.601,6.333060000000001,6.33216,1.5,1
09.08.2021 00:07:15.418,6.33295,6.33211,1.5,1
09.08.2021 00:07:15.469,6.33286,6.332090000000001,1.5,1.5
09.08.2021 00:07:15.576,6.33286,6.332090000000001,1.5,1
09.08.2021 00:07:16.353,6.33287,6.33208,1.5,1.5
09.08.2021 00:07:17.426,6.33287,6.33208,1.5,1
09.08.2021 00:07:17.699,6.33286,6.332090000000001,1.5,1.5
09.08.2021 00:07:17.920,6.33302,6.332050000000001,1.5,1.5
09.08.2021 00:07:18.098,6.33302,6.332190000000001,1.5,1
09.08.2021 00:07:18.929,6.33302,6.332190000000001,1.5,1
09.08.2021 00:07:19.097,6.33302,6.332230000000001,1.5,1
09.08.2021 00:07:20.009,6.333080000000001,6.33217,1.5,1
09.08.2021 00:07:26.003,6.333030000000001,6.332050000000001,1.5,1.5
09.08.2021 00:07:26.185,6.33297,6.332050000000001,1.5,1.5
09.08.2021 00:07:26.418,6.33292,6.33199,1.5,1
09.08.2021 00:07:27.055,6.33302,6.332050000000001,1.5,1.5
09.08.2021 00:07:27.257,6.33307,6.3321000000000005,1.5,1.5
09.08.2021 00:07:27.497,6.33307,6.33216,1.5,1
09.08.2021 00:07:28.498,6.33307,6.33216,1.5,1
09.08.2021 00:07:29.498,6.333080000000001,6.33215,1.5,1
09.08.2021 00:07:30.155,6.33307,6.332190000000001,1.5,1
09.08.2021 00:07:30.498,6.33307,6.3322400000000005,1.5,1
09.08.2021 00:07:31.499,6.33307,6.3322400000000005,1.5,1
09.08.2021 00:07:32.499,6.33309,6.33221,1.5,1
09.08.2021 00:07:34.316,6.33307,6.332180000000001,1.5,1
09.08.2021 00:07:34.550,6.333080000000001,6.33221,1.5,1
09.08.2021 00:07:35.501,6.33307,6.3322400000000005,1.5,1
09.08.2021 00:07:35.552,6.333080000000001,6.3322400000000005,1.5,1
09.08.2021 00:07:36.501,6.33307,6.332230000000001,1.5,1
09.08.2021 00:07:36.686,6.33307,6.33221,1.5,1
09.08.2021 00:07:37.502,6.333080000000001,6.33221,1.5,1
09.08.2021 00:07:38.250,6.333080000000001,6.332180000000001,1.5,1
09.08.2021 00:07:38.452,6.333080000000001,6.33221,1.5,1
09.08.2021 00:07:39.476,6.33307,6.332190000000001,1.5,1
09.08.2021 00:07:39.526,6.33291,6.332090000000001,1.5,1.5
09.08.2021 00:07:39.681,6.33291,6.332090000000001,1.5,1
09.08.2021 00:07:40.487,6.33292,6.33208,1.5,1.5
09.08.2021 00:07:41.204,6.33291,6.332090000000001,1.5,1.5
09.08.2021 00:07:42.169,6.33291,6.332090000000001,1.5,1.5
09.08.2021 00:07:42.525,6.33291,6.332090000000001,1.5,1
09.08.2021 00:07:43.169,6.33292,6.332090000000001,1.5,1
09.08.2021 00:07:43.361,6.33292,6.332090000000001,1.5,1
09.08.2021 00:07:47.341,6.33291,6.332090000000001,1.5,1
09.08.2021 00:07:51.455,6.33291,6.332090000000001,1.5,1.5
09.08.2021 00:07:51.707,6.33297,6.33202,1.5,1
09.08.2021 00:07:53.786,6.33297,6.332140000000001,1.5,1
09.08.2021 00:07:54.727,6.333130000000001,6.33215,1.5,1
09.08.2021 00:07:54.883,6.333130000000001,6.3322400000000005,1.5,1
09.08.2021 00:07:56.143,6.333130000000001,6.3323,1.5,1
09.08.2021 00:07:56.738,6.333130000000001,6.3323,1.5,1.5
09.08.2021 00:07:57.739,6.333130000000001,6.3323,1.5,1
09.08.2021 00:08:00.104,6.33319,6.3323,1.5,1.5
09.08.2021 00:08:00.212,6.33319,6.3323,1.5,1.5
09.08.2021 00:08:02.624,6.333200000000001,6.33229,1.5,1.12
09.08.2021 00:08:03.506,6.33319,6.3323,1.5,1.5
09.08.2021 00:08:04.471,6.33319,6.3323,1.5,1
09.08.2021 00:08:05.865,6.3331800000000005,6.3323,1.5,1
09.08.2021 00:08:06.067,6.33297,6.3323,1.5,1
09.08.2021 00:08:06.117,6.33297,6.33216,1.5,1
09.08.2021 00:08:06.440,6.332980000000001,6.33208,1.5,1
09.08.2021 00:08:11.121,6.332980000000001,6.3321000000000005,1.5,1
09.08.2021 00:08:11.323,6.33297,6.332090000000001,1.5,1
09.08.2021 00:08:12.426,6.33302,6.33212,1.5,1
09.08.2021 00:08:12.477,6.33302,6.332180000000001,1.5,1
09.08.2021 00:08:12.604,6.33302,6.33222,1.5,1
09.08.2021 00:08:13.234,6.33302,6.33222,1.5,1
09.08.2021 00:08:13.436,6.33302,6.332190000000001,1.5,1
09.08.2021 00:08:13.487,6.33302,6.33212,1.5,1
09.08.2021 00:08:13.637,6.33302,6.33211,1.5,1
09.08.2021 00:08:15.446,6.33302,6.33211,1.5,1.5
09.08.2021 00:08:16.447,6.333030000000001,6.3321000000000005,1.5,1.5
09.08.2021 00:08:16.955,6.3330400000000004,6.33213,1.5,1
09.08.2021 00:08:17.133,6.333030000000001,6.33212,1.5,1
09.08.2021 00:08:17.447,6.3330400000000004,6.33211,1.5,1
09.08.2021 00:08:20.603,6.33295,6.332090000000001,1.5,1.5
09.08.2021 00:08:21.388,6.33295,6.332090000000001,1.5,1
09.08.2021 00:08:24.791,6.33281,6.33194,1.5,1
09.08.2021 00:08:24.959,6.3327100000000005,6.331830000000001,1.5,1
09.08.2021 00:08:25.389,6.3327,6.331840000000001,1.5,1.5
09.08.2021 00:08:28.208,6.3327,6.331840000000001,1.5,1.12
09.08.2021 00:08:31.011,6.33275,6.331840000000001,1.5,1.5
09.08.2021 00:08:31.061,6.33275,6.33204,1.5,1
09.08.2021 00:08:32.832,6.33281,6.33204,1.5,1
09.08.2021 00:08:33.033,6.33281,6.33204,1.5,1
09.08.2021 00:08:34.259,6.3328500000000005,6.3320300000000005,1.5,1
09.08.2021 00:08:34.459,6.33284,6.33204,1.5,1
09.08.2021 00:08:35.707,6.33284,6.33204,1.5,1
09.08.2021 00:08:35.868,6.33277,6.331840000000001,1.5,1.5
09.08.2021 00:08:35.918,6.33277,6.331840000000001,1.5,1.5
09.08.2021 00:08:36.103,6.332540000000001,6.331840000000001,1.5,1
09.08.2021 00:08:36.153,6.332540000000001,6.3316300000000005,1.5,1.5
09.08.2021 00:08:36.304,6.332540000000001,6.3316300000000005,1.5,1
09.08.2021 00:08:36.559,6.33244,6.33162,1.5,1
09.08.2021 00:08:37.311,6.33244,6.33162,1.5,1
09.08.2021 00:08:37.362,6.3324300000000004,6.3316300000000005,1.5,1.5
09.08.2021 00:08:38.195,6.33251,6.3316300000000005,1.5,1
09.08.2021 00:08:38.840,6.3324300000000004,6.3316300000000005,1.5,1
09.08.2021 00:08:40.057,6.332380000000001,6.3316300000000005,1.5,1
09.08.2021 00:08:40.191,6.332380000000001,6.3316300000000005,1.5,1
09.08.2021 00:08:40.551,6.3324300000000004,6.3316300000000005,1.5,1
09.08.2021 00:08:40.869,6.33255,6.33162,1.5,1.5
09.08.2021 00:08:41.024,6.332540000000001,6.3316300000000005,1.5,1.5
09.08.2021 00:08:43.875,6.33265,6.3316300000000005,1.5,1.5
09.08.2021 00:08:44.095,6.332490000000001,6.33146,1.5,1
09.08.2021 00:08:44.270,6.332490000000001,6.33146,1.5,1
09.08.2021 00:08:44.928,6.33244,6.3313500000000005,1.5,1.5
09.08.2021 00:08:45.395,6.3324300000000004,6.33136,1.5,1.5
09.08.2021 00:08:46.882,6.332330000000001,6.3314,1.5,1.12
09.08.2021 00:08:48.445,6.332330000000001,6.3314,1.5,1.62
09.08.2021 00:08:48.677,6.33232,6.33146,1.5,1
09.08.2021 00:08:48.831,6.33232,6.331440000000001,1.5,1
09.08.2021 00:08:49.446,6.33232,6.331430000000001,1.5,1
09.08.2021 00:08:49.662,6.332330000000001,6.33142,1.5,1
09.08.2021 00:08:51.207,6.33232,6.331430000000001,1.5,1
09.08.2021 00:08:51.447,6.33232,6.331430000000001,1.5,1
09.08.2021 00:08:52.682,6.33237,6.331480000000001,1.5,1
09.08.2021 00:08:53.076,6.33237,6.331480000000001,1.5,1
09.08.2021 00:08:53.261,6.33237,6.331480000000001,1.5,1
09.08.2021 00:08:54.115,6.33237,6.33145,1.5,1
09.08.2021 00:08:54.283,6.332540000000001,6.33169,1.5,1.5
09.08.2021 00:08:54.333,6.332540000000001,6.33172,1.5,1
09.08.2021 00:08:54.621,6.3326400000000005,6.331740000000001,1.5,1
09.08.2021 00:08:55.185,6.33265,6.33171,1.5,1
09.08.2021 00:08:55.357,6.3326400000000005,6.33172,1.5,1.5
09.08.2021 00:08:55.407,6.3326400000000005,6.331740000000001,1.5,1
09.08.2021 00:08:56.254,6.3326400000000005,6.331740000000001,1.5,1
09.08.2021 00:08:56.636,6.3327,6.33178,1.5,1
09.08.2021 00:08:56.837,6.3327,6.33175,1.5,1
09.08.2021 00:08:57.254,6.3327,6.3317000000000005,1.5,1
09.08.2021 00:08:59.200,6.3326,6.33168,1.5,1.5
09.08.2021 00:08:59.403,6.33265,6.33168,1.5,1.5
09.08.2021 00:09:00.201,6.3326400000000005,6.33169,1.5,1.5
09.08.2021 00:09:01.385,6.3326400000000005,6.33173,1.5,1
09.08.2021 00:09:01.498,6.3326400000000005,6.33173,1.5,1
09.08.2021 00:09:02.840,6.332590000000001,6.33169,1.5,1.5
09.08.2021 00:09:03.363,6.3326,6.33168,1.5,1
09.08.2021 00:09:03.778,6.332590000000001,6.331650000000001,1.5,1
09.08.2021 00:09:03.828,6.33253,6.331530000000001,1.5,1
09.08.2021 00:09:05.514,6.33253,6.33157,1.5,1
09.08.2021 00:09:05.816,6.33257,6.33168,1,1
09.08.2021 00:09:06.099,6.33257,6.33169,1,1
09.08.2021 00:09:06.301,6.3326400000000005,6.33169,1.5,1
09.08.2021 00:09:06.748,6.3326400000000005,6.33169,1.5,1
09.08.2021 00:09:06.816,6.3326400000000005,6.33173,1.5,1
09.08.2021 00:09:06.950,6.3326400000000005,6.33176,1.5,1
09.08.2021 00:09:08.818,6.3326400000000005,6.33176,1.5,1
09.08.2021 00:09:10.300,6.3326400000000005,6.33159,1.5,1
09.08.2021 00:09:10.423,6.332590000000001,6.33159,1.5,1
09.08.2021 00:09:11.007,6.33248,6.33159,1.5,1
09.08.2021 00:09:11.196,6.332590000000001,6.33171,1.5,1
09.08.2021 00:09:11.247,6.332590000000001,6.33173,1.5,1
09.08.2021 00:09:11.905,6.332540000000001,6.33161,1.5,1
09.08.2021 00:09:11.955,6.332540000000001,6.33161,1.5,1
09.08.2021 00:09:12.157,6.332540000000001,6.33161,1.5,1
09.08.2021 00:09:12.814,6.332540000000001,6.33171,1.5,1
09.08.2021 00:09:13.290,6.332540000000001,6.33176,1.5,1
09.08.2021 00:09:13.815,6.33255,6.33175,1.5,1
09.08.2021 00:09:14.328,6.3326400000000005,6.33173,1.5,1
09.08.2021 00:09:14.627,6.332540000000001,6.3316300000000005,1.5,1
09.08.2021 00:09:15.085,6.332540000000001,6.3316300000000005,1.5,1
09.08.2021 00:09:15.224,6.332540000000001,6.3316300000000005,1.5,1
09.08.2021 00:09:15.627,6.332590000000001,6.33168,1.5,1
09.08.2021 00:09:16.628,6.332590000000001,6.33168,1.5,1
09.08.2021 00:09:16.799,6.332590000000001,6.33162,1.5,1
09.08.2021 00:09:17.003,6.332540000000001,6.33168,1.5,1
09.08.2021 00:09:17.628,6.332540000000001,6.33168,1.5,1
09.08.2021 00:09:18.629,6.332540000000001,6.33168,1.5,1
09.08.2021 00:09:20.173,6.33237,6.33151,1.5,1
09.08.2021 00:09:20.224,6.33237,6.3314,1.5,1.62
09.08.2021 00:09:20.425,6.332380000000001,6.33146,1.5,1.12
09.08.2021 00:09:22.134,6.33237,6.33147,1.5,1.62
09.08.2021 00:09:22.708,6.33237,6.3315,1.5,1
09.08.2021 00:09:23.139,6.33237,6.33147,1.5,1.5
09.08.2021 00:09:26.009,6.33237,6.3315600000000005,1.5,1
09.08.2021 00:09:26.060,6.33237,6.331580000000001,1.5,1
09.08.2021 00:09:26.241,6.33237,6.33167,1.12,1
09.08.2021 00:09:26.417,6.33237,6.33168,1.5,1
09.08.2021 00:09:27.010,6.332380000000001,6.33167,1.5,1.5
09.08.2021 00:09:27.783,6.33247,6.33168,1.5,1.5
09.08.2021 00:09:27.931,6.33247,6.33167,1.5,1
09.08.2021 00:09:27.983,6.33246,6.33168,1.5,1
09.08.2021 00:09:29.431,6.33237,6.33168,1.5,1
09.08.2021 00:09:29.625,6.332380000000001,6.33146,1.5,1.5
09.08.2021 00:09:32.016,6.33237,6.33147,1.5,1.12
09.08.2021 00:09:32.809,6.33237,6.33147,1.5,1.5
09.08.2021 00:09:36.155,6.33237,6.33147,1.5,1
09.08.2021 00:09:37.549,6.33237,6.33147,1.5,1
09.08.2021 00:09:37.650,6.33229,6.33141,1.5,1
09.08.2021 00:09:37.765,6.33229,6.33124,1.5,1.5
09.08.2021 00:09:38.251,6.33226,6.331250000000001,1.5,1.5
09.08.2021 00:09:38.404,6.33226,6.331250000000001,1.5,1.5
09.08.2021 00:09:38.540,6.33226,6.33142,1.5,1
09.08.2021 00:09:38.641,6.3323100000000005,6.33146,1.5,1
09.08.2021 00:09:39.540,6.3323,6.33141,1.5,1
09.08.2021 00:09:40.629,6.3323100000000005,6.3314,1.5,1
09.08.2021 00:09:46.208,6.3323,6.33138,1.5,1
09.08.2021 00:09:50.536,6.3323100000000005,6.331430000000001,1.5,1
09.08.2021 00:09:51.501,6.33232,6.33142,1.5,1
09.08.2021 00:09:52.130,6.33232,6.331440000000001,1.5,1
09.08.2021 00:09:52.501,6.33232,6.33146,1.5,1
09.08.2021 00:09:53.502,6.3323100000000005,6.331440000000001,1.5,1
09.08.2021 00:09:56.948,6.3323100000000005,6.33146,1.5,1
09.08.2021 00:09:57.948,6.33232,6.33146,1.5,1
09.08.2021 00:09:58.949,6.33232,6.331440000000001,1.5,1
09.08.2021 00:09:59.721,6.3323100000000005,6.33147,1.5,1
09.08.2021 00:10:00.261,6.33221,6.33147,1.5,1
09.08.2021 00:10:00.424,6.33187,6.33106,1.5,1
09.08.2021 00:10:00.524,6.33177,6.330990000000001,1.5,1
09.08.2021 00:10:00.575,6.33177,6.330990000000001,1.5,1
09.08.2021 00:10:01.525,6.33177,6.330990000000001,1.5,1
09.08.2021 00:10:01.825,6.33177,6.330990000000001,1.5,1.5
09.08.2021 00:10:03.826,6.33178,6.330990000000001,1.5,1.5
09.08.2021 00:10:05.827,6.33177,6.330990000000001,1.5,1.62
09.08.2021 00:10:08.829,6.33177,6.330990000000001,1.5,1
09.08.2021 00:10:09.422,6.33172,6.330990000000001,1.5,1
09.08.2021 00:10:09.523,6.33173,6.33075,1.5,1.5
09.08.2021 00:10:09.574,6.33155,6.330730000000001,1,1
09.08.2021 00:10:09.675,6.33155,6.33072,1.5,1.5
09.08.2021 00:10:09.826,6.33151,6.33072,1.5,1.5
09.08.2021 00:10:10.235,6.33151,6.33072,1.5,1
09.08.2021 00:10:17.207,6.3315,6.33072,1.5,1
09.08.2021 00:10:18.521,6.33141,6.33047,1.5,1
09.08.2021 00:10:18.677,6.33124,6.33047,1.5,1.5
09.08.2021 00:10:18.728,6.33124,6.33047,1.5,1
09.08.2021 00:10:20.214,6.331180000000001,6.33047,1.5,1
09.08.2021 00:10:20.267,6.331180000000001,6.33047,1.5,1
09.08.2021 00:10:21.342,6.3312,6.33046,1.5,1
09.08.2021 00:10:21.595,6.331180000000001,6.33023,1.5,1
09.08.2021 00:10:21.646,6.331180000000001,6.33047,1.5,1
09.08.2021 00:10:22.223,6.331180000000001,6.33047,1.5,1
09.08.2021 00:10:22.445,6.331180000000001,6.33047,1.5,1
09.08.2021 00:10:22.596,6.33114,6.33018,1.5,1.5
09.08.2021 00:10:22.647,6.33107,6.33018,1,1
09.08.2021 00:10:22.798,6.33107,6.33018,1.5,1
09.08.2021 00:10:26.029,6.33097,6.33018,1.5,1
09.08.2021 00:10:26.229,6.33097,6.33018,1.5,1
09.08.2021 00:10:27.007,6.33097,6.33018,1.5,1.5
09.08.2021 00:10:27.058,6.33097,6.33023,1.5,1
09.08.2021 00:10:27.209,6.331080000000001,6.33018,1.5,1.5
09.08.2021 00:10:28.027,6.33103,6.33017,1.5,1.12
09.08.2021 00:10:29.516,6.33102,6.33018,1.5,1.5
09.08.2021 00:10:33.739,6.33114,6.33012,1.5,1
09.08.2021 00:10:33.840,6.33097,6.3300600000000005,1.5,1
09.08.2021 00:10:34.016,6.33091,6.330100000000001,1.5,1
09.08.2021 00:10:34.234,6.33097,6.33021,1.5,1
09.08.2021 00:10:35.186,6.33098,6.330190000000001,1.5,1
09.08.2021 00:10:40.524,6.331130000000001,6.33021,1.5,1
09.08.2021 00:10:41.550,6.331130000000001,6.33022,1.5,1
09.08.2021 00:10:41.751,6.331180000000001,6.33022,1.5,1
09.08.2021 00:10:41.902,6.331180000000001,6.3304100000000005,1.5,1
09.08.2021 00:10:42.676,6.331180000000001,6.3304100000000005,1.5,1
09.08.2021 00:10:42.832,6.331130000000001,6.3304100000000005,1.5,1
09.08.2021 00:10:43.033,6.331130000000001,6.3304100000000005,1.5,1
09.08.2021 00:10:43.425,6.331130000000001,6.3304100000000005,1.5,1
09.08.2021 00:10:44.357,6.331130000000001,6.3304100000000005,1.5,1
09.08.2021 00:10:49.334,6.33114,6.3304,1.5,1
09.08.2021 00:10:53.982,6.331130000000001,6.33021,1.5,1.5
09.08.2021 00:10:55.137,6.33114,6.33022,1.5,1
09.08.2021 00:10:56.207,6.33115,6.33021,1.5,1
09.08.2021 00:10:57.441,6.331130000000001,6.33022,1.5,1
09.08.2021 00:10:58.558,6.33102,6.33021,1.5,1
09.08.2021 00:10:58.710,6.33102,6.33021,1.5,1
09.08.2021 00:11:00.270,6.33102,6.33021,1.5,1
09.08.2021 00:11:04.205,6.33103,6.3302000000000005,1.5,1
09.08.2021 00:11:04.814,6.331040000000001,6.3302000000000005,1.5,1
09.08.2021 00:11:05.398,6.331040000000001,6.3302000000000005,1.5,1
09.08.2021 00:11:05.502,6.331180000000001,6.33046,1,1.5
09.08.2021 00:11:05.703,6.33157,6.33071,1.5,1
09.08.2021 00:11:06.064,6.33157,6.3307,1.5,1.5
09.08.2021 00:11:06.646,6.331580000000001,6.3308,1.5,1
09.08.2021 00:11:07.612,6.331580000000001,6.330730000000001,1.5,1
09.08.2021 00:11:08.038,6.331580000000001,6.33071,1.5,1.5
09.08.2021 00:11:10.039,6.331580000000001,6.330730000000001,1.5,1
09.08.2021 00:11:10.645,6.331580000000001,6.33075,1.5,1
09.08.2021 00:11:14.486,6.3315,6.33061,1.5,1
09.08.2021 00:11:15.285,6.3315,6.330690000000001,1.5,1
09.08.2021 00:11:16.403,6.33151,6.33066,1.5,1
09.08.2021 00:11:22.064,6.3315,6.33067,1.5,1
09.08.2021 00:11:22.214,6.33151,6.330690000000001,1.5,1
09.08.2021 00:11:23.064,6.33151,6.330690000000001,1.5,1
09.08.2021 00:11:24.446,6.3315,6.330690000000001,1.5,1
09.08.2021 00:11:24.547,6.3315600000000005,6.330730000000001,1.5,1
09.08.2021 00:11:24.678,6.33157,6.33072,1.5,1
09.08.2021 00:11:25.683,6.3315600000000005,6.3308,1.5,1
09.08.2021 00:11:27.207,6.33168,6.3308100000000005,1.5,1
09.08.2021 00:11:27.967,6.33167,6.3308100000000005,1.5,1
09.08.2021 00:11:32.014,6.33168,6.330780000000001,1.5,1
09.08.2021 00:11:38.179,6.33167,6.33086,1.5,1
09.08.2021 00:11:39.179,6.33167,6.3308100000000005,1.5,1
09.08.2021 00:11:40.483,6.33167,6.33086,1.5,1
09.08.2021 00:11:41.483,6.33168,6.33085,1.5,1
09.08.2021 00:11:42.220,6.33173,6.3308800000000005,1.5,1
09.08.2021 00:11:42.483,6.33172,6.330900000000001,1.5,1
09.08.2021 00:11:42.615,6.33172,6.33093,1.5,1
09.08.2021 00:11:42.670,6.33178,6.33092,1.5,1.5
09.08.2021 00:11:43.209,6.33177,6.33093,1.5,1.12
09.08.2021 00:11:43.916,6.33178,6.33092,1.5,1.5
09.08.2021 00:11:44.485,6.33177,6.33096,1.5,1
09.08.2021 00:11:45.485,6.33177,6.33096,1.5,1
09.08.2021 00:11:47.444,6.33178,6.33098,1.5,1
09.08.2021 00:11:47.494,6.331830000000001,6.330990000000001,1.5,1
09.08.2021 00:11:47.645,6.331830000000001,6.331080000000001,1.5,1
09.08.2021 00:11:47.886,6.331830000000001,6.3309500000000005,1.5,1
09.08.2021 00:11:48.045,6.331840000000001,6.33096,1.5,1
09.08.2021 00:11:48.245,6.331830000000001,6.331,1.5,1
09.08.2021 00:11:48.486,6.331830000000001,6.331,1.5,1
09.08.2021 00:11:49.487,6.331830000000001,6.331,1.5,1
09.08.2021 00:11:50.116,6.331840000000001,6.33102,1.5,1
09.08.2021 00:11:55.535,6.331830000000001,6.331,1.5,1
09.08.2021 00:11:56.498,6.331830000000001,6.331,1.5,1
09.08.2021 00:11:58.043,6.331830000000001,6.33098,1.5,1
09.08.2021 00:11:58.194,6.33167,6.33094,1.5,1
09.08.2021 00:11:58.708,6.33167,6.33094,1.5,1
09.08.2021 00:11:58.993,6.33167,6.33087,1.5,1
09.08.2021 00:12:00.993,6.33177,6.3308800000000005,1.5,1
09.08.2021 00:12:05.705,6.33177,6.33092,1.5,1
09.08.2021 00:12:06.424,6.33195,6.330990000000001,1.5,1
09.08.2021 00:12:13.179,6.33194,6.33106,1.5,1
09.08.2021 00:12:13.371,6.33195,6.33105,1.5,1
09.08.2021 00:12:14.207,6.33194,6.33105,1.5,1
09.08.2021 00:12:20.402,6.33194,6.33102,1.5,1
09.08.2021 00:12:20.522,6.33194,6.33102,1.5,1
09.08.2021 00:12:21.403,6.33195,6.33103,1.5,1
09.08.2021 00:12:22.404,6.3318900000000005,6.33103,1.5,1
09.08.2021 00:12:25.982,6.3318900000000005,6.33101,1.5,1
09.08.2021 00:12:26.033,6.33194,6.33101,1.5,1
09.08.2021 00:12:26.401,6.33194,6.33101,1.5,1
09.08.2021 00:12:26.685,6.33199,6.331160000000001,1.5,1
09.08.2021 00:12:26.874,6.33199,6.331160000000001,1.5,1.5
09.08.2021 00:12:27.875,6.33199,6.331160000000001,1.5,1.5
09.08.2021 00:12:28.647,6.33199,6.331160000000001,1.5,1.5
09.08.2021 00:12:32.827,6.33199,6.331160000000001,1.5,1.5
09.08.2021 00:12:33.826,6.33199,6.331160000000001,1.5,1
09.08.2021 00:12:34.717,6.332000000000001,6.331160000000001,1.5,1.5
09.08.2021 00:12:34.805,6.332000000000001,6.331160000000001,1.5,1
09.08.2021 00:12:37.709,6.33199,6.331160000000001,1.5,1
09.08.2021 00:12:39.762,6.33199,6.331160000000001,1.5,1.5
09.08.2021 00:12:40.729,6.332000000000001,6.331160000000001,1.5,1.5
09.08.2021 00:12:40.779,6.332000000000001,6.331160000000001,1.5,1
09.08.2021 00:12:40.932,6.332000000000001,6.331160000000001,1.5,1
09.08.2021 00:12:43.110,6.33199,6.331160000000001,1.5,1
09.08.2021 00:12:44.692,6.33194,6.331040000000001,1.5,1
09.08.2021 00:12:44.742,6.33194,6.33093,1.5,1
09.08.2021 00:12:44.853,6.33192,6.33093,1.5,1
09.08.2021 00:12:45.054,6.33178,6.33089,1.5,1
09.08.2021 00:12:45.720,6.33177,6.33093,1.5,1
09.08.2021 00:12:46.387,6.33178,6.33093,1.5,1
09.08.2021 00:12:47.830,6.33177,6.33093,1.5,1
09.08.2021 00:12:48.722,6.33177,6.33093,1.5,1.5
09.08.2021 00:12:49.025,6.33177,6.33093,1.5,1.62
09.08.2021 00:12:49.249,6.33177,6.33096,1.5,1
09.08.2021 00:12:49.722,6.33177,6.33105,1.5,1
09.08.2021 00:12:50.723,6.33177,6.33105,1.5,1
09.08.2021 00:12:51.152,6.331880000000001,6.331160000000001,1.5,1
09.08.2021 00:12:51.203,6.331880000000001,6.331160000000001,1.5,1
09.08.2021 00:12:51.454,6.331880000000001,6.331160000000001,1.5,1
09.08.2021 00:12:52.014,6.3318900000000005,6.33115,1.5,1
09.08.2021 00:12:52.723,6.3318900000000005,6.331160000000001,1.5,1.5
09.08.2021 00:12:54.042,6.331880000000001,6.331160000000001,1.5,1.62
09.08.2021 00:12:54.525,6.331880000000001,6.331160000000001,1.5,1.5
09.08.2021 00:12:54.991,6.3318900000000005,6.33115,1.5,1.5
09.08.2021 00:12:55.991,6.3318900000000005,6.33115,1.5,1.5
09.08.2021 00:12:57.496,6.331880000000001,6.331160000000001,1.5,1
09.08.2021 00:12:57.643,6.3318900000000005,6.33115,1.5,1
09.08.2021 00:12:58.044,6.33194,6.331160000000001,1.5,1
09.08.2021 00:13:00.017,6.331930000000001,6.331160000000001,1.5,1
09.08.2021 00:13:00.355,6.33199,6.3311,1.5,1
09.08.2021 00:13:01.261,6.33199,6.331180000000001,1.5,1
09.08.2021 00:13:03.803,6.33204,6.33115,1.5,1
09.08.2021 00:13:04.046,6.3321000000000005,6.3312100000000004,1.5,1
09.08.2021 00:13:04.247,6.332050000000001,6.3312100000000004,1.5,1
09.08.2021 00:13:07.287,6.33204,6.3312100000000004,1.5,1
09.08.2021 00:13:10.186,6.33204,6.3312100000000004,1.5,1
09.08.2021 00:13:10.579,6.332090000000001,6.331250000000001,1.5,1
09.08.2021 00:13:11.224,6.33216,6.33126,1.5,1
09.08.2021 00:13:11.374,6.33226,6.33136,1.5,1.62
09.08.2021 00:13:11.534,6.33225,6.33138,1.5,1
09.08.2021 00:13:16.980,6.33225,6.331430000000001,1.5,1
09.08.2021 00:13:19.369,6.33225,6.331430000000001,1.5,1
09.08.2021 00:13:19.802,6.33225,6.331480000000001,1.5,1
09.08.2021 00:13:24.365,6.3323100000000005,6.331480000000001,1.5,1
09.08.2021 00:13:26.022,6.3323100000000005,6.331480000000001,1.5,1
09.08.2021 00:13:29.810,6.3323100000000005,6.33151,1.5,1
09.08.2021 00:13:30.622,6.33226,6.3315,1.5,1
09.08.2021 00:13:30.829,6.3322,6.33151,1.5,1
09.08.2021 00:13:31.933,6.33216,6.3315,1.5,1
09.08.2021 00:13:35.639,6.33215,6.33151,1.5,1
09.08.2021 00:13:37.656,6.33215,6.33151,1.5,1
09.08.2021 00:13:43.535,6.33215,6.33151,1.5,1
09.08.2021 00:13:48.283,6.33215,6.33126,1.5,1.5
09.08.2021 00:13:48.333,6.3321000000000005,6.33126,1.5,1
09.08.2021 00:13:49.024,6.3321000000000005,6.33126,1.5,1.5
09.08.2021 00:13:49.075,6.3321000000000005,6.33126,1.5,1.5
09.08.2021 00:13:49.229,6.33215,6.331300000000001,1.5,1
09.08.2021 00:13:49.478,6.33215,6.33129,1.5,1
09.08.2021 00:13:50.024,6.33215,6.33129,1.5,1
09.08.2021 00:13:52.225,6.33215,6.33129,1.5,1
09.08.2021 00:13:53.192,6.33216,6.331250000000001,1.5,1.5
09.08.2021 00:13:55.054,6.33215,6.33126,1.5,1.5
09.08.2021 00:13:56.796,6.3322,6.33126,1.5,1.5
09.08.2021 00:13:58.508,6.33226,6.33136,1.5,1
09.08.2021 00:13:59.746,6.33226,6.3314,1.5,1
09.08.2021 00:14:01.747,6.33226,6.3314,1.5,1
09.08.2021 00:14:02.748,6.33226,6.3314,1.5,1
09.08.2021 00:14:03.245,6.33227,6.33141,1.5,1
09.08.2021 00:14:04.954,6.33226,6.33142,1.5,1
09.08.2021 00:14:05.005,6.33226,6.3314,1.5,1.5
09.08.2021 00:14:05.954,6.33226,6.33147,1.5,1.5
09.08.2021 00:14:06.955,6.33227,6.33146,1.5,1.5
09.08.2021 00:14:07.956,6.33227,6.33146,1.5,1.5
09.08.2021 00:14:10.580,6.33226,6.33147,1.5,1.5
09.08.2021 00:14:13.797,6.33227,6.33146,1.5,1.62
09.08.2021 00:14:13.908,6.3323100000000005,6.33147,1.5,1.5
09.08.2021 00:14:14.797,6.3323100000000005,6.33147,1.5,1
09.08.2021 00:14:16.380,6.3323100000000005,6.33145,1.5,1
09.08.2021 00:14:19.208,6.3323100000000005,6.331480000000001,1.5,1
09.08.2021 00:14:19.878,6.3323100000000005,6.33154,1.5,1
09.08.2021 00:14:20.180,6.332380000000001,6.331530000000001,1.5,1
09.08.2021 00:14:20.281,6.332380000000001,6.33157,1.5,1
09.08.2021 00:14:21.263,6.33237,6.331580000000001,1.5,1
09.08.2021 00:14:21.739,6.33237,6.33155,1.5,1
09.08.2021 00:14:22.043,6.33237,6.33145,1.5,1
09.08.2021 00:14:22.144,6.33242,6.33145,1.5,1
09.08.2021 00:14:27.963,6.33242,6.33146,1.5,1
09.08.2021 00:14:33.796,6.33242,6.33154,1.5,1
09.08.2021 00:14:39.631,6.33242,6.33154,1.5,1
09.08.2021 00:14:39.847,6.33242,6.33152,1.5,1
09.08.2021 00:14:40.762,6.332380000000001,6.33146,1,1.5
09.08.2021 00:14:42.829,6.33237,6.33147,1.62,1.5
09.08.2021 00:14:43.774,6.33237,6.33147,1.62,1.62
09.08.2021 00:14:44.499,6.332380000000001,6.33152,1.5,1
09.08.2021 00:14:50.170,6.33236,6.33155,1.5,1
09.08.2021 00:14:50.326,6.33236,6.3314900000000005,1.5,1
09.08.2021 00:14:53.698,6.33241,6.33154,1.5,1
09.08.2021 00:14:53.799,6.33248,6.33155,1.5,1
09.08.2021 00:14:53.899,6.33247,6.3316300000000005,1.5,1.12
09.08.2021 00:14:54.029,6.33247,6.3315600000000005,1.5,1
09.08.2021 00:14:54.648,6.33248,6.33161,1.5,1
09.08.2021 00:14:55.212,6.33247,6.331580000000001,1.5,1
09.08.2021 00:14:55.430,6.33241,6.33154,1.5,1
09.08.2021 00:14:55.649,6.33241,6.331530000000001,1.5,1
09.08.2021 00:14:55.923,6.33242,6.331530000000001,1.5,1
09.08.2021 00:14:56.109,6.33242,6.331530000000001,1.5,1
09.08.2021 00:15:01.091,6.33237,6.33146,1.5,1
09.08.2021 00:15:01.368,6.33237,6.33136,1.5,1
09.08.2021 00:15:01.742,6.33237,6.33136,1.5,1
09.08.2021 00:15:06.036,6.33236,6.3315,1.5,1
09.08.2021 00:15:07.036,6.33236,6.3315,1.5,1
09.08.2021 00:15:07.185,6.33236,6.33155,1.5,1
09.08.2021 00:15:07.386,6.33242,6.33155,1.5,1
09.08.2021 00:15:07.487,6.33252,6.33173,1.5,1
09.08.2021 00:15:07.590,6.33252,6.33173,1.5,1
09.08.2021 00:15:07.899,6.33252,6.33173,1.5,1.5
09.08.2021 00:15:08.900,6.33257,6.33173,1.5,1
09.08.2021 00:15:09.900,6.33257,6.33173,1.5,1.5
09.08.2021 00:15:13.191,6.332580000000001,6.33173,1.5,1.62
09.08.2021 00:15:13.322,6.332580000000001,6.33173,1.5,1.12
09.08.2021 00:15:13.881,6.332580000000001,6.33173,1.5,1.5
09.08.2021 00:15:19.050,6.33252,6.33173,1.5,1.5
09.08.2021 00:15:20.478,6.33257,6.33173,1.5,2
09.08.2021 00:15:21.479,6.33257,6.33173,1.5,1.12
09.08.2021 00:15:24.864,6.332590000000001,6.33172,1.5,1.5
09.08.2021 00:15:26.921,6.33257,6.33173,1.5,1.12
09.08.2021 00:15:27.142,6.33252,6.33173,1.5,1.62
09.08.2021 00:15:28.482,6.33257,6.33175,1.5,1
09.08.2021 00:15:29.482,6.33257,6.33173,1.5,1.5
09.08.2021 00:15:30.482,6.33257,6.33175,1.5,1
09.08.2021 00:15:30.777,6.3326400000000005,6.331840000000001,1.5,1
09.08.2021 00:15:30.827,6.332630000000001,6.33204,1.5,1
09.08.2021 00:15:30.978,6.3326400000000005,6.3320300000000005,1.12,1
09.08.2021 00:15:31.285,6.3326400000000005,6.3320300000000005,1.5,1
09.08.2021 00:15:31.436,6.3326400000000005,6.3320300000000005,1.5,1
09.08.2021 00:15:34.409,6.332630000000001,6.33204,1,1
09.08.2021 00:15:35.346,6.332630000000001,6.33204,1.5,1
09.08.2021 00:15:35.446,6.33274,6.33204,1.5,1
09.08.2021 00:15:35.497,6.33274,6.33204,1.5,1
09.08.2021 00:15:35.866,6.33274,6.33204,1.5,1
09.08.2021 00:15:36.448,6.33274,6.33204,1.5,1
09.08.2021 00:15:40.462,6.332730000000001,6.33204,1.5,1
09.08.2021 00:15:40.614,6.332680000000001,6.33187,1.5,1
09.08.2021 00:15:40.714,6.332630000000001,6.331830000000001,1.5,1.62
09.08.2021 00:15:41.029,6.332630000000001,6.331830000000001,1.5,1
09.08.2021 00:15:41.230,6.332580000000001,6.331830000000001,1.5,1
09.08.2021 00:15:41.388,6.332590000000001,6.3318200000000004,1.5,1
09.08.2021 00:15:42.870,6.3326400000000005,6.3318200000000004,1.5,1
09.08.2021 00:15:42.921,6.332680000000001,6.331830000000001,1.5,1.5
09.08.2021 00:15:43.072,6.332680000000001,6.331930000000001,1.5,1
09.08.2021 00:15:46.890,6.33279,6.331930000000001,1.5,1
09.08.2021 00:15:47.101,6.33274,6.33186,1.5,1
09.08.2021 00:15:47.152,6.33274,6.331830000000001,1.5,1.62
09.08.2021 00:15:47.303,6.33274,6.331830000000001,1.5,1.12
09.08.2021 00:15:48.788,6.332730000000001,6.331830000000001,1.5,1.62
09.08.2021 00:15:48.939,6.33284,6.331930000000001,1.5,1
09.08.2021 00:15:48.989,6.3328500000000005,6.331980000000001,1.5,1
09.08.2021 00:15:49.841,6.33284,6.33199,1.5,1
09.08.2021 00:15:52.902,6.3328500000000005,6.33199,1.5,1
09.08.2021 00:15:54.903,6.33284,6.33199,1.5,1.5
09.08.2021 00:15:56.904,6.3328500000000005,6.331980000000001,1.5,1
09.08.2021 00:15:58.607,6.3328500000000005,6.33201,1.5,1
09.08.2021 00:15:58.790,6.3328500000000005,6.331980000000001,1.5,1.5
09.08.2021 00:15:58.905,6.33286,6.331980000000001,1.5,1
09.08.2021 00:16:00.451,6.33284,6.332050000000001,1.5,1
09.08.2021 00:16:00.552,6.33284,6.33207,1.5,1.5
09.08.2021 00:16:00.905,6.33284,6.33207,1.5,1.5
09.08.2021 00:16:01.500,6.33284,6.33207,1.5,1.5
09.08.2021 00:16:01.600,6.333,6.332230000000001,1.5,1
09.08.2021 00:16:01.701,6.33301,6.33227,1.5,1
09.08.2021 00:16:02.246,6.333060000000001,6.33227,1.5,1.5
09.08.2021 00:16:02.315,6.333060000000001,6.33227,1.5,1
09.08.2021 00:16:02.416,6.33296,6.33226,1.5,1
09.08.2021 00:16:03.043,6.33301,6.33226,1.5,1
09.08.2021 00:16:03.461,6.333060000000001,6.33227,1.5,1
09.08.2021 00:16:03.562,6.333060000000001,6.33227,1.5,1
09.08.2021 00:16:03.653,6.333060000000001,6.33227,1.5,1
09.08.2021 00:16:03.753,6.333060000000001,6.33227,1.5,1
09.08.2021 00:16:04.006,6.33301,6.33226,1.5,1
09.08.2021 00:16:04.312,6.33301,6.33227,1.5,1
09.08.2021 00:16:04.362,6.333060000000001,6.33227,1.5,1.5
09.08.2021 00:16:04.513,6.33327,6.3323,1,1
09.08.2021 00:16:04.617,6.33328,6.332400000000001,1.5,1
09.08.2021 00:16:04.668,6.33328,6.3324300000000004,1.5,1.62
09.08.2021 00:16:05.638,6.33328,6.332490000000001,1.5,1.5
09.08.2021 00:16:08.079,6.33328,6.332490000000001,1.5,1.5
09.08.2021 00:16:08.232,6.3335,6.33253,1.5,1.5
09.08.2021 00:16:08.725,6.3335,6.33262,1.5,1
09.08.2021 00:16:08.927,6.333550000000001,6.332630000000001,1.5,1.62
09.08.2021 00:16:09.321,6.333550000000001,6.33275,1.5,1
09.08.2021 00:16:10.105,6.33356,6.33274,1.5,1
09.08.2021 00:16:10.330,6.333550000000001,6.33275,1.5,1
09.08.2021 00:16:15.097,6.3335,6.33275,1.5,1
09.08.2021 00:16:15.258,6.33337,6.33275,1,1
09.08.2021 00:16:15.309,6.33337,6.332490000000001,1,1.5
09.08.2021 00:16:16.208,6.333380000000001,6.33248,1,1.5
09.08.2021 00:16:16.440,6.333380000000001,6.332490000000001,1,1.5
09.08.2021 00:16:18.444,6.3335,6.33255,1.5,1.5
09.08.2021 00:16:19.104,6.3335,6.3327,1.5,1
09.08.2021 00:16:19.303,6.3335,6.332630000000001,1.5,1.62
09.08.2021 00:16:19.727,6.33351,6.33262,1.5,1.62
09.08.2021 00:16:19.956,6.3335,6.332630000000001,1.5,1.62
09.08.2021 00:16:23.707,6.3335,6.3326400000000005,1.5,1
09.08.2021 00:16:25.124,6.3335,6.33253,1.5,1.62
09.08.2021 00:16:25.325,6.333480000000001,6.33252,1,1.62
09.08.2021 00:16:25.515,6.333550000000001,6.332630000000001,1.5,1.62
09.08.2021 00:16:25.652,6.33356,6.3327100000000005,1.5,1
09.08.2021 00:16:27.363,6.333550000000001,6.33272,1.5,1.12
09.08.2021 00:16:27.564,6.333550000000001,6.332730000000001,1.5,1
09.08.2021 00:16:27.765,6.33361,6.332730000000001,1.5,1.62
09.08.2021 00:16:28.001,6.33377,6.33284,1.62,1
09.08.2021 00:16:28.159,6.33377,6.33284,1,1
09.08.2021 00:16:28.372,6.33377,6.33284,1.62,1
09.08.2021 00:16:29.210,6.33377,6.33283,1.62,1
09.08.2021 00:16:29.412,6.33366,6.332730000000001,1.5,1.62
09.08.2021 00:16:29.844,6.33367,6.3327100000000005,1.5,1.5
09.08.2021 00:16:30.114,6.333550000000001,6.33272,1.5,1
09.08.2021 00:16:30.421,6.333550000000001,6.33272,1.5,1.5
09.08.2021 00:16:31.324,6.333550000000001,6.332730000000001,1.5,1
09.08.2021 00:16:31.742,6.333550000000001,6.33272,1.5,1.5
09.08.2021 00:16:32.562,6.333550000000001,6.3327800000000005,1.5,1
09.08.2021 00:16:32.908,6.333550000000001,6.332730000000001,1.5,1.62
09.08.2021 00:16:33.161,6.333550000000001,6.332730000000001,1,1.62
09.08.2021 00:16:33.262,6.333550000000001,6.33283,1.5,1
09.08.2021 00:16:33.468,6.3336500000000004,6.332730000000001,1.5,1.62
09.08.2021 00:16:33.596,6.33366,6.33272,1.5,1.62
09.08.2021 00:16:33.805,6.3337,6.33283,1.5,1.62
09.08.2021 00:16:35.696,6.33382,6.33282,1.5,1.62
09.08.2021 00:16:37.363,6.33382,6.33283,1.5,1
09.08.2021 00:16:39.208,6.333830000000001,6.33282,1.5,1
09.08.2021 00:16:39.481,6.333830000000001,6.33282,1.5,1
09.08.2021 00:16:39.689,6.33367,6.332730000000001,1,1.62
09.08.2021 00:16:39.913,6.33368,6.33272,1,1.62
09.08.2021 00:16:40.984,6.33371,6.33282,1.5,1.62
09.08.2021 00:16:42.993,6.33377,6.33282,1.5,1.62
09.08.2021 00:16:43.361,6.33371,6.33283,1.5,1
09.08.2021 00:16:43.588,6.33371,6.33283,1.5,1.62
09.08.2021 00:16:43.850,6.33371,6.3329,1.5,1
09.08.2021 00:16:44.795,6.33376,6.33293,1.5,1.62
09.08.2021 00:16:45.888,6.33376,6.33293,1.5,1.5
09.08.2021 00:16:46.089,6.33376,6.33283,1.5,1.62
09.08.2021 00:16:46.761,6.33377,6.33291,1.5,1
09.08.2021 00:16:46.928,6.3337,6.33283,1.5,1.62
09.08.2021 00:16:47.029,6.3337,6.33293,1.5,1
09.08.2021 00:16:48.205,6.3337,6.33293,1.5,1
09.08.2021 00:16:48.707,6.33371,6.33282,1.5,1.62
09.08.2021 00:16:48.882,6.33377,6.33282,1.5,1.62
09.08.2021 00:16:49.066,6.33377,6.33282,1.5,1.62
09.08.2021 00:16:49.543,6.33376,6.33292,1.5,1
09.08.2021 00:16:50.565,6.33376,6.33283,1.5,1.62
09.08.2021 00:16:50.977,6.33376,6.33292,1.5,1
09.08.2021 00:16:52.064,6.3337,6.33288,1.5,1
09.08.2021 00:16:52.115,6.3337,6.33283,1.5,1.62
09.08.2021 00:16:52.266,6.3337,6.33283,1.5,1
09.08.2021 00:16:52.423,6.3337,6.33283,1.5,1
09.08.2021 00:16:52.646,6.33371,6.33282,1.5,1.62
09.08.2021 00:16:53.759,6.3337,6.3329,1.5,1
09.08.2021 00:16:54.146,6.33376,6.33293,1.5,1.62
09.08.2021 00:16:54.680,6.33377,6.332940000000001,1.5,1
09.08.2021 00:16:54.883,6.33376,6.33295,1.5,1
09.08.2021 00:16:55.118,6.33371,6.33293,1.5,1
09.08.2021 00:16:55.290,6.33371,6.33283,1.5,1
09.08.2021 00:16:56.731,6.33371,6.33282,1.5,1
09.08.2021 00:16:57.409,6.3337,6.33288,1.5,1
09.08.2021 00:16:57.611,6.3337,6.33292,1.5,1
09.08.2021 00:16:58.103,6.33377,6.33292,1.5,1.62
09.08.2021 00:16:58.256,6.33376,6.33293,1.5,2.37
09.08.2021 00:16:59.386,6.33376,6.33293,1.5,1.12
09.08.2021 00:16:59.587,6.33376,6.33293,1.5,1
09.08.2021 00:16:59.788,6.33376,6.33293,1.5,1
09.08.2021 00:17:00.081,6.33376,6.33293,1.5,1.12
09.08.2021 00:17:00.514,6.3337,6.33293,1.5,1
09.08.2021 00:17:00.779,6.33376,6.33293,1.5,1.62
09.08.2021 00:17:02.545,6.33376,6.33293,1.5,1.12
09.08.2021 00:17:02.859,6.33376,6.33293,1.5,1.62
09.08.2021 00:17:03.049,6.33377,6.33292,1.5,1.12
09.08.2021 00:17:05.408,6.33376,6.33293,1.5,1
09.08.2021 00:17:07.644,6.33387,6.33295,1.62,1
09.08.2021 00:17:07.695,6.33387,6.332980000000001,1.62,1
09.08.2021 00:17:08.630,6.333880000000001,6.33301,1.5,1
09.08.2021 00:17:08.848,6.33387,6.332980000000001,1.5,1
09.08.2021 00:17:09.417,6.33387,6.33302,1.5,1
09.08.2021 00:17:10.125,6.33387,6.332980000000001,1.62,1
09.08.2021 00:17:10.631,6.33387,6.332980000000001,1.62,1
09.08.2021 00:17:10.704,6.33387,6.333,1.62,1
09.08.2021 00:17:11.062,6.33387,6.33301,1.62,1
09.08.2021 00:17:14.818,6.333880000000001,6.332980000000001,1.62,1
09.08.2021 00:17:14.999,6.33387,6.333,1.62,1
09.08.2021 00:17:15.633,6.33387,6.333030000000001,1.5,1.5
09.08.2021 00:17:16.573,6.33387,6.33297,1.62,1
09.08.2021 00:17:16.674,6.33387,6.33293,1.62,1.62
09.08.2021 00:17:16.898,6.33387,6.33293,1.62,1.62
09.08.2021 00:17:17.098,6.33387,6.33293,1.62,1.62
09.08.2021 00:17:22.875,6.33387,6.33293,1.62,1
09.08.2021 00:17:26.292,6.33387,6.33293,1.62,1.5
09.08.2021 00:17:26.477,6.33387,6.332940000000001,1.62,1
09.08.2021 00:17:29.243,6.33387,6.33296,1.62,1
09.08.2021 00:17:29.768,6.33387,6.332980000000001,1.5,1
09.08.2021 00:17:30.062,6.33377,6.33293,1.5,1.5
09.08.2021 00:17:30.243,6.333780000000001,6.33292,1.62,1
09.08.2021 00:17:33.889,6.33377,6.33293,1.62,1
09.08.2021 00:17:34.431,6.33371,6.33293,1.5,1.12
09.08.2021 00:17:34.562,6.33372,6.33292,1.5,1.12
09.08.2021 00:17:34.764,6.33371,6.33293,1.5,1
09.08.2021 00:17:34.964,6.33376,6.33293,1.5,1.5
09.08.2021 00:17:35.246,6.33377,6.33292,1.5,2
09.08.2021 00:17:35.455,6.33376,6.33297,1.5,1
09.08.2021 00:17:35.556,6.33377,6.33302,1,1
09.08.2021 00:17:35.757,6.33392,6.333030000000001,1.5,1.12
09.08.2021 00:17:36.006,6.3339300000000005,6.33302,1.5,1.62
09.08.2021 00:17:36.149,6.3339300000000005,6.33302,1.5,1.5
09.08.2021 00:17:36.501,6.33387,6.333030000000001,1.5,1.5
09.08.2021 00:17:37.247,6.333880000000001,6.33302,1.5,1.12
09.08.2021 00:17:38.247,6.33387,6.333030000000001,1.5,1.5
09.08.2021 00:17:39.248,6.33387,6.333030000000001,1.5,1.12
09.08.2021 00:17:43.677,6.33387,6.33297,1.62,1
09.08.2021 00:17:44.383,6.33377,6.33293,1,1.5
09.08.2021 00:17:45.098,6.33377,6.33287,1.5,1
09.08.2021 00:17:45.300,6.3336500000000004,6.33283,1.5,1
09.08.2021 00:17:45.401,6.33366,6.33272,1.5,1.62
09.08.2021 00:17:46.355,6.3336500000000004,6.33283,1.5,1.12
09.08.2021 00:17:46.557,6.33371,6.33283,1.5,1.62
09.08.2021 00:17:48.386,6.33371,6.33286,1.5,1
09.08.2021 00:17:49.167,6.33371,6.33288,1.5,1
09.08.2021 00:17:49.953,6.33371,6.332890000000001,1.5,1
09.08.2021 00:17:50.083,6.33371,6.33288,1.5,1
09.08.2021 00:17:50.782,6.33371,6.33292,1.5,1
09.08.2021 00:17:52.205,6.33371,6.33287,1.5,1
09.08.2021 00:17:52.815,6.33372,6.33291,1.5,1
09.08.2021 00:17:53.723,6.33371,6.33287,1.5,1
09.08.2021 00:17:55.234,6.33371,6.33287,1.5,1
09.08.2021 00:17:55.541,6.33371,6.33284,1.5,1
09.08.2021 00:17:55.760,6.33371,6.3328500000000005,1.5,1
09.08.2021 00:17:55.941,6.33371,6.3328500000000005,1.5,1
09.08.2021 00:17:56.734,6.33371,6.33284,1.5,1
09.08.2021 00:17:56.971,6.33367,6.33283,1,1
09.08.2021 00:17:57.137,6.33367,6.33283,1,1
09.08.2021 00:17:57.389,6.33367,6.33283,1,1
09.08.2021 00:17:57.500,6.33367,6.33282,1,1
09.08.2021 00:17:57.724,6.33367,6.33283,1,1.62
09.08.2021 00:17:58.478,6.33372,6.33282,1.5,1.5
09.08.2021 00:17:58.579,6.33371,6.33293,1.5,1
09.08.2021 00:17:58.680,6.33371,6.33293,1.5,1
09.08.2021 00:17:59.816,6.33372,6.33292,1.5,1
09.08.2021 00:18:01.553,6.33371,6.33293,1.5,1
09.08.2021 00:18:01.744,6.33372,6.33292,1.5,1
09.08.2021 00:18:04.047,6.33344,6.33293,1.5,1
09.08.2021 00:18:04.098,6.33344,6.33269,1.5,1
09.08.2021 00:18:04.199,6.333550000000001,6.33269,1.5,1.5
09.08.2021 00:18:04.249,6.333550000000001,6.33276,1.5,1
09.08.2021 00:18:04.350,6.33367,6.332730000000001,1,1.62
09.08.2021 00:18:04.400,6.33367,6.33276,1,1
09.08.2021 00:18:04.451,6.33368,6.33282,1,1.12
09.08.2021 00:18:04.613,6.33371,6.33283,1.5,1.62
09.08.2021 00:18:04.663,6.33372,6.33287,1.5,1
09.08.2021 00:18:05.578,6.33372,6.33287,1.5,1
09.08.2021 00:18:05.843,6.33376,6.33293,1.5,1.5
09.08.2021 00:18:05.953,6.33376,6.33293,1.5,1.12
09.08.2021 00:18:06.578,6.33376,6.33293,1.5,1.62
09.08.2021 00:18:06.629,6.33376,6.33296,1.5,1
09.08.2021 00:18:07.285,6.33382,6.332980000000001,1.5,1
09.08.2021 00:18:07.444,6.33382,6.33295,1.5,1
09.08.2021 00:18:07.578,6.33382,6.33295,1.5,1
09.08.2021 00:18:08.838,6.33381,6.33295,1.5,1
09.08.2021 00:18:10.838,6.33377,6.33295,1,1
09.08.2021 00:18:11.491,6.33382,6.33292,1.5,1.62
09.08.2021 00:18:11.696,6.333880000000001,6.33302,1.62,1
09.08.2021 00:18:11.839,6.33387,6.333030000000001,1.62,1
09.08.2021 00:18:12.840,6.33381,6.33297,1.5,1
09.08.2021 00:18:13.013,6.33382,6.33297,1.5,1
09.08.2021 00:18:13.194,6.33382,6.33297,1.5,1
09.08.2021 00:18:13.840,6.333830000000001,6.33297,1.5,1
09.08.2021 00:18:16.171,6.33387,6.33295,1.62,1
09.08.2021 00:18:16.843,6.333880000000001,6.332940000000001,1.62,1
09.08.2021 00:18:17.843,6.333880000000001,6.332940000000001,1.5,1
09.08.2021 00:18:18.923,6.33387,6.33296,1,1
09.08.2021 00:18:19.784,6.33387,6.33296,1,1
09.08.2021 00:18:19.835,6.333830000000001,6.33292,1.5,1
09.08.2021 00:18:20.745,6.33372,6.33286,1.5,1
09.08.2021 00:18:20.796,6.33372,6.33284,1.5,1
09.08.2021 00:18:22.437,6.33371,6.33288,1.5,1
09.08.2021 00:18:22.639,6.33371,6.3328500000000005,1.5,1
09.08.2021 00:18:24.722,6.33371,6.33284,1.5,1
09.08.2021 00:18:27.158,6.33366,6.33282,1.5,1
09.08.2021 00:18:27.901,6.33371,6.33283,1.5,1.62
09.08.2021 00:18:28.158,6.33371,6.33287,1.5,1
09.08.2021 00:18:29.209,6.33371,6.33284,1.5,1
09.08.2021 00:18:32.160,6.33371,6.3327800000000005,1.5,1
09.08.2021 00:18:35.327,6.33371,6.33283,1.5,1
09.08.2021 00:18:35.528,6.33371,6.33283,1.5,1
09.08.2021 00:18:35.809,6.33371,6.33283,1.5,1.62
09.08.2021 00:18:35.877,6.33372,6.3328500000000005,1.5,1
09.08.2021 00:18:38.909,6.33371,6.33283,1.5,1.62
09.08.2021 00:18:39.364,6.33349,6.33279,1.5,1
09.08.2021 00:18:39.414,6.33349,6.332730000000001,1.5,1
09.08.2021 00:18:39.515,6.33368,6.33272,1,1
09.08.2021 00:18:39.615,6.33367,6.33275,1,1
09.08.2021 00:18:39.666,6.33357,6.33283,1,1
09.08.2021 00:18:39.766,6.33377,6.33283,1,1.12
09.08.2021 00:18:39.928,6.33377,6.33283,1,1.62
09.08.2021 00:18:39.978,6.33377,6.33288,1,1
09.08.2021 00:18:40.292,6.333880000000001,6.33283,1.5,1.5
09.08.2021 00:18:40.487,6.333880000000001,6.33288,1.5,1
09.08.2021 00:18:41.120,6.33377,6.33293,1,1
09.08.2021 00:18:41.329,6.33377,6.33288,1,1
09.08.2021 00:18:41.487,6.33377,6.33288,1,1
09.08.2021 00:18:42.488,6.33371,6.33288,1.5,1
09.08.2021 00:18:44.106,6.3336500000000004,6.3328500000000005,1.5,1
09.08.2021 00:18:44.276,6.33371,6.33288,1.5,1
09.08.2021 00:18:45.004,6.33371,6.33291,1.5,1
09.08.2021 00:18:45.490,6.33372,6.33292,1.5,1
09.08.2021 00:18:46.909,6.33371,6.33293,1.5,1
09.08.2021 00:18:47.112,6.33372,6.33293,1.5,1
09.08.2021 00:18:49.094,6.33371,6.33293,1.5,1
09.08.2021 00:18:50.094,6.33371,6.33283,1.5,1
09.08.2021 00:18:52.835,6.33371,6.33283,1.5,1
09.08.2021 00:18:53.454,6.33371,6.33288,1.5,1
09.08.2021 00:18:54.500,6.33376,6.33293,1.5,1
09.08.2021 00:18:54.665,6.33376,6.33293,1.5,1
09.08.2021 00:18:54.855,6.33371,6.33293,1.5,1
09.08.2021 00:18:55.760,6.33371,6.33291,1.5,1
09.08.2021 00:18:56.960,6.33371,6.33291,1.5,1.5
09.08.2021 00:18:58.430,6.33372,6.3329,1.5,1.5
09.08.2021 00:19:00.335,6.33372,6.3329,1.5,1.5
09.08.2021 00:19:02.854,6.333600000000001,6.33267,1.5,1.5
09.08.2021 00:19:02.905,6.33358,6.33266,1,1
09.08.2021 00:19:03.056,6.33347,6.33267,1,1
09.08.2021 00:19:03.869,6.33347,6.332540000000001,1,1
09.08.2021 00:19:04.413,6.33344,6.332540000000001,1.5,1
09.08.2021 00:19:05.797,6.33344,6.332630000000001,1.5,1
09.08.2021 00:19:05.900,6.33344,6.332730000000001,1.5,1
09.08.2021 00:19:06.105,6.33345,6.33274,1,1
09.08.2021 00:19:06.397,6.33345,6.33274,1.12,1
09.08.2021 00:19:06.566,6.33344,6.33275,1,1
09.08.2021 00:19:06.742,6.33345,6.33274,1,1
09.08.2021 00:19:06.887,6.33366,6.332800000000001,1.5,1
09.08.2021 00:19:06.937,6.33366,6.33283,1.5,1
09.08.2021 00:19:07.798,6.33366,6.33283,1.5,1.5
09.08.2021 00:19:08.799,6.33366,6.33283,1.5,1.5
09.08.2021 00:19:10.014,6.33366,6.33283,1.5,1
09.08.2021 00:19:10.217,6.33366,6.33283,1.5,1
09.08.2021 00:19:13.097,6.33366,6.33284,1.5,1
09.08.2021 00:19:19.747,6.33366,6.33287,1.5,1
09.08.2021 00:19:19.950,6.33366,6.33284,1.5,1
09.08.2021 00:19:24.842,6.33366,6.33284,1.5,1
09.08.2021 00:19:25.585,6.33366,6.33287,1.5,1
09.08.2021 00:19:25.788,6.33366,6.33284,1.5,1
09.08.2021 00:19:27.612,6.33366,6.33284,1.5,1
09.08.2021 00:19:27.713,6.333550000000001,6.33279,1.5,1
09.08.2021 00:19:27.864,6.33344,6.33277,1.5,1
09.08.2021 00:19:28.070,6.33344,6.33256,1.5,1
09.08.2021 00:19:28.172,6.333330000000001,6.33253,1.5,1.5
09.08.2021 00:19:29.071,6.333340000000001,6.33252,1.5,1
09.08.2021 00:19:29.824,6.333290000000001,6.332450000000001,1.5,1
09.08.2021 00:19:30.026,6.33328,6.33251,1.5,1
09.08.2021 00:19:30.221,6.333290000000001,6.33251,1.5,1
09.08.2021 00:19:30.589,6.33328,6.33253,1.5,1
09.08.2021 00:19:30.836,6.33328,6.3325000000000005,1.5,1
09.08.2021 00:19:31.071,6.33328,6.33253,1.5,1
09.08.2021 00:19:31.287,6.33328,6.33247,1.5,1.5
09.08.2021 00:19:31.338,6.33328,6.33253,1.5,1
09.08.2021 00:19:31.539,6.333290000000001,6.33252,1.5,1
09.08.2021 00:19:32.071,6.33328,6.33253,1.5,1
09.08.2021 00:19:33.072,6.33328,6.33253,1.5,1
09.08.2021 00:19:36.792,6.33328,6.332450000000001,1.5,1.62
09.08.2021 00:19:37.201,6.33328,6.33248,1.5,1
09.08.2021 00:19:37.404,6.33328,6.332450000000001,1.5,1.5
09.08.2021 00:19:38.221,6.33328,6.332450000000001,1.5,1.5
09.08.2021 00:19:38.707,6.33328,6.332450000000001,1.5,1.5
09.08.2021 00:19:40.221,6.33328,6.332450000000001,1.5,1.5
09.08.2021 00:19:42.948,6.333290000000001,6.33244,1.5,1.62
09.08.2021 00:19:43.052,6.333290000000001,6.33244,1.5,1.62
09.08.2021 00:19:43.149,6.33328,6.332450000000001,1.5,1.5
09.08.2021 00:19:46.143,6.33328,6.3324300000000004,1.5,1
09.08.2021 00:19:46.244,6.33323,6.33234,1.5,1.5
09.08.2021 00:19:46.408,6.33317,6.33234,1.62,1
09.08.2021 00:19:46.509,6.33317,6.33234,1.62,1
09.08.2021 00:19:46.903,6.3331800000000005,6.33226,1.62,1
09.08.2021 00:19:48.786,6.33317,6.332230000000001,1.62,2
09.08.2021 00:19:48.903,6.33317,6.332280000000001,1.62,1
09.08.2021 00:19:49.904,6.3331800000000005,6.33227,1.62,1
09.08.2021 00:19:50.905,6.33317,6.332280000000001,1.62,1
09.08.2021 00:19:51.906,6.33317,6.332280000000001,1.62,1
09.08.2021 00:19:52.906,6.3331800000000005,6.33227,1.62,1
09.08.2021 00:19:54.175,6.33317,6.332330000000001,1.5,1.5
09.08.2021 00:19:54.350,6.33317,6.332330000000001,1.62,1
09.08.2021 00:19:54.622,6.3331800000000005,6.33232,1.62,1
09.08.2021 00:19:54.937,6.33317,6.33234,1.62,1
09.08.2021 00:19:55.803,6.33317,6.332280000000001,1.62,1
09.08.2021 00:19:55.952,6.33307,6.3322400000000005,1,1.5
09.08.2021 00:19:57.255,6.33307,6.33221,1.5,1
09.08.2021 00:19:57.424,6.333080000000001,6.33217,1.5,1
09.08.2021 00:19:57.607,6.33307,6.33215,1.5,1
09.08.2021 00:19:57.808,6.33307,6.332180000000001,1.5,1
09.08.2021 00:19:57.983,6.33307,6.332140000000001,1.62,1.62
09.08.2021 00:19:58.034,6.33307,6.332140000000001,1.62,1.62
09.08.2021 00:19:58.635,6.33296,6.33213,1.5,1
09.08.2021 00:19:58.941,6.33287,6.33212,1,1
09.08.2021 00:19:59.042,6.3328500000000005,6.33206,1.5,1
09.08.2021 00:19:59.940,6.3328500000000005,6.33206,1.5,1
09.08.2021 00:20:01.331,6.3328500000000005,6.3320300000000005,1.5,1.5
09.08.2021 00:20:01.572,6.332800000000001,6.332000000000001,1.5,1.5
09.08.2021 00:20:01.783,6.33274,6.332000000000001,1.5,1
09.08.2021 00:20:01.941,6.33274,6.33187,1.5,1.5
09.08.2021 00:20:02.447,6.33281,6.33197,1.5,1
09.08.2021 00:20:02.547,6.3328500000000005,6.33199,1.5,1
09.08.2021 00:20:02.610,6.3328500000000005,6.33201,1.5,1
09.08.2021 00:20:03.291,6.3328500000000005,6.33201,1.5,1
09.08.2021 00:20:03.494,6.3328500000000005,6.33201,1.5,1.5
09.08.2021 00:20:04.612,6.3328500000000005,6.33201,1.5,1
09.08.2021 00:20:04.943,6.3328500000000005,6.33201,1.5,1
09.08.2021 00:20:05.247,6.3328500000000005,6.33199,1.5,1
09.08.2021 00:20:05.985,6.33286,6.33202,1.5,1
09.08.2021 00:20:07.943,6.3328500000000005,6.33199,1.5,1
09.08.2021 00:20:08.944,6.332800000000001,6.3319600000000005,1.5,1
09.08.2021 00:20:09.765,6.33279,6.33197,1.5,1
09.08.2021 00:20:09.945,6.332800000000001,6.33201,1.5,1
09.08.2021 00:20:11.047,6.332800000000001,6.33204,1.5,1
09.08.2021 00:20:11.945,6.332800000000001,6.3320300000000005,1.5,1
09.08.2021 00:20:16.795,6.332800000000001,6.33202,1.5,1
09.08.2021 00:20:17.019,6.33274,6.331930000000001,1.5,1
09.08.2021 00:20:17.221,6.332630000000001,6.331910000000001,1.5,1
09.08.2021 00:20:17.517,6.332630000000001,6.33181,1.5,1
09.08.2021 00:20:17.724,6.332630000000001,6.3318,1.5,1
09.08.2021 00:20:17.775,6.3326400000000005,6.33176,1.5,1
09.08.2021 00:20:18.525,6.332630000000001,6.33181,1.5,1
09.08.2021 00:20:20.157,6.3326400000000005,6.331790000000001,1.5,1
09.08.2021 00:20:21.082,6.332590000000001,6.33178,1.5,1
09.08.2021 00:20:21.182,6.33257,6.33177,1,1
09.08.2021 00:20:21.501,6.33257,6.33175,1,1.5
09.08.2021 00:20:22.158,6.33257,6.33175,1,1.12
09.08.2021 00:20:23.158,6.332580000000001,6.331740000000001,1,1.5
09.08.2021 00:20:27.770,6.332590000000001,6.331740000000001,1.5,1.5
09.08.2021 00:20:28.388,6.332580000000001,6.33177,1.5,1
09.08.2021 00:20:28.590,6.332580000000001,6.33175,1.5,1.5
09.08.2021 00:20:30.009,6.332580000000001,6.33175,1.5,1.5
09.08.2021 00:20:31.010,6.332580000000001,6.33175,1.5,1.5
09.08.2021 00:20:32.011,6.332580000000001,6.33175,1.5,1.5
09.08.2021 00:20:34.222,6.332590000000001,6.33175,1.5,1
09.08.2021 00:20:35.011,6.332580000000001,6.33176,1.5,1
09.08.2021 00:20:39.949,6.332580000000001,6.33173,1.5,1.5
09.08.2021 00:20:40.152,6.332580000000001,6.33175,1.5,1
09.08.2021 00:20:41.015,6.332580000000001,6.33175,1.5,1
09.08.2021 00:20:45.016,6.332580000000001,6.33175,1.5,1
09.08.2021 00:20:46.055,6.332580000000001,6.33175,1.5,1
09.08.2021 00:20:47.055,6.332580000000001,6.33175,1.5,1
09.08.2021 00:20:48.056,6.332580000000001,6.33175,1.5,1.62
09.08.2021 00:20:49.317,6.332580000000001,6.33175,1.5,1.62
09.08.2021 00:20:53.218,6.33257,6.33175,1.5,1.62
09.08.2021 00:20:54.225,6.33257,6.33175,1.5,1.62
09.08.2021 00:20:58.542,6.332590000000001,6.331740000000001,1.5,1.62
09.08.2021 00:20:58.592,6.33253,6.33173,1.5,1
09.08.2021 00:20:58.794,6.33236,6.331650000000001,1.5,1
09.08.2021 00:20:59.014,6.3323,6.331650000000001,1.5,1
09.08.2021 00:20:59.287,6.3323,6.33154,1.5,1
09.08.2021 00:20:59.550,6.33227,6.3314900000000005,1,1
09.08.2021 00:21:00.287,6.3323,6.3314900000000005,1.5,1
09.08.2021 00:21:01.288,6.3323100000000005,6.3314900000000005,1.5,1
09.08.2021 00:21:03.289,6.3323,6.3314900000000005,1.5,1
09.08.2021 00:21:04.290,6.3323,6.3314900000000005,1.5,1
09.08.2021 00:21:06.290,6.3323,6.3314900000000005,1.5,1
09.08.2021 00:21:07.096,6.3323100000000005,6.331480000000001,1.5,1.5
09.08.2021 00:21:07.271,6.3323100000000005,6.331480000000001,1.5,1.62
09.08.2021 00:21:07.322,6.33232,6.33147,1.5,1.62
09.08.2021 00:21:08.331,6.3323100000000005,6.33147,1.5,1.62
09.08.2021 00:21:09.292,6.3323,6.331480000000001,1.5,1.62
09.08.2021 00:21:10.292,6.3323,6.331480000000001,1.5,1.5
09.08.2021 00:21:12.961,6.3323100000000005,6.331480000000001,1.5,1.62
09.08.2021 00:21:13.293,6.3323100000000005,6.3314900000000005,1.5,1
09.08.2021 00:21:14.657,6.3323,6.33151,1.5,1
09.08.2021 00:21:14.809,6.33246,6.3316300000000005,1.5,1
09.08.2021 00:21:14.910,6.33247,6.33172,1.5,1.5
09.08.2021 00:21:15.912,6.33247,6.33172,1.5,1.12
09.08.2021 00:21:18.034,6.33246,6.33173,1.5,1.5
09.08.2021 00:21:18.085,6.33246,6.33176,1.5,1
09.08.2021 00:21:18.262,6.33246,6.33173,1.5,1.5
09.08.2021 00:21:18.891,6.33253,6.33173,1.5,1
09.08.2021 00:21:19.034,6.33253,6.33173,1.5,1
09.08.2021 00:21:22.573,6.33253,6.33172,1.5,1
09.08.2021 00:21:23.573,6.33252,6.33173,1.5,1
09.08.2021 00:21:24.599,6.33253,6.33173,1.5,1.5
09.08.2021 00:21:26.386,6.33253,6.33172,1.5,1.5
09.08.2021 00:21:27.386,6.33252,6.33173,1.5,1.5
09.08.2021 00:21:27.945,6.33246,6.33164,1.5,1
09.08.2021 00:21:28.411,6.33252,6.33164,1.5,1
09.08.2021 00:21:30.388,6.33252,6.33164,1.5,1
09.08.2021 00:21:31.557,6.33252,6.33168,1.5,1
09.08.2021 00:21:32.521,6.33252,6.33168,1.5,1
09.08.2021 00:21:32.572,6.33252,6.33164,1.5,1
09.08.2021 00:21:32.723,6.3323100000000005,6.3316300000000005,1,1
09.08.2021 00:21:33.152,6.3323,6.3316,1.5,1
09.08.2021 00:21:33.409,6.3323,6.33152,1.5,1
09.08.2021 00:21:34.404,6.3323,6.33152,1.5,1
09.08.2021 00:21:35.092,6.3323,6.3314900000000005,1.5,1
09.08.2021 00:21:35.295,6.33232,6.3314900000000005,1.5,1
09.08.2021 00:21:36.186,6.33227,6.33147,1.5,1.5
09.08.2021 00:21:36.347,6.33226,6.331480000000001,1.5,1.5
09.08.2021 00:21:36.925,6.33225,6.331480000000001,1.5,1
09.08.2021 00:21:37.306,6.33225,6.331480000000001,1.5,1
09.08.2021 00:21:37.926,6.33225,6.331480000000001,1.5,1.5
09.08.2021 00:21:40.963,6.33226,6.331480000000001,1.5,1
09.08.2021 00:21:41.849,6.33226,6.331480000000001,1.5,1
09.08.2021 00:21:42.096,6.3323100000000005,6.33151,1.5,1
09.08.2021 00:21:42.848,6.33236,6.331530000000001,1.5,1.62
09.08.2021 00:21:43.708,6.33237,6.33152,1.5,2
09.08.2021 00:21:46.558,6.33241,6.3316,1.5,1
09.08.2021 00:21:46.724,6.33241,6.3316,1.5,1
09.08.2021 00:21:46.913,6.33242,6.3316,1.5,1
09.08.2021 00:21:47.507,6.3324300000000004,6.33162,1.5,1
09.08.2021 00:21:49.082,6.33236,6.3316300000000005,1.5,1
09.08.2021 00:21:49.283,6.33236,6.33155,1.5,1
09.08.2021 00:21:49.509,6.33236,6.33151,1.5,1
09.08.2021 00:21:50.509,6.33237,6.3315,1.5,1
09.08.2021 00:21:51.459,6.33241,6.3316300000000005,1.5,1.12
09.08.2021 00:21:51.584,6.33242,6.3317000000000005,1.5,1
09.08.2021 00:21:51.810,6.33257,6.33173,1.62,1.12
09.08.2021 00:21:52.558,6.33253,6.33175,1.5,1
09.08.2021 00:21:58.179,6.33257,6.33173,1.62,1
09.08.2021 00:21:58.380,6.33257,6.33175,1,1
09.08.2021 00:21:58.582,6.33257,6.33173,1,1
09.08.2021 00:21:59.093,6.332580000000001,6.33173,1.5,1
09.08.2021 00:21:59.208,6.332580000000001,6.33175,1.5,1
09.08.2021 00:22:00.043,6.33257,6.33175,1.62,1
09.08.2021 00:22:02.179,6.33257,6.33175,1.62,1
09.08.2021 00:22:03.178,6.332580000000001,6.331740000000001,1.62,1
09.08.2021 00:22:04.178,6.33257,6.33175,1.62,1
09.08.2021 00:22:04.228,6.33257,6.33177,1,1
09.08.2021 00:22:05.178,6.33257,6.33177,1,1
09.08.2021 00:22:09.180,6.33257,6.33177,1.62,1
09.08.2021 00:22:09.897,6.33257,6.331740000000001,1.62,1
09.08.2021 00:22:10.099,6.33257,6.33175,1,1
09.08.2021 00:22:10.314,6.33257,6.33178,1,1
09.08.2021 00:22:11.230,6.33257,6.33178,1.5,1
09.08.2021 00:22:11.788,6.33257,6.33175,1.62,1
09.08.2021 00:22:12.181,6.33257,6.33175,1.62,1
09.08.2021 00:22:13.094,6.33252,6.33173,1.5,1.5
09.08.2021 00:22:13.745,6.33252,6.33173,1.5,1
09.08.2021 00:22:16.621,6.33252,6.33173,1.5,1.5
09.08.2021 00:22:17.023,6.33253,6.33169,1.5,1
09.08.2021 00:22:17.264,6.33252,6.33173,1.5,1.5
09.08.2021 00:22:17.622,6.33252,6.33173,1.5,1.5
09.08.2021 00:22:19.726,6.33253,6.33176,1.5,1
09.08.2021 00:22:21.624,6.33252,6.33175,1.5,1
09.08.2021 00:22:22.260,6.33246,6.33166,1.5,1
09.08.2021 00:22:22.310,6.33246,6.331530000000001,1.5,1
09.08.2021 00:22:22.361,6.3323,6.331530000000001,1,1
09.08.2021 00:22:22.461,6.3323,6.3314900000000005,1.5,1
09.08.2021 00:22:23.286,6.3323,6.3315,1.5,1
09.08.2021 00:22:24.522,6.3323,6.33152,1.5,1
09.08.2021 00:22:25.287,6.33237,6.33152,1.5,1
09.08.2021 00:22:25.550,6.33236,6.33151,1.5,1
09.08.2021 00:22:26.306,6.3323100000000005,6.33151,1.5,1
09.08.2021 00:22:28.120,6.3323100000000005,6.331430000000001,1.5,1
09.08.2021 00:22:28.316,6.33226,6.331430000000001,1.5,1
09.08.2021 00:22:28.523,6.33226,6.33146,1.5,1
09.08.2021 00:22:28.810,6.3323,6.331480000000001,1.5,1
09.08.2021 00:22:29.289,6.33237,6.3314900000000005,1.5,1
09.08.2021 00:22:30.290,6.33236,6.3315,1.5,1
09.08.2021 00:22:31.340,6.33236,6.33152,1.5,1
09.08.2021 00:22:32.676,6.332380000000001,6.33154,1,1
09.08.2021 00:22:32.873,6.33242,6.33159,1.5,1
09.08.2021 00:22:33.626,6.33241,6.3316300000000005,1.5,1
09.08.2021 00:22:35.627,6.33241,6.3316300000000005,1.5,1
09.08.2021 00:22:36.627,6.33241,6.3316300000000005,1.5,1
09.08.2021 00:22:36.965,6.33241,6.3316300000000005,1.5,1
09.08.2021 00:22:37.179,6.3324300000000004,6.33162,1.5,1
09.08.2021 00:22:37.367,6.33242,6.3316300000000005,1.5,1
09.08.2021 00:22:37.627,6.33242,6.3316300000000005,1.5,1
09.08.2021 00:22:39.693,6.33242,6.33162,1.5,1
09.08.2021 00:22:39.743,6.33246,6.3316300000000005,1.5,1.62
09.08.2021 00:22:39.894,6.33246,6.33168,1.5,1
09.08.2021 00:22:39.944,6.33246,6.33171,1.5,1
09.08.2021 00:22:40.692,6.33246,6.33173,1.5,1
09.08.2021 00:22:42.012,6.33246,6.33173,1.5,1
09.08.2021 00:22:42.945,6.33253,6.33175,1.5,1
09.08.2021 00:22:43.012,6.33253,6.33175,1.5,1
09.08.2021 00:22:43.131,6.33253,6.33172,1.5,1
09.08.2021 00:22:44.012,6.33253,6.33172,1.5,1
09.08.2021 00:22:45.709,6.33247,6.33166,1.5,1
09.08.2021 00:22:45.810,6.33236,6.33166,1.5,1
09.08.2021 00:22:45.940,6.33236,6.33166,1.5,1
09.08.2021 00:22:46.306,6.33236,6.3314900000000005,1.5,1
09.08.2021 00:22:48.726,6.33236,6.33152,1.5,1
09.08.2021 00:22:48.929,6.33236,6.3314900000000005,1.5,1
09.08.2021 00:22:50.102,6.33225,6.331430000000001,1.5,1.62
09.08.2021 00:22:51.102,6.33225,6.3314900000000005,1.5,1
09.08.2021 00:22:52.102,6.33225,6.3314900000000005,1.5,1
09.08.2021 00:22:52.858,6.3322,6.33141,1.5,1.5
09.08.2021 00:22:52.909,6.3322,6.33141,1.5,1
09.08.2021 00:22:53.060,6.33217,6.33141,1,1
09.08.2021 00:22:57.806,6.332090000000001,6.331250000000001,1.5,1
09.08.2021 00:22:57.917,6.3320300000000005,6.33119,1.5,1.5
09.08.2021 00:22:58.018,6.3320300000000005,6.33122,1.5,1
09.08.2021 00:22:58.648,6.3320300000000005,6.33119,1.5,1
09.08.2021 00:22:58.853,6.33194,6.331180000000001,1.5,1
09.08.2021 00:22:58.953,6.331930000000001,6.33105,1.5,1
09.08.2021 00:22:59.054,6.33187,6.33103,1.5,1
09.08.2021 00:22:59.810,6.33187,6.33102,1.5,1
09.08.2021 00:23:02.755,6.3318200000000004,6.330990000000001,1.5,1.5
09.08.2021 00:23:03.667,6.3318200000000004,6.33098,1.5,1.12
09.08.2021 00:23:04.812,6.33171,6.33092,1.5,1
09.08.2021 00:23:05.212,6.33172,6.33092,1.5,1
09.08.2021 00:23:05.396,6.33172,6.33092,1.5,1
09.08.2021 00:23:07.621,6.33177,6.33093,1.62,2
09.08.2021 00:23:07.671,6.33177,6.33093,1.62,1.62
09.08.2021 00:23:08.577,6.33177,6.33093,1.62,1
09.08.2021 00:23:09.578,6.33171,6.33093,1.5,1
09.08.2021 00:23:10.951,6.33172,6.33093,1.5,1.5
09.08.2021 00:23:11.153,6.33172,6.33093,1.5,1
09.08.2021 00:23:14.650,6.33171,6.33094,1.5,1
09.08.2021 00:23:14.701,6.33194,6.331040000000001,1.5,1
09.08.2021 00:23:14.802,6.33199,6.3311,1.5,1
09.08.2021 00:23:14.908,6.331980000000001,6.331130000000001,1.5,1.62
09.08.2021 00:23:16.499,6.331980000000001,6.33115,1.5,1
09.08.2021 00:23:16.798,6.33199,6.331180000000001,1.5,1
09.08.2021 00:23:16.982,6.33199,6.33114,1.5,1
09.08.2021 00:23:17.499,6.332000000000001,6.331130000000001,1.5,1
09.08.2021 00:23:20.725,6.331930000000001,6.331130000000001,1.5,1.62
09.08.2021 00:23:20.952,6.331930000000001,6.331130000000001,1.5,1.62
09.08.2021 00:23:21.674,6.33194,6.33112,1.5,1.62
09.08.2021 00:23:22.574,6.33194,6.331130000000001,1.5,1
09.08.2021 00:23:25.208,6.331930000000001,6.33111,1.5,1
09.08.2021 00:23:25.786,6.331930000000001,6.33111,1.5,1
09.08.2021 00:23:26.786,6.331930000000001,6.33105,1.5,1
09.08.2021 00:23:27.787,6.331930000000001,6.33111,1.5,1
09.08.2021 00:23:28.188,6.331930000000001,6.3310900000000006,1.5,1
09.08.2021 00:23:28.787,6.33194,6.331080000000001,1.5,1
09.08.2021 00:23:30.788,6.331930000000001,6.3310900000000006,1.5,1
09.08.2021 00:23:32.708,6.331930000000001,6.3311,1.5,1
09.08.2021 00:23:33.789,6.331930000000001,6.3311,1.5,1
09.08.2021 00:23:34.078,6.331930000000001,6.331130000000001,1.5,1
09.08.2021 00:23:35.193,6.33194,6.33107,1.5,1
09.08.2021 00:23:35.906,6.331880000000001,6.33103,1.5,1
09.08.2021 00:23:35.987,6.3318900000000005,6.33102,1.5,1
09.08.2021 00:23:38.360,6.331880000000001,6.33103,1.5,1
09.08.2021 00:23:38.612,6.3318200000000004,6.330990000000001,1.5,1
09.08.2021 00:23:38.907,6.3318200000000004,6.330990000000001,1.5,1
09.08.2021 00:23:39.934,6.33177,6.330990000000001,1,1
09.08.2021 00:23:40.080,6.33177,6.33096,1,1
09.08.2021 00:23:41.944,6.33177,6.331,1,1
09.08.2021 00:23:42.146,6.33197,6.33103,1,1.62
09.08.2021 00:23:42.778,6.331980000000001,6.331130000000001,1.5,1
09.08.2021 00:23:44.017,6.33199,6.331130000000001,1.5,1
09.08.2021 00:23:44.971,6.331980000000001,6.331130000000001,1.5,1
09.08.2021 00:23:45.173,6.331930000000001,6.33105,1.5,1
09.08.2021 00:23:45.470,6.33194,6.3310900000000006,1.5,1
09.08.2021 00:23:45.780,6.331930000000001,6.331130000000001,1.5,1
09.08.2021 00:23:49.410,6.33194,6.33112,1.5,1
09.08.2021 00:23:49.461,6.331930000000001,6.33114,1.5,1
09.08.2021 00:23:50.410,6.331930000000001,6.33114,1.5,1
09.08.2021 00:23:50.484,6.331930000000001,6.33117,1.5,1
09.08.2021 00:23:50.686,6.331930000000001,6.33115,1.5,1
09.08.2021 00:23:52.124,6.331980000000001,6.33115,1.5,1
09.08.2021 00:23:53.089,6.33199,6.33114,1.5,1
09.08.2021 00:23:56.177,6.33199,6.33112,1.5,2
09.08.2021 00:23:56.378,6.332000000000001,6.331130000000001,1.5,1
09.08.2021 00:23:57.068,6.33199,6.33114,1.5,1
09.08.2021 00:23:58.068,6.331980000000001,6.331130000000001,1.5,1
09.08.2021 00:24:01.203,6.331980000000001,6.33114,1.5,1
09.08.2021 00:24:02.082,6.33199,6.33117,1.5,1
09.08.2021 00:24:02.268,6.332000000000001,6.331130000000001,1.5,1
09.08.2021 00:24:07.795,6.33199,6.33117,1.5,1
09.08.2021 00:24:07.980,6.33199,6.33114,1.5,1
09.08.2021 00:24:19.424,6.332000000000001,6.331160000000001,1.5,1
09.08.2021 00:24:19.626,6.33199,6.33115,1.5,1
09.08.2021 00:24:21.941,6.33199,6.33122,1.5,1
09.08.2021 00:24:25.021,6.33199,6.33122,1.5,1
09.08.2021 00:24:25.425,6.33199,6.33122,1.5,1
09.08.2021 00:24:32.216,6.331980000000001,6.33122,1.5,1.62
09.08.2021 00:24:35.006,6.33199,6.33122,1.5,1.5
09.08.2021 00:24:37.362,6.33199,6.33122,1.5,1
09.08.2021 00:24:40.780,6.33199,6.33122,1.5,1
09.08.2021 00:24:46.602,6.33199,6.33122,1.5,1
09.08.2021 00:24:48.387,6.33199,6.331160000000001,1.5,1
09.08.2021 00:24:49.337,6.331980000000001,6.331160000000001,1.5,1
09.08.2021 00:24:51.565,6.331980000000001,6.33122,1.5,1
09.08.2021 00:24:52.403,6.332000000000001,6.3312100000000004,1.5,1
09.08.2021 00:24:55.246,6.331980000000001,6.33122,1.5,1.5
09.08.2021 00:24:56.247,6.331980000000001,6.33122,1.5,1
09.08.2021 00:24:58.195,6.33199,6.33122,1.5,1
09.08.2021 00:25:00.422,6.33199,6.331130000000001,1.5,1
09.08.2021 00:25:01.313,6.331980000000001,6.331160000000001,1.5,1
09.08.2021 00:25:02.763,6.331980000000001,6.331130000000001,1.5,1
09.08.2021 00:25:02.964,6.331930000000001,6.3310900000000006,1.5,1
09.08.2021 00:25:03.076,6.331930000000001,6.331,1.5,1
09.08.2021 00:25:03.982,6.331830000000001,6.33098,1.5,1.5
09.08.2021 00:25:05.402,6.331830000000001,6.33097,1.5,1.5
09.08.2021 00:25:08.759,6.3318200000000004,6.33098,1.5,1.5
09.08.2021 00:25:08.909,6.3318200000000004,6.33105,1.5,1
09.08.2021 00:25:09.111,6.331980000000001,6.3310900000000006,1.5,1
09.08.2021 00:25:09.211,6.33197,6.33105,1,1
09.08.2021 00:25:09.370,6.331980000000001,6.3310900000000006,1.5,1
09.08.2021 00:25:09.743,6.33199,6.3310900000000006,1.5,1.5
09.08.2021 00:25:09.794,6.33199,6.331130000000001,1.5,1
09.08.2021 00:25:09.929,6.33199,6.331130000000001,1.5,1
09.08.2021 00:25:10.759,6.331880000000001,6.3310900000000006,1.5,1
09.08.2021 00:25:11.001,6.331880000000001,6.33107,1.5,1
09.08.2021 00:25:11.125,6.33194,6.331080000000001,1.5,1
09.08.2021 00:25:11.288,6.331930000000001,6.33107,1.5,1
09.08.2021 00:25:11.759,6.33187,6.33107,1,1
09.08.2021 00:25:12.759,6.331930000000001,6.33107,1.5,1
09.08.2021 00:25:13.218,6.33194,6.3310900000000006,1.5,1
09.08.2021 00:25:13.677,6.33199,6.33112,1.5,1.12
09.08.2021 00:25:13.727,6.331980000000001,6.331130000000001,1.5,1.5
09.08.2021 00:25:13.878,6.33204,6.33122,1.5,1
09.08.2021 00:25:14.208,6.33204,6.33122,1.5,1
09.08.2021 00:25:18.166,6.332050000000001,6.3312100000000004,1.5,1
09.08.2021 00:25:18.321,6.33204,6.33122,1.5,1
09.08.2021 00:25:18.422,6.33204,6.331180000000001,1.5,1
09.08.2021 00:25:18.762,6.33204,6.331180000000001,1.5,1
09.08.2021 00:25:19.763,6.33199,6.33117,1.5,1
09.08.2021 00:25:20.284,6.33199,6.331160000000001,1.5,1
09.08.2021 00:25:20.334,6.33199,6.33119,1.5,1
09.08.2021 00:25:20.518,6.33199,6.33117,1.5,1
09.08.2021 00:25:23.324,6.331980000000001,6.33117,1.5,1
09.08.2021 00:25:24.324,6.33199,6.331160000000001,1.5,1
09.08.2021 00:25:26.117,6.33199,6.33119,1.5,1
09.08.2021 00:25:28.167,6.331930000000001,6.33114,1.5,1
09.08.2021 00:25:28.410,6.331980000000001,6.33122,1.5,1
09.08.2021 00:25:28.559,6.331980000000001,6.33122,1.5,1
09.08.2021 00:25:29.048,6.331980000000001,6.331230000000001,1.5,1
09.08.2021 00:25:30.048,6.331980000000001,6.33119,1.5,1
09.08.2021 00:25:31.006,6.331980000000001,6.331230000000001,1.5,1
09.08.2021 00:25:31.057,6.332050000000001,6.33124,1.5,1
09.08.2021 00:25:31.430,6.33204,6.331230000000001,1.5,1.5
09.08.2021 00:25:31.913,6.3321000000000005,6.331250000000001,1.5,1
09.08.2021 00:25:32.052,6.3321000000000005,6.331250000000001,1.5,1
09.08.2021 00:25:32.113,6.3321000000000005,6.331230000000001,1.5,1
09.08.2021 00:25:34.418,6.33215,6.33129,1.5,1
09.08.2021 00:25:34.572,6.33208,6.3312800000000005,1,1.5
09.08.2021 00:25:35.368,6.33207,6.33129,1,1
09.08.2021 00:25:36.276,6.331980000000001,6.33129,1.5,1
09.08.2021 00:25:37.909,6.33199,6.33129,1.5,1
09.08.2021 00:25:39.992,6.33204,6.33129,1.5,1
09.08.2021 00:25:40.146,6.33204,6.33129,1.5,1
09.08.2021 00:25:43.045,6.33204,6.33129,1.5,1
09.08.2021 00:25:43.650,6.332050000000001,6.33129,1.5,1
09.08.2021 00:25:44.486,6.33206,6.3312800000000005,1.5,1
09.08.2021 00:25:44.587,6.33197,6.33115,1,1
09.08.2021 00:25:44.683,6.33197,6.33112,1,1
09.08.2021 00:25:44.876,6.33177,6.33105,1,1.5
09.08.2021 00:25:44.926,6.33177,6.33105,1.62,1
09.08.2021 00:25:45.087,6.33178,6.331040000000001,1.62,1
09.08.2021 00:25:48.068,6.33167,6.331040000000001,1.5,1
09.08.2021 00:25:48.169,6.33151,6.33072,1.5,1
09.08.2021 00:25:48.270,6.33151,6.3307,1.5,1
09.08.2021 00:25:48.881,6.331390000000001,6.33071,1.5,1
09.08.2021 00:25:48.981,6.33137,6.33049,1,1.62
09.08.2021 00:25:49.035,6.33137,6.33049,1,1.12
09.08.2021 00:25:49.235,6.33137,6.33049,1,1.12
09.08.2021 00:25:49.437,6.33129,6.33049,1.5,1.12
09.08.2021 00:25:49.850,6.331300000000001,6.3304800000000006,1.5,1.12
09.08.2021 00:25:50.101,6.33127,6.33049,1,1
09.08.2021 00:25:50.254,6.33129,6.33049,1.5,1
09.08.2021 00:25:51.802,6.331180000000001,6.33032,1.5,1
09.08.2021 00:25:51.953,6.33117,6.33032,1.5,1
09.08.2021 00:25:52.121,6.33117,6.33027,1.62,1.5
09.08.2021 00:25:52.409,6.33117,6.33027,1.62,1.5
09.08.2021 00:25:53.019,6.33112,6.330330000000001,1.5,1
09.08.2021 00:25:53.234,6.331080000000001,6.33032,1.5,1
09.08.2021 00:25:53.420,6.331080000000001,6.3303,1.5,1
09.08.2021 00:25:53.752,6.331080000000001,6.33032,1.5,1
09.08.2021 00:25:54.655,6.33117,6.330330000000001,1.5,1
09.08.2021 00:25:54.987,6.331180000000001,6.330330000000001,1.5,1
09.08.2021 00:25:55.037,6.331180000000001,6.330330000000001,1.5,1
09.08.2021 00:25:55.222,6.331180000000001,6.330330000000001,1.5,1
09.08.2021 00:25:55.753,6.331180000000001,6.330330000000001,1.5,1
09.08.2021 00:25:59.492,6.33117,6.330330000000001,1.5,1
09.08.2021 00:26:00.400,6.33117,6.3303400000000005,1.5,1
09.08.2021 00:26:00.493,6.33117,6.3303400000000005,1.5,1
09.08.2021 00:26:02.516,6.33117,6.3303400000000005,1.5,1
09.08.2021 00:26:02.862,6.33127,6.3304100000000005,1,1
09.08.2021 00:26:03.023,6.331340000000001,6.330430000000001,1.5,1.12
09.08.2021 00:26:03.383,6.331340000000001,6.33053,1.5,1.5
09.08.2021 00:26:03.867,6.33129,6.33051,1.5,1
09.08.2021 00:26:04.033,6.33127,6.33052,1,1
09.08.2021 00:26:04.314,6.33127,6.330330000000001,1,1
09.08.2021 00:26:04.778,6.33127,6.330330000000001,1,1
09.08.2021 00:26:04.917,6.331180000000001,6.330380000000001,1.5,1
09.08.2021 00:26:05.039,6.33117,6.33035,1,1
09.08.2021 00:26:05.619,6.331180000000001,6.330280000000001,1,1.5
09.08.2021 00:26:06.524,6.33117,6.33035,1,1
09.08.2021 00:26:07.519,6.33117,6.33035,1,1
09.08.2021 00:26:07.705,6.33127,6.33039,1,1
09.08.2021 00:26:08.519,6.33127,6.33039,1,1
09.08.2021 00:26:10.637,6.3312800000000005,6.33035,1,1
09.08.2021 00:26:13.147,6.33127,6.33036,1,1
09.08.2021 00:26:13.291,6.331230000000001,6.3303400000000005,1.5,1
09.08.2021 00:26:13.352,6.33124,6.33032,1.5,1
09.08.2021 00:26:13.656,6.331130000000001,6.33032,1.5,1
09.08.2021 00:26:13.757,6.33112,6.33018,1.5,1.5
09.08.2021 00:26:13.858,6.33107,6.330030000000001,1.5,1
09.08.2021 00:26:14.059,6.33096,6.330030000000001,1.5,1
09.08.2021 00:26:14.217,6.33097,6.33002,1.5,1
09.08.2021 00:26:14.731,6.33096,6.330080000000001,1.5,1
09.08.2021 00:26:15.731,6.33096,6.330080000000001,1.5,1
09.08.2021 00:26:16.479,6.33097,6.33011,1.62,1
09.08.2021 00:26:16.616,6.33098,6.33007,1.62,1
09.08.2021 00:26:17.732,6.33096,6.3301300000000005,1.5,1
09.08.2021 00:26:18.732,6.33096,6.3301300000000005,1.5,1
09.08.2021 00:26:19.733,6.33096,6.3301300000000005,1.5,1
09.08.2021 00:26:20.733,6.33096,6.3301300000000005,1.5,1
09.08.2021 00:26:22.241,6.33097,6.3301300000000005,1.5,1
09.08.2021 00:26:22.426,6.33097,6.3301300000000005,1.5,1
09.08.2021 00:26:22.527,6.33097,6.3301300000000005,1.5,1.62
09.08.2021 00:26:22.678,6.33107,6.33017,1,1
09.08.2021 00:26:23.475,6.33112,6.33025,1.5,1
09.08.2021 00:26:24.560,6.331130000000001,6.33031,1.5,1
09.08.2021 00:26:26.091,6.33112,6.33025,1.5,1
09.08.2021 00:26:27.444,6.33112,6.33025,1.5,1
09.08.2021 00:26:28.116,6.33114,6.33026,1.5,1
09.08.2021 00:26:28.302,6.331130000000001,6.33025,1.5,1
09.08.2021 00:26:33.162,6.33112,6.33025,1.5,1
09.08.2021 00:26:34.142,6.331080000000001,6.33023,1.5,1
09.08.2021 00:26:34.193,6.33107,6.33016,1,1
09.08.2021 00:26:35.121,6.33107,6.330290000000001,1,1
09.08.2021 00:26:36.052,6.33097,6.330290000000001,1,1
09.08.2021 00:26:39.683,6.33097,6.330290000000001,1,1
09.08.2021 00:26:39.886,6.33098,6.330280000000001,1,1
09.08.2021 00:26:41.195,6.33098,6.330280000000001,1,1.12
09.08.2021 00:26:41.350,6.33102,6.330280000000001,1,1.5
09.08.2021 00:26:44.906,6.33101,6.3303400000000005,1,1
09.08.2021 00:26:45.007,6.331230000000001,6.3303400000000005,1.5,1
09.08.2021 00:26:45.906,6.331230000000001,6.3303400000000005,1.5,1
09.08.2021 00:26:47.886,6.331230000000001,6.33036,1.5,1
09.08.2021 00:26:50.445,6.33124,6.330330000000001,1.5,1.5
09.08.2021 00:26:51.419,6.33124,6.3303400000000005,1.5,1
09.08.2021 00:26:52.297,6.33117,6.330330000000001,1.5,1
09.08.2021 00:26:52.347,6.33107,6.33018,1.5,1
09.08.2021 00:26:52.448,6.33096,6.33014,1.5,1
09.08.2021 00:26:52.549,6.33096,6.330080000000001,1.5,1
09.08.2021 00:26:53.138,6.33096,6.33014,1.5,1
09.08.2021 00:26:53.289,6.33107,6.3302000000000005,1.62,1
09.08.2021 00:26:53.339,6.331080000000001,6.33025,1.5,1
09.08.2021 00:26:55.243,6.33107,6.33032,1.5,1.5
09.08.2021 00:26:55.837,6.331080000000001,6.33031,1.5,1.5
09.08.2021 00:26:56.250,6.331080000000001,6.33032,1.5,1.5
09.08.2021 00:26:58.982,6.33117,6.33032,1.62,1.5
09.08.2021 00:26:59.141,6.33117,6.330330000000001,1.5,1
09.08.2021 00:27:01.177,6.33117,6.33032,1.62,1.62
09.08.2021 00:27:01.381,6.33117,6.330330000000001,1.5,1
09.08.2021 00:27:01.852,6.331230000000001,6.330330000000001,1.5,1
09.08.2021 00:27:01.983,6.331250000000001,6.33032,1.5,1.5
09.08.2021 00:27:02.933,6.33124,6.330330000000001,1.5,2
09.08.2021 00:27:07.019,6.331230000000001,6.330330000000001,1.5,1.5
09.08.2021 00:27:07.795,6.331250000000001,6.3303400000000005,1.5,1
09.08.2021 00:27:08.019,6.33124,6.33035,1.5,1
09.08.2021 00:27:09.220,6.33124,6.3303400000000005,1.5,1
09.08.2021 00:27:11.833,6.331230000000001,6.33035,1.5,1
09.08.2021 00:27:12.872,6.331230000000001,6.33035,1.5,1
09.08.2021 00:27:13.568,6.331230000000001,6.330330000000001,1.5,1.5
09.08.2021 00:27:13.771,6.33124,6.3303400000000005,1.5,1
09.08.2021 00:27:15.380,6.33124,6.330330000000001,1.5,1
09.08.2021 00:27:16.380,6.331230000000001,6.3303400000000005,1.5,1
09.08.2021 00:27:17.380,6.33117,6.3303400000000005,1.5,1
09.08.2021 00:27:17.525,6.331180000000001,6.33032,1.5,1
09.08.2021 00:27:17.728,6.33107,6.33026,1.5,1.5
09.08.2021 00:27:17.879,6.33107,6.33026,1.5,1
09.08.2021 00:27:18.279,6.33112,6.33026,1.5,1.5
09.08.2021 00:27:18.405,6.33112,6.33026,1.5,1
09.08.2021 00:27:18.455,6.33112,6.33026,1.5,1
09.08.2021 00:27:19.208,6.33112,6.33026,1.5,1
09.08.2021 00:27:20.452,6.33117,6.3303,1,1
09.08.2021 00:27:20.984,6.3310900000000006,6.33022,1.5,1.5
09.08.2021 00:27:21.245,6.331080000000001,6.330150000000001,1,1
09.08.2021 00:27:21.402,6.33097,6.33012,1.5,1
09.08.2021 00:27:22.246,6.33087,6.33009,1,1
09.08.2021 00:27:23.576,6.3308,6.330010000000001,1.5,1
09.08.2021 00:27:23.626,6.3308,6.330010000000001,1.5,1
09.08.2021 00:27:24.526,6.3308,6.33005,1.5,1
09.08.2021 00:27:25.556,6.33086,6.33005,1.5,1
09.08.2021 00:27:26.526,6.33086,6.33004,1.5,1
09.08.2021 00:27:26.709,6.33085,6.330030000000001,1.5,1
09.08.2021 00:27:27.526,6.33085,6.330030000000001,1.5,1
09.08.2021 00:27:28.527,6.33085,6.330030000000001,1.5,1
09.08.2021 00:27:30.529,6.33085,6.330030000000001,1.5,1
09.08.2021 00:27:32.140,6.33085,6.33009,1.5,1
09.08.2021 00:27:32.241,6.33101,6.33023,1.5,1
09.08.2021 00:27:32.356,6.33101,6.33026,1.5,1
09.08.2021 00:27:32.701,6.33101,6.330330000000001,1.5,1.5
09.08.2021 00:27:32.913,6.33101,6.330330000000001,1.5,1.5
09.08.2021 00:27:33.169,6.33101,6.330330000000001,1.5,1
09.08.2021 00:27:37.955,6.33112,6.330330000000001,1.5,1
09.08.2021 00:27:40.368,6.33112,6.330330000000001,1.5,1
09.08.2021 00:27:40.643,6.331130000000001,6.330330000000001,1.5,1
09.08.2021 00:27:40.826,6.331130000000001,6.330330000000001,1.5,1
09.08.2021 00:27:46.401,6.331130000000001,6.330330000000001,1.5,1.12
09.08.2021 00:27:46.753,6.331130000000001,6.330330000000001,1.5,1.62
09.08.2021 00:27:51.541,6.33112,6.330330000000001,1.5,1.5
09.08.2021 00:27:52.002,6.33112,6.330330000000001,1.5,1.5
09.08.2021 00:27:57.881,6.331130000000001,6.330330000000001,1.5,1.5
09.08.2021 00:27:57.934,6.33114,6.33032,1.5,1.5
09.08.2021 00:27:58.933,6.331130000000001,6.330330000000001,1.5,1.5
09.08.2021 00:28:01.794,6.33112,6.330330000000001,1.5,1.5
09.08.2021 00:28:03.411,6.33112,6.330330000000001,1.5,1.5
09.08.2021 00:28:03.512,6.33101,6.330330000000001,1.5,1.5
09.08.2021 00:28:03.663,6.33097,6.330330000000001,1,1.5
09.08.2021 00:28:03.818,6.33098,6.33032,1.62,1.5
09.08.2021 00:28:04.042,6.33097,6.330330000000001,1.5,1
09.08.2021 00:28:05.523,6.33096,6.33009,1.5,1.5
09.08.2021 00:28:08.412,6.33096,6.3301300000000005,1.5,1
09.08.2021 00:28:09.362,6.33096,6.330150000000001,1.5,1
09.08.2021 00:28:09.630,6.33096,6.33017,1.5,1
09.08.2021 00:28:13.516,6.33097,6.33016,1.5,1
09.08.2021 00:28:20.167,6.33096,6.33014,1.5,1
09.08.2021 00:28:20.369,6.33097,6.330150000000001,1.5,1
09.08.2021 00:28:26.086,6.33096,6.33017,1.5,1
09.08.2021 00:28:30.095,6.33096,6.33017,1.5,1
09.08.2021 00:28:31.095,6.33096,6.33017,1.5,1
09.08.2021 00:28:31.925,6.33098,6.33007,1.62,1
09.08.2021 00:28:32.112,6.33097,6.3301300000000005,1.62,1
09.08.2021 00:28:36.219,6.33097,6.33009,1.62,1.5
09.08.2021 00:28:37.496,6.33096,6.3301300000000005,1.5,1
09.08.2021 00:28:42.284,6.33096,6.3301300000000005,1.5,1
09.08.2021 00:28:42.385,6.33096,6.3301300000000005,1.5,1
09.08.2021 00:28:42.930,6.33096,6.3301300000000005,1.5,1
09.08.2021 00:28:43.261,6.33096,6.3301300000000005,1.5,1
09.08.2021 00:28:43.311,6.33096,6.3301300000000005,1.5,1
09.08.2021 00:28:43.460,6.33096,6.3301300000000005,1.5,1
09.08.2021 00:28:46.284,6.33096,6.3301300000000005,1.5,1
09.08.2021 00:28:47.036,6.33097,6.33017,1.5,1
09.08.2021 00:28:47.086,6.33097,6.33017,1.5,1.5
09.08.2021 00:28:47.210,6.33107,6.33023,1.62,1.62
09.08.2021 00:28:47.260,6.33107,6.33031,1.62,1.5
09.08.2021 00:28:48.188,6.33107,6.33031,1.5,1.5
09.08.2021 00:28:49.070,6.33107,6.33031,1.5,1.5
09.08.2021 00:28:51.189,6.33107,6.330330000000001,1.5,1
09.08.2021 00:28:54.503,6.33107,6.330330000000001,1.5,1
09.08.2021 00:28:55.059,6.33107,6.330330000000001,1.5,1
09.08.2021 00:29:01.933,6.331080000000001,6.33032,1.5,1
09.08.2021 00:29:02.933,6.331080000000001,6.33032,1.5,1
09.08.2021 00:29:03.138,6.33102,6.330240000000001,1.5,1
09.08.2021 00:29:03.339,6.33091,6.330240000000001,1.5,1
09.08.2021 00:29:03.518,6.3308800000000005,6.330030000000001,1,1.5
09.08.2021 00:29:04.775,6.33086,6.33004,1.5,1.62
09.08.2021 00:29:06.679,6.33086,6.33004,1.5,1.62
09.08.2021 00:29:08.208,6.33087,6.3300600000000005,1.5,1
09.08.2021 00:29:08.680,6.33086,6.33007,1.5,1
09.08.2021 00:29:08.731,6.33086,6.33004,1.5,1.62
09.08.2021 00:29:10.022,6.33086,6.33004,1.5,1.5
09.08.2021 00:29:10.379,6.33087,6.330030000000001,1.5,1.62
09.08.2021 00:29:12.117,6.33086,6.33004,1.5,1.62
09.08.2021 00:29:15.817,6.33087,6.330030000000001,1.5,1.5
09.08.2021 00:29:16.141,6.33086,6.33004,1.5,1.62
09.08.2021 00:29:16.344,6.33087,6.330030000000001,1.5,1.5
09.08.2021 00:29:25.242,6.33085,6.33004,1.5,1.5
09.08.2021 00:29:26.243,6.33085,6.33004,1.5,1.5
09.08.2021 00:29:26.852,6.33086,6.33004,1.5,1.62
09.08.2021 00:29:27.244,6.33086,6.33004,1.5,1.62
09.08.2021 00:29:28.245,6.33085,6.33004,1.5,1.62
09.08.2021 00:29:29.244,6.33086,6.330030000000001,1.5,1.62
09.08.2021 00:29:30.245,6.33086,6.330030000000001,1.5,1.62
09.08.2021 00:29:31.246,6.33085,6.33004,1.5,1.62
09.08.2021 00:29:32.253,6.33085,6.33004,1.5,1.5
09.08.2021 00:29:32.658,6.33087,6.330030000000001,1.5,1.62
09.08.2021 00:29:32.845,6.33086,6.33004,1.5,1.5
09.08.2021 00:29:34.909,6.33085,6.33004,1.5,1.5
09.08.2021 00:29:35.493,6.33086,6.330030000000001,1.5,1
09.08.2021 00:29:35.543,6.3308,6.33004,1.5,1
09.08.2021 00:29:35.744,6.330690000000001,6.33004,1.5,1
09.08.2021 00:29:35.795,6.330690000000001,6.32985,1.5,1
09.08.2021 00:29:35.922,6.33067,6.32981,1,1
09.08.2021 00:29:36.493,6.330690000000001,6.32983,1.5,1
09.08.2021 00:29:37.216,6.3307,6.32992,1.5,1
09.08.2021 00:29:37.367,6.330690000000001,6.329930000000001,1.5,1.5
09.08.2021 00:29:37.604,6.3307,6.32996,1.5,1
09.08.2021 00:29:38.361,6.33085,6.329980000000001,1.5,1
09.08.2021 00:29:38.630,6.33086,6.3299900000000004,1.5,1
09.08.2021 00:29:39.412,6.33086,6.33004,1.5,1
09.08.2021 00:29:40.362,6.33085,6.33004,1.5,1
09.08.2021 00:29:41.363,6.33085,6.33004,1.5,1
09.08.2021 00:29:43.869,6.33091,6.330030000000001,1.5,1
09.08.2021 00:29:43.919,6.33087,6.330030000000001,1,1
09.08.2021 00:29:44.345,6.33086,6.330030000000001,1.5,1.5
09.08.2021 00:29:44.528,6.33086,6.330030000000001,1.5,1
09.08.2021 00:29:44.911,6.33086,6.330030000000001,1.5,1
09.08.2021 00:29:45.191,6.33087,6.33002,1.5,1
09.08.2021 00:29:47.208,6.33085,6.330030000000001,1.5,1.5
09.08.2021 00:29:50.182,6.33087,6.330030000000001,1.5,1
