Gmt time,Ask,Bid,AskVolume,BidVolume
12.08.2021 00:00:00.049,6.33424,6.33322,1.5,1.5
12.08.2021 00:00:00.249,6.33424,6.33317,1.5,1.5
12.08.2021 00:00:01.457,6.334300000000001,6.33322,1.5,1.5
12.08.2021 00:00:01.611,6.334300000000001,6.33322,1.5,1.5
12.08.2021 00:00:04.229,6.33425,6.33322,1.5,1.5
12.08.2021 00:00:11.316,6.33424,6.33323,1.5,1.5
12.08.2021 00:00:13.689,6.334350000000001,6.3333900000000005,1,1.5
12.08.2021 00:00:13.890,6.33456,6.3335,1.5,1.5
12.08.2021 00:00:15.512,6.33462,6.3336500000000004,1.5,1
12.08.2021 00:00:15.713,6.33478,6.33372,1.5,1.5
12.08.2021 00:00:17.355,6.33485,6.333780000000001,1.5,1.5
12.08.2021 00:00:19.854,6.33486,6.3337900000000005,1.5,1.5
12.08.2021 00:00:48.226,6.3348,6.33377,1.5,1
12.08.2021 00:00:48.387,6.33469,6.333600000000001,1.5,1.5
12.08.2021 00:00:48.594,6.33471,6.33366,1,1.5
12.08.2021 00:00:48.855,6.33473,6.3337,1.5,1
12.08.2021 00:00:51.318,6.33456,6.33354,1,1.5
12.08.2021 00:00:51.368,6.33456,6.33354,1.5,1.5
12.08.2021 00:00:51.528,6.33455,6.333550000000001,1.5,1.5
12.08.2021 00:00:53.092,6.33456,6.33356,1.5,1.5
12.08.2021 00:00:54.097,6.3346100000000005,6.33361,1.5,1.5
12.08.2021 00:00:54.280,6.3346100000000005,6.33361,1.5,1.5
12.08.2021 00:00:55.127,6.3346100000000005,6.33361,1.5,1.5
12.08.2021 00:00:58.889,6.33464,6.333690000000001,1.5,1
12.08.2021 00:00:59.039,6.33476,6.333780000000001,1,1
12.08.2021 00:00:59.090,6.33477,6.33377,1,1.5
12.08.2021 00:00:59.799,6.33457,6.333600000000001,1.5,1
12.08.2021 00:00:59.950,6.33452,6.33356,1,1
12.08.2021 00:01:00.001,6.3344000000000005,6.33351,1,1.5
12.08.2021 00:01:00.166,6.3344000000000005,6.33351,1,1.5
12.08.2021 00:01:09.966,6.33446,6.3334600000000005,1.5,1.5
12.08.2021 00:01:11.119,6.33446,6.33345,1.5,1.5
12.08.2021 00:01:12.703,6.33446,6.33345,1.5,1.5
12.08.2021 00:01:12.905,6.33446,6.33345,1.5,1.5
12.08.2021 00:01:15.748,6.33446,6.33345,1.5,1.5
12.08.2021 00:01:19.105,6.33445,6.3334600000000005,1.5,1.5
12.08.2021 00:01:23.675,6.33445,6.3334600000000005,1.5,1.5
12.08.2021 00:01:50.589,6.33447,6.33347,1.5,1.5
12.08.2021 00:01:50.790,6.334480000000001,6.3334600000000005,1.5,1.5
12.08.2021 00:01:50.991,6.33447,6.33347,1.5,1.5
12.08.2021 00:01:51.275,6.33447,6.33347,1.5,1.5
12.08.2021 00:01:52.275,6.334210000000001,6.3334,1,1.5
12.08.2021 00:01:52.440,6.3342,6.3332500000000005,1,1.5
12.08.2021 00:01:52.704,6.334210000000001,6.33319,1.62,1.5
12.08.2021 00:02:03.239,6.33399,6.33309,1,1.5
12.08.2021 00:02:03.290,6.33397,6.33309,1,1.5
12.08.2021 00:02:04.030,6.33397,6.332980000000001,1,1.5
12.08.2021 00:02:05.392,6.33392,6.33297,1,1.5
12.08.2021 00:02:12.288,6.33391,6.33297,1,1.5
12.08.2021 00:02:14.419,6.33397,6.33297,1.5,1.5
12.08.2021 00:02:18.364,6.33394,6.3330400000000004,1,1.5
12.08.2021 00:02:18.517,6.33394,6.333130000000001,1,1
12.08.2021 00:02:25.627,6.334040000000001,6.333030000000001,2,1.62
12.08.2021 00:02:26.574,6.33398,6.33302,1,1.5
12.08.2021 00:02:40.759,6.33397,6.333,1,1
12.08.2021 00:03:06.081,6.33397,6.33309,1,1
12.08.2021 00:03:06.282,6.33407,6.33321,1,1.5
12.08.2021 00:03:07.432,6.33417,6.33323,1,1
12.08.2021 00:03:07.663,6.33419,6.333330000000001,1.5,1
12.08.2021 00:03:07.814,6.33417,6.33331,1,1.62
12.08.2021 00:03:09.728,6.33431,6.33337,1.5,1
12.08.2021 00:03:11.685,6.33437,6.33342,1,1.5
12.08.2021 00:03:19.847,6.33437,6.3334600000000005,1,1
12.08.2021 00:03:33.511,6.33437,6.3335,1.62,1
12.08.2021 00:03:36.169,6.33464,6.33372,1.62,1
12.08.2021 00:03:36.270,6.33457,6.333730000000001,1,1.5
12.08.2021 00:03:36.541,6.334630000000001,6.333730000000001,1.62,1.5
12.08.2021 00:03:46.372,6.334580000000001,6.33366,1,1.5
12.08.2021 00:03:50.687,6.33457,6.33368,1,1.5
12.08.2021 00:03:57.658,6.33457,6.33372,1,1.5
12.08.2021 00:04:02.344,6.334630000000001,6.33372,1.5,1.5
12.08.2021 00:04:02.533,6.33467,6.333780000000001,1,1.5
12.08.2021 00:04:02.735,6.33474,6.33385,1.5,1
12.08.2021 00:04:03.083,6.33474,6.333830000000001,1.5,1.62
12.08.2021 00:04:03.285,6.33474,6.333830000000001,1.5,1.62
12.08.2021 00:04:03.426,6.33474,6.333830000000001,1.5,1.62
12.08.2021 00:04:03.530,6.33474,6.333830000000001,1.5,1.62
12.08.2021 00:04:04.954,6.33485,6.33394,1.5,1.5
12.08.2021 00:04:05.779,6.33485,6.33399,1.5,1
12.08.2021 00:04:07.787,6.33486,6.3339300000000005,1.5,1.5
12.08.2021 00:04:13.776,6.3349,6.33399,1.5,1.5
12.08.2021 00:04:29.687,6.3349,6.33399,1.5,1.5
12.08.2021 00:04:30.313,6.33497,6.3341,1.5,1
12.08.2021 00:04:30.514,6.33497,6.33412,1,1
12.08.2021 00:04:30.798,6.334960000000001,6.334130000000001,1,1
12.08.2021 00:04:31.001,6.334960000000001,6.3341,1,1.5
12.08.2021 00:04:37.314,6.334960000000001,6.333950000000001,1.5,1.5
12.08.2021 00:04:40.254,6.334960000000001,6.33394,1.5,1.5
12.08.2021 00:04:46.227,6.3348700000000004,6.33394,1,1.5
12.08.2021 00:04:46.478,6.334790000000001,6.33389,1.5,1.5
12.08.2021 00:04:48.282,6.33471,6.33382,1,1.62
12.08.2021 00:04:56.723,6.33467,6.333830000000001,1,1.5
12.08.2021 00:04:56.879,6.33474,6.333830000000001,1.5,1.62
12.08.2021 00:05:08.744,6.33474,6.333830000000001,1.5,1.62
12.08.2021 00:05:10.823,6.33477,6.33387,1,1.5
12.08.2021 00:05:14.314,6.3347500000000005,6.333830000000001,1.5,1
12.08.2021 00:05:14.445,6.3347500000000005,6.333830000000001,1.5,1
12.08.2021 00:05:16.081,6.33466,6.33376,1.5,1.5
12.08.2021 00:05:16.279,6.33467,6.33375,1.5,1.12
12.08.2021 00:05:17.949,6.33455,6.333690000000001,1.5,1
12.08.2021 00:05:18.100,6.33445,6.3335300000000005,1.5,1.62
12.08.2021 00:05:18.262,6.334390000000001,6.33351,1.5,1
12.08.2021 00:05:18.312,6.334280000000001,6.333480000000001,1.5,1
12.08.2021 00:05:18.564,6.334280000000001,6.33336,1,1.12
12.08.2021 00:05:18.974,6.33412,6.3332500000000005,1.5,1
12.08.2021 00:05:19.175,6.33412,6.333330000000001,1.5,1
12.08.2021 00:05:23.013,6.334130000000001,6.33332,1.5,1
12.08.2021 00:05:23.165,6.334230000000001,6.33337,1.5,1
12.08.2021 00:05:23.215,6.334230000000001,6.333430000000001,1.5,1
12.08.2021 00:05:24.830,6.33424,6.3334600000000005,1.5,1
12.08.2021 00:05:25.258,6.33429,6.333480000000001,1.5,1
12.08.2021 00:05:26.883,6.33434,6.333480000000001,1.5,1
12.08.2021 00:05:27.083,6.33434,6.333480000000001,1.5,1
12.08.2021 00:05:30.997,6.33436,6.33347,1.5,1.5
12.08.2021 00:05:39.457,6.33437,6.33354,1,1.5
12.08.2021 00:05:40.374,6.33427,6.333380000000001,1,1.5
12.08.2021 00:05:40.530,6.33427,6.333380000000001,1,1.5
12.08.2021 00:05:47.713,6.33427,6.333380000000001,1,1.5
12.08.2021 00:05:49.496,6.33424,6.333330000000001,1.5,1.62
12.08.2021 00:05:49.697,6.33417,6.333330000000001,1,1.5
12.08.2021 00:05:51.576,6.33416,6.33332,1.5,1.5
12.08.2021 00:05:51.789,6.3342600000000004,6.33332,1,1.62
12.08.2021 00:05:51.991,6.33417,6.33327,1,1.5
12.08.2021 00:05:53.184,6.33417,6.33327,1,1.5
12.08.2021 00:05:56.551,6.33417,6.33328,1,1
12.08.2021 00:05:56.753,6.3342600000000004,6.333330000000001,1.5,1.62
12.08.2021 00:05:57.021,6.3342600000000004,6.333330000000001,1.5,1.5
12.08.2021 00:05:59.279,6.334210000000001,6.33327,1.5,1.5
12.08.2021 00:06:01.297,6.334210000000001,6.33327,1.5,1.5
12.08.2021 00:06:01.499,6.33407,6.33322,1,1.5
12.08.2021 00:06:02.500,6.33399,6.33317,1,1.5
12.08.2021 00:06:03.258,6.33397,6.33317,1,1.5
12.08.2021 00:06:03.435,6.33398,6.33316,1,1.5
12.08.2021 00:06:32.551,6.3340000000000005,6.33312,1.5,1
12.08.2021 00:06:32.829,6.33398,6.3331,1,1.5
12.08.2021 00:06:33.020,6.33397,6.3331100000000005,1,1.5
12.08.2021 00:06:34.054,6.333950000000001,6.3331100000000005,1,1.5
12.08.2021 00:06:35.092,6.33392,6.333060000000001,1,1.5
12.08.2021 00:06:37.407,6.3338600000000005,6.33302,1,1
12.08.2021 00:06:37.564,6.33385,6.333030000000001,1,1
12.08.2021 00:06:59.722,6.333880000000001,6.333030000000001,1.5,1
12.08.2021 00:07:05.044,6.33387,6.333,1,1.5
12.08.2021 00:07:09.554,6.333830000000001,6.33295,1.5,1.5
12.08.2021 00:07:09.655,6.33368,6.3327800000000005,1.12,1.5
12.08.2021 00:07:09.755,6.33367,6.33279,1.62,1.5
12.08.2021 00:07:13.990,6.33367,6.33279,1.62,1.5
12.08.2021 00:07:14.118,6.33368,6.3327800000000005,1.62,1.5
12.08.2021 00:07:14.396,6.33367,6.33283,1.5,1.62
12.08.2021 00:07:14.597,6.33361,6.332730000000001,1,1.62
12.08.2021 00:07:14.648,6.33361,6.332730000000001,1.5,1.62
12.08.2021 00:07:20.496,6.33358,6.33272,1,1.5
12.08.2021 00:07:27.407,6.33367,6.33279,1.62,1.5
12.08.2021 00:07:30.768,6.33361,6.332730000000001,1.5,1.62
12.08.2021 00:07:39.844,6.33361,6.332730000000001,1.5,2
12.08.2021 00:07:40.756,6.33367,6.3329,1,1
12.08.2021 00:07:40.807,6.33372,6.3329,1,1.5
12.08.2021 00:07:40.907,6.33387,6.333,1,1.5
12.08.2021 00:07:41.008,6.33387,6.333030000000001,1,1
12.08.2021 00:08:15.397,6.333880000000001,6.332990000000001,1,1.5
12.08.2021 00:08:25.051,6.33387,6.33301,1.62,1.5
12.08.2021 00:08:25.202,6.333690000000001,6.3328500000000005,1.5,1.5
12.08.2021 00:08:25.253,6.33368,6.33284,1,1
12.08.2021 00:08:25.409,6.333600000000001,6.33274,1.5,1.5
12.08.2021 00:08:32.037,6.333600000000001,6.33274,1.5,1.5
12.08.2021 00:09:13.417,6.33357,6.33274,1,1.5
12.08.2021 00:09:13.570,6.33361,6.332800000000001,1.5,1
12.08.2021 00:09:14.143,6.333600000000001,6.33283,1.5,1
12.08.2021 00:09:14.356,6.333600000000001,6.33274,1.5,1.5
12.08.2021 00:09:17.439,6.33361,6.332730000000001,1.5,1.5
12.08.2021 00:09:21.281,6.3336500000000004,6.332800000000001,1.5,1.5
12.08.2021 00:09:21.488,6.3336500000000004,6.332800000000001,1.5,1.5
12.08.2021 00:09:25.711,6.333600000000001,6.33274,1.5,1.5
12.08.2021 00:09:30.628,6.333600000000001,6.33274,1.5,1.5
12.08.2021 00:09:33.651,6.333600000000001,6.33274,1.5,1.5
12.08.2021 00:09:37.485,6.333550000000001,6.33274,1,1.5
12.08.2021 00:09:40.602,6.33357,6.332630000000001,1,1.62
12.08.2021 00:09:41.602,6.33357,6.3326400000000005,1,1.62
12.08.2021 00:09:42.457,6.3335300000000005,6.3326400000000005,1,1.5
12.08.2021 00:09:43.204,6.33347,6.3326400000000005,1,1.5
12.08.2021 00:09:43.371,6.33349,6.3326400000000005,1.5,1.5
12.08.2021 00:09:46.917,6.33349,6.332630000000001,1.5,2
12.08.2021 00:09:47.063,6.33359,6.33274,1.5,1.5
12.08.2021 00:09:57.187,6.33357,6.332680000000001,1,1
12.08.2021 00:10:04.687,6.33357,6.33272,1,1
12.08.2021 00:10:05.376,6.33366,6.3327800000000005,1.5,1.5
12.08.2021 00:10:08.476,6.33359,6.33274,1.5,1.5
12.08.2021 00:10:20.108,6.3335,6.332680000000001,1,1.5
12.08.2021 00:10:20.687,6.33347,6.332680000000001,1,1.5
12.08.2021 00:10:27.957,6.333380000000001,6.33253,1.5,1
12.08.2021 00:10:29.557,6.33337,6.33252,1,1.5
12.08.2021 00:10:43.687,6.33328,6.33252,1,1
12.08.2021 00:10:46.230,6.33328,6.3324300000000004,1,1
12.08.2021 00:10:51.688,6.333330000000001,6.33237,1.5,1
12.08.2021 00:11:14.527,6.33327,6.33234,1.5,1.5
12.08.2021 00:11:14.686,6.33327,6.332330000000001,1.5,1.62
12.08.2021 00:11:16.690,6.33337,6.332580000000001,1,1.5
12.08.2021 00:11:16.824,6.33347,6.33257,1.62,1.5
12.08.2021 00:11:16.975,6.33347,6.33253,1.62,1
12.08.2021 00:11:18.224,6.33347,6.33253,1.62,1
12.08.2021 00:11:19.004,6.33347,6.33256,1,1.5
12.08.2021 00:11:19.183,6.33349,6.33256,1.62,1.5
12.08.2021 00:11:24.219,6.3335,6.33262,1,1
12.08.2021 00:11:24.377,6.33347,6.332580000000001,1,1.5
12.08.2021 00:11:28.868,6.33347,6.3326,1,1
12.08.2021 00:11:28.919,6.333480000000001,6.332590000000001,1,1.62
12.08.2021 00:11:29.019,6.33357,6.332680000000001,1,1
12.08.2021 00:11:29.120,6.33357,6.332680000000001,1,1.5
12.08.2021 00:11:29.979,6.333550000000001,6.332630000000001,1.5,1.62
12.08.2021 00:11:30.384,6.33358,6.33266,1,1.5
12.08.2021 00:11:30.542,6.33358,6.33266,1,1.5
12.08.2021 00:11:30.965,6.333480000000001,6.332680000000001,1.5,1
12.08.2021 00:11:31.788,6.33345,6.332630000000001,1.5,1.5
12.08.2021 00:11:40.239,6.33335,6.33253,1,1.5
12.08.2021 00:11:40.289,6.33328,6.33253,1,1
12.08.2021 00:11:40.390,6.33323,6.33242,1.5,1.5
12.08.2021 00:11:40.569,6.33323,6.33242,1.5,1.5
12.08.2021 00:11:43.884,6.3331800000000005,6.33236,1.5,1.5
12.08.2021 00:11:50.995,6.33319,6.33237,1.5,1.5
12.08.2021 00:12:01.793,6.33317,6.33236,1,1.5
12.08.2021 00:12:14.118,6.3331800000000005,6.33236,1.62,1.5
12.08.2021 00:12:14.219,6.33326,6.33247,1,1.5
12.08.2021 00:12:14.320,6.33326,6.33247,1,1.5
12.08.2021 00:12:15.437,6.3333,6.3325000000000005,1.5,1.5
12.08.2021 00:12:20.303,6.333340000000001,6.33253,1.5,1.5
12.08.2021 00:13:39.287,6.33337,6.332680000000001,1,1
12.08.2021 00:13:50.519,6.333480000000001,6.33267,1,1
12.08.2021 00:13:54.579,6.33337,6.33253,1,1.5
12.08.2021 00:14:00.853,6.33337,6.33251,1,1
12.08.2021 00:14:01.032,6.333380000000001,6.33255,1,1.5
12.08.2021 00:14:02.190,6.33337,6.33266,1,1
12.08.2021 00:14:02.241,6.33337,6.33266,1,1
12.08.2021 00:14:03.665,6.33337,6.33266,1,1
12.08.2021 00:14:06.688,6.33337,6.33266,1,1
12.08.2021 00:14:21.052,6.33337,6.33257,1,1
12.08.2021 00:14:32.371,6.33337,6.33266,1,1
12.08.2021 00:15:02.499,6.33337,6.33266,1,1
12.08.2021 00:15:02.550,6.333340000000001,6.33252,1.5,1.12
12.08.2021 00:15:02.650,6.33337,6.33252,1,1.5
12.08.2021 00:15:02.801,6.3332500000000005,6.33252,1.5,1
12.08.2021 00:15:04.570,6.3332500000000005,6.332400000000001,1.5,1.5
12.08.2021 00:15:06.538,6.33327,6.33251,1,1.5
12.08.2021 00:15:06.739,6.33337,6.33251,1,1.5
12.08.2021 00:15:06.919,6.33337,6.33262,1,1.5
12.08.2021 00:15:20.184,6.33335,6.33242,1.5,1.5
12.08.2021 00:15:20.335,6.3331800000000005,6.33248,1,1.5
12.08.2021 00:15:20.385,6.33317,6.33248,1,1.12
12.08.2021 00:15:20.604,6.3332500000000005,6.33248,1.5,1
12.08.2021 00:15:24.347,6.333150000000001,6.33248,1,1
12.08.2021 00:15:24.398,6.33314,6.33248,1,1
12.08.2021 00:15:33.794,6.33317,6.33248,1,1
12.08.2021 00:15:40.188,6.33317,6.33248,1,1
12.08.2021 00:15:50.368,6.33317,6.33248,1,1
12.08.2021 00:15:50.653,6.3332500000000005,6.33247,1.62,1
12.08.2021 00:15:50.817,6.333240000000001,6.33248,1,1
12.08.2021 00:15:51.066,6.333240000000001,6.33248,1.62,1
12.08.2021 00:16:01.785,6.33317,6.332400000000001,1,1.5
12.08.2021 00:16:42.747,6.33317,6.332400000000001,1,1.12
12.08.2021 00:16:44.196,6.33317,6.33226,1,1.5
12.08.2021 00:16:44.845,6.33317,6.33226,1,1.5
12.08.2021 00:16:47.060,6.33317,6.332490000000001,1,1
12.08.2021 00:16:47.177,6.3331800000000005,6.332380000000001,1,1.12
12.08.2021 00:16:50.061,6.33317,6.33239,1,1.5
12.08.2021 00:16:52.687,6.33317,6.33239,1,1.5
12.08.2021 00:16:58.188,6.33317,6.33239,1,1.5
12.08.2021 00:17:00.000,6.3331800000000005,6.332380000000001,1,1.5
12.08.2021 00:17:00.768,6.33317,6.33239,1,1.5
12.08.2021 00:17:02.376,6.33317,6.33239,1,1.5
12.08.2021 00:17:02.531,6.3332500000000005,6.33241,1.5,1
12.08.2021 00:17:02.633,6.33326,6.33242,1.5,1
12.08.2021 00:17:02.864,6.33336,6.3324300000000004,1.5,1
12.08.2021 00:17:04.364,6.33336,6.33252,1.5,1.5
12.08.2021 00:17:11.836,6.33332,6.33248,1.5,1
12.08.2021 00:17:12.013,6.3332500000000005,6.33235,1.5,2.75
12.08.2021 00:17:16.504,6.33336,6.3324300000000004,1.5,2.37
12.08.2021 00:17:16.605,6.33336,6.332630000000001,1.5,1
12.08.2021 00:17:18.241,6.3334600000000005,6.332630000000001,1.5,1.5
12.08.2021 00:17:19.350,6.33347,6.3327,1.5,1
12.08.2021 00:17:19.720,6.33341,6.33262,1.5,1
12.08.2021 00:17:19.895,6.33327,6.3325000000000005,1,1
12.08.2021 00:17:19.958,6.33327,6.33247,1,1.5
12.08.2021 00:17:20.058,6.33319,6.33246,1.5,1
12.08.2021 00:17:20.109,6.33317,6.33247,1,1
12.08.2021 00:17:20.361,6.3331800000000005,6.33236,1,1.5
12.08.2021 00:17:22.269,6.33317,6.33237,1,1.5
12.08.2021 00:17:33.288,6.332980000000001,6.33225,1.5,1
12.08.2021 00:17:33.389,6.33292,6.332230000000001,1.12,1
12.08.2021 00:17:33.462,6.33292,6.33217,1.5,1.5
12.08.2021 00:17:33.515,6.33292,6.33217,1.5,1
12.08.2021 00:17:36.480,6.33297,6.33217,1.62,1.5
12.08.2021 00:17:36.624,6.33297,6.33225,1.5,1
12.08.2021 00:17:36.725,6.333080000000001,6.3323,1.5,1
12.08.2021 00:17:39.475,6.333080000000001,6.33227,1.5,1
12.08.2021 00:18:23.465,6.33317,6.33241,1,1
12.08.2021 00:18:23.566,6.333240000000001,6.33241,1.5,1.5
12.08.2021 00:18:23.666,6.333240000000001,6.33252,1.5,1.12
12.08.2021 00:18:24.090,6.333240000000001,6.33252,1,1.5
12.08.2021 00:18:28.311,6.33335,6.33252,1.5,1.5
12.08.2021 00:18:31.687,6.33335,6.332580000000001,1.5,1
12.08.2021 00:18:36.932,6.333380000000001,6.33269,1,1
12.08.2021 00:18:37.094,6.33341,6.3327,1.5,1
12.08.2021 00:18:47.257,6.33357,6.33274,1,1
12.08.2021 00:18:47.318,6.33357,6.33274,1,1.5
12.08.2021 00:18:47.369,6.33362,6.3328500000000005,1.5,1.5
12.08.2021 00:18:47.520,6.33361,6.332890000000001,1.5,1
12.08.2021 00:18:47.956,6.33361,6.33286,1.5,1.5
12.08.2021 00:19:03.188,6.33362,6.3328500000000005,1.5,1.5
12.08.2021 00:20:14.094,6.33367,6.33286,1.62,1.5
12.08.2021 00:20:19.352,6.33358,6.3328500000000005,1,1.12
12.08.2021 00:20:19.604,6.33357,6.33286,1,1
12.08.2021 00:20:47.426,6.33357,6.33275,1,1.5
12.08.2021 00:20:48.211,6.33358,6.3328500000000005,1,1
12.08.2021 00:21:04.839,6.33361,6.33286,1.5,1.12
12.08.2021 00:21:04.990,6.33368,6.33279,1.62,1.5
12.08.2021 00:21:08.195,6.33368,6.33288,1.5,1
12.08.2021 00:21:08.738,6.33377,6.33296,1,1.5
12.08.2021 00:21:08.940,6.33384,6.333080000000001,1,1.5
12.08.2021 00:21:10.271,6.33394,6.33312,1.5,1
12.08.2021 00:21:10.966,6.33394,6.333200000000001,1.5,1.5
12.08.2021 00:21:12.894,6.33394,6.333200000000001,1,1.5
12.08.2021 00:21:12.995,6.33399,6.33321,1.5,1
12.08.2021 00:21:13.146,6.33417,6.33323,1,1
12.08.2021 00:21:13.247,6.33417,6.333380000000001,1,1.5
12.08.2021 00:21:19.336,6.334210000000001,6.333480000000001,1.5,1
12.08.2021 00:21:26.984,6.33417,6.333340000000001,1,1.5
12.08.2021 00:22:15.100,6.33422,6.3334,1.5,1.5
12.08.2021 00:22:39.372,6.33422,6.3334,1.5,1.12
12.08.2021 00:22:39.473,6.33405,6.3332500000000005,1,1.5
12.08.2021 00:22:39.624,6.33405,6.3332500000000005,1.5,1.5
12.08.2021 00:22:41.689,6.33405,6.3332500000000005,1.5,1.5
12.08.2021 00:22:44.347,6.33406,6.333240000000001,1.5,1.5
12.08.2021 00:22:44.448,6.3342,6.333330000000001,1.5,1
12.08.2021 00:22:44.599,6.33422,6.33341,1.5,1
12.08.2021 00:22:44.649,6.334230000000001,6.3334,1.5,1.5
12.08.2021 00:23:29.121,6.33417,6.33331,1.5,1
12.08.2021 00:23:29.237,6.33411,6.33332,1,1.62
12.08.2021 00:23:29.339,6.33407,6.33332,1,1
12.08.2021 00:23:29.491,6.33407,6.33323,1,1.5
12.08.2021 00:23:31.279,6.33411,6.33323,1.5,1
12.08.2021 00:23:51.650,6.33417,6.333330000000001,1.5,1.5
12.08.2021 00:23:51.851,6.33422,6.333340000000001,1.5,1.5
12.08.2021 00:25:02.619,6.33422,6.33341,1.5,1.5
12.08.2021 00:25:05.090,6.33422,6.33349,1.5,1
12.08.2021 00:25:09.873,6.33422,6.33349,1.5,1.5
12.08.2021 00:25:15.468,6.334280000000001,6.33349,1.5,1.5
12.08.2021 00:25:32.907,6.334390000000001,6.333480000000001,1.5,1
12.08.2021 00:25:33.147,6.3344000000000005,6.3335300000000005,1.5,1
12.08.2021 00:25:46.074,6.33447,6.33356,1,1.5
12.08.2021 00:25:46.237,6.334490000000001,6.333730000000001,1.5,1
12.08.2021 00:25:46.287,6.334490000000001,6.333730000000001,1.5,1.5
12.08.2021 00:26:02.195,6.334490000000001,6.333730000000001,1.5,1
12.08.2021 00:26:02.246,6.334440000000001,6.33368,1.5,1.5
12.08.2021 00:26:02.397,6.33445,6.33367,1.5,1
12.08.2021 00:26:13.972,6.334440000000001,6.33368,1.5,1.5
12.08.2021 00:26:14.649,6.334480000000001,6.33367,1,1
12.08.2021 00:26:14.756,6.334280000000001,6.333550000000001,1,1.5
12.08.2021 00:26:14.856,6.33424,6.333480000000001,1.5,1.12
12.08.2021 00:27:19.275,6.3342,6.33344,1,1.5
12.08.2021 00:27:19.477,6.33417,6.3333,1.62,1.5
12.08.2021 00:27:22.188,6.33417,6.3333,1.62,1.5
12.08.2021 00:27:25.855,6.33417,6.3333,1.62,1.5
12.08.2021 00:27:30.268,6.33422,6.33335,1.5,1.5
12.08.2021 00:27:30.378,6.33422,6.333550000000001,1.5,1
12.08.2021 00:27:30.469,6.33422,6.333550000000001,1.5,1
12.08.2021 00:27:37.843,6.33427,6.333550000000001,1,1
12.08.2021 00:27:50.333,6.33427,6.3334,1,1.5
12.08.2021 00:28:01.200,6.33427,6.33345,1,1.5
12.08.2021 00:28:02.443,6.3343300000000005,6.3334600000000005,1.5,1.5
12.08.2021 00:28:04.416,6.33437,6.33351,1,1.5
12.08.2021 00:28:04.523,6.33437,6.33357,1,1
12.08.2021 00:28:04.645,6.33437,6.33357,1,1.5
12.08.2021 00:28:04.959,6.33437,6.3336500000000004,1,1
12.08.2021 00:28:05.110,6.33445,6.333640000000001,1.5,1.5
12.08.2021 00:28:07.541,6.334440000000001,6.3336500000000004,1.5,1.5
12.08.2021 00:28:07.642,6.334440000000001,6.33376,1.5,1
12.08.2021 00:28:12.163,6.334440000000001,6.33367,1.5,1.5
12.08.2021 00:28:12.264,6.33434,6.33367,1,1
12.08.2021 00:28:12.365,6.3343300000000005,6.33359,1.5,1
12.08.2021 00:28:12.465,6.33427,6.33349,1,1.5
12.08.2021 00:28:12.667,6.33434,6.33349,1,1.5
12.08.2021 00:28:13.087,6.33429,6.33349,1,1.5
12.08.2021 00:28:13.192,6.334230000000001,6.33349,1,1.5
12.08.2021 00:28:14.927,6.334280000000001,6.333480000000001,1,1.5
12.08.2021 00:28:15.530,6.33427,6.33349,1,1.12
12.08.2021 00:28:55.154,6.334180000000001,6.333480000000001,1,1
12.08.2021 00:28:59.048,6.33427,6.33349,1,1.5
12.08.2021 00:29:00.691,6.33427,6.33349,1,1
12.08.2021 00:29:02.386,6.33427,6.33349,1,1.12
12.08.2021 00:29:02.539,6.334280000000001,6.333480000000001,1,1
12.08.2021 00:29:27.189,6.334280000000001,6.333480000000001,1,1.12
12.08.2021 00:29:34.689,6.334210000000001,6.33349,1,1
12.08.2021 00:29:41.989,6.33422,6.33349,1,1.5
12.08.2021 00:29:42.090,6.3343300000000005,6.3335300000000005,1.5,1
12.08.2021 00:29:42.241,6.334390000000001,6.33368,1,1.5
12.08.2021 00:29:42.342,6.334440000000001,6.333690000000001,1.5,1.5
12.08.2021 00:29:48.313,6.334490000000001,6.33377,1.5,1
12.08.2021 00:29:50.417,6.33447,6.33368,1,1.5
12.08.2021 00:29:50.847,6.33446,6.333690000000001,1,1.5
12.08.2021 00:30:00.310,6.33447,6.333690000000001,1,1
12.08.2021 00:30:00.360,6.334440000000001,6.33357,1.5,1.5
12.08.2021 00:30:00.511,6.33437,6.33357,1,1.5
12.08.2021 00:30:01.749,6.33437,6.33357,1,1.5
12.08.2021 00:30:01.950,6.33445,6.333600000000001,1.5,1.5
12.08.2021 00:30:18.358,6.33445,6.3337,1.5,1
12.08.2021 00:30:18.862,6.3345,6.3337,1.5,1.5
12.08.2021 00:30:28.045,6.33447,6.33371,1,1.5
12.08.2021 00:30:43.518,6.334440000000001,6.33357,1.5,1.5
12.08.2021 00:30:43.671,6.3343300000000005,6.33363,1,1.5
12.08.2021 00:30:43.797,6.33427,6.33363,1,1
12.08.2021 00:30:43.898,6.33427,6.33363,1,1
12.08.2021 00:30:44.058,6.334280000000001,6.33354,1,1
12.08.2021 00:30:45.845,6.33427,6.333550000000001,1,1
12.08.2021 00:30:49.785,6.33427,6.333550000000001,1,1
12.08.2021 00:30:55.661,6.33422,6.3334600000000005,1.5,1.5
12.08.2021 00:31:00.689,6.33417,6.3334600000000005,1,1.12
12.08.2021 00:31:21.122,6.33417,6.333380000000001,1.62,1.5
12.08.2021 00:31:21.284,6.33401,6.333380000000001,1,1.5
12.08.2021 00:31:21.334,6.33401,6.33326,1.5,1.12
12.08.2021 00:31:21.704,6.333950000000001,6.33326,1.5,1
12.08.2021 00:31:22.215,6.33397,6.3331800000000005,1,1.5
12.08.2021 00:31:22.954,6.33397,6.33326,1,1
12.08.2021 00:31:23.004,6.33397,6.33326,1,1.5
12.08.2021 00:31:23.167,6.33406,6.33326,1.5,1
12.08.2021 00:31:23.368,6.33406,6.33326,1.5,1.12
12.08.2021 00:31:24.596,6.33401,6.33326,1.5,1
12.08.2021 00:31:24.715,6.33401,6.33314,1.5,2
12.08.2021 00:32:00.093,6.33408,6.333290000000001,1,1.12
12.08.2021 00:32:00.244,6.33417,6.33344,1,1
12.08.2021 00:32:00.294,6.33419,6.33344,1,1
12.08.2021 00:32:03.189,6.33417,6.33344,1,1.5
12.08.2021 00:32:18.993,6.334130000000001,6.3333,1,1.5
12.08.2021 00:32:19.044,6.33407,6.33336,1,1.5
12.08.2021 00:32:19.201,6.33405,6.33336,1,1.5
12.08.2021 00:32:19.252,6.334040000000001,6.33336,1,1
12.08.2021 00:32:19.435,6.334040000000001,6.33336,1,1
12.08.2021 00:32:19.705,6.33417,6.33336,1.62,1.5
12.08.2021 00:32:28.778,6.33408,6.3333,1,1.5
12.08.2021 00:32:28.959,6.33407,6.3332500000000005,1,1.62
12.08.2021 00:32:42.189,6.33407,6.3332500000000005,1,1.5
12.08.2021 00:32:48.189,6.33406,6.33328,1.5,1
12.08.2021 00:32:48.362,6.33398,6.33327,1,1
12.08.2021 00:32:48.916,6.33397,6.33328,1,1
12.08.2021 00:32:49.017,6.33406,6.33323,1.5,1.62
12.08.2021 00:32:49.119,6.33406,6.33323,1.5,1.62
12.08.2021 00:32:49.689,6.33407,6.33322,1.5,1.62
12.08.2021 00:32:50.651,6.33415,6.3333,1,1.5
12.08.2021 00:32:51.390,6.33417,6.3333,1.62,1.5
12.08.2021 00:33:10.423,6.334180000000001,6.33335,1.62,1.5
12.08.2021 00:33:13.406,6.33408,6.33336,1.5,1
12.08.2021 00:33:15.591,6.334040000000001,6.33327,1,1
12.08.2021 00:33:22.629,6.33397,6.3331800000000005,1,1.5
12.08.2021 00:33:23.628,6.33398,6.33317,1,1.5
12.08.2021 00:33:23.832,6.33397,6.3331800000000005,1,1.5
12.08.2021 00:33:51.570,6.33406,6.33323,1.5,1
12.08.2021 00:33:52.449,6.33406,6.33332,1.5,1
12.08.2021 00:34:13.831,6.33406,6.33332,1.5,1
12.08.2021 00:34:13.932,6.33401,6.33314,1.5,1.5
12.08.2021 00:34:14.033,6.33401,6.33314,1.5,1.5
12.08.2021 00:34:14.134,6.33397,6.33314,1,1.5
12.08.2021 00:34:16.608,6.33402,6.33323,1.5,1
12.08.2021 00:34:32.126,6.33397,6.333200000000001,1,1.5
12.08.2021 00:34:32.816,6.3340000000000005,6.33319,1,1.5
12.08.2021 00:34:32.917,6.33399,6.33331,1,1
12.08.2021 00:34:32.970,6.33416,6.33331,1.5,1
12.08.2021 00:34:33.021,6.33416,6.33331,1.5,1.5
12.08.2021 00:34:34.195,6.33417,6.33331,1.62,1.5
12.08.2021 00:34:44.391,6.33412,6.3332500000000005,1.5,1.5
12.08.2021 00:34:44.543,6.33407,6.3332500000000005,1,1.5
12.08.2021 00:35:02.430,6.33406,6.333200000000001,1.5,2
12.08.2021 00:35:06.408,6.33406,6.333340000000001,1.5,1
12.08.2021 00:35:06.643,6.334130000000001,6.333330000000001,1.5,1.5
12.08.2021 00:35:10.476,6.334130000000001,6.333330000000001,1.5,1.5
12.08.2021 00:35:33.386,6.334230000000001,6.33342,1.5,1.62
12.08.2021 00:35:33.475,6.33424,6.33342,1.5,1
12.08.2021 00:35:38.550,6.334230000000001,6.333430000000001,1.5,1
12.08.2021 00:35:45.301,6.334280000000001,6.33351,1.5,1.62
12.08.2021 00:35:46.010,6.334280000000001,6.33351,1.5,1.12
12.08.2021 00:35:51.629,6.334280000000001,6.33351,1.5,1.62
12.08.2021 00:35:51.829,6.334280000000001,6.33351,1.5,1.12
12.08.2021 00:35:53.995,6.334280000000001,6.33351,1.5,1
12.08.2021 00:35:56.450,6.334280000000001,6.333430000000001,1.5,1
12.08.2021 00:35:57.190,6.33427,6.333430000000001,1,1
12.08.2021 00:35:59.438,6.3343300000000005,6.33347,1.5,1
12.08.2021 00:35:59.489,6.3343300000000005,6.33347,1.5,1.5
12.08.2021 00:35:59.806,6.3343300000000005,6.33347,1.5,1.5
12.08.2021 00:35:59.958,6.33447,6.33363,1,1
12.08.2021 00:36:00.008,6.33447,6.33363,1,1.62
12.08.2021 00:36:00.539,6.334440000000001,6.33372,1.5,1
12.08.2021 00:36:30.537,6.33447,6.333640000000001,1,1.5
12.08.2021 00:36:30.587,6.334480000000001,6.33371,1,1
12.08.2021 00:37:51.989,6.3345,6.33372,1.5,1.5
12.08.2021 00:37:52.040,6.33456,6.3337900000000005,1.5,1.5
12.08.2021 00:37:52.126,6.3345,6.3338,1,1.5
12.08.2021 00:37:52.227,6.33457,6.3338,1,1
12.08.2021 00:37:52.428,6.33457,6.3338,1,2
12.08.2021 00:37:54.305,6.33464,6.333880000000001,1.5,1
12.08.2021 00:38:11.998,6.33464,6.3338,1.5,1.5
12.08.2021 00:38:23.416,6.33466,6.3338,1.5,1.5
12.08.2021 00:38:23.584,6.33466,6.333830000000001,1.5,1.62
12.08.2021 00:38:24.427,6.33466,6.333880000000001,1.5,1.5
12.08.2021 00:38:24.622,6.33466,6.333880000000001,1.5,1.5
12.08.2021 00:38:38.544,6.33466,6.333880000000001,1,1.5
12.08.2021 00:38:38.747,6.33466,6.333880000000001,1.5,1.5
12.08.2021 00:39:02.086,6.33476,6.33396,1.5,1.5
12.08.2021 00:39:06.640,6.33476,6.33396,1.5,1
12.08.2021 00:39:14.796,6.33471,6.33396,1,1
12.08.2021 00:39:51.173,6.33476,6.33396,1.5,1
12.08.2021 00:39:52.921,6.33476,6.33391,1.5,1
12.08.2021 00:40:04.283,6.33467,6.333880000000001,1,1.12
12.08.2021 00:40:04.435,6.33467,6.333880000000001,1,1
12.08.2021 00:40:10.887,6.33465,6.333880000000001,1,1.5
12.08.2021 00:40:11.388,6.33471,6.333880000000001,1.5,1.5
12.08.2021 00:40:15.930,6.33471,6.33399,1.5,1
12.08.2021 00:40:16.334,6.33477,6.33399,1.62,1
12.08.2021 00:40:36.243,6.33476,6.33399,1.5,1
12.08.2021 00:40:37.861,6.33476,6.33399,1.62,1
12.08.2021 00:40:39.836,6.33477,6.33399,2,1
12.08.2021 00:40:53.690,6.33482,6.33399,1.5,1.12
12.08.2021 00:41:57.901,6.33477,6.33399,1.5,1
12.08.2021 00:41:57.951,6.33477,6.33391,1.62,1.5
12.08.2021 00:42:03.308,6.33471,6.33385,1.5,1.5
12.08.2021 00:42:06.517,6.33481,6.33396,1.5,1.62
12.08.2021 00:42:06.567,6.3348700000000004,6.334130000000001,1.5,1
12.08.2021 00:42:06.769,6.33497,6.334130000000001,1.62,1
12.08.2021 00:42:15.892,6.33497,6.33425,1,1
12.08.2021 00:42:30.739,6.33504,6.33425,1.5,1.5
12.08.2021 00:42:33.230,6.33507,6.334350000000001,1,1
12.08.2021 00:42:33.332,6.33525,6.3344000000000005,1.5,1.5
12.08.2021 00:42:34.571,6.33513,6.334440000000001,1,1.5
12.08.2021 00:42:34.621,6.33512,6.334440000000001,1,1
12.08.2021 00:42:34.725,6.3350800000000005,6.33434,1.5,1
12.08.2021 00:42:34.826,6.33507,6.33424,1,1
12.08.2021 00:42:34.876,6.33504,6.3342,1.5,1.5
12.08.2021 00:42:35.026,6.33504,6.3342,1.5,1.5
12.08.2021 00:42:59.018,6.335030000000001,6.3342,1.5,1.5
12.08.2021 00:42:59.265,6.33504,6.3342600000000004,1.5,1
12.08.2021 00:42:59.316,6.33507,6.334350000000001,1,1.5
12.08.2021 00:42:59.470,6.33517,6.334440000000001,1,1
12.08.2021 00:42:59.521,6.335190000000001,6.334440000000001,1.5,1
12.08.2021 00:43:02.030,6.33507,6.334440000000001,1,1
12.08.2021 00:43:02.181,6.33507,6.334440000000001,1.5,1
12.08.2021 00:43:02.232,6.33507,6.33438,1.5,1
12.08.2021 00:43:02.381,6.33497,6.33438,1,1
12.08.2021 00:43:07.971,6.33497,6.3342600000000004,1,1.12
12.08.2021 00:43:20.243,6.33507,6.334350000000001,1,1
12.08.2021 00:43:20.346,6.33516,6.33445,1,1
12.08.2021 00:43:20.397,6.33516,6.33445,1,1
12.08.2021 00:43:21.690,6.33517,6.33445,1,1
12.08.2021 00:43:25.005,6.33525,6.33445,1.5,1
12.08.2021 00:43:25.160,6.33525,6.33445,1.5,1.5
12.08.2021 00:43:39.556,6.33531,6.334530000000001,1.5,1
12.08.2021 00:43:45.374,6.33531,6.334530000000001,1.5,1
12.08.2021 00:43:59.904,6.33525,6.33446,1.5,1.5
12.08.2021 00:43:59.955,6.335140000000001,6.33446,1.5,1
12.08.2021 00:44:00.063,6.33507,6.33438,1,1
12.08.2021 00:44:00.546,6.33512,6.33438,1,1.5
12.08.2021 00:44:02.892,6.335140000000001,6.33438,1.5,1
12.08.2021 00:44:03.043,6.335140000000001,6.33438,1.5,1
12.08.2021 00:44:04.860,6.3350800000000005,6.33446,1.5,1
12.08.2021 00:44:05.148,6.335140000000001,6.33446,1.5,1
12.08.2021 00:44:07.216,6.335140000000001,6.33446,1.5,1
12.08.2021 00:44:07.266,6.335140000000001,6.33437,1.5,1.5
12.08.2021 00:44:07.367,6.3350800000000005,6.33437,1,1.5
12.08.2021 00:44:07.418,6.33507,6.33437,1,1
12.08.2021 00:44:08.690,6.33504,6.33436,1.5,1
12.08.2021 00:44:34.193,6.3350800000000005,6.334230000000001,1.5,1.62
12.08.2021 00:44:34.293,6.33517,6.33434,1,1
12.08.2021 00:44:34.394,6.33527,6.33446,1,1.12
12.08.2021 00:44:34.644,6.33527,6.33456,1,1
12.08.2021 00:44:43.224,6.33518,6.33455,1,1
12.08.2021 00:44:43.383,6.33518,6.33455,1.5,1
12.08.2021 00:45:00.695,6.335240000000001,6.3344000000000005,1,1
12.08.2021 00:45:00.746,6.335240000000001,6.3344000000000005,1,1.5
12.08.2021 00:45:00.796,6.335240000000001,6.33443,1,1
12.08.2021 00:45:03.256,6.3353,6.334440000000001,1.5,1.5
12.08.2021 00:45:04.792,6.3353,6.33456,1.5,1
12.08.2021 00:45:33.153,6.335240000000001,6.33456,1,1
12.08.2021 00:45:33.326,6.335240000000001,6.33456,1,1
12.08.2021 00:45:37.184,6.335240000000001,6.33456,1,1
12.08.2021 00:45:42.191,6.33527,6.33456,1.5,1
12.08.2021 00:45:49.724,6.33535,6.33456,1.5,1
12.08.2021 00:45:50.654,6.33535,6.33451,1.5,1
12.08.2021 00:45:59.585,6.3353,6.33446,1.5,1.5
12.08.2021 00:45:59.749,6.3353,6.33472,1.5,1
12.08.2021 00:46:01.816,6.3353600000000005,6.33464,1.5,1
12.08.2021 00:46:01.968,6.3353600000000005,6.33464,1.5,1
12.08.2021 00:46:03.151,6.3353600000000005,6.33485,1.5,1
12.08.2021 00:46:04.749,6.3353600000000005,6.33485,1.5,1
12.08.2021 00:46:04.800,6.33541,6.33476,1.5,1
12.08.2021 00:46:05.001,6.33546,6.33485,1.5,1
12.08.2021 00:46:05.688,6.33547,6.334840000000001,1.5,1
12.08.2021 00:46:11.583,6.33557,6.33485,1.62,1
12.08.2021 00:46:11.959,6.33557,6.33485,1.62,1
12.08.2021 00:46:12.060,6.335630000000001,6.334980000000001,1.5,1
12.08.2021 00:46:12.258,6.335630000000001,6.33512,1.5,1
12.08.2021 00:46:12.475,6.335640000000001,6.33495,1.5,1
12.08.2021 00:46:12.979,6.335630000000001,6.33504,1.5,1
12.08.2021 00:46:38.336,6.33562,6.334880000000001,1.5,1
12.08.2021 00:46:54.681,6.33567,6.334930000000001,1,1
12.08.2021 00:46:54.732,6.33571,6.334930000000001,1,1.5
12.08.2021 00:46:54.833,6.33577,6.334930000000001,1.5,1.5
12.08.2021 00:46:54.933,6.335780000000001,6.33492,1.5,1.5
12.08.2021 00:46:55.133,6.33577,6.33502,1.12,1
12.08.2021 00:46:55.717,6.33587,6.33513,1,1
12.08.2021 00:47:02.915,6.33587,6.33522,1,1
12.08.2021 00:47:02.965,6.33587,6.33522,1,1
12.08.2021 00:47:03.116,6.33597,6.335430000000001,1,1
12.08.2021 00:47:03.167,6.33597,6.335430000000001,1,1
12.08.2021 00:47:03.374,6.3361,6.33542,1.5,1
12.08.2021 00:47:11.440,6.33615,6.335430000000001,1.5,1
12.08.2021 00:47:13.330,6.33615,6.335330000000001,1.5,1
12.08.2021 00:47:13.721,6.33615,6.335330000000001,1.5,1
12.08.2021 00:47:20.735,6.336200000000001,6.3354800000000004,1.5,1
12.08.2021 00:47:30.747,6.33631,6.335630000000001,1.5,1
12.08.2021 00:47:30.903,6.33631,6.335630000000001,1.5,1
12.08.2021 00:47:33.806,6.33637,6.33574,1,1
12.08.2021 00:47:43.090,6.3364400000000005,6.335730000000001,1.5,1
12.08.2021 00:47:43.273,6.336430000000001,6.33577,1.5,1
12.08.2021 00:47:50.252,6.33654,6.33589,1.5,1
12.08.2021 00:47:50.403,6.336650000000001,6.3358300000000005,1.5,1
12.08.2021 00:47:50.454,6.336650000000001,6.3358300000000005,1.5,1.5
12.08.2021 00:47:50.554,6.336650000000001,6.33601,1.5,1
12.08.2021 00:47:53.305,6.33659,6.33601,1.5,1
12.08.2021 00:47:54.690,6.336600000000001,6.336,1.5,1
12.08.2021 00:47:59.597,6.33667,6.33601,1,1
12.08.2021 00:48:01.057,6.3367,6.33601,1.5,1
12.08.2021 00:48:01.107,6.33673,6.33607,1,1
12.08.2021 00:48:01.266,6.336740000000001,6.33606,1,1
12.08.2021 00:48:01.440,6.3367,6.33598,1.5,1
12.08.2021 00:48:02.713,6.3367,6.33598,1.5,1
12.08.2021 00:48:06.721,6.33667,6.33598,1.5,1
12.08.2021 00:48:08.052,6.33668,6.33597,1,1
12.08.2021 00:48:11.107,6.33666,6.33597,1.5,1
12.08.2021 00:48:11.321,6.336650000000001,6.33598,1.5,1
12.08.2021 00:48:17.360,6.336650000000001,6.3359000000000005,1.5,1
12.08.2021 00:48:18.191,6.33666,6.33589,1.5,1
12.08.2021 00:48:34.846,6.33664,6.335780000000001,1.5,1.5
12.08.2021 00:48:34.896,6.33649,6.33572,1.5,1
12.08.2021 00:48:34.997,6.336480000000001,6.33575,1.5,1
12.08.2021 00:48:35.257,6.33637,6.3356900000000005,1.62,1
12.08.2021 00:48:36.425,6.33637,6.3356900000000005,1.62,1
12.08.2021 00:48:36.539,6.33637,6.3356,1.62,1
12.08.2021 00:48:38.409,6.33628,6.3356,1.5,1
12.08.2021 00:48:38.565,6.33627,6.3356,1,1
12.08.2021 00:48:38.849,6.33627,6.3356,1,1
12.08.2021 00:48:38.900,6.33627,6.33552,1,1
12.08.2021 00:48:38.950,6.33627,6.33551,2,1
12.08.2021 00:48:39.110,6.33617,6.33552,1,1
12.08.2021 00:48:39.161,6.33626,6.335430000000001,2,1
12.08.2021 00:48:40.604,6.33627,6.33542,1.5,1.12
12.08.2021 00:48:40.892,6.33626,6.335430000000001,2,1
12.08.2021 00:48:50.025,6.336180000000001,6.335500000000001,1,1
12.08.2021 00:48:50.075,6.33617,6.33551,1,1
12.08.2021 00:48:50.647,6.33626,6.33551,1.5,1
12.08.2021 00:48:50.835,6.33617,6.33551,1,1
12.08.2021 00:48:50.955,6.33617,6.33541,1,1
12.08.2021 00:48:55.992,6.33617,6.3354800000000004,1,1
12.08.2021 00:49:00.269,6.33626,6.3354800000000004,1.5,1
12.08.2021 00:49:00.320,6.33626,6.33557,1.5,1
12.08.2021 00:49:00.436,6.33627,6.33556,1.5,1
12.08.2021 00:49:00.643,6.33628,6.33556,1,1
12.08.2021 00:49:01.116,6.33637,6.33557,1.62,1.5
12.08.2021 00:49:03.972,6.33627,6.33557,1,1
12.08.2021 00:49:04.073,6.33621,6.3354800000000004,1.12,1.5
12.08.2021 00:49:04.125,6.33621,6.3354800000000004,1.62,1.5
12.08.2021 00:49:04.869,6.33617,6.3354800000000004,1,1
12.08.2021 00:49:13.573,6.33621,6.3354800000000004,1.5,1
12.08.2021 00:49:13.973,6.33627,6.3354800000000004,1,1.5
12.08.2021 00:49:14.258,6.33633,6.3355500000000005,1.5,1
12.08.2021 00:49:20.691,6.33632,6.33556,1.5,1
12.08.2021 00:49:32.023,6.33632,6.33546,2,1.5
12.08.2021 00:49:32.187,6.33627,6.33546,1,1.12
12.08.2021 00:49:33.779,6.33617,6.33535,1,1.5
12.08.2021 00:49:36.191,6.336180000000001,6.33534,1,1.5
12.08.2021 00:49:36.549,6.33617,6.3354,1,1
12.08.2021 00:49:36.700,6.33607,6.335280000000001,1,1.5
12.08.2021 00:49:36.750,6.33607,6.335280000000001,1,1.5
12.08.2021 00:49:41.441,6.33607,6.3353600000000005,1,1
12.08.2021 00:49:41.629,6.33605,6.3353600000000005,1.5,1
12.08.2021 00:49:41.679,6.33605,6.3353600000000005,1.5,1
12.08.2021 00:49:50.161,6.3361,6.3353600000000005,1.5,1
12.08.2021 00:49:58.334,6.336080000000001,6.335240000000001,1,1.5
12.08.2021 00:49:58.385,6.335940000000001,6.33521,1.5,1
12.08.2021 00:49:58.552,6.33595,6.3352,1.5,1
12.08.2021 00:49:58.753,6.335940000000001,6.33521,1.5,1
12.08.2021 00:50:08.102,6.335940000000001,6.33509,1.5,1.5
12.08.2021 00:50:08.153,6.33595,6.33512,1.5,1
12.08.2021 00:50:08.203,6.33595,6.335140000000001,1.5,1
12.08.2021 00:50:08.354,6.33605,6.3352,1.5,1
12.08.2021 00:50:08.405,6.33605,6.3352,1.5,1.5
12.08.2021 00:50:10.740,6.33605,6.33535,1.5,1
12.08.2021 00:50:10.790,6.3361,6.33535,1.5,1
12.08.2021 00:50:10.944,6.3361,6.33535,1.5,1
12.08.2021 00:50:21.990,6.335940000000001,6.33513,1.5,1
12.08.2021 00:50:22.154,6.335940000000001,6.335240000000001,1.5,1
12.08.2021 00:50:22.205,6.335940000000001,6.33516,1.5,1
12.08.2021 00:50:22.690,6.335940000000001,6.33516,1.5,1
12.08.2021 00:50:26.305,6.335990000000001,6.33516,1.5,1.5
12.08.2021 00:50:27.508,6.33605,6.33526,1.5,1.5
12.08.2021 00:50:27.961,6.33605,6.33534,1.5,1
12.08.2021 00:50:28.414,6.33605,6.33525,1.5,1.5
12.08.2021 00:50:30.691,6.33605,6.33525,1.5,1.5
12.08.2021 00:50:38.412,6.33597,6.335140000000001,1,1.12
12.08.2021 00:50:38.575,6.33587,6.335030000000001,1,1.5
12.08.2021 00:50:39.839,6.33587,6.33513,1,1
12.08.2021 00:50:46.276,6.33587,6.33513,1,1
12.08.2021 00:51:05.253,6.33587,6.33509,1,1.5
12.08.2021 00:51:05.434,6.335940000000001,6.33521,1.5,1
12.08.2021 00:51:05.584,6.33595,6.3352,1.5,1
12.08.2021 00:51:09.690,6.335940000000001,6.33521,1.5,1
12.08.2021 00:51:11.205,6.33595,6.3352,1.5,1
12.08.2021 00:51:14.273,6.33589,6.33512,1.5,1.12
12.08.2021 00:51:33.192,6.33589,6.33512,1.5,1
12.08.2021 00:51:37.966,6.3359000000000005,6.33502,1.5,1.62
12.08.2021 00:51:44.422,6.33589,6.33512,1.5,1
12.08.2021 00:51:46.862,6.335940000000001,6.33512,1.5,1.12
12.08.2021 00:51:59.892,6.33595,6.3350800000000005,1.5,1.5
12.08.2021 00:52:00.350,6.336,6.33522,1.5,1
12.08.2021 00:52:02.497,6.335990000000001,6.335230000000001,1.5,1
12.08.2021 00:52:07.586,6.33602,6.33522,1,1.5
12.08.2021 00:52:07.896,6.33606,6.33522,1.5,1.5
12.08.2021 00:52:15.482,6.335990000000001,6.335140000000001,1.5,1.62
12.08.2021 00:52:15.582,6.335990000000001,6.335140000000001,1.5,1.12
12.08.2021 00:52:15.683,6.33598,6.33513,1,1
12.08.2021 00:52:25.902,6.33589,6.33502,1,1.62
12.08.2021 00:52:28.573,6.33582,6.3351500000000005,1.5,1
12.08.2021 00:52:35.582,6.33593,6.3351500000000005,1,1.5
12.08.2021 00:52:35.742,6.33593,6.3351500000000005,1,1
12.08.2021 00:52:50.382,6.33589,6.335030000000001,1.5,1.62
12.08.2021 00:52:51.191,6.33589,6.335030000000001,1.5,1.62
12.08.2021 00:52:58.799,6.33589,6.3351500000000005,1.5,1
12.08.2021 00:53:11.147,6.33587,6.3351500000000005,1.5,1
12.08.2021 00:53:24.795,6.33587,6.335030000000001,1,1.5
12.08.2021 00:53:44.449,6.33572,6.334930000000001,1.5,1
12.08.2021 00:53:44.651,6.33567,6.33499,1,1
12.08.2021 00:53:44.802,6.33567,6.334890000000001,1,1
12.08.2021 00:53:45.081,6.33567,6.334890000000001,1,1
12.08.2021 00:53:46.420,6.33557,6.334790000000001,1.5,1.5
12.08.2021 00:53:46.470,6.33557,6.33478,1.5,1
12.08.2021 00:53:50.188,6.33549,6.334790000000001,1,1
12.08.2021 00:53:50.238,6.335380000000001,6.3346800000000005,1,1.5
12.08.2021 00:53:50.440,6.3353600000000005,6.33456,1.5,1.12
12.08.2021 00:53:53.692,6.3353600000000005,6.33456,1.5,1
12.08.2021 00:53:54.367,6.33535,6.33457,1.5,1
12.08.2021 00:54:03.562,6.3352900000000005,6.334440000000001,1.5,1.5
12.08.2021 00:54:04.944,6.3352900000000005,6.334440000000001,1.5,1.5
12.08.2021 00:54:05.045,6.3352900000000005,6.334440000000001,1,1
12.08.2021 00:54:06.510,6.33535,6.3345,1,1
12.08.2021 00:54:07.230,6.33537,6.33467,1,1
12.08.2021 00:54:07.331,6.33551,6.33476,1.5,1
12.08.2021 00:54:07.431,6.33562,6.33485,1,1
12.08.2021 00:54:07.638,6.33562,6.33495,1,1
12.08.2021 00:54:12.287,6.33562,6.33483,1,1
12.08.2021 00:54:14.184,6.33562,6.33492,1,1
12.08.2021 00:54:15.247,6.335630000000001,6.33491,1.5,1
12.08.2021 00:54:17.175,6.33562,6.33492,1,1
12.08.2021 00:54:21.648,6.335630000000001,6.33491,1.5,1
12.08.2021 00:54:21.854,6.33561,6.3348,1,1
12.08.2021 00:54:21.954,6.335630000000001,6.334790000000001,1.5,1
12.08.2021 00:54:26.893,6.33561,6.3348,1,1
12.08.2021 00:54:26.944,6.335450000000001,6.3346800000000005,1,1
12.08.2021 00:54:27.023,6.3354,6.3346800000000005,1,1
12.08.2021 00:54:27.239,6.3354,6.3346800000000005,1.62,1
12.08.2021 00:54:27.633,6.3353600000000005,6.33467,1,1
12.08.2021 00:54:27.736,6.33535,6.334580000000001,1,1
12.08.2021 00:54:28.512,6.33535,6.334580000000001,1.5,1
12.08.2021 00:54:29.078,6.33535,6.334490000000001,1,1.5
12.08.2021 00:54:29.129,6.33516,6.3345,1,1
12.08.2021 00:54:29.230,6.33516,6.33441,1,1
12.08.2021 00:54:29.330,6.33518,6.33441,1.5,1
12.08.2021 00:54:29.939,6.33518,6.33441,1,1
12.08.2021 00:54:33.381,6.335240000000001,6.33441,1,1
12.08.2021 00:54:33.493,6.335240000000001,6.33441,1,1.5
12.08.2021 00:54:33.618,6.335280000000001,6.334440000000001,1.5,1
12.08.2021 00:54:33.719,6.335280000000001,6.334490000000001,1,1
12.08.2021 00:54:33.959,6.335280000000001,6.334490000000001,1.5,1
12.08.2021 00:54:34.070,6.33527,6.334490000000001,1,1
12.08.2021 00:54:34.480,6.335280000000001,6.33443,1,1
12.08.2021 00:54:34.530,6.33518,6.3344000000000005,1.5,1
12.08.2021 00:54:36.864,6.33518,6.3344000000000005,1,1
12.08.2021 00:54:36.914,6.33527,6.334490000000001,1,1
12.08.2021 00:54:37.087,6.3353,6.334480000000001,1,1
12.08.2021 00:54:39.034,6.3352900000000005,6.334490000000001,1.5,1
12.08.2021 00:54:39.135,6.335240000000001,6.334490000000001,1,1
12.08.2021 00:54:39.236,6.335240000000001,6.334490000000001,1.5,1
12.08.2021 00:54:39.620,6.33525,6.334480000000001,1,1
12.08.2021 00:54:40.788,6.3353,6.334480000000001,1.5,1
12.08.2021 00:54:40.840,6.3352900000000005,6.334490000000001,1,1
12.08.2021 00:54:40.943,6.3352900000000005,6.334490000000001,1.5,1
12.08.2021 00:54:41.093,6.335240000000001,6.334490000000001,1,1
12.08.2021 00:54:42.186,6.335240000000001,6.33457,1,1
12.08.2021 00:54:42.728,6.335240000000001,6.334490000000001,1,1
12.08.2021 00:54:43.187,6.33527,6.334490000000001,1,1
12.08.2021 00:54:44.234,6.3352900000000005,6.334490000000001,1.5,1
12.08.2021 00:54:49.650,6.33527,6.334490000000001,1,1
12.08.2021 00:54:49.751,6.33513,6.33441,1,1
12.08.2021 00:54:50.059,6.335140000000001,6.3344000000000005,1.5,1
12.08.2021 00:54:52.687,6.3350800000000005,6.33441,1,1
12.08.2021 00:54:52.846,6.3350800000000005,6.33441,1.5,1
12.08.2021 00:54:52.899,6.3350800000000005,6.33431,1.5,1
12.08.2021 00:54:53.201,6.3350800000000005,6.33431,1,1
12.08.2021 00:54:53.872,6.33513,6.33431,1.5,1
12.08.2021 00:54:53.934,6.335140000000001,6.33443,1.5,1
12.08.2021 00:54:54.061,6.33513,6.334440000000001,1,1
12.08.2021 00:54:59.241,6.335240000000001,6.334440000000001,1.12,1
12.08.2021 00:54:59.961,6.335190000000001,6.33443,2,1
12.08.2021 00:55:00.125,6.3350800000000005,6.334440000000001,1,1
12.08.2021 00:55:00.204,6.33509,6.3342600000000004,1,1
12.08.2021 00:55:00.321,6.3350800000000005,6.33429,1,1
12.08.2021 00:55:00.422,6.33517,6.334390000000001,1,1
12.08.2021 00:55:00.522,6.335240000000001,6.3345400000000005,1,1
12.08.2021 00:55:00.573,6.335240000000001,6.3345400000000005,1.5,1
12.08.2021 00:55:00.680,6.335240000000001,6.33445,1.5,1
12.08.2021 00:55:00.781,6.3352900000000005,6.33445,1.5,1.5
12.08.2021 00:55:10.273,6.33525,6.334490000000001,1,1
12.08.2021 00:55:14.018,6.33525,6.3345400000000005,1,1
12.08.2021 00:55:14.630,6.33525,6.3345400000000005,1.5,1
12.08.2021 00:55:14.731,6.33509,6.33438,1,1
12.08.2021 00:55:14.903,6.335100000000001,6.33437,1.5,1
12.08.2021 00:55:15.126,6.33507,6.33438,1,1
12.08.2021 00:55:15.303,6.33506,6.33438,1,1
12.08.2021 00:55:15.354,6.33499,6.33425,1,1
12.08.2021 00:55:16.656,6.334930000000001,6.3342600000000004,1,1
12.08.2021 00:55:18.765,6.33499,6.33425,1,1
12.08.2021 00:55:18.868,6.334930000000001,6.3342600000000004,1,1
12.08.2021 00:55:20.508,6.334930000000001,6.334180000000001,1,1
12.08.2021 00:55:20.558,6.3348700000000004,6.334180000000001,1.5,1
12.08.2021 00:55:20.659,6.334880000000001,6.3341,1.62,1
12.08.2021 00:55:20.719,6.3348700000000004,6.3341,1,1
12.08.2021 00:55:20.869,6.33477,6.3340000000000005,1,1.5
12.08.2021 00:55:20.920,6.33477,6.3340000000000005,1.62,1.5
12.08.2021 00:55:21.383,6.33477,6.3340000000000005,1.62,1.5
12.08.2021 00:55:21.463,6.33471,6.3340000000000005,1,1
12.08.2021 00:55:22.382,6.33477,6.3340000000000005,1.12,1
12.08.2021 00:55:27.660,6.33477,6.33402,1.12,1
12.08.2021 00:55:29.860,6.33477,6.33402,1.62,1
12.08.2021 00:55:29.911,6.33472,6.33392,1.5,1.12
12.08.2021 00:55:30.861,6.33471,6.3339300000000005,1.5,1
12.08.2021 00:55:31.348,6.33471,6.3339300000000005,1,1
12.08.2021 00:55:31.976,6.334700000000001,6.3339300000000005,1,1.12
12.08.2021 00:55:32.193,6.334700000000001,6.33401,1,1
12.08.2021 00:55:32.354,6.33477,6.3340000000000005,1.5,1
12.08.2021 00:55:32.405,6.33476,6.33401,1,1
12.08.2021 00:55:32.750,6.33476,6.33401,1.5,1
12.08.2021 00:55:33.745,6.33476,6.33401,1.5,1
12.08.2021 00:55:34.753,6.33476,6.33401,1.5,1
12.08.2021 00:55:34.944,6.33476,6.33401,1.5,1
12.08.2021 00:55:49.418,6.33476,6.33401,1.5,1.5
12.08.2021 00:55:50.697,6.33476,6.33403,1.5,1
12.08.2021 00:55:58.840,6.33477,6.33394,1.5,1.5
12.08.2021 00:56:03.016,6.33476,6.33401,1.5,1.5
12.08.2021 00:56:03.218,6.33476,6.33401,1.5,1.5
12.08.2021 00:56:07.025,6.33476,6.33401,1.5,1.5
12.08.2021 00:56:08.318,6.33476,6.33401,1.5,1.5
12.08.2021 00:56:21.293,6.33476,6.33401,1.5,1
12.08.2021 00:57:02.549,6.33476,6.33401,1.5,1.5
12.08.2021 00:57:04.827,6.33476,6.33401,1.5,1
12.08.2021 00:57:05.100,6.3346,6.33401,1,1
12.08.2021 00:57:05.201,6.334490000000001,6.33401,1.12,1
12.08.2021 00:57:05.251,6.334490000000001,6.3337900000000005,1.12,2
12.08.2021 00:57:05.302,6.3345,6.333780000000001,1.5,1.5
12.08.2021 00:57:06.002,6.33447,6.3337900000000005,1,1.5
12.08.2021 00:57:25.951,6.334440000000001,6.33363,1.5,1.62
12.08.2021 00:57:31.692,6.3345400000000005,6.33363,1.5,1.62
12.08.2021 00:57:35.584,6.3345400000000005,6.3337900000000005,1.62,1
12.08.2021 00:57:39.065,6.334530000000001,6.33371,1,1.5
12.08.2021 00:57:39.587,6.33447,6.33371,1,1
12.08.2021 00:57:44.012,6.33445,6.33371,1,1
12.08.2021 00:57:55.950,6.33447,6.33358,1,1.5
12.08.2021 00:58:02.091,6.334480000000001,6.33358,1,1
12.08.2021 00:58:11.846,6.3345400000000005,6.33371,1.5,1.5
12.08.2021 00:58:11.947,6.33466,6.333830000000001,1.5,1
12.08.2021 00:58:12.051,6.33465,6.33384,1.5,1.5
12.08.2021 00:58:14.489,6.33465,6.33391,1.5,1.5
12.08.2021 00:58:19.262,6.33476,6.33402,1.5,1
12.08.2021 00:58:19.393,6.33477,6.3341,1,1
12.08.2021 00:58:19.443,6.33481,6.3341,1.5,1.12
12.08.2021 00:58:19.631,6.3348700000000004,6.3341,1.5,1.5
12.08.2021 00:58:20.067,6.33492,6.334130000000001,1.5,1
12.08.2021 00:58:21.324,6.33492,6.334180000000001,1.5,1
12.08.2021 00:58:26.689,6.33492,6.334180000000001,1.5,1.5
12.08.2021 00:58:28.045,6.334930000000001,6.33417,1.5,1.5
12.08.2021 00:58:28.247,6.334980000000001,6.334180000000001,1.5,1.5
12.08.2021 00:58:47.670,6.335030000000001,6.3342600000000004,1.5,1
12.08.2021 00:59:15.776,6.33504,6.334210000000001,1.5,1.5
12.08.2021 00:59:15.877,6.33504,6.3344000000000005,1.5,1
12.08.2021 00:59:15.927,6.33509,6.3344000000000005,1.5,1
12.08.2021 00:59:16.093,6.33509,6.3344000000000005,1.5,1.12
12.08.2021 00:59:16.967,6.3352,6.3344000000000005,1.5,1.5
12.08.2021 00:59:30.139,6.33525,6.33443,1.5,1.5
12.08.2021 00:59:30.316,6.3352,6.334490000000001,1.5,1
12.08.2021 00:59:30.417,6.335140000000001,6.3343300000000005,1.5,1.62
12.08.2021 00:59:31.620,6.335140000000001,6.33441,1.5,1
12.08.2021 00:59:41.108,6.3352,6.33437,1.5,1.5
12.08.2021 00:59:43.557,6.33525,6.33443,1.5,1.5
12.08.2021 00:59:43.751,6.33527,6.33452,1,1.5
12.08.2021 00:59:43.952,6.33531,6.3346,1.5,1
12.08.2021 00:59:44.692,6.33531,6.3346,1.5,1
12.08.2021 00:59:46.663,6.33532,6.33459,1.5,1
12.08.2021 00:59:49.497,6.3354800000000004,6.33471,1,1
12.08.2021 00:59:49.699,6.33552,6.33472,1.5,1.5
12.08.2021 00:59:50.542,6.3354800000000004,6.33471,1.62,1
12.08.2021 00:59:50.743,6.3353600000000005,6.33472,1.5,1
12.08.2021 00:59:51.726,6.3353600000000005,6.334630000000001,1.5,1
12.08.2021 00:59:52.743,6.3353600000000005,6.334630000000001,1.5,1
12.08.2021 01:00:00.393,6.33531,6.334630000000001,1.5,1
12.08.2021 01:00:00.602,6.33532,6.33447,1.5,1.5
12.08.2021 01:00:07.054,6.33527,6.33452,1.5,1
12.08.2021 01:00:09.045,6.3351500000000005,6.33451,1.5,1
12.08.2021 01:00:09.146,6.3350800000000005,6.33436,1,1.5
12.08.2021 01:00:09.246,6.33507,6.33437,1,1
12.08.2021 01:00:09.619,6.33504,6.334350000000001,1.5,1
12.08.2021 01:00:10.172,6.33504,6.33427,1.5,1.12
12.08.2021 01:00:12.030,6.334980000000001,6.3342600000000004,1.5,1
12.08.2021 01:00:14.049,6.33504,6.33427,1.5,1
12.08.2021 01:00:23.705,6.33504,6.33427,1.5,1
12.08.2021 01:00:36.059,6.33497,6.334210000000001,1,1.5
12.08.2021 01:00:36.109,6.3348700000000004,6.33424,1,1
12.08.2021 01:00:36.210,6.334840000000001,6.33424,1,1
12.08.2021 01:00:36.261,6.3348700000000004,6.33424,1.62,1
12.08.2021 01:00:36.361,6.33477,6.334130000000001,1.5,1
12.08.2021 01:00:37.239,6.33478,6.33412,1.62,1
12.08.2021 01:00:40.248,6.33476,6.334040000000001,1,1
12.08.2021 01:00:42.532,6.33477,6.334040000000001,1.62,1
12.08.2021 01:00:49.273,6.33473,6.334040000000001,1,1
12.08.2021 01:00:56.998,6.33477,6.3340000000000005,1.5,1.12
12.08.2021 01:01:10.246,6.33481,6.33412,1.5,1
12.08.2021 01:01:10.297,6.33481,6.33412,1.5,1
12.08.2021 01:01:10.498,6.33486,6.33412,1.5,1
12.08.2021 01:01:12.117,6.33486,6.33412,1.5,1
12.08.2021 01:01:12.322,6.33492,6.33411,1.5,1.5
12.08.2021 01:01:17.394,6.33491,6.33412,1.5,1.5
12.08.2021 01:01:17.495,6.33497,6.334230000000001,1.62,1
12.08.2021 01:01:18.192,6.33497,6.33431,1.5,1
12.08.2021 01:01:25.067,6.3350800000000005,6.3344000000000005,1,1
12.08.2021 01:01:25.268,6.3350800000000005,6.33441,1.5,1
12.08.2021 01:01:25.433,6.3350800000000005,6.33441,1.5,1
12.08.2021 01:01:25.629,6.33518,6.33441,1.62,1.5
12.08.2021 01:01:25.730,6.33527,6.334530000000001,1,1
12.08.2021 01:01:27.033,6.33527,6.334530000000001,1,1.12
12.08.2021 01:01:28.629,6.33535,6.334530000000001,1.5,1.62
12.08.2021 01:01:28.731,6.33552,6.3346800000000005,1.5,1
12.08.2021 01:01:28.853,6.33551,6.33469,1.5,1.5
12.08.2021 01:01:29.022,6.33556,6.33476,1.5,1
12.08.2021 01:01:29.073,6.33557,6.3347500000000005,1.5,1.5
12.08.2021 01:01:33.162,6.33556,6.33476,1.5,1.5
12.08.2021 01:01:33.334,6.33556,6.334840000000001,1.5,1
12.08.2021 01:01:33.435,6.33556,6.334840000000001,1.5,1
12.08.2021 01:01:34.535,6.335630000000001,6.33483,1.5,1
12.08.2021 01:01:37.424,6.33562,6.334840000000001,1.5,1.12
12.08.2021 01:01:37.643,6.335680000000001,6.33483,1.62,1
12.08.2021 01:01:38.069,6.335680000000001,6.33495,1.62,1
12.08.2021 01:01:38.271,6.33577,6.33504,1,1
12.08.2021 01:01:38.421,6.33572,6.334930000000001,1.5,1
12.08.2021 01:01:38.472,6.33572,6.33491,1.5,1
12.08.2021 01:01:38.699,6.335680000000001,6.3349,1,1
12.08.2021 01:01:38.870,6.33567,6.33491,1,1
12.08.2021 01:01:41.875,6.33562,6.33491,1.5,1
12.08.2021 01:01:42.119,6.33567,6.33491,1.62,1.5
12.08.2021 01:01:42.279,6.33567,6.33491,1.5,1
12.08.2021 01:01:42.572,6.335680000000001,6.3349,1.62,1.12
12.08.2021 01:01:42.738,6.335680000000001,6.3349,1.62,1
12.08.2021 01:01:44.703,6.335680000000001,6.3349,1.5,1.5
12.08.2021 01:01:44.753,6.33572,6.33499,1.5,1
12.08.2021 01:01:44.905,6.335780000000001,6.33499,1.5,1.5
12.08.2021 01:01:48.231,6.3358300000000005,6.335030000000001,1.5,1
12.08.2021 01:01:48.951,6.3358300000000005,6.33511,1.5,1
12.08.2021 01:01:49.192,6.3358300000000005,6.33511,1.5,1
12.08.2021 01:01:50.587,6.33584,6.335100000000001,1.5,1
12.08.2021 01:01:51.377,6.33589,6.33511,1.5,1.5
12.08.2021 01:01:51.685,6.33589,6.335190000000001,1.5,1
12.08.2021 01:01:51.735,6.335940000000001,6.335190000000001,1.5,1.12
12.08.2021 01:01:51.934,6.335940000000001,6.335190000000001,1.5,1
12.08.2021 01:02:03.144,6.335940000000001,6.335190000000001,1.5,1
12.08.2021 01:02:03.195,6.33597,6.33542,1,1
12.08.2021 01:02:03.245,6.33597,6.3353600000000005,1,1
12.08.2021 01:02:03.396,6.33607,6.335380000000001,1,1
12.08.2021 01:02:08.085,6.33617,6.33547,1,1
12.08.2021 01:02:08.186,6.336180000000001,6.33546,1,1
12.08.2021 01:02:08.553,6.33621,6.33547,1.5,1
12.08.2021 01:02:08.836,6.33621,6.33539,1.5,1
12.08.2021 01:02:18.099,6.33621,6.33547,1.5,1
12.08.2021 01:02:19.975,6.33621,6.33547,1.5,1
12.08.2021 01:02:20.076,6.33626,6.335590000000001,1.5,1
12.08.2021 01:02:20.183,6.33626,6.335590000000001,1.5,1
12.08.2021 01:02:20.234,6.33626,6.33551,1.5,1
12.08.2021 01:02:20.377,6.33622,6.335500000000001,1.5,1
12.08.2021 01:02:23.042,6.33621,6.33542,1.5,1
12.08.2021 01:02:28.680,6.336200000000001,6.33542,1.5,1.5
12.08.2021 01:02:32.842,6.336200000000001,6.33542,1.5,1
12.08.2021 01:02:34.637,6.336200000000001,6.3353600000000005,1.5,1.5
12.08.2021 01:02:39.536,6.33615,6.335330000000001,1.5,1
12.08.2021 01:02:40.767,6.33621,6.33537,1.5,1
12.08.2021 01:02:41.068,6.336200000000001,6.3353600000000005,1.5,1.5
12.08.2021 01:02:41.774,6.3361600000000005,6.3354,1.5,1
12.08.2021 01:02:43.801,6.3361600000000005,6.3354,1.5,1.5
12.08.2021 01:02:53.279,6.3361600000000005,6.33542,1.5,1
12.08.2021 01:03:03.599,6.33617,6.33542,1.5,1
12.08.2021 01:03:03.749,6.33606,6.33531,1.5,1.5
12.08.2021 01:03:03.800,6.33606,6.33531,1.62,1
12.08.2021 01:03:03.951,6.3359000000000005,6.33531,1,1
12.08.2021 01:03:04.151,6.3359000000000005,6.33531,1.5,1
12.08.2021 01:03:06.119,6.3359000000000005,6.335230000000001,1.5,1
12.08.2021 01:03:07.392,6.33596,6.33525,1.5,1
12.08.2021 01:03:09.611,6.33591,6.335230000000001,1.5,1
12.08.2021 01:03:10.141,6.33592,6.33522,1.12,1.12
12.08.2021 01:03:10.191,6.33596,6.33525,1.5,1
12.08.2021 01:03:10.292,6.33612,6.335330000000001,1.5,1
12.08.2021 01:03:10.392,6.33612,6.335330000000001,1.5,1.12
12.08.2021 01:03:11.086,6.336130000000001,6.33532,1.5,1.5
12.08.2021 01:03:15.193,6.336180000000001,6.33535,1.5,1.5
12.08.2021 01:03:16.685,6.33619,6.33544,1.5,1
12.08.2021 01:03:27.988,6.336180000000001,6.33535,1.5,1.5
12.08.2021 01:03:39.927,6.336080000000001,6.33534,1.5,1.12
12.08.2021 01:03:41.746,6.336180000000001,6.3354,1,1
12.08.2021 01:03:42.199,6.336180000000001,6.33541,1.5,1.5
12.08.2021 01:03:43.108,6.336180000000001,6.33541,1.5,1
12.08.2021 01:03:43.159,6.33612,6.33535,1.5,1.12
12.08.2021 01:03:43.586,6.33619,6.3354,1.5,1
12.08.2021 01:03:43.922,6.336180000000001,6.33541,1.5,1.5
12.08.2021 01:03:43.972,6.336180000000001,6.33541,1.5,1.62
12.08.2021 01:03:45.252,6.336180000000001,6.33541,1.5,1.12
12.08.2021 01:03:45.560,6.336180000000001,6.33541,1.5,1.62
12.08.2021 01:03:46.731,6.336180000000001,6.335450000000001,1.5,1
12.08.2021 01:04:01.331,6.3362300000000005,6.33546,1.5,1
12.08.2021 01:04:01.510,6.3362300000000005,6.33546,1.5,1
12.08.2021 01:04:02.472,6.33612,6.3354,1.5,1
12.08.2021 01:04:03.184,6.33612,6.33537,1.5,1
12.08.2021 01:04:03.282,6.33612,6.33535,1.5,1.5
12.08.2021 01:04:04.969,6.335850000000001,6.335240000000001,1,1
12.08.2021 01:04:05.070,6.335850000000001,6.335230000000001,1,1.5
12.08.2021 01:04:05.170,6.335850000000001,6.335230000000001,1.5,1
12.08.2021 01:04:05.459,6.335850000000001,6.33516,1.5,1
12.08.2021 01:04:07.085,6.335850000000001,6.3350800000000005,1.5,1.5
12.08.2021 01:04:07.326,6.3358,6.3350800000000005,1.5,1
12.08.2021 01:04:07.376,6.3358,6.335050000000001,1.5,1.12
12.08.2021 01:04:10.246,6.33586,6.33504,1.5,1.5
12.08.2021 01:04:10.629,6.33591,6.335100000000001,1.5,1
12.08.2021 01:04:10.751,6.33591,6.33513,1.5,1
12.08.2021 01:04:17.798,6.335850000000001,6.335030000000001,1.5,1.62
12.08.2021 01:04:25.789,6.33558,6.335030000000001,1,1
12.08.2021 01:04:25.890,6.33553,6.334880000000001,1,1.5
12.08.2021 01:04:25.990,6.33553,6.334880000000001,1.5,1
12.08.2021 01:04:26.041,6.33553,6.334790000000001,1.5,1.5
12.08.2021 01:04:26.166,6.33553,6.334790000000001,1.5,1.5
12.08.2021 01:04:26.317,6.3354800000000004,6.334790000000001,1.5,1.5
12.08.2021 01:04:26.418,6.33547,6.334790000000001,1,1
12.08.2021 01:04:26.546,6.3354800000000004,6.33478,1,1
12.08.2021 01:04:26.998,6.33547,6.33471,1,1.87
12.08.2021 01:04:28.120,6.33542,6.33471,1.5,1
12.08.2021 01:04:32.629,6.33541,6.33471,1.5,1.5
12.08.2021 01:04:32.679,6.33547,6.3348,1.62,1
12.08.2021 01:04:32.831,6.33553,6.334790000000001,1.5,1
12.08.2021 01:04:33.032,6.33547,6.3348,1,1
12.08.2021 01:04:35.821,6.33547,6.334700000000001,1.62,1
12.08.2021 01:05:03.124,6.33547,6.33471,1,1.5
12.08.2021 01:05:03.325,6.33547,6.33471,1,1.12
12.08.2021 01:05:11.065,6.33537,6.334700000000001,1.5,1
12.08.2021 01:05:11.177,6.33531,6.334700000000001,1,1
12.08.2021 01:05:11.536,6.33531,6.334700000000001,1.5,1
12.08.2021 01:05:13.943,6.33537,6.33462,2,1
12.08.2021 01:05:14.696,6.33537,6.33462,1,1.5
12.08.2021 01:05:14.747,6.33547,6.33476,1,1
12.08.2021 01:05:14.919,6.335540000000001,6.3348700000000004,1.5,1
12.08.2021 01:05:18.076,6.33567,6.335140000000001,1,1
12.08.2021 01:05:18.279,6.335850000000001,6.335140000000001,1.5,1
12.08.2021 01:05:18.330,6.33586,6.33509,1.5,1
12.08.2021 01:05:23.725,6.335850000000001,6.335100000000001,1.5,1.12
12.08.2021 01:05:30.126,6.33591,6.335100000000001,1.5,1
12.08.2021 01:05:30.799,6.33591,6.3350800000000005,1.5,2
12.08.2021 01:05:35.710,6.33591,6.3350800000000005,1.5,2
12.08.2021 01:05:40.589,6.335850000000001,6.335100000000001,1.5,1
12.08.2021 01:05:40.640,6.3356900000000005,6.335100000000001,1.5,1
12.08.2021 01:05:40.791,6.335590000000001,6.33509,1,1
12.08.2021 01:05:40.892,6.33558,6.335100000000001,1.5,1
12.08.2021 01:05:40.993,6.33567,6.33491,1,1
12.08.2021 01:05:41.129,6.33567,6.33491,1,1
12.08.2021 01:05:55.618,6.335640000000001,6.33483,1.5,1
12.08.2021 01:06:07.342,6.33574,6.33499,1.62,1.5
12.08.2021 01:06:07.865,6.33574,6.3350800000000005,1.5,1
12.08.2021 01:06:08.024,6.33574,6.3350800000000005,1,1
12.08.2021 01:06:08.408,6.33577,6.3350800000000005,1,1
12.08.2021 01:06:21.629,6.33577,6.3350800000000005,1,1
12.08.2021 01:06:22.193,6.3358,6.3350800000000005,1.5,1
12.08.2021 01:06:25.604,6.3358,6.335030000000001,1.5,1.5
12.08.2021 01:06:41.425,6.33587,6.335140000000001,1,1
12.08.2021 01:06:41.476,6.33591,6.335140000000001,1.5,1.12
12.08.2021 01:06:41.530,6.33592,6.3352,1.5,1
12.08.2021 01:06:41.631,6.33596,6.33521,1.5,1
12.08.2021 01:06:41.794,6.33596,6.3352900000000005,1.5,1
12.08.2021 01:06:41.945,6.33592,6.335280000000001,1.5,1
12.08.2021 01:06:42.046,6.335850000000001,6.3352900000000005,1.5,1
12.08.2021 01:06:42.214,6.335850000000001,6.3350800000000005,1.5,1
12.08.2021 01:06:51.018,6.33579,6.33507,1.5,1.12
12.08.2021 01:06:51.222,6.335850000000001,6.3350800000000005,1.5,1
12.08.2021 01:06:57.266,6.335850000000001,6.3350800000000005,1.5,1
12.08.2021 01:06:57.416,6.335640000000001,6.33481,1,1.5
12.08.2021 01:06:57.517,6.335640000000001,6.33481,1.5,1.5
12.08.2021 01:06:58.062,6.335640000000001,6.33504,1.5,1
12.08.2021 01:06:58.237,6.33558,6.33504,1.5,1
12.08.2021 01:06:58.345,6.33558,6.33491,1.5,1
12.08.2021 01:07:00.715,6.33558,6.33491,1.5,1
12.08.2021 01:07:00.967,6.33547,6.33491,1,1
12.08.2021 01:07:01.037,6.3354800000000004,6.3347500000000005,1,1.5
12.08.2021 01:07:01.187,6.3354800000000004,6.3347500000000005,1,1.5
12.08.2021 01:07:01.959,6.3354,6.3347500000000005,1,1
12.08.2021 01:07:02.009,6.33537,6.3346800000000005,1,1
12.08.2021 01:07:02.191,6.33537,6.3346800000000005,1,1
12.08.2021 01:07:03.328,6.33547,6.3346800000000005,1,1
12.08.2021 01:07:03.499,6.33537,6.3346800000000005,1.5,1
12.08.2021 01:07:03.755,6.33537,6.3346800000000005,1.62,1
12.08.2021 01:07:13.319,6.33537,6.3346800000000005,1.5,1
12.08.2021 01:07:13.987,6.33537,6.3346,1.62,1
12.08.2021 01:07:14.953,6.33531,6.3346,1.5,1
12.08.2021 01:07:23.621,6.33532,6.334480000000001,1.5,1.5
12.08.2021 01:07:34.177,6.33531,6.3346,1.5,1
12.08.2021 01:07:34.227,6.33532,6.33459,1.5,1
12.08.2021 01:07:37.016,6.33531,6.33459,1.5,1
12.08.2021 01:07:38.252,6.33532,6.3346100000000005,1.5,1
12.08.2021 01:07:38.322,6.33532,6.3345,1.5,1.5
12.08.2021 01:07:38.486,6.33532,6.3345,1.5,1.5
12.08.2021 01:07:44.154,6.33532,6.3346,1.5,1
12.08.2021 01:07:52.047,6.33532,6.3346,1.5,1
12.08.2021 01:07:52.254,6.33532,6.3346,1.5,1.12
12.08.2021 01:07:52.356,6.33532,6.3346100000000005,1.5,1
12.08.2021 01:08:00.122,6.3354800000000004,6.33477,1.5,1
12.08.2021 01:08:00.273,6.3354800000000004,6.334880000000001,1.5,1
12.08.2021 01:08:00.323,6.3354800000000004,6.334880000000001,1,1
12.08.2021 01:08:16.981,6.33552,6.334880000000001,1.5,1
12.08.2021 01:08:30.142,6.33553,6.33482,1.5,1.62
12.08.2021 01:08:30.328,6.33553,6.334880000000001,1.5,1
12.08.2021 01:08:31.828,6.33553,6.334880000000001,1.12,1
12.08.2021 01:08:31.934,6.335640000000001,6.334880000000001,1.5,1.5
12.08.2021 01:08:31.984,6.3357,6.33504,1,1
12.08.2021 01:08:32.034,6.33575,6.33504,1.5,1
12.08.2021 01:08:32.135,6.335850000000001,6.33509,1.5,1
12.08.2021 01:08:32.185,6.335850000000001,6.33509,1.5,1.12
12.08.2021 01:08:32.336,6.33586,6.3350800000000005,1.5,1.62
12.08.2021 01:08:32.386,6.335850000000001,6.33512,1.5,1
12.08.2021 01:08:33.703,6.335850000000001,6.3352,1.5,1
12.08.2021 01:08:33.804,6.33596,6.3352,1.5,2
12.08.2021 01:08:33.854,6.33607,6.33531,1.62,1
12.08.2021 01:08:34.888,6.33607,6.33531,1.62,1.5
12.08.2021 01:08:42.290,6.336080000000001,6.33535,1,1
12.08.2021 01:08:42.692,6.336130000000001,6.33535,1.5,1.12
12.08.2021 01:08:44.725,6.33617,6.33541,1,1
12.08.2021 01:08:44.965,6.33612,6.3353600000000005,1.5,1.12
12.08.2021 01:08:49.309,6.33607,6.33531,1.62,1.5
12.08.2021 01:08:49.978,6.336,6.33525,1,1.5
12.08.2021 01:08:50.028,6.33597,6.33525,1,1
12.08.2021 01:08:50.690,6.33598,6.335240000000001,1,1
12.08.2021 01:08:51.764,6.33597,6.33525,1,1
12.08.2021 01:08:51.814,6.33591,6.3352,1.5,1
12.08.2021 01:08:52.278,6.33591,6.335140000000001,1.5,1
12.08.2021 01:08:59.105,6.33596,6.33525,1.5,1
12.08.2021 01:09:00.105,6.33596,6.3352,1.5,1
12.08.2021 01:09:00.787,6.33597,6.335190000000001,1.5,1.5
12.08.2021 01:09:00.888,6.33607,6.33531,1.5,1
12.08.2021 01:09:00.939,6.33607,6.33531,1.5,1
12.08.2021 01:09:01.081,6.336030000000001,6.335240000000001,1.5,1.5
12.08.2021 01:09:01.398,6.33602,6.3353,1.5,1
12.08.2021 01:09:02.340,6.33601,6.335240000000001,1.5,1.5
12.08.2021 01:09:02.390,6.33606,6.3353,1.5,1.5
12.08.2021 01:09:02.729,6.33607,6.33535,1,1.5
12.08.2021 01:09:03.058,6.33606,6.33535,1.5,1
12.08.2021 01:09:03.263,6.33606,6.33535,1.5,1
12.08.2021 01:09:07.149,6.33606,6.33535,1.5,1
12.08.2021 01:09:07.199,6.33606,6.3352900000000005,1.5,1
12.08.2021 01:09:07.250,6.33596,6.33526,1.5,1
12.08.2021 01:09:07.361,6.33595,6.335190000000001,1.5,1
12.08.2021 01:09:27.205,6.33591,6.335140000000001,1.5,1.5
12.08.2021 01:09:37.634,6.33591,6.335190000000001,1.5,1
12.08.2021 01:09:38.455,6.33596,6.3352,1.5,1
12.08.2021 01:09:38.618,6.33596,6.3352,1.5,1.5
12.08.2021 01:09:38.669,6.33602,6.33525,1.5,1
12.08.2021 01:09:40.034,6.336080000000001,6.3353,1.62,1
12.08.2021 01:09:40.135,6.336080000000001,6.335380000000001,1.62,1
12.08.2021 01:09:42.062,6.33607,6.33539,1.5,1
12.08.2021 01:09:42.177,6.336030000000001,6.3353,1.5,1.12
12.08.2021 01:09:42.278,6.33602,6.33531,1.5,1
12.08.2021 01:09:42.328,6.33602,6.33525,1.5,1
12.08.2021 01:09:47.013,6.336,6.335240000000001,1.5,1.12
12.08.2021 01:09:52.311,6.33602,6.33525,1.5,1
12.08.2021 01:09:59.681,6.33596,6.3352,1.5,1.5
12.08.2021 01:09:59.732,6.33597,6.335190000000001,1.5,1
12.08.2021 01:09:59.949,6.33587,6.3352,1,1
12.08.2021 01:10:06.177,6.335850000000001,6.33509,1.5,1.5
12.08.2021 01:10:12.433,6.335850000000001,6.33518,1.5,1
12.08.2021 01:10:14.095,6.33586,6.33509,1.5,1.5
12.08.2021 01:10:14.146,6.3356900000000005,6.335100000000001,1,1.5
12.08.2021 01:10:14.247,6.3356900000000005,6.334980000000001,1.5,1.5
12.08.2021 01:10:14.297,6.33566,6.334980000000001,1,1
12.08.2021 01:10:14.487,6.33566,6.334980000000001,1,1
12.08.2021 01:10:14.759,6.33557,6.334960000000001,1,1
12.08.2021 01:10:16.192,6.33557,6.334960000000001,1,1
12.08.2021 01:10:17.827,6.33557,6.3348,1,1.5
12.08.2021 01:10:18.092,6.33558,6.334790000000001,1,1
12.08.2021 01:10:19.325,6.33558,6.334790000000001,1,1.5
12.08.2021 01:10:39.852,6.335590000000001,6.334880000000001,1.5,1
12.08.2021 01:10:40.004,6.33574,6.334980000000001,1,1.5
12.08.2021 01:10:40.055,6.3358,6.33504,1.5,1.5
12.08.2021 01:10:40.194,6.335780000000001,6.335030000000001,1,1.12
12.08.2021 01:10:41.103,6.3358,6.33507,1.5,1
12.08.2021 01:10:47.730,6.335850000000001,6.33509,1.5,1
12.08.2021 01:10:51.082,6.3358,6.33507,1.5,1.12
12.08.2021 01:10:51.737,6.33586,6.3350800000000005,1.5,1
12.08.2021 01:10:51.913,6.3358,6.33507,1.5,1.12
12.08.2021 01:10:52.152,6.335850000000001,6.33509,1.5,1
12.08.2021 01:11:05.195,6.3358,6.33507,1.5,1.12
12.08.2021 01:11:16.693,6.335850000000001,6.33509,1.5,1
12.08.2021 01:11:16.993,6.335850000000001,6.3350800000000005,1.5,1
12.08.2021 01:11:22.156,6.33584,6.33507,1.5,1.87
12.08.2021 01:11:23.392,6.335850000000001,6.33509,1.5,1
12.08.2021 01:11:31.791,6.33581,6.33506,1.5,1.12
12.08.2021 01:11:31.942,6.335850000000001,6.33509,1.5,1
12.08.2021 01:11:58.360,6.33581,6.33506,1.5,1.12
12.08.2021 01:11:58.460,6.335850000000001,6.33509,1.5,1
12.08.2021 01:12:01.984,6.335850000000001,6.3350800000000005,1.5,1
12.08.2021 01:12:08.745,6.335850000000001,6.33509,1.5,1
12.08.2021 01:12:14.851,6.3358,6.33507,1.5,1.12
12.08.2021 01:12:14.919,6.335850000000001,6.33509,1.5,1
12.08.2021 01:12:15.490,6.33581,6.33506,1.5,1.12
12.08.2021 01:12:16.467,6.335850000000001,6.33509,1.5,1
12.08.2021 01:12:21.496,6.3358,6.33504,1.5,1.5
12.08.2021 01:12:25.582,6.335850000000001,6.33509,1.5,1
12.08.2021 01:12:25.709,6.335850000000001,6.33509,1.5,1.5
12.08.2021 01:12:26.074,6.33587,6.335140000000001,1,1
12.08.2021 01:12:26.213,6.33591,6.33516,1.5,1
12.08.2021 01:12:27.788,6.33596,6.3352,1.5,1
12.08.2021 01:12:27.939,6.336040000000001,6.33531,1,1.5
12.08.2021 01:12:28.042,6.336040000000001,6.335380000000001,1,1
12.08.2021 01:12:28.113,6.336040000000001,6.335380000000001,1,1
12.08.2021 01:12:34.919,6.33612,6.335380000000001,1.5,1.5
12.08.2021 01:12:35.126,6.33617,6.33541,1,1
12.08.2021 01:12:39.025,6.336200000000001,6.33558,1,1
12.08.2021 01:12:39.075,6.33627,6.33558,1,1
12.08.2021 01:12:39.186,6.33632,6.33562,1,1
12.08.2021 01:12:39.236,6.33631,6.335630000000001,1,1
12.08.2021 01:12:44.693,6.336340000000001,6.335630000000001,1.5,1
12.08.2021 01:12:46.985,6.336340000000001,6.33561,1.5,1
12.08.2021 01:12:49.586,6.33628,6.33557,1.5,1.12
12.08.2021 01:12:49.788,6.33628,6.33557,1,1.5
12.08.2021 01:12:52.009,6.33627,6.33557,1,1.5
12.08.2021 01:12:52.192,6.33627,6.33557,1,1.5
12.08.2021 01:12:53.246,6.336290000000001,6.33558,1,1.5
12.08.2021 01:12:54.666,6.336290000000001,6.33558,1.5,1.5
12.08.2021 01:12:54.716,6.336340000000001,6.335630000000001,1.5,1
12.08.2021 01:12:54.867,6.336340000000001,6.335630000000001,1.5,1
12.08.2021 01:12:57.774,6.33637,6.335680000000001,1,1
12.08.2021 01:12:59.792,6.33645,6.33574,1.5,1
12.08.2021 01:12:59.902,6.33645,6.33574,1.5,1
12.08.2021 01:13:01.604,6.336390000000001,6.335680000000001,1.5,1.5
12.08.2021 01:13:03.370,6.336390000000001,6.335680000000001,1.5,2
12.08.2021 01:13:03.421,6.33645,6.33574,1.5,1.5
12.08.2021 01:13:03.604,6.33646,6.335730000000001,1.5,1
12.08.2021 01:13:04.970,6.3365,6.33579,1.5,1
12.08.2021 01:13:06.240,6.33656,6.335850000000001,1.5,1
12.08.2021 01:13:06.398,6.33656,6.335850000000001,1.5,1
12.08.2021 01:13:11.990,6.33656,6.335850000000001,1.5,1
12.08.2021 01:13:12.101,6.3365,6.33584,1.5,1
12.08.2021 01:13:12.152,6.3365100000000005,6.335780000000001,1.5,1
12.08.2021 01:13:12.202,6.3365,6.33579,1.5,1
12.08.2021 01:13:13.498,6.33645,6.33575,1.5,1
12.08.2021 01:13:13.549,6.33646,6.33574,1.5,1
12.08.2021 01:13:30.799,6.3364,6.33567,1.5,1.12
12.08.2021 01:13:30.956,6.33637,6.33558,1,1.5
12.08.2021 01:13:39.193,6.33637,6.3356,1,1.5
12.08.2021 01:13:44.275,6.33637,6.3356,1,1
12.08.2021 01:13:44.914,6.336340000000001,6.3356,1.5,1
12.08.2021 01:13:44.965,6.336290000000001,6.33552,1.5,1.5
12.08.2021 01:13:45.123,6.33627,6.33552,1,1
12.08.2021 01:13:46.692,6.33627,6.33552,1,1
12.08.2021 01:13:50.745,6.33627,6.33552,1,1.5
12.08.2021 01:13:50.897,6.33627,6.33552,1,1
12.08.2021 01:13:51.006,6.33628,6.33551,1,1
12.08.2021 01:13:56.672,6.33617,6.33547,1,1
12.08.2021 01:13:56.723,6.33612,6.335430000000001,1.5,1
12.08.2021 01:13:58.438,6.33617,6.33547,1,1
12.08.2021 01:13:58.615,6.33617,6.33547,1,1
12.08.2021 01:14:01.601,6.33617,6.33552,1,1
12.08.2021 01:14:02.001,6.336180000000001,6.33546,1,1
12.08.2021 01:14:03.196,6.336180000000001,6.33547,1.5,1.12
12.08.2021 01:14:13.173,6.3362300000000005,6.33552,1.5,1
12.08.2021 01:14:13.297,6.3362300000000005,6.33552,1.5,1.5
12.08.2021 01:14:15.575,6.33627,6.3356,1.62,1
12.08.2021 01:14:16.085,6.3362300000000005,6.33552,1.5,1.5
12.08.2021 01:14:22.640,6.33622,6.335540000000001,1.5,1
12.08.2021 01:14:25.708,6.3362300000000005,6.335540000000001,1.5,1
12.08.2021 01:14:27.896,6.33627,6.33558,1,1
12.08.2021 01:14:27.997,6.336290000000001,6.33565,1.5,1
12.08.2021 01:14:28.200,6.33637,6.335680000000001,1,1
12.08.2021 01:14:29.189,6.336390000000001,6.335680000000001,1.5,1
12.08.2021 01:14:34.554,6.33637,6.335680000000001,1,1
12.08.2021 01:14:34.794,6.336340000000001,6.33565,1.5,1.12
12.08.2021 01:14:35.761,6.336290000000001,6.3355500000000005,1.5,1.5
12.08.2021 01:14:35.912,6.336250000000001,6.33547,1,1.5
12.08.2021 01:14:35.962,6.33621,6.33546,1,1.5
12.08.2021 01:14:36.819,6.336200000000001,6.33547,1,1.5
12.08.2021 01:14:38.154,6.33614,6.33547,1,1
12.08.2021 01:14:41.693,6.33617,6.33547,1,1
12.08.2021 01:14:44.368,6.33619,6.33546,1.5,1
12.08.2021 01:14:44.522,6.336180000000001,6.33547,1.12,1.5
12.08.2021 01:14:49.153,6.33619,6.33546,1.5,1
12.08.2021 01:14:53.059,6.33617,6.33547,1,1
12.08.2021 01:14:53.218,6.33612,6.33541,1.5,1
12.08.2021 01:14:53.571,6.33617,6.33547,1,1
12.08.2021 01:14:58.105,6.3362300000000005,6.33547,1.5,1.5
12.08.2021 01:14:58.356,6.33627,6.33552,1,1
12.08.2021 01:15:00.291,6.3362300000000005,6.33547,1.5,1.5
12.08.2021 01:15:02.960,6.33622,6.3354800000000004,1.5,1
12.08.2021 01:15:03.010,6.33627,6.335540000000001,1.62,1.62
12.08.2021 01:15:03.219,6.33622,6.335540000000001,1,1.62
12.08.2021 01:15:03.974,6.33622,6.335540000000001,1.5,1
12.08.2021 01:15:05.368,6.336180000000001,6.33544,1.5,1.12
12.08.2021 01:15:05.592,6.3362300000000005,6.335450000000001,1.5,1.5
12.08.2021 01:15:07.559,6.33627,6.33552,1,1
12.08.2021 01:15:09.531,6.3362300000000005,6.33547,1.5,1.5
12.08.2021 01:15:10.354,6.33627,6.33552,1.5,1
12.08.2021 01:15:10.405,6.33627,6.33552,1,1.5
12.08.2021 01:15:10.570,6.336340000000001,6.33558,1.5,1
12.08.2021 01:15:10.620,6.336340000000001,6.33558,1.5,1.5
12.08.2021 01:15:10.671,6.336380000000001,6.335640000000001,1,1
12.08.2021 01:15:10.822,6.336390000000001,6.33565,1.5,1.5
12.08.2021 01:15:12.993,6.33637,6.33565,1,1
12.08.2021 01:15:13.212,6.33637,6.33565,1,1.5
12.08.2021 01:15:16.683,6.3364,6.33562,1.5,1.5
12.08.2021 01:15:21.165,6.33647,6.33574,1,1.12
12.08.2021 01:15:22.204,6.3365,6.3357600000000005,1.5,1
12.08.2021 01:15:22.254,6.33656,6.33579,1.5,1.5
12.08.2021 01:15:22.305,6.33656,6.33589,1.5,1
12.08.2021 01:15:22.405,6.33656,6.33589,1,1.5
12.08.2021 01:15:26.064,6.33666,6.3359000000000005,1.5,1.12
12.08.2021 01:15:28.192,6.33661,6.33589,1.5,1.5
12.08.2021 01:15:54.433,6.33661,6.335850000000001,1.5,1.5
12.08.2021 01:15:54.534,6.33657,6.335780000000001,1.5,1.5
12.08.2021 01:15:54.735,6.33656,6.33579,1.5,1
12.08.2021 01:15:55.697,6.33645,6.33574,1,1.5
12.08.2021 01:15:55.897,6.33646,6.335730000000001,1.5,1
12.08.2021 01:16:01.910,6.336340000000001,6.33574,1.5,1
12.08.2021 01:16:02.753,6.336340000000001,6.33558,1.5,1.5
12.08.2021 01:16:07.192,6.3364,6.33562,1.5,1.5
12.08.2021 01:16:22.460,6.336340000000001,6.33558,1.5,1.5
12.08.2021 01:16:23.046,6.33628,6.33552,1,1.5
12.08.2021 01:16:23.189,6.336290000000001,6.33551,1.5,1.5
12.08.2021 01:16:23.444,6.33628,6.33551,1,1.5
12.08.2021 01:16:26.228,6.3362300000000005,6.33551,1.5,1
12.08.2021 01:16:26.429,6.33617,6.33551,1,1
12.08.2021 01:16:26.580,6.336180000000001,6.33546,1,1
12.08.2021 01:16:26.814,6.33624,6.33546,1.5,1.5
12.08.2021 01:16:32.211,6.33622,6.33546,1.5,1.5
12.08.2021 01:16:36.345,6.3362300000000005,6.335450000000001,1.5,1.12
12.08.2021 01:16:36.547,6.336180000000001,6.3354,1.62,1.65
12.08.2021 01:16:37.008,6.33617,6.33541,1.5,1.65
12.08.2021 01:16:37.556,6.33624,6.33546,1.5,1
12.08.2021 01:16:38.424,6.33624,6.33546,1.5,1
12.08.2021 01:16:38.474,6.336180000000001,6.335430000000001,1.5,1.15
12.08.2021 01:17:00.201,6.336180000000001,6.33542,1.5,1.15
12.08.2021 01:17:02.773,6.33624,6.33546,1.5,1
12.08.2021 01:17:02.873,6.3362300000000005,6.33547,1.5,1.5
12.08.2021 01:17:10.812,6.336340000000001,6.33558,1.5,1.12
12.08.2021 01:17:10.972,6.336340000000001,6.33558,1.5,1.5
12.08.2021 01:17:14.462,6.33633,6.33557,1.5,1.5
12.08.2021 01:17:15.269,6.33627,6.335540000000001,1,1.5
12.08.2021 01:17:17.899,6.336340000000001,6.33558,1.5,1.5
12.08.2021 01:17:18.718,6.336290000000001,6.33558,1,1.5
12.08.2021 01:17:18.921,6.336340000000001,6.33558,1.5,1.5
12.08.2021 01:17:20.865,6.336340000000001,6.33562,1.5,1
12.08.2021 01:17:26.189,6.336340000000001,6.33562,1.5,1.5
12.08.2021 01:17:28.105,6.336340000000001,6.33562,1.5,1
12.08.2021 01:17:30.196,6.336340000000001,6.33562,1.5,1.5
12.08.2021 01:17:30.428,6.3364,6.33562,1.5,1.5
12.08.2021 01:17:31.695,6.336390000000001,6.33572,1.5,1
12.08.2021 01:17:32.136,6.3364,6.33571,1.5,1
12.08.2021 01:17:42.388,6.336390000000001,6.33572,1.5,1
12.08.2021 01:17:52.023,6.336390000000001,6.335630000000001,1.5,1.62
12.08.2021 01:17:58.170,6.336390000000001,6.335630000000001,1.5,1.5
12.08.2021 01:17:58.372,6.336340000000001,6.33561,1.5,1.65
12.08.2021 01:18:00.096,6.336390000000001,6.335630000000001,1.5,1
12.08.2021 01:18:00.408,6.336390000000001,6.335630000000001,1.5,1.62
12.08.2021 01:18:00.762,6.336390000000001,6.3356900000000005,1.5,1
12.08.2021 01:18:06.018,6.3364,6.335680000000001,1.5,1.5
12.08.2021 01:18:06.069,6.33646,6.33572,1.5,1
12.08.2021 01:18:06.219,6.33656,6.33581,1.5,1.5
12.08.2021 01:18:06.270,6.336650000000001,6.3359000000000005,1,1
12.08.2021 01:18:06.442,6.33666,6.3359000000000005,1.5,1.5
12.08.2021 01:18:06.630,6.33666,6.33593,1.5,1
12.08.2021 01:18:13.572,6.33661,6.33592,1.5,1
12.08.2021 01:18:26.161,6.33661,6.335850000000001,1.5,1.5
12.08.2021 01:18:32.678,6.33667,6.33591,1.62,1.32
12.08.2021 01:18:47.831,6.33667,6.335940000000001,1,1
12.08.2021 01:18:47.932,6.3367,6.335940000000001,1.5,1.12
12.08.2021 01:18:51.040,6.33667,6.33591,1.5,1.2
12.08.2021 01:18:53.022,6.336600000000001,6.33591,1.62,1.2
12.08.2021 01:18:53.919,6.33661,6.33592,1.5,1.2
12.08.2021 01:19:06.139,6.33657,6.335850000000001,1,1.32
12.08.2021 01:19:06.299,6.33657,6.335850000000001,1,1.2
12.08.2021 01:19:30.821,6.3365,6.33581,1.5,1.2
12.08.2021 01:19:31.005,6.3365,6.33581,1.5,1.2
12.08.2021 01:19:37.938,6.3365,6.33581,1.5,1.2
12.08.2021 01:19:53.692,6.3365100000000005,6.33574,1.5,1.7
12.08.2021 01:19:57.374,6.3365,6.33575,1.5,1.65
12.08.2021 01:20:07.717,6.33656,6.33581,1.5,1
12.08.2021 01:20:11.449,6.33657,6.3358,1.5,1
12.08.2021 01:20:11.500,6.33647,6.33574,1,1
12.08.2021 01:20:16.511,6.3365,6.33574,1.5,1
12.08.2021 01:20:16.987,6.33645,6.3357,1.5,1
12.08.2021 01:20:24.692,6.33646,6.3357,1.5,1
12.08.2021 01:20:27.929,6.336390000000001,6.335630000000001,1.5,1.62
12.08.2021 01:20:31.922,6.33645,6.335680000000001,1.5,1.5
12.08.2021 01:20:32.023,6.33656,6.33579,1.5,1
12.08.2021 01:20:32.124,6.33657,6.335780000000001,1.5,1.5
12.08.2021 01:20:32.692,6.33656,6.33579,1,1.62
12.08.2021 01:20:34.661,6.33661,6.335850000000001,1.5,2
12.08.2021 01:20:38.524,6.33656,6.335850000000001,1.5,1.5
12.08.2021 01:20:38.716,6.33656,6.335850000000001,1.5,1
12.08.2021 01:20:39.123,6.3365100000000005,6.33584,1.5,1
12.08.2021 01:20:39.691,6.3365,6.3357600000000005,1.5,1.5
12.08.2021 01:20:39.741,6.33645,6.3357600000000005,1.5,1
12.08.2021 01:20:40.125,6.33645,6.3357600000000005,1.5,1
12.08.2021 01:20:43.136,6.3365,6.3357600000000005,1.5,1.5
12.08.2021 01:20:43.186,6.3365,6.335780000000001,1,1
12.08.2021 01:20:43.843,6.33661,6.335850000000001,1.5,1.5
12.08.2021 01:20:47.242,6.33656,6.33587,1.5,1
12.08.2021 01:20:47.393,6.33656,6.33587,1.5,1
12.08.2021 01:20:49.280,6.3365,6.3357600000000005,1.12,1.5
12.08.2021 01:20:49.330,6.33645,6.3357600000000005,1.5,1
12.08.2021 01:20:49.531,6.33647,6.3357600000000005,1,1
12.08.2021 01:20:55.400,6.33645,6.3357600000000005,1.5,1
12.08.2021 01:21:01.607,6.33645,6.3357600000000005,1.5,1
12.08.2021 01:21:01.658,6.33645,6.335680000000001,1.5,1.12
12.08.2021 01:21:03.720,6.336390000000001,6.33565,1.5,1.5
12.08.2021 01:21:06.014,6.336390000000001,6.33565,1.5,1.5
12.08.2021 01:21:06.698,6.336390000000001,6.335730000000001,1.5,1
12.08.2021 01:21:06.749,6.3364400000000005,6.335730000000001,1.5,1
12.08.2021 01:21:14.932,6.336390000000001,6.335730000000001,1.5,1
12.08.2021 01:21:27.253,6.336390000000001,6.335630000000001,1.5,1.5
12.08.2021 01:21:37.115,6.336390000000001,6.335730000000001,1.5,1
12.08.2021 01:21:37.333,6.336390000000001,6.335730000000001,1.5,1
12.08.2021 01:21:43.310,6.336390000000001,6.335730000000001,1.5,1
12.08.2021 01:21:43.401,6.336390000000001,6.33565,1.5,1.5
12.08.2021 01:21:43.502,6.336390000000001,6.33565,1.5,1
12.08.2021 01:21:56.639,6.336340000000001,6.33558,1.5,1.5
12.08.2021 01:21:56.852,6.33632,6.33558,1,1.5
12.08.2021 01:22:03.031,6.336180000000001,6.33557,1.12,1
12.08.2021 01:22:03.232,6.336180000000001,6.33557,1.5,1
12.08.2021 01:22:04.834,6.336180000000001,6.33557,1.5,1
12.08.2021 01:22:04.938,6.336180000000001,6.33546,1.5,1.12
12.08.2021 01:22:04.988,6.33617,6.33546,1,1
12.08.2021 01:22:05.038,6.336180000000001,6.33541,1,1.5
12.08.2021 01:22:05.092,6.33607,6.335330000000001,1,1.5
12.08.2021 01:22:05.192,6.33607,6.335330000000001,1.5,1.5
12.08.2021 01:22:05.293,6.336130000000001,6.33537,1.5,1
12.08.2021 01:22:06.400,6.336080000000001,6.33532,1.5,1.5
12.08.2021 01:22:06.450,6.33607,6.335330000000001,1.5,1.12
12.08.2021 01:22:06.551,6.33596,6.335330000000001,1,1.12
12.08.2021 01:22:06.652,6.33596,6.335330000000001,1.5,1
12.08.2021 01:22:07.183,6.33597,6.3352,1.5,1.5
12.08.2021 01:22:08.594,6.33597,6.3352,1.5,1.5
12.08.2021 01:22:12.733,6.33602,6.33525,1,1
12.08.2021 01:22:13.692,6.33602,6.33526,1.62,1.12
12.08.2021 01:22:21.495,6.33605,6.33531,1,1.5
12.08.2021 01:22:21.615,6.33607,6.33531,1.5,1.5
12.08.2021 01:22:22.030,6.336130000000001,6.33537,1.5,1
12.08.2021 01:22:22.530,6.336130000000001,6.33537,1.5,1.5
12.08.2021 01:22:30.045,6.33607,6.3353600000000005,1.5,1.12
12.08.2021 01:22:30.199,6.33607,6.3353600000000005,1.5,1
12.08.2021 01:22:30.249,6.33602,6.33526,1.5,1.5
12.08.2021 01:22:31.239,6.33596,6.335230000000001,1,1.5
12.08.2021 01:22:31.852,6.33591,6.335230000000001,1.5,1.5
12.08.2021 01:22:31.967,6.33591,6.335230000000001,1.5,1
12.08.2021 01:22:32.436,6.3359000000000005,6.335140000000001,1.5,1.5
12.08.2021 01:22:32.543,6.3359000000000005,6.335140000000001,1,1.5
12.08.2021 01:22:32.644,6.33597,6.33531,1,1
12.08.2021 01:22:32.745,6.33606,6.33531,1.5,1.5
12.08.2021 01:22:33.071,6.33617,6.33541,1.62,1
12.08.2021 01:22:33.208,6.33617,6.33541,1.62,1.5
12.08.2021 01:22:35.000,6.33617,6.33541,1.62,1.5
12.08.2021 01:22:35.051,6.33617,6.33547,1,1
12.08.2021 01:22:36.926,6.33617,6.33547,1,1
12.08.2021 01:22:37.457,6.3361600000000005,6.3354,1.5,1.12
12.08.2021 01:22:38.692,6.33617,6.33542,1,1
12.08.2021 01:22:45.189,6.33617,6.33542,1,1.12
12.08.2021 01:22:47.953,6.336130000000001,6.33537,1.5,1.5
12.08.2021 01:22:53.283,6.33617,6.335450000000001,1.62,1
12.08.2021 01:22:54.925,6.33617,6.33537,1.62,1.5
12.08.2021 01:23:00.377,6.336110000000001,6.33537,1.5,1
12.08.2021 01:23:01.745,6.33605,6.33525,1,1.5
12.08.2021 01:23:01.896,6.33596,6.33525,1.5,1
12.08.2021 01:23:02.190,6.33595,6.33517,1.5,1.5
12.08.2021 01:23:08.692,6.33595,6.33517,1.5,1.5
12.08.2021 01:23:19.502,6.3358300000000005,6.3350800000000005,1.5,1.5
12.08.2021 01:23:19.603,6.335630000000001,6.33492,1,1
12.08.2021 01:23:19.704,6.335630000000001,6.334790000000001,1.5,1.5
12.08.2021 01:23:20.051,6.33556,6.3348,1.5,1.5
12.08.2021 01:23:20.375,6.33547,6.334790000000001,1.5,1
12.08.2021 01:23:20.480,6.33546,6.33464,1.5,1.5
12.08.2021 01:23:20.580,6.3354800000000004,6.33467,1,1.5
12.08.2021 01:23:20.832,6.33551,6.33467,1.5,1.5
12.08.2021 01:23:21.754,6.3354800000000004,6.33467,1,1.5
12.08.2021 01:23:23.469,6.33556,6.33472,1.5,1.5
12.08.2021 01:23:23.620,6.33557,6.33483,1,1.12
12.08.2021 01:23:23.825,6.33561,6.33483,1.5,1.5
12.08.2021 01:23:31.458,6.335640000000001,6.33482,1.5,1.12
12.08.2021 01:23:39.692,6.33557,6.33483,1,1.5
12.08.2021 01:24:02.983,6.33556,6.33483,1.5,1
12.08.2021 01:24:03.083,6.33558,6.33482,1,1.5
12.08.2021 01:24:08.292,6.33561,6.33477,1.5,1.5
12.08.2021 01:24:16.154,6.33567,6.33491,1,1
12.08.2021 01:24:16.580,6.33567,6.33491,1,1.12
12.08.2021 01:24:18.692,6.335730000000001,6.33491,1.5,1.5
12.08.2021 01:24:19.768,6.335680000000001,6.33491,1.5,1
12.08.2021 01:24:25.943,6.335630000000001,6.33481,1.5,1.5
12.08.2021 01:24:26.047,6.335630000000001,6.33481,1.5,1.5
12.08.2021 01:24:27.893,6.33557,6.33481,1.5,1.5
12.08.2021 01:24:29.459,6.33557,6.33481,1,1.5
12.08.2021 01:24:29.660,6.335630000000001,6.33481,1.5,1.5
12.08.2021 01:24:34.213,6.33557,6.33481,1,1.5
12.08.2021 01:24:36.305,6.33557,6.33481,1,1.5
12.08.2021 01:24:44.878,6.33557,6.33481,1,1.5
12.08.2021 01:24:45.367,6.335630000000001,6.33481,1.5,1.5
12.08.2021 01:24:50.990,6.33557,6.33478,1,1.5
12.08.2021 01:25:02.024,6.33558,6.3348,1,1.5
12.08.2021 01:25:02.236,6.335640000000001,6.33483,1,1.5
12.08.2021 01:25:03.064,6.335680000000001,6.334930000000001,1,1
12.08.2021 01:25:03.288,6.3356,6.3349400000000005,1,1
12.08.2021 01:25:03.985,6.335630000000001,6.3349400000000005,1,1
12.08.2021 01:25:05.508,6.3356,6.3349400000000005,1,1
12.08.2021 01:25:06.321,6.33558,6.33485,1,1.5
12.08.2021 01:25:06.434,6.33558,6.334840000000001,1,1
12.08.2021 01:25:06.830,6.33557,6.33485,1,1.12
12.08.2021 01:25:16.553,6.33552,6.3347500000000005,1.5,1.5
12.08.2021 01:25:21.232,6.33556,6.33473,1,1.5
12.08.2021 01:25:21.405,6.3354800000000004,6.33472,1,1.5
12.08.2021 01:25:21.456,6.3354800000000004,6.33471,1,1.5
12.08.2021 01:25:21.957,6.335430000000001,6.33471,1,1
12.08.2021 01:25:23.211,6.33541,6.33472,1.5,1
12.08.2021 01:25:23.311,6.33537,6.3346,1,1
12.08.2021 01:25:23.665,6.33541,6.3346,1.5,1.5
12.08.2021 01:25:24.001,6.335450000000001,6.334700000000001,1,1.12
12.08.2021 01:25:24.202,6.335450000000001,6.334700000000001,1,1.5
12.08.2021 01:25:24.381,6.335450000000001,6.334700000000001,1,1.12
12.08.2021 01:25:26.375,6.33544,6.33471,1,1
12.08.2021 01:25:26.522,6.335430000000001,6.33473,1,1
12.08.2021 01:25:26.572,6.335430000000001,6.334700000000001,1,1.12
12.08.2021 01:25:28.692,6.33544,6.334700000000001,1,1
12.08.2021 01:25:28.993,6.33544,6.334700000000001,1,1
12.08.2021 01:25:31.602,6.33542,6.334700000000001,1,1.12
12.08.2021 01:25:32.955,6.33546,6.334700000000001,1,1.5
12.08.2021 01:25:33.495,6.33549,6.334700000000001,1,1.5
12.08.2021 01:25:34.389,6.33551,6.33467,1.5,1.5
12.08.2021 01:25:35.071,6.33549,6.33467,1,1.5
12.08.2021 01:25:35.376,6.33549,6.33482,1,1
12.08.2021 01:25:35.511,6.335500000000001,6.33482,1,1
12.08.2021 01:25:35.561,6.335500000000001,6.33466,1,1.5
12.08.2021 01:25:35.732,6.33549,6.33467,1,1.5
12.08.2021 01:25:36.028,6.33561,6.33477,1,1.5
12.08.2021 01:25:37.775,6.33556,6.334880000000001,1.5,1
12.08.2021 01:25:37.876,6.33556,6.335,1.5,1
12.08.2021 01:25:37.927,6.33557,6.334790000000001,1.5,1
12.08.2021 01:25:38.079,6.33556,6.33485,1.5,1
12.08.2021 01:25:38.431,6.33556,6.3347500000000005,1.5,1.5
12.08.2021 01:25:43.249,6.33557,6.3347500000000005,1.5,1.5
12.08.2021 01:25:44.090,6.33567,6.33486,1,1.5
12.08.2021 01:25:47.439,6.335680000000001,6.33486,1.5,1.5
12.08.2021 01:25:47.639,6.33566,6.33486,1,1
12.08.2021 01:25:54.553,6.33561,6.33486,1,1
12.08.2021 01:26:00.192,6.33562,6.33486,1,1
12.08.2021 01:26:00.932,6.33562,6.33486,1,1.5
12.08.2021 01:26:02.392,6.335630000000001,6.33485,1,1
12.08.2021 01:26:04.837,6.335630000000001,6.334840000000001,1,1.5
12.08.2021 01:26:06.065,6.335680000000001,6.334840000000001,1.5,1.5
12.08.2021 01:26:15.654,6.33566,6.33486,1,1.5
12.08.2021 01:26:15.910,6.335630000000001,6.33486,1.5,1
12.08.2021 01:26:35.709,6.335630000000001,6.33482,1,1
12.08.2021 01:26:42.534,6.33556,6.33473,1,1.62
12.08.2021 01:26:43.622,6.33557,6.33486,1.62,1
12.08.2021 01:26:46.497,6.33557,6.334790000000001,1.62,1.5
12.08.2021 01:26:46.692,6.33557,6.334790000000001,1.62,1.5
12.08.2021 01:26:47.222,6.335590000000001,6.3348700000000004,1,1
12.08.2021 01:27:05.710,6.33558,6.33478,1,1.5
12.08.2021 01:27:09.153,6.33562,6.33482,1,1
12.08.2021 01:27:09.355,6.33562,6.33483,1,1.5
12.08.2021 01:27:09.574,6.335680000000001,6.33495,1.12,1.5
12.08.2021 01:27:09.675,6.33571,6.33509,1,1
12.08.2021 01:27:09.776,6.3358300000000005,6.33511,1,1.5
12.08.2021 01:27:09.876,6.33592,6.33518,1,1
12.08.2021 01:27:10.230,6.33592,6.33518,1,1
12.08.2021 01:27:13.369,6.335940000000001,6.33518,1,1.5
12.08.2021 01:27:13.420,6.335940000000001,6.33531,1,1
12.08.2021 01:27:14.072,6.33598,6.33522,1,1.5
12.08.2021 01:27:14.190,6.33595,6.33522,1.5,1
12.08.2021 01:27:14.425,6.33598,6.33522,1,1.12
12.08.2021 01:27:14.584,6.335990000000001,6.33521,1,1.62
12.08.2021 01:27:14.635,6.33598,6.335230000000001,1,1
12.08.2021 01:27:14.794,6.33598,6.335230000000001,1,1
12.08.2021 01:27:18.064,6.33598,6.33522,1,2
12.08.2021 01:27:18.487,6.336,6.33522,1,2
12.08.2021 01:27:18.688,6.336,6.33522,1,2
12.08.2021 01:27:18.947,6.336,6.33531,1,1
12.08.2021 01:27:22.747,6.335990000000001,6.33531,1,1
12.08.2021 01:27:22.923,6.335990000000001,6.33531,1,1
12.08.2021 01:27:23.845,6.336,6.33531,1.62,1
12.08.2021 01:27:25.077,6.335990000000001,6.3352,1,1.5
12.08.2021 01:27:25.128,6.335990000000001,6.3352,1,1.5
12.08.2021 01:27:26.496,6.335990000000001,6.3352,1,1.5
12.08.2021 01:27:26.732,6.335990000000001,6.3352,1,1.5
12.08.2021 01:27:29.168,6.335990000000001,6.3352,1,1.5
12.08.2021 01:27:29.384,6.33598,6.33522,1,1.5
12.08.2021 01:27:29.734,6.33598,6.3352,1,1
12.08.2021 01:27:30.102,6.33597,6.3352,1,1
12.08.2021 01:27:36.507,6.33591,6.335050000000001,1.5,1.5
12.08.2021 01:27:46.112,6.3359000000000005,6.33506,1.5,1.5
12.08.2021 01:27:46.995,6.3359000000000005,6.33513,1.5,1
12.08.2021 01:27:47.204,6.335940000000001,6.33511,1.5,1.5
12.08.2021 01:27:52.785,6.33592,6.33511,1,2
12.08.2021 01:28:15.721,6.33591,6.33518,1.5,1
12.08.2021 01:28:29.874,6.33592,6.33511,1,1.5
12.08.2021 01:28:43.376,6.33593,6.33513,1,1.62
12.08.2021 01:28:46.072,6.33595,6.335190000000001,1.62,1
12.08.2021 01:28:46.393,6.33596,6.33518,1.62,1
12.08.2021 01:29:05.014,6.33595,6.335190000000001,1.5,1.12
12.08.2021 01:29:05.355,6.33598,6.33521,1,1
12.08.2021 01:29:05.405,6.33598,6.33521,1,1.5
12.08.2021 01:29:09.392,6.33606,6.33527,1.5,1
12.08.2021 01:29:09.517,6.336,6.33527,1.5,1
12.08.2021 01:29:10.055,6.33602,6.33527,1,1.5
12.08.2021 01:29:10.369,6.336030000000001,6.33526,1,1.12
12.08.2021 01:29:11.226,6.33606,6.33527,1.62,1.5
12.08.2021 01:29:11.427,6.33607,6.33526,1,2
12.08.2021 01:29:11.708,6.336080000000001,6.33527,1.5,2
12.08.2021 01:29:11.885,6.33607,6.33526,1.5,1.5
12.08.2021 01:29:12.263,6.33606,6.33527,1.5,1.5
12.08.2021 01:29:22.040,6.33602,6.33527,1,1
12.08.2021 01:29:22.145,6.336030000000001,6.3352,1,1.5
12.08.2021 01:29:39.428,6.33601,6.33526,1.5,1
12.08.2021 01:29:45.049,6.336,6.33527,1.5,1.5
12.08.2021 01:29:45.765,6.336030000000001,6.33527,1,1.5
12.08.2021 01:29:47.215,6.33607,6.33526,1.5,1.5
12.08.2021 01:29:47.419,6.336,6.33527,1.5,1.5
12.08.2021 01:29:48.404,6.336,6.33527,1.5,1
12.08.2021 01:29:54.193,6.33601,6.33526,1.5,1
12.08.2021 01:30:00.296,6.335990000000001,6.33517,1,1.5
12.08.2021 01:30:00.755,6.33601,6.335230000000001,1,1
12.08.2021 01:30:00.856,6.33605,6.335330000000001,1,1.5
12.08.2021 01:30:01.007,6.3361600000000005,6.335330000000001,1,1.62
12.08.2021 01:30:01.831,6.3361600000000005,6.33537,1,1.5
12.08.2021 01:30:17.770,6.3361600000000005,6.335330000000001,1,1.62
12.08.2021 01:30:21.198,6.336110000000001,6.335330000000001,1.5,1
12.08.2021 01:30:21.371,6.33606,6.3352900000000005,1.5,1.5
12.08.2021 01:30:21.522,6.33597,6.3352900000000005,1,1.5
12.08.2021 01:30:21.572,6.33595,6.3352900000000005,1.62,1
12.08.2021 01:30:21.673,6.33595,6.335190000000001,1.62,1.5
12.08.2021 01:30:21.860,6.33595,6.335190000000001,1.62,1
12.08.2021 01:30:28.207,6.33592,6.335190000000001,1,1
12.08.2021 01:30:28.654,6.3359000000000005,6.335100000000001,1.62,1.5
12.08.2021 01:30:28.704,6.3359000000000005,6.335100000000001,1.62,1.5
12.08.2021 01:30:51.773,6.3358300000000005,6.335,1.5,1.5
12.08.2021 01:30:55.125,6.3358,6.3349400000000005,1.5,1.5
12.08.2021 01:30:56.693,6.335780000000001,6.3349400000000005,1,1.5
12.08.2021 01:30:58.471,6.335780000000001,6.335,1,1.5
12.08.2021 01:30:58.911,6.33587,6.335100000000001,1.5,1
12.08.2021 01:31:04.192,6.33587,6.335100000000001,1,1
12.08.2021 01:31:04.983,6.33587,6.335100000000001,1,1.5
12.08.2021 01:31:05.245,6.33592,6.33518,1,1
12.08.2021 01:31:06.366,6.335940000000001,6.33517,1,1
12.08.2021 01:31:09.064,6.33596,6.33518,1,1.5
12.08.2021 01:31:10.509,6.335990000000001,6.33518,1,1.5
12.08.2021 01:31:10.680,6.33606,6.33531,1.5,1
12.08.2021 01:31:10.730,6.33606,6.33531,1.5,1.5
12.08.2021 01:31:10.932,6.33606,6.33531,1.5,1
12.08.2021 01:31:11.770,6.33607,6.33531,1,1.12
12.08.2021 01:31:15.483,6.336080000000001,6.3353,1,1.5
12.08.2021 01:31:18.165,6.33607,6.33531,1,1.5
12.08.2021 01:31:18.266,6.33606,6.33522,1.5,1.5
12.08.2021 01:31:19.005,6.336080000000001,6.335280000000001,1,1.5
12.08.2021 01:31:21.673,6.33607,6.33537,1,1
12.08.2021 01:31:31.093,6.33607,6.3352900000000005,1,1.5
12.08.2021 01:31:31.174,6.33607,6.3352900000000005,1,1.5
12.08.2021 01:31:31.457,6.33607,6.3352900000000005,1,1.5
12.08.2021 01:31:35.093,6.33607,6.3352900000000005,1,1.5
12.08.2021 01:31:35.617,6.33605,6.3352900000000005,1.5,1
12.08.2021 01:31:36.511,6.33597,6.3352900000000005,1,1
12.08.2021 01:31:36.713,6.33606,6.3352900000000005,1,1
12.08.2021 01:31:43.052,6.33597,6.33522,1,1.5
12.08.2021 01:31:43.203,6.33602,6.33522,1,1.5
12.08.2021 01:31:43.491,6.33595,6.33516,1.5,1.5
12.08.2021 01:31:43.906,6.33592,6.335240000000001,1,1
12.08.2021 01:31:44.298,6.33592,6.335240000000001,1,1
12.08.2021 01:31:44.449,6.3359000000000005,6.33516,1.5,1
12.08.2021 01:31:44.921,6.33595,6.33516,1.5,1.5
12.08.2021 01:31:45.110,6.33587,6.33516,1,1
12.08.2021 01:31:45.293,6.33587,6.33516,1,1
12.08.2021 01:31:51.904,6.335850000000001,6.33516,1,1.12
12.08.2021 01:31:54.955,6.33596,6.3352,1,1
12.08.2021 01:31:55.006,6.33596,6.33521,1.5,1
12.08.2021 01:31:55.169,6.33596,6.33521,1,1.5
12.08.2021 01:32:02.153,6.33605,6.33531,1,1.12
12.08.2021 01:32:02.204,6.33605,6.33531,1,1.5
12.08.2021 01:32:02.355,6.33607,6.33537,1.5,1
12.08.2021 01:32:09.041,6.33607,6.33537,1.62,1
12.08.2021 01:32:14.542,6.33602,6.3352900000000005,1.5,1
12.08.2021 01:32:14.656,6.33591,6.33518,1,1.5
12.08.2021 01:32:14.707,6.33591,6.33518,1.5,1
12.08.2021 01:32:15.175,6.3359000000000005,6.33518,1,1
12.08.2021 01:32:20.989,6.3358,6.33517,1,1
12.08.2021 01:32:22.193,6.3358,6.33517,1.5,1
12.08.2021 01:32:32.683,6.3358,6.33507,1.5,1.5
12.08.2021 01:32:37.750,6.33584,6.33509,1,1
12.08.2021 01:32:52.878,6.3358,6.33507,1.5,1.5
12.08.2021 01:32:53.184,6.3358,6.33507,1.5,1
12.08.2021 01:33:05.471,6.335780000000001,6.33507,1.5,1
12.08.2021 01:33:05.643,6.335680000000001,6.334980000000001,1.5,1
12.08.2021 01:33:05.743,6.335630000000001,6.33495,1.62,1.12
12.08.2021 01:33:05.844,6.33561,6.33495,1,1
12.08.2021 01:33:05.895,6.33562,6.33486,1,1.5
12.08.2021 01:33:09.023,6.33558,6.334880000000001,1,1
12.08.2021 01:33:09.357,6.335590000000001,6.33486,1,1
12.08.2021 01:33:09.981,6.335640000000001,6.334880000000001,1.5,1
12.08.2021 01:33:10.031,6.33567,6.33499,1,1.5
12.08.2021 01:33:10.134,6.33571,6.335050000000001,1,1
12.08.2021 01:33:10.316,6.3357600000000005,6.33504,1.5,1
12.08.2021 01:33:18.192,6.3358,6.335050000000001,1.5,1.12
12.08.2021 01:33:32.256,6.3358,6.335050000000001,1.5,1.5
12.08.2021 01:33:32.364,6.33584,6.33509,1,1
12.08.2021 01:33:32.706,6.3358300000000005,6.335140000000001,1,1
12.08.2021 01:33:34.270,6.33591,6.3351500000000005,1.62,1
12.08.2021 01:33:34.320,6.33591,6.3351500000000005,1.62,1
12.08.2021 01:33:46.993,6.33591,6.33513,1.5,1.87
12.08.2021 01:33:49.397,6.3359000000000005,6.335140000000001,1.5,1.5
12.08.2021 01:33:53.439,6.33589,6.3351500000000005,1,1
12.08.2021 01:33:53.776,6.33581,6.33513,1.5,1
12.08.2021 01:33:59.684,6.33587,6.33513,1.62,1
12.08.2021 01:34:02.255,6.33582,6.33509,1,1
12.08.2021 01:34:02.912,6.33581,6.335140000000001,1,1
12.08.2021 01:34:03.459,6.33581,6.335100000000001,1,1
12.08.2021 01:34:03.693,6.33581,6.335100000000001,1,1
12.08.2021 01:34:03.903,6.3358,6.33506,1.5,1.12
12.08.2021 01:34:03.954,6.33577,6.33506,1,1
12.08.2021 01:34:04.055,6.3356900000000005,6.33506,1.5,1
12.08.2021 01:34:04.170,6.33567,6.33506,1,1
12.08.2021 01:34:13.863,6.335680000000001,6.33495,1,1.12
12.08.2021 01:34:17.029,6.335680000000001,6.334980000000001,1.5,1
12.08.2021 01:34:27.084,6.3356900000000005,6.33495,1.62,1.12
12.08.2021 01:34:31.147,6.3356900000000005,6.33499,1,1
12.08.2021 01:34:31.993,6.33571,6.334980000000001,1,1
12.08.2021 01:34:37.703,6.33571,6.33497,1,1
12.08.2021 01:34:38.938,6.33571,6.33499,1,1
12.08.2021 01:34:42.741,6.335680000000001,6.3349400000000005,1.5,1.5
12.08.2021 01:34:42.894,6.33566,6.3349400000000005,1.5,1
12.08.2021 01:34:42.944,6.335590000000001,6.3348700000000004,1.5,1
12.08.2021 01:34:44.897,6.335590000000001,6.3348700000000004,1.62,1
12.08.2021 01:34:55.866,6.33553,6.33477,1.5,1.5
12.08.2021 01:34:58.193,6.335540000000001,6.33476,1.5,1.5
12.08.2021 01:34:59.949,6.3354800000000004,6.33476,1,1
12.08.2021 01:35:00.100,6.335380000000001,6.33477,1,1
12.08.2021 01:35:00.217,6.33537,6.33472,1,1
12.08.2021 01:35:00.381,6.33547,6.33472,1,1.5
12.08.2021 01:35:06.193,6.33546,6.33471,1,1.12
12.08.2021 01:35:13.692,6.33547,6.33472,1,1.5
12.08.2021 01:35:13.829,6.3354800000000004,6.3347500000000005,1,1
12.08.2021 01:35:13.930,6.33549,6.33476,1,1
12.08.2021 01:35:15.027,6.33537,6.3346800000000005,1.5,1
12.08.2021 01:35:17.028,6.33531,6.33467,1,1
12.08.2021 01:35:18.230,6.33531,6.3346800000000005,1.12,1
12.08.2021 01:35:21.831,6.33531,6.3346800000000005,1.5,1
12.08.2021 01:35:22.070,6.33537,6.33467,1,1.5
12.08.2021 01:35:22.960,6.33537,6.3346800000000005,1.12,1.5
12.08.2021 01:35:23.623,6.33532,6.3346100000000005,1,1.5
12.08.2021 01:35:23.673,6.33532,6.3346100000000005,1.5,1
12.08.2021 01:35:23.797,6.335280000000001,6.3346100000000005,1,1
12.08.2021 01:35:23.848,6.33521,6.3346,1,1.12
12.08.2021 01:35:24.044,6.33521,6.3345,1.5,1
12.08.2021 01:35:24.145,6.335100000000001,6.3344000000000005,1.5,1.5
12.08.2021 01:35:24.264,6.335100000000001,6.3344000000000005,1.5,1
12.08.2021 01:35:24.754,6.33511,6.334390000000001,1.5,1.5
12.08.2021 01:35:24.804,6.3351500000000005,6.33445,1.5,1
12.08.2021 01:35:27.848,6.335100000000001,6.3344000000000005,1.5,1.5
12.08.2021 01:35:27.899,6.33511,6.334390000000001,1.5,1
12.08.2021 01:35:28.053,6.335100000000001,6.334390000000001,1,1
12.08.2021 01:35:28.566,6.335100000000001,6.3344000000000005,1.5,1
12.08.2021 01:35:28.779,6.33511,6.33445,1.62,1
12.08.2021 01:35:28.879,6.33506,6.3343300000000005,1.5,2
12.08.2021 01:35:29.694,6.335050000000001,6.33434,1.5,1.5
12.08.2021 01:35:30.238,6.33499,6.33434,1,1
12.08.2021 01:35:33.942,6.33499,6.33434,1.5,1
12.08.2021 01:35:33.993,6.3349400000000005,6.3342600000000004,1.5,1
12.08.2021 01:35:34.068,6.334880000000001,6.3342600000000004,1,1
12.08.2021 01:35:34.170,6.334880000000001,6.334180000000001,1.12,1.5
12.08.2021 01:35:34.221,6.33483,6.33415,1,1.5
12.08.2021 01:35:34.346,6.33483,6.33415,1.5,1
12.08.2021 01:35:34.397,6.33478,6.33415,1,1
12.08.2021 01:35:34.447,6.334790000000001,6.33406,1,1.5
12.08.2021 01:35:34.548,6.33478,6.33407,1.5,1.12
12.08.2021 01:35:37.193,6.33478,6.33407,1.5,1
12.08.2021 01:35:41.560,6.33478,6.334130000000001,1.5,1
12.08.2021 01:35:43.552,6.33483,6.334130000000001,1.5,1.5
12.08.2021 01:35:43.679,6.33483,6.334130000000001,1.5,1.5
12.08.2021 01:35:45.224,6.3349400000000005,6.334130000000001,1.5,2.37
12.08.2021 01:35:49.152,6.3349400000000005,6.334230000000001,1.5,1
12.08.2021 01:35:49.270,6.3349400000000005,6.334230000000001,1.5,1
12.08.2021 01:35:52.693,6.3349400000000005,6.334230000000001,1.5,1.12
12.08.2021 01:35:56.496,6.3349400000000005,6.334230000000001,1.12,1.5
12.08.2021 01:36:01.995,6.33492,6.334230000000001,1,1.5
12.08.2021 01:36:03.205,6.334980000000001,6.33427,1.5,1
12.08.2021 01:36:03.639,6.334980000000001,6.33427,1.5,1.5
12.08.2021 01:36:06.528,6.334980000000001,6.33427,1,1.5
12.08.2021 01:36:06.598,6.33504,6.3343300000000005,1.5,1
12.08.2021 01:36:06.729,6.335050000000001,6.33432,1.5,1.5
12.08.2021 01:36:08.063,6.33509,6.33437,1.5,1
12.08.2021 01:36:08.114,6.33517,6.33438,1,1.5
12.08.2021 01:36:08.766,6.33521,6.3344000000000005,1.5,1.5
12.08.2021 01:36:11.450,6.33521,6.3345,1.5,1.5
12.08.2021 01:36:12.353,6.335190000000001,6.33446,1,1.5
12.08.2021 01:36:12.814,6.33521,6.3345,1.5,1.5
12.08.2021 01:36:24.829,6.33521,6.3345,1.5,1.5
12.08.2021 01:36:25.031,6.33521,6.3345,1.5,1
12.08.2021 01:36:25.329,6.33521,6.3345,1.5,1
12.08.2021 01:36:25.532,6.33521,6.3345,1.5,1
12.08.2021 01:36:26.490,6.33517,6.3344000000000005,1,1.5
12.08.2021 01:36:26.989,6.33522,6.334490000000001,1.5,1.12
12.08.2021 01:36:32.978,6.33521,6.3345,1.5,1
12.08.2021 01:36:37.924,6.33518,6.334390000000001,1,1.5
12.08.2021 01:36:37.974,6.33517,6.3344000000000005,1,1.5
12.08.2021 01:36:38.569,6.33518,6.334390000000001,1,1.12
12.08.2021 01:36:41.487,6.33517,6.33442,1,1.5
12.08.2021 01:36:45.558,6.335100000000001,6.33442,1,1.5
12.08.2021 01:36:45.659,6.335050000000001,6.33442,1.5,1
12.08.2021 01:36:45.710,6.335050000000001,6.3343300000000005,1.5,1.5
12.08.2021 01:36:46.056,6.33499,6.33425,1.5,1.5
12.08.2021 01:36:46.258,6.33497,6.33425,1,1.12
12.08.2021 01:37:01.099,6.335050000000001,6.33429,1.5,1
12.08.2021 01:37:01.149,6.335100000000001,6.3344000000000005,1,1.5
12.08.2021 01:37:01.200,6.3351500000000005,6.3344000000000005,1.5,1.5
12.08.2021 01:37:02.096,6.33521,6.33445,1.5,1.12
12.08.2021 01:37:10.712,6.3351500000000005,6.3344000000000005,1.5,1
12.08.2021 01:37:10.836,6.33511,6.33436,1.5,1
12.08.2021 01:37:10.937,6.335100000000001,6.33434,1.5,1.5
12.08.2021 01:37:11.169,6.3351500000000005,6.3344000000000005,1.5,1
12.08.2021 01:37:12.343,6.335100000000001,6.33434,1.5,1.5
12.08.2021 01:37:12.852,6.3351500000000005,6.3344000000000005,1.5,1
12.08.2021 01:37:15.837,6.33511,6.33434,1.5,1.12
12.08.2021 01:37:16.473,6.3351500000000005,6.3344000000000005,1.5,1
12.08.2021 01:37:18.976,6.335100000000001,6.334350000000001,1.5,1.12
12.08.2021 01:37:34.500,6.335050000000001,6.33427,1.5,1.5
12.08.2021 01:37:38.004,6.334980000000001,6.33425,1.5,1.5
12.08.2021 01:37:46.969,6.335050000000001,6.33429,1.5,1.5
12.08.2021 01:38:13.193,6.33499,6.33425,1.5,1.5
12.08.2021 01:38:17.786,6.335050000000001,6.33427,1.5,1
12.08.2021 01:38:17.836,6.335050000000001,6.33427,1.5,1.5
12.08.2021 01:38:17.886,6.33504,6.33434,1.5,1
12.08.2021 01:38:18.211,6.33504,6.33434,1.5,1
12.08.2021 01:38:21.684,6.335050000000001,6.3343300000000005,1.5,1
12.08.2021 01:38:25.396,6.33499,6.33434,1,1
12.08.2021 01:38:28.693,6.33499,6.33434,1.5,1
12.08.2021 01:38:29.388,6.33499,6.33425,1.5,1.5
12.08.2021 01:38:44.563,6.33499,6.3343300000000005,1.5,1
12.08.2021 01:38:52.202,6.33511,6.3344000000000005,1.5,1
12.08.2021 01:38:52.303,6.33521,6.33445,1.5,1
12.08.2021 01:38:52.355,6.33522,6.334440000000001,1.5,1.5
12.08.2021 01:38:52.696,6.33521,6.33445,1.5,1
12.08.2021 01:38:53.549,6.33516,6.3344000000000005,1.5,1.5
12.08.2021 01:39:01.089,6.33516,6.3344000000000005,1.5,1.5
12.08.2021 01:39:05.140,6.3351500000000005,6.33443,1,1.5
12.08.2021 01:39:05.241,6.33512,6.334390000000001,1,1
12.08.2021 01:39:05.897,6.33507,6.334390000000001,1,1
12.08.2021 01:39:07.136,6.33504,6.334280000000001,1.5,1.5
12.08.2021 01:39:15.654,6.33504,6.33429,1.5,1
12.08.2021 01:39:25.277,6.33504,6.334280000000001,1.5,1
12.08.2021 01:39:28.263,6.33499,6.33422,1.5,1.62
12.08.2021 01:39:28.414,6.33492,6.334180000000001,1,1.5
12.08.2021 01:39:30.224,6.334980000000001,6.33422,1,1.5
12.08.2021 01:39:31.193,6.33497,6.334230000000001,1,1.5
12.08.2021 01:39:41.768,6.33499,6.33432,1.5,1
12.08.2021 01:39:58.347,6.335050000000001,6.33429,1.5,1
12.08.2021 01:40:01.007,6.33499,6.334230000000001,1.5,1.5
12.08.2021 01:40:05.176,6.335050000000001,6.33429,1.5,1
12.08.2021 01:40:10.501,6.33499,6.334230000000001,1.5,1.5
12.08.2021 01:40:12.103,6.33499,6.3343300000000005,1.5,1
