Gmt time,Ask,Bid,AskVolume,BidVolume
18.08.2021 00:00:00.024,6.3514100000000004,6.3505400000000005,1.5,1.5
18.08.2021 00:00:00.238,6.3514100000000004,6.35055,1.5,1.5
18.08.2021 00:00:02.159,6.351360000000001,6.3505,1.5,1.5
18.08.2021 00:00:02.365,6.351360000000001,6.3505,1.5,1.5
18.08.2021 00:00:05.185,6.35131,6.35046,1.5,1
18.08.2021 00:00:06.274,6.35135,6.3505400000000005,1.5,1
18.08.2021 00:00:06.458,6.35135,6.35057,1.5,1
18.08.2021 00:00:07.907,6.351630000000001,6.35066,1.5,1
18.08.2021 00:00:07.957,6.351630000000001,6.3508000000000004,1.5,1
18.08.2021 00:00:08.008,6.351640000000001,6.350790000000001,1.5,1
18.08.2021 00:00:08.643,6.35177,6.35086,1,1
18.08.2021 00:00:08.747,6.3517600000000005,6.350930000000001,1,1.2
18.08.2021 00:00:08.847,6.3517600000000005,6.350930000000001,1,1.5
18.08.2021 00:00:09.049,6.35177,6.350980000000001,1,1.12
18.08.2021 00:00:09.355,6.351680000000001,6.35087,1.5,1.5
18.08.2021 00:00:10.166,6.35174,6.35092,1.5,1.5
18.08.2021 00:00:10.217,6.351730000000001,6.350930000000001,1.5,1.5
18.08.2021 00:00:10.368,6.351730000000001,6.350930000000001,1.5,1.5
18.08.2021 00:00:10.670,6.3516900000000005,6.35086,1.5,1.5
18.08.2021 00:00:12.380,6.35157,6.35076,1.5,1
18.08.2021 00:00:12.531,6.35146,6.35067,1.5,1
18.08.2021 00:00:12.682,6.35149,6.35071,1,1.5
18.08.2021 00:00:13.277,6.35157,6.35076,1.5,1
18.08.2021 00:00:13.327,6.35157,6.35076,1.5,1.5
18.08.2021 00:00:13.428,6.35158,6.350750000000001,1.5,1.5
18.08.2021 00:00:13.788,6.35152,6.35071,1.5,1.5
18.08.2021 00:00:13.967,6.35152,6.35071,1.5,1.5
18.08.2021 00:00:14.099,6.35152,6.35071,1.5,1.5
18.08.2021 00:00:15.094,6.351500000000001,6.35072,1,1
18.08.2021 00:00:15.562,6.351430000000001,6.3506,1.5,1.5
18.08.2021 00:00:17.319,6.35152,6.35071,1.5,1.5
18.08.2021 00:00:17.488,6.35153,6.350700000000001,1.5,1.5
18.08.2021 00:00:18.097,6.351630000000001,6.35082,1.5,1
18.08.2021 00:00:18.148,6.351640000000001,6.35081,1.5,1.5
18.08.2021 00:00:21.527,6.35157,6.35076,1.5,1.5
18.08.2021 00:00:24.777,6.35152,6.35073,1.5,1
18.08.2021 00:00:29.844,6.35157,6.35076,1.5,1.5
18.08.2021 00:00:30.014,6.35157,6.35081,1,1
18.08.2021 00:00:30.489,6.35157,6.35076,1.5,1.5
18.08.2021 00:00:30.673,6.35157,6.35076,1.5,1.5
18.08.2021 00:00:32.439,6.35152,6.350630000000001,1.5,1
18.08.2021 00:00:32.607,6.35152,6.350630000000001,1.5,1
18.08.2021 00:00:34.417,6.351630000000001,6.35082,1.5,1
18.08.2021 00:00:34.524,6.351630000000001,6.35082,1.5,1.5
18.08.2021 00:00:34.884,6.35162,6.35081,1,1.5
18.08.2021 00:00:40.678,6.351630000000001,6.35082,1.5,1.5
18.08.2021 00:00:41.151,6.35152,6.35071,1.5,1.5
18.08.2021 00:00:41.308,6.35152,6.35073,1.5,1
18.08.2021 00:00:41.993,6.35146,6.35065,1.12,1.5
18.08.2021 00:00:42.144,6.35146,6.35065,1,1.5
18.08.2021 00:00:42.195,6.351450000000001,6.35065,1,1.5
18.08.2021 00:00:42.396,6.351450000000001,6.3506,1,1
18.08.2021 00:00:43.177,6.351450000000001,6.3506,1,1
18.08.2021 00:00:43.674,6.35142,6.35059,1.5,1.5
18.08.2021 00:00:48.479,6.35146,6.35064,1,1.5
18.08.2021 00:00:50.221,6.35142,6.35059,1.5,1.5
18.08.2021 00:00:53.313,6.3514100000000004,6.3506,1.5,1.5
18.08.2021 00:00:54.646,6.3514100000000004,6.3506,1.5,1.5
18.08.2021 00:00:56.469,6.35142,6.35059,1.5,2
18.08.2021 00:01:05.046,6.351450000000001,6.3506,1.5,1
18.08.2021 00:01:19.762,6.3514100000000004,6.35059,1.5,1
18.08.2021 00:01:20.170,6.35134,6.35051,1,1.5
18.08.2021 00:01:20.221,6.35135,6.3505400000000005,1.5,1
18.08.2021 00:01:20.373,6.35135,6.3505400000000005,1.5,1
18.08.2021 00:01:21.310,6.351450000000001,6.350580000000001,1,1
18.08.2021 00:01:26.293,6.35157,6.35073,1.5,1
18.08.2021 00:01:26.495,6.35165,6.3508000000000004,1,1
18.08.2021 00:01:26.836,6.35165,6.3508000000000004,1,1
18.08.2021 00:01:33.398,6.35175,6.350880000000001,1,1
18.08.2021 00:01:34.050,6.35174,6.350890000000001,1,1
18.08.2021 00:01:35.719,6.35174,6.350890000000001,1,1
18.08.2021 00:01:39.284,6.35179,6.3509400000000005,1,1.5
18.08.2021 00:01:39.385,6.3518,6.350930000000001,1,1.5
18.08.2021 00:01:39.486,6.35189,6.35102,1.5,1
18.08.2021 00:01:39.595,6.35188,6.35111,1.5,1
18.08.2021 00:01:58.671,6.352,6.3511500000000005,1.5,1
18.08.2021 00:02:00.182,6.351990000000001,6.35116,1.5,1
18.08.2021 00:02:00.739,6.351990000000001,6.35116,1.5,1
18.08.2021 00:02:00.856,6.3521600000000005,6.351240000000001,1,1
18.08.2021 00:02:00.957,6.3521600000000005,6.351380000000001,1.5,1
18.08.2021 00:02:03.332,6.3522300000000005,6.351380000000001,1,1
18.08.2021 00:02:05.470,6.35224,6.35137,1,1
18.08.2021 00:02:10.769,6.352290000000001,6.35144,1,1
18.08.2021 00:02:11.214,6.35226,6.3514,1,1
18.08.2021 00:02:14.813,6.35215,6.351280000000001,1,1
18.08.2021 00:02:14.978,6.35215,6.351280000000001,1,1
18.08.2021 00:02:15.596,6.35214,6.3512900000000005,1,1
18.08.2021 00:02:18.371,6.352,6.3512,1,1.5
18.08.2021 00:02:18.487,6.35195,6.35099,1,2
18.08.2021 00:02:18.537,6.3517600000000005,6.350980000000001,1,1.5
18.08.2021 00:02:18.588,6.35175,6.3509,1,1
18.08.2021 00:02:18.739,6.35172,6.350880000000001,1,1.5
18.08.2021 00:02:22.474,6.351500000000001,6.35072,1.5,1
18.08.2021 00:02:22.675,6.351450000000001,6.3506100000000005,1.5,1
18.08.2021 00:02:26.760,6.3514,6.35056,1.5,1
18.08.2021 00:02:26.913,6.35135,6.3505,1,1
18.08.2021 00:02:27.780,6.35139,6.3505400000000005,1,1
18.08.2021 00:02:28.393,6.351380000000001,6.3505400000000005,1.7,1
18.08.2021 00:02:30.740,6.35139,6.3505400000000005,1,1
18.08.2021 00:02:31.899,6.351430000000001,6.350580000000001,1,1
18.08.2021 00:02:32.725,6.35134,6.350480000000001,1,1
18.08.2021 00:02:32.834,6.35134,6.3505400000000005,1.5,1
18.08.2021 00:02:38.544,6.35139,6.35056,1,1.5
18.08.2021 00:02:46.167,6.351330000000001,6.35046,1,1
18.08.2021 00:02:46.218,6.351280000000001,6.35046,1.7,1
18.08.2021 00:02:46.419,6.35123,6.35037,1.5,1
18.08.2021 00:02:46.722,6.351190000000001,6.35034,1,1.5
18.08.2021 00:02:53.925,6.35134,6.350480000000001,1.5,1
18.08.2021 00:02:53.975,6.35135,6.350480000000001,1.5,1
18.08.2021 00:02:54.126,6.35135,6.350530000000001,1.5,1
18.08.2021 00:02:58.221,6.35134,6.350480000000001,1.5,1
18.08.2021 00:02:59.972,6.35134,6.350480000000001,1.5,1
18.08.2021 00:03:02.156,6.35135,6.3505,1,1.5
18.08.2021 00:03:08.608,6.35134,6.350480000000001,1.5,1
18.08.2021 00:03:08.810,6.35134,6.350480000000001,1.5,1
18.08.2021 00:03:17.583,6.35137,6.350480000000001,1.5,1
18.08.2021 00:03:22.653,6.35123,6.350350000000001,1.5,1
18.08.2021 00:03:22.823,6.35123,6.350350000000001,1.5,1
18.08.2021 00:03:25.559,6.35118,6.350350000000001,1.7,1
18.08.2021 00:03:26.106,6.35112,6.35024,1.5,1
18.08.2021 00:03:26.293,6.35112,6.35027,1.5,1.5
18.08.2021 00:03:30.272,6.351190000000001,6.35032,1.5,1.5
18.08.2021 00:03:30.638,6.35118,6.3503300000000005,1.5,1.5
18.08.2021 00:03:33.195,6.35118,6.3503300000000005,1.5,1.5
18.08.2021 00:03:42.205,6.35131,6.3503300000000005,1,1.7
18.08.2021 00:03:42.306,6.351360000000001,6.350490000000001,1.5,1
18.08.2021 00:03:42.357,6.3512900000000005,6.3504000000000005,1,1.5
18.08.2021 00:03:42.776,6.35125,6.3503300000000005,1,1.5
18.08.2021 00:03:42.978,6.351240000000001,6.35034,1,1
18.08.2021 00:03:47.032,6.351360000000001,6.35051,2,1.5
18.08.2021 00:03:47.133,6.351380000000001,6.35051,1.7,1.5
18.08.2021 00:03:47.334,6.3514,6.35051,1.5,1.5
18.08.2021 00:03:48.571,6.35162,6.350630000000001,2,1
18.08.2021 00:03:48.722,6.351680000000001,6.35082,1.5,1
18.08.2021 00:03:48.891,6.351680000000001,6.35082,1.5,1
18.08.2021 00:03:51.431,6.35156,6.35077,1,1
18.08.2021 00:03:51.637,6.35149,6.35072,1,1
18.08.2021 00:03:51.832,6.35149,6.35064,1,1.5
18.08.2021 00:03:51.882,6.35157,6.35069,1.5,1
18.08.2021 00:03:54.309,6.351680000000001,6.3508000000000004,1.5,1
18.08.2021 00:03:54.460,6.351680000000001,6.35083,1.5,1
18.08.2021 00:03:56.930,6.3518,6.35097,1.5,1.5
18.08.2021 00:04:00.850,6.35195,6.35106,1.5,1
18.08.2021 00:04:01.941,6.35195,6.35106,1.5,1
18.08.2021 00:04:02.042,6.3521,6.351280000000001,1,1
18.08.2021 00:04:02.093,6.3521600000000005,6.35134,1.5,1
18.08.2021 00:04:02.534,6.35228,6.351430000000001,1,1.5
18.08.2021 00:04:03.263,6.35227,6.351430000000001,1,1
18.08.2021 00:04:03.364,6.35219,6.351360000000001,1,1
18.08.2021 00:04:03.414,6.35217,6.351360000000001,1,1
18.08.2021 00:04:04.325,6.35217,6.3512900000000005,1.62,1
18.08.2021 00:04:04.375,6.352130000000001,6.35122,1,1
18.08.2021 00:04:04.476,6.35201,6.35113,1,1
18.08.2021 00:04:04.527,6.35202,6.35112,1.5,1
18.08.2021 00:04:05.346,6.35198,6.35111,1,1
18.08.2021 00:04:06.075,6.3520900000000005,6.35132,1,1
18.08.2021 00:04:06.126,6.35217,6.35132,1,1
18.08.2021 00:04:06.277,6.352180000000001,6.35131,1,1
18.08.2021 00:04:06.460,6.35214,6.35125,1,1.5
18.08.2021 00:04:06.560,6.352080000000001,6.3512,1,1.5
18.08.2021 00:04:06.739,6.35201,6.35113,1.5,1.77
18.08.2021 00:04:07.782,6.35197,6.35121,1,1
18.08.2021 00:04:07.883,6.35217,6.351330000000001,1,1.5
18.08.2021 00:04:07.934,6.35217,6.351360000000001,1,1
18.08.2021 00:04:12.056,6.35206,6.35122,1,1
18.08.2021 00:04:20.045,6.35196,6.3511500000000005,1.5,1.5
18.08.2021 00:04:21.535,6.352,6.3512,1,1.5
18.08.2021 00:04:23.266,6.35201,6.35121,1.5,1.5
18.08.2021 00:04:23.417,6.35201,6.35122,1.5,1
18.08.2021 00:04:23.468,6.35201,6.35123,1.12,1
18.08.2021 00:04:23.687,6.35201,6.35123,1.5,1
18.08.2021 00:04:27.392,6.35196,6.3511500000000005,1.5,1.5
18.08.2021 00:04:27.593,6.35191,6.351100000000001,1.5,1.5
18.08.2021 00:04:27.747,6.351850000000001,6.35104,1.5,1.5
18.08.2021 00:04:27.950,6.351850000000001,6.35104,1,1.5
18.08.2021 00:04:28.712,6.3519000000000005,6.35109,1.5,1.5
18.08.2021 00:04:38.761,6.351850000000001,6.35104,1.5,1.5
18.08.2021 00:04:38.964,6.3516900000000005,6.350930000000001,1,1
18.08.2021 00:04:39.015,6.3516900000000005,6.3509,1.5,1
18.08.2021 00:04:39.115,6.351640000000001,6.35082,1.12,1.77
18.08.2021 00:04:43.340,6.351640000000001,6.35082,1.5,1.5
18.08.2021 00:04:43.441,6.35158,6.35077,1,1.5
18.08.2021 00:04:43.542,6.35153,6.35072,1,1.5
18.08.2021 00:04:43.708,6.35153,6.35072,1.5,1.5
18.08.2021 00:04:44.565,6.35149,6.35071,1.7,1.12
18.08.2021 00:04:44.766,6.35147,6.35059,1.62,1
18.08.2021 00:04:48.167,6.35147,6.35066,1.62,1.5
18.08.2021 00:04:48.318,6.35147,6.35067,1,1
18.08.2021 00:04:48.519,6.3514800000000005,6.35065,1.5,1.5
18.08.2021 00:04:51.081,6.35147,6.35062,1.62,1
18.08.2021 00:04:58.694,6.3514,6.350530000000001,1.5,1
18.08.2021 00:04:58.895,6.35135,6.35047,1.5,1
18.08.2021 00:04:59.046,6.3512900000000005,6.35045,1,1.5
18.08.2021 00:04:59.096,6.35127,6.35046,1,1.5
18.08.2021 00:04:59.940,6.351240000000001,6.35043,1.5,1
18.08.2021 00:05:00.091,6.35127,6.35051,1,1
18.08.2021 00:05:00.256,6.3513,6.35052,1,1
18.08.2021 00:05:00.307,6.35146,6.35057,1.5,1.5
18.08.2021 00:05:01.792,6.35146,6.35057,1.5,1.5
18.08.2021 00:05:01.892,6.35158,6.35073,1.7,1.62
18.08.2021 00:05:01.993,6.35151,6.35062,1.5,1.5
18.08.2021 00:05:02.044,6.35151,6.35062,1.5,1.5
18.08.2021 00:05:02.641,6.3514,6.350750000000001,1.5,1
18.08.2021 00:05:10.573,6.3514,6.350750000000001,1.5,1
18.08.2021 00:05:10.703,6.35151,6.35062,1.5,1.5
18.08.2021 00:05:13.605,6.351330000000001,6.3506800000000005,1,1.5
18.08.2021 00:05:15.811,6.351330000000001,6.3506800000000005,1,1
18.08.2021 00:05:20.576,6.35144,6.35055,1.5,1.5
18.08.2021 00:05:25.249,6.35139,6.350530000000001,1.5,1
18.08.2021 00:05:25.355,6.35117,6.350530000000001,1,1
18.08.2021 00:05:25.406,6.35117,6.350530000000001,1,1
18.08.2021 00:05:25.507,6.35125,6.3506,1.5,1
18.08.2021 00:05:25.661,6.35125,6.3506,1.5,1
18.08.2021 00:05:25.805,6.35125,6.3506,1,1
18.08.2021 00:05:26.992,6.35126,6.35059,1.5,1
18.08.2021 00:05:27.105,6.35125,6.3506,1,1.12
18.08.2021 00:05:30.045,6.35125,6.3506,1.5,1
18.08.2021 00:05:31.721,6.35123,6.35059,1.5,1
18.08.2021 00:05:32.207,6.35111,6.35046,1.12,1
18.08.2021 00:05:35.774,6.351030000000001,6.35038,1,1.5
18.08.2021 00:05:38.044,6.351030000000001,6.35038,1,1.5
18.08.2021 00:05:39.580,6.350980000000001,6.3503300000000005,1.5,1
18.08.2021 00:05:39.687,6.35091,6.3502600000000005,1.5,1
18.08.2021 00:05:39.810,6.35091,6.3502600000000005,1.5,1.12
18.08.2021 00:05:39.861,6.35091,6.3502600000000005,1.5,1
18.08.2021 00:05:39.911,6.35082,6.35017,1.5,1
18.08.2021 00:05:50.250,6.35073,6.35008,1,1.5
18.08.2021 00:05:53.801,6.350840000000001,6.35017,1.5,1
18.08.2021 00:05:53.851,6.35083,6.350180000000001,1.5,1.5
18.08.2021 00:05:53.953,6.35083,6.35022,1,1.5
18.08.2021 00:05:54.139,6.35083,6.35022,1,1.5
18.08.2021 00:05:54.297,6.35095,6.350300000000001,1,1.5
18.08.2021 00:05:55.360,6.35095,6.350300000000001,1,1.5
18.08.2021 00:05:55.460,6.35087,6.35022,1,1.5
18.08.2021 00:05:55.611,6.35087,6.35022,1,1.5
18.08.2021 00:05:55.921,6.35095,6.350300000000001,1,1.5
18.08.2021 00:05:56.085,6.35095,6.350300000000001,1,1.5
18.08.2021 00:05:58.662,6.35096,6.35029,1,1.5
18.08.2021 00:05:58.763,6.35096,6.35029,1.12,1
18.08.2021 00:05:58.946,6.35087,6.35022,1,1.5
18.08.2021 00:05:58.996,6.35087,6.35022,1,1
18.08.2021 00:06:01.547,6.35087,6.35022,1.5,1
18.08.2021 00:06:03.319,6.35087,6.35022,1,1.5
18.08.2021 00:06:05.755,6.35087,6.35022,1.5,1
18.08.2021 00:06:06.710,6.350880000000001,6.350210000000001,1,1.5
18.08.2021 00:06:06.811,6.35102,6.3501900000000004,1.5,1
18.08.2021 00:06:06.911,6.35112,6.350230000000001,1.5,1.5
18.08.2021 00:06:06.990,6.35096,6.35031,1,1.5
18.08.2021 00:06:15.975,6.35106,6.35016,1.5,1.7
18.08.2021 00:06:17.336,6.35106,6.350230000000001,1.5,1.2
18.08.2021 00:06:17.437,6.3509,6.350130000000001,1,1
18.08.2021 00:06:17.588,6.35087,6.3502,1.5,1.5
18.08.2021 00:06:17.818,6.35086,6.350210000000001,1.5,1
18.08.2021 00:06:18.608,6.3508000000000004,6.35015,1,1.5
18.08.2021 00:06:24.545,6.3508000000000004,6.35015,1.12,1.5
18.08.2021 00:06:59.064,6.35081,6.350140000000001,1.5,1
18.08.2021 00:07:08.254,6.35092,6.35027,1.5,1
18.08.2021 00:07:08.304,6.350930000000001,6.3502600000000005,1.5,1
18.08.2021 00:07:08.513,6.350840000000001,6.3501900000000004,1,1.5
18.08.2021 00:07:08.613,6.350840000000001,6.3501900000000004,1.5,1
18.08.2021 00:07:08.944,6.350840000000001,6.3501900000000004,1.5,1
18.08.2021 00:07:18.802,6.35076,6.35011,1.5,1.12
18.08.2021 00:07:18.853,6.35077,6.3501,1.5,1
18.08.2021 00:07:18.903,6.35069,6.350040000000001,1.12,1.5
18.08.2021 00:07:19.518,6.350790000000001,6.350140000000001,2,1
18.08.2021 00:07:19.568,6.350790000000001,6.350140000000001,2,1
18.08.2021 00:07:21.048,6.350790000000001,6.350140000000001,2,1
18.08.2021 00:07:33.429,6.35091,6.3500000000000005,1.5,1.5
18.08.2021 00:07:33.524,6.3509,6.35001,1.5,1.5
18.08.2021 00:07:36.337,6.35077,6.35012,1,1.5
18.08.2021 00:07:40.146,6.35077,6.35012,1.5,1.12
18.08.2021 00:07:48.309,6.35096,6.35005,1.5,1.5
18.08.2021 00:07:50.545,6.35095,6.350130000000001,1.5,1
18.08.2021 00:07:52.454,6.350840000000001,6.3501900000000004,1.5,1
18.08.2021 00:07:52.605,6.35077,6.35012,1,1.5
18.08.2021 00:07:52.655,6.35077,6.35012,1.5,1
18.08.2021 00:08:01.658,6.35072,6.35007,1,1.5
18.08.2021 00:08:01.708,6.35073,6.35006,1,1.5
18.08.2021 00:08:02.071,6.3508000000000004,6.35015,1.5,1
18.08.2021 00:08:02.178,6.3508000000000004,6.35015,1,1.5
18.08.2021 00:08:03.126,6.35087,6.35022,1.5,1
18.08.2021 00:08:13.581,6.35087,6.35022,1,1.5
18.08.2021 00:08:13.632,6.35107,6.350230000000001,1,1.7
18.08.2021 00:08:14.045,6.35112,6.350230000000001,1.5,1.5
18.08.2021 00:08:14.196,6.35097,6.350300000000001,1,1.5
18.08.2021 00:08:14.391,6.35096,6.35031,1.5,1
18.08.2021 00:08:14.600,6.35096,6.35031,1.5,1
18.08.2021 00:08:14.701,6.350840000000001,6.3501900000000004,1,1.5
18.08.2021 00:08:19.238,6.350840000000001,6.3501900000000004,1.5,1.12
18.08.2021 00:08:19.440,6.350840000000001,6.3501900000000004,1.5,1
18.08.2021 00:08:19.490,6.350750000000001,6.3501,1,1.5
18.08.2021 00:08:21.727,6.350750000000001,6.3501,1.5,1.5
18.08.2021 00:08:40.890,6.350840000000001,6.35003,1.5,1.77
18.08.2021 00:08:42.849,6.35066,6.35003,1,1
18.08.2021 00:08:43.007,6.35066,6.35001,1,1.5
18.08.2021 00:08:43.208,6.35067,6.3500000000000005,1,1
18.08.2021 00:08:43.291,6.35062,6.349950000000001,1,1.5
18.08.2021 00:08:46.375,6.3506800000000005,6.35003,1.5,1
18.08.2021 00:08:46.425,6.3506800000000005,6.35003,1,1.5
18.08.2021 00:08:46.779,6.3506800000000005,6.35003,1,1.5
18.08.2021 00:08:51.549,6.350630000000001,6.35003,1,1.5
18.08.2021 00:08:51.700,6.35057,6.34992,1.5,1
18.08.2021 00:08:58.896,6.350490000000001,6.34984,1,1.5
18.08.2021 00:08:59.901,6.35042,6.34977,1,1.12
18.08.2021 00:09:00.002,6.35036,6.349690000000001,1,1.5
18.08.2021 00:09:00.052,6.350350000000001,6.3497,1.5,1
18.08.2021 00:09:00.153,6.350350000000001,6.3497,1.5,1
18.08.2021 00:09:00.585,6.35027,6.34962,1,1
18.08.2021 00:09:08.589,6.350280000000001,6.34961,1,1.5
18.08.2021 00:09:16.114,6.35036,6.3495,1.5,1.5
18.08.2021 00:09:16.245,6.35037,6.3494600000000005,1.5,1.5
18.08.2021 00:09:24.045,6.35031,6.349430000000001,1.5,1
18.08.2021 00:09:27.162,6.350300000000001,6.34944,1.5,1
18.08.2021 00:09:28.560,6.3501900000000004,6.34952,1,1.5
18.08.2021 00:09:28.611,6.350180000000001,6.349530000000001,1,1.12
18.08.2021 00:09:28.661,6.35011,6.34944,1,1.5
18.08.2021 00:09:28.762,6.350040000000001,6.3493900000000005,1,1.5
18.08.2021 00:09:28.812,6.350040000000001,6.3493900000000005,1.5,1
18.08.2021 00:09:28.863,6.34997,6.34932,1,1.5
18.08.2021 00:09:32.043,6.34997,6.34932,1,1.12
18.08.2021 00:09:39.647,6.350090000000001,6.34923,1.5,1
18.08.2021 00:09:46.132,6.34998,6.349200000000001,1.2,1.5
18.08.2021 00:09:46.576,6.35007,6.349200000000001,1,1.5
18.08.2021 00:09:49.094,6.3500000000000005,6.34914,1,1.5
18.08.2021 00:09:49.253,6.35003,6.34914,1.5,1.5
18.08.2021 00:09:52.890,6.35007,6.34921,1,1
18.08.2021 00:09:53.664,6.34994,6.349290000000001,1,1.5
18.08.2021 00:09:54.446,6.3498600000000005,6.34921,1,1.5
18.08.2021 00:09:54.546,6.34987,6.349200000000001,1,1.12
18.08.2021 00:09:54.960,6.34987,6.349200000000001,1,1.5
18.08.2021 00:09:57.127,6.34987,6.349200000000001,1,1.5
18.08.2021 00:09:57.570,6.3499300000000005,6.34928,1,1.5
18.08.2021 00:10:05.458,6.3499300000000005,6.34928,1,1
18.08.2021 00:10:05.662,6.3499300000000005,6.34928,1,1.5
18.08.2021 00:10:17.079,6.35003,6.34921,1.5,1
18.08.2021 00:10:19.777,6.34998,6.349330000000001,1.12,1
18.08.2021 00:10:21.465,6.34998,6.34922,1,1
18.08.2021 00:10:21.566,6.3499,6.34922,1,1
18.08.2021 00:10:21.667,6.34985,6.349200000000001,1.5,1
18.08.2021 00:10:21.868,6.34985,6.349200000000001,1,1.12
18.08.2021 00:10:24.087,6.34985,6.349200000000001,1.5,1
18.08.2021 00:10:24.292,6.34985,6.349200000000001,1,1.62
18.08.2021 00:10:25.443,6.34991,6.34926,1,1.5
18.08.2021 00:10:25.589,6.35006,6.34919,1,1.5
18.08.2021 00:10:25.740,6.35011,6.34926,1.62,1
18.08.2021 00:10:25.891,6.35005,6.349380000000001,1.5,1
18.08.2021 00:10:26.094,6.350040000000001,6.3493900000000005,1,1
18.08.2021 00:10:26.414,6.350040000000001,6.3493900000000005,1.5,1
18.08.2021 00:10:26.515,6.350040000000001,6.3493900000000005,1.5,1
18.08.2021 00:10:34.705,6.35007,6.34922,1.5,1
18.08.2021 00:10:49.273,6.35017,6.34945,1,1
18.08.2021 00:10:49.324,6.35025,6.34944,1.5,1
18.08.2021 00:10:49.424,6.35007,6.34945,1,1.5
18.08.2021 00:10:49.525,6.35007,6.34945,1,1.5
18.08.2021 00:10:49.576,6.35022,6.349550000000001,1,1.12
18.08.2021 00:11:02.195,6.350300000000001,6.349530000000001,1,1.7
18.08.2021 00:11:05.710,6.350350000000001,6.34968,1.5,1
18.08.2021 00:11:05.761,6.35034,6.349690000000001,1,1.5
18.08.2021 00:11:05.861,6.35042,6.34977,1,1
18.08.2021 00:11:05.989,6.35042,6.34977,1,1.5
18.08.2021 00:11:06.151,6.35041,6.349780000000001,1,1.5
18.08.2021 00:11:09.631,6.35041,6.349780000000001,1,1
18.08.2021 00:11:09.731,6.350440000000001,6.34977,1.12,1
18.08.2021 00:11:09.792,6.35043,6.349780000000001,1.5,1
18.08.2021 00:11:10.113,6.35034,6.34967,1.12,1
18.08.2021 00:11:12.315,6.350300000000001,6.34968,1,1
18.08.2021 00:11:12.416,6.35024,6.34959,1,1.5
18.08.2021 00:11:12.476,6.35024,6.34959,1,1.12
18.08.2021 00:11:13.597,6.35036,6.34951,1.5,1
18.08.2021 00:11:20.961,6.35029,6.349640000000001,1.5,1
18.08.2021 00:11:21.062,6.35029,6.349640000000001,1.5,1
18.08.2021 00:11:21.286,6.35029,6.349640000000001,1,1
18.08.2021 00:11:26.014,6.35037,6.349550000000001,1,1.5
18.08.2021 00:11:26.521,6.35032,6.3496500000000005,1.12,1
18.08.2021 00:11:30.238,6.35032,6.3496500000000005,1.5,1
18.08.2021 00:11:30.950,6.35031,6.34966,1.5,1
18.08.2021 00:11:42.942,6.35025,6.34966,1,1
18.08.2021 00:11:43.211,6.35031,6.34966,1.5,1
18.08.2021 00:11:46.314,6.3502600000000005,6.34961,1.5,1
18.08.2021 00:11:46.365,6.3502600000000005,6.34961,1,1.5
18.08.2021 00:11:46.465,6.350350000000001,6.3497,1.5,1
18.08.2021 00:11:46.662,6.350350000000001,6.3497900000000005,1,1
18.08.2021 00:11:46.763,6.350350000000001,6.3497900000000005,1.5,1
18.08.2021 00:11:46.813,6.350350000000001,6.34972,1.5,1
18.08.2021 00:11:46.975,6.350350000000001,6.34972,1.5,1
18.08.2021 00:11:47.025,6.350230000000001,6.3495800000000004,1,1.5
18.08.2021 00:11:52.545,6.35024,6.34957,1,1.12
18.08.2021 00:12:03.119,6.35031,6.34967,1,1
18.08.2021 00:12:03.219,6.35037,6.34972,1,1
18.08.2021 00:12:03.328,6.35037,6.34972,1.5,1
18.08.2021 00:12:09.110,6.35027,6.34962,1,1.12
18.08.2021 00:12:09.160,6.35027,6.34962,1,1.5
18.08.2021 00:12:09.211,6.35038,6.349730000000001,1.12,1
18.08.2021 00:12:09.362,6.35038,6.349730000000001,1.5,1
18.08.2021 00:12:11.732,6.35031,6.349640000000001,1.5,1
18.08.2021 00:12:16.683,6.350300000000001,6.3496500000000005,1,1
18.08.2021 00:12:16.734,6.350390000000001,6.349740000000001,1.5,1
18.08.2021 00:12:16.884,6.350390000000001,6.349740000000001,1.5,1
18.08.2021 00:12:20.503,6.3503300000000005,6.34968,1.12,1
18.08.2021 00:12:21.119,6.3503300000000005,6.34968,1.5,1
18.08.2021 00:12:23.181,6.3503300000000005,6.34968,1.62,1
18.08.2021 00:12:28.413,6.350140000000001,6.349530000000001,1,1
18.08.2021 00:12:28.514,6.350130000000001,6.34954,1.5,1
18.08.2021 00:12:28.564,6.35005,6.34942,1,1
18.08.2021 00:12:28.615,6.350040000000001,6.34941,1,1
18.08.2021 00:12:28.760,6.350040000000001,6.3493900000000005,1,1.5
18.08.2021 00:12:31.551,6.35005,6.349380000000001,1.12,1
18.08.2021 00:12:31.877,6.35005,6.349380000000001,1.5,1
18.08.2021 00:12:33.773,6.350040000000001,6.3493900000000005,1.5,1
18.08.2021 00:12:34.025,6.35007,6.34922,1.5,1
18.08.2021 00:12:38.497,6.350040000000001,6.3493900000000005,1.5,1
18.08.2021 00:12:39.042,6.350040000000001,6.3493900000000005,1.5,1
18.08.2021 00:12:44.045,6.35008,6.34927,1.5,1.5
18.08.2021 00:12:44.095,6.35001,6.34928,1,1
18.08.2021 00:12:44.220,6.34996,6.34931,1.5,1
18.08.2021 00:12:44.338,6.34991,6.34916,1,1
18.08.2021 00:12:44.644,6.34991,6.34927,1,1
18.08.2021 00:12:48.372,6.34984,6.34919,1,1.5
18.08.2021 00:12:48.540,6.34989,6.349240000000001,1,1
18.08.2021 00:12:49.082,6.34989,6.349240000000001,1,1.5
18.08.2021 00:12:49.284,6.34989,6.349240000000001,1,1.5
18.08.2021 00:12:49.700,6.34989,6.349240000000001,1.5,1
18.08.2021 00:12:49.800,6.3498,6.349150000000001,1,1.12
18.08.2021 00:12:49.956,6.349730000000001,6.34909,1,1.5
18.08.2021 00:12:50.110,6.349730000000001,6.349080000000001,1,1
18.08.2021 00:12:53.242,6.349740000000001,6.34907,1,1.5
18.08.2021 00:12:57.714,6.349730000000001,6.3491,1,1
18.08.2021 00:12:57.765,6.34998,6.34916,1.5,1
18.08.2021 00:12:58.603,6.34985,6.349200000000001,1,1.5
18.08.2021 00:12:59.937,6.34996,6.349290000000001,1,1
18.08.2021 00:13:03.253,6.34991,6.349290000000001,1,1
18.08.2021 00:13:03.614,6.34987,6.3492500000000005,1,1
18.08.2021 00:13:03.803,6.349740000000001,6.34909,1,1.5
18.08.2021 00:13:03.904,6.349740000000001,6.34909,1,1
18.08.2021 00:13:04.301,6.349740000000001,6.34909,1.5,1
18.08.2021 00:13:04.504,6.349740000000001,6.34909,1,1
18.08.2021 00:13:15.046,6.349740000000001,6.34909,1,1.5
18.08.2021 00:13:15.462,6.34972,6.349,1.5,1
18.08.2021 00:13:17.204,6.34977,6.34902,1.5,1.5
18.08.2021 00:13:17.330,6.34977,6.34902,1,1.5
18.08.2021 00:13:18.045,6.34977,6.34902,1.5,1.5
18.08.2021 00:13:20.270,6.34977,6.34902,1.5,1.5
18.08.2021 00:13:24.163,6.34966,6.34901,1,1.12
18.08.2021 00:14:11.828,6.3495,6.34891,1.12,1
18.08.2021 00:14:11.939,6.3494600000000005,6.34881,1,1.5
18.08.2021 00:14:12.043,6.3494600000000005,6.34881,1.5,1
18.08.2021 00:14:12.765,6.3494600000000005,6.34881,1.5,1
18.08.2021 00:14:14.714,6.34947,6.348800000000001,1,1.5
18.08.2021 00:14:15.247,6.34947,6.348800000000001,1,1.5
18.08.2021 00:14:16.283,6.3494600000000005,6.3489,1,1
18.08.2021 00:14:16.387,6.34963,6.34896,1.12,1
18.08.2021 00:14:17.065,6.34962,6.3489700000000004,1,1.5
18.08.2021 00:14:20.545,6.34963,6.34896,1,1.5
18.08.2021 00:14:26.877,6.349730000000001,6.349080000000001,1.5,1
18.08.2021 00:14:26.927,6.349730000000001,6.349080000000001,1,1
18.08.2021 00:14:27.078,6.349730000000001,6.34907,1,1
18.08.2021 00:14:28.495,6.34967,6.349,1,1.5
18.08.2021 00:14:30.395,6.34971,6.349060000000001,1,1
18.08.2021 00:14:32.747,6.34971,6.349060000000001,1,1.5
18.08.2021 00:14:33.718,6.34972,6.34905,1,1
18.08.2021 00:14:43.106,6.34972,6.348980000000001,1.12,1
18.08.2021 00:14:45.339,6.34963,6.348980000000001,1,1.5
18.08.2021 00:14:58.306,6.349730000000001,6.349060000000001,1.5,1.12
18.08.2021 00:15:01.324,6.34972,6.3489700000000004,1.12,1
18.08.2021 00:15:02.703,6.349830000000001,6.34907,1.5,1.12
18.08.2021 00:15:02.804,6.349830000000001,6.34907,1.5,1.5
18.08.2021 00:15:06.641,6.34982,6.349150000000001,1.12,1
18.08.2021 00:15:06.754,6.34982,6.349150000000001,1,1.62
18.08.2021 00:15:06.805,6.349880000000001,6.349240000000001,1.12,1
18.08.2021 00:15:06.908,6.349880000000001,6.349240000000001,1,1.5
18.08.2021 00:15:07.202,6.349880000000001,6.34931,1,1
18.08.2021 00:15:07.463,6.34996,6.34931,1.5,1
18.08.2021 00:15:07.514,6.35001,6.34936,1.5,1.12
18.08.2021 00:15:07.632,6.35015,6.3496500000000005,1.12,1
18.08.2021 00:15:07.733,6.35015,6.349550000000001,1,1
18.08.2021 00:15:12.318,6.3502,6.349550000000001,1,1
18.08.2021 00:15:12.368,6.3502600000000005,6.34962,1,1
18.08.2021 00:15:12.469,6.3502600000000005,6.34972,1,1
18.08.2021 00:15:12.519,6.35032,6.349550000000001,1.5,1.5
18.08.2021 00:15:12.620,6.35032,6.349550000000001,1.5,1.5
18.08.2021 00:15:12.788,6.35027,6.34954,1.5,1.12
18.08.2021 00:15:13.735,6.350180000000001,6.349530000000001,1,1.5
18.08.2021 00:15:13.836,6.35007,6.34942,1,1.5
18.08.2021 00:15:13.971,6.350040000000001,6.34942,1.12,1
18.08.2021 00:15:14.194,6.35007,6.34942,1,1
18.08.2021 00:15:15.856,6.35005,6.34942,1,1
18.08.2021 00:15:15.957,6.3498600000000005,6.349240000000001,1,1.5
18.08.2021 00:15:16.057,6.34987,6.349200000000001,1.5,1
18.08.2021 00:15:16.108,6.34977,6.3491,1,1.5
18.08.2021 00:15:16.259,6.34976,6.3491100000000005,1.5,1
18.08.2021 00:15:16.420,6.349690000000001,6.3490400000000005,1,1.12
18.08.2021 00:15:35.434,6.349780000000001,6.34916,1,1
18.08.2021 00:15:35.585,6.34991,6.34926,2,1
18.08.2021 00:15:35.635,6.34991,6.34926,1,1
18.08.2021 00:15:35.686,6.34996,6.349290000000001,1.5,1
18.08.2021 00:15:35.837,6.349950000000001,6.3493,1,1.5
18.08.2021 00:15:36.023,6.35002,6.349380000000001,1.5,1
18.08.2021 00:15:36.174,6.35003,6.349380000000001,1,1.5
18.08.2021 00:15:40.919,6.350040000000001,6.34937,1.5,1
18.08.2021 00:15:42.168,6.35002,6.34922,1.5,1
18.08.2021 00:15:48.342,6.35001,6.34919,1,1.5
18.08.2021 00:15:48.545,6.34997,6.34919,1,1.5
18.08.2021 00:16:00.617,6.349880000000001,6.34923,1,1.5
18.08.2021 00:16:04.645,6.349880000000001,6.34923,1,1.5
18.08.2021 00:16:07.554,6.349950000000001,6.3493,1,1
18.08.2021 00:16:07.655,6.3500000000000005,6.34937,1,1
18.08.2021 00:16:15.414,6.3500000000000005,6.34937,1,1.5
18.08.2021 00:16:16.615,6.35003,6.349380000000001,1,1.5
18.08.2021 00:16:30.607,6.35011,6.3494600000000005,1.5,1
18.08.2021 00:16:31.821,6.35003,6.349380000000001,1.5,1
18.08.2021 00:16:31.923,6.34999,6.349380000000001,1,1
18.08.2021 00:16:32.112,6.34999,6.349380000000001,1.5,1
18.08.2021 00:16:32.278,6.349950000000001,6.3493,1,1
18.08.2021 00:16:33.684,6.349950000000001,6.3493,1,1.5
18.08.2021 00:16:34.174,6.350040000000001,6.34945,1.5,1
18.08.2021 00:16:34.797,6.3501,6.34945,1.5,1
18.08.2021 00:16:37.077,6.350040000000001,6.34945,1.5,1
18.08.2021 00:16:37.295,6.350040000000001,6.34945,1.5,1
18.08.2021 00:16:38.883,6.34997,6.349380000000001,1,1
18.08.2021 00:16:39.084,6.34997,6.3494600000000005,1,1.5
18.08.2021 00:16:39.377,6.350210000000001,6.34957,1,1
18.08.2021 00:16:42.150,6.35022,6.34957,1.12,1
18.08.2021 00:16:43.285,6.350230000000001,6.3495800000000004,1,1
18.08.2021 00:16:43.386,6.35038,6.349730000000001,1.5,1
18.08.2021 00:16:43.487,6.35038,6.349730000000001,1,1.5
18.08.2021 00:16:43.700,6.35043,6.3498,1,1
18.08.2021 00:16:44.265,6.35046,6.34981,1,1
18.08.2021 00:16:48.546,6.35046,6.34981,1,1.5
18.08.2021 00:16:59.537,6.350530000000001,6.34972,1.5,1.5
18.08.2021 00:17:14.189,6.35046,6.34981,1,1.5
18.08.2021 00:17:33.281,6.35056,6.349780000000001,1,1.5
18.08.2021 00:17:41.869,6.35059,6.349780000000001,1.5,2
18.08.2021 00:17:44.305,6.35046,6.34981,1,1.5
18.08.2021 00:18:02.285,6.35046,6.34981,1,1.5
18.08.2021 00:18:04.746,6.350530000000001,6.34976,1.5,1
18.08.2021 00:18:14.424,6.35046,6.34981,1,1.5
18.08.2021 00:18:21.646,6.35046,6.34981,1,1
18.08.2021 00:18:21.851,6.35046,6.34981,1.62,1
18.08.2021 00:18:22.295,6.35046,6.34967,1,1.5
18.08.2021 00:18:23.257,6.35046,6.34967,1,1
18.08.2021 00:18:23.358,6.35036,6.34956,1,1.5
18.08.2021 00:18:23.459,6.3502600000000005,6.34951,1,1
18.08.2021 00:18:23.628,6.3502600000000005,6.34972,1,1
18.08.2021 00:18:27.685,6.35024,6.34957,1,1.5
18.08.2021 00:18:27.738,6.350230000000001,6.3495800000000004,1.5,1.5
18.08.2021 00:18:27.788,6.350130000000001,6.3494600000000005,1.5,1
18.08.2021 00:18:27.947,6.35012,6.34947,1,1.5
18.08.2021 00:18:46.936,6.350210000000001,6.34942,1.5,1
18.08.2021 00:18:49.080,6.350040000000001,6.34935,1,1.5
18.08.2021 00:18:49.185,6.350040000000001,6.34937,1,1
18.08.2021 00:18:49.289,6.35003,6.349380000000001,1.5,1
18.08.2021 00:19:09.372,6.35005,6.349240000000001,1.5,1
18.08.2021 00:19:09.626,6.34992,6.3492500000000005,1,1.5
18.08.2021 00:19:15.971,6.349780000000001,6.3491100000000005,1,1.62
18.08.2021 00:19:16.022,6.34972,6.34912,1,1.62
18.08.2021 00:19:16.123,6.34967,6.349030000000001,1,1.5
18.08.2021 00:19:16.173,6.34967,6.349030000000001,1,1
18.08.2021 00:19:16.331,6.34967,6.349030000000001,1.5,1
18.08.2021 00:19:16.632,6.34962,6.348980000000001,1,1
18.08.2021 00:19:17.910,6.34963,6.34896,1,1.5
18.08.2021 00:19:32.713,6.34963,6.34896,1,1.5
18.08.2021 00:19:33.203,6.349550000000001,6.34892,1,1
18.08.2021 00:19:33.253,6.3495,6.3489,1,1
18.08.2021 00:19:33.354,6.34947,6.34882,1,1.5
18.08.2021 00:19:33.414,6.349480000000001,6.34881,1,1
18.08.2021 00:19:33.907,6.349480000000001,6.34881,1.5,1
18.08.2021 00:19:34.285,6.34942,6.34877,1,1
18.08.2021 00:19:42.686,6.3493900000000005,6.34877,1,1
18.08.2021 00:19:44.449,6.34935,6.3487,1,1.5
18.08.2021 00:19:48.045,6.34928,6.348630000000001,1,1.5
18.08.2021 00:19:48.196,6.34928,6.348630000000001,1,1.5
18.08.2021 00:19:49.078,6.34937,6.34872,1,1.5
18.08.2021 00:19:50.728,6.349290000000001,6.3486400000000005,1,2
18.08.2021 00:19:50.779,6.3493,6.348630000000001,1.5,1.12
18.08.2021 00:19:50.931,6.34926,6.348490000000001,1,1.12
18.08.2021 00:19:56.198,6.34923,6.348490000000001,1.5,1.12
18.08.2021 00:19:57.002,6.34919,6.348580000000001,1,1
18.08.2021 00:19:57.107,6.34931,6.34866,1.5,1
18.08.2021 00:19:57.158,6.3493,6.34865,1,1
18.08.2021 00:20:01.072,6.34931,6.34866,1,1
18.08.2021 00:20:01.122,6.34931,6.34866,1,1.5
18.08.2021 00:20:01.273,6.349480000000001,6.3488500000000005,1,1
18.08.2021 00:20:01.374,6.34961,6.34916,1,1
18.08.2021 00:20:01.424,6.34961,6.349,1,1
18.08.2021 00:20:02.714,6.3496500000000005,6.349,1.12,1
18.08.2021 00:20:02.765,6.349730000000001,6.349060000000001,2,1
18.08.2021 00:20:04.688,6.34956,6.34896,1,1
18.08.2021 00:20:04.789,6.34951,6.34884,1,1.5
18.08.2021 00:20:04.889,6.3495,6.3488500000000005,1.5,1
18.08.2021 00:20:05.280,6.34945,6.3488500000000005,1,1
18.08.2021 00:20:06.541,6.349430000000001,6.3487800000000005,1,1.5
18.08.2021 00:20:06.669,6.349430000000001,6.3487800000000005,1.12,1
18.08.2021 00:20:08.325,6.349430000000001,6.3487800000000005,1.5,1
18.08.2021 00:20:08.376,6.3493,6.34865,1,1.5
18.08.2021 00:20:08.712,6.3493,6.34865,1,1.12
18.08.2021 00:20:09.128,6.3493,6.34865,1,1.5
18.08.2021 00:20:09.279,6.349290000000001,6.34865,1,1.5
18.08.2021 00:20:09.380,6.349290000000001,6.34865,1.5,1
18.08.2021 00:20:09.603,6.349240000000001,6.34857,1.12,1
18.08.2021 00:20:15.195,6.34923,6.348580000000001,2,1
18.08.2021 00:20:15.274,6.34917,6.34852,1,1
18.08.2021 00:20:16.026,6.34917,6.34852,1.5,1
18.08.2021 00:20:17.058,6.34909,6.34844,1,1.5
18.08.2021 00:20:21.428,6.349150000000001,6.3485000000000005,1.5,1
18.08.2021 00:20:22.598,6.34909,6.34842,1,1.5
18.08.2021 00:20:24.030,6.349080000000001,6.3484300000000005,1,1
18.08.2021 00:20:24.187,6.349080000000001,6.3484300000000005,1,1.5
18.08.2021 00:20:34.119,6.3491800000000005,6.34842,1.5,1.5
18.08.2021 00:20:35.046,6.34919,6.34841,1.5,1.5
18.08.2021 00:20:39.364,6.349150000000001,6.3485000000000005,1.12,1
18.08.2021 00:20:39.465,6.34916,6.348490000000001,1,1.5
18.08.2021 00:20:50.693,6.349150000000001,6.3485000000000005,1,1
18.08.2021 00:20:58.147,6.34922,6.34857,1.5,1
18.08.2021 00:20:58.248,6.34923,6.34856,1,1
18.08.2021 00:21:00.717,6.34922,6.34857,1,1.5
18.08.2021 00:21:00.930,6.34923,6.34856,1,1.5
18.08.2021 00:21:01.061,6.3493,6.34865,1,1
18.08.2021 00:21:01.162,6.3493,6.34865,1,1.5
18.08.2021 00:21:01.212,6.349340000000001,6.3487100000000005,1.12,1
18.08.2021 00:21:01.313,6.3493,6.3487,1,1
18.08.2021 00:21:01.520,6.349290000000001,6.3487100000000005,1.5,1
18.08.2021 00:21:01.621,6.349290000000001,6.3486400000000005,2,1
18.08.2021 00:21:02.580,6.349290000000001,6.3486400000000005,1.87,1
18.08.2021 00:21:04.166,6.349290000000001,6.3486400000000005,2,1
18.08.2021 00:21:04.267,6.34923,6.3486400000000005,1,1
18.08.2021 00:21:06.045,6.34923,6.3486400000000005,1.5,1
18.08.2021 00:21:06.949,6.349200000000001,6.34855,1,1
18.08.2021 00:21:07.197,6.349200000000001,6.34855,1,1.5
18.08.2021 00:21:18.398,6.34923,6.3486,1,1.5
18.08.2021 00:21:18.499,6.349330000000001,6.348680000000001,1.5,1
18.08.2021 00:21:18.610,6.34926,6.348630000000001,1,1.5
18.08.2021 00:21:18.792,6.3492500000000005,6.3486400000000005,1,1
18.08.2021 00:21:18.935,6.34923,6.3486,1,1.5
18.08.2021 00:21:19.036,6.34923,6.3486,1.5,1
18.08.2021 00:21:19.155,6.349200000000001,6.34855,1,1.12
18.08.2021 00:21:19.205,6.349200000000001,6.34855,1,1.62
18.08.2021 00:21:24.251,6.349200000000001,6.34855,1.12,1
18.08.2021 00:21:24.352,6.34912,6.34848,1,1.5
18.08.2021 00:21:33.443,6.349130000000001,6.34847,1,1.5
18.08.2021 00:21:40.046,6.3492500000000005,6.348580000000001,1,2
18.08.2021 00:21:40.126,6.34931,6.34866,1.5,1.5
18.08.2021 00:21:40.177,6.34931,6.34866,1,1.5
18.08.2021 00:21:40.278,6.34923,6.348580000000001,1,1.5
18.08.2021 00:21:40.436,6.349240000000001,6.34857,1.5,1
18.08.2021 00:21:42.943,6.349290000000001,6.34865,1.5,1
18.08.2021 00:21:42.994,6.3493,6.34865,1,1.12
18.08.2021 00:21:43.674,6.3493,6.34865,1.5,1
18.08.2021 00:21:50.738,6.34937,6.348590000000001,1,1.5
18.08.2021 00:21:51.440,6.349290000000001,6.34853,1,1.77
18.08.2021 00:21:51.491,6.3493,6.34852,1.5,1.5
18.08.2021 00:21:51.543,6.34921,6.34856,1,1.5
18.08.2021 00:21:51.650,6.34921,6.34856,1,1
18.08.2021 00:21:53.847,6.34921,6.34856,1,1.5
18.08.2021 00:22:00.594,6.34927,6.34862,1,1
18.08.2021 00:22:00.695,6.349340000000001,6.34869,2,1
18.08.2021 00:22:00.796,6.349340000000001,6.34869,2,1
18.08.2021 00:22:00.978,6.349340000000001,6.34869,1.5,1
18.08.2021 00:22:01.039,6.34926,6.34861,1,1.5
18.08.2021 00:22:01.190,6.34927,6.3486,1,1.62
18.08.2021 00:22:01.594,6.34927,6.3486,1,1.62
18.08.2021 00:22:01.795,6.34926,6.34861,1,1
18.08.2021 00:22:06.359,6.34921,6.348540000000001,1,1.5
18.08.2021 00:22:06.409,6.349200000000001,6.34855,1.12,1
18.08.2021 00:22:24.853,6.34921,6.348540000000001,1.5,1
18.08.2021 00:22:25.004,6.34928,6.3484300000000005,1,1.77
18.08.2021 00:22:33.178,6.34923,6.348580000000001,1,1
18.08.2021 00:22:33.282,6.34923,6.3486400000000005,1,1.12
18.08.2021 00:22:33.383,6.349380000000001,6.348730000000001,1,1
18.08.2021 00:22:33.687,6.349380000000001,6.348730000000001,1.5,1
18.08.2021 00:22:33.842,6.3493900000000005,6.34872,1.12,1
18.08.2021 00:22:34.992,6.3493900000000005,6.34872,1.5,1
18.08.2021 00:22:35.328,6.34935,6.34872,1,1
18.08.2021 00:22:36.376,6.34931,6.34866,1,1.5
18.08.2021 00:22:36.426,6.34932,6.34865,1,1.5
18.08.2021 00:22:37.047,6.34931,6.34866,1,1.5
18.08.2021 00:22:37.097,6.34937,6.3487,1,1
18.08.2021 00:22:40.500,6.34936,6.3487100000000005,1,1.5
18.08.2021 00:22:40.657,6.349430000000001,6.3487800000000005,1,1
18.08.2021 00:22:56.734,6.3495,6.34865,1.5,1
18.08.2021 00:22:57.856,6.34961,6.34876,1.5,1
18.08.2021 00:22:59.409,6.3495,6.3488500000000005,1,1
18.08.2021 00:23:11.046,6.3495,6.3488500000000005,1.5,1
18.08.2021 00:23:17.682,6.3495,6.3488500000000005,1,1
18.08.2021 00:23:17.733,6.34956,6.348800000000001,1.5,1.5
18.08.2021 00:23:17.885,6.34956,6.348800000000001,1.5,1.5
18.08.2021 00:23:18.545,6.34956,6.348800000000001,1.5,1.5
18.08.2021 00:23:21.302,6.34956,6.34892,1.5,1
18.08.2021 00:23:21.572,6.34957,6.34892,1,1.5
18.08.2021 00:23:24.858,6.34963,6.34896,1,1.5
18.08.2021 00:23:25.059,6.34962,6.3489700000000004,1.12,1
18.08.2021 00:23:26.547,6.34962,6.3489700000000004,1.5,1
18.08.2021 00:23:40.413,6.34957,6.34882,1.5,1
18.08.2021 00:23:41.366,6.349550000000001,6.3489,1.5,1
18.08.2021 00:23:52.606,6.349550000000001,6.3489,1,1
18.08.2021 00:23:52.707,6.349550000000001,6.3489,1,1.5
18.08.2021 00:23:55.024,6.349550000000001,6.3489,1,1.12
18.08.2021 00:23:57.120,6.34967,6.34883,1.5,1.77
18.08.2021 00:23:59.611,6.34963,6.34896,1.5,1
18.08.2021 00:23:59.662,6.34963,6.34896,1,1
18.08.2021 00:23:59.863,6.34963,6.34896,1.5,1
18.08.2021 00:24:05.603,6.34962,6.3489700000000004,1,1.5
18.08.2021 00:24:05.654,6.349690000000001,6.3490400000000005,1.12,1
18.08.2021 00:24:05.754,6.34967,6.3490400000000005,1,1
18.08.2021 00:24:05.931,6.34967,6.3490400000000005,1.5,1
18.08.2021 00:24:07.048,6.34961,6.3490400000000005,1,1
18.08.2021 00:24:07.153,6.34961,6.3490400000000005,1.5,1
18.08.2021 00:24:07.204,6.3495800000000004,6.34893,1.5,1
18.08.2021 00:24:07.254,6.34956,6.34893,1,1
18.08.2021 00:24:07.355,6.34951,6.34884,1,1.5
18.08.2021 00:24:07.405,6.3495,6.3488500000000005,1,1
18.08.2021 00:24:10.366,6.349550000000001,6.3489,1.5,1
18.08.2021 00:24:10.466,6.349550000000001,6.3489,1,1
18.08.2021 00:24:12.856,6.349550000000001,6.3489,1,1.5
18.08.2021 00:24:18.479,6.349550000000001,6.3489,1,1
18.08.2021 00:24:28.366,6.349550000000001,6.3489,1.5,1
18.08.2021 00:24:28.417,6.34961,6.34883,1.5,1
18.08.2021 00:24:29.046,6.34959,6.348800000000001,1,1
18.08.2021 00:24:30.239,6.34961,6.34879,1,1
18.08.2021 00:24:33.677,6.34959,6.34874,1,1.5
18.08.2021 00:24:40.416,6.349550000000001,6.3489,1.5,1
18.08.2021 00:24:41.937,6.349550000000001,6.3489,1.5,1
18.08.2021 00:24:43.900,6.3495,6.3488500000000005,1.5,1
18.08.2021 00:24:52.543,6.3495,6.3488500000000005,1.5,1
18.08.2021 00:24:53.987,6.34957,6.34891,1.5,1.62
18.08.2021 00:24:54.088,6.349780000000001,6.34912,1,1
18.08.2021 00:24:54.139,6.34972,6.34907,1,1.5
18.08.2021 00:24:54.240,6.349730000000001,6.349060000000001,1,1
18.08.2021 00:25:00.864,6.34977,6.34916,1.5,1
18.08.2021 00:25:00.914,6.34977,6.34916,1.12,1
18.08.2021 00:25:03.003,6.34982,6.349150000000001,1,1
18.08.2021 00:25:03.054,6.349830000000001,6.34921,1.5,1
18.08.2021 00:25:18.235,6.34984,6.349080000000001,1.5,1
18.08.2021 00:25:18.386,6.34997,6.3491800000000005,1,1.5
18.08.2021 00:25:18.587,6.350040000000001,6.34923,1,1.5
18.08.2021 00:25:26.280,6.350040000000001,6.3492500000000005,1.5,1
18.08.2021 00:25:31.525,6.35007,6.349340000000001,1.5,1
18.08.2021 00:25:31.726,6.35007,6.349340000000001,1.5,1
18.08.2021 00:25:36.449,6.35008,6.349330000000001,1.5,1.12
18.08.2021 00:25:36.789,6.3501,6.34944,1.5,1
18.08.2021 00:25:49.414,6.3501,6.3492500000000005,1.5,1
18.08.2021 00:25:49.566,6.3501,6.3492500000000005,1.5,1
18.08.2021 00:25:54.068,6.35007,6.349340000000001,1.5,1
18.08.2021 00:25:55.842,6.35007,6.349340000000001,1.62,1
18.08.2021 00:26:10.618,6.35007,6.349340000000001,1.62,1
18.08.2021 00:26:10.809,6.35007,6.34923,1,1.77
18.08.2021 00:26:10.960,6.350090000000001,6.34923,1.5,1.77
18.08.2021 00:26:26.046,6.35007,6.349340000000001,1.5,1
18.08.2021 00:26:43.015,6.35003,6.349340000000001,1.5,1
18.08.2021 00:26:43.116,6.34999,6.3491800000000005,1.7,1.5
18.08.2021 00:26:43.217,6.34997,6.34919,1,1.5
18.08.2021 00:26:43.374,6.3499300000000005,6.34923,1,1
18.08.2021 00:26:43.683,6.34989,6.34923,1,1
18.08.2021 00:26:43.784,6.34987,6.34914,2,1
18.08.2021 00:26:43.884,6.349830000000001,6.34914,1,1
18.08.2021 00:26:44.703,6.3498,6.34914,1,1
18.08.2021 00:26:49.606,6.34982,6.34914,1,1
18.08.2021 00:26:55.240,6.349780000000001,6.349030000000001,1.5,1.5
18.08.2021 00:26:55.448,6.34967,6.3490400000000005,1,1
18.08.2021 00:26:55.499,6.349600000000001,6.34891,1.5,1.5
18.08.2021 00:26:55.655,6.3495800000000004,6.34891,1,1
18.08.2021 00:26:57.046,6.34956,6.34891,1,1
18.08.2021 00:27:15.854,6.34959,6.348730000000001,1,1.77
18.08.2021 00:27:17.931,6.34959,6.348730000000001,1,1.77
18.08.2021 00:27:25.709,6.34959,6.34891,1,1
18.08.2021 00:27:35.874,6.34931,6.3487100000000005,1,1.5
18.08.2021 00:27:36.151,6.34959,6.3489,1,1
18.08.2021 00:27:37.066,6.3495800000000004,6.3489,1,1
18.08.2021 00:27:44.047,6.3495800000000004,6.348890000000001,1.5,1
18.08.2021 00:27:51.162,6.34952,6.34867,1,1.5
18.08.2021 00:28:05.374,6.34952,6.34883,1,1
18.08.2021 00:28:05.709,6.3495,6.34883,1,1
18.08.2021 00:28:06.183,6.34951,6.34882,1,1
18.08.2021 00:28:12.160,6.34957,6.34882,2,1
18.08.2021 00:28:13.953,6.34956,6.34875,1.5,1
18.08.2021 00:28:19.728,6.34961,6.3489,1.5,1
18.08.2021 00:28:23.066,6.34959,6.348890000000001,1,1
18.08.2021 00:28:28.594,6.34957,6.34896,1,1
18.08.2021 00:28:29.733,6.34967,6.34895,1,1
18.08.2021 00:28:30.085,6.349690000000001,6.34896,1.5,1
18.08.2021 00:28:30.242,6.349690000000001,6.34896,1.5,1.5
18.08.2021 00:28:38.621,6.349690000000001,6.34896,1.5,1.5
18.08.2021 00:28:41.608,6.34972,6.349030000000001,1.5,1
18.08.2021 00:28:52.213,6.34982,6.3489700000000004,1,1.62
18.08.2021 00:29:02.046,6.349830000000001,6.34896,1,1.62
18.08.2021 00:29:02.548,6.34982,6.349150000000001,1,1
18.08.2021 00:29:03.213,6.349880000000001,6.349150000000001,1.62,1
18.08.2021 00:29:08.428,6.34984,6.3492500000000005,1,1
18.08.2021 00:29:08.640,6.34984,6.3491800000000005,1,1
18.08.2021 00:29:09.072,6.34982,6.3491800000000005,1.5,1
18.08.2021 00:29:09.223,6.34977,6.349130000000001,1,1
18.08.2021 00:29:09.274,6.34977,6.349130000000001,1,1
18.08.2021 00:29:09.447,6.34976,6.349130000000001,1,1
18.08.2021 00:29:09.564,6.34976,6.3490400000000005,1,1
18.08.2021 00:29:11.592,6.3497,6.349030000000001,1,1
18.08.2021 00:29:11.746,6.34967,6.3490400000000005,1,1
18.08.2021 00:29:11.948,6.34963,6.3490400000000005,1,1
18.08.2021 00:29:12.577,6.34972,6.3490400000000005,1.5,1
18.08.2021 00:29:17.730,6.34972,6.3490400000000005,1.5,1
18.08.2021 00:29:31.993,6.34972,6.3490400000000005,1.12,1.12
18.08.2021 00:29:35.724,6.34972,6.3490400000000005,1.5,1
18.08.2021 00:29:53.380,6.34972,6.3490400000000005,1.12,1.12
18.08.2021 00:29:56.353,6.349730000000001,6.348890000000001,1.5,1.5
18.08.2021 00:29:56.514,6.34967,6.348890000000001,1,1.5
18.08.2021 00:29:57.343,6.34967,6.34896,1,1
18.08.2021 00:29:57.769,6.34967,6.34896,1.62,1
18.08.2021 00:30:02.230,6.34967,6.34896,1.5,1
18.08.2021 00:30:04.113,6.349690000000001,6.34896,1.5,1
18.08.2021 00:30:05.813,6.34977,6.3490400000000005,1.5,1
18.08.2021 00:30:05.864,6.34977,6.3490400000000005,1.5,1
18.08.2021 00:30:10.771,6.34977,6.3490400000000005,1.5,1.5
18.08.2021 00:30:10.913,6.3498600000000005,6.349130000000001,1.5,1
18.08.2021 00:30:10.963,6.34987,6.34912,1.5,1
18.08.2021 00:30:11.138,6.3498600000000005,6.349130000000001,1.5,1.12
18.08.2021 00:30:11.343,6.3498600000000005,6.349130000000001,1.12,1.5
18.08.2021 00:30:11.681,6.349950000000001,6.34923,1,1
18.08.2021 00:30:17.056,6.34996,6.34923,1.5,1
18.08.2021 00:30:20.241,6.3499300000000005,6.34923,1,1
18.08.2021 00:30:20.476,6.34997,6.34922,1.12,1.5
18.08.2021 00:30:20.526,6.3500000000000005,6.34932,1,1
18.08.2021 00:30:20.576,6.35001,6.34922,1,1.5
18.08.2021 00:30:25.940,6.3501,6.3492500000000005,1.62,1
18.08.2021 00:30:43.326,6.3501,6.34935,1,1.5
18.08.2021 00:30:43.477,6.350280000000001,6.349640000000001,1,1
18.08.2021 00:30:43.627,6.35037,6.34975,1.5,1
18.08.2021 00:30:50.134,6.350440000000001,6.349740000000001,1.5,1
18.08.2021 00:30:50.184,6.35046,6.34984,1,1
18.08.2021 00:30:50.357,6.35047,6.34984,1,1
18.08.2021 00:30:50.888,6.350480000000001,6.34984,1.5,1
18.08.2021 00:30:50.989,6.35042,6.34984,1,1
18.08.2021 00:30:51.112,6.35042,6.349740000000001,1,1
18.08.2021 00:30:51.213,6.350390000000001,6.349740000000001,1,1
18.08.2021 00:31:01.590,6.350390000000001,6.34959,1,1.5
18.08.2021 00:31:02.183,6.350390000000001,6.34954,1,1.5
18.08.2021 00:31:07.770,6.3504000000000005,6.349530000000001,1,1.5
18.08.2021 00:31:07.871,6.350480000000001,6.34982,1.5,1
18.08.2021 00:31:08.072,6.350480000000001,6.34982,1.5,1
18.08.2021 00:31:11.183,6.350480000000001,6.34981,1,1
18.08.2021 00:31:12.581,6.35047,6.34982,1,1
18.08.2021 00:31:12.690,6.35055,6.3499,1,1
18.08.2021 00:31:14.272,6.3506,6.3499,1,1
18.08.2021 00:31:19.805,6.35056,6.349830000000001,1.5,1.5
18.08.2021 00:31:19.856,6.3505,6.349830000000001,1,1
18.08.2021 00:31:20.057,6.350480000000001,6.34982,1,1
18.08.2021 00:31:20.319,6.350440000000001,6.349830000000001,1,1
18.08.2021 00:31:22.546,6.35041,6.349830000000001,1,1
18.08.2021 00:31:25.086,6.35041,6.349740000000001,1,1
18.08.2021 00:31:49.353,6.3504000000000005,6.34967,1.5,1
18.08.2021 00:32:07.798,6.350440000000001,6.34957,1.62,1
18.08.2021 00:32:19.464,6.35041,6.34966,1.62,1
18.08.2021 00:32:19.907,6.35041,6.34975,1,1
18.08.2021 00:32:30.875,6.35037,6.34967,1.5,1
18.08.2021 00:32:32.547,6.35036,6.34966,1,1
18.08.2021 00:32:36.349,6.350390000000001,6.34967,1,1
18.08.2021 00:32:47.734,6.350390000000001,6.34956,1,1
18.08.2021 00:32:54.702,6.35047,6.34972,1.5,1
18.08.2021 00:32:54.803,6.35052,6.34977,1,1.5
18.08.2021 00:32:54.854,6.350580000000001,6.34987,1.5,1
18.08.2021 00:32:54.971,6.3506,6.34977,1.5,1.62
18.08.2021 00:32:56.047,6.35062,6.34977,1,1.62
18.08.2021 00:33:08.078,6.35066,6.34994,1,1
18.08.2021 00:33:08.394,6.35066,6.34994,1,1
18.08.2021 00:33:19.687,6.35062,6.3499300000000005,1,1
18.08.2021 00:33:24.743,6.35057,6.34994,1,1
18.08.2021 00:33:24.944,6.35057,6.34994,1,1
18.08.2021 00:33:27.047,6.3506100000000005,6.34994,1,1
18.08.2021 00:33:27.908,6.3506100000000005,6.34976,1,1
18.08.2021 00:33:38.439,6.35057,6.34994,1,1
18.08.2021 00:33:44.583,6.3506100000000005,6.34977,1,1.5
18.08.2021 00:34:51.779,6.35062,6.34976,1.5,1.5
18.08.2021 00:34:51.880,6.35052,6.34982,1,1.5
18.08.2021 00:34:51.981,6.3504000000000005,6.34981,1,1
18.08.2021 00:34:52.809,6.350390000000001,6.34971,1,1
18.08.2021 00:34:53.082,6.35041,6.34971,1,1
18.08.2021 00:35:06.325,6.350350000000001,6.34971,1.5,1
18.08.2021 00:35:10.198,6.350350000000001,6.34971,1,1
18.08.2021 00:35:10.299,6.350350000000001,6.349530000000001,1,1.5
18.08.2021 00:35:10.399,6.350350000000001,6.349530000000001,1,1.5
18.08.2021 00:35:16.547,6.35036,6.34952,1,1.5
18.08.2021 00:35:22.994,6.350350000000001,6.34971,1,1
18.08.2021 00:35:30.465,6.35036,6.3497,1,1
18.08.2021 00:35:31.119,6.350350000000001,6.349530000000001,1,1.77
18.08.2021 00:35:45.601,6.350350000000001,6.349530000000001,1,1.62
18.08.2021 00:35:45.702,6.350280000000001,6.34961,1,1
18.08.2021 00:35:45.803,6.350280000000001,6.34961,1,1
18.08.2021 00:35:46.300,6.35022,6.34961,1,1
18.08.2021 00:35:46.464,6.35022,6.34961,1,1
18.08.2021 00:35:46.520,6.350230000000001,6.34952,1,1
18.08.2021 00:35:46.750,6.35015,6.349530000000001,1,1
18.08.2021 00:35:46.851,6.35015,6.3494600000000005,1,1
18.08.2021 00:35:46.952,6.35016,6.34945,1.62,1
18.08.2021 00:35:47.103,6.350090000000001,6.3494600000000005,1.5,1
18.08.2021 00:35:49.493,6.350090000000001,6.3494600000000005,1.62,1
18.08.2021 00:35:49.813,6.35007,6.349340000000001,1.5,1.5
18.08.2021 00:35:55.546,6.35007,6.349340000000001,1.5,1.12
18.08.2021 00:36:26.543,6.35007,6.349340000000001,1.5,1.5
18.08.2021 00:36:28.171,6.3501,6.34944,1,1
18.08.2021 00:36:28.272,6.350280000000001,6.349550000000001,2.15,1
18.08.2021 00:36:28.373,6.35032,6.34945,1.5,1.5
18.08.2021 00:36:28.473,6.35034,6.3496500000000005,1,1
18.08.2021 00:36:30.163,6.35032,6.349640000000001,1.5,1
18.08.2021 00:36:30.317,6.35034,6.3496500000000005,1,1
18.08.2021 00:36:30.417,6.35034,6.34949,1,1
18.08.2021 00:36:30.482,6.35034,6.34963,1,1
18.08.2021 00:36:31.887,6.35034,6.3495,1,1.5
18.08.2021 00:36:49.020,6.35024,6.349430000000001,1,1
18.08.2021 00:36:49.171,6.35025,6.349380000000001,1,1
18.08.2021 00:36:49.796,6.35016,6.34952,1,1
18.08.2021 00:36:49.920,6.35016,6.349430000000001,1,1
18.08.2021 00:36:49.985,6.35016,6.349430000000001,1,1
18.08.2021 00:36:50.616,6.3501,6.34944,1,1
18.08.2021 00:37:09.754,6.35007,6.349240000000001,1,1
18.08.2021 00:37:17.667,6.3501,6.349330000000001,1,1
18.08.2021 00:37:20.117,6.3501,6.34944,1,1
18.08.2021 00:37:37.299,6.350180000000001,6.34954,1,1
18.08.2021 00:37:37.349,6.350280000000001,6.349550000000001,1.62,1
18.08.2021 00:37:37.536,6.350280000000001,6.349550000000001,1.5,1.5
18.08.2021 00:37:47.900,6.35036,6.349640000000001,1,1
18.08.2021 00:38:16.343,6.35036,6.34951,1,1
18.08.2021 00:38:18.047,6.35037,6.349640000000001,1,1
18.08.2021 00:38:20.612,6.35037,6.349740000000001,1,1
18.08.2021 00:38:20.763,6.35042,6.349740000000001,1.5,1
18.08.2021 00:38:20.962,6.35047,6.349740000000001,2,1
18.08.2021 00:38:23.590,6.35045,6.349740000000001,1,1
18.08.2021 00:38:25.459,6.350530000000001,6.3498,1.5,1.12
18.08.2021 00:38:25.568,6.350530000000001,6.3498,1.5,1.5
18.08.2021 00:38:25.619,6.35059,6.34989,1.62,1
18.08.2021 00:38:25.770,6.350580000000001,6.3499,1,1
18.08.2021 00:38:25.871,6.350580000000001,6.34999,1,1
18.08.2021 00:38:26.146,6.35067,6.34998,1,1
18.08.2021 00:38:46.425,6.35066,6.349830000000001,1,1.77
18.08.2021 00:38:54.547,6.35066,6.349830000000001,1,1.77
18.08.2021 00:38:55.855,6.35066,6.34999,1,1
18.08.2021 00:39:16.458,6.35056,6.3498600000000005,1,1.5
18.08.2021 00:39:16.508,6.3505400000000005,6.34985,1,1
18.08.2021 00:39:17.901,6.3506,6.34985,1.5,1
18.08.2021 00:39:26.043,6.35057,6.3498600000000005,1.5,1
18.08.2021 00:39:32.121,6.35057,6.3498600000000005,1.5,1
18.08.2021 00:39:32.172,6.35057,6.34975,1,1.5
18.08.2021 00:39:33.434,6.350480000000001,6.349690000000001,1.2,1.5
18.08.2021 00:39:33.535,6.35043,6.34977,1,1
18.08.2021 00:39:33.667,6.35042,6.3497,1,1
18.08.2021 00:39:33.717,6.35042,6.3497,1,1
18.08.2021 00:39:35.616,6.35037,6.3497,1,1
18.08.2021 00:39:55.567,6.35037,6.349550000000001,1.5,1
18.08.2021 00:40:00.760,6.35041,6.34954,1,1
18.08.2021 00:40:03.670,6.3504000000000005,6.3497,1,1
18.08.2021 00:40:23.583,6.350480000000001,6.34977,1.5,1
18.08.2021 00:40:23.785,6.35051,6.349780000000001,1.5,1
18.08.2021 00:40:24.194,6.35051,6.349780000000001,1.5,1
18.08.2021 00:40:26.851,6.35047,6.349780000000001,1.5,1
18.08.2021 00:40:27.052,6.350480000000001,6.34977,1.62,1
18.08.2021 00:40:33.172,6.3505400000000005,6.34984,1,1.5
18.08.2021 00:40:33.223,6.350580000000001,6.349830000000001,1.62,1
18.08.2021 00:40:34.815,6.35057,6.34991,1,1
18.08.2021 00:40:34.916,6.35057,6.349780000000001,1,1.5
18.08.2021 00:40:35.043,6.35057,6.349880000000001,1,1
18.08.2021 00:40:36.046,6.35057,6.349880000000001,1,1
18.08.2021 00:40:41.561,6.35059,6.34987,1.5,1.12
18.08.2021 00:40:44.141,6.350630000000001,6.34996,1,1
18.08.2021 00:40:47.613,6.35059,6.3498600000000005,1,1
18.08.2021 00:40:47.766,6.35059,6.3498600000000005,1.7,1
18.08.2021 00:40:47.866,6.35051,6.349780000000001,1.5,1.5
18.08.2021 00:40:47.966,6.35051,6.349780000000001,1.5,1
18.08.2021 00:40:48.167,6.35051,6.349780000000001,1.5,1.5
18.08.2021 00:40:48.624,6.35051,6.349780000000001,1.12,1.5
18.08.2021 00:40:50.811,6.35051,6.349780000000001,1,1.5
18.08.2021 00:40:50.912,6.350580000000001,6.34987,1.5,1
18.08.2021 00:40:51.585,6.35059,6.3498600000000005,1.5,1.5
18.08.2021 00:40:59.755,6.350580000000001,6.34999,1.5,1
18.08.2021 00:41:03.069,6.350580000000001,6.34999,1,1
18.08.2021 00:41:20.309,6.350580000000001,6.34982,1,1
18.08.2021 00:41:41.692,6.35067,6.34982,1,1
18.08.2021 00:41:52.518,6.35064,6.34999,1.5,1
18.08.2021 00:41:52.569,6.35069,6.34999,1.5,1.5
18.08.2021 00:41:52.719,6.35087,6.35016,1.5,1
18.08.2021 00:41:52.770,6.35086,6.35017,1.5,1
18.08.2021 00:41:52.959,6.35087,6.35016,1.5,1
18.08.2021 00:41:54.077,6.35087,6.35016,1,1
18.08.2021 00:41:56.747,6.3509,6.35017,1.5,1.5
18.08.2021 00:41:57.043,6.3509,6.35017,1.5,1
18.08.2021 00:41:57.832,6.35091,6.35016,1.5,1
18.08.2021 00:42:02.786,6.350930000000001,6.35007,1,1.5
18.08.2021 00:42:02.887,6.35085,6.35003,1,1
18.08.2021 00:42:03.038,6.350750000000001,6.350040000000001,1.5,1
18.08.2021 00:42:03.138,6.3506800000000005,6.34996,1,1
18.08.2021 00:42:03.459,6.350700000000001,6.34997,1.5,1
18.08.2021 00:42:07.660,6.350700000000001,6.34997,1.5,1.12
18.08.2021 00:42:09.546,6.350700000000001,6.34997,1.5,1
18.08.2021 00:42:21.689,6.3506800000000005,6.34997,1,1
18.08.2021 00:42:29.415,6.3506800000000005,6.34985,1,1.5
18.08.2021 00:42:33.250,6.3506800000000005,6.34997,1,1
18.08.2021 00:43:00.704,6.35069,6.34984,1,1.5
18.08.2021 00:43:03.572,6.3506800000000005,6.34997,1,1
18.08.2021 00:43:04.547,6.3506800000000005,6.34997,1,1
18.08.2021 00:43:28.733,6.35083,6.3501,1.5,1.5
18.08.2021 00:43:28.852,6.3509400000000005,6.350210000000001,1.62,1
18.08.2021 00:43:28.952,6.3509400000000005,6.350210000000001,1.62,1
18.08.2021 00:43:29.111,6.3509400000000005,6.350210000000001,1.62,1
18.08.2021 00:43:32.414,6.35095,6.350280000000001,1,1
18.08.2021 00:43:58.723,6.3509400000000005,6.350130000000001,1,1.5
18.08.2021 00:44:02.514,6.35095,6.350280000000001,1,1
18.08.2021 00:44:14.311,6.351,6.35029,1,1
18.08.2021 00:44:14.466,6.35102,6.35029,2,1.12
18.08.2021 00:44:21.067,6.35105,6.3502,1,1
18.08.2021 00:44:21.223,6.35105,6.3502,1,1
18.08.2021 00:44:31.120,6.350980000000001,6.350130000000001,1,1.62
18.08.2021 00:44:31.322,6.35097,6.350130000000001,1,1.5
18.08.2021 00:44:32.258,6.35097,6.350130000000001,1,1.5
18.08.2021 00:44:32.530,6.35097,6.35029,1,1
18.08.2021 00:44:43.362,6.350980000000001,6.35029,1,1
18.08.2021 00:44:58.861,6.35096,6.350130000000001,1.5,1
18.08.2021 00:45:02.569,6.35096,6.35029,1.5,1
18.08.2021 00:45:18.226,6.35104,6.35041,1,1
18.08.2021 00:45:18.277,6.35107,6.35041,1,1
18.08.2021 00:45:18.478,6.3511500000000005,6.3504000000000005,1.5,1.5
18.08.2021 00:45:19.165,6.35117,6.35051,1,1
18.08.2021 00:45:23.219,6.35123,6.35051,1.5,1
18.08.2021 00:45:32.967,6.35123,6.35051,1.5,1
18.08.2021 00:45:33.136,6.35123,6.35059,1.5,1
18.08.2021 00:45:33.237,6.35123,6.35059,1.5,1
18.08.2021 00:45:40.547,6.35123,6.35059,1.5,1
18.08.2021 00:45:43.208,6.35127,6.35051,1,1.5
18.08.2021 00:45:43.259,6.35127,6.3506800000000005,1,1
18.08.2021 00:45:43.380,6.35127,6.3506800000000005,1,1
18.08.2021 00:45:43.675,6.351280000000001,6.35059,1,1
18.08.2021 00:45:44.544,6.35127,6.3505400000000005,1.62,1
18.08.2021 00:45:52.337,6.3512900000000005,6.3506,1.5,1
18.08.2021 00:45:52.602,6.3512900000000005,6.3506,1.5,1
18.08.2021 00:45:52.804,6.35127,6.3506,1,1
18.08.2021 00:45:53.903,6.351280000000001,6.35059,1,1
18.08.2021 00:45:55.005,6.35125,6.3506,1,1
18.08.2021 00:46:00.254,6.35125,6.3506,1,1
18.08.2021 00:46:00.445,6.351190000000001,6.3506,1,1
18.08.2021 00:46:00.496,6.351190000000001,6.35034,1,1.5
18.08.2021 00:46:00.790,6.351190000000001,6.350480000000001,1,1
18.08.2021 00:46:14.485,6.35107,6.3502600000000005,1,1
18.08.2021 00:46:14.586,6.35104,6.35038,1,1
18.08.2021 00:46:14.689,6.350980000000001,6.35038,1,1
18.08.2021 00:46:18.134,6.35096,6.350390000000001,1.5,1
18.08.2021 00:46:18.506,6.35096,6.350280000000001,1.5,1
18.08.2021 00:46:18.657,6.35085,6.350180000000001,1.5,1
18.08.2021 00:46:18.833,6.35085,6.350180000000001,1.5,1
18.08.2021 00:46:19.379,6.35085,6.350180000000001,1.5,1
18.08.2021 00:46:19.434,6.3508000000000004,6.35007,1.5,1.12
18.08.2021 00:46:22.946,6.35078,6.35007,1,1
18.08.2021 00:46:24.188,6.35072,6.34997,1.5,1
18.08.2021 00:46:24.339,6.3506,6.34985,1,1.5
18.08.2021 00:46:24.389,6.35059,6.3498600000000005,1.12,1.5
18.08.2021 00:46:24.540,6.35065,6.3499300000000005,1,1
18.08.2021 00:46:24.591,6.35067,6.34994,1.5,1.12
18.08.2021 00:46:24.803,6.35064,6.34994,1.5,1
18.08.2021 00:46:26.298,6.35064,6.34994,1.5,1
18.08.2021 00:46:29.948,6.35064,6.34994,1.5,1
18.08.2021 00:46:30.822,6.35059,6.3498600000000005,1.5,1.5
18.08.2021 00:46:30.872,6.35057,6.3498600000000005,1,1
18.08.2021 00:46:31.027,6.350480000000001,6.349730000000001,1.5,1.5
18.08.2021 00:46:31.128,6.35042,6.349740000000001,1,1
18.08.2021 00:46:31.178,6.35038,6.3496500000000005,1.5,1.12
18.08.2021 00:46:46.022,6.35047,6.3496500000000005,1.62,1
18.08.2021 00:46:46.073,6.350480000000001,6.349730000000001,1.62,1.5
18.08.2021 00:46:46.274,6.35047,6.349740000000001,1,1.5
18.08.2021 00:46:46.789,6.350480000000001,6.349730000000001,1.5,1.5
18.08.2021 00:46:47.141,6.3505400000000005,6.3497900000000005,2,1
18.08.2021 00:46:47.257,6.350530000000001,6.3498,1.5,1
18.08.2021 00:46:50.372,6.350530000000001,6.3498,1.5,1.5
18.08.2021 00:47:00.549,6.350580000000001,6.349880000000001,1,1
18.08.2021 00:47:00.750,6.35062,6.34987,1.5,1.5
18.08.2021 00:47:02.555,6.3506800000000005,6.349950000000001,1.5,1
18.08.2021 00:47:02.605,6.3506800000000005,6.349950000000001,1.5,1.5
18.08.2021 00:47:02.814,6.35073,6.35002,1,1
18.08.2021 00:47:06.047,6.35073,6.35002,1,1
18.08.2021 00:47:07.296,6.3506800000000005,6.3499300000000005,1.5,1.12
18.08.2021 00:47:14.047,6.35067,6.34994,1.5,1.5
18.08.2021 00:47:21.591,6.35067,6.34994,1.5,1.12
18.08.2021 00:47:35.166,6.35064,6.349830000000001,1.5,1
18.08.2021 00:47:37.361,6.35064,6.34994,1.5,1
18.08.2021 00:47:37.578,6.35065,6.3499300000000005,1.5,1
18.08.2021 00:47:39.351,6.35055,6.34994,1,1
18.08.2021 00:47:39.452,6.35047,6.3498,1,1.5
18.08.2021 00:47:39.508,6.35047,6.3498,1.5,1
18.08.2021 00:47:45.047,6.350530000000001,6.3498,2,1
18.08.2021 00:48:09.439,6.3505400000000005,6.34967,1.5,1
18.08.2021 00:48:09.539,6.350530000000001,6.3498,2,1
18.08.2021 00:48:15.708,6.350530000000001,6.3498,1.12,1.5
18.08.2021 00:48:15.808,6.3506100000000005,6.349880000000001,1.5,1
18.08.2021 00:48:15.909,6.3506100000000005,6.349880000000001,1.5,1.5
18.08.2021 00:48:16.429,6.35067,6.34997,1,1
18.08.2021 00:48:24.990,6.35067,6.34985,1,1.5
18.08.2021 00:48:46.668,6.35067,6.34997,1,1
18.08.2021 00:49:04.918,6.35067,6.34997,1.5,1
18.08.2021 00:49:04.968,6.3506100000000005,6.349880000000001,1.5,1.12
18.08.2021 00:49:05.145,6.35056,6.349880000000001,1,1
18.08.2021 00:49:05.294,6.350530000000001,6.3498,1.5,1
18.08.2021 00:49:05.345,6.350530000000001,6.3498,1.12,1.5
18.08.2021 00:49:05.496,6.350580000000001,6.34987,1.5,1
18.08.2021 00:49:11.216,6.3506,6.34987,1.5,1.12
18.08.2021 00:49:18.544,6.3506,6.34987,1.5,1.5
18.08.2021 00:49:30.289,6.3506800000000005,6.349830000000001,1,1
18.08.2021 00:49:30.939,6.3506800000000005,6.349950000000001,1.62,1
18.08.2021 00:49:49.200,6.3506800000000005,6.349830000000001,1,1.77
18.08.2021 00:50:01.063,6.350630000000001,6.349950000000001,1,1
18.08.2021 00:50:05.586,6.350630000000001,6.349950000000001,1,1
18.08.2021 00:50:28.553,6.3506800000000005,6.349950000000001,1.62,1
18.08.2021 00:50:38.562,6.35069,6.34994,1,1.5
18.08.2021 00:50:38.721,6.35069,6.34997,1,1
18.08.2021 00:50:38.771,6.35074,6.34998,1,1
18.08.2021 00:50:38.893,6.350750000000001,6.350090000000001,1,1
18.08.2021 00:50:38.944,6.350840000000001,6.350090000000001,1.5,1.5
18.08.2021 00:50:41.077,6.35091,6.35024,1.5,1
18.08.2021 00:50:41.187,6.3509,6.35015,1.5,1
18.08.2021 00:50:47.930,6.350890000000001,6.35016,1.62,1
18.08.2021 00:50:48.180,6.350890000000001,6.35016,1.62,1
18.08.2021 00:50:52.663,6.350890000000001,6.35016,1.5,1.12
18.08.2021 00:51:01.860,6.35091,6.35024,1.5,1
18.08.2021 00:51:05.219,6.350890000000001,6.35016,1.5,1.12
18.08.2021 00:51:11.758,6.35085,6.35016,1.5,1
18.08.2021 00:51:11.922,6.3508000000000004,6.35016,1.5,1
18.08.2021 00:51:12.236,6.35077,6.35007,1,1
18.08.2021 00:51:13.107,6.35077,6.35007,1.5,1
18.08.2021 00:51:13.559,6.350700000000001,6.34999,1,1
18.08.2021 00:51:13.714,6.350700000000001,6.34999,1,1
18.08.2021 00:51:28.838,6.35057,6.34987,1.5,1
18.08.2021 00:51:28.989,6.350480000000001,6.34975,1.62,1.5
18.08.2021 00:51:29.039,6.35042,6.34975,1,1
18.08.2021 00:51:29.278,6.350350000000001,6.34975,1,1
18.08.2021 00:51:35.025,6.3504000000000005,6.34967,1.62,1
18.08.2021 00:51:47.044,6.3504000000000005,6.34967,1.5,1
18.08.2021 00:51:47.094,6.35046,6.349780000000001,1,1
18.08.2021 00:51:47.245,6.350490000000001,6.34977,1,1.5
18.08.2021 00:51:47.426,6.35046,6.349780000000001,1,1
18.08.2021 00:51:50.068,6.35047,6.349780000000001,1,1
18.08.2021 00:52:00.088,6.35047,6.349780000000001,1.5,1
18.08.2021 00:52:00.139,6.35042,6.3497,1,1
18.08.2021 00:52:00.189,6.350210000000001,6.3495800000000004,1,1
18.08.2021 00:52:00.290,6.35022,6.34957,1,1
18.08.2021 00:52:00.781,6.35037,6.34967,1,1
18.08.2021 00:52:02.697,6.35037,6.34967,1,1
18.08.2021 00:52:03.271,6.35045,6.34975,1.5,1.5
18.08.2021 00:52:03.322,6.350440000000001,6.34976,1,1.5
18.08.2021 00:52:03.422,6.350440000000001,6.3498,1,1.62
18.08.2021 00:52:03.473,6.35067,6.349830000000001,1,1
18.08.2021 00:52:06.993,6.3506800000000005,6.34997,1,1
18.08.2021 00:52:08.462,6.3506800000000005,6.34997,1,1
18.08.2021 00:52:08.663,6.3506800000000005,6.34997,1,1
18.08.2021 00:52:09.079,6.35069,6.34996,1,1
18.08.2021 00:52:10.873,6.35071,6.34996,1.12,1.5
18.08.2021 00:52:11.240,6.350700000000001,6.34997,1.5,1.5
18.08.2021 00:52:11.514,6.350700000000001,6.34997,1.5,1
18.08.2021 00:52:15.510,6.35072,6.35003,1,1
18.08.2021 00:52:15.860,6.35067,6.35003,1.5,1
18.08.2021 00:52:15.913,6.35067,6.34997,1.5,1
18.08.2021 00:52:16.042,6.35067,6.34997,1.5,1
18.08.2021 00:52:19.588,6.350700000000001,6.34997,1.5,1.12
18.08.2021 00:52:19.724,6.350700000000001,6.34999,1.5,1
18.08.2021 00:52:19.825,6.350700000000001,6.34999,1,1.5
18.08.2021 00:52:20.121,6.35078,6.350090000000001,1,1
18.08.2021 00:52:20.319,6.3508000000000004,6.3501,1,1
18.08.2021 00:52:25.462,6.35083,6.3501,2,1
18.08.2021 00:52:25.631,6.35083,6.3501,2,1.5
18.08.2021 00:52:25.849,6.35083,6.3501,1.5,1.5
18.08.2021 00:52:26.050,6.35083,6.35003,1.5,1
18.08.2021 00:52:26.151,6.35086,6.350130000000001,1,1
18.08.2021 00:52:29.033,6.35087,6.350140000000001,1.5,1.12
18.08.2021 00:52:29.190,6.35087,6.350140000000001,1.5,1.5
18.08.2021 00:52:29.916,6.35092,6.35024,1,1
18.08.2021 00:52:30.016,6.3509400000000005,6.35025,1.5,1
18.08.2021 00:52:33.783,6.350930000000001,6.35024,1,1
18.08.2021 00:52:33.950,6.350930000000001,6.35024,1,1
18.08.2021 00:52:35.151,6.35092,6.35025,1,1
18.08.2021 00:52:39.186,6.35092,6.350130000000001,1,1
18.08.2021 00:52:44.645,6.350890000000001,6.350130000000001,1.5,1
18.08.2021 00:52:47.151,6.350890000000001,6.350180000000001,1.5,1
18.08.2021 00:52:50.454,6.350890000000001,6.350180000000001,1.5,1
18.08.2021 00:52:51.523,6.35092,6.35025,1,1
18.08.2021 00:52:57.047,6.35092,6.35025,1,1
18.08.2021 00:53:10.829,6.35096,6.35024,1.5,1
18.08.2021 00:53:12.719,6.35095,6.35025,1.5,1
18.08.2021 00:53:14.087,6.35092,6.350090000000001,1,1.5
18.08.2021 00:53:14.662,6.35085,6.35012,1.5,1
18.08.2021 00:53:14.821,6.35078,6.350130000000001,1.5,1
18.08.2021 00:53:15.023,6.35077,6.350130000000001,1,1
18.08.2021 00:53:15.448,6.35087,6.35012,1.5,1
18.08.2021 00:53:15.549,6.35083,6.35005,1,1.5
18.08.2021 00:53:15.599,6.35081,6.35005,1,1.5
18.08.2021 00:53:15.700,6.35073,6.3500000000000005,1,1.5
18.08.2021 00:53:15.851,6.35073,6.3500000000000005,1,1
18.08.2021 00:53:16.529,6.35072,6.34999,1.5,1
18.08.2021 00:53:18.191,6.35072,6.34999,1.5,1.5
18.08.2021 00:53:18.872,6.35077,6.35007,1,1
18.08.2021 00:53:30.360,6.35078,6.34994,1.5,1.5
18.08.2021 00:53:30.527,6.350840000000001,6.35002,1.5,1
18.08.2021 00:53:30.677,6.350840000000001,6.350180000000001,1.5,1
18.08.2021 00:53:30.728,6.35085,6.35017,1,1
18.08.2021 00:53:30.947,6.35091,6.350180000000001,1.5,1
18.08.2021 00:53:36.047,6.35092,6.35017,1.5,1.5
18.08.2021 00:53:37.640,6.350930000000001,6.3502600000000005,1,1
18.08.2021 00:53:59.960,6.35095,6.3501,1.5,1.5
18.08.2021 00:54:00.882,6.35099,6.35015,1,1.5
18.08.2021 00:54:07.767,6.35095,6.3502600000000005,1.5,1
18.08.2021 00:54:09.295,6.35095,6.3502600000000005,1.5,1
18.08.2021 00:54:12.565,6.35095,6.3502600000000005,1.5,1
18.08.2021 00:54:14.655,6.35095,6.3502600000000005,1.5,1
18.08.2021 00:54:15.898,6.350890000000001,6.35007,1.5,1
18.08.2021 00:54:18.720,6.3509,6.350040000000001,1.5,1.5
18.08.2021 00:54:18.977,6.350890000000001,6.35016,2,1
18.08.2021 00:54:22.522,6.350890000000001,6.35016,1.5,1.5
18.08.2021 00:54:26.762,6.35095,6.35025,1.5,1
18.08.2021 00:54:27.179,6.350930000000001,6.35025,1,1
18.08.2021 00:54:27.406,6.35095,6.35025,1.5,1
18.08.2021 00:54:33.549,6.35096,6.35024,1.5,1
18.08.2021 00:54:33.722,6.35099,6.35024,1.5,1
18.08.2021 00:54:34.197,6.350980000000001,6.35025,1.5,1
18.08.2021 00:54:34.427,6.350980000000001,6.35025,1.5,1
18.08.2021 00:54:36.454,6.351,6.35016,1.5,1.5
18.08.2021 00:54:36.504,6.35106,6.350350000000001,1.5,1
18.08.2021 00:54:36.705,6.35109,6.35034,1.12,1.5
18.08.2021 00:54:37.193,6.3510800000000005,6.350350000000001,1.5,1
18.08.2021 00:54:37.837,6.3510800000000005,6.350350000000001,1.5,1
18.08.2021 00:54:38.039,6.351,6.350350000000001,1.5,1
18.08.2021 00:54:38.547,6.3510100000000005,6.35034,1.5,1
18.08.2021 00:54:39.785,6.350980000000001,6.35025,1.5,1
18.08.2021 00:54:39.836,6.350980000000001,6.35029,1.5,1
18.08.2021 00:54:39.944,6.35099,6.35031,1.5,1
18.08.2021 00:54:39.995,6.35112,6.350390000000001,1.5,1.12
18.08.2021 00:54:40.095,6.35106,6.350390000000001,1,1.12
18.08.2021 00:54:40.196,6.35106,6.350390000000001,1.5,1
18.08.2021 00:54:40.984,6.35099,6.3502600000000005,1.5,1.5
18.08.2021 00:54:41.035,6.351,6.35027,1,1.5
18.08.2021 00:54:41.345,6.3511500000000005,6.3504000000000005,1.5,1
18.08.2021 00:54:42.041,6.35114,6.35041,1.5,1
18.08.2021 00:54:42.379,6.35114,6.35041,1.5,1
18.08.2021 00:54:42.553,6.35114,6.35041,1.5,1
18.08.2021 00:54:42.759,6.35114,6.35041,1.5,1
18.08.2021 00:54:42.999,6.35114,6.35041,1.5,1.5
18.08.2021 00:54:44.275,6.35114,6.35041,1.5,1
18.08.2021 00:54:44.876,6.35114,6.35041,1.5,1.5
18.08.2021 00:54:45.705,6.35112,6.3504000000000005,1.5,1
18.08.2021 00:54:45.862,6.35114,6.35041,1.5,1.5
18.08.2021 00:54:50.092,6.35116,6.35032,1.5,1.5
18.08.2021 00:54:50.193,6.35106,6.3503300000000005,1,1.5
18.08.2021 00:54:50.294,6.35106,6.3503300000000005,1.5,1
18.08.2021 00:54:50.551,6.35106,6.3503300000000005,1.12,1.5
18.08.2021 00:54:50.705,6.35117,6.35042,2,1
18.08.2021 00:54:52.790,6.35109,6.35036,1.5,1.5
18.08.2021 00:54:52.965,6.35109,6.35036,1.5,1.5
18.08.2021 00:54:55.129,6.35116,6.35045,1.5,1
18.08.2021 00:55:00.284,6.35107,6.35038,1,1
18.08.2021 00:55:00.394,6.35105,6.35032,1,1.5
18.08.2021 00:55:00.445,6.35107,6.3504000000000005,1.12,1
18.08.2021 00:55:00.610,6.35116,6.35032,1.5,1.5
18.08.2021 00:55:00.839,6.35116,6.35043,2,1
18.08.2021 00:55:00.889,6.35117,6.35031,1.5,1.5
18.08.2021 00:55:01.441,6.35122,6.35037,1.5,1.5
18.08.2021 00:55:02.074,6.35116,6.350440000000001,1.5,1
18.08.2021 00:55:02.977,6.35114,6.35043,1.5,1
18.08.2021 00:55:03.446,6.35099,6.35034,1,1.5
18.08.2021 00:55:05.086,6.35099,6.35034,1,1.12
18.08.2021 00:55:05.590,6.35092,6.35027,1,1.5
18.08.2021 00:55:05.640,6.35092,6.35027,1,1.5
18.08.2021 00:55:05.741,6.35092,6.35027,1.5,1
18.08.2021 00:55:06.767,6.350840000000001,6.350210000000001,1,1.5
18.08.2021 00:55:06.901,6.350840000000001,6.350210000000001,1,1
18.08.2021 00:55:09.740,6.35067,6.350210000000001,1,1
18.08.2021 00:55:09.891,6.350630000000001,6.34998,1.12,1
18.08.2021 00:55:10.290,6.35064,6.34997,1.5,1
18.08.2021 00:55:11.213,6.35071,6.35006,1.5,1
18.08.2021 00:55:11.313,6.35071,6.35006,1,1
18.08.2021 00:55:12.779,6.35071,6.35006,1,1.5
18.08.2021 00:55:14.297,6.350700000000001,6.35006,1,1
18.08.2021 00:55:14.455,6.350700000000001,6.35006,1.5,1
18.08.2021 00:55:15.160,6.350630000000001,6.34998,1,1
18.08.2021 00:55:16.211,6.350630000000001,6.34998,1.5,1
18.08.2021 00:55:16.995,6.350530000000001,6.349880000000001,1,1.5
18.08.2021 00:55:17.547,6.350530000000001,6.349880000000001,1,1.12
18.08.2021 00:55:17.598,6.350530000000001,6.349880000000001,1,1.5
18.08.2021 00:55:18.637,6.3506100000000005,6.34994,1.5,1
18.08.2021 00:55:18.841,6.350530000000001,6.349880000000001,1,1.5
18.08.2021 00:55:20.972,6.350530000000001,6.349880000000001,1,1.12
18.08.2021 00:55:23.525,6.3505400000000005,6.34987,2,1
18.08.2021 00:55:23.685,6.3505400000000005,6.34987,2,1
18.08.2021 00:55:23.939,6.350440000000001,6.3497900000000005,1,1.12
18.08.2021 00:55:24.090,6.35037,6.34972,1,1
18.08.2021 00:55:25.484,6.35037,6.34972,1.5,1
18.08.2021 00:55:25.693,6.350440000000001,6.3497900000000005,1.62,1
18.08.2021 00:55:25.844,6.350440000000001,6.3497900000000005,1,1
18.08.2021 00:55:26.223,6.350440000000001,6.3497900000000005,1.5,1
18.08.2021 00:55:30.907,6.350440000000001,6.3497900000000005,1.5,1
18.08.2021 00:55:44.138,6.35034,6.34967,1,1
18.08.2021 00:55:45.353,6.3503300000000005,6.34968,1.5,1
18.08.2021 00:56:08.717,6.35038,6.349530000000001,1,1.77
18.08.2021 00:56:14.288,6.3503300000000005,6.34968,1.5,1
18.08.2021 00:56:22.387,6.3502600000000005,6.34961,1,1.12
18.08.2021 00:56:22.437,6.35025,6.34961,1,1.12
18.08.2021 00:56:22.488,6.350140000000001,6.34949,1.5,1
18.08.2021 00:56:22.704,6.350040000000001,6.3493900000000005,1,1.5
18.08.2021 00:56:22.868,6.35005,6.349380000000001,1,1
18.08.2021 00:56:32.837,6.350040000000001,6.3493900000000005,1.5,1
18.08.2021 00:56:34.624,6.350090000000001,6.34928,1.5,1
18.08.2021 00:56:40.944,6.350130000000001,6.3492500000000005,1,1.5
18.08.2021 00:56:52.784,6.350040000000001,6.3493900000000005,1,1
18.08.2021 00:56:52.913,6.35012,6.34947,1.5,1
18.08.2021 00:56:52.963,6.35012,6.349480000000001,1.5,1
18.08.2021 00:56:53.014,6.35012,6.349480000000001,1,1.5
18.08.2021 00:56:53.180,6.35036,6.34947,1.5,1
18.08.2021 00:56:53.231,6.35036,6.34947,1.5,1
18.08.2021 00:56:53.382,6.350300000000001,6.3496500000000005,1.5,1
18.08.2021 00:56:53.502,6.350300000000001,6.3496500000000005,1.5,1
18.08.2021 00:56:53.638,6.35037,6.349480000000001,1.62,1.62
18.08.2021 00:56:54.144,6.35037,6.349480000000001,1.62,1.62
18.08.2021 00:56:54.427,6.35025,6.349600000000001,1,1
18.08.2021 00:56:54.478,6.35037,6.349480000000001,1.62,1.5
18.08.2021 00:56:54.579,6.35037,6.349480000000001,1.62,1.5
18.08.2021 00:56:57.054,6.35031,6.34966,1.5,1
18.08.2021 00:56:59.048,6.35032,6.3496500000000005,1.12,1
18.08.2021 00:57:00.072,6.35031,6.34966,1.5,1
18.08.2021 00:57:07.938,6.35024,6.34959,1,1.12
18.08.2021 00:57:09.408,6.35031,6.34966,1.5,1
18.08.2021 00:57:20.311,6.350230000000001,6.34959,1,1
18.08.2021 00:57:20.412,6.35016,6.34951,1,1.5
18.08.2021 00:57:20.513,6.35012,6.34951,1,1
18.08.2021 00:57:20.563,6.35016,6.34951,1.5,1
18.08.2021 00:57:20.714,6.35017,6.3495,1.5,1
18.08.2021 00:57:20.764,6.350140000000001,6.34951,1,1
18.08.2021 00:57:22.548,6.35007,6.34951,1,1
18.08.2021 00:57:22.997,6.35007,6.349430000000001,1,1
18.08.2021 00:57:24.887,6.35008,6.349430000000001,1.5,1
18.08.2021 00:57:24.993,6.35017,6.349550000000001,1.62,1
18.08.2021 00:57:25.044,6.3502,6.349550000000001,1,1
18.08.2021 00:57:25.241,6.350210000000001,6.34954,1.5,1
18.08.2021 00:57:27.966,6.350180000000001,6.349550000000001,1.2,1
18.08.2021 00:57:28.257,6.3502,6.349550000000001,1.5,1
18.08.2021 00:57:29.969,6.350130000000001,6.349480000000001,1,1.5
18.08.2021 00:57:30.069,6.350130000000001,6.349480000000001,1,1.5
18.08.2021 00:57:30.271,6.350130000000001,6.349480000000001,1.5,1
18.08.2021 00:57:30.483,6.350130000000001,6.349480000000001,1.5,1
18.08.2021 00:57:32.865,6.350140000000001,6.34947,1,1.5
18.08.2021 00:57:38.047,6.350140000000001,6.34947,1,1.12
18.08.2021 00:57:42.024,6.350130000000001,6.349480000000001,1.5,1
18.08.2021 00:57:42.125,6.350180000000001,6.349330000000001,1.62,1.5
18.08.2021 00:57:42.180,6.35017,6.349340000000001,1.62,1.5
18.08.2021 00:57:42.454,6.350090000000001,6.34923,1,2
18.08.2021 00:57:42.505,6.35008,6.34922,1,2
18.08.2021 00:57:42.852,6.35006,6.34941,1.5,1
18.08.2021 00:57:46.414,6.35006,6.34941,1.5,1
18.08.2021 00:57:46.515,6.35001,6.34936,1.5,1
18.08.2021 00:57:53.713,6.35001,6.34936,1.5,1
18.08.2021 00:57:56.641,6.35006,6.34941,1.5,1
18.08.2021 00:58:00.245,6.35006,6.34941,1.5,1
18.08.2021 00:58:01.548,6.35007,6.3494,1.5,1
18.08.2021 00:58:01.643,6.349950000000001,6.3493,1,1.5
18.08.2021 00:58:01.744,6.34994,6.3493,1,1.5
18.08.2021 00:58:01.845,6.34985,6.349290000000001,1.5,1
18.08.2021 00:58:01.945,6.3497900000000005,6.34914,1,1
18.08.2021 00:58:01.996,6.3497900000000005,6.34914,1.5,1
18.08.2021 00:58:02.153,6.3497900000000005,6.34914,1.5,1
18.08.2021 00:58:03.185,6.3497900000000005,6.34914,1.5,1
18.08.2021 00:58:06.835,6.349780000000001,6.34914,1.7,1
18.08.2021 00:58:07.036,6.34977,6.34914,1,1
18.08.2021 00:58:08.150,6.34968,6.349030000000001,1.12,1
18.08.2021 00:58:08.200,6.349690000000001,6.34902,2.15,1
18.08.2021 00:58:22.199,6.349690000000001,6.34902,1.5,1
18.08.2021 00:58:22.252,6.349730000000001,6.34892,1.5,1.5
18.08.2021 00:58:24.306,6.349780000000001,6.348940000000001,1,1.5
18.08.2021 00:58:24.545,6.34985,6.348990000000001,1.5,1.5
18.08.2021 00:58:28.939,6.34976,6.3491100000000005,1.5,1
18.08.2021 00:58:32.547,6.34976,6.3491100000000005,1.5,1
18.08.2021 00:58:34.103,6.34976,6.3491100000000005,1.5,1
18.08.2021 00:58:34.153,6.34985,6.349200000000001,1.5,1
18.08.2021 00:58:34.304,6.349950000000001,6.34928,1.5,1
18.08.2021 00:58:34.355,6.34994,6.349290000000001,1.5,1
18.08.2021 00:58:37.299,6.34994,6.349290000000001,1.5,1
18.08.2021 00:58:37.355,6.349830000000001,6.3491800000000005,1,1.12
18.08.2021 00:58:43.962,6.349830000000001,6.3491800000000005,1.5,1
18.08.2021 00:58:48.375,6.349830000000001,6.3491800000000005,1.5,1
18.08.2021 00:58:59.226,6.34985,6.348980000000001,1,1.5
18.08.2021 00:59:00.957,6.34984,6.348990000000001,1,1.5
18.08.2021 00:59:02.775,6.34985,6.34907,1,1
18.08.2021 00:59:02.901,6.3498600000000005,6.349060000000001,1,1.5
18.08.2021 00:59:07.819,6.349830000000001,6.3491800000000005,1,1
18.08.2021 00:59:24.673,6.34989,6.349240000000001,2,1
18.08.2021 00:59:36.315,6.349830000000001,6.3491800000000005,1,1
18.08.2021 00:59:43.779,6.349830000000001,6.3491800000000005,1.5,1
18.08.2021 00:59:45.374,6.34987,6.349240000000001,1,1
18.08.2021 00:59:45.873,6.34982,6.34917,1.5,1
18.08.2021 00:59:45.924,6.349830000000001,6.34916,1.5,1
18.08.2021 00:59:46.045,6.34972,6.34907,1,1.5
18.08.2021 00:59:48.489,6.349730000000001,6.349060000000001,1.5,1
18.08.2021 01:00:00.265,6.349780000000001,6.34901,1,1.5
18.08.2021 01:00:00.315,6.34977,6.34917,1,1
18.08.2021 01:00:00.416,6.349950000000001,6.34928,1.87,1
18.08.2021 01:00:00.466,6.34989,6.34928,1,1
18.08.2021 01:00:00.516,6.34994,6.349290000000001,1.12,1
18.08.2021 01:00:00.567,6.349950000000001,6.34928,2.37,1
18.08.2021 01:00:00.618,6.349880000000001,6.34921,1.12,1.5
18.08.2021 01:00:00.668,6.349880000000001,6.34921,1.62,1
18.08.2021 01:00:01.124,6.34982,6.34917,1.12,1
18.08.2021 01:00:01.175,6.34982,6.34917,1.5,1
18.08.2021 01:00:01.338,6.34982,6.34917,1.5,1
18.08.2021 01:00:01.472,6.349740000000001,6.34909,1,1
18.08.2021 01:00:06.048,6.349740000000001,6.34909,1.5,1
18.08.2021 01:00:06.786,6.349740000000001,6.3491100000000005,1.5,1
18.08.2021 01:00:06.836,6.3498,6.349150000000001,1.5,1
18.08.2021 01:00:07.015,6.34985,6.3492500000000005,1.5,1
18.08.2021 01:00:07.139,6.349780000000001,6.3492500000000005,1,1
18.08.2021 01:00:07.289,6.34985,6.3492500000000005,1.5,1
18.08.2021 01:00:07.819,6.34984,6.34917,1.62,1
18.08.2021 01:00:08.331,6.349830000000001,6.34917,1,1
18.08.2021 01:00:08.518,6.34975,6.3491,1.5,1
18.08.2021 01:00:08.627,6.34968,6.349030000000001,1,1.5
18.08.2021 01:00:10.661,6.34975,6.3491,1.5,1
18.08.2021 01:00:12.711,6.34975,6.3491,1,1
18.08.2021 01:00:15.881,6.34975,6.3491100000000005,1,1
18.08.2021 01:00:15.990,6.3498,6.349150000000001,1,1
18.08.2021 01:00:16.989,6.3498600000000005,6.34921,1.5,1
18.08.2021 01:00:17.040,6.34987,6.34922,1,1.62
18.08.2021 01:00:17.143,6.34998,6.349330000000001,1.5,1
18.08.2021 01:00:17.193,6.34998,6.349330000000001,1,1.12
18.08.2021 01:00:19.446,6.34998,6.349330000000001,1.62,1
18.08.2021 01:00:21.547,6.34997,6.349330000000001,1,1
18.08.2021 01:00:21.749,6.34998,6.349330000000001,1,1.12
18.08.2021 01:00:22.127,6.35001,6.349380000000001,1.12,1
18.08.2021 01:00:22.606,6.35002,6.34937,1.5,1
18.08.2021 01:00:22.856,6.34999,6.34932,1.5,1
18.08.2021 01:00:24.027,6.34998,6.349330000000001,1.5,1
18.08.2021 01:00:24.183,6.34999,6.34932,1,1
18.08.2021 01:00:24.234,6.35003,6.349380000000001,1.5,1
18.08.2021 01:00:24.432,6.34998,6.349330000000001,1,1
18.08.2021 01:00:25.960,6.35003,6.349380000000001,1.5,1
18.08.2021 01:00:26.061,6.35001,6.349380000000001,1.5,1
18.08.2021 01:00:26.269,6.34994,6.349290000000001,1,1
18.08.2021 01:00:27.937,6.34994,6.349290000000001,1,1.5
18.08.2021 01:00:28.088,6.34994,6.349290000000001,1,1.5
18.08.2021 01:00:28.652,6.35003,6.349380000000001,1.5,1
18.08.2021 01:00:29.241,6.35003,6.349380000000001,1,1.12
18.08.2021 01:00:31.444,6.35016,6.34951,1,1.5
18.08.2021 01:00:31.549,6.35027,6.34962,1.62,1
18.08.2021 01:00:31.649,6.35027,6.34962,1.5,1
18.08.2021 01:00:34.902,6.350180000000001,6.349530000000001,1,1.5
18.08.2021 01:00:35.946,6.350180000000001,6.34954,1,1.5
18.08.2021 01:00:35.996,6.35027,6.34962,1.12,1
18.08.2021 01:00:36.046,6.35037,6.34991,1,1
18.08.2021 01:00:36.097,6.35046,6.3498,1.5,1
18.08.2021 01:00:36.198,6.35045,6.34981,1.5,1
18.08.2021 01:00:36.302,6.35045,6.34981,1.5,1
18.08.2021 01:00:36.769,6.35046,6.3498,1.12,1
18.08.2021 01:00:37.004,6.35045,6.34981,1.5,1
18.08.2021 01:00:37.481,6.35036,6.34971,1,1.5
18.08.2021 01:00:37.582,6.35036,6.34971,1.5,1
18.08.2021 01:00:37.733,6.35036,6.34971,1.5,1
18.08.2021 01:00:38.130,6.35027,6.34962,1,1.5
18.08.2021 01:00:38.505,6.350280000000001,6.34961,1.5,1
18.08.2021 01:00:39.268,6.35027,6.34962,1.62,1
18.08.2021 01:00:39.368,6.350210000000001,6.34954,1,1.12
18.08.2021 01:00:40.125,6.35025,6.349600000000001,1.5,1
18.08.2021 01:00:41.521,6.35025,6.349600000000001,1,1.5
18.08.2021 01:00:45.504,6.3502600000000005,6.34959,1,1
18.08.2021 01:00:46.715,6.35025,6.349600000000001,1.5,1
18.08.2021 01:00:46.830,6.350210000000001,6.34954,1,1
18.08.2021 01:00:50.829,6.35025,6.349600000000001,1.5,1
18.08.2021 01:00:53.222,6.35025,6.349600000000001,1.5,1
18.08.2021 01:00:53.564,6.35025,6.349600000000001,1.5,1
18.08.2021 01:00:53.764,6.350230000000001,6.349600000000001,1.5,1
18.08.2021 01:00:54.073,6.350230000000001,6.349600000000001,1.5,1
18.08.2021 01:00:55.373,6.350230000000001,6.349600000000001,1.5,1
18.08.2021 01:00:55.423,6.35015,6.3495,1,1.5
18.08.2021 01:00:55.574,6.35015,6.3495,1.5,1
18.08.2021 01:00:55.781,6.350040000000001,6.3493900000000005,1.12,1
18.08.2021 01:00:55.887,6.35007,6.34944,1,1
18.08.2021 01:00:55.937,6.350090000000001,6.34944,1.12,1
18.08.2021 01:00:56.085,6.350090000000001,6.34944,1,1.5
18.08.2021 01:00:57.299,6.350090000000001,6.34944,1,1
18.08.2021 01:00:58.204,6.350090000000001,6.34944,1,1.5
18.08.2021 01:00:59.138,6.35012,6.34951,1.5,1
18.08.2021 01:00:59.252,6.35012,6.34945,1.12,1
18.08.2021 01:00:59.403,6.35011,6.3494600000000005,1.5,1.12
18.08.2021 01:00:59.719,6.35007,6.3494600000000005,1.62,1
18.08.2021 01:01:01.657,6.35007,6.3494600000000005,1.62,1
18.08.2021 01:01:01.933,6.35002,6.34935,1.5,1
18.08.2021 01:01:03.190,6.35001,6.34936,1.5,1.5
18.08.2021 01:01:03.856,6.35001,6.34936,1.5,1
18.08.2021 01:01:07.194,6.35001,6.34936,1,1.12
18.08.2021 01:01:08.217,6.35001,6.34936,1,1.5
18.08.2021 01:01:09.231,6.35002,6.34935,1.12,1
18.08.2021 01:01:14.962,6.35008,6.34944,1.62,1
18.08.2021 01:01:15.012,6.35008,6.34944,1,1
18.08.2021 01:01:15.214,6.3501,6.34945,1,1.5
18.08.2021 01:01:15.314,6.350230000000001,6.3495800000000004,1.87,1
18.08.2021 01:01:23.372,6.350230000000001,6.3495800000000004,2,1
18.08.2021 01:01:23.425,6.350230000000001,6.349430000000001,1.5,1.5
18.08.2021 01:01:23.475,6.35017,6.34952,1,1.5
18.08.2021 01:01:23.579,6.35017,6.34952,1.5,1
18.08.2021 01:01:23.752,6.35008,6.349430000000001,1,2
18.08.2021 01:01:23.984,6.35008,6.349430000000001,1,1.12
18.08.2021 01:01:24.183,6.35007,6.349430000000001,1.62,1
18.08.2021 01:01:24.885,6.35007,6.349430000000001,1.62,1
18.08.2021 01:01:25.062,6.34996,6.34931,1,1
18.08.2021 01:01:25.190,6.34996,6.34932,1,1
18.08.2021 01:01:25.288,6.34996,6.34932,1,1.5
18.08.2021 01:01:26.314,6.35003,6.349380000000001,1.12,1
18.08.2021 01:01:26.447,6.35003,6.349380000000001,1.5,1
18.08.2021 01:01:28.579,6.35003,6.349380000000001,1.5,1
18.08.2021 01:01:29.666,6.34997,6.3493,1,1
18.08.2021 01:01:35.100,6.35006,6.34942,1.5,1
18.08.2021 01:01:40.335,6.35001,6.34936,1.5,1
18.08.2021 01:01:41.649,6.34996,6.349290000000001,1,1
18.08.2021 01:01:51.019,6.349950000000001,6.3493,1.5,1
18.08.2021 01:01:51.221,6.349950000000001,6.3493,1,1
18.08.2021 01:01:56.150,6.35001,6.34936,1.5,1
18.08.2021 01:02:02.659,6.34991,6.34926,1,1.5
18.08.2021 01:02:02.860,6.34992,6.3492500000000005,1.12,1
18.08.2021 01:02:08.882,6.34998,6.349330000000001,1.5,1
18.08.2021 01:02:10.814,6.34999,6.34932,1,1
18.08.2021 01:02:12.932,6.34998,6.349330000000001,1.5,1
18.08.2021 01:02:14.298,6.34999,6.34932,1.5,1
18.08.2021 01:02:14.424,6.350040000000001,6.34937,1.5,1
18.08.2021 01:02:18.548,6.35003,6.349380000000001,1.5,1
18.08.2021 01:02:29.348,6.35007,6.34932,1,1.5
18.08.2021 01:02:29.448,6.3501,6.34945,1.5,1
18.08.2021 01:02:29.549,6.3501,6.34945,1.5,1
18.08.2021 01:02:31.127,6.3501,6.34944,1,1
18.08.2021 01:02:31.177,6.35017,6.349550000000001,1,1
18.08.2021 01:02:31.352,6.350210000000001,6.34954,1,1.5
18.08.2021 01:02:32.058,6.35029,6.349640000000001,2,1
18.08.2021 01:02:32.202,6.35022,6.349550000000001,1,1.5
18.08.2021 01:02:32.435,6.350280000000001,6.34963,1.5,1
18.08.2021 01:02:32.485,6.35022,6.349550000000001,1,1.5
18.08.2021 01:02:32.587,6.350210000000001,6.34956,1.5,1
18.08.2021 01:02:32.729,6.350210000000001,6.34956,1.5,1
18.08.2021 01:02:33.253,6.350130000000001,6.349480000000001,1,1.5
18.08.2021 01:02:33.978,6.350180000000001,6.349550000000001,1.5,1
18.08.2021 01:02:34.120,6.3502,6.349550000000001,1,1
18.08.2021 01:02:34.288,6.3502,6.349550000000001,1,1.5
18.08.2021 01:02:35.198,6.3502,6.349550000000001,1.5,1
18.08.2021 01:02:35.299,6.350180000000001,6.349550000000001,1.2,1
18.08.2021 01:02:35.349,6.35012,6.34947,1,1.5
18.08.2021 01:02:35.400,6.35012,6.34947,1,1
18.08.2021 01:02:35.601,6.35012,6.34947,1.5,1
18.08.2021 01:02:37.158,6.350130000000001,6.3494600000000005,1,1.5
18.08.2021 01:02:39.660,6.350210000000001,6.34954,1.12,1
18.08.2021 01:02:39.710,6.35017,6.349550000000001,1.5,1
18.08.2021 01:02:39.833,6.35012,6.349550000000001,1,1
18.08.2021 01:02:40.543,6.35007,6.349550000000001,1,1
18.08.2021 01:02:41.649,6.350040000000001,6.34937,1.5,1.5
18.08.2021 01:02:57.540,6.35007,6.34949,1,1
18.08.2021 01:02:57.698,6.35011,6.349480000000001,1,1.5
18.08.2021 01:02:57.829,6.350230000000001,6.349600000000001,1.5,1
18.08.2021 01:02:58.394,6.350230000000001,6.349600000000001,1,1
18.08.2021 01:02:58.445,6.35017,6.34952,1,1.5
18.08.2021 01:03:00.310,6.350230000000001,6.34959,1,1
18.08.2021 01:03:03.209,6.35024,6.34959,1,1
18.08.2021 01:03:05.298,6.35029,6.349640000000001,1.5,1
18.08.2021 01:03:05.547,6.350300000000001,6.34963,1.5,1
18.08.2021 01:03:06.995,6.3502,6.349550000000001,1,1.5
18.08.2021 01:03:07.104,6.350210000000001,6.34954,1,1
18.08.2021 01:03:12.058,6.350130000000001,6.34954,1.5,1
18.08.2021 01:03:12.159,6.35008,6.349550000000001,1.2,1
18.08.2021 01:03:12.309,6.34999,6.349340000000001,1,1
18.08.2021 01:03:12.425,6.34999,6.349340000000001,1.5,1
18.08.2021 01:03:12.580,6.34998,6.349340000000001,1,1
18.08.2021 01:03:21.315,6.34999,6.349340000000001,1.5,1
18.08.2021 01:03:21.976,6.34999,6.349340000000001,1,1.5
18.08.2021 01:03:22.393,6.35007,6.3494,1.5,1
18.08.2021 01:03:29.046,6.35006,6.34941,1.5,1
18.08.2021 01:03:30.181,6.34999,6.349340000000001,1,1
18.08.2021 01:03:43.464,6.35001,6.34942,1.12,1
18.08.2021 01:03:43.519,6.35007,6.34942,2.37,1
18.08.2021 01:03:43.682,6.35007,6.34942,1.87,1
18.08.2021 01:03:44.750,6.35007,6.34942,2,1
18.08.2021 01:03:47.630,6.35007,6.34942,2.37,1
18.08.2021 01:03:49.806,6.3500000000000005,6.34935,1,1
18.08.2021 01:03:49.913,6.3500000000000005,6.34935,1,1.5
18.08.2021 01:03:50.014,6.3500000000000005,6.34935,1,1
18.08.2021 01:03:50.449,6.35001,6.349340000000001,1.5,1
18.08.2021 01:03:57.764,6.35005,6.3494,1.5,1
18.08.2021 01:03:57.814,6.35005,6.3494,1.5,1
18.08.2021 01:03:58.185,6.35001,6.349340000000001,1,1
18.08.2021 01:04:00.381,6.35005,6.3494,1.5,1
18.08.2021 01:04:00.540,6.34991,6.34932,1.5,1
18.08.2021 01:04:00.590,6.34985,6.34919,1,1.5
18.08.2021 01:04:00.691,6.34981,6.34914,1.5,1.5
18.08.2021 01:04:00.742,6.349780000000001,6.349150000000001,1.27,1
18.08.2021 01:04:00.842,6.34975,6.349080000000001,1,1.12
18.08.2021 01:04:00.943,6.349740000000001,6.34909,1.5,1
18.08.2021 01:04:07.674,6.34968,6.34909,1,1
18.08.2021 01:04:07.775,6.3496500000000005,6.349,1,1
18.08.2021 01:04:07.884,6.3495800000000004,6.349,1.7,1
18.08.2021 01:04:08.087,6.34956,6.348890000000001,1,1.5
18.08.2021 01:04:08.308,6.349550000000001,6.3489,1.5,1
18.08.2021 01:04:08.412,6.3494600000000005,6.34881,1,1.5
18.08.2021 01:04:15.710,6.3494600000000005,6.34881,1,1
18.08.2021 01:04:24.114,6.34952,6.34887,1.5,1
18.08.2021 01:04:24.164,6.349530000000001,6.34886,1,1
18.08.2021 01:04:24.215,6.34957,6.34896,1,1
18.08.2021 01:04:24.366,6.34961,6.34896,1,1.12
18.08.2021 01:04:24.416,6.3495800000000004,6.34902,1.2,1
18.08.2021 01:04:24.516,6.34954,6.348890000000001,1,1.5
18.08.2021 01:04:24.567,6.34954,6.348890000000001,1.5,1
18.08.2021 01:04:25.472,6.349480000000001,6.34883,1,1
18.08.2021 01:04:29.569,6.349530000000001,6.34888,1.5,1
18.08.2021 01:04:29.678,6.349530000000001,6.34888,1,1
18.08.2021 01:04:29.728,6.34961,6.34896,1.5,1
18.08.2021 01:04:29.867,6.34967,6.348940000000001,1,1.5
18.08.2021 01:04:30.070,6.34968,6.348940000000001,1.77,1.5
18.08.2021 01:04:33.125,6.3496500000000005,6.349,1,1.12
18.08.2021 01:04:33.628,6.34975,6.348940000000001,1.5,1.5
18.08.2021 01:04:33.802,6.34981,6.348940000000001,2,1
18.08.2021 01:04:36.513,6.34976,6.3491100000000005,1.5,1
18.08.2021 01:04:36.670,6.34976,6.3491100000000005,1.5,1
18.08.2021 01:04:38.793,6.349640000000001,6.3491100000000005,1,1
18.08.2021 01:04:38.894,6.34954,6.3491,1,1
18.08.2021 01:04:38.944,6.34954,6.3489,1,1
18.08.2021 01:04:39.045,6.349530000000001,6.34891,1.5,1
18.08.2021 01:04:40.307,6.34951,6.34886,1.5,1
18.08.2021 01:04:42.955,6.34951,6.34886,1.5,1
18.08.2021 01:04:45.803,6.34951,6.34886,1,1.12
18.08.2021 01:04:45.958,6.34952,6.3488500000000005,1,1.5
18.08.2021 01:04:46.811,6.3495800000000004,6.348940000000001,1.77,1
18.08.2021 01:04:46.965,6.34957,6.348940000000001,1,1
18.08.2021 01:04:47.204,6.3495800000000004,6.34893,1.5,1
18.08.2021 01:04:48.383,6.349480000000001,6.34883,1.5,1
18.08.2021 01:04:49.738,6.34947,6.34883,1.62,1
18.08.2021 01:04:52.183,6.34942,6.34877,1,1
18.08.2021 01:04:52.284,6.34942,6.34877,2,1
18.08.2021 01:04:52.564,6.34936,6.3487100000000005,1,1.5
18.08.2021 01:04:52.863,6.34936,6.3487100000000005,2,1
18.08.2021 01:04:53.014,6.34926,6.3487100000000005,1,1
18.08.2021 01:04:53.115,6.3492500000000005,6.3486,1.5,1
18.08.2021 01:04:53.311,6.3492500000000005,6.3486,1.5,1
18.08.2021 01:04:53.958,6.34917,6.34852,1,1.12
18.08.2021 01:04:54.106,6.34917,6.34852,1.5,1
18.08.2021 01:04:54.312,6.3491800000000005,6.34851,1,1
18.08.2021 01:04:59.760,6.3491800000000005,6.34851,1,1.5
18.08.2021 01:05:00.157,6.34917,6.34852,1,1
18.08.2021 01:05:00.694,6.34926,6.34861,2,1
18.08.2021 01:05:02.027,6.34926,6.34861,2,1
18.08.2021 01:05:02.131,6.34916,6.34851,1,1.5
18.08.2021 01:05:03.537,6.349240000000001,6.34857,1.5,1
18.08.2021 01:05:09.877,6.34917,6.348580000000001,1,1
18.08.2021 01:05:10.948,6.349130000000001,6.34848,1,1.5
18.08.2021 01:05:12.917,6.34921,6.34856,1.5,1
18.08.2021 01:05:21.179,6.34926,6.34846,1.5,1.5
18.08.2021 01:05:42.078,6.34914,6.348490000000001,1,1.12
18.08.2021 01:05:42.179,6.349080000000001,6.348490000000001,1.2,1
18.08.2021 01:05:42.330,6.34905,6.348400000000001,1.5,1
18.08.2021 01:05:42.609,6.3489700000000004,6.34832,1,1.5
18.08.2021 01:05:42.722,6.3489700000000004,6.3483600000000004,1,1
18.08.2021 01:05:42.773,6.34905,6.348400000000001,1,1
18.08.2021 01:05:42.972,6.34905,6.348400000000001,1.5,1
18.08.2021 01:05:47.619,6.348980000000001,6.348400000000001,1.2,1
18.08.2021 01:05:47.822,6.3489700000000004,6.348400000000001,1,1
18.08.2021 01:05:49.548,6.3489700000000004,6.348400000000001,1,1
18.08.2021 01:05:52.071,6.3489700000000004,6.34825,1,1.5
18.08.2021 01:05:55.608,6.3489700000000004,6.348330000000001,1,1
18.08.2021 01:05:55.843,6.3489700000000004,6.348330000000001,1,1
18.08.2021 01:05:56.098,6.348990000000001,6.34832,1.5,1
18.08.2021 01:06:06.856,6.348980000000001,6.348330000000001,1.5,1
18.08.2021 01:06:06.957,6.349080000000001,6.348450000000001,1,1
18.08.2021 01:06:07.064,6.3491,6.348450000000001,1,1.5
18.08.2021 01:06:12.548,6.3491,6.348450000000001,1,1
18.08.2021 01:06:13.502,6.34917,6.348540000000001,1.5,1
18.08.2021 01:06:20.049,6.349200000000001,6.34855,1.5,1
18.08.2021 01:06:25.035,6.34921,6.34846,1.5,1.5
18.08.2021 01:06:33.403,6.3491800000000005,6.34846,1.77,1.5
18.08.2021 01:06:33.888,6.34921,6.34846,1.5,1.5
18.08.2021 01:06:33.992,6.3491800000000005,6.34846,1,1.5
18.08.2021 01:06:34.307,6.34921,6.34846,1.5,1.5
18.08.2021 01:06:43.106,6.34921,6.3486,1.5,1
18.08.2021 01:06:45.066,6.34919,6.348540000000001,1.5,1
18.08.2021 01:06:51.623,6.34919,6.348540000000001,1,1
18.08.2021 01:07:01.123,6.34926,6.348590000000001,1.5,1
18.08.2021 01:07:03.832,6.349200000000001,6.34855,1,1
18.08.2021 01:07:10.051,6.34921,6.348540000000001,1.5,1
18.08.2021 01:07:10.103,6.349200000000001,6.34855,1,1
18.08.2021 01:07:14.921,6.3492500000000005,6.3486,1.5,1
18.08.2021 01:07:32.845,6.3492500000000005,6.3486,1.5,1
18.08.2021 01:07:34.902,6.34921,6.348540000000001,1.5,1
18.08.2021 01:07:46.843,6.34926,6.34844,2,1.5
18.08.2021 01:08:05.108,6.349200000000001,6.34855,1.5,1
18.08.2021 01:08:09.548,6.3491800000000005,6.34855,1.2,1
18.08.2021 01:08:09.777,6.349080000000001,6.34855,1,1
18.08.2021 01:08:09.878,6.349080000000001,6.348490000000001,1.2,1
18.08.2021 01:08:09.929,6.3490400000000005,6.34848,1,1
18.08.2021 01:08:10.044,6.349030000000001,6.348490000000001,1.5,1
18.08.2021 01:08:10.194,6.3489700000000004,6.348490000000001,1,1
18.08.2021 01:08:13.108,6.3489700000000004,6.348330000000001,1,1
18.08.2021 01:08:17.549,6.348980000000001,6.34832,1,1
18.08.2021 01:08:30.813,6.3489700000000004,6.348330000000001,1,1
18.08.2021 01:08:32.485,6.34893,6.34827,1.5,1
18.08.2021 01:08:33.136,6.34893,6.34827,1.5,1
18.08.2021 01:08:48.584,6.34893,6.348280000000001,1.5,1
18.08.2021 01:08:51.686,6.348980000000001,6.34818,1.5,1.5
18.08.2021 01:08:55.619,6.348990000000001,6.34832,2,1
18.08.2021 01:09:02.710,6.348980000000001,6.348330000000001,2,1
18.08.2021 01:09:03.152,6.348980000000001,6.348330000000001,2,1
18.08.2021 01:09:03.253,6.34914,6.348330000000001,1.5,1
18.08.2021 01:09:03.422,6.34914,6.348310000000001,2,1
18.08.2021 01:09:04.465,6.349030000000001,6.34847,1.5,1
18.08.2021 01:09:04.647,6.3490400000000005,6.34846,2,1
18.08.2021 01:09:05.494,6.34896,6.348310000000001,1,1
18.08.2021 01:09:12.045,6.34896,6.348310000000001,1.5,1
18.08.2021 01:09:22.491,6.3490400000000005,6.34826,1.5,1
18.08.2021 01:09:22.542,6.3490400000000005,6.34826,1.5,1
18.08.2021 01:09:27.385,6.348990000000001,6.3482,1.2,1
18.08.2021 01:09:27.516,6.3489700000000004,6.34821,1,1
18.08.2021 01:09:28.941,6.3489700000000004,6.34818,1,2
18.08.2021 01:09:35.751,6.34896,6.348310000000001,1.5,1
18.08.2021 01:09:39.881,6.3490400000000005,6.34839,1.5,1
18.08.2021 01:09:40.032,6.34912,6.34847,1.5,1
18.08.2021 01:09:40.082,6.34912,6.34847,1,1
18.08.2021 01:09:43.668,6.34912,6.34847,1,1.5
18.08.2021 01:09:51.341,6.34917,6.34852,1.62,1
18.08.2021 01:09:51.442,6.34917,6.34852,1,1
18.08.2021 01:09:51.598,6.3492500000000005,6.3486,1.62,1
18.08.2021 01:09:51.971,6.3492500000000005,6.3486,1.5,1
18.08.2021 01:09:52.411,6.349330000000001,6.348680000000001,1.5,1
18.08.2021 01:09:52.565,6.349330000000001,6.348680000000001,1,1
18.08.2021 01:09:52.874,6.349330000000001,6.348680000000001,1,1.5
18.08.2021 01:09:52.981,6.34936,6.3487800000000005,1,1
18.08.2021 01:09:53.031,6.349430000000001,6.3487800000000005,1.5,1
18.08.2021 01:09:53.361,6.34935,6.348680000000001,1,1.5
18.08.2021 01:09:53.462,6.34936,6.34867,1.5,1
18.08.2021 01:09:53.512,6.34928,6.348680000000001,1.2,1
18.08.2021 01:09:53.613,6.34928,6.348680000000001,1.7,1
18.08.2021 01:09:53.714,6.34928,6.34861,1.5,1
18.08.2021 01:09:54.823,6.34927,6.3486400000000005,1,1.5
18.08.2021 01:09:54.879,6.3493,6.348680000000001,1,1
18.08.2021 01:09:54.929,6.349430000000001,6.3487800000000005,2.75,1
18.08.2021 01:09:54.980,6.349430000000001,6.3487800000000005,1.5,1
18.08.2021 01:09:55.864,6.34944,6.34865,1.5,1.5
18.08.2021 01:10:00.191,6.34944,6.34865,1.5,1.5
18.08.2021 01:10:00.391,6.34947,6.34872,1.5,1.5
18.08.2021 01:10:06.549,6.34947,6.34877,1,1.5
18.08.2021 01:10:07.360,6.34947,6.3489,1,1
18.08.2021 01:10:18.182,6.34952,6.348730000000001,1.5,1
18.08.2021 01:10:18.384,6.34944,6.34879,1.12,1
18.08.2021 01:10:18.534,6.34944,6.34879,1.5,1
18.08.2021 01:10:20.059,6.34942,6.3487800000000005,1,1
18.08.2021 01:10:26.160,6.34944,6.34879,1.5,1
18.08.2021 01:10:48.016,6.349480000000001,6.34867,1,1
18.08.2021 01:10:48.656,6.34944,6.34879,1.5,1
18.08.2021 01:10:49.303,6.34952,6.34887,2,1
18.08.2021 01:10:49.353,6.34952,6.34887,2,1
18.08.2021 01:11:00.438,6.34942,6.34877,1,1
18.08.2021 01:11:00.538,6.34942,6.34876,1.5,1
18.08.2021 01:11:00.639,6.34937,6.34877,1,1
18.08.2021 01:11:01.267,6.3493,6.34877,1.5,1
18.08.2021 01:11:01.330,6.3493,6.3487100000000005,1.5,1
18.08.2021 01:11:06.931,6.3493,6.3487100000000005,1,1
18.08.2021 01:11:07.116,6.34936,6.3487100000000005,3.5,1
18.08.2021 01:11:15.003,6.3493,6.3487100000000005,1,1
18.08.2021 01:11:15.054,6.34927,6.34856,1,1.5
18.08.2021 01:11:15.223,6.34927,6.348450000000001,1,2
18.08.2021 01:11:15.469,6.34926,6.34844,1.5,1.5
18.08.2021 01:11:16.435,6.34923,6.348580000000001,1.5,1
18.08.2021 01:11:26.787,6.3492500000000005,6.34844,1.5,1.62
18.08.2021 01:11:32.577,6.3492500000000005,6.34844,1.5,1
18.08.2021 01:11:32.893,6.34914,6.34852,1.5,1
18.08.2021 01:11:32.994,6.3490400000000005,6.34852,1,1
18.08.2021 01:11:33.044,6.348990000000001,6.34834,1.5,1
18.08.2021 01:11:33.196,6.348990000000001,6.34834,1.5,1
18.08.2021 01:11:39.188,6.349030000000001,6.34841,2,1
18.08.2021 01:11:39.339,6.349150000000001,6.3487100000000005,1.5,1
18.08.2021 01:11:39.390,6.349080000000001,6.34872,1.7,1
18.08.2021 01:11:39.490,6.34914,6.3485000000000005,1.5,1
18.08.2021 01:11:39.541,6.34919,6.34853,1.7,1
18.08.2021 01:11:39.591,6.3491800000000005,6.348540000000001,1.7,1
18.08.2021 01:11:39.793,6.3491800000000005,6.348540000000001,1.7,1
18.08.2021 01:11:45.960,6.34916,6.34851,1.5,1
18.08.2021 01:11:46.345,6.34917,6.34852,1.62,1
18.08.2021 01:11:51.577,6.34919,6.348580000000001,1,1
18.08.2021 01:11:51.628,6.34923,6.348580000000001,1.5,1
18.08.2021 01:11:58.353,6.3491800000000005,6.348580000000001,1,1
18.08.2021 01:11:58.454,6.349150000000001,6.3485000000000005,1,1.5
18.08.2021 01:11:58.505,6.349150000000001,6.3485000000000005,1.5,1
18.08.2021 01:11:58.739,6.34917,6.348590000000001,1,1
18.08.2021 01:11:58.941,6.3492500000000005,6.348580000000001,1.5,1
18.08.2021 01:11:59.415,6.349240000000001,6.348590000000001,1.5,1
18.08.2021 01:12:00.152,6.3492500000000005,6.3486400000000005,1.5,1
18.08.2021 01:12:03.052,6.34928,6.348630000000001,1,1
18.08.2021 01:12:07.250,6.34927,6.3486400000000005,1,1
18.08.2021 01:12:09.942,6.3492500000000005,6.34842,1.5,1
18.08.2021 01:12:14.521,6.34927,6.34846,1,1
18.08.2021 01:12:14.722,6.34928,6.348450000000001,1,1
18.08.2021 01:12:23.748,6.3492500000000005,6.348400000000001,1.5,1
18.08.2021 01:12:24.107,6.34922,6.34839,1,1.5
18.08.2021 01:12:26.157,6.34921,6.34856,1.5,1
18.08.2021 01:12:27.048,6.34921,6.34856,1.5,1
18.08.2021 01:12:27.099,6.3492500000000005,6.34861,1.5,1
18.08.2021 01:12:27.249,6.3492500000000005,6.34861,1.5,1
18.08.2021 01:12:28.795,6.34927,6.3486,1.5,1
18.08.2021 01:12:28.997,6.34926,6.34861,1.5,1
18.08.2021 01:12:35.049,6.3492500000000005,6.34861,1.5,1
18.08.2021 01:12:42.998,6.3492500000000005,6.34844,1.5,1.5
18.08.2021 01:12:57.363,6.3492500000000005,6.34861,1.5,1
18.08.2021 01:12:58.550,6.34926,6.3486,1.5,1
18.08.2021 01:13:04.020,6.34926,6.34861,2.75,1
18.08.2021 01:13:04.653,6.34926,6.34861,2.75,1
18.08.2021 01:13:11.030,6.34926,6.34861,2.75,1
18.08.2021 01:13:12.718,6.34926,6.34846,1.5,1.5
18.08.2021 01:13:21.122,6.34931,6.348680000000001,2,1
18.08.2021 01:13:32.730,6.349240000000001,6.348590000000001,1.5,1
18.08.2021 01:13:46.481,6.34926,6.34846,1.5,1.5
18.08.2021 01:13:50.443,6.34927,6.348450000000001,1.5,1.5
18.08.2021 01:14:00.109,6.34932,6.348680000000001,2.25,1.12
18.08.2021 01:14:00.169,6.34941,6.348680000000001,1.5,1.12
18.08.2021 01:14:00.283,6.34947,6.348680000000001,1,1.5
18.08.2021 01:14:09.263,6.34952,6.34887,2,1
18.08.2021 01:14:21.620,6.34957,6.348730000000001,1,1.62
18.08.2021 01:14:32.900,6.3495,6.348730000000001,1,1.5
18.08.2021 01:14:33.472,6.34954,6.34872,1.5,1.5
18.08.2021 01:14:36.229,6.3495,6.348730000000001,1,1.5
18.08.2021 01:14:36.618,6.34947,6.3487100000000005,1,1.5
18.08.2021 01:14:36.945,6.34941,6.3487100000000005,1,1.5
18.08.2021 01:14:37.046,6.34937,6.348680000000001,1.12,1.5
18.08.2021 01:14:37.147,6.34932,6.34876,2,1
18.08.2021 01:14:39.649,6.34927,6.34877,1,1
18.08.2021 01:14:40.564,6.34927,6.34877,1,1
18.08.2021 01:14:45.313,6.34927,6.3486400000000005,1,1
18.08.2021 01:14:47.715,6.34927,6.3486400000000005,1,1
18.08.2021 01:14:55.320,6.34928,6.348450000000001,1,1.5
18.08.2021 01:14:55.549,6.34927,6.34846,1,1.5
18.08.2021 01:15:00.563,6.3492500000000005,6.34841,1.5,1.5
18.08.2021 01:15:00.664,6.349150000000001,6.34852,1,1
18.08.2021 01:15:01.484,6.3491,6.348450000000001,1,1.12
18.08.2021 01:15:01.585,6.34909,6.348450000000001,1.5,1
18.08.2021 01:15:01.685,6.349030000000001,6.3483600000000004,1.12,1
18.08.2021 01:15:01.786,6.34902,6.34837,1.5,1
18.08.2021 01:15:02.282,6.34891,6.34826,1,1.12
18.08.2021 01:15:02.723,6.3489700000000004,6.34832,1.62,1
18.08.2021 01:15:03.045,6.3489700000000004,6.34832,1.62,1
18.08.2021 01:15:06.621,6.34892,6.34827,1.12,1
18.08.2021 01:15:06.722,6.348980000000001,6.348380000000001,1.12,1
18.08.2021 01:15:06.849,6.349060000000001,6.34841,1.5,1.5
18.08.2021 01:15:06.899,6.349060000000001,6.34841,1,1.5
18.08.2021 01:15:07.301,6.34909,6.3483,1,2
18.08.2021 01:15:07.885,6.34914,6.34835,1.12,1.5
18.08.2021 01:15:07.936,6.349130000000001,6.34846,1,1
18.08.2021 01:15:08.037,6.34912,6.34847,1,1.5
18.08.2021 01:15:08.304,6.349130000000001,6.34846,1.12,1
18.08.2021 01:15:09.256,6.34909,6.34847,1,1
18.08.2021 01:15:09.372,6.34909,6.34846,1.2,1
18.08.2021 01:15:09.473,6.349030000000001,6.348380000000001,2,1
18.08.2021 01:15:10.250,6.348980000000001,6.348380000000001,1,1
18.08.2021 01:15:10.351,6.348980000000001,6.348380000000001,1.7,1
18.08.2021 01:15:12.941,6.349030000000001,6.348380000000001,2,1
18.08.2021 01:15:18.160,6.349030000000001,6.348380000000001,2,1
18.08.2021 01:15:18.241,6.3490400000000005,6.348230000000001,1.5,1.5
18.08.2021 01:15:23.753,6.349080000000001,6.3483,2.15,1
18.08.2021 01:15:23.903,6.349030000000001,6.34846,1.5,1
18.08.2021 01:15:24.004,6.348980000000001,6.34846,1.2,1
18.08.2021 01:15:24.111,6.3490400000000005,6.348450000000001,1.5,1
18.08.2021 01:15:24.162,6.349,6.34846,1,1
18.08.2021 01:15:24.519,6.348980000000001,6.348310000000001,1.12,1
18.08.2021 01:15:24.570,6.348980000000001,6.348310000000001,1.62,1
18.08.2021 01:15:24.721,6.3489700000000004,6.34832,1.62,1
18.08.2021 01:15:25.887,6.34892,6.34825,1,1
18.08.2021 01:15:25.937,6.34891,6.34826,1.5,1
18.08.2021 01:15:29.228,6.348890000000001,6.34826,1,1
18.08.2021 01:15:32.498,6.3488500000000005,6.3482,1.5,1
18.08.2021 01:15:32.599,6.34877,6.34811,1,1
18.08.2021 01:15:32.712,6.34877,6.34811,1,1.5
18.08.2021 01:15:32.945,6.34876,6.348190000000001,1,1
18.08.2021 01:15:35.782,6.348680000000001,6.34812,1.27,1
18.08.2021 01:15:42.050,6.34877,6.34812,1.62,1
18.08.2021 01:15:44.515,6.34877,6.3479,1,1.5
18.08.2021 01:15:47.351,6.34869,6.348050000000001,1,1
