Gmt time,Ask,Bid,AskVolume,BidVolume
24.08.2021 00:00:00.055,6.33265,6.33185,1,1
24.08.2021 00:00:00.156,6.332800000000001,6.3319,1.5,1.5
24.08.2021 00:00:00.257,6.332800000000001,6.33199,1,1
24.08.2021 00:00:00.420,6.332890000000001,6.33199,1.5,1
24.08.2021 00:00:00.471,6.332890000000001,6.33199,1.5,1
24.08.2021 00:00:01.078,6.33292,6.33215,1,1
24.08.2021 00:00:01.285,6.33292,6.33215,1.5,1
24.08.2021 00:00:10.798,6.33292,6.33202,1.5,1.5
24.08.2021 00:00:20.398,6.33295,6.3320300000000005,1.5,1.62
24.08.2021 00:00:20.604,6.33284,6.33192,1.5,1.5
24.08.2021 00:00:23.207,6.33286,6.331910000000001,1.5,1.5
24.08.2021 00:00:23.469,6.3329,6.33197,1.5,1.5
24.08.2021 00:00:26.561,6.3328500000000005,6.331980000000001,1.5,1
24.08.2021 00:00:26.728,6.3328500000000005,6.3319600000000005,2,1
24.08.2021 00:00:26.879,6.33279,6.33192,1.5,1.5
24.08.2021 00:00:27.698,6.33269,6.33181,1.5,1.5
24.08.2021 00:00:28.726,6.33269,6.33181,1.5,1.5
24.08.2021 00:00:28.928,6.3327,6.331790000000001,1.5,1.5
24.08.2021 00:00:29.163,6.33269,6.331830000000001,1.5,1
24.08.2021 00:00:29.264,6.33269,6.3318,1.5,1.5
24.08.2021 00:00:35.635,6.33269,6.3318,1.5,1.5
24.08.2021 00:00:35.985,6.33269,6.3318,1.5,1.5
24.08.2021 00:00:37.272,6.33269,6.3318,1.5,1.5
24.08.2021 00:00:44.815,6.33269,6.33177,1.5,1
24.08.2021 00:00:45.393,6.332680000000001,6.33178,1.5,1
24.08.2021 00:00:47.194,6.332680000000001,6.33175,1.5,1.5
24.08.2021 00:00:47.295,6.33246,6.33155,1,1
24.08.2021 00:00:47.396,6.33246,6.33155,1.5,1
24.08.2021 00:00:48.178,6.33241,6.331530000000001,1.5,1.5
24.08.2021 00:01:05.598,6.3324300000000004,6.3314900000000005,2,1.5
24.08.2021 00:01:24.025,6.3323100000000005,6.33146,1,1
24.08.2021 00:01:24.075,6.332230000000001,6.33142,1,1.5
24.08.2021 00:01:24.176,6.33216,6.331430000000001,1.5,1
24.08.2021 00:01:37.938,6.33216,6.33131,1.5,1
24.08.2021 00:01:38.000,6.33216,6.33131,1.5,1
24.08.2021 00:01:40.894,6.33217,6.331300000000001,1.5,1.5
24.08.2021 00:01:41.097,6.3320300000000005,6.331340000000001,1,1.5
24.08.2021 00:01:41.944,6.3320300000000005,6.331340000000001,1,1.5
24.08.2021 00:01:42.097,6.3320300000000005,6.331340000000001,1,1.5
24.08.2021 00:01:47.764,6.3320300000000005,6.331340000000001,1.12,1.5
24.08.2021 00:02:02.103,6.33213,6.3312,1.5,1.5
24.08.2021 00:02:02.783,6.33192,6.331230000000001,1,1.5
24.08.2021 00:02:02.884,6.33192,6.331230000000001,1.5,1
24.08.2021 00:02:02.934,6.331790000000001,6.3311,1,1.5
24.08.2021 00:02:03.085,6.331790000000001,6.3311,1.12,1.5
24.08.2021 00:02:03.439,6.331790000000001,6.3311,1.12,1.12
24.08.2021 00:02:03.554,6.331740000000001,6.33103,1,1.5
24.08.2021 00:02:04.440,6.33173,6.331040000000001,1,1.5
24.08.2021 00:02:09.392,6.33173,6.331040000000001,1,1.5
24.08.2021 00:02:09.601,6.33173,6.331040000000001,1,1.5
24.08.2021 00:02:10.395,6.331740000000001,6.33103,1,1.5
24.08.2021 00:02:19.458,6.331910000000001,6.33093,1.62,1.5
24.08.2021 00:02:19.892,6.331910000000001,6.330990000000001,1.5,1
24.08.2021 00:02:20.140,6.331840000000001,6.33114,1,1.5
24.08.2021 00:02:20.341,6.331840000000001,6.33114,1.5,1
24.08.2021 00:02:22.439,6.331840000000001,6.33114,1.12,1.5
24.08.2021 00:02:24.438,6.331840000000001,6.33114,1.12,1.12
24.08.2021 00:02:25.401,6.331840000000001,6.33114,1,1.5
24.08.2021 00:02:25.604,6.331840000000001,6.33114,1,1.5
24.08.2021 00:02:26.692,6.331910000000001,6.3312100000000004,1,1.5
24.08.2021 00:02:26.851,6.331910000000001,6.3312100000000004,1,1.5
24.08.2021 00:02:29.940,6.331910000000001,6.3312100000000004,1,1.5
24.08.2021 00:02:30.168,6.33199,6.33129,1,1.5
24.08.2021 00:02:30.435,6.33199,6.33129,1,1.5
24.08.2021 00:02:34.503,6.33207,6.33137,1,1.5
24.08.2021 00:02:34.553,6.33207,6.33137,1,1.5
24.08.2021 00:02:34.757,6.33207,6.331390000000001,1,1
24.08.2021 00:02:34.908,6.33215,6.331430000000001,1,1.5
24.08.2021 00:02:35.036,6.33206,6.33141,1,1
24.08.2021 00:02:35.137,6.33206,6.3314,1,1
24.08.2021 00:02:35.774,6.33206,6.33136,1,1.5
24.08.2021 00:02:37.766,6.33195,6.331250000000001,1.5,1
24.08.2021 00:02:37.816,6.331840000000001,6.33112,1.5,1
24.08.2021 00:02:37.867,6.331580000000001,6.331,1,1
24.08.2021 00:02:37.917,6.331580000000001,6.331,1,1
24.08.2021 00:02:38.018,6.33172,6.33102,1,1.5
24.08.2021 00:02:38.069,6.33172,6.33102,1.12,1.5
24.08.2021 00:02:38.270,6.33164,6.331,1,1
24.08.2021 00:02:40.078,6.331580000000001,6.33094,1,1
24.08.2021 00:02:42.040,6.33157,6.33087,1.5,1.5
24.08.2021 00:02:42.140,6.331480000000001,6.330780000000001,1,2
24.08.2021 00:02:45.250,6.331480000000001,6.330780000000001,1,1.5
24.08.2021 00:02:45.427,6.3314900000000005,6.33077,1.12,1.5
24.08.2021 00:02:55.545,6.33141,6.33071,1,1.5
24.08.2021 00:02:59.344,6.331300000000001,6.33061,1,1
24.08.2021 00:02:59.395,6.331300000000001,6.3306000000000004,1.5,1.12
24.08.2021 00:02:59.445,6.3311,6.3304,1,2
24.08.2021 00:02:59.495,6.3311,6.3304,1,2
24.08.2021 00:02:59.596,6.33102,6.3304,1,1.5
24.08.2021 00:03:06.319,6.33102,6.3304,1,1.5
24.08.2021 00:03:06.395,6.33111,6.3304100000000005,1,1.5
24.08.2021 00:03:06.501,6.33111,6.33042,1,1
24.08.2021 00:03:07.042,6.331180000000001,6.3304800000000006,1,1.5
24.08.2021 00:03:07.092,6.331180000000001,6.3304800000000006,1,1.5
24.08.2021 00:03:08.795,6.33119,6.33047,1,1.5
24.08.2021 00:03:14.620,6.331180000000001,6.3304800000000006,1.5,1.12
24.08.2021 00:03:14.727,6.33103,6.330330000000001,1,1.62
24.08.2021 00:03:14.828,6.33103,6.330330000000001,1.5,1.12
24.08.2021 00:03:15.323,6.331040000000001,6.33032,1.5,1
24.08.2021 00:03:15.558,6.3309500000000005,6.33025,1,1.5
24.08.2021 00:03:16.611,6.3309500000000005,6.33025,1.5,1
24.08.2021 00:03:27.497,6.33087,6.33017,1,1.5
24.08.2021 00:03:27.666,6.33087,6.33017,1,1.5
24.08.2021 00:03:28.481,6.33087,6.33018,1,1
24.08.2021 00:03:28.642,6.33087,6.33017,1,1.5
24.08.2021 00:03:33.292,6.33087,6.33017,1,1.5
24.08.2021 00:03:43.780,6.33087,6.33017,1,1.5
24.08.2021 00:03:48.157,6.33087,6.33017,1,1.5
24.08.2021 00:03:57.072,6.3308800000000005,6.33016,1,1.5
24.08.2021 00:03:57.798,6.33087,6.33017,1,1.5
24.08.2021 00:04:00.502,6.33087,6.33017,1,1.5
24.08.2021 00:04:10.094,6.33087,6.33017,1,1.5
24.08.2021 00:04:14.629,6.33087,6.33017,1,1.5
24.08.2021 00:04:14.990,6.33087,6.33017,1,1.62
24.08.2021 00:04:15.230,6.33102,6.33017,1,1
24.08.2021 00:04:15.382,6.3309500000000005,6.33023,1,1.62
24.08.2021 00:04:19.777,6.33106,6.3303400000000005,1.5,1.12
24.08.2021 00:04:19.828,6.33105,6.33035,1.5,1
24.08.2021 00:04:19.964,6.33094,6.330240000000001,1,1.5
24.08.2021 00:04:20.015,6.33094,6.330240000000001,1,1.5
24.08.2021 00:04:22.873,6.33086,6.3302000000000005,1,1
24.08.2021 00:04:31.655,6.33086,6.3302000000000005,1,1
24.08.2021 00:04:40.670,6.33102,6.3302000000000005,1.5,1
24.08.2021 00:04:49.252,6.33106,6.330190000000001,1,1
24.08.2021 00:04:52.919,6.33086,6.3302000000000005,1,1
24.08.2021 00:04:54.147,6.33087,6.33022,1,1
24.08.2021 00:04:56.325,6.33094,6.330240000000001,1,1.5
24.08.2021 00:04:56.924,6.3309500000000005,6.33023,1,1.5
24.08.2021 00:04:56.975,6.33094,6.330240000000001,1.12,1.5
24.08.2021 00:04:59.723,6.33084,6.33018,1,1
24.08.2021 00:04:59.823,6.33084,6.33014,1,1.5
24.08.2021 00:05:02.939,6.33096,6.33026,1.5,1.5
24.08.2021 00:05:03.090,6.33096,6.330290000000001,1,1
24.08.2021 00:05:05.582,6.331040000000001,6.3303400000000005,1,1.5
24.08.2021 00:05:06.055,6.33098,6.330290000000001,1,1
24.08.2021 00:05:06.206,6.33098,6.330330000000001,1,1.5
24.08.2021 00:05:06.256,6.331040000000001,6.3303400000000005,1,1.5
24.08.2021 00:05:06.394,6.331130000000001,6.330430000000001,1,1.5
24.08.2021 00:05:06.890,6.331130000000001,6.33047,1,1
24.08.2021 00:05:07.006,6.33124,6.33052,1.12,1.5
24.08.2021 00:05:07.106,6.331230000000001,6.33054,1,1
24.08.2021 00:05:14.098,6.331230000000001,6.33054,1,1
24.08.2021 00:05:24.802,6.331230000000001,6.33054,1,1
24.08.2021 00:05:27.004,6.331390000000001,6.33054,1,1
24.08.2021 00:05:31.268,6.331340000000001,6.33054,1.5,1
24.08.2021 00:05:36.872,6.33133,6.33049,1,1
24.08.2021 00:05:37.082,6.331230000000001,6.33053,1,1.5
24.08.2021 00:05:41.764,6.33115,6.33049,1,1
24.08.2021 00:05:42.599,6.33115,6.33045,1,1.62
24.08.2021 00:05:47.245,6.331300000000001,6.33045,1,1
24.08.2021 00:05:58.760,6.331300000000001,6.33045,1,1
24.08.2021 00:05:59.506,6.331250000000001,6.330640000000001,1,1
24.08.2021 00:05:59.657,6.33137,6.33067,1.5,1.12
24.08.2021 00:05:59.708,6.33137,6.330690000000001,1,1
24.08.2021 00:05:59.901,6.33137,6.330690000000001,1,1
24.08.2021 00:06:00.473,6.33137,6.330690000000001,1,1
24.08.2021 00:06:00.540,6.3314900000000005,6.33077,1.12,1.5
24.08.2021 00:06:00.741,6.331480000000001,6.330780000000001,1,1.5
24.08.2021 00:06:00.865,6.331580000000001,6.3308800000000005,1.5,1
24.08.2021 00:06:00.981,6.331580000000001,6.3308800000000005,1.5,1
24.08.2021 00:06:01.169,6.33145,6.33077,1,1.5
24.08.2021 00:06:03.790,6.33145,6.33077,1,1
24.08.2021 00:06:10.598,6.33145,6.33077,1,1
24.08.2021 00:06:25.319,6.33136,6.330640000000001,1.62,1
24.08.2021 00:06:25.420,6.331230000000001,6.33053,1,2
24.08.2021 00:06:26.140,6.331230000000001,6.33053,1,1.5
24.08.2021 00:06:50.484,6.33133,6.33049,1.5,1
24.08.2021 00:06:53.598,6.331300000000001,6.33047,1,1.5
24.08.2021 00:07:25.515,6.331130000000001,6.33047,1,1.5
24.08.2021 00:07:25.565,6.331130000000001,6.330430000000001,1,1.5
24.08.2021 00:07:25.616,6.33103,6.33036,1,1.5
24.08.2021 00:07:25.767,6.33103,6.33036,1,1.5
24.08.2021 00:07:25.925,6.33103,6.330330000000001,1,1.5
24.08.2021 00:07:26.746,6.33103,6.3303400000000005,1,1
24.08.2021 00:07:28.154,6.331130000000001,6.330430000000001,1.5,1.12
24.08.2021 00:07:28.205,6.331130000000001,6.330430000000001,1,1.62
24.08.2021 00:07:29.113,6.33119,6.33049,1.12,1.5
24.08.2021 00:07:29.164,6.3312,6.3304800000000006,1.62,1.5
24.08.2021 00:07:29.272,6.33096,6.33026,1,1.5
24.08.2021 00:07:29.323,6.33096,6.33026,1,1.5
24.08.2021 00:07:30.238,6.33097,6.33025,1.5,1.5
24.08.2021 00:08:03.142,6.330900000000001,6.3302000000000005,1,1.5
24.08.2021 00:08:19.994,6.330990000000001,6.33018,1.5,1
24.08.2021 00:08:33.390,6.330900000000001,6.3302000000000005,1,1.5
24.08.2021 00:08:46.151,6.33103,6.33018,1,1
24.08.2021 00:08:47.167,6.33103,6.3302000000000005,1,1.5
24.08.2021 00:08:49.298,6.33103,6.33018,1,1
24.08.2021 00:09:00.283,6.330990000000001,6.330380000000001,1,1
24.08.2021 00:09:00.334,6.331080000000001,6.330380000000001,1,1
24.08.2021 00:09:00.441,6.33111,6.33046,1,1.12
24.08.2021 00:09:00.491,6.3311,6.33047,1,1.5
24.08.2021 00:09:01.252,6.3311,6.33044,1,1
24.08.2021 00:09:08.118,6.33119,6.33049,1,1.5
24.08.2021 00:09:10.475,6.33119,6.33049,1,1.5
24.08.2021 00:09:11.317,6.3312,6.3304800000000006,1,1.5
24.08.2021 00:09:16.684,6.331130000000001,6.33044,1,1
24.08.2021 00:09:37.150,6.33129,6.33044,1,1
24.08.2021 00:09:37.301,6.3312100000000004,6.33056,1,1
24.08.2021 00:09:37.402,6.3312,6.33057,1,1.5
24.08.2021 00:09:37.603,6.33132,6.3306000000000004,1,1.5
24.08.2021 00:09:37.653,6.33131,6.330640000000001,1,1
24.08.2021 00:09:44.030,6.3314,6.330680000000001,1,1.5
24.08.2021 00:09:44.081,6.331390000000001,6.330690000000001,1,1.62
24.08.2021 00:09:44.409,6.331390000000001,6.33072,1,1
24.08.2021 00:09:44.564,6.331390000000001,6.33072,1,1
24.08.2021 00:10:06.135,6.331440000000001,6.33065,1,1
24.08.2021 00:10:12.238,6.331440000000001,6.330590000000001,1,1
24.08.2021 00:10:24.893,6.331300000000001,6.3306000000000004,1,1.5
24.08.2021 00:10:26.599,6.331300000000001,6.3306000000000004,1,1.5
24.08.2021 00:10:31.665,6.331300000000001,6.3306000000000004,1.5,1
24.08.2021 00:10:31.867,6.331300000000001,6.3306000000000004,1,1.5
24.08.2021 00:10:32.874,6.33131,6.33067,1,1
24.08.2021 00:10:32.924,6.33154,6.330690000000001,1,1.5
24.08.2021 00:10:32.975,6.33154,6.330690000000001,1,1.5
24.08.2021 00:10:33.254,6.33154,6.330690000000001,1,1.5
24.08.2021 00:10:33.591,6.3313500000000005,6.330690000000001,1,1.5
24.08.2021 00:10:47.233,6.3313500000000005,6.330690000000001,1,1
24.08.2021 00:10:47.390,6.33136,6.330680000000001,1,1
24.08.2021 00:10:47.808,6.33154,6.330690000000001,1,1
24.08.2021 00:10:48.793,6.33154,6.330690000000001,1,1
24.08.2021 00:11:00.211,6.3315,6.3308,1.5,1
24.08.2021 00:11:00.553,6.3315,6.3308,1,1.62
24.08.2021 00:11:01.772,6.3315,6.3308,1,1.5
24.08.2021 00:11:01.975,6.3315,6.3308,1.5,1.5
24.08.2021 00:11:02.046,6.33151,6.33079,1,1.5
24.08.2021 00:11:03.677,6.3315,6.3308,1.5,1.5
24.08.2021 00:11:15.650,6.33162,6.33092,1.5,1
24.08.2021 00:11:15.801,6.3316300000000005,6.331,1.5,1
24.08.2021 00:11:15.851,6.33173,6.33105,1,1
24.08.2021 00:11:18.179,6.33173,6.33111,1,1
24.08.2021 00:11:18.280,6.331790000000001,6.33111,1,1
24.08.2021 00:11:18.334,6.3318,6.3311,1,1
24.08.2021 00:11:19.517,6.3318,6.33115,1,1
24.08.2021 00:11:19.757,6.33187,6.33117,1,1.5
24.08.2021 00:11:19.980,6.33187,6.33122,1,1
24.08.2021 00:11:25.455,6.331880000000001,6.331160000000001,1,1.5
24.08.2021 00:11:25.556,6.331880000000001,6.331160000000001,1.5,1
24.08.2021 00:11:25.606,6.3319,6.33112,1,1
24.08.2021 00:11:25.984,6.33186,6.3310900000000006,1.5,1
24.08.2021 00:11:26.222,6.33186,6.331040000000001,1.5,1.5
24.08.2021 00:11:26.871,6.33172,6.33105,1,1.5
24.08.2021 00:11:55.411,6.33185,6.330990000000001,1,1.5
24.08.2021 00:11:55.983,6.331840000000001,6.330990000000001,1,1
24.08.2021 00:11:57.145,6.33172,6.33102,1,1.5
24.08.2021 00:12:04.098,6.33172,6.33102,1,1.5
24.08.2021 00:12:04.299,6.33172,6.33106,1,1.5
24.08.2021 00:12:04.516,6.33172,6.331080000000001,1,1
24.08.2021 00:12:04.702,6.33181,6.33115,1,1
24.08.2021 00:12:04.752,6.33181,6.3312100000000004,1,1
24.08.2021 00:12:05.023,6.33195,6.331250000000001,1,1.5
24.08.2021 00:12:05.598,6.33195,6.331250000000001,1,1.5
24.08.2021 00:12:28.571,6.33208,6.3312100000000004,1,1.5
24.08.2021 00:12:30.344,6.331980000000001,6.33117,1,1.62
24.08.2021 00:12:30.545,6.33201,6.33117,1,1.62
24.08.2021 00:12:33.016,6.33186,6.33117,1,1.5
24.08.2021 00:12:35.557,6.33186,6.331250000000001,1,1
24.08.2021 00:12:40.193,6.3319600000000005,6.33126,1,1.5
24.08.2021 00:12:50.590,6.332090000000001,6.331250000000001,1.5,1
24.08.2021 00:12:55.419,6.3321000000000005,6.331250000000001,1,1
24.08.2021 00:12:56.057,6.33202,6.33132,1,1.5
24.08.2021 00:13:02.599,6.33202,6.33132,1,1.5
24.08.2021 00:13:06.382,6.33211,6.331390000000001,1.5,1
24.08.2021 00:13:06.433,6.3321000000000005,6.3314,1.12,1.5
24.08.2021 00:13:06.706,6.3321000000000005,6.3314,1,1.62
24.08.2021 00:13:12.397,6.3321000000000005,6.3314,1,1.62
24.08.2021 00:13:17.094,6.3321000000000005,6.331440000000001,1,1
24.08.2021 00:13:17.222,6.33222,6.331440000000001,1.5,1
24.08.2021 00:13:20.387,6.33221,6.3313500000000005,1,1
24.08.2021 00:13:27.333,6.332000000000001,6.33131,1,1
24.08.2021 00:13:27.535,6.33199,6.33129,1,1.5
24.08.2021 00:13:32.576,6.3318900000000005,6.33119,1,1.5
24.08.2021 00:13:32.629,6.3318,6.33117,1,1.5
24.08.2021 00:13:32.784,6.3318,6.33112,1.12,1
24.08.2021 00:13:33.038,6.3318,6.3311,1.12,1.5
24.08.2021 00:13:43.721,6.3318,6.3311,1.5,1
24.08.2021 00:13:50.567,6.33173,6.33106,1,1.5
24.08.2021 00:13:52.115,6.33173,6.33106,1,1.5
24.08.2021 00:13:54.284,6.33173,6.33106,1,1.5
24.08.2021 00:14:03.530,6.33185,6.33101,1.5,1
24.08.2021 00:14:21.119,6.33173,6.33103,1,1.5
24.08.2021 00:14:31.045,6.331650000000001,6.33101,1,1
24.08.2021 00:14:42.146,6.331650000000001,6.33098,1,1
24.08.2021 00:14:52.680,6.331830000000001,6.33098,1.62,1
24.08.2021 00:15:01.227,6.331650000000001,6.33098,1,1
24.08.2021 00:15:12.678,6.331830000000001,6.33098,1,1
24.08.2021 00:15:31.257,6.331650000000001,6.33098,1,1
24.08.2021 00:15:33.121,6.331650000000001,6.33098,1,1
24.08.2021 00:15:58.195,6.331740000000001,6.33112,1,1
24.08.2021 00:15:58.299,6.331840000000001,6.33117,1.5,1
24.08.2021 00:15:58.350,6.33185,6.33124,1.5,1
24.08.2021 00:15:58.451,6.33192,6.33127,1,1
24.08.2021 00:15:58.602,6.33192,6.33127,1,1
24.08.2021 00:15:58.800,6.33192,6.33127,1,1
24.08.2021 00:16:10.770,6.33192,6.331250000000001,1,1
24.08.2021 00:16:15.650,6.33192,6.33122,1,1.5
24.08.2021 00:16:17.439,6.33202,6.33132,1.5,1
24.08.2021 00:16:17.540,6.33187,6.33117,1,2
24.08.2021 00:16:19.495,6.33195,6.331250000000001,1,1.5
24.08.2021 00:16:25.940,6.33195,6.331250000000001,1,1.5
24.08.2021 00:16:31.476,6.33195,6.331250000000001,1,1.5
24.08.2021 00:16:34.353,6.33195,6.331250000000001,1,1.5
24.08.2021 00:16:37.501,6.33207,6.33129,1,1
24.08.2021 00:16:38.951,6.33207,6.33122,1,1.5
24.08.2021 00:16:39.354,6.33208,6.3312100000000004,1,1.5
24.08.2021 00:16:40.589,6.33208,6.3312100000000004,1,1.5
24.08.2021 00:16:40.750,6.33207,6.33122,1,1.5
24.08.2021 00:16:41.594,6.33208,6.331230000000001,1,1
24.08.2021 00:16:41.755,6.33208,6.331230000000001,1,1
24.08.2021 00:16:42.598,6.33207,6.33124,1,1
24.08.2021 00:16:44.166,6.33212,6.33127,1.5,1
24.08.2021 00:16:44.526,6.33211,6.33127,1.5,1
24.08.2021 00:16:49.521,6.33195,6.33127,1,1
24.08.2021 00:16:56.773,6.33195,6.33127,1,1
24.08.2021 00:16:57.173,6.33195,6.3312800000000005,1,1.5
24.08.2021 00:16:57.329,6.33195,6.33127,1,1.5
24.08.2021 00:16:59.777,6.33211,6.33132,1.5,1
24.08.2021 00:17:01.133,6.332090000000001,6.33127,1,1
24.08.2021 00:17:01.455,6.33208,6.3312800000000005,1,1
24.08.2021 00:17:01.657,6.332090000000001,6.33127,1,1
24.08.2021 00:17:02.506,6.33208,6.33124,1,1
24.08.2021 00:17:03.761,6.33208,6.33124,1,1
24.08.2021 00:17:04.403,6.332090000000001,6.331230000000001,1,1.5
24.08.2021 00:17:04.578,6.33212,6.33129,1.5,1
24.08.2021 00:17:04.995,6.33212,6.33129,1.5,1
24.08.2021 00:17:05.251,6.33212,6.33129,1.5,1
24.08.2021 00:17:05.453,6.33211,6.33129,1.5,1
24.08.2021 00:17:06.627,6.33212,6.33129,1.5,1
24.08.2021 00:17:06.782,6.33211,6.33129,1.5,1
24.08.2021 00:17:08.475,6.33212,6.33129,1.5,1
24.08.2021 00:17:08.676,6.33212,6.33129,1.5,1
24.08.2021 00:17:08.830,6.33208,6.33127,1,1.5
24.08.2021 00:17:08.957,6.33204,6.331340000000001,1.5,1
24.08.2021 00:17:09.108,6.33204,6.331430000000001,1,1
24.08.2021 00:17:09.232,6.33204,6.331430000000001,1,1
24.08.2021 00:17:09.596,6.33204,6.331430000000001,1,1
24.08.2021 00:17:09.798,6.33204,6.331430000000001,1,1
24.08.2021 00:17:10.200,6.33204,6.331430000000001,1,1
24.08.2021 00:17:10.400,6.33204,6.331430000000001,1,1
24.08.2021 00:17:11.017,6.33204,6.331440000000001,1,1.5
24.08.2021 00:17:11.067,6.33222,6.33152,1,1.5
24.08.2021 00:17:11.234,6.33222,6.33154,1,1
24.08.2021 00:17:13.477,6.33222,6.33154,1,1
24.08.2021 00:17:13.846,6.33222,6.33154,1,1
24.08.2021 00:17:15.427,6.33222,6.33154,1,1
24.08.2021 00:17:15.674,6.3323,6.3317000000000005,1,1
24.08.2021 00:17:15.834,6.3323,6.3317000000000005,1,1
24.08.2021 00:17:18.895,6.3323,6.33171,1,1.62
24.08.2021 00:17:19.095,6.3323,6.33171,1,1.62
24.08.2021 00:17:19.733,6.33239,6.33171,1,1.62
24.08.2021 00:17:29.452,6.332400000000001,6.33169,1,1
24.08.2021 00:17:29.502,6.33229,6.33169,1,1
24.08.2021 00:17:29.653,6.33229,6.33159,1,1.5
24.08.2021 00:17:30.050,6.33229,6.33159,1.12,1.5
24.08.2021 00:17:39.348,6.3323,6.331580000000001,1,1.5
24.08.2021 00:17:41.718,6.33229,6.33159,1.12,1.5
24.08.2021 00:17:51.183,6.3323,6.331580000000001,1,1.5
24.08.2021 00:17:54.809,6.332400000000001,6.33155,1,1
24.08.2021 00:17:59.594,6.3323,6.331580000000001,1,1.5
24.08.2021 00:18:00.599,6.33229,6.33159,1.12,1.5
24.08.2021 00:18:09.765,6.3323,6.331580000000001,1.5,1
24.08.2021 00:18:09.916,6.33229,6.33159,1,1.5
24.08.2021 00:18:11.388,6.33229,6.33159,1,1.5
24.08.2021 00:18:22.099,6.3323,6.331580000000001,1,1.5
24.08.2021 00:18:28.268,6.33244,6.33155,1,1
24.08.2021 00:18:29.702,6.33229,6.33159,1,1.5
24.08.2021 00:18:32.669,6.33229,6.33159,1,1.5
24.08.2021 00:18:47.418,6.33229,6.33159,1,1.5
24.08.2021 00:18:53.630,6.33244,6.33155,1,1
24.08.2021 00:18:56.617,6.33239,6.3314900000000005,1,1
24.08.2021 00:19:02.390,6.33229,6.33159,1,1.5
24.08.2021 00:19:13.632,6.33239,6.3314900000000005,1,1
24.08.2021 00:19:28.601,6.33239,6.3314900000000005,1,1
24.08.2021 00:19:47.097,6.33229,6.33159,1,1.5
24.08.2021 00:19:47.270,6.332400000000001,6.331480000000001,1,1
24.08.2021 00:19:53.962,6.33222,6.33152,1,1.5
24.08.2021 00:20:47.098,6.33222,6.33152,1,1.62
24.08.2021 00:21:01.459,6.33222,6.33152,1,1.5
24.08.2021 00:21:19.801,6.33222,6.33152,1,1.5
24.08.2021 00:21:22.749,6.33261,6.33145,2,1
24.08.2021 00:21:22.980,6.33261,6.33145,2,1
24.08.2021 00:21:24.136,6.33222,6.33152,1,1.5
24.08.2021 00:21:35.716,6.3323,6.3316,1,1.5
24.08.2021 00:21:40.603,6.33241,6.33171,1,1.5
24.08.2021 00:21:40.754,6.33251,6.33181,1.5,1
24.08.2021 00:21:40.804,6.33251,6.33187,1,1
24.08.2021 00:21:40.909,6.33265,6.331930000000001,1.5,1
24.08.2021 00:21:41.010,6.3326400000000005,6.33194,1,1.5
24.08.2021 00:21:41.135,6.332730000000001,6.3320300000000005,1.5,1
24.08.2021 00:21:41.186,6.332730000000001,6.3320300000000005,1,1.5
24.08.2021 00:21:44.279,6.3328500000000005,6.33215,1.5,1
24.08.2021 00:21:48.251,6.3328500000000005,6.33215,1.5,1
24.08.2021 00:21:54.881,6.33279,6.33207,1,1.5
24.08.2021 00:22:50.715,6.3327800000000005,6.33208,1,1.62
24.08.2021 00:22:51.409,6.33305,6.332140000000001,1,1
24.08.2021 00:22:51.560,6.332980000000001,6.33208,1,1.5
24.08.2021 00:22:51.661,6.33281,6.33211,1,1.5
24.08.2021 00:22:51.864,6.33281,6.33211,1,1.5
24.08.2021 00:23:00.199,6.332980000000001,6.33208,1,1
24.08.2021 00:23:21.925,6.33282,6.3321000000000005,1,1.5
24.08.2021 00:23:29.649,6.33281,6.33211,1,1.5
24.08.2021 00:23:31.483,6.33281,6.33211,1,1.5
24.08.2021 00:23:47.217,6.33295,6.33204,1,1
24.08.2021 00:23:51.947,6.33281,6.33211,1,1.5
24.08.2021 00:23:58.140,6.33276,6.33206,1,1.5
24.08.2021 00:24:17.769,6.33277,6.332050000000001,1,1.5
24.08.2021 00:24:51.249,6.33276,6.33206,1,1.5
24.08.2021 00:24:53.033,6.33276,6.33207,1,1
24.08.2021 00:24:53.083,6.33284,6.33217,1,1
24.08.2021 00:25:01.602,6.3328500000000005,6.33213,1,1.5
24.08.2021 00:25:03.150,6.33284,6.332140000000001,1.12,1.5
24.08.2021 00:25:10.766,6.33296,6.332330000000001,1.5,1
24.08.2021 00:25:10.931,6.33296,6.332330000000001,1.5,1
24.08.2021 00:25:11.733,6.33297,6.33232,1,1
24.08.2021 00:25:13.751,6.33296,6.332330000000001,1,1.5
24.08.2021 00:25:16.775,6.33307,6.33244,1.5,1
24.08.2021 00:25:16.876,6.33307,6.33244,1,1
24.08.2021 00:25:22.877,6.333130000000001,6.3325000000000005,1,1
24.08.2021 00:25:26.223,6.33322,6.33257,1.5,1
24.08.2021 00:25:26.274,6.33321,6.332580000000001,1,1
24.08.2021 00:25:26.477,6.33322,6.33257,1.5,1
24.08.2021 00:25:27.179,6.33319,6.33256,1.5,1
24.08.2021 00:25:27.230,6.33319,6.33256,1,1
24.08.2021 00:25:27.280,6.33319,6.33256,1,1.5
24.08.2021 00:25:27.490,6.33319,6.332580000000001,1,1
24.08.2021 00:25:28.113,6.3333900000000005,6.33276,1.12,1
24.08.2021 00:25:34.040,6.3334,6.332580000000001,1.5,1
24.08.2021 00:25:35.327,6.3334600000000005,6.33284,1.5,1
24.08.2021 00:25:35.446,6.33363,6.33301,1.12,1
24.08.2021 00:25:39.936,6.333690000000001,6.33307,1.12,1
24.08.2021 00:25:56.599,6.3337,6.333060000000001,1.5,1
24.08.2021 00:26:03.736,6.333690000000001,6.33307,1.5,1
24.08.2021 00:26:04.531,6.333690000000001,6.33307,1.12,1
24.08.2021 00:26:07.118,6.333690000000001,6.33307,1,1.5
24.08.2021 00:26:07.269,6.333690000000001,6.33307,1,1.5
24.08.2021 00:26:07.484,6.33399,6.3330400000000004,1.5,1
24.08.2021 00:26:07.534,6.33397,6.33335,1.5,1
24.08.2021 00:26:08.370,6.33398,6.333340000000001,1,1
24.08.2021 00:26:17.096,6.3341,6.33312,1.5,1.5
24.08.2021 00:26:17.251,6.33403,6.33341,1,1.5
24.08.2021 00:26:17.352,6.33403,6.33341,1,1.5
24.08.2021 00:26:17.402,6.33411,6.33349,1,1
24.08.2021 00:26:17.554,6.33411,6.33349,1,1.5
24.08.2021 00:26:18.923,6.33417,6.33356,1,1
24.08.2021 00:26:27.610,6.33437,6.3333900000000005,1.5,1.5
24.08.2021 00:26:27.711,6.33436,6.3333900000000005,1.5,1.5
24.08.2021 00:26:28.066,6.33437,6.333380000000001,1.5,1.5
24.08.2021 00:26:28.420,6.334280000000001,6.33367,1,1
24.08.2021 00:26:32.643,6.334280000000001,6.33367,1.5,1
24.08.2021 00:26:33.210,6.33419,6.33358,1,1.5
24.08.2021 00:26:36.508,6.33419,6.33358,1,1
24.08.2021 00:26:39.113,6.33419,6.33358,1,1.5
24.08.2021 00:26:43.334,6.33431,6.3337,1.5,1
24.08.2021 00:26:43.436,6.33419,6.33359,1,1
24.08.2021 00:26:43.536,6.33419,6.33358,1,1.5
24.08.2021 00:26:43.760,6.33419,6.33358,1,1
24.08.2021 00:26:59.535,6.33437,6.3333900000000005,1.5,1.5
24.08.2021 00:27:00.238,6.334090000000001,6.33347,1,1.5
24.08.2021 00:27:00.289,6.334090000000001,6.33347,1,1.5
24.08.2021 00:27:00.655,6.334090000000001,6.33347,1,1.5
24.08.2021 00:27:00.756,6.33402,6.3334,1,1.5
24.08.2021 00:27:00.860,6.33402,6.3334,1.5,1
24.08.2021 00:27:01.020,6.33402,6.3334,1,1.5
24.08.2021 00:27:01.071,6.3341,6.333480000000001,1,1.12
24.08.2021 00:27:01.266,6.3341,6.333480000000001,1,1.5
24.08.2021 00:27:02.681,6.334180000000001,6.33356,1.5,1
24.08.2021 00:27:20.880,6.3342600000000004,6.333290000000001,1.5,1
24.08.2021 00:27:24.892,6.334130000000001,6.33349,1.5,1
24.08.2021 00:27:24.993,6.33398,6.33336,1,1.5
24.08.2021 00:27:25.094,6.33398,6.33336,1,1
24.08.2021 00:27:28.600,6.33398,6.33336,1.5,1
24.08.2021 00:27:44.977,6.3339300000000005,6.33331,1,1.5
24.08.2021 00:27:50.004,6.33394,6.3333,1,1
24.08.2021 00:27:51.381,6.3339300000000005,6.33331,1,1.5
24.08.2021 00:27:51.543,6.33401,6.3333900000000005,1.5,1
24.08.2021 00:27:51.722,6.33401,6.3333900000000005,1,1.5
24.08.2021 00:27:54.927,6.33411,6.33349,1,1.5
24.08.2021 00:27:56.050,6.33412,6.333480000000001,1,1.5
24.08.2021 00:27:57.100,6.33411,6.33349,1,1.5
24.08.2021 00:28:01.286,6.33412,6.333480000000001,1.12,1
24.08.2021 00:28:01.336,6.3340000000000005,6.33337,1,1.5
24.08.2021 00:28:01.487,6.3340000000000005,6.33337,1.5,1
24.08.2021 00:28:07.562,6.3340000000000005,6.33337,1,1.5
24.08.2021 00:28:09.506,6.33401,6.33336,1.5,1
24.08.2021 00:28:09.658,6.334090000000001,6.3331800000000005,1.5,1.5
24.08.2021 00:28:09.708,6.334090000000001,6.3331800000000005,1.5,1.5
24.08.2021 00:28:09.919,6.33392,6.333290000000001,1,1.5
24.08.2021 00:28:14.433,6.33392,6.333290000000001,1,1.5
24.08.2021 00:28:14.483,6.33408,6.33345,1.5,1
24.08.2021 00:28:14.797,6.33408,6.33345,1,1.5
24.08.2021 00:28:19.053,6.33408,6.33345,1,1.5
24.08.2021 00:28:20.879,6.33415,6.33352,1.5,1
24.08.2021 00:28:25.588,6.334090000000001,6.3334600000000005,1,1.5
24.08.2021 00:28:35.278,6.3341,6.33345,1,1.5
24.08.2021 00:28:35.357,6.334230000000001,6.333340000000001,1.5,1
24.08.2021 00:28:35.549,6.33417,6.33352,1,1.5
24.08.2021 00:28:45.710,6.334300000000001,6.333380000000001,1.5,1.5
24.08.2021 00:28:46.022,6.334300000000001,6.333380000000001,1.5,1.5
24.08.2021 00:29:00.292,6.334090000000001,6.33347,1,1.5
24.08.2021 00:29:00.342,6.334090000000001,6.33347,1,1.5
24.08.2021 00:29:00.544,6.33401,6.3333900000000005,1,1.5
24.08.2021 00:29:02.023,6.33417,6.333550000000001,1,1
24.08.2021 00:29:14.524,6.33429,6.3333900000000005,1.5,1.5
24.08.2021 00:29:32.198,6.334180000000001,6.33354,1,1
24.08.2021 00:29:42.940,6.33429,6.3333900000000005,1.5,1.5
24.08.2021 00:30:00.822,6.33407,6.3334600000000005,1,1.5
24.08.2021 00:30:00.872,6.33408,6.33345,1,1.12
24.08.2021 00:30:01.023,6.33399,6.333380000000001,1,1.5
24.08.2021 00:30:01.074,6.3339,6.333290000000001,1,1.5
24.08.2021 00:30:05.101,6.33391,6.33328,1,1
24.08.2021 00:30:23.816,6.33407,6.3331800000000005,1,1
24.08.2021 00:30:31.250,6.3339,6.333290000000001,1,1
24.08.2021 00:30:49.771,6.33381,6.333200000000001,1,1.5
24.08.2021 00:30:54.597,6.33381,6.333200000000001,1,1.5
24.08.2021 00:31:06.335,6.33381,6.333200000000001,1,1
24.08.2021 00:31:06.385,6.33375,6.3331100000000005,1.5,1
24.08.2021 00:31:06.538,6.33357,6.33296,1,1.5
24.08.2021 00:31:06.638,6.33357,6.33296,1,1.5
24.08.2021 00:31:26.472,6.333730000000001,6.33288,1,1
24.08.2021 00:31:36.784,6.33358,6.33295,1,1.5
24.08.2021 00:32:02.820,6.33372,6.33288,1.5,1
24.08.2021 00:32:02.871,6.33368,6.33283,1,1
24.08.2021 00:32:03.238,6.33368,6.33283,1,1
24.08.2021 00:32:06.805,6.33357,6.33296,1,1
24.08.2021 00:32:27.038,6.33368,6.33283,1,1
24.08.2021 00:32:33.072,6.33371,6.332890000000001,1.5,1
24.08.2021 00:32:34.100,6.333730000000001,6.33288,1.5,1
24.08.2021 00:32:36.440,6.33368,6.333060000000001,1,1.5
24.08.2021 00:32:36.601,6.33368,6.333060000000001,1,1.5
24.08.2021 00:32:40.493,6.33382,6.3331800000000005,1,1.5
24.08.2021 00:32:40.670,6.33381,6.33319,1,1.5
24.08.2021 00:32:42.679,6.33387,6.3332500000000005,1,1
24.08.2021 00:33:10.490,6.33403,6.33316,1,1
24.08.2021 00:33:12.936,6.33387,6.3332500000000005,1,1.12
24.08.2021 00:33:16.732,6.33381,6.33319,1,1.5
24.08.2021 00:33:16.783,6.33381,6.33319,1,1.5
24.08.2021 00:33:16.984,6.33382,6.3331800000000005,1,1.5
24.08.2021 00:33:25.980,6.33381,6.33319,1,1.5
24.08.2021 00:33:28.476,6.33389,6.33327,1,1
24.08.2021 00:34:00.494,6.333780000000001,6.33317,1,1.5
24.08.2021 00:34:00.545,6.333780000000001,6.33317,1,1.12
24.08.2021 00:34:00.646,6.3337,6.33309,1,1.5
24.08.2021 00:34:00.747,6.3337,6.33309,1,1
24.08.2021 00:34:00.847,6.333640000000001,6.33301,1,1.5
24.08.2021 00:34:00.948,6.33363,6.33302,1,1
24.08.2021 00:34:10.274,6.33356,6.33295,1,1.5
24.08.2021 00:34:12.657,6.33361,6.333,1,1
24.08.2021 00:34:12.831,6.33357,6.332940000000001,1,1.5
24.08.2021 00:34:14.463,6.33361,6.333,1,1
24.08.2021 00:34:17.286,6.33372,6.3331100000000005,1,1.12
24.08.2021 00:34:17.445,6.33372,6.3331100000000005,1,1.5
24.08.2021 00:34:17.691,6.33375,6.33314,1,1.5
24.08.2021 00:34:17.866,6.33376,6.333130000000001,1,1.12
24.08.2021 00:34:18.285,6.33368,6.333080000000001,1,1
24.08.2021 00:34:19.253,6.33368,6.33307,1,1
24.08.2021 00:34:19.507,6.33361,6.333,1,1.12
24.08.2021 00:34:28.916,6.33372,6.33291,1.5,1
24.08.2021 00:34:48.575,6.333740000000001,6.33292,1,1
24.08.2021 00:34:48.625,6.3338,6.333030000000001,1.5,1.5
24.08.2021 00:34:48.776,6.33381,6.33307,1,1
24.08.2021 00:34:49.135,6.333730000000001,6.3331,1,1
24.08.2021 00:34:49.286,6.3336500000000004,6.33302,1,1.5
24.08.2021 00:34:49.336,6.333640000000001,6.333030000000001,1,1
24.08.2021 00:35:00.277,6.33356,6.33295,1,1.5
24.08.2021 00:35:19.068,6.33361,6.333,1,1.5
24.08.2021 00:35:19.269,6.33362,6.332990000000001,1,1.5
24.08.2021 00:35:20.147,6.33361,6.333,1,1
24.08.2021 00:35:33.655,6.33371,6.33286,1,1
24.08.2021 00:35:45.769,6.33372,6.3328500000000005,1.62,1
24.08.2021 00:35:49.348,6.33362,6.332990000000001,1,1
24.08.2021 00:35:55.247,6.33375,6.33314,1.5,1
24.08.2021 00:35:57.498,6.333640000000001,6.33307,1,1
24.08.2021 00:35:57.972,6.33375,6.33314,1,1.5
24.08.2021 00:35:58.165,6.33376,6.333130000000001,1.5,1
24.08.2021 00:36:01.460,6.3336500000000004,6.3330400000000004,1,1.5
24.08.2021 00:36:01.611,6.3336500000000004,6.333080000000001,1,1
24.08.2021 00:36:03.148,6.3336500000000004,6.333080000000001,1,1
24.08.2021 00:36:03.975,6.33375,6.33314,1,1
24.08.2021 00:36:07.069,6.33375,6.33314,1,1.5
24.08.2021 00:36:07.144,6.33385,6.33305,1.12,1
24.08.2021 00:36:08.163,6.33375,6.33314,1,1
24.08.2021 00:36:09.996,6.33367,6.333060000000001,1,1.62
24.08.2021 00:36:10.640,6.33376,6.333150000000001,1,1.12
24.08.2021 00:36:10.791,6.33376,6.333150000000001,1,1.5
24.08.2021 00:36:17.022,6.33376,6.333150000000001,1,1
24.08.2021 00:36:18.176,6.33376,6.333150000000001,1,1.5
24.08.2021 00:36:19.831,6.33376,6.333150000000001,1,1
24.08.2021 00:36:19.881,6.33371,6.3331,1,1.5
24.08.2021 00:36:20.052,6.33371,6.3331,1.5,1
24.08.2021 00:36:21.100,6.33371,6.3331,1.5,1
24.08.2021 00:36:21.208,6.333550000000001,6.332940000000001,1,1.5
24.08.2021 00:36:22.236,6.33363,6.33302,1,1
24.08.2021 00:36:22.286,6.33363,6.333060000000001,1,1
24.08.2021 00:36:22.487,6.33363,6.333060000000001,1,1
24.08.2021 00:36:24.637,6.333690000000001,6.333080000000001,1,1.5
24.08.2021 00:36:34.938,6.33376,6.333150000000001,1,1.5
24.08.2021 00:36:49.993,6.33376,6.333150000000001,1.12,1
24.08.2021 00:36:50.197,6.33377,6.33314,1,1.5
24.08.2021 00:36:51.936,6.33376,6.333150000000001,1,1.12
24.08.2021 00:36:52.394,6.33376,6.333150000000001,1,1.5
24.08.2021 00:37:30.477,6.33376,6.333150000000001,1,1.12
24.08.2021 00:37:31.302,6.33371,6.3331,1,1.12
24.08.2021 00:37:31.453,6.333600000000001,6.332990000000001,1,1.5
24.08.2021 00:37:31.503,6.333600000000001,6.332990000000001,1,1
24.08.2021 00:37:44.357,6.333730000000001,6.33288,1,1
24.08.2021 00:37:46.600,6.333740000000001,6.33287,1,1
24.08.2021 00:37:47.829,6.3336500000000004,6.3330400000000004,1,1
24.08.2021 00:38:14.795,6.333740000000001,6.33287,1,1
24.08.2021 00:38:15.396,6.333730000000001,6.33288,1,1
24.08.2021 00:38:18.067,6.3336500000000004,6.3330400000000004,1.12,1
24.08.2021 00:38:22.444,6.33359,6.332980000000001,1,1
24.08.2021 00:38:32.351,6.33359,6.332980000000001,1,1.5
24.08.2021 00:38:32.740,6.33359,6.332980000000001,1,1.12
24.08.2021 00:38:46.291,6.33359,6.332980000000001,1.5,1
24.08.2021 00:38:46.493,6.33359,6.332980000000001,1,1
24.08.2021 00:38:49.850,6.333740000000001,6.332890000000001,1.5,1
24.08.2021 00:38:52.680,6.33359,6.332980000000001,1,1
24.08.2021 00:39:04.103,6.33359,6.332980000000001,1.5,1
24.08.2021 00:39:04.272,6.33359,6.332980000000001,1,1
24.08.2021 00:39:06.555,6.3335,6.332890000000001,1,1.5
24.08.2021 00:39:19.745,6.333690000000001,6.33284,1.5,1
24.08.2021 00:39:30.114,6.33359,6.332980000000001,1,1
24.08.2021 00:40:29.601,6.33359,6.332980000000001,1,1.5
24.08.2021 00:40:30.756,6.33368,6.33305,1,1
24.08.2021 00:40:30.907,6.33367,6.333060000000001,1,1.5
24.08.2021 00:40:31.029,6.33367,6.333080000000001,1,1
24.08.2021 00:40:31.237,6.33376,6.333130000000001,1,1.5
24.08.2021 00:40:42.309,6.33381,6.3331800000000005,1.5,1
24.08.2021 00:40:42.360,6.3338,6.33319,1,1.5
24.08.2021 00:40:42.561,6.3338,6.33319,1,1.5
24.08.2021 00:40:44.216,6.33391,6.3333,1,1
24.08.2021 00:41:12.378,6.33401,6.33319,1.5,1
24.08.2021 00:41:14.213,6.33391,6.3333,1,1
24.08.2021 00:42:30.115,6.33391,6.3333,1.5,1
24.08.2021 00:42:37.029,6.33391,6.3333,1,1
24.08.2021 00:42:37.601,6.33391,6.3333,1.5,1
24.08.2021 00:42:43.877,6.33391,6.33332,1,1.5
24.08.2021 00:42:43.945,6.334180000000001,6.33331,1.5,1.5
24.08.2021 00:42:44.045,6.334180000000001,6.33331,1.5,1.5
24.08.2021 00:42:44.184,6.334040000000001,6.333430000000001,1,1
24.08.2021 00:42:50.656,6.334210000000001,6.333600000000001,1.5,1
24.08.2021 00:42:50.757,6.3342600000000004,6.3336500000000004,1.5,1
24.08.2021 00:42:50.858,6.3342600000000004,6.3336500000000004,1,1.62
24.08.2021 00:42:50.964,6.334390000000001,6.333780000000001,1.5,1
24.08.2021 00:42:51.065,6.334390000000001,6.333780000000001,1.5,1
24.08.2021 00:42:51.116,6.33431,6.3337,1,1.5
24.08.2021 00:42:51.216,6.33432,6.333690000000001,1,1
24.08.2021 00:42:51.783,6.33431,6.3337,1,1.5
24.08.2021 00:42:55.798,6.33431,6.3337,1,1.12
24.08.2021 00:42:55.917,6.33431,6.3337,1,1.5
24.08.2021 00:42:58.509,6.33437,6.33376,1,1
24.08.2021 00:43:01.063,6.33466,6.33407,2,1
24.08.2021 00:43:01.264,6.3346800000000005,6.33407,1,1
24.08.2021 00:43:01.365,6.3347500000000005,6.3341400000000005,1.5,1
24.08.2021 00:43:01.494,6.334350000000001,6.333780000000001,1,1
24.08.2021 00:43:01.645,6.334350000000001,6.333740000000001,1,1.5
24.08.2021 00:43:01.977,6.33443,6.33382,1,1
24.08.2021 00:43:04.213,6.33443,6.33382,1.5,1
24.08.2021 00:43:04.371,6.33432,6.33371,1,1.5
24.08.2021 00:43:04.711,6.33432,6.33371,1,1.5
24.08.2021 00:43:04.802,6.33441,6.3338,1,1
24.08.2021 00:43:18.678,6.33441,6.3338,1,1.5
24.08.2021 00:43:22.975,6.3345,6.33387,1,1
24.08.2021 00:43:23.050,6.33456,6.333950000000001,1,1
24.08.2021 00:43:23.151,6.33456,6.333950000000001,1.5,1
24.08.2021 00:43:25.318,6.33446,6.33385,1,1.5
24.08.2021 00:43:26.777,6.33437,6.33376,1,1.5
24.08.2021 00:43:26.936,6.33438,6.33375,1.5,1
24.08.2021 00:43:37.473,6.33429,6.33368,1,1.5
24.08.2021 00:43:37.624,6.334490000000001,6.3338600000000005,1.12,1
24.08.2021 00:43:42.438,6.33443,6.33382,1,1
24.08.2021 00:44:02.399,6.3343300000000005,6.33372,1,1
24.08.2021 00:44:02.601,6.33429,6.33366,1,1
24.08.2021 00:44:02.970,6.334280000000001,6.33367,1,1.5
24.08.2021 00:44:14.220,6.334280000000001,6.33367,1,1.5
24.08.2021 00:44:14.423,6.334280000000001,6.33367,1,1.5
24.08.2021 00:44:19.074,6.334280000000001,6.33367,1,1.5
24.08.2021 00:44:19.540,6.334440000000001,6.33359,1.5,1
24.08.2021 00:44:21.134,6.334490000000001,6.333640000000001,1.5,1
24.08.2021 00:44:22.482,6.33434,6.333730000000001,1,1.5
24.08.2021 00:44:26.197,6.334280000000001,6.33367,1,1.5
24.08.2021 00:44:26.398,6.334280000000001,6.33367,1,1
24.08.2021 00:44:32.290,6.334280000000001,6.33367,1,1.5
24.08.2021 00:44:39.274,6.33429,6.33366,1,1.5
24.08.2021 00:44:40.240,6.334280000000001,6.33367,1,1.5
24.08.2021 00:44:40.953,6.334280000000001,6.3337,1,1
24.08.2021 00:44:43.381,6.33438,6.33377,1,1.12
24.08.2021 00:44:52.780,6.334390000000001,6.33376,1,1.5
24.08.2021 00:45:04.573,6.33438,6.33377,1,1.12
24.08.2021 00:45:06.601,6.33438,6.33377,1,1.5
24.08.2021 00:45:26.564,6.3345400000000005,6.333690000000001,1,1
24.08.2021 00:45:28.283,6.3345400000000005,6.333690000000001,1,1
24.08.2021 00:45:38.030,6.334300000000001,6.33367,1,1.5
24.08.2021 00:45:38.498,6.334350000000001,6.33372,1,1.5
24.08.2021 00:45:40.864,6.334350000000001,6.33372,1,1
24.08.2021 00:45:40.934,6.33429,6.33368,1,1.5
24.08.2021 00:45:41.087,6.334300000000001,6.33367,1,1.12
24.08.2021 00:45:46.676,6.33429,6.33368,1,1.5
24.08.2021 00:45:46.829,6.33429,6.33368,1,1.5
24.08.2021 00:45:47.233,6.33429,6.33368,1,1.5
24.08.2021 00:45:48.155,6.33434,6.333730000000001,1,1
24.08.2021 00:45:51.478,6.334350000000001,6.33372,1,1.5
24.08.2021 00:45:51.634,6.33434,6.333730000000001,1,1.5
24.08.2021 00:45:56.602,6.33434,6.333730000000001,1,1.5
24.08.2021 00:46:21.395,6.334350000000001,6.33372,1,1.5
24.08.2021 00:46:23.095,6.33434,6.333730000000001,1,1
24.08.2021 00:46:25.682,6.3342600000000004,6.3336500000000004,1,1.5
24.08.2021 00:46:28.691,6.33427,6.333640000000001,1,1.5
24.08.2021 00:46:29.142,6.3342600000000004,6.3336500000000004,1,1.5
24.08.2021 00:46:32.101,6.3342600000000004,6.3336500000000004,1,1.5
24.08.2021 00:46:47.807,6.3342600000000004,6.3336500000000004,1,1.5
24.08.2021 00:46:48.881,6.33427,6.333640000000001,1,1.62
24.08.2021 00:46:50.957,6.33427,6.333640000000001,1,1.5
24.08.2021 00:46:51.119,6.33427,6.333640000000001,1,1.5
24.08.2021 00:46:51.851,6.3342600000000004,6.3336500000000004,1,1.5
24.08.2021 00:46:52.982,6.33427,6.333640000000001,1,1.5
24.08.2021 00:47:14.601,6.3342600000000004,6.3336500000000004,1,1.5
24.08.2021 00:47:20.708,6.3342600000000004,6.3336500000000004,1,1.5
24.08.2021 00:47:28.602,6.3342600000000004,6.3336500000000004,1,1.5
24.08.2021 00:47:31.686,6.3342600000000004,6.3336500000000004,1,1
24.08.2021 00:47:32.042,6.3342600000000004,6.3336500000000004,1,1.5
24.08.2021 00:47:33.562,6.3342600000000004,6.3336500000000004,1,1.5
24.08.2021 00:47:35.555,6.3342600000000004,6.3336500000000004,1,1.5
24.08.2021 00:47:37.476,6.3344000000000005,6.333550000000001,1,1
24.08.2021 00:47:37.526,6.334180000000001,6.33357,1,1.5
24.08.2021 00:47:37.677,6.334180000000001,6.33357,1,1.5
24.08.2021 00:47:39.699,6.334180000000001,6.33357,1,1.5
24.08.2021 00:47:39.750,6.33419,6.33356,1,1.12
24.08.2021 00:47:40.320,6.3341400000000005,6.3335300000000005,1,1.5
24.08.2021 00:47:41.363,6.3341400000000005,6.3335300000000005,1,1
24.08.2021 00:47:56.181,6.33407,6.3334600000000005,1,1.12
24.08.2021 00:47:56.282,6.33396,6.33335,1,1.5
24.08.2021 00:47:56.335,6.33396,6.33335,1,1
24.08.2021 00:48:08.753,6.3337,6.33321,1,1
24.08.2021 00:48:08.959,6.333690000000001,6.333080000000001,1,1
24.08.2021 00:48:09.315,6.33372,6.33297,1.5,1
24.08.2021 00:48:09.366,6.33372,6.332940000000001,1.5,1.5
24.08.2021 00:48:10.096,6.33354,6.33293,1,1.5
24.08.2021 00:48:18.866,6.33362,6.332990000000001,1,1.12
24.08.2021 00:48:19.573,6.33356,6.33295,1,1.5
24.08.2021 00:48:26.005,6.33361,6.333,1,1.12
24.08.2021 00:48:26.158,6.3335300000000005,6.33292,1,1.5
24.08.2021 00:48:32.754,6.333600000000001,6.332990000000001,1,1.5
24.08.2021 00:48:38.177,6.333600000000001,6.332990000000001,1,1.5
24.08.2021 00:48:38.357,6.3336500000000004,6.3330400000000004,1,1.12
24.08.2021 00:48:46.090,6.33382,6.33295,1,1
24.08.2021 00:48:46.197,6.33381,6.33296,1,1
24.08.2021 00:48:46.601,6.33382,6.33295,1,1
24.08.2021 00:48:47.842,6.333740000000001,6.3331100000000005,1,1
24.08.2021 00:48:47.973,6.333730000000001,6.33312,1,1.5
24.08.2021 00:48:48.124,6.33382,6.33321,1,1.5
24.08.2021 00:48:48.224,6.33392,6.33331,1,1
24.08.2021 00:49:01.522,6.3340000000000005,6.3333900000000005,1,1
24.08.2021 00:49:01.889,6.3340000000000005,6.3333900000000005,1,1.5
24.08.2021 00:49:20.551,6.3340000000000005,6.3333900000000005,1,1.5
24.08.2021 00:49:21.125,6.33407,6.3334600000000005,1,1
24.08.2021 00:49:22.224,6.33402,6.33341,1,1
24.08.2021 00:49:22.395,6.33402,6.33341,1.5,1
24.08.2021 00:49:27.246,6.33402,6.33341,1.12,1
24.08.2021 00:49:37.740,6.33396,6.33335,1,1
24.08.2021 00:49:44.907,6.33389,6.33328,1,1.12
24.08.2021 00:50:04.272,6.3340000000000005,6.33317,1.5,1
24.08.2021 00:50:05.102,6.3340000000000005,6.33317,1.5,1
24.08.2021 00:50:14.978,6.3339,6.33327,1,1
24.08.2021 00:50:43.241,6.3340000000000005,6.33317,1.5,1
24.08.2021 00:50:44.995,6.33389,6.33328,1,1
24.08.2021 00:51:11.043,6.3340000000000005,6.33316,1.5,1
24.08.2021 00:51:15.021,6.33389,6.33328,1,1
24.08.2021 00:51:40.971,6.333830000000001,6.33322,1,1.5
24.08.2021 00:52:09.239,6.333830000000001,6.3332500000000005,1,1.5
24.08.2021 00:52:09.290,6.33398,6.333340000000001,1.5,1.62
24.08.2021 00:52:09.390,6.33419,6.333550000000001,1.5,1
24.08.2021 00:52:09.577,6.334180000000001,6.33356,1,1
24.08.2021 00:52:29.367,6.33425,6.3334600000000005,1.5,1
24.08.2021 00:52:39.561,6.334180000000001,6.33356,1,1.12
24.08.2021 00:52:46.987,6.3342600000000004,6.333640000000001,1,1
24.08.2021 00:52:47.138,6.334580000000001,6.33396,1,1
24.08.2021 00:52:47.288,6.33459,6.33397,1,1.5
24.08.2021 00:52:47.439,6.33474,6.3341,1.5,1
24.08.2021 00:52:48.081,6.33473,6.33411,1,1
24.08.2021 00:52:52.305,6.33482,6.3342,1,1
24.08.2021 00:52:55.101,6.33482,6.3342,1.5,1
24.08.2021 00:52:57.130,6.33485,6.334210000000001,1.5,1
24.08.2021 00:53:00.233,6.334890000000001,6.33427,1.5,1.12
24.08.2021 00:53:00.334,6.3350100000000005,6.33437,1,1.12
24.08.2021 00:53:00.384,6.33502,6.33451,1,1
24.08.2021 00:53:00.630,6.33512,6.33451,1,1
24.08.2021 00:53:01.051,6.33513,6.3342600000000004,1,1
24.08.2021 00:53:02.020,6.335050000000001,6.33443,1,1
24.08.2021 00:53:02.202,6.335,6.33436,1,1
24.08.2021 00:53:02.303,6.33491,6.33427,1,1.5
24.08.2021 00:53:02.404,6.33485,6.33401,1,1
24.08.2021 00:53:02.570,6.33485,6.33401,1,1
24.08.2021 00:53:06.275,6.33472,6.3341,1,1
24.08.2021 00:53:10.021,6.33466,6.33405,1,1.5
24.08.2021 00:53:16.682,6.33466,6.33405,1,1
24.08.2021 00:53:17.380,6.33452,6.33391,1,1.5
24.08.2021 00:53:17.485,6.33452,6.33391,1,1
24.08.2021 00:53:18.063,6.33443,6.33382,1,1.5
24.08.2021 00:53:18.113,6.334440000000001,6.33381,1,1.5
24.08.2021 00:53:18.266,6.33443,6.33382,1,1
24.08.2021 00:53:28.924,6.3345400000000005,6.3337,1,1
24.08.2021 00:53:29.931,6.334300000000001,6.3337,1,1
24.08.2021 00:53:30.032,6.334300000000001,6.333690000000001,1,1
24.08.2021 00:53:30.133,6.334440000000001,6.333830000000001,1,1
24.08.2021 00:53:30.285,6.33436,6.33375,1,1
24.08.2021 00:53:36.295,6.33436,6.33376,1,1.5
24.08.2021 00:53:36.345,6.33469,6.33408,1,1
24.08.2021 00:53:36.446,6.33483,6.3342,1,1
24.08.2021 00:53:42.257,6.33476,6.3341400000000005,1,1
24.08.2021 00:53:57.786,6.334880000000001,6.33391,1,1.5
24.08.2021 00:53:59.258,6.3348700000000004,6.33392,1,1.5
24.08.2021 00:54:01.658,6.33482,6.3338600000000005,1,1.5
24.08.2021 00:54:01.772,6.33469,6.33407,1,1
24.08.2021 00:54:03.132,6.33464,6.33402,1,1
24.08.2021 00:54:03.330,6.33457,6.333950000000001,1,1
24.08.2021 00:54:03.612,6.334490000000001,6.33387,1,1
24.08.2021 00:54:04.649,6.33437,6.33375,1,1
24.08.2021 00:54:07.705,6.33442,6.3338,1,1
24.08.2021 00:54:29.777,6.3346,6.3337,1,1
24.08.2021 00:54:29.827,6.33466,6.3337,1,2
24.08.2021 00:54:29.928,6.33466,6.33382,1,1
24.08.2021 00:54:29.978,6.33476,6.33382,1,1
24.08.2021 00:54:30.336,6.33477,6.33381,1,1
24.08.2021 00:54:31.149,6.33459,6.33397,1,1
24.08.2021 00:54:36.155,6.3345,6.3338600000000005,1,1
24.08.2021 00:54:37.532,6.33443,6.3337900000000005,1,1
24.08.2021 00:54:41.394,6.334350000000001,6.33371,1,1
24.08.2021 00:54:47.441,6.33443,6.3337900000000005,1,1
24.08.2021 00:54:49.688,6.33437,6.33375,1,1
24.08.2021 00:54:55.108,6.33427,6.3336500000000004,1,1
24.08.2021 00:54:55.209,6.33415,6.3335300000000005,1,1
24.08.2021 00:54:55.310,6.33401,6.333430000000001,1,1
24.08.2021 00:54:55.361,6.3341,6.333480000000001,1,1
24.08.2021 00:54:55.461,6.33419,6.333550000000001,1,1
24.08.2021 00:54:55.616,6.33408,6.33344,1,1
24.08.2021 00:54:55.904,6.33403,6.33341,1,1.5
24.08.2021 00:54:56.059,6.334040000000001,6.3334,1,1
24.08.2021 00:54:59.217,6.334180000000001,6.33332,1,1
24.08.2021 00:54:59.268,6.33406,6.33327,1,1
24.08.2021 00:54:59.383,6.334040000000001,6.33316,1,1.5
24.08.2021 00:54:59.506,6.33385,6.33323,1,1
24.08.2021 00:54:59.971,6.33405,6.333150000000001,1,1
24.08.2021 00:55:00.122,6.334040000000001,6.33316,1,1.5
24.08.2021 00:55:00.223,6.33401,6.3333900000000005,1,1
24.08.2021 00:55:00.381,6.33411,6.33349,1,1
24.08.2021 00:55:01.055,6.333950000000001,6.333340000000001,1,1
24.08.2021 00:55:01.256,6.3339,6.33332,1,1
24.08.2021 00:55:01.306,6.33391,6.33328,1,1.12
24.08.2021 00:55:02.653,6.33403,6.33342,1,1
24.08.2021 00:55:02.754,6.33392,6.33331,1,1
24.08.2021 00:55:02.856,6.33401,6.333380000000001,1,1
24.08.2021 00:55:03.031,6.33394,6.333290000000001,1,1
24.08.2021 00:55:03.195,6.33399,6.33336,1,1
24.08.2021 00:55:04.525,6.33412,6.33322,1,1.62
24.08.2021 00:55:04.607,6.33399,6.33336,1,1
24.08.2021 00:55:06.093,6.33391,6.33328,1,1
24.08.2021 00:55:07.126,6.33391,6.33328,1,1.5
24.08.2021 00:55:07.228,6.33391,6.33328,1,1.5
24.08.2021 00:55:09.174,6.33392,6.33327,1,1
24.08.2021 00:55:11.214,6.33398,6.33326,1.5,1.12
24.08.2021 00:55:12.632,6.33398,6.33326,1.5,1
24.08.2021 00:55:21.020,6.33397,6.33327,1.5,1
24.08.2021 00:55:29.303,6.333880000000001,6.3331800000000005,1.12,1.5
24.08.2021 00:55:30.324,6.333880000000001,6.3331800000000005,1,1.5
24.08.2021 00:55:32.800,6.333880000000001,6.3331800000000005,1.12,1.5
24.08.2021 00:55:37.588,6.33389,6.33319,1,1
24.08.2021 00:55:37.783,6.33405,6.333200000000001,1.5,1
24.08.2021 00:55:37.984,6.33396,6.33326,1,1.5
24.08.2021 00:55:38.629,6.33396,6.33326,1,1.5
24.08.2021 00:55:39.104,6.334040000000001,6.333340000000001,1,1.62
24.08.2021 00:55:39.205,6.33411,6.33341,1.5,1.5
24.08.2021 00:55:39.306,6.33412,6.3334,1,1.5
24.08.2021 00:55:39.710,6.33422,6.33354,1.5,1
24.08.2021 00:55:41.586,6.33424,6.33356,1,1
24.08.2021 00:55:41.687,6.33432,6.33362,1.12,1.5
24.08.2021 00:55:41.737,6.3343300000000005,6.33363,1.12,1
24.08.2021 00:55:41.788,6.33445,6.333730000000001,1,1.5
24.08.2021 00:55:42.128,6.33455,6.33385,1.5,1
24.08.2021 00:55:45.601,6.3345400000000005,6.33385,1.5,1
24.08.2021 00:55:54.690,6.334440000000001,6.3338,1,1
24.08.2021 00:55:54.790,6.33456,6.33384,1,1.5
24.08.2021 00:55:59.929,6.33464,6.33394,1.5,1.12
24.08.2021 00:55:59.979,6.33464,6.33394,1,1.5
24.08.2021 00:56:00.030,6.3347500000000005,6.33403,1.5,1
24.08.2021 00:56:00.142,6.3347500000000005,6.33403,1.5,1
24.08.2021 00:56:00.243,6.33482,6.33412,1.5,1
24.08.2021 00:56:00.394,6.33482,6.33412,1,1.5
24.08.2021 00:56:00.732,6.33486,6.33419,1.12,1
24.08.2021 00:56:01.554,6.33486,6.33427,1.12,1
24.08.2021 00:56:01.655,6.33485,6.33415,1.5,1
24.08.2021 00:56:01.831,6.33486,6.3341400000000005,1.5,1
24.08.2021 00:56:02.168,6.33481,6.33411,2,1
24.08.2021 00:56:02.319,6.33481,6.33411,1.5,1.5
24.08.2021 00:56:02.496,6.33486,6.334210000000001,1.5,1
24.08.2021 00:56:02.616,6.33485,6.334210000000001,1,1
24.08.2021 00:56:02.767,6.33482,6.33411,1.5,1
24.08.2021 00:56:02.992,6.334790000000001,6.33412,1.5,1
24.08.2021 00:56:05.908,6.33482,6.33412,1.5,1
24.08.2021 00:56:06.110,6.33482,6.33412,1.5,1.5
24.08.2021 00:56:06.299,6.33486,6.33416,2,1
24.08.2021 00:56:06.533,6.33486,6.33416,2,1
24.08.2021 00:56:06.684,6.33485,6.33415,1.5,1
24.08.2021 00:56:06.785,6.33485,6.33415,1.5,1
24.08.2021 00:56:13.869,6.33477,6.3341,1,1
24.08.2021 00:56:13.976,6.334960000000001,6.33424,2.75,1
24.08.2021 00:56:14.206,6.33492,6.33425,1.5,1
24.08.2021 00:56:14.257,6.33492,6.33425,1.5,1
24.08.2021 00:56:14.357,6.3348700000000004,6.33417,1.12,1.5
24.08.2021 00:56:14.527,6.33492,6.334280000000001,1.5,1
24.08.2021 00:56:19.954,6.33497,6.334280000000001,1.12,1.12
24.08.2021 00:56:20.228,6.33497,6.334300000000001,1,1.5
24.08.2021 00:56:24.941,6.3350100000000005,6.33429,1.5,1.5
24.08.2021 00:56:36.592,6.335030000000001,6.334180000000001,1.5,1
24.08.2021 00:56:41.000,6.33506,6.334210000000001,1.5,1
24.08.2021 00:56:59.014,6.335,6.334300000000001,1,1.5
24.08.2021 00:57:00.954,6.3350800000000005,6.334210000000001,1.5,1
24.08.2021 00:57:02.905,6.33513,6.33429,1.5,1
24.08.2021 00:57:03.287,6.33506,6.33446,1,1
24.08.2021 00:57:03.387,6.33521,6.334490000000001,1.5,1.5
24.08.2021 00:57:03.438,6.335330000000001,6.334630000000001,1.5,1
24.08.2021 00:57:03.488,6.335330000000001,6.334630000000001,1.5,1
24.08.2021 00:57:03.539,6.33541,6.33472,1.5,1
24.08.2021 00:57:03.632,6.3354,6.33471,1.5,1
24.08.2021 00:57:03.735,6.3354,6.33471,1.5,1
24.08.2021 00:57:03.836,6.33539,6.334580000000001,1.5,1
24.08.2021 00:57:04.337,6.3353600000000005,6.33466,1.5,1
24.08.2021 00:57:04.500,6.3353600000000005,6.33466,1.5,1
24.08.2021 00:57:09.973,6.335280000000001,6.33465,1,1
24.08.2021 00:57:10.023,6.3354,6.334700000000001,1,1.5
24.08.2021 00:57:10.124,6.33541,6.33469,1,1.5
24.08.2021 00:57:10.175,6.33547,6.33477,1.5,1.12
24.08.2021 00:57:10.592,6.33544,6.33477,1,1.12
24.08.2021 00:57:10.693,6.3354800000000004,6.33476,1.5,1.12
24.08.2021 00:57:11.306,6.33547,6.33477,1.5,1
24.08.2021 00:57:11.521,6.335380000000001,6.33466,1,1.5
24.08.2021 00:57:11.722,6.33537,6.33467,1.5,1
24.08.2021 00:57:17.173,6.33537,6.33467,1,1.5
24.08.2021 00:57:17.338,6.33546,6.33474,1.62,1
24.08.2021 00:57:17.798,6.335450000000001,6.33462,1,1.5
24.08.2021 00:57:18.256,6.3354800000000004,6.3346,1.5,1
24.08.2021 00:57:21.685,6.335450000000001,6.3347500000000005,1.5,1
24.08.2021 00:57:21.880,6.33541,6.3347500000000005,1.5,1
24.08.2021 00:57:21.981,6.33534,6.33462,1,1.5
24.08.2021 00:57:22.855,6.335330000000001,6.334630000000001,1.5,1
24.08.2021 00:57:30.222,6.335330000000001,6.33451,1.5,1
24.08.2021 00:57:30.272,6.3353,6.33451,1.5,1
24.08.2021 00:57:34.696,6.33525,6.334530000000001,1,1.5
24.08.2021 00:57:34.812,6.33511,6.33441,1,1.5
24.08.2021 00:57:36.396,6.33512,6.3344000000000005,1,1.5
24.08.2021 00:57:36.552,6.33511,6.33441,1.12,1.5
24.08.2021 00:57:37.047,6.33511,6.33441,1,1.5
24.08.2021 00:57:37.199,6.33511,6.33441,1,1.5
24.08.2021 00:57:37.402,6.33512,6.3344000000000005,1,1.5
24.08.2021 00:57:37.628,6.33511,6.334440000000001,1,1
24.08.2021 00:57:37.984,6.33511,6.3345,1,1
24.08.2021 00:57:40.301,6.3353,6.3346,1.5,1.12
24.08.2021 00:57:40.871,6.335380000000001,6.3346800000000005,1.5,1
24.08.2021 00:57:41.117,6.335380000000001,6.3346800000000005,1.5,1
24.08.2021 00:57:46.602,6.3353600000000005,6.3346800000000005,1.5,1
24.08.2021 00:57:52.802,6.335380000000001,6.3346800000000005,1.5,1
24.08.2021 00:57:58.296,6.33526,6.33456,1.5,1.5
24.08.2021 00:57:58.498,6.33526,6.33456,1,1.5
24.08.2021 00:58:06.297,6.33526,6.33456,1.5,1.5
24.08.2021 00:58:15.293,6.33537,6.33445,1.5,1.5
24.08.2021 00:58:15.476,6.3353600000000005,6.33451,1,1.5
24.08.2021 00:58:16.206,6.33532,6.33462,1.5,1
24.08.2021 00:58:17.059,6.33532,6.33462,1.5,1
24.08.2021 00:58:17.293,6.335330000000001,6.3346100000000005,1.5,1
24.08.2021 00:58:21.143,6.33532,6.33462,1.5,1
24.08.2021 00:58:21.294,6.33532,6.33462,1.5,1.62
24.08.2021 00:58:21.395,6.33542,6.33472,1,1.5
24.08.2021 00:58:21.548,6.33557,6.3348700000000004,1.5,1
24.08.2021 00:58:21.648,6.33557,6.3348700000000004,1.12,1.5
24.08.2021 00:58:24.476,6.335630000000001,6.33499,1.5,1
24.08.2021 00:58:24.741,6.33565,6.33499,1,1
24.08.2021 00:58:24.997,6.3356,6.3349,1.5,1
24.08.2021 00:58:25.098,6.3356,6.3349,1.5,1.12
24.08.2021 00:58:31.769,6.33567,6.33497,1.5,1
24.08.2021 00:58:33.387,6.33557,6.33497,1.5,1
24.08.2021 00:58:33.438,6.33553,6.33483,1.12,1.5
24.08.2021 00:58:33.845,6.33553,6.33483,1,1.5
24.08.2021 00:58:34.047,6.335540000000001,6.33482,1,1.5
24.08.2021 00:58:34.098,6.335630000000001,6.3349400000000005,1.5,1
24.08.2021 00:58:38.941,6.335640000000001,6.3349400000000005,1.12,1.5
24.08.2021 00:58:39.098,6.335640000000001,6.3349400000000005,1.5,1
24.08.2021 00:58:41.645,6.3356,6.3349400000000005,1.5,1
24.08.2021 00:58:42.938,6.335630000000001,6.3348,1.5,1
24.08.2021 00:58:49.651,6.3356900000000005,6.334840000000001,1,1.5
24.08.2021 00:58:49.853,6.335680000000001,6.33481,1.5,1
24.08.2021 00:58:52.513,6.335680000000001,6.33481,1.5,1
24.08.2021 00:58:56.295,6.33556,6.33486,1,1.5
24.08.2021 00:59:02.573,6.33556,6.33486,1.5,1
24.08.2021 00:59:05.057,6.3354800000000004,6.33476,1,1.5
24.08.2021 00:59:05.208,6.335430000000001,6.33462,1.12,1.5
24.08.2021 00:59:05.259,6.335430000000001,6.33462,1.62,1.5
24.08.2021 00:59:05.693,6.3352900000000005,6.33457,1,1.5
24.08.2021 00:59:06.125,6.335280000000001,6.334580000000001,1,1.5
24.08.2021 00:59:09.221,6.33541,6.334530000000001,1.5,1.5
24.08.2021 00:59:10.023,6.3352900000000005,6.33457,1,1.5
24.08.2021 00:59:11.599,6.3352900000000005,6.33457,1,1.5
24.08.2021 00:59:18.630,6.335280000000001,6.334580000000001,1,1.5
24.08.2021 00:59:27.313,6.33541,6.3345400000000005,1.5,1
24.08.2021 00:59:33.102,6.33541,6.334530000000001,1.5,1
24.08.2021 00:59:35.790,6.335280000000001,6.334580000000001,1,1.5
24.08.2021 00:59:40.240,6.3352900000000005,6.33457,1,1.5
24.08.2021 00:59:41.136,6.3352900000000005,6.33457,1,1.5
24.08.2021 00:59:46.402,6.335280000000001,6.33467,1,1.5
24.08.2021 00:59:46.462,6.3354800000000004,6.33466,1,1.5
24.08.2021 00:59:46.613,6.33549,6.334700000000001,1.12,1
24.08.2021 00:59:46.714,6.335450000000001,6.33474,1,1
24.08.2021 00:59:46.865,6.33544,6.3347500000000005,1,1
24.08.2021 00:59:47.149,6.33552,6.33482,1,1.5
24.08.2021 00:59:56.043,6.33544,6.3347500000000005,1,1
24.08.2021 00:59:56.145,6.33535,6.33472,1,1
24.08.2021 00:59:56.296,6.33535,6.33465,1,1.5
24.08.2021 00:59:56.498,6.335240000000001,6.3345400000000005,1,1.62
24.08.2021 00:59:57.114,6.33531,6.3346100000000005,1,1.5
24.08.2021 01:00:01.069,6.335230000000001,6.334530000000001,1,1.5
24.08.2021 01:00:01.580,6.3353,6.3346,1.5,1
24.08.2021 01:00:02.034,6.3353,6.3346,1.12,1.5
24.08.2021 01:00:02.523,6.3353,6.3346,1.5,1
24.08.2021 01:00:02.673,6.3352,6.3345,1,1.5
24.08.2021 01:00:10.313,6.33521,6.334490000000001,1,1.5
24.08.2021 01:00:10.559,6.33531,6.33459,1.87,1.5
24.08.2021 01:00:12.453,6.3353,6.3346,2,1
24.08.2021 01:00:18.818,6.33531,6.33459,1.12,1.5
24.08.2021 01:00:25.619,6.33541,6.33462,1.5,1
24.08.2021 01:00:25.720,6.33552,6.3346800000000005,1.5,1
24.08.2021 01:00:26.141,6.335450000000001,6.33462,1,1.5
24.08.2021 01:00:26.665,6.33544,6.3346,1.5,1
24.08.2021 01:00:27.859,6.335450000000001,6.3346,1,1
24.08.2021 01:00:30.271,6.3354,6.33455,1,1
24.08.2021 01:00:31.353,6.335380000000001,6.33466,1.5,1
24.08.2021 01:00:32.538,6.3353600000000005,6.33467,1.5,1
24.08.2021 01:00:32.704,6.33534,6.33466,1.5,1
24.08.2021 01:00:35.268,6.33537,6.33467,1.5,1
24.08.2021 01:00:35.401,6.33532,6.3346,1,1.5
24.08.2021 01:00:35.653,6.33531,6.3346100000000005,1,1.5
24.08.2021 01:00:35.808,6.33531,6.3346100000000005,1,1.5
24.08.2021 01:00:36.601,6.33531,6.3346100000000005,1,1.5
24.08.2021 01:00:36.912,6.33531,6.3346100000000005,1,1.5
24.08.2021 01:00:40.759,6.33531,6.334700000000001,1,1
24.08.2021 01:00:43.559,6.33531,6.33462,1,1.5
24.08.2021 01:00:43.660,6.33546,6.33462,1,1.5
24.08.2021 01:00:43.760,6.33546,6.33462,1,1.5
24.08.2021 01:00:46.337,6.335450000000001,6.3346100000000005,1.5,1.5
24.08.2021 01:00:46.551,6.33547,6.33465,1.5,1
24.08.2021 01:00:47.092,6.335430000000001,6.33464,1,1
24.08.2021 01:00:48.698,6.33539,6.33469,1.5,1
24.08.2021 01:00:48.799,6.33539,6.3347500000000005,1,1
24.08.2021 01:00:48.950,6.33549,6.334790000000001,1,1.5
24.08.2021 01:00:50.577,6.33556,6.334840000000001,1.5,1.5
24.08.2021 01:00:51.101,6.3355500000000005,6.33485,1,1.5
24.08.2021 01:00:54.545,6.33556,6.33486,1,1
24.08.2021 01:00:57.431,6.335630000000001,6.335,1,1.5
24.08.2021 01:00:57.536,6.335630000000001,6.3350100000000005,1,1
24.08.2021 01:00:57.644,6.33577,6.335050000000001,1,1.62
24.08.2021 01:01:00.281,6.33577,6.33506,1,1
24.08.2021 01:01:00.567,6.33586,6.33516,1.5,1.5
24.08.2021 01:01:00.618,6.33586,6.33525,1,1
24.08.2021 01:01:00.718,6.33596,6.3353,1,1
24.08.2021 01:01:00.769,6.33596,6.33532,1,1
24.08.2021 01:01:00.819,6.336030000000001,6.335330000000001,1,1.5
24.08.2021 01:01:03.321,6.336030000000001,6.33535,1,1
24.08.2021 01:01:04.361,6.336030000000001,6.3353600000000005,1,1
24.08.2021 01:01:14.798,6.336180000000001,6.3354,1,1
24.08.2021 01:01:14.849,6.336130000000001,6.335590000000001,1,1
24.08.2021 01:01:14.899,6.33624,6.33567,1,1
24.08.2021 01:01:14.950,6.336390000000001,6.33567,1,1.5
24.08.2021 01:01:15.101,6.336380000000001,6.335680000000001,1.5,1.5
24.08.2021 01:01:21.884,6.3363000000000005,6.33558,1,1.62
24.08.2021 01:01:22.048,6.33619,6.335540000000001,1,1
24.08.2021 01:01:22.150,6.33619,6.33549,1.5,1
24.08.2021 01:01:24.037,6.336080000000001,6.33542,1,1
24.08.2021 01:01:26.602,6.336080000000001,6.335380000000001,1,1.5
24.08.2021 01:01:27.053,6.336080000000001,6.335380000000001,1.12,1.5
24.08.2021 01:01:30.555,6.33601,6.33531,1,1.62
24.08.2021 01:01:32.966,6.33601,6.33531,1,1.5
24.08.2021 01:01:33.016,6.33589,6.335190000000001,1,1.5
24.08.2021 01:01:33.132,6.33561,6.33507,1,1
24.08.2021 01:01:33.815,6.33577,6.33507,1,1.62
24.08.2021 01:01:34.556,6.33577,6.33507,1,1.62
24.08.2021 01:01:39.900,6.33577,6.33507,1.12,1.5
24.08.2021 01:01:40.601,6.335780000000001,6.33506,1,1.5
24.08.2021 01:01:46.025,6.3356900000000005,6.335050000000001,1,1.5
24.08.2021 01:01:51.768,6.3356900000000005,6.33506,1,1
24.08.2021 01:01:58.523,6.3357,6.33504,1,1.5
24.08.2021 01:01:58.917,6.335590000000001,6.334880000000001,1,1.5
24.08.2021 01:01:59.089,6.33558,6.334890000000001,1,1.5
24.08.2021 01:02:00.883,6.33558,6.3349,1,1
24.08.2021 01:02:01.033,6.33566,6.33497,1,1.5
24.08.2021 01:02:01.136,6.3357,6.33504,1,1
24.08.2021 01:02:01.189,6.33562,6.3349400000000005,1.12,1
24.08.2021 01:02:01.334,6.335630000000001,6.335,1,1
24.08.2021 01:02:01.448,6.33571,6.3350100000000005,1,1.62
24.08.2021 01:02:01.698,6.33571,6.335050000000001,1,1
24.08.2021 01:02:02.080,6.33571,6.335050000000001,1,1
24.08.2021 01:02:02.352,6.33571,6.335050000000001,1,1
24.08.2021 01:02:08.142,6.33571,6.33502,1,1
24.08.2021 01:02:08.543,6.33571,6.33502,1,1
24.08.2021 01:02:09.877,6.33571,6.33502,1,1
24.08.2021 01:02:10.051,6.33561,6.335,1,1
24.08.2021 01:02:10.102,6.3356,6.33497,1,1
24.08.2021 01:02:10.331,6.3356,6.3350100000000005,1,1
24.08.2021 01:02:12.254,6.33571,6.3350100000000005,1,1.62
24.08.2021 01:02:16.170,6.33571,6.3350100000000005,1,1.62
24.08.2021 01:02:23.222,6.33571,6.33506,1,1.5
24.08.2021 01:02:32.038,6.3359000000000005,6.33506,1.5,1
24.08.2021 01:02:42.543,6.33571,6.33506,1,1
24.08.2021 01:02:52.034,6.33589,6.33507,1.5,1
24.08.2021 01:03:00.919,6.33589,6.33506,1.5,1
24.08.2021 01:03:12.761,6.33571,6.33506,1,1.5
24.08.2021 01:03:13.551,6.33571,6.33506,1,1.5
24.08.2021 01:03:13.811,6.33571,6.3350100000000005,1,1.5
24.08.2021 01:03:13.963,6.33565,6.33499,1,1
24.08.2021 01:03:14.114,6.335640000000001,6.335,1,1
24.08.2021 01:03:14.264,6.335640000000001,6.33504,1,1
24.08.2021 01:03:26.012,6.33565,6.335030000000001,1,1
24.08.2021 01:03:26.264,6.335640000000001,6.33497,1,1
24.08.2021 01:03:26.314,6.335540000000001,6.334840000000001,1,1.62
24.08.2021 01:03:26.436,6.335540000000001,6.334840000000001,1,1.5
24.08.2021 01:03:28.041,6.33547,6.33483,1,1
24.08.2021 01:03:30.386,6.33547,6.33483,1,1
24.08.2021 01:03:36.064,6.335630000000001,6.33482,1.5,1
24.08.2021 01:03:47.147,6.33562,6.33483,1.5,1
24.08.2021 01:03:49.777,6.33562,6.3348,1.5,1
24.08.2021 01:03:50.192,6.33562,6.3348,1.5,1
24.08.2021 01:03:55.602,6.33562,6.3348,1.5,1
24.08.2021 01:03:58.317,6.3354800000000004,6.334790000000001,1,1
24.08.2021 01:04:02.329,6.33547,6.33477,1,1.5
24.08.2021 01:04:02.661,6.33531,6.33473,1,1
24.08.2021 01:04:02.762,6.33531,6.33462,1,1.5
24.08.2021 01:04:02.913,6.33531,6.33462,1,1.5
24.08.2021 01:04:05.638,6.3352,6.33462,1,1.5
24.08.2021 01:04:12.663,6.3352900000000005,6.33462,1,1.5
24.08.2021 01:04:12.838,6.33522,6.33451,1,1
24.08.2021 01:04:22.677,6.33521,6.33452,1,1
24.08.2021 01:04:22.777,6.3351500000000005,6.33451,1,1
24.08.2021 01:04:27.348,6.335140000000001,6.33447,1,1
24.08.2021 01:04:27.399,6.33506,6.33436,1,1.5
24.08.2021 01:04:27.549,6.334980000000001,6.33432,1,1
24.08.2021 01:04:30.725,6.33499,6.334350000000001,1,1
24.08.2021 01:04:30.776,6.335100000000001,6.3344000000000005,1.5,1.5
24.08.2021 01:04:30.826,6.335100000000001,6.334490000000001,1,1
24.08.2021 01:04:30.978,6.335100000000001,6.334490000000001,1,1
24.08.2021 01:04:38.100,6.335100000000001,6.3345400000000005,1,1
24.08.2021 01:04:40.539,6.335240000000001,6.33455,1,1
24.08.2021 01:04:40.754,6.33534,6.33455,1,1
24.08.2021 01:04:41.418,6.335240000000001,6.33455,1,1
24.08.2021 01:04:41.539,6.335240000000001,6.33455,1,1
24.08.2021 01:04:52.602,6.33525,6.3345400000000005,1,1
24.08.2021 01:04:55.749,6.335240000000001,6.33464,1,1
24.08.2021 01:04:55.850,6.33539,6.33467,1,1.5
24.08.2021 01:04:55.950,6.335380000000001,6.3346800000000005,1,1.5
24.08.2021 01:04:56.102,6.335380000000001,6.3346800000000005,1,1.5
24.08.2021 01:04:56.342,6.33526,6.334580000000001,1,1
24.08.2021 01:04:56.511,6.33526,6.334580000000001,1,1
24.08.2021 01:04:59.753,6.33527,6.33455,1,1.5
24.08.2021 01:05:13.406,6.33526,6.33456,1.12,1.5
24.08.2021 01:05:15.797,6.335190000000001,6.334530000000001,1,1
24.08.2021 01:05:18.176,6.335190000000001,6.334530000000001,1,1
24.08.2021 01:05:25.388,6.335190000000001,6.33457,1,1
24.08.2021 01:05:25.588,6.335190000000001,6.33457,1,1.5
24.08.2021 01:05:26.413,6.33542,6.3346,1,1
24.08.2021 01:05:28.102,6.335450000000001,6.3346,1,1.5
24.08.2021 01:05:28.153,6.3353,6.334630000000001,1,1.5
24.08.2021 01:05:30.637,6.335240000000001,6.33462,1,1.5
24.08.2021 01:05:32.952,6.335230000000001,6.33455,1,1
24.08.2021 01:05:33.068,6.33509,6.33455,1,1
24.08.2021 01:05:33.169,6.33509,6.33455,1,1
24.08.2021 01:05:35.149,6.33517,6.33455,1,1
24.08.2021 01:05:42.101,6.33517,6.33455,1,1
24.08.2021 01:05:54.626,6.33517,6.33451,1,1.5
24.08.2021 01:05:54.676,6.33527,6.33457,1,2
24.08.2021 01:05:55.888,6.33527,6.33462,1,1
24.08.2021 01:05:55.939,6.335430000000001,6.33476,1,1
24.08.2021 01:05:56.090,6.33551,6.33481,1,1.62
24.08.2021 01:05:56.882,6.33552,6.33482,1,1
24.08.2021 01:05:57.718,6.33551,6.33483,1,1
24.08.2021 01:06:01.783,6.33551,6.33483,1,1
24.08.2021 01:06:01.833,6.33535,6.33483,1,1
24.08.2021 01:06:01.934,6.33546,6.33483,1,1
24.08.2021 01:06:02.253,6.33547,6.33482,1,1
24.08.2021 01:06:04.373,6.335540000000001,6.334890000000001,1,1
24.08.2021 01:06:04.572,6.3355500000000005,6.334880000000001,1,1
24.08.2021 01:06:13.739,6.3356,6.334930000000001,1,1
24.08.2021 01:06:13.790,6.335500000000001,6.3349,1,1.5
24.08.2021 01:06:14.061,6.335500000000001,6.33482,1,1
24.08.2021 01:06:14.162,6.33539,6.33482,1,1
24.08.2021 01:06:17.602,6.33539,6.33482,1,1
24.08.2021 01:06:35.283,6.335630000000001,6.33482,1.5,1
24.08.2021 01:06:44.449,6.33539,6.33482,1,1
24.08.2021 01:06:44.608,6.335450000000001,6.33482,1,1
24.08.2021 01:06:51.345,6.335450000000001,6.33482,1,1
24.08.2021 01:07:04.554,6.335450000000001,6.33482,1,1
24.08.2021 01:07:04.604,6.335540000000001,6.33486,1,1
24.08.2021 01:07:04.776,6.335540000000001,6.33486,1,1
24.08.2021 01:07:27.422,6.33546,6.3348,1,1
24.08.2021 01:07:41.686,6.33547,6.33483,1,1
24.08.2021 01:07:42.715,6.33546,6.334840000000001,1,1
24.08.2021 01:07:42.774,6.335680000000001,6.334840000000001,1.5,1
24.08.2021 01:07:57.529,6.33546,6.334840000000001,1,1
24.08.2021 01:08:17.377,6.335680000000001,6.334840000000001,1.5,1
24.08.2021 01:08:25.157,6.335640000000001,6.33477,1.5,1
24.08.2021 01:08:27.554,6.33547,6.33477,1,1
24.08.2021 01:08:32.776,6.33547,6.33477,1,1
24.08.2021 01:08:32.910,6.3354,6.33478,1,1
24.08.2021 01:08:33.011,6.3354,6.33478,1,1
24.08.2021 01:08:39.602,6.33541,6.33477,1,1
24.08.2021 01:08:42.889,6.3354,6.33478,1,1
24.08.2021 01:08:46.602,6.3354,6.33478,1,1
24.08.2021 01:08:53.547,6.335630000000001,6.33478,1,1
24.08.2021 01:08:53.597,6.335630000000001,6.33478,1,1
24.08.2021 01:08:57.907,6.3354800000000004,6.33482,1,1
24.08.2021 01:09:12.738,6.3354800000000004,6.33482,1,1
24.08.2021 01:09:12.840,6.33574,6.3349,1.5,1
24.08.2021 01:09:12.940,6.33575,6.334890000000001,1.5,1
24.08.2021 01:09:13.542,6.33575,6.334890000000001,1.5,1
24.08.2021 01:09:16.340,6.33556,6.33491,1,1
24.08.2021 01:09:16.659,6.33556,6.33486,1,1.5
24.08.2021 01:09:22.877,6.3354800000000004,6.33481,1,1
24.08.2021 01:09:22.978,6.3354800000000004,6.33481,1,1
24.08.2021 01:09:53.356,6.335640000000001,6.33481,1.5,1
24.08.2021 01:09:59.192,6.3354800000000004,6.33481,1,1
24.08.2021 01:09:59.576,6.3354,6.334700000000001,1,1.5
24.08.2021 01:09:59.626,6.33541,6.33469,1.5,1
24.08.2021 01:09:59.727,6.335240000000001,6.3346800000000005,1,1
24.08.2021 01:09:59.828,6.335240000000001,6.334580000000001,1,1
24.08.2021 01:10:00.754,6.335240000000001,6.3345400000000005,1,1.5
24.08.2021 01:10:01.105,6.33535,6.33452,1.5,1
24.08.2021 01:10:02.337,6.33517,6.33451,1,1
24.08.2021 01:10:04.602,6.33517,6.33451,1,1
24.08.2021 01:10:12.103,6.33516,6.33452,1,1
24.08.2021 01:10:29.598,6.335380000000001,6.33451,1.5,1
24.08.2021 01:10:32.523,6.33516,6.33452,1,1
24.08.2021 01:10:51.199,6.33522,6.33452,1,1.62
24.08.2021 01:11:23.171,6.33516,6.33446,1,1.5
24.08.2021 01:12:31.913,6.335230000000001,6.334530000000001,1,1.5
24.08.2021 01:12:33.192,6.335230000000001,6.334530000000001,1,1.5
24.08.2021 01:12:33.243,6.335380000000001,6.33466,1.5,1
24.08.2021 01:12:33.403,6.3352900000000005,6.334630000000001,1,1.5
24.08.2021 01:12:33.925,6.3352900000000005,6.33459,1,1.5
24.08.2021 01:12:41.103,6.3352900000000005,6.33459,1,1.5
24.08.2021 01:12:48.283,6.33537,6.33452,1.5,1
24.08.2021 01:12:52.237,6.33521,6.33451,1,1
24.08.2021 01:12:52.338,6.3352,6.3345,1,1.5
24.08.2021 01:12:52.569,6.3352,6.3345,1,1.5
24.08.2021 01:13:00.457,6.33518,6.3343300000000005,1,1
24.08.2021 01:13:00.650,6.33518,6.3343300000000005,1,1
24.08.2021 01:13:00.751,6.33499,6.3343300000000005,1,1
24.08.2021 01:13:01.598,6.33499,6.33429,1,1.5
24.08.2021 01:13:06.721,6.33499,6.33429,1,1.5
24.08.2021 01:13:07.449,6.335,6.334280000000001,1,1.5
24.08.2021 01:13:16.810,6.335,6.334280000000001,1,1.5
24.08.2021 01:13:16.861,6.33509,6.33424,1,1
24.08.2021 01:13:28.246,6.33513,6.334280000000001,1,1
24.08.2021 01:13:30.751,6.335,6.334280000000001,1,1.5
24.08.2021 01:13:30.803,6.33499,6.33429,1,1.5
24.08.2021 01:13:37.602,6.33499,6.33429,1,1.5
24.08.2021 01:13:45.103,6.33499,6.33429,1,1.5
24.08.2021 01:13:52.100,6.33499,6.33429,1,1.5
24.08.2021 01:13:55.273,6.33499,6.33429,1,1.5
24.08.2021 01:13:55.785,6.33499,6.33429,1,1.5
24.08.2021 01:13:56.024,6.33499,6.3343300000000005,1,1
24.08.2021 01:13:56.075,6.33522,6.33437,1,1
24.08.2021 01:13:56.235,6.33522,6.33437,1,1
24.08.2021 01:13:59.197,6.335100000000001,6.3344000000000005,1,1.5
24.08.2021 01:14:08.829,6.33511,6.33446,1,1
24.08.2021 01:14:08.879,6.335280000000001,6.33447,1.5,1
24.08.2021 01:14:09.004,6.335280000000001,6.33447,1.5,1
24.08.2021 01:14:09.206,6.335280000000001,6.33447,1.12,1
24.08.2021 01:14:11.856,6.3352,6.3345,1,1.5
24.08.2021 01:14:21.439,6.3352,6.334530000000001,1,1
24.08.2021 01:14:27.599,6.33521,6.33452,1,1
24.08.2021 01:14:28.913,6.335280000000001,6.334530000000001,1.12,1
24.08.2021 01:14:41.600,6.335280000000001,6.33455,1,1
24.08.2021 01:14:41.930,6.3352,6.33455,1,1
24.08.2021 01:14:48.640,6.3352,6.33455,1,1
24.08.2021 01:14:56.821,6.3352,6.3345,1,1.5
24.08.2021 01:14:57.006,6.33521,6.334490000000001,1,1.5
24.08.2021 01:14:58.910,6.335280000000001,6.334490000000001,1.12,1
24.08.2021 01:15:06.588,6.335280000000001,6.334530000000001,1,1
24.08.2021 01:15:12.155,6.3352,6.334530000000001,1,1
24.08.2021 01:15:13.801,6.3352,6.334530000000001,1,1
24.08.2021 01:15:14.005,6.3352,6.334530000000001,1,1
24.08.2021 01:15:14.059,6.33526,6.33456,1,1.5
24.08.2021 01:15:18.191,6.33518,6.33457,1,1
24.08.2021 01:15:32.952,6.33526,6.33456,1,1.5
24.08.2021 01:15:33.138,6.33526,6.33456,1,1.5
24.08.2021 01:15:48.913,6.3352900000000005,6.3345,1.12,1
24.08.2021 01:15:58.218,6.33516,6.33451,1,1
24.08.2021 01:16:02.735,6.33516,6.33446,1,1.5
24.08.2021 01:16:03.034,6.33516,6.33446,1.5,1
24.08.2021 01:16:03.085,6.335050000000001,6.334350000000001,1,1.62
24.08.2021 01:16:03.236,6.33497,6.33429,1,1
24.08.2021 01:16:03.286,6.334980000000001,6.334280000000001,1,1
24.08.2021 01:16:03.818,6.33497,6.33429,1,1
24.08.2021 01:16:09.460,6.334980000000001,6.334440000000001,1,1
24.08.2021 01:16:09.610,6.33513,6.33451,1,1
24.08.2021 01:16:09.661,6.33513,6.33451,1,1
24.08.2021 01:16:11.121,6.33521,6.3345,1,1
24.08.2021 01:16:21.659,6.3352,6.3345400000000005,1,1
24.08.2021 01:16:21.795,6.33526,6.3346100000000005,1,1
24.08.2021 01:16:21.896,6.33526,6.334630000000001,1,1.7
24.08.2021 01:16:22.047,6.335280000000001,6.33469,1,1
24.08.2021 01:16:22.097,6.3352900000000005,6.33474,1,1
24.08.2021 01:16:22.256,6.335280000000001,6.33471,1,1
24.08.2021 01:16:29.029,6.335280000000001,6.33472,1,1
24.08.2021 01:16:30.246,6.335280000000001,6.33474,1,1.5
24.08.2021 01:16:35.103,6.335280000000001,6.33474,1,1.5
24.08.2021 01:16:42.757,6.335280000000001,6.334790000000001,1,1.5
24.08.2021 01:16:49.414,6.335280000000001,6.334790000000001,1,1.5
24.08.2021 01:16:49.797,6.335280000000001,6.334790000000001,1,1.5
24.08.2021 01:16:56.600,6.335280000000001,6.33478,1,1
24.08.2021 01:17:10.600,6.335280000000001,6.33478,1,1
24.08.2021 01:17:16.226,6.335280000000001,6.33476,1,1
24.08.2021 01:17:18.103,6.335280000000001,6.33477,1,1
24.08.2021 01:17:25.104,6.335280000000001,6.33477,1,1
24.08.2021 01:17:32.764,6.335280000000001,6.334790000000001,1,1.5
24.08.2021 01:17:32.965,6.335280000000001,6.3348700000000004,1,1
24.08.2021 01:17:39.103,6.335280000000001,6.334790000000001,1,1.5
24.08.2021 01:17:46.103,6.335280000000001,6.334790000000001,1,1.5
24.08.2021 01:17:56.142,6.3352900000000005,6.33474,1,1.5
24.08.2021 01:17:59.831,6.335280000000001,6.3347500000000005,1,1.5
24.08.2021 01:18:04.662,6.335280000000001,6.33472,1,1
24.08.2021 01:18:06.142,6.3352900000000005,6.33467,1,1
24.08.2021 01:18:06.344,6.335280000000001,6.33457,1,1.5
24.08.2021 01:18:06.565,6.33522,6.33457,1,1
24.08.2021 01:18:09.483,6.33522,6.33465,1,1
24.08.2021 01:18:09.633,6.335280000000001,6.3347500000000005,1,1
24.08.2021 01:18:09.734,6.335280000000001,6.3347500000000005,1,1
24.08.2021 01:18:32.476,6.335280000000001,6.3348,1,1
24.08.2021 01:18:43.103,6.335280000000001,6.33476,1,1
24.08.2021 01:18:48.759,6.335280000000001,6.3348,1,1
24.08.2021 01:18:57.103,6.335280000000001,6.3348,1,1
24.08.2021 01:19:07.718,6.335280000000001,6.3348,1,1
24.08.2021 01:19:07.919,6.335280000000001,6.3347500000000005,1,1.5
24.08.2021 01:19:15.815,6.3352900000000005,6.33474,1,1.5
24.08.2021 01:19:24.911,6.335280000000001,6.33474,1,1.62
24.08.2021 01:19:25.113,6.3352900000000005,6.33473,1,1
24.08.2021 01:19:25.313,6.335280000000001,6.33474,1,1
24.08.2021 01:19:32.702,6.335280000000001,6.334790000000001,1,1.5
24.08.2021 01:19:39.490,6.335280000000001,6.3349,1,1
24.08.2021 01:19:39.591,6.335280000000001,6.33491,1,1
24.08.2021 01:19:39.827,6.335280000000001,6.33495,1,1
24.08.2021 01:19:50.261,6.335280000000001,6.3349400000000005,1,1.12
24.08.2021 01:19:54.103,6.335280000000001,6.334880000000001,1,1
24.08.2021 01:19:55.990,6.335280000000001,6.33492,1,1
24.08.2021 01:19:56.222,6.33553,6.33491,1,1.5
24.08.2021 01:19:56.427,6.33552,6.33492,1,1.5
24.08.2021 01:19:58.886,6.33574,6.33492,1.5,1
24.08.2021 01:20:00.126,6.335280000000001,6.3349,1,1.5
24.08.2021 01:20:01.103,6.3352900000000005,6.33485,1,1
24.08.2021 01:20:02.315,6.335280000000001,6.33481,1,1.62
24.08.2021 01:20:17.373,6.335280000000001,6.33476,1,1
24.08.2021 01:20:17.618,6.335280000000001,6.33472,1,1
24.08.2021 01:20:46.795,6.3352900000000005,6.33462,1,1.5
24.08.2021 01:20:46.895,6.33526,6.334630000000001,1,1.5
24.08.2021 01:20:46.956,6.33526,6.334630000000001,1,1.5
24.08.2021 01:20:51.496,6.33526,6.33456,1,1.5
24.08.2021 01:20:52.530,6.33527,6.33455,1.5,1.12
24.08.2021 01:20:54.641,6.33517,6.33451,1,1.5
24.08.2021 01:20:55.134,6.33516,6.33452,1,1.5
24.08.2021 01:21:01.089,6.33516,6.33452,1,1.5
24.08.2021 01:21:01.846,6.33516,6.33452,1,1.5
24.08.2021 01:21:02.210,6.33516,6.33446,1,1.5
24.08.2021 01:21:02.341,6.33516,6.33446,1,1.5
24.08.2021 01:21:02.740,6.3352,6.334350000000001,1,1
24.08.2021 01:21:02.791,6.33509,6.33437,1,1.5
24.08.2021 01:21:02.841,6.3350800000000005,6.33438,1.5,1
24.08.2021 01:21:02.892,6.334980000000001,6.33429,1,1
24.08.2021 01:21:03.000,6.334980000000001,6.33436,1,1
24.08.2021 01:21:03.101,6.334980000000001,6.3345,1,1.5
24.08.2021 01:21:03.151,6.335230000000001,6.334530000000001,1.5,1
24.08.2021 01:21:03.252,6.335230000000001,6.334530000000001,1,1.5
24.08.2021 01:21:05.103,6.335230000000001,6.334530000000001,1,1.5
24.08.2021 01:21:11.664,6.335230000000001,6.334530000000001,1,1.5
24.08.2021 01:21:11.715,6.335280000000001,6.3346,1.11,1
24.08.2021 01:21:11.876,6.335280000000001,6.3346,1.11,1.5
24.08.2021 01:21:23.197,6.335280000000001,6.33459,1.11,1.5
24.08.2021 01:21:23.445,6.335280000000001,6.33459,1.11,1.5
24.08.2021 01:21:23.599,6.335280000000001,6.33459,1.11,1.5
24.08.2021 01:21:26.837,6.335280000000001,6.33459,1.11,1.5
24.08.2021 01:21:43.678,6.335280000000001,6.33459,1.11,1.5
24.08.2021 01:21:43.829,6.335280000000001,6.33466,1.11,1
24.08.2021 01:21:43.930,6.3352900000000005,6.33473,1.11,1
24.08.2021 01:21:45.555,6.3352900000000005,6.334790000000001,1.11,1
24.08.2021 01:21:45.738,6.335280000000001,6.3348,1.11,1
24.08.2021 01:21:49.500,6.335280000000001,6.3348,1.11,1
24.08.2021 01:21:52.765,6.335590000000001,6.3349,1.11,1
24.08.2021 01:21:54.604,6.3352900000000005,6.33483,1.11,1
24.08.2021 01:21:54.941,6.335280000000001,6.334790000000001,1.11,1.5
24.08.2021 01:22:14.113,6.335280000000001,6.33473,1.11,1
24.08.2021 01:22:14.606,6.335280000000001,6.33471,1.11,1.5
24.08.2021 01:22:15.033,6.335280000000001,6.33474,1.11,1
24.08.2021 01:22:15.207,6.335280000000001,6.3348,1.11,1
24.08.2021 01:22:18.832,6.335280000000001,6.3348,1,1
24.08.2021 01:22:23.071,6.3352900000000005,6.334790000000001,1,1
24.08.2021 01:22:30.103,6.3352900000000005,6.334790000000001,1,1
24.08.2021 01:22:34.666,6.335280000000001,6.33474,1,1.62
24.08.2021 01:22:35.665,6.335280000000001,6.334790000000001,1,1
24.08.2021 01:23:15.811,6.33541,6.334790000000001,1,1
24.08.2021 01:23:23.112,6.335430000000001,6.33478,1,1
24.08.2021 01:23:27.423,6.335430000000001,6.33478,1,1
24.08.2021 01:23:32.996,6.33542,6.334790000000001,1,1
24.08.2021 01:23:39.899,6.33542,6.33474,1,1.5
24.08.2021 01:23:40.081,6.33542,6.33474,1,1.5
24.08.2021 01:23:44.371,6.33541,6.33474,1,1.5
24.08.2021 01:23:44.421,6.33541,6.33474,1,1.5
24.08.2021 01:23:44.472,6.335280000000001,6.33474,1,1.5
24.08.2021 01:23:50.091,6.335280000000001,6.3346800000000005,1,1.12
24.08.2021 01:23:50.191,6.33525,6.33456,1,1.62
24.08.2021 01:23:52.443,6.335240000000001,6.33457,1,1.5
24.08.2021 01:24:09.811,6.3352900000000005,6.33467,1,1
24.08.2021 01:24:10.021,6.335280000000001,6.33473,1,1
24.08.2021 01:24:10.236,6.335280000000001,6.33473,1,1
24.08.2021 01:24:19.569,6.335280000000001,6.334630000000001,1,1.62
24.08.2021 01:24:19.754,6.335280000000001,6.334630000000001,1,1.62
24.08.2021 01:24:20.410,6.3352900000000005,6.33462,1,1.5
24.08.2021 01:24:24.104,6.335280000000001,6.33469,1,1
24.08.2021 01:24:26.303,6.3352900000000005,6.33472,1,1
24.08.2021 01:24:28.076,6.335280000000001,6.33477,1,1
24.08.2021 01:24:30.684,6.335280000000001,6.33477,1,1
24.08.2021 01:24:32.284,6.335280000000001,6.33477,1,1
24.08.2021 01:24:32.435,6.335280000000001,6.33477,1,1
24.08.2021 01:24:48.089,6.335280000000001,6.3347500000000005,1,1.5
24.08.2021 01:24:48.269,6.335280000000001,6.3347500000000005,1,1.5
24.08.2021 01:24:53.591,6.335280000000001,6.334700000000001,1,1
24.08.2021 01:24:53.792,6.335280000000001,6.33476,1,1
24.08.2021 01:25:06.603,6.335280000000001,6.33476,1,1
24.08.2021 01:25:13.605,6.335280000000001,6.33477,1,1
24.08.2021 01:25:35.352,6.335280000000001,6.3347500000000005,1,1.5
24.08.2021 01:25:40.207,6.335230000000001,6.334630000000001,1,1
24.08.2021 01:25:52.497,6.335280000000001,6.334630000000001,1,1
24.08.2021 01:25:53.441,6.335240000000001,6.334630000000001,1,1
24.08.2021 01:26:11.372,6.33516,6.33464,1,1
24.08.2021 01:26:12.754,6.335240000000001,6.33464,1,1
24.08.2021 01:26:13.850,6.335280000000001,6.33464,1,1
24.08.2021 01:26:13.919,6.3352,6.33464,1,1
24.08.2021 01:26:15.325,6.335050000000001,6.334530000000001,1,1
24.08.2021 01:26:15.705,6.335140000000001,6.33452,1,1
24.08.2021 01:26:16.545,6.33522,6.3346,1,1
24.08.2021 01:26:17.385,6.335140000000001,6.33459,1,1
24.08.2021 01:26:17.574,6.335050000000001,6.3346,1,1
24.08.2021 01:26:29.051,6.335190000000001,6.3344000000000005,1,1
24.08.2021 01:26:31.952,6.335190000000001,6.33436,1,1.5
24.08.2021 01:26:37.558,6.335190000000001,6.3344000000000005,1,1
24.08.2021 01:26:37.609,6.33526,6.33442,1.62,1
24.08.2021 01:26:37.763,6.335280000000001,6.334440000000001,1.5,1
24.08.2021 01:26:38.928,6.33516,6.33446,1,1.5
24.08.2021 01:26:50.033,6.3350800000000005,6.334390000000001,1,1
24.08.2021 01:26:50.196,6.3350800000000005,6.334390000000001,1.5,1
24.08.2021 01:26:51.056,6.3350100000000005,6.334350000000001,1,1.5
24.08.2021 01:26:52.354,6.335,6.33443,1,1
24.08.2021 01:26:52.505,6.335,6.33443,1,1
24.08.2021 01:26:52.700,6.33516,6.33452,1,1
24.08.2021 01:26:52.751,6.33516,6.33452,1,1.62
24.08.2021 01:27:03.239,6.335280000000001,6.334480000000001,1,1
24.08.2021 01:27:03.290,6.335280000000001,6.334480000000001,1.5,1
24.08.2021 01:27:05.477,6.335280000000001,6.334480000000001,1,1
24.08.2021 01:27:08.953,6.3352900000000005,6.33447,1.5,1
24.08.2021 01:27:17.294,6.3352900000000005,6.3344000000000005,1.5,1.5
24.08.2021 01:27:17.457,6.33506,6.3344000000000005,1,1
24.08.2021 01:27:17.507,6.33506,6.33436,1,2
24.08.2021 01:27:17.620,6.334980000000001,6.334300000000001,1,1.5
24.08.2021 01:27:17.721,6.334980000000001,6.334280000000001,1,1.5
24.08.2021 01:27:25.560,6.33506,6.33434,1,1.5
24.08.2021 01:27:25.711,6.33495,6.3343300000000005,1,1
24.08.2021 01:27:25.779,6.33495,6.33425,1,2
24.08.2021 01:27:49.809,6.33495,6.33425,1,2
24.08.2021 01:27:51.310,6.33495,6.33425,1,2
24.08.2021 01:28:04.105,6.334960000000001,6.334280000000001,1,1
24.08.2021 01:28:21.216,6.33495,6.33425,1,2
24.08.2021 01:28:54.844,6.33495,6.33425,1,2
24.08.2021 01:29:11.504,6.33507,6.33437,1.5,1
24.08.2021 01:29:11.554,6.3350800000000005,6.33436,1.5,1.5
24.08.2021 01:29:11.605,6.33507,6.3344000000000005,1,1
24.08.2021 01:29:11.655,6.335,6.3344000000000005,1,1
24.08.2021 01:29:11.842,6.335,6.334390000000001,1,1
24.08.2021 01:29:12.131,6.3350100000000005,6.33429,1,2
24.08.2021 01:29:19.569,6.3350800000000005,6.33438,1.5,1.5
24.08.2021 01:29:33.173,6.33513,6.334230000000001,1,1.5
24.08.2021 01:29:40.165,6.33497,6.33427,1.5,1.5
24.08.2021 01:29:40.215,6.33483,6.334180000000001,1,1
24.08.2021 01:29:40.266,6.33482,6.33419,1.5,1
24.08.2021 01:29:41.082,6.33478,6.33419,1,1
24.08.2021 01:29:48.737,6.335,6.33419,1,1
24.08.2021 01:29:48.838,6.3350100000000005,6.334180000000001,1,1.5
24.08.2021 01:29:54.641,6.3348700000000004,6.33419,1,1.62
24.08.2021 01:29:54.795,6.3348700000000004,6.33419,1,1.62
24.08.2021 01:29:57.773,6.3348700000000004,6.334230000000001,1,1
24.08.2021 01:30:00.343,6.3348700000000004,6.3342,1,1
24.08.2021 01:30:04.604,6.3348700000000004,6.3342,1,1
24.08.2021 01:30:12.001,6.334880000000001,6.334210000000001,1,1
24.08.2021 01:30:12.195,6.3350800000000005,6.33422,1.5,1
24.08.2021 01:30:23.662,6.33495,6.33425,1,1.5
24.08.2021 01:30:23.713,6.33495,6.33425,1,1.5
24.08.2021 01:30:30.589,6.334960000000001,6.33424,1,1.5
24.08.2021 01:30:52.231,6.3350100000000005,6.33438,1,1
24.08.2021 01:30:52.332,6.3350100000000005,6.33438,1,1
24.08.2021 01:30:52.433,6.3350800000000005,6.33452,1,1.5
24.08.2021 01:30:52.483,6.335240000000001,6.3345400000000005,1.12,1.5
24.08.2021 01:30:52.620,6.335240000000001,6.3345400000000005,1,1.5
24.08.2021 01:30:58.363,6.335240000000001,6.334580000000001,1,1
24.08.2021 01:30:58.518,6.335240000000001,6.334630000000001,1,1.12
24.08.2021 01:31:00.070,6.335240000000001,6.334630000000001,1,1.5
24.08.2021 01:31:00.911,6.335240000000001,6.334630000000001,1,1.12
24.08.2021 01:31:01.143,6.3352900000000005,6.33462,1,1.12
24.08.2021 01:31:07.933,6.335230000000001,6.334530000000001,1,1.62
24.08.2021 01:31:08.602,6.335230000000001,6.334530000000001,1,1.62
24.08.2021 01:31:09.761,6.335280000000001,6.33465,1.5,1
24.08.2021 01:31:10.405,6.335240000000001,6.33452,1,1.62
24.08.2021 01:31:25.058,6.33507,6.33446,1,1.5
24.08.2021 01:31:25.109,6.33507,6.33446,1,1.5
24.08.2021 01:31:25.451,6.3351500000000005,6.33445,1,1.5
24.08.2021 01:31:30.103,6.3351500000000005,6.33445,1,1.5
24.08.2021 01:31:31.011,6.33507,6.33443,1,1
24.08.2021 01:31:31.985,6.33507,6.334490000000001,1,1
24.08.2021 01:31:35.539,6.335140000000001,6.33447,1,1.5
24.08.2021 01:31:35.659,6.3351500000000005,6.3345400000000005,1,1
24.08.2021 01:31:35.709,6.335140000000001,6.33456,1,1
24.08.2021 01:31:37.104,6.335140000000001,6.33452,1,1.5
24.08.2021 01:31:38.693,6.3352,6.33452,1,1.5
24.08.2021 01:31:38.827,6.33521,6.33456,1,1.5
24.08.2021 01:31:38.978,6.33525,6.33459,1,1
24.08.2021 01:31:39.028,6.335240000000001,6.3346,1,1
24.08.2021 01:31:39.894,6.335240000000001,6.33457,1,1.5
24.08.2021 01:31:42.467,6.335240000000001,6.33457,1,1.5
24.08.2021 01:31:44.104,6.33525,6.33456,1,1.5
24.08.2021 01:31:51.101,6.335240000000001,6.33457,1,1.5
24.08.2021 01:31:58.289,6.335240000000001,6.33457,1,1.5
24.08.2021 01:32:02.735,6.3352,6.33457,1,1.5
24.08.2021 01:32:05.709,6.3352,6.33457,1,1.5
24.08.2021 01:32:12.030,6.3352,6.33457,1,1.5
24.08.2021 01:32:19.788,6.3352,6.33457,1,1.5
24.08.2021 01:32:40.446,6.335280000000001,6.334580000000001,1.5,1.5
24.08.2021 01:32:40.554,6.335280000000001,6.3346,1.5,1
24.08.2021 01:32:40.712,6.335280000000001,6.33467,1.5,1
24.08.2021 01:32:45.267,6.335280000000001,6.334580000000001,1.5,2
24.08.2021 01:32:45.429,6.335280000000001,6.334580000000001,1.5,2
24.08.2021 01:32:45.641,6.335280000000001,6.334580000000001,1.5,2
24.08.2021 01:32:47.854,6.335280000000001,6.334580000000001,1.5,1.62
24.08.2021 01:32:53.124,6.3352,6.3345,1,1.5
24.08.2021 01:32:53.225,6.33506,6.33434,1,1.5
24.08.2021 01:32:53.327,6.335050000000001,6.334350000000001,1,1.5
24.08.2021 01:32:55.683,6.335050000000001,6.334350000000001,1,1.5
24.08.2021 01:33:01.330,6.33499,6.33431,1,1
24.08.2021 01:33:02.179,6.33499,6.33431,1,1
24.08.2021 01:33:10.773,6.33506,6.33436,1.5,1
24.08.2021 01:33:11.782,6.334960000000001,6.33427,1,1
24.08.2021 01:33:24.517,6.334960000000001,6.33427,1,1
24.08.2021 01:33:27.717,6.335030000000001,6.33431,1,1.5
24.08.2021 01:33:27.823,6.33502,6.33438,1,1
24.08.2021 01:33:27.924,6.33502,6.33441,1,1
24.08.2021 01:33:30.433,6.33502,6.33441,1,1
24.08.2021 01:33:30.483,6.33513,6.33446,1,1
24.08.2021 01:33:30.633,6.33513,6.33446,1,1
24.08.2021 01:33:30.835,6.33513,6.3345,1,1
24.08.2021 01:33:31.600,6.33513,6.33446,1,1
24.08.2021 01:33:32.937,6.335050000000001,6.33437,1,1.5
24.08.2021 01:33:33.038,6.334980000000001,6.33437,1,1.5
24.08.2021 01:33:35.623,6.334980000000001,6.33429,1,1
24.08.2021 01:33:50.245,6.33499,6.33427,1,1.5
24.08.2021 01:33:53.864,6.33492,6.33422,1,1
24.08.2021 01:34:08.066,6.33485,6.334230000000001,1,1
24.08.2021 01:34:08.167,6.33499,6.334390000000001,1,1
24.08.2021 01:34:08.218,6.33512,6.33442,1.5,1.5
24.08.2021 01:34:08.319,6.33512,6.334440000000001,1,1
24.08.2021 01:34:09.445,6.33512,6.3345,1,1
24.08.2021 01:34:09.632,6.33512,6.3345,1,1
24.08.2021 01:34:10.528,6.33512,6.3345,1,1
24.08.2021 01:34:10.579,6.33518,6.334530000000001,1,1.5
24.08.2021 01:34:13.102,6.33518,6.334530000000001,1,1.5
24.08.2021 01:34:20.104,6.33518,6.334530000000001,1,1.5
24.08.2021 01:34:24.779,6.33518,6.3345,1,1
24.08.2021 01:34:34.605,6.33518,6.3345,1,1
24.08.2021 01:34:37.060,6.33518,6.3345,1,1
24.08.2021 01:34:37.512,6.33518,6.334530000000001,1,1.5
24.08.2021 01:34:41.387,6.33518,6.3345,1,1
24.08.2021 01:34:44.046,6.33518,6.334480000000001,1,1.5
24.08.2021 01:34:44.097,6.335100000000001,6.33441,1,1
24.08.2021 01:34:49.187,6.335100000000001,6.334440000000001,1,1
24.08.2021 01:34:49.355,6.33511,6.334490000000001,1,1
24.08.2021 01:34:49.470,6.3352,6.3345,1,1.62
24.08.2021 01:34:51.884,6.3352,6.3345,1,1.5
24.08.2021 01:34:52.097,6.33512,6.33443,1,1
24.08.2021 01:34:54.455,6.33512,6.33442,1.5,1.12
24.08.2021 01:34:54.560,6.33502,6.33437,1,1.5
24.08.2021 01:34:54.611,6.33502,6.33437,1,1.5
24.08.2021 01:34:57.703,6.33502,6.33437,1,1.5
24.08.2021 01:34:57.911,6.33502,6.33437,1,1.5
24.08.2021 01:35:01.037,6.33502,6.33432,1,1.5
24.08.2021 01:35:01.442,6.33502,6.3343300000000005,1,1
24.08.2021 01:35:01.632,6.33502,6.33432,1,1.5
24.08.2021 01:35:06.007,6.33502,6.33432,1,1.5
24.08.2021 01:35:09.976,6.335030000000001,6.33431,1,1.5
24.08.2021 01:35:11.280,6.335030000000001,6.33431,1,1.5
24.08.2021 01:35:11.481,6.33502,6.33432,1,1.5
24.08.2021 01:35:12.305,6.33502,6.33432,1,1.5
24.08.2021 01:35:17.183,6.33502,6.33432,1,1.5
24.08.2021 01:35:24.105,6.335030000000001,6.33431,1,1.5
24.08.2021 01:35:28.338,6.33502,6.33432,1,1.5
24.08.2021 01:35:31.102,6.335030000000001,6.33431,1,1.5
24.08.2021 01:35:34.126,6.335100000000001,6.3344000000000005,1.5,1
24.08.2021 01:35:34.176,6.335100000000001,6.3344000000000005,1,1.5
24.08.2021 01:35:34.331,6.335100000000001,6.33441,1,1
24.08.2021 01:35:37.026,6.335100000000001,6.33443,1,1.12
24.08.2021 01:35:38.260,6.3350100000000005,6.33442,1,1.12
24.08.2021 01:35:46.295,6.3350100000000005,6.33429,1,2
24.08.2021 01:35:57.943,6.335,6.334300000000001,1,1.5
24.08.2021 01:36:01.094,6.335,6.334300000000001,1,1.5
24.08.2021 01:36:01.295,6.3350100000000005,6.33429,1,1.5
24.08.2021 01:36:11.687,6.335,6.334440000000001,1,1
24.08.2021 01:36:11.788,6.335100000000001,6.334440000000001,1,1
24.08.2021 01:36:11.889,6.335100000000001,6.334480000000001,1,1.5
24.08.2021 01:36:12.235,6.335100000000001,6.334480000000001,1,1.5
24.08.2021 01:36:14.104,6.33511,6.33441,1,1
24.08.2021 01:36:22.373,6.33518,6.33451,1,1
24.08.2021 01:36:22.503,6.33525,6.33456,1.5,1
24.08.2021 01:36:22.638,6.335280000000001,6.33467,1,1.5
24.08.2021 01:36:23.460,6.335280000000001,6.3347500000000005,1,1.62
24.08.2021 01:36:24.048,6.335280000000001,6.33477,1,1
24.08.2021 01:36:28.102,6.3352900000000005,6.33474,1,1.5
24.08.2021 01:36:43.643,6.3352900000000005,6.334790000000001,1,1.5
24.08.2021 01:36:48.132,6.335280000000001,6.33476,1,1
24.08.2021 01:36:48.529,6.335280000000001,6.3347500000000005,1,1
24.08.2021 01:36:48.581,6.335280000000001,6.334700000000001,1,1
24.08.2021 01:36:51.470,6.3352900000000005,6.33464,1,1.12
24.08.2021 01:36:51.521,6.335280000000001,6.33465,1,1.62
24.08.2021 01:36:51.666,6.3352900000000005,6.33473,1,1
24.08.2021 01:36:51.865,6.335280000000001,6.33474,1,1.5
24.08.2021 01:36:54.053,6.335280000000001,6.33474,1,1.5
24.08.2021 01:36:56.131,6.335280000000001,6.33474,1,1.5
24.08.2021 01:36:58.973,6.3352900000000005,6.3346100000000005,1,1
24.08.2021 01:36:59.024,6.335280000000001,6.3346800000000005,1,1
24.08.2021 01:36:59.175,6.3352900000000005,6.33471,1,1
24.08.2021 01:37:02.966,6.335280000000001,6.33474,1,1.5
24.08.2021 01:37:09.839,6.335280000000001,6.33474,1,1.62
24.08.2021 01:37:25.255,6.335280000000001,6.33474,1,1
24.08.2021 01:37:27.780,6.335280000000001,6.33474,1,1
24.08.2021 01:37:37.007,6.335280000000001,6.33474,1,1.5
24.08.2021 01:37:37.209,6.3352900000000005,6.334580000000001,1,1.5
24.08.2021 01:37:39.105,6.335280000000001,6.33459,1,1.5
24.08.2021 01:37:43.375,6.335280000000001,6.33459,1.12,1.12
24.08.2021 01:37:44.491,6.33516,6.334490000000001,1,1
24.08.2021 01:37:44.541,6.33516,6.33446,1,1.5
24.08.2021 01:37:44.642,6.33516,6.33446,1,1.5
24.08.2021 01:37:44.839,6.335050000000001,6.33441,1,1
24.08.2021 01:37:45.102,6.33513,6.33441,1,1.5
24.08.2021 01:37:45.347,6.33513,6.33441,1,1.5
24.08.2021 01:37:45.498,6.33504,6.33438,1,1
24.08.2021 01:37:46.307,6.33504,6.33436,1,1.5
24.08.2021 01:37:47.029,6.33504,6.33436,1,1.5
24.08.2021 01:37:47.188,6.33504,6.33436,1.12,1.12
24.08.2021 01:37:48.948,6.335050000000001,6.3343300000000005,1,1.5
24.08.2021 01:37:51.093,6.33504,6.33434,1.5,1.5
24.08.2021 01:37:51.698,6.33517,6.33424,1.5,1
24.08.2021 01:37:55.155,6.33517,6.334230000000001,1.5,1.5
24.08.2021 01:38:00.210,6.33517,6.334230000000001,1,1.7
24.08.2021 01:38:00.704,6.33517,6.334280000000001,1.5,1
24.08.2021 01:38:14.602,6.33509,6.33425,1.5,1
24.08.2021 01:38:15.883,6.335050000000001,6.3343300000000005,1.5,1
24.08.2021 01:38:21.652,6.33504,6.33434,1.5,1
24.08.2021 01:38:22.081,6.33495,6.334230000000001,1,1.5
24.08.2021 01:38:50.350,6.33502,6.33432,1.5,1
24.08.2021 01:38:55.202,6.3349400000000005,6.33424,1,1.5
24.08.2021 01:39:04.844,6.33502,6.33432,1.5,1
24.08.2021 01:39:13.266,6.3351500000000005,6.334280000000001,1.5,1.5
24.08.2021 01:39:13.385,6.33511,6.334390000000001,1.5,1.5
24.08.2021 01:39:13.435,6.335100000000001,6.33451,1,1
24.08.2021 01:39:13.486,6.33521,6.33451,1,1.62
24.08.2021 01:39:14.306,6.33513,6.33445,1,1
24.08.2021 01:39:15.645,6.335230000000001,6.33451,1,1.5
24.08.2021 01:39:16.027,6.33522,6.33452,1,1.5
24.08.2021 01:39:21.608,6.33522,6.33452,1.12,1.5
24.08.2021 01:39:23.252,6.33522,6.33452,1.5,1
24.08.2021 01:39:23.455,6.335230000000001,6.33451,1.5,1.12
24.08.2021 01:39:23.655,6.335230000000001,6.33451,1,1.5
24.08.2021 01:39:30.472,6.33522,6.33452,1,1.5
24.08.2021 01:39:31.884,6.3352900000000005,6.33445,1.5,1.5
24.08.2021 01:39:32.096,6.335280000000001,6.3345,1,1
24.08.2021 01:39:39.605,6.335280000000001,6.33459,1.5,1.12
24.08.2021 01:39:40.243,6.3352900000000005,6.334580000000001,1,1.5
24.08.2021 01:39:40.344,6.335280000000001,6.33462,1,1
24.08.2021 01:39:40.495,6.335280000000001,6.33464,1,1
24.08.2021 01:39:54.114,6.335280000000001,6.33473,1,1.5
24.08.2021 01:39:54.346,6.335280000000001,6.33473,1,1.5
24.08.2021 01:39:54.547,6.3352900000000005,6.33471,1,1
24.08.2021 01:39:56.692,6.335280000000001,6.33481,1,1
24.08.2021 01:40:01.105,6.335280000000001,6.33481,1,1.5
24.08.2021 01:40:07.569,6.335280000000001,6.33473,1,1.5
24.08.2021 01:40:08.104,6.3352900000000005,6.33472,1,1.5
24.08.2021 01:40:14.075,6.335280000000001,6.33473,1,1
24.08.2021 01:40:14.277,6.335280000000001,6.33457,1,1.5
24.08.2021 01:40:15.112,6.335280000000001,6.334580000000001,1.5,1.5
24.08.2021 01:40:19.032,6.335280000000001,6.334580000000001,2,1
24.08.2021 01:40:19.477,6.3352,6.3345,1,1.5
24.08.2021 01:40:19.608,6.3352,6.3345,1.12,1.5
24.08.2021 01:40:19.800,6.33521,6.334490000000001,1,1.5
24.08.2021 01:40:37.217,6.335280000000001,6.33441,1.5,1
24.08.2021 01:40:44.305,6.3352900000000005,6.33445,1.5,1.5
24.08.2021 01:40:49.777,6.33521,6.334490000000001,1,1.5
24.08.2021 01:40:49.828,6.3352,6.3345,1.5,1
24.08.2021 01:40:51.959,6.33511,6.3344000000000005,1,1
24.08.2021 01:40:52.009,6.335100000000001,6.3344000000000005,1.5,1.12
24.08.2021 01:40:52.210,6.335100000000001,6.3344000000000005,1,2
24.08.2021 01:40:54.550,6.33521,6.33451,1.5,1
24.08.2021 01:40:58.105,6.33521,6.33451,1.5,1
24.08.2021 01:41:00.416,6.33521,6.33451,1,1.5
24.08.2021 01:41:02.540,6.33521,6.33451,1.5,1.5
24.08.2021 01:41:02.692,6.335280000000001,6.334490000000001,1.5,1
24.08.2021 01:41:16.797,6.33511,6.3344000000000005,1.5,1
24.08.2021 01:41:16.898,6.33511,6.33445,1.5,1
24.08.2021 01:41:16.999,6.33521,6.33451,1,1.5
24.08.2021 01:41:19.106,6.33522,6.3345,1.5,1.5
24.08.2021 01:41:26.228,6.33521,6.33451,1,1.5
24.08.2021 01:41:32.845,6.33521,6.33455,1,1
24.08.2021 01:41:32.896,6.3352900000000005,6.33456,1.5,1
24.08.2021 01:41:39.857,6.335280000000001,6.334480000000001,1.5,1
24.08.2021 01:41:46.951,6.33521,6.33451,1,1.5
24.08.2021 01:41:55.591,6.335280000000001,6.33446,1.5,1.5
24.08.2021 01:42:09.106,6.335280000000001,6.334490000000001,1.5,1
24.08.2021 01:42:16.952,6.33521,6.33451,1,1.5
24.08.2021 01:42:18.570,6.33521,6.33451,1.5,1.12
24.08.2021 01:42:22.571,6.3351500000000005,6.33451,1,1
24.08.2021 01:42:22.622,6.335100000000001,6.3344000000000005,1,1.5
24.08.2021 01:42:22.773,6.335100000000001,6.3344000000000005,1,2
24.08.2021 01:42:22.934,6.33518,6.334480000000001,1.5,1.5
24.08.2021 01:42:30.102,6.33518,6.334480000000001,1,1.5
24.08.2021 01:42:37.000,6.335100000000001,6.3344000000000005,1.5,1
24.08.2021 01:42:37.202,6.335100000000001,6.3344000000000005,1.5,1.12
24.08.2021 01:42:37.403,6.33511,6.334390000000001,1,1.5
24.08.2021 01:42:37.604,6.335100000000001,6.3344000000000005,1,1.5
24.08.2021 01:42:42.160,6.335100000000001,6.3344000000000005,1,1.5
24.08.2021 01:42:42.261,6.335100000000001,6.334440000000001,1,1
24.08.2021 01:42:42.313,6.335100000000001,6.33445,1,1
24.08.2021 01:42:42.610,6.335100000000001,6.33445,1,1
24.08.2021 01:42:42.848,6.335100000000001,6.33445,1,1
24.08.2021 01:42:48.984,6.33511,6.334440000000001,1,1
24.08.2021 01:43:02.189,6.3352,6.334390000000001,1.5,1
24.08.2021 01:43:07.204,6.335100000000001,6.3344000000000005,1,1.5
24.08.2021 01:43:20.906,6.33511,6.33443,1,1
24.08.2021 01:43:21.010,6.335280000000001,6.334440000000001,1.5,1
24.08.2021 01:43:27.013,6.335280000000001,6.334440000000001,1.5,1
24.08.2021 01:43:29.468,6.335190000000001,6.334300000000001,1,1.5
24.08.2021 01:43:29.519,6.335140000000001,6.334300000000001,1,1.5
24.08.2021 01:43:30.098,6.33502,6.33432,1,1.5
24.08.2021 01:43:30.404,6.33502,6.33432,1.12,1.5
24.08.2021 01:44:05.306,6.335030000000001,6.33431,1.5,1
24.08.2021 01:44:06.739,6.33502,6.33432,1.12,1.5
24.08.2021 01:44:06.941,6.33502,6.33432,1.5,1
24.08.2021 01:44:19.422,6.33509,6.334230000000001,1,1.5
24.08.2021 01:44:30.527,6.33502,6.33432,1.5,1
24.08.2021 01:44:40.085,6.33502,6.33432,1.5,1
24.08.2021 01:44:40.135,6.33509,6.33422,1,1
24.08.2021 01:45:00.547,6.33502,6.33432,1.5,1
24.08.2021 01:45:00.871,6.33495,6.334230000000001,1,1.5
24.08.2021 01:45:01.160,6.334840000000001,6.33412,1,2
24.08.2021 01:45:01.311,6.33483,6.334130000000001,1.5,1.87
24.08.2021 01:45:01.508,6.334840000000001,6.33412,1,2
24.08.2021 01:45:01.918,6.33491,6.334210000000001,1,1.5
24.08.2021 01:45:04.628,6.33491,6.334210000000001,1,1.5
24.08.2021 01:45:18.180,6.33491,6.334230000000001,1,1
24.08.2021 01:45:31.917,6.33504,6.334230000000001,1.5,1
24.08.2021 01:45:32.266,6.33492,6.33422,1,1
24.08.2021 01:45:34.275,6.33491,6.334230000000001,1,1
24.08.2021 01:45:37.436,6.33483,6.3342,1,1
24.08.2021 01:45:38.638,6.33495,6.334230000000001,1,1.5
24.08.2021 01:45:42.105,6.3349400000000005,6.33424,1,1.5
24.08.2021 01:45:50.213,6.3349400000000005,6.33424,1,2
24.08.2021 01:45:51.625,6.3349400000000005,6.33424,1,2
24.08.2021 01:45:52.451,6.3349400000000005,6.33424,1,2
24.08.2021 01:45:52.606,6.3349400000000005,6.33424,1,2
24.08.2021 01:46:01.793,6.3349400000000005,6.33424,1,1.5
24.08.2021 01:46:01.975,6.3349400000000005,6.33424,1,1.5
24.08.2021 01:46:04.204,6.3350800000000005,6.33424,1,1.5
24.08.2021 01:46:08.662,6.3349400000000005,6.33424,1,2
24.08.2021 01:46:08.752,6.33495,6.334230000000001,1,2
24.08.2021 01:46:08.802,6.335050000000001,6.334350000000001,1.5,1.5
24.08.2021 01:46:08.903,6.33516,6.33446,1.5,1
24.08.2021 01:46:09.004,6.33516,6.33446,1,1.5
24.08.2021 01:46:09.478,6.33526,6.33456,1.5,1.12
24.08.2021 01:46:10.105,6.33527,6.33455,1,1.5
24.08.2021 01:46:17.279,6.33521,6.3345,1,1
24.08.2021 01:46:23.625,6.3352,6.3345,1,1.5
24.08.2021 01:46:26.384,6.335140000000001,6.33434,1,1.5
24.08.2021 01:46:26.493,6.335030000000001,6.3343300000000005,1,1.5
24.08.2021 01:46:26.544,6.33502,6.33434,1,1.5
24.08.2021 01:46:31.433,6.335100000000001,6.3344000000000005,1.5,1
24.08.2021 01:46:31.484,6.335100000000001,6.3344000000000005,1,1.5
24.08.2021 01:46:31.668,6.335100000000001,6.3344000000000005,1.5,1
24.08.2021 01:46:34.966,6.335030000000001,6.3343300000000005,1,1.5
24.08.2021 01:46:54.113,6.33502,6.33434,1,1.5
24.08.2021 01:46:54.164,6.335240000000001,6.33438,1.5,1
24.08.2021 01:46:54.264,6.335100000000001,6.33443,1.5,1
24.08.2021 01:46:54.315,6.33518,6.334480000000001,1.5,1
24.08.2021 01:46:54.379,6.335100000000001,6.33443,1,1
24.08.2021 01:46:54.544,6.335100000000001,6.3344000000000005,1.5,1.5
24.08.2021 01:46:54.644,6.33511,6.334390000000001,1.5,1
24.08.2021 01:46:58.675,6.33504,6.33434,1,1.5
24.08.2021 01:46:58.787,6.335140000000001,6.33442,1.12,1.5
24.08.2021 01:46:58.950,6.33513,6.33443,1,1.5
24.08.2021 01:46:59.051,6.33513,6.334480000000001,1,1
24.08.2021 01:46:59.152,6.335240000000001,6.3345400000000005,1,1.5
24.08.2021 01:47:00.106,6.335240000000001,6.3345400000000005,1,1.5
24.08.2021 01:47:13.202,6.335280000000001,6.33469,1.12,1
24.08.2021 01:47:19.012,6.3352900000000005,6.334580000000001,1,1.5
24.08.2021 01:47:30.362,6.335280000000001,6.33459,1.12,1.5
24.08.2021 01:47:35.555,6.33522,6.3345400000000005,1,1
24.08.2021 01:47:43.094,6.33522,6.33452,1,1.5
24.08.2021 01:47:43.195,6.335280000000001,6.334490000000001,1.5,1.5
24.08.2021 01:47:43.251,6.335280000000001,6.334490000000001,1.5,1.5
24.08.2021 01:47:49.927,6.335280000000001,6.334530000000001,1.12,1
24.08.2021 01:48:00.869,6.335280000000001,6.3346,1,1
24.08.2021 01:48:01.056,6.335280000000001,6.33467,1,1
24.08.2021 01:48:04.001,6.335280000000001,6.33469,1,1
24.08.2021 01:48:04.193,6.335280000000001,6.33477,1,1.5
24.08.2021 01:48:11.105,6.335280000000001,6.33477,1,1.5
24.08.2021 01:48:25.287,6.3352900000000005,6.33485,1,1
24.08.2021 01:48:28.284,6.335280000000001,6.3347500000000005,1,1.5
24.08.2021 01:48:53.606,6.335280000000001,6.33483,1,1
24.08.2021 01:48:57.790,6.335280000000001,6.33474,1,1
24.08.2021 01:48:58.402,6.335280000000001,6.33472,1,1.5
24.08.2021 01:48:58.685,6.335280000000001,6.33474,1,1
24.08.2021 01:48:59.456,6.335280000000001,6.33474,1,1
24.08.2021 01:48:59.685,6.335280000000001,6.33474,1,1
24.08.2021 01:49:00.109,6.335280000000001,6.33471,1,1
24.08.2021 01:49:00.298,6.335280000000001,6.33459,1,1.5
24.08.2021 01:49:07.606,6.335280000000001,6.33459,1,1.5
24.08.2021 01:49:24.928,6.335280000000001,6.33455,1.12,1.5
24.08.2021 01:49:31.937,6.335280000000001,6.33459,1,1.5
24.08.2021 01:49:32.763,6.335280000000001,6.334630000000001,1,1
24.08.2021 01:49:32.873,6.335280000000001,6.33481,1,1.12
24.08.2021 01:49:41.053,6.3352900000000005,6.3348,1,1.5
24.08.2021 01:49:41.839,6.335280000000001,6.33473,1,1.12
24.08.2021 01:49:42.091,6.335280000000001,6.33466,1,1
24.08.2021 01:49:42.227,6.335280000000001,6.33465,1,1
24.08.2021 01:49:42.328,6.335280000000001,6.334580000000001,1.5,1.5
24.08.2021 01:49:50.606,6.335280000000001,6.334580000000001,1.5,1.5
24.08.2021 01:50:01.393,6.335280000000001,6.33467,1,1
24.08.2021 01:50:10.077,6.3352900000000005,6.334580000000001,1,1.5
24.08.2021 01:50:10.334,6.335280000000001,6.33459,1,1.5
24.08.2021 01:50:10.574,6.3352900000000005,6.334580000000001,1,1.5
24.08.2021 01:50:11.712,6.335280000000001,6.33459,1,1.5
24.08.2021 01:50:12.849,6.335280000000001,6.33462,1,1
24.08.2021 01:50:12.950,6.3352900000000005,6.33465,1,1
24.08.2021 01:50:13.434,6.335280000000001,6.33466,1,1
24.08.2021 01:50:18.643,6.3352900000000005,6.33469,1,1
24.08.2021 01:50:26.009,6.335280000000001,6.33477,1,1.5
24.08.2021 01:50:33.103,6.335280000000001,6.33485,1,1.5
24.08.2021 01:50:37.853,6.3352900000000005,6.3348,1,1
24.08.2021 01:50:38.480,6.335280000000001,6.33472,1,1.62
24.08.2021 01:50:40.105,6.335280000000001,6.33472,1,1.62
24.08.2021 01:50:47.855,6.335280000000001,6.33472,1,1.62
24.08.2021 01:50:52.219,6.335280000000001,6.33477,1,1
24.08.2021 01:51:33.796,6.335280000000001,6.33486,1,1
24.08.2021 01:51:34.796,6.335280000000001,6.33486,1,1
24.08.2021 01:51:39.882,6.335280000000001,6.33486,1,1
24.08.2021 01:51:40.033,6.335590000000001,6.33499,1,1
24.08.2021 01:51:40.083,6.335590000000001,6.335,1,1
24.08.2021 01:51:40.326,6.33572,6.335030000000001,1,1
24.08.2021 01:51:48.715,6.33589,6.3350800000000005,1,1
24.08.2021 01:52:00.225,6.335780000000001,6.3350800000000005,1,1.5
24.08.2021 01:52:01.886,6.335780000000001,6.3350800000000005,1.12,1.5
24.08.2021 01:52:02.099,6.335780000000001,6.3350800000000005,1,1.5
24.08.2021 01:52:12.000,6.335780000000001,6.335100000000001,1,1.5
24.08.2021 01:52:12.050,6.33596,6.33509,1,1.5
24.08.2021 01:52:12.151,6.33592,6.335100000000001,1,1
24.08.2021 01:52:31.372,6.335780000000001,6.3350800000000005,1,1.5
24.08.2021 01:52:31.473,6.33591,6.33521,1.5,1.5
24.08.2021 01:52:31.624,6.33591,6.33521,1.5,1.62
24.08.2021 01:52:31.725,6.3358300000000005,6.33521,1,1
24.08.2021 01:52:32.306,6.33584,6.33512,1,1.5
24.08.2021 01:52:51.565,6.335940000000001,6.33507,1,1.5
24.08.2021 01:52:54.056,6.33575,6.3350800000000005,1,1
24.08.2021 01:53:02.507,6.33575,6.335050000000001,1,1.5
