Gmt time,Ask,Bid,AskVolume,BidVolume
25.08.2021 00:00:00.026,6.32817,6.327330000000001,1,1.62
25.08.2021 00:00:00.268,6.32817,6.327330000000001,1,1
25.08.2021 00:00:00.862,6.328080000000001,6.3273,1.7,1
25.08.2021 00:00:00.912,6.32807,6.327230000000001,1,1
25.08.2021 00:00:01.325,6.328030000000001,6.32717,1.5,1.62
25.08.2021 00:00:01.647,6.32797,6.32722,1,1
25.08.2021 00:00:02.244,6.32791,6.32712,1,1
25.08.2021 00:00:04.014,6.32788,6.32713,1,1
25.08.2021 00:00:06.448,6.32787,6.32713,1,1
25.08.2021 00:00:06.862,6.32787,6.32713,1,1
25.08.2021 00:00:07.013,6.3276900000000005,6.32692,1.2,1
25.08.2021 00:00:07.064,6.32767,6.326930000000001,1,1
25.08.2021 00:00:10.100,6.32767,6.3269,1,1.5
25.08.2021 00:00:10.316,6.327680000000001,6.326790000000001,1.7,1.5
25.08.2021 00:00:10.865,6.32766,6.32674,1.5,1.5
25.08.2021 00:00:11.167,6.32757,6.32683,1,1
25.08.2021 00:00:14.109,6.32757,6.32683,1,1
25.08.2021 00:00:14.263,6.3275500000000005,6.32673,1.5,1
25.08.2021 00:00:14.502,6.32747,6.32673,1,1
25.08.2021 00:00:15.105,6.32757,6.32673,1,1.77
25.08.2021 00:00:15.278,6.32758,6.32681,1,1
25.08.2021 00:00:15.328,6.32757,6.32683,1,1
25.08.2021 00:00:21.377,6.32757,6.32677,1,1
25.08.2021 00:00:21.481,6.3275500000000005,6.32673,1,1.77
25.08.2021 00:00:21.582,6.32749,6.32671,1.5,1
25.08.2021 00:00:21.632,6.32747,6.326630000000001,1,1.77
25.08.2021 00:00:22.847,6.32747,6.326630000000001,1,1.77
25.08.2021 00:00:25.197,6.32737,6.326630000000001,1,1.2
25.08.2021 00:00:25.306,6.32737,6.326530000000001,1,1.62
25.08.2021 00:00:25.357,6.3272900000000005,6.326530000000001,1,1.62
25.08.2021 00:00:25.440,6.32737,6.326530000000001,1,1.62
25.08.2021 00:00:26.378,6.32727,6.32646,1,1
25.08.2021 00:00:26.589,6.32726,6.326440000000001,1,1
25.08.2021 00:00:26.787,6.32725,6.32643,1,1
25.08.2021 00:00:30.044,6.32718,6.3263300000000005,1,1
25.08.2021 00:00:30.145,6.3270800000000005,6.3263300000000005,1,1
25.08.2021 00:00:30.296,6.32697,6.32631,1,1
25.08.2021 00:00:30.346,6.326980000000001,6.3261400000000005,1,1.5
25.08.2021 00:00:30.397,6.327,6.326230000000001,1,1.7
25.08.2021 00:00:30.497,6.32707,6.326230000000001,1.62,2.15
25.08.2021 00:00:30.598,6.32707,6.326230000000001,1.62,2.15
25.08.2021 00:00:32.117,6.326980000000001,6.326230000000001,1.2,1
25.08.2021 00:00:32.273,6.32687,6.32615,1,1.5
25.08.2021 00:00:36.175,6.32687,6.32616,1,1
25.08.2021 00:00:36.282,6.3270100000000005,6.326230000000001,1.5,1.27
25.08.2021 00:00:36.332,6.3270100000000005,6.3263300000000005,1,1
25.08.2021 00:00:43.272,6.32707,6.326230000000001,1,1.77
25.08.2021 00:00:51.574,6.327140000000001,6.3263300000000005,1,1
25.08.2021 00:01:02.136,6.32707,6.326230000000001,1,1
25.08.2021 00:01:02.316,6.32697,6.3261400000000005,1,1
25.08.2021 00:01:02.367,6.32687,6.326130000000001,1,1
25.08.2021 00:01:08.432,6.326980000000001,6.32603,1.7,1.7
25.08.2021 00:01:08.634,6.326790000000001,6.32603,1,1.7
25.08.2021 00:01:08.687,6.32687,6.32603,1.62,1.77
25.08.2021 00:01:20.803,6.326880000000001,6.32602,1,1.77
25.08.2021 00:01:27.733,6.32681,6.32602,1,1
25.08.2021 00:01:27.940,6.3266800000000005,6.3259300000000005,1.7,1
25.08.2021 00:01:28.141,6.32667,6.325830000000001,1.5,1
25.08.2021 00:01:31.868,6.32667,6.325830000000001,1.5,1.77
25.08.2021 00:01:32.152,6.32667,6.3259300000000005,1,1
25.08.2021 00:01:32.620,6.32667,6.3259300000000005,1,1
25.08.2021 00:01:34.362,6.32665,6.325830000000001,1,1
25.08.2021 00:01:35.889,6.32666,6.32582,1,1
25.08.2021 00:01:38.686,6.32665,6.325830000000001,1,1
25.08.2021 00:01:38.888,6.32665,6.325830000000001,1,1
25.08.2021 00:01:39.924,6.32659,6.325830000000001,1,1
25.08.2021 00:01:40.125,6.32655,6.325730000000001,1,1.77
25.08.2021 00:01:44.381,6.32647,6.325730000000001,1.5,1
25.08.2021 00:01:44.483,6.32637,6.32563,1,1
25.08.2021 00:01:44.534,6.32632,6.325550000000001,1,1.62
25.08.2021 00:01:44.634,6.32632,6.325550000000001,1,1.12
25.08.2021 00:01:45.292,6.3263300000000005,6.32554,1,1.62
25.08.2021 00:01:45.410,6.32632,6.325550000000001,1,1.12
25.08.2021 00:01:48.527,6.326230000000001,6.325430000000001,1,1.77
25.08.2021 00:01:48.577,6.32619,6.32537,1,1
25.08.2021 00:01:48.684,6.32617,6.325340000000001,1,1
25.08.2021 00:01:48.792,6.3261,6.325340000000001,1,1
25.08.2021 00:01:48.842,6.32607,6.325330000000001,1,1
25.08.2021 00:01:49.043,6.32607,6.325330000000001,1,1
25.08.2021 00:01:49.222,6.32607,6.32531,1,1
25.08.2021 00:01:49.759,6.32607,6.325330000000001,1,1
25.08.2021 00:01:51.581,6.32617,6.325480000000001,1,1.5
25.08.2021 00:01:51.682,6.32636,6.3255300000000005,1,1.27
25.08.2021 00:01:51.783,6.32637,6.32558,1.62,1.5
25.08.2021 00:01:57.391,6.32642,6.32563,1,1
25.08.2021 00:01:58.172,6.32643,6.32562,1,1
25.08.2021 00:01:58.372,6.32642,6.32563,1,1
25.08.2021 00:02:02.334,6.32642,6.32563,1,1
25.08.2021 00:02:06.650,6.3265,6.32566,1,1
25.08.2021 00:02:06.760,6.32656,6.325730000000001,1,1.77
25.08.2021 00:02:06.888,6.32656,6.325830000000001,1,1
25.08.2021 00:02:09.709,6.32652,6.32566,1,1.5
25.08.2021 00:02:09.887,6.32641,6.32566,1,1.5
25.08.2021 00:02:09.938,6.32641,6.32566,1,1
25.08.2021 00:02:11.395,6.32642,6.32565,1,1.5
25.08.2021 00:02:12.328,6.32646,6.32563,1,1.77
25.08.2021 00:02:13.446,6.32646,6.3257,1,1
25.08.2021 00:02:16.406,6.32646,6.32563,1,1.7
25.08.2021 00:02:17.119,6.32646,6.3257,1,1
25.08.2021 00:02:18.699,6.32646,6.32563,1.5,1.77
25.08.2021 00:02:18.754,6.32646,6.32563,1.5,1.77
25.08.2021 00:02:18.947,6.32642,6.32562,1,1.77
25.08.2021 00:02:21.104,6.32636,6.3255300000000005,1,1.77
25.08.2021 00:02:21.306,6.32637,6.32563,1,1.7
25.08.2021 00:02:23.162,6.32637,6.32554,1,1
25.08.2021 00:02:23.332,6.32638,6.32562,1,1
25.08.2021 00:02:25.892,6.32638,6.32563,1,1
25.08.2021 00:02:29.777,6.32647,6.32571,1.5,1
25.08.2021 00:02:30.217,6.3265400000000005,6.325730000000001,1,1
25.08.2021 00:02:30.418,6.3265400000000005,6.325730000000001,1,1
25.08.2021 00:02:32.283,6.32647,6.325730000000001,1,1
25.08.2021 00:02:33.960,6.32647,6.325730000000001,1,1
25.08.2021 00:02:38.471,6.3265400000000005,6.325730000000001,1,1
25.08.2021 00:02:43.156,6.3265400000000005,6.325780000000001,1,1
25.08.2021 00:02:44.223,6.32657,6.325830000000001,1,1
25.08.2021 00:03:09.714,6.3266800000000005,6.325830000000001,1,1.77
25.08.2021 00:03:09.765,6.32669,6.325900000000001,1,1
25.08.2021 00:03:09.865,6.3267500000000005,6.32596,1.5,1
25.08.2021 00:03:09.966,6.32681,6.32603,1,1.27
25.08.2021 00:03:10.017,6.32681,6.32603,1,1.7
25.08.2021 00:03:10.067,6.32681,6.32607,1,1
25.08.2021 00:03:11.415,6.32697,6.3261400000000005,1,1
25.08.2021 00:03:11.515,6.32697,6.326230000000001,1,1
25.08.2021 00:03:12.647,6.32699,6.32624,1,1
25.08.2021 00:03:12.798,6.3270800000000005,6.32632,1,1
25.08.2021 00:03:12.949,6.327140000000001,6.32638,1,1
25.08.2021 00:03:17.151,6.327140000000001,6.3263300000000005,1,1
25.08.2021 00:03:17.827,6.327140000000001,6.3263300000000005,1,1.77
25.08.2021 00:03:19.056,6.327140000000001,6.3263300000000005,1,1
25.08.2021 00:03:31.428,6.327140000000001,6.32629,1,1
25.08.2021 00:03:31.579,6.32699,6.32625,1,1
25.08.2021 00:03:35.143,6.326980000000001,6.32615,1,2
25.08.2021 00:03:35.740,6.326960000000001,6.32616,1.5,1.5
25.08.2021 00:03:48.278,6.326960000000001,6.32619,1.5,1
25.08.2021 00:03:55.625,6.32699,6.326230000000001,1,1.77
25.08.2021 00:03:55.830,6.3270100000000005,6.326230000000001,1.5,1.77
25.08.2021 00:03:55.931,6.32699,6.32627,1,1
25.08.2021 00:03:55.981,6.326960000000001,6.326230000000001,1.12,1
25.08.2021 00:03:56.031,6.326960000000001,6.32622,1.5,1
25.08.2021 00:03:57.892,6.326960000000001,6.32619,1.5,1
25.08.2021 00:03:58.295,6.32707,6.326230000000001,1.62,1.77
25.08.2021 00:03:58.346,6.32707,6.32631,1.5,1
25.08.2021 00:03:58.957,6.32702,6.32626,1,1
25.08.2021 00:03:59.058,6.32702,6.326230000000001,1,1
25.08.2021 00:03:59.158,6.32695,6.326130000000001,1,1.77
25.08.2021 00:04:00.120,6.326840000000001,6.326130000000001,1,1
25.08.2021 00:04:00.276,6.32682,6.32605,1,1
25.08.2021 00:04:00.326,6.32682,6.32603,1,1.77
25.08.2021 00:04:02.342,6.326840000000001,6.32603,1.5,1.77
25.08.2021 00:04:02.493,6.32678,6.32603,1.77,1
25.08.2021 00:04:03.784,6.32669,6.325950000000001,1,1
25.08.2021 00:04:04.184,6.32677,6.325950000000001,1,1
25.08.2021 00:04:05.481,6.32677,6.325950000000001,1,1
25.08.2021 00:04:12.711,6.32677,6.32603,1,1.2
25.08.2021 00:04:12.762,6.32683,6.32603,1.5,1.7
25.08.2021 00:04:12.848,6.326840000000001,6.32612,1.5,1.27
25.08.2021 00:04:12.898,6.326840000000001,6.32612,1.5,1
25.08.2021 00:04:18.652,6.3268,6.326130000000001,1,1
25.08.2021 00:04:18.703,6.32674,6.32598,1,1.62
25.08.2021 00:04:18.754,6.3266800000000005,6.32598,1.7,1.12
25.08.2021 00:04:18.855,6.32666,6.325830000000001,1,2.52
25.08.2021 00:04:19.826,6.32666,6.32582,1,2.52
25.08.2021 00:04:30.070,6.3265,6.32582,1,1
25.08.2021 00:04:30.121,6.326480000000001,6.325730000000001,1.5,1.7
25.08.2021 00:04:30.222,6.32647,6.3257200000000005,1,1
25.08.2021 00:04:30.405,6.32647,6.32565,1,1
25.08.2021 00:04:34.109,6.32638,6.32563,1.2,1.62
25.08.2021 00:04:34.160,6.32637,6.32563,1,1.12
25.08.2021 00:04:38.552,6.32637,6.3256000000000006,1.5,1
25.08.2021 00:04:39.990,6.32638,6.32552,1.5,1.77
25.08.2021 00:04:40.944,6.32638,6.32552,1.5,1.77
25.08.2021 00:04:47.892,6.32637,6.3255300000000005,1.5,1.77
25.08.2021 00:04:51.598,6.326280000000001,6.3255,1.77,1
25.08.2021 00:04:51.698,6.32627,6.32542,1,1.77
25.08.2021 00:04:51.900,6.32617,6.32536,1,1
25.08.2021 00:04:52.233,6.32616,6.325330000000001,1,1.77
25.08.2021 00:04:54.396,6.326080000000001,6.325330000000001,1.7,1
25.08.2021 00:04:54.556,6.32607,6.32528,1,1
25.08.2021 00:05:00.937,6.325990000000001,6.32522,1.27,1
25.08.2021 00:05:01.038,6.32597,6.32521,1,1
25.08.2021 00:05:01.902,6.32601,6.32523,1,1.77
25.08.2021 00:05:07.453,6.325880000000001,6.32523,1,2.52
25.08.2021 00:05:09.974,6.325880000000001,6.325290000000001,1,1
25.08.2021 00:05:11.597,6.32589,6.32522,1,2.52
25.08.2021 00:05:16.392,6.325880000000001,6.32523,1,2.52
25.08.2021 00:05:16.854,6.325880000000001,6.32532,1,1
25.08.2021 00:05:17.056,6.325880000000001,6.32523,1,2.52
25.08.2021 00:05:22.840,6.3260000000000005,6.32535,1.12,1
25.08.2021 00:05:26.446,6.32589,6.325240000000001,1.5,1
25.08.2021 00:05:26.552,6.325880000000001,6.32521,1.12,1
25.08.2021 00:05:26.602,6.32576,6.325130000000001,1,1
25.08.2021 00:05:26.653,6.32576,6.3251100000000005,1,1.5
25.08.2021 00:05:26.836,6.32576,6.3251100000000005,1.5,1
25.08.2021 00:05:26.937,6.32566,6.325030000000001,1,1.77
25.08.2021 00:05:30.410,6.32566,6.325030000000001,1,1.77
25.08.2021 00:05:34.299,6.32566,6.32501,1,1.12
25.08.2021 00:05:34.400,6.32567,6.325,1.5,1
25.08.2021 00:05:34.724,6.32559,6.32496,1,1
25.08.2021 00:05:41.015,6.32558,6.325030000000001,1,1.2
25.08.2021 00:05:42.055,6.32558,6.32493,1,2.52
25.08.2021 00:05:44.964,6.32558,6.325,1,1
25.08.2021 00:05:45.014,6.32576,6.325,1,1
25.08.2021 00:05:45.919,6.32576,6.324990000000001,1,1
25.08.2021 00:05:50.494,6.32552,6.32493,1,1
25.08.2021 00:05:50.668,6.32552,6.32487,1,1.5
25.08.2021 00:05:50.718,6.32545,6.32483,1,1
25.08.2021 00:05:50.769,6.32545,6.32483,1,1
25.08.2021 00:05:51.632,6.32545,6.32483,1,1
25.08.2021 00:05:54.599,6.3255,6.3248500000000005,1,1.5
25.08.2021 00:05:54.757,6.3255,6.3248500000000005,1,1.5
25.08.2021 00:05:55.061,6.3255,6.3248500000000005,1,1.5
25.08.2021 00:05:55.267,6.3255,6.3248500000000005,1,1.12
25.08.2021 00:06:00.000,6.32544,6.32483,1,1
25.08.2021 00:06:00.051,6.32544,6.32482,1,1
25.08.2021 00:06:00.410,6.32544,6.32479,1,1.5
25.08.2021 00:06:02.840,6.3255,6.3248500000000005,1.12,1
25.08.2021 00:06:02.940,6.32542,6.32477,1,1.5
25.08.2021 00:06:03.134,6.3255300000000005,6.32488,1.5,1
25.08.2021 00:06:03.235,6.3255300000000005,6.32488,1,1.5
25.08.2021 00:06:03.756,6.3255300000000005,6.32493,1,1.77
25.08.2021 00:06:06.026,6.3256000000000006,6.32495,1,1.5
25.08.2021 00:06:06.127,6.32561,6.324940000000001,1,1
25.08.2021 00:06:06.177,6.3255300000000005,6.32488,1,1.5
25.08.2021 00:06:06.278,6.3255300000000005,6.32488,1,1
25.08.2021 00:06:06.328,6.32545,6.324800000000001,1,1.5
25.08.2021 00:06:07.164,6.32545,6.324800000000001,1,1.5
25.08.2021 00:06:11.392,6.32545,6.324800000000001,1,1
25.08.2021 00:06:12.489,6.325430000000001,6.32476,1,1.5
25.08.2021 00:06:12.604,6.32541,6.32476,1,1.5
25.08.2021 00:06:19.952,6.32549,6.32484,1.5,1
25.08.2021 00:06:20.053,6.32549,6.32491,1,1
25.08.2021 00:06:20.402,6.32567,6.32502,1,1
25.08.2021 00:06:21.737,6.32568,6.32501,1,1.5
25.08.2021 00:06:21.888,6.32589,6.32522,1,1
25.08.2021 00:06:21.991,6.325880000000001,6.32523,1,2.15
25.08.2021 00:06:22.092,6.325880000000001,6.325330000000001,1,1.2
25.08.2021 00:06:22.142,6.325880000000001,6.32523,1,2.52
25.08.2021 00:06:22.281,6.32606,6.32541,1.62,1
25.08.2021 00:06:22.332,6.32607,6.3254,1,1.5
25.08.2021 00:06:22.382,6.32607,6.3254,1.5,1
25.08.2021 00:06:23.410,6.32596,6.32531,1,1.5
25.08.2021 00:06:38.168,6.326040000000001,6.3253900000000005,1.5,1
25.08.2021 00:06:38.276,6.326040000000001,6.3253900000000005,1,1.5
25.08.2021 00:06:39.579,6.326090000000001,6.32542,1,1
25.08.2021 00:06:40.580,6.326080000000001,6.325430000000001,1,2.52
25.08.2021 00:06:40.630,6.326180000000001,6.3255300000000005,1,1
25.08.2021 00:06:41.561,6.326180000000001,6.3255300000000005,1,1.5
25.08.2021 00:06:42.066,6.326180000000001,6.3255300000000005,1,1.5
25.08.2021 00:06:44.239,6.326180000000001,6.3255300000000005,1.5,1.5
25.08.2021 00:06:44.343,6.326180000000001,6.3255300000000005,1,1.5
25.08.2021 00:06:44.447,6.326180000000001,6.3255300000000005,1.5,1.5
25.08.2021 00:06:44.550,6.326180000000001,6.3255300000000005,1,1.5
25.08.2021 00:06:52.052,6.326180000000001,6.3255300000000005,1.5,1.5
25.08.2021 00:06:52.154,6.32619,6.32552,1,1.5
25.08.2021 00:06:55.389,6.326180000000001,6.3255300000000005,1,1
25.08.2021 00:06:56.426,6.32617,6.3255,1,1.5
25.08.2021 00:07:01.054,6.32616,6.3255300000000005,1,1.2
25.08.2021 00:07:01.318,6.32616,6.32551,1,1.5
25.08.2021 00:07:03.054,6.32616,6.32551,1,1.5
25.08.2021 00:07:06.121,6.32616,6.32551,1,1.5
25.08.2021 00:07:06.317,6.32616,6.32552,1,1
25.08.2021 00:07:10.634,6.32622,6.32557,1.5,1
25.08.2021 00:07:15.310,6.326280000000001,6.32542,1.5,1.77
25.08.2021 00:07:15.477,6.32619,6.32554,1.62,1
25.08.2021 00:07:15.530,6.32619,6.32554,1.12,1
25.08.2021 00:07:15.685,6.32611,6.3254600000000005,1,1.5
25.08.2021 00:07:16.893,6.32611,6.3254600000000005,1,1.5
25.08.2021 00:07:23.182,6.32627,6.3255300000000005,1,1.65
25.08.2021 00:07:24.048,6.32611,6.3254600000000005,1,1.5
25.08.2021 00:07:24.461,6.32612,6.32547,1,1
25.08.2021 00:07:31.381,6.326280000000001,6.32552,1,1.77
25.08.2021 00:07:34.488,6.32624,6.32563,1.12,1.27
25.08.2021 00:07:34.589,6.32624,6.32563,1,1.77
25.08.2021 00:07:34.639,6.326440000000001,6.32577,1.5,1
25.08.2021 00:07:36.318,6.32643,6.325780000000001,1.5,1
25.08.2021 00:07:36.419,6.32643,6.325780000000001,1,1
25.08.2021 00:07:48.370,6.32647,6.32563,1,1.77
25.08.2021 00:07:51.265,6.326350000000001,6.3257,1,1.5
25.08.2021 00:07:51.415,6.32619,6.3256000000000006,1,1
25.08.2021 00:07:51.516,6.3262,6.3255300000000005,1.5,1
25.08.2021 00:07:51.566,6.326130000000001,6.3254600000000005,1,1.5
25.08.2021 00:07:51.717,6.326130000000001,6.3254600000000005,1.5,1
25.08.2021 00:07:52.812,6.32603,6.325380000000001,1,1.12
25.08.2021 00:07:54.323,6.32603,6.325380000000001,1.5,1
25.08.2021 00:07:54.574,6.32601,6.325380000000001,1,1
25.08.2021 00:07:54.707,6.32603,6.325380000000001,1.5,1
25.08.2021 00:07:57.348,6.325950000000001,6.3253,1,1.5
25.08.2021 00:07:57.503,6.32596,6.325290000000001,1,1
25.08.2021 00:07:58.069,6.32597,6.32523,1,1.77
25.08.2021 00:07:58.119,6.32597,6.32565,1,1
25.08.2021 00:07:58.221,6.326230000000001,6.32563,1.7,1
25.08.2021 00:07:58.271,6.32651,6.32597,1,1
25.08.2021 00:07:58.372,6.3265,6.32585,1,1
25.08.2021 00:07:58.476,6.32651,6.32584,1,1.5
25.08.2021 00:07:58.677,6.32655,6.325900000000001,1.5,1
25.08.2021 00:08:00.712,6.32657,6.32592,1.5,1
25.08.2021 00:08:01.826,6.32645,6.325830000000001,1,1.77
25.08.2021 00:08:08.086,6.3266100000000005,6.32594,1.5,1
25.08.2021 00:08:08.187,6.326890000000001,6.32622,1.5,1.12
25.08.2021 00:08:08.237,6.326930000000001,6.326280000000001,1.5,1
25.08.2021 00:08:08.338,6.326930000000001,6.326280000000001,1,1.5
25.08.2021 00:08:12.988,6.32697,6.3263300000000005,1,1.77
25.08.2021 00:08:13.038,6.32697,6.3264000000000005,1,1
25.08.2021 00:08:13.634,6.32697,6.3263300000000005,1,1.77
25.08.2021 00:08:14.347,6.327,6.326350000000001,1,1.5
25.08.2021 00:08:15.934,6.32697,6.3263300000000005,1,1.77
25.08.2021 00:08:16.523,6.32692,6.3263300000000005,1,1.77
25.08.2021 00:08:16.693,6.32692,6.3264000000000005,1,1
25.08.2021 00:08:16.743,6.3269400000000005,6.32643,1,1
25.08.2021 00:08:19.250,6.3269400000000005,6.32643,1,1
25.08.2021 00:08:20.981,6.327050000000001,6.32643,1,1.77
25.08.2021 00:08:21.134,6.32713,6.326480000000001,1,1.12
25.08.2021 00:08:21.296,6.32713,6.326480000000001,1.5,1
25.08.2021 00:08:21.638,6.3270100000000005,6.32643,1,1
25.08.2021 00:08:27.956,6.326930000000001,6.326280000000001,1,1.5
25.08.2021 00:08:28.068,6.326930000000001,6.3263300000000005,1,1
25.08.2021 00:08:37.434,6.327030000000001,6.32636,1,1.12
25.08.2021 00:08:48.362,6.32702,6.32643,1,1.2
25.08.2021 00:08:57.176,6.327030000000001,6.32636,1,1.5
25.08.2021 00:09:03.628,6.32717,6.3263300000000005,1.62,1.77
25.08.2021 00:09:07.460,6.32702,6.32637,1,1.5
25.08.2021 00:09:08.247,6.32702,6.32637,1.5,1
25.08.2021 00:09:11.251,6.327030000000001,6.32642,1.5,1.2
25.08.2021 00:09:16.006,6.32702,6.32643,1.12,1.27
25.08.2021 00:09:17.606,6.32709,6.326440000000001,1.5,1
25.08.2021 00:09:24.710,6.327050000000001,6.32638,1.5,1.12
25.08.2021 00:09:30.531,6.32704,6.326390000000001,1.5,1
25.08.2021 00:09:36.289,6.32704,6.326390000000001,1.5,1
25.08.2021 00:09:36.395,6.327050000000001,6.32642,1.5,1.2
25.08.2021 00:09:38.284,6.327100000000001,6.32643,1.5,1
25.08.2021 00:09:38.917,6.32709,6.326440000000001,1.5,1
25.08.2021 00:09:41.822,6.32709,6.326440000000001,1.5,1
25.08.2021 00:09:47.114,6.3270100000000005,6.32636,1.5,1
25.08.2021 00:09:50.565,6.3270100000000005,6.32634,1.5,1.12
25.08.2021 00:09:56.187,6.32702,6.32637,1.5,1
25.08.2021 00:09:58.135,6.32702,6.32637,1.5,1.5
25.08.2021 00:10:03.563,6.32697,6.3263300000000005,1,1.77
25.08.2021 00:10:04.566,6.32697,6.32632,1.5,1.5
25.08.2021 00:10:04.677,6.32697,6.32632,1.62,1
25.08.2021 00:10:04.777,6.32692,6.32627,1.5,1
25.08.2021 00:10:05.088,6.32685,6.326180000000001,1.5,1
25.08.2021 00:10:05.189,6.32687,6.326280000000001,1,1
25.08.2021 00:10:05.290,6.326930000000001,6.326280000000001,1.5,1
25.08.2021 00:10:05.868,6.326930000000001,6.326280000000001,1.5,1
25.08.2021 00:10:07.866,6.3269400000000005,6.32627,1.5,1
25.08.2021 00:10:08.169,6.326930000000001,6.3263300000000005,1.5,1.2
25.08.2021 00:10:08.219,6.326930000000001,6.326280000000001,1.5,1.5
25.08.2021 00:10:08.270,6.326930000000001,6.3263300000000005,1.5,1.27
25.08.2021 00:10:08.320,6.326930000000001,6.3263300000000005,1,1.77
25.08.2021 00:10:08.672,6.3269400000000005,6.3263300000000005,1,1.77
25.08.2021 00:10:09.849,6.32702,6.32637,1.5,1.12
25.08.2021 00:10:11.351,6.3269400000000005,6.32631,1.5,1
25.08.2021 00:10:11.552,6.3269400000000005,6.32631,1.5,1
25.08.2021 00:10:14.083,6.32695,6.326300000000001,1.5,1
25.08.2021 00:10:14.184,6.32697,6.32632,1.12,1.2
25.08.2021 00:10:14.385,6.326960000000001,6.3263300000000005,1,1.77
25.08.2021 00:10:20.063,6.32707,6.3264000000000005,1.5,1
25.08.2021 00:10:25.529,6.3270100000000005,6.32636,1.12,1.5
25.08.2021 00:10:25.670,6.32702,6.326350000000001,1.5,1
25.08.2021 00:10:27.224,6.3270100000000005,6.32636,1.5,1.5
25.08.2021 00:10:31.560,6.32704,6.326390000000001,1.5,1
25.08.2021 00:10:33.249,6.32704,6.326390000000001,1.5,1.12
25.08.2021 00:10:46.260,6.32706,6.32641,1.5,1
25.08.2021 00:10:54.417,6.327050000000001,6.32641,1.5,1
25.08.2021 00:10:54.569,6.327050000000001,6.32641,1.5,1
25.08.2021 00:11:13.599,6.3270100000000005,6.32636,1.5,1
25.08.2021 00:11:13.650,6.3270100000000005,6.32636,1.5,1
25.08.2021 00:11:13.851,6.32702,6.326350000000001,1.5,1
25.08.2021 00:11:14.803,6.3270100000000005,6.32643,1.5,1.27
25.08.2021 00:11:18.473,6.32707,6.3264000000000005,1.5,1
25.08.2021 00:11:18.594,6.32706,6.32641,1.5,1
25.08.2021 00:11:18.644,6.32706,6.32643,1.5,1.2
25.08.2021 00:11:19.470,6.32706,6.32641,1.5,1
25.08.2021 00:11:20.771,6.32709,6.326440000000001,1.5,1
25.08.2021 00:11:23.292,6.32709,6.326440000000001,1.5,1
25.08.2021 00:11:23.786,6.327030000000001,6.32636,1.5,1
25.08.2021 00:11:28.671,6.327030000000001,6.32636,1.12,1.5
25.08.2021 00:11:39.411,6.32702,6.32637,1.5,1.12
25.08.2021 00:11:43.230,6.32702,6.32643,1.5,1.2
25.08.2021 00:11:43.972,6.32709,6.326530000000001,1.5,1.2
25.08.2021 00:11:44.073,6.32709,6.326630000000001,1,1.2
25.08.2021 00:11:44.652,6.32716,6.326630000000001,1,1.27
25.08.2021 00:11:44.979,6.327330000000001,6.3266800000000005,1.5,1
25.08.2021 00:11:45.062,6.327330000000001,6.3266800000000005,1.5,1
25.08.2021 00:11:47.641,6.3272900000000005,6.32664,1.12,1.5
25.08.2021 00:11:48.081,6.3272900000000005,6.32664,1.5,1
25.08.2021 00:11:48.234,6.327240000000001,6.326630000000001,1,1.27
25.08.2021 00:11:49.606,6.327240000000001,6.326630000000001,1,1.77
25.08.2021 00:11:50.530,6.32732,6.32667,1.5,1
25.08.2021 00:11:59.228,6.327330000000001,6.32666,1.5,1.12
25.08.2021 00:12:01.347,6.32744,6.32677,1.5,1
25.08.2021 00:12:01.448,6.3274300000000006,6.32683,1,1.7
25.08.2021 00:12:01.549,6.32744,6.32685,1,1.5
25.08.2021 00:12:01.649,6.327450000000001,6.326930000000001,1,1.7
25.08.2021 00:12:05.345,6.327450000000001,6.326930000000001,1,1.77
25.08.2021 00:12:06.347,6.327630000000001,6.326980000000001,1,1
25.08.2021 00:12:21.090,6.32757,6.32692,1,1.5
25.08.2021 00:12:21.340,6.32757,6.32692,1,1
25.08.2021 00:12:34.251,6.32753,6.326880000000001,1,1.5
25.08.2021 00:12:34.869,6.32748,6.326880000000001,1.7,1
25.08.2021 00:12:34.919,6.32742,6.32677,1,1
25.08.2021 00:12:35.071,6.32742,6.32677,1.5,1
25.08.2021 00:12:35.226,6.3274,6.32677,1,1
25.08.2021 00:12:35.633,6.32742,6.32677,1.5,1
25.08.2021 00:12:35.858,6.32742,6.32677,1.5,1
25.08.2021 00:12:36.874,6.32731,6.32666,1,1.5
25.08.2021 00:12:36.975,6.32732,6.32665,1,1.12
25.08.2021 00:12:38.326,6.32732,6.32665,1,1.5
25.08.2021 00:12:39.574,6.32732,6.32665,1,1.12
25.08.2021 00:12:46.765,6.32731,6.32671,1,1
25.08.2021 00:12:46.931,6.32732,6.32665,1,1.5
25.08.2021 00:12:49.594,6.32731,6.32671,1,1
25.08.2021 00:12:58.162,6.32731,6.32666,1,2
25.08.2021 00:13:05.073,6.32731,6.32666,1,2
25.08.2021 00:13:08.025,6.32739,6.32674,1.5,1
25.08.2021 00:13:14.157,6.32741,6.32676,1.5,1
25.08.2021 00:13:25.914,6.327380000000001,6.32676,1.7,1
25.08.2021 00:13:26.128,6.32737,6.32676,1,1
25.08.2021 00:13:26.296,6.32737,6.32676,1,1
25.08.2021 00:13:27.788,6.32732,6.32667,1.5,1
25.08.2021 00:13:32.297,6.3272900000000005,6.32667,1.5,1
25.08.2021 00:13:32.398,6.32727,6.32667,1,1
25.08.2021 00:13:42.112,6.32727,6.3265400000000005,1,1
25.08.2021 00:13:42.686,6.32727,6.32662,1.5,1
25.08.2021 00:13:43.940,6.32732,6.32667,1.5,1
25.08.2021 00:13:44.049,6.32737,6.32681,1,1
25.08.2021 00:13:44.099,6.3274300000000006,6.32681,1,1
25.08.2021 00:13:44.329,6.32746,6.32681,1.5,1
25.08.2021 00:13:47.488,6.32747,6.326880000000001,1,1
25.08.2021 00:13:52.348,6.327450000000001,6.3268,1.5,1
25.08.2021 00:13:52.398,6.327450000000001,6.3268,1.5,1
25.08.2021 00:13:55.831,6.32741,6.32676,1.5,1
25.08.2021 00:13:55.931,6.327450000000001,6.3268,2,1
25.08.2021 00:13:59.712,6.327380000000001,6.32673,2.15,1
25.08.2021 00:13:59.869,6.32739,6.32672,1.5,1
25.08.2021 00:13:59.964,6.3274,6.32681,1.5,1
25.08.2021 00:14:00.158,6.327380000000001,6.32673,1.5,1
25.08.2021 00:14:00.259,6.327380000000001,6.32673,1,1
25.08.2021 00:14:01.362,6.32746,6.32681,1.5,1
25.08.2021 00:14:01.513,6.32747,6.326880000000001,1,1
25.08.2021 00:14:01.563,6.32748,6.326880000000001,1,1
25.08.2021 00:14:01.678,6.327500000000001,6.326880000000001,1.5,1
25.08.2021 00:14:01.840,6.327500000000001,6.326880000000001,1,1
25.08.2021 00:14:02.608,6.327500000000001,6.32692,1,1
25.08.2021 00:14:03.140,6.32757,6.32692,1.5,1
25.08.2021 00:14:03.199,6.32758,6.32691,1,1.5
25.08.2021 00:14:03.250,6.32761,6.3270800000000005,1.12,1
25.08.2021 00:14:03.699,6.327590000000001,6.3269400000000005,1,1
25.08.2021 00:14:16.909,6.32761,6.326980000000001,1.12,1
25.08.2021 00:14:21.491,6.32753,6.326880000000001,1,1.5
25.08.2021 00:14:22.894,6.32753,6.3269,1,1.5
25.08.2021 00:14:24.119,6.327590000000001,6.3269400000000005,1.62,1
25.08.2021 00:14:24.270,6.32757,6.3269400000000005,1,1
25.08.2021 00:14:24.381,6.327540000000001,6.3269,1,1
25.08.2021 00:14:24.632,6.327540000000001,6.326890000000001,1,1
25.08.2021 00:14:24.733,6.327540000000001,6.326890000000001,1.5,1
25.08.2021 00:14:26.606,6.32757,6.326930000000001,1.62,1
25.08.2021 00:14:26.739,6.32757,6.32692,1.62,1
25.08.2021 00:14:28.390,6.32749,6.326840000000001,1,1
25.08.2021 00:14:28.548,6.32749,6.326840000000001,1.5,1
25.08.2021 00:14:30.845,6.32749,6.326840000000001,1.5,1
25.08.2021 00:14:30.896,6.32739,6.32674,1,1.5
25.08.2021 00:14:30.997,6.327280000000001,6.3266100000000005,1,1.5
25.08.2021 00:14:31.047,6.32727,6.32662,1.5,1
25.08.2021 00:14:31.148,6.32716,6.326580000000001,1,1
25.08.2021 00:14:31.382,6.32716,6.32651,1.5,1
25.08.2021 00:14:31.754,6.32711,6.326440000000001,1.12,1
25.08.2021 00:14:32.269,6.327100000000001,6.32645,1.5,1
25.08.2021 00:14:36.534,6.327100000000001,6.32645,1.5,1
25.08.2021 00:14:36.748,6.327100000000001,6.32645,1.5,1
25.08.2021 00:14:39.563,6.327030000000001,6.32638,1,1.5
25.08.2021 00:14:40.083,6.3270800000000005,6.32643,1,1
25.08.2021 00:14:44.509,6.32709,6.32642,1.5,1
25.08.2021 00:14:48.570,6.3270800000000005,6.32643,1,1.62
25.08.2021 00:14:48.782,6.3270800000000005,6.32643,1,1.12
25.08.2021 00:14:51.102,6.32707,6.32642,1,1.62
25.08.2021 00:14:51.603,6.32707,6.32642,1,1.12
25.08.2021 00:14:54.869,6.32707,6.32642,1.62,1
25.08.2021 00:14:58.505,6.32707,6.32642,1.5,1
25.08.2021 00:15:00.488,6.326960000000001,6.32631,1,2
25.08.2021 00:15:00.538,6.326960000000001,6.32631,1,2
25.08.2021 00:15:01.347,6.326960000000001,6.326300000000001,1,1.5
25.08.2021 00:15:03.300,6.32695,6.326300000000001,1.5,1
25.08.2021 00:15:09.757,6.32695,6.326300000000001,1.5,1
25.08.2021 00:15:11.881,6.327,6.326350000000001,1.5,1
25.08.2021 00:15:12.032,6.3270100000000005,6.32634,1,1.5
25.08.2021 00:15:12.083,6.32707,6.32642,1.12,1
25.08.2021 00:15:18.049,6.32707,6.32643,1.12,1.2
25.08.2021 00:15:18.200,6.32712,6.32647,1.12,1
25.08.2021 00:15:51.991,6.32712,6.32647,1.12,1.5
25.08.2021 00:15:52.092,6.327240000000001,6.32657,1,2
25.08.2021 00:15:52.142,6.32735,6.326630000000001,1.5,1.2
25.08.2021 00:15:52.243,6.3273600000000005,6.32669,1.5,1
25.08.2021 00:15:54.520,6.3273600000000005,6.32672,1.5,1.2
25.08.2021 00:15:54.671,6.32735,6.32673,1,1
25.08.2021 00:15:56.365,6.32735,6.32672,1,1
25.08.2021 00:15:56.579,6.32735,6.326700000000001,1,1.5
25.08.2021 00:15:59.521,6.32735,6.32672,1,1
25.08.2021 00:16:00.432,6.32735,6.326700000000001,1,1.5
25.08.2021 00:16:01.454,6.32727,6.326630000000001,1,1
25.08.2021 00:16:01.555,6.327240000000001,6.3266100000000005,1,1
25.08.2021 00:16:01.605,6.327230000000001,6.32662,1,1
25.08.2021 00:16:01.656,6.3272,6.32655,1.5,1
25.08.2021 00:16:06.509,6.32709,6.3265400000000005,1.2,1
25.08.2021 00:16:06.623,6.3270800000000005,6.32655,1.7,1
25.08.2021 00:16:06.677,6.3270800000000005,6.32643,2.15,1.5
25.08.2021 00:16:08.496,6.327030000000001,6.32641,1,1.5
25.08.2021 00:16:08.659,6.327030000000001,6.32638,1,1.5
25.08.2021 00:16:09.405,6.327030000000001,6.32638,1,1
25.08.2021 00:16:12.225,6.327030000000001,6.32638,1.5,1
25.08.2021 00:16:14.363,6.32697,6.326300000000001,1,1.5
25.08.2021 00:16:16.628,6.32697,6.326300000000001,1,1
25.08.2021 00:16:16.831,6.326960000000001,6.32631,1.5,1
25.08.2021 00:16:21.197,6.32691,6.32626,1,1
25.08.2021 00:16:32.714,6.326890000000001,6.32624,1,1
25.08.2021 00:16:40.661,6.326840000000001,6.32617,1,1.12
25.08.2021 00:16:40.810,6.32683,6.3262,1,1
25.08.2021 00:16:41.167,6.32683,6.3262,1,1.5
25.08.2021 00:16:41.333,6.32683,6.326230000000001,1,1.2
25.08.2021 00:16:42.738,6.326930000000001,6.32626,1.5,1
25.08.2021 00:16:44.894,6.32692,6.32627,1.5,1
25.08.2021 00:16:50.371,6.326890000000001,6.32624,1,1
25.08.2021 00:16:51.894,6.326890000000001,6.32624,1.5,1
25.08.2021 00:16:58.893,6.326890000000001,6.32624,1,1
25.08.2021 00:17:00.269,6.326960000000001,6.32631,1.5,1
25.08.2021 00:17:00.319,6.326960000000001,6.3263300000000005,1,1.77
25.08.2021 00:17:00.476,6.326960000000001,6.32631,1,2
25.08.2021 00:17:01.294,6.326960000000001,6.32631,1.5,1.5
25.08.2021 00:17:06.410,6.327030000000001,6.32636,1.5,1
25.08.2021 00:17:11.886,6.326960000000001,6.32629,1.5,1
25.08.2021 00:17:15.062,6.326960000000001,6.32629,1,1.12
25.08.2021 00:17:15.163,6.326960000000001,6.32629,1,1.62
25.08.2021 00:17:15.314,6.32695,6.3263300000000005,1,1.77
25.08.2021 00:17:15.645,6.327030000000001,6.32638,1.12,1
25.08.2021 00:17:15.765,6.327030000000001,6.32638,1.12,1.5
25.08.2021 00:17:15.866,6.32704,6.32637,1.12,1
25.08.2021 00:17:15.916,6.32704,6.32637,1,1.5
25.08.2021 00:17:20.613,6.32702,6.32638,1.12,1
25.08.2021 00:17:20.663,6.326960000000001,6.32629,1,1.5
25.08.2021 00:17:20.798,6.32695,6.326300000000001,1.5,1
25.08.2021 00:17:36.063,6.32695,6.326300000000001,1,1.5
25.08.2021 00:17:36.173,6.327030000000001,6.32632,1.5,1.27
25.08.2021 00:17:36.223,6.327030000000001,6.32642,1.5,1
25.08.2021 00:17:36.324,6.326980000000001,6.32631,1.12,1
25.08.2021 00:17:36.474,6.32697,6.32632,1.5,1
25.08.2021 00:17:39.960,6.32691,6.32626,1,1.12
25.08.2021 00:17:40.010,6.32691,6.32626,1,1.5
25.08.2021 00:17:40.111,6.326960000000001,6.32631,1.5,1
25.08.2021 00:17:40.168,6.326960000000001,6.32631,2,1
25.08.2021 00:17:40.270,6.326930000000001,6.326280000000001,1,1
25.08.2021 00:17:44.136,6.3269400000000005,6.326300000000001,1,1
25.08.2021 00:17:44.379,6.326930000000001,6.3263300000000005,1,1
25.08.2021 00:17:44.933,6.326930000000001,6.326280000000001,1,1
25.08.2021 00:17:55.047,6.326880000000001,6.326230000000001,1,1.5
25.08.2021 00:17:55.148,6.326880000000001,6.326230000000001,1.62,1
25.08.2021 00:17:55.249,6.32664,6.32603,1,1
25.08.2021 00:17:55.299,6.326630000000001,6.32596,1.5,1.5
25.08.2021 00:17:55.350,6.32662,6.32597,1.5,1
25.08.2021 00:17:55.501,6.32656,6.3259300000000005,1,1
25.08.2021 00:17:55.894,6.32657,6.325900000000001,1,1
25.08.2021 00:17:57.762,6.3265,6.32587,1,1
25.08.2021 00:18:08.153,6.32657,6.32592,1.12,1
25.08.2021 00:18:08.204,6.32678,6.32626,1.7,1
25.08.2021 00:18:08.304,6.326880000000001,6.326090000000001,1,1.62
25.08.2021 00:18:08.405,6.326960000000001,6.32631,1,1.5
25.08.2021 00:18:08.566,6.326960000000001,6.32631,1,1.5
25.08.2021 00:18:13.094,6.32697,6.326300000000001,1,1.5
25.08.2021 00:18:14.331,6.32697,6.326350000000001,1,1.5
25.08.2021 00:18:15.960,6.32704,6.326390000000001,1,1.5
25.08.2021 00:18:16.155,6.32704,6.32642,1,1
25.08.2021 00:18:16.455,6.32704,6.326390000000001,1,1.5
25.08.2021 00:18:17.394,6.327050000000001,6.32638,1,1.5
25.08.2021 00:18:21.437,6.32711,6.32646,1,1
25.08.2021 00:18:26.228,6.32702,6.32643,1,1.77
25.08.2021 00:18:26.555,6.32702,6.32637,1,1.5
25.08.2021 00:18:27.570,6.3269400000000005,6.326350000000001,1,1.5
25.08.2021 00:18:28.349,6.327030000000001,6.32638,1,1.5
25.08.2021 00:18:28.532,6.327030000000001,6.32641,1,1
25.08.2021 00:18:28.682,6.327030000000001,6.32643,1,1
25.08.2021 00:18:36.873,6.327030000000001,6.32643,1,1
25.08.2021 00:18:37.476,6.327100000000001,6.32645,1,1.5
25.08.2021 00:18:37.599,6.32711,6.326440000000001,1.12,1
25.08.2021 00:18:37.822,6.32704,6.32637,1,1.5
25.08.2021 00:18:38.897,6.32695,6.32636,1,1.5
25.08.2021 00:18:40.580,6.32695,6.326300000000001,1,1
25.08.2021 00:18:48.806,6.32695,6.326300000000001,1,1.5
25.08.2021 00:18:48.860,6.3270800000000005,6.32627,1.62,1
25.08.2021 00:18:49.010,6.32707,6.326280000000001,1.62,1
25.08.2021 00:18:50.876,6.3269400000000005,6.32629,1,1.5
25.08.2021 00:18:58.807,6.32699,6.32634,1,1.12
25.08.2021 00:18:58.857,6.32699,6.32634,1,1.5
25.08.2021 00:19:08.102,6.3269400000000005,6.3263300000000005,1,1
25.08.2021 00:19:08.152,6.3269400000000005,6.32629,1.12,1
25.08.2021 00:19:09.119,6.32697,6.326300000000001,1.5,1
25.08.2021 00:19:12.335,6.326880000000001,6.326230000000001,1,1.5
25.08.2021 00:19:12.385,6.326880000000001,6.326230000000001,1,1.12
25.08.2021 00:19:14.428,6.326930000000001,6.326280000000001,1.5,1
25.08.2021 00:19:28.395,6.326930000000001,6.326280000000001,1.12,1
25.08.2021 00:19:32.679,6.32695,6.32631,1.5,1
25.08.2021 00:19:55.647,6.326930000000001,6.326280000000001,1.12,1
25.08.2021 00:20:00.879,6.32687,6.32622,1,1.5
25.08.2021 00:20:03.945,6.32687,6.32622,1,1.5
25.08.2021 00:20:14.291,6.32687,6.32622,1,1.12
25.08.2021 00:20:17.895,6.326880000000001,6.3262100000000006,1,1.5
25.08.2021 00:20:23.360,6.326930000000001,6.326300000000001,1.12,1
25.08.2021 00:20:32.409,6.327,6.326350000000001,1,1.5
25.08.2021 00:20:39.395,6.327,6.326350000000001,1,1.5
25.08.2021 00:20:46.401,6.32711,6.326480000000001,1,1.12
25.08.2021 00:20:46.451,6.32711,6.32659,1,1
25.08.2021 00:20:46.502,6.32727,6.326630000000001,1,1
25.08.2021 00:20:46.602,6.32722,6.32659,1,1
25.08.2021 00:20:46.753,6.327230000000001,6.326580000000001,1,1.5
25.08.2021 00:20:48.112,6.3272900000000005,6.32662,1,1
25.08.2021 00:20:56.740,6.3272900000000005,6.32662,1,1.12
25.08.2021 00:20:56.878,6.327280000000001,6.326630000000001,1,1
25.08.2021 00:21:02.973,6.327230000000001,6.326580000000001,1,2
25.08.2021 00:21:03.074,6.327230000000001,6.326580000000001,1.5,1
25.08.2021 00:21:03.124,6.327140000000001,6.326530000000001,1,1.12
25.08.2021 00:21:03.275,6.327140000000001,6.326490000000001,1.12,1
25.08.2021 00:21:11.515,6.3272,6.32655,1,1.12
25.08.2021 00:21:11.672,6.3272,6.32655,1.5,1
25.08.2021 00:21:12.282,6.327100000000001,6.326480000000001,1,1.5
25.08.2021 00:21:14.894,6.327100000000001,6.32647,1,1
25.08.2021 00:21:22.090,6.327100000000001,6.32645,1,1.5
25.08.2021 00:21:22.804,6.327190000000001,6.326580000000001,1,1.5
25.08.2021 00:21:23.006,6.327190000000001,6.326580000000001,1,1.5
25.08.2021 00:21:23.287,6.3273,6.32665,1.5,1
25.08.2021 00:21:23.337,6.32727,6.32665,1,1
25.08.2021 00:21:24.005,6.32731,6.32664,1,1
25.08.2021 00:21:26.637,6.327230000000001,6.326580000000001,1,1.5
25.08.2021 00:21:26.775,6.327230000000001,6.326580000000001,1.5,1
25.08.2021 00:21:27.021,6.32717,6.32652,1,1.5
25.08.2021 00:21:27.123,6.32726,6.326630000000001,1,1.2
25.08.2021 00:21:27.173,6.32727,6.3266,1,1
25.08.2021 00:21:27.224,6.32726,6.32664,1,1
25.08.2021 00:21:27.325,6.32727,6.326630000000001,1,1.5
25.08.2021 00:21:27.779,6.32726,6.326700000000001,1,1
25.08.2021 00:21:28.213,6.32727,6.32662,1,1.5
25.08.2021 00:21:28.314,6.32727,6.3266,1,1.5
25.08.2021 00:21:28.465,6.3272,6.326580000000001,1,1.5
25.08.2021 00:21:29.183,6.327240000000001,6.32657,1,2
25.08.2021 00:21:31.229,6.32721,6.32662,1,1
25.08.2021 00:21:44.581,6.32732,6.32667,1.12,1
25.08.2021 00:21:44.788,6.327330000000001,6.32666,1,1.5
25.08.2021 00:21:50.397,6.32732,6.32667,1,1.5
25.08.2021 00:22:02.856,6.32747,6.32664,1,1.5
25.08.2021 00:22:05.916,6.32741,6.32664,1,1.5
25.08.2021 00:22:06.020,6.32747,6.32664,1,1.5
25.08.2021 00:22:06.745,6.327380000000001,6.32664,1.2,1.5
25.08.2021 00:22:07.135,6.327380000000001,6.32664,1.7,1.5
25.08.2021 00:22:08.049,6.32727,6.326530000000001,1.5,1.77
25.08.2021 00:22:08.099,6.32727,6.326530000000001,1.5,1.65
25.08.2021 00:22:08.200,6.3272,6.32655,1,1
25.08.2021 00:22:08.676,6.3272,6.32655,1,1.5
25.08.2021 00:22:11.394,6.3272,6.32655,1,1.5
25.08.2021 00:22:11.554,6.3272,6.32655,1.5,1
25.08.2021 00:22:11.808,6.3272,6.32655,1,1.5
25.08.2021 00:22:14.324,6.32721,6.3265400000000005,1,1.5
25.08.2021 00:22:28.219,6.3272,6.32655,1,1.5
25.08.2021 00:22:28.556,6.327380000000001,6.32655,1.62,1
25.08.2021 00:22:28.707,6.3274300000000006,6.32669,1.5,1
25.08.2021 00:22:28.757,6.3274300000000006,6.326700000000001,1.5,1
25.08.2021 00:22:28.858,6.3274300000000006,6.32669,1.5,1.5
25.08.2021 00:22:28.927,6.3274300000000006,6.326700000000001,1.5,1
25.08.2021 00:22:29.234,6.3274300000000006,6.32669,1.5,1.5
25.08.2021 00:22:30.562,6.3274300000000006,6.326700000000001,1.5,1
25.08.2021 00:22:30.864,6.32735,6.326700000000001,1,1.62
25.08.2021 00:22:43.861,6.327380000000001,6.32673,1,1.5
25.08.2021 00:22:51.525,6.327380000000001,6.32673,1,1.5
25.08.2021 00:22:52.579,6.32739,6.326790000000001,1,1.5
25.08.2021 00:22:52.737,6.327380000000001,6.3268,1,1.5
25.08.2021 00:22:56.787,6.32747,6.3268,1,1.5
25.08.2021 00:22:56.888,6.32746,6.32681,1,1
25.08.2021 00:22:59.524,6.32742,6.32677,1,1.5
25.08.2021 00:23:06.607,6.32742,6.32677,1,1.5
25.08.2021 00:23:08.516,6.32742,6.32677,1,1.5
25.08.2021 00:23:10.715,6.32751,6.32685,1,1
25.08.2021 00:23:10.872,6.327500000000001,6.32686,1,1
25.08.2021 00:23:17.382,6.32757,6.32692,1,1.5
25.08.2021 00:23:29.476,6.32757,6.32692,1,1
25.08.2021 00:23:40.673,6.327640000000001,6.32686,1.5,1
25.08.2021 00:23:47.592,6.32757,6.32692,1,1
25.08.2021 00:24:01.528,6.327540000000001,6.32687,1,1.5
25.08.2021 00:24:12.179,6.327540000000001,6.326890000000001,1,1.5
25.08.2021 00:24:15.632,6.32746,6.32681,1,1.5
25.08.2021 00:24:15.682,6.32746,6.32681,1.12,1
25.08.2021 00:24:15.866,6.32747,6.3268,1.5,1
25.08.2021 00:24:18.470,6.32739,6.3268,1.2,1
25.08.2021 00:24:23.779,6.32739,6.3268,1.7,1
25.08.2021 00:24:25.632,6.32746,6.32681,1.5,1
25.08.2021 00:24:26.551,6.32741,6.32676,1.12,1
25.08.2021 00:24:28.720,6.327380000000001,6.32676,1.2,1
25.08.2021 00:24:29.375,6.32734,6.32669,1,1.5
25.08.2021 00:24:29.854,6.3273600000000005,6.32671,1,1.5
25.08.2021 00:24:33.506,6.3273600000000005,6.32671,1,1
25.08.2021 00:24:46.082,6.3273600000000005,6.32671,1,1.5
25.08.2021 00:24:46.133,6.32747,6.3267500000000005,1,1.12
25.08.2021 00:24:46.233,6.32748,6.32681,1.5,1
25.08.2021 00:24:46.335,6.32747,6.32683,1,1.7
25.08.2021 00:24:46.479,6.32747,6.32683,1,1.77
25.08.2021 00:24:47.309,6.327540000000001,6.32687,1,1.5
25.08.2021 00:24:52.843,6.32753,6.32691,1,1.5
25.08.2021 00:24:55.540,6.32761,6.326960000000001,1,1.5
25.08.2021 00:24:55.591,6.327730000000001,6.3270800000000005,1,1
25.08.2021 00:24:55.691,6.32777,6.327190000000001,1,1
25.08.2021 00:24:55.792,6.32797,6.3275500000000005,1.12,1
25.08.2021 00:24:55.843,6.32797,6.3274,1,1
25.08.2021 00:24:55.993,6.32797,6.3274,1,1.5
25.08.2021 00:24:56.154,6.32806,6.32739,1,1.5
25.08.2021 00:24:56.204,6.32806,6.32739,1,1.5
25.08.2021 00:25:00.161,6.328130000000001,6.32748,1,1.5
25.08.2021 00:25:00.230,6.328130000000001,6.32748,1,1
25.08.2021 00:25:00.352,6.32802,6.327450000000001,1,1.5
25.08.2021 00:25:00.453,6.32802,6.32737,1.87,1
25.08.2021 00:25:01.191,6.328030000000001,6.32742,1,1.27
25.08.2021 00:25:01.412,6.32802,6.3274300000000006,1,1
25.08.2021 00:25:03.662,6.328130000000001,6.32742,1,1.5
25.08.2021 00:25:03.808,6.32814,6.32742,1,1.5
25.08.2021 00:25:08.733,6.32814,6.32748,1,1
25.08.2021 00:25:10.469,6.32819,6.32747,1,1.5
25.08.2021 00:25:10.575,6.328200000000001,6.32748,1.5,1.5
25.08.2021 00:25:10.676,6.32828,6.3275500000000005,1,1.5
25.08.2021 00:25:10.777,6.32836,6.327640000000001,1.5,1.12
25.08.2021 00:25:10.827,6.32836,6.32767,1.5,1
25.08.2021 00:25:10.977,6.32836,6.32767,1,1.5
25.08.2021 00:25:11.027,6.32841,6.32775,1,1.5
25.08.2021 00:25:11.298,6.32842,6.32774,1,1
25.08.2021 00:25:17.702,6.32842,6.32779,1,1
25.08.2021 00:25:19.573,6.32852,6.3278,1.5,1
25.08.2021 00:25:20.405,6.328390000000001,6.327730000000001,1,1.5
25.08.2021 00:25:20.747,6.328390000000001,6.327730000000001,1,1.5
25.08.2021 00:25:20.798,6.32847,6.32777,1,1.12
25.08.2021 00:25:23.554,6.3285,6.3277600000000005,1.5,1.5
25.08.2021 00:25:23.768,6.32849,6.32777,1,1.5
25.08.2021 00:25:25.071,6.328480000000001,6.32777,1.2,1.5
25.08.2021 00:25:25.398,6.328480000000001,6.32777,1.7,1.5
25.08.2021 00:25:30.394,6.328480000000001,6.32777,1.77,1.5
25.08.2021 00:25:37.143,6.32849,6.327780000000001,1.5,1.5
25.08.2021 00:25:37.194,6.32849,6.327780000000001,1,1.5
25.08.2021 00:25:37.295,6.32857,6.327850000000001,1.62,1
25.08.2021 00:25:41.872,6.3285100000000005,6.327850000000001,1,1
25.08.2021 00:25:43.084,6.32847,6.327730000000001,1,1.5
25.08.2021 00:25:43.134,6.32846,6.32774,1.5,1
25.08.2021 00:25:43.313,6.32847,6.327730000000001,1.12,1.5
25.08.2021 00:26:05.997,6.32847,6.32777,1,1
25.08.2021 00:26:06.172,6.32846,6.32772,1.5,1.5
25.08.2021 00:26:08.188,6.32836,6.32766,1,1.5
25.08.2021 00:26:08.289,6.328250000000001,6.32762,1,1
25.08.2021 00:26:08.390,6.328250000000001,6.32757,1.5,1.5
25.08.2021 00:26:08.441,6.328180000000001,6.32757,1.2,1
25.08.2021 00:26:09.769,6.328180000000001,6.32757,1.7,1
25.08.2021 00:26:09.984,6.328180000000001,6.32747,1.7,1.5
25.08.2021 00:26:23.357,6.32812,6.32739,1,1.5
25.08.2021 00:26:23.495,6.328110000000001,6.3274,1,1.5
25.08.2021 00:26:23.842,6.32815,6.32746,1,1.12
25.08.2021 00:26:26.173,6.32817,6.32747,1,1.12
25.08.2021 00:26:30.217,6.32817,6.32747,1,1.5
25.08.2021 00:26:33.807,6.328180000000001,6.32746,1,1.12
25.08.2021 00:26:36.399,6.328080000000001,6.32747,1.2,1.12
25.08.2021 00:26:36.659,6.32817,6.32747,1,1.12
25.08.2021 00:26:39.087,6.32817,6.32747,1,1
25.08.2021 00:26:45.214,6.32817,6.32747,1,1
25.08.2021 00:26:45.417,6.32819,6.32747,1.62,1.5
25.08.2021 00:26:45.493,6.32819,6.32747,1.12,1.5
25.08.2021 00:26:45.877,6.328180000000001,6.32746,1.2,1.5
25.08.2021 00:26:45.978,6.328180000000001,6.32746,1.7,1.5
25.08.2021 00:26:49.927,6.328180000000001,6.32751,1.7,1
25.08.2021 00:26:50.028,6.328200000000001,6.32751,1.5,1
25.08.2021 00:26:50.079,6.328200000000001,6.32751,1,1.5
25.08.2021 00:26:51.149,6.328180000000001,6.32751,1.2,1.5
25.08.2021 00:26:51.200,6.328200000000001,6.32751,1,1.5
25.08.2021 00:26:51.930,6.32819,6.32751,1,1.12
25.08.2021 00:26:53.136,6.328200000000001,6.32748,2,1.5
25.08.2021 00:26:53.439,6.32819,6.32748,1,1.5
25.08.2021 00:26:53.941,6.328200000000001,6.32748,2,1.5
25.08.2021 00:26:54.258,6.328180000000001,6.32748,1.2,1.5
25.08.2021 00:26:54.670,6.328180000000001,6.32748,1.7,1.5
25.08.2021 00:26:55.867,6.328200000000001,6.32748,2,1.5
25.08.2021 00:26:59.405,6.328200000000001,6.32748,2,1.12
25.08.2021 00:27:00.611,6.32812,6.32746,1,1.5
25.08.2021 00:27:00.712,6.328080000000001,6.3274,1.2,2
25.08.2021 00:27:00.829,6.328080000000001,6.3274,1.7,2
25.08.2021 00:27:00.882,6.32807,6.3274,1,1.5
25.08.2021 00:27:00.982,6.3280400000000006,6.32732,1.5,1.5
25.08.2021 00:27:01.097,6.32797,6.32725,1,1.5
25.08.2021 00:27:01.269,6.32797,6.327330000000001,1,1.7
25.08.2021 00:27:06.083,6.32807,6.32735,1.5,2
25.08.2021 00:27:06.133,6.328080000000001,6.32742,1.5,1.2
25.08.2021 00:27:06.240,6.3281600000000005,6.32746,1,1.5
25.08.2021 00:27:06.368,6.328200000000001,6.32752,1.5,1
25.08.2021 00:27:13.857,6.32817,6.327450000000001,1,1.5
25.08.2021 00:27:40.056,6.328180000000001,6.32749,1.7,1.12
25.08.2021 00:27:44.802,6.32817,6.32749,1,1
25.08.2021 00:27:45.027,6.328130000000001,6.32746,1,1.12
25.08.2021 00:27:48.589,6.328130000000001,6.32746,1,1.5
25.08.2021 00:27:56.559,6.328180000000001,6.327450000000001,1.5,1.5
25.08.2021 00:27:57.700,6.32817,6.32746,1.5,1.5
25.08.2021 00:28:01.632,6.32817,6.32746,1.62,1
25.08.2021 00:28:01.848,6.328080000000001,6.32746,1.2,1
25.08.2021 00:28:01.998,6.3280400000000006,6.327450000000001,1.5,1
25.08.2021 00:28:02.099,6.32805,6.3273600000000005,1.5,1
25.08.2021 00:28:03.521,6.32807,6.32737,1,1.12
25.08.2021 00:28:03.572,6.32814,6.32744,1.5,1
25.08.2021 00:28:03.723,6.32807,6.32737,1,1.12
25.08.2021 00:28:11.277,6.32793,6.3272900000000005,1,1.62
25.08.2021 00:28:11.428,6.32789,6.327280000000001,1.7,1
25.08.2021 00:28:11.478,6.32789,6.327190000000001,1.77,1
25.08.2021 00:28:11.623,6.32788,6.327190000000001,1.77,1.5
25.08.2021 00:28:13.573,6.32788,6.32718,1,1
25.08.2021 00:28:15.199,6.32782,6.32717,1.12,1
25.08.2021 00:28:18.409,6.32782,6.32717,1,1.5
25.08.2021 00:28:18.611,6.32782,6.32717,1.12,1
25.08.2021 00:28:20.963,6.32782,6.32717,1.5,1
25.08.2021 00:28:21.600,6.32782,6.3270800000000005,1.5,1.5
25.08.2021 00:28:21.701,6.32779,6.3270800000000005,1.7,1.12
25.08.2021 00:28:21.802,6.32777,6.32709,1,1
25.08.2021 00:28:22.595,6.327730000000001,6.3270100000000005,1.12,1.5
25.08.2021 00:28:22.645,6.327730000000001,6.3270100000000005,1.5,1
25.08.2021 00:28:28.755,6.327730000000001,6.3270800000000005,1,1.5
25.08.2021 00:28:28.856,6.32788,6.32712,1,1.7
25.08.2021 00:28:28.959,6.32796,6.32713,1,1.77
25.08.2021 00:28:34.684,6.32797,6.327190000000001,1,1
25.08.2021 00:28:35.047,6.32796,6.32722,1,1
25.08.2021 00:28:40.817,6.327990000000001,6.32727,1.5,1
25.08.2021 00:28:40.918,6.32797,6.32737,1,1
25.08.2021 00:28:40.968,6.32807,6.32737,1,1.5
25.08.2021 00:28:45.424,6.32807,6.3274,1,1.5
25.08.2021 00:28:46.019,6.32815,6.32744,1.5,1
25.08.2021 00:28:46.598,6.32817,6.327450000000001,1.5,1.5
25.08.2021 00:28:47.086,6.32809,6.3274300000000006,1,1.77
25.08.2021 00:28:47.523,6.32817,6.3274,1,1
25.08.2021 00:28:48.895,6.32817,6.3274,1,1
25.08.2021 00:28:56.947,6.328180000000001,6.3274,1.7,1
25.08.2021 00:28:57.048,6.32821,6.32749,1.5,1.5
25.08.2021 00:28:57.161,6.32822,6.32752,1.5,1.2
25.08.2021 00:28:57.288,6.32821,6.32753,1,1.7
25.08.2021 00:28:57.490,6.32822,6.32752,1,1.7
25.08.2021 00:28:57.691,6.32821,6.32749,1.12,1.5
25.08.2021 00:28:58.854,6.32821,6.32749,1,1.5
25.08.2021 00:29:00.414,6.32822,6.32748,1.5,1.5
25.08.2021 00:29:00.789,6.328200000000001,6.32749,1,1.5
25.08.2021 00:29:02.724,6.32821,6.32749,1.5,1.5
25.08.2021 00:29:03.395,6.32821,6.32749,1.5,1.5
25.08.2021 00:29:06.273,6.32819,6.32748,1.77,1.5
25.08.2021 00:29:20.790,6.328180000000001,6.32751,1.77,1
25.08.2021 00:29:32.425,6.32819,6.32748,1.77,1.5
25.08.2021 00:30:00.469,6.32821,6.32749,1.12,1.5
25.08.2021 00:30:00.796,6.32817,6.32742,1,1.5
25.08.2021 00:30:00.846,6.32817,6.32742,1.5,1.5
25.08.2021 00:30:01.011,6.328180000000001,6.32741,1,1.5
25.08.2021 00:30:02.682,6.32809,6.327450000000001,1,1.5
25.08.2021 00:30:07.395,6.328080000000001,6.32746,1,1.5
25.08.2021 00:30:10.944,6.32812,6.32737,1.5,1.5
25.08.2021 00:30:11.103,6.328130000000001,6.3273600000000005,1.12,1.5
25.08.2021 00:30:14.548,6.32812,6.327380000000001,1,1
25.08.2021 00:30:17.540,6.328180000000001,6.327780000000001,1.7,1
25.08.2021 00:30:17.640,6.32859,6.32797,1.12,1
25.08.2021 00:30:17.741,6.3287,6.328080000000001,1.5,1
25.08.2021 00:30:17.792,6.3287,6.328080000000001,1,1
25.08.2021 00:30:20.116,6.32861,6.327990000000001,1,1.5
25.08.2021 00:30:20.273,6.32861,6.327990000000001,1,1.5
25.08.2021 00:30:20.757,6.32868,6.32806,1,1.12
25.08.2021 00:30:30.318,6.3287,6.328080000000001,1,1
25.08.2021 00:30:31.876,6.328690000000001,6.328080000000001,1,1
25.08.2021 00:30:32.011,6.3287,6.328080000000001,1,1
25.08.2021 00:30:35.403,6.3287,6.328080000000001,1,1.5
25.08.2021 00:30:39.760,6.328780000000001,6.328290000000001,1.7,1
25.08.2021 00:30:39.861,6.32896,6.32832,1.5,1
25.08.2021 00:30:39.911,6.32901,6.328430000000001,1,1
25.08.2021 00:30:39.962,6.3290500000000005,6.328430000000001,1,1
25.08.2021 00:30:41.051,6.3290500000000005,6.328430000000001,1.5,1
25.08.2021 00:30:41.152,6.328930000000001,6.32831,1,1.5
25.08.2021 00:30:41.253,6.328930000000001,6.32833,1,1.77
25.08.2021 00:30:41.879,6.3290500000000005,6.32841,1,1
25.08.2021 00:30:49.906,6.329140000000001,6.3284,1.5,1
25.08.2021 00:30:49.956,6.32917,6.32841,1,1
25.08.2021 00:30:50.057,6.32912,6.3285,1,2
25.08.2021 00:30:50.324,6.32912,6.3285,1,2
25.08.2021 00:30:53.167,6.32921,6.32859,1,1
25.08.2021 00:30:53.280,6.32932,6.32889,1.62,1
25.08.2021 00:30:53.333,6.329490000000001,6.328880000000001,1.7,1
25.08.2021 00:30:53.433,6.32957,6.32897,1,1
25.08.2021 00:30:53.646,6.3295900000000005,6.32897,1,1
25.08.2021 00:30:54.644,6.32952,6.3289,1,1.5
25.08.2021 00:30:55.237,6.32939,6.328830000000001,1,1
25.08.2021 00:30:55.288,6.329400000000001,6.32876,1.5,1.5
25.08.2021 00:30:55.338,6.32952,6.3289,1.5,1
25.08.2021 00:30:55.489,6.32942,6.328830000000001,1,1.27
25.08.2021 00:30:55.590,6.32952,6.3289,1.5,1
25.08.2021 00:30:55.691,6.329400000000001,6.328830000000001,1,1.7
25.08.2021 00:30:55.892,6.329400000000001,6.328830000000001,1,1.27
25.08.2021 00:30:59.079,6.32952,6.3289,1,1
25.08.2021 00:30:59.237,6.329530000000001,6.32889,1,1.5
25.08.2021 00:30:59.434,6.32952,6.328930000000001,1,1.2
25.08.2021 00:31:00.378,6.32943,6.32881,2.75,1.5
25.08.2021 00:31:00.478,6.329440000000001,6.3287700000000005,1.5,1.5
25.08.2021 00:31:00.579,6.329540000000001,6.32892,1,1.5
25.08.2021 00:31:02.969,6.32955,6.328930000000001,1,1
25.08.2021 00:31:04.075,6.329580000000001,6.32899,1,1
25.08.2021 00:31:05.532,6.32947,6.3288400000000005,1,1
25.08.2021 00:31:05.710,6.32946,6.32885,1,1
25.08.2021 00:31:05.760,6.32957,6.32896,1,1
25.08.2021 00:31:06.136,6.32957,6.32903,1,1
25.08.2021 00:31:06.246,6.32947,6.328860000000001,1,1
25.08.2021 00:31:06.403,6.32947,6.328860000000001,1,1
25.08.2021 00:31:07.108,6.32956,6.32894,1,1.12
25.08.2021 00:31:14.447,6.3295,6.328880000000001,1,1.5
25.08.2021 00:31:14.873,6.3295,6.328880000000001,1,1.5
25.08.2021 00:31:15.406,6.32957,6.32897,1,1
25.08.2021 00:31:15.983,6.3295900000000005,6.32897,1,1
25.08.2021 00:31:19.511,6.3295900000000005,6.32897,1,1.5
25.08.2021 00:31:19.662,6.32965,6.32903,1,1.12
25.08.2021 00:31:19.713,6.32965,6.32903,1,2.52
25.08.2021 00:31:20.868,6.32965,6.32903,1.5,1
25.08.2021 00:31:21.099,6.32965,6.32903,1.5,1
25.08.2021 00:31:21.695,6.3296,6.3289800000000005,1,1
25.08.2021 00:31:27.968,6.3295900000000005,6.328950000000001,1,1
25.08.2021 00:31:32.517,6.329580000000001,6.32896,1,2
25.08.2021 00:31:32.567,6.329680000000001,6.32906,1,1
25.08.2021 00:31:35.860,6.329680000000001,6.32906,1,1.5
25.08.2021 00:31:36.900,6.32969,6.32906,1,1.5
25.08.2021 00:31:41.326,6.32986,6.32907,1,1.5
25.08.2021 00:31:42.662,6.3297,6.32908,1,1.5
25.08.2021 00:31:43.377,6.3297,6.32908,1,1
25.08.2021 00:31:43.569,6.32962,6.32901,1,1.5
25.08.2021 00:31:45.448,6.3295900000000005,6.328950000000001,1,2
25.08.2021 00:31:45.548,6.329580000000001,6.32896,1,1.5
25.08.2021 00:31:49.820,6.329580000000001,6.32896,1,2
25.08.2021 00:31:49.871,6.3296600000000005,6.329040000000001,1,1
25.08.2021 00:31:53.895,6.32967,6.32903,1.5,1
25.08.2021 00:31:58.642,6.3296,6.3289800000000005,1,1
25.08.2021 00:32:00.451,6.3295,6.328880000000001,1,1.5
25.08.2021 00:32:00.552,6.329440000000001,6.32885,1,1.5
25.08.2021 00:32:00.653,6.329440000000001,6.32885,1,1.5
25.08.2021 00:32:01.506,6.32961,6.32899,1.12,1
25.08.2021 00:32:03.079,6.32961,6.32899,1,1.5
25.08.2021 00:32:03.208,6.329580000000001,6.32896,1,1.5
25.08.2021 00:32:03.309,6.329580000000001,6.32901,1,1.5
25.08.2021 00:32:03.359,6.3296600000000005,6.329040000000001,1,1.12
25.08.2021 00:32:03.676,6.3296600000000005,6.32907,1,1
25.08.2021 00:32:03.777,6.32967,6.32906,1,1.5
25.08.2021 00:32:04.200,6.32971,6.32912,1,1
25.08.2021 00:32:04.410,6.32969,6.32912,1,1
25.08.2021 00:32:04.693,6.329580000000001,6.32896,1,1
25.08.2021 00:32:21.974,6.329580000000001,6.32896,1.5,1
25.08.2021 00:32:22.176,6.329580000000001,6.32896,1,1
25.08.2021 00:32:25.593,6.3297,6.32892,1,1.77
25.08.2021 00:32:26.262,6.32974,6.32896,1.5,1
25.08.2021 00:32:26.363,6.3296600000000005,6.329040000000001,1.5,1
25.08.2021 00:32:26.510,6.3296600000000005,6.32907,1,1.5
25.08.2021 00:32:26.610,6.3297300000000005,6.329130000000001,1,1.77
25.08.2021 00:32:32.576,6.329680000000001,6.32906,1,1.5
25.08.2021 00:32:35.680,6.329680000000001,6.32907,1,1.5
25.08.2021 00:32:45.093,6.3297300000000005,6.32911,1,1.5
25.08.2021 00:32:45.207,6.329680000000001,6.32906,1,1.5
25.08.2021 00:32:45.308,6.329680000000001,6.32906,1.5,1
25.08.2021 00:32:45.827,6.32962,6.3289800000000005,1,1
25.08.2021 00:32:49.648,6.32979,6.32934,1.7,1
25.08.2021 00:32:49.749,6.329940000000001,6.3295,1,1
25.08.2021 00:32:49.799,6.33021,6.3296,1.5,1
25.08.2021 00:32:49.849,6.33021,6.32961,1,1.5
25.08.2021 00:32:49.950,6.330330000000001,6.3296,1,1.5
25.08.2021 00:32:50.001,6.33037,6.32961,1,1.5
25.08.2021 00:32:50.102,6.3303400000000005,6.32972,1.5,1
25.08.2021 00:32:50.424,6.3303400000000005,6.32972,1,1
25.08.2021 00:32:54.539,6.33021,6.32961,1,1
25.08.2021 00:32:54.692,6.3302000000000005,6.32962,1,1
25.08.2021 00:32:56.637,6.3302000000000005,6.329580000000001,1,1.5
25.08.2021 00:32:56.687,6.3302000000000005,6.329580000000001,1,1.5
25.08.2021 00:33:00.208,6.3302000000000005,6.32961,1,1.5
25.08.2021 00:33:00.504,6.33027,6.32965,1,1.5
25.08.2021 00:33:00.605,6.330190000000001,6.32957,1,1.5
25.08.2021 00:33:00.670,6.330190000000001,6.32957,1,1.5
25.08.2021 00:33:04.895,6.3302000000000005,6.3296,1,1.5
25.08.2021 00:33:05.096,6.330240000000001,6.32962,1,1.5
25.08.2021 00:33:11.020,6.33031,6.32969,1,1
25.08.2021 00:33:12.978,6.330240000000001,6.32962,1,1.5
25.08.2021 00:33:18.898,6.330240000000001,6.329630000000001,1,1.77
25.08.2021 00:33:32.331,6.33026,6.32964,1,1.5
25.08.2021 00:33:32.381,6.33026,6.3297300000000005,1,1.2
25.08.2021 00:33:32.535,6.33032,6.329680000000001,1,1.62
25.08.2021 00:33:33.368,6.33031,6.32969,1,1.12
25.08.2021 00:33:43.725,6.3303,6.3296600000000005,1,1.5
25.08.2021 00:33:47.167,6.33036,6.32974,1,1
25.08.2021 00:33:47.217,6.33047,6.329940000000001,1,1.5
25.08.2021 00:33:47.318,6.330640000000001,6.3300600000000005,1.5,1
25.08.2021 00:33:47.368,6.33061,6.330100000000001,1,1.5
25.08.2021 00:33:47.418,6.33061,6.3301300000000005,1,1.7
25.08.2021 00:33:47.469,6.3308100000000005,6.33022,1,1.2
25.08.2021 00:33:47.569,6.33092,6.330330000000001,1,1.5
25.08.2021 00:33:47.670,6.331130000000001,6.33056,1.25,1
25.08.2021 00:33:47.771,6.33103,6.3304100000000005,1,1.5
25.08.2021 00:33:47.921,6.33103,6.330430000000001,1,1.7
25.08.2021 00:33:54.692,6.33112,6.330500000000001,1,1
25.08.2021 00:33:55.554,6.33112,6.330500000000001,1,1.62
25.08.2021 00:33:55.855,6.33112,6.330500000000001,1,1.12
25.08.2021 00:34:03.201,6.331180000000001,6.33054,1,1
25.08.2021 00:34:04.495,6.33103,6.3304100000000005,1,1.5
25.08.2021 00:34:04.670,6.33103,6.330430000000001,1,1
25.08.2021 00:34:05.099,6.331080000000001,6.33046,1,1.5
25.08.2021 00:34:09.840,6.3310900000000006,6.33045,1,1.5
25.08.2021 00:34:15.895,6.3310900000000006,6.33045,1,1.5
25.08.2021 00:34:17.819,6.33122,6.33039,1.5,1.5
25.08.2021 00:34:24.266,6.33115,6.3303400000000005,1,1.5
25.08.2021 00:34:24.367,6.33102,6.330280000000001,1,1
25.08.2021 00:34:24.533,6.33089,6.33025,1,1
25.08.2021 00:34:25.844,6.3308100000000005,6.330190000000001,1,1.5
25.08.2021 00:34:31.099,6.33094,6.33032,1.5,1
25.08.2021 00:34:31.149,6.33094,6.33032,1,1.5
25.08.2021 00:34:31.250,6.33102,6.3304,1.12,1
25.08.2021 00:34:31.353,6.33102,6.3304,1,1.5
25.08.2021 00:34:32.161,6.33094,6.33032,1.12,1
25.08.2021 00:34:32.211,6.33084,6.3302000000000005,1,1.5
25.08.2021 00:34:32.362,6.330830000000001,6.33021,1,1
25.08.2021 00:34:32.413,6.33075,6.330150000000001,1,1
25.08.2021 00:34:36.895,6.33076,6.33012,1,1.5
25.08.2021 00:34:37.615,6.3308,6.33016,1,1.5
25.08.2021 00:34:38.132,6.33079,6.33017,1,1
25.08.2021 00:34:38.290,6.330780000000001,6.33017,1.27,1
25.08.2021 00:34:38.463,6.330780000000001,6.33017,1,1
25.08.2021 00:34:38.578,6.33079,6.33017,1.5,1
25.08.2021 00:34:38.629,6.33071,6.33009,1,1.5
25.08.2021 00:34:41.725,6.33071,6.33009,1,1.5
25.08.2021 00:34:43.895,6.33072,6.330080000000001,1,1.5
25.08.2021 00:34:45.696,6.33071,6.3301300000000005,1,1
25.08.2021 00:34:47.447,6.33075,6.3301300000000005,1,1.62
25.08.2021 00:34:51.087,6.330830000000001,6.330190000000001,1,1
25.08.2021 00:34:51.395,6.330830000000001,6.330190000000001,1,1.5
25.08.2021 00:34:52.691,6.33082,6.3302000000000005,1,1
25.08.2021 00:34:59.488,6.33087,6.330100000000001,1,1
25.08.2021 00:34:59.589,6.33077,6.330150000000001,1.12,1
25.08.2021 00:34:59.690,6.33067,6.33005,1,1.5
25.08.2021 00:34:59.795,6.33067,6.33005,1.62,1
25.08.2021 00:35:02.872,6.33056,6.32992,1,1.5
25.08.2021 00:35:05.131,6.330500000000001,6.32988,1,1
25.08.2021 00:35:05.232,6.33035,6.329750000000001,1,1.5
25.08.2021 00:35:05.333,6.33037,6.329750000000001,1.62,1
25.08.2021 00:35:06.662,6.33031,6.32969,1,1
25.08.2021 00:35:07.172,6.33021,6.329630000000001,1,1
25.08.2021 00:35:12.495,6.33022,6.329580000000001,1,1.12
25.08.2021 00:35:12.825,6.330100000000001,6.329530000000001,1,1
25.08.2021 00:35:13.117,6.330100000000001,6.32948,1,1
25.08.2021 00:35:15.614,6.33011,6.32947,1.5,1
25.08.2021 00:35:15.712,6.329980000000001,6.32936,1,1.5
25.08.2021 00:35:19.524,6.329980000000001,6.32934,1,1.5
25.08.2021 00:35:20.044,6.32997,6.329350000000001,1,1.5
25.08.2021 00:35:22.790,6.33007,6.32932,1,1.5
25.08.2021 00:35:25.196,6.32992,6.329330000000001,1,1
25.08.2021 00:35:27.063,6.32992,6.32932,1,1.5
25.08.2021 00:35:46.628,6.3300600000000005,6.329330000000001,1.5,1
25.08.2021 00:35:48.788,6.32995,6.32931,1,1.5
25.08.2021 00:36:02.685,6.329890000000001,6.32927,1,1.5
25.08.2021 00:36:02.786,6.32982,6.3292,1,1.5
25.08.2021 00:36:02.886,6.32974,6.329140000000001,1,1.12
25.08.2021 00:36:03.037,6.329630000000001,6.329040000000001,1,1.5
25.08.2021 00:36:03.088,6.32964,6.32903,1,1.12
25.08.2021 00:36:05.037,6.329630000000001,6.329040000000001,1,1.5
25.08.2021 00:36:05.138,6.3297300000000005,6.329230000000001,1,1
25.08.2021 00:36:05.188,6.329890000000001,6.32927,1.5,1.5
25.08.2021 00:36:05.239,6.3299,6.32932,1,1.7
25.08.2021 00:36:05.339,6.33,6.3293800000000005,1,1.5
25.08.2021 00:36:05.659,6.33,6.32939,1,1
25.08.2021 00:36:08.425,6.33018,6.32956,1.5,1
25.08.2021 00:36:08.475,6.330190000000001,6.32955,1,1.5
25.08.2021 00:36:08.576,6.33018,6.32961,1,1
25.08.2021 00:36:08.677,6.330190000000001,6.32962,1,1
25.08.2021 00:36:08.727,6.3303400000000005,6.329630000000001,1.5,1
25.08.2021 00:36:09.395,6.330380000000001,6.32962,1,1
25.08.2021 00:36:13.530,6.33023,6.32965,1,1
25.08.2021 00:36:13.632,6.33022,6.329630000000001,1,1.7
25.08.2021 00:36:13.735,6.33022,6.329630000000001,1,1.77
25.08.2021 00:36:16.112,6.33025,6.329630000000001,1,2.52
25.08.2021 00:36:19.806,6.33025,6.329630000000001,1,1.87
25.08.2021 00:36:20.008,6.33025,6.329630000000001,1,2.37
25.08.2021 00:36:25.795,6.330280000000001,6.32955,1.2,1
25.08.2021 00:36:26.321,6.33018,6.32956,1,1.5
25.08.2021 00:36:31.102,6.33018,6.32956,1,1
25.08.2021 00:36:31.203,6.33012,6.3295,1,1.12
25.08.2021 00:36:34.463,6.3301300000000005,6.329490000000001,1,1.5
25.08.2021 00:36:34.563,6.33018,6.32956,1,1.12
25.08.2021 00:36:41.557,6.33014,6.3295,1,1.5
25.08.2021 00:36:45.946,6.3301300000000005,6.32951,1,1
25.08.2021 00:36:46.026,6.3300600000000005,6.32942,1,1.62
25.08.2021 00:36:46.142,6.33005,6.32943,1,1
25.08.2021 00:36:58.726,6.33004,6.32942,1,1.87
25.08.2021 00:37:07.678,6.330100000000001,6.32946,1.5,1.5
25.08.2021 00:37:07.729,6.33009,6.32947,1,1.5
25.08.2021 00:37:11.348,6.33009,6.32947,1,2
25.08.2021 00:37:11.745,6.33018,6.32956,1,1.5
25.08.2021 00:37:11.896,6.33018,6.329630000000001,1,1.2
25.08.2021 00:37:12.474,6.33018,6.329630000000001,1,1
25.08.2021 00:37:13.119,6.33021,6.329630000000001,1,1
25.08.2021 00:37:21.668,6.330240000000001,6.32962,1,1.5
25.08.2021 00:37:38.007,6.33018,6.329580000000001,1,1.5
25.08.2021 00:37:38.134,6.3302000000000005,6.329580000000001,1,2
25.08.2021 00:37:42.445,6.3302000000000005,6.329580000000001,1,1
25.08.2021 00:37:42.546,6.33012,6.3295,1,1.5
25.08.2021 00:37:42.646,6.33012,6.3295,1,1
25.08.2021 00:37:43.287,6.33042,6.32952,1.7,3.12
25.08.2021 00:37:43.387,6.33057,6.32995,1.12,1
25.08.2021 00:37:43.488,6.33057,6.32995,1,1.5
25.08.2021 00:37:46.283,6.330730000000001,6.3301300000000005,1,1
25.08.2021 00:37:46.334,6.33076,6.33012,1.5,1
25.08.2021 00:37:46.485,6.33076,6.33012,1,1
25.08.2021 00:37:46.700,6.33075,6.3301300000000005,1,1.5
25.08.2021 00:37:46.801,6.330780000000001,6.33016,1,1.5
25.08.2021 00:37:52.787,6.3308,6.33018,1,1
25.08.2021 00:37:53.647,6.3308,6.33018,1,1.5
25.08.2021 00:37:57.028,6.3308800000000005,6.33026,1,1
25.08.2021 00:38:03.916,6.33082,6.33023,1,1
25.08.2021 00:38:04.619,6.33082,6.33023,1,1
25.08.2021 00:38:05.731,6.3308800000000005,6.33026,1,1.12
25.08.2021 00:38:06.047,6.33087,6.33025,1,1.12
25.08.2021 00:38:09.561,6.33075,6.33014,1,1
25.08.2021 00:38:09.919,6.33075,6.33014,1,1
25.08.2021 00:38:11.460,6.33082,6.3302000000000005,1,1
25.08.2021 00:38:11.566,6.33082,6.33023,1,1.2
25.08.2021 00:38:11.616,6.33082,6.3302000000000005,1,1
25.08.2021 00:38:14.022,6.330830000000001,6.330190000000001,1,1.5
25.08.2021 00:38:14.175,6.33087,6.33025,1,1
25.08.2021 00:38:14.437,6.33084,6.33022,1,1
25.08.2021 00:38:16.565,6.33084,6.33022,1,1.5
25.08.2021 00:38:23.922,6.3308,6.33016,1,1
25.08.2021 00:38:24.023,6.330730000000001,6.33017,1,1
25.08.2021 00:38:24.125,6.330730000000001,6.33017,1.5,1
25.08.2021 00:38:24.262,6.33066,6.33004,1,1
25.08.2021 00:38:33.357,6.33067,6.32995,1,1.5
25.08.2021 00:38:44.725,6.330730000000001,6.329940000000001,1.5,1.5
25.08.2021 00:38:46.166,6.33071,6.33009,1.5,1
25.08.2021 00:38:49.421,6.33071,6.33009,1,1.5
25.08.2021 00:38:49.522,6.330780000000001,6.33016,1.12,1
25.08.2021 00:38:50.605,6.33086,6.330240000000001,1.5,1
25.08.2021 00:38:52.435,6.33086,6.330240000000001,1.12,1
25.08.2021 00:38:54.888,6.33097,6.33035,1.62,1
25.08.2021 00:38:54.989,6.33098,6.3303400000000005,1,1
25.08.2021 00:38:55.190,6.33097,6.33035,1,1.5
25.08.2021 00:38:57.128,6.33103,6.3304100000000005,1,1
25.08.2021 00:38:57.727,6.33098,6.33036,1,1.5
25.08.2021 00:38:59.895,6.33098,6.33036,1,1.12
25.08.2021 00:39:03.889,6.33105,6.330430000000001,1.5,1
25.08.2021 00:39:03.990,6.331080000000001,6.33052,1,1.5
25.08.2021 00:39:04.040,6.33129,6.33067,1,1.12
25.08.2021 00:39:04.277,6.33129,6.33067,1,1.5
25.08.2021 00:39:09.406,6.33132,6.3307,1,1.5
25.08.2021 00:39:19.504,6.33137,6.33075,1,1
25.08.2021 00:39:19.663,6.33146,6.33084,1.5,1
25.08.2021 00:39:26.532,6.33146,6.33084,1.12,1
25.08.2021 00:39:26.772,6.33147,6.330830000000001,1,1.5
25.08.2021 00:39:26.823,6.33157,6.330830000000001,1,1
25.08.2021 00:39:26.974,6.331580000000001,6.330830000000001,1.2,1
25.08.2021 00:39:27.125,6.331580000000001,6.330830000000001,1.7,1
25.08.2021 00:39:27.276,6.33162,6.330830000000001,1.5,1.77
25.08.2021 00:39:27.388,6.331580000000001,6.330830000000001,1.2,1
25.08.2021 00:39:27.439,6.33162,6.330830000000001,1.5,1.77
25.08.2021 00:39:27.591,6.331580000000001,6.330830000000001,1.2,1
25.08.2021 00:39:27.646,6.33162,6.330830000000001,1.5,1.77
25.08.2021 00:39:27.892,6.33162,6.330830000000001,1.5,1.77
25.08.2021 00:39:31.977,6.33167,6.33086,1,1
25.08.2021 00:39:32.170,6.3316300000000005,6.33086,1,1
25.08.2021 00:39:32.273,6.33167,6.33086,1,1
25.08.2021 00:39:32.472,6.33167,6.33086,1,1
25.08.2021 00:39:32.523,6.33162,6.33086,1,1
25.08.2021 00:39:32.574,6.33167,6.33086,1,1
25.08.2021 00:39:32.633,6.331580000000001,6.33086,1.2,1
25.08.2021 00:39:32.683,6.33167,6.33086,1,1
25.08.2021 00:39:32.733,6.331580000000001,6.33086,1.2,1
25.08.2021 00:39:32.834,6.33162,6.33086,1,1
25.08.2021 00:39:32.947,6.33154,6.33092,1,1
25.08.2021 00:39:33.125,6.33167,6.33086,1,1
25.08.2021 00:39:33.377,6.331650000000001,6.330830000000001,1,1.77
25.08.2021 00:39:35.536,6.331650000000001,6.330830000000001,1,1.77
25.08.2021 00:39:36.707,6.3316300000000005,6.33101,1.5,1
25.08.2021 00:39:36.808,6.33162,6.33101,1,1
25.08.2021 00:39:36.858,6.331650000000001,6.33082,1.5,1.77
25.08.2021 00:39:36.909,6.33164,6.330830000000001,1.5,1.77
25.08.2021 00:39:42.493,6.33167,6.33082,1,1.77
25.08.2021 00:39:49.320,6.33167,6.33085,1.62,1
25.08.2021 00:39:52.874,6.33168,6.33093,1,1.7
25.08.2021 00:39:53.025,6.33171,6.33092,1.5,1.77
25.08.2021 00:39:53.347,6.33164,6.33102,1,1
25.08.2021 00:40:01.162,6.33164,6.33102,1,1.5
25.08.2021 00:40:02.870,6.331650000000001,6.33103,1,1.12
25.08.2021 00:40:25.497,6.33177,6.33098,1,1.5
25.08.2021 00:40:26.439,6.33172,6.3311,1.5,1
25.08.2021 00:40:31.022,6.3318,6.33119,1,1
25.08.2021 00:40:31.123,6.3319600000000005,6.33138,1,1
25.08.2021 00:40:31.224,6.33208,6.33146,1,1.12
25.08.2021 00:40:31.325,6.332090000000001,6.33145,1,1.5
25.08.2021 00:40:31.906,6.332180000000001,6.3315600000000005,1,1
25.08.2021 00:40:35.933,6.33227,6.331650000000001,1.5,1
25.08.2021 00:40:36.134,6.33227,6.331650000000001,1,1.5
25.08.2021 00:40:36.327,6.33227,6.331650000000001,1,1
25.08.2021 00:40:37.257,6.332330000000001,6.33171,1.5,1
25.08.2021 00:40:43.492,6.332330000000001,6.33171,1.12,1
25.08.2021 00:40:44.919,6.332280000000001,6.33171,1.2,1
25.08.2021 00:40:44.970,6.332330000000001,6.33171,1.5,1
25.08.2021 00:40:45.020,6.332330000000001,6.33171,1.5,1
25.08.2021 00:40:45.202,6.332280000000001,6.33154,1,1.5
25.08.2021 00:40:45.252,6.3323100000000005,6.33169,1.62,1
25.08.2021 00:40:45.302,6.3323100000000005,6.33169,1.12,1
25.08.2021 00:40:50.426,6.33226,6.33164,1,1
25.08.2021 00:40:51.709,6.3323100000000005,6.33169,1.5,1
25.08.2021 00:40:51.875,6.33232,6.3317000000000005,1,1
25.08.2021 00:40:51.925,6.332380000000001,6.33176,1,1.5
25.08.2021 00:40:52.077,6.332380000000001,6.33176,1,1.5
25.08.2021 00:40:52.285,6.33246,6.3318200000000004,1,1
25.08.2021 00:41:01.024,6.33252,6.3319,2.25,1
25.08.2021 00:41:11.982,6.33257,6.331840000000001,1.12,1.5
25.08.2021 00:41:17.408,6.332580000000001,6.33195,1.12,1
25.08.2021 00:41:17.509,6.332580000000001,6.332000000000001,1.5,1.5
25.08.2021 00:41:17.613,6.332590000000001,6.33199,1,1.5
25.08.2021 00:41:18.141,6.3326400000000005,6.33202,1,1.5
25.08.2021 00:41:18.715,6.33257,6.331930000000001,1,1.12
25.08.2021 00:41:19.210,6.33248,6.33186,1,1
25.08.2021 00:41:26.840,6.33242,6.3318,1,1.5
25.08.2021 00:41:26.890,6.3324300000000004,6.331790000000001,1.5,1
25.08.2021 00:41:27.101,6.33242,6.3318,1.5,1
25.08.2021 00:41:27.763,6.332330000000001,6.331740000000001,1,1
25.08.2021 00:41:28.963,6.332330000000001,6.33171,1,1
25.08.2021 00:41:33.766,6.332330000000001,6.33171,1,1.5
25.08.2021 00:41:35.520,6.33248,6.33167,1,1.5
25.08.2021 00:41:36.047,6.33248,6.33167,1,1.5
25.08.2021 00:41:36.380,6.332380000000001,6.3316300000000005,1.7,2
25.08.2021 00:41:36.555,6.332280000000001,6.33164,1,1
25.08.2021 00:41:38.635,6.33227,6.331650000000001,1.62,1
25.08.2021 00:41:38.685,6.33217,6.33155,1,1.5
25.08.2021 00:41:54.100,6.33222,6.33164,1,1
25.08.2021 00:41:54.251,6.33235,6.331740000000001,1,1.5
25.08.2021 00:41:56.375,6.3324300000000004,6.33181,1,1.12
25.08.2021 00:41:59.723,6.33252,6.3319,1.5,1
25.08.2021 00:41:59.874,6.3324300000000004,6.33181,1,1
25.08.2021 00:42:01.378,6.33244,6.3318,1,1.5
25.08.2021 00:42:02.014,6.3324300000000004,6.33181,1,1
25.08.2021 00:42:03.210,6.33244,6.3318,1,1.5
25.08.2021 00:42:03.413,6.3324300000000004,6.33181,1,1
25.08.2021 00:42:15.367,6.33239,6.33175,1,1.5
25.08.2021 00:42:18.759,6.33247,6.3318900000000005,1,1
25.08.2021 00:42:19.972,6.332400000000001,6.33178,1,1.12
25.08.2021 00:42:22.321,6.332490000000001,6.33187,1.5,1
25.08.2021 00:42:25.476,6.332490000000001,6.33187,1.12,1
25.08.2021 00:42:30.907,6.3326,6.331840000000001,1.5,1.5
25.08.2021 00:42:31.058,6.3326,6.33186,1,1
25.08.2021 00:42:31.399,6.332580000000001,6.3319600000000005,1,1
25.08.2021 00:42:31.501,6.332580000000001,6.3319600000000005,1.5,1
25.08.2021 00:42:31.602,6.33253,6.331910000000001,1,1.5
25.08.2021 00:42:32.497,6.33256,6.33194,1,1.5
25.08.2021 00:42:40.102,6.3326,6.33201,1,1
25.08.2021 00:42:40.583,6.33255,6.331930000000001,1,1.5
25.08.2021 00:42:41.415,6.33255,6.331930000000001,1.5,1
25.08.2021 00:42:41.619,6.33255,6.331930000000001,1,1.5
25.08.2021 00:42:43.573,6.33255,6.331930000000001,1,1
25.08.2021 00:42:43.731,6.33255,6.331930000000001,1.5,1
25.08.2021 00:42:46.127,6.33248,6.33186,1,1
25.08.2021 00:42:46.257,6.332490000000001,6.33185,1.5,1
25.08.2021 00:42:48.042,6.33236,6.331740000000001,1,1.5
25.08.2021 00:42:48.093,6.33237,6.33173,1,1.5
25.08.2021 00:42:48.303,6.33236,6.331740000000001,1,1
25.08.2021 00:42:52.020,6.33244,6.3318200000000004,1.5,1
25.08.2021 00:42:52.177,6.33244,6.3318200000000004,1,1
25.08.2021 00:42:56.329,6.33247,6.33217,1,1
25.08.2021 00:42:56.379,6.33274,6.33221,1,1
25.08.2021 00:42:56.480,6.33281,6.33212,1,2.62
25.08.2021 00:42:56.531,6.33287,6.33237,1,1
25.08.2021 00:42:56.632,6.33283,6.33221,1.12,1
25.08.2021 00:42:56.682,6.33279,6.33217,1,1
25.08.2021 00:42:56.783,6.33286,6.33222,1.5,1
25.08.2021 00:42:56.884,6.33288,6.3322400000000005,1.5,1
25.08.2021 00:42:56.996,6.33287,6.33225,1,1.5
25.08.2021 00:42:57.147,6.3330400000000004,6.332400000000001,1,1
25.08.2021 00:42:57.617,6.33307,6.33248,1,1.12
25.08.2021 00:42:57.769,6.33316,6.33252,1,1.5
25.08.2021 00:42:59.291,6.3332500000000005,6.332630000000001,1,1
25.08.2021 00:42:59.457,6.3332500000000005,6.332630000000001,1,1.5
25.08.2021 00:42:59.685,6.3332500000000005,6.332630000000001,1,1
25.08.2021 00:43:03.481,6.3332500000000005,6.332630000000001,2,1
25.08.2021 00:43:03.582,6.33321,6.332630000000001,1,1
25.08.2021 00:43:03.632,6.3332500000000005,6.332630000000001,2,1
25.08.2021 00:43:05.106,6.3331800000000005,6.33256,1,1.12
25.08.2021 00:43:06.263,6.3331800000000005,6.33256,1.5,1.12
25.08.2021 00:43:06.570,6.33312,6.3325000000000005,1.5,1
25.08.2021 00:43:06.685,6.333080000000001,6.3325000000000005,1.7,1
25.08.2021 00:43:06.841,6.33312,6.3325000000000005,1.5,1
25.08.2021 00:43:06.941,6.33309,6.3325000000000005,1,1
25.08.2021 00:43:08.508,6.33307,6.3325000000000005,1,1
25.08.2021 00:43:09.106,6.333030000000001,6.33241,1,1
25.08.2021 00:43:20.400,6.33305,6.3324300000000004,1,1
25.08.2021 00:43:22.657,6.3331100000000005,6.3325000000000005,1,1
25.08.2021 00:43:22.707,6.33314,6.3325000000000005,1.5,1
25.08.2021 00:43:22.814,6.3331,6.33251,1,1
25.08.2021 00:43:23.255,6.333030000000001,6.33241,1,1
25.08.2021 00:43:27.706,6.333080000000001,6.33246,1.5,1
25.08.2021 00:43:28.158,6.333080000000001,6.33246,1.5,1.5
25.08.2021 00:43:28.262,6.333080000000001,6.33246,1,1.5
25.08.2021 00:43:29.339,6.33316,6.33252,1,1
25.08.2021 00:43:29.449,6.333150000000001,6.33253,1,1.62
25.08.2021 00:43:30.668,6.333150000000001,6.33253,1,1.62
25.08.2021 00:43:30.718,6.333290000000001,6.33253,1,1
25.08.2021 00:43:31.085,6.333240000000001,6.33262,1,1
25.08.2021 00:43:35.038,6.333130000000001,6.33251,1,1.5
25.08.2021 00:43:35.199,6.333060000000001,6.33246,1,1
25.08.2021 00:43:38.198,6.33314,6.33252,1.5,1
25.08.2021 00:43:38.249,6.33309,6.33251,1.2,1
25.08.2021 00:43:38.393,6.333080000000001,6.33252,1.7,1
25.08.2021 00:43:39.016,6.333150000000001,6.33251,1.5,1
25.08.2021 00:43:39.117,6.33314,6.33252,1,1
25.08.2021 00:43:42.061,6.33307,6.332450000000001,1,1.5
25.08.2021 00:43:42.111,6.33307,6.332450000000001,1,1
25.08.2021 00:43:42.313,6.33307,6.332450000000001,1.62,1
25.08.2021 00:43:46.334,6.33297,6.33235,1,1.5
25.08.2021 00:43:46.740,6.33297,6.33235,1.12,1
25.08.2021 00:43:46.974,6.33292,6.3323,1,1.5
25.08.2021 00:43:48.115,6.332940000000001,6.33232,1,1.12
25.08.2021 00:43:50.978,6.332940000000001,6.33232,1,1.5
25.08.2021 00:43:51.988,6.3331800000000005,6.33253,1.7,1
25.08.2021 00:43:52.039,6.33316,6.332540000000001,1,1
25.08.2021 00:43:52.089,6.33328,6.33266,1.5,1
25.08.2021 00:43:52.190,6.33341,6.33279,1.5,1
25.08.2021 00:43:52.391,6.33341,6.33279,1.5,1
25.08.2021 00:43:53.783,6.33335,6.332730000000001,1,1
25.08.2021 00:43:54.902,6.3334,6.3327800000000005,1.5,1
25.08.2021 00:44:00.382,6.33335,6.332730000000001,1,1
25.08.2021 00:44:00.433,6.33335,6.332730000000001,1.5,1
25.08.2021 00:44:00.534,6.333480000000001,6.33287,1.5,1
25.08.2021 00:44:00.635,6.33367,6.333150000000001,1,1
25.08.2021 00:44:00.800,6.33377,6.333150000000001,1,1.12
25.08.2021 00:44:00.900,6.33387,6.3332500000000005,1.5,1
25.08.2021 00:44:01.051,6.33387,6.3332500000000005,1,1
25.08.2021 00:44:01.259,6.33385,6.333240000000001,1,1
25.08.2021 00:44:01.309,6.33387,6.3332500000000005,1.5,1
25.08.2021 00:44:01.360,6.3337,6.333150000000001,1,1
25.08.2021 00:44:01.511,6.333880000000001,6.33326,1,1
25.08.2021 00:44:02.551,6.33377,6.333130000000001,1,1.5
25.08.2021 00:44:02.602,6.333880000000001,6.33327,1,1
25.08.2021 00:44:02.753,6.33376,6.33314,1,1.5
25.08.2021 00:44:02.903,6.33361,6.333030000000001,1,1
25.08.2021 00:44:03.004,6.33377,6.33301,1.62,1
25.08.2021 00:44:03.055,6.33377,6.33301,1.62,1
25.08.2021 00:44:03.156,6.33357,6.33301,1,1
25.08.2021 00:44:03.256,6.33357,6.33295,1,2.75
25.08.2021 00:44:04.306,6.33351,6.332890000000001,1,1
25.08.2021 00:44:04.993,6.33351,6.332890000000001,1,1.5
25.08.2021 00:44:10.830,6.33351,6.332890000000001,1,1
25.08.2021 00:44:10.981,6.33344,6.33282,1,1.5
25.08.2021 00:44:11.031,6.33344,6.33282,1,1
25.08.2021 00:44:11.132,6.33347,6.33275,1,1
25.08.2021 00:44:11.475,6.333480000000001,6.33272,1.62,1.7
25.08.2021 00:44:11.638,6.33347,6.33269,1.62,1
25.08.2021 00:44:11.945,6.333480000000001,6.332680000000001,1,1
25.08.2021 00:44:12.708,6.33347,6.332730000000001,1,1.7
25.08.2021 00:44:12.911,6.33347,6.332730000000001,1.62,1
25.08.2021 00:44:13.522,6.33347,6.332730000000001,1,1.77
25.08.2021 00:44:15.680,6.33347,6.332730000000001,1,1
25.08.2021 00:44:15.881,6.33347,6.332730000000001,1,1.77
25.08.2021 00:44:16.086,6.33347,6.332730000000001,1,1.7
25.08.2021 00:44:16.495,6.33347,6.332730000000001,1,1.77
25.08.2021 00:44:16.799,6.3335,6.33274,1,1
25.08.2021 00:44:16.900,6.33358,6.33276,1.62,1
25.08.2021 00:44:16.961,6.33357,6.33277,1.62,1
25.08.2021 00:44:18.171,6.33357,6.33275,1,1
25.08.2021 00:44:18.285,6.3334600000000005,6.33284,1,1
25.08.2021 00:44:19.083,6.3334,6.3327800000000005,1,1.5
25.08.2021 00:44:19.397,6.3334,6.3327800000000005,1,1.5
25.08.2021 00:44:21.286,6.33337,6.33275,1,1.5
25.08.2021 00:44:21.437,6.33351,6.332890000000001,1.5,1
25.08.2021 00:44:21.488,6.33349,6.33288,1.7,1
25.08.2021 00:44:21.588,6.33336,6.33274,1,1.5
25.08.2021 00:44:21.689,6.333430000000001,6.33279,1,1
25.08.2021 00:44:21.790,6.333330000000001,6.332730000000001,1,1.77
25.08.2021 00:44:21.941,6.3334600000000005,6.33282,1,1
25.08.2021 00:44:22.041,6.333330000000001,6.33276,1,1.5
25.08.2021 00:44:22.092,6.333380000000001,6.33276,1,2
25.08.2021 00:44:22.193,6.333480000000001,6.33276,1.7,1.5
25.08.2021 00:44:22.356,6.333380000000001,6.33276,1,2
25.08.2021 00:44:22.608,6.333380000000001,6.33276,1,2
25.08.2021 00:44:22.754,6.33335,6.33276,1,1.5
25.08.2021 00:44:26.392,6.33344,6.33282,1,1
25.08.2021 00:44:28.408,6.33336,6.33274,1,1.5
25.08.2021 00:44:28.559,6.3333,6.332680000000001,1,1.5
25.08.2021 00:44:28.610,6.3333,6.332680000000001,1,1
25.08.2021 00:44:29.401,6.33328,6.33266,1,1.12
25.08.2021 00:44:35.372,6.33321,6.332590000000001,1,1.5
25.08.2021 00:44:42.093,6.33323,6.33261,1,1.5
25.08.2021 00:44:42.194,6.33335,6.3327100000000005,1.12,1
25.08.2021 00:44:42.295,6.333330000000001,6.33272,1,1
25.08.2021 00:44:42.396,6.333330000000001,6.33272,1.5,1
25.08.2021 00:44:43.705,6.33323,6.33261,1,1.5
25.08.2021 00:44:51.399,6.33326,6.3326400000000005,1,1
25.08.2021 00:44:53.538,6.33326,6.33265,1,1
25.08.2021 00:44:53.589,6.33336,6.33275,1.5,1
25.08.2021 00:44:53.961,6.333380000000001,6.33274,1,1.5
25.08.2021 00:44:54.062,6.33345,6.33283,1,1.65
25.08.2021 00:45:01.233,6.33345,6.33283,1,1.5
25.08.2021 00:45:01.435,6.33345,6.33283,1,1.5
25.08.2021 00:45:01.586,6.333380000000001,6.33276,1.12,1
25.08.2021 00:45:01.652,6.33335,6.332730000000001,1,1
25.08.2021 00:45:02.247,6.33335,6.332730000000001,1,1.5
25.08.2021 00:45:03.754,6.33335,6.332730000000001,1,1
25.08.2021 00:45:10.778,6.333380000000001,6.33262,1.27,1
25.08.2021 00:45:10.831,6.333380000000001,6.3326,1.7,1.5
25.08.2021 00:45:11.079,6.33331,6.33269,1,1
25.08.2021 00:45:20.435,6.33328,6.33266,1,1
25.08.2021 00:45:28.131,6.33321,6.3326,1,1.5
25.08.2021 00:45:49.692,6.33319,6.332630000000001,1,1
25.08.2021 00:45:50.369,6.33327,6.33265,1,1
25.08.2021 00:45:50.556,6.33328,6.3326400000000005,1,1.5
25.08.2021 00:45:50.759,6.33327,6.33265,1,1
25.08.2021 00:46:14.967,6.33327,6.332630000000001,1,1
25.08.2021 00:46:23.335,6.333200000000001,6.332580000000001,1,1.5
25.08.2021 00:46:36.657,6.3331100000000005,6.33247,1,1.5
25.08.2021 00:46:36.807,6.33307,6.332450000000001,1.12,1.5
25.08.2021 00:46:36.858,6.33307,6.332450000000001,1.62,1
25.08.2021 00:46:37.260,6.333,6.332380000000001,1,1
25.08.2021 00:46:37.413,6.33293,6.33229,1,1.5
25.08.2021 00:46:44.959,6.33307,6.33226,1,1
25.08.2021 00:46:45.931,6.33302,6.33226,1,1
25.08.2021 00:46:46.151,6.3330400000000004,6.33226,1.5,1
25.08.2021 00:46:46.462,6.333,6.332380000000001,1,1
25.08.2021 00:46:48.272,6.33297,6.33235,1,1
25.08.2021 00:46:57.851,6.33297,6.33235,1,1.5
25.08.2021 00:46:57.955,6.333080000000001,6.33246,1.5,1
25.08.2021 00:46:58.056,6.33309,6.332450000000001,1,1.5
25.08.2021 00:46:58.301,6.333080000000001,6.33247,1,1
25.08.2021 00:46:58.933,6.33309,6.332450000000001,1,1.5
25.08.2021 00:47:02.471,6.333080000000001,6.33246,1,1.5
25.08.2021 00:47:17.134,6.3331,6.33246,1,1.5
25.08.2021 00:47:18.241,6.3331,6.33248,1,1
25.08.2021 00:47:18.392,6.33305,6.3324300000000004,1,1.5
25.08.2021 00:47:18.443,6.33305,6.3324300000000004,1,1
25.08.2021 00:47:23.096,6.33302,6.332400000000001,1,1
25.08.2021 00:47:23.214,6.332980000000001,6.33237,1.2,1.5
25.08.2021 00:47:23.416,6.332990000000001,6.33237,1,1.5
25.08.2021 00:47:24.057,6.332990000000001,6.33237,1,1.12
25.08.2021 00:47:33.502,6.332940000000001,6.33232,1,1.5
25.08.2021 00:47:40.581,6.33284,6.33222,1,1.5
25.08.2021 00:47:40.632,6.33284,6.33222,1,1.5
25.08.2021 00:47:40.682,6.33279,6.332180000000001,1,1
25.08.2021 00:47:44.896,6.332800000000001,6.33217,1,1
25.08.2021 00:47:47.211,6.33287,6.33225,1,1
25.08.2021 00:47:47.365,6.33275,6.33213,1,1.62
25.08.2021 00:47:47.415,6.33275,6.33213,1,1.12
25.08.2021 00:47:48.538,6.332680000000001,6.33206,1,1.5
25.08.2021 00:47:48.588,6.332680000000001,6.33206,1,1.5
25.08.2021 00:47:48.714,6.332630000000001,6.33201,1,1.62
25.08.2021 00:47:51.533,6.3326400000000005,6.332000000000001,1,1.5
25.08.2021 00:48:08.402,6.332630000000001,6.33199,1,1.5
25.08.2021 00:48:26.046,6.33269,6.33195,1,1.5
25.08.2021 00:48:26.147,6.33256,6.33194,1,1.5
25.08.2021 00:48:26.197,6.33256,6.33194,1.12,1
25.08.2021 00:48:26.972,6.33248,6.33186,1,1.5
25.08.2021 00:48:27.918,6.332490000000001,6.33185,1,1
25.08.2021 00:48:29.659,6.332380000000001,6.331740000000001,1,1.5
25.08.2021 00:48:34.975,6.33244,6.3318200000000004,1,1
25.08.2021 00:48:49.697,6.33255,6.331740000000001,1,1.5
25.08.2021 00:48:51.875,6.3325000000000005,6.331740000000001,1,1.5
25.08.2021 00:48:54.117,6.33255,6.331740000000001,1,1.5
25.08.2021 00:48:54.168,6.332580000000001,6.33178,1,1.5
25.08.2021 00:48:54.334,6.33252,6.3319,1.12,1
25.08.2021 00:48:54.435,6.33266,6.33204,1,1
25.08.2021 00:48:54.542,6.33266,6.33204,1,1.5
25.08.2021 00:48:54.789,6.33277,6.3320300000000005,1,1
25.08.2021 00:48:55.554,6.33274,6.33212,1,1
25.08.2021 00:48:57.561,6.33283,6.33221,1,1
25.08.2021 00:48:57.763,6.33283,6.33221,1,1.5
25.08.2021 00:49:01.516,6.332940000000001,6.3323,1,1.12
25.08.2021 00:49:01.566,6.33293,6.3323100000000005,1,1.5
25.08.2021 00:49:01.771,6.33297,6.332330000000001,1,1.12
25.08.2021 00:49:02.040,6.33305,6.33241,1.5,1
25.08.2021 00:49:02.191,6.33305,6.33241,1,1
25.08.2021 00:49:03.103,6.3330400000000004,6.3324300000000004,1,1
25.08.2021 00:49:03.303,6.3330400000000004,6.3324300000000004,1,1
25.08.2021 00:49:25.360,6.3330400000000004,6.3324300000000004,1,1
25.08.2021 00:49:25.411,6.333150000000001,6.33253,1.5,1
25.08.2021 00:49:25.562,6.3332500000000005,6.33253,1.5,1
25.08.2021 00:49:26.585,6.33327,6.33251,1,1
25.08.2021 00:49:26.686,6.33314,6.33252,1,1
25.08.2021 00:49:27.377,6.33307,6.33247,1,1
25.08.2021 00:49:27.568,6.33307,6.332490000000001,1,1.5
25.08.2021 00:49:31.683,6.33316,6.332540000000001,1,1.5
25.08.2021 00:49:35.920,6.33316,6.332540000000001,1,1.5
25.08.2021 00:49:36.021,6.333430000000001,6.33281,1.5,1
25.08.2021 00:49:36.122,6.333430000000001,6.33281,1,1
25.08.2021 00:49:36.274,6.333430000000001,6.33283,1,1.2
25.08.2021 00:49:36.375,6.333430000000001,6.33283,1,1.7
25.08.2021 00:49:36.425,6.3335300000000005,6.33291,1,1
25.08.2021 00:49:40.205,6.3335300000000005,6.33291,1,1.5
25.08.2021 00:49:41.387,6.33354,6.3329,1,1.12
25.08.2021 00:49:43.158,6.333600000000001,6.33296,1.12,1
25.08.2021 00:49:43.259,6.33377,6.333150000000001,1,1
25.08.2021 00:49:43.375,6.33385,6.33323,1,1.5
25.08.2021 00:49:43.657,6.3339300000000005,6.333290000000001,1,1
25.08.2021 00:49:49.538,6.33392,6.33335,1,1
25.08.2021 00:49:49.657,6.33392,6.33335,1,1.5
25.08.2021 00:49:49.707,6.33403,6.33341,1,1
25.08.2021 00:49:51.354,6.33403,6.33341,1,1.5
25.08.2021 00:49:51.590,6.33403,6.33341,1,1
25.08.2021 00:49:55.085,6.3340000000000005,6.3334,1,1
25.08.2021 00:49:55.186,6.33389,6.33327,1,1.5
25.08.2021 00:49:55.287,6.33389,6.33327,1,1
25.08.2021 00:49:56.061,6.33389,6.33327,1,1.5
25.08.2021 00:49:56.112,6.33397,6.33335,1,1
25.08.2021 00:49:59.896,6.33397,6.33335,1,1.5
25.08.2021 00:50:01.459,6.33405,6.33341,1.12,1
25.08.2021 00:50:01.811,6.334040000000001,6.33342,1.5,1
25.08.2021 00:50:13.976,6.3340000000000005,6.333380000000001,1,1
25.08.2021 00:50:16.860,6.3340000000000005,6.333380000000001,1,1.62
25.08.2021 00:50:16.971,6.33403,6.33341,1,1.5
25.08.2021 00:50:18.269,6.33403,6.33341,1,1
25.08.2021 00:50:32.275,6.33402,6.3334,1,1.12
25.08.2021 00:50:35.044,6.333950000000001,6.333330000000001,1,1.5
25.08.2021 00:50:35.095,6.333950000000001,6.333330000000001,1,1
25.08.2021 00:50:35.195,6.333880000000001,6.33326,1,1.5
25.08.2021 00:50:35.297,6.333880000000001,6.33326,1,1.12
25.08.2021 00:50:36.783,6.33392,6.33328,1,1
25.08.2021 00:50:48.819,6.33384,6.333240000000001,1,1
25.08.2021 00:50:49.486,6.33385,6.33322,1,1
25.08.2021 00:50:52.131,6.33396,6.33323,1.5,1
25.08.2021 00:50:53.856,6.33389,6.33327,1,1
25.08.2021 00:50:58.409,6.33397,6.33335,1.62,1
25.08.2021 00:50:58.459,6.33397,6.33335,1.5,1
25.08.2021 00:50:58.633,6.33397,6.33335,1.5,1
25.08.2021 00:50:59.739,6.33389,6.33327,1,1
25.08.2021 00:51:01.471,6.33385,6.33323,1,1.12
25.08.2021 00:51:01.572,6.3339300000000005,6.33331,1.5,1
25.08.2021 00:51:07.790,6.3338600000000005,6.333240000000001,1,1.87
25.08.2021 00:51:12.572,6.33394,6.3333,1.5,1
25.08.2021 00:51:13.751,6.33384,6.333240000000001,1,1.12
25.08.2021 00:51:14.992,6.33385,6.33321,1,1.5
25.08.2021 00:51:15.208,6.33398,6.3331800000000005,1.7,1.5
25.08.2021 00:51:15.259,6.33384,6.33322,1,1.5
25.08.2021 00:51:15.635,6.33392,6.3333,1,1
25.08.2021 00:51:19.156,6.33385,6.33323,1,1
25.08.2021 00:51:19.257,6.3339300000000005,6.33331,1,1
25.08.2021 00:51:21.555,6.33397,6.33335,1.12,1
25.08.2021 00:51:27.222,6.33392,6.3333,1,1
25.08.2021 00:51:34.217,6.33385,6.33323,1,1.12
25.08.2021 00:51:34.318,6.33375,6.333130000000001,1,1
25.08.2021 00:51:34.419,6.33352,6.33293,1,1.7
25.08.2021 00:51:34.470,6.33352,6.3329,1,1.5
25.08.2021 00:51:34.520,6.3335,6.33286,1,1.5
25.08.2021 00:51:34.571,6.33349,6.33287,1,1
25.08.2021 00:51:34.701,6.3334600000000005,6.33284,1,1
25.08.2021 00:51:34.803,6.3334,6.3327800000000005,1,1.5
25.08.2021 00:51:34.853,6.3334,6.3327800000000005,1,1
25.08.2021 00:51:35.009,6.3334,6.33283,1,1.2
25.08.2021 00:51:37.879,6.33368,6.33331,1.7,1
25.08.2021 00:51:37.929,6.33389,6.3333,1,1
25.08.2021 00:51:37.980,6.33391,6.333290000000001,1,1
25.08.2021 00:51:38.131,6.333830000000001,6.33321,1,1.5
25.08.2021 00:51:38.471,6.333950000000001,6.333330000000001,1,1
25.08.2021 00:51:41.894,6.333950000000001,6.333430000000001,1,1.2
25.08.2021 00:51:42.210,6.334230000000001,6.33342,1,1.27
25.08.2021 00:51:42.510,6.334230000000001,6.333430000000001,1,1.27
25.08.2021 00:51:42.560,6.333950000000001,6.333430000000001,1,1.27
25.08.2021 00:51:42.783,6.33398,6.333430000000001,1,1.27
25.08.2021 00:51:47.076,6.33402,6.333430000000001,1,1.27
25.08.2021 00:51:48.562,6.33402,6.3334,1,1
25.08.2021 00:51:48.662,6.33402,6.3334,1,1.5
25.08.2021 00:51:49.479,6.33402,6.3334,1,1
25.08.2021 00:51:53.919,6.33402,6.333430000000001,1,1.2
25.08.2021 00:52:00.277,6.33402,6.3334,1,1
25.08.2021 00:52:05.045,6.33399,6.33337,1,1
25.08.2021 00:52:05.196,6.33402,6.3334,1,1.5
25.08.2021 00:52:13.797,6.33405,6.33342,1,1.27
25.08.2021 00:52:15.561,6.334040000000001,6.333430000000001,1,1.7
25.08.2021 00:52:15.820,6.334040000000001,6.333430000000001,1,1.27
25.08.2021 00:52:18.925,6.334040000000001,6.33342,1,1
25.08.2021 00:52:18.976,6.33401,6.33337,1,1
25.08.2021 00:52:22.030,6.3340000000000005,6.333380000000001,1,1.5
25.08.2021 00:52:22.839,6.3340000000000005,6.333380000000001,1,1
25.08.2021 00:52:22.890,6.3340000000000005,6.333430000000001,1,1.2
25.08.2021 00:52:23.791,6.334040000000001,6.33342,1,1.27
25.08.2021 00:52:27.491,6.33406,6.33344,1,1
25.08.2021 00:52:31.396,6.33406,6.33344,1,1.5
25.08.2021 00:52:32.397,6.33406,6.33344,1,1.12
25.08.2021 00:52:35.998,6.33406,6.33344,1,1.5
25.08.2021 00:52:37.107,6.33406,6.33344,1,1
25.08.2021 00:52:41.985,6.33406,6.33344,1,1.5
25.08.2021 00:52:43.104,6.33406,6.33344,1,1
25.08.2021 00:52:58.596,6.334040000000001,6.333430000000001,1,1.27
25.08.2021 00:53:10.517,6.334040000000001,6.33342,1,1
25.08.2021 00:53:13.218,6.33407,6.33345,1,1
25.08.2021 00:53:13.541,6.3340000000000005,6.333380000000001,1,1
25.08.2021 00:53:14.287,6.33392,6.3333,1,1
25.08.2021 00:53:15.137,6.33392,6.333330000000001,1,1.2
25.08.2021 00:53:15.288,6.33392,6.333330000000001,1,1.7
25.08.2021 00:53:15.373,6.33392,6.333330000000001,1,1.27
25.08.2021 00:53:15.448,6.3340000000000005,6.333380000000001,1,1
25.08.2021 00:53:15.824,6.3340000000000005,6.333430000000001,1,1.2
25.08.2021 00:53:26.220,6.334280000000001,6.33372,1.5,1
25.08.2021 00:53:26.371,6.33429,6.33372,1,1.2
25.08.2021 00:53:26.421,6.33447,6.333730000000001,1,1.7
25.08.2021 00:53:26.623,6.33447,6.333730000000001,1,1.65
25.08.2021 00:53:26.673,6.33447,6.333830000000001,1,1.2
25.08.2021 00:53:26.774,6.33447,6.33385,1,1
25.08.2021 00:53:26.894,6.33442,6.333780000000001,1,1
25.08.2021 00:53:29.087,6.33441,6.333830000000001,1,1.2
25.08.2021 00:53:29.188,6.334480000000001,6.33384,1,1
25.08.2021 00:53:29.289,6.334630000000001,6.333830000000001,1,1.27
25.08.2021 00:53:29.340,6.334630000000001,6.333830000000001,1,1.7
25.08.2021 00:53:29.411,6.334630000000001,6.333830000000001,1,1.27
25.08.2021 00:53:29.469,6.334480000000001,6.33384,1,1
25.08.2021 00:53:32.497,6.3344000000000005,6.33376,1,1
25.08.2021 00:53:44.887,6.33434,6.3337,1,1.5
25.08.2021 00:53:46.105,6.3343300000000005,6.33371,1,1
25.08.2021 00:53:46.830,6.3342600000000004,6.333640000000001,1,1
25.08.2021 00:53:46.981,6.33419,6.33357,1,1
25.08.2021 00:53:48.524,6.33416,6.33354,1,1
25.08.2021 00:53:58.550,6.33408,6.3334600000000005,1,1
25.08.2021 00:53:58.820,6.33411,6.33349,1,1
25.08.2021 00:53:58.959,6.33408,6.3334600000000005,1,1
25.08.2021 00:54:01.903,6.33403,6.333430000000001,1,1.27
25.08.2021 00:54:03.382,6.33415,6.3335300000000005,1,1
25.08.2021 00:54:03.849,6.3341,6.333480000000001,1,1
25.08.2021 00:54:06.259,6.3341,6.3335300000000005,1,1.2
25.08.2021 00:54:07.614,6.3342,6.33358,1,1
25.08.2021 00:54:07.715,6.3342,6.33359,1,1
25.08.2021 00:54:07.824,6.3342,6.33359,1,1.5
25.08.2021 00:54:09.073,6.3342,6.33363,1,1
25.08.2021 00:54:09.466,6.33425,6.33363,1,1.62
25.08.2021 00:54:11.050,6.33425,6.33363,1,1.12
25.08.2021 00:54:12.051,6.33425,6.33363,1,2.52
25.08.2021 00:54:13.052,6.33425,6.33363,1,2.52
25.08.2021 00:54:13.163,6.3343300000000005,6.33371,1,1
25.08.2021 00:54:14.417,6.3343300000000005,6.333730000000001,1,1.2
25.08.2021 00:54:14.467,6.334390000000001,6.33377,1,1
25.08.2021 00:54:14.518,6.334390000000001,6.33377,1,1.5
25.08.2021 00:54:14.619,6.334390000000001,6.333830000000001,1,1.77
25.08.2021 00:54:14.770,6.3345,6.3339300000000005,1,1.2
25.08.2021 00:54:15.057,6.3345,6.333880000000001,1,1.12
25.08.2021 00:54:15.570,6.3345,6.3339300000000005,1,1.2
25.08.2021 00:54:15.671,6.3345,6.3339300000000005,1,1.7
25.08.2021 00:54:16.292,6.3345,6.3339300000000005,1,1.2
25.08.2021 00:54:16.343,6.3346100000000005,6.33399,1,1
25.08.2021 00:54:31.557,6.33462,6.33402,1,1.2
25.08.2021 00:54:32.200,6.33476,6.3341400000000005,1,1
25.08.2021 00:54:32.301,6.33469,6.334130000000001,1,1.2
25.08.2021 00:54:32.351,6.33482,6.334180000000001,1,1
25.08.2021 00:54:32.526,6.33474,6.33412,1,1
25.08.2021 00:54:32.627,6.33474,6.334130000000001,1,1.2
25.08.2021 00:54:33.179,6.33474,6.33412,1,1
25.08.2021 00:54:33.455,6.33474,6.33412,1,1.5
25.08.2021 00:54:34.368,6.33474,6.334130000000001,1,1.2
25.08.2021 00:54:35.084,6.3347500000000005,6.33412,1,1.7
25.08.2021 00:54:36.404,6.3347500000000005,6.33412,1,1.2
25.08.2021 00:54:36.618,6.334840000000001,6.3342,1,1
25.08.2021 00:54:37.107,6.33483,6.334210000000001,1,1.5
25.08.2021 00:54:39.089,6.33473,6.334090000000001,1,1.5
25.08.2021 00:54:39.189,6.334630000000001,6.33403,1,1.27
25.08.2021 00:54:40.151,6.33471,6.334090000000001,1,1
25.08.2021 00:54:44.837,6.33466,6.33402,1,1
25.08.2021 00:54:46.435,6.334580000000001,6.33394,1,1
25.08.2021 00:54:46.536,6.3345,6.333880000000001,1,1
25.08.2021 00:54:46.687,6.334390000000001,6.33377,1,1
25.08.2021 00:54:49.642,6.3343300000000005,6.33371,1,1
25.08.2021 00:54:49.959,6.3342600000000004,6.333640000000001,1,1
25.08.2021 00:54:50.689,6.334210000000001,6.33359,1,1.5
25.08.2021 00:54:50.840,6.33422,6.33358,1,1
25.08.2021 00:54:51.203,6.334210000000001,6.33359,1,1.5
25.08.2021 00:54:51.441,6.3342600000000004,6.333640000000001,1,1
25.08.2021 00:54:52.356,6.33434,6.33372,1,1
25.08.2021 00:54:52.457,6.33425,6.33363,1,2.02
25.08.2021 00:54:52.608,6.334180000000001,6.33356,1,1
25.08.2021 00:54:52.945,6.33412,6.333480000000001,1,1
25.08.2021 00:54:53.050,6.334090000000001,6.33347,1,1
25.08.2021 00:54:53.158,6.33398,6.33331,1,1.5
25.08.2021 00:54:53.259,6.33397,6.33332,1,1.5
25.08.2021 00:54:53.330,6.33397,6.33332,1,1.5
25.08.2021 00:54:53.669,6.33396,6.333340000000001,1,1
25.08.2021 00:54:55.972,6.33397,6.333330000000001,1,1.5
25.08.2021 00:54:56.865,6.33396,6.333340000000001,1,1
25.08.2021 00:54:57.121,6.33397,6.33342,1,1.2
25.08.2021 00:54:58.789,6.33397,6.333330000000001,1,1
25.08.2021 00:55:01.583,6.33408,6.33322,1.2,1
25.08.2021 00:55:02.484,6.33419,6.33322,1.2,1.2
25.08.2021 00:55:02.640,6.33408,6.33322,1.2,1
25.08.2021 00:55:02.921,6.33408,6.33322,1.7,1
25.08.2021 00:55:03.023,6.3338600000000005,6.33323,1,1
25.08.2021 00:55:07.070,6.33387,6.33332,1,1.2
25.08.2021 00:55:07.171,6.3338600000000005,6.33323,1,2.15
25.08.2021 00:55:07.322,6.3338600000000005,6.33323,1,1.65
25.08.2021 00:55:07.863,6.3338600000000005,6.33323,1,2.15
25.08.2021 00:55:12.173,6.33407,6.33326,1,1
25.08.2021 00:55:12.224,6.33407,6.333240000000001,1.12,1.5
25.08.2021 00:55:12.324,6.33407,6.333240000000001,1.5,1.5
25.08.2021 00:55:12.725,6.33407,6.333240000000001,1.5,1
25.08.2021 00:55:13.434,6.33407,6.333240000000001,1.5,1.5
25.08.2021 00:55:13.973,6.33407,6.333240000000001,1.5,1
25.08.2021 00:55:14.108,6.33407,6.333330000000001,1.5,1.2
25.08.2021 00:55:14.158,6.33407,6.333240000000001,1.5,1
25.08.2021 00:55:14.656,6.33408,6.33323,1.5,1.5
25.08.2021 00:55:14.837,6.33389,6.333240000000001,1,1.5
25.08.2021 00:55:15.369,6.33389,6.333240000000001,1,1
25.08.2021 00:55:16.186,6.3339,6.33323,1,1.5
25.08.2021 00:55:21.688,6.33389,6.3333,1,1
25.08.2021 00:55:24.737,6.33408,6.3333,1,1
25.08.2021 00:55:26.443,6.3341,6.3333,1.5,1
25.08.2021 00:55:28.130,6.3341,6.3333,1.5,1.5
25.08.2021 00:55:29.207,6.33407,6.33326,1.5,1.5
25.08.2021 00:55:29.257,6.33407,6.33326,1.62,1
25.08.2021 00:55:31.209,6.33407,6.333240000000001,1.62,1
25.08.2021 00:55:32.056,6.33407,6.333240000000001,1.12,1.5
25.08.2021 00:55:32.106,6.3341,6.33332,1,1.2
25.08.2021 00:55:32.157,6.3341400000000005,6.33332,1.5,1.27
25.08.2021 00:55:32.257,6.3341400000000005,6.33332,1,1.27
25.08.2021 00:55:32.734,6.334130000000001,6.333330000000001,1.5,1.27
25.08.2021 00:55:33.137,6.334130000000001,6.333330000000001,1,1.27
25.08.2021 00:55:35.382,6.33396,6.333330000000001,1,1.27
25.08.2021 00:55:43.810,6.334180000000001,6.33335,1.5,1
25.08.2021 00:55:59.187,6.33398,6.33335,1,1
25.08.2021 00:56:07.069,6.3339,6.3333,1,1
25.08.2021 00:56:14.318,6.3339,6.3333,1,1.5
25.08.2021 00:56:14.664,6.33416,6.33332,1.5,1.27
25.08.2021 00:56:14.815,6.33399,6.333330000000001,1,1.27
25.08.2021 00:56:15.871,6.33399,6.33335,1,1
25.08.2021 00:56:15.972,6.33399,6.333430000000001,1,1.2
25.08.2021 00:56:16.022,6.33402,6.333430000000001,1,1.2
25.08.2021 00:56:20.012,6.3340000000000005,6.33342,1,1.27
25.08.2021 00:56:23.789,6.33419,6.33357,1.12,1
25.08.2021 00:56:23.890,6.33438,6.33372,1,1
25.08.2021 00:56:23.991,6.33438,6.33372,1,1.5
25.08.2021 00:56:24.220,6.3344000000000005,6.33372,1,1.5
25.08.2021 00:56:28.896,6.33456,6.3339300000000005,1.5,1.2
25.08.2021 00:56:29.047,6.3346800000000005,6.3340000000000005,1,1
25.08.2021 00:56:29.097,6.3346800000000005,6.33403,1,1.27
25.08.2021 00:56:29.198,6.3346800000000005,6.3340000000000005,1,1
25.08.2021 00:56:29.348,6.3346800000000005,6.3340000000000005,1,1.5
25.08.2021 00:56:32.985,6.33469,6.33399,1,1
25.08.2021 00:56:39.090,6.33462,6.333950000000001,1,1
25.08.2021 00:56:39.471,6.33462,6.333950000000001,1,1.5
25.08.2021 00:56:42.966,6.33464,6.33396,1,1.5
25.08.2021 00:56:43.143,6.3346100000000005,6.33394,1,1.5
25.08.2021 00:56:44.827,6.33465,6.33403,1,1.27
25.08.2021 00:56:44.978,6.33465,6.33403,1,1.7
25.08.2021 00:56:45.102,6.33465,6.33403,1,1.27
25.08.2021 00:56:45.320,6.3347500000000005,6.33407,1,1
25.08.2021 00:56:45.479,6.3347500000000005,6.33407,1,1.5
25.08.2021 00:56:50.975,6.3347500000000005,6.33411,1,1.5
25.08.2021 00:56:59.277,6.3348,6.33415,1,1.5
25.08.2021 00:57:01.125,6.33472,6.33412,1,1.7
25.08.2021 00:57:01.176,6.33472,6.33402,1,2.02
25.08.2021 00:57:01.226,6.33465,6.33401,1,1
25.08.2021 00:57:01.277,6.33465,6.33397,1,1.5
25.08.2021 00:57:01.690,6.33466,6.33396,1,1
25.08.2021 00:57:08.319,6.33455,6.3339300000000005,1,1.27
25.08.2021 00:57:12.643,6.33455,6.33387,1,1.5
25.08.2021 00:57:12.793,6.33464,6.3337900000000005,1.5,1
25.08.2021 00:57:12.844,6.33442,6.3337900000000005,1,1
25.08.2021 00:57:12.995,6.33434,6.33368,1,1.5
25.08.2021 00:57:16.859,6.33455,6.33368,1.5,1.5
25.08.2021 00:57:19.409,6.33434,6.33368,1,1.5
25.08.2021 00:57:19.459,6.33434,6.33368,1,1
25.08.2021 00:57:21.692,6.33455,6.33368,1.5,1
25.08.2021 00:57:21.939,6.33455,6.333730000000001,1.5,1.2
25.08.2021 00:57:22.316,6.33455,6.33368,1.5,1
25.08.2021 00:57:23.140,6.33456,6.33367,1.5,1
25.08.2021 00:57:23.317,6.3345,6.33363,1.5,1.27
25.08.2021 00:57:26.192,6.33447,6.33362,1,1.5
25.08.2021 00:57:26.344,6.33425,6.33357,1,2
25.08.2021 00:57:26.394,6.33425,6.33357,1,1.5
25.08.2021 00:57:39.984,6.334210000000001,6.3335300000000005,1,2.52
25.08.2021 00:57:44.952,6.334210000000001,6.3335300000000005,1,2.52
25.08.2021 00:57:51.382,6.33437,6.3335300000000005,1,1
25.08.2021 00:57:51.433,6.33442,6.3335300000000005,1.5,1.77
25.08.2021 00:57:51.514,6.33443,6.33362,1.5,1.2
25.08.2021 00:57:51.588,6.33442,6.33363,1,1.2
25.08.2021 00:57:53.384,6.33442,6.33363,1,1.77
25.08.2021 00:57:54.069,6.3342600000000004,6.33363,1,1.77
25.08.2021 00:58:02.353,6.33427,6.33362,1,1.27
25.08.2021 00:58:02.644,6.3342600000000004,6.33358,1,1.5
25.08.2021 00:58:02.801,6.3342600000000004,6.33363,1,1.2
25.08.2021 00:58:02.894,6.3342600000000004,6.33358,1,1.5
25.08.2021 00:58:03.012,6.3342600000000004,6.33363,1,1.2
25.08.2021 00:58:03.065,6.3342600000000004,6.33358,1,1.5
25.08.2021 00:58:03.200,6.3342600000000004,6.33363,1,1.2
25.08.2021 00:58:03.300,6.3342600000000004,6.33358,1,1.5
25.08.2021 00:58:03.351,6.3342600000000004,6.33363,1,1.2
25.08.2021 00:58:06.877,6.3342600000000004,6.33363,1,1.77
25.08.2021 00:58:07.877,6.33427,6.33362,1,1
25.08.2021 00:58:11.881,6.3342600000000004,6.33363,1,1.77
25.08.2021 00:58:18.533,6.3342600000000004,6.33363,1,1.7
25.08.2021 00:58:21.834,6.3342600000000004,6.333730000000001,1,1.2
25.08.2021 00:58:22.186,6.33431,6.333730000000001,1,1.27
25.08.2021 00:58:22.291,6.33452,6.33384,1,1.5
25.08.2021 00:58:22.392,6.3345400000000005,6.33384,1.12,2.25
25.08.2021 00:58:22.543,6.334530000000001,6.3339300000000005,1,1.2
25.08.2021 00:58:22.820,6.3346100000000005,6.3339300000000005,1,2.02
25.08.2021 00:58:23.011,6.3346100000000005,6.3339300000000005,1,2.52
25.08.2021 00:58:23.269,6.33469,6.33401,1,1
25.08.2021 00:58:23.708,6.33469,6.33401,1,1.5
25.08.2021 00:58:25.162,6.33469,6.33401,1,1
25.08.2021 00:58:39.581,6.334700000000001,6.3340000000000005,1,1.5
25.08.2021 00:58:39.684,6.33469,6.33401,1,1
25.08.2021 00:58:41.672,6.33477,6.33396,1,1.12
25.08.2021 00:58:41.886,6.33469,6.33401,1,1
25.08.2021 00:58:41.989,6.33478,6.333950000000001,1,1.12
25.08.2021 00:58:44.122,6.3346100000000005,6.33396,1,1.12
25.08.2021 00:58:45.124,6.3346100000000005,6.33396,1,1.5
25.08.2021 00:58:54.126,6.3345400000000005,6.3338600000000005,1,1
25.08.2021 00:58:54.177,6.334530000000001,6.33385,1,1.5
25.08.2021 00:58:54.227,6.33446,6.333780000000001,1,1.5
25.08.2021 00:58:54.605,6.33447,6.33377,1,1
25.08.2021 00:58:55.525,6.33437,6.333690000000001,1,1.62
25.08.2021 00:58:58.131,6.33437,6.333690000000001,1,1
25.08.2021 00:58:58.205,6.33437,6.333690000000001,1,1.5
25.08.2021 00:59:01.457,6.33438,6.33368,1,1
25.08.2021 00:59:01.508,6.33437,6.333730000000001,1,1.2
25.08.2021 00:59:02.033,6.33438,6.33368,1,1
25.08.2021 00:59:06.036,6.33437,6.333690000000001,1,1.5
25.08.2021 00:59:09.521,6.33429,6.333640000000001,1,1
25.08.2021 00:59:09.590,6.334300000000001,6.33362,1,1.77
25.08.2021 00:59:09.889,6.33429,6.33363,1,1.65
25.08.2021 00:59:10.494,6.33429,6.33363,1,1.77
25.08.2021 00:59:18.513,6.334300000000001,6.33362,1,1.77
25.08.2021 00:59:24.366,6.33429,6.33361,1,1.5
25.08.2021 00:59:24.467,6.334130000000001,6.333550000000001,1,1
25.08.2021 00:59:24.572,6.33412,6.3335300000000005,1,1.5
25.08.2021 00:59:25.319,6.33412,6.33344,1,1.5
25.08.2021 00:59:26.147,6.33412,6.3335300000000005,1,1.2
25.08.2021 00:59:26.315,6.33419,6.33352,1,1.27
25.08.2021 00:59:26.366,6.334180000000001,6.33354,1,1
25.08.2021 00:59:26.664,6.334180000000001,6.3335300000000005,1,1.77
25.08.2021 00:59:27.321,6.334180000000001,6.33351,1,1
25.08.2021 00:59:28.197,6.33419,6.33349,1,1.5
25.08.2021 00:59:28.300,6.33419,6.33349,1,1
25.08.2021 00:59:28.580,6.33427,6.333430000000001,1.62,1.27
25.08.2021 00:59:29.260,6.33427,6.333430000000001,1.62,1.77
25.08.2021 00:59:30.645,6.33427,6.333430000000001,1.62,1.27
25.08.2021 00:59:33.099,6.33427,6.333430000000001,1.62,1.77
25.08.2021 00:59:33.422,6.3341,6.333430000000001,1,1.77
25.08.2021 00:59:36.006,6.33416,6.333480000000001,1,1
25.08.2021 00:59:43.381,6.33407,6.333430000000001,1,1.27
25.08.2021 00:59:56.247,6.33408,6.33342,1,1.7
25.08.2021 00:59:59.504,6.33407,6.333430000000001,1,1.2
25.08.2021 01:00:00.221,6.33407,6.333430000000001,1,1.7
25.08.2021 01:00:00.493,6.33415,6.33345,1,1.5
25.08.2021 01:00:00.544,6.3341400000000005,6.3334600000000005,1,1
25.08.2021 01:00:00.736,6.33408,6.333430000000001,1,1.27
25.08.2021 01:00:00.837,6.33408,6.3334,1,1
25.08.2021 01:00:01.156,6.33408,6.3334,1,1.5
25.08.2021 01:00:01.467,6.33402,6.333340000000001,1,1.5
25.08.2021 01:00:03.680,6.33402,6.333340000000001,1,1
25.08.2021 01:00:03.817,6.33402,6.333430000000001,1,1.2
25.08.2021 01:00:04.591,6.33402,6.333340000000001,1,1
25.08.2021 01:00:10.178,6.33402,6.333340000000001,1,1.5
25.08.2021 01:00:14.354,6.33403,6.333330000000001,1,1
25.08.2021 01:00:16.639,6.33399,6.333330000000001,1,1.65
25.08.2021 01:00:21.959,6.33399,6.333290000000001,1,1.5
25.08.2021 01:00:22.009,6.33398,6.3333,1,1
25.08.2021 01:00:24.110,6.33392,6.33332,1,1
25.08.2021 01:00:24.237,6.3339300000000005,6.33331,1,1.5
25.08.2021 01:00:24.648,6.33402,6.333340000000001,1,1
25.08.2021 01:00:31.123,6.33396,6.333330000000001,1,1.27
25.08.2021 01:00:31.237,6.33402,6.333340000000001,1,1
25.08.2021 01:00:36.170,6.33399,6.333290000000001,1,1
25.08.2021 01:00:36.285,6.33396,6.33328,1,2.75
25.08.2021 01:00:39.996,6.333880000000001,6.3331800000000005,1,1.5
25.08.2021 01:01:00.222,6.33387,6.333330000000001,1,1.2
25.08.2021 01:01:00.330,6.333950000000001,6.333330000000001,1,1.2
25.08.2021 01:01:01.776,6.33403,6.33335,1,1
25.08.2021 01:01:02.029,6.334040000000001,6.333340000000001,1,1.5
25.08.2021 01:01:02.428,6.33403,6.33335,1,1
25.08.2021 01:01:05.083,6.33403,6.333430000000001,1,1.2
25.08.2021 01:01:05.133,6.33403,6.33335,1,1
25.08.2021 01:01:11.841,6.33403,6.33335,1,1.5
25.08.2021 01:01:11.965,6.334040000000001,6.333340000000001,1,1
25.08.2021 01:01:12.031,6.33403,6.333430000000001,1,1.2
25.08.2021 01:01:12.234,6.334230000000001,6.333550000000001,1,1
25.08.2021 01:01:12.385,6.334230000000001,6.333550000000001,1,1.5
25.08.2021 01:01:12.435,6.33429,6.33363,1,1.27
25.08.2021 01:01:12.536,6.33429,6.333730000000001,1,1.2
25.08.2021 01:01:15.075,6.33429,6.33363,1,1.27
25.08.2021 01:01:15.481,6.334300000000001,6.33362,1,1.7
25.08.2021 01:01:18.953,6.334300000000001,6.33362,1,1.27
25.08.2021 01:01:21.500,6.33429,6.33363,1,1.7
25.08.2021 01:01:22.525,6.33429,6.33363,1,1.27
25.08.2021 01:01:24.681,6.334300000000001,6.33362,1,1.7
25.08.2021 01:01:27.043,6.33434,6.333730000000001,1,1.27
25.08.2021 01:01:29.142,6.33443,6.33375,1,1
25.08.2021 01:01:29.192,6.33443,6.333830000000001,1,1.27
25.08.2021 01:01:29.293,6.334440000000001,6.333830000000001,1,1
