Gmt time,Ask,Bid,AskVolume,BidVolume
10.08.2021 00:00:00.047,6.3374500000000005,6.336530000000001,1.5,1.5
10.08.2021 00:00:00.291,6.3374500000000005,6.336530000000001,1.5,1.5
10.08.2021 00:00:00.441,6.33756,6.33657,1.5,1.5
10.08.2021 00:00:00.593,6.33756,6.33676,1.5,1
10.08.2021 00:00:00.643,6.33756,6.33676,1.5,1
10.08.2021 00:00:00.977,6.33756,6.33676,1.5,1.12
10.08.2021 00:00:01.337,6.33757,6.33675,1.5,1
10.08.2021 00:00:02.062,6.33756,6.33676,1.5,1
10.08.2021 00:00:02.714,6.33761,6.33676,1.5,1
10.08.2021 00:00:03.326,6.33761,6.33676,1.5,1.12
10.08.2021 00:00:06.723,6.33756,6.33675,1.5,1
10.08.2021 00:00:06.874,6.33755,6.336600000000001,1.5,1.5
10.08.2021 00:00:06.924,6.33755,6.336600000000001,1.5,1.5
10.08.2021 00:00:07.559,6.337440000000001,6.33657,1.5,1.12
10.08.2021 00:00:11.307,6.337440000000001,6.33657,1.5,1.5
10.08.2021 00:00:13.086,6.337440000000001,6.33657,1.5,1.5
10.08.2021 00:00:22.384,6.337440000000001,6.33657,1.5,1.5
10.08.2021 00:00:23.178,6.337440000000001,6.33657,1.5,1.5
10.08.2021 00:00:48.344,6.337440000000001,6.33657,1.5,1.12
10.08.2021 00:00:50.245,6.337400000000001,6.336430000000001,1.5,1.5
10.08.2021 00:00:50.977,6.33746,6.33645,1.5,1.5
10.08.2021 00:00:52.034,6.337350000000001,6.33646,1.5,1
10.08.2021 00:00:52.207,6.337350000000001,6.33646,1.5,1
10.08.2021 00:00:52.528,6.3373,6.33646,1.5,1
10.08.2021 00:00:52.761,6.33724,6.33646,1.5,1
10.08.2021 00:00:55.357,6.33724,6.33646,1.5,1
10.08.2021 00:00:55.582,6.33724,6.33646,1.5,1
10.08.2021 00:01:00.471,6.33724,6.33646,1.5,1
10.08.2021 00:01:01.467,6.33724,6.33646,1.5,1
10.08.2021 00:01:01.542,6.33724,6.3362300000000005,1.5,1.5
10.08.2021 00:01:04.850,6.33724,6.3362300000000005,1.5,1.5
10.08.2021 00:01:07.622,6.3373,6.33631,1.5,1
10.08.2021 00:01:07.792,6.33747,6.3364400000000005,1.5,1.5
10.08.2021 00:01:07.943,6.33751,6.3367,1.5,1
10.08.2021 00:01:11.844,6.33746,6.3367,1.5,1
10.08.2021 00:01:26.300,6.33751,6.336530000000001,1.5,1
10.08.2021 00:01:38.222,6.33751,6.3367,1.5,1
10.08.2021 00:01:49.724,6.33746,6.33655,1.5,1.5
10.08.2021 00:01:49.775,6.337400000000001,6.33655,1.5,1.5
10.08.2021 00:01:49.976,6.33737,6.33655,1,1
10.08.2021 00:01:50.089,6.33737,6.33655,1,1
10.08.2021 00:01:50.300,6.3373,6.33655,1.5,1
10.08.2021 00:01:51.234,6.3373,6.33655,1.5,1
10.08.2021 00:01:51.285,6.3373,6.336390000000001,1.5,1.5
10.08.2021 00:01:51.436,6.33731,6.336380000000001,1.5,1.5
10.08.2021 00:01:51.537,6.337350000000001,6.33652,1.5,1
10.08.2021 00:01:51.649,6.33746,6.33652,1.5,1.5
10.08.2021 00:01:52.064,6.33746,6.33652,1.5,1.5
10.08.2021 00:01:55.780,6.33737,6.33652,1,1.5
10.08.2021 00:01:58.845,6.33746,6.33652,1.5,1.5
10.08.2021 00:02:04.571,6.33751,6.33671,1.5,1
10.08.2021 00:02:04.723,6.3377300000000005,6.33672,1.5,1
10.08.2021 00:02:04.773,6.3377300000000005,6.33672,1.5,1.5
10.08.2021 00:02:07.078,6.33778,6.33687,1.5,1.12
10.08.2021 00:02:07.191,6.33777,6.33687,1,1.5
10.08.2021 00:02:12.110,6.33767,6.33687,1,1.12
10.08.2021 00:02:14.546,6.337680000000001,6.336650000000001,1.62,1.5
10.08.2021 00:02:16.100,6.33762,6.3367,1.5,1.5
10.08.2021 00:02:16.302,6.33746,6.33655,1.5,1.5
10.08.2021 00:02:23.878,6.33751,6.33655,1.5,1.5
10.08.2021 00:02:24.105,6.33751,6.3365,1.5,1.5
10.08.2021 00:02:24.548,6.33752,6.336690000000001,1.5,1
10.08.2021 00:02:24.799,6.33751,6.3367,1.5,1
10.08.2021 00:02:42.061,6.33747,6.336690000000001,1.5,1
10.08.2021 00:02:42.112,6.33746,6.33645,1.5,1.5
10.08.2021 00:02:43.835,6.3374500000000005,6.33646,1.5,1.5
10.08.2021 00:02:46.042,6.33751,6.33652,1.5,1.5
10.08.2021 00:02:46.768,6.33752,6.3365100000000005,1.5,1.5
10.08.2021 00:02:47.802,6.33751,6.33652,1.5,1.5
10.08.2021 00:02:48.519,6.33751,6.33652,1.5,1.5
10.08.2021 00:02:49.251,6.33757,6.33656,1.5,1.5
10.08.2021 00:02:53.345,6.33756,6.33657,1.5,1.5
10.08.2021 00:02:54.912,6.33756,6.3367,1.5,1
10.08.2021 00:02:55.836,6.33761,6.3367,2.75,1.12
10.08.2021 00:02:56.100,6.3376600000000005,6.3367,1.5,1.5
10.08.2021 00:02:56.210,6.33777,6.33687,1.62,1
10.08.2021 00:02:56.260,6.33777,6.33687,1.62,1.5
10.08.2021 00:02:57.966,6.33787,6.33687,1,1.5
10.08.2021 00:02:58.017,6.337890000000001,6.33686,1.5,1.5
10.08.2021 00:02:58.163,6.337890000000001,6.33704,1.5,1.5
10.08.2021 00:02:58.366,6.33788,6.3370500000000005,1.5,1.5
10.08.2021 00:03:00.034,6.33788,6.3370500000000005,1.5,1.5
10.08.2021 00:03:00.494,6.33788,6.3370500000000005,1.5,1.5
10.08.2021 00:03:01.483,6.33805,6.33704,1.5,1.5
10.08.2021 00:03:03.021,6.33805,6.337180000000001,1.5,1
10.08.2021 00:03:04.512,6.33809,6.3371900000000005,1.5,1
10.08.2021 00:03:09.282,6.33816,6.337180000000001,1.5,1.5
10.08.2021 00:03:09.383,6.338150000000001,6.3371900000000005,1.5,1.5
10.08.2021 00:03:09.771,6.338080000000001,6.337180000000001,1,1
10.08.2021 00:03:09.925,6.33807,6.3371900000000005,1,1.5
10.08.2021 00:03:15.449,6.338100000000001,6.337000000000001,1.5,1.5
10.08.2021 00:03:19.285,6.33809,6.33701,1.5,1.5
10.08.2021 00:03:27.165,6.33816,6.33739,2,1
10.08.2021 00:03:27.265,6.33846,6.33764,1.5,1
10.08.2021 00:03:27.316,6.33846,6.33764,1.5,1.5
10.08.2021 00:03:27.417,6.33863,6.337750000000001,1.5,1
10.08.2021 00:03:27.517,6.33867,6.337750000000001,1,1.5
10.08.2021 00:03:27.719,6.33877,6.33791,1,1
10.08.2021 00:03:27.769,6.33877,6.33791,1,1.5
10.08.2021 00:03:28.930,6.33858,6.33771,1.5,1.5
10.08.2021 00:03:29.103,6.33858,6.3377,1,1
10.08.2021 00:03:30.484,6.33853,6.33771,1.5,1
10.08.2021 00:03:31.772,6.33837,6.3375,1,1.5
10.08.2021 00:03:31.823,6.33837,6.3375,1,1.5
10.08.2021 00:03:32.363,6.33837,6.3375,1,1.5
10.08.2021 00:03:35.351,6.33842,6.3375,1.5,1.5
10.08.2021 00:03:35.945,6.33857,6.33765,1,1.5
10.08.2021 00:03:40.612,6.33858,6.33764,1,1.5
10.08.2021 00:03:54.060,6.33863,6.33755,1.5,1.5
10.08.2021 00:03:54.229,6.33867,6.337840000000001,1,1
10.08.2021 00:03:54.279,6.338690000000001,6.337840000000001,1.5,1
10.08.2021 00:03:54.462,6.338690000000001,6.337840000000001,1.5,1
10.08.2021 00:03:55.844,6.3387400000000005,6.337840000000001,1.5,1.5
10.08.2021 00:04:01.358,6.3388,6.337840000000001,1.5,1.5
10.08.2021 00:04:04.130,6.33877,6.33812,1,1
10.08.2021 00:04:04.623,6.33885,6.337930000000001,1.5,1.5
10.08.2021 00:04:10.904,6.33886,6.33792,1.5,1.5
10.08.2021 00:04:11.063,6.338900000000001,6.33807,1.5,1
10.08.2021 00:04:11.164,6.33906,6.33807,2,1.5
10.08.2021 00:04:11.215,6.33907,6.3380600000000005,2,1.5
10.08.2021 00:04:11.581,6.339080000000001,6.33821,1.62,1
10.08.2021 00:04:11.802,6.33901,6.33822,1.5,1
10.08.2021 00:04:11.952,6.33901,6.33805,1.5,1.5
10.08.2021 00:04:12.108,6.33907,6.33822,1.62,1
10.08.2021 00:04:12.158,6.33907,6.33822,1.62,1
10.08.2021 00:04:12.259,6.33907,6.33822,1.62,1.5
10.08.2021 00:04:14.888,6.339230000000001,6.33842,1.5,1.5
10.08.2021 00:04:15.070,6.33933,6.33842,1.5,1.5
10.08.2021 00:04:15.171,6.33933,6.33857,1.5,1
10.08.2021 00:04:16.407,6.33933,6.33842,1.5,1.5
10.08.2021 00:04:16.605,6.339390000000001,6.3384100000000005,1.5,1.5
10.08.2021 00:04:19.344,6.33937,6.33842,1,1.5
10.08.2021 00:04:23.442,6.33927,6.33842,1,1
10.08.2021 00:04:24.840,6.33917,6.33826,1,1.5
10.08.2021 00:04:24.890,6.33917,6.338150000000001,1.62,1.5
10.08.2021 00:04:28.864,6.339130000000001,6.33826,1.5,1.12
10.08.2021 00:04:29.021,6.339080000000001,6.33825,1.5,1.5
10.08.2021 00:04:30.281,6.33907,6.33826,1.5,1
10.08.2021 00:04:34.941,6.33907,6.33826,1.5,1
10.08.2021 00:04:37.904,6.33891,6.337930000000001,1.5,1
10.08.2021 00:04:38.055,6.33891,6.33792,1.5,1.5
10.08.2021 00:04:38.156,6.33887,6.33807,1,1
10.08.2021 00:04:38.256,6.33891,6.33807,1.5,1.5
10.08.2021 00:04:41.066,6.33892,6.33822,1.5,1
10.08.2021 00:05:00.302,6.339130000000001,6.33814,1.5,1.5
10.08.2021 00:05:02.890,6.339130000000001,6.33814,1.5,1.5
10.08.2021 00:05:02.941,6.33917,6.3384100000000005,1,1.5
10.08.2021 00:05:03.092,6.3392800000000005,6.3384,1,1
10.08.2021 00:05:03.192,6.339130000000001,6.33825,1.5,1.5
10.08.2021 00:05:03.303,6.3391,6.338240000000001,1.5,1.5
10.08.2021 00:05:03.403,6.339090000000001,6.33825,1.5,1.5
10.08.2021 00:05:03.548,6.3391,6.338240000000001,1.5,1.5
10.08.2021 00:05:03.798,6.339090000000001,6.33825,1.5,1.5
10.08.2021 00:05:07.089,6.339130000000001,6.33825,1.5,1.5
10.08.2021 00:05:07.312,6.33919,6.33827,1.5,1.5
10.08.2021 00:05:08.762,6.33919,6.3384,1.5,1
10.08.2021 00:05:08.813,6.33919,6.3384,1.5,1
10.08.2021 00:05:10.428,6.33919,6.3384,1.5,1
10.08.2021 00:05:10.629,6.33924,6.3384,1.5,1.5
10.08.2021 00:05:13.242,6.339300000000001,6.3384,1.5,1.5
10.08.2021 00:05:13.343,6.3393500000000005,6.33844,1.5,1.5
10.08.2021 00:05:13.444,6.3393500000000005,6.33857,1.5,1
10.08.2021 00:05:13.595,6.33942,6.33856,1.5,1
10.08.2021 00:05:14.576,6.33936,6.33857,1.5,1
10.08.2021 00:05:16.638,6.33941,6.33857,1.5,1
10.08.2021 00:05:17.742,6.33947,6.33857,1,1.5
10.08.2021 00:05:17.892,6.33957,6.3387400000000005,1,1
10.08.2021 00:05:18.043,6.33962,6.3387400000000005,1.5,1.5
10.08.2021 00:05:21.344,6.3396300000000005,6.338730000000001,1.5,1.5
10.08.2021 00:05:26.173,6.339580000000001,6.3387400000000005,1.5,1.12
10.08.2021 00:05:26.385,6.33947,6.33861,1,1
10.08.2021 00:05:28.853,6.33936,6.33857,1.5,1
10.08.2021 00:05:35.601,6.33936,6.33857,1.5,1
10.08.2021 00:05:37.065,6.33937,6.33856,1.5,1
10.08.2021 00:05:38.161,6.33936,6.33857,1.5,1
10.08.2021 00:05:38.312,6.33915,6.338240000000001,1,1.5
10.08.2021 00:05:38.362,6.33914,6.33825,1.5,1.5
10.08.2021 00:05:45.875,6.33915,6.338240000000001,1.5,1.5
10.08.2021 00:05:45.976,6.3392,6.33847,1.5,1
10.08.2021 00:05:46.087,6.3392,6.33847,1.5,1
10.08.2021 00:05:48.881,6.3392,6.33847,1.5,1
10.08.2021 00:05:49.086,6.339130000000001,6.33847,1.5,1
10.08.2021 00:06:06.089,6.339130000000001,6.3383,1.5,1.5
10.08.2021 00:06:08.345,6.339130000000001,6.3383,1.5,1.5
10.08.2021 00:06:09.922,6.339130000000001,6.3383,1.5,1
10.08.2021 00:06:10.023,6.33903,6.33817,1.5,1.5
10.08.2021 00:06:10.073,6.33886,6.33817,1,1.5
10.08.2021 00:06:10.959,6.33886,6.33817,1.5,1
10.08.2021 00:06:13.050,6.33886,6.33817,1.5,1
10.08.2021 00:06:24.123,6.3388100000000005,6.338010000000001,1.5,1.5
10.08.2021 00:06:24.247,6.33882,6.338,1.5,1.12
10.08.2021 00:06:24.473,6.33877,6.338,1.5,1
10.08.2021 00:06:24.574,6.33876,6.337840000000001,1.5,1.5
10.08.2021 00:06:24.674,6.33876,6.337840000000001,1.5,1.5
10.08.2021 00:06:26.586,6.33865,6.33781,1.5,1
10.08.2021 00:06:32.514,6.33865,6.33781,1.5,1
10.08.2021 00:06:41.056,6.33865,6.3377300000000005,1.5,1.5
10.08.2021 00:06:46.389,6.33854,6.337630000000001,1.5,1.12
10.08.2021 00:06:46.490,6.338380000000001,6.33757,1.5,1
10.08.2021 00:06:46.924,6.338380000000001,6.33756,1,1.5
10.08.2021 00:06:47.140,6.33854,6.337630000000001,1.5,1.5
10.08.2021 00:06:47.376,6.33854,6.33774,1.5,1
10.08.2021 00:06:48.650,6.33853,6.33774,1.5,1.5
10.08.2021 00:06:55.573,6.338640000000001,6.33774,1.5,1.5
10.08.2021 00:06:55.704,6.338640000000001,6.33792,1.5,1
10.08.2021 00:06:55.754,6.3388100000000005,6.33791,1.5,1.5
10.08.2021 00:07:01.251,6.33876,6.33791,1.5,1.5
10.08.2021 00:07:01.452,6.33875,6.33792,1.5,1.5
10.08.2021 00:07:07.997,6.3388,6.337890000000001,1.5,1.5
10.08.2021 00:07:09.532,6.33886,6.33804,1.5,1
10.08.2021 00:07:10.847,6.33885,6.33805,1.5,1
10.08.2021 00:07:11.047,6.33886,6.33804,1.5,1
10.08.2021 00:07:26.345,6.33885,6.33805,1.5,1
10.08.2021 00:07:32.373,6.33885,6.337940000000001,1.5,1.5
10.08.2021 00:07:39.793,6.33885,6.33805,1.5,1
10.08.2021 00:08:06.870,6.33891,6.338,1.5,1.5
10.08.2021 00:08:06.971,6.33907,6.33826,1.5,1
10.08.2021 00:08:07.071,6.33912,6.33826,1.5,1.5
10.08.2021 00:08:07.252,6.33912,6.33826,1.5,1
10.08.2021 00:08:13.341,6.33912,6.33826,1.5,1.5
10.08.2021 00:08:28.982,6.338900000000001,6.338,1,1.5
10.08.2021 00:08:29.083,6.33877,6.33811,1,1
10.08.2021 00:08:36.375,6.33879,6.33811,1.5,1
10.08.2021 00:08:39.544,6.338680000000001,6.33785,1.5,1.5
10.08.2021 00:08:39.645,6.33846,6.33785,1,1.5
10.08.2021 00:08:39.695,6.33857,6.33785,1,1.5
10.08.2021 00:08:39.746,6.33857,6.33785,1.5,1
10.08.2021 00:08:47.444,6.33857,6.33785,1.62,1
10.08.2021 00:08:47.514,6.33857,6.33771,1.62,1.87
10.08.2021 00:08:52.345,6.33858,6.3377,1.5,1.5
10.08.2021 00:09:00.251,6.33857,6.33771,1.5,2
10.08.2021 00:09:05.009,6.33857,6.33771,1.5,1.5
10.08.2021 00:09:15.345,6.33857,6.33771,1.5,1.5
10.08.2021 00:09:16.853,6.33857,6.33791,1.5,1
10.08.2021 00:09:17.023,6.33857,6.33791,1.5,1
10.08.2021 00:09:28.995,6.33857,6.33771,1.5,1.5
10.08.2021 00:09:31.342,6.33857,6.33771,1.5,1.5
10.08.2021 00:09:37.114,6.33857,6.33777,1.5,1
10.08.2021 00:09:50.402,6.338680000000001,6.33776,1.5,1.5
10.08.2021 00:09:50.507,6.338780000000001,6.33802,1.5,1
10.08.2021 00:09:50.557,6.338780000000001,6.33802,1.5,1
10.08.2021 00:09:51.125,6.338780000000001,6.33802,1.5,1
10.08.2021 00:10:02.662,6.3387400000000005,6.3378000000000005,1.5,1.5
10.08.2021 00:10:02.763,6.338730000000001,6.33781,1.5,1
10.08.2021 00:10:04.606,6.33867,6.33783,1,1
10.08.2021 00:10:05.044,6.33867,6.33783,1,1
10.08.2021 00:10:05.247,6.33871,6.33783,2,1
10.08.2021 00:10:06.215,6.33871,6.33783,2,1.5
10.08.2021 00:10:06.416,6.33867,6.33783,1.5,1.5
10.08.2021 00:10:09.223,6.33862,6.33783,1.5,1
10.08.2021 00:10:10.346,6.33862,6.33783,1.5,1
10.08.2021 00:10:14.619,6.33863,6.33769,1.5,1.5
10.08.2021 00:10:22.004,6.33862,6.3377,1.5,1.5
10.08.2021 00:10:25.315,6.33857,6.33765,1.5,1.5
10.08.2021 00:10:25.598,6.33851,6.3375900000000005,1.5,1.5
10.08.2021 00:10:31.822,6.33857,6.33765,1.62,1.5
10.08.2021 00:10:34.731,6.33858,6.33782,1.5,1
10.08.2021 00:10:38.370,6.33851,6.33783,1.5,1
10.08.2021 00:10:39.252,6.33857,6.33783,1.62,1
10.08.2021 00:10:45.631,6.33863,6.33782,1.5,1
10.08.2021 00:10:49.765,6.33858,6.33782,1.5,1
10.08.2021 00:10:51.918,6.33857,6.33783,1.5,1
10.08.2021 00:10:52.766,6.33857,6.33783,1.5,1
10.08.2021 00:10:56.846,6.33851,6.33783,1.5,1
10.08.2021 00:11:07.399,6.33846,6.33783,1.5,1
10.08.2021 00:11:07.449,6.33846,6.33769,1.5,1
10.08.2021 00:11:12.553,6.33847,6.337680000000001,1.5,1.5
10.08.2021 00:11:16.869,6.33857,6.33783,1.5,1
10.08.2021 00:11:20.346,6.33857,6.33783,1.5,1
10.08.2021 00:11:21.311,6.33858,6.33782,1.5,1
10.08.2021 00:11:27.520,6.33862,6.3377,1.5,1.5
10.08.2021 00:11:27.570,6.33851,6.337630000000001,1,1
10.08.2021 00:11:27.621,6.33851,6.337630000000001,1.5,1
10.08.2021 00:11:28.122,6.33862,6.3377,1.5,1.5
10.08.2021 00:11:29.146,6.33863,6.33769,1.5,1.5
10.08.2021 00:11:37.562,6.33863,6.33769,1.5,1.5
10.08.2021 00:11:46.891,6.33852,6.33782,1.5,1
10.08.2021 00:11:50.268,6.33857,6.33783,1.5,1
10.08.2021 00:11:57.514,6.338680000000001,6.337750000000001,1.62,1.5
10.08.2021 00:11:57.675,6.338680000000001,6.337750000000001,1.5,1.5
10.08.2021 00:11:58.691,6.33862,6.3377300000000005,1.5,1
10.08.2021 00:11:59.005,6.33862,6.3377,1.5,1.5
10.08.2021 00:11:59.585,6.33851,6.3375900000000005,1.5,1.5
10.08.2021 00:12:02.898,6.33857,6.33765,1.5,1.5
10.08.2021 00:12:03.047,6.33857,6.33765,1.5,1.5
10.08.2021 00:12:06.728,6.33867,6.33776,1.5,1.5
10.08.2021 00:12:07.462,6.33867,6.33776,1.5,1.5
10.08.2021 00:12:15.005,6.338730000000001,6.33781,1.5,1.5
10.08.2021 00:12:15.491,6.338730000000001,6.338,1.5,1
10.08.2021 00:12:19.572,6.338730000000001,6.338,1.5,1
10.08.2021 00:12:19.790,6.338730000000001,6.338,1.5,1
10.08.2021 00:12:22.472,6.33879,6.3379900000000005,1.5,1
10.08.2021 00:12:27.376,6.338780000000001,6.338,1.5,1
10.08.2021 00:12:27.427,6.338730000000001,6.33783,1.5,1
10.08.2021 00:12:27.534,6.33863,6.33772,1,1
10.08.2021 00:12:27.585,6.33862,6.3378000000000005,1.5,1
10.08.2021 00:12:27.786,6.33851,6.3378000000000005,1.5,1
10.08.2021 00:12:30.346,6.33851,6.3378000000000005,1.5,1
10.08.2021 00:12:32.162,6.33857,6.3378000000000005,1.5,1
10.08.2021 00:12:35.141,6.33857,6.33765,1.5,1.5
10.08.2021 00:12:35.524,6.33858,6.33764,1.5,1.5
10.08.2021 00:12:39.824,6.33846,6.337540000000001,1.5,1.5
10.08.2021 00:12:40.131,6.33835,6.33762,1.5,1
10.08.2021 00:12:42.150,6.338480000000001,6.33761,1,1.5
10.08.2021 00:12:42.313,6.33852,6.33761,1.5,1.5
10.08.2021 00:12:42.857,6.33846,6.33762,1.5,1.5
10.08.2021 00:12:42.958,6.33846,6.33762,1.5,1.5
10.08.2021 00:12:45.649,6.33846,6.33762,1.5,1.5
10.08.2021 00:12:45.900,6.3384,6.33762,1.5,1.5
10.08.2021 00:12:46.101,6.33846,6.33762,1.5,1.5
10.08.2021 00:12:55.462,6.33846,6.337540000000001,1.5,1.5
10.08.2021 00:12:55.717,6.33857,6.33765,1.5,1.5
10.08.2021 00:13:03.749,6.33851,6.3375900000000005,1.5,1.5
10.08.2021 00:13:04.055,6.33846,6.337540000000001,1.5,1.5
10.08.2021 00:13:05.265,6.33846,6.337540000000001,1.5,1.5
10.08.2021 00:13:05.899,6.33846,6.337540000000001,1.5,1.5
10.08.2021 00:13:10.826,6.33846,6.33762,1.5,1.5
10.08.2021 00:13:25.711,6.33846,6.337540000000001,1.5,1.5
10.08.2021 00:13:25.912,6.33846,6.337540000000001,1.5,1.5
10.08.2021 00:13:43.743,6.33847,6.33761,1.5,1.5
10.08.2021 00:13:43.932,6.33846,6.33762,1.5,1
10.08.2021 00:13:45.951,6.33835,6.33762,1.5,1
10.08.2021 00:14:04.532,6.33836,6.33742,1.5,1.5
10.08.2021 00:14:04.582,6.3384,6.337530000000001,1.5,1
10.08.2021 00:14:04.784,6.3384,6.337490000000001,1.5,1.5
10.08.2021 00:14:05.030,6.3384,6.337490000000001,1.5,1.5
10.08.2021 00:14:06.291,6.3383,6.3373800000000005,1.5,1.5
10.08.2021 00:14:10.653,6.33835,6.33762,1.5,1
10.08.2021 00:14:22.350,6.3383,6.33747,1.5,1.5
10.08.2021 00:14:23.572,6.338240000000001,6.33747,1.5,1
10.08.2021 00:14:32.065,6.338190000000001,6.33727,1.5,1.5
10.08.2021 00:14:32.472,6.33817,6.33727,1,1.5
10.08.2021 00:14:33.251,6.338190000000001,6.33727,1.5,1.5
10.08.2021 00:14:38.222,6.338080000000001,6.33732,1.5,1
10.08.2021 00:14:43.348,6.33809,6.33731,1.5,1
10.08.2021 00:14:52.207,6.3381300000000005,6.337230000000001,1.5,1
10.08.2021 00:14:52.380,6.33814,6.33722,1.5,1.62
10.08.2021 00:14:52.954,6.3381300000000005,6.337230000000001,1,1.62
10.08.2021 00:14:53.080,6.33831,6.33737,1.5,1.5
10.08.2021 00:14:53.222,6.3383,6.3375,1.5,1
10.08.2021 00:14:58.959,6.338240000000001,6.3375,1.5,1
10.08.2021 00:15:01.478,6.33835,6.3375,1.5,1
10.08.2021 00:15:03.658,6.338240000000001,6.3375,1.5,1
10.08.2021 00:15:03.919,6.338190000000001,6.337350000000001,1.5,1.5
10.08.2021 00:15:04.020,6.3382000000000005,6.33734,1.5,1.5
10.08.2021 00:15:04.373,6.338190000000001,6.337350000000001,1.5,1.5
10.08.2021 00:15:04.574,6.338190000000001,6.337350000000001,1.5,1.5
10.08.2021 00:15:04.730,6.338190000000001,6.337350000000001,1.5,1.12
10.08.2021 00:15:07.550,6.3382000000000005,6.33734,1.5,1.5
10.08.2021 00:15:07.789,6.33825,6.33734,1.5,1.5
10.08.2021 00:15:08.036,6.3383,6.33748,1.5,1
10.08.2021 00:15:08.203,6.33831,6.33747,1.5,1.5
10.08.2021 00:15:08.574,6.33835,6.33748,1.5,1.5
10.08.2021 00:15:10.722,6.33835,6.33748,1.5,1.5
10.08.2021 00:15:13.392,6.3383,6.33748,1.5,1
10.08.2021 00:15:13.594,6.338240000000001,6.33748,1.5,1
10.08.2021 00:15:14.347,6.338240000000001,6.33748,1.5,1
10.08.2021 00:15:14.794,6.3382000000000005,6.33747,1.5,1
10.08.2021 00:15:14.844,6.338190000000001,6.33729,1.5,1.5
10.08.2021 00:15:15.832,6.33817,6.33729,1,1.5
10.08.2021 00:15:16.033,6.33836,6.33751,1.5,1
10.08.2021 00:15:16.215,6.33835,6.33752,1.5,1
10.08.2021 00:15:18.432,6.338240000000001,6.33752,1.5,1
10.08.2021 00:15:19.410,6.338240000000001,6.33752,1.5,1
10.08.2021 00:15:19.610,6.338240000000001,6.33752,1.5,1
10.08.2021 00:15:20.271,6.338240000000001,6.33752,1.5,1
10.08.2021 00:15:22.409,6.3383,6.33752,1.5,1
10.08.2021 00:15:26.254,6.338240000000001,6.337330000000001,1.5,1
10.08.2021 00:15:26.739,6.33831,6.33751,1.5,1
10.08.2021 00:15:26.890,6.3383,6.3373800000000005,1.5,1.5
10.08.2021 00:15:29.845,6.3383,6.3373800000000005,1.5,1.5
10.08.2021 00:15:37.470,6.33835,6.33743,1.5,1.5
10.08.2021 00:15:38.235,6.3384,6.337490000000001,1.5,1.5
10.08.2021 00:15:38.478,6.3384,6.33774,1.5,1
10.08.2021 00:15:41.181,6.33846,6.33774,1.5,1
10.08.2021 00:15:41.332,6.33831,6.33752,1.5,1
10.08.2021 00:15:41.382,6.3383,6.337530000000001,1.5,1
10.08.2021 00:16:00.478,6.3383,6.337330000000001,1.5,1
10.08.2021 00:16:08.842,6.3383,6.33732,1.5,1.5
10.08.2021 00:16:11.401,6.3383,6.337530000000001,1.5,1
10.08.2021 00:16:24.344,6.33831,6.33752,1.5,1
10.08.2021 00:16:30.597,6.338240000000001,6.337530000000001,1.5,1
10.08.2021 00:16:30.647,6.33825,6.337260000000001,1.5,1.5
10.08.2021 00:16:30.748,6.338240000000001,6.33736,1.5,1
10.08.2021 00:16:30.798,6.338240000000001,6.33736,1.5,1.12
10.08.2021 00:16:30.991,6.338240000000001,6.33736,1.5,1
10.08.2021 00:16:32.345,6.338240000000001,6.33736,1.5,1
10.08.2021 00:16:40.345,6.338190000000001,6.33736,1.5,1.12
10.08.2021 00:16:52.942,6.3382000000000005,6.33722,1,1.62
10.08.2021 00:16:52.992,6.33836,6.33746,1.5,1.5
10.08.2021 00:16:53.053,6.33836,6.33746,1.5,1.5
10.08.2021 00:16:53.154,6.33837,6.337540000000001,1.5,1
10.08.2021 00:17:01.458,6.33836,6.33755,1.5,1
10.08.2021 00:17:04.916,6.3382000000000005,6.3373,1.5,1.5
10.08.2021 00:17:05.101,6.33814,6.33724,1.5,1.5
10.08.2021 00:17:05.629,6.33809,6.33734,1.5,1
10.08.2021 00:17:05.830,6.33817,6.33734,1,1
10.08.2021 00:17:11.344,6.33817,6.33734,1,1.5
10.08.2021 00:17:14.515,6.33817,6.33734,1,1
10.08.2021 00:17:14.694,6.33809,6.3371900000000005,1.5,1.5
10.08.2021 00:17:14.745,6.33809,6.3371900000000005,1.5,1.5
10.08.2021 00:17:19.345,6.338030000000001,6.3372,1.5,1.5
10.08.2021 00:17:26.846,6.338030000000001,6.3372,1.5,1
10.08.2021 00:17:40.536,6.337930000000001,6.33703,1.5,1.12
10.08.2021 00:17:40.687,6.33776,6.3370500000000005,1.5,1
10.08.2021 00:17:52.031,6.33788,6.33707,1,1
10.08.2021 00:17:52.168,6.338030000000001,6.337180000000001,1.5,1.12
10.08.2021 00:17:52.378,6.338030000000001,6.337180000000001,1.5,1.5
10.08.2021 00:18:00.594,6.338030000000001,6.337180000000001,1.5,1.5
10.08.2021 00:18:02.387,6.337940000000001,6.33702,1.5,1.62
10.08.2021 00:18:02.589,6.33787,6.3369800000000005,1.5,1.5
10.08.2021 00:18:03.308,6.33776,6.3369800000000005,1,1.5
10.08.2021 00:18:03.359,6.33782,6.3369800000000005,1.5,1.5
10.08.2021 00:18:03.521,6.33787,6.3369800000000005,1.5,1.5
10.08.2021 00:18:03.713,6.33787,6.3369800000000005,1.5,1.5
10.08.2021 00:18:04.712,6.33788,6.33697,1.5,1.5
10.08.2021 00:18:04.915,6.33782,6.3369800000000005,1.5,1
10.08.2021 00:18:07.298,6.33776,6.3369800000000005,1.5,1
10.08.2021 00:18:07.348,6.33755,6.336830000000001,1.12,1.5
10.08.2021 00:18:07.512,6.33755,6.336830000000001,1.5,1
10.08.2021 00:18:09.573,6.33756,6.33682,1.5,1.5
10.08.2021 00:18:09.825,6.33761,6.33682,1.5,1
10.08.2021 00:18:11.670,6.3376,6.336830000000001,1.5,1
10.08.2021 00:18:11.874,6.3376,6.336830000000001,1.5,1
10.08.2021 00:18:12.276,6.3376,6.33667,1.5,1.5
10.08.2021 00:18:12.976,6.337490000000001,6.33667,1.5,1
10.08.2021 00:18:14.196,6.33751,6.33667,1.5,1.5
10.08.2021 00:18:15.450,6.33751,6.33667,1.5,1
10.08.2021 00:18:16.055,6.33742,6.33666,1.5,1
10.08.2021 00:18:16.127,6.33741,6.33656,1.5,1
10.08.2021 00:18:16.230,6.33741,6.336480000000001,1.5,1.5
10.08.2021 00:18:16.281,6.3373,6.336480000000001,1.5,1
10.08.2021 00:18:16.592,6.3373,6.336480000000001,1.5,1
10.08.2021 00:18:17.180,6.33727,6.336480000000001,1,1
10.08.2021 00:18:19.021,6.33724,6.33632,1.5,1.5
10.08.2021 00:18:21.053,6.33724,6.33632,1.5,1.5
10.08.2021 00:18:23.472,6.33713,6.33647,1.5,1
10.08.2021 00:18:23.523,6.3372,6.33646,1.5,1
10.08.2021 00:18:23.679,6.3371900000000005,6.33647,1.5,1
10.08.2021 00:18:41.267,6.33724,6.336290000000001,1.5,1.5
10.08.2021 00:18:41.659,6.33724,6.336390000000001,1.5,1.5
10.08.2021 00:18:41.760,6.3373,6.33662,1.5,1
10.08.2021 00:18:41.911,6.33747,6.33661,1.5,1
10.08.2021 00:18:44.803,6.33746,6.33662,1.5,1.5
10.08.2021 00:18:46.683,6.33751,6.33662,1.5,1
10.08.2021 00:18:47.113,6.337400000000001,6.33662,1.5,1.5
10.08.2021 00:18:48.354,6.33751,6.33662,1.5,1.5
10.08.2021 00:18:58.540,6.33751,6.33656,1.5,1.5
10.08.2021 00:19:02.015,6.33746,6.3365,1.5,1.5
10.08.2021 00:19:02.216,6.337400000000001,6.336480000000001,1.5,1.5
10.08.2021 00:19:02.422,6.337400000000001,6.336480000000001,1.5,1.5
10.08.2021 00:19:02.724,6.33741,6.33647,1.5,1.5
10.08.2021 00:19:04.764,6.337350000000001,6.336480000000001,1.5,1.5
10.08.2021 00:19:05.717,6.337350000000001,6.336480000000001,1.5,1.5
10.08.2021 00:19:09.303,6.337350000000001,6.336480000000001,1.5,1.5
10.08.2021 00:19:09.875,6.3373,6.336480000000001,1.5,1
10.08.2021 00:19:09.936,6.33731,6.33633,1.5,1.5
10.08.2021 00:19:10.074,6.3373,6.336340000000001,1.5,1.5
10.08.2021 00:19:15.640,6.33724,6.336290000000001,1.5,1.5
10.08.2021 00:19:16.597,6.33713,6.336340000000001,1.5,1
10.08.2021 00:19:16.698,6.33703,6.33617,1.5,1.5
10.08.2021 00:19:16.799,6.33704,6.3361600000000005,1.5,1.5
10.08.2021 00:19:20.575,6.33697,6.33617,1.5,1
10.08.2021 00:19:27.714,6.33703,6.33617,1.5,1.5
10.08.2021 00:19:27.891,6.33704,6.33631,1.5,1
10.08.2021 00:19:27.941,6.33703,6.33632,1.5,1.5
10.08.2021 00:19:28.142,6.3371900000000005,6.33632,1.5,1.5
10.08.2021 00:19:28.645,6.3371900000000005,6.33632,1.5,1.5
10.08.2021 00:19:36.943,6.3371900000000005,6.3362300000000005,1.5,1.5
10.08.2021 00:19:42.420,6.33713,6.336180000000001,1.5,1.5
10.08.2021 00:19:42.684,6.33717,6.3362300000000005,1,1.5
10.08.2021 00:19:42.839,6.3371900000000005,6.3362300000000005,1.5,1.5
10.08.2021 00:19:43.041,6.3371900000000005,6.3362300000000005,1.5,1.5
10.08.2021 00:19:52.471,6.33717,6.3362300000000005,1,1.5
10.08.2021 00:20:02.425,6.33713,6.33632,1.5,1
10.08.2021 00:20:02.811,6.33707,6.33632,1,1.5
10.08.2021 00:20:03.070,6.3371900000000005,6.33632,1.5,1.5
10.08.2021 00:20:05.331,6.3371900000000005,6.33632,1.5,1.5
10.08.2021 00:20:05.531,6.3371900000000005,6.33632,1.5,1.5
10.08.2021 00:20:05.734,6.3371900000000005,6.33632,1.5,1.5
10.08.2021 00:20:05.935,6.3371900000000005,6.33632,1.5,1.5
10.08.2021 00:20:07.164,6.33724,6.33632,1.5,1.5
10.08.2021 00:20:08.054,6.33724,6.33632,1.5,1.5
10.08.2021 00:20:24.946,6.337180000000001,6.3362300000000005,1.5,1
10.08.2021 00:20:29.827,6.337180000000001,6.336340000000001,1.5,1
10.08.2021 00:20:29.927,6.33713,6.336180000000001,1.5,1.5
10.08.2021 00:20:30.031,6.33703,6.33617,1.5,1
10.08.2021 00:20:39.958,6.33692,6.336040000000001,1.5,1.5
10.08.2021 00:20:41.068,6.33697,6.33617,1.5,1
10.08.2021 00:20:41.118,6.33696,6.336180000000001,1.5,1
10.08.2021 00:20:42.101,6.33717,6.33636,1,1
10.08.2021 00:20:42.271,6.33727,6.33636,1,1.5
10.08.2021 00:20:42.557,6.33729,6.33649,1.5,1
10.08.2021 00:20:44.370,6.33734,6.33649,1.5,1
10.08.2021 00:20:44.572,6.33734,6.33649,1.5,1.5
10.08.2021 00:20:44.776,6.33741,6.336480000000001,1.5,1.5
10.08.2021 00:20:44.877,6.3374500000000005,6.33664,1.5,1
10.08.2021 00:20:44.981,6.3374500000000005,6.33664,1.5,1
10.08.2021 00:20:45.181,6.3375,6.33664,1.5,1.5
10.08.2021 00:20:50.235,6.33757,6.33682,2.75,1
10.08.2021 00:20:50.387,6.33756,6.336830000000001,1.5,1
10.08.2021 00:20:57.344,6.33756,6.336830000000001,1.5,1
10.08.2021 00:20:57.662,6.33756,6.336790000000001,1.5,1
10.08.2021 00:21:05.474,6.33756,6.336790000000001,1.5,1
10.08.2021 00:21:12.567,6.33762,6.336650000000001,1.5,1.5
10.08.2021 00:21:13.409,6.33772,6.33676,1.5,1.5
10.08.2021 00:21:25.462,6.33767,6.33671,1.62,1.5
10.08.2021 00:21:25.623,6.33767,6.33671,1.62,1.5
10.08.2021 00:21:27.371,6.33761,6.33666,1.5,1.5
10.08.2021 00:21:27.783,6.33761,6.33666,1.5,1.5
10.08.2021 00:21:27.998,6.33761,6.336790000000001,1.5,1
10.08.2021 00:21:36.552,6.33756,6.336790000000001,1.5,1
10.08.2021 00:21:48.011,6.33756,6.336600000000001,2.75,1.5
10.08.2021 00:21:58.118,6.33756,6.336790000000001,2.75,1
10.08.2021 00:22:07.449,6.33751,6.336650000000001,1.5,1.5
10.08.2021 00:22:07.617,6.33747,6.33666,1,1
10.08.2021 00:22:11.749,6.337400000000001,6.33666,1.5,1
10.08.2021 00:22:11.942,6.337400000000001,6.33666,1.5,1
10.08.2021 00:22:12.671,6.3375,6.33666,1.5,1.5
10.08.2021 00:22:16.114,6.3375,6.33666,1.5,2
10.08.2021 00:22:16.525,6.3375,6.33666,1.5,2
10.08.2021 00:22:16.962,6.33751,6.3368,1.5,1
10.08.2021 00:22:22.907,6.3375,6.33681,1.5,1
10.08.2021 00:22:36.099,6.3375,6.33666,1.5,1.5
10.08.2021 00:22:38.844,6.3375,6.33666,1.5,1.5
10.08.2021 00:22:39.492,6.3376600000000005,6.33676,2,1
10.08.2021 00:22:39.604,6.337680000000001,6.33675,1.5,1.5
10.08.2021 00:22:39.960,6.337680000000001,6.336930000000001,1.5,1
10.08.2021 00:22:40.633,6.33767,6.33694,1.5,1
10.08.2021 00:22:47.034,6.33777,6.33694,1.5,1.5
10.08.2021 00:22:49.275,6.33778,6.336930000000001,1.5,1.5
10.08.2021 00:22:49.881,6.33783,6.33694,1.5,1.5
10.08.2021 00:22:54.236,6.33783,6.33694,1.5,1.5
10.08.2021 00:22:54.394,6.33783,6.33694,1.5,1.5
10.08.2021 00:23:02.048,6.33787,6.33697,1,1.5
10.08.2021 00:23:04.650,6.337930000000001,6.337090000000001,1.5,1
10.08.2021 00:23:04.716,6.337940000000001,6.33708,1.5,1.5
10.08.2021 00:23:36.410,6.33788,6.337090000000001,1.5,1
10.08.2021 00:23:36.612,6.33787,6.337090000000001,1,1
10.08.2021 00:23:43.174,6.33787,6.33697,1,1.5
10.08.2021 00:23:43.326,6.33783,6.33692,1.5,1.5
10.08.2021 00:23:43.486,6.337930000000001,6.33703,1.5,1.5
10.08.2021 00:23:49.358,6.337930000000001,6.33703,1.5,1.5
10.08.2021 00:23:56.844,6.337940000000001,6.33702,1.5,1.5
10.08.2021 00:24:04.254,6.3379900000000005,6.33708,1.5,1.5
10.08.2021 00:24:04.406,6.33804,6.33743,1.5,1
10.08.2021 00:24:04.456,6.33804,6.33743,1.5,1
10.08.2021 00:24:04.935,6.338100000000001,6.33725,1.5,1
10.08.2021 00:24:07.527,6.338100000000001,6.33725,1.5,1
10.08.2021 00:24:07.765,6.337930000000001,6.33725,1.5,1
10.08.2021 00:24:08.273,6.337940000000001,6.33724,1.5,1
10.08.2021 00:24:08.324,6.337890000000001,6.337090000000001,1.5,1.12
10.08.2021 00:24:08.525,6.33788,6.3371,1.5,1
10.08.2021 00:24:12.344,6.33788,6.3371,1.5,1
10.08.2021 00:24:20.344,6.33788,6.3371,1.5,1
10.08.2021 00:24:27.089,6.33788,6.33697,1.5,1.5
10.08.2021 00:24:38.368,6.33788,6.3371,1.5,1
10.08.2021 00:25:12.357,6.337930000000001,6.3371,1.5,1.5
10.08.2021 00:25:12.520,6.337930000000001,6.3371,1.5,1.5
10.08.2021 00:25:20.510,6.33805,6.33729,1.5,1
10.08.2021 00:25:27.281,6.337980000000001,6.337090000000001,1,1.5
10.08.2021 00:25:27.331,6.33783,6.3371,1,1.5
10.08.2021 00:25:27.432,6.33783,6.3371,1.5,1
10.08.2021 00:25:27.540,6.33783,6.3371,1.5,1
10.08.2021 00:25:34.902,6.33783,6.33692,1.5,1.5
10.08.2021 00:25:44.314,6.33783,6.33692,1.5,1.5
10.08.2021 00:25:48.689,6.33783,6.33692,1.5,1.5
10.08.2021 00:25:54.624,6.33777,6.33687,1.5,1.5
10.08.2021 00:25:57.648,6.33777,6.3371,1.5,1
10.08.2021 00:26:00.855,6.33783,6.3371,1.5,1
10.08.2021 00:26:02.681,6.337840000000001,6.337090000000001,1.5,1
10.08.2021 00:26:18.646,6.33777,6.33687,1.5,1.5
10.08.2021 00:26:19.297,6.33783,6.33696,1.5,1
10.08.2021 00:26:19.447,6.33783,6.337090000000001,1.5,1
10.08.2021 00:26:19.652,6.33788,6.337090000000001,1.5,1
10.08.2021 00:26:19.855,6.337840000000001,6.33708,1.5,1
10.08.2021 00:26:20.054,6.33783,6.337090000000001,1.5,1
10.08.2021 00:26:20.807,6.33783,6.337090000000001,1.5,1
10.08.2021 00:26:23.709,6.33783,6.337090000000001,1.5,1
10.08.2021 00:26:24.118,6.337840000000001,6.33708,1.5,1
10.08.2021 00:26:27.582,6.337840000000001,6.33708,1.5,1
10.08.2021 00:26:39.676,6.33783,6.33695,1.5,1
10.08.2021 00:26:49.606,6.33783,6.337090000000001,1.5,1
10.08.2021 00:26:50.375,6.33783,6.337090000000001,1.5,1.5
10.08.2021 00:26:50.526,6.337930000000001,6.33711,1.5,1
10.08.2021 00:26:50.577,6.337930000000001,6.337230000000001,1.5,1
10.08.2021 00:26:50.627,6.337930000000001,6.337230000000001,1.5,1
10.08.2021 00:26:56.343,6.338100000000001,6.337230000000001,1.5,1
10.08.2021 00:27:01.398,6.33805,6.33722,1.5,1
10.08.2021 00:27:10.969,6.33804,6.337140000000001,1.5,1.5
10.08.2021 00:27:20.812,6.33804,6.337230000000001,1.5,1
10.08.2021 00:27:21.667,6.33805,6.33724,1.5,1
10.08.2021 00:27:35.363,6.33804,6.33725,1.5,1
10.08.2021 00:27:39.343,6.3379900000000005,6.33708,1.5,1.5
10.08.2021 00:27:39.443,6.338,6.33707,1.5,1
10.08.2021 00:27:39.549,6.33797,6.33708,1,1
10.08.2021 00:27:43.165,6.33797,6.33708,1,1
10.08.2021 00:27:43.266,6.33783,6.3370500000000005,1.5,1
10.08.2021 00:27:45.207,6.33783,6.3370500000000005,1.5,1
10.08.2021 00:27:47.441,6.33788,6.3370500000000005,1.5,1.5
10.08.2021 00:27:47.592,6.33805,6.337260000000001,1.5,1
10.08.2021 00:27:47.643,6.33804,6.33727,1.5,1
10.08.2021 00:27:48.145,6.33804,6.33727,1.5,1
10.08.2021 00:27:50.844,6.33804,6.33727,1.5,1
10.08.2021 00:27:58.131,6.33804,6.337140000000001,1.5,1.5
10.08.2021 00:28:16.324,6.3379900000000005,6.33708,1.5,1.5
10.08.2021 00:28:16.425,6.33797,6.33708,1,1.5
10.08.2021 00:28:17.739,6.33797,6.33727,1,1
10.08.2021 00:28:29.905,6.3379900000000005,6.33727,1.5,1
10.08.2021 00:28:35.565,6.337940000000001,6.33711,1.5,1.5
10.08.2021 00:28:36.355,6.337930000000001,6.33712,1.5,1
10.08.2021 00:28:37.997,6.3379900000000005,6.33712,1.5,1.5
10.08.2021 00:28:38.178,6.3379900000000005,6.33712,1.5,1.5
10.08.2021 00:28:38.426,6.3379900000000005,6.33712,1.5,1.5
10.08.2021 00:28:38.678,6.33804,6.337140000000001,1.5,1.5
10.08.2021 00:28:42.978,6.33804,6.33725,1.5,1
10.08.2021 00:28:53.344,6.33804,6.33725,1.5,1
10.08.2021 00:29:20.331,6.33807,6.33725,1,1.5
10.08.2021 00:29:20.508,6.338100000000001,6.33725,1.5,1.12
10.08.2021 00:29:25.459,6.338100000000001,6.3371900000000005,1.5,1.5
10.08.2021 00:29:29.913,6.338100000000001,6.3371900000000005,1.5,1.5
10.08.2021 00:29:36.941,6.338100000000001,6.3371900000000005,1.5,1.5
10.08.2021 00:29:38.383,6.338100000000001,6.3371900000000005,1.5,1.5
10.08.2021 00:29:45.495,6.338100000000001,6.33725,1.5,1.5
10.08.2021 00:29:45.697,6.338100000000001,6.33725,1.5,1.5
10.08.2021 00:29:45.924,6.33811,6.33724,1.5,1.5
10.08.2021 00:29:46.309,6.338150000000001,6.33725,1.5,1.5
10.08.2021 00:29:47.624,6.33821,6.337530000000001,1.5,1
10.08.2021 00:29:47.674,6.3382000000000005,6.337540000000001,1.5,1
10.08.2021 00:29:48.073,6.3382000000000005,6.337540000000001,1.5,1
10.08.2021 00:29:51.170,6.33826,6.337540000000001,1.5,1
10.08.2021 00:29:55.844,6.33826,6.337540000000001,1.5,1
10.08.2021 00:29:59.597,6.33827,6.33734,1.5,1.5
10.08.2021 00:30:00.112,6.3382000000000005,6.3373,1.5,1.5
10.08.2021 00:30:00.163,6.3382000000000005,6.3373,1.5,1
10.08.2021 00:30:00.313,6.33817,6.3373,1,1
10.08.2021 00:30:01.893,6.33818,6.33729,1,1
10.08.2021 00:30:05.345,6.338150000000001,6.337280000000001,1.5,1
10.08.2021 00:30:05.395,6.338150000000001,6.33743,1.5,1
10.08.2021 00:30:05.446,6.33816,6.33742,1.5,1
10.08.2021 00:30:05.617,6.338150000000001,6.33743,1.5,1
10.08.2021 00:30:05.943,6.338150000000001,6.33743,1.5,1
10.08.2021 00:30:06.731,6.338150000000001,6.33743,1.5,1.12
10.08.2021 00:30:06.883,6.33837,6.3375900000000005,1.5,1
10.08.2021 00:30:06.933,6.338380000000001,6.337580000000001,1.5,1
10.08.2021 00:30:07.914,6.33837,6.3375900000000005,1.5,1
10.08.2021 00:30:08.120,6.33831,6.3375900000000005,1.5,1
10.08.2021 00:30:08.318,6.33827,6.3375900000000005,1,1
10.08.2021 00:30:10.388,6.33832,6.337580000000001,1.5,1
10.08.2021 00:30:13.202,6.3382000000000005,6.337440000000001,1.5,1
10.08.2021 00:30:13.252,6.3382000000000005,6.337440000000001,1.5,1
10.08.2021 00:30:13.740,6.33817,6.33731,1,1
10.08.2021 00:30:20.188,6.338150000000001,6.33731,1.5,1.5
10.08.2021 00:30:20.391,6.338150000000001,6.33731,1.5,1.5
10.08.2021 00:30:21.726,6.338150000000001,6.337440000000001,1.5,1
10.08.2021 00:30:23.559,6.33826,6.337440000000001,1.5,1.5
10.08.2021 00:30:23.727,6.33826,6.337440000000001,1.5,1
10.08.2021 00:30:24.107,6.33826,6.337440000000001,1.5,1.5
10.08.2021 00:30:24.338,6.33826,6.337440000000001,1.5,1
10.08.2021 00:30:26.620,6.33831,6.337440000000001,1.5,1.5
10.08.2021 00:30:26.827,6.33831,6.337440000000001,1.5,1.5
10.08.2021 00:30:27.061,6.33831,6.337440000000001,1.5,1
10.08.2021 00:30:27.270,6.33831,6.337440000000001,1.5,1.5
10.08.2021 00:30:29.112,6.33831,6.337440000000001,1.5,1
10.08.2021 00:30:29.313,6.33826,6.337350000000001,1.5,1.5
10.08.2021 00:30:31.333,6.33826,6.337350000000001,1.5,1.5
10.08.2021 00:30:31.484,6.3382000000000005,6.3373,1.5,1.5
10.08.2021 00:30:42.343,6.33831,6.337330000000001,1.5,1
10.08.2021 00:31:16.633,6.33831,6.337440000000001,1.5,1.5
10.08.2021 00:31:58.458,6.33831,6.337440000000001,1.5,1.5
10.08.2021 00:32:11.957,6.33826,6.337440000000001,1.5,1.12
10.08.2021 00:32:12.058,6.33811,6.3373,1,1.5
10.08.2021 00:32:12.159,6.338100000000001,6.33731,1.5,1
10.08.2021 00:32:24.062,6.338100000000001,6.33731,1.5,1
10.08.2021 00:32:32.082,6.338100000000001,6.3371900000000005,1.5,1.5
10.08.2021 00:32:42.279,6.338100000000001,6.33731,1.5,1
10.08.2021 00:33:02.692,6.338100000000001,6.33731,1.5,1
10.08.2021 00:33:24.394,6.33804,6.33731,1.5,1
10.08.2021 00:33:26.383,6.33804,6.33731,1.5,1
10.08.2021 00:33:29.168,6.33805,6.33713,1.5,1.5
10.08.2021 00:33:33.134,6.338100000000001,6.3371900000000005,1.5,1.5
10.08.2021 00:33:35.355,6.338100000000001,6.3371900000000005,1.5,1.5
10.08.2021 00:33:42.792,6.338100000000001,6.33731,1.5,1
10.08.2021 00:33:48.084,6.33804,6.33731,1.5,1
10.08.2021 00:33:48.134,6.3379900000000005,6.33717,1.5,1.5
10.08.2021 00:33:48.285,6.33783,6.33717,1.5,1
10.08.2021 00:33:48.336,6.337840000000001,6.337000000000001,1.5,1.12
10.08.2021 00:33:48.487,6.33783,6.33701,1.5,1
10.08.2021 00:33:49.005,6.33783,6.33701,1.5,1
10.08.2021 00:33:49.545,6.33783,6.33701,1.5,1
10.08.2021 00:33:55.608,6.337840000000001,6.337000000000001,1.5,1
10.08.2021 00:33:57.343,6.337840000000001,6.337000000000001,1.5,1
10.08.2021 00:34:12.449,6.33778,6.33701,1.5,1
10.08.2021 00:34:15.559,6.33778,6.33687,1.5,1.5
10.08.2021 00:34:18.393,6.33778,6.33701,1.5,1
10.08.2021 00:34:20.614,6.337840000000001,6.337000000000001,1.5,1
10.08.2021 00:34:29.058,6.33783,6.33701,1.5,1
10.08.2021 00:34:29.804,6.33787,6.33701,1,1.5
10.08.2021 00:34:29.955,6.33805,6.337230000000001,1.5,1
10.08.2021 00:34:30.005,6.33805,6.337230000000001,1.5,1
10.08.2021 00:34:30.160,6.33805,6.337230000000001,1.5,1.5
10.08.2021 00:34:30.362,6.33805,6.337230000000001,1.5,1
10.08.2021 00:34:40.451,6.338100000000001,6.337230000000001,1.5,1.5
10.08.2021 00:34:41.085,6.338100000000001,6.337230000000001,1.5,1.12
10.08.2021 00:34:44.137,6.338100000000001,6.337230000000001,1.5,1.5
10.08.2021 00:34:44.339,6.338100000000001,6.337230000000001,1.5,1.12
10.08.2021 00:35:05.870,6.33805,6.337230000000001,1.5,1
10.08.2021 00:35:06.279,6.33783,6.33706,1.5,1
10.08.2021 00:35:08.492,6.337840000000001,6.3370500000000005,1.5,1
10.08.2021 00:35:20.068,6.33783,6.33706,1.5,1
10.08.2021 00:35:21.641,6.33779,6.33686,1.5,1.5
10.08.2021 00:35:23.343,6.33779,6.33686,1.5,1.5
10.08.2021 00:35:24.524,6.3377300000000005,6.3369,1.5,1
10.08.2021 00:35:24.801,6.33779,6.33689,1.5,1.5
10.08.2021 00:35:31.386,6.33783,6.336930000000001,1.5,1.5
10.08.2021 00:35:52.747,6.337890000000001,6.3369800000000005,1.5,1.5
10.08.2021 00:35:52.869,6.337890000000001,6.33717,1.5,1
10.08.2021 00:35:52.920,6.3379,6.33716,1.5,1
10.08.2021 00:35:53.114,6.337890000000001,6.33717,1.5,1.5
10.08.2021 00:35:54.393,6.337890000000001,6.33717,1.5,1.5
10.08.2021 00:35:57.799,6.33795,6.33716,1.5,1
10.08.2021 00:35:57.849,6.337940000000001,6.33704,1.5,2
10.08.2021 00:35:58.009,6.33787,6.33704,1,1
10.08.2021 00:36:03.852,6.337890000000001,6.33704,1.5,1.5
10.08.2021 00:36:04.074,6.337940000000001,6.33704,1.5,2
10.08.2021 00:36:05.092,6.337940000000001,6.33704,1.5,1.5
10.08.2021 00:36:06.126,6.338100000000001,6.3372,1.5,1.5
10.08.2021 00:36:06.287,6.33811,6.3371900000000005,1.5,1.5
10.08.2021 00:36:07.479,6.33811,6.3371900000000005,1.5,1.5
10.08.2021 00:36:11.771,6.338,6.3372,1.5,1
10.08.2021 00:36:12.943,6.337940000000001,6.3372,1.5,1
10.08.2021 00:36:13.591,6.337980000000001,6.3371900000000005,1,1
10.08.2021 00:36:13.786,6.338,6.3372,1.5,1
10.08.2021 00:36:23.493,6.338,6.3372,1.5,1
10.08.2021 00:36:23.544,6.337940000000001,6.33704,1.5,1.5
10.08.2021 00:36:23.713,6.33787,6.33704,1,1
10.08.2021 00:36:24.660,6.337890000000001,6.33702,1.5,1
10.08.2021 00:36:24.781,6.337940000000001,6.33704,1.5,1
10.08.2021 00:36:24.982,6.337940000000001,6.33704,1.5,1.5
10.08.2021 00:36:34.027,6.338,6.33716,1.5,1
10.08.2021 00:36:56.535,6.338,6.33716,1.5,1
10.08.2021 00:36:56.646,6.338,6.337090000000001,1.5,1.5
10.08.2021 00:36:56.797,6.33805,6.337140000000001,1.5,1.5
10.08.2021 00:36:57.029,6.33805,6.337140000000001,1.5,1.5
10.08.2021 00:36:58.794,6.338,6.337090000000001,1.5,1.5
10.08.2021 00:37:00.473,6.337940000000001,6.33704,1.5,1.5
10.08.2021 00:37:03.536,6.33797,6.337090000000001,1,1.5
10.08.2021 00:37:03.724,6.338010000000001,6.33708,1.5,1.5
10.08.2021 00:37:04.845,6.338,6.337090000000001,1.5,1.5
10.08.2021 00:37:05.556,6.338,6.337090000000001,1.5,1
10.08.2021 00:37:05.606,6.337890000000001,6.3369800000000005,1.5,2
10.08.2021 00:37:05.807,6.33783,6.3369800000000005,1.5,1
10.08.2021 00:37:19.902,6.33783,6.3369800000000005,1.5,1.5
10.08.2021 00:37:22.629,6.33783,6.3369800000000005,1.5,1
10.08.2021 00:37:22.680,6.33779,6.33686,1.5,1.5
10.08.2021 00:37:22.847,6.33779,6.33686,1.5,1.5
10.08.2021 00:37:30.630,6.33779,6.33697,1.5,1
10.08.2021 00:37:36.375,6.337840000000001,6.33697,1.5,1
10.08.2021 00:37:42.648,6.33783,6.336930000000001,1.5,1.5
10.08.2021 00:37:43.644,6.33778,6.33687,1.5,1
10.08.2021 00:37:43.813,6.33778,6.33687,1.5,1.5
10.08.2021 00:37:51.341,6.33783,6.33687,1.5,1.5
10.08.2021 00:38:00.246,6.33767,6.33682,1.62,1
10.08.2021 00:38:01.452,6.33767,6.33682,1.62,1
10.08.2021 00:38:01.614,6.337680000000001,6.33681,1.5,1.5
10.08.2021 00:38:02.924,6.33777,6.33682,1,1.5
10.08.2021 00:38:03.285,6.33779,6.33692,1.5,1
10.08.2021 00:38:03.336,6.33778,6.33696,1.5,1
10.08.2021 00:38:03.436,6.337840000000001,6.33697,1.5,1
10.08.2021 00:38:07.214,6.33783,6.33696,1.5,1
10.08.2021 00:38:07.344,6.337840000000001,6.33695,1.5,1.5
10.08.2021 00:38:10.083,6.33783,6.3369800000000005,1.5,1
10.08.2021 00:38:17.663,6.33783,6.33696,1.5,1.5
10.08.2021 00:38:22.844,6.33783,6.33696,1.5,1
10.08.2021 00:38:23.089,6.33783,6.33687,1.5,1.5
10.08.2021 00:38:33.653,6.33783,6.33696,1.5,1
10.08.2021 00:38:50.920,6.33762,6.33677,1.5,1.5
10.08.2021 00:38:50.971,6.33762,6.33677,1.5,1
10.08.2021 00:38:51.072,6.33757,6.33673,1.5,1.5
10.08.2021 00:38:51.122,6.33756,6.336740000000001,1.5,1
10.08.2021 00:38:51.996,6.33757,6.33673,1.5,1
10.08.2021 00:38:55.232,6.33746,6.33661,1.5,1.5
10.08.2021 00:38:55.283,6.33747,6.336600000000001,1.5,1.5
10.08.2021 00:38:56.444,6.33756,6.33666,2.75,1
10.08.2021 00:38:56.579,6.33756,6.33666,1.5,1.5
10.08.2021 00:38:56.629,6.33756,6.336780000000001,1.5,1
10.08.2021 00:38:56.680,6.33762,6.336780000000001,1.5,1.5
10.08.2021 00:38:56.881,6.33762,6.336780000000001,1.5,1.5
10.08.2021 00:38:57.308,6.33762,6.336780000000001,1.5,1.5
10.08.2021 00:38:57.583,6.33757,6.33677,1.5,1
10.08.2021 00:39:08.304,6.33756,6.33671,1.5,1
10.08.2021 00:39:16.639,6.33756,6.33671,1.5,1.5
10.08.2021 00:39:18.315,6.33756,6.336600000000001,1.5,1.5
10.08.2021 00:39:23.465,6.33746,6.336600000000001,1.5,1.5
10.08.2021 00:39:23.734,6.33747,6.336600000000001,1.5,1.5
10.08.2021 00:39:25.458,6.33746,6.33661,1.5,1.5
10.08.2021 00:39:30.279,6.33756,6.33661,1.5,1.5
10.08.2021 00:39:33.247,6.33746,6.33661,1.5,1.5
10.08.2021 00:40:04.344,6.33746,6.33661,1.5,1.5
10.08.2021 00:40:04.545,6.33746,6.33661,1.5,1.12
10.08.2021 00:40:08.574,6.33746,6.33661,1.5,1
10.08.2021 00:40:08.624,6.337350000000001,6.3365,1.5,1.5
10.08.2021 00:40:08.776,6.33736,6.33649,1.5,1.12
10.08.2021 00:40:13.833,6.33729,6.33646,1.5,1
10.08.2021 00:40:20.003,6.3371900000000005,6.33646,1.5,1
10.08.2021 00:40:27.343,6.33724,6.33646,1.5,1
10.08.2021 00:40:33.942,6.33729,6.33646,1.5,1.12
10.08.2021 00:40:35.345,6.33729,6.33646,1.5,1.5
10.08.2021 00:40:44.198,6.33729,6.33646,1.5,1
10.08.2021 00:40:45.772,6.337350000000001,6.3365,1.5,1
10.08.2021 00:40:45.975,6.337350000000001,6.3365,1.5,1.5
10.08.2021 00:40:46.176,6.33741,6.33654,1.5,1.5
10.08.2021 00:40:49.661,6.33746,6.336650000000001,1.5,1
10.08.2021 00:40:51.013,6.33752,6.33664,1.5,1
10.08.2021 00:40:56.348,6.33747,6.33664,1.5,1.5
10.08.2021 00:41:00.128,6.33746,6.336650000000001,1.5,1
10.08.2021 00:41:06.073,6.33746,6.33655,1.5,1.5
10.08.2021 00:41:06.233,6.33741,6.33649,1.5,1.5
10.08.2021 00:41:06.445,6.33741,6.33649,1.5,1.5
10.08.2021 00:41:06.653,6.33746,6.33655,1.5,1.5
10.08.2021 00:41:08.288,6.33746,6.33655,1.5,1.5
10.08.2021 00:41:14.449,6.33746,6.33655,1.5,1.5
10.08.2021 00:41:14.895,6.337400000000001,6.3365100000000005,1.5,1.5
10.08.2021 00:41:15.670,6.33746,6.33655,1.5,1.5
10.08.2021 00:41:16.337,6.33751,6.336650000000001,1.5,1
10.08.2021 00:41:22.341,6.33746,6.336650000000001,1.5,1
10.08.2021 00:41:30.227,6.33747,6.33664,1.5,1.5
10.08.2021 00:41:40.269,6.33747,6.33654,1.5,1.62
10.08.2021 00:41:45.344,6.33752,6.33659,1.5,1.5
10.08.2021 00:41:53.126,6.33747,6.33657,1.62,1
10.08.2021 00:41:53.176,6.33737,6.33646,1.62,1.5
10.08.2021 00:41:53.329,6.337260000000001,6.3364400000000005,1.5,1
10.08.2021 00:41:58.605,6.33732,6.3364400000000005,1.5,1.5
10.08.2021 00:41:58.771,6.33737,6.33646,1.62,1.5
10.08.2021 00:41:59.010,6.33737,6.33646,1.62,1.5
10.08.2021 00:41:59.213,6.33732,6.3364400000000005,1.5,1.12
10.08.2021 00:42:00.887,6.33737,6.33646,1.62,1.5
10.08.2021 00:42:01.031,6.33737,6.33661,1.5,1
10.08.2021 00:42:01.435,6.33743,6.33661,1.5,1
10.08.2021 00:42:01.587,6.337440000000001,6.336600000000001,1.5,1
10.08.2021 00:42:09.022,6.33747,6.33661,1,1
10.08.2021 00:42:10.429,6.33743,6.33661,1.5,1.5
10.08.2021 00:42:25.838,6.33748,6.336740000000001,1.5,1
10.08.2021 00:42:26.039,6.3376,6.33673,1.5,1
10.08.2021 00:42:32.344,6.3375900000000005,6.336740000000001,1.5,1
10.08.2021 00:42:47.844,6.337530000000001,6.336740000000001,1.5,1
10.08.2021 00:42:48.252,6.337540000000001,6.33661,1.5,1.5
10.08.2021 00:42:53.434,6.33743,6.33659,1.5,1
10.08.2021 00:42:53.592,6.337330000000001,6.3365800000000005,1.5,1
10.08.2021 00:42:53.820,6.337330000000001,6.3365800000000005,1.5,1
10.08.2021 00:42:54.248,6.337440000000001,6.3365800000000005,1.5,1
10.08.2021 00:42:54.581,6.337490000000001,6.3365800000000005,1.5,1.5
10.08.2021 00:43:03.376,6.33748,6.33659,1.5,1.5
10.08.2021 00:43:07.861,6.337530000000001,6.33662,1.5,1.5
10.08.2021 00:43:09.335,6.337530000000001,6.33662,1.5,1.5
10.08.2021 00:43:09.436,6.3375900000000005,6.33681,1.5,1.5
10.08.2021 00:43:09.537,6.337750000000001,6.3368400000000005,1.5,1.5
10.08.2021 00:43:09.688,6.33776,6.33697,1.5,1
10.08.2021 00:43:09.967,6.3378000000000005,6.3369800000000005,1.5,1
10.08.2021 00:43:10.169,6.3378000000000005,6.3369800000000005,1.5,1
10.08.2021 00:43:14.398,6.3378000000000005,6.3369800000000005,1.5,1
10.08.2021 00:43:14.589,6.3378000000000005,6.3369800000000005,1.5,1.12
10.08.2021 00:43:21.233,6.3378000000000005,6.3369800000000005,1.5,1
10.08.2021 00:43:21.610,6.3378000000000005,6.3369800000000005,1.5,1
10.08.2021 00:43:28.434,6.3378000000000005,6.33689,1.5,1.5
10.08.2021 00:43:28.596,6.3378000000000005,6.33689,1.5,1.5
10.08.2021 00:43:28.796,6.33787,6.33694,1.5,1.5
10.08.2021 00:43:28.999,6.33787,6.33694,1.5,1.5
10.08.2021 00:43:33.735,6.33786,6.33695,1.5,1.5
10.08.2021 00:43:35.207,6.33786,6.33695,1.5,1.5
10.08.2021 00:43:35.408,6.33787,6.33694,1.5,1.5
10.08.2021 00:43:36.343,6.33786,6.33695,1.5,1.5
10.08.2021 00:43:36.544,6.33787,6.33694,1.5,1.5
10.08.2021 00:43:38.193,6.33786,6.33695,1.5,1.5
10.08.2021 00:43:38.443,6.33786,6.33695,1.5,1.5
10.08.2021 00:43:39.679,6.33786,6.33695,1.5,1.5
10.08.2021 00:43:39.879,6.33786,6.3369800000000005,1.5,1.5
10.08.2021 00:43:40.263,6.33787,6.33697,1.5,1.12
10.08.2021 00:43:40.465,6.33786,6.3369800000000005,1.5,1.5
10.08.2021 00:43:40.924,6.33786,6.3369800000000005,1.5,1
10.08.2021 00:43:41.377,6.33786,6.3369800000000005,1.5,1.5
10.08.2021 00:43:45.786,6.33786,6.3369800000000005,1.5,1
10.08.2021 00:43:45.946,6.33787,6.33697,1.5,1.5
10.08.2021 00:43:46.431,6.33786,6.3369800000000005,1.5,1
10.08.2021 00:43:47.004,6.33786,6.3369800000000005,1.5,1.5
10.08.2021 00:43:47.787,6.33786,6.3369800000000005,1.5,1
10.08.2021 00:43:58.110,6.33786,6.3369800000000005,1.5,1.5
10.08.2021 00:43:58.342,6.33786,6.3369800000000005,1.5,1
10.08.2021 00:43:58.543,6.33786,6.3369800000000005,1.5,1.5
10.08.2021 00:44:00.248,6.33786,6.3369800000000005,1.5,1
10.08.2021 00:44:00.450,6.33786,6.3369800000000005,1.5,1.12
10.08.2021 00:44:00.650,6.33787,6.33697,1.5,1.5
10.08.2021 00:44:01.166,6.33786,6.3369800000000005,1.5,1
10.08.2021 00:44:01.306,6.33786,6.3369800000000005,1.5,1.5
10.08.2021 00:44:01.659,6.33786,6.3369800000000005,1.5,1
10.08.2021 00:44:01.809,6.33786,6.3369800000000005,1.5,1.5
10.08.2021 00:44:02.412,6.33782,6.33697,1.5,1
10.08.2021 00:44:06.018,6.33781,6.3369800000000005,1.5,1
10.08.2021 00:44:07.339,6.33781,6.3369,1.5,1.5
10.08.2021 00:44:08.626,6.33782,6.33689,1.5,1.5
10.08.2021 00:44:09.921,6.33781,6.3369800000000005,1.5,1
10.08.2021 00:44:10.389,6.33776,6.33697,1.5,1
10.08.2021 00:44:10.439,6.337750000000001,6.33685,1.5,1.5
10.08.2021 00:44:10.590,6.33757,6.336790000000001,1,1
10.08.2021 00:44:12.148,6.33757,6.336790000000001,1,1
10.08.2021 00:44:12.389,6.3376,6.336780000000001,1.5,1
10.08.2021 00:44:14.631,6.3375900000000005,6.336790000000001,1.5,1
10.08.2021 00:44:16.022,6.33757,6.336790000000001,1,1
10.08.2021 00:44:26.753,6.337540000000001,6.33663,1.5,2
10.08.2021 00:44:37.370,6.337540000000001,6.33663,1.5,2
10.08.2021 00:44:39.541,6.337540000000001,6.33663,1.5,2
10.08.2021 00:44:42.243,6.33748,6.33663,1.5,1
10.08.2021 00:44:45.226,6.33748,6.33663,1.5,1.5
10.08.2021 00:44:46.730,6.337540000000001,6.33663,1.5,2
10.08.2021 00:44:48.564,6.337540000000001,6.33663,1.5,2
10.08.2021 00:44:55.577,6.337490000000001,6.33662,1.5,1
10.08.2021 00:45:05.524,6.337440000000001,6.3365100000000005,1.5,1
10.08.2021 00:45:05.675,6.33732,6.3365,1.5,1
10.08.2021 00:45:05.829,6.33727,6.336480000000001,1.5,1.5
10.08.2021 00:45:06.045,6.33727,6.336480000000001,1.5,1
10.08.2021 00:45:09.793,6.3373,6.33647,1.5,1
10.08.2021 00:45:09.944,6.33734,6.336480000000001,1.5,1.12
10.08.2021 00:45:10.121,6.337350000000001,6.33647,1.5,1
10.08.2021 00:45:12.333,6.33734,6.336480000000001,1.5,1.5
10.08.2021 00:45:12.535,6.337350000000001,6.33647,1.5,1.5
10.08.2021 00:45:12.738,6.33734,6.336480000000001,1.5,1
10.08.2021 00:45:13.737,6.33734,6.336480000000001,1.5,1.5
10.08.2021 00:45:13.938,6.337350000000001,6.33647,1.5,1.5
10.08.2021 00:45:14.621,6.3373,6.33637,1.5,1.5
10.08.2021 00:45:14.776,6.33729,6.336380000000001,1.5,1.5
10.08.2021 00:45:15.478,6.33729,6.336380000000001,1.5,1.5
10.08.2021 00:45:16.547,6.33729,6.336380000000001,1.5,1.5
10.08.2021 00:45:16.751,6.337230000000001,6.33633,1.5,1.62
10.08.2021 00:45:17.055,6.33724,6.33632,1.5,1.62
10.08.2021 00:45:17.482,6.337230000000001,6.33633,1.5,1.62
10.08.2021 00:45:17.974,6.337230000000001,6.33633,1.5,1.62
10.08.2021 00:45:18.545,6.337230000000001,6.33633,1.5,1.62
10.08.2021 00:45:18.746,6.337230000000001,6.33633,1.5,1.5
10.08.2021 00:45:22.072,6.33724,6.33632,1.5,1.5
10.08.2021 00:45:23.797,6.337230000000001,6.33633,1.5,1.5
10.08.2021 00:45:26.707,6.337230000000001,6.33633,1.5,1.5
10.08.2021 00:45:28.360,6.337180000000001,6.3363000000000005,1.5,1
10.08.2021 00:45:28.513,6.337180000000001,6.3363000000000005,1.5,1
10.08.2021 00:45:31.954,6.337180000000001,6.33627,1.5,1.5
10.08.2021 00:45:32.005,6.337180000000001,6.33627,1.5,1.5
10.08.2021 00:45:35.874,6.33717,6.336480000000001,1.5,1
10.08.2021 00:45:37.676,6.33717,6.336480000000001,1.5,1
10.08.2021 00:45:37.878,6.33717,6.336480000000001,1.5,1
10.08.2021 00:45:38.612,6.33717,6.336480000000001,1.5,1
10.08.2021 00:45:39.015,6.33717,6.336480000000001,1.5,1
10.08.2021 00:45:39.394,6.33717,6.336480000000001,1.5,1
10.08.2021 00:45:39.597,6.33717,6.336480000000001,1.5,1
10.08.2021 00:45:47.344,6.33722,6.336480000000001,1.5,1
10.08.2021 00:45:47.974,6.33722,6.336480000000001,1.5,1
10.08.2021 00:46:30.577,6.33721,6.336480000000001,1.5,1
10.08.2021 00:46:31.962,6.33727,6.33636,1.62,1.5
10.08.2021 00:46:32.118,6.33727,6.33636,1.5,1.5
10.08.2021 00:46:32.913,6.33727,6.33636,1.5,1.5
10.08.2021 00:46:33.115,6.337280000000001,6.33635,1.5,1.5
10.08.2021 00:46:36.198,6.33727,6.336480000000001,1.5,1
10.08.2021 00:46:37.101,6.33721,6.336480000000001,1.5,1
10.08.2021 00:46:40.131,6.33716,6.336480000000001,1.5,1
10.08.2021 00:46:50.012,6.33716,6.336250000000001,1.5,1.5
10.08.2021 00:46:50.062,6.33716,6.336250000000001,1.5,1.5
10.08.2021 00:46:51.368,6.33711,6.336200000000001,1.5,1.5
10.08.2021 00:46:51.485,6.33711,6.33633,1.5,1
10.08.2021 00:46:55.710,6.33711,6.33633,1.5,1
10.08.2021 00:46:55.937,6.33711,6.33633,1.5,1.5
10.08.2021 00:47:02.620,6.33712,6.33622,1.5,1
10.08.2021 00:47:04.224,6.33716,6.336250000000001,1.5,1.5
10.08.2021 00:47:04.538,6.33716,6.336250000000001,1.5,1
10.08.2021 00:47:04.589,6.3370500000000005,6.33615,1.5,1.5
10.08.2021 00:47:04.763,6.33701,6.3361600000000005,1.5,1
10.08.2021 00:47:05.344,6.337000000000001,6.33617,1.5,1
10.08.2021 00:47:05.962,6.337000000000001,6.33617,1.5,1
10.08.2021 00:47:13.345,6.337000000000001,6.33617,1.5,1
10.08.2021 00:47:14.209,6.337000000000001,6.33617,1.5,1
10.08.2021 00:47:16.462,6.33701,6.3361600000000005,1.5,1
10.08.2021 00:47:16.663,6.337000000000001,6.33617,1.5,1.12
10.08.2021 00:47:17.302,6.337000000000001,6.33617,1.5,1
10.08.2021 00:47:21.020,6.33694,6.33617,1.5,1
10.08.2021 00:47:36.099,6.3370500000000005,6.33617,1.5,1.5
10.08.2021 00:47:36.150,6.33711,6.33631,1.5,1
10.08.2021 00:47:36.307,6.33717,6.3363000000000005,1.5,1.5
10.08.2021 00:47:47.202,6.33722,6.33632,1.5,1
10.08.2021 00:47:47.365,6.33727,6.336390000000001,1.5,1
10.08.2021 00:47:47.448,6.337280000000001,6.33635,1.5,1.5
10.08.2021 00:47:49.373,6.33732,6.336480000000001,1.5,1.5
10.08.2021 00:47:53.942,6.33732,6.336480000000001,1.5,1
10.08.2021 00:47:54.146,6.33727,6.336480000000001,1.5,1
10.08.2021 00:47:56.559,6.33716,6.336340000000001,1.5,1
10.08.2021 00:47:56.668,6.337000000000001,6.33621,1.5,1.5
10.08.2021 00:47:56.769,6.337000000000001,6.33621,1.5,1
10.08.2021 00:47:59.088,6.33694,6.33621,1.5,1
10.08.2021 00:47:59.503,6.337000000000001,6.33621,1.5,1
10.08.2021 00:47:59.734,6.33695,6.336200000000001,1.5,1
10.08.2021 00:48:07.846,6.337000000000001,6.33621,1.5,1
10.08.2021 00:48:17.786,6.33689,6.33606,1.5,1.5
10.08.2021 00:48:29.084,6.33694,6.33606,1.5,1.5
10.08.2021 00:48:33.826,6.3369800000000005,6.33606,1.5,1.5
10.08.2021 00:48:35.958,6.33699,6.33605,1.5,1.5
10.08.2021 00:48:38.920,6.33694,6.33605,1.5,1.5
10.08.2021 00:48:52.649,6.336880000000001,6.33606,1.5,1
10.08.2021 00:48:52.750,6.336780000000001,6.335990000000001,1.5,1
10.08.2021 00:48:52.850,6.33677,6.33592,1.5,1.5
10.08.2021 00:48:53.165,6.33677,6.33592,1.5,1
10.08.2021 00:49:00.896,6.33682,6.33584,1.5,1.5
10.08.2021 00:49:01.058,6.33682,6.336080000000001,1.5,1
10.08.2021 00:49:02.345,6.33692,6.336080000000001,1.5,1
10.08.2021 00:49:07.685,6.33692,6.336080000000001,1.5,1
10.08.2021 00:49:07.878,6.336880000000001,6.33598,1.5,1.5
10.08.2021 00:49:07.929,6.336880000000001,6.33598,1.5,1.12
10.08.2021 00:49:08.094,6.33689,6.33597,1.5,1.5
10.08.2021 00:49:09.225,6.336880000000001,6.33598,1.5,1.5
10.08.2021 00:49:09.427,6.33689,6.33597,1.5,1.5
10.08.2021 00:49:10.240,6.33694,6.33607,1.5,1.5
10.08.2021 00:49:10.341,6.33699,6.336290000000001,1.5,1
10.08.2021 00:49:10.442,6.33715,6.336290000000001,1.5,1
10.08.2021 00:49:10.626,6.33715,6.336290000000001,1.5,1.5
10.08.2021 00:49:10.797,6.33715,6.336290000000001,1.5,1
10.08.2021 00:49:11.002,6.33715,6.336290000000001,1.5,1.5
10.08.2021 00:49:16.773,6.33717,6.336290000000001,1,1
10.08.2021 00:49:16.932,6.337180000000001,6.336290000000001,1,1
10.08.2021 00:49:17.295,6.33716,6.336290000000001,1,1
10.08.2021 00:49:19.209,6.33716,6.336290000000001,1,1.5
10.08.2021 00:49:19.338,6.33716,6.336290000000001,1,1
10.08.2021 00:49:19.775,6.33711,6.336290000000001,1,1
10.08.2021 00:49:19.933,6.3370500000000005,6.336110000000001,1,1.5
10.08.2021 00:49:20.486,6.3370500000000005,6.336110000000001,1,1.5
10.08.2021 00:49:21.487,6.3370500000000005,6.336130000000001,1,1
10.08.2021 00:49:22.487,6.33706,6.33612,1,1
10.08.2021 00:49:22.737,6.3370500000000005,6.3361600000000005,1,1
10.08.2021 00:49:24.788,6.33711,6.33617,1,1.62
10.08.2021 00:49:25.941,6.33711,6.33617,1,1.62
10.08.2021 00:49:29.740,6.33711,6.33617,1.5,1.5
10.08.2021 00:49:30.259,6.33712,6.3361600000000005,1.5,1.5
10.08.2021 00:49:30.742,6.33712,6.3361600000000005,1.5,1.5
10.08.2021 00:49:31.524,6.33712,6.3361600000000005,1.5,1.5
10.08.2021 00:49:31.742,6.33711,6.336180000000001,1.5,1
10.08.2021 00:49:32.742,6.33711,6.336180000000001,1.5,1
10.08.2021 00:49:42.983,6.337000000000001,6.336290000000001,1.5,1
10.08.2021 00:49:43.136,6.337000000000001,6.336290000000001,1.5,1
10.08.2021 00:49:43.337,6.3370500000000005,6.336290000000001,1.5,1
10.08.2021 00:49:43.540,6.337000000000001,6.336290000000001,1.5,1
10.08.2021 00:49:43.908,6.33701,6.336110000000001,1.5,1.5
10.08.2021 00:49:46.953,6.33694,6.33612,1.5,1.5
10.08.2021 00:49:49.345,6.337000000000001,6.33612,1.5,1.5
10.08.2021 00:49:56.865,6.33694,6.33612,1.5,1.5
10.08.2021 00:50:00.841,6.337000000000001,6.33612,1.5,1.5
10.08.2021 00:50:01.042,6.33701,6.336110000000001,1.5,1.5
10.08.2021 00:50:01.201,6.33706,6.33626,1.5,1
10.08.2021 00:50:01.251,6.3370500000000005,6.33627,1.5,1
10.08.2021 00:50:05.881,6.33711,6.33627,1.5,1.5
10.08.2021 00:50:25.088,6.3370500000000005,6.336130000000001,1.5,1.5
10.08.2021 00:50:25.262,6.3370500000000005,6.336130000000001,1.5,1
10.08.2021 00:50:31.466,6.33694,6.33627,1.5,1
10.08.2021 00:50:31.814,6.33694,6.33609,1.5,1.5
10.08.2021 00:50:35.987,6.337000000000001,6.33609,1.5,1.5
10.08.2021 00:51:00.132,6.337000000000001,6.33609,1.5,1.5
10.08.2021 00:51:00.440,6.337000000000001,6.336180000000001,1.5,1
10.08.2021 00:51:00.541,6.3370500000000005,6.33624,1.5,1.5
10.08.2021 00:51:03.136,6.33721,6.33627,1.5,1.5
10.08.2021 00:51:06.728,6.337280000000001,6.336390000000001,1.5,1.5
10.08.2021 00:51:06.900,6.33732,6.3364,1.5,1.5
10.08.2021 00:51:07.101,6.33732,6.33655,1.5,1.5
10.08.2021 00:51:07.270,6.337330000000001,6.33654,1.5,1.5
10.08.2021 00:51:10.614,6.337330000000001,6.33654,1.5,1
10.08.2021 00:51:14.970,6.337330000000001,6.33654,1.5,1.5
10.08.2021 00:51:15.592,6.33732,6.33655,1.5,1
10.08.2021 00:51:15.692,6.33732,6.336430000000001,1.5,1
10.08.2021 00:51:16.014,6.33721,6.336390000000001,1.5,1.5
10.08.2021 00:51:18.480,6.33716,6.336390000000001,1.5,1
10.08.2021 00:51:18.656,6.33717,6.336380000000001,1.5,1
10.08.2021 00:51:18.707,6.33716,6.3362300000000005,1.5,1.5
10.08.2021 00:51:22.677,6.33716,6.3362300000000005,1.5,1.5
10.08.2021 00:51:22.778,6.33694,6.3362300000000005,1,1.5
10.08.2021 00:51:22.929,6.33694,6.3362300000000005,1.5,1
10.08.2021 00:51:24.172,6.33694,6.3362300000000005,1.5,1
10.08.2021 00:51:24.459,6.33694,6.33607,1.5,1.5
10.08.2021 00:51:25.986,6.33701,6.33606,1.5,1.5
10.08.2021 00:51:38.345,6.3369800000000005,6.33607,1.5,1.5
10.08.2021 00:51:44.469,6.337180000000001,6.33621,1,1
10.08.2021 00:51:44.570,6.3372,6.33649,1.5,1
10.08.2021 00:51:44.621,6.3372,6.33649,1.5,1
10.08.2021 00:51:46.413,6.3372,6.33649,1.5,1
10.08.2021 00:51:49.269,6.3372,6.33633,1.5,1.5
10.08.2021 00:52:04.470,6.33737,6.3365,1.5,1.5
10.08.2021 00:52:04.571,6.33737,6.336650000000001,1.5,1
10.08.2021 00:52:07.297,6.33743,6.336650000000001,1.5,1
10.08.2021 00:52:07.347,6.33743,6.33649,1.5,1.5
10.08.2021 00:52:07.499,6.33743,6.33649,1.5,1.5
10.08.2021 00:52:07.699,6.33743,6.33649,1.5,1.12
10.08.2021 00:52:07.900,6.337440000000001,6.336480000000001,1.5,1.5
10.08.2021 00:52:08.101,6.33743,6.33649,1.5,1.5
10.08.2021 00:52:09.975,6.33743,6.33649,1.5,1.5
10.08.2021 00:52:12.908,6.33748,6.336530000000001,1.5,1
10.08.2021 00:52:14.747,6.33743,6.33649,1.5,1.5
10.08.2021 00:52:15.101,6.33737,6.33649,1,1
10.08.2021 00:52:16.163,6.33732,6.336290000000001,1.5,1
10.08.2021 00:52:21.099,6.33737,6.33633,1.62,1.5
10.08.2021 00:52:23.383,6.33732,6.33628,1.5,1.5
10.08.2021 00:52:25.354,6.337330000000001,6.33632,1.5,1.62
10.08.2021 00:52:31.787,6.33732,6.33647,1.5,1
10.08.2021 00:52:33.034,6.337330000000001,6.33646,1.5,1
10.08.2021 00:52:36.615,6.33721,6.33647,1.5,1
10.08.2021 00:52:37.615,6.33722,6.33631,1.5,1.5
10.08.2021 00:52:38.760,6.337260000000001,6.33647,1.5,1
10.08.2021 00:52:38.811,6.337260000000001,6.33647,1.5,1
10.08.2021 00:52:38.996,6.337260000000001,6.33647,1.5,1
10.08.2021 00:52:50.009,6.33732,6.33647,1.5,1
10.08.2021 00:53:00.118,6.33737,6.33633,1.5,1.62
10.08.2021 00:53:00.512,6.33732,6.33633,1.5,1
10.08.2021 00:53:09.031,6.33732,6.33647,1.5,1
10.08.2021 00:53:10.759,6.33737,6.33647,1.5,1.5
10.08.2021 00:53:11.070,6.33737,6.33647,1.5,1.5
10.08.2021 00:53:14.983,6.33737,6.33647,1.5,1
10.08.2021 00:53:15.183,6.33732,6.33647,1.5,1.5
10.08.2021 00:53:15.385,6.33732,6.33647,1.5,1.12
10.08.2021 00:53:16.595,6.33732,6.33647,1.5,1.5
10.08.2021 00:53:16.796,6.33732,6.33647,1.5,1.12
10.08.2021 00:53:19.845,6.33732,6.33647,1.5,1
10.08.2021 00:53:27.060,6.33737,6.33647,1.62,1.5
10.08.2021 00:53:27.174,6.33737,6.336600000000001,1.5,1
10.08.2021 00:53:32.613,6.33737,6.3364400000000005,1.62,1.5
10.08.2021 00:53:34.181,6.33732,6.3364400000000005,1.5,1.12
10.08.2021 00:53:35.104,6.337330000000001,6.336430000000001,1.5,1.5
10.08.2021 00:53:35.305,6.33737,6.3364400000000005,1.5,1.5
10.08.2021 00:53:39.567,6.33737,6.3364400000000005,1.5,1.5
10.08.2021 00:53:43.346,6.337330000000001,6.336430000000001,1.5,1.12
10.08.2021 00:53:56.750,6.337260000000001,6.3362300000000005,1.5,1.62
10.08.2021 00:53:56.952,6.3371,6.3363000000000005,1.5,1
10.08.2021 00:53:57.152,6.33706,6.336290000000001,1.5,1
10.08.2021 00:53:57.546,6.3370500000000005,6.33615,1.5,1
10.08.2021 00:53:57.862,6.3370500000000005,6.33615,1.5,1.5
10.08.2021 00:54:03.906,6.3370500000000005,6.33615,1.5,1.5
10.08.2021 00:54:05.436,6.33699,6.33598,1.5,1
10.08.2021 00:54:06.371,6.33695,6.33598,1.5,1
10.08.2021 00:54:06.757,6.33689,6.335990000000001,1.5,1.5
10.08.2021 00:54:07.511,6.33689,6.335990000000001,1.5,1.5
10.08.2021 00:54:07.749,6.3369,6.33598,1.5,1.5
10.08.2021 00:54:10.008,6.33689,6.335990000000001,1.5,1.5
10.08.2021 00:54:10.109,6.33699,6.33617,1.5,1
10.08.2021 00:54:10.172,6.33699,6.33617,1.5,1
10.08.2021 00:54:11.052,6.33699,6.33617,1.5,1
10.08.2021 00:54:12.008,6.33694,6.33617,1.5,1
10.08.2021 00:54:12.058,6.33694,6.336040000000001,1.5,1
10.08.2021 00:54:12.159,6.336830000000001,6.336040000000001,1.5,1
10.08.2021 00:54:13.268,6.3368400000000005,6.336030000000001,1.5,1
10.08.2021 00:54:13.318,6.336780000000001,6.335850000000001,1.5,1.5
10.08.2021 00:54:14.820,6.336780000000001,6.335850000000001,1.5,1.5
10.08.2021 00:54:15.730,6.336830000000001,6.336030000000001,1.5,1
10.08.2021 00:54:15.830,6.33689,6.336030000000001,1.5,1.5
10.08.2021 00:54:16.031,6.3370500000000005,6.336030000000001,1.5,1.5
10.08.2021 00:54:16.436,6.3370500000000005,6.336200000000001,1.5,1
10.08.2021 00:54:18.097,6.33706,6.33619,1.5,1
10.08.2021 00:54:18.794,6.33706,6.33619,1.5,1
10.08.2021 00:54:22.640,6.3370500000000005,6.336200000000001,1.5,1.5
10.08.2021 00:54:22.859,6.33711,6.33619,1.5,1.5
10.08.2021 00:54:23.042,6.33721,6.33636,1.5,1
10.08.2021 00:54:23.264,6.33721,6.33636,1.5,1
10.08.2021 00:54:23.948,6.33721,6.33636,1.5,1
10.08.2021 00:54:24.947,6.33721,6.33636,1.5,1
10.08.2021 00:54:28.222,6.33717,6.33635,1.5,1
10.08.2021 00:54:29.200,6.33716,6.33621,1.5,1
10.08.2021 00:54:32.684,6.33699,6.33621,1.5,1
10.08.2021 00:54:39.051,6.33694,6.336080000000001,1.5,1.5
10.08.2021 00:54:39.680,6.33694,6.336080000000001,1.5,1
10.08.2021 00:54:39.735,6.33695,6.33593,1.5,1.5
10.08.2021 00:54:39.865,6.33677,6.335940000000001,1.5,1
10.08.2021 00:54:41.469,6.336780000000001,6.33593,1.5,1
10.08.2021 00:54:45.346,6.33677,6.335940000000001,1.5,1
10.08.2021 00:54:45.654,6.33677,6.335940000000001,1.5,1
10.08.2021 00:54:47.914,6.33672,6.3358300000000005,1.5,1
10.08.2021 00:54:56.817,6.33672,6.33575,1.5,1.5
10.08.2021 00:54:58.811,6.33677,6.3358300000000005,1.5,1
10.08.2021 00:54:59.011,6.33677,6.3358,1.5,1.5
10.08.2021 00:54:59.281,6.33677,6.3358,1.5,1.5
10.08.2021 00:54:59.458,6.33677,6.3358300000000005,1.5,1
10.08.2021 00:55:00.161,6.336780000000001,6.33579,1.5,1.5
10.08.2021 00:55:00.336,6.33672,6.33575,1.5,1.5
10.08.2021 00:55:00.563,6.33672,6.33575,1.5,1.5
10.08.2021 00:55:00.764,6.336650000000001,6.3357,1.5,1.5
10.08.2021 00:55:00.865,6.33666,6.33584,1.5,1
10.08.2021 00:55:00.966,6.33666,6.33584,1.5,1.5
10.08.2021 00:55:01.167,6.33667,6.3358300000000005,1.5,1.5
10.08.2021 00:55:03.792,6.33672,6.33584,1.5,1.5
10.08.2021 00:55:03.943,6.33672,6.33584,1.5,1.5
10.08.2021 00:55:05.459,6.33677,6.33597,1.5,1
10.08.2021 00:55:09.019,6.33677,6.33597,1.5,1
10.08.2021 00:55:09.264,6.336780000000001,6.33596,1.5,1
10.08.2021 00:55:12.137,6.336780000000001,6.33596,1.5,1
10.08.2021 00:55:12.270,6.33677,6.33597,1.5,1
10.08.2021 00:55:12.423,6.33682,6.33597,1.5,1.5
10.08.2021 00:55:12.574,6.337000000000001,6.336110000000001,1.5,1
10.08.2021 00:55:16.845,6.3369800000000005,6.3361,1,1
10.08.2021 00:55:21.439,6.3369800000000005,6.336110000000001,1.5,1.5
10.08.2021 00:55:23.057,6.3369800000000005,6.336110000000001,1.5,1.5
10.08.2021 00:55:30.202,6.33704,6.33624,1.5,1
10.08.2021 00:55:31.179,6.33704,6.33624,1.5,1
10.08.2021 00:55:45.770,6.33706,6.336110000000001,1.5,1.5
10.08.2021 00:55:55.846,6.33706,6.336110000000001,1.5,1.5
10.08.2021 00:55:56.033,6.3370500000000005,6.3362300000000005,1.5,1
10.08.2021 00:55:56.084,6.33704,6.33624,1.5,1.5
10.08.2021 00:56:00.697,6.337090000000001,6.33624,1.5,1.5
10.08.2021 00:56:00.842,6.337090000000001,6.33624,1.5,1
10.08.2021 00:56:03.345,6.33701,6.33624,1.5,1
10.08.2021 00:56:19.345,6.33701,6.33624,1.5,1
10.08.2021 00:56:20.650,6.33701,6.336,1.5,1.5
10.08.2021 00:56:26.594,6.33701,6.33624,1.5,1
10.08.2021 00:56:38.491,6.33701,6.33624,1.5,1
10.08.2021 00:56:59.734,6.33701,6.33624,1.5,1
10.08.2021 00:57:03.019,6.33707,6.3362300000000005,1.5,1.5
10.08.2021 00:57:03.221,6.33706,6.33624,1.5,1
10.08.2021 00:57:03.443,6.33701,6.33624,1.5,1
10.08.2021 00:57:05.911,6.33702,6.3362300000000005,1.5,1
10.08.2021 00:57:20.767,6.33701,6.336030000000001,1.5,1
10.08.2021 00:57:26.909,6.33701,6.33624,1.5,1
10.08.2021 00:57:29.753,6.3369,6.336110000000001,1.5,1.5
10.08.2021 00:57:30.434,6.3368400000000005,6.336110000000001,1.5,1
10.08.2021 00:57:30.486,6.3368400000000005,6.335940000000001,1.5,1.5
10.08.2021 00:57:30.589,6.336740000000001,6.33592,1.5,1
10.08.2021 00:57:37.454,6.336740000000001,6.33592,1.5,1
10.08.2021 00:57:38.829,6.33676,6.33591,1.5,1
10.08.2021 00:57:39.616,6.33675,6.33592,1.5,1
10.08.2021 00:57:44.152,6.33675,6.33592,1.5,1
10.08.2021 00:58:03.659,6.33675,6.33592,1.5,1.12
10.08.2021 00:58:04.312,6.33675,6.33592,1.5,1
10.08.2021 00:58:08.974,6.336690000000001,6.33592,1.5,1
10.08.2021 00:58:25.347,6.336690000000001,6.33592,1.5,1
10.08.2021 00:58:31.590,6.336690000000001,6.33592,1.5,1
10.08.2021 00:59:00.410,6.336690000000001,6.33579,1.5,1.5
10.08.2021 00:59:00.951,6.3367,6.33591,1.5,1
10.08.2021 00:59:19.088,6.33664,6.335730000000001,1.5,1.62
10.08.2021 00:59:19.216,6.33664,6.335730000000001,1.5,1
10.08.2021 00:59:19.266,6.336480000000001,6.3357,1.5,1
10.08.2021 00:59:19.424,6.336480000000001,6.3357,1.5,1
10.08.2021 00:59:20.667,6.336480000000001,6.3357,1.5,1
10.08.2021 00:59:22.069,6.336530000000001,6.3357,1.5,1
10.08.2021 00:59:22.233,6.3365800000000005,6.3357,1.5,1.5
10.08.2021 00:59:22.897,6.33664,6.33584,1.5,1
10.08.2021 00:59:34.361,6.3367,6.33584,1.5,1.5
10.08.2021 00:59:44.079,6.33664,6.33574,1.5,1.5
10.08.2021 00:59:45.152,6.33655,6.33571,1.5,1
10.08.2021 00:59:45.353,6.33654,6.33572,1.5,1.5
10.08.2021 00:59:45.404,6.33654,6.335850000000001,1.5,1
10.08.2021 00:59:46.535,6.33664,6.335850000000001,1.5,1.5
10.08.2021 00:59:46.736,6.33675,6.335850000000001,1.5,1.12
10.08.2021 00:59:51.065,6.33675,6.335850000000001,1.5,1.5
10.08.2021 00:59:59.176,6.33671,6.33572,1.5,1
10.08.2021 01:00:01.685,6.33659,6.335680000000001,1.5,1.5
10.08.2021 01:00:01.839,6.33659,6.335680000000001,1.5,1.5
10.08.2021 01:00:02.228,6.33659,6.335680000000001,1.5,1.5
10.08.2021 01:00:02.480,6.336480000000001,6.3356,1.5,1
10.08.2021 01:00:03.302,6.33649,6.33567,1.5,1
10.08.2021 01:00:04.634,6.336480000000001,6.335680000000001,1.5,1
10.08.2021 01:00:04.735,6.336430000000001,6.335680000000001,1.5,1
10.08.2021 01:00:11.036,6.33637,6.33552,1.5,1.5
10.08.2021 01:00:13.345,6.336480000000001,6.33552,1.5,1.5
10.08.2021 01:00:14.286,6.336480000000001,6.33552,1.5,1.5
10.08.2021 01:00:14.771,6.33621,6.33552,1.5,1
10.08.2021 01:00:14.821,6.33621,6.33535,1.5,1.5
10.08.2021 01:00:14.929,6.33621,6.33535,1.5,1.12
10.08.2021 01:00:17.734,6.33621,6.33535,1.5,1.5
10.08.2021 01:00:18.402,6.33621,6.33535,1.5,1.5
10.08.2021 01:00:18.608,6.33627,6.33537,1.5,1
10.08.2021 01:00:19.162,6.33621,6.33537,1.5,1
10.08.2021 01:00:19.490,6.33621,6.33535,1.5,1.12
10.08.2021 01:00:21.205,6.33622,6.33534,1.5,1.5
10.08.2021 01:00:21.407,6.33621,6.33535,1.5,1
10.08.2021 01:00:21.890,6.33621,6.33535,1.5,1.5
10.08.2021 01:00:22.092,6.33621,6.33535,1.5,1
10.08.2021 01:00:22.529,6.33621,6.33535,1.5,1.5
10.08.2021 01:00:23.129,6.33621,6.33535,1.5,1.5
10.08.2021 01:00:25.808,6.33621,6.33535,1.5,1.12
10.08.2021 01:00:26.209,6.33621,6.33535,1.5,1.5
10.08.2021 01:00:26.534,6.33621,6.33535,1.5,1.12
10.08.2021 01:00:26.737,6.33621,6.33535,1.5,1.5
10.08.2021 01:00:27.568,6.33621,6.33535,1.5,1.5
10.08.2021 01:00:27.769,6.33632,6.335430000000001,1.5,1.5
10.08.2021 01:00:29.007,6.33632,6.335430000000001,1.5,1
10.08.2021 01:00:35.171,6.336380000000001,6.33552,1.5,1.5
10.08.2021 01:00:36.345,6.33637,6.33553,1.5,1.62
10.08.2021 01:00:36.896,6.33637,6.33553,1.5,1.62
10.08.2021 01:00:37.141,6.33637,6.3356900000000005,1.5,1
10.08.2021 01:00:37.191,6.336480000000001,6.3356900000000005,1.5,1.5
10.08.2021 01:00:37.342,6.33664,6.33581,1.5,1
10.08.2021 01:00:39.775,6.33671,6.3358,1.5,1.5
10.08.2021 01:00:39.977,6.33667,6.33581,1,1
10.08.2021 01:00:44.007,6.33667,6.33581,1,1
10.08.2021 01:00:44.158,6.3367,6.33581,1.5,1
10.08.2021 01:00:50.241,6.33655,6.33562,1.5,1.5
10.08.2021 01:00:50.442,6.33654,6.33567,1.5,1
10.08.2021 01:00:50.712,6.33654,6.33567,1.5,1
10.08.2021 01:00:52.178,6.33655,6.33566,1.5,1
10.08.2021 01:01:01.360,6.33654,6.33567,1.5,1.5
10.08.2021 01:01:01.790,6.33654,6.33567,1.5,1
10.08.2021 01:01:04.792,6.33654,6.33557,1.5,1.5
10.08.2021 01:01:04.942,6.33654,6.335630000000001,1.5,1
10.08.2021 01:01:05.707,6.33654,6.33557,1.5,1.5
10.08.2021 01:01:06.109,6.33659,6.335680000000001,1.5,1
10.08.2021 01:01:07.895,6.33659,6.335640000000001,1.5,1
10.08.2021 01:01:15.445,6.33659,6.335630000000001,1.5,1.62
10.08.2021 01:01:19.409,6.3365800000000005,6.335630000000001,1.5,1.62
10.08.2021 01:01:21.331,6.3365800000000005,6.33567,1.5,1.5
10.08.2021 01:01:21.533,6.336530000000001,6.33567,1.5,1
10.08.2021 01:01:22.180,6.336530000000001,6.33567,1.5,1.5
10.08.2021 01:01:27.694,6.336530000000001,6.33567,1.5,1.5
10.08.2021 01:01:29.144,6.336480000000001,6.3355500000000005,1.5,1
10.08.2021 01:01:30.567,6.336530000000001,6.33557,1.5,1.5
10.08.2021 01:01:35.394,6.336530000000001,6.33565,1.5,1
10.08.2021 01:01:36.050,6.336530000000001,6.335640000000001,1.5,1
10.08.2021 01:01:38.553,6.336530000000001,6.33557,1.5,1.5
10.08.2021 01:01:38.754,6.336480000000001,6.33552,1.5,1.5
10.08.2021 01:01:42.302,6.33649,6.33551,1.5,1.5
10.08.2021 01:01:43.601,6.336530000000001,6.33557,1.5,1.5
10.08.2021 01:01:46.844,6.336430000000001,6.335450000000001,1.5,1.5
10.08.2021 01:01:50.517,6.33641,6.33567,1.5,1
10.08.2021 01:01:54.404,6.33647,6.33567,1.5,1
10.08.2021 01:02:16.462,6.33647,6.33567,1.5,1
10.08.2021 01:02:16.661,6.33647,6.33567,1.5,1
10.08.2021 01:02:18.037,6.336530000000001,6.33561,1.5,1
10.08.2021 01:02:18.088,6.33652,6.335630000000001,1.5,1
10.08.2021 01:02:18.438,6.33663,6.33567,1.5,1.5
10.08.2021 01:02:18.598,6.33663,6.33567,1.5,1.5
10.08.2021 01:02:22.864,6.33663,6.33582,1.5,1
10.08.2021 01:02:22.914,6.33663,6.33582,1.5,1.5
10.08.2021 01:02:25.207,6.336690000000001,6.33581,1.5,1.12
10.08.2021 01:02:27.589,6.33668,6.33582,1.5,1.5
10.08.2021 01:02:33.866,6.33668,6.33582,1.5,1
10.08.2021 01:02:34.029,6.33668,6.33582,1.5,1.5
10.08.2021 01:02:36.331,6.336740000000001,6.33598,1.5,1
10.08.2021 01:02:37.083,6.336740000000001,6.33598,1.5,1
10.08.2021 01:02:41.344,6.336790000000001,6.33598,1.5,1
10.08.2021 01:02:42.373,6.3368,6.33597,1.5,1
10.08.2021 01:02:42.632,6.3369,6.33598,1.5,1.5
10.08.2021 01:02:42.683,6.3369,6.336130000000001,1.5,1
10.08.2021 01:02:43.023,6.3369,6.336130000000001,1.5,1
10.08.2021 01:02:45.842,6.3369100000000005,6.33612,1.5,1
10.08.2021 01:02:46.039,6.3369,6.336130000000001,1.5,1
10.08.2021 01:02:46.207,6.3369100000000005,6.33612,1.5,1
10.08.2021 01:02:47.629,6.337000000000001,6.336130000000001,1.5,1
10.08.2021 01:02:52.024,6.337000000000001,6.336130000000001,1.5,1.12
10.08.2021 01:02:52.227,6.33701,6.336290000000001,1.5,1
10.08.2021 01:02:56.845,6.3370500000000005,6.3363000000000005,1.5,1
10.08.2021 01:02:57.067,6.33712,6.336290000000001,1.5,1.5
10.08.2021 01:02:57.117,6.33711,6.336430000000001,1.5,1
10.08.2021 01:02:57.279,6.33722,6.33642,1.5,1
10.08.2021 01:03:06.348,6.33721,6.336430000000001,1.5,1
10.08.2021 01:03:07.234,6.33721,6.33635,1.5,1
10.08.2021 01:03:07.335,6.33727,6.336390000000001,1.5,1
10.08.2021 01:03:07.630,6.33727,6.33635,1.5,1
10.08.2021 01:03:09.624,6.33727,6.33633,1.5,1
10.08.2021 01:03:27.128,6.33727,6.336430000000001,1.5,1
10.08.2021 01:03:30.936,6.33732,6.336430000000001,1.5,1.12
10.08.2021 01:03:38.973,6.337330000000001,6.33642,1.5,1
10.08.2021 01:03:40.687,6.337330000000001,6.33636,1.5,1.5
10.08.2021 01:03:40.888,6.33716,6.3362300000000005,1.5,1
10.08.2021 01:03:41.078,6.33711,6.3362300000000005,1.5,1
10.08.2021 01:03:41.526,6.33716,6.336200000000001,1.5,1.62
10.08.2021 01:03:46.358,6.33707,6.33617,1,1
10.08.2021 01:03:46.953,6.3370500000000005,6.33617,1.5,1.12
10.08.2021 01:03:51.345,6.3370500000000005,6.33617,1.5,1.5
10.08.2021 01:03:52.235,6.3370500000000005,6.33617,1.5,1.5
10.08.2021 01:03:55.972,6.33712,6.33614,1.5,1.5
10.08.2021 01:03:56.123,6.33711,6.33615,1.5,1.5
10.08.2021 01:03:59.113,6.3370500000000005,6.3361600000000005,1.5,1
10.08.2021 01:03:59.489,6.33706,6.33609,1.5,1.5
10.08.2021 01:04:00.005,6.33694,6.33607,1.5,1
10.08.2021 01:04:03.378,6.337000000000001,6.336040000000001,1.5,1.5
10.08.2021 01:04:06.752,6.337000000000001,6.336040000000001,1.5,1.62
10.08.2021 01:04:16.387,6.337000000000001,6.33617,1.5,1
10.08.2021 01:04:20.199,6.33689,6.33617,1.5,1
10.08.2021 01:04:20.300,6.336780000000001,6.33601,1.5,1
10.08.2021 01:04:20.413,6.336790000000001,6.33586,1.5,1
10.08.2021 01:04:20.565,6.336790000000001,6.33589,1.5,1
10.08.2021 01:04:20.789,6.336790000000001,6.33589,1.5,1
10.08.2021 01:04:22.861,6.336780000000001,6.33612,1,1
10.08.2021 01:04:23.023,6.336790000000001,6.336110000000001,1.5,1
10.08.2021 01:04:28.678,6.33695,6.336110000000001,1.5,1
10.08.2021 01:04:28.860,6.33695,6.336110000000001,1.5,1
10.08.2021 01:04:33.024,6.33689,6.336030000000001,1.5,1
10.08.2021 01:04:33.075,6.3369,6.335990000000001,1.5,1
10.08.2021 01:04:45.136,6.336740000000001,6.335940000000001,1.5,1
10.08.2021 01:04:45.370,6.33673,6.33595,1.5,1
10.08.2021 01:04:46.490,6.33673,6.33595,1.5,1
10.08.2021 01:05:05.139,6.33667,6.335730000000001,1.5,1
10.08.2021 01:05:09.576,6.33673,6.33577,1.5,1.5
10.08.2021 01:05:09.801,6.336740000000001,6.33582,1.5,1
10.08.2021 01:05:10.641,6.33673,6.33577,1.5,1.5
10.08.2021 01:05:10.872,6.336790000000001,6.335850000000001,1.5,1
10.08.2021 01:05:11.055,6.336740000000001,6.335850000000001,1.5,1
10.08.2021 01:05:12.653,6.33673,6.3358,1.5,1
10.08.2021 01:05:15.213,6.33673,6.33595,1.5,1
10.08.2021 01:05:17.346,6.336740000000001,6.335940000000001,1.5,1
10.08.2021 01:05:24.801,6.33667,6.33595,1.5,1
10.08.2021 01:05:24.859,6.33667,6.33577,1.5,1.5
10.08.2021 01:05:25.005,6.33667,6.33577,1.5,1.5
10.08.2021 01:05:25.345,6.33667,6.33577,1.5,1.5
10.08.2021 01:05:28.127,6.33646,6.33577,1,1.5
10.08.2021 01:05:28.228,6.33646,6.33577,1.5,1
10.08.2021 01:05:28.335,6.33646,6.33577,1.5,1
10.08.2021 01:05:29.851,6.33646,6.33561,1.5,1
10.08.2021 01:05:30.679,6.33646,6.33561,1.5,1.5
10.08.2021 01:05:32.698,6.33652,6.33562,1.5,1
10.08.2021 01:05:32.899,6.3365800000000005,6.33577,1.5,1
10.08.2021 01:05:33.396,6.33657,6.335780000000001,1.5,1
10.08.2021 01:05:38.441,6.33652,6.335780000000001,1.5,1
10.08.2021 01:05:38.541,6.336530000000001,6.33562,1.5,1
10.08.2021 01:05:38.604,6.33652,6.33558,1.5,1.62
10.08.2021 01:05:39.208,6.33647,6.33558,1.5,1.12
10.08.2021 01:05:46.107,6.33647,6.33558,1.5,1.5
10.08.2021 01:05:48.345,6.33647,6.33558,1.5,1.5
10.08.2021 01:05:49.833,6.33647,6.33558,1.5,1.5
10.08.2021 01:05:53.371,6.33652,6.335780000000001,1.5,1
10.08.2021 01:05:53.532,6.33652,6.335780000000001,1.5,1.5
10.08.2021 01:05:53.735,6.33657,6.335780000000001,1.5,1
10.08.2021 01:05:54.619,6.33652,6.335780000000001,1.5,1
10.08.2021 01:05:54.820,6.33641,6.335780000000001,1.5,1
10.08.2021 01:05:55.702,6.33647,6.335630000000001,1.5,1
10.08.2021 01:05:59.698,6.33647,6.335630000000001,1.5,1.5
10.08.2021 01:06:01.898,6.33647,6.335630000000001,1.5,1.5
10.08.2021 01:06:02.100,6.33652,6.33577,1.5,1
10.08.2021 01:06:03.881,6.33652,6.33577,1.5,1.5
10.08.2021 01:06:04.183,6.33668,6.33577,1.5,1.5
10.08.2021 01:06:04.387,6.33657,6.33577,1.5,1
10.08.2021 01:06:08.006,6.33652,6.33577,1.5,1
10.08.2021 01:06:08.207,6.33641,6.33577,1.5,1
10.08.2021 01:06:08.258,6.33641,6.33558,1.5,1.5
10.08.2021 01:06:11.845,6.33641,6.33558,1.5,1.12
10.08.2021 01:06:17.989,6.33641,6.33558,1.5,1
10.08.2021 01:06:20.045,6.33636,6.33558,1.5,1.12
10.08.2021 01:06:23.489,6.33636,6.33558,1.5,1
10.08.2021 01:06:28.252,6.33636,6.33558,1.5,1.5
10.08.2021 01:06:33.107,6.33641,6.33558,1.5,1.5
10.08.2021 01:06:33.309,6.33647,6.335540000000001,1.5,1
10.08.2021 01:06:33.579,6.33647,6.335540000000001,1.5,1
10.08.2021 01:06:35.345,6.33641,6.33546,1.5,1.62
10.08.2021 01:06:43.342,6.33641,6.33558,1.5,1
10.08.2021 01:06:53.109,6.33641,6.33546,1.5,1.5
10.08.2021 01:07:04.377,6.33641,6.33546,1.5,1.5
10.08.2021 01:07:04.580,6.33641,6.33546,1.5,1.5
10.08.2021 01:07:09.100,6.33642,6.33557,1.5,1
10.08.2021 01:07:14.098,6.33636,6.33558,1.5,1
10.08.2021 01:07:14.199,6.336250000000001,6.33541,1.5,1
10.08.2021 01:07:14.250,6.336250000000001,6.33537,1.5,1
10.08.2021 01:07:14.416,6.336250000000001,6.3354,1.5,1
10.08.2021 01:07:14.876,6.336250000000001,6.3353600000000005,1.5,1.5
10.08.2021 01:07:15.081,6.336250000000001,6.3353600000000005,1.5,1.5
10.08.2021 01:07:16.313,6.336250000000001,6.3353600000000005,1.5,1.5
10.08.2021 01:07:16.526,6.3363000000000005,6.33542,1.5,1
10.08.2021 01:07:18.133,6.3363000000000005,6.3354,1.5,1
10.08.2021 01:07:18.774,6.3363000000000005,6.335500000000001,1.5,1
10.08.2021 01:07:19.718,6.33637,6.33549,1.5,1.5
10.08.2021 01:07:19.869,6.33636,6.33552,1.5,1
10.08.2021 01:07:20.349,6.33636,6.335500000000001,1.5,1.5
10.08.2021 01:07:22.083,6.33636,6.33552,1.5,1
10.08.2021 01:07:22.346,6.33636,6.33553,1.5,1
10.08.2021 01:07:25.023,6.33641,6.335680000000001,1.5,1
10.08.2021 01:07:25.203,6.33641,6.3355500000000005,1.5,1.5
10.08.2021 01:07:29.973,6.33637,6.335540000000001,1.5,1.5
10.08.2021 01:07:37.845,6.33636,6.3355500000000005,1.5,1
10.08.2021 01:07:38.635,6.3363000000000005,6.33537,1.5,1
10.08.2021 01:07:38.799,6.336200000000001,6.33537,1.5,1
10.08.2021 01:07:39.043,6.3363000000000005,6.33537,1.5,1
10.08.2021 01:07:39.144,6.3363000000000005,6.33547,1.5,1
10.08.2021 01:07:39.196,6.3363000000000005,6.33547,1.5,1.12
10.08.2021 01:07:39.448,6.33636,6.33547,1.5,1.5
10.08.2021 01:07:45.345,6.33636,6.33547,1.5,1.5
10.08.2021 01:07:46.775,6.33636,6.33547,1.5,1.5
10.08.2021 01:07:47.018,6.3363000000000005,6.33547,1.5,1.5
10.08.2021 01:07:47.179,6.3363000000000005,6.33539,1.5,1
10.08.2021 01:07:55.418,6.3363000000000005,6.33535,1.5,1.5
10.08.2021 01:07:55.628,6.33641,6.33546,1.5,1.5
10.08.2021 01:08:01.635,6.33631,6.33542,1.5,1
10.08.2021 01:08:08.845,6.3363000000000005,6.33535,1.5,1.62
10.08.2021 01:08:27.088,6.3363000000000005,6.33547,1.5,1
10.08.2021 01:08:27.139,6.336250000000001,6.33534,1.5,1
10.08.2021 01:08:27.293,6.336250000000001,6.33534,1.5,1
10.08.2021 01:08:30.250,6.336250000000001,6.3352900000000005,1.5,1.5
10.08.2021 01:08:30.451,6.33636,6.3354,1.5,1
10.08.2021 01:08:30.501,6.33636,6.3354,1.5,1.5
10.08.2021 01:08:31.902,6.3363000000000005,6.335430000000001,1.5,1
10.08.2021 01:08:34.409,6.336250000000001,6.335330000000001,1.5,1
10.08.2021 01:08:34.587,6.33626,6.33532,1.5,1.5
10.08.2021 01:08:36.629,6.336250000000001,6.335330000000001,1.5,1.5
10.08.2021 01:08:36.831,6.336200000000001,6.335330000000001,1.5,1.5
10.08.2021 01:08:37.020,6.336200000000001,6.335330000000001,1.5,1.5
10.08.2021 01:08:37.121,6.336200000000001,6.335330000000001,1.5,1.62
10.08.2021 01:08:37.258,6.336200000000001,6.335330000000001,1.5,1.62
10.08.2021 01:08:37.459,6.336200000000001,6.335330000000001,1.5,1.5
10.08.2021 01:08:39.886,6.3363000000000005,6.33535,1.5,1.5
10.08.2021 01:08:39.951,6.3363000000000005,6.33549,1.5,1
10.08.2021 01:09:04.831,6.3363000000000005,6.33544,1.5,1
10.08.2021 01:09:04.881,6.33637,6.335430000000001,1.5,1
10.08.2021 01:09:09.641,6.33641,6.33546,1.5,1.5
10.08.2021 01:09:11.345,6.33641,6.33549,1.5,1.5
10.08.2021 01:09:12.371,6.33641,6.3355500000000005,1.5,1
10.08.2021 01:09:13.372,6.33641,6.3355500000000005,1.5,1
10.08.2021 01:09:17.511,6.33641,6.3355500000000005,1.5,1
10.08.2021 01:09:18.512,6.33642,6.3354800000000004,1.5,1.5
10.08.2021 01:09:25.096,6.33647,6.33551,1.5,1.5
10.08.2021 01:09:29.587,6.33652,6.33556,1.5,1.5
10.08.2021 01:09:29.745,6.33647,6.33565,1.5,1
10.08.2021 01:09:51.000,6.336480000000001,6.335500000000001,1.5,1.5
10.08.2021 01:09:53.249,6.336480000000001,6.335500000000001,1.5,1.5
10.08.2021 01:09:59.945,6.33647,6.33565,1.5,1
10.08.2021 01:10:05.845,6.33647,6.33565,1.5,1
10.08.2021 01:10:09.997,6.33647,6.33551,1.5,1.5
10.08.2021 01:10:13.842,6.33647,6.33551,1.5,1.5
10.08.2021 01:10:30.057,6.33636,6.33565,1.5,1
10.08.2021 01:10:44.845,6.33647,6.33565,1.5,1
10.08.2021 01:10:52.846,6.33641,6.33565,1.5,1
10.08.2021 01:10:56.840,6.33642,6.335640000000001,1.5,1
10.08.2021 01:11:08.427,6.33641,6.33565,1.5,1
10.08.2021 01:11:40.839,6.33636,6.33553,1.5,1
10.08.2021 01:11:41.040,6.33626,6.33552,1.5,1
10.08.2021 01:11:41.292,6.336200000000001,6.335380000000001,1.5,1.5
10.08.2021 01:11:45.420,6.336200000000001,6.335380000000001,1.5,1
10.08.2021 01:11:48.091,6.336200000000001,6.335380000000001,1.5,1
10.08.2021 01:11:48.294,6.336250000000001,6.335380000000001,1.5,1
10.08.2021 01:11:48.905,6.336250000000001,6.335380000000001,1.5,1
10.08.2021 01:11:54.654,6.336250000000001,6.335380000000001,1.5,1.5
10.08.2021 01:11:54.868,6.33624,6.335230000000001,1.5,1
10.08.2021 01:11:55.058,6.33624,6.335230000000001,1.5,1
10.08.2021 01:12:01.552,6.33619,6.33522,1.5,1
10.08.2021 01:12:05.550,6.336180000000001,6.33525,1.5,1
10.08.2021 01:12:08.906,6.336180000000001,6.335230000000001,1.5,1
10.08.2021 01:12:09.095,6.336180000000001,6.33518,1.5,1
10.08.2021 01:12:10.842,6.33624,6.335230000000001,1.5,1
10.08.2021 01:12:11.559,6.33624,6.335380000000001,1.5,1
10.08.2021 01:12:21.252,6.33624,6.335380000000001,1.5,1
10.08.2021 01:12:22.617,6.336250000000001,6.33537,1.5,1
10.08.2021 01:12:25.508,6.33624,6.335230000000001,1.5,1
10.08.2021 01:12:26.411,6.336180000000001,6.335230000000001,1.5,1
10.08.2021 01:12:35.429,6.336290000000001,6.33527,1.5,1
10.08.2021 01:12:35.736,6.336290000000001,6.335330000000001,1.5,1
10.08.2021 01:12:35.937,6.336250000000001,6.33526,1.5,1
10.08.2021 01:12:36.139,6.33624,6.33527,1.5,1
10.08.2021 01:12:36.546,6.336250000000001,6.33522,1.5,1
10.08.2021 01:12:39.777,6.336250000000001,6.33522,1.5,1
10.08.2021 01:12:39.994,6.33641,6.33541,1.5,1
10.08.2021 01:12:40.195,6.3364,6.33552,1.5,1
10.08.2021 01:12:41.022,6.33641,6.335500000000001,1.5,1.5
10.08.2021 01:12:41.842,6.33635,6.33551,1.5,1
10.08.2021 01:12:42.084,6.336250000000001,6.335500000000001,1.5,1
10.08.2021 01:12:42.134,6.336250000000001,6.33535,1.5,1.5
10.08.2021 01:12:42.249,6.33624,6.3353600000000005,1.5,1
10.08.2021 01:12:49.846,6.336180000000001,6.3353600000000005,1.5,1
10.08.2021 01:13:02.119,6.336250000000001,6.335190000000001,1.5,1.5
10.08.2021 01:13:05.456,6.336290000000001,6.33526,1.5,1
10.08.2021 01:13:06.009,6.33624,6.335230000000001,1.5,1.5
10.08.2021 01:13:12.155,6.336290000000001,6.33526,1.5,1
10.08.2021 01:13:21.093,6.33624,6.3353600000000005,1.5,1.5
10.08.2021 01:13:25.137,6.33624,6.3353600000000005,1.5,1
10.08.2021 01:13:28.931,6.336180000000001,6.3353600000000005,1.5,1
10.08.2021 01:13:40.925,6.336180000000001,6.3351500000000005,1.5,1.5
10.08.2021 01:13:42.717,6.33619,6.33535,1.5,1
10.08.2021 01:13:44.599,6.33614,6.33535,1.5,1
10.08.2021 01:13:44.758,6.336130000000001,6.3353600000000005,1.5,1
10.08.2021 01:13:53.142,6.336130000000001,6.33513,1.5,1
10.08.2021 01:13:53.270,6.33619,6.3352,1.5,1
10.08.2021 01:13:53.321,6.33619,6.335240000000001,1.5,1
10.08.2021 01:13:59.846,6.336180000000001,6.335230000000001,1.5,1
10.08.2021 01:14:03.015,6.33624,6.3352900000000005,1.5,1
10.08.2021 01:14:07.880,6.33624,6.3352,1.5,1.5
10.08.2021 01:14:12.730,6.33619,6.33535,1.5,1
10.08.2021 01:14:25.063,6.33617,6.3352,1,1.5
10.08.2021 01:14:40.207,6.3361600000000005,6.3351500000000005,1.5,1.5
10.08.2021 01:14:40.371,6.336030000000001,6.335140000000001,1.5,1.5
10.08.2021 01:14:47.023,6.336130000000001,6.3351500000000005,1.5,1.5
10.08.2021 01:14:52.461,6.336180000000001,6.33516,1.5,1
10.08.2021 01:14:52.562,6.336180000000001,6.33532,1.5,1
10.08.2021 01:14:52.663,6.336180000000001,6.33532,1.5,1.5
10.08.2021 01:14:54.352,6.336180000000001,6.33532,1.5,1.5
10.08.2021 01:14:54.974,6.336180000000001,6.33534,1.5,1
10.08.2021 01:14:55.125,6.33635,6.33547,1.5,1.5
10.08.2021 01:14:55.283,6.33635,6.33547,1.5,1.5
10.08.2021 01:15:00.544,6.3364,6.33547,1.5,1.5
10.08.2021 01:15:00.775,6.33652,6.33552,1.5,1
10.08.2021 01:15:02.346,6.3365100000000005,6.33561,1.5,1.5
10.08.2021 01:15:02.549,6.3365100000000005,6.33561,1.5,1.12
10.08.2021 01:15:05.987,6.33652,6.3356,1.5,1.5
10.08.2021 01:15:06.233,6.3365100000000005,6.33561,1.5,1.12
10.08.2021 01:15:11.614,6.3365100000000005,6.33561,1.5,1.5
10.08.2021 01:15:11.816,6.33656,6.33561,1.5,1.5
10.08.2021 01:15:15.412,6.33656,6.33561,1.5,1.5
10.08.2021 01:15:16.068,6.33657,6.3355500000000005,1.5,1
10.08.2021 01:15:16.169,6.33663,6.3357600000000005,1.5,1
10.08.2021 01:15:16.270,6.33672,6.33577,1.5,1.5
10.08.2021 01:15:16.475,6.33672,6.33577,1.5,1.5
10.08.2021 01:15:20.274,6.33662,6.335640000000001,1.5,1.5
10.08.2021 01:15:20.375,6.33662,6.335640000000001,1.5,1.12
10.08.2021 01:15:24.469,6.33657,6.335640000000001,1,1
10.08.2021 01:15:24.670,6.336530000000001,6.335630000000001,1.5,1.12
10.08.2021 01:15:24.920,6.336480000000001,6.335630000000001,1.5,1
10.08.2021 01:15:26.403,6.33652,6.335640000000001,1.5,1.12
10.08.2021 01:15:27.206,6.336530000000001,6.335630000000001,1.5,1
10.08.2021 01:15:30.100,6.33641,6.335640000000001,1.5,1
10.08.2021 01:15:30.206,6.33642,6.335500000000001,1.5,1.5
10.08.2021 01:15:30.334,6.33641,6.33551,1.5,1.5
10.08.2021 01:15:30.435,6.33652,6.33553,1.5,1
10.08.2021 01:15:31.004,6.336530000000001,6.33552,1.5,1
10.08.2021 01:15:32.071,6.33652,6.33562,1.5,1.62
10.08.2021 01:15:32.274,6.336530000000001,6.33561,1.5,1.62
10.08.2021 01:15:33.378,6.33657,6.335590000000001,1.5,1
10.08.2021 01:15:34.028,6.33664,6.335640000000001,1.5,1
10.08.2021 01:15:34.740,6.33664,6.33562,1.5,1
10.08.2021 01:15:40.503,6.33657,6.33561,1.5,1
10.08.2021 01:15:40.704,6.33647,6.33556,1.5,1.5
10.08.2021 01:15:41.346,6.33647,6.33556,1.5,1.5
10.08.2021 01:15:42.712,6.33647,6.33556,1.5,1.5
10.08.2021 01:15:44.248,6.33647,6.33556,1.5,1.5
10.08.2021 01:15:45.557,6.33641,6.33553,1.5,1
10.08.2021 01:15:46.052,6.33641,6.33551,1.5,1.5
10.08.2021 01:15:49.329,6.33641,6.33553,1.5,1
10.08.2021 01:15:50.147,6.33642,6.335590000000001,1.5,1
10.08.2021 01:15:50.258,6.33641,6.33566,1.5,1
10.08.2021 01:15:50.461,6.33647,6.33566,1.5,1
10.08.2021 01:15:51.197,6.33647,6.335640000000001,1.5,1.12
10.08.2021 01:15:53.713,6.33641,6.335640000000001,1.5,1
10.08.2021 01:16:00.219,6.3365,6.335640000000001,1.5,1.12
10.08.2021 01:16:00.753,6.3365,6.3356,1.5,1
10.08.2021 01:16:00.991,6.3365,6.335630000000001,1.5,1
10.08.2021 01:16:01.193,6.3365,6.335540000000001,1.5,1
10.08.2021 01:16:07.541,6.33652,6.33553,1.5,1
10.08.2021 01:16:07.748,6.33652,6.33553,1.5,1
10.08.2021 01:16:12.342,6.33652,6.33553,1.5,1
10.08.2021 01:16:15.999,6.336390000000001,6.33553,1.5,1
10.08.2021 01:16:16.200,6.336390000000001,6.335500000000001,1.5,1
10.08.2021 01:16:20.126,6.33646,6.335500000000001,1.5,1.5
10.08.2021 01:16:20.327,6.33646,6.33552,2.75,1
10.08.2021 01:16:24.152,6.33647,6.33552,1.5,1
10.08.2021 01:16:28.346,6.336390000000001,6.33546,1.5,1
10.08.2021 01:16:38.353,6.33652,6.335430000000001,1.5,1.62
10.08.2021 01:16:52.500,6.33646,6.335630000000001,1.5,1
10.08.2021 01:16:58.141,6.33647,6.33562,1.5,1
10.08.2021 01:16:58.329,6.33646,6.335630000000001,1.5,1
10.08.2021 01:17:02.461,6.33646,6.335630000000001,1.5,1.5
10.08.2021 01:17:03.905,6.33652,6.33553,1.5,1
10.08.2021 01:17:07.346,6.33652,6.33553,1.5,1
10.08.2021 01:17:11.029,6.336530000000001,6.33542,1.5,1.62
10.08.2021 01:17:15.570,6.33647,6.33556,1.5,1.5
10.08.2021 01:17:16.038,6.33647,6.33556,1.5,1.5
10.08.2021 01:17:20.351,6.33647,6.33556,1.5,1.5
10.08.2021 01:17:20.752,6.33652,6.33562,1.5,1.5
10.08.2021 01:17:20.908,6.33652,6.335630000000001,1.5,1
10.08.2021 01:17:21.514,6.33652,6.335630000000001,1.5,1
10.08.2021 01:17:21.766,6.33652,6.33562,1.5,1.5
10.08.2021 01:17:21.946,6.33652,6.33562,1.5,1
10.08.2021 01:17:22.583,6.33652,6.335630000000001,1.5,1
10.08.2021 01:17:29.552,6.33636,6.335630000000001,1.5,1
10.08.2021 01:17:41.076,6.33636,6.33546,1.5,1.5
10.08.2021 01:17:41.196,6.3363000000000005,6.335430000000001,1.5,1
10.08.2021 01:17:42.016,6.336250000000001,6.33549,1.5,1
10.08.2021 01:17:42.218,6.336200000000001,6.33549,1.5,1
10.08.2021 01:17:43.755,6.33621,6.33534,1.5,1.5
10.08.2021 01:17:45.151,6.33614,6.33535,1.5,1
10.08.2021 01:17:45.353,6.33614,6.33535,1.5,1
10.08.2021 01:17:45.632,6.336030000000001,6.3352,1.5,1.5
10.08.2021 01:17:49.186,6.33609,6.33534,1.5,1
10.08.2021 01:17:51.052,6.336030000000001,6.33534,1.5,1
10.08.2021 01:17:51.252,6.336030000000001,6.33534,1.5,1
10.08.2021 01:17:56.399,6.336030000000001,6.3352,1.5,1.5
10.08.2021 01:17:56.550,6.335990000000001,6.335190000000001,1.5,1
10.08.2021 01:18:00.780,6.33598,6.3352,1.5,1
10.08.2021 01:18:03.450,6.33598,6.3352,1.5,1
10.08.2021 01:18:03.772,6.33598,6.3352,1.5,1
10.08.2021 01:18:06.507,6.33598,6.3352,1.5,1
10.08.2021 01:18:06.715,6.33598,6.3352,1.5,1
10.08.2021 01:18:06.916,6.335990000000001,6.335190000000001,1.5,1
10.08.2021 01:18:07.121,6.335990000000001,6.335190000000001,1.5,1
10.08.2021 01:18:07.496,6.33598,6.3352,1.5,1
10.08.2021 01:18:07.718,6.33593,6.3352,1.5,1
10.08.2021 01:18:09.346,6.33593,6.3352,1.5,1
10.08.2021 01:18:11.715,6.33593,6.33502,1.5,1.5
10.08.2021 01:18:26.641,6.335940000000001,6.335190000000001,1.5,1
10.08.2021 01:18:29.964,6.33593,6.3352,1.5,1
10.08.2021 01:18:32.219,6.33598,6.3352,1.5,1
10.08.2021 01:18:32.374,6.33598,6.3352,1.5,1
10.08.2021 01:18:33.011,6.336030000000001,6.3352,1.5,1.5
10.08.2021 01:18:34.473,6.336030000000001,6.3352,1.5,1.5
10.08.2021 01:18:41.006,6.336030000000001,6.33513,1.5,1.62
10.08.2021 01:18:45.701,6.33609,6.335190000000001,1.5,1.5
10.08.2021 01:18:46.150,6.33609,6.335230000000001,1.5,1
10.08.2021 01:18:46.267,6.3361,6.335330000000001,1.5,1
10.08.2021 01:18:48.562,6.33609,6.33534,1.5,1
10.08.2021 01:18:49.983,6.336030000000001,6.33534,1.5,1
10.08.2021 01:18:50.098,6.336030000000001,6.33522,1.5,1.5
10.08.2021 01:18:50.149,6.336030000000001,6.33522,1.5,1.5
10.08.2021 01:18:51.590,6.336030000000001,6.33522,1.5,1.5
10.08.2021 01:18:52.471,6.33609,6.33522,1.5,1.5
10.08.2021 01:18:54.950,6.33609,6.33522,1.5,1
10.08.2021 01:18:55.151,6.336030000000001,6.33522,1.5,1
10.08.2021 01:18:55.372,6.336030000000001,6.33522,1.5,1
10.08.2021 01:18:55.584,6.336030000000001,6.33522,1.5,1
10.08.2021 01:18:56.543,6.336030000000001,6.33522,1.5,1
10.08.2021 01:18:57.937,6.336030000000001,6.33513,1.5,1.5
10.08.2021 01:18:59.047,6.336040000000001,6.33512,1.5,1.5
10.08.2021 01:18:59.637,6.336040000000001,6.33512,1.5,1
10.08.2021 01:19:00.718,6.336030000000001,6.33513,1.5,1.5
10.08.2021 01:19:00.939,6.336040000000001,6.33512,1.5,1
10.08.2021 01:19:08.821,6.33593,6.33502,1.5,1.5
10.08.2021 01:19:08.972,6.33587,6.3350800000000005,1.5,1
10.08.2021 01:19:09.073,6.33587,6.334980000000001,1.5,1
10.08.2021 01:19:09.174,6.33582,6.334980000000001,1.5,1
10.08.2021 01:19:09.466,6.33587,6.33497,1.5,1.5
10.08.2021 01:19:11.343,6.33593,6.33511,1.5,1
10.08.2021 01:19:11.545,6.33593,6.33511,1.5,1
10.08.2021 01:19:12.386,6.33593,6.33511,1.5,1
10.08.2021 01:19:15.710,6.3358300000000005,6.335100000000001,1.5,1
10.08.2021 01:19:19.358,6.3358300000000005,6.33492,1.5,1
10.08.2021 01:19:19.766,6.3358300000000005,6.33492,1.5,1
10.08.2021 01:19:19.969,6.33582,6.334930000000001,1.5,1
10.08.2021 01:19:20.190,6.33582,6.33492,1.5,1.5
10.08.2021 01:19:20.958,6.33582,6.33492,1.5,1.5
10.08.2021 01:19:21.390,6.33582,6.33492,1.5,1.5
10.08.2021 01:19:22.745,6.33577,6.33486,1.5,1.5
10.08.2021 01:19:22.863,6.33577,6.33486,1.5,1.5
10.08.2021 01:19:22.964,6.33577,6.33486,1.5,1.5
10.08.2021 01:19:23.083,6.33577,6.335030000000001,1.5,1
10.08.2021 01:19:23.134,6.33577,6.335030000000001,1.5,1.5
10.08.2021 01:19:35.697,6.33596,6.335030000000001,1.5,1
10.08.2021 01:19:35.874,6.33596,6.33499,1.5,1.5
10.08.2021 01:19:44.558,6.33591,6.3349400000000005,1.5,1.5
10.08.2021 01:19:49.173,6.33591,6.335030000000001,1.5,1
10.08.2021 01:19:49.718,6.33591,6.33497,1.5,1
10.08.2021 01:19:52.541,6.33591,6.3349400000000005,1.5,1.5
10.08.2021 01:19:55.916,6.335850000000001,6.335030000000001,1.5,1
10.08.2021 01:19:56.080,6.33586,6.33502,1.5,1
10.08.2021 01:19:57.531,6.3358,6.335030000000001,1.5,1
10.08.2021 01:19:57.688,6.3358,6.334890000000001,1.5,1
10.08.2021 01:19:59.427,6.33581,6.334880000000001,1.5,1.5
10.08.2021 01:19:59.628,6.335850000000001,6.334930000000001,1.5,1
10.08.2021 01:20:03.076,6.335850000000001,6.33504,1.5,1
10.08.2021 01:20:03.126,6.33591,6.33504,1.5,1.12
10.08.2021 01:20:04.457,6.33591,6.33504,1.5,1.12
10.08.2021 01:20:13.233,6.33595,6.33504,1.5,1.5
10.08.2021 01:20:13.433,6.33595,6.33504,1.5,1.5
10.08.2021 01:20:22.388,6.33595,6.335030000000001,1.5,1
10.08.2021 01:20:25.105,6.33595,6.335100000000001,1.5,1
10.08.2021 01:20:25.206,6.33601,6.335190000000001,1.5,1.5
10.08.2021 01:20:25.306,6.33617,6.33534,1.5,1
10.08.2021 01:20:25.448,6.33617,6.33534,1.5,1
10.08.2021 01:20:31.054,6.33612,6.335330000000001,1.5,1
10.08.2021 01:20:32.650,6.336110000000001,6.33534,1.5,1
10.08.2021 01:20:32.851,6.33612,6.335330000000001,1.5,1
10.08.2021 01:20:37.846,6.33617,6.33534,1.5,1.12
10.08.2021 01:20:38.072,6.33617,6.33534,1.5,1
10.08.2021 01:20:38.669,6.33617,6.33534,1.5,1.12
10.08.2021 01:20:44.982,6.33622,6.335240000000001,1.5,1.5
10.08.2021 01:20:45.140,6.33628,6.3353,1.5,1.5
10.08.2021 01:20:46.130,6.33628,6.3353,1.5,1.5
10.08.2021 01:20:46.313,6.33627,6.3353,1,1.5
10.08.2021 01:20:46.534,6.33628,6.3353,1.5,1.5
10.08.2021 01:20:48.454,6.336290000000001,6.33532,1.5,1
10.08.2021 01:20:49.066,6.3362300000000005,6.33532,1.5,1
10.08.2021 01:20:51.119,6.33627,6.3353,1,1.5
10.08.2021 01:20:51.927,6.336290000000001,6.3352900000000005,1.5,1.5
10.08.2021 01:20:53.117,6.336390000000001,6.335500000000001,1.5,1.5
10.08.2021 01:20:53.293,6.336380000000001,6.33551,1.5,1.5
10.08.2021 01:20:54.468,6.336380000000001,6.33551,1.5,1.12
10.08.2021 01:20:54.720,6.33633,6.33551,1.5,1
10.08.2021 01:20:58.130,6.3362300000000005,6.335500000000001,1.5,1
10.08.2021 01:21:01.345,6.33622,6.33551,1.5,1
10.08.2021 01:21:02.764,6.33622,6.3353600000000005,1.5,1.5
10.08.2021 01:21:04.819,6.33622,6.3353600000000005,1.5,1
10.08.2021 01:21:06.725,6.33617,6.3353600000000005,1.5,1
10.08.2021 01:21:19.057,6.33617,6.335230000000001,1.5,1
10.08.2021 01:21:19.160,6.336180000000001,6.33522,1.5,1
10.08.2021 01:21:19.408,6.33622,6.335240000000001,1.5,1.5
10.08.2021 01:21:20.282,6.3362300000000005,6.335230000000001,1.5,1.5
10.08.2021 01:21:30.029,6.33622,6.335240000000001,1.5,1.5
10.08.2021 01:21:30.430,6.33622,6.33527,1.5,1
10.08.2021 01:21:30.927,6.33622,6.33527,1.5,1
10.08.2021 01:21:32.799,6.33619,6.3353600000000005,1.5,1
10.08.2021 01:21:38.973,6.33619,6.3353600000000005,1.5,1.12
10.08.2021 01:21:39.860,6.33619,6.3353600000000005,1.5,1
10.08.2021 01:21:46.513,6.336200000000001,6.33522,1.5,1
10.08.2021 01:21:47.847,6.336200000000001,6.33516,1.5,1.5
10.08.2021 01:21:54.207,6.336040000000001,6.33512,1.5,1
10.08.2021 01:21:54.384,6.33609,6.33516,1.5,1.5
10.08.2021 01:21:55.846,6.33614,6.335230000000001,1.5,1
10.08.2021 01:21:57.411,6.336030000000001,6.33513,1.5,1
10.08.2021 01:21:57.512,6.33592,6.33521,1.5,1
10.08.2021 01:21:58.389,6.33592,6.33521,1.5,1
10.08.2021 01:22:00.088,6.33592,6.33506,1.5,1.5
10.08.2021 01:22:03.194,6.33592,6.33506,1.5,1.5
10.08.2021 01:22:03.447,6.33598,6.33525,1.5,1
10.08.2021 01:22:03.548,6.33614,6.3354800000000004,1.5,1
10.08.2021 01:22:03.634,6.33614,6.3354800000000004,1.5,1
10.08.2021 01:22:04.144,6.33614,6.335330000000001,1.5,1
10.08.2021 01:22:07.200,6.33614,6.335330000000001,1.5,1.5
10.08.2021 01:22:07.402,6.33614,6.335330000000001,1.5,1
10.08.2021 01:22:10.130,6.336200000000001,6.33532,1.5,1.5
10.08.2021 01:22:10.181,6.33619,6.335500000000001,1.5,1
10.08.2021 01:22:10.294,6.33619,6.335500000000001,1.5,1
10.08.2021 01:22:10.523,6.33619,6.335500000000001,1.5,1
10.08.2021 01:22:10.643,6.336200000000001,6.335330000000001,1.5,1.5
10.08.2021 01:22:10.726,6.33619,6.33534,1.5,1
10.08.2021 01:22:23.949,6.33619,6.335230000000001,1.5,1
10.08.2021 01:22:33.820,6.33619,6.335280000000001,1.5,1.5
10.08.2021 01:22:34.037,6.336250000000001,6.33534,1.5,1.5
10.08.2021 01:22:34.239,6.33635,6.33551,1.5,1
10.08.2021 01:22:34.289,6.33635,6.33551,1.5,1.5
10.08.2021 01:22:35.673,6.3363000000000005,6.33551,1.5,1
10.08.2021 01:22:35.874,6.3363000000000005,6.33551,1.5,1
10.08.2021 01:22:36.190,6.3363000000000005,6.33551,1.5,1
10.08.2021 01:22:36.512,6.3363000000000005,6.335380000000001,1.5,1.5
10.08.2021 01:22:40.344,6.3363000000000005,6.335380000000001,1.5,1.5
10.08.2021 01:22:40.445,6.3363000000000005,6.3355500000000005,1.5,1
10.08.2021 01:22:40.550,6.33631,6.335540000000001,1.5,1.5
10.08.2021 01:22:42.345,6.33645,6.3355500000000005,1.5,1.5
10.08.2021 01:22:49.500,6.3365,6.3355500000000005,1.5,1.5
10.08.2021 01:22:58.746,6.33661,6.3357,2.75,1.5
10.08.2021 01:22:58.847,6.33662,6.33596,1.5,1
10.08.2021 01:22:58.948,6.33661,6.33597,1.5,1
10.08.2021 01:23:01.326,6.33661,6.33584,1.5,1
10.08.2021 01:23:05.964,6.33672,6.33584,1.5,1
10.08.2021 01:23:06.725,6.33672,6.33584,1.5,1.5
10.08.2021 01:23:07.124,6.33673,6.3358300000000005,1.5,1.5
10.08.2021 01:23:08.765,6.33672,6.33584,1.5,1
10.08.2021 01:23:13.584,6.33672,6.33584,1.5,1.5
10.08.2021 01:23:25.481,6.33672,6.335730000000001,1.5,1
10.08.2021 01:23:29.616,6.33666,6.33571,1.5,1
10.08.2021 01:23:29.666,6.33666,6.33562,1.5,1.5
10.08.2021 01:23:29.817,6.3365,6.33557,1.5,1
10.08.2021 01:23:31.215,6.33657,6.335680000000001,1.5,1
10.08.2021 01:23:31.400,6.33656,6.3356900000000005,1.5,1
10.08.2021 01:23:32.472,6.33656,6.3356900000000005,1.5,1.5
10.08.2021 01:23:32.674,6.33656,6.3356900000000005,1.5,1
10.08.2021 01:23:37.346,6.33656,6.3356900000000005,1.5,1.12
10.08.2021 01:23:37.647,6.33656,6.3356900000000005,1.5,1.5
10.08.2021 01:23:38.318,6.33661,6.3356900000000005,1.5,1.5
10.08.2021 01:23:38.419,6.33667,6.336,1.5,1
10.08.2021 01:23:38.519,6.33667,6.336,1.5,1
10.08.2021 01:23:38.579,6.33666,6.33581,1.5,1
10.08.2021 01:23:44.843,6.33667,6.3358,1.5,1
10.08.2021 01:23:52.726,6.33667,6.33562,1.5,1
10.08.2021 01:23:53.312,6.33661,6.335630000000001,1.5,1
10.08.2021 01:23:53.482,6.3365800000000005,6.33556,1,1.5
10.08.2021 01:23:54.061,6.33657,6.335680000000001,1,1
10.08.2021 01:24:02.590,6.3365800000000005,6.33567,1,1.5
10.08.2021 01:24:02.792,6.33661,6.335630000000001,1.5,1
10.08.2021 01:24:04.572,6.33666,6.33581,1.5,1
10.08.2021 01:24:05.665,6.33661,6.33581,1.5,1
10.08.2021 01:24:05.876,6.33657,6.3358,1.5,1
10.08.2021 01:24:07.658,6.33656,6.33565,1.5,1.12
10.08.2021 01:24:10.380,6.3365,6.33565,1.5,1
10.08.2021 01:24:16.978,6.3365,6.33565,1.5,1
10.08.2021 01:24:24.718,6.3365,6.33565,1.5,1
10.08.2021 01:24:24.827,6.33656,6.33551,1.5,1.5
10.08.2021 01:24:31.311,6.33656,6.33551,1.5,1.5
10.08.2021 01:24:32.622,6.33657,6.33565,1,1
10.08.2021 01:24:32.783,6.33662,6.3358,1.5,1
10.08.2021 01:24:33.016,6.33661,6.33581,1.5,1
10.08.2021 01:24:35.503,6.33666,6.33581,1.5,1.12
10.08.2021 01:24:36.852,6.33666,6.33581,1.5,1
10.08.2021 01:24:37.103,6.33657,6.33581,1,1
10.08.2021 01:24:37.314,6.33657,6.33567,1,1
10.08.2021 01:24:37.365,6.33661,6.33567,1.5,1.5
10.08.2021 01:24:37.571,6.33667,6.33566,1.5,1.5
10.08.2021 01:24:37.756,6.33666,6.33567,1.5,1.5
10.08.2021 01:24:39.386,6.33666,6.33567,1.5,1.5
10.08.2021 01:24:45.501,6.33657,6.33567,1,1
10.08.2021 01:24:45.669,6.33661,6.33557,1.5,1.5
10.08.2021 01:24:45.719,6.33667,6.33561,1.5,1.5
10.08.2021 01:24:47.317,6.33666,6.33566,1.5,1
10.08.2021 01:24:48.203,6.33666,6.3358300000000005,1.5,1
