Gmt time,Ask,Bid,AskVolume,BidVolume
13.08.2021 00:00:00.034,6.33743,6.33664,1,1
13.08.2021 00:00:00.170,6.337350000000001,6.33664,1.5,1
13.08.2021 00:00:00.270,6.33734,6.336650000000001,1.5,1
13.08.2021 00:00:00.337,6.33734,6.33649,1.5,1.5
13.08.2021 00:00:03.561,6.33734,6.33649,1.5,1.5
13.08.2021 00:00:04.815,6.3374500000000005,6.3365,1.5,1.5
13.08.2021 00:00:05.236,6.33737,6.33649,1,1.5
13.08.2021 00:00:05.437,6.33737,6.33649,1,1
13.08.2021 00:00:06.072,6.33737,6.33649,1,1
13.08.2021 00:00:07.059,6.33736,6.33649,1,1
13.08.2021 00:00:07.461,6.3373800000000005,6.33649,1.62,1
13.08.2021 00:00:08.267,6.33729,6.33649,1.5,1
13.08.2021 00:00:08.501,6.33729,6.33649,1.5,1
13.08.2021 00:00:08.703,6.33729,6.33649,1.5,1
13.08.2021 00:00:09.418,6.33729,6.33649,1.5,1
13.08.2021 00:00:10.401,6.33729,6.33649,1.5,1
13.08.2021 00:00:10.451,6.337090000000001,6.33628,1.12,1.5
13.08.2021 00:00:10.552,6.33703,6.33627,1,1.5
13.08.2021 00:00:10.603,6.33703,6.33627,1.5,1.5
13.08.2021 00:00:10.804,6.33704,6.33626,1.5,1
13.08.2021 00:00:19.173,6.33704,6.336130000000001,1.5,1.5
13.08.2021 00:00:19.648,6.33703,6.33614,1.5,1.5
13.08.2021 00:00:21.861,6.33703,6.336180000000001,1.5,1.5
13.08.2021 00:00:28.948,6.337140000000001,6.336250000000001,1.5,1.5
13.08.2021 00:00:36.315,6.337140000000001,6.336250000000001,1.5,1.5
13.08.2021 00:00:38.173,6.337090000000001,6.3362300000000005,1.5,1.5
13.08.2021 00:00:51.270,6.337140000000001,6.33627,1.5,1.5
13.08.2021 00:00:51.435,6.337140000000001,6.336290000000001,1.5,1.5
13.08.2021 00:00:56.173,6.33715,6.33633,1.5,1.5
13.08.2021 00:00:56.276,6.33725,6.33646,1.5,1
13.08.2021 00:00:58.517,6.33731,6.33645,1.5,1.5
13.08.2021 00:00:59.173,6.3373,6.33659,1.5,1
13.08.2021 00:00:59.223,6.3373,6.33659,1.5,1.5
13.08.2021 00:00:59.826,6.33741,6.33659,1.5,1.5
13.08.2021 00:01:00.474,6.33736,6.33659,1.5,1
13.08.2021 00:01:00.675,6.33731,6.3365800000000005,1.5,1
13.08.2021 00:01:00.876,6.33725,6.33659,1.5,1
13.08.2021 00:01:02.664,6.337260000000001,6.3364400000000005,1.5,1
13.08.2021 00:01:02.840,6.337260000000001,6.3364400000000005,1.5,1
13.08.2021 00:01:04.687,6.3371900000000005,6.33645,1.5,1
13.08.2021 00:01:04.744,6.3371900000000005,6.33632,1.5,1.5
13.08.2021 00:01:06.331,6.3371900000000005,6.33632,1.5,1.5
13.08.2021 00:01:06.531,6.3371900000000005,6.33632,1.5,1.5
13.08.2021 00:01:06.733,6.3371900000000005,6.33632,1.5,1.5
13.08.2021 00:01:07.519,6.3371900000000005,6.33632,1.5,1.5
13.08.2021 00:01:07.721,6.3371900000000005,6.33632,1.5,1.5
13.08.2021 00:01:35.372,6.3371900000000005,6.33632,1.5,1.5
13.08.2021 00:01:42.321,6.33725,6.33645,1.5,1.5
13.08.2021 00:01:42.505,6.33737,6.33645,1.5,1.5
13.08.2021 00:01:42.703,6.33736,6.33646,1.5,1.5
13.08.2021 00:02:09.653,6.3374500000000005,6.336480000000001,1.5,1.5
13.08.2021 00:02:12.212,6.337400000000001,6.33662,1.5,1
13.08.2021 00:02:12.895,6.33741,6.33647,1.5,1.5
13.08.2021 00:02:13.039,6.33732,6.33647,1,1.5
13.08.2021 00:02:13.140,6.33731,6.336480000000001,1,1.5
13.08.2021 00:02:16.406,6.33736,6.336480000000001,1.5,1.5
13.08.2021 00:02:18.194,6.33736,6.336480000000001,1,1.5
13.08.2021 00:02:18.712,6.337350000000001,6.336480000000001,1,1.5
13.08.2021 00:02:20.656,6.337400000000001,6.33652,1.5,1.5
13.08.2021 00:02:21.200,6.337400000000001,6.33652,1.5,1.5
13.08.2021 00:02:22.201,6.337400000000001,6.33652,1.5,1.5
13.08.2021 00:02:36.239,6.337400000000001,6.33652,1.5,1.5
13.08.2021 00:02:36.526,6.337350000000001,6.33646,1.5,1.5
13.08.2021 00:02:38.142,6.337350000000001,6.33646,1.5,1.5
13.08.2021 00:02:44.300,6.33731,6.336480000000001,1,1
13.08.2021 00:02:45.275,6.3371900000000005,6.336480000000001,1.5,1
13.08.2021 00:03:01.341,6.33724,6.33635,1.5,1.5
13.08.2021 00:03:04.426,6.33724,6.33635,1.5,1.5
13.08.2021 00:03:05.582,6.3373,6.33641,1.5,1.5
13.08.2021 00:03:05.795,6.337400000000001,6.33652,1.5,1.5
13.08.2021 00:03:07.030,6.337400000000001,6.33652,1.5,1.5
13.08.2021 00:03:07.730,6.337400000000001,6.33652,1.5,1.5
13.08.2021 00:03:11.938,6.337350000000001,6.33662,1.5,1
13.08.2021 00:03:14.048,6.337350000000001,6.3365,1.5,1.5
13.08.2021 00:03:19.816,6.33736,6.33649,1.5,1.5
13.08.2021 00:03:20.017,6.33725,6.3365,1,1
13.08.2021 00:03:20.670,6.33725,6.3365,1,1
13.08.2021 00:03:20.934,6.337260000000001,6.3365,1,1
13.08.2021 00:03:21.565,6.337260000000001,6.3365,1,1
13.08.2021 00:03:23.068,6.33725,6.3365,1,1
13.08.2021 00:03:23.169,6.3373,6.33641,1.5,1.5
13.08.2021 00:03:23.299,6.3373,6.336430000000001,1.5,1
13.08.2021 00:03:52.397,6.337400000000001,6.3365,1.5,1.5
13.08.2021 00:03:52.599,6.337400000000001,6.33645,1.5,1.5
13.08.2021 00:03:54.764,6.33741,6.336530000000001,1.5,1
13.08.2021 00:03:58.816,6.33741,6.33646,1.5,1
13.08.2021 00:04:06.880,6.33741,6.3364400000000005,1.5,1.5
13.08.2021 00:04:09.321,6.337400000000001,6.33645,1.5,1.5
13.08.2021 00:04:14.832,6.337400000000001,6.3365100000000005,1.5,1.5
13.08.2021 00:04:17.821,6.337400000000001,6.3365100000000005,1.5,1.5
13.08.2021 00:04:18.022,6.33741,6.3365,1.5,1.5
13.08.2021 00:04:35.335,6.337400000000001,6.33652,1.5,1.5
13.08.2021 00:04:43.831,6.337350000000001,6.33646,1.5,1.5
13.08.2021 00:04:43.982,6.3373,6.33645,1.5,1.5
13.08.2021 00:04:49.563,6.3373,6.3365,1.5,1.5
13.08.2021 00:04:49.767,6.337400000000001,6.33652,1.5,1.5
13.08.2021 00:05:03.720,6.33746,6.33657,1.5,1.5
13.08.2021 00:05:03.871,6.33755,6.33673,1.5,1
13.08.2021 00:05:03.921,6.337580000000001,6.33673,1,1.5
13.08.2021 00:05:04.109,6.33767,6.336790000000001,1.5,1.5
13.08.2021 00:05:10.214,6.33767,6.33686,1.5,1
13.08.2021 00:05:10.550,6.33762,6.33686,1.5,1
13.08.2021 00:05:10.601,6.3376,6.33673,1.5,1.5
13.08.2021 00:05:10.727,6.337530000000001,6.33673,1,1.5
13.08.2021 00:05:14.423,6.33751,6.33671,1.5,1.5
13.08.2021 00:05:14.816,6.33751,6.33671,1.5,1
13.08.2021 00:05:15.017,6.33747,6.3367,1.5,1
13.08.2021 00:05:24.870,6.33746,6.33671,1.5,1.12
13.08.2021 00:05:28.879,6.3375,6.33671,1,1
13.08.2021 00:05:28.930,6.33742,6.33657,1,1.5
13.08.2021 00:05:29.101,6.337400000000001,6.33656,1.5,1.5
13.08.2021 00:05:52.657,6.337400000000001,6.33652,1.5,1.5
13.08.2021 00:05:52.827,6.33746,6.33657,1.5,1.5
13.08.2021 00:05:53.532,6.33746,6.33657,1.5,1.5
13.08.2021 00:06:19.591,6.33746,6.33657,1.5,1.5
13.08.2021 00:06:22.395,6.33746,6.33657,1.5,1.5
13.08.2021 00:06:25.211,6.33746,6.33657,1.5,1.5
13.08.2021 00:06:43.031,6.33746,6.33657,1.5,1.5
13.08.2021 00:06:43.427,6.33746,6.33657,1.5,1.5
13.08.2021 00:06:43.528,6.33757,6.33673,1,1
13.08.2021 00:06:43.629,6.33762,6.33673,1.5,1.5
13.08.2021 00:06:50.675,6.337630000000001,6.33672,1.5,1.5
13.08.2021 00:06:50.877,6.33755,6.33668,1.5,2
13.08.2021 00:06:51.079,6.337530000000001,6.33667,1,2
13.08.2021 00:06:55.680,6.33752,6.33668,1,1.87
13.08.2021 00:07:07.323,6.33747,6.33667,1.62,1
13.08.2021 00:07:07.424,6.33746,6.33657,1.62,1.5
13.08.2021 00:07:07.525,6.337400000000001,6.33656,1.5,1.5
13.08.2021 00:07:13.727,6.337400000000001,6.33668,1.5,1
13.08.2021 00:07:15.106,6.337400000000001,6.336530000000001,1.5,1.5
13.08.2021 00:07:19.224,6.337400000000001,6.336530000000001,1.5,1.5
13.08.2021 00:07:20.940,6.33741,6.33652,1.5,1.5
13.08.2021 00:07:21.817,6.337400000000001,6.336530000000001,1.5,1.5
13.08.2021 00:07:26.714,6.337400000000001,6.336530000000001,1.5,1.5
13.08.2021 00:07:26.911,6.33741,6.33652,1.5,1.5
13.08.2021 00:07:37.634,6.33741,6.33652,1.5,1.5
13.08.2021 00:07:40.186,6.337400000000001,6.336530000000001,1.5,1.5
13.08.2021 00:07:45.317,6.33746,6.33657,1.5,1.5
13.08.2021 00:07:49.777,6.33746,6.33657,1.5,1.5
13.08.2021 00:07:49.972,6.33751,6.33662,1.5,1.5
13.08.2021 00:07:50.223,6.33751,6.33662,1.5,1.5
13.08.2021 00:07:52.817,6.33747,6.33662,1,1.12
13.08.2021 00:07:54.635,6.33747,6.33662,1,1.5
13.08.2021 00:08:02.601,6.33751,6.33662,1.5,1.5
13.08.2021 00:08:02.785,6.337630000000001,6.33672,1.5,1.5
13.08.2021 00:08:08.434,6.33762,6.33673,1.5,1.5
13.08.2021 00:08:08.545,6.33762,6.33673,1.5,1.5
13.08.2021 00:08:11.017,6.33767,6.336790000000001,1.5,1.5
13.08.2021 00:08:16.317,6.337680000000001,6.336780000000001,1.5,1.5
13.08.2021 00:08:29.787,6.33767,6.33687,1.5,1.5
13.08.2021 00:08:30.558,6.33778,6.33701,1,1
13.08.2021 00:08:30.658,6.33795,6.3370500000000005,1.5,1
13.08.2021 00:08:30.809,6.33795,6.33715,1.5,1
13.08.2021 00:08:30.860,6.337940000000001,6.33716,1.5,1
13.08.2021 00:08:31.816,6.33795,6.33715,1.5,1.5
13.08.2021 00:08:32.134,6.337940000000001,6.33716,1,1.5
13.08.2021 00:08:32.185,6.33807,6.33716,1,2
13.08.2021 00:08:39.314,6.33821,6.3373,1.5,1.5
13.08.2021 00:08:39.451,6.33821,6.3373,1.5,1.5
13.08.2021 00:08:42.936,6.33821,6.3373,1.5,1.5
13.08.2021 00:09:03.043,6.33817,6.3373,1,1.5
13.08.2021 00:09:03.222,6.33811,6.3373,1.5,1
13.08.2021 00:09:10.870,6.33811,6.3373,1.5,1
13.08.2021 00:09:14.804,6.33811,6.3373,1.5,1.5
13.08.2021 00:09:15.005,6.33827,6.337330000000001,1.5,1.5
13.08.2021 00:09:15.246,6.33827,6.337330000000001,1.5,1.62
13.08.2021 00:09:22.462,6.338330000000001,6.337440000000001,1.5,1.12
13.08.2021 00:09:26.819,6.33827,6.337330000000001,1.5,1.5
13.08.2021 00:09:31.355,6.33822,6.337260000000001,1.5,1.5
13.08.2021 00:09:31.578,6.33811,6.337260000000001,1.5,1
13.08.2021 00:09:34.317,6.33811,6.337260000000001,1.5,1.12
13.08.2021 00:09:56.853,6.338,6.33706,1.5,1.5
13.08.2021 00:09:57.262,6.33805,6.33711,1.5,1.5
13.08.2021 00:09:57.768,6.3380600000000005,6.3372,1.5,1
13.08.2021 00:09:58.019,6.33797,6.33721,2,1
13.08.2021 00:10:00.665,6.33797,6.33721,1.62,1
13.08.2021 00:10:02.573,6.337980000000001,6.3372,1.62,1
13.08.2021 00:10:02.623,6.33785,6.33706,1,1.5
13.08.2021 00:10:02.774,6.33785,6.33706,1,1.5
13.08.2021 00:10:05.817,6.33779,6.3370500000000005,1.62,1
13.08.2021 00:10:13.812,6.33778,6.336930000000001,1.62,1.5
13.08.2021 00:10:13.988,6.3377300000000005,6.336930000000001,1.5,1
13.08.2021 00:10:14.709,6.3377300000000005,6.336930000000001,1,1.12
13.08.2021 00:10:17.016,6.33762,6.336790000000001,1.5,1.5
13.08.2021 00:10:17.117,6.33762,6.336790000000001,1.5,1.5
13.08.2021 00:10:17.285,6.33762,6.336790000000001,1.5,1
13.08.2021 00:10:18.955,6.33762,6.336790000000001,1.5,1.5
13.08.2021 00:10:21.503,6.33767,6.336790000000001,1.5,1.5
13.08.2021 00:10:21.669,6.33767,6.336790000000001,1.5,1.5
13.08.2021 00:10:31.142,6.33774,6.336780000000001,1.5,2
13.08.2021 00:10:31.344,6.33778,6.3368400000000005,1.5,1.5
13.08.2021 00:10:51.613,6.337840000000001,6.33689,1.5,1.5
13.08.2021 00:10:51.764,6.33785,6.33692,1.5,1
13.08.2021 00:10:57.243,6.337840000000001,6.3371,1.5,1
13.08.2021 00:10:57.293,6.337940000000001,6.3371,1.5,1.12
13.08.2021 00:10:57.475,6.338010000000001,6.337090000000001,1.5,1.5
13.08.2021 00:11:00.317,6.3379900000000005,6.3371,1,1.5
13.08.2021 00:11:07.870,6.33797,6.3371,1,1.5
13.08.2021 00:11:21.438,6.338,6.33706,1.5,1.5
13.08.2021 00:11:21.639,6.338030000000001,6.33711,1,1.5
13.08.2021 00:11:54.825,6.338,6.33706,1.5,1.5
13.08.2021 00:11:57.251,6.33795,6.33699,1.5,1.5
13.08.2021 00:11:58.170,6.337940000000001,6.337000000000001,1.5,1.5
13.08.2021 00:11:58.622,6.33788,6.337090000000001,1.62,1
13.08.2021 00:12:00.507,6.33787,6.3369800000000005,1.5,1.12
13.08.2021 00:12:07.837,6.33787,6.33699,1.62,1
13.08.2021 00:12:11.071,6.337890000000001,6.33699,1.5,1.5
13.08.2021 00:12:11.222,6.337890000000001,6.33699,1.5,1.5
13.08.2021 00:12:12.191,6.337890000000001,6.33699,1.5,1.5
13.08.2021 00:12:47.626,6.337940000000001,6.336930000000001,1.5,1
13.08.2021 00:12:48.227,6.337980000000001,6.337140000000001,1,1
13.08.2021 00:12:48.278,6.3379900000000005,6.33713,1,1
13.08.2021 00:12:54.340,6.3380600000000005,6.33713,1.5,1.5
13.08.2021 00:13:08.733,6.33796,6.33713,1,1.5
13.08.2021 00:13:20.720,6.33804,6.337140000000001,1,1.5
13.08.2021 00:13:28.370,6.337940000000001,6.33713,1,1.12
13.08.2021 00:13:33.374,6.33805,6.337140000000001,1.5,1.5
13.08.2021 00:13:33.904,6.33805,6.337140000000001,1.5,1.5
13.08.2021 00:13:37.331,6.33807,6.337140000000001,1,1.5
13.08.2021 00:13:38.916,6.33809,6.33713,1.5,1.5
13.08.2021 00:13:48.336,6.33817,6.33712,1.5,1.62
13.08.2021 00:13:48.437,6.33825,6.337330000000001,1,1.5
13.08.2021 00:13:48.608,6.3383,6.33734,1.5,1.5
13.08.2021 00:13:48.823,6.33831,6.337330000000001,1.5,1.5
13.08.2021 00:13:48.924,6.33837,6.33752,1.5,1
13.08.2021 00:13:49.025,6.33837,6.33752,1.5,1.5
13.08.2021 00:13:49.226,6.33857,6.33769,1.62,1
13.08.2021 00:13:51.254,6.33853,6.33756,1.5,1.5
13.08.2021 00:13:51.480,6.33847,6.33755,1,1.5
13.08.2021 00:14:02.108,6.3384100000000005,6.337580000000001,1,1
13.08.2021 00:14:02.306,6.3384100000000005,6.337580000000001,1,1
13.08.2021 00:14:04.392,6.33836,6.337440000000001,1,1.5
13.08.2021 00:14:04.443,6.33836,6.337580000000001,1,1
13.08.2021 00:14:04.565,6.33836,6.337440000000001,1,1.5
13.08.2021 00:14:07.318,6.33846,6.337440000000001,1.62,1.5
13.08.2021 00:14:08.513,6.33844,6.337540000000001,1,1
13.08.2021 00:14:09.065,6.33844,6.33767,1,1
13.08.2021 00:14:11.706,6.33835,6.33751,1.5,1
13.08.2021 00:14:11.834,6.33811,6.33751,1,1
13.08.2021 00:14:11.885,6.33811,6.33742,1,1.5
13.08.2021 00:14:11.935,6.33809,6.33742,1,1
13.08.2021 00:14:12.095,6.33809,6.33732,1,1
13.08.2021 00:14:12.146,6.33809,6.33732,1,1
13.08.2021 00:14:12.708,6.338100000000001,6.33732,1.5,1
13.08.2021 00:14:22.530,6.338080000000001,6.33706,1,1.5
13.08.2021 00:14:23.599,6.3380600000000005,6.33732,1.5,1
13.08.2021 00:14:23.649,6.3380600000000005,6.33703,1.5,1
13.08.2021 00:14:23.700,6.3380600000000005,6.33724,1.5,1
13.08.2021 00:14:23.840,6.338,6.33715,1.5,1
13.08.2021 00:14:24.022,6.33795,6.33715,1.5,1
13.08.2021 00:14:30.818,6.33795,6.33715,1.5,1
13.08.2021 00:14:47.771,6.33787,6.3369100000000005,1,1.5
13.08.2021 00:14:48.505,6.33783,6.33706,1,1
13.08.2021 00:14:50.733,6.33787,6.33706,1.5,1
13.08.2021 00:14:50.955,6.33788,6.33716,1,1
13.08.2021 00:14:54.440,6.337890000000001,6.33717,1.5,1
13.08.2021 00:15:01.818,6.337890000000001,6.33717,1.5,1
13.08.2021 00:15:02.210,6.338,6.33717,1.62,1
13.08.2021 00:15:02.261,6.338,6.33725,1.62,1
13.08.2021 00:15:02.429,6.33807,6.33724,1.5,1
13.08.2021 00:15:02.824,6.33807,6.33724,1.5,1
13.08.2021 00:15:12.294,6.3379900000000005,6.33725,1,1
13.08.2021 00:15:14.030,6.33796,6.33725,1,1
13.08.2021 00:15:14.080,6.33795,6.3369100000000005,1.5,1.5
13.08.2021 00:15:15.159,6.33787,6.3369100000000005,1,1.5
13.08.2021 00:15:15.264,6.33787,6.33711,1,1
13.08.2021 00:15:15.365,6.33788,6.3371,1,1
13.08.2021 00:15:15.555,6.33787,6.33711,1,1
13.08.2021 00:15:15.755,6.33787,6.33711,1,1
13.08.2021 00:15:17.578,6.337890000000001,6.3370500000000005,1.5,1.5
13.08.2021 00:15:17.679,6.3380600000000005,6.337230000000001,1.5,1
13.08.2021 00:15:25.318,6.338,6.337230000000001,1.5,1
13.08.2021 00:15:37.552,6.33797,6.33696,1,1.5
13.08.2021 00:15:47.704,6.33807,6.33722,1.5,1
13.08.2021 00:15:49.379,6.33802,6.337230000000001,1,1
13.08.2021 00:15:56.818,6.33811,6.337230000000001,2,1
13.08.2021 00:15:58.490,6.33811,6.33713,2,1
13.08.2021 00:15:58.772,6.33811,6.33731,2,1
13.08.2021 00:16:00.487,6.338010000000001,6.33722,1.5,1
13.08.2021 00:16:00.688,6.338,6.337230000000001,1.5,1
13.08.2021 00:16:00.861,6.338,6.337230000000001,1.5,1
13.08.2021 00:16:01.063,6.338,6.337230000000001,1.5,1
13.08.2021 00:16:01.645,6.338,6.337230000000001,1.5,1
13.08.2021 00:16:26.464,6.33802,6.33707,1,1.5
13.08.2021 00:16:27.211,6.33804,6.3370500000000005,1,1.5
13.08.2021 00:16:30.691,6.3380600000000005,6.337230000000001,1.5,1
13.08.2021 00:16:31.844,6.33807,6.337230000000001,1,1
13.08.2021 00:16:39.045,6.33802,6.337230000000001,1,1
13.08.2021 00:16:47.009,6.33807,6.33722,1.5,1
13.08.2021 00:16:47.210,6.33811,6.337230000000001,1.5,1
13.08.2021 00:16:56.425,6.33811,6.337140000000001,2,1
13.08.2021 00:16:56.800,6.33807,6.33732,1,1
13.08.2021 00:16:56.947,6.33805,6.33732,1.5,1
13.08.2021 00:17:05.362,6.3380600000000005,6.33721,1.5,1
13.08.2021 00:17:06.818,6.3380600000000005,6.33721,1.5,1
13.08.2021 00:17:09.885,6.337980000000001,6.33721,1,1
13.08.2021 00:17:22.494,6.33788,6.33711,1,1
13.08.2021 00:17:23.771,6.337930000000001,6.33712,1,1.12
13.08.2021 00:17:23.873,6.337930000000001,6.33721,1,1
13.08.2021 00:17:23.974,6.33805,6.33721,2,1
13.08.2021 00:17:30.315,6.33805,6.33721,1.5,1
13.08.2021 00:17:31.946,6.338080000000001,6.3370500000000005,1,1.5
13.08.2021 00:17:34.444,6.33797,6.33701,1,1.5
13.08.2021 00:17:34.696,6.33807,6.33707,1,1.5
13.08.2021 00:17:37.640,6.33807,6.3373,1,1
13.08.2021 00:17:37.847,6.338100000000001,6.3373,1.5,1
13.08.2021 00:17:41.612,6.338100000000001,6.3373,1.5,1
13.08.2021 00:17:41.712,6.33811,6.3373800000000005,1.5,1
13.08.2021 00:17:41.832,6.33811,6.3373800000000005,1.5,1
13.08.2021 00:17:47.672,6.33807,6.3373800000000005,1,1
13.08.2021 00:17:47.874,6.33817,6.3373800000000005,1.5,1.5
13.08.2021 00:17:49.818,6.33827,6.33752,1,1
13.08.2021 00:17:49.919,6.33837,6.33752,1.62,1
13.08.2021 00:17:50.087,6.33837,6.33752,1.62,1
13.08.2021 00:17:54.311,6.338330000000001,6.33761,1,1
13.08.2021 00:18:01.318,6.33837,6.33761,1.5,1
13.08.2021 00:18:02.280,6.33837,6.33761,1,1
13.08.2021 00:18:03.144,6.33837,6.3376,1,1
13.08.2021 00:18:06.937,6.33837,6.33761,1,1
13.08.2021 00:18:20.109,6.33826,6.337350000000001,1.5,1.5
13.08.2021 00:18:20.177,6.33826,6.337350000000001,1.5,1.5
13.08.2021 00:18:21.239,6.33827,6.337490000000001,1.5,1
13.08.2021 00:18:33.527,6.33827,6.33762,1,1
13.08.2021 00:18:33.684,6.33854,6.337750000000001,1.5,1
13.08.2021 00:18:33.734,6.338550000000001,6.337750000000001,1.5,1
13.08.2021 00:18:40.373,6.33857,6.337750000000001,1,1
13.08.2021 00:18:40.465,6.33857,6.33781,1,1
13.08.2021 00:18:40.616,6.338590000000001,6.33781,1.5,1
13.08.2021 00:18:45.916,6.3386000000000005,6.33792,1.5,1
13.08.2021 00:19:03.138,6.33865,6.33792,1.5,1
13.08.2021 00:19:03.293,6.33862,6.3376,1.5,1.5
13.08.2021 00:19:03.396,6.33862,6.3376,1.5,1.5
13.08.2021 00:19:04.083,6.33862,6.33778,1.62,1
13.08.2021 00:19:09.920,6.33862,6.33778,1.5,1
13.08.2021 00:19:10.351,6.33865,6.33778,1.5,1
13.08.2021 00:19:19.229,6.33866,6.33787,1.5,1
13.08.2021 00:19:19.486,6.338680000000001,6.33788,1,1
13.08.2021 00:19:20.672,6.3387,6.33788,1.62,1
13.08.2021 00:19:20.723,6.33871,6.33795,1.62,1
13.08.2021 00:19:27.318,6.3387,6.33796,1.5,1
13.08.2021 00:19:49.759,6.33865,6.33785,1.5,1
13.08.2021 00:19:49.916,6.33857,6.33777,1,1.12
13.08.2021 00:19:49.966,6.33857,6.33777,1,1
13.08.2021 00:19:50.136,6.33857,6.33777,1,1
13.08.2021 00:19:59.893,6.33847,6.33769,1,1
13.08.2021 00:20:00.278,6.33853,6.33769,1,1
13.08.2021 00:20:00.329,6.33853,6.33777,1,1
13.08.2021 00:20:03.425,6.33862,6.33776,1,1
13.08.2021 00:20:19.930,6.33858,6.337540000000001,1,1.5
13.08.2021 00:20:19.981,6.33857,6.33755,1,1.5
13.08.2021 00:20:20.350,6.338590000000001,6.337630000000001,1.5,1
13.08.2021 00:20:29.953,6.338590000000001,6.337630000000001,1.5,1
13.08.2021 00:20:30.737,6.3386000000000005,6.33776,1.5,1
13.08.2021 00:20:35.783,6.338590000000001,6.33785,1.5,1
13.08.2021 00:20:44.013,6.338640000000001,6.33785,1.5,1
13.08.2021 00:21:02.149,6.33857,6.337630000000001,1,1
13.08.2021 00:21:03.954,6.33857,6.337630000000001,1,1
13.08.2021 00:21:05.837,6.33853,6.337840000000001,1,1
13.08.2021 00:21:08.819,6.33857,6.33785,1,1
13.08.2021 00:21:16.424,6.33857,6.33785,1,1
13.08.2021 00:21:21.092,6.338590000000001,6.33785,1.5,1
13.08.2021 00:21:32.150,6.33857,6.33755,1,1.5
13.08.2021 00:21:32.250,6.3384,6.33774,1,1
13.08.2021 00:21:32.429,6.3384100000000005,6.33764,1,1
13.08.2021 00:21:39.029,6.33835,6.33765,1,1
13.08.2021 00:21:41.558,6.33825,6.337330000000001,1,1.62
13.08.2021 00:21:54.295,6.338330000000001,6.33756,1.5,1
13.08.2021 00:22:21.939,6.33837,6.33765,1,1
13.08.2021 00:22:22.141,6.33856,6.33764,1.5,1.5
13.08.2021 00:22:22.288,6.338590000000001,6.337840000000001,1.5,1
13.08.2021 00:22:26.819,6.33865,6.337840000000001,1.5,1
13.08.2021 00:22:29.975,6.33865,6.337630000000001,1.5,1
13.08.2021 00:22:42.205,6.338590000000001,6.337630000000001,1.5,1
13.08.2021 00:22:42.407,6.33837,6.3377300000000005,1,1
13.08.2021 00:22:42.457,6.33837,6.337580000000001,1,1
13.08.2021 00:22:42.705,6.33837,6.337580000000001,1,1
13.08.2021 00:22:45.979,6.33837,6.337580000000001,1,1
13.08.2021 00:22:46.195,6.3384,6.3376600000000005,1,1
13.08.2021 00:22:46.341,6.3384,6.3376600000000005,1,1
13.08.2021 00:22:52.743,6.33837,6.3376600000000005,1,1
13.08.2021 00:22:54.394,6.33837,6.3376600000000005,1,1
13.08.2021 00:22:59.687,6.33837,6.3376600000000005,1,1
13.08.2021 00:23:02.049,6.33827,6.337330000000001,1,1.62
13.08.2021 00:23:05.819,6.33827,6.337330000000001,1,1.5
13.08.2021 00:23:06.544,6.33827,6.33752,1,1
13.08.2021 00:23:06.665,6.33821,6.33742,1.5,1.5
13.08.2021 00:23:06.765,6.33821,6.33742,1.5,1
13.08.2021 00:23:12.783,6.33816,6.33742,1.5,1
13.08.2021 00:23:14.619,6.33807,6.33713,1,1
13.08.2021 00:23:14.720,6.3379900000000005,6.33729,1.5,1
13.08.2021 00:23:19.092,6.33805,6.33729,1.5,1
13.08.2021 00:23:24.488,6.33805,6.33729,1.5,1
13.08.2021 00:23:28.805,6.33797,6.3372,1,1
13.08.2021 00:23:28.918,6.33795,6.3371900000000005,1.5,1
13.08.2021 00:23:29.072,6.337930000000001,6.3372,1,1
13.08.2021 00:23:33.759,6.33792,6.3372,1,1
13.08.2021 00:23:33.879,6.33787,6.33711,1,1
13.08.2021 00:23:33.960,6.33787,6.33711,1,1
13.08.2021 00:23:38.295,6.33787,6.33711,1.5,1
13.08.2021 00:23:38.552,6.33795,6.3372,1.5,1
13.08.2021 00:23:51.880,6.337890000000001,6.33712,1.5,1
13.08.2021 00:23:52.048,6.33787,6.33713,1,1
13.08.2021 00:24:10.471,6.33783,6.33713,1.5,1
13.08.2021 00:24:11.830,6.33788,6.336930000000001,1.5,1
13.08.2021 00:24:15.819,6.33788,6.336930000000001,1.5,1
13.08.2021 00:24:21.962,6.33788,6.33713,1.5,1
13.08.2021 00:24:31.319,6.33787,6.33713,1,1
13.08.2021 00:24:42.353,6.33783,6.336930000000001,1.5,1
13.08.2021 00:24:42.505,6.337840000000001,6.33685,1.5,1.5
13.08.2021 00:24:48.567,6.33783,6.3370500000000005,1.5,1
13.08.2021 00:25:01.237,6.33777,6.3370500000000005,1,1
13.08.2021 00:25:01.338,6.33788,6.33699,1.5,1
13.08.2021 00:25:01.489,6.33788,6.33701,1.5,1
13.08.2021 00:25:01.639,6.33788,6.33701,1.5,1
13.08.2021 00:25:02.819,6.337890000000001,6.33692,1.5,1
13.08.2021 00:25:10.441,6.337940000000001,6.33696,1.5,1.5
13.08.2021 00:25:13.145,6.33795,6.33717,1.5,1
13.08.2021 00:25:23.513,6.337940000000001,6.337180000000001,1.5,1
13.08.2021 00:25:23.563,6.33788,6.336930000000001,1.5,1
13.08.2021 00:25:23.791,6.33787,6.33702,1.62,1
13.08.2021 00:25:25.324,6.33788,6.33701,1.62,1
13.08.2021 00:25:46.179,6.33777,6.3369100000000005,1,1.5
13.08.2021 00:25:51.130,6.33777,6.33708,1,1
13.08.2021 00:26:26.299,6.33777,6.33708,1,1
13.08.2021 00:26:46.170,6.33783,6.33708,1.5,1
13.08.2021 00:26:46.221,6.33783,6.33686,1.5,1.5
13.08.2021 00:26:51.271,6.33783,6.33708,1.5,1
13.08.2021 00:27:03.963,6.337840000000001,6.33707,1.5,1
13.08.2021 00:27:04.064,6.33788,6.337000000000001,1.5,1
13.08.2021 00:27:04.115,6.33788,6.337000000000001,1.5,1
13.08.2021 00:27:04.165,6.33788,6.33713,1.5,1
13.08.2021 00:27:04.216,6.33788,6.3371900000000005,1.5,1
13.08.2021 00:27:04.574,6.33805,6.3371900000000005,1.5,1.5
13.08.2021 00:27:04.624,6.33805,6.33732,1.5,1
13.08.2021 00:27:07.319,6.338100000000001,6.33732,2,1
13.08.2021 00:27:30.820,6.33807,6.33732,1,1
13.08.2021 00:27:32.837,6.33807,6.33732,1,1
13.08.2021 00:27:32.888,6.338010000000001,6.33707,1.5,1.5
13.08.2021 00:27:33.039,6.33796,6.3371900000000005,1,1
13.08.2021 00:27:33.145,6.33788,6.3371900000000005,1,1
13.08.2021 00:27:36.681,6.33788,6.3371900000000005,1,1
13.08.2021 00:27:38.820,6.33787,6.3372,1,1
13.08.2021 00:27:40.653,6.33787,6.33706,1,1
13.08.2021 00:28:02.907,6.33787,6.3369100000000005,1,1.5
13.08.2021 00:28:10.744,6.33787,6.33706,1,1
13.08.2021 00:28:16.853,6.33787,6.33713,1,1
13.08.2021 00:28:17.044,6.33783,6.33713,1.5,1
13.08.2021 00:28:33.927,6.33781,6.33713,1,1
13.08.2021 00:28:47.789,6.33778,6.33703,1.5,1
13.08.2021 00:29:04.156,6.33779,6.33703,1,1
13.08.2021 00:29:04.376,6.33783,6.3369,1.5,1
13.08.2021 00:29:04.427,6.33787,6.336930000000001,1,1
13.08.2021 00:29:10.092,6.337940000000001,6.337140000000001,2.37,1
13.08.2021 00:29:10.242,6.337940000000001,6.337140000000001,2.37,1
13.08.2021 00:29:25.811,6.33788,6.337140000000001,1,1
13.08.2021 00:29:25.862,6.33788,6.33697,1,1.5
13.08.2021 00:29:36.340,6.33787,6.336930000000001,1,1
13.08.2021 00:29:36.498,6.33787,6.337140000000001,1.5,1
13.08.2021 00:29:36.548,6.33788,6.33713,1.5,1
13.08.2021 00:29:36.655,6.33787,6.33703,1,1
13.08.2021 00:29:36.873,6.337890000000001,6.33703,1.5,1
13.08.2021 00:29:36.980,6.338,6.33721,1.5,1
13.08.2021 00:29:37.061,6.3379900000000005,6.33722,1.5,1
13.08.2021 00:29:38.136,6.338,6.33729,1.5,1
13.08.2021 00:29:38.258,6.33795,6.33729,1.5,1
13.08.2021 00:29:46.280,6.33791,6.33722,1,1
13.08.2021 00:30:00.730,6.33797,6.33731,1,1
13.08.2021 00:30:00.931,6.33807,6.3373,2,1
13.08.2021 00:30:01.214,6.3380600000000005,6.33731,2,1
13.08.2021 00:30:17.270,6.33802,6.3373,1.5,1
13.08.2021 00:30:19.290,6.33795,6.33713,1.5,1
13.08.2021 00:30:19.450,6.33795,6.33706,1.5,1.5
13.08.2021 00:30:19.591,6.33795,6.3372,1.5,1
13.08.2021 00:30:25.303,6.338010000000001,6.3373,1.5,1
13.08.2021 00:30:30.319,6.338010000000001,6.3373,1.5,1
13.08.2021 00:30:35.704,6.33795,6.33706,1.5,1.5
13.08.2021 00:30:41.339,6.33797,6.33703,1,1
13.08.2021 00:30:45.687,6.33797,6.33702,1,1.5
13.08.2021 00:30:52.623,6.337940000000001,6.3372,1.5,1
13.08.2021 00:30:54.876,6.337940000000001,6.3372,1.5,1
13.08.2021 00:30:55.077,6.33786,6.3371900000000005,1,1
13.08.2021 00:30:57.873,6.33787,6.3372,1,1
13.08.2021 00:30:58.024,6.33777,6.3372,1,1
13.08.2021 00:30:58.237,6.33777,6.3372,1,1
13.08.2021 00:31:01.025,6.33777,6.33704,1,1
13.08.2021 00:31:01.595,6.33778,6.33703,1,1
13.08.2021 00:31:04.457,6.33777,6.33704,1,1
13.08.2021 00:31:06.398,6.33778,6.33703,1,1.5
13.08.2021 00:31:06.499,6.337940000000001,6.33715,1.62,1
13.08.2021 00:31:06.600,6.33795,6.33729,1.62,1
13.08.2021 00:31:06.650,6.337940000000001,6.3373,1.62,1
13.08.2021 00:31:07.278,6.337940000000001,6.3372,1,1
13.08.2021 00:31:11.908,6.337940000000001,6.3372,1.5,1
13.08.2021 00:31:11.958,6.337840000000001,6.337090000000001,1.5,1
13.08.2021 00:31:12.096,6.33777,6.337090000000001,1,1
13.08.2021 00:31:16.819,6.33778,6.33708,1,1
13.08.2021 00:31:19.715,6.33787,6.337090000000001,1,1
13.08.2021 00:31:20.482,6.33787,6.3371900000000005,1,1
13.08.2021 00:31:24.819,6.33795,6.3371900000000005,1.62,1
13.08.2021 00:31:30.472,6.33788,6.337180000000001,1,1
13.08.2021 00:31:31.827,6.33787,6.33694,1.5,1.5
13.08.2021 00:31:37.871,6.33787,6.33694,1,1.5
13.08.2021 00:31:43.417,6.33777,6.3370500000000005,1,1
13.08.2021 00:31:43.532,6.33777,6.3370500000000005,1,1
13.08.2021 00:31:43.735,6.33778,6.33704,1,1
13.08.2021 00:31:43.940,6.33777,6.3370500000000005,1,1
13.08.2021 00:32:07.299,6.3378000000000005,6.33704,1.5,1
13.08.2021 00:32:07.457,6.33779,6.3370500000000005,1.5,1
13.08.2021 00:32:22.771,6.33779,6.3370500000000005,1.5,1
13.08.2021 00:32:22.821,6.337750000000001,6.33696,1.5,1
13.08.2021 00:32:22.935,6.337680000000001,6.3368,1,1.5
13.08.2021 00:32:22.986,6.33767,6.3368,1,1.12
13.08.2021 00:32:25.107,6.33767,6.33702,1,1
13.08.2021 00:32:25.258,6.33774,6.33702,1.5,1
13.08.2021 00:32:25.473,6.337750000000001,6.33701,1.5,1
13.08.2021 00:32:29.233,6.337750000000001,6.33701,1.5,1
13.08.2021 00:32:29.433,6.33767,6.33702,1,1
13.08.2021 00:32:30.167,6.337680000000001,6.33701,1,1
13.08.2021 00:32:41.986,6.33777,6.336790000000001,1.5,1.5
13.08.2021 00:32:42.141,6.33777,6.336790000000001,1.5,1.5
13.08.2021 00:32:51.943,6.33778,6.33685,1,1.5
13.08.2021 00:32:52.146,6.33777,6.33685,1,1.5
13.08.2021 00:32:55.374,6.337840000000001,6.33702,1,1
13.08.2021 00:32:58.954,6.33779,6.33702,1.5,1
13.08.2021 00:33:06.319,6.33776,6.33702,1,1
13.08.2021 00:33:07.155,6.33776,6.33702,1,1
13.08.2021 00:33:07.206,6.33771,6.33694,1.5,1
13.08.2021 00:33:07.257,6.33761,6.33681,1.5,1
13.08.2021 00:33:07.357,6.33761,6.33681,2,1
13.08.2021 00:33:13.819,6.33757,6.33681,1,1
13.08.2021 00:33:18.592,6.33752,6.33681,1.5,1
13.08.2021 00:33:18.752,6.33747,6.33681,1.5,1
13.08.2021 00:33:18.992,6.33747,6.33681,1.62,1
13.08.2021 00:33:19.043,6.33747,6.336530000000001,1.62,1
13.08.2021 00:33:19.554,6.3374500000000005,6.33667,1,1
13.08.2021 00:33:38.959,6.3374500000000005,6.336530000000001,1,1
13.08.2021 00:33:49.726,6.33746,6.33666,1,1
13.08.2021 00:33:51.369,6.3374500000000005,6.33667,1,1
13.08.2021 00:33:51.419,6.3374500000000005,6.33675,1,1
13.08.2021 00:33:51.530,6.3374500000000005,6.33675,1,1
13.08.2021 00:33:51.733,6.337530000000001,6.336740000000001,1.5,1
13.08.2021 00:33:51.834,6.33757,6.3368400000000005,1,1
13.08.2021 00:33:51.934,6.3376600000000005,6.3368400000000005,1,1.5
13.08.2021 00:33:55.963,6.33774,6.33696,1.5,1
13.08.2021 00:34:00.819,6.33774,6.33696,1.5,1
13.08.2021 00:34:01.165,6.33774,6.33696,1.5,1
13.08.2021 00:34:01.410,6.337580000000001,6.33696,1.5,1
13.08.2021 00:34:01.583,6.33761,6.33696,1,1
13.08.2021 00:34:01.805,6.337580000000001,6.33682,1.5,1
13.08.2021 00:34:08.820,6.33757,6.33682,1,1
13.08.2021 00:34:09.169,6.33757,6.33682,1,1
13.08.2021 00:34:11.533,6.33748,6.33681,1,1
13.08.2021 00:34:22.740,6.33747,6.33652,1,2
13.08.2021 00:34:26.516,6.33748,6.33673,1,1
13.08.2021 00:34:29.282,6.33757,6.336740000000001,1,1
13.08.2021 00:34:30.292,6.33757,6.336740000000001,1,1
13.08.2021 00:34:35.022,6.33747,6.336740000000001,1.5,1
13.08.2021 00:34:39.195,6.33752,6.336530000000001,1.5,1.62
13.08.2021 00:34:39.673,6.337530000000001,6.33652,1.5,1.62
13.08.2021 00:34:56.948,6.33752,6.336740000000001,1.5,1
13.08.2021 00:34:57.339,6.33752,6.336740000000001,1.5,1
13.08.2021 00:35:08.876,6.33756,6.33673,1,1
13.08.2021 00:35:08.927,6.33757,6.33682,1,1
13.08.2021 00:35:09.078,6.337580000000001,6.33682,1.5,1
13.08.2021 00:35:11.745,6.33767,6.336930000000001,1,1
13.08.2021 00:35:11.846,6.33769,6.33701,1.5,1
13.08.2021 00:35:11.947,6.33769,6.33701,1.5,1
13.08.2021 00:35:22.042,6.33764,6.3369100000000005,1.5,1
13.08.2021 00:35:22.243,6.33757,6.33692,1,1
13.08.2021 00:35:37.222,6.33757,6.33692,1.62,1
13.08.2021 00:35:37.272,6.33757,6.3368400000000005,1.62,1
13.08.2021 00:36:12.143,6.33747,6.3368400000000005,1,1
13.08.2021 00:36:22.236,6.33747,6.33654,1,1.5
13.08.2021 00:36:23.956,6.33748,6.3365800000000005,1,1.5
13.08.2021 00:36:24.142,6.337580000000001,6.33673,1,1
13.08.2021 00:36:24.243,6.33762,6.33692,1.5,1
13.08.2021 00:36:24.318,6.33762,6.33692,1.5,1
13.08.2021 00:36:25.304,6.33762,6.33692,1.5,1
13.08.2021 00:36:25.458,6.33762,6.33677,1.5,1.5
13.08.2021 00:36:25.559,6.33767,6.33677,1,1.5
13.08.2021 00:36:25.831,6.33767,6.33677,1,1.5
13.08.2021 00:36:28.819,6.33767,6.33677,1,1.5
13.08.2021 00:36:32.262,6.337680000000001,6.33687,1.5,1
13.08.2021 00:36:32.467,6.337580000000001,6.33687,1.62,1
13.08.2021 00:36:36.818,6.337490000000001,6.33687,1,1
13.08.2021 00:36:41.845,6.337490000000001,6.33681,1,1
13.08.2021 00:36:44.378,6.337530000000001,6.3368,1,1
13.08.2021 00:36:44.579,6.337630000000001,6.3368,1.5,1
13.08.2021 00:36:44.629,6.3377300000000005,6.33696,1.5,1
13.08.2021 00:36:44.775,6.3377300000000005,6.33696,1.5,1
13.08.2021 00:36:47.112,6.33767,6.33695,1.5,1
13.08.2021 00:36:47.273,6.33755,6.33696,1.5,1
13.08.2021 00:36:47.373,6.33755,6.33681,1.5,1
13.08.2021 00:36:50.204,6.33762,6.33681,1.5,1
13.08.2021 00:36:50.405,6.337630000000001,6.3368,1.5,1
13.08.2021 00:36:59.958,6.33767,6.33663,2.37,1.62
13.08.2021 00:37:00.008,6.33755,6.336650000000001,1.5,1.5
13.08.2021 00:37:00.209,6.33755,6.336650000000001,1.5,1.5
13.08.2021 00:37:00.925,6.33755,6.336650000000001,1.5,1.5
13.08.2021 00:37:17.379,6.337530000000001,6.33681,1,1
13.08.2021 00:37:48.962,6.33757,6.3368,1.5,1
13.08.2021 00:37:49.122,6.337540000000001,6.33694,1.5,1
13.08.2021 00:37:49.172,6.337540000000001,6.33694,1.5,1
13.08.2021 00:38:18.963,6.337540000000001,6.33664,1.5,1.5
13.08.2021 00:38:19.319,6.33755,6.336930000000001,1.5,1
13.08.2021 00:38:51.940,6.3376,6.33685,1.5,1
13.08.2021 00:38:52.040,6.33757,6.3368400000000005,1.5,1
13.08.2021 00:38:57.319,6.33756,6.33685,1.62,1
13.08.2021 00:39:00.018,6.33755,6.33677,1,1
13.08.2021 00:39:10.226,6.337440000000001,6.33654,2,1.5
13.08.2021 00:39:10.326,6.33742,6.33661,2.75,1.5
13.08.2021 00:39:10.514,6.33742,6.33661,1.5,1
13.08.2021 00:39:13.343,6.33746,6.336690000000001,1.5,1
13.08.2021 00:39:13.444,6.33739,6.3367,1.5,1
13.08.2021 00:39:17.511,6.33739,6.33662,1.5,1
13.08.2021 00:39:17.562,6.33739,6.33662,1.5,1
13.08.2021 00:39:18.029,6.33739,6.33662,1.5,1
13.08.2021 00:39:40.261,6.33739,6.336430000000001,1.5,1
13.08.2021 00:39:42.573,6.33734,6.336430000000001,1.5,1
13.08.2021 00:39:42.738,6.33734,6.33636,1.5,1.5
13.08.2021 00:39:42.938,6.33734,6.33636,1.5,1.5
13.08.2021 00:39:45.305,6.337280000000001,6.336340000000001,1.5,1
13.08.2021 00:39:47.582,6.337280000000001,6.33662,1.5,1
13.08.2021 00:39:47.632,6.33729,6.33662,1,1
13.08.2021 00:39:47.813,6.33743,6.33662,1.5,1.12
13.08.2021 00:39:49.814,6.337400000000001,6.33661,1.5,1
13.08.2021 00:39:56.038,6.33743,6.33662,1.5,1
13.08.2021 00:39:56.145,6.337440000000001,6.33672,1.5,1
13.08.2021 00:39:56.245,6.33748,6.33672,1.62,1
13.08.2021 00:40:07.319,6.3375,6.33672,1.5,1
13.08.2021 00:40:09.649,6.33751,6.33671,1.5,1
13.08.2021 00:40:10.155,6.33755,6.336830000000001,1.5,1
13.08.2021 00:40:10.256,6.33755,6.336830000000001,1.5,1.5
13.08.2021 00:40:10.306,6.33755,6.33696,1.5,1
13.08.2021 00:40:10.457,6.33771,6.33696,1.5,1
13.08.2021 00:40:11.602,6.33779,6.33704,1,1
13.08.2021 00:40:16.154,6.33782,6.33704,1,1
13.08.2021 00:40:19.421,6.33772,6.33703,1.5,1
13.08.2021 00:40:20.021,6.33769,6.33695,1,1
13.08.2021 00:40:20.123,6.33769,6.33695,1,1
13.08.2021 00:40:24.807,6.33778,6.33703,1.5,1
13.08.2021 00:40:30.818,6.33777,6.33704,1.62,1
13.08.2021 00:41:11.741,6.33777,6.336830000000001,1.5,1.62
13.08.2021 00:41:13.342,6.33771,6.336830000000001,1.5,1
13.08.2021 00:41:21.571,6.33778,6.336780000000001,1.62,1.5
13.08.2021 00:41:25.192,6.33777,6.33704,1.62,1
13.08.2021 00:41:26.306,6.33777,6.33704,1.62,1
13.08.2021 00:41:33.864,6.33767,6.3368,1,1
13.08.2021 00:41:36.817,6.33783,6.3368400000000005,1.5,1.5
13.08.2021 00:41:53.277,6.33783,6.3368400000000005,1.5,1.5
13.08.2021 00:41:53.567,6.33777,6.33681,1.62,1
13.08.2021 00:41:55.506,6.33777,6.33704,1.62,1
13.08.2021 00:41:57.976,6.33771,6.33695,1.5,1
13.08.2021 00:41:58.177,6.33767,6.33695,1,1
13.08.2021 00:42:06.246,6.33757,6.33686,1,1
13.08.2021 00:42:14.950,6.33757,6.33686,1,1
13.08.2021 00:42:15.001,6.33757,6.33673,1,1.5
13.08.2021 00:42:15.152,6.33757,6.336830000000001,1,1.5
13.08.2021 00:42:15.351,6.3376600000000005,6.33699,1.5,1
13.08.2021 00:42:15.528,6.33777,6.33699,1.62,1
13.08.2021 00:42:16.018,6.33771,6.33699,1.5,1
13.08.2021 00:42:26.454,6.33771,6.33699,1.5,1
13.08.2021 00:42:26.505,6.33778,6.33706,1.62,1
13.08.2021 00:42:26.706,6.33777,6.33707,1.5,1
13.08.2021 00:42:27.423,6.33788,6.337180000000001,1.5,1
13.08.2021 00:42:27.540,6.33787,6.3371,1,1
13.08.2021 00:42:27.590,6.33787,6.3371,1,1
13.08.2021 00:42:30.157,6.33788,6.337180000000001,1.62,1
13.08.2021 00:42:30.207,6.3379,6.33717,1,1
13.08.2021 00:42:35.820,6.337940000000001,6.33717,1.5,1
13.08.2021 00:42:40.206,6.337980000000001,6.337280000000001,1,1
13.08.2021 00:42:40.307,6.3380600000000005,6.3375,1,1
13.08.2021 00:42:40.408,6.3380600000000005,6.3375,1,1
13.08.2021 00:42:40.561,6.33807,6.337490000000001,1,1
13.08.2021 00:42:40.819,6.3380600000000005,6.33742,1,1
13.08.2021 00:42:43.856,6.338150000000001,6.33742,1.5,1
13.08.2021 00:43:10.223,6.33816,6.33716,1.5,1.5
13.08.2021 00:43:10.908,6.338150000000001,6.33742,1.5,1
13.08.2021 00:43:12.911,6.33816,6.33741,1.5,1
13.08.2021 00:43:15.341,6.33797,6.3373,1,1
13.08.2021 00:43:15.543,6.33787,6.33711,1,1
13.08.2021 00:43:16.041,6.33797,6.33711,1,1.5
13.08.2021 00:43:25.470,6.337980000000001,6.33722,1,1
13.08.2021 00:43:25.520,6.33797,6.337230000000001,1,1
13.08.2021 00:43:28.154,6.33805,6.33734,1.5,1
13.08.2021 00:43:30.196,6.33805,6.33734,1.5,1
13.08.2021 00:43:32.866,6.33805,6.33734,1.5,1
13.08.2021 00:43:37.819,6.338100000000001,6.33734,1.5,1
13.08.2021 00:43:45.497,6.33811,6.33712,1.5,1
13.08.2021 00:43:58.285,6.338100000000001,6.33734,1.5,1
13.08.2021 00:44:22.282,6.33807,6.33734,1,1
13.08.2021 00:45:16.613,6.338100000000001,6.33742,1.5,1
13.08.2021 00:45:16.663,6.338080000000001,6.33742,1.5,1
13.08.2021 00:45:16.864,6.338080000000001,6.33742,1.5,1
13.08.2021 00:45:17.032,6.33809,6.337490000000001,1.5,1
13.08.2021 00:45:29.538,6.33817,6.33756,1,1
13.08.2021 00:45:29.588,6.33826,6.33756,1,1.5
13.08.2021 00:45:29.639,6.338380000000001,6.33767,1,1
13.08.2021 00:45:29.790,6.33842,6.33778,1.5,1
13.08.2021 00:45:29.983,6.33852,6.33779,1.5,1
13.08.2021 00:45:31.280,6.33858,6.33787,1,1
13.08.2021 00:45:31.450,6.3386000000000005,6.33788,1.5,1
13.08.2021 00:45:46.234,6.3386000000000005,6.33788,1.5,1
13.08.2021 00:45:46.905,6.33862,6.33779,2,1
13.08.2021 00:45:50.820,6.33852,6.3378000000000005,1.5,1
13.08.2021 00:46:01.664,6.33852,6.3378000000000005,1.5,1
13.08.2021 00:46:21.233,6.33861,6.3378000000000005,1.5,1
13.08.2021 00:46:21.450,6.33847,6.33779,1.5,1
13.08.2021 00:46:21.501,6.33846,6.33771,1.5,1
13.08.2021 00:46:21.635,6.33846,6.33771,1.5,1
13.08.2021 00:46:27.311,6.338380000000001,6.33771,1.5,1
13.08.2021 00:46:29.820,6.33837,6.33771,1.62,1
13.08.2021 00:46:32.436,6.33832,6.33757,1.5,1
13.08.2021 00:46:37.320,6.33832,6.33757,1.5,1
13.08.2021 00:46:43.972,6.33832,6.33757,1.5,1
13.08.2021 00:46:47.394,6.338100000000001,6.337490000000001,1,1
13.08.2021 00:46:47.445,6.338,6.337490000000001,1,1
13.08.2021 00:46:47.495,6.338,6.33734,1,1.5
13.08.2021 00:46:47.596,6.338,6.33734,1.5,1
13.08.2021 00:46:52.876,6.338,6.33734,1.5,1
13.08.2021 00:46:57.862,6.338010000000001,6.337330000000001,1.5,1
13.08.2021 00:46:58.132,6.338,6.33734,1.5,1
13.08.2021 00:46:59.829,6.337940000000001,6.33725,1.5,1
13.08.2021 00:46:59.929,6.33783,6.33711,1,1.5
13.08.2021 00:47:00.030,6.33777,6.33711,1,1
13.08.2021 00:47:00.181,6.3377300000000005,6.33699,1.5,1.12
13.08.2021 00:47:00.231,6.3377300000000005,6.33699,1.5,1
13.08.2021 00:47:08.820,6.33774,6.3369800000000005,1.5,1
13.08.2021 00:47:10.699,6.33777,6.33711,1,1
13.08.2021 00:47:16.875,6.33792,6.33711,1.5,1
13.08.2021 00:47:17.095,6.3377300000000005,6.33711,1.5,1
13.08.2021 00:47:24.320,6.3377300000000005,6.33711,1.5,1
13.08.2021 00:47:35.155,6.3377300000000005,6.33699,1.5,1
13.08.2021 00:47:35.271,6.3377300000000005,6.33699,1.5,1
13.08.2021 00:47:41.314,6.33762,6.3369,1.5,1
13.08.2021 00:47:41.470,6.337630000000001,6.33689,1.5,1
13.08.2021 00:49:17.810,6.33762,6.3369,1.5,1
13.08.2021 00:49:18.815,6.33762,6.3369,1.5,1
13.08.2021 00:49:19.649,6.33762,6.3369,1.5,1
13.08.2021 00:49:20.550,6.33762,6.3369,1.5,1
13.08.2021 00:49:33.593,6.33762,6.33667,1.5,1.5
13.08.2021 00:49:42.019,6.3376,6.3369,1,1
13.08.2021 00:49:57.042,6.33762,6.33667,1.5,1.5
13.08.2021 00:49:58.019,6.33751,6.3368,1.5,1
13.08.2021 00:50:01.373,6.33751,6.3368,1.5,1
13.08.2021 00:50:01.503,6.33751,6.3368,1.5,1
13.08.2021 00:50:11.824,6.33751,6.336880000000001,1.5,1
13.08.2021 00:50:12.019,6.33756,6.336880000000001,1.5,1
13.08.2021 00:50:30.172,6.33756,6.33673,1.5,1.62
13.08.2021 00:50:33.173,6.33756,6.336790000000001,1,1
13.08.2021 00:50:33.283,6.33756,6.3369800000000005,1,1
13.08.2021 00:50:37.407,6.33767,6.3369800000000005,1.5,1
13.08.2021 00:50:37.830,6.33778,6.3369800000000005,1.5,1
13.08.2021 00:50:38.310,6.33779,6.33697,1.5,1
13.08.2021 00:50:38.361,6.33783,6.33715,1.5,1
13.08.2021 00:50:38.530,6.337840000000001,6.337140000000001,1.5,1
13.08.2021 00:50:44.339,6.33783,6.33715,1.5,1
13.08.2021 00:50:44.441,6.33778,6.33715,1,1
13.08.2021 00:50:46.005,6.33778,6.33715,1.5,1
13.08.2021 00:50:46.056,6.33778,6.33707,1.5,1
13.08.2021 00:50:47.300,6.33778,6.33707,1.5,1
13.08.2021 00:50:53.806,6.33767,6.33707,1.5,1
13.08.2021 00:50:53.949,6.33767,6.33686,1.5,1
13.08.2021 00:50:53.999,6.33762,6.33696,1.5,1
13.08.2021 00:50:56.309,6.337630000000001,6.33695,1.5,1
13.08.2021 00:51:00.398,6.33762,6.33696,1.5,1
13.08.2021 00:51:07.745,6.33762,6.33696,1.5,1
13.08.2021 00:51:07.795,6.33762,6.336780000000001,1.5,1.5
13.08.2021 00:51:10.447,6.33762,6.336880000000001,1.5,1
13.08.2021 00:51:10.548,6.33762,6.336880000000001,1.5,1
13.08.2021 00:51:16.284,6.33756,6.3368,1.5,1
13.08.2021 00:51:16.334,6.33751,6.3368,1,1
13.08.2021 00:51:18.321,6.33757,6.336790000000001,1.5,1
13.08.2021 00:51:46.285,6.33751,6.33656,1.5,1.5
13.08.2021 00:51:46.487,6.33751,6.3368,1.5,1
13.08.2021 00:52:12.820,6.33751,6.3368,1.5,1
13.08.2021 00:52:24.344,6.3374500000000005,6.3368,1,1
13.08.2021 00:52:26.232,6.337440000000001,6.3365800000000005,1,1.5
13.08.2021 00:53:18.357,6.33747,6.33654,1.5,1
13.08.2021 00:53:29.427,6.33748,6.33675,1.5,1
13.08.2021 00:53:34.171,6.33757,6.3368400000000005,1.5,1
13.08.2021 00:53:34.338,6.33757,6.3368400000000005,1.5,1
13.08.2021 00:53:55.036,6.337630000000001,6.33673,1.5,1.5
13.08.2021 00:53:55.086,6.33764,6.33697,1.5,1
13.08.2021 00:53:55.187,6.337630000000001,6.33702,1.5,1
13.08.2021 00:53:55.237,6.33774,6.33702,1.62,1
13.08.2021 00:53:55.415,6.33774,6.33702,1.5,1
13.08.2021 00:54:00.349,6.33774,6.33702,1.5,1
13.08.2021 00:54:00.399,6.33777,6.337090000000001,1,1
13.08.2021 00:54:00.500,6.3379,6.33722,1.5,1
13.08.2021 00:54:00.550,6.3379,6.33722,1.5,1
13.08.2021 00:54:00.903,6.3379,6.33722,1.5,1
13.08.2021 00:54:01.851,6.3379,6.33722,1.5,1
13.08.2021 00:54:03.194,6.33791,6.33721,1.5,1
13.08.2021 00:54:07.627,6.33795,6.337350000000001,1.5,1
13.08.2021 00:54:07.728,6.33811,6.3374500000000005,1.5,1
13.08.2021 00:54:07.779,6.33812,6.337440000000001,1.12,1
13.08.2021 00:54:07.879,6.33817,6.337530000000001,1,1
13.08.2021 00:54:07.980,6.33817,6.337530000000001,1.5,1
13.08.2021 00:54:08.163,6.33817,6.337530000000001,1.5,1
13.08.2021 00:54:08.365,6.33817,6.337530000000001,1.5,1
13.08.2021 00:54:19.190,6.33822,6.33746,1.5,1
13.08.2021 00:54:23.879,6.33822,6.33746,1.5,1
13.08.2021 00:54:24.536,6.33823,6.3374500000000005,1,1
13.08.2021 00:54:24.661,6.338240000000001,6.3374500000000005,1,1
13.08.2021 00:54:25.763,6.33827,6.33746,1.5,1
13.08.2021 00:54:25.864,6.33827,6.3377,1,1
13.08.2021 00:54:25.914,6.33835,6.33769,1,1
13.08.2021 00:54:26.014,6.33845,6.3377,1,1
13.08.2021 00:54:27.635,6.33852,6.33769,1,1
13.08.2021 00:54:27.686,6.33857,6.3378000000000005,1,1
13.08.2021 00:54:27.736,6.3386000000000005,6.33779,1,1
13.08.2021 00:54:27.787,6.33861,6.3378000000000005,2,1
13.08.2021 00:54:33.148,6.33862,6.33787,1.5,1
13.08.2021 00:54:33.253,6.33858,6.33788,1.5,1
13.08.2021 00:54:33.304,6.33851,6.33779,1,1
13.08.2021 00:54:37.350,6.33862,6.33779,2,1
13.08.2021 00:54:38.948,6.33861,6.3378000000000005,1.5,1
13.08.2021 00:54:38.998,6.338680000000001,6.337930000000001,1,1
13.08.2021 00:54:39.049,6.3387,6.337930000000001,1,1
13.08.2021 00:54:39.149,6.3387400000000005,6.337930000000001,1.5,1
13.08.2021 00:54:39.250,6.3387400000000005,6.337930000000001,1,1
13.08.2021 00:54:39.446,6.338780000000001,6.33802,1.12,1
13.08.2021 00:54:40.672,6.33882,6.338010000000001,1.5,1
13.08.2021 00:54:41.263,6.3388100000000005,6.33802,1.5,1
13.08.2021 00:54:41.364,6.33876,6.33802,1,1
13.08.2021 00:54:41.465,6.338780000000001,6.33802,1.5,1
13.08.2021 00:54:41.666,6.33882,6.338010000000001,1.5,1
13.08.2021 00:54:41.716,6.33887,6.33812,1,1
13.08.2021 00:54:41.867,6.33887,6.33812,1,1
13.08.2021 00:54:42.279,6.33887,6.33812,1,1
13.08.2021 00:54:42.435,6.3388800000000005,6.33811,1,1
13.08.2021 00:54:46.628,6.338900000000001,6.33812,1,1
13.08.2021 00:54:46.940,6.33891,6.3382000000000005,1,1
13.08.2021 00:54:47.152,6.3388800000000005,6.3381300000000005,1.5,1
13.08.2021 00:54:47.253,6.3388800000000005,6.33812,1,1
13.08.2021 00:54:48.045,6.3388800000000005,6.3381300000000005,1.5,1
13.08.2021 00:54:48.389,6.33887,6.3381300000000005,1,1
13.08.2021 00:54:48.982,6.33887,6.33804,1.5,1
13.08.2021 00:54:49.033,6.338780000000001,6.33805,1,1
13.08.2021 00:54:49.083,6.33886,6.33805,3.12,1
13.08.2021 00:54:49.134,6.33871,6.33795,1,1
13.08.2021 00:54:49.954,6.3387,6.338080000000001,1,1
13.08.2021 00:54:57.876,6.338780000000001,6.33807,1,1
13.08.2021 00:54:59.720,6.33893,6.33817,1.5,1
13.08.2021 00:54:59.772,6.33894,6.33816,1,1
13.08.2021 00:54:59.924,6.3388800000000005,6.33817,1,1
13.08.2021 00:55:00.025,6.3388800000000005,6.33817,1.5,1
13.08.2021 00:55:00.176,6.3388800000000005,6.33817,1,1
13.08.2021 00:55:00.238,6.33894,6.33816,1,1
13.08.2021 00:55:00.289,6.33893,6.33817,1.5,1
13.08.2021 00:55:00.614,6.3388800000000005,6.33817,1,1
13.08.2021 00:55:00.715,6.33893,6.33817,1.5,1
13.08.2021 00:55:01.117,6.33886,6.33805,1,1
13.08.2021 00:55:01.638,6.3388800000000005,6.33814,1.5,1
13.08.2021 00:55:02.327,6.338830000000001,6.3381300000000005,1,1
13.08.2021 00:55:02.377,6.33879,6.3380600000000005,1,1
13.08.2021 00:55:04.145,6.33871,6.337980000000001,1,1
13.08.2021 00:55:04.330,6.338680000000001,6.337980000000001,1.5,1
13.08.2021 00:55:04.431,6.33861,6.3379,1,1
13.08.2021 00:55:04.505,6.33862,6.337890000000001,1.5,1
13.08.2021 00:55:04.555,6.338550000000001,6.3378000000000005,1,1
13.08.2021 00:55:11.917,6.33846,6.33771,1,1
13.08.2021 00:55:12.902,6.33849,6.3378000000000005,1,1
13.08.2021 00:55:13.009,6.33849,6.3378000000000005,1.5,1
13.08.2021 00:55:13.336,6.33844,6.3378000000000005,1,1
13.08.2021 00:55:13.403,6.33844,6.33774,1,1
13.08.2021 00:55:13.599,6.33847,6.33774,1.12,1
13.08.2021 00:55:15.616,6.338500000000001,6.33757,1.5,1
13.08.2021 00:55:15.667,6.33837,6.337580000000001,1,1
13.08.2021 00:55:15.900,6.338380000000001,6.337490000000001,1.5,1
13.08.2021 00:55:16.000,6.338380000000001,6.33765,2,1
13.08.2021 00:55:16.345,6.338380000000001,6.33765,2,1
13.08.2021 00:55:16.582,6.338380000000001,6.33765,2,1
13.08.2021 00:55:18.679,6.33825,6.33755,1,1
13.08.2021 00:55:18.881,6.33822,6.33756,1.5,1
13.08.2021 00:55:18.932,6.33816,6.33743,1.5,1.5
13.08.2021 00:55:19.038,6.3380600000000005,6.33743,1,1.5
13.08.2021 00:55:19.139,6.338030000000001,6.3373,1.5,1
13.08.2021 00:55:19.820,6.338030000000001,6.3373,1.5,1
13.08.2021 00:55:20.259,6.337890000000001,6.337140000000001,1.5,1
13.08.2021 00:55:20.360,6.337890000000001,6.337140000000001,1.5,1.5
13.08.2021 00:55:25.196,6.337980000000001,6.33725,1.5,1
13.08.2021 00:55:32.224,6.33795,6.33725,1.62,1
13.08.2021 00:55:32.325,6.33779,6.33708,1,1.5
13.08.2021 00:55:32.425,6.33778,6.33708,1.5,1
13.08.2021 00:55:32.939,6.33778,6.33696,1.5,1
13.08.2021 00:55:33.040,6.337750000000001,6.33702,1.5,1
13.08.2021 00:55:34.634,6.33776,6.33701,1.5,1
13.08.2021 00:55:35.910,6.33779,6.3371,1.5,1
13.08.2021 00:55:36.375,6.33774,6.3371,1.5,1
13.08.2021 00:55:37.158,6.3377300000000005,6.3369800000000005,1.5,1
13.08.2021 00:55:39.108,6.33772,6.33699,1.5,1
13.08.2021 00:55:39.299,6.33777,6.33707,1,1
13.08.2021 00:55:40.266,6.33767,6.33694,1.5,1
13.08.2021 00:55:40.316,6.33767,6.33694,1.62,1
13.08.2021 00:55:40.517,6.33757,6.33694,1,1
13.08.2021 00:55:40.984,6.33757,6.33686,1.62,1
13.08.2021 00:55:41.429,6.33747,6.33686,1,1
13.08.2021 00:55:41.479,6.33747,6.33676,1,1
13.08.2021 00:55:42.362,6.337490000000001,6.33676,1.5,1.5
13.08.2021 00:55:42.466,6.337580000000001,6.33689,1.62,1
13.08.2021 00:55:42.567,6.337630000000001,6.3369,1.5,1
13.08.2021 00:55:44.176,6.33756,6.336830000000001,1.5,1.5
13.08.2021 00:55:44.226,6.33756,6.336830000000001,1.5,1
13.08.2021 00:55:44.327,6.33748,6.336740000000001,1,1.5
13.08.2021 00:55:44.380,6.33747,6.33675,1,1
13.08.2021 00:55:44.650,6.33748,6.33675,1.5,1
13.08.2021 00:55:45.050,6.33748,6.33675,1.5,1
13.08.2021 00:55:45.864,6.337540000000001,6.33682,1,1
13.08.2021 00:55:45.914,6.337540000000001,6.33682,1,1
13.08.2021 00:55:51.321,6.33755,6.33682,1.5,1
13.08.2021 00:55:52.909,6.33755,6.33682,1.5,1
13.08.2021 00:56:02.170,6.33757,6.336880000000001,1,1
13.08.2021 00:56:13.408,6.33762,6.33687,1.5,1
13.08.2021 00:56:13.459,6.33767,6.33673,1,1.5
13.08.2021 00:56:13.610,6.33772,6.336830000000001,1,1.62
13.08.2021 00:56:17.994,6.33767,6.3368,1,1.5
13.08.2021 00:56:19.268,6.3375900000000005,6.336790000000001,1.5,1
13.08.2021 00:56:24.535,6.33767,6.33673,1,1.62
13.08.2021 00:56:24.690,6.33776,6.33672,1.5,1.62
13.08.2021 00:56:33.025,6.33767,6.33673,1,1.62
13.08.2021 00:56:34.053,6.33767,6.33673,1,1.62
13.08.2021 00:56:40.136,6.33777,6.33673,1,1.62
13.08.2021 00:56:40.249,6.33776,6.33701,1.5,1
13.08.2021 00:56:40.593,6.33777,6.337090000000001,1,1
13.08.2021 00:56:51.086,6.33774,6.33699,1.5,1
13.08.2021 00:56:52.826,6.3377300000000005,6.337000000000001,1.5,1
13.08.2021 00:57:03.199,6.3377300000000005,6.337000000000001,1.5,1
13.08.2021 00:57:03.377,6.33785,6.336830000000001,1.5,1.62
13.08.2021 00:57:03.428,6.33786,6.33682,1.5,1.62
13.08.2021 00:57:09.321,6.33777,6.336830000000001,1,1.62
13.08.2021 00:57:20.045,6.33777,6.336780000000001,1,1.5
13.08.2021 00:57:20.450,6.3376,6.33692,1,1.12
13.08.2021 00:57:20.551,6.33757,6.33692,1,1
13.08.2021 00:57:27.825,6.33756,6.33681,1.5,1
13.08.2021 00:57:53.641,6.33756,6.33681,1.5,1
13.08.2021 00:57:53.694,6.33757,6.33663,1,1
13.08.2021 00:57:54.193,6.33747,6.33657,1,1.5
13.08.2021 00:57:57.931,6.33747,6.33682,1,1
13.08.2021 00:58:02.896,6.33747,6.33682,1,1
13.08.2021 00:58:22.011,6.33748,6.33681,1,1
13.08.2021 00:58:22.217,6.33747,6.33682,1,1
13.08.2021 00:58:22.913,6.33747,6.33682,1,1
13.08.2021 00:58:23.064,6.33747,6.336530000000001,1,1.5
13.08.2021 00:58:28.040,6.33747,6.33682,1,1
13.08.2021 00:58:36.497,6.33747,6.33672,1.5,1
13.08.2021 00:58:38.558,6.33746,6.33673,1.5,1
13.08.2021 00:58:38.728,6.33737,6.33673,1,1
13.08.2021 00:58:47.287,6.33737,6.33664,1.5,1
13.08.2021 00:58:47.438,6.33734,6.33664,1,1
13.08.2021 00:58:47.610,6.33724,6.3365100000000005,1.5,1
13.08.2021 00:58:48.613,6.337330000000001,6.336600000000001,1.5,1
13.08.2021 00:58:50.822,6.337330000000001,6.336600000000001,1.62,1
13.08.2021 00:58:53.174,6.337260000000001,6.336530000000001,1.5,1
13.08.2021 00:58:56.621,6.337260000000001,6.336530000000001,1.5,1
13.08.2021 00:58:57.559,6.337260000000001,6.336530000000001,1.5,1
13.08.2021 00:58:57.760,6.337260000000001,6.336530000000001,1.5,1
13.08.2021 00:59:04.561,6.33717,6.3363000000000005,1,1.5
13.08.2021 00:59:06.474,6.33717,6.3363000000000005,1,1.5
13.08.2021 00:59:23.189,6.33717,6.336530000000001,1,1
13.08.2021 00:59:28.109,6.33717,6.3364400000000005,1.62,1
13.08.2021 00:59:29.109,6.33715,6.3364400000000005,1,1
13.08.2021 00:59:41.773,6.33715,6.33614,1,1.5
13.08.2021 00:59:41.863,6.33692,6.33619,1,1.5
13.08.2021 00:59:41.913,6.33708,6.3362300000000005,1.5,1.5
13.08.2021 00:59:41.964,6.33716,6.33622,1.62,1.5
13.08.2021 00:59:43.925,6.337090000000001,6.33622,1.5,1
13.08.2021 00:59:44.176,6.3369800000000005,6.3362300000000005,1.5,1
13.08.2021 00:59:48.628,6.33699,6.33626,1.5,1
13.08.2021 00:59:48.776,6.337000000000001,6.33637,1,1
13.08.2021 00:59:48.898,6.337000000000001,6.33637,1,1
13.08.2021 00:59:51.150,6.33703,6.33628,1.5,1
13.08.2021 00:59:51.410,6.33702,6.336290000000001,1.5,1
13.08.2021 00:59:51.566,6.33712,6.33637,1.5,1
13.08.2021 00:59:51.616,6.33711,6.336380000000001,1.5,1
13.08.2021 00:59:51.954,6.33717,6.33624,1,1.5
13.08.2021 00:59:59.958,6.33713,6.3364,1.5,1
13.08.2021 01:00:00.537,6.33717,6.3365100000000005,1,1
13.08.2021 01:00:00.688,6.337180000000001,6.3362300000000005,1.5,1.5
13.08.2021 01:00:00.964,6.33704,6.3362300000000005,1,1.5
13.08.2021 01:00:01.137,6.33704,6.3361,1,1.5
13.08.2021 01:00:02.899,6.33699,6.33626,1.5,1
13.08.2021 01:00:03.104,6.33699,6.33626,1.5,1.12
13.08.2021 01:00:04.451,6.3369800000000005,6.33626,1,1
13.08.2021 01:00:05.601,6.3369,6.33626,1,1
13.08.2021 01:00:06.414,6.3369,6.33617,1.62,1
13.08.2021 01:00:06.515,6.3369100000000005,6.3361600000000005,1.5,1
13.08.2021 01:00:06.716,6.336880000000001,6.33617,1.5,1
13.08.2021 01:00:06.888,6.33687,6.33617,1,1
13.08.2021 01:00:07.637,6.33675,6.33602,1.5,1
13.08.2021 01:00:07.738,6.33675,6.33602,1.5,1
13.08.2021 01:00:11.530,6.33667,6.335940000000001,1.5,1
13.08.2021 01:00:17.576,6.336650000000001,6.335940000000001,1.5,1
13.08.2021 01:00:18.425,6.33675,6.33606,1.5,1
13.08.2021 01:00:18.475,6.33675,6.33606,1.5,1
13.08.2021 01:00:18.677,6.336790000000001,6.33606,1.5,1
13.08.2021 01:00:20.835,6.33686,6.336130000000001,2,1
13.08.2021 01:00:22.207,6.33676,6.336030000000001,1.5,1.12
13.08.2021 01:00:22.257,6.33676,6.336030000000001,1.5,1
13.08.2021 01:00:24.321,6.33677,6.33602,1.5,1
13.08.2021 01:00:27.750,6.33668,6.33595,1.5,1.5
13.08.2021 01:00:27.801,6.33667,6.33595,1,1
13.08.2021 01:00:31.821,6.33667,6.33595,1.5,1
13.08.2021 01:00:32.826,6.33667,6.33595,1.5,1
13.08.2021 01:00:47.438,6.33666,6.33567,1,1.5
13.08.2021 01:00:48.008,6.33661,6.33586,1.5,1
13.08.2021 01:00:48.113,6.3364400000000005,6.33571,1.5,1
13.08.2021 01:00:48.231,6.33645,6.3357,1.5,1
13.08.2021 01:00:48.404,6.3364400000000005,6.33571,1.5,1
13.08.2021 01:00:50.025,6.3364400000000005,6.33571,1.5,1
13.08.2021 01:00:50.408,6.33647,6.335780000000001,1.5,1
13.08.2021 01:00:50.458,6.3365100000000005,6.335780000000001,1.5,1.12
13.08.2021 01:00:54.366,6.336530000000001,6.33586,1.5,1
13.08.2021 01:00:56.152,6.336530000000001,6.33586,1.5,1
13.08.2021 01:00:58.325,6.336600000000001,6.335850000000001,1.5,1.12
13.08.2021 01:00:58.629,6.336650000000001,6.33592,1.5,1
13.08.2021 01:01:06.187,6.33656,6.3358300000000005,1.5,1.5
13.08.2021 01:01:06.237,6.33656,6.3358300000000005,1.5,1.12
13.08.2021 01:01:10.820,6.33656,6.3358300000000005,1.5,1
13.08.2021 01:01:32.733,6.33666,6.3356900000000005,1.5,1.5
13.08.2021 01:01:36.205,6.33656,6.3358300000000005,1.5,1
13.08.2021 01:01:39.702,6.33664,6.33591,1.5,1
13.08.2021 01:01:39.753,6.336650000000001,6.3359000000000005,1.5,1
13.08.2021 01:01:43.163,6.33664,6.33591,1.5,1
13.08.2021 01:01:43.213,6.33667,6.33598,1,1
13.08.2021 01:01:43.314,6.33677,6.33605,1,1
13.08.2021 01:01:43.414,6.336780000000001,6.33605,1.5,1
13.08.2021 01:01:43.630,6.3368,6.336110000000001,1.5,1
13.08.2021 01:01:45.688,6.3368,6.336110000000001,1.5,1
13.08.2021 01:02:03.207,6.3368,6.33593,1.5,1.62
13.08.2021 01:02:03.519,6.3368,6.33593,1.5,1.62
13.08.2021 01:02:03.570,6.33694,6.33621,1.5,1
13.08.2021 01:02:03.738,6.33694,6.33621,1.5,1
13.08.2021 01:02:12.220,6.33695,6.336200000000001,1.5,1
13.08.2021 01:02:15.137,6.33687,6.336030000000001,1,1
13.08.2021 01:02:15.188,6.3368400000000005,6.336110000000001,1.5,1
13.08.2021 01:02:15.238,6.33676,6.336030000000001,1.5,1.87
13.08.2021 01:02:15.288,6.33687,6.33617,1,1
13.08.2021 01:02:15.401,6.33687,6.33617,1,1
13.08.2021 01:02:21.319,6.3369,6.33617,1.5,1
13.08.2021 01:02:25.695,6.33685,6.33595,1.5,1.5
13.08.2021 01:02:25.787,6.33685,6.33595,1.5,1.5
13.08.2021 01:02:28.821,6.33685,6.33595,1.5,1.5
13.08.2021 01:02:41.811,6.33696,6.336030000000001,1,1.62
13.08.2021 01:02:45.403,6.3369,6.33617,1.5,1
13.08.2021 01:02:47.089,6.33697,6.33624,2.37,1
13.08.2021 01:02:47.290,6.3369800000000005,6.3362300000000005,1.12,1.5
13.08.2021 01:02:49.583,6.33702,6.336380000000001,1.5,1
13.08.2021 01:02:49.684,6.33701,6.33628,1.5,1
13.08.2021 01:02:49.785,6.33697,6.33628,1,1
13.08.2021 01:02:51.553,6.33695,6.336200000000001,1.5,1
13.08.2021 01:02:51.896,6.33694,6.33621,1.5,1
13.08.2021 01:02:52.047,6.33697,6.33636,1,1
13.08.2021 01:02:52.097,6.3369800000000005,6.33635,1,1
13.08.2021 01:03:00.321,6.3370500000000005,6.33636,1,1
13.08.2021 01:03:01.152,6.33699,6.33626,1.5,1
13.08.2021 01:03:01.203,6.337000000000001,6.336250000000001,1.5,1.5
13.08.2021 01:03:01.304,6.3371,6.33637,1.5,1
13.08.2021 01:03:01.404,6.33711,6.33636,1.5,1
13.08.2021 01:03:02.545,6.33703,6.3363000000000005,1.5,1.5
13.08.2021 01:03:07.133,6.33703,6.3363000000000005,1,1.5
13.08.2021 01:03:13.918,6.3371,6.33637,1.5,1.12
13.08.2021 01:03:19.019,6.33717,6.33645,1,1
13.08.2021 01:03:19.184,6.337230000000001,6.33656,1,1
13.08.2021 01:03:22.366,6.337280000000001,6.33655,1,1
13.08.2021 01:03:22.525,6.33727,6.33656,1,1
13.08.2021 01:03:24.344,6.3371900000000005,6.33646,1.5,1
13.08.2021 01:03:29.515,6.3372,6.33645,1.5,1
13.08.2021 01:03:29.615,6.33725,6.33656,1,1
13.08.2021 01:03:29.679,6.33725,6.33656,1,1
13.08.2021 01:03:31.321,6.33729,6.33656,2,1
13.08.2021 01:04:03.295,6.33729,6.33656,2,1
13.08.2021 01:04:03.396,6.33732,6.336650000000001,1,1
13.08.2021 01:04:03.497,6.33732,6.336650000000001,1,1
13.08.2021 01:04:04.893,6.337400000000001,6.33671,1.5,1
13.08.2021 01:04:10.399,6.337400000000001,6.33671,1.5,1
13.08.2021 01:04:24.220,6.337400000000001,6.336530000000001,1.5,1
13.08.2021 01:04:24.370,6.337350000000001,6.33663,1.5,1
13.08.2021 01:04:33.653,6.337350000000001,6.33663,1.5,1
13.08.2021 01:04:33.703,6.33727,6.336380000000001,1,1.5
13.08.2021 01:04:33.855,6.33725,6.3365,1.5,1
13.08.2021 01:04:35.949,6.337230000000001,6.3365100000000005,1,1
13.08.2021 01:04:45.507,6.337230000000001,6.3365100000000005,1,1
13.08.2021 01:04:49.554,6.33724,6.3365,1,1
13.08.2021 01:04:52.919,6.33721,6.33627,1,1.5
13.08.2021 01:05:02.657,6.33721,6.33627,1,1.5
13.08.2021 01:05:03.831,6.33717,6.3365100000000005,1,1
13.08.2021 01:05:09.935,6.3371900000000005,6.3365100000000005,1,1
13.08.2021 01:05:18.547,6.337230000000001,6.3365,1,1
13.08.2021 01:05:18.699,6.337350000000001,6.336380000000001,1.5,1.5
13.08.2021 01:05:18.894,6.3373,6.33657,1.5,1
13.08.2021 01:05:18.995,6.3373,6.33657,1.5,1.12
13.08.2021 01:05:19.196,6.3373,6.33657,1.5,1
13.08.2021 01:05:20.821,6.33727,6.33657,1,1
13.08.2021 01:05:28.321,6.33727,6.33657,1,1
13.08.2021 01:05:30.807,6.33727,6.33657,1,1
13.08.2021 01:05:30.857,6.337280000000001,6.33631,1,1.5
13.08.2021 01:05:36.320,6.337230000000001,6.33631,1,1.5
13.08.2021 01:05:40.319,6.337230000000001,6.33631,1,1.5
13.08.2021 01:05:40.545,6.33717,6.33631,1,1.5
13.08.2021 01:05:43.476,6.337180000000001,6.33628,1,1.5
13.08.2021 01:05:43.577,6.33717,6.3364400000000005,1.62,1
13.08.2021 01:05:43.627,6.33717,6.33627,1,1.5
13.08.2021 01:05:43.678,6.33717,6.33627,1,1.5
13.08.2021 01:05:43.906,6.33708,6.33626,1,1.12
13.08.2021 01:05:47.979,6.33717,6.33627,1,1.5
13.08.2021 01:05:48.147,6.33717,6.33627,1,1.5
13.08.2021 01:06:05.126,6.337180000000001,6.336250000000001,1,1.5
13.08.2021 01:06:05.284,6.33717,6.33647,1,1
13.08.2021 01:06:14.490,6.33712,6.33637,1.5,1
13.08.2021 01:06:14.658,6.33712,6.33637,1.5,1
13.08.2021 01:06:34.511,6.33716,6.336200000000001,1,1.5
13.08.2021 01:06:38.470,6.33715,6.3362300000000005,1,1.62
13.08.2021 01:06:38.945,6.33717,6.3362300000000005,1,1.62
13.08.2021 01:06:44.440,6.33712,6.33637,1.5,1
13.08.2021 01:06:46.321,6.33711,6.336380000000001,1.5,1.5
13.08.2021 01:06:48.741,6.33711,6.336380000000001,1.5,1
13.08.2021 01:06:49.354,6.33711,6.336380000000001,1.5,1.5
13.08.2021 01:07:03.090,6.33711,6.336380000000001,1.5,1
13.08.2021 01:07:04.509,6.337140000000001,6.3362300000000005,1,1
13.08.2021 01:07:06.537,6.33713,6.3362300000000005,1,1.62
13.08.2021 01:07:06.907,6.33713,6.3362300000000005,1,1.62
13.08.2021 01:07:07.116,6.33724,6.33627,1.5,1.5
13.08.2021 01:07:17.853,6.33711,6.336380000000001,1.5,1.5
13.08.2021 01:07:33.176,6.3372,6.33645,1.5,1
13.08.2021 01:07:33.526,6.3372,6.33645,1.5,1
13.08.2021 01:07:34.547,6.33724,6.33656,1.5,1
13.08.2021 01:07:36.218,6.33724,6.33656,1.5,1
13.08.2021 01:07:36.269,6.33713,6.3364,1.5,1.12
13.08.2021 01:07:40.376,6.33721,6.336480000000001,1.5,1
13.08.2021 01:08:08.298,6.33725,6.33635,1,1.5
13.08.2021 01:08:10.594,6.3372,6.336480000000001,1.5,1
13.08.2021 01:08:11.504,6.33721,6.336480000000001,1.5,1
13.08.2021 01:08:11.705,6.33731,6.33663,1.5,1
13.08.2021 01:08:26.186,6.3373,6.33657,1.5,1
13.08.2021 01:08:26.398,6.33739,6.33667,1,1
13.08.2021 01:08:26.570,6.33739,6.33675,1,1
13.08.2021 01:08:28.973,6.33747,6.33675,1.5,1
13.08.2021 01:08:31.490,6.33748,6.33675,1.12,1.5
13.08.2021 01:08:31.541,6.33755,6.336830000000001,1,1
13.08.2021 01:08:31.642,6.337540000000001,6.33706,1,1
13.08.2021 01:08:31.692,6.337540000000001,6.33706,1,1
13.08.2021 01:08:31.792,6.33755,6.33694,1,1
13.08.2021 01:08:31.843,6.337540000000001,6.33695,1,1
13.08.2021 01:08:32.000,6.337540000000001,6.33695,1,1
13.08.2021 01:08:59.225,6.337580000000001,6.336690000000001,1.5,1.5
13.08.2021 01:09:01.948,6.337580000000001,6.33695,1.5,1
13.08.2021 01:09:04.013,6.33757,6.3368400000000005,1.5,1
13.08.2021 01:09:04.164,6.33752,6.3368400000000005,1.5,1
13.08.2021 01:09:06.865,6.33752,6.3368400000000005,1.5,1
13.08.2021 01:09:13.386,6.33757,6.336690000000001,1.5,1.5
13.08.2021 01:09:13.487,6.33757,6.33673,1,1
13.08.2021 01:09:13.760,6.337580000000001,6.33673,1.5,1.62
13.08.2021 01:09:16.612,6.3375900000000005,6.3369,1.5,1
13.08.2021 01:09:16.662,6.337580000000001,6.3369100000000005,1.5,1
13.08.2021 01:09:18.241,6.33769,6.3369800000000005,1.5,1
13.08.2021 01:09:30.903,6.33772,6.33699,1.5,1
13.08.2021 01:09:31.021,6.33782,6.337090000000001,1.5,1
13.08.2021 01:09:31.071,6.33782,6.337090000000001,1.5,1.5
13.08.2021 01:09:31.300,6.337930000000001,6.33721,1,1
13.08.2021 01:09:31.548,6.337930000000001,6.33729,1,1
13.08.2021 01:09:31.720,6.337940000000001,6.337280000000001,1,1
13.08.2021 01:09:32.426,6.33802,6.337280000000001,1.5,1
13.08.2021 01:09:32.545,6.337940000000001,6.33721,1.5,1
13.08.2021 01:09:34.025,6.33786,6.33713,1.5,1.5
13.08.2021 01:09:37.820,6.33786,6.33713,1.5,1
13.08.2021 01:09:45.854,6.33787,6.33712,1.5,1.5
13.08.2021 01:09:46.057,6.33786,6.33713,1,2
13.08.2021 01:09:46.267,6.338010000000001,6.3373,1.5,1
13.08.2021 01:09:54.253,6.338010000000001,6.3373,1.5,1
13.08.2021 01:10:00.263,6.338010000000001,6.3373,1.5,1
13.08.2021 01:10:00.436,6.3380600000000005,6.337180000000001,1.62,1.5
13.08.2021 01:10:00.637,6.3380600000000005,6.337180000000001,1.5,1.5
13.08.2021 01:10:00.861,6.3380600000000005,6.337180000000001,1.5,1.5
13.08.2021 01:10:01.863,6.33807,6.33717,1.62,1.5
13.08.2021 01:10:02.592,6.338010000000001,6.33713,1.5,1.62
13.08.2021 01:10:02.693,6.33795,6.33722,1.5,1
13.08.2021 01:10:02.844,6.33785,6.33722,1.5,1
13.08.2021 01:10:02.995,6.337840000000001,6.33711,1.5,1
13.08.2021 01:10:06.756,6.33785,6.3371,1.5,1
13.08.2021 01:10:16.148,6.337840000000001,6.33711,1.5,1
13.08.2021 01:10:16.334,6.3379,6.33702,1.5,1.5
13.08.2021 01:10:16.385,6.3379,6.33702,1.5,1.5
13.08.2021 01:10:16.672,6.3379,6.33702,1.5,1.5
13.08.2021 01:10:20.501,6.33787,6.33702,1,1.5
13.08.2021 01:10:20.867,6.3379,6.33707,1,1.5
13.08.2021 01:10:20.986,6.33791,6.337280000000001,1,1
13.08.2021 01:10:27.748,6.33791,6.337180000000001,1.5,1
13.08.2021 01:10:32.821,6.33792,6.33717,1.5,1
13.08.2021 01:10:48.393,6.33791,6.337180000000001,1.5,1
13.08.2021 01:10:57.089,6.3379,6.33703,1.5,1
13.08.2021 01:10:57.290,6.33785,6.33696,1.5,1.5
13.08.2021 01:10:57.920,6.33785,6.337180000000001,1.5,1
13.08.2021 01:11:03.209,6.33783,6.33708,1.5,1
13.08.2021 01:11:13.263,6.33786,6.33695,1.5,1.5
13.08.2021 01:11:18.330,6.3379,6.33703,1.5,1
13.08.2021 01:11:18.485,6.33792,6.33713,1,1.5
13.08.2021 01:11:18.641,6.337930000000001,6.33724,1,1
13.08.2021 01:11:19.172,6.33797,6.33724,1.5,1
13.08.2021 01:11:19.321,6.33796,6.33725,1.5,1
13.08.2021 01:11:19.877,6.33796,6.33725,1.5,1
13.08.2021 01:11:20.102,6.33791,6.337180000000001,1.5,1
13.08.2021 01:11:20.203,6.33779,6.337180000000001,1,1
13.08.2021 01:11:20.304,6.33779,6.337180000000001,1.5,1
13.08.2021 01:11:20.429,6.33772,6.33699,1.5,1.5
13.08.2021 01:11:21.914,6.33782,6.337090000000001,1.5,1
13.08.2021 01:11:26.911,6.33776,6.33701,1.5,1.5
13.08.2021 01:11:27.321,6.337750000000001,6.33702,1.5,1
13.08.2021 01:11:48.570,6.33776,6.33701,1.5,1
13.08.2021 01:11:48.671,6.33774,6.336830000000001,1.5,1
13.08.2021 01:11:50.908,6.33771,6.3368,1,1.5
13.08.2021 01:11:57.046,6.33772,6.33701,1,1
13.08.2021 01:12:03.601,6.33767,6.33694,1.5,1
13.08.2021 01:12:32.502,6.33767,6.33694,1.5,1.12
13.08.2021 01:12:37.296,6.33767,6.33694,1.5,1
13.08.2021 01:12:44.640,6.33767,6.33694,1.5,1.5
13.08.2021 01:12:45.322,6.33774,6.3369100000000005,1.62,1.5
13.08.2021 01:12:46.917,6.33779,6.337090000000001,1.5,1
13.08.2021 01:12:47.523,6.33779,6.337090000000001,1.5,1
13.08.2021 01:12:47.775,6.33782,6.337090000000001,1.5,1
13.08.2021 01:13:00.299,6.33782,6.337090000000001,1.5,1
13.08.2021 01:13:00.532,6.33779,6.33685,1.5,1.5
13.08.2021 01:13:00.776,6.33774,6.33701,1.5,1
13.08.2021 01:13:08.821,6.33774,6.33701,1.5,1
13.08.2021 01:13:13.870,6.33777,6.33686,1,1.5
13.08.2021 01:13:16.322,6.33777,6.33686,1,1.5
13.08.2021 01:13:30.941,6.337750000000001,6.337000000000001,1.5,1
13.08.2021 01:13:38.423,6.33774,6.33701,1.5,1
13.08.2021 01:13:38.576,6.33769,6.3368,1.5,1.5
13.08.2021 01:13:38.627,6.33769,6.3368,1.5,1.5
13.08.2021 01:13:38.734,6.337630000000001,6.33692,1.62,1
13.08.2021 01:13:38.885,6.337580000000001,6.33692,1.5,1
13.08.2021 01:13:48.465,6.337580000000001,6.33686,1.5,1
13.08.2021 01:13:50.175,6.337580000000001,6.33686,1,1
13.08.2021 01:13:51.026,6.3375900000000005,6.33686,1.5,1.5
13.08.2021 01:13:51.277,6.33769,6.33701,1.5,1
13.08.2021 01:13:51.328,6.33774,6.33701,1.5,1.5
13.08.2021 01:13:51.484,6.33774,6.33701,1,1.5
13.08.2021 01:13:51.643,6.33785,6.3371,1.5,1
13.08.2021 01:13:51.794,6.33785,6.3371900000000005,1.5,1
13.08.2021 01:13:55.321,6.33792,6.3371900000000005,1.5,1
13.08.2021 01:13:58.572,6.33792,6.3371900000000005,1.5,1.12
13.08.2021 01:14:01.122,6.33796,6.33707,1.62,1.5
13.08.2021 01:14:01.841,6.33796,6.33707,1.62,1.5
13.08.2021 01:14:03.330,6.338010000000001,6.33713,1.62,1.5
13.08.2021 01:14:07.557,6.33802,6.33713,1,1.62
13.08.2021 01:14:08.750,6.33802,6.33713,1,1.62
13.08.2021 01:14:12.682,6.33804,6.33712,1,1.62
13.08.2021 01:14:17.798,6.3379900000000005,6.3370500000000005,1,1.5
13.08.2021 01:14:22.708,6.33792,6.3371900000000005,1.5,1
13.08.2021 01:14:24.568,6.33787,6.3371900000000005,1,1
13.08.2021 01:14:26.820,6.33787,6.3371900000000005,1.5,1
13.08.2021 01:14:43.304,6.337840000000001,6.337090000000001,1.5,1.5
13.08.2021 01:14:43.832,6.33783,6.3371,1.5,1
13.08.2021 01:14:47.771,6.33779,6.3371,1,1
13.08.2021 01:14:51.395,6.33776,6.33703,1.5,1
13.08.2021 01:15:01.827,6.33777,6.3371,1,1
13.08.2021 01:15:01.927,6.33783,6.3371,1.5,1
13.08.2021 01:15:02.129,6.33783,6.3371,1.5,1
13.08.2021 01:15:02.337,6.337840000000001,6.337090000000001,1.12,1.5
13.08.2021 01:15:02.735,6.33783,6.3371,1.5,1.5
13.08.2021 01:15:02.836,6.33791,6.337180000000001,1.5,1
13.08.2021 01:15:06.795,6.33791,6.337180000000001,1.5,1
13.08.2021 01:15:08.065,6.33792,6.33717,1.5,1
13.08.2021 01:15:08.266,6.33787,6.337180000000001,1,1
13.08.2021 01:15:21.391,6.337840000000001,6.336930000000001,1,1.62
13.08.2021 01:15:28.821,6.337840000000001,6.336930000000001,1,1.62
13.08.2021 01:15:32.827,6.33781,6.337180000000001,1,1
13.08.2021 01:15:51.931,6.33781,6.336930000000001,1,1
13.08.2021 01:15:51.981,6.33781,6.33687,1,1.5
13.08.2021 01:15:52.082,6.33777,6.33708,1,1
13.08.2021 01:15:54.015,6.337750000000001,6.33708,1,1
13.08.2021 01:15:54.065,6.3377,6.33699,1.5,1
13.08.2021 01:15:54.166,6.33762,6.3369100000000005,2.37,1.5
13.08.2021 01:15:54.267,6.33757,6.3369100000000005,1.5,1
13.08.2021 01:15:54.418,6.3373800000000005,6.33667,1.5,1.5
13.08.2021 01:15:54.550,6.33747,6.33676,1.5,1
13.08.2021 01:15:54.752,6.3373800000000005,6.33667,1.5,1.5
13.08.2021 01:15:57.848,6.3373800000000005,6.33667,1.5,1
13.08.2021 01:16:01.059,6.3373,6.33659,1.5,1.5
13.08.2021 01:16:04.177,6.3373,6.33659,1.5,1
13.08.2021 01:16:04.378,6.33725,6.33659,1,1
13.08.2021 01:16:05.033,6.337230000000001,6.3365,1.5,1
13.08.2021 01:16:10.160,6.337140000000001,6.336430000000001,1.5,1.12
13.08.2021 01:16:15.821,6.337140000000001,6.336430000000001,1.5,1
13.08.2021 01:16:23.822,6.337140000000001,6.336430000000001,1.5,1.12
13.08.2021 01:16:28.509,6.33727,6.33654,1.5,1
13.08.2021 01:16:28.673,6.337260000000001,6.33655,1.5,1.5
13.08.2021 01:16:28.892,6.337260000000001,6.33655,1,1.5
13.08.2021 01:16:29.043,6.33737,6.33666,1.5,1
13.08.2021 01:16:32.103,6.3373800000000005,6.336650000000001,1.5,1
13.08.2021 01:16:36.411,6.33737,6.33666,1.5,1
13.08.2021 01:16:36.644,6.33737,6.33666,1.5,1
13.08.2021 01:16:36.745,6.33737,6.3364400000000005,1,1.5
13.08.2021 01:16:46.573,6.33739,6.3364400000000005,1,1.5
13.08.2021 01:16:47.297,6.337350000000001,6.3364,1.5,1.5
13.08.2021 01:16:47.398,6.33727,6.33656,1.5,1
13.08.2021 01:16:47.508,6.3371900000000005,6.336480000000001,1.5,1
13.08.2021 01:16:47.866,6.3371900000000005,6.336480000000001,1.5,1.5
13.08.2021 01:16:55.055,6.33729,6.3365800000000005,1.5,1
13.08.2021 01:16:55.785,6.33717,6.3364400000000005,1.5,1.5
13.08.2021 01:16:56.046,6.33717,6.3364400000000005,1.5,1.5
13.08.2021 01:17:06.982,6.33727,6.33656,1.5,1
13.08.2021 01:17:10.542,6.33727,6.33656,1.5,1
13.08.2021 01:17:10.694,6.33717,6.33649,1,1
13.08.2021 01:17:10.744,6.33717,6.33649,1,1
13.08.2021 01:17:11.071,6.33717,6.33649,1,1
13.08.2021 01:17:24.528,6.33717,6.33649,1,1
13.08.2021 01:17:24.578,6.33711,6.3364,1.5,1
13.08.2021 01:17:24.731,6.33712,6.336390000000001,1.5,1
13.08.2021 01:17:24.930,6.33711,6.3364,1.5,1
13.08.2021 01:17:26.647,6.33704,6.33633,1.5,1
13.08.2021 01:17:28.115,6.33704,6.33633,1.5,1
13.08.2021 01:17:28.335,6.33701,6.33632,1,1
13.08.2021 01:17:28.436,6.33689,6.336180000000001,1.5,1
13.08.2021 01:17:28.539,6.33689,6.336180000000001,1.5,1.5
13.08.2021 01:17:28.747,6.33689,6.336180000000001,1,1.5
13.08.2021 01:17:30.321,6.33689,6.336180000000001,1,1.5
13.08.2021 01:17:31.136,6.3369800000000005,6.33627,1.5,1
13.08.2021 01:17:32.562,6.3369800000000005,6.33627,1,1.5
13.08.2021 01:17:32.763,6.337140000000001,6.3361600000000005,1.5,1.5
13.08.2021 01:17:44.022,6.33699,6.33626,1,1.5
13.08.2021 01:17:44.446,6.3369800000000005,6.33627,1,1.5
13.08.2021 01:17:44.496,6.33711,6.3364,1.5,1
13.08.2021 01:17:49.508,6.33711,6.3364,1.5,1
13.08.2021 01:17:59.736,6.33711,6.3364,1.5,1
13.08.2021 01:17:59.945,6.33711,6.3364,1.5,1
13.08.2021 01:18:02.066,6.33704,6.33633,1.5,1.5
13.08.2021 01:18:17.852,6.33712,6.33641,1.5,1
13.08.2021 01:18:17.902,6.33712,6.33641,1.5,1
13.08.2021 01:18:18.683,6.33712,6.33641,1.5,1
13.08.2021 01:18:20.818,6.33713,6.3364,1.5,1
13.08.2021 01:18:29.649,6.33712,6.33641,1.5,1
13.08.2021 01:18:30.226,6.33713,6.3364,1.5,1
13.08.2021 01:18:31.295,6.33712,6.33641,1.5,1
13.08.2021 01:18:41.671,6.33712,6.33641,1.5,1
13.08.2021 01:18:43.073,6.33713,6.3364,1.5,1
13.08.2021 01:18:44.057,6.33712,6.33641,1.5,1
13.08.2021 01:18:44.107,6.33713,6.3362300000000005,1.5,2.37
13.08.2021 01:18:51.877,6.33699,6.33628,1.5,1
13.08.2021 01:18:54.754,6.33699,6.33628,1.5,1
13.08.2021 01:18:54.855,6.33699,6.33628,1.5,1
13.08.2021 01:18:54.905,6.33703,6.33605,1.5,1.5
13.08.2021 01:18:55.064,6.33707,6.336130000000001,1,1.5
13.08.2021 01:18:55.266,6.33707,6.336130000000001,1,1.62
13.08.2021 01:19:01.362,6.33706,6.33635,1.5,1
13.08.2021 01:19:01.463,6.33706,6.33635,1.5,1
13.08.2021 01:19:02.741,6.33706,6.33635,1.5,1
13.08.2021 01:19:02.791,6.3369800000000005,6.33628,1.5,1
13.08.2021 01:19:02.960,6.33697,6.33628,1,1
13.08.2021 01:19:03.061,6.336880000000001,6.33615,1.5,1.12
13.08.2021 01:19:03.595,6.336880000000001,6.33615,1.5,1.5
13.08.2021 01:19:03.746,6.33695,6.33624,1.5,1
13.08.2021 01:19:03.800,6.33696,6.3362300000000005,1.5,1
13.08.2021 01:19:04.002,6.33695,6.33624,1.5,1
13.08.2021 01:19:07.438,6.33695,6.33624,1.5,1
13.08.2021 01:19:11.107,6.33696,6.3362300000000005,1.5,1
13.08.2021 01:19:11.211,6.33708,6.336130000000001,1.5,1.62
13.08.2021 01:19:11.261,6.33703,6.33632,1.5,1
13.08.2021 01:19:11.311,6.33703,6.33632,1.5,1
13.08.2021 01:19:15.141,6.33704,6.33631,1.5,1
13.08.2021 01:19:16.642,6.336930000000001,6.33622,1.5,1
13.08.2021 01:19:16.793,6.33687,6.3361600000000005,1.5,1.12
13.08.2021 01:19:16.843,6.336880000000001,6.33615,1.5,1
13.08.2021 01:19:17.632,6.33687,6.3361600000000005,1.5,1.12
13.08.2021 01:19:38.013,6.33695,6.33624,1.5,1
13.08.2021 01:19:39.056,6.33695,6.33624,1.5,1
13.08.2021 01:19:39.267,6.33695,6.33624,1.5,1
13.08.2021 01:19:41.835,6.33687,6.33614,1.5,1.5
13.08.2021 01:19:46.322,6.33686,6.33615,1.5,1
13.08.2021 01:19:52.148,6.33686,6.33615,1.5,1
13.08.2021 01:20:00.229,6.33697,6.336030000000001,1.5,1
13.08.2021 01:20:11.949,6.33686,6.33615,1.5,1
13.08.2021 01:21:16.258,6.336830000000001,6.33614,1.5,1
13.08.2021 01:21:34.404,6.33687,6.335990000000001,1,1.5
13.08.2021 01:21:34.454,6.33682,6.335940000000001,1.5,1.5
13.08.2021 01:21:34.656,6.33677,6.335940000000001,1,1
13.08.2021 01:21:34.968,6.33671,6.336030000000001,1.5,1
13.08.2021 01:21:35.139,6.33664,6.33593,1.5,1
13.08.2021 01:21:35.297,6.33664,6.33593,1.5,1
13.08.2021 01:21:35.548,6.33664,6.33593,1.5,1
13.08.2021 01:21:36.086,6.336650000000001,6.33601,1,1
13.08.2021 01:21:36.224,6.33672,6.336,1.5,1
13.08.2021 01:21:47.412,6.336780000000001,6.33587,1.62,1.5
13.08.2021 01:21:47.579,6.33677,6.3361,1.5,1
13.08.2021 01:21:50.559,6.33673,6.33602,1.5,1
13.08.2021 01:21:51.322,6.33673,6.33602,1.5,1
13.08.2021 01:22:01.537,6.33687,6.33598,1.5,1.5
13.08.2021 01:22:01.896,6.336880000000001,6.33602,1.5,1
13.08.2021 01:22:02.063,6.33681,6.3361,1.5,1
13.08.2021 01:22:02.488,6.33681,6.3361,1.5,1
13.08.2021 01:22:02.689,6.33681,6.3361,1.5,1
13.08.2021 01:22:03.048,6.33681,6.3361,1.5,1
13.08.2021 01:22:04.333,6.33681,6.3361,1.5,1
13.08.2021 01:22:04.520,6.33675,6.336040000000001,1.5,1
13.08.2021 01:22:33.049,6.33677,6.33588,1.5,1.5
13.08.2021 01:22:34.575,6.33675,6.336040000000001,1.5,1
13.08.2021 01:22:48.327,6.336780000000001,6.33607,1.62,1
13.08.2021 01:22:56.154,6.336790000000001,6.336080000000001,1.5,1
13.08.2021 01:22:56.314,6.336780000000001,6.33607,1.5,1
13.08.2021 01:22:57.866,6.336790000000001,6.336080000000001,1.5,1
13.08.2021 01:22:57.947,6.33682,6.33593,1.5,1.5
13.08.2021 01:22:59.674,6.33682,6.33614,1.5,1
13.08.2021 01:23:00.725,6.33682,6.33614,1.5,1
13.08.2021 01:23:09.358,6.33685,6.33614,1.5,1
13.08.2021 01:23:27.927,6.33687,6.33598,1.62,1.5
13.08.2021 01:23:30.420,6.33685,6.33614,1.5,1
13.08.2021 01:24:09.826,6.33685,6.33614,1.5,1
13.08.2021 01:24:09.928,6.33682,6.33614,1.5,1
13.08.2021 01:24:09.978,6.33671,6.336040000000001,1.5,1
13.08.2021 01:24:10.129,6.33671,6.336040000000001,1.5,1
13.08.2021 01:24:11.566,6.336780000000001,6.33612,1.5,1
13.08.2021 01:24:11.667,6.336780000000001,6.33612,1.5,1
13.08.2021 01:24:12.087,6.3368400000000005,6.336130000000001,1.5,1.12
13.08.2021 01:24:12.342,6.33695,6.33624,1.5,1
13.08.2021 01:24:12.392,6.33695,6.33624,1.5,1
13.08.2021 01:24:22.499,6.336880000000001,6.33617,1.5,1
13.08.2021 01:24:22.550,6.33689,6.3361600000000005,1.5,1
13.08.2021 01:24:22.704,6.336880000000001,6.33617,1.5,1
13.08.2021 01:24:22.941,6.336880000000001,6.33617,1.5,1
13.08.2021 01:24:28.409,6.33689,6.3361600000000005,1.5,1
13.08.2021 01:24:29.571,6.33682,6.336110000000001,1.5,1
13.08.2021 01:24:29.621,6.336830000000001,6.3361,2,1
13.08.2021 01:24:30.355,6.33682,6.336110000000001,2,1
13.08.2021 01:24:31.328,6.33682,6.336110000000001,2,1
13.08.2021 01:24:36.304,6.33677,6.336110000000001,1.5,1
13.08.2021 01:24:50.353,6.336780000000001,6.33587,1.62,1.5
13.08.2021 01:24:58.177,6.33673,6.33602,1.5,1
13.08.2021 01:24:58.281,6.33673,6.33602,1.5,1
13.08.2021 01:24:58.383,6.33667,6.33602,1,1
13.08.2021 01:24:58.484,6.33666,6.33593,1.5,1
13.08.2021 01:24:58.614,6.336650000000001,6.335940000000001,1.5,1
13.08.2021 01:25:06.323,6.33666,6.33593,1.5,1
13.08.2021 01:25:09.368,6.336650000000001,6.335940000000001,1.5,1
13.08.2021 01:25:09.418,6.3365,6.33579,1.5,1
13.08.2021 01:25:09.469,6.336380000000001,6.33567,1,1.5
13.08.2021 01:25:09.570,6.336380000000001,6.33567,1.5,1
13.08.2021 01:25:09.804,6.336380000000001,6.33567,1.5,1
13.08.2021 01:25:10.070,6.3364400000000005,6.3357600000000005,1.5,1
13.08.2021 01:25:13.918,6.336340000000001,6.335630000000001,1.5,1
13.08.2021 01:25:25.028,6.33647,6.33577,1,1
13.08.2021 01:25:25.178,6.336480000000001,6.33577,2,1
13.08.2021 01:25:25.392,6.33649,6.3357600000000005,1.5,1.5
13.08.2021 01:25:29.667,6.33655,6.33584,1.5,1
13.08.2021 01:25:29.768,6.33656,6.335850000000001,1.5,1
13.08.2021 01:25:30.726,6.33654,6.335850000000001,1.5,1
13.08.2021 01:25:31.136,6.33647,6.335850000000001,1,1
13.08.2021 01:25:31.344,6.33647,6.335850000000001,1,1
13.08.2021 01:25:41.067,6.33645,6.33546,1.5,1.5
13.08.2021 01:25:42.945,6.33636,6.335630000000001,1.5,1
13.08.2021 01:25:46.039,6.336250000000001,6.335540000000001,1.5,1
13.08.2021 01:25:47.598,6.336250000000001,6.335540000000001,1.5,1
13.08.2021 01:25:47.784,6.336250000000001,6.335540000000001,1.5,1
13.08.2021 01:25:48.924,6.336130000000001,6.33542,1.5,1.5
13.08.2021 01:25:48.974,6.336130000000001,6.33542,1.5,1
13.08.2021 01:25:49.178,6.336130000000001,6.33542,1.5,1.12
13.08.2021 01:25:50.426,6.336130000000001,6.33542,1,1.5
13.08.2021 01:25:50.628,6.33614,6.33541,1,1.5
13.08.2021 01:25:51.803,6.33622,6.33551,1.5,1
13.08.2021 01:25:51.903,6.33622,6.33551,1.12,1.5
13.08.2021 01:25:56.151,6.33622,6.33551,1.5,1
13.08.2021 01:25:58.505,6.3362300000000005,6.335500000000001,1.5,1
13.08.2021 01:26:07.884,6.336290000000001,6.335330000000001,1.5,1.5
13.08.2021 01:26:14.985,6.33633,6.33539,1.5,2
13.08.2021 01:26:16.399,6.33633,6.335430000000001,1,1.5
13.08.2021 01:26:19.088,6.336390000000001,6.33552,1.5,1
13.08.2021 01:26:19.190,6.336390000000001,6.335450000000001,1.5,1.5
13.08.2021 01:26:21.707,6.33633,6.335430000000001,1.5,1
13.08.2021 01:26:22.008,6.33622,6.33551,1.5,1
13.08.2021 01:26:24.650,6.33622,6.33551,1.5,1.12
13.08.2021 01:26:24.851,6.33622,6.33551,1.12,1.5
13.08.2021 01:26:25.351,6.33622,6.33553,1,1.62
13.08.2021 01:26:27.868,6.3363000000000005,6.335590000000001,1.5,1
13.08.2021 01:26:31.880,6.3363000000000005,6.335590000000001,1.5,1.12
13.08.2021 01:26:34.948,6.3363000000000005,6.335590000000001,1.5,1
13.08.2021 01:26:35.113,6.33631,6.33558,1.5,1
13.08.2021 01:26:42.415,6.3362300000000005,6.33552,1,1.5
13.08.2021 01:26:42.705,6.33631,6.3356,1.5,1
13.08.2021 01:26:43.088,6.3362300000000005,6.33552,1,1.5
13.08.2021 01:26:43.302,6.33626,6.33553,1,1.5
13.08.2021 01:26:43.403,6.336340000000001,6.33566,1,1
13.08.2021 01:26:43.503,6.336340000000001,6.33566,1,1
13.08.2021 01:26:43.664,6.336290000000001,6.33556,1,1.5
13.08.2021 01:26:43.799,6.33628,6.33557,1.5,1.5
13.08.2021 01:26:43.900,6.33621,6.335500000000001,1,1.5
13.08.2021 01:26:46.519,6.33621,6.335500000000001,1,1.5
13.08.2021 01:26:48.990,6.33632,6.33561,1.5,1.12
13.08.2021 01:26:51.417,6.33641,6.3357,1.5,1
13.08.2021 01:26:55.397,6.33642,6.3356900000000005,1.5,1
13.08.2021 01:27:04.203,6.336430000000001,6.33552,1,1.62
13.08.2021 01:27:04.354,6.336480000000001,6.33577,1.5,1
13.08.2021 01:27:04.404,6.336480000000001,6.33577,1,1.5
13.08.2021 01:27:04.455,6.33654,6.3358300000000005,1.5,1
13.08.2021 01:27:13.718,6.33654,6.3358300000000005,1.5,1
13.08.2021 01:27:15.067,6.336480000000001,6.33577,1.5,1.5
13.08.2021 01:27:16.530,6.336480000000001,6.33577,1.5,1
13.08.2021 01:27:16.781,6.336480000000001,6.33577,1.5,1
13.08.2021 01:27:36.380,6.33652,6.33556,1,1.5
13.08.2021 01:27:45.379,6.336480000000001,6.33577,1.5,1
13.08.2021 01:27:48.437,6.336390000000001,6.335680000000001,1.5,1
13.08.2021 01:27:48.664,6.336390000000001,6.335680000000001,1.5,1
13.08.2021 01:27:48.878,6.3364,6.33567,1.5,1
13.08.2021 01:27:52.751,6.3364,6.33567,1.5,1
13.08.2021 01:27:52.852,6.33626,6.3355500000000005,1,1.5
13.08.2021 01:27:52.953,6.33626,6.3355500000000005,1.5,1
13.08.2021 01:27:53.154,6.33626,6.3355500000000005,1.5,1
13.08.2021 01:27:57.881,6.33626,6.3355500000000005,1.5,1
13.08.2021 01:28:01.778,6.33637,6.33539,1,1.5
13.08.2021 01:28:01.893,6.33633,6.335330000000001,1.5,2.37
13.08.2021 01:28:14.946,6.33633,6.335330000000001,1.62,2.37
13.08.2021 01:28:19.009,6.336390000000001,6.33544,1,1.5
13.08.2021 01:28:26.951,6.33626,6.3355500000000005,1.5,1
13.08.2021 01:28:45.093,6.33637,6.33539,1,1.5
13.08.2021 01:28:46.398,6.33633,6.335380000000001,1,1.5
13.08.2021 01:28:48.336,6.33635,6.33544,1,1.5
13.08.2021 01:28:53.261,6.33627,6.335540000000001,1.5,1
13.08.2021 01:29:07.822,6.3364400000000005,6.33547,1.62,1.5
13.08.2021 01:29:10.473,6.336390000000001,6.335430000000001,1.5,1.5
13.08.2021 01:29:12.667,6.33637,6.33539,1,1.5
13.08.2021 01:29:18.275,6.33637,6.33539,1,1.5
13.08.2021 01:29:23.288,6.33626,6.3355500000000005,1.5,1
13.08.2021 01:29:23.823,6.33626,6.3355500000000005,1.5,1
13.08.2021 01:29:25.651,6.33626,6.3355500000000005,1.5,1
13.08.2021 01:29:33.475,6.33632,6.33542,1.5,1
13.08.2021 01:29:33.625,6.33637,6.33544,1,1.5
13.08.2021 01:29:34.708,6.33631,6.33544,1.5,1.5
13.08.2021 01:29:38.368,6.33631,6.33541,1.5,1.5
13.08.2021 01:29:38.573,6.33619,6.3354800000000004,1.5,1
13.08.2021 01:29:40.322,6.33619,6.3354800000000004,1.5,1
13.08.2021 01:29:44.817,6.33619,6.3354800000000004,1.5,1
13.08.2021 01:29:45.018,6.336200000000001,6.33547,1,1.5
13.08.2021 01:29:46.750,6.33619,6.3354800000000004,1.5,1.5
13.08.2021 01:29:47.752,6.33626,6.3355500000000005,1.5,1
13.08.2021 01:29:51.760,6.33626,6.3355500000000005,1.5,1
13.08.2021 01:30:00.814,6.33633,6.335330000000001,1.5,1.5
13.08.2021 01:30:02.822,6.33627,6.335330000000001,1,2.37
13.08.2021 01:30:05.324,6.33627,6.335330000000001,1,2.37
13.08.2021 01:30:06.366,6.33615,6.33544,1.5,1
13.08.2021 01:30:06.519,6.33615,6.33544,1.5,1
13.08.2021 01:30:09.692,6.33617,6.33553,1,1
13.08.2021 01:30:09.743,6.335990000000001,6.335280000000001,1.12,1.5
13.08.2021 01:30:09.893,6.335990000000001,6.335280000000001,1.5,1.5
13.08.2021 01:30:13.910,6.336,6.33527,1.12,1.5
13.08.2021 01:30:20.229,6.336080000000001,6.33537,1.5,1
13.08.2021 01:30:20.523,6.336080000000001,6.33537,1.5,1
13.08.2021 01:30:22.440,6.336080000000001,6.33537,1.5,1
13.08.2021 01:30:27.112,6.336080000000001,6.33537,1.5,1
13.08.2021 01:30:27.213,6.336080000000001,6.33537,1.5,1
13.08.2021 01:30:27.467,6.33609,6.3353600000000005,1.5,1
13.08.2021 01:30:27.774,6.336080000000001,6.33537,1.5,1
13.08.2021 01:30:27.925,6.3361600000000005,6.335190000000001,1,2
13.08.2021 01:30:27.975,6.33601,6.3353,1,1.5
13.08.2021 01:30:28.026,6.33601,6.3353,1.5,1.5
13.08.2021 01:30:28.127,6.33606,6.33535,1.5,1
13.08.2021 01:30:28.227,6.33607,6.33534,1.5,1.5
13.08.2021 01:30:29.399,6.33606,6.33535,1.5,1
13.08.2021 01:30:29.550,6.33597,6.33532,1,1.5
13.08.2021 01:30:31.388,6.33609,6.335380000000001,1.5,1
13.08.2021 01:30:31.539,6.33596,6.335230000000001,1,1.5
13.08.2021 01:30:31.590,6.33595,6.335240000000001,1.5,1
13.08.2021 01:30:31.799,6.33584,6.33513,1.5,1.5
13.08.2021 01:30:31.900,6.33584,6.33513,1.5,1
13.08.2021 01:30:32.426,6.33574,6.335030000000001,1,1.5
13.08.2021 01:30:32.477,6.33574,6.335030000000001,1.5,1.5
13.08.2021 01:30:35.334,6.33574,6.335030000000001,1.5,1
13.08.2021 01:30:35.536,6.33574,6.335030000000001,1.5,1
13.08.2021 01:30:36.213,6.335630000000001,6.33492,1.5,1
13.08.2021 01:30:38.064,6.335630000000001,6.33492,1.5,1.12
13.08.2021 01:30:38.268,6.335630000000001,6.33492,1,1.5
13.08.2021 01:30:38.469,6.335630000000001,6.33492,1.5,1.5
13.08.2021 01:30:41.183,6.335640000000001,6.33491,1,1.5
13.08.2021 01:30:42.048,6.335630000000001,6.33492,1.5,1.12
13.08.2021 01:30:42.242,6.335630000000001,6.33492,1.5,1
13.08.2021 01:30:42.432,6.335630000000001,6.33492,1.5,1
13.08.2021 01:30:43.056,6.335630000000001,6.33492,1.5,1
13.08.2021 01:30:43.258,6.335630000000001,6.33492,1.5,1
13.08.2021 01:30:43.460,6.335630000000001,6.33492,1.5,1
13.08.2021 01:30:46.760,6.33572,6.334790000000001,1,1.5
13.08.2021 01:30:46.810,6.33561,6.33478,1,1.5
13.08.2021 01:30:46.911,6.335450000000001,6.33472,1,1.5
13.08.2021 01:30:47.011,6.33544,6.33473,1.5,1.5
13.08.2021 01:30:52.886,6.33544,6.33473,1.5,1.5
13.08.2021 01:30:53.932,6.33544,6.33473,1.5,1.5
13.08.2021 01:30:55.350,6.33544,6.33473,1,1.5
13.08.2021 01:30:56.829,6.3353600000000005,6.33465,1,1.5
13.08.2021 01:30:56.930,6.33526,6.33455,1,1.5
13.08.2021 01:30:56.980,6.33539,6.3345400000000005,1,2
13.08.2021 01:30:57.098,6.335380000000001,6.3345400000000005,1,2
13.08.2021 01:30:57.288,6.335380000000001,6.3346800000000005,1,1
13.08.2021 01:30:57.338,6.3353,6.33459,1.12,1.5
13.08.2021 01:30:57.490,6.3353,6.33459,1.5,1
13.08.2021 01:30:57.832,6.33522,6.33451,1,1.5
13.08.2021 01:30:58.524,6.33522,6.33451,1.5,1.5
13.08.2021 01:31:00.244,6.33522,6.33451,1.5,1
13.08.2021 01:31:00.345,6.33516,6.3345,1,1
13.08.2021 01:31:00.495,6.33507,6.33451,1,1
13.08.2021 01:31:00.596,6.3350100000000005,6.334300000000001,1.5,1
13.08.2021 01:31:00.646,6.33499,6.334300000000001,1.5,1
13.08.2021 01:31:00.747,6.334890000000001,6.334180000000001,1,1.5
13.08.2021 01:31:01.000,6.334890000000001,6.334210000000001,1,1.5
13.08.2021 01:31:01.471,6.33504,6.3343300000000005,1.5,1.5
13.08.2021 01:31:05.419,6.33504,6.3343300000000005,1.5,1
13.08.2021 01:31:07.033,6.33504,6.3343300000000005,1.5,1.5
13.08.2021 01:31:08.934,6.33504,6.3343300000000005,1.5,1
13.08.2021 01:31:10.260,6.33504,6.3343300000000005,1.5,1.5
13.08.2021 01:31:16.733,6.33507,6.33427,1,1.5
13.08.2021 01:31:17.908,6.33511,6.3344000000000005,1.5,1
13.08.2021 01:31:31.932,6.33511,6.3344000000000005,1,1.5
13.08.2021 01:31:32.033,6.335190000000001,6.334490000000001,1,1
13.08.2021 01:31:32.845,6.3352,6.334480000000001,1,1.5
13.08.2021 01:31:35.136,6.3352,6.334490000000001,1,1.5
13.08.2021 01:31:41.651,6.3352,6.334490000000001,1.12,1.5
13.08.2021 01:32:15.322,6.3352,6.334490000000001,1,1.5
13.08.2021 01:32:17.627,6.3352,6.334490000000001,1.5,1
13.08.2021 01:32:17.678,6.33513,6.33442,1,1.5
13.08.2021 01:32:17.830,6.335140000000001,6.33441,1.5,1
13.08.2021 01:32:17.880,6.33513,6.33442,1.5,1
13.08.2021 01:32:18.155,6.33513,6.33442,1.5,1
13.08.2021 01:32:18.450,6.33506,6.3343300000000005,1.5,1.5
13.08.2021 01:32:18.606,6.335050000000001,6.33434,1.5,1
13.08.2021 01:32:19.748,6.335050000000001,6.33434,1.5,1
13.08.2021 01:32:19.878,6.335050000000001,6.33434,1.5,1
13.08.2021 01:32:20.136,6.33506,6.3343300000000005,1.5,1
13.08.2021 01:32:20.338,6.33509,6.3344000000000005,1,1
13.08.2021 01:32:23.068,6.33504,6.3343300000000005,1,1.5
13.08.2021 01:32:23.338,6.33504,6.3343300000000005,1.5,1.5
13.08.2021 01:32:39.544,6.335100000000001,6.33441,1.62,1
13.08.2021 01:32:39.649,6.335050000000001,6.33441,1.5,1
13.08.2021 01:32:39.700,6.334980000000001,6.33427,1.5,1
13.08.2021 01:32:39.801,6.33499,6.3342600000000004,1.5,1.12
13.08.2021 01:32:39.961,6.334980000000001,6.33427,1,1.5
13.08.2021 01:32:40.917,6.33507,6.33434,1.5,1
13.08.2021 01:32:41.068,6.33506,6.334350000000001,1,1.5
13.08.2021 01:32:42.028,6.3351500000000005,6.33445,1.5,1
13.08.2021 01:32:43.501,6.3351500000000005,6.33445,1.5,1.12
13.08.2021 01:32:43.946,6.33516,6.334440000000001,1,1.5
13.08.2021 01:32:44.047,6.33516,6.33445,1,1.5
13.08.2021 01:32:44.381,6.33516,6.33445,1.5,1.5
13.08.2021 01:32:44.587,6.33516,6.33445,1,1.5
13.08.2021 01:32:45.450,6.335240000000001,6.334530000000001,1.5,1
13.08.2021 01:32:46.855,6.335240000000001,6.334530000000001,1.5,1.5
13.08.2021 01:32:49.809,6.33525,6.33452,1.5,1
13.08.2021 01:32:51.832,6.33516,6.33445,1,1.5
13.08.2021 01:32:54.322,6.33516,6.33445,1,1.5
13.08.2021 01:32:54.789,6.33516,6.33445,1,1.5
13.08.2021 01:32:58.411,6.33516,6.33445,1.12,1.5
13.08.2021 01:33:00.242,6.33525,6.33452,1.5,1
13.08.2021 01:33:00.434,6.33513,6.33442,1,1.5
13.08.2021 01:33:01.859,6.33513,6.33442,1,1.5
13.08.2021 01:33:06.038,6.33513,6.33442,1,1.5
13.08.2021 01:33:09.979,6.33513,6.33442,1.5,1.5
13.08.2021 01:33:12.324,6.33513,6.33442,1,1.5
13.08.2021 01:33:12.686,6.3352,6.334490000000001,1.5,1.5
13.08.2021 01:33:12.737,6.3352,6.334490000000001,1.5,1
13.08.2021 01:33:15.483,6.33513,6.33442,1,1.5
13.08.2021 01:33:15.709,6.33513,6.33442,1.5,1.5
13.08.2021 01:33:15.911,6.33507,6.33436,1.12,1.5
13.08.2021 01:33:16.101,6.33507,6.33436,1.5,1
13.08.2021 01:33:18.752,6.3350800000000005,6.334350000000001,1.5,1.5
13.08.2021 01:33:21.944,6.33507,6.33436,1,1.5
13.08.2021 01:33:22.108,6.3351500000000005,6.334440000000001,1.5,1
13.08.2021 01:33:25.323,6.3351500000000005,6.334440000000001,1.5,1
13.08.2021 01:33:26.867,6.3351500000000005,6.334440000000001,1.5,1
13.08.2021 01:33:27.069,6.33516,6.33443,1.5,1
13.08.2021 01:33:30.704,6.3351500000000005,6.334440000000001,1.5,1.5
13.08.2021 01:33:32.063,6.33526,6.33437,1.5,1.5
13.08.2021 01:33:32.429,6.33526,6.33437,1.5,1.5
13.08.2021 01:33:33.323,6.33521,6.33432,1.5,1.5
13.08.2021 01:33:36.293,6.33521,6.33432,1.5,1.5
13.08.2021 01:33:38.224,6.33526,6.33437,1.5,1.5
13.08.2021 01:33:40.822,6.33526,6.33437,1.5,1.5
13.08.2021 01:33:52.222,6.33526,6.33437,1.5,1.5
13.08.2021 01:33:52.486,6.3351500000000005,6.334440000000001,1,1.5
13.08.2021 01:33:55.133,6.3351500000000005,6.334440000000001,1.5,1.5
13.08.2021 01:34:04.467,6.3351500000000005,6.334440000000001,1.5,1.5
13.08.2021 01:34:12.323,6.33516,6.33443,1.5,1.5
13.08.2021 01:34:13.145,6.33526,6.33437,1.5,1.5
13.08.2021 01:34:13.307,6.33526,6.33437,1.5,1.5
13.08.2021 01:34:35.467,6.335140000000001,6.33443,1.5,1.12
13.08.2021 01:34:35.832,6.335140000000001,6.33443,1.5,1
13.08.2021 01:34:38.730,6.3351500000000005,6.33442,1.5,1
13.08.2021 01:34:39.729,6.33506,6.3343300000000005,1.5,1.5
13.08.2021 01:34:39.821,6.335050000000001,6.33434,1.5,1
13.08.2021 01:34:40.460,6.335050000000001,6.33434,1,1.5
13.08.2021 01:34:40.606,6.3351500000000005,6.334440000000001,2,1
13.08.2021 01:34:45.027,6.33507,6.33436,1.12,1.5
13.08.2021 01:34:45.229,6.334880000000001,6.33427,1,1.5
13.08.2021 01:34:45.434,6.334880000000001,6.33417,1,1.5
13.08.2021 01:34:51.323,6.334880000000001,6.33417,1.5,1.5
13.08.2021 01:34:55.508,6.334880000000001,6.33417,1,1.5
13.08.2021 01:34:58.014,6.33499,6.3341,1.5,1.5
13.08.2021 01:35:04.406,6.335050000000001,6.33419,1.5,1.5
13.08.2021 01:35:04.456,6.33509,6.33432,1,1
13.08.2021 01:35:04.561,6.33509,6.33437,1,1
13.08.2021 01:35:04.612,6.33527,6.33437,1,1.5
13.08.2021 01:35:18.873,6.33532,6.33437,1.5,1.5
13.08.2021 01:35:19.917,6.335330000000001,6.33436,1.5,1.5
13.08.2021 01:35:23.859,6.335330000000001,6.33436,1.5,1.5
13.08.2021 01:35:34.832,6.33532,6.33437,1.5,1.5
13.08.2021 01:35:35.033,6.33527,6.33437,1,1.5
13.08.2021 01:35:47.956,6.33526,6.33432,1.5,1.5
13.08.2021 01:35:48.169,6.3350800000000005,6.33416,1.5,1.5
13.08.2021 01:36:00.367,6.33507,6.33416,1,1.5
13.08.2021 01:36:00.567,6.335100000000001,6.3342600000000004,1,1.5
13.08.2021 01:36:01.323,6.335100000000001,6.33427,1.5,1.5
13.08.2021 01:36:08.545,6.335100000000001,6.33427,1.5,1.5
13.08.2021 01:36:08.762,6.33507,6.334130000000001,1,1
13.08.2021 01:36:09.980,6.3350800000000005,6.33412,1,1
13.08.2021 01:36:10.181,6.33507,6.334130000000001,1,1
13.08.2021 01:36:12.387,6.33507,6.334130000000001,1.5,1
13.08.2021 01:36:12.588,6.33512,6.33417,1,1.5
13.08.2021 01:36:13.607,6.33495,6.33424,1,1.5
13.08.2021 01:36:15.857,6.335050000000001,6.33434,1.5,1
13.08.2021 01:36:16.012,6.335050000000001,6.33434,1,1.5
13.08.2021 01:36:16.510,6.33513,6.33442,1.5,1.12
13.08.2021 01:36:16.883,6.33513,6.33442,1.12,1.5
13.08.2021 01:36:19.168,6.33513,6.33442,1,1.5
13.08.2021 01:36:24.173,6.3352,6.334490000000001,1.5,1
13.08.2021 01:36:24.872,6.3352,6.334490000000001,1.5,1.5
13.08.2021 01:36:25.124,6.3352,6.334490000000001,1,1.5
13.08.2021 01:36:25.275,6.335330000000001,6.33462,1.5,1
13.08.2021 01:36:25.325,6.335450000000001,6.33472,1.12,1.5
13.08.2021 01:36:25.629,6.33544,6.33473,1.5,1
13.08.2021 01:36:25.830,6.335450000000001,6.33472,1.5,1.5
13.08.2021 01:36:30.386,6.335380000000001,6.33467,1,1.5
13.08.2021 01:36:40.741,6.335380000000001,6.33467,1.12,1.5
13.08.2021 01:36:40.942,6.33522,6.33451,1,1.5
13.08.2021 01:36:40.993,6.33522,6.33451,1,1.5
13.08.2021 01:36:41.094,6.33531,6.334580000000001,1.12,1.5
13.08.2021 01:36:41.195,6.33531,6.334580000000001,1.5,1.12
13.08.2021 01:36:41.373,6.3353,6.33459,1.12,1.5
13.08.2021 01:36:41.575,6.3353,6.33459,1,1.5
13.08.2021 01:36:42.375,6.33544,6.33473,1.12,1.5
13.08.2021 01:37:01.008,6.33549,6.33459,1.5,1.5
13.08.2021 01:37:01.174,6.3353,6.33459,1.5,1
13.08.2021 01:37:01.352,6.33521,6.3345,1.12,1.5
13.08.2021 01:37:03.822,6.33521,6.3345,2,1.12
13.08.2021 01:37:04.417,6.335140000000001,6.33441,1,1.5
13.08.2021 01:37:04.468,6.33513,6.33442,1.5,1
13.08.2021 01:37:04.585,6.33513,6.33442,1.5,1
13.08.2021 01:37:05.431,6.33513,6.33442,1.5,1
13.08.2021 01:37:05.482,6.33504,6.33431,1.5,1.5
13.08.2021 01:37:05.593,6.33504,6.33431,1.5,1
13.08.2021 01:37:06.932,6.335030000000001,6.33432,1.5,1
13.08.2021 01:37:06.982,6.334960000000001,6.33425,1.5,1.5
13.08.2021 01:37:19.382,6.334960000000001,6.33425,1.5,1
13.08.2021 01:37:21.030,6.334960000000001,6.33425,1.5,1
13.08.2021 01:37:21.081,6.334880000000001,6.33417,1.5,1.5
13.08.2021 01:37:21.243,6.33495,6.33405,1.5,1.5
13.08.2021 01:37:21.432,6.334790000000001,6.33406,1,1.5
13.08.2021 01:37:21.973,6.33486,6.33415,1.5,1.5
13.08.2021 01:37:24.933,6.33497,6.33411,1,1.5
13.08.2021 01:37:27.752,6.334960000000001,6.33427,1.5,1.5
13.08.2021 01:37:27.903,6.33507,6.33436,1.5,1
13.08.2021 01:37:27.953,6.33507,6.33436,1.5,1.5
13.08.2021 01:37:28.135,6.33507,6.33436,1.5,1
13.08.2021 01:37:30.295,6.33495,6.33424,1.5,1.5
13.08.2021 01:37:32.466,6.335050000000001,6.33432,1.5,1
13.08.2021 01:37:32.782,6.33495,6.33424,1.5,1.5
13.08.2021 01:37:33.699,6.33495,6.33424,1.5,1.5
13.08.2021 01:37:34.478,6.33495,6.33424,1.5,1.5
13.08.2021 01:37:50.879,6.335030000000001,6.334300000000001,1.5,1
13.08.2021 01:37:51.030,6.335140000000001,6.33443,1.5,1
13.08.2021 01:37:51.130,6.3351500000000005,6.33442,1.5,1.5
13.08.2021 01:37:51.560,6.335140000000001,6.33443,1.12,1.5
13.08.2021 01:37:58.383,6.335140000000001,6.33443,1,1.5
13.08.2021 01:38:01.355,6.3351500000000005,6.33442,1,1.5
13.08.2021 01:38:02.420,6.335330000000001,6.33462,1,1.5
13.08.2021 01:38:02.622,6.335330000000001,6.33462,1.5,1.5
13.08.2021 01:38:05.649,6.335330000000001,6.33462,1.5,1
13.08.2021 01:38:06.323,6.33534,6.3346100000000005,1.5,1
13.08.2021 01:38:06.776,6.33534,6.3346100000000005,1.5,1.5
13.08.2021 01:38:06.978,6.335330000000001,6.33462,1,1.5
13.08.2021 01:38:08.038,6.335430000000001,6.3345400000000005,1.5,2
13.08.2021 01:38:14.407,6.335540000000001,6.33464,1.5,1.5
13.08.2021 01:38:14.566,6.335590000000001,6.334700000000001,1.5,1.5
13.08.2021 01:38:16.276,6.335590000000001,6.334700000000001,1.5,1.5
13.08.2021 01:38:19.138,6.33541,6.334700000000001,1,1.5
13.08.2021 01:38:21.820,6.33541,6.334700000000001,1,1.5
13.08.2021 01:38:30.849,6.33549,6.33478,1.5,1
13.08.2021 01:38:31.048,6.33547,6.33478,1.62,1
13.08.2021 01:38:31.110,6.33547,6.3346,1.62,1.5
13.08.2021 01:38:31.211,6.3354800000000004,6.33459,1.62,1.5
13.08.2021 01:38:37.322,6.33537,6.3346,1,1.5
13.08.2021 01:38:42.306,6.335330000000001,6.33462,1.5,1
13.08.2021 01:38:42.407,6.3352,6.334490000000001,1,1.5
13.08.2021 01:38:42.526,6.33521,6.334480000000001,1.5,1.12
13.08.2021 01:38:44.980,6.33518,6.334480000000001,1,1
13.08.2021 01:38:45.031,6.3350800000000005,6.33437,1.12,1.5
13.08.2021 01:38:45.181,6.33509,6.33436,1.5,1.12
13.08.2021 01:38:59.305,6.3350800000000005,6.33437,1,1.5
13.08.2021 01:38:59.406,6.33517,6.334230000000001,1,1.5
13.08.2021 01:39:00.255,6.33517,6.33415,1,2
13.08.2021 01:39:12.374,6.33517,6.33415,1,2
13.08.2021 01:39:12.576,6.334960000000001,6.33425,1.5,1.5
13.08.2021 01:39:16.324,6.334960000000001,6.33425,1.5,1.12
13.08.2021 01:39:16.838,6.334960000000001,6.33425,1,1.5
13.08.2021 01:39:16.888,6.335030000000001,6.33432,1.5,1.12
13.08.2021 01:39:17.049,6.335030000000001,6.33432,1.12,1.5
13.08.2021 01:39:17.240,6.33504,6.33431,1,1.5
13.08.2021 01:39:22.025,6.33513,6.33442,1.5,1.12
13.08.2021 01:39:22.216,6.33513,6.33442,1,1.5
13.08.2021 01:39:23.578,6.33513,6.33442,1,1.5
13.08.2021 01:39:23.628,6.3352,6.334490000000001,1.5,1.5
13.08.2021 01:39:23.778,6.3352,6.334490000000001,1,1.5
13.08.2021 01:39:24.323,6.3352,6.334490000000001,1.12,1.5
13.08.2021 01:39:25.242,6.3352,6.334490000000001,1.5,1
13.08.2021 01:39:27.393,6.33521,6.334480000000001,1.5,1.5
13.08.2021 01:39:29.053,6.33527,6.33456,1.62,1.5
13.08.2021 01:39:31.387,6.33542,6.33471,1.5,1
13.08.2021 01:39:31.716,6.335430000000001,6.334700000000001,1.5,1
13.08.2021 01:39:31.817,6.33532,6.3346100000000005,1,1.5
13.08.2021 01:39:33.960,6.33532,6.3346100000000005,1,1.5
13.08.2021 01:39:34.243,6.33532,6.3346100000000005,1,1.5
13.08.2021 01:39:34.802,6.335430000000001,6.33472,1.5,1.5
13.08.2021 01:39:34.956,6.335430000000001,6.33472,1.5,1
13.08.2021 01:39:36.898,6.33551,6.334580000000001,1.5,1.5
13.08.2021 01:39:37.360,6.33551,6.334580000000001,1.5,1.5
13.08.2021 01:39:37.511,6.3354800000000004,6.33457,1,1.5
13.08.2021 01:39:39.490,6.3353600000000005,6.33465,1.12,1.5
13.08.2021 01:39:45.550,6.3354800000000004,6.3346,1,1.5
13.08.2021 01:39:45.651,6.33556,6.334630000000001,1.5,1.5
13.08.2021 01:39:51.190,6.33565,6.3349400000000005,1.5,1
13.08.2021 01:39:51.257,6.33565,6.3349400000000005,1.5,1
13.08.2021 01:39:51.488,6.33565,6.3349400000000005,1.12,1.5
13.08.2021 01:39:51.689,6.33565,6.3349400000000005,1,1.5
13.08.2021 01:39:55.382,6.33565,6.3349400000000005,1,1.5
13.08.2021 01:39:55.564,6.33574,6.3350100000000005,1.5,1
13.08.2021 01:39:55.665,6.33561,6.3349400000000005,1,1.5
13.08.2021 01:39:55.765,6.33557,6.33486,1.5,1
13.08.2021 01:39:55.960,6.33557,6.33486,1.5,1
13.08.2021 01:39:56.533,6.33557,6.33486,1.5,1
13.08.2021 01:39:56.800,6.335500000000001,6.334790000000001,1.5,1
13.08.2021 01:40:04.812,6.33542,6.33471,1,1.5
13.08.2021 01:40:05.019,6.335500000000001,6.33477,1.5,1
13.08.2021 01:40:12.125,6.33525,6.3345400000000005,1,1.5
13.08.2021 01:40:12.176,6.33525,6.3345400000000005,1,1.5
13.08.2021 01:40:12.353,6.33525,6.3345400000000005,1,1.5
13.08.2021 01:40:12.914,6.33526,6.334530000000001,1.5,1.5
13.08.2021 01:40:20.557,6.33522,6.33451,1,1.5
13.08.2021 01:40:20.724,6.33534,6.3346100000000005,1.5,1
13.08.2021 01:40:20.774,6.335330000000001,6.33462,1,1.5
13.08.2021 01:40:21.074,6.33544,6.33473,1.5,1
13.08.2021 01:40:25.398,6.33544,6.33473,1.5,1
13.08.2021 01:40:26.824,6.33544,6.33473,1.5,1.12
13.08.2021 01:40:27.058,6.33544,6.33473,1,1.5
13.08.2021 01:40:27.275,6.33544,6.33473,1.12,1.5
13.08.2021 01:40:35.453,6.33544,6.33473,1.5,1.12
13.08.2021 01:40:36.078,6.335500000000001,6.334790000000001,1.5,1
13.08.2021 01:40:36.229,6.3354,6.33469,1.5,1
13.08.2021 01:40:36.329,6.3354,6.33469,1.5,1
13.08.2021 01:40:51.274,6.33537,6.33469,1,1
13.08.2021 01:40:51.325,6.335380000000001,6.33442,1,1.62
13.08.2021 01:40:51.425,6.335330000000001,6.33462,2,1
13.08.2021 01:40:51.711,6.335330000000001,6.33462,2,1
13.08.2021 01:40:51.925,6.33534,6.3346100000000005,1.5,1
13.08.2021 01:40:54.663,6.335330000000001,6.33462,1.5,1
13.08.2021 01:40:54.764,6.335330000000001,6.33462,1.5,1
13.08.2021 01:41:00.846,6.335330000000001,6.33462,1.5,1
13.08.2021 01:41:00.997,6.33537,6.334490000000001,1,1.5
13.08.2021 01:41:01.833,6.33537,6.334490000000001,1,1.5
13.08.2021 01:41:18.563,6.33537,6.33441,1.5,1.5
13.08.2021 01:41:18.740,6.3353600000000005,6.33442,1.5,1.5
13.08.2021 01:41:21.672,6.33534,6.3346100000000005,1.5,1
13.08.2021 01:41:36.838,6.33527,6.33462,1,1
13.08.2021 01:41:37.201,6.33525,6.3345400000000005,1.5,1
13.08.2021 01:41:40.476,6.335190000000001,6.3345400000000005,1.5,1
13.08.2021 01:41:40.720,6.33517,6.3345400000000005,1,1
13.08.2021 01:41:40.821,6.33513,6.33442,1.5,1
13.08.2021 01:41:40.921,6.33507,6.33442,1,1
13.08.2021 01:41:41.121,6.33507,6.33442,1,1
13.08.2021 01:41:41.799,6.33507,6.33442,1,1
13.08.2021 01:41:44.874,6.3350800000000005,6.33442,1,1
13.08.2021 01:41:45.077,6.33507,6.33442,1,1
13.08.2021 01:41:47.859,6.335030000000001,6.33442,1.5,1
13.08.2021 01:41:47.910,6.335030000000001,6.33434,1.5,1
13.08.2021 01:41:48.061,6.33504,6.33441,1.12,1
13.08.2021 01:41:52.563,6.335030000000001,6.33442,1.5,1
13.08.2021 01:41:53.334,6.33499,6.334280000000001,1.5,1.12
13.08.2021 01:42:00.431,6.33499,6.334280000000001,1.5,1
13.08.2021 01:42:04.508,6.33499,6.334280000000001,1.5,1.12
13.08.2021 01:42:09.171,6.33506,6.334350000000001,1.5,1
13.08.2021 01:42:10.977,6.33506,6.334350000000001,1.5,1
13.08.2021 01:42:11.187,6.33506,6.334350000000001,1.5,1
13.08.2021 01:42:16.229,6.33506,6.334350000000001,1.5,1
13.08.2021 01:42:20.854,6.335030000000001,6.3342,1.62,1.5
13.08.2021 01:42:21.006,6.335030000000001,6.3342,1.62,1.5
13.08.2021 01:42:26.825,6.334980000000001,6.334280000000001,1.5,1
13.08.2021 01:42:31.322,6.33495,6.33427,1,1
13.08.2021 01:42:31.838,6.334930000000001,6.33427,1.5,1
13.08.2021 01:42:31.939,6.33492,6.3341,1.5,1.5
13.08.2021 01:42:32.039,6.334960000000001,6.33415,1,1.5
13.08.2021 01:42:32.834,6.33492,6.334210000000001,2,1
13.08.2021 01:42:44.670,6.33492,6.334210000000001,2,1
13.08.2021 01:42:45.038,6.33492,6.334210000000001,2,1.12
13.08.2021 01:42:48.966,6.33492,6.334210000000001,2,1
13.08.2021 01:42:49.167,6.334930000000001,6.3342,2,1
13.08.2021 01:42:52.026,6.33492,6.334090000000001,1.62,1.5
13.08.2021 01:42:52.076,6.3348700000000004,6.334040000000001,1.5,1.5
13.08.2021 01:42:52.228,6.33483,6.33412,1.5,1
13.08.2021 01:42:52.329,6.33483,6.33412,1.5,1
13.08.2021 01:42:52.430,6.33477,6.334040000000001,2,1
13.08.2021 01:42:52.480,6.33476,6.33405,2,1
13.08.2021 01:42:52.604,6.33482,6.33417,1.5,1
13.08.2021 01:42:52.679,6.33482,6.33417,1.5,1
13.08.2021 01:42:52.834,6.334790000000001,6.33408,1.5,1
13.08.2021 01:42:54.824,6.334790000000001,6.33408,1.5,1
13.08.2021 01:42:55.536,6.334790000000001,6.33408,1.5,1
13.08.2021 01:42:55.746,6.3348,6.33407,1.5,1
13.08.2021 01:42:56.475,6.33472,6.33399,1.5,1.5
13.08.2021 01:42:56.727,6.3348,6.334130000000001,1,1
