Gmt time,Ask,Bid,AskVolume,BidVolume
11.08.2021 00:00:00.092,6.3462000000000005,6.34536,1.5,1
11.08.2021 00:00:00.255,6.3462000000000005,6.34536,1.5,1.5
11.08.2021 00:00:00.763,6.346190000000001,6.345350000000001,1.5,1
11.08.2021 00:00:05.153,6.346150000000001,6.34529,1.5,1.5
11.08.2021 00:00:05.203,6.34607,6.3453,1.5,1
11.08.2021 00:00:05.914,6.34607,6.3453,1.5,1
11.08.2021 00:00:06.418,6.34607,6.3453,1.5,1
11.08.2021 00:00:07.019,6.3460600000000005,6.34522,1.5,1.5
11.08.2021 00:00:07.173,6.3460600000000005,6.34522,1.5,1.5
11.08.2021 00:00:10.499,6.3460600000000005,6.34522,1.5,1.5
11.08.2021 00:00:10.658,6.346010000000001,6.34522,1.5,1
11.08.2021 00:00:14.378,6.346010000000001,6.34522,1.5,1.5
11.08.2021 00:00:14.736,6.346010000000001,6.34522,1.5,1.5
11.08.2021 00:00:15.073,6.346010000000001,6.34522,1.5,1.12
11.08.2021 00:00:15.613,6.34602,6.34521,1.5,1
11.08.2021 00:00:15.816,6.346010000000001,6.34522,1.5,1
11.08.2021 00:00:16.017,6.346010000000001,6.34522,1.5,1
11.08.2021 00:00:16.219,6.34602,6.34521,1.5,1
11.08.2021 00:00:16.482,6.3460600000000005,6.34522,1.5,1.5
11.08.2021 00:00:17.860,6.3461300000000005,6.34513,1.5,1.5
11.08.2021 00:00:18.061,6.346150000000001,6.34513,1.5,1.5
11.08.2021 00:00:22.011,6.34617,6.34515,1.5,1.5
11.08.2021 00:00:29.946,6.34623,6.3452,1.5,1.5
11.08.2021 00:00:31.110,6.346240000000001,6.345400000000001,1.5,1
11.08.2021 00:00:33.472,6.346240000000001,6.34539,1.5,1.12
11.08.2021 00:00:38.496,6.34623,6.345400000000001,1.5,1.5
11.08.2021 00:00:38.609,6.34636,6.3455900000000005,2,1
11.08.2021 00:00:38.659,6.346430000000001,6.3455900000000005,1.5,1.5
11.08.2021 00:00:40.526,6.346430000000001,6.3455900000000005,1.5,1.5
11.08.2021 00:00:43.317,6.346430000000001,6.3455900000000005,1.5,1.5
11.08.2021 00:00:43.471,6.346430000000001,6.3455900000000005,1.5,1.5
11.08.2021 00:00:44.192,6.346430000000001,6.3455900000000005,1.5,1.5
11.08.2021 00:00:44.294,6.3463400000000005,6.3455900000000005,1.5,1
11.08.2021 00:00:48.801,6.34637,6.34542,1.5,1.5
11.08.2021 00:00:48.973,6.346380000000001,6.34541,1.5,1.5
11.08.2021 00:00:49.300,6.34637,6.34542,1.5,1.5
11.08.2021 00:00:53.138,6.346380000000001,6.34541,1.5,1.5
11.08.2021 00:00:53.342,6.346380000000001,6.34541,1.5,1.5
11.08.2021 00:00:54.309,6.34637,6.34542,1.5,1.5
11.08.2021 00:00:54.995,6.34642,6.345680000000001,1.5,1
11.08.2021 00:00:57.009,6.346430000000001,6.34567,1.5,1
11.08.2021 00:00:57.449,6.34642,6.345680000000001,1.5,1
11.08.2021 00:01:04.974,6.34642,6.345680000000001,1.5,1
11.08.2021 00:01:12.250,6.34642,6.3455900000000005,1.5,1.5
11.08.2021 00:01:12.301,6.34642,6.3455900000000005,1.5,1
11.08.2021 00:01:12.351,6.346290000000001,6.34548,1.5,1.5
11.08.2021 00:01:12.502,6.34621,6.3454500000000005,1.5,1
11.08.2021 00:01:12.603,6.346150000000001,6.34534,1.5,1.5
11.08.2021 00:01:12.703,6.346150000000001,6.34534,1.5,1.5
11.08.2021 00:01:15.713,6.346150000000001,6.34534,1.5,1
11.08.2021 00:01:16.606,6.346150000000001,6.34534,1.5,1.5
11.08.2021 00:01:20.474,6.34616,6.34534,1.5,1.5
11.08.2021 00:01:39.638,6.34618,6.34534,1.5,1.5
11.08.2021 00:01:39.794,6.34618,6.34534,1.5,1.5
11.08.2021 00:01:43.974,6.34616,6.34534,1.5,1.5
11.08.2021 00:01:48.337,6.34618,6.34534,1.5,1.5
11.08.2021 00:01:49.105,6.346280000000001,6.34546,1.5,1
11.08.2021 00:01:49.156,6.3463,6.34547,1,1.5
11.08.2021 00:01:49.279,6.346380000000001,6.34561,1.5,1.5
11.08.2021 00:01:49.380,6.346380000000001,6.34561,1.12,1.5
11.08.2021 00:01:49.481,6.3465300000000004,6.345680000000001,1.5,1
11.08.2021 00:01:50.519,6.34658,6.3458000000000006,1.5,1.5
11.08.2021 00:01:50.670,6.346690000000001,6.345930000000001,1.5,1
11.08.2021 00:01:50.720,6.346690000000001,6.345930000000001,1,1.5
11.08.2021 00:01:50.821,6.34676,6.345930000000001,1.5,1.5
11.08.2021 00:01:50.922,6.34686,6.3460600000000005,1.5,1
11.08.2021 00:01:51.381,6.34685,6.34607,1.5,1.12
11.08.2021 00:01:52.488,6.34686,6.3460600000000005,1.5,1
11.08.2021 00:01:52.715,6.3468100000000005,6.345980000000001,1.5,1
11.08.2021 00:01:53.010,6.3468,6.3459900000000005,1.5,1
11.08.2021 00:01:54.204,6.34685,6.34607,1.5,1
11.08.2021 00:01:54.305,6.34685,6.346150000000001,1.5,1
11.08.2021 00:01:54.413,6.346990000000001,6.34614,1.5,1.5
11.08.2021 00:01:54.721,6.34698,6.346150000000001,1.5,1.5
11.08.2021 00:01:55.079,6.34707,6.34626,1.5,1.5
11.08.2021 00:01:55.191,6.347130000000001,6.34637,1.5,1
11.08.2021 00:01:55.342,6.3472,6.34637,1.5,1.5
11.08.2021 00:01:55.443,6.347230000000001,6.34645,1.5,1
11.08.2021 00:01:55.869,6.34724,6.34644,1.5,1.12
11.08.2021 00:01:57.307,6.3472800000000005,6.34645,1.5,1.5
11.08.2021 00:01:57.453,6.347340000000001,6.34658,1.5,1
11.08.2021 00:01:57.503,6.3473500000000005,6.34657,1.5,1
11.08.2021 00:01:57.705,6.34745,6.346680000000001,1.5,1
11.08.2021 00:01:57.805,6.34751,6.34667,1.5,1
11.08.2021 00:01:58.280,6.34745,6.346680000000001,1.5,1
11.08.2021 00:02:01.111,6.34746,6.34667,1.5,1
11.08.2021 00:02:01.310,6.34741,6.34667,1.5,1
11.08.2021 00:02:01.411,6.34732,6.34649,1.5,1.5
11.08.2021 00:02:04.029,6.34729,6.34649,1.5,1
11.08.2021 00:02:05.195,6.34724,6.3464100000000006,1.5,1.5
11.08.2021 00:02:05.246,6.34724,6.3464100000000006,1.5,1.5
11.08.2021 00:02:06.063,6.34724,6.3464100000000006,1.5,1.5
11.08.2021 00:02:06.176,6.34733,6.346500000000001,1.5,1.5
11.08.2021 00:02:06.277,6.3473500000000005,6.346590000000001,1.5,1
11.08.2021 00:02:06.327,6.347340000000001,6.3466000000000005,1.5,1
11.08.2021 00:02:10.073,6.3473500000000005,6.346590000000001,1.5,1
11.08.2021 00:02:10.173,6.347340000000001,6.34652,1.5,1.5
11.08.2021 00:02:10.224,6.347180000000001,6.346380000000001,1.5,1
11.08.2021 00:02:10.375,6.3471400000000004,6.34617,1.5,1.5
11.08.2021 00:02:10.425,6.347130000000001,6.34618,1.5,1.5
11.08.2021 00:02:10.589,6.347,6.346150000000001,1.5,1.5
11.08.2021 00:02:10.744,6.34702,6.34625,1.5,1
11.08.2021 00:02:10.940,6.34702,6.34625,1.5,1.12
11.08.2021 00:02:11.453,6.34702,6.34625,1.5,1
11.08.2021 00:02:12.690,6.34703,6.346240000000001,1.5,1
11.08.2021 00:02:12.891,6.34702,6.34625,1.5,1.5
11.08.2021 00:02:14.457,6.34702,6.34612,1.5,1.5
11.08.2021 00:02:19.068,6.34702,6.34612,1.5,1.5
11.08.2021 00:02:19.233,6.34692,6.34607,1,1.5
11.08.2021 00:02:19.284,6.34691,6.346080000000001,1.5,1.5
11.08.2021 00:02:20.898,6.34691,6.346080000000001,1.5,1.5
11.08.2021 00:02:24.246,6.34691,6.346080000000001,2,1.5
11.08.2021 00:02:24.399,6.34691,6.346080000000001,2,1.5
11.08.2021 00:02:25.901,6.34691,6.346080000000001,2,1.5
11.08.2021 00:02:43.482,6.34702,6.34621,1.5,1
11.08.2021 00:02:46.144,6.347040000000001,6.34621,1.5,1.5
11.08.2021 00:02:46.318,6.34707,6.34622,1.5,1.5
11.08.2021 00:02:46.469,6.3471400000000004,6.34621,1.5,1.5
11.08.2021 00:02:46.659,6.3471400000000004,6.346330000000001,1.5,1
11.08.2021 00:02:53.971,6.347130000000001,6.3463400000000005,1.5,1
11.08.2021 00:02:56.767,6.347130000000001,6.34618,1.5,1.5
11.08.2021 00:02:57.684,6.34701,6.34618,1.5,1
11.08.2021 00:02:57.742,6.347080000000001,6.34612,2,1
11.08.2021 00:02:57.843,6.3468,6.346030000000001,1.12,1.5
11.08.2021 00:02:57.994,6.346780000000001,6.34595,1.5,1.12
11.08.2021 00:02:59.192,6.34676,6.345940000000001,1.5,1
11.08.2021 00:02:59.346,6.3467,6.34587,1.5,1.5
11.08.2021 00:02:59.725,6.346690000000001,6.34587,1.5,1
11.08.2021 00:02:59.775,6.3466000000000005,6.34577,1.5,1
11.08.2021 00:02:59.977,6.34654,6.34576,1.5,1
11.08.2021 00:03:00.170,6.34654,6.34564,1.5,1.5
11.08.2021 00:03:00.338,6.3465300000000004,6.34565,1.5,1.5
11.08.2021 00:03:00.831,6.34654,6.34564,1.5,1.5
11.08.2021 00:03:07.798,6.346480000000001,6.345530000000001,1.5,1.5
11.08.2021 00:03:08.614,6.346480000000001,6.34569,1.5,1
11.08.2021 00:03:09.541,6.346480000000001,6.34569,1.5,1
11.08.2021 00:03:11.383,6.34652,6.34569,1.5,1
11.08.2021 00:03:11.434,6.34658,6.345840000000001,1.5,1
11.08.2021 00:03:11.585,6.346640000000001,6.345890000000001,1.5,1
11.08.2021 00:03:11.753,6.346640000000001,6.345890000000001,1.5,1.5
11.08.2021 00:03:20.344,6.34675,6.3459900000000005,1.5,1
11.08.2021 00:03:20.394,6.3468,6.3459900000000005,1.5,1
11.08.2021 00:03:20.555,6.3468,6.3459900000000005,1.5,1
11.08.2021 00:03:31.543,6.3468100000000005,6.345980000000001,1.5,1
11.08.2021 00:03:33.032,6.3468,6.3459900000000005,1.5,1
11.08.2021 00:03:40.343,6.34675,6.3458000000000006,1.5,1.5
11.08.2021 00:03:40.972,6.34675,6.3458000000000006,1.5,1.5
11.08.2021 00:03:47.084,6.3468100000000005,6.34585,1.5,1.5
11.08.2021 00:03:50.416,6.3468,6.3459900000000005,1.5,1
11.08.2021 00:03:54.625,6.34682,6.3459900000000005,1.5,1.5
11.08.2021 00:03:54.675,6.34685,6.34611,1.5,1
11.08.2021 00:03:54.826,6.34694,6.34611,1,1.5
11.08.2021 00:03:54.927,6.34707,6.3461300000000005,1.5,1.5
11.08.2021 00:03:55.033,6.34707,6.3461300000000005,1,1.5
11.08.2021 00:03:55.133,6.347130000000001,6.34637,1.5,1.5
11.08.2021 00:03:55.184,6.347130000000001,6.34637,1.5,1
11.08.2021 00:03:56.475,6.347080000000001,6.34636,1.5,1
11.08.2021 00:03:56.620,6.34707,6.346330000000001,1.5,1
11.08.2021 00:03:58.392,6.34707,6.34616,1.5,1.5
11.08.2021 00:03:58.442,6.34702,6.34616,1.5,1.5
11.08.2021 00:03:58.645,6.34703,6.346150000000001,1.5,1.5
11.08.2021 00:03:58.847,6.347080000000001,6.346150000000001,1.5,1.5
11.08.2021 00:04:04.534,6.34705,6.3462000000000005,1.5,1.5
11.08.2021 00:04:07.959,6.34705,6.3462000000000005,1.5,1.5
11.08.2021 00:04:09.255,6.347040000000001,6.34621,1.5,1.5
11.08.2021 00:04:14.829,6.347040000000001,6.34621,1.5,1.5
11.08.2021 00:04:15.031,6.34707,6.3461300000000005,1.5,1.5
11.08.2021 00:04:16.634,6.34707,6.3461300000000005,1.5,1.5
11.08.2021 00:04:16.834,6.34702,6.34607,1.5,1.5
11.08.2021 00:04:34.436,6.34707,6.3461300000000005,1.5,1.5
11.08.2021 00:04:34.537,6.34707,6.3461300000000005,1.5,1.5
11.08.2021 00:04:34.738,6.34707,6.3461300000000005,1.5,1.5
11.08.2021 00:04:35.049,6.347080000000001,6.34612,1.5,1.5
11.08.2021 00:04:35.190,6.347080000000001,6.34612,1.5,1.5
11.08.2021 00:04:35.320,6.34707,6.3461300000000005,1.5,1.5
11.08.2021 00:04:35.812,6.34707,6.3461300000000005,1.5,1.5
11.08.2021 00:04:40.274,6.34707,6.3461300000000005,1.5,1.5
11.08.2021 00:04:43.515,6.34707,6.3461300000000005,1.5,1.5
11.08.2021 00:04:43.788,6.34707,6.3461300000000005,1.5,1.5
11.08.2021 00:04:43.889,6.34707,6.3461300000000005,1.5,1.5
11.08.2021 00:04:45.943,6.34707,6.3461300000000005,1.5,1.5
11.08.2021 00:04:47.051,6.34707,6.3461300000000005,1.5,1.5
11.08.2021 00:04:52.685,6.3471400000000004,6.34617,1.5,1.5
11.08.2021 00:04:52.736,6.3471400000000004,6.346330000000001,1.5,1
11.08.2021 00:04:57.556,6.347130000000001,6.3463400000000005,1.5,1
11.08.2021 00:04:57.708,6.3471400000000004,6.346330000000001,1.5,1
11.08.2021 00:04:58.562,6.347130000000001,6.3463400000000005,1.5,1
11.08.2021 00:04:59.768,6.347130000000001,6.3463400000000005,1.5,1
11.08.2021 00:05:00.120,6.347180000000001,6.3463400000000005,1.5,1.5
11.08.2021 00:05:02.443,6.34729,6.34652,1.5,1
11.08.2021 00:05:04.004,6.34729,6.34652,1.5,1
11.08.2021 00:05:12.263,6.347230000000001,6.346290000000001,1.5,1.5
11.08.2021 00:05:12.314,6.347230000000001,6.346290000000001,1.5,1.5
11.08.2021 00:05:12.436,6.347130000000001,6.3464,1.5,1
11.08.2021 00:05:12.537,6.347130000000001,6.3464,1.5,1
11.08.2021 00:05:12.986,6.347130000000001,6.3464,1.5,1
11.08.2021 00:05:13.383,6.347130000000001,6.3464,1.5,1
11.08.2021 00:05:13.585,6.347230000000001,6.3464,1.5,1.5
11.08.2021 00:05:14.492,6.347230000000001,6.3464,1.5,1.5
11.08.2021 00:05:17.768,6.34729,6.34649,1.5,1.5
11.08.2021 00:05:17.997,6.3473500000000005,6.34646,1.5,1.5
11.08.2021 00:05:18.165,6.3473500000000005,6.34646,1.5,1.5
11.08.2021 00:05:22.475,6.347340000000001,6.34647,1.5,1.5
11.08.2021 00:05:24.236,6.3473500000000005,6.34646,1.5,1.5
11.08.2021 00:05:24.337,6.3474,6.3467,1.5,1
11.08.2021 00:05:29.974,6.34745,6.3467,1.5,1
11.08.2021 00:05:38.652,6.3475,6.3468,1.5,1
11.08.2021 00:05:38.753,6.3475,6.3468,1.5,1
11.08.2021 00:05:39.037,6.34761,6.3468,1.5,1.5
11.08.2021 00:05:40.527,6.34761,6.3468,1.5,1
11.08.2021 00:05:41.047,6.3475600000000005,6.3468,1.5,1
11.08.2021 00:05:41.098,6.34757,6.34679,1.5,1
11.08.2021 00:05:46.146,6.34761,6.3468,1.5,1.12
11.08.2021 00:05:47.010,6.34761,6.34697,1.5,1
11.08.2021 00:05:47.061,6.34762,6.34696,1.5,1
11.08.2021 00:05:47.262,6.34767,6.34697,1.5,1
11.08.2021 00:05:48.200,6.34772,6.34697,1.5,1
11.08.2021 00:05:48.374,6.34772,6.34697,1.5,1
11.08.2021 00:05:49.380,6.347700000000001,6.34697,1,1.5
11.08.2021 00:05:49.431,6.34772,6.347080000000001,1.5,1
11.08.2021 00:05:49.531,6.34767,6.34697,1,1.5
11.08.2021 00:05:49.582,6.34767,6.34697,1.5,1
11.08.2021 00:05:53.475,6.34767,6.34697,1.5,1
11.08.2021 00:05:59.082,6.34767,6.34672,1.5,1.5
11.08.2021 00:06:01.471,6.34772,6.346780000000001,1.5,1.5
11.08.2021 00:06:01.897,6.34772,6.346780000000001,1.5,1.5
11.08.2021 00:06:09.176,6.34772,6.346780000000001,1.5,1.5
11.08.2021 00:06:19.758,6.34772,6.34697,1.5,1
11.08.2021 00:06:19.821,6.34777,6.34697,1,1
11.08.2021 00:06:19.972,6.34778,6.34697,1.5,1.5
11.08.2021 00:06:20.993,6.347830000000001,6.34707,1.5,1
11.08.2021 00:06:21.101,6.347830000000001,6.34707,1.5,1
11.08.2021 00:06:24.511,6.347830000000001,6.34707,1.5,1
11.08.2021 00:06:32.549,6.347830000000001,6.34707,1.5,1
11.08.2021 00:06:47.742,6.347830000000001,6.34707,1.5,1
11.08.2021 00:06:47.792,6.34778,6.3469500000000005,1.5,1.5
11.08.2021 00:06:47.843,6.34761,6.3469500000000005,1,1.5
11.08.2021 00:06:47.968,6.3475600000000005,6.34682,1.5,1
11.08.2021 00:06:48.169,6.3475600000000005,6.34682,1.5,1
11.08.2021 00:06:48.372,6.3475600000000005,6.34667,1.5,1
11.08.2021 00:06:55.071,6.3474,6.34667,1.5,1
11.08.2021 00:06:55.272,6.3474,6.34667,1.5,1
11.08.2021 00:06:58.173,6.3474,6.34667,1.5,1
11.08.2021 00:07:00.245,6.3474,6.34667,1.5,1
11.08.2021 00:07:00.446,6.34741,6.34666,1.5,1
11.08.2021 00:07:01.140,6.3474,6.34667,1.5,1
11.08.2021 00:07:01.326,6.3474,6.34667,1.5,1
11.08.2021 00:07:11.120,6.3474,6.34667,1.5,1
11.08.2021 00:07:11.361,6.3474,6.34667,1.5,1
11.08.2021 00:07:16.850,6.3474,6.34667,1.5,1
11.08.2021 00:07:17.051,6.34741,6.34666,1.5,1
11.08.2021 00:07:22.366,6.3474,6.34667,1.5,1
11.08.2021 00:07:27.102,6.347340000000001,6.346430000000001,1.5,1
11.08.2021 00:07:27.378,6.347340000000001,6.346430000000001,1.5,1
11.08.2021 00:07:38.365,6.347340000000001,6.346430000000001,1.5,1
11.08.2021 00:07:38.568,6.3473500000000005,6.34639,1.5,1.5
11.08.2021 00:07:39.500,6.347340000000001,6.3464,1.5,1.5
11.08.2021 00:07:44.122,6.34736,6.34656,1.5,1
11.08.2021 00:07:57.124,6.3472,6.34642,1.5,1
11.08.2021 00:07:57.225,6.347090000000001,6.34642,1,1
11.08.2021 00:07:57.567,6.347090000000001,6.34642,1.5,1
11.08.2021 00:08:02.197,6.347090000000001,6.34627,1.5,1
11.08.2021 00:08:12.136,6.34707,6.34627,1,1
11.08.2021 00:08:12.186,6.347040000000001,6.34604,1.5,1.5
11.08.2021 00:08:12.338,6.34696,6.34604,2,1.12
11.08.2021 00:08:12.550,6.34687,6.346010000000001,1.62,1
11.08.2021 00:08:20.927,6.3468,6.346,1.5,1
11.08.2021 00:08:25.441,6.3467400000000005,6.345750000000001,1.5,1.5
11.08.2021 00:08:25.492,6.3467400000000005,6.345750000000001,1.5,1.5
11.08.2021 00:08:29.011,6.34679,6.3458000000000006,1.5,1.5
11.08.2021 00:08:42.633,6.34685,6.346010000000001,1.5,1
11.08.2021 00:08:44.759,6.346900000000001,6.346010000000001,1.5,1.5
11.08.2021 00:08:44.960,6.346900000000001,6.346010000000001,1.5,1.5
11.08.2021 00:08:53.223,6.34696,6.34616,1.5,1
11.08.2021 00:08:53.458,6.346900000000001,6.34616,1.5,1
11.08.2021 00:09:13.120,6.34696,6.34596,1.5,1.5
11.08.2021 00:09:20.478,6.34696,6.34596,1.5,1.5
11.08.2021 00:09:22.258,6.34696,6.34596,1.5,1.5
11.08.2021 00:09:22.459,6.34703,6.34602,1.5,1
11.08.2021 00:09:23.974,6.34703,6.346150000000001,1.5,1.5
11.08.2021 00:09:26.958,6.34707,6.34616,1.62,1.5
11.08.2021 00:09:37.183,6.3471,6.346100000000001,1.5,1.5
11.08.2021 00:09:37.567,6.34722,6.34635,1.5,1
11.08.2021 00:09:37.618,6.3472100000000005,6.34636,1.5,1
11.08.2021 00:09:43.438,6.34715,6.34636,1.5,1
11.08.2021 00:09:47.472,6.34712,6.34636,1.5,1
11.08.2021 00:09:49.969,6.34712,6.34632,1.5,1
11.08.2021 00:09:58.985,6.34717,6.34632,1.62,1
11.08.2021 00:10:00.926,6.347230000000001,6.34632,1.5,1.5
11.08.2021 00:10:00.977,6.347230000000001,6.34646,1.5,1
11.08.2021 00:10:02.746,6.347230000000001,6.34646,1.5,1
11.08.2021 00:10:02.847,6.347340000000001,6.34646,1.5,1.5
11.08.2021 00:10:05.549,6.3474,6.34645,1.5,1.5
11.08.2021 00:10:22.799,6.347390000000001,6.3466000000000005,1.5,1
11.08.2021 00:10:26.475,6.347390000000001,6.3466000000000005,1.5,1
11.08.2021 00:10:34.475,6.347340000000001,6.3466000000000005,1.5,1
11.08.2021 00:10:34.794,6.347340000000001,6.3466000000000005,1.5,1
11.08.2021 00:10:41.974,6.347340000000001,6.3466000000000005,1.5,1
11.08.2021 00:11:22.276,6.347440000000001,6.34645,1.5,1.5
11.08.2021 00:11:22.440,6.34745,6.34644,1.5,1.5
11.08.2021 00:11:22.642,6.34745,6.34644,1.5,1.5
11.08.2021 00:11:23.016,6.3475,6.346500000000001,1.5,1.5
11.08.2021 00:11:23.167,6.3475,6.346500000000001,1.5,1.5
11.08.2021 00:11:23.318,6.347440000000001,6.34675,1.5,1
11.08.2021 00:11:27.091,6.347440000000001,6.34675,1.5,1
11.08.2021 00:11:27.142,6.347440000000001,6.34662,1.5,1
11.08.2021 00:11:48.147,6.347390000000001,6.346430000000001,1.5,1
11.08.2021 00:11:48.254,6.34745,6.34644,1.5,1.5
11.08.2021 00:11:48.656,6.347440000000001,6.34656,1.5,1.5
11.08.2021 00:11:59.975,6.347440000000001,6.34662,1.5,1.5
11.08.2021 00:12:08.224,6.3475,6.34661,1.5,1.5
11.08.2021 00:12:09.337,6.3475,6.34677,1.5,1
11.08.2021 00:12:15.471,6.34755,6.34677,1.5,1
11.08.2021 00:12:16.053,6.3475,6.34677,1.5,1
11.08.2021 00:12:16.154,6.347390000000001,6.34663,1.5,1.5
11.08.2021 00:12:16.254,6.347390000000001,6.34663,1.5,1
11.08.2021 00:12:23.130,6.347440000000001,6.34663,1.5,1
11.08.2021 00:12:23.290,6.347440000000001,6.34663,1.5,1
11.08.2021 00:12:27.147,6.347440000000001,6.34663,1.5,1
11.08.2021 00:12:31.315,6.347340000000001,6.34645,1.5,1.5
11.08.2021 00:12:31.553,6.3472800000000005,6.3464,1.5,1.5
11.08.2021 00:12:38.972,6.3472800000000005,6.3464,1.5,1.5
11.08.2021 00:12:46.279,6.3472800000000005,6.34663,1.5,1
11.08.2021 00:12:46.380,6.34729,6.34649,1.5,1
11.08.2021 00:13:05.311,6.3472800000000005,6.346290000000001,1.5,1.5
11.08.2021 00:13:05.899,6.347340000000001,6.3463400000000005,1.5,1.5
11.08.2021 00:13:10.475,6.347340000000001,6.3463400000000005,1.5,1.5
11.08.2021 00:13:38.204,6.347390000000001,6.346500000000001,1.5,1.5
11.08.2021 00:13:38.254,6.347440000000001,6.34666,1.5,1.5
11.08.2021 00:13:39.905,6.34755,6.34666,1.5,1.5
11.08.2021 00:13:44.007,6.34755,6.34666,1.5,1.5
11.08.2021 00:13:44.175,6.347440000000001,6.34666,1.5,1
11.08.2021 00:13:44.229,6.347440000000001,6.34666,1.5,1
11.08.2021 00:13:49.579,6.347440000000001,6.34666,1.5,1
11.08.2021 00:13:53.784,6.347440000000001,6.34666,1.5,1
11.08.2021 00:14:00.250,6.347390000000001,6.34666,1.5,1
11.08.2021 00:14:10.621,6.347440000000001,6.34666,1.5,1
11.08.2021 00:14:14.633,6.347440000000001,6.34666,1.5,1.5
11.08.2021 00:14:14.834,6.34751,6.34665,1.5,1.5
11.08.2021 00:14:20.475,6.3475,6.34666,1.5,1.5
11.08.2021 00:14:28.747,6.3475,6.346500000000001,1.5,1.5
11.08.2021 00:14:28.904,6.34747,6.346500000000001,1,1.5
11.08.2021 00:14:35.352,6.347440000000001,6.34652,1.5,1.5
11.08.2021 00:14:35.504,6.347440000000001,6.34652,1.5,1.5
11.08.2021 00:14:36.000,6.34751,6.34665,1.5,1.12
11.08.2021 00:14:36.166,6.3475,6.34666,1.5,1.5
11.08.2021 00:14:37.223,6.3475,6.34666,1.5,1.12
11.08.2021 00:14:37.434,6.34745,6.34665,1.5,1
11.08.2021 00:14:38.948,6.347440000000001,6.34666,1.5,1
11.08.2021 00:14:43.975,6.347440000000001,6.34666,1.5,1
11.08.2021 00:14:49.302,6.347440000000001,6.34666,1.5,1
11.08.2021 00:14:49.512,6.347440000000001,6.34666,1.5,1
11.08.2021 00:14:49.666,6.3475,6.346500000000001,1.5,1.5
11.08.2021 00:14:49.717,6.34751,6.34649,1.5,1.5
11.08.2021 00:14:59.476,6.34761,6.34663,1.5,1
11.08.2021 00:15:00.573,6.34761,6.3468100000000005,1.5,1
11.08.2021 00:15:02.788,6.34755,6.3468100000000005,1.5,1
11.08.2021 00:15:03.092,6.34762,6.3468,1.5,1
11.08.2021 00:15:06.098,6.34762,6.3468,1.5,1
11.08.2021 00:15:06.509,6.347390000000001,6.34666,1,1.5
11.08.2021 00:15:06.660,6.347390000000001,6.34646,1.5,1.5
11.08.2021 00:15:07.513,6.347390000000001,6.34646,1.5,1.5
11.08.2021 00:15:33.217,6.347390000000001,6.3466000000000005,1.5,1
11.08.2021 00:15:33.267,6.34745,6.346590000000001,1.12,1.5
11.08.2021 00:15:33.368,6.34755,6.346780000000001,1.5,1
11.08.2021 00:15:33.418,6.34755,6.346780000000001,1.5,1.5
11.08.2021 00:15:33.519,6.34766,6.34692,1.5,1
11.08.2021 00:15:33.620,6.34766,6.34692,1.5,1
11.08.2021 00:15:35.044,6.34766,6.34692,1.5,1
11.08.2021 00:15:41.736,6.34767,6.34691,1.5,1
11.08.2021 00:15:41.903,6.34761,6.34677,1.5,1.5
11.08.2021 00:15:50.144,6.34762,6.3468100000000005,1.5,1
11.08.2021 00:15:54.023,6.3475600000000005,6.3468100000000005,1.5,1
11.08.2021 00:15:54.194,6.34755,6.34666,1.5,1.12
11.08.2021 00:15:56.720,6.347390000000001,6.34666,1.5,1
11.08.2021 00:15:56.877,6.347390000000001,6.34666,1.5,1
11.08.2021 00:15:59.822,6.347390000000001,6.34658,1.5,1
11.08.2021 00:16:00.393,6.347390000000001,6.346590000000001,1.5,1
11.08.2021 00:16:00.722,6.3474,6.34662,1.5,1
11.08.2021 00:16:15.027,6.34738,6.3466000000000005,1.5,1
11.08.2021 00:16:21.297,6.34738,6.3466000000000005,1.5,1
11.08.2021 00:16:29.074,6.34738,6.3466000000000005,1.5,1
11.08.2021 00:16:36.848,6.347430000000001,6.34649,1.5,1.5
11.08.2021 00:16:36.962,6.347430000000001,6.3465300000000004,1.12,1
11.08.2021 00:16:42.328,6.3475600000000005,6.34675,1.5,1
11.08.2021 00:16:43.415,6.347340000000001,6.34675,1.5,1
11.08.2021 00:16:43.466,6.347340000000001,6.3466000000000005,1.5,1.5
11.08.2021 00:16:43.566,6.347340000000001,6.3466000000000005,1.5,1
11.08.2021 00:16:56.475,6.347340000000001,6.3466000000000005,1.5,1
11.08.2021 00:17:06.563,6.347340000000001,6.3464,1.5,1.5
11.08.2021 00:17:08.182,6.347300000000001,6.34649,1.5,1
11.08.2021 00:17:08.283,6.347130000000001,6.34637,1.12,1.5
11.08.2021 00:17:08.333,6.34707,6.34637,1,1.5
11.08.2021 00:17:08.447,6.347080000000001,6.34636,1.5,1
11.08.2021 00:17:11.873,6.347130000000001,6.34637,1.5,1
11.08.2021 00:17:12.050,6.347130000000001,6.3464,1.5,1
11.08.2021 00:17:12.151,6.347130000000001,6.3464,1.5,1
11.08.2021 00:17:24.878,6.34712,6.3464,1.5,1
11.08.2021 00:17:24.984,6.347180000000001,6.34622,1.5,1.5
11.08.2021 00:17:25.085,6.34717,6.34623,1.5,1.62
11.08.2021 00:17:26.966,6.347230000000001,6.346290000000001,1.5,1.5
11.08.2021 00:17:27.067,6.347230000000001,6.34654,1.5,1
11.08.2021 00:17:27.168,6.347230000000001,6.34654,1.5,1
11.08.2021 00:17:27.475,6.347230000000001,6.34654,1.5,1
11.08.2021 00:17:34.020,6.347230000000001,6.34654,1.5,1
11.08.2021 00:17:34.121,6.34717,6.3464100000000006,1.5,1.5
11.08.2021 00:17:34.221,6.34717,6.3464100000000006,1.62,1
11.08.2021 00:17:37.050,6.34717,6.3464100000000006,1.5,1
11.08.2021 00:17:43.510,6.347080000000001,6.3464,1.5,1
11.08.2021 00:17:49.199,6.34707,6.34632,1.5,1
11.08.2021 00:18:09.177,6.34712,6.34632,1.5,1.5
11.08.2021 00:18:09.361,6.34712,6.34632,1.5,1
11.08.2021 00:18:23.492,6.34717,6.346430000000001,1.62,1
11.08.2021 00:18:23.644,6.34717,6.346430000000001,1.5,1
11.08.2021 00:18:28.109,6.34712,6.346430000000001,1.5,1
11.08.2021 00:18:43.442,6.347130000000001,6.34617,1.5,1.5
11.08.2021 00:18:44.601,6.34717,6.34623,1.12,1.62
11.08.2021 00:18:45.273,6.34724,6.346280000000001,1.5,1.5
11.08.2021 00:18:49.020,6.347230000000001,6.346290000000001,1.5,1.5
11.08.2021 00:18:53.460,6.347230000000001,6.346430000000001,1.5,1
11.08.2021 00:18:59.634,6.34724,6.34642,1.5,1.5
11.08.2021 00:19:00.206,6.347230000000001,6.346430000000001,1.5,1.12
11.08.2021 00:19:00.459,6.34717,6.346430000000001,1.62,1
11.08.2021 00:19:01.167,6.34724,6.346280000000001,1.5,1.5
11.08.2021 00:19:14.061,6.3472800000000005,6.346550000000001,1.5,1
11.08.2021 00:19:16.975,6.3472800000000005,6.346550000000001,1.5,1
11.08.2021 00:19:18.714,6.347340000000001,6.34658,1.5,1
11.08.2021 00:19:18.815,6.3475,6.3467400000000005,1.5,1
11.08.2021 00:19:18.868,6.34751,6.346730000000001,1.5,1
11.08.2021 00:19:24.597,6.34755,6.3467400000000005,1.5,1.12
11.08.2021 00:19:52.836,6.3475,6.3467400000000005,1.5,1
11.08.2021 00:19:53.057,6.34747,6.3467400000000005,1,1
11.08.2021 00:19:53.147,6.34747,6.346640000000001,1,1
11.08.2021 00:19:53.578,6.347480000000001,6.34663,1,1
11.08.2021 00:20:03.658,6.347390000000001,6.346640000000001,1.5,1
11.08.2021 00:20:09.851,6.347390000000001,6.3464,1.5,1.5
11.08.2021 00:20:23.511,6.34745,6.34663,1.5,1
11.08.2021 00:20:26.985,6.347440000000001,6.346640000000001,1.5,1
11.08.2021 00:20:34.975,6.34738,6.346640000000001,1.5,1
11.08.2021 00:20:35.823,6.347440000000001,6.34642,1.5,1.5
11.08.2021 00:20:35.976,6.3476,6.346780000000001,1.5,1
11.08.2021 00:20:36.027,6.3476,6.346780000000001,1.5,1
11.08.2021 00:20:53.456,6.347650000000001,6.34663,1.5,1.5
11.08.2021 00:20:53.608,6.347650000000001,6.34694,1.5,1
11.08.2021 00:20:58.476,6.347650000000001,6.34694,1.5,1
11.08.2021 00:21:10.895,6.347650000000001,6.34682,1.5,1
11.08.2021 00:21:16.424,6.347650000000001,6.34682,1.5,1
11.08.2021 00:21:33.738,6.34759,6.34657,1.5,1.5
11.08.2021 00:21:35.968,6.34757,6.34657,1,1.5
11.08.2021 00:21:41.280,6.34759,6.34682,1.5,1
11.08.2021 00:21:44.975,6.34759,6.34682,1.5,1
11.08.2021 00:22:00.629,6.34759,6.34682,1.5,1
11.08.2021 00:22:02.209,6.34759,6.34657,1.5,1.5
11.08.2021 00:22:02.798,6.34759,6.34657,1.5,1.5
11.08.2021 00:22:02.899,6.34766,6.3468100000000005,1.5,1
11.08.2021 00:22:02.949,6.347650000000001,6.34685,1.5,1
11.08.2021 00:22:08.566,6.34766,6.34684,1.5,1
11.08.2021 00:22:08.976,6.347650000000001,6.34685,1.5,1
11.08.2021 00:22:09.177,6.34757,6.346730000000001,1,1.12
11.08.2021 00:22:16.472,6.34759,6.34671,1.5,1.5
11.08.2021 00:22:21.732,6.34759,6.34671,1.5,1.5
11.08.2021 00:22:23.788,6.34759,6.34671,1.5,1.5
11.08.2021 00:22:23.951,6.34757,6.34671,1,1
11.08.2021 00:22:24.251,6.34757,6.34671,1,1
11.08.2021 00:22:27.194,6.347480000000001,6.34671,1.5,1
11.08.2021 00:22:27.365,6.34747,6.34671,1,1
11.08.2021 00:22:28.986,6.347430000000001,6.34671,1.5,1
11.08.2021 00:22:29.037,6.34738,6.346550000000001,1,1
11.08.2021 00:22:47.155,6.34737,6.34635,1.5,1.5
11.08.2021 00:22:47.951,6.347430000000001,6.3464,1.5,1.5
11.08.2021 00:22:50.614,6.347430000000001,6.346690000000001,1.5,1
11.08.2021 00:22:55.587,6.347430000000001,6.346690000000001,1.5,1
11.08.2021 00:23:12.749,6.347430000000001,6.34656,1.5,1
11.08.2021 00:23:27.115,6.34737,6.34656,1.5,1
11.08.2021 00:23:27.215,6.34732,6.3464100000000006,1.5,1.5
11.08.2021 00:23:27.517,6.34733,6.3464,1.5,1.5
11.08.2021 00:23:27.887,6.34732,6.34658,1.5,1
11.08.2021 00:23:28.728,6.34737,6.34658,1.62,1
11.08.2021 00:23:28.935,6.34737,6.34658,1.5,1
11.08.2021 00:23:34.122,6.347480000000001,6.34671,1.5,1
11.08.2021 00:23:34.260,6.347480000000001,6.34686,1.5,1
11.08.2021 00:23:34.311,6.3474900000000005,6.34685,1.5,1
11.08.2021 00:23:34.523,6.347650000000001,6.34686,1.5,1
11.08.2021 00:23:34.900,6.347700000000001,6.34686,1.5,1
11.08.2021 00:23:35.118,6.3477500000000004,6.347,1.5,1.12
11.08.2021 00:23:35.501,6.3477500000000004,6.347040000000001,1.5,1
11.08.2021 00:23:35.642,6.3477500000000004,6.347040000000001,1,1.5
11.08.2021 00:23:37.489,6.34792,6.347040000000001,1.5,1.5
11.08.2021 00:23:37.849,6.34792,6.34719,1.5,1
11.08.2021 00:23:40.614,6.34797,6.34731,1.5,1
11.08.2021 00:23:40.665,6.34806,6.34731,2,1
11.08.2021 00:23:40.715,6.34813,6.34757,1.5,1
11.08.2021 00:23:40.799,6.34813,6.347390000000001,1.5,1
11.08.2021 00:23:40.899,6.34813,6.347390000000001,1.5,1
11.08.2021 00:23:41.066,6.34813,6.347390000000001,1.5,1
11.08.2021 00:23:41.898,6.34817,6.347390000000001,1,1
11.08.2021 00:23:42.135,6.3482400000000005,6.347480000000001,1.5,1
11.08.2021 00:23:42.185,6.3482400000000005,6.347480000000001,1.5,1
11.08.2021 00:23:43.130,6.3482400000000005,6.347480000000001,1.5,1
11.08.2021 00:23:43.180,6.348310000000001,6.34762,1.5,1
11.08.2021 00:23:43.382,6.3483,6.3476300000000005,1.5,1
11.08.2021 00:23:55.823,6.34848,6.34762,1.62,1
11.08.2021 00:23:59.164,6.34848,6.34741,1.62,1.5
11.08.2021 00:23:59.215,6.34847,6.34742,1.62,1.5
11.08.2021 00:24:02.215,6.34848,6.34773,1.5,1
11.08.2021 00:24:05.595,6.34853,6.347740000000001,1.5,1
11.08.2021 00:24:20.376,6.34853,6.34747,1.5,1.5
11.08.2021 00:24:32.425,6.34847,6.347740000000001,1.5,1
11.08.2021 00:24:36.472,6.34853,6.347740000000001,1.5,1
11.08.2021 00:24:37.950,6.34853,6.347740000000001,1.5,1
11.08.2021 00:24:38.153,6.348580000000001,6.34773,1,1
11.08.2021 00:24:45.373,6.348580000000001,6.34752,1,1.5
11.08.2021 00:24:50.445,6.34853,6.34747,1.5,1.5
11.08.2021 00:25:00.177,6.34853,6.34747,1.5,1.5
11.08.2021 00:25:02.577,6.34847,6.347740000000001,1.5,1
11.08.2021 00:25:07.973,6.348540000000001,6.347740000000001,1.5,1
11.08.2021 00:25:18.772,6.348490000000001,6.34742,1.5,1
11.08.2021 00:25:29.711,6.34827,6.347530000000001,1.12,1.5
11.08.2021 00:25:29.812,6.34827,6.347530000000001,1.62,1
11.08.2021 00:25:31.637,6.34827,6.347530000000001,1.62,1
11.08.2021 00:25:49.271,6.34827,6.347230000000001,1.62,1
11.08.2021 00:25:49.424,6.3483600000000004,6.34731,2,1.5
11.08.2021 00:25:49.525,6.34837,6.34766,1,1
11.08.2021 00:25:49.575,6.34837,6.34766,1,1
11.08.2021 00:25:50.373,6.348330000000001,6.34766,1.5,1
11.08.2021 00:25:50.524,6.34827,6.34766,1,1
11.08.2021 00:25:54.503,6.34822,6.34746,1.5,1
11.08.2021 00:25:57.571,6.34822,6.34746,1.5,1
11.08.2021 00:26:13.928,6.3482,6.347230000000001,1.5,1
11.08.2021 00:26:17.976,6.3482,6.347160000000001,1.5,1.5
11.08.2021 00:26:23.137,6.3482,6.347160000000001,1.5,1.5
11.08.2021 00:26:24.647,6.3482,6.34746,1.5,1
11.08.2021 00:26:36.590,6.34826,6.347230000000001,1.5,1
11.08.2021 00:26:36.641,6.34827,6.34722,1.5,1
11.08.2021 00:26:48.966,6.348280000000001,6.34726,1,1.5
11.08.2021 00:26:49.077,6.348310000000001,6.34761,1.5,1
11.08.2021 00:26:49.128,6.34837,6.3476,2,1
11.08.2021 00:26:49.328,6.34837,6.34761,1.5,1
11.08.2021 00:26:56.975,6.3484300000000005,6.3476,1.5,1
11.08.2021 00:26:57.761,6.34842,6.34738,1.5,1.5
11.08.2021 00:27:00.111,6.34837,6.34732,1.5,1.5
11.08.2021 00:27:00.270,6.34837,6.34732,1.62,1.5
11.08.2021 00:27:07.214,6.34837,6.34732,1.62,1.5
11.08.2021 00:27:12.055,6.348380000000001,6.34731,1.62,1.5
11.08.2021 00:27:12.156,6.34827,6.347480000000001,1,1
11.08.2021 00:27:17.177,6.34827,6.347480000000001,1,1
11.08.2021 00:28:02.721,6.3482,6.34715,1.5,1.5
11.08.2021 00:28:02.784,6.3482,6.34715,1.5,1.5
11.08.2021 00:28:12.905,6.3482,6.347480000000001,1.5,1
11.08.2021 00:28:27.117,6.348140000000001,6.347340000000001,1.5,1
11.08.2021 00:28:27.409,6.34799,6.347230000000001,1.5,1
11.08.2021 00:28:30.476,6.34797,6.347230000000001,1,1
11.08.2021 00:28:44.074,6.34794,6.34687,1.5,1.5
11.08.2021 00:28:57.671,6.34794,6.34722,1.5,1
11.08.2021 00:29:11.959,6.347930000000001,6.347230000000001,1.5,1
11.08.2021 00:30:03.072,6.34787,6.347230000000001,1,1
11.08.2021 00:30:03.287,6.34799,6.347230000000001,1.5,1
11.08.2021 00:30:03.693,6.347930000000001,6.347230000000001,1.5,1
11.08.2021 00:30:05.898,6.34787,6.34712,1,1
11.08.2021 00:30:10.282,6.34777,6.34712,1,1
11.08.2021 00:30:10.437,6.34778,6.34711,1,1
11.08.2021 00:30:13.802,6.34778,6.347,1.5,1
11.08.2021 00:30:13.992,6.34768,6.347,1,1
11.08.2021 00:30:19.680,6.34766,6.34701,1.5,1
11.08.2021 00:30:20.141,6.34766,6.34686,1.5,1
11.08.2021 00:30:39.106,6.34767,6.34662,1.5,1
11.08.2021 00:30:50.263,6.34771,6.34686,1.5,1
11.08.2021 00:30:54.137,6.34771,6.34686,1.5,1
11.08.2021 00:30:54.292,6.34771,6.34686,1.5,1
11.08.2021 00:30:58.977,6.34772,6.34685,1.5,1
11.08.2021 00:31:13.454,6.34772,6.34666,1.5,1.5
11.08.2021 00:31:20.671,6.34771,6.34686,1.5,1
11.08.2021 00:32:36.608,6.34768,6.34666,1,1.5
11.08.2021 00:32:51.913,6.34766,6.34686,1.5,1
11.08.2021 00:33:26.414,6.34767,6.34696,1.62,1
11.08.2021 00:33:26.606,6.34767,6.34696,1.62,1
11.08.2021 00:33:26.976,6.34767,6.34696,1.5,1
11.08.2021 00:34:01.181,6.34773,6.34696,1.5,1
11.08.2021 00:34:01.335,6.34773,6.34696,1.5,1
11.08.2021 00:34:01.587,6.347740000000001,6.3469500000000005,1.5,1
11.08.2021 00:34:01.770,6.34767,6.34696,1.5,1
11.08.2021 00:34:19.342,6.34767,6.34696,1.5,1
11.08.2021 00:34:19.465,6.34773,6.346830000000001,1.5,1
11.08.2021 00:34:19.566,6.34773,6.346830000000001,1.5,1
11.08.2021 00:34:21.321,6.34778,6.34682,1.5,1.5
11.08.2021 00:34:26.569,6.34773,6.34696,1.5,1
11.08.2021 00:34:29.473,6.34773,6.34696,1.5,1
11.08.2021 00:34:34.027,6.34767,6.34696,1.62,1
11.08.2021 00:34:35.898,6.34768,6.3468100000000005,1.62,1.12
11.08.2021 00:34:44.916,6.3476300000000005,6.3468100000000005,1.5,1
11.08.2021 00:34:45.405,6.34767,6.34682,1.62,1
11.08.2021 00:34:47.555,6.34757,6.34665,1,1.5
11.08.2021 00:34:47.678,6.34757,6.346690000000001,1,1.5
11.08.2021 00:34:52.976,6.34762,6.346690000000001,1.5,1.5
11.08.2021 00:34:55.178,6.34762,6.346690000000001,1.5,1.5
11.08.2021 00:34:55.383,6.3476300000000005,6.346780000000001,1.5,1
11.08.2021 00:35:02.523,6.34767,6.34689,1.62,1
11.08.2021 00:35:02.573,6.34768,6.3468800000000005,1.62,1
11.08.2021 00:35:02.774,6.34768,6.3468800000000005,1.5,1.5
11.08.2021 00:35:08.476,6.34773,6.34689,1.5,1.5
11.08.2021 00:35:35.576,6.34773,6.34701,1.5,1
11.08.2021 00:35:35.627,6.34773,6.34701,1.5,1
11.08.2021 00:35:35.828,6.347840000000001,6.34701,1.5,1.5
11.08.2021 00:35:38.982,6.34785,6.347,1.5,1.5
11.08.2021 00:35:39.681,6.34787,6.34702,1,1.5
11.08.2021 00:35:39.878,6.34794,6.34702,1.5,1.5
11.08.2021 00:35:56.089,6.34794,6.34701,1.5,1.5
11.08.2021 00:35:57.848,6.34794,6.34701,1.5,1.5
11.08.2021 00:35:58.049,6.34794,6.34701,1.5,1.5
11.08.2021 00:36:01.068,6.34795,6.347,1.5,1.5
11.08.2021 00:36:13.176,6.34794,6.34701,1.5,1.5
11.08.2021 00:36:18.209,6.34794,6.34701,1.5,1.5
11.08.2021 00:36:18.409,6.34794,6.34701,1.5,1.5
11.08.2021 00:36:22.953,6.34795,6.347,1.5,1.5
11.08.2021 00:36:42.813,6.34801,6.34715,2,1
11.08.2021 00:36:44.274,6.34797,6.34715,1,1
11.08.2021 00:36:46.628,6.34778,6.34715,1.5,1
11.08.2021 00:36:46.701,6.34778,6.347040000000001,1.5,1
11.08.2021 00:36:49.976,6.34778,6.347040000000001,1.5,1
11.08.2021 00:36:58.268,6.347840000000001,6.347040000000001,1.5,1.5
11.08.2021 00:37:00.280,6.347840000000001,6.347040000000001,1.5,1
11.08.2021 00:37:00.330,6.34778,6.346830000000001,1.5,1
11.08.2021 00:37:00.681,6.34778,6.346830000000001,1.5,1
11.08.2021 00:37:09.463,6.347840000000001,6.347040000000001,1.5,1
11.08.2021 00:37:09.791,6.34778,6.347040000000001,1.5,1
11.08.2021 00:37:41.979,6.34778,6.34691,1,1
11.08.2021 00:37:42.086,6.34768,6.34691,1.5,1
11.08.2021 00:38:07.976,6.34767,6.34692,1.5,1
11.08.2021 00:38:09.872,6.34767,6.346730000000001,1.5,1
11.08.2021 00:38:11.936,6.34768,6.34691,1.5,1
11.08.2021 00:38:13.720,6.34773,6.34692,1.5,1.5
11.08.2021 00:38:13.770,6.347740000000001,6.34701,1.5,1
11.08.2021 00:38:13.871,6.347740000000001,6.34701,1.5,1
11.08.2021 00:38:15.476,6.347840000000001,6.34702,1.5,1.12
11.08.2021 00:38:18.929,6.347840000000001,6.34702,1.5,1.5
11.08.2021 00:38:19.309,6.34778,6.34702,1.5,1
11.08.2021 00:38:19.696,6.34773,6.34689,1.5,1
11.08.2021 00:38:19.856,6.34777,6.34689,1,1.5
11.08.2021 00:38:20.157,6.34773,6.34689,1.5,1.5
11.08.2021 00:38:24.815,6.34773,6.34689,1.5,1.5
11.08.2021 00:38:31.477,6.34773,6.34676,1.5,1.5
11.08.2021 00:38:49.845,6.34773,6.34689,1.5,1
11.08.2021 00:39:15.193,6.34773,6.34701,1.5,1
11.08.2021 00:39:15.294,6.34778,6.34701,1.5,1.5
11.08.2021 00:39:31.150,6.34787,6.34698,1,1.5
11.08.2021 00:39:31.320,6.348,6.347250000000001,1.5,1
11.08.2021 00:39:31.704,6.348,6.347250000000001,1.5,1
11.08.2021 00:39:31.907,6.348,6.347250000000001,1.5,1
11.08.2021 00:39:32.155,6.348,6.347250000000001,1.5,1
11.08.2021 00:39:34.145,6.34795,6.34724,1.5,1
11.08.2021 00:39:34.346,6.34794,6.347090000000001,1.5,1.5
11.08.2021 00:39:34.504,6.348,6.347230000000001,1.5,1
11.08.2021 00:39:34.554,6.348,6.347230000000001,1.5,1
11.08.2021 00:39:34.974,6.34794,6.347230000000001,1.5,1
11.08.2021 00:39:35.744,6.34795,6.34722,1.5,1
11.08.2021 00:39:49.474,6.34794,6.347230000000001,1.5,1
11.08.2021 00:39:54.833,6.34801,6.34702,1.5,1.5
11.08.2021 00:39:56.977,6.34801,6.34702,1.5,1.5
11.08.2021 00:39:57.669,6.34794,6.34698,1.5,1.5
11.08.2021 00:40:04.977,6.3478900000000005,6.34711,1.5,1.12
11.08.2021 00:40:08.027,6.348,6.34724,1.5,1
11.08.2021 00:40:08.228,6.34806,6.347230000000001,1.5,1.5
11.08.2021 00:40:08.866,6.34813,6.347230000000001,1.5,1.5
11.08.2021 00:40:18.179,6.34812,6.34738,1.5,1
11.08.2021 00:40:32.577,6.34813,6.34737,1.5,1
11.08.2021 00:40:33.115,6.34812,6.34738,1.5,1
11.08.2021 00:40:57.249,6.34816,6.34738,1,1.5
11.08.2021 00:40:57.300,6.348310000000001,6.3475,2,1.5
11.08.2021 00:40:57.451,6.34839,6.3474900000000005,1.5,1.5
11.08.2021 00:40:57.552,6.3484300000000005,6.34764,1.5,1
11.08.2021 00:40:59.476,6.34844,6.3476300000000005,1.5,1
11.08.2021 00:41:02.082,6.348490000000001,6.3478,1.5,1
11.08.2021 00:41:02.182,6.348540000000001,6.3478,1.5,1
11.08.2021 00:41:07.504,6.348540000000001,6.3478,1.5,1
11.08.2021 00:41:09.925,6.348540000000001,6.34757,1.5,1.5
11.08.2021 00:41:18.961,6.348540000000001,6.34757,1.5,1.5
11.08.2021 00:41:19.064,6.348490000000001,6.347700000000001,1.5,1
11.08.2021 00:41:23.178,6.3484300000000005,6.347700000000001,1.5,1
11.08.2021 00:41:26.863,6.3484300000000005,6.34747,1.5,1.5
11.08.2021 00:41:27.015,6.34822,6.3474900000000005,1,1.5
11.08.2021 00:41:27.116,6.34822,6.3474900000000005,1.5,1
11.08.2021 00:41:30.477,6.34817,6.347480000000001,1.5,1
11.08.2021 00:41:34.123,6.34816,6.3474900000000005,1.5,1
11.08.2021 00:41:48.107,6.34816,6.34719,1.5,1.5
11.08.2021 00:41:57.095,6.34816,6.3474900000000005,1.5,1
11.08.2021 00:42:18.838,6.34816,6.347340000000001,1.5,1.12
11.08.2021 00:42:18.889,6.348,6.347340000000001,1,1
11.08.2021 00:42:19.039,6.34795,6.34715,1.5,1
11.08.2021 00:42:19.236,6.34794,6.34705,1.5,1.5
11.08.2021 00:42:25.580,6.3479,6.347040000000001,1.5,1.5
11.08.2021 00:42:32.976,6.3478900000000005,6.34705,1.5,1.5
11.08.2021 00:42:37.921,6.34795,6.347040000000001,1.5,1.5
11.08.2021 00:42:41.037,6.34794,6.34692,1.5,1.5
11.08.2021 00:42:43.753,6.34794,6.34719,1.5,1
11.08.2021 00:42:43.917,6.348,6.34719,1.5,1
11.08.2021 00:42:46.483,6.34795,6.347180000000001,1.5,1
11.08.2021 00:42:47.242,6.3478900000000005,6.347090000000001,1.5,1
11.08.2021 00:42:55.928,6.34781,6.3469500000000005,1.5,1.5
11.08.2021 00:42:56.028,6.3477500000000004,6.3469500000000005,1.62,1.5
11.08.2021 00:42:56.131,6.34764,6.3469500000000005,1.5,1
11.08.2021 00:42:56.281,6.34764,6.3469500000000005,1.5,1
11.08.2021 00:42:56.396,6.34764,6.346830000000001,1.5,1
11.08.2021 00:42:56.497,6.34767,6.346830000000001,1,1
11.08.2021 00:42:56.547,6.347700000000001,6.34696,1.5,1
11.08.2021 00:42:56.685,6.347700000000001,6.34696,1.5,1
11.08.2021 00:42:57.473,6.34768,6.346830000000001,1,1.5
11.08.2021 00:43:00.231,6.34767,6.34684,1,1
11.08.2021 00:43:02.032,6.34767,6.34684,1,1.5
11.08.2021 00:43:02.082,6.34768,6.34694,1,1
11.08.2021 00:43:02.252,6.34776,6.34694,1.5,1
11.08.2021 00:43:02.979,6.34776,6.34694,1.5,1
11.08.2021 00:43:03.763,6.34776,6.34694,1.5,1
11.08.2021 00:43:04.477,6.3477500000000004,6.3469500000000005,1.5,1
11.08.2021 00:43:09.153,6.3477500000000004,6.3469500000000005,1.5,1
11.08.2021 00:43:15.583,6.347650000000001,6.34663,1.5,1.5
11.08.2021 00:43:26.009,6.347650000000001,6.34663,1.5,1.62
11.08.2021 00:43:32.338,6.34766,6.34694,1.5,1
11.08.2021 00:43:36.127,6.347650000000001,6.3469500000000005,1.5,1
11.08.2021 00:43:47.190,6.347700000000001,6.3469500000000005,1.5,1
11.08.2021 00:43:47.302,6.347650000000001,6.34663,1.5,1.62
11.08.2021 00:43:47.403,6.347650000000001,6.34663,1.5,1.62
11.08.2021 00:43:47.874,6.34768,6.346830000000001,1.5,1
11.08.2021 00:43:48.239,6.34769,6.34682,1.5,1
11.08.2021 00:43:50.061,6.34768,6.346830000000001,1.5,1.5
11.08.2021 00:43:50.763,6.34768,6.346830000000001,1.5,1
11.08.2021 00:43:51.045,6.34768,6.346830000000001,1.5,1.5
11.08.2021 00:43:51.745,6.34768,6.346830000000001,1.5,1
11.08.2021 00:43:54.546,6.34768,6.346830000000001,1.5,1.5
11.08.2021 00:43:59.281,6.34768,6.346830000000001,1.5,1
11.08.2021 00:44:01.212,6.34768,6.346830000000001,1.5,1.5
11.08.2021 00:44:03.062,6.347740000000001,6.34694,1.5,1
11.08.2021 00:44:03.113,6.347740000000001,6.34694,1.5,1
11.08.2021 00:44:03.530,6.347790000000001,6.34694,1.5,1.5
11.08.2021 00:44:04.703,6.34791,6.34705,1.5,1
11.08.2021 00:44:04.754,6.3479,6.34706,1.5,1.12
11.08.2021 00:44:23.410,6.34794,6.34717,1.5,1
11.08.2021 00:44:23.461,6.34795,6.34717,1.5,1
11.08.2021 00:44:24.888,6.34795,6.34717,1.5,1
11.08.2021 00:44:34.854,6.348,6.347300000000001,1.5,1
11.08.2021 00:44:35.005,6.34817,6.34729,1.5,1
11.08.2021 00:44:35.055,6.34816,6.34738,1.5,1
11.08.2021 00:44:36.151,6.34822,6.3473500000000005,1.5,1
11.08.2021 00:44:41.384,6.34807,6.3473500000000005,1,1
11.08.2021 00:44:41.563,6.34807,6.3473500000000005,1,1
11.08.2021 00:44:41.613,6.34807,6.347230000000001,1,1
11.08.2021 00:45:00.626,6.34795,6.347040000000001,1.5,1.5
11.08.2021 00:45:11.869,6.347930000000001,6.34722,1.5,1
11.08.2021 00:45:21.346,6.34786,6.347230000000001,1.5,1
11.08.2021 00:45:21.548,6.34786,6.347230000000001,1.5,1
11.08.2021 00:45:22.706,6.34787,6.34722,1.5,1
11.08.2021 00:45:22.904,6.34787,6.34722,1.5,1
11.08.2021 00:45:23.770,6.34786,6.3469500000000005,1.5,1.5
11.08.2021 00:45:25.665,6.34786,6.3469500000000005,1.5,1.5
11.08.2021 00:45:26.603,6.34786,6.3471,1.5,1
11.08.2021 00:45:34.588,6.34792,6.347250000000001,1.5,1
11.08.2021 00:45:34.781,6.34804,6.34724,1.5,1
11.08.2021 00:45:35.148,6.3480300000000005,6.34738,1.5,1
11.08.2021 00:46:00.300,6.347980000000001,6.34737,1.5,1
11.08.2021 00:46:00.350,6.34792,6.34722,1.5,1
11.08.2021 00:46:00.546,6.347930000000001,6.3472100000000005,1.5,1
11.08.2021 00:46:00.742,6.34792,6.3473500000000005,1.5,1
11.08.2021 00:46:00.792,6.34792,6.3473500000000005,1,1
11.08.2021 00:46:00.843,6.34797,6.3473500000000005,1.5,1
11.08.2021 00:46:00.952,6.34797,6.3473500000000005,1,1
11.08.2021 00:46:01.648,6.34815,6.347340000000001,1.5,1
11.08.2021 00:46:04.259,6.34815,6.347340000000001,1.5,1
11.08.2021 00:46:04.472,6.348190000000001,6.3473500000000005,1.5,1
11.08.2021 00:46:05.795,6.348190000000001,6.3473500000000005,1.5,1.5
11.08.2021 00:46:05.845,6.348310000000001,6.347530000000001,2,1
11.08.2021 00:46:05.998,6.34835,6.347530000000001,1.5,1.12
11.08.2021 00:46:06.048,6.34835,6.34768,1.5,1
11.08.2021 00:46:14.795,6.3483,6.34768,1.5,1
11.08.2021 00:46:14.846,6.3483,6.347580000000001,1.5,1
11.08.2021 00:46:15.011,6.3482400000000005,6.347580000000001,1.5,1
11.08.2021 00:46:15.508,6.3482400000000005,6.347580000000001,1.5,1
11.08.2021 00:46:19.577,6.3482400000000005,6.347580000000001,1.5,1
11.08.2021 00:46:29.654,6.3482400000000005,6.347580000000001,1.5,1
11.08.2021 00:46:33.334,6.3482400000000005,6.34742,1.5,1
11.08.2021 00:46:34.977,6.3482400000000005,6.34742,1.5,1
11.08.2021 00:46:45.382,6.3482,6.34722,1.5,1
11.08.2021 00:46:45.496,6.3482400000000005,6.3472800000000005,1.5,1.5
11.08.2021 00:46:45.616,6.34825,6.34752,1.5,1
11.08.2021 00:46:50.477,6.34825,6.34752,1.5,1
11.08.2021 00:47:09.259,6.3482400000000005,6.3472800000000005,1.5,1.5
11.08.2021 00:47:09.424,6.3483,6.34733,1.5,1.62
11.08.2021 00:47:09.757,6.3483,6.347650000000001,1.5,1
11.08.2021 00:47:09.917,6.34841,6.347650000000001,1.5,1
11.08.2021 00:47:13.977,6.34841,6.347650000000001,1.5,1
11.08.2021 00:47:28.255,6.34841,6.347650000000001,1.5,1
11.08.2021 00:47:28.459,6.34841,6.347650000000001,1.5,1
11.08.2021 00:47:29.534,6.34841,6.347650000000001,1.5,1
11.08.2021 00:47:32.357,6.34856,6.34785,2,1
11.08.2021 00:47:32.479,6.348590000000001,6.347840000000001,1.5,1
11.08.2021 00:47:53.925,6.348630000000001,6.34771,1.5,1.5
11.08.2021 00:47:56.143,6.348630000000001,6.34771,1.5,1.5
11.08.2021 00:47:57.470,6.348630000000001,6.3479600000000005,1.5,1
11.08.2021 00:47:57.521,6.348680000000001,6.3479600000000005,1,1.12
11.08.2021 00:47:57.635,6.348680000000001,6.34809,1,1
11.08.2021 00:47:57.685,6.34879,6.34809,1.12,1
11.08.2021 00:47:59.509,6.3489,6.34809,1.5,1
11.08.2021 00:47:59.559,6.34891,6.348190000000001,1.5,1
11.08.2021 00:47:59.610,6.3489,6.3482,1.5,1
11.08.2021 00:48:05.845,6.34896,6.3482,1.5,1
11.08.2021 00:48:08.156,6.34896,6.3482,1.5,1
11.08.2021 00:48:16.477,6.34896,6.3482,1.5,1
11.08.2021 00:48:27.075,6.34896,6.34804,1.5,1.5
11.08.2021 00:48:29.796,6.34896,6.3482,1.5,1
11.08.2021 00:48:48.954,6.3489,6.3482,1.5,1
11.08.2021 00:48:54.330,6.34891,6.348190000000001,1.5,1
11.08.2021 00:48:54.381,6.3488500000000005,6.347930000000001,1.5,1.62
11.08.2021 00:48:54.532,6.3488500000000005,6.347930000000001,1.5,1.5
11.08.2021 00:49:00.010,6.3488500000000005,6.3482,1.5,1
11.08.2021 00:49:00.246,6.34874,6.34804,1.5,1
11.08.2021 00:49:01.137,6.34874,6.34804,1.5,1
11.08.2021 00:49:03.475,6.34874,6.34804,1.5,1
11.08.2021 00:49:03.681,6.34874,6.34804,1.5,1
11.08.2021 00:49:05.327,6.34875,6.3480300000000005,1.5,1
11.08.2021 00:49:10.978,6.34874,6.34804,1.5,1
11.08.2021 00:49:12.937,6.34879,6.34782,1.5,1.5
11.08.2021 00:49:13.038,6.348800000000001,6.348140000000001,1.5,1
11.08.2021 00:49:13.139,6.348800000000001,6.348140000000001,1,1
11.08.2021 00:49:18.941,6.3488500000000005,6.34815,1.5,1
11.08.2021 00:49:19.097,6.3488500000000005,6.34815,1.5,1
11.08.2021 00:49:19.147,6.3488500000000005,6.347980000000001,1.5,1
11.08.2021 00:49:19.851,6.3488500000000005,6.347980000000001,1.5,1.5
11.08.2021 00:49:20.059,6.3488500000000005,6.347980000000001,1.5,1.5
11.08.2021 00:49:21.067,6.3488500000000005,6.34809,1.5,1
11.08.2021 00:49:24.203,6.3488500000000005,6.34809,1.5,1
11.08.2021 00:49:24.422,6.3488500000000005,6.34809,1.5,1
11.08.2021 00:49:24.827,6.34886,6.34808,1.5,1
11.08.2021 00:49:31.573,6.34886,6.34787,1.5,1.5
11.08.2021 00:49:46.655,6.34886,6.34797,1.5,1
11.08.2021 00:49:46.756,6.34875,6.34797,1.5,1
11.08.2021 00:49:46.900,6.34869,6.34797,1.5,1
11.08.2021 00:49:49.978,6.348680000000001,6.347980000000001,1.5,1
11.08.2021 00:50:16.672,6.348680000000001,6.34773,1.5,1
11.08.2021 00:50:16.890,6.348680000000001,6.347980000000001,1.5,1
11.08.2021 00:50:18.576,6.348680000000001,6.347840000000001,1.5,1
11.08.2021 00:50:18.626,6.3483,6.347840000000001,1,1
11.08.2021 00:50:18.677,6.348680000000001,6.34769,1.5,1
11.08.2021 00:50:18.777,6.34847,6.34742,1,1.5
11.08.2021 00:50:18.828,6.34847,6.34742,1,1.5
11.08.2021 00:50:18.956,6.34848,6.3475600000000005,1,1
11.08.2021 00:50:19.007,6.34847,6.34757,1,1
11.08.2021 00:50:20.480,6.34842,6.3475600000000005,1.5,1
11.08.2021 00:50:20.646,6.34837,6.34757,1,1
11.08.2021 00:50:24.509,6.348310000000001,6.3475600000000005,1.5,1
11.08.2021 00:50:27.147,6.3483,6.34733,1.5,1.5
11.08.2021 00:50:32.903,6.3483,6.34745,1.5,1
11.08.2021 00:50:33.056,6.3482,6.34745,1.5,1
11.08.2021 00:50:33.627,6.3482,6.34745,1.5,1
11.08.2021 00:50:33.782,6.3482,6.34745,1.5,1
11.08.2021 00:50:34.094,6.3482,6.34745,1.5,1
11.08.2021 00:50:34.539,6.34821,6.347440000000001,1.5,1
11.08.2021 00:50:36.125,6.3482,6.34745,1.5,1
11.08.2021 00:50:36.328,6.3482,6.34745,1.5,1
11.08.2021 00:50:41.094,6.3482,6.34745,1.5,1
11.08.2021 00:50:41.304,6.34825,6.34745,1.5,1
11.08.2021 00:50:42.263,6.3482,6.34745,1.5,1
11.08.2021 00:50:42.617,6.3482,6.34745,1.5,1
11.08.2021 00:50:42.820,6.3482,6.34745,1.5,1
11.08.2021 00:50:53.572,6.3482,6.347230000000001,1.5,1.5
11.08.2021 00:51:03.758,6.3482,6.34745,1.5,1
11.08.2021 00:51:15.473,6.348190000000001,6.34745,1.5,1
11.08.2021 00:51:25.945,6.348190000000001,6.34745,1.5,1
11.08.2021 00:51:28.101,6.348190000000001,6.34745,1.5,1
11.08.2021 00:51:31.485,6.348190000000001,6.34745,1.5,1
11.08.2021 00:51:39.018,6.348190000000001,6.34745,1.5,1
11.08.2021 00:51:40.220,6.348190000000001,6.34745,1.5,1
11.08.2021 00:52:06.194,6.34808,6.34745,1.5,1
11.08.2021 00:52:06.365,6.34808,6.3473500000000005,1.5,1
11.08.2021 00:52:06.516,6.3480300000000005,6.34711,1.5,1.5
11.08.2021 00:52:06.566,6.34804,6.347390000000001,1.5,1
11.08.2021 00:52:06.817,6.348190000000001,6.3474,1.5,1
11.08.2021 00:52:07.267,6.348190000000001,6.3474,1.5,1
11.08.2021 00:52:11.313,6.3482,6.347390000000001,1.5,1
11.08.2021 00:52:17.974,6.348190000000001,6.3474,1.5,1
11.08.2021 00:52:28.211,6.3482,6.347390000000001,1.5,1
11.08.2021 00:52:28.837,6.348190000000001,6.3474,1.5,1
11.08.2021 00:52:36.376,6.348190000000001,6.347160000000001,1.5,1.5
11.08.2021 00:52:36.604,6.348190000000001,6.3474,1.5,1
11.08.2021 00:52:36.938,6.34821,6.347390000000001,1.5,1
11.08.2021 00:52:49.706,6.3482,6.3474,1.5,1
11.08.2021 00:53:13.251,6.34821,6.3474,1.5,1
11.08.2021 00:53:13.503,6.3481000000000005,6.3474,1.5,1
11.08.2021 00:53:14.218,6.34811,6.347390000000001,1.5,1
11.08.2021 00:53:15.168,6.34804,6.3472800000000005,1.5,1
11.08.2021 00:53:15.218,6.34804,6.3472800000000005,1.5,1
11.08.2021 00:53:18.035,6.347930000000001,6.3472800000000005,1.5,1
11.08.2021 00:53:25.029,6.34794,6.34727,1.5,1
11.08.2021 00:53:27.065,6.347930000000001,6.347160000000001,1.5,1
11.08.2021 00:53:27.116,6.34794,6.34715,1.5,1
11.08.2021 00:53:27.274,6.347930000000001,6.347160000000001,1.5,1
11.08.2021 00:53:37.870,6.34799,6.3472800000000005,1.5,1
11.08.2021 00:53:37.921,6.34804,6.3472800000000005,1.5,1
11.08.2021 00:53:38.182,6.34804,6.3472800000000005,1.5,1
11.08.2021 00:53:41.919,6.34815,6.34738,1.5,1
11.08.2021 00:53:43.978,6.34815,6.34738,1.5,1
11.08.2021 00:53:47.937,6.34816,6.34737,1.5,1
11.08.2021 00:53:53.689,6.34815,6.34738,1.5,1
11.08.2021 00:54:01.676,6.34821,6.34737,1.5,1
11.08.2021 00:54:03.061,6.3482,6.34738,1.5,1
11.08.2021 00:54:03.111,6.3482,6.347230000000001,1.5,1.5
11.08.2021 00:54:03.183,6.3482,6.3475,1.5,1
11.08.2021 00:54:03.262,6.34821,6.3474900000000005,1.5,1
11.08.2021 00:54:03.832,6.3482,6.3475,1.5,1
11.08.2021 00:54:05.677,6.34826,6.3475,1.5,1
11.08.2021 00:54:05.778,6.34826,6.3475,1.5,1
11.08.2021 00:54:07.478,6.34826,6.3475,1.5,1
11.08.2021 00:54:08.292,6.34832,6.3476,1.5,1
11.08.2021 00:54:08.425,6.348310000000001,6.34761,1.5,1
11.08.2021 00:54:08.529,6.348490000000001,6.34772,1.5,1
11.08.2021 00:54:14.978,6.34848,6.34773,1.5,1
11.08.2021 00:54:22.978,6.348490000000001,6.34772,1.5,1
11.08.2021 00:54:28.391,6.34847,6.34751,1,1.5
11.08.2021 00:54:33.616,6.34837,6.3474,1.5,1.5
11.08.2021 00:54:38.560,6.348380000000001,6.34772,1.5,1
11.08.2021 00:54:41.146,6.34837,6.34761,1.5,1
11.08.2021 00:54:46.114,6.34837,6.34761,1.5,1
11.08.2021 00:54:53.977,6.34842,6.34761,1.5,1
11.08.2021 00:54:58.087,6.34841,6.34761,1.5,1
11.08.2021 00:54:59.427,6.34842,6.34771,1.5,1
11.08.2021 00:55:00.554,6.34847,6.34772,1.5,1
11.08.2021 00:55:00.957,6.34847,6.34772,1.5,1
11.08.2021 00:55:01.087,6.34847,6.34772,1.5,1
11.08.2021 00:55:01.226,6.34847,6.34772,1.5,1
11.08.2021 00:55:03.025,6.348490000000001,6.34772,1.5,1
11.08.2021 00:55:17.556,6.34851,6.3476300000000005,1.5,1
11.08.2021 00:55:17.707,6.34867,6.347700000000001,1.62,1.5
11.08.2021 00:55:17.758,6.34867,6.34787,1.62,1
11.08.2021 00:55:17.909,6.34867,6.34787,1.5,1
11.08.2021 00:55:18.982,6.348730000000001,6.34786,1.5,1
11.08.2021 00:55:19.535,6.34874,6.34785,1.5,1
11.08.2021 00:55:20.238,6.348730000000001,6.34786,1.5,1
11.08.2021 00:55:28.051,6.3487100000000005,6.34786,1.5,1
11.08.2021 00:55:28.208,6.34867,6.34786,1,1
11.08.2021 00:55:28.432,6.3487100000000005,6.34786,1.5,1
11.08.2021 00:55:41.387,6.34882,6.34785,2,1.12
11.08.2021 00:55:41.438,6.34882,6.348,1.5,1
11.08.2021 00:55:41.554,6.34882,6.348,1.5,1
11.08.2021 00:55:41.755,6.34882,6.348,1.5,1
11.08.2021 00:55:41.957,6.34887,6.348,1,1
11.08.2021 00:55:43.582,6.34883,6.34799,1.5,1
11.08.2021 00:55:52.488,6.34882,6.348,1.5,1
11.08.2021 00:55:52.654,6.34882,6.348,1.5,1
11.08.2021 00:56:02.004,6.34883,6.34799,1.5,1
11.08.2021 00:56:02.205,6.34877,6.348,1.5,1
11.08.2021 00:56:02.892,6.34877,6.34773,1.5,1
11.08.2021 00:56:03.095,6.34877,6.34773,1.5,1
11.08.2021 00:56:07.428,6.34882,6.34777,1.5,1.5
11.08.2021 00:56:11.978,6.34882,6.348,1.5,1
11.08.2021 00:56:16.964,6.34887,6.348,1.62,1.5
11.08.2021 00:56:17.065,6.34887,6.34811,1.5,1
11.08.2021 00:56:18.090,6.3489700000000004,6.34811,1,1
11.08.2021 00:56:18.191,6.34892,6.34811,1.5,1
11.08.2021 00:56:19.362,6.3489700000000004,6.34811,1,1
11.08.2021 00:56:24.206,6.3489700000000004,6.34811,1,1.12
11.08.2021 00:56:55.969,6.34907,6.34822,1,1
11.08.2021 00:57:02.509,6.34907,6.34822,1,1
11.08.2021 00:57:02.559,6.34914,6.348330000000001,1.5,1
11.08.2021 00:57:02.712,6.34914,6.348330000000001,1.5,1.5
11.08.2021 00:57:04.531,6.34914,6.34842,1.5,1
11.08.2021 00:57:04.663,6.34914,6.34842,1.5,1
11.08.2021 00:57:05.430,6.34914,6.34842,1.5,1
11.08.2021 00:57:05.796,6.34927,6.34842,1,1
11.08.2021 00:57:09.718,6.34936,6.34857,1.5,1
11.08.2021 00:57:21.945,6.34936,6.34857,1.5,1
11.08.2021 00:57:25.815,6.34937,6.3483600000000004,1,1.5
11.08.2021 00:57:25.915,6.34941,6.3483600000000004,1.5,1.5
11.08.2021 00:57:26.905,6.34937,6.3483600000000004,1,1.5
11.08.2021 00:57:28.869,6.349130000000001,6.3484300000000005,1,1.12
11.08.2021 00:57:28.970,6.349080000000001,6.3484300000000005,1.5,1
11.08.2021 00:57:29.121,6.34907,6.34827,1,1
11.08.2021 00:57:30.380,6.34907,6.34827,1,1
11.08.2021 00:57:30.481,6.349130000000001,6.34827,1.5,1.5
11.08.2021 00:57:31.608,6.349130000000001,6.34839,1.5,1
11.08.2021 00:57:34.898,6.3491800000000005,6.34839,1.5,1
11.08.2021 00:57:35.059,6.34907,6.34825,1,1
11.08.2021 00:57:53.092,6.349080000000001,6.3482400000000005,1,1
11.08.2021 00:57:54.549,6.34907,6.34825,1,1
11.08.2021 00:57:54.871,6.34907,6.34808,1,1.5
11.08.2021 00:57:57.012,6.34907,6.3480300000000005,1,1
11.08.2021 00:57:57.165,6.349150000000001,6.3480300000000005,1.5,1
11.08.2021 00:57:57.567,6.34916,6.34802,1.5,1
11.08.2021 00:57:58.309,6.34916,6.34802,1.5,1
11.08.2021 00:57:58.410,6.349150000000001,6.34834,1.5,1
11.08.2021 00:57:58.514,6.349150000000001,6.34834,1.5,1
11.08.2021 00:57:59.431,6.349150000000001,6.34834,1.5,1
11.08.2021 00:58:01.190,6.34902,6.34834,1.5,1
11.08.2021 00:58:01.501,6.34902,6.34821,1.5,1
11.08.2021 00:58:01.997,6.3489700000000004,6.34821,1.5,1
11.08.2021 00:58:06.202,6.34892,6.3482,1.5,1
11.08.2021 00:58:06.353,6.34891,6.34811,1.5,1
11.08.2021 00:58:06.404,6.34892,6.3481000000000005,1.5,1
11.08.2021 00:58:08.539,6.34891,6.34811,1.5,1
11.08.2021 00:58:11.627,6.3490400000000005,6.34811,1.5,1.12
11.08.2021 00:58:13.217,6.34907,6.34822,1,1
11.08.2021 00:58:13.977,6.349080000000001,6.34821,1,1
11.08.2021 00:58:23.875,6.34907,6.34822,1,1
11.08.2021 00:58:24.076,6.349150000000001,6.34822,1.5,1.12
11.08.2021 00:58:44.026,6.349130000000001,6.34822,1.5,1.5
11.08.2021 00:58:47.075,6.349130000000001,6.34834,1.5,1
11.08.2021 00:58:48.303,6.34917,6.3484300000000005,1,1
11.08.2021 00:58:48.404,6.34935,6.3486,1.5,1
11.08.2021 00:58:48.530,6.3494,6.3486,1.5,1
11.08.2021 00:58:48.740,6.34935,6.3486,1.5,1
11.08.2021 00:58:48.840,6.34935,6.34876,1.5,1
11.08.2021 00:58:48.941,6.34952,6.34875,1.5,1
11.08.2021 00:58:49.155,6.34967,6.34888,1,1
11.08.2021 00:58:49.255,6.34977,6.34888,1,1
11.08.2021 00:58:49.407,6.34977,6.34902,1,1
11.08.2021 00:58:49.533,6.3497900000000005,6.34902,1.5,1
11.08.2021 00:58:50.423,6.34985,6.34901,1.5,1
11.08.2021 00:58:59.973,6.3499,6.34902,1.5,1
11.08.2021 00:59:04.722,6.34984,6.34902,1.5,1
11.08.2021 00:59:07.198,6.34984,6.34879,1.5,1.5
11.08.2021 00:59:09.529,6.3497900000000005,6.34874,1.5,1.5
11.08.2021 00:59:09.681,6.34977,6.34874,1,1.5
11.08.2021 00:59:09.883,6.34977,6.34874,1,1.5
11.08.2021 00:59:10.383,6.3497900000000005,6.34874,1.5,1.5
11.08.2021 00:59:13.522,6.34977,6.34874,1,1.5
11.08.2021 00:59:14.748,6.3497900000000005,6.34874,1.5,1.5
11.08.2021 00:59:19.548,6.34984,6.34902,1.5,1
11.08.2021 00:59:19.720,6.34985,6.34901,1.5,1
11.08.2021 00:59:19.918,6.34984,6.34902,1.5,1
11.08.2021 00:59:26.927,6.34984,6.34902,1.5,1.5
11.08.2021 00:59:27.128,6.34984,6.34902,1.5,1
11.08.2021 00:59:35.039,6.34984,6.34902,1.5,1
11.08.2021 00:59:36.518,6.34984,6.34902,1.5,1
11.08.2021 00:59:38.138,6.34967,6.34874,1,1.5
11.08.2021 00:59:38.292,6.34967,6.34869,1.5,1.5
11.08.2021 00:59:39.188,6.34967,6.34888,1.5,1
11.08.2021 00:59:49.485,6.349640000000001,6.34872,1.5,1.5
11.08.2021 00:59:52.497,6.34975,6.348980000000001,1.5,1
11.08.2021 00:59:52.648,6.34975,6.348980000000001,1.5,1
11.08.2021 00:59:52.749,6.3498600000000005,6.349060000000001,1.5,1
11.08.2021 00:59:52.800,6.3498600000000005,6.349060000000001,1.5,1
11.08.2021 01:00:00.218,6.3498600000000005,6.34926,1.5,1
11.08.2021 01:00:00.283,6.3498600000000005,6.34907,1.5,1.12
11.08.2021 01:00:00.487,6.3498600000000005,6.34907,1.5,1
11.08.2021 01:00:00.783,6.3498,6.34907,1.5,1
11.08.2021 01:00:01.240,6.34981,6.349060000000001,1.5,1
11.08.2021 01:00:01.704,6.34981,6.349060000000001,1.5,1
11.08.2021 01:00:03.065,6.34981,6.349060000000001,1.5,1
11.08.2021 01:00:03.511,6.34976,6.34893,1.5,1
11.08.2021 01:00:03.562,6.34975,6.348940000000001,1.5,1
11.08.2021 01:00:03.777,6.34975,6.348940000000001,1.5,1
11.08.2021 01:00:03.991,6.34975,6.348940000000001,1.5,1
11.08.2021 01:00:04.194,6.34975,6.348940000000001,1.5,1
11.08.2021 01:00:04.394,6.3498,6.348940000000001,1.5,1
11.08.2021 01:00:06.000,6.3498,6.348940000000001,1.5,1
11.08.2021 01:00:06.180,6.3498,6.348940000000001,1.5,1
11.08.2021 01:00:06.697,6.3498,6.348940000000001,1.5,1
11.08.2021 01:00:07.842,6.34977,6.348940000000001,1,1
11.08.2021 01:00:08.067,6.349530000000001,6.34882,1.5,1
11.08.2021 01:00:10.225,6.34954,6.34881,1.5,1
11.08.2021 01:00:10.640,6.349530000000001,6.34882,1.5,1
11.08.2021 01:00:10.843,6.349640000000001,6.34882,1.5,1
11.08.2021 01:00:11.630,6.349640000000001,6.34882,1.5,1
11.08.2021 01:00:13.167,6.349640000000001,6.34882,1.5,1
11.08.2021 01:00:18.167,6.34959,6.34856,1.5,1.5
11.08.2021 01:00:18.217,6.34959,6.34867,1.5,1.5
11.08.2021 01:00:18.318,6.349640000000001,6.348940000000001,1.5,1
11.08.2021 01:00:18.429,6.349640000000001,6.348940000000001,1.5,1
11.08.2021 01:00:18.881,6.349640000000001,6.348940000000001,1.5,1
11.08.2021 01:00:19.691,6.34975,6.348940000000001,1.5,1
11.08.2021 01:00:19.792,6.3498600000000005,6.349060000000001,1.5,1
11.08.2021 01:00:19.893,6.3498600000000005,6.349060000000001,1.5,1
11.08.2021 01:00:20.917,6.3498600000000005,6.349060000000001,1.5,1
11.08.2021 01:00:21.168,6.34987,6.34917,1.5,1
11.08.2021 01:00:21.716,6.3498600000000005,6.3491800000000005,1.5,1
11.08.2021 01:00:21.890,6.34991,6.3491800000000005,1.5,1
11.08.2021 01:00:22.067,6.34991,6.34907,1.5,1
11.08.2021 01:00:22.118,6.34991,6.34907,1.5,1
11.08.2021 01:00:29.479,6.34991,6.34907,1.5,1
11.08.2021 01:00:37.478,6.349880000000001,6.349060000000001,1,1
11.08.2021 01:00:37.674,6.34975,6.34891,1.5,1.5
11.08.2021 01:00:37.724,6.34959,6.34891,1.5,1
11.08.2021 01:00:37.889,6.34959,6.34891,1.5,1
11.08.2021 01:00:38.121,6.34959,6.348800000000001,1.5,1
11.08.2021 01:00:46.032,6.34959,6.348800000000001,1.5,1
11.08.2021 01:00:46.132,6.34949,6.3485000000000005,1.5,1.5
11.08.2021 01:00:46.233,6.349480000000001,6.348630000000001,1.5,1
11.08.2021 01:00:46.861,6.34947,6.348630000000001,1,1
11.08.2021 01:00:47.059,6.349480000000001,6.34862,1,1
11.08.2021 01:00:49.429,6.34932,6.34862,1.5,1
11.08.2021 01:00:51.269,6.34927,6.34852,1,1
11.08.2021 01:00:51.319,6.34922,6.34851,1.5,1
11.08.2021 01:00:51.476,6.34921,6.34852,1.5,1
11.08.2021 01:00:51.688,6.34922,6.34851,1.5,1
11.08.2021 01:00:53.278,6.34921,6.34852,1.5,1
11.08.2021 01:00:55.327,6.34921,6.34842,1.5,1
11.08.2021 01:00:55.396,6.34922,6.34841,1.5,1
11.08.2021 01:00:57.279,6.34921,6.34842,1.5,1
11.08.2021 01:00:57.481,6.34922,6.34841,1.5,1
11.08.2021 01:00:57.760,6.34926,6.34842,1.5,1
11.08.2021 01:00:59.123,6.34931,6.34842,1.5,1.12
11.08.2021 01:00:59.875,6.34931,6.348540000000001,1.5,1
11.08.2021 01:01:01.612,6.34931,6.348540000000001,1.5,1
11.08.2021 01:01:08.597,6.34931,6.348540000000001,1.5,1
11.08.2021 01:01:08.933,6.34931,6.348540000000001,1.5,1
11.08.2021 01:01:09.033,6.34936,6.34839,1.5,1.5
11.08.2021 01:01:09.134,6.34937,6.348380000000001,1.5,1.5
11.08.2021 01:01:10.830,6.34936,6.34839,1.5,1.5
11.08.2021 01:01:15.153,6.34941,6.3486,1.5,1
11.08.2021 01:01:15.355,6.34942,6.348590000000001,1.5,1
11.08.2021 01:01:15.506,6.34941,6.3486,1.5,1
11.08.2021 01:01:19.505,6.34936,6.3486,1.12,1.12
11.08.2021 01:01:19.707,6.34941,6.3486,1.5,1
11.08.2021 01:01:21.333,6.34942,6.348590000000001,1.5,1
11.08.2021 01:01:24.476,6.34937,6.3486,1,1
11.08.2021 01:01:24.527,6.34941,6.34844,1.5,1.5
11.08.2021 01:01:24.761,6.34947,6.3485000000000005,1.5,1.5
11.08.2021 01:01:26.808,6.34952,6.348730000000001,1.5,1
11.08.2021 01:01:26.970,6.34952,6.348730000000001,1.5,1
11.08.2021 01:01:31.978,6.34952,6.348730000000001,1.5,1
11.08.2021 01:01:33.583,6.34952,6.348730000000001,1.5,1
11.08.2021 01:01:39.475,6.34952,6.348730000000001,1.5,1
11.08.2021 01:01:44.721,6.3495800000000004,6.34861,1.5,1.5
11.08.2021 01:01:44.949,6.3495800000000004,6.34861,1.5,1.5
11.08.2021 01:01:45.091,6.34959,6.34884,1.5,1
11.08.2021 01:01:45.191,6.349640000000001,6.34896,1,1
11.08.2021 01:01:45.292,6.3497900000000005,6.3489700000000004,1.5,1
11.08.2021 01:01:54.268,6.3497900000000005,6.3489700000000004,1.5,1.5
11.08.2021 01:01:54.475,6.3497900000000005,6.3489700000000004,1.5,1
11.08.2021 01:02:00.284,6.3498,6.34896,1.5,1
11.08.2021 01:02:07.373,6.3497900000000005,6.34882,1.5,1.5
11.08.2021 01:02:07.535,6.34985,6.34888,1.5,1.5
11.08.2021 01:02:07.652,6.3499,6.3491100000000005,1.5,1
11.08.2021 01:02:07.753,6.3499,6.34923,1.5,1
11.08.2021 01:02:07.911,6.3499,6.34923,1,1
11.08.2021 01:02:09.667,6.35006,6.34923,1.5,1
11.08.2021 01:02:10.978,6.35007,6.34922,1.5,1
11.08.2021 01:02:18.559,6.35006,6.34923,1.5,1
11.08.2021 01:02:18.610,6.35012,6.34936,1.5,1
11.08.2021 01:02:18.761,6.35012,6.34936,1.5,1
11.08.2021 01:02:19.814,6.35012,6.34936,1.5,1
11.08.2021 01:02:20.339,6.35012,6.34936,1.5,1
11.08.2021 01:02:20.776,6.35012,6.34936,1.5,1
11.08.2021 01:02:30.977,6.35012,6.349150000000001,1.5,1.5
11.08.2021 01:02:33.129,6.35012,6.349150000000001,1.5,1.5
11.08.2021 01:02:36.033,6.35007,6.3492500000000005,1.5,1
11.08.2021 01:02:38.506,6.35006,6.34926,1.5,1
11.08.2021 01:02:40.521,6.35006,6.34926,1.5,1
11.08.2021 01:02:49.979,6.35006,6.34926,1.5,1
11.08.2021 01:03:00.876,6.35007,6.349080000000001,1.5,1.5
11.08.2021 01:03:03.716,6.3501,6.349130000000001,1.5,1.5
11.08.2021 01:03:14.883,6.35012,6.34926,1.5,1
11.08.2021 01:03:16.719,6.350130000000001,6.3492500000000005,1.5,1.12
11.08.2021 01:03:17.514,6.35012,6.34926,1.5,1
11.08.2021 01:03:18.396,6.35012,6.34926,1.5,1.12
11.08.2021 01:03:19.624,6.35012,6.34926,1.5,1
11.08.2021 01:03:22.176,6.35012,6.34926,1.5,1.12
11.08.2021 01:03:22.578,6.350130000000001,6.3492500000000005,1.5,1
11.08.2021 01:03:31.797,6.35007,6.349080000000001,1.5,1.5
11.08.2021 01:03:31.848,6.35006,6.34909,1.5,1.5
11.08.2021 01:03:36.396,6.35006,6.34926,1.5,1
11.08.2021 01:03:39.933,6.35006,6.34926,1.5,1
11.08.2021 01:03:45.710,6.35006,6.34926,1.5,1
11.08.2021 01:03:48.670,6.35006,6.34909,1.5,1.5
11.08.2021 01:03:52.476,6.35007,6.349080000000001,1.5,1.5
11.08.2021 01:03:59.978,6.35006,6.34909,1.5,1.5
11.08.2021 01:04:00.454,6.35006,6.34909,1.5,1.5
11.08.2021 01:04:02.722,6.350130000000001,6.349130000000001,1.5,1.5
11.08.2021 01:04:06.514,6.35007,6.34926,1,1
11.08.2021 01:04:07.102,6.35007,6.34926,1,1
11.08.2021 01:04:07.404,6.35006,6.34926,1.5,1
11.08.2021 01:04:13.429,6.34996,6.3492500000000005,1.5,1
11.08.2021 01:04:13.630,6.34991,6.3492500000000005,1.5,1
11.08.2021 01:04:15.041,6.3499,6.34926,1.5,1
11.08.2021 01:04:15.092,6.3499,6.34914,1.5,1
11.08.2021 01:04:15.293,6.349880000000001,6.349130000000001,1,1
11.08.2021 01:04:15.635,6.34987,6.349030000000001,1,1
11.08.2021 01:04:17.166,6.349880000000001,6.34902,1,1
11.08.2021 01:04:17.369,6.34991,6.34902,1.5,1.5
11.08.2021 01:04:20.208,6.3499,6.349200000000001,1.5,1
11.08.2021 01:04:20.259,6.349950000000001,6.349200000000001,1,1.5
11.08.2021 01:04:20.359,6.35006,6.349200000000001,1.5,1.5
11.08.2021 01:04:20.460,6.35006,6.349200000000001,1.5,1
11.08.2021 01:04:21.317,6.35012,6.349200000000001,1.5,1.5
11.08.2021 01:04:22.823,6.35012,6.34931,1.5,1
11.08.2021 01:04:23.455,6.350130000000001,6.3493,1.5,1
11.08.2021 01:04:25.031,6.35017,6.34931,1.62,1
11.08.2021 01:04:25.183,6.3502600000000005,6.34945,2,1
11.08.2021 01:04:25.233,6.350280000000001,6.34945,1.5,1
11.08.2021 01:04:25.385,6.350280000000001,6.34945,1.5,1
11.08.2021 01:04:25.588,6.350280000000001,6.34945,1.5,1
11.08.2021 01:04:29.220,6.350280000000001,6.34945,1.5,1
11.08.2021 01:04:31.479,6.3503300000000005,6.34945,1.5,1.12
11.08.2021 01:04:34.870,6.35034,6.34957,1.5,1
11.08.2021 01:04:38.978,6.35034,6.34957,1.5,1
11.08.2021 01:04:41.930,6.350390000000001,6.3495800000000004,1.5,1
11.08.2021 01:04:42.131,6.3504000000000005,6.34957,1.5,1
11.08.2021 01:04:42.314,6.35038,6.3495800000000004,1.5,1
11.08.2021 01:04:43.360,6.35038,6.3495800000000004,1.5,1
11.08.2021 01:04:43.798,6.35038,6.3495800000000004,1.5,1
11.08.2021 01:04:48.160,6.350390000000001,6.34957,1.5,1
11.08.2021 01:04:49.634,6.35038,6.3495800000000004,1.5,1
11.08.2021 01:04:53.301,6.3503300000000005,6.34935,1.5,1.5
11.08.2021 01:04:53.583,6.3503300000000005,6.34935,1.5,1.5
11.08.2021 01:04:55.950,6.3503300000000005,6.34947,1.5,1
11.08.2021 01:04:56.100,6.35027,6.34947,1.5,1
11.08.2021 01:04:56.558,6.350280000000001,6.3494600000000005,1.5,1
11.08.2021 01:04:58.633,6.350280000000001,6.3494600000000005,1.5,1
11.08.2021 01:04:58.838,6.3503300000000005,6.34947,1.5,1
11.08.2021 01:05:02.358,6.35034,6.3494600000000005,1.5,1
11.08.2021 01:05:03.364,6.3503300000000005,6.34947,1.5,1
11.08.2021 01:05:15.738,6.35034,6.3494600000000005,1.5,1
11.08.2021 01:05:15.940,6.3503300000000005,6.34947,1.5,1
11.08.2021 01:05:16.496,6.3503300000000005,6.34935,1.5,1.5
11.08.2021 01:05:26.291,6.35034,6.3494600000000005,1.5,1
11.08.2021 01:05:26.541,6.35027,6.34947,1.5,1
11.08.2021 01:05:26.922,6.35016,6.34947,1.5,1
11.08.2021 01:05:28.193,6.35011,6.34937,1.5,1
11.08.2021 01:05:34.016,6.35011,6.34937,1,1.12
11.08.2021 01:05:34.117,6.35016,6.34937,1.5,1.12
11.08.2021 01:05:34.297,6.35016,6.34937,1.5,1.5
11.08.2021 01:05:37.749,6.35027,6.3493,1.5,1.5
11.08.2021 01:05:41.182,6.3503300000000005,6.34952,1.5,1
11.08.2021 01:05:41.479,6.3503300000000005,6.34952,1.5,1
11.08.2021 01:05:43.650,6.3503300000000005,6.34952,1.5,1
11.08.2021 01:05:43.929,6.35034,6.34951,1.5,1
11.08.2021 01:05:53.271,6.35034,6.34951,1.5,1
11.08.2021 01:05:56.979,6.35027,6.34952,1.5,1
11.08.2021 01:06:02.993,6.3503300000000005,6.34935,1.5,1.5
11.08.2021 01:06:11.162,6.3503300000000005,6.34952,1.5,1
11.08.2021 01:06:20.479,6.3503300000000005,6.34952,1.5,1
11.08.2021 01:06:28.523,6.3503300000000005,6.34952,1.5,1
11.08.2021 01:06:29.667,6.3503300000000005,6.34952,1.5,1.5
11.08.2021 01:06:43.980,6.3503300000000005,6.34952,1.5,1
11.08.2021 01:07:29.354,6.35038,6.34952,1.5,1
11.08.2021 01:07:33.463,6.350390000000001,6.34951,1.5,1
11.08.2021 01:07:59.757,6.35034,6.34951,1.5,1
11.08.2021 01:08:10.455,6.35027,6.349430000000001,1.5,1
11.08.2021 01:08:10.555,6.35016,6.34932,1.5,1.5
11.08.2021 01:08:10.656,6.35016,6.34932,1.5,1.5
11.08.2021 01:08:12.228,6.35016,6.34932,1.5,1
11.08.2021 01:08:12.428,6.35011,6.34932,1.5,1
11.08.2021 01:08:30.460,6.35011,6.34914,1.5,1.5
11.08.2021 01:08:40.516,6.35005,6.349240000000001,1.5,1
11.08.2021 01:08:56.478,6.35007,6.34923,1.5,1
11.08.2021 01:09:16.273,6.35006,6.349240000000001,1.5,1
11.08.2021 01:09:16.726,6.35006,6.349240000000001,1.5,1
11.08.2021 01:09:19.543,6.35006,6.349240000000001,1.5,1.12
11.08.2021 01:09:20.092,6.35006,6.349240000000001,1.5,1
11.08.2021 01:09:28.516,6.35011,6.349240000000001,1.5,1.5
11.08.2021 01:09:28.566,6.35011,6.349330000000001,1.5,1
11.08.2021 01:09:31.322,6.35011,6.349330000000001,1.5,1
11.08.2021 01:09:31.456,6.35006,6.349330000000001,1.5,1
11.08.2021 01:09:32.799,6.3500000000000005,6.34919,1.5,1
11.08.2021 01:09:32.962,6.35006,6.34919,1.5,1.12
11.08.2021 01:09:36.469,6.35007,6.3491800000000005,1.5,1.5
11.08.2021 01:09:36.628,6.35011,6.3493,1.5,1
11.08.2021 01:09:46.402,6.35011,6.3493,1.5,1
11.08.2021 01:09:56.513,6.35012,6.349080000000001,1.5,1.5
11.08.2021 01:09:58.890,6.35017,6.34941,1.5,1
11.08.2021 01:09:59.041,6.350390000000001,6.34968,1.5,1
11.08.2021 01:09:59.091,6.35038,6.349690000000001,1,1
11.08.2021 01:10:00.334,6.35038,6.349690000000001,1.5,1
11.08.2021 01:10:00.384,6.35038,6.34954,1.5,1
11.08.2021 01:10:00.485,6.3503300000000005,6.34954,1.5,1
11.08.2021 01:10:00.869,6.35034,6.349530000000001,1.5,1
11.08.2021 01:10:02.059,6.35038,6.34954,1.5,1
11.08.2021 01:10:05.069,6.35038,6.34954,1.5,1
11.08.2021 01:10:06.478,6.35038,6.34954,1.5,1
11.08.2021 01:10:20.567,6.35038,6.34941,1.5,1.5
11.08.2021 01:10:30.357,6.35038,6.34954,1.5,1
11.08.2021 01:10:39.693,6.350280000000001,6.3493900000000005,1.5,1
11.08.2021 01:10:39.875,6.35017,6.3493900000000005,1.5,1
11.08.2021 01:10:40.077,6.35017,6.3493900000000005,1.5,1
11.08.2021 01:10:41.724,6.35011,6.34927,1.5,1
11.08.2021 01:10:42.130,6.3500000000000005,6.349080000000001,1.5,1.5
11.08.2021 01:10:42.277,6.34985,6.34907,1,1.5
11.08.2021 01:10:42.487,6.34985,6.34907,1.5,1
11.08.2021 01:10:45.278,6.34984,6.3489700000000004,1.5,1
11.08.2021 01:10:45.328,6.3497900000000005,6.3489700000000004,1.5,1
11.08.2021 01:10:47.725,6.34962,6.34886,1.5,1
11.08.2021 01:10:47.835,6.34957,6.34876,1.5,1.5
11.08.2021 01:10:47.886,6.34957,6.34876,1.5,1
11.08.2021 01:10:47.987,6.34957,6.34876,1.5,1
11.08.2021 01:10:48.088,6.34957,6.34867,1.5,1.12
11.08.2021 01:10:51.961,6.34951,6.34867,1.5,1
11.08.2021 01:10:53.479,6.34951,6.34867,1.5,1
11.08.2021 01:11:03.775,6.34951,6.34867,1.5,1
11.08.2021 01:11:03.825,6.34951,6.34877,1.5,1
11.08.2021 01:11:03.988,6.34951,6.34877,1.5,1
11.08.2021 01:11:06.562,6.34951,6.34877,1.5,1
11.08.2021 01:11:06.717,6.34951,6.34877,1.5,1
11.08.2021 01:11:18.785,6.34951,6.348540000000001,1.5,1.5
11.08.2021 01:11:33.962,6.34951,6.34877,1.5,1
11.08.2021 01:11:43.244,6.34952,6.3486400000000005,1.5,1.5
11.08.2021 01:11:43.351,6.3494600000000005,6.34865,1.5,1
11.08.2021 01:11:43.402,6.34947,6.348540000000001,1.5,1.5
11.08.2021 01:11:43.817,6.34947,6.34862,1.5,1
11.08.2021 01:11:47.981,6.3494600000000005,6.348630000000001,1.5,1.12
11.08.2021 01:12:09.487,6.34941,6.34853,1.5,1.5
11.08.2021 01:12:09.688,6.34935,6.34853,1.5,1
11.08.2021 01:12:11.483,6.34936,6.34852,1.5,1
11.08.2021 01:12:21.323,6.3493,6.3484300000000005,1.5,1.5
11.08.2021 01:12:23.403,6.3493,6.3484300000000005,1.5,1
11.08.2021 01:12:34.975,6.34931,6.34842,1.5,1
11.08.2021 01:12:47.476,6.3493,6.34827,1.5,1.5
11.08.2021 01:12:50.679,6.349240000000001,6.34822,1.5,1.5
11.08.2021 01:12:51.454,6.349240000000001,6.3484300000000005,1.5,1
11.08.2021 01:13:00.206,6.349130000000001,6.3484300000000005,1.5,1
11.08.2021 01:13:00.256,6.349130000000001,6.34822,1.5,1.5
11.08.2021 01:13:00.443,6.349240000000001,6.34822,1.5,1.5
11.08.2021 01:13:00.597,6.3492500000000005,6.34821,1.5,1.5
11.08.2021 01:13:05.979,6.349240000000001,6.3482400000000005,1.5,1.5
11.08.2021 01:13:37.479,6.3492500000000005,6.348230000000001,1.5,1.5
11.08.2021 01:13:38.223,6.349240000000001,6.34837,1.5,1
11.08.2021 01:13:40.259,6.349130000000001,6.34837,1.5,1
11.08.2021 01:13:45.480,6.349130000000001,6.34837,1.5,1
11.08.2021 01:13:45.922,6.349080000000001,6.34837,1.5,1
11.08.2021 01:13:46.079,6.34914,6.3483600000000004,1.5,1
11.08.2021 01:13:51.951,6.349130000000001,6.34822,1.5,1.5
11.08.2021 01:14:00.205,6.349080000000001,6.34837,1.5,1
11.08.2021 01:14:00.256,6.34909,6.34815,1.5,1.5
11.08.2021 01:14:02.283,6.349080000000001,6.34816,1.5,1.5
11.08.2021 01:14:02.645,6.349080000000001,6.34816,1.5,1.5
11.08.2021 01:14:03.778,6.349080000000001,6.34816,1.5,1.5
11.08.2021 01:14:06.656,6.34909,6.34815,1.5,1.5
11.08.2021 01:14:06.857,6.349080000000001,6.34816,1.5,1.5
11.08.2021 01:14:07.075,6.349030000000001,6.34806,1.5,1.5
11.08.2021 01:14:07.279,6.349030000000001,6.34806,1.5,1.5
11.08.2021 01:14:08.479,6.349030000000001,6.34806,1.5,1.5
11.08.2021 01:14:09.262,6.349030000000001,6.34806,1.5,1.5
11.08.2021 01:14:15.808,6.349030000000001,6.34806,1.5,1.5
11.08.2021 01:14:15.918,6.349030000000001,6.34827,1.5,1
11.08.2021 01:14:16.476,6.349030000000001,6.34827,1.5,1
11.08.2021 01:14:16.675,6.349030000000001,6.34818,1.5,1
11.08.2021 01:14:22.977,6.3489700000000004,6.34818,1.5,1
11.08.2021 01:14:25.858,6.349030000000001,6.34818,1.5,1
11.08.2021 01:14:26.680,6.3490400000000005,6.34817,1.5,1
11.08.2021 01:14:32.011,6.34901,6.34818,1.5,1
11.08.2021 01:14:33.738,6.34901,6.34804,1.5,1.5
11.08.2021 01:14:35.309,6.349060000000001,6.348280000000001,1.5,1.12
11.08.2021 01:14:35.510,6.34912,6.34837,1.5,1
11.08.2021 01:14:37.015,6.34912,6.34837,1.5,1
11.08.2021 01:14:37.154,6.349060000000001,6.34826,1.5,1.12
11.08.2021 01:14:37.204,6.349060000000001,6.34826,1.5,1
11.08.2021 01:14:37.406,6.34901,6.34826,1.5,1
11.08.2021 01:14:37.614,6.34901,6.34826,1.5,1
11.08.2021 01:14:43.217,6.349060000000001,6.34826,1.5,1
11.08.2021 01:14:43.443,6.349130000000001,6.34825,1.5,1.12
11.08.2021 01:14:47.476,6.34912,6.34826,1.5,1
11.08.2021 01:14:48.163,6.34912,6.34815,1.5,1.5
11.08.2021 01:14:50.202,6.34912,6.34815,1.5,1.5
11.08.2021 01:14:50.405,6.34912,6.34815,1,1.5
11.08.2021 01:14:50.567,6.34923,6.34826,1.5,1.5
11.08.2021 01:15:16.411,6.34917,6.348280000000001,1.5,1.5
11.08.2021 01:15:16.574,6.34896,6.34816,1,1.5
11.08.2021 01:15:16.624,6.3489700000000004,6.34815,1.5,1
11.08.2021 01:15:17.985,6.34896,6.34816,1.5,1
11.08.2021 01:15:18.146,6.3489700000000004,6.34815,1.5,1
11.08.2021 01:15:29.959,6.34901,6.34816,1.5,1
11.08.2021 01:15:30.059,6.34902,6.3480300000000005,1.5,1.5
11.08.2021 01:15:46.777,6.34896,6.34816,1.5,1
11.08.2021 01:15:49.587,6.34896,6.34816,1.5,1
11.08.2021 01:15:59.142,6.34891,6.34792,1.5,1.5
11.08.2021 01:16:16.877,6.34891,6.34815,1.5,1
11.08.2021 01:16:17.097,6.34896,6.348050000000001,1.5,1.5
11.08.2021 01:16:31.389,6.3489,6.347930000000001,1.5,1.62
11.08.2021 01:16:32.466,6.3488500000000005,6.347930000000001,1.5,1
11.08.2021 01:16:32.667,6.3488500000000005,6.347880000000001,1.5,1.5
11.08.2021 01:16:33.088,6.34874,6.34792,1.5,1
11.08.2021 01:16:33.429,6.348630000000001,6.34792,1.5,1
11.08.2021 01:16:33.566,6.348630000000001,6.34781,1.5,1.5
11.08.2021 01:16:36.479,6.348630000000001,6.34781,1.5,1
11.08.2021 01:16:41.517,6.348680000000001,6.34781,1.5,1.5
11.08.2021 01:16:41.618,6.34874,6.34792,1.5,1
11.08.2021 01:16:41.721,6.34874,6.34792,1.5,1
11.08.2021 01:16:45.547,6.348680000000001,6.34782,1.5,1.5
11.08.2021 01:16:45.710,6.348630000000001,6.34782,1.5,1.12
11.08.2021 01:16:45.862,6.348630000000001,6.34782,1.5,1
11.08.2021 01:16:53.800,6.348580000000001,6.34782,1.5,1
11.08.2021 01:16:53.900,6.348590000000001,6.347650000000001,1.5,1.5
11.08.2021 01:16:53.952,6.348580000000001,6.34766,1.5,1
11.08.2021 01:16:54.155,6.34857,6.34766,1,1
11.08.2021 01:16:58.249,6.34857,6.34766,1,1.12
11.08.2021 01:16:59.580,6.348580000000001,6.347650000000001,1,1
11.08.2021 01:17:12.489,6.34852,6.34755,1.5,1.5
11.08.2021 01:17:24.014,6.34852,6.34766,1.5,1
11.08.2021 01:17:31.479,6.34847,6.34766,1.5,1
11.08.2021 01:17:37.337,6.34847,6.3475,1.5,1.5
11.08.2021 01:17:37.388,6.34841,6.34745,1.5,1
11.08.2021 01:17:37.545,6.34841,6.34745,1.5,1
11.08.2021 01:17:39.640,6.34848,6.3474900000000005,1.5,1.5
11.08.2021 01:17:54.225,6.34847,6.34766,1.5,1
11.08.2021 01:18:02.086,6.34847,6.34766,1.5,1
11.08.2021 01:18:02.294,6.34842,6.347650000000001,1.5,1
11.08.2021 01:18:08.041,6.34841,6.347440000000001,1.5,1.5
11.08.2021 01:18:24.458,6.34841,6.34766,1.5,1
11.08.2021 01:18:34.061,6.34841,6.34755,1.5,1
11.08.2021 01:18:52.883,6.34841,6.347440000000001,1.5,1.5
11.08.2021 01:18:56.992,6.34841,6.347440000000001,1.5,1.5
11.08.2021 01:19:00.978,6.34847,6.3475,1.5,1.5
11.08.2021 01:19:01.129,6.34847,6.34766,1.5,1
11.08.2021 01:19:01.180,6.34847,6.34766,1.5,1.5
11.08.2021 01:19:05.947,6.34848,6.347650000000001,1.5,1
11.08.2021 01:19:11.120,6.34841,6.347440000000001,1.5,1.5
11.08.2021 01:19:11.244,6.34841,6.347440000000001,1.5,1.5
11.08.2021 01:19:31.252,6.34841,6.34766,1.5,1
11.08.2021 01:19:35.741,6.3484300000000005,6.34766,1.5,1
11.08.2021 01:19:35.942,6.3484300000000005,6.34766,1.5,1
11.08.2021 01:19:43.612,6.3484300000000005,6.34755,1.5,1.5
11.08.2021 01:19:55.803,6.348490000000001,6.347650000000001,1,1.5
11.08.2021 01:19:55.954,6.3486,6.34766,1.5,1.5
11.08.2021 01:19:59.104,6.348590000000001,6.34767,1.5,1.5
11.08.2021 01:20:11.416,6.348540000000001,6.34762,1.5,1
11.08.2021 01:20:14.886,6.3484300000000005,6.34751,1.5,1.5
11.08.2021 01:20:21.140,6.34844,6.34754,1.5,1.5
11.08.2021 01:20:22.980,6.34837,6.34755,1.5,1
11.08.2021 01:20:38.476,6.34837,6.34755,1.5,1
11.08.2021 01:20:41.089,6.34837,6.34745,1.5,1.5
11.08.2021 01:20:45.263,6.348380000000001,6.34754,1.5,1
11.08.2021 01:20:53.139,6.34817,6.347440000000001,1.5,1
11.08.2021 01:20:53.240,6.34816,6.34745,1.5,1
11.08.2021 01:20:53.290,6.34817,6.347250000000001,1.5,1.5
11.08.2021 01:20:53.362,6.34816,6.34726,1.5,1.5
11.08.2021 01:21:07.740,6.34816,6.3473500000000005,1.5,1
11.08.2021 01:21:07.841,6.34817,6.347340000000001,1.5,1.5
11.08.2021 01:21:16.773,6.34816,6.3473500000000005,1.5,1
11.08.2021 01:21:33.282,6.34817,6.347230000000001,1.5,1.5
11.08.2021 01:21:35.679,6.3481000000000005,6.34724,1.5,1.5
11.08.2021 01:21:40.010,6.34811,6.347230000000001,1.5,1
11.08.2021 01:21:43.450,6.3478900000000005,6.347130000000001,1.5,1
11.08.2021 01:21:48.479,6.3478900000000005,6.347130000000001,1.5,1
11.08.2021 01:21:56.344,6.3478900000000005,6.34703,1.5,1
11.08.2021 01:21:58.406,6.3478900000000005,6.34703,1.5,1
11.08.2021 01:22:12.730,6.34778,6.34693,1.5,1
11.08.2021 01:22:12.831,6.34762,6.34679,1.5,1.5
11.08.2021 01:22:12.953,6.3476300000000005,6.346780000000001,1.5,1
11.08.2021 01:22:29.014,6.34767,6.34679,1.5,1.12
11.08.2021 01:22:32.145,6.34762,6.346640000000001,1.5,1.5
11.08.2021 01:23:01.126,6.34773,6.346900000000001,1.5,1
11.08.2021 01:23:01.327,6.34778,6.34691,1.5,1.5
11.08.2021 01:23:01.641,6.34778,6.34691,1.5,1.5
11.08.2021 01:23:02.761,6.34778,6.34691,1.5,1.5
11.08.2021 01:23:10.178,6.34772,6.34691,1.5,1
11.08.2021 01:23:10.279,6.34772,6.34675,1.5,1.5
11.08.2021 01:23:10.380,6.34767,6.34677,1.5,1.5
11.08.2021 01:23:20.724,6.34768,6.34676,1.5,1.12
11.08.2021 01:23:23.713,6.34762,6.346640000000001,1.5,1.5
11.08.2021 01:23:40.663,6.3476300000000005,6.34676,1.5,1
11.08.2021 01:23:45.397,6.34768,6.34693,1.5,1
11.08.2021 01:23:45.499,6.34768,6.34693,1.12,1
11.08.2021 01:23:45.736,6.34773,6.34693,1.5,1.12
11.08.2021 01:23:45.940,6.34773,6.34693,1.5,1
11.08.2021 01:23:57.038,6.34772,6.346830000000001,1.5,1.5
11.08.2021 01:23:57.089,6.347650000000001,6.34684,1.5,1
11.08.2021 01:23:57.240,6.34761,6.346830000000001,1.5,1
11.08.2021 01:23:57.441,6.3476,6.34684,1.5,1
11.08.2021 01:24:01.087,6.347650000000001,6.34684,1.5,1
11.08.2021 01:24:01.251,6.347650000000001,6.34684,1.5,1
11.08.2021 01:24:08.980,6.3476,6.34684,1.5,1
11.08.2021 01:24:17.089,6.3476,6.34663,1.5,1.62
11.08.2021 01:24:24.479,6.34755,6.346730000000001,1.5,1.12
11.08.2021 01:24:39.466,6.3474900000000005,6.3465300000000004,1.5,1
11.08.2021 01:24:39.628,6.3474900000000005,6.34652,1.5,1.5
11.08.2021 01:24:48.559,6.3475600000000005,6.34672,1.5,1
11.08.2021 01:24:49.486,6.3476,6.346730000000001,1.5,1.12
11.08.2021 01:24:55.980,6.3476,6.346730000000001,1.5,1.5
11.08.2021 01:25:03.477,6.34755,6.346730000000001,1.5,1.12
11.08.2021 01:25:07.408,6.3474900000000005,6.3465300000000004,1.5,1
11.08.2021 01:25:08.263,6.34761,6.3468100000000005,1.5,1
11.08.2021 01:25:08.546,6.3476,6.34682,1.5,1
11.08.2021 01:25:19.951,6.347480000000001,6.34665,1.5,1
11.08.2021 01:25:20.059,6.347480000000001,6.346550000000001,1.5,1.62
11.08.2021 01:25:20.210,6.347530000000001,6.346550000000001,1.5,1.62
11.08.2021 01:25:20.354,6.34754,6.346640000000001,1.5,1.5
11.08.2021 01:25:20.550,6.347530000000001,6.34665,1.5,1.5
11.08.2021 01:25:20.752,6.347480000000001,6.346550000000001,1.5,1.5
11.08.2021 01:25:24.618,6.34747,6.346550000000001,1,1
11.08.2021 01:25:27.757,6.34747,6.346550000000001,1,1
11.08.2021 01:25:27.858,6.34745,6.346430000000001,1.5,1.5
11.08.2021 01:25:27.961,6.347440000000001,6.34644,1.5,1.5
11.08.2021 01:25:28.514,6.34747,6.34644,1,1.5
11.08.2021 01:25:29.734,6.347480000000001,6.346550000000001,1.5,1.5
11.08.2021 01:25:29.846,6.347480000000001,6.346690000000001,1.5,1
11.08.2021 01:25:29.897,6.347480000000001,6.346690000000001,1.5,1.5
11.08.2021 01:25:32.779,6.34754,6.34656,1.5,1.5
11.08.2021 01:25:32.983,6.347480000000001,6.34656,1.5,1.5
11.08.2021 01:25:34.977,6.3474900000000005,6.346550000000001,1.5,1.5
11.08.2021 01:25:36.572,6.347480000000001,6.34656,1.5,1.5
11.08.2021 01:25:50.512,6.34757,6.34665,1,1.5
11.08.2021 01:25:50.714,6.34759,6.346640000000001,1.5,1.5
11.08.2021 01:25:51.092,6.34764,6.346640000000001,1.5,1.5
11.08.2021 01:26:32.084,6.34755,6.34677,1.5,1
11.08.2021 01:26:36.450,6.3476,6.34677,1.5,1
11.08.2021 01:26:47.054,6.3476,6.34663,1.5,1.5
11.08.2021 01:26:52.980,6.3476,6.34663,1.5,1.62
11.08.2021 01:27:02.177,6.3476,6.34677,1.5,1
11.08.2021 01:27:03.667,6.3476,6.34677,1.5,1.12
11.08.2021 01:27:16.480,6.34755,6.34677,1.5,1
11.08.2021 01:27:18.833,6.34755,6.34677,1.5,1
11.08.2021 01:27:18.934,6.3474900000000005,6.34658,1.5,1.5
11.08.2021 01:27:19.035,6.34738,6.34658,1.5,1
11.08.2021 01:27:33.060,6.34737,6.346330000000001,1.5,1
11.08.2021 01:27:51.366,6.34732,6.346330000000001,1.5,1
11.08.2021 01:27:55.387,6.34727,6.34632,1.5,1.5
11.08.2021 01:27:55.553,6.34715,6.346330000000001,1.5,1
11.08.2021 01:27:55.906,6.34715,6.3462000000000005,1.5,1.5
11.08.2021 01:27:56.266,6.34715,6.3462000000000005,1.5,1.5
11.08.2021 01:27:56.893,6.347160000000001,6.346190000000001,1.5,1.5
11.08.2021 01:27:57.016,6.34715,6.34631,1.5,1
11.08.2021 01:27:57.188,6.347160000000001,6.3463,1.5,1
11.08.2021 01:27:57.439,6.3472100000000005,6.34631,1.5,1.12
11.08.2021 01:27:57.563,6.3472100000000005,6.3464100000000006,1.5,1
11.08.2021 01:27:58.322,6.3472100000000005,6.3464100000000006,1.5,1
11.08.2021 01:27:58.373,6.3472100000000005,6.34625,1.5,1.5
11.08.2021 01:27:58.423,6.34705,6.34625,1.5,1
11.08.2021 01:27:58.474,6.34706,6.34604,1.5,1.5
11.08.2021 01:27:58.625,6.34705,6.34605,1.5,1.5
11.08.2021 01:27:59.736,6.34705,6.34616,1.5,1
11.08.2021 01:27:59.787,6.34706,6.346150000000001,1.5,1.5
11.08.2021 01:28:09.131,6.34697,6.3460600000000005,1,1
11.08.2021 01:28:09.232,6.34689,6.3460600000000005,1.5,1
11.08.2021 01:28:09.383,6.34687,6.34595,1,1.12
11.08.2021 01:28:11.291,6.3469500000000005,6.34595,1.5,1.5
11.08.2021 01:28:11.396,6.34693,6.3460600000000005,1.5,1
11.08.2021 01:28:11.496,6.34694,6.34605,1.5,1.12
11.08.2021 01:28:11.698,6.34693,6.3460600000000005,1.5,1.5
11.08.2021 01:28:11.893,6.34693,6.3460600000000005,1.5,1
11.08.2021 01:28:14.181,6.34696,6.34605,1.5,1
11.08.2021 01:28:14.382,6.34687,6.3460600000000005,1,1
11.08.2021 01:28:15.772,6.34687,6.3459,1,1.5
11.08.2021 01:28:20.970,6.3468800000000005,6.345890000000001,1,1.5
11.08.2021 01:28:24.849,6.34667,6.3457300000000005,1.5,1
11.08.2021 01:28:24.950,6.34667,6.34581,1.5,1
11.08.2021 01:28:25.050,6.34667,6.34581,1.5,1.5
11.08.2021 01:28:25.725,6.34667,6.34581,1.5,1.5
11.08.2021 01:28:25.926,6.34667,6.34581,1.5,1.5
11.08.2021 01:28:34.722,6.34667,6.345630000000001,1.5,1
11.08.2021 01:28:35.105,6.34656,6.34567,1.5,1.5
11.08.2021 01:28:35.857,6.34657,6.3456600000000005,1.5,1.5
11.08.2021 01:28:38.097,6.34667,6.34567,1.5,1.5
11.08.2021 01:28:49.942,6.346830000000001,6.34578,2,1.5
11.08.2021 01:28:51.080,6.346830000000001,6.34578,2,1.5
11.08.2021 01:28:51.748,6.34687,6.3462000000000005,1,1
11.08.2021 01:28:51.950,6.3468800000000005,6.3462000000000005,1.5,1
11.08.2021 01:28:52.480,6.3468800000000005,6.34604,1.5,1
11.08.2021 01:28:52.620,6.3468800000000005,6.34604,1.5,1
11.08.2021 01:28:53.027,6.34682,6.34604,1.5,1
11.08.2021 01:28:53.177,6.346830000000001,6.345930000000001,1.5,1
11.08.2021 01:28:53.277,6.3469500000000005,6.345940000000001,1.5,1.5
11.08.2021 01:29:04.464,6.34696,6.345930000000001,1.5,1.5
11.08.2021 01:29:05.710,6.34682,6.345940000000001,1.5,1
11.08.2021 01:29:05.824,6.34682,6.345840000000001,1.5,1.5
11.08.2021 01:29:06.213,6.346780000000001,6.34577,1.5,1.5
11.08.2021 01:29:23.178,6.3467400000000005,6.345930000000001,1.5,1
11.08.2021 01:29:25.103,6.346730000000001,6.345940000000001,1.5,1.12
11.08.2021 01:29:31.784,6.346730000000001,6.34585,1.5,1.5
11.08.2021 01:29:44.584,6.3467400000000005,6.345840000000001,1.5,1.5
11.08.2021 01:29:45.558,6.34663,6.34585,1,1.5
11.08.2021 01:29:45.709,6.34663,6.34571,1.5,1
11.08.2021 01:29:51.639,6.34663,6.34571,1.5,1.5
11.08.2021 01:29:51.928,6.34663,6.34571,1.5,1
11.08.2021 01:29:53.073,6.34663,6.3457,1.5,1
11.08.2021 01:29:53.123,6.346640000000001,6.34569,1.5,1.5
11.08.2021 01:29:53.325,6.346640000000001,6.34569,1.5,1.5
11.08.2021 01:29:57.070,6.34663,6.3457,1.5,1.5
11.08.2021 01:30:00.886,6.34657,6.3457,1.5,1
11.08.2021 01:30:00.936,6.34657,6.34555,1.5,1.5
11.08.2021 01:30:04.204,6.34657,6.34555,1.5,1.5
11.08.2021 01:30:04.406,6.34657,6.34555,1.5,1.5
11.08.2021 01:30:21.703,6.34657,6.3457,1.5,1
11.08.2021 01:30:23.238,6.34663,6.3457,1.5,1.5
11.08.2021 01:30:23.758,6.34663,6.3457,1.5,1.5
11.08.2021 01:30:28.089,6.3465300000000004,6.34569,1.5,1.5
11.08.2021 01:30:28.244,6.34652,6.3457,1.5,1
11.08.2021 01:30:29.471,6.34652,6.3456,1.5,1.5
11.08.2021 01:30:38.050,6.34657,6.3456,1.5,1.5
11.08.2021 01:30:38.201,6.34663,6.3458000000000006,1.5,1
11.08.2021 01:30:38.251,6.34663,6.3458000000000006,1,1.5
11.08.2021 01:30:41.954,6.346680000000001,6.34571,1.5,1.5
11.08.2021 01:30:42.004,6.346680000000001,6.34571,1.5,1.5
11.08.2021 01:30:42.153,6.346680000000001,6.34571,1.5,1.5
11.08.2021 01:30:42.370,6.34663,6.3457,1.5,1.5
11.08.2021 01:30:44.809,6.346640000000001,6.34569,1.5,1
11.08.2021 01:30:46.521,6.34652,6.3457,1.5,1
11.08.2021 01:30:52.485,6.34652,6.34555,1.5,1.5
11.08.2021 01:30:57.625,6.34657,6.345630000000001,1.5,1
11.08.2021 01:30:57.776,6.34663,6.3458000000000006,1.5,1
11.08.2021 01:30:57.826,6.346730000000001,6.3458000000000006,1.5,1.5
11.08.2021 01:31:00.157,6.346690000000001,6.34579,1.5,1.5
11.08.2021 01:31:00.258,6.34663,6.3458000000000006,1.5,1
11.08.2021 01:31:03.267,6.34658,6.34579,1.5,1
11.08.2021 01:31:03.426,6.34657,6.3458000000000006,1.5,1
11.08.2021 01:31:03.881,6.34657,6.3456600000000005,1.5,1.5
11.08.2021 01:31:09.863,6.34663,6.34576,1.5,1.5
11.08.2021 01:31:10.022,6.34663,6.34574,1,1.5
11.08.2021 01:31:10.537,6.34663,6.34574,1,1.5
11.08.2021 01:31:12.652,6.3468,6.34581,1.5,1.5
11.08.2021 01:31:12.703,6.34679,6.34582,1.5,1.5
11.08.2021 01:31:15.587,6.346730000000001,6.34588,1.5,1.5
11.08.2021 01:31:17.981,6.3467400000000005,6.34587,1.5,1.5
11.08.2021 01:31:31.478,6.3468,6.34587,1.5,1.5
11.08.2021 01:31:46.572,6.346730000000001,6.34588,1.5,1
11.08.2021 01:31:51.046,6.346680000000001,6.34578,1.5,1.5
11.08.2021 01:31:51.146,6.346680000000001,6.34578,1.5,1.5
11.08.2021 01:31:52.352,6.346680000000001,6.34578,1.5,1.5
11.08.2021 01:31:54.640,6.346640000000001,6.34577,1.5,1.5
11.08.2021 01:31:54.798,6.346640000000001,6.34577,1.5,1
11.08.2021 01:31:56.981,6.34663,6.34578,1.5,1
11.08.2021 01:32:06.532,6.346640000000001,6.34577,1.5,1
11.08.2021 01:32:06.582,6.34663,6.345680000000001,1.5,1.5
11.08.2021 01:32:12.603,6.346640000000001,6.34567,1.5,1.5
11.08.2021 01:32:18.361,6.34657,6.345680000000001,1.5,1.5
11.08.2021 01:32:18.462,6.34657,6.34581,1.5,1
11.08.2021 01:32:18.512,6.3467400000000005,6.3458000000000006,1.5,1.5
11.08.2021 01:32:20.700,6.346730000000001,6.34581,1.5,1.5
11.08.2021 01:32:25.329,6.346730000000001,6.34581,1.5,1.5
11.08.2021 01:32:26.705,6.34679,6.34582,1.5,1.5
11.08.2021 01:32:26.899,6.3468,6.345940000000001,1.5,1
11.08.2021 01:32:35.789,6.346730000000001,6.34583,1.5,1.62
11.08.2021 01:32:42.056,6.346730000000001,6.34583,1.5,1.5
11.08.2021 01:32:42.337,6.3468,6.34582,1.5,1.62
11.08.2021 01:32:42.552,6.3467400000000005,6.34582,1.5,1.5
11.08.2021 01:32:42.797,6.346680000000001,6.34583,1.5,1.5
11.08.2021 01:32:43.054,6.346640000000001,6.34582,1.5,1
11.08.2021 01:32:44.792,6.34663,6.34565,1.5,1.5
11.08.2021 01:32:46.447,6.34657,6.34572,1.5,1.5
11.08.2021 01:32:51.552,6.34663,6.34572,1.5,1.5
11.08.2021 01:32:59.509,6.34663,6.34572,1.5,1.5
11.08.2021 01:33:07.110,6.34663,6.34565,1.5,1.5
11.08.2021 01:33:07.315,6.34657,6.3456,1.5,1.5
11.08.2021 01:33:14.128,6.34657,6.3456,1.5,1.5
11.08.2021 01:33:16.783,6.34657,6.34572,1.5,1
11.08.2021 01:33:27.785,6.34658,6.34571,1.5,1
11.08.2021 01:33:32.429,6.34652,6.34572,1.5,1
11.08.2021 01:33:33.762,6.346680000000001,6.34582,1.5,1.5
11.08.2021 01:33:38.535,6.346730000000001,6.34582,1.5,2
11.08.2021 01:33:41.841,6.3467400000000005,6.34591,1.5,1
11.08.2021 01:33:59.190,6.34679,6.3459200000000004,1.5,1.5
11.08.2021 01:33:59.383,6.34679,6.34602,1.5,1
11.08.2021 01:33:59.605,6.34684,6.34602,1.5,1
11.08.2021 01:33:59.801,6.34684,6.34602,1.5,1.5
11.08.2021 01:34:00.273,6.34684,6.34602,1.5,1
11.08.2021 01:34:09.502,6.3468,6.346010000000001,1.5,1
11.08.2021 01:34:20.483,6.34679,6.34587,1.5,1.5
11.08.2021 01:34:20.533,6.34685,6.3459200000000004,1,1.5
11.08.2021 01:34:20.685,6.34684,6.346150000000001,1,1
11.08.2021 01:34:20.735,6.34696,6.34614,1.5,1.12
11.08.2021 01:34:23.589,6.3469500000000005,6.3461300000000005,1.5,1
11.08.2021 01:34:23.790,6.34691,6.34612,1.5,1
11.08.2021 01:34:25.119,6.346900000000001,6.3461300000000005,1.5,1
11.08.2021 01:34:28.878,6.346900000000001,6.3461300000000005,1.5,1
11.08.2021 01:34:30.718,6.34691,6.346080000000001,1.5,1
11.08.2021 01:34:30.769,6.346900000000001,6.34609,1.5,1.5
11.08.2021 01:34:31.643,6.346900000000001,6.34609,1.5,1
11.08.2021 01:34:31.873,6.34684,6.34609,1.5,1
11.08.2021 01:34:32.397,6.34679,6.34609,1.5,1
11.08.2021 01:34:34.844,6.34679,6.345980000000001,1.5,1
11.08.2021 01:35:00.212,6.346730000000001,6.34583,1.5,1
11.08.2021 01:35:04.884,6.3467400000000005,6.34597,1.5,1
11.08.2021 01:35:29.247,6.346730000000001,6.345980000000001,1.5,1
11.08.2021 01:35:29.298,6.346680000000001,6.34583,1.5,1
11.08.2021 01:35:29.449,6.346680000000001,6.34582,1.5,1
11.08.2021 01:35:29.639,6.346680000000001,6.34582,1.5,1
11.08.2021 01:35:30.225,6.34657,6.34582,1.5,1
11.08.2021 01:35:32.228,6.34657,6.34571,1.5,1
11.08.2021 01:35:33.281,6.346730000000001,6.34591,1.5,1
11.08.2021 01:35:33.332,6.3467400000000005,6.3459,1.5,1.5
11.08.2021 01:35:33.552,6.346730000000001,6.34591,1.5,1
11.08.2021 01:35:34.385,6.346730000000001,6.34591,1.5,1.5
11.08.2021 01:35:34.576,6.346730000000001,6.34605,1.5,1
11.08.2021 01:35:34.626,6.3469500000000005,6.34605,1.5,1.5
11.08.2021 01:35:34.853,6.3469500000000005,6.34614,1.5,1
11.08.2021 01:35:35.641,6.34684,6.34614,1,1
11.08.2021 01:35:35.742,6.34685,6.3461300000000005,1.5,1
11.08.2021 01:35:37.068,6.34684,6.34605,1.5,1
11.08.2021 01:35:43.482,6.3468,6.34604,1.5,1
11.08.2021 01:35:43.841,6.34679,6.34605,1.5,1
11.08.2021 01:35:44.159,6.34679,6.34596,1.5,1
11.08.2021 01:36:03.835,6.34679,6.34576,1.5,1.5
11.08.2021 01:36:06.686,6.346680000000001,6.34576,1.5,1.5
11.08.2021 01:36:11.900,6.346680000000001,6.34581,1.5,1
11.08.2021 01:36:12.067,6.346680000000001,6.3459200000000004,1.5,1
11.08.2021 01:36:13.934,6.346680000000001,6.3459200000000004,1.12,1.12
11.08.2021 01:36:14.135,6.34679,6.3459200000000004,1.5,1.5
11.08.2021 01:36:15.598,6.34684,6.346030000000001,1.5,1
11.08.2021 01:36:22.507,6.34679,6.346030000000001,1.5,1
11.08.2021 01:36:43.928,6.3468,6.34582,1.5,1
11.08.2021 01:36:45.880,6.34679,6.346030000000001,1.5,1
11.08.2021 01:36:59.908,6.34679,6.346030000000001,1.5,1
11.08.2021 01:37:01.366,6.346730000000001,6.346030000000001,1.5,1
11.08.2021 01:37:01.429,6.346730000000001,6.3459200000000004,1.5,1
11.08.2021 01:37:07.104,6.34679,6.3459200000000004,1.5,1.5
11.08.2021 01:37:09.726,6.34679,6.3459200000000004,1,1
11.08.2021 01:37:10.447,6.34679,6.3459200000000004,1.5,1.5
11.08.2021 01:37:16.981,6.34679,6.3459200000000004,1.5,1.5
11.08.2021 01:37:40.557,6.34679,6.3459200000000004,1.5,1.5
11.08.2021 01:37:47.503,6.346730000000001,6.34576,1.5,1.5
11.08.2021 01:37:47.745,6.34652,6.34579,1,1.5
11.08.2021 01:37:47.946,6.34652,6.3457,1.5,1
11.08.2021 01:37:48.107,6.34647,6.34569,1.5,1
11.08.2021 01:37:53.455,6.34646,6.34562,1.5,1.5
11.08.2021 01:37:55.981,6.34658,6.34561,1.62,1.5
11.08.2021 01:38:01.746,6.34657,6.34562,1.62,1.5
11.08.2021 01:38:01.997,6.34626,6.34551,1.12,1
11.08.2021 01:38:02.048,6.34625,6.345400000000001,1.12,1.5
11.08.2021 01:38:02.149,6.34625,6.345400000000001,1.5,1.5
11.08.2021 01:38:02.395,6.3462000000000005,6.34539,1.5,1
11.08.2021 01:38:05.503,6.346190000000001,6.345400000000001,1.5,1
11.08.2021 01:38:05.554,6.34614,6.345280000000001,1.5,1.5
11.08.2021 01:38:05.703,6.346150000000001,6.34527,1.5,1.5
11.08.2021 01:38:05.904,6.346150000000001,6.34527,1.5,1.5
11.08.2021 01:38:06.310,6.346150000000001,6.34537,1.5,1
11.08.2021 01:38:06.986,6.346080000000001,6.3453800000000005,1,1
11.08.2021 01:38:07.087,6.346080000000001,6.3453800000000005,1.5,1
11.08.2021 01:38:07.301,6.346080000000001,6.34527,1.5,1.12
11.08.2021 01:38:08.668,6.346080000000001,6.34527,1.5,1.5
11.08.2021 01:38:08.854,6.346080000000001,6.34536,1,1
11.08.2021 01:38:09.695,6.346080000000001,6.34536,1.5,1
11.08.2021 01:38:09.897,6.34609,6.34522,1.5,1.5
11.08.2021 01:38:09.947,6.346080000000001,6.345230000000001,1.5,1.5
11.08.2021 01:38:11.481,6.346030000000001,6.345230000000001,1.5,1.5
11.08.2021 01:38:13.282,6.346080000000001,6.345230000000001,1.5,1.5
11.08.2021 01:38:13.413,6.346080000000001,6.34536,1.5,1
11.08.2021 01:38:16.991,6.346080000000001,6.34536,1.5,1
11.08.2021 01:38:19.598,6.34609,6.345350000000001,1.5,1
11.08.2021 01:38:25.088,6.34609,6.345260000000001,1.5,1.5
11.08.2021 01:38:25.143,6.346030000000001,6.34527,1.5,1
11.08.2021 01:38:31.528,6.34625,6.34537,1.5,1
11.08.2021 01:38:31.578,6.346080000000001,6.34537,1,1
11.08.2021 01:38:31.740,6.34614,6.34537,1.5,1
11.08.2021 01:38:34.982,6.34614,6.34537,1.5,1
11.08.2021 01:38:35.624,6.346190000000001,6.34537,1.5,1
11.08.2021 01:38:36.886,6.346190000000001,6.34537,1.5,1.5
11.08.2021 01:38:43.561,6.346190000000001,6.34537,1.5,1
11.08.2021 01:38:43.806,6.3462000000000005,6.34521,1.5,1.5
11.08.2021 01:38:58.601,6.34626,6.34529,1.5,1.5
11.08.2021 01:39:03.925,6.34627,6.34537,1,1
11.08.2021 01:39:03.975,6.34632,6.345530000000001,1,1
11.08.2021 01:39:04.076,6.34649,6.345530000000001,1,1
11.08.2021 01:39:04.179,6.34649,6.34565,1,1
11.08.2021 01:39:04.389,6.34649,6.34565,1.5,1
11.08.2021 01:39:08.466,6.34654,6.34565,1.5,1.5
11.08.2021 01:39:17.200,6.346590000000001,6.34577,1.5,1
11.08.2021 01:39:17.250,6.346590000000001,6.34577,1.5,1
11.08.2021 01:39:19.751,6.346550000000001,6.34576,1.5,1
11.08.2021 01:39:20.223,6.34654,6.34577,1.5,1
11.08.2021 01:39:21.230,6.34654,6.345680000000001,1.5,1
11.08.2021 01:39:24.736,6.34649,6.345680000000001,1.5,1
11.08.2021 01:39:24.937,6.34649,6.345680000000001,1.5,1
11.08.2021 01:39:25.124,6.34649,6.34557,1.5,1
11.08.2021 01:39:29.481,6.34647,6.34557,1,1
11.08.2021 01:39:31.569,6.346330000000001,6.34547,1.5,1.5
11.08.2021 01:39:31.619,6.34632,6.34548,1.5,1
11.08.2021 01:39:33.349,6.346330000000001,6.34556,1.5,1
11.08.2021 01:39:33.690,6.34632,6.34557,1.5,1
11.08.2021 01:39:36.612,6.346380000000001,6.34557,1.5,1
11.08.2021 01:39:36.823,6.34639,6.34556,1.5,1.5
11.08.2021 01:39:38.655,6.346380000000001,6.34557,1.5,1.5
11.08.2021 01:39:38.756,6.34649,6.34557,1.5,1.5
11.08.2021 01:39:39.034,6.34649,6.34557,1.5,1.5
11.08.2021 01:39:42.982,6.346550000000001,6.34571,1.5,1
11.08.2021 01:39:44.981,6.34654,6.34572,1.5,1
11.08.2021 01:39:46.132,6.34649,6.34572,1.5,1
11.08.2021 01:39:46.182,6.34649,6.3456,1.5,1.5
11.08.2021 01:39:46.447,6.346500000000001,6.3455900000000005,1.5,1
11.08.2021 01:39:46.984,6.34647,6.3456,1,1.5
11.08.2021 01:39:49.450,6.34649,6.3456,1.5,1
11.08.2021 01:39:51.479,6.34647,6.3456,1,1
11.08.2021 01:39:51.580,6.346430000000001,6.34551,1.5,1.5
11.08.2021 01:39:51.731,6.34637,6.34551,1,1
11.08.2021 01:39:54.431,6.3463400000000005,6.3455,1.5,1
11.08.2021 01:39:54.600,6.346380000000001,6.34551,1.5,1
11.08.2021 01:39:55.540,6.34644,6.34551,1.5,1.5
11.08.2021 01:40:00.330,6.34645,6.3455900000000005,1.5,1
11.08.2021 01:40:01.329,6.34644,6.3456,1.5,1
11.08.2021 01:40:01.505,6.34645,6.3455900000000005,1.5,1
11.08.2021 01:40:08.481,6.34644,6.3456,1.5,1
11.08.2021 01:40:08.770,6.346500000000001,6.3455900000000005,1.5,1
11.08.2021 01:40:09.093,6.34644,6.3456,1.5,1
11.08.2021 01:40:25.532,6.34644,6.34546,1.5,1.5
11.08.2021 01:40:26.160,6.34645,6.3455900000000005,1.5,1
11.08.2021 01:40:28.593,6.346480000000001,6.3455900000000005,1,1.5
11.08.2021 01:40:28.775,6.34649,6.3456,1.5,1.5
11.08.2021 01:40:29.076,6.34649,6.3456,1.5,1.12
11.08.2021 01:40:29.643,6.34645,6.3455900000000005,1.5,1.5
11.08.2021 01:40:30.509,6.346380000000001,6.3456,1.5,1.12
11.08.2021 01:40:30.710,6.346380000000001,6.3455900000000005,1,1
11.08.2021 01:40:31.083,6.346380000000001,6.34547,1,1
11.08.2021 01:40:31.212,6.34637,6.34548,1,1
11.08.2021 01:40:51.451,6.346330000000001,6.34541,1.5,1
11.08.2021 01:40:51.533,6.346330000000001,6.345350000000001,1.5,1.5
11.08.2021 01:40:51.583,6.3463400000000005,6.34534,1.5,1.5
11.08.2021 01:40:54.244,6.346330000000001,6.345350000000001,1.5,1.5
11.08.2021 01:41:01.160,6.346330000000001,6.34548,1.5,1
11.08.2021 01:42:44.782,6.346280000000001,6.3453,1.5,1.5
11.08.2021 01:43:01.847,6.346280000000001,6.34548,1.5,1
11.08.2021 01:43:16.847,6.3464100000000006,6.34522,1.5,1
11.08.2021 01:43:31.953,6.3464100000000006,6.34547,1.5,1
11.08.2021 01:44:01.206,6.34632,6.345330000000001,1.5,1
11.08.2021 01:44:01.965,6.34631,6.34548,1.5,1
11.08.2021 01:44:04.819,6.34632,6.34548,1.5,1
11.08.2021 01:44:05.867,6.34626,6.34548,1.5,1
11.08.2021 01:44:06.430,6.34626,6.34548,1.5,1
11.08.2021 01:44:22.831,6.3462000000000005,6.3453,1.5,1.5
11.08.2021 01:44:23.024,6.34618,6.34529,1,1
11.08.2021 01:44:23.074,6.34617,6.3452,1,1.5
11.08.2021 01:44:23.223,6.34617,6.3452,1,1.5
11.08.2021 01:44:27.464,6.345930000000001,6.3451900000000006,1.5,1
11.08.2021 01:44:27.514,6.3459200000000004,6.34506,1.5,1.5
11.08.2021 01:44:27.565,6.346010000000001,6.34506,1.5,1.5
11.08.2021 01:44:27.766,6.346030000000001,6.3450500000000005,1.5,1.5
11.08.2021 01:44:28.006,6.346100000000001,6.34516,1.5,1
11.08.2021 01:44:33.479,6.34611,6.34515,1.5,1
11.08.2021 01:44:33.667,6.346100000000001,6.345260000000001,1.5,1
11.08.2021 01:44:33.718,6.34609,6.345260000000001,1.5,1
11.08.2021 01:44:33.874,6.34609,6.345260000000001,1.5,1
11.08.2021 01:44:36.252,6.34609,6.345260000000001,1.5,1
11.08.2021 01:44:36.434,6.346100000000001,6.34525,1.5,1
11.08.2021 01:44:40.813,6.34609,6.345260000000001,1.5,1.12
11.08.2021 01:44:40.914,6.34614,6.345350000000001,1.5,1
11.08.2021 01:44:41.065,6.34614,6.345350000000001,1,1.5
11.08.2021 01:44:41.115,6.346150000000001,6.3454500000000005,1,1
11.08.2021 01:44:45.236,6.3463,6.34546,1,1.5
11.08.2021 01:44:45.287,6.34651,6.34546,2,1.5
11.08.2021 01:44:45.337,6.34654,6.34561,1.5,1
11.08.2021 01:44:45.388,6.34654,6.34561,1.5,1.12
11.08.2021 01:44:49.482,6.34654,6.34561,1.5,1.5
11.08.2021 01:44:50.378,6.34654,6.34571,1.5,1
11.08.2021 01:44:54.746,6.34657,6.34562,1,1.5
11.08.2021 01:44:57.283,6.34657,6.34562,1,1
11.08.2021 01:44:57.484,6.34657,6.34562,1,1.5
11.08.2021 01:44:58.409,6.34657,6.34562,1,1.5
11.08.2021 01:45:00.578,6.34657,6.34562,1,1
11.08.2021 01:45:00.793,6.34654,6.34562,1.5,1
11.08.2021 01:45:01.076,6.346550000000001,6.34561,1.5,1
11.08.2021 01:45:08.592,6.34647,6.34562,1,1
11.08.2021 01:45:08.643,6.34642,6.34542,1.5,1.5
11.08.2021 01:45:08.796,6.34637,6.34543,1,1.5
11.08.2021 01:45:09.588,6.346380000000001,6.345490000000001,1,1
11.08.2021 01:45:14.750,6.3463,6.3455,1.5,1
11.08.2021 01:45:24.569,6.34631,6.3453800000000005,1.5,1.5
11.08.2021 01:45:34.598,6.34631,6.345490000000001,1.5,1
11.08.2021 01:45:55.063,6.3463,6.3455,1.5,1
11.08.2021 01:45:55.114,6.3463,6.345330000000001,1.5,1
11.08.2021 01:45:58.053,6.3463,6.345400000000001,1.5,1
11.08.2021 01:46:37.843,6.34632,6.345230000000001,1.5,1
11.08.2021 01:46:38.479,6.34632,6.345230000000001,1.5,1
11.08.2021 01:46:53.982,6.34627,6.345230000000001,1,1
11.08.2021 01:46:58.431,6.346280000000001,6.34539,1,1
11.08.2021 01:47:09.550,6.3463,6.345400000000001,1.5,1.5
11.08.2021 01:47:12.976,6.34631,6.3453100000000004,1.5,1.5
11.08.2021 01:47:28.443,6.34631,6.345400000000001,1.5,1
11.08.2021 01:47:44.156,6.34631,6.345230000000001,1.5,1
11.08.2021 01:47:58.565,6.34632,6.34539,1.5,1
11.08.2021 01:48:01.871,6.34631,6.345400000000001,1.5,1
11.08.2021 01:48:02.213,6.34627,6.345400000000001,1,1.12
11.08.2021 01:48:02.579,6.34631,6.345400000000001,1.5,1
11.08.2021 01:48:02.780,6.34631,6.345400000000001,1.5,1.12
11.08.2021 01:48:10.152,6.34631,6.34551,1.5,1
11.08.2021 01:48:10.203,6.34637,6.34551,1,1.5
11.08.2021 01:48:10.404,6.34647,6.34551,1.5,1.5
11.08.2021 01:48:10.598,6.34647,6.34564,1.5,1
11.08.2021 01:48:11.978,6.346480000000001,6.345630000000001,1.5,1
11.08.2021 01:48:15.054,6.34647,6.34564,1.5,1.5
11.08.2021 01:48:19.432,6.34657,6.345980000000001,1.5,1
