Gmt time,Ask,Bid,AskVolume,BidVolume
16.08.2021 00:00:00.071,6.30574,6.30464,1.5,1.5
16.08.2021 00:00:01.446,6.30579,6.30464,1.5,1.5
16.08.2021 00:00:02.299,6.30579,6.30464,1.5,1.5
16.08.2021 00:00:02.404,6.305580000000001,6.3044400000000005,1.5,1
16.08.2021 00:00:02.505,6.30555,6.304430000000001,1.5,1.5
16.08.2021 00:00:02.606,6.30537,6.30427,1.5,1.5
16.08.2021 00:00:02.756,6.30527,6.3041,2,1.5
16.08.2021 00:00:02.857,6.3052600000000005,6.30417,1.5,1.5
16.08.2021 00:00:02.907,6.30527,6.30416,1.5,1.5
16.08.2021 00:00:02.958,6.3052600000000005,6.30416,1.5,1.5
16.08.2021 00:00:03.128,6.3051900000000005,6.3041100000000005,1.5,1.5
16.08.2021 00:00:03.179,6.305140000000001,6.30406,1.5,1.5
16.08.2021 00:00:03.394,6.30508,6.304,1.5,1.5
16.08.2021 00:00:03.512,6.30508,6.304,1.5,1.5
16.08.2021 00:00:03.612,6.305090000000001,6.303990000000001,1.5,1.5
16.08.2021 00:00:03.713,6.30502,6.30395,1.5,1.5
16.08.2021 00:00:03.763,6.30502,6.30395,1.5,1.5
16.08.2021 00:00:03.981,6.304950000000001,6.30395,1.5,1.5
16.08.2021 00:00:04.815,6.304950000000001,6.30395,1.5,1.5
16.08.2021 00:00:04.916,6.3049800000000005,6.3039000000000005,1.5,1.5
16.08.2021 00:00:08.766,6.30494,6.303940000000001,1.5,1.5
16.08.2021 00:00:16.804,6.30494,6.303940000000001,1.5,1.5
16.08.2021 00:00:20.150,6.30494,6.303940000000001,1.5,1.5
16.08.2021 00:00:30.009,6.30487,6.30387,1.5,1.5
16.08.2021 00:00:30.113,6.30471,6.30386,1,1.5
16.08.2021 00:00:30.213,6.30487,6.30387,1.5,1.5
16.08.2021 00:00:30.264,6.30487,6.30387,1.5,1.5
16.08.2021 00:00:31.405,6.3049100000000005,6.30392,1.5,1.5
16.08.2021 00:00:32.267,6.30481,6.30381,1.5,1.5
16.08.2021 00:00:33.065,6.30477,6.30375,1.5,1.5
16.08.2021 00:00:37.492,6.30476,6.3037600000000005,1.5,1.5
16.08.2021 00:00:37.657,6.30482,6.303800000000001,1.5,1.5
16.08.2021 00:00:41.361,6.30482,6.303800000000001,1,1.5
16.08.2021 00:00:47.764,6.30481,6.30381,1,1.5
16.08.2021 00:00:50.717,6.30481,6.30381,1.5,1.5
16.08.2021 00:00:50.947,6.30482,6.303800000000001,1.5,1.5
16.08.2021 00:00:51.164,6.30476,6.3037600000000005,1.5,1.5
16.08.2021 00:00:51.609,6.30471,6.303710000000001,1.5,1.5
16.08.2021 00:00:53.716,6.30471,6.303710000000001,1.12,1.5
16.08.2021 00:00:53.947,6.30471,6.303710000000001,1.5,1.5
16.08.2021 00:00:56.598,6.30471,6.303710000000001,1.5,1.5
16.08.2021 00:00:57.743,6.30471,6.303710000000001,1.5,1.5
16.08.2021 00:00:57.928,6.30471,6.303710000000001,1.5,1.5
16.08.2021 00:00:58.333,6.30471,6.303710000000001,1.5,1.5
16.08.2021 00:00:59.330,6.304740000000001,6.3037600000000005,1.5,1.5
16.08.2021 00:01:00.144,6.304740000000001,6.3037600000000005,1.5,1.5
16.08.2021 00:01:00.280,6.30475,6.30375,1.5,1.5
16.08.2021 00:01:00.785,6.30471,6.30372,1.12,1.5
16.08.2021 00:01:00.987,6.30475,6.303780000000001,1.5,1.5
16.08.2021 00:01:01.640,6.30476,6.30377,1.5,1.5
16.08.2021 00:01:02.772,6.30476,6.303680000000001,1.5,1.5
16.08.2021 00:01:02.994,6.30475,6.3036900000000005,1.5,1.5
16.08.2021 00:01:03.196,6.30475,6.3036900000000005,1.5,1.5
16.08.2021 00:01:07.545,6.30476,6.303680000000001,1.5,1.5
16.08.2021 00:01:08.324,6.30475,6.3036900000000005,1.5,1.5
16.08.2021 00:01:08.526,6.30475,6.30379,1.5,1.5
16.08.2021 00:01:11.639,6.30475,6.303730000000001,1.5,1.5
16.08.2021 00:01:12.789,6.304740000000001,6.30374,1.5,1.5
16.08.2021 00:01:12.994,6.30468,6.303680000000001,1.5,1.5
16.08.2021 00:01:13.146,6.304530000000001,6.30351,1,1.5
16.08.2021 00:01:13.196,6.30452,6.30352,1.5,1.5
16.08.2021 00:01:15.095,6.30447,6.30347,1.5,1.5
16.08.2021 00:01:33.762,6.3045100000000005,6.30349,1.5,1.5
16.08.2021 00:01:34.767,6.3045100000000005,6.30349,1.5,1.5
16.08.2021 00:01:42.263,6.30447,6.30347,1.5,1.5
16.08.2021 00:01:45.933,6.30447,6.30347,1.5,1.5
16.08.2021 00:01:51.095,6.3045800000000005,6.30358,1.5,1.5
16.08.2021 00:01:51.263,6.304600000000001,6.303630000000001,1,1.5
16.08.2021 00:01:51.714,6.30463,6.303630000000001,1,1.5
16.08.2021 00:01:51.765,6.30475,6.303730000000001,1.5,1.5
16.08.2021 00:01:51.867,6.304740000000001,6.30374,1.5,1.5
16.08.2021 00:01:51.968,6.304740000000001,6.30374,1.5,1.5
16.08.2021 00:01:53.255,6.304740000000001,6.30374,1.5,1.5
16.08.2021 00:01:57.776,6.30477,6.303780000000001,1.5,1.5
16.08.2021 00:01:59.055,6.30477,6.30384,1,1.5
16.08.2021 00:01:59.206,6.3049800000000005,6.304,1.5,1.5
16.08.2021 00:01:59.257,6.3049800000000005,6.304,1.5,1.5
16.08.2021 00:02:01.151,6.30499,6.303990000000001,1.5,1.5
16.08.2021 00:02:07.269,6.3049800000000005,6.30396,1.5,1.5
16.08.2021 00:02:08.482,6.3049800000000005,6.30401,1.12,1.5
16.08.2021 00:02:09.600,6.30499,6.304,1.5,1.5
16.08.2021 00:02:09.726,6.3049800000000005,6.30401,1.12,1.5
16.08.2021 00:02:11.370,6.30499,6.3041100000000005,1,1.5
16.08.2021 00:02:11.471,6.3049800000000005,6.30412,1,1.5
16.08.2021 00:02:11.572,6.30517,6.30412,1.62,1.5
16.08.2021 00:02:11.779,6.30517,6.30412,1.5,1.5
16.08.2021 00:02:12.761,6.30517,6.30412,1.5,1.5
16.08.2021 00:02:13.766,6.30517,6.30412,2,1.5
16.08.2021 00:02:15.709,6.30517,6.30412,2,1.5
16.08.2021 00:02:15.911,6.305180000000001,6.3041100000000005,2,1.5
16.08.2021 00:02:16.099,6.30517,6.30412,2,1.5
16.08.2021 00:02:18.324,6.30517,6.30412,2,1.5
16.08.2021 00:02:18.525,6.30517,6.30417,1.5,1.5
16.08.2021 00:02:18.798,6.30517,6.30412,2,1.5
16.08.2021 00:02:21.267,6.30517,6.30417,1.5,1.5
16.08.2021 00:02:25.257,6.305230000000001,6.30416,1,1.5
16.08.2021 00:02:33.276,6.305230000000001,6.30417,1.5,1.5
16.08.2021 00:02:38.263,6.30534,6.30417,1.5,1.5
16.08.2021 00:02:38.440,6.3053300000000005,6.304180000000001,1.5,1.5
16.08.2021 00:02:42.590,6.30538,6.304340000000001,1.5,1.5
16.08.2021 00:02:43.910,6.30538,6.304390000000001,1.12,1.5
16.08.2021 00:02:44.848,6.30538,6.304390000000001,1,1.5
16.08.2021 00:02:52.479,6.30555,6.304380000000001,1.5,1.5
16.08.2021 00:02:56.500,6.305540000000001,6.304390000000001,1.5,1.5
16.08.2021 00:03:00.266,6.30555,6.304380000000001,1.5,1.5
16.08.2021 00:03:10.162,6.30538,6.304390000000001,1,1.5
16.08.2021 00:03:12.823,6.30539,6.30433,1.5,1.5
16.08.2021 00:03:13.046,6.30538,6.304340000000001,1.5,1.5
16.08.2021 00:03:15.820,6.30538,6.304290000000001,1.5,1.5
16.08.2021 00:03:15.870,6.3051900000000005,6.304130000000001,1.5,1.5
16.08.2021 00:03:15.971,6.3052,6.30412,1.5,1.5
16.08.2021 00:03:16.072,6.30511,6.304030000000001,1.5,1.5
16.08.2021 00:03:21.067,6.305140000000001,6.304080000000001,1,1.5
16.08.2021 00:03:21.168,6.3051900000000005,6.30424,1.12,1.5
16.08.2021 00:03:27.245,6.3051900000000005,6.304250000000001,1.12,1.5
16.08.2021 00:03:41.249,6.30511,6.304030000000001,1,1.5
16.08.2021 00:03:41.350,6.30511,6.303990000000001,1.5,1.5
16.08.2021 00:03:41.551,6.305000000000001,6.30388,1.5,1.5
16.08.2021 00:03:41.702,6.305000000000001,6.30388,1.5,1.5
16.08.2021 00:03:41.803,6.305000000000001,6.30388,1.5,1.5
16.08.2021 00:03:42.195,6.3048,6.30388,1.5,1.5
16.08.2021 00:03:42.296,6.3048,6.30388,1.5,1.5
16.08.2021 00:03:47.179,6.3048,6.30372,1.5,1.5
16.08.2021 00:03:58.853,6.3046500000000005,6.303630000000001,1,1
16.08.2021 00:03:58.954,6.30454,6.30353,1,1
16.08.2021 00:03:59.055,6.30454,6.30348,1.5,1.5
16.08.2021 00:03:59.244,6.30454,6.30348,1.5,1.5
16.08.2021 00:03:59.446,6.30454,6.30348,1.5,1.5
16.08.2021 00:03:59.557,6.30454,6.30348,1.5,1.5
16.08.2021 00:03:59.797,6.30455,6.30341,2,1.5
16.08.2021 00:04:02.506,6.304530000000001,6.30344,1.5,1.5
16.08.2021 00:04:02.800,6.304530000000001,6.30344,1.5,1.5
16.08.2021 00:04:02.900,6.30437,6.303380000000001,1.5,1.5
16.08.2021 00:04:03.051,6.30433,6.30322,1.5,1
16.08.2021 00:04:03.102,6.30432,6.303230000000001,1.5,1
16.08.2021 00:04:03.284,6.30416,6.30322,1.5,1.5
16.08.2021 00:04:03.598,6.30416,6.30306,2,1.5
16.08.2021 00:04:03.649,6.30416,6.30306,2,1.5
16.08.2021 00:04:03.850,6.30405,6.302960000000001,1.5,1.5
16.08.2021 00:04:05.348,6.30397,6.30295,1,1.5
16.08.2021 00:04:05.549,6.30397,6.30302,1,1
16.08.2021 00:04:05.883,6.30396,6.303030000000001,1.5,1
16.08.2021 00:04:06.252,6.30396,6.3030100000000004,1.5,1.5
16.08.2021 00:04:07.778,6.30397,6.303,1.12,1.5
16.08.2021 00:04:07.929,6.30397,6.303050000000001,1,1.5
16.08.2021 00:04:08.033,6.30396,6.30313,1,1
16.08.2021 00:04:08.356,6.304180000000001,6.30317,1.5,1.5
16.08.2021 00:04:08.406,6.304180000000001,6.30317,1.5,1.5
16.08.2021 00:04:33.400,6.30427,6.30317,1.5,1.5
16.08.2021 00:04:40.368,6.304180000000001,6.30317,1.5,1.5
16.08.2021 00:04:47.280,6.304180000000001,6.30317,1.5,1.5
16.08.2021 00:04:47.496,6.304180000000001,6.30317,1.5,1.5
16.08.2021 00:04:47.653,6.30419,6.30316,1.5,1.5
16.08.2021 00:04:50.112,6.304180000000001,6.30317,1.5,1.5
16.08.2021 00:05:01.294,6.30437,6.3034,1,1.5
16.08.2021 00:05:01.445,6.30437,6.30344,1.12,1.5
16.08.2021 00:05:08.105,6.30437,6.30344,1,1.5
16.08.2021 00:05:08.206,6.30437,6.30365,1,1.5
16.08.2021 00:05:08.257,6.30464,6.303710000000001,1.5,1.5
16.08.2021 00:05:08.458,6.30477,6.303730000000001,1,1
16.08.2021 00:05:08.559,6.3048,6.303710000000001,1.5,1.5
16.08.2021 00:05:09.263,6.30481,6.3037600000000005,1.5,1.5
16.08.2021 00:05:12.758,6.30481,6.30381,1,1.5
16.08.2021 00:05:13.301,6.30481,6.3038300000000005,1,1
16.08.2021 00:05:17.525,6.30501,6.30397,1.5,1.5
16.08.2021 00:05:17.576,6.30501,6.30397,1.5,1.5
16.08.2021 00:05:35.903,6.305000000000001,6.30393,1.5,1.5
16.08.2021 00:05:35.954,6.304780000000001,6.30382,1,1
16.08.2021 00:05:36.054,6.30477,6.30377,1.5,1.5
16.08.2021 00:05:36.105,6.30477,6.30377,1,1.5
16.08.2021 00:05:36.273,6.30477,6.30377,1.5,1.5
16.08.2021 00:05:44.898,6.304780000000001,6.3037600000000005,1.5,1.5
16.08.2021 00:05:44.999,6.30477,6.30377,1.5,1.5
16.08.2021 00:05:50.650,6.30484,6.30377,1.5,1.5
16.08.2021 00:06:08.302,6.30477,6.30377,1.5,1.5
16.08.2021 00:06:17.897,6.30477,6.303780000000001,1.5,1.5
16.08.2021 00:06:22.459,6.30484,6.303780000000001,1.5,1.5
16.08.2021 00:06:30.432,6.30484,6.303780000000001,1.5,1.5
16.08.2021 00:06:34.014,6.30481,6.303780000000001,1.5,1.5
16.08.2021 00:06:34.497,6.30484,6.303780000000001,1.5,1.5
16.08.2021 00:06:35.037,6.30484,6.303780000000001,1.5,1.5
16.08.2021 00:06:35.139,6.30489,6.3038300000000005,1.5,1.5
16.08.2021 00:06:35.377,6.304950000000001,6.30388,1.5,1.5
16.08.2021 00:06:37.286,6.304790000000001,6.3038300000000005,1,1.5
16.08.2021 00:06:37.336,6.30457,6.303630000000001,1.5,1.12
16.08.2021 00:06:37.387,6.30457,6.30367,1.5,1.5
16.08.2021 00:06:37.488,6.30433,6.30353,1,1
16.08.2021 00:06:37.589,6.30459,6.30352,1,1.5
16.08.2021 00:06:37.740,6.3045800000000005,6.30353,1,1.62
16.08.2021 00:06:38.526,6.3045800000000005,6.303630000000001,1,1
16.08.2021 00:06:39.322,6.304780000000001,6.303630000000001,1.5,1
16.08.2021 00:06:39.373,6.304790000000001,6.3036200000000004,1.5,1.62
16.08.2021 00:06:39.541,6.304780000000001,6.3038300000000005,1,1
16.08.2021 00:06:39.905,6.304780000000001,6.303940000000001,1,1.5
16.08.2021 00:06:41.589,6.30494,6.303940000000001,1.5,1.5
16.08.2021 00:06:41.640,6.30494,6.303940000000001,1.5,1.5
16.08.2021 00:06:41.807,6.30492,6.30388,1.5,1.5
16.08.2021 00:06:42.008,6.30477,6.30388,1.5,1.5
16.08.2021 00:06:46.695,6.30477,6.3038300000000005,1.5,1.5
16.08.2021 00:06:46.896,6.30477,6.3038300000000005,1,1.62
16.08.2021 00:06:47.931,6.30477,6.3038300000000005,1,1.62
16.08.2021 00:06:55.032,6.30489,6.3038300000000005,1,1.62
16.08.2021 00:06:55.171,6.3049800000000005,6.303990000000001,1.5,1.5
16.08.2021 00:07:00.314,6.30512,6.304200000000001,1,1
16.08.2021 00:07:00.364,6.305140000000001,6.304200000000001,1.5,1.5
16.08.2021 00:07:00.465,6.30527,6.3042300000000004,1.5,1
16.08.2021 00:07:00.774,6.30532,6.30435,1.5,1.5
16.08.2021 00:07:00.974,6.30531,6.30442,1,1.5
16.08.2021 00:07:01.075,6.30545,6.30442,1,1.5
16.08.2021 00:07:02.061,6.3055,6.304530000000001,1.5,1.5
16.08.2021 00:07:07.272,6.3055,6.3045800000000005,1,1.5
16.08.2021 00:07:07.322,6.30567,6.304740000000001,1,1.5
16.08.2021 00:07:08.117,6.30569,6.304740000000001,1,1.5
16.08.2021 00:07:08.318,6.30569,6.304740000000001,1,1.5
16.08.2021 00:07:13.972,6.3057,6.30473,1.5,1.5
16.08.2021 00:07:14.173,6.305530000000001,6.304530000000001,1.5,1
16.08.2021 00:07:20.024,6.3055,6.304530000000001,1.5,1.5
16.08.2021 00:07:25.767,6.3055,6.304530000000001,1.5,1.5
16.08.2021 00:07:27.228,6.3055,6.3045800000000005,1.12,1.5
16.08.2021 00:07:33.315,6.305630000000001,6.30464,1.5,1.5
16.08.2021 00:07:33.416,6.30565,6.3048,1.12,1.5
16.08.2021 00:07:33.466,6.30565,6.3048,1,1.5
16.08.2021 00:07:33.567,6.30579,6.3048,1.5,1.5
16.08.2021 00:07:33.747,6.30585,6.304830000000001,1.5,1.5
16.08.2021 00:07:36.225,6.305840000000001,6.304780000000001,1.5,1.5
16.08.2021 00:07:37.851,6.30579,6.3048,1.5,1.5
16.08.2021 00:07:49.311,6.30577,6.3048,1.5,1.5
16.08.2021 00:07:52.003,6.30574,6.30475,1.5,1.5
16.08.2021 00:07:52.421,6.305750000000001,6.304740000000001,1.5,1.5
16.08.2021 00:07:52.528,6.3055900000000005,6.304690000000001,1,1.5
16.08.2021 00:07:52.628,6.3055900000000005,6.304530000000001,1.5,1
16.08.2021 00:08:05.524,6.30567,6.304530000000001,2,1.62
16.08.2021 00:08:08.794,6.30562,6.30455,1,1.5
16.08.2021 00:08:09.196,6.30562,6.304600000000001,1,1.5
16.08.2021 00:08:09.410,6.30576,6.30473,1.5,1
16.08.2021 00:08:20.267,6.30576,6.30481,1.5,1.5
16.08.2021 00:08:35.861,6.3059,6.30477,1.5,1.5
16.08.2021 00:08:40.581,6.30576,6.30477,1.5,1.5
16.08.2021 00:08:41.145,6.30576,6.3049800000000005,1.5,1.5
16.08.2021 00:08:41.360,6.30576,6.3049800000000005,1,1.5
16.08.2021 00:08:43.766,6.30577,6.30496,1,1.5
16.08.2021 00:08:47.086,6.30592,6.30497,1.5,1.5
16.08.2021 00:08:47.137,6.30591,6.3049100000000005,1.5,1.5
16.08.2021 00:08:47.187,6.30591,6.3049100000000005,1.5,1.5
16.08.2021 00:08:47.375,6.30591,6.3049100000000005,1.5,1.5
16.08.2021 00:08:50.190,6.30587,6.304790000000001,1.5,1.5
16.08.2021 00:08:50.368,6.30586,6.3048,1.5,1.5
16.08.2021 00:08:55.921,6.30574,6.304790000000001,1.5,1.5
16.08.2021 00:08:56.078,6.30574,6.304790000000001,1.5,1.5
16.08.2021 00:09:05.406,6.30592,6.30485,1.5,1.5
16.08.2021 00:09:05.632,6.30592,6.30485,2,1.5
16.08.2021 00:09:06.312,6.305930000000001,6.30489,1.5,1.5
16.08.2021 00:09:06.692,6.30592,6.3049,1.5,1.5
16.08.2021 00:09:07.531,6.305930000000001,6.30489,1.5,1.5
16.08.2021 00:09:07.733,6.3059,6.3049,1.5,1.5
16.08.2021 00:09:07.989,6.30592,6.3049,1.5,1.5
16.08.2021 00:09:09.404,6.30592,6.30496,1.5,1.5
16.08.2021 00:09:53.768,6.30592,6.30503,1,1.5
16.08.2021 00:10:04.045,6.305930000000001,6.30496,1.5,1.5
16.08.2021 00:10:06.288,6.30592,6.30497,1.5,1.5
16.08.2021 00:10:08.981,6.30592,6.30492,1.5,1.5
16.08.2021 00:10:09.182,6.30592,6.30492,1.5,1.5
16.08.2021 00:10:22.197,6.30587,6.30481,1.5,1.5
16.08.2021 00:10:22.399,6.30582,6.30476,1.5,1.5
16.08.2021 00:10:22.603,6.3056600000000005,6.30476,1.5,1.5
16.08.2021 00:10:24.180,6.3056600000000005,6.30476,1,1.5
16.08.2021 00:10:30.947,6.30567,6.3047,1.5,1.5
16.08.2021 00:10:31.047,6.30571,6.3046500000000005,1.5,1.5
16.08.2021 00:10:33.829,6.30567,6.3046500000000005,1,1.5
16.08.2021 00:10:38.223,6.30569,6.30475,1.5,1.5
16.08.2021 00:10:38.436,6.30574,6.30476,1.5,1.5
16.08.2021 00:10:44.131,6.30574,6.30476,1.5,1.5
16.08.2021 00:10:46.033,6.305750000000001,6.30472,1.5,1
16.08.2021 00:10:53.375,6.30582,6.304830000000001,1.5,1.5
16.08.2021 00:10:59.636,6.30579,6.30477,1.5,1.5
16.08.2021 00:11:00.036,6.30574,6.30477,1.5,1.5
16.08.2021 00:11:00.278,6.30567,6.30467,1.5,1.5
16.08.2021 00:11:00.479,6.30555,6.3045100000000005,1.5,1.5
16.08.2021 00:11:02.090,6.30555,6.3045100000000005,1.5,1.5
16.08.2021 00:11:05.760,6.30542,6.30445,1.5,1.5
16.08.2021 00:11:06.495,6.30542,6.3044,2.75,1.5
16.08.2021 00:11:06.596,6.30524,6.3044,1,1.5
16.08.2021 00:11:06.697,6.30524,6.3044,1.5,1.5
16.08.2021 00:11:08.533,6.30524,6.304290000000001,1.5,1.5
16.08.2021 00:11:08.781,6.30524,6.304290000000001,1.5,1.5
16.08.2021 00:11:11.323,6.30524,6.30424,1.5,1.5
16.08.2021 00:11:11.535,6.30539,6.30435,1.5,1.5
16.08.2021 00:11:11.689,6.30541,6.30445,1,1.5
16.08.2021 00:11:11.890,6.30541,6.30445,1,1.5
16.08.2021 00:11:33.859,6.3056,6.304600000000001,1.5,1.5
16.08.2021 00:11:33.959,6.3055900000000005,6.30477,1.5,1
16.08.2021 00:11:34.060,6.3056,6.30476,1,1.5
16.08.2021 00:11:34.294,6.30587,6.304830000000001,1.62,1.5
16.08.2021 00:11:56.823,6.30588,6.30484,1.5,1.5
16.08.2021 00:12:00.328,6.30581,6.30484,1.5,1.5
16.08.2021 00:12:02.374,6.30581,6.30489,1,1.5
16.08.2021 00:12:03.104,6.30581,6.30489,1,1.5
16.08.2021 00:12:03.498,6.30581,6.304930000000001,1,1
16.08.2021 00:12:03.549,6.306010000000001,6.3050500000000005,1.5,1.5
16.08.2021 00:12:03.989,6.30618,6.30516,1.5,1.5
16.08.2021 00:12:04.154,6.30618,6.30521,1.5,1.5
16.08.2021 00:12:04.663,6.30626,6.3052,1.5,1.5
16.08.2021 00:12:11.904,6.30625,6.30521,1.5,1.5
16.08.2021 00:12:12.107,6.30627,6.3052600000000005,1,1.5
16.08.2021 00:12:18.667,6.306150000000001,6.305130000000001,1,1
16.08.2021 00:12:18.772,6.306150000000001,6.305040000000001,1.5,1.5
16.08.2021 00:12:26.433,6.30602,6.305040000000001,1.5,1.5
16.08.2021 00:12:29.763,6.30602,6.305040000000001,1.5,1.5
16.08.2021 00:12:33.044,6.30602,6.305040000000001,1.5,1.5
16.08.2021 00:12:45.533,6.30618,6.30522,1,1.5
16.08.2021 00:12:45.708,6.30621,6.305230000000001,2,1.5
16.08.2021 00:12:48.906,6.30621,6.305230000000001,2,1.5
16.08.2021 00:12:49.110,6.30611,6.30507,1.5,1.5
16.08.2021 00:12:49.394,6.30605,6.30507,1,1.5
16.08.2021 00:12:49.638,6.30605,6.30506,1.5,1.5
16.08.2021 00:12:52.411,6.30606,6.30512,1.5,1.5
16.08.2021 00:12:52.512,6.30587,6.30496,1,1.5
16.08.2021 00:12:52.632,6.30586,6.30497,1.5,1.5
16.08.2021 00:12:52.772,6.30586,6.305000000000001,1,1.5
16.08.2021 00:12:53.164,6.30586,6.304950000000001,1.5,1.5
16.08.2021 00:12:54.529,6.30586,6.3049,1.5,1.5
16.08.2021 00:12:54.723,6.30586,6.3049,1.5,1.5
16.08.2021 00:12:56.079,6.30586,6.3049,1.5,1.5
16.08.2021 00:12:57.602,6.30586,6.30484,1.5,1.5
16.08.2021 00:12:58.786,6.30586,6.304930000000001,1.5,1
16.08.2021 00:12:58.989,6.30586,6.30484,1.5,1.5
16.08.2021 00:12:59.234,6.30586,6.30484,1.5,1.5
16.08.2021 00:13:02.040,6.30586,6.30496,1.5,1.5
16.08.2021 00:13:02.235,6.30586,6.30503,1,1
16.08.2021 00:13:04.323,6.30605,6.30503,1.5,1
16.08.2021 00:13:04.374,6.30605,6.30503,1.5,1
16.08.2021 00:13:08.160,6.30602,6.30512,1.5,1.5
16.08.2021 00:13:08.356,6.306030000000001,6.30511,1.5,1.5
16.08.2021 00:13:13.088,6.30602,6.30511,1.5,1.5
16.08.2021 00:13:13.296,6.30602,6.30511,1.5,1.5
16.08.2021 00:13:13.490,6.30602,6.30511,1.5,1.5
16.08.2021 00:13:16.445,6.30602,6.30511,1.5,1.5
16.08.2021 00:13:35.222,6.30621,6.30515,1.5,1.5
16.08.2021 00:13:35.650,6.3062000000000005,6.30527,1.5,1.5
16.08.2021 00:13:36.181,6.3062000000000005,6.30527,1.5,1.5
16.08.2021 00:13:48.186,6.30632,6.305280000000001,1.5,1.5
16.08.2021 00:13:48.387,6.30617,6.305230000000001,1,1.5
16.08.2021 00:13:49.565,6.30616,6.30512,1.5,1.5
16.08.2021 00:13:49.718,6.30616,6.30512,1.5,1.5
16.08.2021 00:13:49.919,6.30621,6.30517,1.5,1.5
16.08.2021 00:13:51.730,6.30627,6.305280000000001,1,1.5
16.08.2021 00:13:51.896,6.30632,6.305280000000001,1.5,1.5
16.08.2021 00:13:54.421,6.30632,6.305280000000001,1.5,1.5
16.08.2021 00:13:54.625,6.30632,6.305280000000001,1.5,1.5
16.08.2021 00:13:55.768,6.30632,6.305280000000001,1.5,1.5
16.08.2021 00:13:58.617,6.30632,6.305280000000001,1.5,1.5
16.08.2021 00:13:58.839,6.30616,6.305130000000001,1.5,1
16.08.2021 00:14:02.252,6.30617,6.30511,1.5,1.5
16.08.2021 00:14:03.286,6.30616,6.30512,1.5,1.5
16.08.2021 00:14:08.757,6.30602,6.30512,1,1.5
16.08.2021 00:14:09.813,6.30602,6.30503,1.5,1
16.08.2021 00:14:09.992,6.30586,6.30501,1.5,1.5
16.08.2021 00:14:11.267,6.30586,6.3049100000000005,1.5,1.5
16.08.2021 00:14:15.569,6.30586,6.30501,1,1.5
16.08.2021 00:14:15.760,6.30586,6.30507,1,1.5
16.08.2021 00:14:20.267,6.30586,6.30507,1,1.5
16.08.2021 00:14:33.327,6.30605,6.30506,1.5,1.5
16.08.2021 00:14:33.452,6.30604,6.305130000000001,1.5,1.5
16.08.2021 00:14:33.655,6.30604,6.305180000000001,1,1.5
16.08.2021 00:14:34.495,6.30605,6.30517,1,1.5
16.08.2021 00:14:45.475,6.30622,6.305130000000001,1.5,1
16.08.2021 00:14:45.525,6.30605,6.30502,1,1.62
16.08.2021 00:14:45.626,6.30586,6.30499,1,1.5
16.08.2021 00:14:45.676,6.30585,6.305000000000001,1,1.5
16.08.2021 00:14:47.476,6.30585,6.30506,1,1.5
16.08.2021 00:14:48.341,6.30605,6.3050500000000005,1.5,1.5
16.08.2021 00:14:49.593,6.30604,6.30506,1.5,1.5
16.08.2021 00:14:49.793,6.30605,6.30502,1.5,1
16.08.2021 00:15:00.292,6.30599,6.304950000000001,1.5,1.5
16.08.2021 00:15:00.573,6.30582,6.304830000000001,1.5,1.5
16.08.2021 00:15:00.674,6.30583,6.304780000000001,2,1.5
16.08.2021 00:15:02.408,6.30564,6.30473,1.5,1.62
16.08.2021 00:15:03.598,6.30565,6.30462,1.5,1.5
16.08.2021 00:15:03.742,6.30564,6.30468,1.5,1.5
16.08.2021 00:15:03.843,6.30564,6.30468,1.5,1.5
16.08.2021 00:15:04.250,6.30564,6.30456,1.5,1.5
16.08.2021 00:15:04.523,6.30548,6.30456,1,1.5
16.08.2021 00:15:05.824,6.30548,6.304530000000001,1.5,1
16.08.2021 00:15:06.022,6.30548,6.304530000000001,1.5,1
16.08.2021 00:15:06.173,6.30529,6.30436,1,1.5
16.08.2021 00:15:06.223,6.3053,6.30435,1.5,1.5
16.08.2021 00:15:09.909,6.30529,6.304380000000001,1.5,1.5
16.08.2021 00:15:10.128,6.30529,6.304380000000001,1,1.5
16.08.2021 00:15:22.139,6.305530000000001,6.30447,1.5,1.5
16.08.2021 00:15:23.951,6.30552,6.3047,1.5,1
16.08.2021 00:15:24.101,6.30552,6.304740000000001,1,1.5
16.08.2021 00:15:24.209,6.30552,6.304740000000001,1,1.5
16.08.2021 00:15:24.964,6.30576,6.304740000000001,1.5,1.5
16.08.2021 00:15:25.115,6.30577,6.30484,1.5,1.5
16.08.2021 00:15:25.609,6.30577,6.30484,1.5,1.5
16.08.2021 00:15:26.658,6.30576,6.3049,1.5,1.5
16.08.2021 00:15:26.825,6.30576,6.3049,1,1.5
16.08.2021 00:15:29.013,6.30576,6.30485,1.5,1.5
16.08.2021 00:15:31.640,6.30576,6.30485,1.12,1.5
16.08.2021 00:15:32.060,6.30577,6.30489,1,1.5
16.08.2021 00:15:32.164,6.30596,6.30489,1.5,1.5
16.08.2021 00:15:32.334,6.30595,6.304930000000001,1.5,1
16.08.2021 00:15:34.341,6.30595,6.30501,1,1.5
16.08.2021 00:15:34.392,6.30595,6.30501,1.5,1.5
16.08.2021 00:15:35.255,6.30595,6.30503,1,1
16.08.2021 00:15:35.969,6.30595,6.30501,1.5,1.5
16.08.2021 00:15:37.796,6.30595,6.30496,1.5,1.5
16.08.2021 00:15:37.947,6.30595,6.30507,1.5,1.5
16.08.2021 00:15:38.182,6.30596,6.30502,1,1
16.08.2021 00:15:38.355,6.30596,6.30502,1,1
16.08.2021 00:15:38.559,6.30595,6.30502,1.5,1.5
16.08.2021 00:15:38.958,6.30595,6.30507,1,1.5
16.08.2021 00:15:39.059,6.30595,6.305130000000001,1,1.5
16.08.2021 00:15:39.526,6.30612,6.3051900000000005,1.5,1.5
16.08.2021 00:15:39.677,6.30612,6.30524,1,1.5
16.08.2021 00:15:48.945,6.30627,6.30524,1.5,1.5
16.08.2021 00:15:48.996,6.30627,6.30524,1.62,1.5
16.08.2021 00:15:49.197,6.30616,6.305130000000001,1.5,1.5
16.08.2021 00:15:51.916,6.305930000000001,6.30503,1,1.62
16.08.2021 00:15:52.768,6.305930000000001,6.30503,1,1.62
16.08.2021 00:15:52.998,6.305930000000001,6.30501,1,1.5
16.08.2021 00:15:54.417,6.305930000000001,6.305130000000001,1,1.5
16.08.2021 00:16:00.290,6.30607,6.30508,1,1.5
16.08.2021 00:16:00.467,6.306010000000001,6.30496,1.5,1.5
16.08.2021 00:16:00.776,6.30611,6.30508,1.5,1.5
16.08.2021 00:16:00.977,6.30611,6.30508,1.5,1.5
16.08.2021 00:16:01.078,6.30612,6.30507,1.5,1.5
16.08.2021 00:16:01.287,6.30611,6.30508,1.5,1.5
16.08.2021 00:16:01.472,6.30618,6.3050500000000005,1,1.5
16.08.2021 00:16:02.041,6.30617,6.30506,1,1.5
16.08.2021 00:16:02.321,6.30612,6.3051900000000005,1.5,1.5
16.08.2021 00:16:02.472,6.305930000000001,6.305130000000001,1,1.5
16.08.2021 00:16:03.208,6.305930000000001,6.30503,1.5,1.62
16.08.2021 00:16:04.567,6.3059400000000005,6.30507,1,1.5
16.08.2021 00:16:04.722,6.3059400000000005,6.30507,1,1.5
16.08.2021 00:16:08.387,6.305930000000001,6.30517,1,1.5
16.08.2021 00:16:13.803,6.3061300000000005,6.30516,1.5,1.5
16.08.2021 00:16:13.960,6.3061300000000005,6.30516,1,1.5
16.08.2021 00:16:14.265,6.3061300000000005,6.30516,1,1.5
16.08.2021 00:16:14.330,6.3063,6.30516,1.5,1.5
16.08.2021 00:16:14.380,6.30614,6.30515,1,1.5
16.08.2021 00:16:14.430,6.3061300000000005,6.30516,1.5,1.5
16.08.2021 00:16:14.615,6.3061300000000005,6.30511,1.5,1.5
16.08.2021 00:16:14.817,6.30614,6.3051,1.5,1.5
16.08.2021 00:16:15.017,6.3061300000000005,6.305090000000001,1.5,1.5
16.08.2021 00:16:16.078,6.3061300000000005,6.305090000000001,1.5,1.5
16.08.2021 00:16:17.289,6.30614,6.305140000000001,1.5,1.5
16.08.2021 00:16:17.878,6.3061300000000005,6.30515,1.5,1.5
16.08.2021 00:16:18.170,6.3061300000000005,6.3052,1,1.5
16.08.2021 00:16:18.377,6.3061300000000005,6.30515,1.5,1.5
16.08.2021 00:16:18.571,6.30614,6.305140000000001,1.5,1.5
16.08.2021 00:16:18.773,6.3061300000000005,6.305090000000001,1.5,1.5
16.08.2021 00:16:19.371,6.30614,6.30508,1.5,1.5
16.08.2021 00:16:19.571,6.3061300000000005,6.305040000000001,1.5,1.5
16.08.2021 00:16:22.862,6.3061300000000005,6.30503,1.5,1
16.08.2021 00:16:22.972,6.30607,6.30499,1,1.5
16.08.2021 00:16:24.977,6.305930000000001,6.304930000000001,1.5,1
16.08.2021 00:16:25.199,6.305930000000001,6.304930000000001,1.5,1
16.08.2021 00:16:27.672,6.3057300000000005,6.30473,1.5,1.62
16.08.2021 00:16:28.376,6.3057300000000005,6.30473,1.5,1.62
16.08.2021 00:16:28.552,6.3057300000000005,6.30463,1.5,1.62
16.08.2021 00:16:28.757,6.305540000000001,6.304530000000001,1.5,1
16.08.2021 00:16:29.374,6.30555,6.30452,1.5,1
16.08.2021 00:16:30.554,6.305540000000001,6.3045100000000005,1.5,1.5
16.08.2021 00:16:31.520,6.305540000000001,6.30446,1.5,1.5
16.08.2021 00:16:32.632,6.30555,6.30442,1.5,1.5
16.08.2021 00:16:33.325,6.30538,6.30435,1.5,1.5
16.08.2021 00:16:33.480,6.30538,6.30435,1.5,1.5
16.08.2021 00:16:34.050,6.30538,6.30433,1.5,1.62
16.08.2021 00:16:34.259,6.30538,6.30433,1.5,1.62
16.08.2021 00:16:35.248,6.30545,6.30432,1.5,1
16.08.2021 00:16:36.607,6.30539,6.3042300000000004,1.5,1.62
16.08.2021 00:16:39.494,6.30538,6.3042300000000004,2,1.62
16.08.2021 00:16:42.259,6.30517,6.3042300000000004,1.5,1.62
16.08.2021 00:16:42.360,6.30517,6.3042300000000004,1.5,1.62
16.08.2021 00:16:42.892,6.30517,6.3042300000000004,1,1.62
16.08.2021 00:16:44.153,6.305180000000001,6.30432,1.5,1.62
16.08.2021 00:16:44.367,6.30517,6.304130000000001,1.5,1.5
16.08.2021 00:16:45.905,6.30517,6.3042300000000004,1.5,1
16.08.2021 00:16:47.138,6.30517,6.3042300000000004,1.5,1
16.08.2021 00:16:47.371,6.305180000000001,6.30422,1.5,1
16.08.2021 00:16:50.681,6.305180000000001,6.30422,1.5,1
16.08.2021 00:16:51.112,6.30537,6.3042300000000004,1,1.62
16.08.2021 00:16:51.313,6.30538,6.30433,1.5,1.62
16.08.2021 00:16:54.333,6.30538,6.30433,1.5,1.62
16.08.2021 00:16:59.221,6.30538,6.304430000000001,1.5,1
16.08.2021 00:17:03.265,6.30538,6.30433,1.5,1.62
16.08.2021 00:17:03.383,6.305440000000001,6.30433,1.5,1.62
16.08.2021 00:17:06.872,6.305440000000001,6.30433,1.5,1.62
16.08.2021 00:17:07.636,6.30545,6.30432,1.5,1.62
16.08.2021 00:17:07.686,6.3051,6.30433,1,1
16.08.2021 00:17:07.737,6.30538,6.30433,1.5,1.62
16.08.2021 00:17:07.888,6.30537,6.304290000000001,1,1.5
16.08.2021 00:17:07.995,6.30537,6.304290000000001,1,1.5
16.08.2021 00:17:10.080,6.30537,6.304290000000001,1,1.5
16.08.2021 00:17:10.767,6.30538,6.30435,1.5,1.5
16.08.2021 00:17:14.332,6.30503,6.30433,1,1
16.08.2021 00:17:14.433,6.305040000000001,6.30414,1,1.5
16.08.2021 00:17:37.157,6.30503,6.30416,1,1.5
16.08.2021 00:17:37.330,6.30503,6.304130000000001,1,1.62
16.08.2021 00:17:37.380,6.30522,6.3042300000000004,1.5,1
16.08.2021 00:17:37.481,6.30522,6.304130000000001,1.5,1.62
16.08.2021 00:17:37.635,6.30522,6.3042300000000004,1.5,1
16.08.2021 00:17:41.764,6.30522,6.3042300000000004,1.5,1
16.08.2021 00:17:44.276,6.30503,6.3042300000000004,1,1
16.08.2021 00:17:49.764,6.30521,6.30422,1.5,1
16.08.2021 00:17:49.915,6.3052,6.30437,1.5,1
16.08.2021 00:17:50.130,6.3052,6.30437,1,1.5
16.08.2021 00:17:51.132,6.3052,6.30437,1,1.5
16.08.2021 00:17:51.533,6.30537,6.30437,1.5,1.5
16.08.2021 00:17:59.502,6.30537,6.304430000000001,1.5,1.5
16.08.2021 00:18:06.496,6.30537,6.304430000000001,1.12,1.5
16.08.2021 00:18:06.647,6.30552,6.30464,1,1
16.08.2021 00:18:06.748,6.30555,6.30464,1,1.5
16.08.2021 00:18:06.897,6.305580000000001,6.30464,1,1.5
16.08.2021 00:18:07.023,6.30567,6.30464,1,1.5
16.08.2021 00:18:09.491,6.30567,6.30464,1,1.5
16.08.2021 00:18:13.268,6.305680000000001,6.30463,1,1.5
16.08.2021 00:18:14.883,6.30569,6.304690000000001,1.5,1.5
16.08.2021 00:18:15.038,6.30569,6.304690000000001,1.5,1.5
16.08.2021 00:18:17.225,6.305680000000001,6.304690000000001,1,1.5
16.08.2021 00:18:25.960,6.30569,6.304690000000001,1.5,1.5
16.08.2021 00:18:27.067,6.30567,6.304690000000001,1,1.5
16.08.2021 00:18:27.271,6.3055,6.30464,1.5,1.5
16.08.2021 00:18:31.580,6.3055,6.30459,1,1.5
16.08.2021 00:18:36.264,6.3055,6.30459,1,1.5
16.08.2021 00:18:41.369,6.30551,6.3045800000000005,1.5,1.5
16.08.2021 00:18:41.570,6.30543,6.30433,1.5,1
16.08.2021 00:18:42.006,6.30537,6.30432,1,1.5
16.08.2021 00:18:42.207,6.305280000000001,6.30432,1.5,1.5
16.08.2021 00:18:42.407,6.305280000000001,6.30426,1.5,1.5
16.08.2021 00:18:43.240,6.305280000000001,6.3042300000000004,1.62,1
16.08.2021 00:19:05.549,6.3052600000000005,6.3042300000000004,1,1.62
16.08.2021 00:19:05.724,6.3052600000000005,6.30416,1,1.5
16.08.2021 00:19:06.865,6.30507,6.30412,1.5,1
16.08.2021 00:19:07.016,6.30496,6.303940000000001,1,1.5
16.08.2021 00:19:07.066,6.3049100000000005,6.30393,1,1.5
16.08.2021 00:19:07.729,6.30492,6.304,1,1.5
16.08.2021 00:19:07.821,6.3049,6.304,1,1.5
16.08.2021 00:19:09.030,6.30494,6.304,1,1.5
16.08.2021 00:19:19.863,6.30496,6.303990000000001,1,1.5
16.08.2021 00:19:24.851,6.3049100000000005,6.30393,1,1.62
16.08.2021 00:19:28.421,6.3049,6.30393,1.5,1.62
16.08.2021 00:19:42.526,6.304930000000001,6.3038300000000005,1,1.62
16.08.2021 00:19:42.679,6.304930000000001,6.3038300000000005,1,1.62
16.08.2021 00:19:42.881,6.304930000000001,6.30387,1,1.5
16.08.2021 00:19:43.539,6.304860000000001,6.3038300000000005,1,1.62
16.08.2021 00:19:43.745,6.304860000000001,6.303730000000001,1,1.62
16.08.2021 00:19:43.946,6.30471,6.303730000000001,1.5,1
16.08.2021 00:19:44.418,6.30472,6.303730000000001,1,1
16.08.2021 00:19:44.722,6.30472,6.30366,1,1.5
16.08.2021 00:19:46.768,6.30463,6.30361,1,1.5
16.08.2021 00:19:54.308,6.30467,6.303630000000001,1,1.62
16.08.2021 00:19:57.501,6.30466,6.3036200000000004,1,1.5
16.08.2021 00:19:58.862,6.30447,6.30355,1,1.5
16.08.2021 00:19:58.968,6.30447,6.30355,1.5,1.5
16.08.2021 00:20:00.124,6.304480000000001,6.303540000000001,1,1.5
16.08.2021 00:20:06.486,6.30464,6.303630000000001,1.5,1.5
16.08.2021 00:20:06.637,6.30464,6.30384,1.5,1
16.08.2021 00:20:06.738,6.30464,6.30384,1,1.5
16.08.2021 00:20:07.553,6.3046500000000005,6.3038300000000005,1,1.5
16.08.2021 00:20:09.900,6.304930000000001,6.30393,1.62,1.5
16.08.2021 00:20:10.080,6.30494,6.303990000000001,1.62,1.5
16.08.2021 00:20:17.768,6.304930000000001,6.304,1.5,1.5
16.08.2021 00:20:21.636,6.304930000000001,6.303940000000001,1.5,1.5
16.08.2021 00:21:06.474,6.304930000000001,6.303940000000001,1.5,1.5
16.08.2021 00:21:11.365,6.304930000000001,6.304,1.5,1.5
16.08.2021 00:21:18.542,6.30494,6.303990000000001,1.5,1.5
16.08.2021 00:21:20.267,6.304930000000001,6.303940000000001,1.5,1.5
16.08.2021 00:21:21.346,6.304930000000001,6.303940000000001,1.5,1.5
16.08.2021 00:21:28.612,6.30492,6.303940000000001,1,1.5
16.08.2021 00:21:35.252,6.304930000000001,6.304,1,1.5
16.08.2021 00:21:36.206,6.30502,6.304,1,1.5
16.08.2021 00:21:36.743,6.30502,6.304,1,1.5
16.08.2021 00:21:36.997,6.30502,6.304,1,1.5
16.08.2021 00:21:40.036,6.30501,6.30405,1,1.5
16.08.2021 00:21:40.237,6.30503,6.30416,1,1.5
16.08.2021 00:21:40.986,6.30511,6.30415,1.5,1.5
16.08.2021 00:21:41.036,6.3051,6.30416,1.5,1.5
16.08.2021 00:21:41.217,6.3051,6.304130000000001,1.5,1
16.08.2021 00:21:41.664,6.30507,6.30405,1,1.5
16.08.2021 00:21:53.149,6.305040000000001,6.3041,1,1.5
16.08.2021 00:22:07.747,6.305140000000001,6.30405,1,1.5
16.08.2021 00:22:07.941,6.30507,6.30405,1,1.5
16.08.2021 00:22:15.531,6.30502,6.303940000000001,1,1.5
16.08.2021 00:22:31.247,6.3049800000000005,6.303940000000001,1,1.5
16.08.2021 00:22:38.355,6.30494,6.30395,1.62,1.5
16.08.2021 00:22:39.454,6.30494,6.30395,1.5,1.5
16.08.2021 00:22:46.606,6.30497,6.3041100000000005,1.5,1.5
16.08.2021 00:22:47.148,6.305130000000001,6.304130000000001,1.5,1.62
16.08.2021 00:22:53.946,6.305130000000001,6.3042300000000004,1.5,1
16.08.2021 00:22:54.646,6.305130000000001,6.304130000000001,1.62,1
16.08.2021 00:22:55.141,6.305130000000001,6.304130000000001,1,1
16.08.2021 00:23:01.503,6.30512,6.3042300000000004,1,1
16.08.2021 00:23:06.528,6.30515,6.3042300000000004,1,1
16.08.2021 00:23:06.750,6.30516,6.30422,1,1
16.08.2021 00:23:06.950,6.30515,6.30427,1,1.5
16.08.2021 00:23:12.424,6.30524,6.3042300000000004,1,1
16.08.2021 00:23:16.366,6.30516,6.3042300000000004,1,1
16.08.2021 00:23:16.551,6.305140000000001,6.304130000000001,1.5,1
16.08.2021 00:23:22.539,6.3050500000000005,6.304030000000001,1,1
16.08.2021 00:23:31.870,6.30502,6.30405,1,1.5
16.08.2021 00:23:32.335,6.30502,6.30405,1,1.5
16.08.2021 00:23:32.534,6.30502,6.30402,1,1
16.08.2021 00:23:37.593,6.3049800000000005,6.304030000000001,1.5,1.62
16.08.2021 00:23:44.658,6.3049800000000005,6.304130000000001,1.12,1
16.08.2021 00:23:45.400,6.3049800000000005,6.304130000000001,1.5,1.62
16.08.2021 00:23:55.576,6.3049800000000005,6.304130000000001,1.5,1
16.08.2021 00:24:05.058,6.30501,6.30406,1,1.5
16.08.2021 00:24:05.209,6.3050500000000005,6.30416,1.5,1.5
16.08.2021 00:24:05.411,6.3050500000000005,6.3042300000000004,1.5,1
16.08.2021 00:24:11.769,6.3050500000000005,6.30416,1.5,1.5
16.08.2021 00:24:13.631,6.3050500000000005,6.304130000000001,1.5,1.62
16.08.2021 00:24:21.381,6.305040000000001,6.304130000000001,1,1
16.08.2021 00:24:30.010,6.3050500000000005,6.304130000000001,1.5,1
16.08.2021 00:24:31.495,6.30502,6.30412,1,1
16.08.2021 00:24:35.085,6.3050500000000005,6.30406,1.5,1.5
16.08.2021 00:24:35.287,6.3050500000000005,6.304030000000001,1.5,1
16.08.2021 00:24:35.485,6.3050500000000005,6.304030000000001,1.5,1.62
16.08.2021 00:24:41.380,6.30499,6.304130000000001,1,1
16.08.2021 00:24:42.037,6.30499,6.30406,1,1.5
16.08.2021 00:25:03.437,6.3049800000000005,6.304130000000001,1,1
16.08.2021 00:25:03.589,6.30503,6.304130000000001,1,1.62
16.08.2021 00:25:03.790,6.3053300000000005,6.304430000000001,1.5,1.5
16.08.2021 00:25:14.034,6.30539,6.304430000000001,1,1.5
16.08.2021 00:25:21.193,6.305400000000001,6.304430000000001,1,1.62
16.08.2021 00:25:25.550,6.30542,6.304430000000001,1,1.62
16.08.2021 00:25:32.896,6.30542,6.304430000000001,1,1.62
16.08.2021 00:25:33.098,6.30542,6.304430000000001,1,1.62
16.08.2021 00:25:34.867,6.30541,6.304430000000001,1,1.62
16.08.2021 00:25:44.196,6.30538,6.304380000000001,1,1.5
16.08.2021 00:25:56.952,6.30534,6.304380000000001,1,1.5
16.08.2021 00:25:57.328,6.30527,6.30427,1,1.5
16.08.2021 00:25:57.958,6.30521,6.30427,1,1.5
16.08.2021 00:25:58.555,6.30521,6.3042300000000004,1,1.62
16.08.2021 00:25:58.756,6.30517,6.30416,1.62,1.5
16.08.2021 00:26:00.169,6.305090000000001,6.30416,1,1.5
16.08.2021 00:26:03.676,6.3052,6.3042300000000004,1,1
16.08.2021 00:26:03.857,6.30525,6.30432,1,1.62
16.08.2021 00:26:03.907,6.30531,6.304380000000001,1.5,1.5
16.08.2021 00:26:04.058,6.30531,6.304380000000001,1.5,1.5
16.08.2021 00:26:08.768,6.30531,6.304380000000001,1.12,1.5
16.08.2021 00:26:24.875,6.30547,6.304430000000001,1.5,1.62
16.08.2021 00:26:32.269,6.30543,6.30442,1,1.62
16.08.2021 00:26:47.813,6.30542,6.304430000000001,1,1.62
16.08.2021 00:26:58.912,6.30542,6.304430000000001,1,1
16.08.2021 00:26:59.152,6.30537,6.30427,1,1.5
16.08.2021 00:26:59.420,6.30522,6.30427,1,1.5
16.08.2021 00:26:59.672,6.30522,6.30433,1,1.62
16.08.2021 00:27:02.801,6.30529,6.304380000000001,1.5,1.5
16.08.2021 00:27:02.958,6.30534,6.304380000000001,1,1.5
16.08.2021 00:27:03.752,6.30534,6.304380000000001,1,1.5
16.08.2021 00:27:11.064,6.30534,6.304380000000001,1,1.5
16.08.2021 00:27:12.127,6.30534,6.3044,1,1.5
16.08.2021 00:27:13.128,6.305350000000001,6.3044,1,1.5
16.08.2021 00:27:26.937,6.30539,6.30445,1,1.5
16.08.2021 00:27:27.634,6.30539,6.30442,1,1.62
16.08.2021 00:27:27.796,6.30538,6.304340000000001,1,1.5
16.08.2021 00:27:27.997,6.30525,6.304340000000001,1.5,1.5
16.08.2021 00:27:28.295,6.3052,6.30433,1,1.5
16.08.2021 00:27:28.366,6.305180000000001,6.304340000000001,1,1.5
16.08.2021 00:27:34.769,6.30517,6.3042300000000004,1,1.5
16.08.2021 00:29:00.890,6.3051900000000005,6.30424,1,1.5
16.08.2021 00:29:01.058,6.30525,6.30433,1,1.5
16.08.2021 00:29:01.589,6.30534,6.304340000000001,1,1.5
16.08.2021 00:29:06.069,6.305350000000001,6.3044,1,1.5
16.08.2021 00:29:06.237,6.30537,6.304430000000001,1,1.5
16.08.2021 00:29:06.337,6.30557,6.3045,1,1.5
16.08.2021 00:29:06.438,6.3055900000000005,6.30452,1.5,1
16.08.2021 00:29:06.661,6.305580000000001,6.30456,1.5,1.5
16.08.2021 00:29:07.041,6.30548,6.30456,1,1.5
16.08.2021 00:29:07.443,6.30552,6.30455,1,1.5
16.08.2021 00:29:07.991,6.30556,6.30456,1,1.5
16.08.2021 00:29:11.044,6.30555,6.304600000000001,1,1.5
16.08.2021 00:29:11.240,6.30557,6.30461,1,1.5
16.08.2021 00:29:11.994,6.305580000000001,6.30461,1.5,1.5
16.08.2021 00:29:16.265,6.305580000000001,6.30461,1.5,1.5
16.08.2021 00:29:20.329,6.305580000000001,6.30461,1,1.5
16.08.2021 00:29:21.927,6.305580000000001,6.30461,1,1.5
16.08.2021 00:29:24.324,6.30565,6.30463,1,1.62
16.08.2021 00:29:36.356,6.305580000000001,6.30467,1,1.5
16.08.2021 00:29:47.666,6.305680000000001,6.30472,1,1.5
16.08.2021 00:29:47.819,6.30569,6.30472,1,1.5
16.08.2021 00:29:48.220,6.305680000000001,6.30472,1,1.5
16.08.2021 00:29:48.422,6.305680000000001,6.30463,1,1.62
16.08.2021 00:29:48.523,6.305530000000001,6.304530000000001,1,1
16.08.2021 00:29:48.628,6.3055,6.30445,1,1.5
16.08.2021 00:29:48.830,6.30538,6.30428,1,1.5
16.08.2021 00:29:49.023,6.30522,6.304290000000001,1.62,1.5
16.08.2021 00:29:55.451,6.305230000000001,6.30428,1.5,1.5
16.08.2021 00:29:57.374,6.30522,6.304290000000001,1.5,1.5
16.08.2021 00:29:57.594,6.3053,6.304290000000001,1,1.5
16.08.2021 00:29:58.298,6.305350000000001,6.304290000000001,1,1.5
16.08.2021 00:30:00.551,6.30541,6.30445,1.5,1.5
16.08.2021 00:30:02.768,6.30541,6.30445,1.5,1.5
16.08.2021 00:30:06.868,6.30541,6.30445,1.5,1.5
16.08.2021 00:30:24.841,6.30542,6.304340000000001,1,1.5
16.08.2021 00:30:24.942,6.30524,6.30422,1,1.62
16.08.2021 00:30:25.069,6.305230000000001,6.3042300000000004,1.5,1.62
16.08.2021 00:30:31.992,6.30522,6.304200000000001,1,1.5
16.08.2021 00:30:34.269,6.30524,6.30428,1.62,1.5
16.08.2021 00:30:41.769,6.3051900000000005,6.304290000000001,1,1.5
16.08.2021 00:30:52.968,6.30522,6.30422,1,1.62
16.08.2021 00:30:55.372,6.305230000000001,6.30431,1,1.5
16.08.2021 00:30:55.473,6.3053300000000005,6.30433,1.5,1.5
16.08.2021 00:30:55.573,6.305400000000001,6.30447,1.5,1.5
16.08.2021 00:30:57.373,6.305400000000001,6.304430000000001,1.5,1.62
16.08.2021 00:31:01.020,6.30562,6.30473,1.5,1
16.08.2021 00:31:01.172,6.30562,6.30473,1.5,1.5
16.08.2021 00:31:05.269,6.305630000000001,6.30473,1.5,1.5
16.08.2021 00:31:06.074,6.30562,6.304740000000001,1,1.5
16.08.2021 00:31:20.985,6.30576,6.30473,1.5,1.5
16.08.2021 00:31:21.413,6.30581,6.304790000000001,1.5,1.5
16.08.2021 00:31:31.206,6.30562,6.304790000000001,1,1.5
16.08.2021 00:31:45.698,6.30562,6.30473,1.5,1.5
16.08.2021 00:31:46.513,6.3056,6.30473,1,1.5
16.08.2021 00:31:52.268,6.30562,6.3047,1.5,1.5
16.08.2021 00:31:55.105,6.30562,6.304690000000001,1,1.5
16.08.2021 00:31:55.574,6.30562,6.304740000000001,1.5,1.5
16.08.2021 00:31:56.233,6.30562,6.304740000000001,1,1.5
16.08.2021 00:31:59.694,6.3057,6.304690000000001,1.5,1.5
16.08.2021 00:31:59.805,6.3056,6.304690000000001,1,1.5
16.08.2021 00:31:59.855,6.30557,6.304530000000001,1,1
16.08.2021 00:32:01.958,6.305530000000001,6.30452,1,1
16.08.2021 00:32:02.152,6.30552,6.30464,1,1.5
16.08.2021 00:32:03.344,6.30557,6.30452,1,1.62
16.08.2021 00:32:03.747,6.30556,6.304530000000001,1,1.62
16.08.2021 00:32:04.207,6.30552,6.30452,1,1.62
16.08.2021 00:32:10.603,6.30562,6.304530000000001,1.5,1.62
16.08.2021 00:32:13.940,6.30545,6.30445,1.5,1.5
16.08.2021 00:32:24.711,6.30541,6.30442,1,1.5
16.08.2021 00:32:24.862,6.30531,6.3042300000000004,1.5,1.62
16.08.2021 00:32:27.583,6.30516,6.3042300000000004,1.5,1
16.08.2021 00:32:33.157,6.30516,6.3042300000000004,1.5,1
16.08.2021 00:32:33.561,6.3052600000000005,6.30432,1,1.5
16.08.2021 00:32:38.769,6.3053300000000005,6.30437,1,1.5
16.08.2021 00:32:38.969,6.3053300000000005,6.30437,1,1.5
16.08.2021 00:32:41.264,6.305350000000001,6.30442,1.5,1.5
16.08.2021 00:32:41.465,6.30545,6.304530000000001,1,1
16.08.2021 00:32:41.995,6.30551,6.30456,1.5,1.5
16.08.2021 00:32:45.962,6.30551,6.30456,1.5,1.5
16.08.2021 00:33:00.174,6.305540000000001,6.304530000000001,1,1
16.08.2021 00:33:07.892,6.30564,6.30464,1.5,1.5
16.08.2021 00:33:10.265,6.305680000000001,6.30473,1.5,1.5
16.08.2021 00:33:34.885,6.30567,6.304740000000001,1.5,1.5
16.08.2021 00:33:34.986,6.30567,6.304690000000001,1,1.5
16.08.2021 00:33:38.074,6.305530000000001,6.3045800000000005,1,1.5
16.08.2021 00:33:40.951,6.305530000000001,6.3045800000000005,1,1.5
16.08.2021 00:33:42.202,6.305490000000001,6.304530000000001,1,1.62
16.08.2021 00:34:00.967,6.3055,6.3045800000000005,1,1.5
16.08.2021 00:34:01.138,6.3055,6.3045800000000005,1,1.5
16.08.2021 00:34:01.440,6.3055,6.3045800000000005,1,1.5
16.08.2021 00:34:17.543,6.30552,6.30463,1,1.5
16.08.2021 00:34:17.695,6.30564,6.30464,1.5,1.5
16.08.2021 00:34:17.880,6.30564,6.30464,1.5,1.5
16.08.2021 00:34:23.528,6.30567,6.30476,1.5,1.5
16.08.2021 00:34:25.180,6.30567,6.30472,1.5,1.5
16.08.2021 00:34:29.121,6.30567,6.30477,1.5,1.5
16.08.2021 00:34:34.807,6.30577,6.30482,1,1.5
16.08.2021 00:34:34.969,6.30582,6.304930000000001,1,1.5
16.08.2021 00:34:35.120,6.3059400000000005,6.305040000000001,1,1.5
16.08.2021 00:34:35.171,6.3059400000000005,6.305040000000001,1,1.5
16.08.2021 00:34:35.374,6.3059400000000005,6.305040000000001,1,1.5
16.08.2021 00:34:35.621,6.30602,6.305040000000001,1.5,1.5
16.08.2021 00:34:43.825,6.30602,6.305040000000001,1.5,1.5
16.08.2021 00:35:07.266,6.306030000000001,6.3050500000000005,1.5,1.5
16.08.2021 00:35:22.769,6.30602,6.30506,1.5,1.5
16.08.2021 00:35:59.531,6.30605,6.30516,1.5,1.5
16.08.2021 00:35:59.708,6.306080000000001,6.30516,1,1.5
16.08.2021 00:36:02.976,6.30618,6.305230000000001,1.5,1
16.08.2021 00:36:17.269,6.306290000000001,6.30532,1.5,1.5
16.08.2021 00:36:22.828,6.306290000000001,6.30532,1.5,1.5
16.08.2021 00:36:25.423,6.306290000000001,6.30532,1.5,1.5
16.08.2021 00:36:33.927,6.30623,6.30527,1.5,1.5
16.08.2021 00:36:34.129,6.30623,6.30527,1.5,1.5
16.08.2021 00:36:34.382,6.30618,6.30522,1.5,1.5
16.08.2021 00:36:34.860,6.30618,6.30522,1.62,1.5
16.08.2021 00:36:36.090,6.30625,6.3052600000000005,1.5,1.5
16.08.2021 00:36:48.267,6.30623,6.30532,1.5,1.5
16.08.2021 00:37:06.107,6.306240000000001,6.30531,1.5,1.5
16.08.2021 00:37:07.091,6.30623,6.30532,1.5,1.5
16.08.2021 00:37:09.952,6.30623,6.30532,1.5,1.5
16.08.2021 00:37:10.053,6.30623,6.30527,1.5,1.5
16.08.2021 00:38:05.273,6.30609,6.305140000000001,1.5,1.5
16.08.2021 00:38:06.269,6.306080000000001,6.30515,1.5,1.5
16.08.2021 00:38:16.423,6.30609,6.3052,1.5,1.5
16.08.2021 00:38:16.585,6.306080000000001,6.30521,1,1.5
16.08.2021 00:38:17.689,6.306240000000001,6.3052600000000005,1.5,1.5
16.08.2021 00:38:17.879,6.306240000000001,6.30531,1.5,1.5
16.08.2021 00:38:40.329,6.30636,6.3053,1.5,1.5
16.08.2021 00:39:24.237,6.306240000000001,6.3053300000000005,1.5,1
16.08.2021 00:39:24.588,6.306240000000001,6.3052600000000005,1.5,1.5
16.08.2021 00:39:24.910,6.306240000000001,6.3052600000000005,1.5,1.5
16.08.2021 00:39:25.414,6.306240000000001,6.3052600000000005,1.5,1.5
16.08.2021 00:39:25.514,6.30621,6.30521,1,1.5
16.08.2021 00:39:25.891,6.30614,6.3051,1.5,1.5
16.08.2021 00:39:49.101,6.306190000000001,6.30516,1.5,1.5
16.08.2021 00:39:49.312,6.30621,6.3052,1,1.5
16.08.2021 00:39:51.770,6.306240000000001,6.30527,1.5,1.5
16.08.2021 00:40:03.269,6.30631,6.3052600000000005,1.5,1.5
16.08.2021 00:40:17.213,6.3063,6.30527,1.5,1.5
16.08.2021 00:40:50.359,6.306240000000001,6.30532,1.5,1.5
16.08.2021 00:41:17.507,6.30626,6.3052,1.5,1.5
16.08.2021 00:41:17.708,6.306150000000001,6.3051,1.5,1.5
16.08.2021 00:41:21.269,6.30605,6.30511,1.62,1.5
16.08.2021 00:41:54.309,6.30605,6.305040000000001,1.5,1.5
16.08.2021 00:41:58.289,6.30586,6.304930000000001,2,1
16.08.2021 00:41:58.445,6.3057,6.30467,1.5,1.5
16.08.2021 00:41:58.496,6.3057,6.30467,2,1.5
16.08.2021 00:41:58.705,6.30571,6.30462,1.5,1
16.08.2021 00:41:59.586,6.305540000000001,6.30463,1.5,1
16.08.2021 00:42:01.674,6.305540000000001,6.30455,1.5,1.5
16.08.2021 00:42:02.294,6.305540000000001,6.30462,1,1.5
16.08.2021 00:42:02.417,6.3056600000000005,6.30462,1.5,1.5
16.08.2021 00:42:02.467,6.3057300000000005,6.304780000000001,1.5,1.5
16.08.2021 00:42:05.507,6.3057300000000005,6.304780000000001,1.5,1.5
16.08.2021 00:42:08.269,6.3057300000000005,6.304780000000001,1.5,1.5
16.08.2021 00:42:13.538,6.3057300000000005,6.304780000000001,1.5,1.5
16.08.2021 00:42:18.318,6.30582,6.304780000000001,1.5,1.5
16.08.2021 00:42:27.344,6.30582,6.304790000000001,1.5,1.5
16.08.2021 00:42:27.595,6.30578,6.30472,1.5,1.5
16.08.2021 00:42:30.626,6.30561,6.30463,1,1.5
16.08.2021 00:42:30.782,6.30562,6.30462,1,1.5
16.08.2021 00:42:33.184,6.3056,6.30457,1.5,1.5
16.08.2021 00:42:39.097,6.30557,6.30463,1.5,1.5
16.08.2021 00:42:39.259,6.30557,6.30463,1.5,1.5
16.08.2021 00:42:39.817,6.30557,6.30457,1.5,1.5
16.08.2021 00:42:47.407,6.30555,6.304530000000001,1.62,1
16.08.2021 00:42:49.684,6.30555,6.304530000000001,1.62,1
16.08.2021 00:43:03.778,6.30547,6.30447,1,1.5
16.08.2021 00:43:07.710,6.30543,6.30441,1,1.5
16.08.2021 00:43:09.734,6.30531,6.30435,1.5,1.5
16.08.2021 00:43:10.174,6.3053,6.30436,1.5,1.5
16.08.2021 00:43:10.564,6.3053,6.30436,1.62,1.5
16.08.2021 00:43:13.452,6.3053,6.30436,1.5,1.5
16.08.2021 00:43:13.607,6.3053,6.30436,1.5,1.5
16.08.2021 00:43:15.451,6.30531,6.30435,1.5,1.5
16.08.2021 00:43:28.144,6.3053,6.304290000000001,1,1.5
16.08.2021 00:43:28.354,6.30548,6.30446,1.62,1.5
16.08.2021 00:43:32.362,6.30547,6.30452,1.5,1.5
16.08.2021 00:43:33.462,6.30547,6.30447,1.5,1.5
16.08.2021 00:43:41.770,6.30547,6.30447,1.5,1.5
16.08.2021 00:43:45.535,6.30552,6.30452,1,1.5
16.08.2021 00:43:46.690,6.30552,6.30452,1,1.5
16.08.2021 00:43:57.266,6.30545,6.30447,1,1.5
16.08.2021 00:44:05.119,6.30548,6.30446,1.5,1.5
16.08.2021 00:44:05.272,6.305440000000001,6.30441,1.5,1.5
16.08.2021 00:44:05.504,6.30545,6.3044,1.5,1.5
16.08.2021 00:44:05.956,6.30529,6.3043000000000005,1,1.5
16.08.2021 00:44:06.137,6.30529,6.3043000000000005,1,1.5
16.08.2021 00:44:15.202,6.305230000000001,6.3042300000000004,1.5,1
16.08.2021 00:44:20.769,6.30517,6.304200000000001,1.5,1.5
16.08.2021 00:44:30.485,6.305280000000001,6.304250000000001,1.5,1.5
16.08.2021 00:44:34.369,6.30532,6.3044,1.5,1.5
16.08.2021 00:44:34.532,6.30531,6.30436,1.5,1.5
16.08.2021 00:44:36.276,6.30531,6.30431,1.5,1.5
16.08.2021 00:44:50.727,6.30531,6.3043000000000005,1.5,1.5
16.08.2021 00:44:50.945,6.30527,6.304250000000001,1,1.5
16.08.2021 00:44:51.431,6.305280000000001,6.304250000000001,1.5,1.5
16.08.2021 00:45:09.742,6.305280000000001,6.304250000000001,1.5,1.5
16.08.2021 00:45:10.181,6.305230000000001,6.304200000000001,1.5,1.5
16.08.2021 00:45:15.271,6.305280000000001,6.304250000000001,1.5,1.5
16.08.2021 00:45:31.271,6.30516,6.30419,1.5,1.5
16.08.2021 00:45:47.954,6.30516,6.30419,1.5,1.5
16.08.2021 00:45:49.450,6.30516,6.304130000000001,1.5,1.5
16.08.2021 00:45:49.663,6.30507,6.3040400000000005,1.62,1.5
16.08.2021 00:45:50.240,6.305040000000001,6.304030000000001,1,1.5
16.08.2021 00:45:54.111,6.30496,6.3040400000000005,1.5,1.5
16.08.2021 00:45:58.179,6.30497,6.30392,1.5,1
16.08.2021 00:46:32.617,6.30502,6.303980000000001,1.5,1.5
16.08.2021 00:46:32.771,6.3051,6.30409,1,1.5
16.08.2021 00:46:33.269,6.3051,6.30409,1,1.5
16.08.2021 00:46:41.270,6.305130000000001,6.304080000000001,1.5,1.5
16.08.2021 00:46:53.596,6.30496,6.30409,1,1.5
16.08.2021 00:46:58.117,6.30515,6.30414,1.5,1.5
16.08.2021 00:47:04.903,6.30515,6.304200000000001,1.5,1.5
16.08.2021 00:47:06.265,6.30515,6.304250000000001,1.5,1.5
16.08.2021 00:47:12.282,6.30515,6.304200000000001,1,1.5
16.08.2021 00:47:12.483,6.30515,6.304200000000001,1,1.5
16.08.2021 00:47:16.565,6.30524,6.30419,1.5,1.5
16.08.2021 00:47:53.438,6.30515,6.304200000000001,1.5,1.5
16.08.2021 00:48:30.269,6.30515,6.304200000000001,1.5,1.5
16.08.2021 00:48:32.969,6.30516,6.304130000000001,1.5,1.5
16.08.2021 00:48:38.400,6.30515,6.30414,1.5,1.5
16.08.2021 00:48:54.129,6.305140000000001,6.304180000000001,1.5,1.5
16.08.2021 00:48:54.329,6.30502,6.304130000000001,1,1.5
16.08.2021 00:48:54.530,6.30494,6.30412,1.5,1.5
16.08.2021 00:48:54.733,6.304930000000001,6.304130000000001,1.5,1.5
16.08.2021 00:49:01.064,6.304930000000001,6.304080000000001,1.5,1.5
16.08.2021 00:49:01.218,6.304930000000001,6.304080000000001,1.5,1.5
16.08.2021 00:49:01.769,6.304930000000001,6.30397,1.5,1.5
16.08.2021 00:49:02.795,6.304930000000001,6.304030000000001,1.5,1.5
16.08.2021 00:49:03.272,6.30494,6.30402,1.5,1.5
16.08.2021 00:49:03.472,6.304930000000001,6.304030000000001,1.5,1.5
16.08.2021 00:49:38.943,6.304790000000001,6.30393,1,1
16.08.2021 00:49:39.044,6.30476,6.3037600000000005,1,1.5
16.08.2021 00:49:39.145,6.30471,6.3037,1.5,1.5
16.08.2021 00:49:39.532,6.30471,6.3037,1.5,1.5
16.08.2021 00:49:40.883,6.30463,6.3037,1.5,1.5
16.08.2021 00:49:48.269,6.30464,6.30365,1.5,1.5
16.08.2021 00:49:56.269,6.30463,6.30365,1.5,1.5
16.08.2021 00:50:04.431,6.30467,6.303640000000001,1.5,1.5
16.08.2021 00:50:14.524,6.30463,6.30365,1,1.5
16.08.2021 00:50:14.625,6.30477,6.304180000000001,1,1
16.08.2021 00:50:14.676,6.30487,6.304080000000001,1.5,1
16.08.2021 00:50:14.726,6.30487,6.30424,1,1.5
16.08.2021 00:50:14.849,6.305090000000001,6.30424,1,1.5
16.08.2021 00:50:14.950,6.30524,6.304290000000001,2,1.5
16.08.2021 00:50:15.151,6.30524,6.3044,1,1.5
16.08.2021 00:50:15.279,6.30536,6.304390000000001,1.5,1.5
16.08.2021 00:50:16.988,6.305400000000001,6.3045,1.5,1.5
16.08.2021 00:50:26.047,6.30539,6.3045100000000005,1.5,1.5
16.08.2021 00:50:35.270,6.30545,6.3045100000000005,1,1.5
16.08.2021 00:50:40.148,6.30541,6.3044400000000005,1.5,1.5
16.08.2021 00:50:40.329,6.30541,6.3044400000000005,1.5,1.5
16.08.2021 00:50:43.358,6.305400000000001,6.30445,1.5,1.5
16.08.2021 00:50:43.586,6.30546,6.3045100000000005,1.5,1.5
16.08.2021 00:50:58.770,6.305400000000001,6.3045,1.5,1.5
16.08.2021 00:51:09.482,6.305400000000001,6.3044400000000005,1.5,1.5
16.08.2021 00:51:09.583,6.30531,6.3044,1,1.5
16.08.2021 00:51:09.684,6.3052,6.3042300000000004,1.5,1.62
16.08.2021 00:51:09.785,6.3051900000000005,6.30424,1.5,1.12
16.08.2021 00:51:09.935,6.305040000000001,6.30407,1.5,1.5
16.08.2021 00:51:10.087,6.30503,6.304080000000001,1.5,1.5
16.08.2021 00:51:16.269,6.305040000000001,6.30407,1.5,1.5
16.08.2021 00:51:16.437,6.30517,6.304180000000001,1,1.5
16.08.2021 00:51:22.270,6.305230000000001,6.304250000000001,1.5,1.5
16.08.2021 00:51:30.764,6.305230000000001,6.30424,1.5,1.5
16.08.2021 00:51:32.276,6.3053,6.304290000000001,1.5,1.5
16.08.2021 00:51:32.482,6.305350000000001,6.30435,1.5,1.5
16.08.2021 00:51:37.770,6.30541,6.30445,1.5,1.5
16.08.2021 00:51:37.972,6.30541,6.30445,1.5,1.5
16.08.2021 00:51:43.448,6.30551,6.3045100000000005,1.5,1.5
16.08.2021 00:51:55.584,6.30552,6.3045100000000005,1.5,1.5
16.08.2021 00:52:01.228,6.30548,6.30445,1.5,1.5
16.08.2021 00:52:01.428,6.30547,6.30446,1.5,1.5
16.08.2021 00:52:03.698,6.30556,6.30462,1.12,1.5
16.08.2021 00:52:03.954,6.30556,6.30473,1,1.5
16.08.2021 00:52:04.311,6.30578,6.30472,1,1.5
16.08.2021 00:52:05.665,6.30556,6.30473,1.12,1.5
16.08.2021 00:52:05.880,6.30556,6.30467,1.5,1.5
16.08.2021 00:52:07.132,6.30574,6.30477,1.5,1.5
16.08.2021 00:52:16.770,6.305680000000001,6.30473,1.5,1.5
16.08.2021 00:52:24.270,6.30579,6.304830000000001,1.5,1.5
16.08.2021 00:52:28.876,6.305840000000001,6.30489,1.5,1.5
16.08.2021 00:52:29.031,6.305840000000001,6.30489,1.5,1.5
16.08.2021 00:52:34.229,6.305840000000001,6.30489,1.5,1.5
16.08.2021 00:52:36.202,6.30579,6.304830000000001,1.5,1.5
16.08.2021 00:52:36.415,6.30577,6.304830000000001,1,1.5
16.08.2021 00:52:43.181,6.30574,6.304830000000001,1.5,1.5
16.08.2021 00:52:44.641,6.30574,6.30489,1.5,1.5
16.08.2021 00:52:46.076,6.30574,6.30489,1.5,1.5
16.08.2021 00:52:48.607,6.305890000000001,6.30494,1.5,1.5
16.08.2021 00:52:48.895,6.305890000000001,6.30494,1.5,1.5
16.08.2021 00:52:49.095,6.305840000000001,6.30489,1.5,1.5
16.08.2021 00:52:49.254,6.305840000000001,6.30489,1.5,1.5
16.08.2021 00:52:49.823,6.3059,6.305000000000001,1.5,1.5
16.08.2021 00:52:50.024,6.3059,6.305000000000001,1.5,1.5
16.08.2021 00:52:54.396,6.3059,6.3050500000000005,1.5,1.5
16.08.2021 00:53:00.314,6.3059,6.3050500000000005,1.5,1.5
16.08.2021 00:53:02.839,6.3059,6.305000000000001,1.5,1.5
16.08.2021 00:53:02.943,6.3059,6.305000000000001,1.5,1.5
16.08.2021 00:53:06.944,6.30565,6.304930000000001,1,1.5
16.08.2021 00:53:06.995,6.30564,6.30494,1,1.5
16.08.2021 00:53:07.553,6.30565,6.304880000000001,1,1.5
16.08.2021 00:53:09.115,6.30564,6.30489,1,1.5
16.08.2021 00:53:09.818,6.30564,6.30489,1,1.5
16.08.2021 00:53:10.002,6.30564,6.30489,1,1.5
16.08.2021 00:53:10.507,6.30565,6.304880000000001,1,1.5
16.08.2021 00:53:11.106,6.30565,6.304880000000001,1,1.5
16.08.2021 00:53:11.345,6.30564,6.30489,1,1.5
16.08.2021 00:53:12.333,6.30564,6.30489,1,1.5
16.08.2021 00:53:12.721,6.30564,6.30489,1,1.5
16.08.2021 00:53:14.720,6.3058000000000005,6.30489,1.5,1.5
16.08.2021 00:53:14.861,6.3058000000000005,6.30494,1.5,1.5
16.08.2021 00:53:14.962,6.3058000000000005,6.30494,1.5,1.5
16.08.2021 00:53:15.952,6.3058000000000005,6.30489,1.5,1.5
16.08.2021 00:53:16.161,6.3058000000000005,6.30489,1.5,1.5
16.08.2021 00:53:20.789,6.30578,6.304830000000001,1.5,1.5
16.08.2021 00:53:20.940,6.3056600000000005,6.30477,1,1.5
16.08.2021 00:53:20.990,6.3056600000000005,6.30472,1.5,1.5
16.08.2021 00:53:26.947,6.30567,6.30471,1.5,1.5
16.08.2021 00:53:30.794,6.305680000000001,6.30472,1.5,1.5
16.08.2021 00:53:30.999,6.30557,6.30461,1.5,1.5
16.08.2021 00:53:32.679,6.30562,6.30467,1.5,1.5
16.08.2021 00:53:32.881,6.30569,6.30471,1.5,1.5
16.08.2021 00:53:33.084,6.30578,6.304830000000001,1.5,1.5
16.08.2021 00:53:33.287,6.30578,6.304830000000001,1.5,1.5
16.08.2021 00:53:39.527,6.30578,6.304830000000001,1.5,1.5
16.08.2021 00:53:45.172,6.3057300000000005,6.30477,1.5,1.5
16.08.2021 00:53:50.270,6.3057300000000005,6.30477,1.5,1.5
16.08.2021 00:54:03.417,6.3056600000000005,6.304830000000001,1,1.5
16.08.2021 00:54:03.468,6.30579,6.30482,1.5,1.5
16.08.2021 00:54:03.618,6.30578,6.304830000000001,1.5,1.5
16.08.2021 00:54:04.167,6.30582,6.304880000000001,1.5,1.5
16.08.2021 00:54:05.227,6.30582,6.304880000000001,1.5,1.5
16.08.2021 00:54:05.771,6.30582,6.30494,1.5,1.5
16.08.2021 00:54:09.292,6.30582,6.304880000000001,1.5,1.5
16.08.2021 00:54:09.452,6.30582,6.304880000000001,1.5,1.5
16.08.2021 00:54:10.198,6.30582,6.304880000000001,1.5,1.5
16.08.2021 00:54:10.352,6.30579,6.30482,1.5,1.5
16.08.2021 00:54:12.913,6.3057300000000005,6.30477,1.62,1.5
16.08.2021 00:54:13.290,6.3057300000000005,6.304830000000001,1,1.5
16.08.2021 00:54:14.189,6.30577,6.304830000000001,1,1.5
16.08.2021 00:54:16.634,6.30578,6.304830000000001,1.62,1.5
16.08.2021 00:54:16.806,6.30578,6.304830000000001,1.62,1.5
16.08.2021 00:54:17.017,6.3057300000000005,6.30477,1.5,1.5
16.08.2021 00:54:17.168,6.3055,6.30467,1,1.5
16.08.2021 00:54:17.319,6.3055,6.30467,1.5,1.5
16.08.2021 00:54:17.487,6.3055,6.30467,1.5,1.5
16.08.2021 00:54:19.272,6.3055,6.30456,1.5,1.5
16.08.2021 00:54:21.174,6.30541,6.30445,1.5,1.5
16.08.2021 00:54:21.326,6.30541,6.30445,1.5,1.5
16.08.2021 00:54:32.554,6.3055,6.30456,1.5,1.5
16.08.2021 00:54:35.285,6.30557,6.30461,1.5,1.5
16.08.2021 00:54:37.270,6.30552,6.30456,1.5,1.5
16.08.2021 00:54:44.766,6.30552,6.30456,1.5,1.5
16.08.2021 00:54:48.170,6.3055,6.30456,1.5,1.5
16.08.2021 00:54:48.631,6.3055,6.30456,1.5,1.5
16.08.2021 00:54:48.792,6.3055,6.30463,1,1.5
16.08.2021 00:54:50.548,6.30557,6.30463,1.12,1.62
16.08.2021 00:54:52.770,6.30557,6.30463,1,1.62
16.08.2021 00:54:53.593,6.30564,6.30477,1.5,1.5
16.08.2021 00:54:55.811,6.30565,6.3049800000000005,1,1.5
16.08.2021 00:54:56.615,6.3059400000000005,6.30499,1.5,1.5
16.08.2021 00:55:00.033,6.305750000000001,6.30499,1,1.5
16.08.2021 00:55:00.084,6.30574,6.30482,1.5,1
16.08.2021 00:55:00.234,6.30556,6.30487,1,1
16.08.2021 00:55:00.335,6.305840000000001,6.30499,1.5,1.5
16.08.2021 00:55:00.385,6.305840000000001,6.30499,1,1.5
16.08.2021 00:55:00.536,6.30599,6.305040000000001,1.5,1.5
16.08.2021 00:55:00.966,6.306080000000001,6.30525,1,1
16.08.2021 00:55:01.016,6.306150000000001,6.3052600000000005,1.5,1.5
16.08.2021 00:55:01.224,6.306150000000001,6.3052,1.5,1.5
16.08.2021 00:55:01.523,6.306150000000001,6.3052,1.5,1.5
16.08.2021 00:55:01.754,6.30611,6.30515,1.5,1.5
16.08.2021 00:55:02.371,6.306,6.305040000000001,1.5,1.5
16.08.2021 00:55:03.914,6.30596,6.30502,1.5,1.5
16.08.2021 00:55:08.408,6.30596,6.30503,1.5,1.5
16.08.2021 00:55:10.004,6.30605,6.30507,1.5,1.5
16.08.2021 00:55:10.159,6.30604,6.30508,1.5,1.5
16.08.2021 00:55:12.005,6.30604,6.30508,1.5,1.5
16.08.2021 00:55:15.890,6.306030000000001,6.30508,1.5,1.5
16.08.2021 00:55:15.940,6.3059400000000005,6.30508,1,1.5
16.08.2021 00:55:22.583,6.3059400000000005,6.30502,1.5,1.5
16.08.2021 00:55:23.607,6.3059400000000005,6.30502,1.5,1.5
16.08.2021 00:55:23.718,6.30592,6.30497,1.5,1.5
16.08.2021 00:55:23.824,6.30576,6.30481,1.5,1.5
16.08.2021 00:55:23.986,6.30576,6.30481,2,1.5
16.08.2021 00:55:25.197,6.30577,6.3048,2,1.5
16.08.2021 00:55:39.663,6.30576,6.30482,1.5,1.5
16.08.2021 00:55:40.126,6.30576,6.30482,1.5,1.5
16.08.2021 00:55:49.505,6.30578,6.30481,1.5,1.5
16.08.2021 00:55:49.708,6.30582,6.30487,1.5,1.5
16.08.2021 00:55:51.610,6.30577,6.30482,1.5,1.5
16.08.2021 00:55:53.408,6.30572,6.30477,1.5,1.5
16.08.2021 00:55:55.046,6.305530000000001,6.30471,1,1.5
16.08.2021 00:55:55.179,6.305530000000001,6.30463,1,1
16.08.2021 00:55:55.334,6.305540000000001,6.30459,1.5,1.5
16.08.2021 00:55:55.552,6.3055,6.30455,1.5,1.5
16.08.2021 00:55:57.958,6.30537,6.3045,1,1.5
16.08.2021 00:55:58.009,6.30537,6.3045,1,1.5
16.08.2021 00:56:07.912,6.30545,6.3045,1.5,1.5
16.08.2021 00:56:08.013,6.30541,6.304430000000001,1.5,1.5
16.08.2021 00:56:08.182,6.305400000000001,6.3044400000000005,1.5,1.5
16.08.2021 00:56:08.536,6.30551,6.30454,1.5,1.5
16.08.2021 00:56:16.610,6.30545,6.3045,1.5,1.5
16.08.2021 00:56:21.155,6.30539,6.3044400000000005,1,1.5
16.08.2021 00:56:21.285,6.30534,6.304390000000001,1.5,1.5
16.08.2021 00:56:23.379,6.30534,6.304390000000001,1.12,1.5
16.08.2021 00:56:35.977,6.30538,6.30449,1.5,1.5
16.08.2021 00:56:36.441,6.30537,6.3045,1.5,1.5
16.08.2021 00:56:39.159,6.305350000000001,6.304390000000001,1.5,1.5
16.08.2021 00:56:39.283,6.3052,6.304340000000001,1,1.5
16.08.2021 00:56:39.334,6.3052,6.304340000000001,1.5,1
16.08.2021 00:56:41.052,6.3052,6.304290000000001,1.5,1.5
16.08.2021 00:56:41.103,6.30521,6.30428,1.5,1.5
16.08.2021 00:56:41.252,6.3052,6.304290000000001,1,1.5
16.08.2021 00:56:41.454,6.30521,6.30428,1.12,1.5
16.08.2021 00:56:53.497,6.30536,6.304380000000001,1.5,1.5
16.08.2021 00:56:53.678,6.305350000000001,6.304390000000001,1.5,1.5
16.08.2021 00:56:53.896,6.305350000000001,6.304390000000001,1.5,1.5
16.08.2021 00:57:10.864,6.30541,6.3044400000000005,1.5,1.5
16.08.2021 00:57:15.292,6.30547,6.30449,1.5,1.5
16.08.2021 00:57:22.053,6.30551,6.30455,1.5,1.5
16.08.2021 00:57:22.336,6.3055,6.30455,1.5,1.5
16.08.2021 00:57:29.771,6.30539,6.3045,1.5,1.5
16.08.2021 00:57:30.173,6.30539,6.30441,1.5,1.5
16.08.2021 00:57:41.233,6.30538,6.30433,1.5,1.5
16.08.2021 00:57:41.434,6.3053,6.30428,1,1.5
16.08.2021 00:57:41.793,6.3052,6.30427,1.5,1.5
16.08.2021 00:57:45.863,6.3051900000000005,6.30427,1.12,1.5
16.08.2021 00:57:50.141,6.3052,6.30426,1.5,1.5
16.08.2021 00:57:50.343,6.30524,6.30427,1.5,1.5
16.08.2021 00:57:56.928,6.305140000000001,6.30422,1.5,1
16.08.2021 00:58:07.835,6.30521,6.3042300000000004,1.5,1.62
16.08.2021 00:58:47.136,6.3051900000000005,6.3042300000000004,1.5,1.5
16.08.2021 00:58:49.766,6.3051900000000005,6.3042300000000004,1.5,1.62
16.08.2021 00:59:00.690,6.3051900000000005,6.3042300000000004,1.5,1.62
16.08.2021 00:59:25.868,6.30517,6.30414,1,1.5
16.08.2021 00:59:54.384,6.30517,6.30417,1,1.5
16.08.2021 00:59:54.535,6.3049800000000005,6.30396,1,1.5
16.08.2021 00:59:54.585,6.304930000000001,6.30393,1,1
16.08.2021 00:59:55.434,6.30492,6.30384,1.5,1.5
16.08.2021 01:00:04.019,6.30496,6.30397,1.5,1.5
16.08.2021 01:00:04.446,6.30508,6.30402,1,1.5
16.08.2021 01:00:04.681,6.30503,6.303980000000001,1.5,1.5
16.08.2021 01:00:05.321,6.30503,6.303980000000001,1.5,1.5
16.08.2021 01:00:05.640,6.30508,6.304030000000001,1.5,1.5
16.08.2021 01:00:05.867,6.305140000000001,6.304130000000001,1.5,1.62
16.08.2021 01:00:06.085,6.305140000000001,6.304250000000001,1,1.5
16.08.2021 01:00:11.999,6.305140000000001,6.30419,1.5,1.5
16.08.2021 01:00:17.987,6.305230000000001,6.304200000000001,1,1.5
16.08.2021 01:00:18.189,6.305090000000001,6.3040400000000005,1.5,1.5
16.08.2021 01:00:19.963,6.3049100000000005,6.303990000000001,1.12,1.5
16.08.2021 01:00:20.145,6.3049100000000005,6.303990000000001,1.5,1.5
16.08.2021 01:00:20.316,6.30492,6.303980000000001,1.5,1.5
16.08.2021 01:00:32.211,6.3049100000000005,6.30393,1.5,1.62
16.08.2021 01:00:35.376,6.30499,6.30392,1.5,1.62
16.08.2021 01:00:51.377,6.3049100000000005,6.303980000000001,1.5,1.5
16.08.2021 01:00:51.618,6.3049100000000005,6.303980000000001,1.5,1.5
16.08.2021 01:00:58.003,6.304930000000001,6.30386,1.5,1.5
16.08.2021 01:00:59.271,6.30492,6.30387,1.5,1.5
16.08.2021 01:01:23.993,6.3049100000000005,6.30392,1.5,1.5
16.08.2021 01:01:31.267,6.30494,6.30392,1,1.62
16.08.2021 01:01:32.377,6.30492,6.30392,1,1.62
16.08.2021 01:01:33.198,6.3049800000000005,6.30393,1.62,1.62
16.08.2021 01:01:33.399,6.30499,6.30392,1.62,1.62
16.08.2021 01:01:35.269,6.3049100000000005,6.30393,1.5,1.62
16.08.2021 01:01:38.888,6.30492,6.30391,1.5,1.5
16.08.2021 01:01:41.324,6.30492,6.30392,1.5,1
16.08.2021 01:01:41.721,6.3049100000000005,6.303980000000001,1.5,1.5
16.08.2021 01:01:42.789,6.3049100000000005,6.303980000000001,1.5,1.5
16.08.2021 01:01:43.510,6.30507,6.304030000000001,1,1.5
16.08.2021 01:01:43.710,6.305090000000001,6.30402,1.5,1.5
16.08.2021 01:01:43.911,6.30508,6.304030000000001,1.5,1.5
16.08.2021 01:01:44.559,6.30507,6.304030000000001,1.5,1.5
16.08.2021 01:01:46.184,6.30507,6.304130000000001,1.5,1.5
16.08.2021 01:01:53.768,6.30507,6.304180000000001,1.5,1.5
16.08.2021 01:01:58.635,6.30516,6.30419,1.5,1.5
16.08.2021 01:01:58.894,6.305230000000001,6.304290000000001,1.5,1.5
16.08.2021 01:01:59.253,6.30524,6.30433,1.5,1.5
16.08.2021 01:02:00.590,6.305230000000001,6.304340000000001,1.5,1.5
16.08.2021 01:02:00.760,6.305350000000001,6.304390000000001,1,1.5
16.08.2021 01:02:00.960,6.305350000000001,6.304390000000001,1,1.5
16.08.2021 01:02:01.120,6.30527,6.304380000000001,1.5,1.5
16.08.2021 01:02:02.274,6.3052600000000005,6.304290000000001,2,1.5
16.08.2021 01:02:07.738,6.30527,6.30428,2,1.5
16.08.2021 01:02:27.008,6.3052600000000005,6.304290000000001,2,1.5
16.08.2021 01:02:32.101,6.3052600000000005,6.304290000000001,2,1.5
16.08.2021 01:02:32.770,6.3052600000000005,6.304290000000001,2,1.5
16.08.2021 01:02:45.696,6.30521,6.3042300000000004,1.5,1.5
16.08.2021 01:02:45.833,6.30515,6.304180000000001,1.5,1.5
16.08.2021 01:02:48.271,6.30515,6.304180000000001,1.5,1.5
16.08.2021 01:03:01.999,6.30521,6.3042300000000004,1.5,1.5
16.08.2021 01:03:03.404,6.30521,6.3042300000000004,1.5,1.5
16.08.2021 01:03:15.278,6.30521,6.3042300000000004,1.5,1.5
16.08.2021 01:03:21.572,6.30515,6.304180000000001,1.5,1.5
16.08.2021 01:03:21.773,6.30507,6.30407,1,1.5
16.08.2021 01:03:25.804,6.305040000000001,6.30407,1.5,1.5
16.08.2021 01:03:27.267,6.305040000000001,6.30407,1.5,1.5
16.08.2021 01:03:31.640,6.3050500000000005,6.30406,1.5,1.5
16.08.2021 01:03:31.844,6.305040000000001,6.30407,1.5,1.5
16.08.2021 01:03:34.114,6.305040000000001,6.30407,1.5,1.5
16.08.2021 01:03:34.398,6.30499,6.30402,1.5,1.5
16.08.2021 01:03:57.366,6.30494,6.30396,1.5,1.5
16.08.2021 01:03:57.533,6.30494,6.30396,1.5,1.5
16.08.2021 01:03:58.906,6.30494,6.30396,1.5,1.5
16.08.2021 01:04:07.220,6.305000000000001,6.30401,1.5,1.5
16.08.2021 01:04:11.076,6.305040000000001,6.30407,1.5,1.5
16.08.2021 01:04:11.243,6.30499,6.30402,1.5,1.5
16.08.2021 01:04:14.345,6.30494,6.30396,1.5,1.5
16.08.2021 01:04:14.999,6.30494,6.30396,1.5,1.5
16.08.2021 01:04:18.665,6.30499,6.30402,1.5,1.5
16.08.2021 01:04:22.267,6.30494,6.30396,1.5,1.5
16.08.2021 01:04:23.094,6.304880000000001,6.30391,1.5,1.5
16.08.2021 01:04:37.771,6.3049100000000005,6.30396,1.5,1.5
16.08.2021 01:04:39.828,6.3049100000000005,6.30396,1.5,1.5
16.08.2021 01:04:45.405,6.304950000000001,6.30395,1.5,1.5
16.08.2021 01:04:53.345,6.30508,6.3041100000000005,1.62,1
16.08.2021 01:04:53.496,6.30521,6.304180000000001,1.5,1.5
16.08.2021 01:04:53.546,6.30522,6.304340000000001,1.5,1
16.08.2021 01:04:53.697,6.30522,6.304340000000001,1.5,1.5
16.08.2021 01:04:53.906,6.30531,6.304290000000001,1.5,1.5
16.08.2021 01:05:01.271,6.30537,6.304340000000001,1.62,1.5
16.08.2021 01:05:03.078,6.30537,6.304340000000001,1.62,1.5
16.08.2021 01:05:03.282,6.30542,6.304390000000001,1.5,1.5
16.08.2021 01:05:08.770,6.30542,6.304390000000001,1.5,1.5
16.08.2021 01:05:10.060,6.30542,6.304390000000001,1.5,1.5
16.08.2021 01:05:10.260,6.30543,6.304380000000001,1.5,1.5
16.08.2021 01:05:10.512,6.30547,6.3044400000000005,1.62,1.5
16.08.2021 01:05:36.377,6.30542,6.304390000000001,1.5,1.5
16.08.2021 01:05:39.821,6.30537,6.304390000000001,1,1.5
16.08.2021 01:05:39.974,6.30537,6.304390000000001,1,1.5
16.08.2021 01:05:41.037,6.30536,6.30433,1.5,1.5
16.08.2021 01:05:41.244,6.30536,6.30433,1.5,1.5
16.08.2021 01:05:45.442,6.30536,6.30433,1.5,1.5
16.08.2021 01:05:46.991,6.3052600000000005,6.3042300000000004,1.5,1.5
16.08.2021 01:06:01.073,6.3052,6.30417,1.5,1.5
16.08.2021 01:06:01.280,6.30499,6.30396,1.5,1.5
16.08.2021 01:06:01.447,6.305000000000001,6.30395,1.5,1.5
16.08.2021 01:06:03.270,6.305000000000001,6.30395,1.5,1.5
16.08.2021 01:06:19.271,6.305000000000001,6.30395,1.5,1.5
16.08.2021 01:06:25.048,6.3049,6.30396,1.5,1.5
16.08.2021 01:06:35.609,6.3049,6.30401,1.5,1.5
16.08.2021 01:07:05.771,6.3049,6.30401,1.5,1.5
16.08.2021 01:07:13.771,6.3049,6.30396,1.5,1.5
16.08.2021 01:07:17.548,6.30494,6.3039000000000005,1.5,1.5
16.08.2021 01:07:17.758,6.30489,6.30384,1.5,1.5
16.08.2021 01:07:17.959,6.30472,6.3036900000000005,1.5,1.5
16.08.2021 01:07:55.037,6.30467,6.303640000000001,1.5,1.5
16.08.2021 01:08:25.313,6.30472,6.3036900000000005,1.5,1.5
16.08.2021 01:08:26.111,6.30472,6.3036900000000005,1.5,1.5
16.08.2021 01:08:31.770,6.304780000000001,6.30374,1.5,1.5
16.08.2021 01:08:32.115,6.304780000000001,6.30374,1.5,1.5
16.08.2021 01:08:32.314,6.3048,6.303800000000001,1,1.5
16.08.2021 01:08:41.984,6.304790000000001,6.303730000000001,1.5,1.5
16.08.2021 01:08:44.816,6.304830000000001,6.303800000000001,1.5,1.5
16.08.2021 01:08:44.967,6.30484,6.30382,1.5,1.5
16.08.2021 01:08:45.067,6.304880000000001,6.30396,1,1.5
16.08.2021 01:08:49.271,6.304930000000001,6.30396,1.5,1.5
16.08.2021 01:08:55.267,6.304930000000001,6.30396,1.5,1.5
16.08.2021 01:08:55.571,6.304930000000001,6.30396,1.5,1.5
16.08.2021 01:09:01.349,6.30494,6.30393,1.5,1
16.08.2021 01:09:10.771,6.304950000000001,6.303890000000001,1.5,1.5
16.08.2021 01:09:44.668,6.304880000000001,6.303850000000001,1.5,1.5
16.08.2021 01:10:02.062,6.30494,6.3039000000000005,1.5,1.5
16.08.2021 01:10:05.271,6.304950000000001,6.303890000000001,1.5,1.5
16.08.2021 01:10:08.939,6.304950000000001,6.303890000000001,1.5,1.5
16.08.2021 01:10:09.145,6.30487,6.3039000000000005,1,1.5
16.08.2021 01:10:09.983,6.30487,6.3039000000000005,1,1.5
16.08.2021 01:10:10.184,6.304830000000001,6.303800000000001,1.5,1.5
16.08.2021 01:10:12.578,6.30472,6.3036900000000005,1.5,1.5
16.08.2021 01:10:13.270,6.30467,6.303640000000001,1.62,1.5
16.08.2021 01:10:18.114,6.30467,6.303640000000001,1.62,1.5
16.08.2021 01:10:28.771,6.30466,6.303640000000001,1,1.5
16.08.2021 01:10:45.978,6.30467,6.303640000000001,1.62,1.5
16.08.2021 01:10:49.410,6.30468,6.303630000000001,1.62,1.5
16.08.2021 01:10:52.471,6.30467,6.303640000000001,1.62,1.5
16.08.2021 01:10:59.771,6.30467,6.303640000000001,1.62,1.5
16.08.2021 01:11:02.805,6.30468,6.303680000000001,1,1.5
16.08.2021 01:11:07.792,6.30467,6.3036900000000005,1,1.5
16.08.2021 01:11:09.682,6.30454,6.303640000000001,1.5,1.5
16.08.2021 01:11:09.858,6.30455,6.30357,1.5,1.5
16.08.2021 01:11:14.147,6.30454,6.30358,1.5,1.5
16.08.2021 01:11:14.348,6.30454,6.30358,1.5,1.5
16.08.2021 01:11:39.535,6.30462,6.30358,1.5,1.5
16.08.2021 01:11:40.480,6.3045100000000005,6.30347,1.5,1.5
16.08.2021 01:11:48.458,6.30445,6.3034300000000005,1.5,1.5
16.08.2021 01:11:58.748,6.304390000000001,6.3033600000000005,1.5,1.5
16.08.2021 01:11:58.849,6.30422,6.30321,1,1.5
16.08.2021 01:11:58.899,6.304180000000001,6.30321,1,1.5
16.08.2021 01:11:59.110,6.30414,6.303100000000001,1.5,1.5
16.08.2021 01:12:05.213,6.30401,6.30311,1.5,1.5
16.08.2021 01:12:05.415,6.30401,6.303050000000001,1.5,1.5
16.08.2021 01:12:10.270,6.30401,6.303050000000001,1.5,1.5
16.08.2021 01:12:10.623,6.30401,6.303050000000001,1.5,1.5
16.08.2021 01:12:10.875,6.30397,6.30295,1.62,1.5
16.08.2021 01:12:11.043,6.30402,6.303030000000001,1.5,1.5
16.08.2021 01:12:11.261,6.304130000000001,6.30311,1.5,1.5
16.08.2021 01:12:23.779,6.304130000000001,6.30311,1.5,1.5
16.08.2021 01:12:25.953,6.30417,6.30316,1.5,1.5
16.08.2021 01:12:36.322,6.30417,6.30316,1.5,1.5
16.08.2021 01:13:02.887,6.304130000000001,6.30313,1.5,1
16.08.2021 01:13:03.064,6.303980000000001,6.303050000000001,1.5,1.5
16.08.2021 01:13:03.518,6.303980000000001,6.303050000000001,1.5,1.5
16.08.2021 01:13:04.815,6.303990000000001,6.30304,1.5,1.5
16.08.2021 01:13:07.314,6.303980000000001,6.303050000000001,1.5,1.5
16.08.2021 01:13:18.565,6.303980000000001,6.303,1.5,1.5
16.08.2021 01:13:18.956,6.304080000000001,6.303050000000001,1.5,1.5
16.08.2021 01:13:20.683,6.304130000000001,6.30311,1.62,1.5
16.08.2021 01:13:25.327,6.30419,6.3031500000000005,1.62,1.5
16.08.2021 01:13:28.185,6.304130000000001,6.30313,1.5,1
16.08.2021 01:13:29.012,6.304130000000001,6.30311,1.5,1.5
16.08.2021 01:14:00.366,6.30417,6.30317,1,1.5
16.08.2021 01:14:00.778,6.304200000000001,6.30316,1.5,1.5
16.08.2021 01:14:00.929,6.3043000000000005,6.3034300000000005,1.5,1
16.08.2021 01:14:00.979,6.304390000000001,6.30344,1,1.5
16.08.2021 01:14:03.767,6.30442,6.30349,1.5,1.5
16.08.2021 01:14:05.380,6.30442,6.30346,1.5,1.5
16.08.2021 01:14:07.798,6.30442,6.30346,1.5,1.5
16.08.2021 01:14:08.012,6.30442,6.3034,1.5,1.5
16.08.2021 01:14:10.196,6.30442,6.3034,1.5,1.5
16.08.2021 01:14:42.556,6.30442,6.30353,1,1.5
16.08.2021 01:14:50.781,6.30449,6.303590000000001,1,1.5
16.08.2021 01:14:50.932,6.304530000000001,6.3037,1,1.5
16.08.2021 01:14:51.397,6.30461,6.3037,1.5,1.5
16.08.2021 01:14:52.497,6.30461,6.303590000000001,1.5,1.5
16.08.2021 01:14:52.672,6.3045800000000005,6.30358,1,1.5
16.08.2021 01:15:01.815,6.3045,6.30353,1,1.5
16.08.2021 01:15:02.842,6.3045,6.30353,1,1.5
16.08.2021 01:15:03.048,6.3044400000000005,6.30353,1,1.5
16.08.2021 01:15:05.564,6.30447,6.30352,1,1.5
16.08.2021 01:15:05.729,6.30456,6.303640000000001,1.5,1.5
16.08.2021 01:15:09.272,6.30461,6.3037,1.5,1.5
16.08.2021 01:15:10.927,6.30461,6.3037,1.5,1
16.08.2021 01:15:10.977,6.30456,6.303640000000001,1.5,1.5
16.08.2021 01:15:11.141,6.3044,6.30348,1,1.5
16.08.2021 01:15:16.559,6.30442,6.30348,1,1.5
16.08.2021 01:15:16.791,6.30441,6.30347,2,1.5
16.08.2021 01:15:25.464,6.30433,6.30348,1,1.5
16.08.2021 01:15:39.127,6.30431,6.3034300000000005,1,1.62
16.08.2021 01:15:40.771,6.30435,6.3034300000000005,1,1.62
16.08.2021 01:15:44.100,6.304340000000001,6.30348,1,1.5
16.08.2021 01:15:59.923,6.304390000000001,6.30347,1,1.5
16.08.2021 01:16:01.859,6.3044,6.303590000000001,1.5,1.5
16.08.2021 01:16:05.156,6.30442,6.30348,1,1.5
16.08.2021 01:16:07.960,6.30436,6.3034300000000005,1,1.5
16.08.2021 01:16:14.594,6.304340000000001,6.3034300000000005,1.62,1
16.08.2021 01:16:14.795,6.30424,6.30321,1.5,1.5
16.08.2021 01:16:15.249,6.30422,6.30321,1.5,1.5
16.08.2021 01:16:24.687,6.30414,6.3032,1,1.5
16.08.2021 01:16:26.137,6.30422,6.30332,1.62,1.5
16.08.2021 01:16:26.394,6.30422,6.30337,1,1.5
16.08.2021 01:16:30.839,6.30426,6.30337,1,1.5
16.08.2021 01:16:35.742,6.30428,6.3033600000000005,1,1.5
16.08.2021 01:16:36.925,6.304340000000001,6.3034300000000005,1.5,1.62
16.08.2021 01:16:43.217,6.304380000000001,6.3034300000000005,1.5,1.62
16.08.2021 01:16:57.207,6.3044400000000005,6.3034300000000005,1,1.5
16.08.2021 01:16:57.308,6.304250000000001,6.303330000000001,1,1.62
16.08.2021 01:16:57.459,6.30426,6.30332,1.5,1.62
16.08.2021 01:16:58.817,6.30421,6.303330000000001,1.5,1.5
16.08.2021 01:16:59.019,6.30421,6.303330000000001,1.5,1.5
16.08.2021 01:17:06.355,6.30422,6.30327,1.5,1.5
16.08.2021 01:17:06.555,6.30421,6.30322,1.5,1.5
16.08.2021 01:17:07.219,6.30421,6.30322,1.5,1.5
16.08.2021 01:17:26.065,6.30421,6.30322,1,1.5
16.08.2021 01:17:29.771,6.30416,6.30322,1,1.5
16.08.2021 01:17:36.569,6.30415,6.303230000000001,1,1.5
16.08.2021 01:17:45.392,6.304180000000001,6.30322,1,1.5
16.08.2021 01:18:00.685,6.30419,6.30317,1.62,1.5
16.08.2021 01:18:01.381,6.30419,6.30317,1,1.5
16.08.2021 01:18:02.248,6.30415,6.30317,1,1.5
16.08.2021 01:18:05.894,6.30416,6.30317,1,1.5
16.08.2021 01:18:09.485,6.30416,6.30318,1,1.5
16.08.2021 01:18:14.036,6.30419,6.303230000000001,1,1.5
16.08.2021 01:18:16.772,6.30419,6.303230000000001,1,1.5
16.08.2021 01:18:21.021,6.30417,6.303230000000001,1,1.5
16.08.2021 01:18:26.976,6.304250000000001,6.303230000000001,1.5,1.5
16.08.2021 01:18:27.176,6.304250000000001,6.303230000000001,1.5,1.5
16.08.2021 01:18:55.772,6.304130000000001,6.30317,1,1.5
16.08.2021 01:19:01.420,6.30419,6.30317,1.5,1.5
16.08.2021 01:19:13.254,6.30419,6.30317,1.5,1.5
16.08.2021 01:19:13.718,6.30419,6.30317,1.5,1.5
16.08.2021 01:19:19.075,6.304200000000001,6.30327,1.5,1.5
16.08.2021 01:19:39.733,6.30414,6.30322,1.5,1.5
16.08.2021 01:19:39.903,6.304080000000001,6.30317,1.5,1.5
16.08.2021 01:19:47.055,6.30419,6.30317,1.5,1.5
16.08.2021 01:19:49.024,6.304250000000001,6.303230000000001,1.5,1.5
16.08.2021 01:19:52.972,6.304250000000001,6.30322,1.62,1.5
16.08.2021 01:19:54.881,6.304250000000001,6.303330000000001,1.5,1.5
16.08.2021 01:19:54.982,6.304340000000001,6.30344,1,1
16.08.2021 01:19:55.038,6.304340000000001,6.30344,1,1.5
16.08.2021 01:19:55.239,6.304340000000001,6.303540000000001,1,1
16.08.2021 01:19:55.290,6.30435,6.30353,1,1.5
16.08.2021 01:20:00.534,6.30441,6.30349,1,1.5
16.08.2021 01:20:17.511,6.30433,6.30344,1,1.5
16.08.2021 01:20:17.713,6.30426,6.30344,1,1.5
16.08.2021 01:20:17.763,6.30419,6.30344,1,1
16.08.2021 01:20:18.541,6.30419,6.30334,1,1.5
16.08.2021 01:20:21.449,6.304250000000001,6.30334,1.62,1.5
16.08.2021 01:20:32.105,6.3042300000000004,6.30334,1,1.5
16.08.2021 01:20:33.257,6.30426,6.30339,1,1.5
16.08.2021 01:20:34.622,6.304250000000001,6.30334,1.5,1.5
16.08.2021 01:20:35.277,6.30422,6.30334,1,1.5
16.08.2021 01:20:44.771,6.30416,6.303230000000001,1,1.5
16.08.2021 01:21:08.271,6.304250000000001,6.303230000000001,1.62,1.5
16.08.2021 01:21:21.237,6.30419,6.303230000000001,1,1.5
16.08.2021 01:21:21.682,6.30416,6.30317,1.5,1.5
16.08.2021 01:21:21.829,6.303990000000001,6.30318,1,1.5
16.08.2021 01:21:21.934,6.30396,6.30318,1.5,1
16.08.2021 01:21:21.985,6.30396,6.302960000000001,1.5,1.5
16.08.2021 01:21:22.123,6.30396,6.302960000000001,1.5,1.5
16.08.2021 01:21:44.716,6.30396,6.30307,1.5,1.5
16.08.2021 01:21:44.875,6.303980000000001,6.30307,1.5,1.5
16.08.2021 01:21:47.271,6.303990000000001,6.30306,1.5,1.5
16.08.2021 01:21:49.562,6.303980000000001,6.30307,1.5,1.5
16.08.2021 01:21:49.964,6.30397,6.302960000000001,1,1.5
16.08.2021 01:22:09.372,6.30396,6.302960000000001,1.62,1.5
16.08.2021 01:23:01.141,6.30392,6.3029,1.5,1.5
16.08.2021 01:23:44.066,6.30391,6.30291,1,1.5
16.08.2021 01:23:49.748,6.30392,6.302960000000001,1,1.5
16.08.2021 01:24:07.406,6.30396,6.302960000000001,1.5,1.5
16.08.2021 01:24:07.608,6.303990000000001,6.3030100000000004,1,1.5
16.08.2021 01:24:15.272,6.30405,6.30302,1.5,1
16.08.2021 01:24:19.611,6.30416,6.30311,1.5,1.5
16.08.2021 01:24:19.815,6.30415,6.30312,1.5,1.5
16.08.2021 01:24:21.630,6.30414,6.30312,1,1.5
16.08.2021 01:24:21.839,6.30414,6.30318,1,1.5
16.08.2021 01:24:38.772,6.30419,6.30317,1.5,1.5
16.08.2021 01:25:38.978,6.30416,6.303030000000001,1,1
16.08.2021 01:25:44.840,6.3041,6.30307,1.5,1.5
16.08.2021 01:25:45.041,6.303990000000001,6.303030000000001,1.5,1
16.08.2021 01:25:57.953,6.30396,6.302960000000001,1,1.5
16.08.2021 01:26:04.772,6.30393,6.30292,1,1
16.08.2021 01:26:10.171,6.30395,6.30294,1,1.5
16.08.2021 01:26:20.272,6.30397,6.30295,1.5,1.5
16.08.2021 01:26:28.272,6.30392,6.3028900000000005,1.5,1.5
16.08.2021 01:27:18.113,6.303940000000001,6.30291,1.5,1.5
16.08.2021 01:27:18.808,6.30388,6.30286,1.5,1.5
16.08.2021 01:27:19.859,6.3038300000000005,6.30281,1.5,1.5
16.08.2021 01:27:20.061,6.30384,6.30282,1.5,1
16.08.2021 01:27:20.250,6.3038300000000005,6.30283,1.5,1
16.08.2021 01:28:13.810,6.30388,6.30286,1.5,1.5
16.08.2021 01:28:17.285,6.30388,6.30286,1.5,1.5
16.08.2021 01:28:21.527,6.303780000000001,6.30274,1.5,1.5
16.08.2021 01:28:25.287,6.3037600000000005,6.3027500000000005,1,1.5
16.08.2021 01:28:25.953,6.3037600000000005,6.3027500000000005,1,1.5
16.08.2021 01:28:31.110,6.30346,6.302630000000001,1,1
16.08.2021 01:28:31.262,6.30346,6.3026100000000005,1,1.5
16.08.2021 01:28:31.371,6.3036200000000004,6.30266,1.5,1.5
16.08.2021 01:28:31.421,6.303630000000001,6.30265,1.5,1.5
16.08.2021 01:28:53.878,6.303640000000001,6.3026100000000005,1,1.5
16.08.2021 01:28:54.102,6.303640000000001,6.3026100000000005,1,1.5
16.08.2021 01:28:56.272,6.30365,6.30266,1,1.5
16.08.2021 01:29:00.372,6.30366,6.30266,1,1.5
16.08.2021 01:29:01.216,6.30366,6.30266,1,1.5
16.08.2021 01:29:10.613,6.3036200000000004,6.30266,1.5,1.5
16.08.2021 01:29:27.393,6.3036200000000004,6.30266,1.5,1.5
16.08.2021 01:29:35.328,6.303630000000001,6.30271,1.5,1.5
16.08.2021 01:29:36.508,6.3036200000000004,6.30272,1,1.5
16.08.2021 01:29:36.659,6.303780000000001,6.3028,1.5,1.5
16.08.2021 01:29:36.760,6.303780000000001,6.3028,1.5,1.5
16.08.2021 01:29:41.578,6.303780000000001,6.3028,1.5,1.5
16.08.2021 01:29:43.273,6.303780000000001,6.3028,1.5,1.5
16.08.2021 01:29:52.105,6.3038300000000005,6.302790000000001,1.5,1.5
16.08.2021 01:29:52.267,6.303780000000001,6.30274,1.5,1.5
16.08.2021 01:29:52.461,6.30375,6.30266,1.5,1.5
16.08.2021 01:29:52.661,6.30375,6.30266,1.5,1.5
16.08.2021 01:30:00.510,6.303800000000001,6.30272,1.5,1.5
16.08.2021 01:30:00.614,6.303800000000001,6.30273,1.5,1.5
16.08.2021 01:30:00.815,6.30392,6.30281,1.5,1.5
16.08.2021 01:30:01.743,6.30393,6.30291,1.5,1.5
16.08.2021 01:30:06.454,6.30393,6.30291,1.5,1.5
16.08.2021 01:30:15.054,6.303780000000001,6.30291,1.5,1.5
16.08.2021 01:30:15.947,6.3039000000000005,6.30291,1,1.5
16.08.2021 01:30:16.199,6.303780000000001,6.30286,1.5,1.5
16.08.2021 01:30:16.457,6.30388,6.30291,1.5,1.5
16.08.2021 01:30:25.103,6.303780000000001,6.3028,1.5,1.5
16.08.2021 01:30:25.254,6.30375,6.3028,1,1.5
16.08.2021 01:30:29.609,6.3037,6.30266,1,1.5
16.08.2021 01:31:01.272,6.30372,6.30265,1,1.5
16.08.2021 01:31:06.182,6.30356,6.3026,1,1.5
16.08.2021 01:31:06.385,6.30355,6.30256,1,1.5
16.08.2021 01:31:06.565,6.3034300000000005,6.3024000000000004,1.5,1.5
16.08.2021 01:31:08.769,6.3034300000000005,6.3024000000000004,1.5,1.5
16.08.2021 01:31:16.772,6.30341,6.3024000000000004,1,1.5
16.08.2021 01:31:34.151,6.30344,6.3024000000000004,1,1.5
16.08.2021 01:31:34.399,6.303540000000001,6.302530000000001,1.5,1
16.08.2021 01:31:34.580,6.30355,6.30256,1,1.5
16.08.2021 01:31:34.804,6.30355,6.3025,1,1.5
16.08.2021 01:31:34.973,6.30347,6.30245,1,1.5
16.08.2021 01:31:37.183,6.3034300000000005,6.3024000000000004,1.5,1.5
16.08.2021 01:31:40.678,6.30344,6.302390000000001,1.5,1.5
16.08.2021 01:31:40.878,6.3034300000000005,6.3024000000000004,1.5,1.5
16.08.2021 01:31:43.146,6.30344,6.302390000000001,1.5,1.5
16.08.2021 01:31:43.346,6.3034300000000005,6.3024000000000004,1.5,1.5
16.08.2021 01:31:46.651,6.30346,6.3024000000000004,1,1.5
16.08.2021 01:31:49.161,6.30344,6.3024000000000004,1,1.5
16.08.2021 01:31:52.690,6.30346,6.3024000000000004,1,1.5
16.08.2021 01:31:55.772,6.30346,6.3024000000000004,1,1.5
16.08.2021 01:32:01.306,6.3034,6.3024000000000004,1,1.5
16.08.2021 01:32:01.509,6.3034,6.3024000000000004,1,1.5
16.08.2021 01:32:02.519,6.30342,6.3024000000000004,1,1.5
16.08.2021 01:32:02.620,6.30342,6.30252,1,1.5
16.08.2021 01:32:02.771,6.303540000000001,6.30256,1.5,1.5
16.08.2021 01:32:02.979,6.30353,6.30257,1.5,1.5
16.08.2021 01:32:03.179,6.30353,6.30257,1.5,1.5
16.08.2021 01:32:08.444,6.3034300000000005,6.30256,1,1.5
16.08.2021 01:32:08.628,6.30361,6.30256,1.5,1.5
16.08.2021 01:32:08.933,6.3036200000000004,6.30262,1.5,1
16.08.2021 01:32:09.056,6.30361,6.30266,1.5,1.5
16.08.2021 01:32:09.504,6.30361,6.30266,1.5,1.5
16.08.2021 01:32:11.148,6.3036200000000004,6.30262,1.5,1
16.08.2021 01:32:11.471,6.3035000000000005,6.30256,1,1.5
16.08.2021 01:32:12.158,6.30361,6.3026100000000005,1.5,1.5
16.08.2021 01:32:13.543,6.30357,6.30256,1,1.5
16.08.2021 01:32:13.722,6.30357,6.30256,1,1.5
16.08.2021 01:32:19.271,6.30357,6.30256,1,1.5
16.08.2021 01:32:34.820,6.3036200000000004,6.302630000000001,1,1
16.08.2021 01:32:42.272,6.30361,6.302630000000001,1.5,1
16.08.2021 01:32:42.795,6.30361,6.30273,1,1.5
16.08.2021 01:32:42.846,6.3036900000000005,6.30273,1.12,1.5
16.08.2021 01:32:43.053,6.303780000000001,6.30283,1.5,1.5
16.08.2021 01:32:51.200,6.30377,6.30291,1.5,1.5
16.08.2021 01:33:04.279,6.30388,6.30297,1.5,1.5
16.08.2021 01:33:06.596,6.30388,6.30297,1.5,1.5
16.08.2021 01:33:06.796,6.30388,6.30297,1.5,1.5
16.08.2021 01:33:07.938,6.30388,6.30297,1.5,1.5
16.08.2021 01:33:11.351,6.30388,6.30297,1.5,1.5
16.08.2021 01:33:11.659,6.30388,6.30297,1.5,1.5
16.08.2021 01:33:13.772,6.30392,6.303,1.62,1.5
16.08.2021 01:33:14.700,6.30392,6.303,1.5,1.5
16.08.2021 01:33:14.942,6.30392,6.303,1.5,1.5
16.08.2021 01:33:20.382,6.30392,6.303,1.5,1.5
16.08.2021 01:33:21.104,6.30387,6.302930000000001,1,1.62
16.08.2021 01:33:23.322,6.30392,6.30295,1,1.5
16.08.2021 01:33:23.476,6.30392,6.30295,1,1.5
16.08.2021 01:33:25.544,6.30392,6.303,1.5,1.5
16.08.2021 01:33:29.272,6.30393,6.30299,1.5,1.5
16.08.2021 01:33:31.728,6.30392,6.303,1.5,1.5
16.08.2021 01:33:32.386,6.303980000000001,6.30304,1.62,1.5
16.08.2021 01:33:34.584,6.30397,6.303050000000001,1.62,1.5
16.08.2021 01:33:36.336,6.30395,6.303050000000001,1.5,1.5
16.08.2021 01:33:38.114,6.30396,6.30304,1.5,1.5
16.08.2021 01:33:42.724,6.30392,6.303,1.5,1.5
16.08.2021 01:33:42.924,6.30392,6.303,1.5,1.5
16.08.2021 01:33:44.772,6.30392,6.303,1.5,1.5
16.08.2021 01:34:00.019,6.30402,6.30311,1.5,1.5
16.08.2021 01:34:00.848,6.30402,6.30311,1.5,1.5
16.08.2021 01:34:07.028,6.304080000000001,6.30316,1.5,1.5
16.08.2021 01:34:07.184,6.30409,6.3031500000000005,1.5,1.5
16.08.2021 01:34:07.389,6.30409,6.3031500000000005,1.5,1.5
16.08.2021 01:34:10.694,6.30401,6.30316,1,1.5
16.08.2021 01:34:12.371,6.304,6.30311,1,1.5
16.08.2021 01:34:16.272,6.30409,6.3031500000000005,1.5,1.5
16.08.2021 01:34:16.560,6.30402,6.30311,1.62,1.5
16.08.2021 01:34:25.051,6.30397,6.303050000000001,1.5,1.5
16.08.2021 01:34:25.207,6.30393,6.303050000000001,1.5,1.5
16.08.2021 01:34:27.846,6.30393,6.30295,1.5,1.5
16.08.2021 01:34:42.221,6.30393,6.30295,1.5,1.5
16.08.2021 01:34:46.800,6.30393,6.30295,1.5,1.5
16.08.2021 01:34:55.027,6.30387,6.30294,1.5,1.5
16.08.2021 01:35:01.000,6.303850000000001,6.30294,1,1.5
16.08.2021 01:35:01.252,6.30375,6.3028900000000005,1.5,1
16.08.2021 01:35:01.404,6.30375,6.3028900000000005,1.5,1
16.08.2021 01:35:03.309,6.30367,6.30264,1,1.5
16.08.2021 01:35:05.316,6.30365,6.30265,1,1.5
16.08.2021 01:35:05.517,6.30365,6.302630000000001,1,1
16.08.2021 01:35:06.957,6.303590000000001,6.3025400000000005,1.5,1.5
16.08.2021 01:35:09.283,6.303590000000001,6.30266,1.5,1.5
16.08.2021 01:35:11.103,6.3036,6.30265,1.5,1.5
16.08.2021 01:35:12.272,6.303590000000001,6.30271,1.5,1.5
16.08.2021 01:35:14.442,6.303590000000001,6.30271,1.5,1.5
16.08.2021 01:35:16.393,6.303590000000001,6.30271,1.5,1.5
16.08.2021 01:35:25.726,6.30366,6.30277,1,1.5
16.08.2021 01:35:25.889,6.30366,6.30277,1,1.5
16.08.2021 01:35:27.986,6.30367,6.30271,1.5,1.5
16.08.2021 01:35:50.527,6.30367,6.30271,1.5,1.5
16.08.2021 01:35:57.273,6.30367,6.30271,1.5,1.5
16.08.2021 01:36:15.163,6.303680000000001,6.302700000000001,1.5,1.5
16.08.2021 01:36:20.773,6.30367,6.30271,1.5,1.5
16.08.2021 01:36:48.332,6.303780000000001,6.30273,1.5,1
16.08.2021 01:36:50.510,6.303730000000001,6.30265,1.5,1.5
16.08.2021 01:36:50.663,6.303730000000001,6.30265,1.5,1.5
16.08.2021 01:36:51.547,6.303730000000001,6.30265,1.5,1.5
16.08.2021 01:36:55.137,6.303730000000001,6.30265,1.5,1.5
16.08.2021 01:37:17.015,6.3036200000000004,6.30266,1.5,1.5
16.08.2021 01:37:18.129,6.3036200000000004,6.30266,1.5,1.5
16.08.2021 01:37:19.327,6.30356,6.3026100000000005,2,1.5
16.08.2021 01:37:19.538,6.30347,6.30243,1,1.5
16.08.2021 01:37:23.441,6.30347,6.30243,1,1.5
16.08.2021 01:37:32.260,6.30339,6.30243,1.12,1.5
16.08.2021 01:37:32.463,6.30353,6.3026100000000005,1,1.5
16.08.2021 01:37:37.335,6.30355,6.30271,1,1.5
16.08.2021 01:37:38.311,6.30367,6.30271,1.5,1.5
16.08.2021 01:37:39.249,6.30367,6.30271,1.5,1.5
16.08.2021 01:37:39.652,6.30367,6.30271,1.5,1.5
16.08.2021 01:37:40.225,6.30367,6.30271,1.5,1.5
16.08.2021 01:37:40.682,6.30367,6.30271,1.5,1.5
16.08.2021 01:37:42.612,6.30367,6.30271,1.5,1.5
16.08.2021 01:37:47.217,6.303680000000001,6.302700000000001,1.5,1.5
16.08.2021 01:37:48.854,6.30367,6.30271,1,1
16.08.2021 01:37:49.925,6.30367,6.30271,1.5,1.5
16.08.2021 01:38:02.272,6.30367,6.30271,1.5,1.5
16.08.2021 01:38:03.629,6.303680000000001,6.302700000000001,1.5,1.5
16.08.2021 01:38:04.028,6.3037,6.3026800000000005,1.62,1.5
16.08.2021 01:38:04.144,6.3037,6.3026800000000005,1.62,1.5
16.08.2021 01:38:04.550,6.3037,6.3026800000000005,1.62,1.5
16.08.2021 01:38:11.719,6.303640000000001,6.3026800000000005,1,1.5
16.08.2021 01:38:14.384,6.3036900000000005,6.30269,1.5,1.5
16.08.2021 01:38:14.572,6.3036900000000005,6.30269,1.5,1.5
16.08.2021 01:38:15.534,6.30365,6.30259,1,1.5
16.08.2021 01:38:22.076,6.30365,6.30264,1,1.5
16.08.2021 01:38:22.231,6.303640000000001,6.30265,1,1.5
16.08.2021 01:38:22.841,6.303640000000001,6.30265,1,1.5
16.08.2021 01:39:01.228,6.30367,6.3026,1,1.5
16.08.2021 01:39:04.656,6.30365,6.3026,1,1.5
16.08.2021 01:39:04.932,6.30366,6.30264,1,1.5
16.08.2021 01:39:10.721,6.303640000000001,6.30264,1,1.5
16.08.2021 01:39:11.441,6.303630000000001,6.30265,1,1.5
16.08.2021 01:39:14.524,6.30365,6.30265,1,1.5
16.08.2021 01:39:19.587,6.3036900000000005,6.30271,1.5,1.5
16.08.2021 01:39:19.823,6.30379,6.30273,1.5,1.62
16.08.2021 01:39:21.576,6.3038300000000005,6.30285,1,1.5
16.08.2021 01:39:28.273,6.30386,6.30285,1.5,1.5
16.08.2021 01:39:43.193,6.3036900000000005,6.302790000000001,1.5,1.5
16.08.2021 01:39:43.346,6.3036900000000005,6.302790000000001,1.5,1.5
16.08.2021 01:39:43.545,6.3037,6.30278,1.5,1.5
16.08.2021 01:39:47.553,6.3036900000000005,6.30276,1.5,1.5
16.08.2021 01:39:50.679,6.30382,6.30285,1,1.5
16.08.2021 01:40:03.700,6.30386,6.30285,1.5,1.5
16.08.2021 01:40:06.150,6.303850000000001,6.3029,1.5,1.5
16.08.2021 01:40:27.770,6.303800000000001,6.302840000000001,1,1.5
16.08.2021 01:40:27.971,6.30377,6.30285,1,1
16.08.2021 01:40:28.072,6.30365,6.3026800000000005,1.5,1.5
16.08.2021 01:40:28.122,6.30365,6.3026800000000005,1.5,1.5
16.08.2021 01:40:28.624,6.30358,6.302630000000001,1,1
16.08.2021 01:40:29.618,6.303630000000001,6.30259,1,1.5
16.08.2021 01:40:29.819,6.30357,6.302490000000001,1,1.5
16.08.2021 01:40:33.002,6.3035000000000005,6.30243,1.62,1.5
16.08.2021 01:40:33.176,6.30349,6.302440000000001,1.62,1.5
16.08.2021 01:40:42.741,6.30349,6.302530000000001,1.5,1
16.08.2021 01:40:42.854,6.30349,6.30256,1.5,1.5
16.08.2021 01:40:42.982,6.30366,6.30262,1.5,1
16.08.2021 01:40:45.746,6.30365,6.30256,1.62,1.5
16.08.2021 01:40:46.300,6.30365,6.30256,1.62,1.5
16.08.2021 01:40:47.353,6.30347,6.30245,1.5,1.5
16.08.2021 01:40:47.528,6.3034300000000005,6.30246,1,1.5
16.08.2021 01:40:48.639,6.30346,6.30245,1,1.5
16.08.2021 01:40:48.981,6.30344,6.302350000000001,1.5,1.5
16.08.2021 01:40:57.437,6.3033,6.302350000000001,1.5,1.5
16.08.2021 01:41:00.991,6.3033,6.302350000000001,1.5,1.5
16.08.2021 01:41:03.563,6.3033,6.302350000000001,1.5,1.5
16.08.2021 01:41:03.766,6.3033,6.30233,1.5,1.62
16.08.2021 01:41:03.967,6.3033,6.30233,1.5,1.62
16.08.2021 01:41:09.589,6.3033,6.30233,1.5,1.62
16.08.2021 01:41:14.222,6.30335,6.30232,1,1.12
16.08.2021 01:41:14.373,6.303140000000001,6.3022800000000005,1.62,1.5
16.08.2021 01:41:14.523,6.30313,6.3022800000000005,1,1
16.08.2021 01:41:14.708,6.30313,6.30212,1,1.5
16.08.2021 01:41:14.758,6.302980000000001,6.30212,1,1
16.08.2021 01:41:21.062,6.302930000000001,6.30202,1,1.5
16.08.2021 01:41:21.402,6.302930000000001,6.30202,1,1.5
16.08.2021 01:41:23.023,6.30294,6.30201,1,1.5
16.08.2021 01:41:23.534,6.30292,6.301950000000001,1.5,1.5
16.08.2021 01:41:23.684,6.30291,6.30196,1.5,1.5
16.08.2021 01:41:35.444,6.30291,6.30207,1.5,1
16.08.2021 01:41:39.941,6.30291,6.30207,1.12,1.5
16.08.2021 01:41:42.567,6.30291,6.30207,1.5,1
16.08.2021 01:41:48.273,6.30302,6.30207,1,1.5
16.08.2021 01:41:56.454,6.30291,6.30207,1.5,1
16.08.2021 01:42:00.083,6.30291,6.30202,1.5,1.5
16.08.2021 01:42:00.952,6.30291,6.30202,1.5,1
16.08.2021 01:42:01.166,6.3028900000000005,6.3018600000000005,1.5,1
16.08.2021 01:42:05.077,6.3027500000000005,6.301740000000001,1,1.5
16.08.2021 01:42:08.754,6.3027500000000005,6.301730000000001,1.5,1.5
16.08.2021 01:42:09.311,6.30274,6.3018,1.5,1
16.08.2021 01:42:09.362,6.30274,6.3018,1.5,1.5
16.08.2021 01:42:10.411,6.30274,6.30185,1.5,1
16.08.2021 01:42:11.773,6.30274,6.30185,1.5,1.12
16.08.2021 01:42:30.114,6.30276,6.301740000000001,1,1.5
16.08.2021 01:42:39.194,6.30272,6.301740000000001,1,1.5
16.08.2021 01:42:39.766,6.30266,6.301740000000001,1,1.5
16.08.2021 01:42:43.306,6.30274,6.301740000000001,1.5,1.5
16.08.2021 01:42:48.819,6.30269,6.301740000000001,1.5,1.5
16.08.2021 01:42:49.006,6.30269,6.301740000000001,1.5,1
16.08.2021 01:42:49.588,6.302630000000001,6.301730000000001,1,1.12
16.08.2021 01:42:49.694,6.302630000000001,6.30157,1,1.5
16.08.2021 01:42:50.593,6.30255,6.30157,1,1.5
16.08.2021 01:42:50.795,6.30255,6.30163,1,1.5
16.08.2021 01:42:53.696,6.30265,6.30168,1,1.5
16.08.2021 01:42:54.404,6.30267,6.30162,1,1.62
16.08.2021 01:42:54.611,6.30266,6.30163,1,1.5
16.08.2021 01:42:56.610,6.302580000000001,6.301550000000001,1,1.5
16.08.2021 01:43:00.393,6.302490000000001,6.30144,1,1.5
16.08.2021 01:43:10.471,6.30257,6.30158,1,1.5
16.08.2021 01:43:11.503,6.30262,6.30163,1,1
16.08.2021 01:43:11.604,6.30262,6.30163,1,1.5
16.08.2021 01:43:14.513,6.30266,6.30168,1.5,1.5
16.08.2021 01:43:14.717,6.30266,6.301740000000001,1.5,1.5
16.08.2021 01:43:14.918,6.30277,6.301740000000001,1,1.5
16.08.2021 01:43:15.517,6.30266,6.301740000000001,1.5,1.5
16.08.2021 01:43:18.114,6.30266,6.301740000000001,1.5,1.5
16.08.2021 01:43:18.705,6.30266,6.301740000000001,1.5,1
16.08.2021 01:43:18.806,6.30266,6.30168,1.5,1.5
16.08.2021 01:43:18.957,6.30267,6.30167,1.5,1.5
16.08.2021 01:43:19.766,6.3026,6.30163,1,1.5
16.08.2021 01:43:21.068,6.302580000000001,6.30158,1,1.5
16.08.2021 01:43:21.689,6.302530000000001,6.30158,1,1.5
16.08.2021 01:43:23.732,6.3026,6.30157,1,1.5
16.08.2021 01:43:23.979,6.302490000000001,6.3015300000000005,1.5,1
16.08.2021 01:43:26.014,6.3025,6.301730000000001,1,1.5
16.08.2021 01:43:26.507,6.30278,6.301780000000001,1.62,1.5
16.08.2021 01:43:27.709,6.30277,6.3017900000000004,1.5,1.5
16.08.2021 01:43:28.297,6.30277,6.3017900000000004,1.5,1.5
16.08.2021 01:43:42.289,6.30276,6.30184,1,1.5
16.08.2021 01:43:45.657,6.30278,6.301830000000001,1.5,1.5
16.08.2021 01:43:46.647,6.30273,6.3017900000000004,1,1.12
16.08.2021 01:43:49.595,6.30277,6.301740000000001,1,1.5
16.08.2021 01:43:51.567,6.30277,6.3018,1.5,1.5
16.08.2021 01:43:54.193,6.3028,6.301830000000001,1,1.62
16.08.2021 01:43:58.508,6.30277,6.301830000000001,1.5,1.62
16.08.2021 01:44:00.072,6.30276,6.301830000000001,1,1.62
16.08.2021 01:44:00.749,6.30274,6.301830000000001,1,1
16.08.2021 01:44:02.775,6.30278,6.30182,1.5,1
16.08.2021 01:44:08.773,6.30277,6.301830000000001,1.5,1.62
16.08.2021 01:44:16.773,6.30277,6.301830000000001,1.5,1
16.08.2021 01:44:40.174,6.30277,6.30184,1.5,1.5
16.08.2021 01:44:40.426,6.30282,6.301950000000001,1,1.5
16.08.2021 01:44:40.701,6.302930000000001,6.301950000000001,1,1.5
16.08.2021 01:44:43.550,6.302930000000001,6.301950000000001,1,1.5
16.08.2021 01:44:49.235,6.30291,6.301950000000001,1,1.5
16.08.2021 01:44:49.336,6.30291,6.301950000000001,1,1.5
16.08.2021 01:44:49.588,6.30291,6.301950000000001,1,1.5
16.08.2021 01:45:05.635,6.30302,6.30206,1,1.5
16.08.2021 01:45:05.736,6.3031500000000005,6.3021,2,1.5
16.08.2021 01:45:05.908,6.3031500000000005,6.3021,2,1.5
16.08.2021 01:45:07.612,6.30313,6.30211,1,1.5
16.08.2021 01:45:08.565,6.3031500000000005,6.3021,1.62,1.5
16.08.2021 01:45:09.052,6.303140000000001,6.30211,1.5,1.5
16.08.2021 01:45:10.220,6.30313,6.30211,1,1.5
16.08.2021 01:45:10.426,6.30313,6.30216,1,1.5
16.08.2021 01:45:10.654,6.303140000000001,6.30216,1.5,1.5
16.08.2021 01:45:11.259,6.303140000000001,6.30216,1.5,1.5
16.08.2021 01:45:14.596,6.30313,6.30216,1,1.5
16.08.2021 01:45:15.220,6.303140000000001,6.30216,1.5,1.5
16.08.2021 01:45:16.631,6.303100000000001,6.30211,1,1.12
16.08.2021 01:45:19.277,6.302960000000001,6.302040000000001,1.5,1.5
16.08.2021 01:45:20.712,6.30295,6.3020000000000005,1.5,1.5
16.08.2021 01:45:21.258,6.30295,6.301950000000001,1.5,1.5
16.08.2021 01:45:22.561,6.302930000000001,6.301950000000001,1,1.5
16.08.2021 01:45:28.487,6.30292,6.301950000000001,1,1.5
16.08.2021 01:45:28.688,6.30292,6.30203,1,1.5
16.08.2021 01:45:29.541,6.3030100000000004,6.30211,1,1
16.08.2021 01:45:29.591,6.3030100000000004,6.30211,1,1.5
16.08.2021 01:45:30.519,6.30307,6.30211,1,1.5
16.08.2021 01:45:31.644,6.30312,6.30211,1.62,1.5
16.08.2021 01:45:32.226,6.30311,6.30211,1,1.5
16.08.2021 01:45:32.950,6.30312,6.30211,1.5,1.5
16.08.2021 01:45:35.596,6.303100000000001,6.30211,1,1.5
16.08.2021 01:45:40.602,6.30307,6.30211,1,1.5
16.08.2021 01:45:46.496,6.30306,6.30211,1,1.5
16.08.2021 01:45:53.024,6.30309,6.30216,1,1.5
16.08.2021 01:45:53.177,6.303140000000001,6.302230000000001,1,1
16.08.2021 01:45:53.228,6.30325,6.302230000000001,1.62,1
16.08.2021 01:45:58.354,6.303280000000001,6.30231,1.5,1.5
16.08.2021 01:46:11.242,6.30325,6.3022,1,1.5
16.08.2021 01:46:16.322,6.30316,6.30227,1,1.5
16.08.2021 01:46:18.379,6.30321,6.302230000000001,1,1
16.08.2021 01:46:27.031,6.30321,6.30227,1,1.5
16.08.2021 01:46:27.188,6.30321,6.30227,1,1.5
16.08.2021 01:46:34.476,6.30327,6.30227,1.5,1.5
16.08.2021 01:46:35.050,6.303280000000001,6.30226,1.5,1.5
16.08.2021 01:46:35.547,6.30327,6.30227,1.5,1.5
16.08.2021 01:46:37.274,6.30327,6.30227,1.5,1.5
16.08.2021 01:46:37.832,6.30327,6.30227,1.5,1.5
16.08.2021 01:46:49.921,6.30326,6.30227,1,1.5
16.08.2021 01:46:51.032,6.3032900000000005,6.30222,1.62,1
16.08.2021 01:47:04.643,6.30318,6.3021,1.5,1.5
16.08.2021 01:47:08.274,6.30306,6.30211,1,1.5
16.08.2021 01:47:10.135,6.30307,6.30211,1,1.5
16.08.2021 01:47:14.978,6.303,6.30205,1,1.5
16.08.2021 01:47:59.130,6.3030800000000005,6.30205,1,1.5
16.08.2021 01:48:12.084,6.3030100000000004,6.30211,1,1.5
16.08.2021 01:48:14.800,6.30306,6.30205,1,1.5
16.08.2021 01:48:21.701,6.303,6.30205,1,1.5
16.08.2021 01:48:28.210,6.302960000000001,6.301990000000001,1.5,1.5
16.08.2021 01:48:28.442,6.30277,6.30184,1,1.5
16.08.2021 01:48:28.610,6.30273,6.30184,1,1.5
16.08.2021 01:48:34.274,6.30277,6.30184,1.5,1.5
16.08.2021 01:48:34.471,6.30277,6.301730000000001,1.5,1.62
16.08.2021 01:48:34.645,6.30277,6.301730000000001,1.62,1.5
16.08.2021 01:48:38.355,6.30277,6.301730000000001,1.5,1.62
16.08.2021 01:48:41.947,6.30276,6.301730000000001,1,1.62
16.08.2021 01:48:42.150,6.30276,6.301730000000001,1,1.62
16.08.2021 01:48:42.445,6.30276,6.301730000000001,1,1.62
16.08.2021 01:48:42.739,6.30276,6.301730000000001,1,1.62
16.08.2021 01:48:42.940,6.30276,6.301730000000001,1,1.62
16.08.2021 01:48:43.140,6.30276,6.301730000000001,1,1.62
16.08.2021 01:48:46.402,6.30278,6.30172,1.5,1.62
16.08.2021 01:48:50.087,6.302790000000001,6.301730000000001,1,1.62
16.08.2021 01:48:51.087,6.302790000000001,6.3017900000000004,1,1.5
16.08.2021 01:48:51.273,6.302790000000001,6.3017900000000004,1,1.5
16.08.2021 01:48:51.489,6.3028,6.301780000000001,1,1.5
16.08.2021 01:48:52.703,6.30282,6.3017900000000004,1,1.5
16.08.2021 01:48:55.300,6.30282,6.301730000000001,1.5,1.62
16.08.2021 01:49:00.027,6.30277,6.301730000000001,1.5,1.62
16.08.2021 01:49:01.031,6.30278,6.301780000000001,1.5,1.5
16.08.2021 01:49:01.240,6.30277,6.3017900000000004,1.5,1.5
16.08.2021 01:49:05.273,6.30277,6.3017900000000004,1.5,1.5
16.08.2021 01:49:10.913,6.30277,6.3017900000000004,1.5,1.5
16.08.2021 01:49:11.159,6.30277,6.3017900000000004,1.5,1.5
16.08.2021 01:49:13.271,6.30277,6.3017900000000004,1.5,1.5
16.08.2021 01:49:20.773,6.30277,6.3017900000000004,1.5,1.5
16.08.2021 01:49:34.151,6.30277,6.3017900000000004,1.5,1.5
16.08.2021 01:49:36.232,6.30281,6.301730000000001,1,1.62
16.08.2021 01:49:36.388,6.30281,6.301730000000001,1,1.62
16.08.2021 01:49:40.570,6.30282,6.301730000000001,1.62,1.62
16.08.2021 01:49:40.774,6.30262,6.30167,1.5,1.5
16.08.2021 01:49:44.683,6.30255,6.30157,1,1.5
16.08.2021 01:49:47.349,6.30245,6.30157,1.62,1.5
16.08.2021 01:49:50.467,6.30245,6.301640000000001,1,1.5
16.08.2021 01:49:50.620,6.30245,6.301640000000001,1,1.5
16.08.2021 01:49:51.666,6.3026800000000005,6.301640000000001,1.62,1.5
16.08.2021 01:50:03.136,6.30265,6.301640000000001,1,1.5
16.08.2021 01:50:06.607,6.30252,6.301640000000001,1,1.5
16.08.2021 01:50:06.809,6.302480000000001,6.3015300000000005,1.5,1.62
16.08.2021 01:50:07.030,6.302480000000001,6.3015300000000005,1.5,1.5
16.08.2021 01:50:12.517,6.30238,6.301480000000001,1,1.5
16.08.2021 01:50:12.736,6.3022100000000005,6.301430000000001,1,1.5
16.08.2021 01:50:13.560,6.30233,6.30136,1.5,1.5
16.08.2021 01:50:13.828,6.30233,6.30136,1.5,1.5
16.08.2021 01:50:17.740,6.30227,6.30131,1,1.5
16.08.2021 01:50:21.412,6.30225,6.30132,1,1.5
16.08.2021 01:50:21.664,6.30217,6.30121,1,1.5
16.08.2021 01:50:22.880,6.30215,6.30121,1,1.5
16.08.2021 01:50:26.789,6.30215,6.30121,1,1.5
16.08.2021 01:50:27.732,6.30215,6.30121,1,1.5
16.08.2021 01:50:50.342,6.30232,6.30127,1.62,1.5
16.08.2021 01:51:01.523,6.30237,6.301430000000001,1,1.5
16.08.2021 01:51:01.624,6.3024000000000004,6.301430000000001,1,1.5
16.08.2021 01:51:12.072,6.30246,6.301430000000001,1.5,1.5
16.08.2021 01:51:19.286,6.30245,6.301480000000001,1,1.5
16.08.2021 01:51:19.726,6.302440000000001,6.3015300000000005,1,1.5
16.08.2021 01:51:25.949,6.30247,6.3015300000000005,1,1.5
16.08.2021 01:51:27.149,6.302480000000001,6.30152,1,1.5
16.08.2021 01:51:44.076,6.30246,6.3015300000000005,1.5,1.5
16.08.2021 01:52:13.597,6.30246,6.3015,1.5,1.5
16.08.2021 01:52:34.432,6.30243,6.301480000000001,1,1.5
16.08.2021 01:52:34.756,6.30247,6.3015300000000005,1.5,1.5
16.08.2021 01:52:35.911,6.30245,6.30154,1,1.5
16.08.2021 01:52:43.774,6.302480000000001,6.30149,1,1.5
16.08.2021 01:52:45.237,6.302480000000001,6.30149,1,1.5
16.08.2021 01:52:51.357,6.302440000000001,6.30149,1,1.5
16.08.2021 01:52:59.273,6.30246,6.30149,1.62,1.5
16.08.2021 01:52:59.713,6.30246,6.3014600000000005,1.62,1.5
16.08.2021 01:52:59.899,6.30247,6.301430000000001,1.5,1.5
16.08.2021 01:53:00.666,6.30246,6.30144,1.5,1.5
16.08.2021 01:53:00.793,6.30246,6.30144,1.5,1.5
16.08.2021 01:53:01.669,6.30246,6.3014600000000005,1.5,1.5
16.08.2021 01:53:01.770,6.30246,6.3014600000000005,1.5,1.5
16.08.2021 01:53:02.110,6.30246,6.3014600000000005,1.5,1.5
16.08.2021 01:53:02.670,6.30247,6.30145,1.5,1.5
16.08.2021 01:53:03.139,6.30246,6.3014600000000005,1.5,1.5
16.08.2021 01:53:03.671,6.30246,6.3014600000000005,1.5,1.5
16.08.2021 01:53:25.520,6.30247,6.3015,1.5,1.5
16.08.2021 01:53:25.621,6.30255,6.30167,1,1
16.08.2021 01:53:25.722,6.3026100000000005,6.30167,1,1.5
16.08.2021 01:53:26.053,6.30265,6.30167,1.5,1.5
16.08.2021 01:53:30.276,6.30266,6.30172,1.5,1.5
16.08.2021 01:53:34.139,6.30265,6.301740000000001,1,1.5
16.08.2021 01:53:34.913,6.30265,6.301740000000001,1,1.5
16.08.2021 01:53:34.964,6.30287,6.301830000000001,1.62,1.5
16.08.2021 01:53:35.144,6.3028,6.301830000000001,1,1.62
16.08.2021 01:53:35.347,6.30281,6.30194,1,1.5
16.08.2021 01:53:38.273,6.3028,6.30189,1,1.5
16.08.2021 01:53:39.053,6.3028,6.30189,1.5,1.5
16.08.2021 01:53:46.274,6.3028,6.30189,1,1.5
16.08.2021 01:53:48.075,6.30297,6.301950000000001,1,1.5
16.08.2021 01:53:53.497,6.30297,6.301950000000001,1,1.5
16.08.2021 01:53:59.343,6.302960000000001,6.3020000000000005,1.12,1.5
