Gmt time,Ask,Bid,AskVolume,BidVolume
17.08.2021 00:00:00.049,6.31388,6.3131900000000005,1,1.5
17.08.2021 00:00:00.250,6.31388,6.3133300000000006,1,1.5
17.08.2021 00:00:04.874,6.31426,6.31329,1.5,1.5
17.08.2021 00:00:23.986,6.31388,6.31329,1,1.5
17.08.2021 00:01:16.079,6.31388,6.3133300000000006,1,1.62
17.08.2021 00:01:16.129,6.31404,6.31347,1,1.5
17.08.2021 00:01:16.281,6.31404,6.313530000000001,1,1.62
17.08.2021 00:01:16.842,6.31404,6.313530000000001,1,1.62
17.08.2021 00:01:18.353,6.3142000000000005,6.313630000000001,1,1.5
17.08.2021 00:01:18.625,6.31437,6.31382,1,1.5
17.08.2021 00:01:18.675,6.31437,6.31382,1,1.5
17.08.2021 00:01:18.799,6.31456,6.31382,1,1.5
17.08.2021 00:01:18.900,6.31456,6.314010000000001,1,1.5
17.08.2021 00:01:19.001,6.314760000000001,6.314080000000001,1,1.5
17.08.2021 00:01:19.102,6.31475,6.31409,1,1.5
17.08.2021 00:01:38.774,6.3146,6.314010000000001,1,1.5
17.08.2021 00:01:38.925,6.314430000000001,6.31385,1,1.5
17.08.2021 00:01:38.976,6.314430000000001,6.31385,1,1.5
17.08.2021 00:01:42.993,6.314430000000001,6.313750000000001,1,1.5
17.08.2021 00:01:43.143,6.31427,6.313630000000001,1,1
17.08.2021 00:01:43.194,6.314280000000001,6.31362,1,1
17.08.2021 00:01:43.360,6.31427,6.3135900000000005,1,1.5
17.08.2021 00:01:48.056,6.3142000000000005,6.31357,1,1.5
17.08.2021 00:02:00.094,6.31453,6.31371,1.5,1
17.08.2021 00:02:00.195,6.31437,6.313750000000001,1,1
17.08.2021 00:02:00.297,6.314380000000001,6.31374,1,1.5
17.08.2021 00:02:00.515,6.31437,6.313750000000001,1,1.5
17.08.2021 00:02:01.240,6.31437,6.3137,1,1.5
17.08.2021 00:02:01.357,6.314330000000001,6.3137,1,1.5
17.08.2021 00:02:01.745,6.314330000000001,6.3135900000000005,1,1.5
17.08.2021 00:02:21.383,6.31453,6.3135900000000005,1.5,1.5
17.08.2021 00:02:22.398,6.31453,6.3135900000000005,1.5,1.5
17.08.2021 00:02:31.582,6.314330000000001,6.31355,1,1.5
17.08.2021 00:02:35.989,6.314330000000001,6.3137300000000005,1,1.5
17.08.2021 00:02:36.094,6.314330000000001,6.31381,1,1.5
17.08.2021 00:02:40.661,6.31447,6.31381,1,1.5
17.08.2021 00:02:45.430,6.31447,6.31387,1,1.5
17.08.2021 00:02:46.025,6.31463,6.3139400000000006,1,1.5
17.08.2021 00:02:52.312,6.314640000000001,6.31412,1,1.5
17.08.2021 00:02:56.891,6.31506,6.3141300000000005,1.5,1.5
17.08.2021 00:02:58.400,6.31506,6.3141300000000005,1.5,1.62
17.08.2021 00:02:58.551,6.314780000000001,6.314330000000001,1,1.5
17.08.2021 00:02:58.601,6.31496,6.31432,1,1.5
17.08.2021 00:02:58.651,6.3149500000000005,6.314330000000001,1,1.5
17.08.2021 00:03:01.241,6.31496,6.31423,1,1.5
17.08.2021 00:03:01.397,6.3149500000000005,6.314240000000001,1,1.5
17.08.2021 00:03:01.554,6.3149500000000005,6.314330000000001,1,1.5
17.08.2021 00:03:05.719,6.31496,6.31442,1,1.5
17.08.2021 00:03:06.553,6.31527,6.31435,1.5,1.5
17.08.2021 00:03:09.264,6.31526,6.31435,1,1.5
17.08.2021 00:03:10.968,6.31527,6.31435,1.5,1.5
17.08.2021 00:03:24.071,6.31506,6.314240000000001,1,2
17.08.2021 00:03:24.180,6.31506,6.3141300000000005,1.5,1.62
17.08.2021 00:03:28.245,6.31479,6.3141300000000005,1,1.5
17.08.2021 00:03:28.295,6.31479,6.314100000000001,1,1.5
17.08.2021 00:03:30.748,6.31479,6.314030000000001,1.12,1.62
17.08.2021 00:03:35.826,6.31461,6.314030000000001,1,1.5
17.08.2021 00:03:35.938,6.31461,6.31392,1,1.5
17.08.2021 00:03:35.988,6.31454,6.31392,1,1.5
17.08.2021 00:03:42.243,6.31458,6.3139400000000006,1,1.5
17.08.2021 00:03:42.293,6.31457,6.31395,1,1.5
17.08.2021 00:03:45.281,6.31457,6.313930000000001,1,1.62
17.08.2021 00:03:46.051,6.31457,6.31386,1,1.5
17.08.2021 00:03:47.646,6.31457,6.31383,1,1
17.08.2021 00:04:01.039,6.314730000000001,6.31383,1.5,1.62
17.08.2021 00:04:03.455,6.314730000000001,6.3138000000000005,1.5,2
17.08.2021 00:04:09.785,6.314380000000001,6.31379,1,2
17.08.2021 00:04:09.836,6.314380000000001,6.31374,1,1.5
17.08.2021 00:04:09.936,6.31437,6.313750000000001,1,1.5
17.08.2021 00:04:10.088,6.314380000000001,6.313580000000001,1,1.5
17.08.2021 00:04:10.289,6.314380000000001,6.31374,1,1.5
17.08.2021 00:04:10.390,6.31437,6.313750000000001,1,1.5
17.08.2021 00:04:13.250,6.31437,6.313750000000001,1,1.5
17.08.2021 00:04:13.502,6.314380000000001,6.31374,1,1.5
17.08.2021 00:04:13.888,6.31437,6.313750000000001,1,1.5
17.08.2021 00:04:18.035,6.31437,6.313750000000001,1,1.5
17.08.2021 00:04:18.186,6.31454,6.31385,1,1.5
17.08.2021 00:04:18.236,6.31453,6.313930000000001,1,1.5
17.08.2021 00:04:18.437,6.31453,6.314030000000001,1,1
17.08.2021 00:04:18.604,6.31471,6.314030000000001,1,1
17.08.2021 00:04:20.965,6.31471,6.314240000000001,1,1
17.08.2021 00:04:21.123,6.31471,6.314190000000001,1,1
17.08.2021 00:04:21.385,6.31487,6.314190000000001,1,1
17.08.2021 00:04:21.436,6.31487,6.31418,1,1.5
17.08.2021 00:04:21.693,6.31487,6.31423,1,2.37
17.08.2021 00:04:22.678,6.3148800000000005,6.314280000000001,1,1.5
17.08.2021 00:04:22.879,6.31487,6.314330000000001,1,1
17.08.2021 00:04:25.231,6.31487,6.314330000000001,1,1
17.08.2021 00:04:25.432,6.31487,6.314290000000001,1,1.5
17.08.2021 00:04:25.648,6.31487,6.314290000000001,1,1.5
17.08.2021 00:04:27.187,6.31487,6.314290000000001,1,1.5
17.08.2021 00:04:28.893,6.31487,6.314290000000001,1,1.5
17.08.2021 00:04:29.107,6.3151,6.31423,1.5,1
17.08.2021 00:04:29.270,6.315080000000001,6.31418,1.5,1.5
17.08.2021 00:04:30.907,6.3151,6.31418,1.5,1.5
17.08.2021 00:04:34.899,6.3151,6.31423,1.5,1.62
17.08.2021 00:04:42.395,6.31521,6.314290000000001,1.5,1.5
17.08.2021 00:04:43.002,6.31521,6.314290000000001,1.5,1.5
17.08.2021 00:04:51.417,6.31505,6.31423,1,1.5
17.08.2021 00:04:51.567,6.31487,6.31423,1,1.5
17.08.2021 00:04:51.618,6.3148800000000005,6.31422,1,1.5
17.08.2021 00:04:52.075,6.314730000000001,6.31423,1,1.5
17.08.2021 00:04:55.935,6.3147400000000005,6.31422,1,1.5
17.08.2021 00:04:56.486,6.31489,6.31418,1,2
17.08.2021 00:04:56.537,6.31489,6.31418,1,1.5
17.08.2021 00:04:58.398,6.31489,6.31418,1,1.5
17.08.2021 00:05:02.307,6.31489,6.31418,1,1.5
17.08.2021 00:05:03.376,6.31489,6.31418,1,1.5
17.08.2021 00:05:04.381,6.31505,6.3141300000000005,1.5,1.62
17.08.2021 00:05:08.960,6.31507,6.31418,1,1.5
17.08.2021 00:05:12.983,6.314730000000001,6.31407,1,1.5
17.08.2021 00:05:13.896,6.314730000000001,6.31407,1,1.5
17.08.2021 00:05:35.337,6.31501,6.3141300000000005,1,1.5
17.08.2021 00:05:35.449,6.31501,6.3141300000000005,1,1.5
17.08.2021 00:05:35.550,6.31501,6.3141300000000005,1,1.62
17.08.2021 00:05:35.702,6.31506,6.31412,1.5,1.62
17.08.2021 00:05:39.059,6.31515,6.31423,1.5,1.5
17.08.2021 00:05:39.235,6.31487,6.31423,1,1.62
17.08.2021 00:05:40.360,6.31487,6.31423,1,1.5
17.08.2021 00:05:42.601,6.31487,6.31423,1,1.5
17.08.2021 00:05:44.905,6.31487,6.31423,1,1.62
17.08.2021 00:05:47.996,6.31487,6.31423,1,1.62
17.08.2021 00:05:51.365,6.31487,6.31423,1,1.5
17.08.2021 00:05:52.776,6.31487,6.31423,1,1.62
17.08.2021 00:05:53.748,6.31487,6.31423,1,1.5
17.08.2021 00:05:53.997,6.3151,6.31423,1.5,1.62
17.08.2021 00:05:54.199,6.3151,6.31423,1.5,1
17.08.2021 00:05:56.718,6.3151,6.31423,1.12,1
17.08.2021 00:05:56.920,6.3151,6.31418,1.5,2
17.08.2021 00:05:57.129,6.3151,6.31423,1.5,1.62
17.08.2021 00:06:00.107,6.31515,6.31423,1.5,1.5
17.08.2021 00:06:05.076,6.315180000000001,6.314280000000001,1,1.5
17.08.2021 00:06:05.906,6.31526,6.3143400000000005,1.5,1.5
17.08.2021 00:06:09.311,6.31487,6.3143400000000005,1,1.5
17.08.2021 00:06:19.987,6.31527,6.314330000000001,1.5,1.5
17.08.2021 00:06:20.038,6.31532,6.31439,1.5,1.5
17.08.2021 00:06:20.189,6.3152,6.3145500000000006,1,1
17.08.2021 00:06:20.340,6.3152,6.31463,1,1.62
17.08.2021 00:06:20.491,6.315340000000001,6.31472,1,1.5
17.08.2021 00:06:20.642,6.315340000000001,6.314830000000001,1,1
17.08.2021 00:06:20.793,6.31552,6.3148800000000005,1,1.5
17.08.2021 00:06:20.893,6.31552,6.3148800000000005,1,1.5
17.08.2021 00:06:21.684,6.31552,6.314830000000001,1,1
17.08.2021 00:06:21.839,6.31552,6.314830000000001,1,1.62
17.08.2021 00:06:23.534,6.31552,6.314830000000001,1,1.62
17.08.2021 00:06:23.782,6.31552,6.31477,1,1.5
17.08.2021 00:06:31.578,6.31569,6.31477,1.5,1.5
17.08.2021 00:06:31.741,6.3154,6.314830000000001,1,1
17.08.2021 00:06:31.792,6.3154,6.314830000000001,1,1
17.08.2021 00:06:39.400,6.3154,6.31466,1,1.5
17.08.2021 00:06:54.574,6.31568,6.314730000000001,1.5,1.62
17.08.2021 00:06:54.624,6.31568,6.314730000000001,1.5,1.62
17.08.2021 00:06:54.826,6.315740000000001,6.31472,1.5,1.62
17.08.2021 00:06:55.466,6.31578,6.314830000000001,1.5,1.62
17.08.2021 00:06:55.590,6.31554,6.314830000000001,1,1.62
17.08.2021 00:07:03.039,6.31555,6.314830000000001,1,1.5
17.08.2021 00:07:03.759,6.31554,6.314830000000001,1,1
17.08.2021 00:07:03.860,6.31554,6.314780000000001,1.5,1.5
17.08.2021 00:07:04.212,6.315340000000001,6.314780000000001,1,1.5
17.08.2021 00:07:06.425,6.315340000000001,6.314730000000001,1,1.62
17.08.2021 00:07:10.900,6.315340000000001,6.314730000000001,1,1.62
17.08.2021 00:07:22.709,6.31573,6.314730000000001,1.5,1.62
17.08.2021 00:07:24.335,6.315790000000001,6.31482,1.5,1.62
17.08.2021 00:07:25.105,6.31554,6.31484,1,1.5
17.08.2021 00:07:26.415,6.31554,6.31484,1,1.5
17.08.2021 00:07:43.975,6.31585,6.314830000000001,1.5,1.5
17.08.2021 00:07:46.393,6.3159,6.31492,1.5,1.62
17.08.2021 00:07:49.899,6.3158900000000004,6.31493,1.5,1.62
17.08.2021 00:07:50.959,6.315880000000001,6.31489,1.5,1.5
17.08.2021 00:07:55.142,6.31554,6.31489,1,1.5
17.08.2021 00:08:05.503,6.31554,6.314830000000001,1,1.5
17.08.2021 00:08:08.788,6.31554,6.31484,1,1.5
17.08.2021 00:08:10.275,6.315790000000001,6.31482,1.5,1
17.08.2021 00:08:10.326,6.31571,6.314780000000001,1,1.5
17.08.2021 00:08:10.376,6.31562,6.31477,1,1.5
17.08.2021 00:08:12.124,6.315300000000001,6.31463,1,1.62
17.08.2021 00:08:12.270,6.315300000000001,6.31457,1,2
17.08.2021 00:08:13.396,6.31531,6.31456,1,2
17.08.2021 00:08:14.654,6.315300000000001,6.31457,1,1.5
17.08.2021 00:08:29.310,6.315300000000001,6.31463,1,1.62
17.08.2021 00:08:35.659,6.315300000000001,6.31462,1,1.5
17.08.2021 00:08:36.400,6.31531,6.31461,1,1.5
17.08.2021 00:08:39.397,6.31562,6.31463,1.5,1
17.08.2021 00:08:40.064,6.315580000000001,6.31457,1.5,1.5
17.08.2021 00:08:40.227,6.31545,6.31453,1,1.62
17.08.2021 00:08:40.328,6.31527,6.31463,1,1.5
17.08.2021 00:08:40.429,6.31527,6.31463,1,1
17.08.2021 00:08:40.530,6.3152800000000004,6.31452,1.5,1.62
17.08.2021 00:08:40.758,6.31527,6.314430000000001,1.5,1.62
17.08.2021 00:08:41.199,6.31506,6.314430000000001,1,1
17.08.2021 00:08:41.249,6.31507,6.31442,1,1
17.08.2021 00:08:44.400,6.31506,6.314330000000001,1,1
17.08.2021 00:08:47.746,6.31507,6.31432,1,1.62
17.08.2021 00:08:47.962,6.31506,6.31453,1,1.5
17.08.2021 00:08:48.012,6.31521,6.31463,1,1.5
17.08.2021 00:08:48.163,6.31522,6.31462,1,1.62
17.08.2021 00:09:01.615,6.31533,6.31456,1,1.5
17.08.2021 00:09:02.421,6.31532,6.31457,1,1.5
17.08.2021 00:09:03.630,6.31532,6.31453,1.5,1
17.08.2021 00:09:05.224,6.315080000000001,6.314430000000001,1,1.5
17.08.2021 00:09:05.658,6.315180000000001,6.314430000000001,1,1.62
17.08.2021 00:09:07.612,6.31527,6.31442,1.5,1.62
17.08.2021 00:09:14.585,6.31526,6.314430000000001,1,1.62
17.08.2021 00:09:14.786,6.31527,6.31452,1,1.62
17.08.2021 00:09:15.079,6.31537,6.31453,1.5,1.62
17.08.2021 00:09:16.977,6.3152800000000004,6.31453,1,1
17.08.2021 00:09:17.128,6.31515,6.314430000000001,1.12,1
17.08.2021 00:09:17.179,6.3151600000000006,6.31442,1.12,1
17.08.2021 00:09:17.381,6.31515,6.314330000000001,1,1.62
17.08.2021 00:09:23.430,6.31524,6.314330000000001,2,1.62
17.08.2021 00:09:27.552,6.315230000000001,6.314330000000001,1.5,1.62
17.08.2021 00:09:27.787,6.31524,6.31442,1.5,1
17.08.2021 00:09:27.837,6.315230000000001,6.314330000000001,1.5,1.62
17.08.2021 00:09:27.888,6.315230000000001,6.314430000000001,1.5,1
17.08.2021 00:09:27.938,6.315230000000001,6.314330000000001,1.5,1.62
17.08.2021 00:09:41.282,6.3151600000000006,6.314330000000001,1.5,1.62
17.08.2021 00:09:41.849,6.3151600000000006,6.314330000000001,1.5,1
17.08.2021 00:09:46.899,6.3151600000000006,6.314330000000001,1.5,1.62
17.08.2021 00:09:50.071,6.3151600000000006,6.314330000000001,1.5,1.5
17.08.2021 00:09:50.239,6.3151600000000006,6.314330000000001,1.5,1.5
17.08.2021 00:10:01.357,6.31517,6.31423,1.5,1.5
17.08.2021 00:10:02.482,6.3151600000000006,6.314240000000001,1.5,1.5
17.08.2021 00:10:09.625,6.31507,6.31423,1,1.62
17.08.2021 00:10:10.400,6.31507,6.31423,1.12,1.62
17.08.2021 00:10:15.379,6.315080000000001,6.31423,1.5,1.5
17.08.2021 00:10:15.480,6.31498,6.31423,1,2
17.08.2021 00:10:16.724,6.31512,6.31432,1.5,1.62
17.08.2021 00:10:17.899,6.31511,6.314330000000001,1.5,1.62
17.08.2021 00:10:22.387,6.31511,6.314330000000001,1.5,1.62
17.08.2021 00:10:48.158,6.31511,6.314330000000001,1,1.62
17.08.2021 00:11:08.072,6.31524,6.314330000000001,1.5,1.62
17.08.2021 00:11:09.077,6.3152800000000004,6.314430000000001,1,1.62
17.08.2021 00:11:18.534,6.31521,6.314330000000001,1.5,2.37
17.08.2021 00:11:19.294,6.31515,6.314430000000001,1.12,1.5
17.08.2021 00:11:19.463,6.31515,6.314430000000001,1,1.62
17.08.2021 00:11:22.605,6.315250000000001,6.314430000000001,1.5,1.5
17.08.2021 00:11:22.969,6.315250000000001,6.314430000000001,1.5,1.62
17.08.2021 00:11:23.169,6.31526,6.31442,1.5,1.62
17.08.2021 00:11:24.309,6.315250000000001,6.31453,1,1.5
17.08.2021 00:11:24.661,6.31526,6.31452,1.5,1.5
17.08.2021 00:11:24.880,6.315250000000001,6.31449,1.5,1.5
17.08.2021 00:11:25.868,6.31524,6.31453,1,1
17.08.2021 00:11:26.139,6.315250000000001,6.31453,1.5,1.5
17.08.2021 00:11:26.292,6.315250000000001,6.31453,1,1.62
17.08.2021 00:11:27.930,6.31538,6.31452,1.5,1.5
17.08.2021 00:11:28.399,6.31537,6.31453,1.5,1.62
17.08.2021 00:11:36.139,6.31533,6.31444,1.5,1.5
17.08.2021 00:11:36.240,6.31521,6.314430000000001,1.5,1.62
17.08.2021 00:11:36.390,6.31522,6.31432,1.5,2.37
17.08.2021 00:11:36.903,6.31519,6.31442,1,1
17.08.2021 00:11:37.132,6.31519,6.31432,1,2.37
17.08.2021 00:11:37.680,6.31521,6.314430000000001,1.5,1.5
17.08.2021 00:11:37.840,6.31522,6.31442,1,1.5
17.08.2021 00:11:39.100,6.31531,6.314430000000001,1.5,1.62
17.08.2021 00:11:39.201,6.31532,6.31452,1.5,1.62
17.08.2021 00:11:43.900,6.31531,6.31453,1,1.62
17.08.2021 00:11:59.105,6.31546,6.31453,1.5,1.62
17.08.2021 00:12:05.566,6.31546,6.31453,1.5,1.62
17.08.2021 00:12:09.949,6.31531,6.31453,1,1.5
17.08.2021 00:12:14.767,6.31532,6.31453,1,1.5
17.08.2021 00:12:14.969,6.31531,6.3145500000000006,1,1.5
17.08.2021 00:12:22.900,6.31531,6.31463,1,1.62
17.08.2021 00:12:33.709,6.315480000000001,6.31462,1.5,1.62
17.08.2021 00:12:44.076,6.31542,6.31463,1.5,1.62
17.08.2021 00:12:44.438,6.31542,6.31458,1.5,1.5
17.08.2021 00:13:07.292,6.31533,6.31453,1,1.5
17.08.2021 00:13:07.342,6.31532,6.3144800000000005,1.5,1.5
17.08.2021 00:13:07.392,6.31522,6.31453,1,1.5
17.08.2021 00:13:07.543,6.31522,6.31453,1,1.5
17.08.2021 00:13:08.499,6.31532,6.31453,1.5,1.62
17.08.2021 00:13:08.927,6.31532,6.31453,1,1.62
17.08.2021 00:13:10.361,6.31532,6.31454,1.5,1.5
17.08.2021 00:13:10.512,6.31519,6.31453,1,1.5
17.08.2021 00:13:10.613,6.31519,6.31453,1,1.5
17.08.2021 00:13:10.713,6.31529,6.31453,1,1.5
17.08.2021 00:13:15.515,6.31529,6.31449,1.5,1.5
17.08.2021 00:13:15.719,6.31529,6.31449,1.5,1.5
17.08.2021 00:13:15.872,6.31529,6.31453,1,1.5
17.08.2021 00:13:16.872,6.31529,6.31453,1,1.62
17.08.2021 00:13:17.643,6.31529,6.31453,1.12,1
17.08.2021 00:13:18.609,6.31529,6.31453,1,1.62
17.08.2021 00:13:28.611,6.31542,6.31452,1.5,1.62
17.08.2021 00:13:28.962,6.31541,6.31453,1.5,1.62
17.08.2021 00:13:32.952,6.31541,6.31453,1.5,1.62
17.08.2021 00:13:40.886,6.31529,6.31454,1,1.5
17.08.2021 00:13:43.102,6.31529,6.31463,1,1.5
17.08.2021 00:13:46.567,6.315390000000001,6.31454,1.5,1.5
17.08.2021 00:14:10.411,6.31529,6.31454,1,1.5
17.08.2021 00:14:10.519,6.315300000000001,6.3144800000000005,1.5,1.5
17.08.2021 00:14:11.899,6.31529,6.31453,1,1.5
17.08.2021 00:14:25.174,6.31529,6.31454,1,1.5
17.08.2021 00:14:25.370,6.31547,6.31454,2,1.5
17.08.2021 00:14:43.400,6.3154,6.31454,1.62,1.5
17.08.2021 00:14:44.902,6.31546,6.31471,1,1.5
17.08.2021 00:14:45.002,6.31552,6.31472,1.5,1.5
17.08.2021 00:14:45.103,6.31551,6.31477,1,1.5
17.08.2021 00:14:47.879,6.31551,6.31477,1,1.5
17.08.2021 00:14:50.286,6.3156300000000005,6.31482,1.5,1.62
17.08.2021 00:14:55.649,6.31562,6.314780000000001,1.5,1
17.08.2021 00:14:55.799,6.31541,6.31466,1,1.5
17.08.2021 00:14:55.850,6.31541,6.31466,1,1.5
17.08.2021 00:14:56.026,6.31541,6.31466,1.12,1.5
17.08.2021 00:15:10.410,6.3155600000000005,6.314830000000001,1,1
17.08.2021 00:15:10.611,6.3155600000000005,6.314830000000001,1,1.5
17.08.2021 00:15:12.708,6.3155600000000005,6.31482,1,1.62
17.08.2021 00:15:12.758,6.31552,6.314830000000001,1,1
17.08.2021 00:15:12.913,6.315530000000001,6.314760000000001,1,1.5
17.08.2021 00:15:13.129,6.315480000000001,6.314730000000001,1,1.62
17.08.2021 00:15:13.330,6.315480000000001,6.314640000000001,1,1.5
17.08.2021 00:15:15.774,6.31555,6.31475,1.5,1.5
17.08.2021 00:15:22.498,6.3156300000000005,6.314830000000001,1.5,1.5
17.08.2021 00:15:34.130,6.31557,6.314730000000001,1,1.62
17.08.2021 00:15:34.281,6.3154900000000005,6.31466,1,1.5
17.08.2021 00:15:34.440,6.3154900000000005,6.31466,1,1.5
17.08.2021 00:15:35.720,6.31542,6.31466,1,1.5
17.08.2021 00:15:37.249,6.31538,6.31463,1.5,1.5
17.08.2021 00:15:50.839,6.31538,6.31454,1,1.5
17.08.2021 00:15:51.365,6.31547,6.31465,1,1
17.08.2021 00:15:51.466,6.315580000000001,6.31482,1,1.5
17.08.2021 00:15:51.516,6.3154900000000005,6.314830000000001,1,1.62
17.08.2021 00:15:51.665,6.315580000000001,6.314830000000001,1.5,1.62
17.08.2021 00:15:51.715,6.315580000000001,6.314830000000001,1,1.62
17.08.2021 00:15:52.691,6.315580000000001,6.31493,1,1
17.08.2021 00:15:52.792,6.31569,6.31492,1.5,1.12
17.08.2021 00:15:55.748,6.315650000000001,6.31486,1,1.5
17.08.2021 00:15:58.286,6.31566,6.31492,1,1
17.08.2021 00:15:59.566,6.31568,6.315030000000001,1.5,1
17.08.2021 00:15:59.684,6.3158,6.315030000000001,1.5,1.87
17.08.2021 00:15:59.734,6.31581,6.31512,1.5,1
17.08.2021 00:15:59.784,6.3158,6.315130000000001,1,1.5
17.08.2021 00:15:59.900,6.31592,6.315130000000001,1.5,1.5
17.08.2021 00:16:00.051,6.315930000000001,6.3150900000000005,1.5,1.5
17.08.2021 00:16:07.856,6.31592,6.315230000000001,1.5,1
17.08.2021 00:16:12.618,6.31592,6.315130000000001,1.5,1.62
17.08.2021 00:16:13.074,6.31592,6.315130000000001,1.5,1.5
17.08.2021 00:16:24.532,6.31601,6.315130000000001,1.5,1.5
17.08.2021 00:16:32.398,6.31592,6.3150900000000005,1.62,1.5
17.08.2021 00:16:40.978,6.31597,6.31514,1,1.5
17.08.2021 00:16:46.493,6.31606,6.315180000000001,2,1.5
17.08.2021 00:16:46.655,6.31592,6.315130000000001,1,1
17.08.2021 00:16:46.756,6.31581,6.315130000000001,1,1.5
17.08.2021 00:16:56.502,6.31594,6.315130000000001,1,1.5
17.08.2021 00:16:56.824,6.31594,6.3151,1,1.5
17.08.2021 00:16:59.500,6.31585,6.3150900000000005,1.5,1.5
17.08.2021 00:16:59.551,6.31569,6.3151,1,1
17.08.2021 00:16:59.652,6.31569,6.31493,1.5,1
17.08.2021 00:16:59.803,6.31569,6.31486,1.5,1.5
17.08.2021 00:16:59.906,6.3157000000000005,6.314850000000001,1.5,1.5
17.08.2021 00:17:00.194,6.31557,6.31486,1,1.5
17.08.2021 00:17:00.295,6.31557,6.31493,1,2.37
17.08.2021 00:17:00.395,6.315740000000001,6.315030000000001,1.5,1
17.08.2021 00:17:00.496,6.315740000000001,6.315030000000001,1.5,1.12
17.08.2021 00:17:03.181,6.315740000000001,6.315030000000001,1,1.5
17.08.2021 00:17:03.383,6.315740000000001,6.315030000000001,1.5,1.12
17.08.2021 00:17:03.834,6.31575,6.31492,3.5,1
17.08.2021 00:17:03.999,6.31575,6.314850000000001,3.5,1.5
17.08.2021 00:17:11.494,6.31561,6.31486,1,1.5
17.08.2021 00:17:19.399,6.3156300000000005,6.31486,1,1.5
17.08.2021 00:17:21.984,6.315580000000001,6.31475,1.5,1.5
17.08.2021 00:17:22.085,6.31547,6.314830000000001,1,1.5
17.08.2021 00:17:22.135,6.31555,6.314830000000001,1,1.5
17.08.2021 00:17:23.743,6.3156,6.31482,1,1.62
17.08.2021 00:17:49.171,6.3156300000000005,6.314830000000001,1.5,1.62
17.08.2021 00:18:06.441,6.3156,6.31493,1.12,1
17.08.2021 00:18:11.900,6.3156,6.314830000000001,1.12,1.62
17.08.2021 00:18:12.046,6.31546,6.314830000000001,1,1
17.08.2021 00:18:12.198,6.31547,6.3148,1,1.5
17.08.2021 00:18:12.412,6.31546,6.314830000000001,1,1.5
17.08.2021 00:18:13.777,6.31546,6.314730000000001,1.5,1
17.08.2021 00:18:13.978,6.31545,6.31465,1,1.5
17.08.2021 00:18:19.474,6.31546,6.314730000000001,1.62,1
17.08.2021 00:18:20.466,6.31537,6.31465,1.12,1.5
17.08.2021 00:18:21.519,6.31537,6.31463,1.5,1.62
17.08.2021 00:18:34.053,6.315300000000001,6.31452,1,1
17.08.2021 00:18:34.255,6.315300000000001,6.31446,1.5,1.5
17.08.2021 00:18:41.418,6.31519,6.314430000000001,1,1
17.08.2021 00:18:41.569,6.31519,6.314430000000001,1.5,1.62
17.08.2021 00:18:41.733,6.31519,6.314430000000001,1.5,1.62
17.08.2021 00:18:41.884,6.31519,6.31453,1.5,1
17.08.2021 00:18:41.934,6.31519,6.31453,1.12,1
17.08.2021 00:18:42.137,6.31519,6.31453,1,1.5
17.08.2021 00:18:42.661,6.31519,6.31453,1.12,1
17.08.2021 00:18:43.915,6.31519,6.314430000000001,1.12,1.62
17.08.2021 00:18:44.152,6.31519,6.314430000000001,1.5,1.62
17.08.2021 00:18:44.253,6.31526,6.31453,1.5,1
17.08.2021 00:18:44.303,6.31526,6.314430000000001,1.5,1.62
17.08.2021 00:18:44.372,6.31526,6.31453,1.5,1
17.08.2021 00:18:44.443,6.31526,6.314430000000001,1.5,1.62
17.08.2021 00:18:44.544,6.31526,6.31453,1.5,1
17.08.2021 00:18:44.900,6.31526,6.31453,1.5,1
17.08.2021 00:18:48.755,6.31526,6.314430000000001,1.5,1.62
17.08.2021 00:19:00.359,6.31526,6.314430000000001,2,1
17.08.2021 00:19:02.820,6.31507,6.31436,1,1.5
17.08.2021 00:19:04.497,6.31507,6.314280000000001,1.5,1.5
17.08.2021 00:19:07.194,6.31507,6.31423,1.5,1.62
17.08.2021 00:19:07.434,6.31497,6.31423,1,1.5
17.08.2021 00:19:07.736,6.31497,6.31423,1.5,1.5
17.08.2021 00:19:10.199,6.31497,6.31432,1,1
17.08.2021 00:19:10.300,6.31497,6.31423,1,1.62
17.08.2021 00:19:10.351,6.3150900000000005,6.31422,1.5,1
17.08.2021 00:19:10.402,6.315080000000001,6.31422,1.5,1.5
17.08.2021 00:19:12.165,6.31497,6.31423,1,1.5
17.08.2021 00:19:12.366,6.31497,6.31423,1,1.62
17.08.2021 00:19:15.262,6.31497,6.31417,1.5,1.5
17.08.2021 00:19:16.543,6.31497,6.31417,1.5,1.5
17.08.2021 00:19:17.249,6.31507,6.314280000000001,1.62,1.12
17.08.2021 00:19:17.451,6.315040000000001,6.31423,1.5,1.62
17.08.2021 00:19:34.809,6.3151,6.31423,1.5,1.62
17.08.2021 00:19:37.303,6.315180000000001,6.314430000000001,1,1
17.08.2021 00:19:37.404,6.315180000000001,6.31452,1,1
17.08.2021 00:19:37.454,6.315250000000001,6.31453,1,1.5
17.08.2021 00:19:37.505,6.315300000000001,6.31453,1.5,1.5
17.08.2021 00:19:39.400,6.315300000000001,6.31453,1.5,1.62
17.08.2021 00:19:42.057,6.31527,6.31453,1,1.5
17.08.2021 00:19:42.107,6.31522,6.314430000000001,1,1
17.08.2021 00:19:42.259,6.3151,6.314330000000001,1,1
17.08.2021 00:19:42.309,6.3151,6.314330000000001,1.5,1
17.08.2021 00:19:42.460,6.314990000000001,6.31423,1,1
17.08.2021 00:19:42.510,6.314990000000001,6.31423,1,1
17.08.2021 00:19:42.561,6.314990000000001,6.31422,1.5,1.5
17.08.2021 00:19:43.025,6.31486,6.31411,1,1.5
17.08.2021 00:19:43.126,6.31486,6.314030000000001,1.5,1.62
17.08.2021 00:19:45.282,6.314780000000001,6.314010000000001,1,1.5
17.08.2021 00:19:45.332,6.314830000000001,6.314010000000001,1.62,1.5
17.08.2021 00:19:52.890,6.314760000000001,6.314010000000001,1,1.5
17.08.2021 00:19:55.403,6.314760000000001,6.314010000000001,1.5,1.5
17.08.2021 00:20:10.900,6.31489,6.31402,2,1.62
17.08.2021 00:20:18.397,6.31487,6.31399,1,1.5
17.08.2021 00:20:26.576,6.314760000000001,6.314030000000001,1,1.5
17.08.2021 00:20:35.621,6.3148800000000005,6.314030000000001,1.5,1.62
17.08.2021 00:20:53.102,6.31477,6.31402,1,1.62
17.08.2021 00:20:57.047,6.31487,6.31417,1.5,1
17.08.2021 00:20:57.098,6.31487,6.31417,1,1.5
17.08.2021 00:20:57.198,6.314990000000001,6.31422,1.5,1.87
17.08.2021 00:20:57.350,6.31498,6.31423,1,2.37
17.08.2021 00:20:57.537,6.31507,6.31423,1.5,2.37
17.08.2021 00:20:57.588,6.31507,6.31423,1.5,2.37
17.08.2021 00:21:12.357,6.315080000000001,6.31422,1.5,2.37
17.08.2021 00:21:16.343,6.315040000000001,6.31423,1.5,1.62
17.08.2021 00:21:16.493,6.31487,6.314190000000001,1.12,1
17.08.2021 00:21:16.544,6.31487,6.3141300000000005,1.5,1
17.08.2021 00:21:16.644,6.31487,6.3141300000000005,1.62,1
17.08.2021 00:21:20.900,6.31487,6.31409,1.5,1.5
17.08.2021 00:21:38.505,6.314940000000001,6.31404,1.5,1.5
17.08.2021 00:21:38.707,6.31498,6.31414,1,1.5
17.08.2021 00:21:39.684,6.31505,6.31423,1.5,1.62
17.08.2021 00:22:07.900,6.31522,6.31432,1.62,1.62
17.08.2021 00:22:18.382,6.315080000000001,6.31425,1.5,1.5
17.08.2021 00:22:18.483,6.315,6.31414,1,1.5
17.08.2021 00:22:18.583,6.314900000000001,6.314030000000001,1.5,1.62
17.08.2021 00:22:23.401,6.3149500000000005,6.314030000000001,1.5,1.62
17.08.2021 00:22:59.041,6.31493,6.314030000000001,1,1.62
17.08.2021 00:23:22.846,6.31479,6.313930000000001,1.5,1.62
17.08.2021 00:23:23.036,6.31479,6.314030000000001,1.5,1.5
17.08.2021 00:25:14.617,6.31479,6.314030000000001,1.5,1.5
17.08.2021 00:25:47.856,6.31489,6.3141300000000005,1.5,1.5
17.08.2021 00:25:48.168,6.3149500000000005,6.3142000000000005,1,1
17.08.2021 00:25:48.268,6.315040000000001,6.31425,1.5,1.5
17.08.2021 00:25:48.457,6.31512,6.314330000000001,1.5,1.5
17.08.2021 00:25:48.608,6.31512,6.314430000000001,1.5,1
17.08.2021 00:25:48.658,6.31512,6.314430000000001,1,1.5
17.08.2021 00:25:48.709,6.31521,6.314430000000001,1.5,1.5
17.08.2021 00:26:01.137,6.31522,6.31442,1.5,1.62
17.08.2021 00:26:01.420,6.31521,6.314430000000001,1.5,1.5
17.08.2021 00:26:16.891,6.315180000000001,6.31436,1.5,1.5
17.08.2021 00:26:16.992,6.3151,6.314330000000001,1,1.62
17.08.2021 00:26:17.093,6.3150900000000005,6.31425,1.5,1.5
17.08.2021 00:26:33.817,6.3150900000000005,6.314240000000001,1.5,1.5
17.08.2021 00:26:59.207,6.315180000000001,6.31432,1,1.5
17.08.2021 00:26:59.734,6.31519,6.31432,1.5,1.62
17.08.2021 00:27:00.322,6.3151600000000006,6.314330000000001,1.5,1.62
17.08.2021 00:27:01.936,6.3150900000000005,6.314330000000001,1,1.5
17.08.2021 00:27:04.380,6.315080000000001,6.31425,1.5,1.5
17.08.2021 00:27:11.946,6.31501,6.314330000000001,1,1.5
17.08.2021 00:27:12.570,6.315080000000001,6.314330000000001,1,2
17.08.2021 00:27:18.597,6.31511,6.31449,1,1.5
17.08.2021 00:27:18.647,6.31522,6.3144800000000005,1.5,1.5
17.08.2021 00:27:18.799,6.31524,6.31442,1.12,1.5
17.08.2021 00:27:19.001,6.315230000000001,6.31439,1.5,1.5
17.08.2021 00:27:20.579,6.315230000000001,6.31439,1.5,1.5
17.08.2021 00:27:23.535,6.315230000000001,6.31436,1.5,1.5
17.08.2021 00:27:23.686,6.315230000000001,6.31445,1.5,1
17.08.2021 00:27:23.737,6.315230000000001,6.31445,1.12,1.5
17.08.2021 00:27:25.182,6.31524,6.314430000000001,1.62,2
17.08.2021 00:27:25.350,6.31524,6.314430000000001,1.62,2
17.08.2021 00:27:27.558,6.31537,6.314590000000001,1.62,1
17.08.2021 00:27:27.608,6.31537,6.314590000000001,1.5,1.5
17.08.2021 00:27:27.747,6.31538,6.31462,1.5,1
17.08.2021 00:27:27.848,6.31541,6.31465,1.5,1.5
17.08.2021 00:27:28.016,6.3153500000000005,6.31463,1.5,1.5
17.08.2021 00:27:29.999,6.31536,6.31454,1.5,1.5
17.08.2021 00:27:34.826,6.31536,6.31454,1.5,1.5
17.08.2021 00:27:43.326,6.31537,6.31453,1.62,1.5
17.08.2021 00:27:47.392,6.3151600000000006,6.314330000000001,2,2.37
17.08.2021 00:27:47.574,6.31517,6.31432,1.5,2.37
17.08.2021 00:27:55.998,6.3151600000000006,6.314330000000001,1.5,2.37
17.08.2021 00:27:56.099,6.31527,6.31452,1,1.5
17.08.2021 00:27:56.250,6.31537,6.31453,1.5,1.62
17.08.2021 00:27:56.703,6.31526,6.31453,1,1.62
17.08.2021 00:27:57.136,6.31531,6.31453,1.5,1.62
17.08.2021 00:28:03.278,6.3152800000000004,6.314500000000001,1,1.5
17.08.2021 00:28:03.329,6.315250000000001,6.3144100000000005,1,1.5
17.08.2021 00:28:03.512,6.31519,6.31432,1.5,1.62
17.08.2021 00:28:06.397,6.31515,6.314330000000001,1.5,1.5
17.08.2021 00:28:46.637,6.315040000000001,6.31427,1,1.5
17.08.2021 00:28:46.738,6.315040000000001,6.31426,1.5,1.5
17.08.2021 00:28:46.841,6.31502,6.31427,1,1.5
17.08.2021 00:28:46.942,6.3149500000000005,6.3141300000000005,1.5,1.5
17.08.2021 00:28:47.150,6.31487,6.314030000000001,1,2.37
17.08.2021 00:29:09.362,6.31487,6.314010000000001,1,1.5
17.08.2021 00:29:09.548,6.314780000000001,6.31396,1.5,1.5
17.08.2021 00:29:13.420,6.314730000000001,6.314030000000001,1,1.5
17.08.2021 00:29:13.487,6.31482,6.31402,1.5,1.5
17.08.2021 00:29:19.700,6.31491,6.3141300000000005,1.5,1.5
17.08.2021 00:29:25.698,6.31491,6.3141300000000005,1.5,1.5
17.08.2021 00:29:25.849,6.31491,6.3141300000000005,1,1.5
17.08.2021 00:29:26.010,6.31492,6.31412,1.5,1.5
17.08.2021 00:29:26.254,6.31491,6.3140600000000004,1.5,1.5
17.08.2021 00:29:32.402,6.31493,6.314030000000001,1.5,1.5
17.08.2021 00:29:45.705,6.314850000000001,6.314030000000001,1,1.5
17.08.2021 00:29:47.090,6.314850000000001,6.314030000000001,1,1.5
17.08.2021 00:30:04.520,6.314780000000001,6.314030000000001,1,1
17.08.2021 00:30:04.570,6.314780000000001,6.314030000000001,1.12,1
17.08.2021 00:30:04.781,6.31479,6.31395,1.5,1.5
17.08.2021 00:30:08.969,6.314830000000001,6.314030000000001,1.5,1
17.08.2021 00:30:37.895,6.31492,6.3141300000000005,1.5,1
17.08.2021 00:30:38.046,6.31498,6.31423,1.5,1.5
17.08.2021 00:30:41.436,6.31498,6.31412,1.5,1.62
17.08.2021 00:30:41.610,6.31497,6.31411,1.62,1.5
17.08.2021 00:30:44.308,6.31497,6.31411,1.62,1.5
17.08.2021 00:30:46.719,6.31489,6.31417,1,1.5
17.08.2021 00:30:48.127,6.315030000000001,6.31417,1.5,1.5
17.08.2021 00:30:48.178,6.31497,6.31412,1,1.62
17.08.2021 00:30:48.228,6.31496,6.3141300000000005,1,1.62
17.08.2021 00:30:48.395,6.31492,6.3141300000000005,1.5,1.62
17.08.2021 00:30:53.757,6.31501,6.31422,1.5,1.5
17.08.2021 00:30:53.931,6.315,6.31423,1.5,1.5
17.08.2021 00:30:54.178,6.31498,6.3141300000000005,1.5,1.62
17.08.2021 00:30:54.338,6.31497,6.3141300000000005,1,1.5
17.08.2021 00:30:58.795,6.314900000000001,6.31422,1,1.12
17.08.2021 00:30:58.997,6.31489,6.31423,1,1.5
17.08.2021 00:30:59.436,6.31497,6.31423,1,1.62
17.08.2021 00:31:03.519,6.315030000000001,6.31423,1.5,1.62
17.08.2021 00:31:20.728,6.31507,6.314280000000001,1.5,1.5
17.08.2021 00:31:37.875,6.315130000000001,6.314290000000001,1,1.5
17.08.2021 00:31:37.976,6.31501,6.31423,1,1.5
17.08.2021 00:31:38.097,6.31501,6.31423,1.5,1
17.08.2021 00:31:38.198,6.31502,6.31432,1.5,1
17.08.2021 00:31:38.249,6.31501,6.314330000000001,1,1.5
17.08.2021 00:31:38.617,6.31511,6.314280000000001,1.5,1.5
17.08.2021 00:31:39.393,6.31511,6.314330000000001,1.5,1.5
17.08.2021 00:32:05.037,6.31519,6.314430000000001,1.62,1.87
17.08.2021 00:32:05.158,6.31529,6.31453,1.5,1
17.08.2021 00:32:05.208,6.31529,6.31453,1.5,1.5
17.08.2021 00:32:08.429,6.31529,6.31453,1.12,1.62
17.08.2021 00:32:24.087,6.3152800000000004,6.31453,1,1
17.08.2021 00:32:24.187,6.3152800000000004,6.314430000000001,1.5,1.5
17.08.2021 00:32:24.339,6.31519,6.31439,1.5,1.5
17.08.2021 00:32:24.538,6.31519,6.314430000000001,1.5,1
17.08.2021 00:32:27.729,6.31517,6.31439,1,1.5
17.08.2021 00:32:27.901,6.31519,6.31432,1.5,2.37
17.08.2021 00:32:38.152,6.3152800000000004,6.3144800000000005,1,1.5
17.08.2021 00:32:38.253,6.31529,6.31453,2,1.5
17.08.2021 00:32:39.401,6.31529,6.31453,1.12,1.62
17.08.2021 00:32:43.108,6.31529,6.31453,1.5,1.62
17.08.2021 00:32:43.260,6.31517,6.31447,1.5,1
17.08.2021 00:32:43.310,6.315180000000001,6.31442,1.5,1.5
17.08.2021 00:32:43.461,6.31521,6.314430000000001,1.5,1.12
17.08.2021 00:32:43.612,6.315180000000001,6.314330000000001,1.5,2.37
17.08.2021 00:32:43.876,6.315230000000001,6.314430000000001,1,1
17.08.2021 00:32:44.077,6.31519,6.31432,1.5,2.37
17.08.2021 00:32:44.432,6.31524,6.314430000000001,1.5,1
17.08.2021 00:32:44.565,6.31524,6.314430000000001,1.5,1.5
17.08.2021 00:32:44.666,6.315180000000001,6.314330000000001,1.5,2.37
17.08.2021 00:32:45.449,6.315180000000001,6.314330000000001,1.5,2.37
17.08.2021 00:32:48.116,6.31524,6.314430000000001,1.5,1
17.08.2021 00:32:48.167,6.31524,6.314430000000001,1,1.5
17.08.2021 00:32:48.267,6.31529,6.31452,1,1.5
17.08.2021 00:32:48.724,6.31536,6.31453,2,1.62
17.08.2021 00:33:07.952,6.31545,6.31453,1,1.62
17.08.2021 00:33:36.886,6.315480000000001,6.314730000000001,1,1
17.08.2021 00:33:36.936,6.315440000000001,6.314730000000001,1,1.5
17.08.2021 00:33:37.138,6.31545,6.31462,1.5,1.62
17.08.2021 00:33:38.637,6.315440000000001,6.31463,1.5,1.5
17.08.2021 00:33:47.425,6.315340000000001,6.31453,1,1.62
17.08.2021 00:33:58.817,6.315340000000001,6.31453,1,1.5
17.08.2021 00:33:58.983,6.3153500000000005,6.31452,1,1.62
17.08.2021 00:34:05.401,6.3153500000000005,6.31453,1,1.62
17.08.2021 00:34:34.433,6.31536,6.31463,1.5,1
17.08.2021 00:34:34.484,6.31536,6.31463,1.5,1.5
17.08.2021 00:35:20.223,6.31537,6.31452,1.5,1.62
17.08.2021 00:35:20.324,6.3152800000000004,6.31453,1,1
17.08.2021 00:35:20.425,6.31517,6.31444,1,1.87
17.08.2021 00:35:23.529,6.31526,6.31432,1.5,1.62
17.08.2021 00:35:25.955,6.315250000000001,6.314430000000001,1.5,1
17.08.2021 00:35:26.579,6.315250000000001,6.314330000000001,1.5,1.62
17.08.2021 00:35:27.486,6.31526,6.31442,1.5,1
17.08.2021 00:35:27.888,6.31526,6.31432,1.5,1.62
17.08.2021 00:35:27.938,6.315250000000001,6.314430000000001,1.5,1
17.08.2021 00:35:28.063,6.31526,6.31432,1.5,1.62
17.08.2021 00:35:31.534,6.315180000000001,6.314330000000001,1.5,1.62
17.08.2021 00:35:37.064,6.315130000000001,6.31423,1.5,1.62
17.08.2021 00:35:37.165,6.315080000000001,6.31423,1.5,1.62
17.08.2021 00:35:37.316,6.31507,6.3142000000000005,1,1.5
17.08.2021 00:35:39.519,6.31501,6.31423,1.12,1.5
17.08.2021 00:35:39.720,6.31512,6.31422,1.5,1.62
17.08.2021 00:35:47.648,6.31511,6.314330000000001,1.5,1.5
17.08.2021 00:36:31.710,6.31511,6.314330000000001,1.5,1.5
17.08.2021 00:36:53.161,6.31511,6.314330000000001,1.5,2
17.08.2021 00:36:53.362,6.315230000000001,6.31444,1.5,1.5
17.08.2021 00:36:53.463,6.31524,6.31452,1.5,1
17.08.2021 00:36:53.601,6.315230000000001,6.31453,1,1.5
17.08.2021 00:36:53.799,6.31532,6.31453,1.5,1.5
17.08.2021 00:37:15.782,6.31533,6.31462,1.5,1
17.08.2021 00:37:19.185,6.31532,6.31453,1.5,1.62
17.08.2021 00:37:19.353,6.31532,6.31453,1.5,1.62
17.08.2021 00:37:46.785,6.31532,6.31453,1,1.62
17.08.2021 00:37:46.936,6.31546,6.31463,1,1.5
17.08.2021 00:37:47.087,6.315440000000001,6.314640000000001,1.5,1.5
17.08.2021 00:37:48.629,6.31547,6.314730000000001,1,1
17.08.2021 00:37:48.730,6.31552,6.314730000000001,1.5,1.62
17.08.2021 00:37:51.401,6.31552,6.314730000000001,1.5,1.62
17.08.2021 00:37:51.820,6.31552,6.314730000000001,1.5,1.62
17.08.2021 00:37:52.135,6.31552,6.314730000000001,2,1
17.08.2021 00:37:52.186,6.31541,6.31463,1,1.62
17.08.2021 00:37:52.411,6.31537,6.31456,1,1.5
17.08.2021 00:38:02.590,6.31538,6.31456,1.5,1.5
17.08.2021 00:38:02.786,6.3152800000000004,6.31454,1,1.5
17.08.2021 00:38:04.888,6.31527,6.3145500000000006,1,1.5
17.08.2021 00:38:06.322,6.31527,6.3145500000000006,1,1.5
17.08.2021 00:38:11.904,6.31527,6.3145500000000006,1,1.5
17.08.2021 00:38:19.074,6.31537,6.31453,1,1.5
17.08.2021 00:38:44.268,6.31547,6.31463,1,1.5
17.08.2021 00:38:50.147,6.31547,6.3148,1.5,1.12
17.08.2021 00:38:50.256,6.31538,6.314830000000001,1,1.12
17.08.2021 00:38:50.357,6.31571,6.31492,1.5,1
17.08.2021 00:38:50.408,6.3157000000000005,6.31497,1.5,1
17.08.2021 00:38:50.559,6.31578,6.315030000000001,1,1.5
17.08.2021 00:38:50.667,6.31587,6.315030000000001,1.5,1.5
17.08.2021 00:38:50.720,6.31587,6.315030000000001,1.5,1.5
17.08.2021 00:38:50.921,6.31578,6.315030000000001,1,1.5
17.08.2021 00:38:50.971,6.31573,6.3149500000000005,1,1.5
17.08.2021 00:38:51.130,6.31573,6.31493,1,1.5
17.08.2021 00:38:53.902,6.315740000000001,6.31493,1,1.5
17.08.2021 00:38:55.833,6.31575,6.31493,1.5,1.12
17.08.2021 00:38:55.934,6.315740000000001,6.314830000000001,1.5,2.37
17.08.2021 00:38:56.035,6.3156,6.31482,1.5,1.62
17.08.2021 00:38:56.136,6.3155600000000005,6.314830000000001,1,1.5
17.08.2021 00:39:02.654,6.31559,6.314830000000001,1.5,1.62
17.08.2021 00:39:06.997,6.3155600000000005,6.314830000000001,1,1
17.08.2021 00:39:07.199,6.31545,6.31465,1,1.5
17.08.2021 00:39:09.375,6.315480000000001,6.31465,1.5,1.5
17.08.2021 00:39:09.598,6.315480000000001,6.314760000000001,1.12,1.5
17.08.2021 00:39:09.778,6.3154900000000005,6.31475,1,1.5
17.08.2021 00:39:10.902,6.315480000000001,6.314760000000001,1,1.5
17.08.2021 00:39:13.791,6.3154900000000005,6.31472,1.5,1
17.08.2021 00:39:13.954,6.315480000000001,6.31463,1.5,1.62
17.08.2021 00:39:17.402,6.31547,6.31463,1,1.62
17.08.2021 00:39:51.666,6.3155600000000005,6.314640000000001,1,1.5
17.08.2021 00:39:51.817,6.31554,6.314830000000001,1.5,1
17.08.2021 00:39:51.868,6.31554,6.314830000000001,1.5,1.62
17.08.2021 00:39:56.606,6.315580000000001,6.314690000000001,1.62,1.12
17.08.2021 00:39:56.851,6.315480000000001,6.31462,1,1.62
17.08.2021 00:40:14.996,6.31547,6.31463,1.62,1.5
17.08.2021 00:40:15.196,6.31547,6.31463,1.62,1.62
17.08.2021 00:40:17.460,6.31531,6.31463,1,1
17.08.2021 00:40:17.561,6.31526,6.31453,1,1.62
17.08.2021 00:40:17.668,6.31519,6.314430000000001,1,1.62
17.08.2021 00:40:17.769,6.31519,6.314330000000001,1.5,1.5
17.08.2021 00:40:19.903,6.31517,6.3143400000000005,1.5,1.5
17.08.2021 00:40:26.338,6.31527,6.314430000000001,1,1
17.08.2021 00:40:26.439,6.315300000000001,6.31453,1.5,1
17.08.2021 00:40:26.490,6.315300000000001,6.31453,1.5,1.62
17.08.2021 00:40:28.097,6.31524,6.314430000000001,1,1.5
17.08.2021 00:40:28.147,6.31522,6.314430000000001,1,1
17.08.2021 00:40:28.248,6.315180000000001,6.314380000000001,1.5,1.5
17.08.2021 00:40:28.881,6.31515,6.3143400000000005,1.5,1.5
17.08.2021 00:40:35.602,6.31515,6.3143400000000005,1.5,1.5
17.08.2021 00:40:38.349,6.3150900000000005,6.3143400000000005,1,1.5
17.08.2021 00:40:43.403,6.31517,6.314330000000001,1,1.62
17.08.2021 00:40:45.621,6.3151600000000006,6.314330000000001,1,1.62
17.08.2021 00:40:46.302,6.315180000000001,6.314430000000001,1,1
17.08.2021 00:40:46.415,6.315180000000001,6.314330000000001,1.62,1.62
17.08.2021 00:40:46.465,6.315180000000001,6.314330000000001,1.62,1.62
17.08.2021 00:40:49.468,6.31517,6.314330000000001,1,1.62
17.08.2021 00:40:49.602,6.31517,6.314430000000001,1,1
17.08.2021 00:40:49.735,6.31517,6.314330000000001,1,1.62
17.08.2021 00:40:59.547,6.3151600000000006,6.31442,1.5,1
17.08.2021 00:40:59.619,6.31515,6.314330000000001,1.5,1.62
17.08.2021 00:41:05.801,6.31515,6.314330000000001,1.5,2.37
17.08.2021 00:41:05.902,6.31515,6.314430000000001,1.5,1
17.08.2021 00:41:06.003,6.315180000000001,6.314430000000001,1,1
17.08.2021 00:41:06.194,6.31519,6.31452,1,1
17.08.2021 00:41:06.244,6.31519,6.31442,1,2.37
17.08.2021 00:41:06.345,6.315180000000001,6.31453,1,1
17.08.2021 00:41:06.831,6.31519,6.314430000000001,1,2.37
17.08.2021 00:41:06.947,6.3151600000000006,6.314430000000001,1,2.37
17.08.2021 00:41:06.998,6.31517,6.31442,1.5,1
17.08.2021 00:41:07.152,6.3151600000000006,6.314280000000001,1.5,1.5
17.08.2021 00:41:15.979,6.3150900000000005,6.31426,1,1.5
17.08.2021 00:41:17.352,6.31511,6.314330000000001,1.5,1.5
17.08.2021 00:41:22.401,6.31511,6.314330000000001,1.5,1.5
17.08.2021 00:41:29.902,6.3150900000000005,6.31426,1,1.5
17.08.2021 00:41:46.342,6.31511,6.314430000000001,1.5,1
17.08.2021 00:41:46.483,6.31511,6.314330000000001,1.5,1.5
17.08.2021 00:41:53.402,6.31511,6.314330000000001,1.5,1.5
17.08.2021 00:41:56.746,6.31521,6.314330000000001,1,2.37
17.08.2021 00:42:01.402,6.315180000000001,6.314330000000001,1.5,1.62
17.08.2021 00:42:02.349,6.31517,6.314330000000001,1,1.62
17.08.2021 00:42:24.440,6.315080000000001,6.31423,1.62,1.62
17.08.2021 00:42:26.393,6.315080000000001,6.31423,1,1.62
17.08.2021 00:42:37.384,6.315180000000001,6.31432,1,1.5
17.08.2021 00:42:45.035,6.315130000000001,6.314330000000001,1,1.62
17.08.2021 00:42:45.424,6.315130000000001,6.314330000000001,1,1.62
17.08.2021 00:42:46.629,6.31511,6.314330000000001,1.5,1.62
17.08.2021 00:42:47.496,6.31511,6.314330000000001,1.5,1.62
17.08.2021 00:42:58.701,6.31512,6.31432,1.5,1.62
17.08.2021 00:43:07.537,6.31511,6.314330000000001,1.5,1.5
17.08.2021 00:43:23.368,6.31511,6.314430000000001,1.5,1
17.08.2021 00:43:23.433,6.31511,6.314430000000001,1.5,1
17.08.2021 00:43:23.633,6.31511,6.314330000000001,1.5,1.62
17.08.2021 00:43:24.047,6.31512,6.31442,1.5,1
17.08.2021 00:43:24.147,6.31521,6.314430000000001,1.5,1.5
17.08.2021 00:43:24.198,6.3152800000000004,6.31453,1.5,1
17.08.2021 00:43:24.349,6.3152800000000004,6.31463,1,1
17.08.2021 00:43:28.154,6.3154,6.31462,1.5,1.5
17.08.2021 00:43:28.255,6.315390000000001,6.314730000000001,1,1.12
17.08.2021 00:43:32.973,6.31551,6.31472,1.5,1.12
17.08.2021 00:43:35.108,6.3155,6.314730000000001,1.5,1.5
17.08.2021 00:43:35.213,6.315580000000001,6.314830000000001,1.5,1
17.08.2021 00:43:35.314,6.315580000000001,6.314830000000001,1,1.5
17.08.2021 00:43:35.415,6.31567,6.314830000000001,1.5,1.62
17.08.2021 00:43:35.545,6.31567,6.314830000000001,1.5,1.62
17.08.2021 00:43:35.709,6.31567,6.314830000000001,1.62,1.5
17.08.2021 00:43:43.242,6.31566,6.3148100000000005,1,1.5
17.08.2021 00:43:43.437,6.31555,6.3148,1,1.5
17.08.2021 00:43:44.246,6.31555,6.3148,1.5,1.5
17.08.2021 00:43:44.774,6.31555,6.3148,1,1.5
17.08.2021 00:43:44.977,6.31555,6.3148,1.5,1.5
17.08.2021 00:43:45.193,6.31555,6.3148,1,1.5
17.08.2021 00:43:45.378,6.31555,6.3148,1.5,1.5
17.08.2021 00:43:46.511,6.31555,6.3148,1,1.5
17.08.2021 00:43:46.757,6.31555,6.314760000000001,1.5,1.5
17.08.2021 00:43:51.490,6.31555,6.314830000000001,1,1.5
17.08.2021 00:43:57.477,6.31567,6.314830000000001,1,1.5
17.08.2021 00:44:13.465,6.31555,6.314830000000001,1,1.5
17.08.2021 00:44:29.403,6.31555,6.314760000000001,1.5,1.5
17.08.2021 00:44:29.696,6.31555,6.314760000000001,1.5,1.5
17.08.2021 00:44:29.848,6.315480000000001,6.31465,1.5,1.5
17.08.2021 00:44:33.925,6.31533,6.3146,1,1.5
17.08.2021 00:44:37.403,6.31533,6.3146,1.12,1.5
17.08.2021 00:44:38.062,6.31541,6.31471,1,1.5
17.08.2021 00:44:38.237,6.315530000000001,6.31482,1,1.5
17.08.2021 00:44:40.754,6.3156300000000005,6.314830000000001,1.5,1.5
17.08.2021 00:44:44.032,6.31554,6.314730000000001,1,1.62
17.08.2021 00:44:44.082,6.31551,6.31465,1,2
17.08.2021 00:44:44.899,6.31547,6.31463,1,1.5
17.08.2021 00:44:45.442,6.31547,6.314730000000001,1.5,1
17.08.2021 00:44:45.593,6.31547,6.314730000000001,1.5,1.62
17.08.2021 00:44:46.131,6.3155600000000005,6.31482,1.5,1
17.08.2021 00:44:46.232,6.31555,6.314830000000001,1.12,1.5
17.08.2021 00:45:04.038,6.31555,6.314760000000001,1.5,1.5
17.08.2021 00:45:04.139,6.31541,6.314730000000001,1,1.5
17.08.2021 00:45:04.240,6.31542,6.31472,1.12,1.12
17.08.2021 00:45:04.526,6.31552,6.314760000000001,1.62,1.12
17.08.2021 00:45:04.679,6.31552,6.314760000000001,1.12,1.5
17.08.2021 00:45:08.487,6.31561,6.3148,1.5,1.5
17.08.2021 00:45:16.469,6.31561,6.31482,1.5,1.5
17.08.2021 00:45:25.795,6.31562,6.31486,1,1.5
17.08.2021 00:45:39.653,6.3156,6.314830000000001,1,1.62
17.08.2021 00:45:47.559,6.31561,6.3148,1.62,1.5
17.08.2021 00:45:48.325,6.31568,6.31497,1,1.5
17.08.2021 00:45:48.430,6.31578,6.31497,1.5,1.5
17.08.2021 00:45:48.535,6.31578,6.31496,1.5,1.5
17.08.2021 00:45:48.636,6.31568,6.31493,1,1
17.08.2021 00:45:48.737,6.31567,6.314830000000001,1,1.62
17.08.2021 00:45:55.403,6.3156300000000005,6.314830000000001,1.5,1.5
17.08.2021 00:45:57.161,6.3156300000000005,6.314830000000001,1.5,1.62
17.08.2021 00:46:22.686,6.31569,6.31492,1.5,1
17.08.2021 00:46:25.654,6.3156300000000005,6.314830000000001,1.5,1.62
17.08.2021 00:46:26.400,6.3156300000000005,6.314830000000001,1.5,1.62
17.08.2021 00:46:46.625,6.31568,6.314830000000001,1.5,1.62
17.08.2021 00:46:46.726,6.31571,6.31493,1.5,1.12
17.08.2021 00:46:46.827,6.31568,6.31487,1.5,1
17.08.2021 00:46:46.927,6.31567,6.31482,1.5,1.5
17.08.2021 00:46:49.903,6.31566,6.314830000000001,1.5,1.62
17.08.2021 00:47:20.181,6.31571,6.31493,1.5,1.12
17.08.2021 00:47:20.355,6.31572,6.31492,1.5,1.5
17.08.2021 00:47:20.599,6.315740000000001,6.31493,1.5,1
17.08.2021 00:47:59.942,6.315740000000001,6.314830000000001,1.5,1.5
17.08.2021 00:48:11.989,6.31572,6.31493,1,1
17.08.2021 00:48:14.256,6.315740000000001,6.315030000000001,1.5,1.12
17.08.2021 00:48:14.382,6.315740000000001,6.315030000000001,1,2.37
17.08.2021 00:48:15.574,6.31575,6.31512,1,1
17.08.2021 00:48:16.218,6.31592,6.31512,1.5,1
17.08.2021 00:48:22.500,6.315910000000001,6.315130000000001,1.5,1.62
17.08.2021 00:48:38.905,6.315980000000001,6.315130000000001,1.5,1.62
17.08.2021 00:48:45.511,6.316000000000001,6.315130000000001,1.5,1.62
17.08.2021 00:48:54.216,6.31592,6.31512,1.5,1.5
17.08.2021 00:49:12.861,6.31587,6.315030000000001,1,1.5
17.08.2021 00:49:12.980,6.31577,6.31501,1,1.5
17.08.2021 00:49:13.030,6.315740000000001,6.31496,1.5,1.5
17.08.2021 00:49:13.782,6.315740000000001,6.31493,1.5,1.62
17.08.2021 00:49:14.981,6.315740000000001,6.31493,1.5,1.62
17.08.2021 00:49:15.101,6.315830000000001,6.31502,1.5,1
17.08.2021 00:49:15.151,6.31582,6.315030000000001,1.5,1.5
17.08.2021 00:49:15.201,6.31582,6.315080000000001,1.5,1
17.08.2021 00:49:15.359,6.31582,6.315080000000001,1.5,1.5
17.08.2021 00:49:19.977,6.31582,6.315130000000001,1.5,1
17.08.2021 00:49:20.291,6.31582,6.315130000000001,1,1.5
17.08.2021 00:49:20.393,6.315910000000001,6.315130000000001,1.5,1.5
17.08.2021 00:49:24.509,6.315910000000001,6.315130000000001,1.5,1.5
17.08.2021 00:49:51.596,6.31592,6.31512,1.5,1.62
17.08.2021 00:50:02.168,6.315910000000001,6.315130000000001,1.5,1.5
17.08.2021 00:50:35.791,6.315910000000001,6.315130000000001,1.5,1.62
17.08.2021 00:50:50.779,6.31592,6.31502,1.5,1.62
17.08.2021 00:50:50.980,6.31585,6.31502,1,1.62
17.08.2021 00:51:09.440,6.31602,6.31514,1,1.62
17.08.2021 00:51:09.491,6.316050000000001,6.31524,1.5,1.5
17.08.2021 00:51:09.541,6.31604,6.315300000000001,1.5,1
17.08.2021 00:51:09.688,6.316050000000001,6.31532,1.5,1
17.08.2021 00:51:11.853,6.31611,6.31533,1.5,1.62
17.08.2021 00:51:14.365,6.31599,6.315230000000001,1,1.62
17.08.2021 00:51:14.525,6.31599,6.315130000000001,1,1.62
17.08.2021 00:51:17.603,6.31597,6.31512,1.5,1.5
17.08.2021 00:51:21.646,6.315880000000001,6.315030000000001,2,1
17.08.2021 00:51:22.715,6.31587,6.315130000000001,1,1
17.08.2021 00:51:22.765,6.315880000000001,6.31512,1,1.12
17.08.2021 00:51:22.928,6.315880000000001,6.315130000000001,1.5,1.5
17.08.2021 00:51:23.341,6.315880000000001,6.315030000000001,1.5,1.62
17.08.2021 00:51:23.522,6.315880000000001,6.315030000000001,2,1.62
17.08.2021 00:51:30.403,6.315880000000001,6.315130000000001,1.5,1.62
17.08.2021 00:51:37.241,6.3159600000000005,6.315230000000001,1.5,1
17.08.2021 00:51:37.292,6.3159600000000005,6.315230000000001,1.5,1
17.08.2021 00:51:37.465,6.3159600000000005,6.315230000000001,1.5,1.5
17.08.2021 00:51:37.606,6.3159600000000005,6.31533,1.5,1
17.08.2021 00:51:37.707,6.3159600000000005,6.31533,1,1.62
17.08.2021 00:51:37.837,6.316090000000001,6.31533,1.5,1.62
17.08.2021 00:51:37.888,6.3161000000000005,6.31532,1,1.62
17.08.2021 00:51:43.643,6.316090000000001,6.31533,1.5,1.62
17.08.2021 00:51:45.346,6.316090000000001,6.31526,1.5,1.5
17.08.2021 00:51:45.643,6.31604,6.31533,1,1
17.08.2021 00:51:46.369,6.316090000000001,6.31526,1.5,1.5
17.08.2021 00:52:08.540,6.31608,6.315230000000001,1.62,1.62
17.08.2021 00:52:08.741,6.315910000000001,6.31512,1.5,1.5
17.08.2021 00:52:09.131,6.315880000000001,6.315040000000001,1.5,1.5
17.08.2021 00:52:14.215,6.3159,6.315040000000001,1.5,1.5
17.08.2021 00:52:17.403,6.3159,6.315130000000001,1.5,1.5
17.08.2021 00:52:25.405,6.315980000000001,6.31512,1,1.5
17.08.2021 00:52:32.904,6.31597,6.315130000000001,1,1.5
17.08.2021 00:52:40.903,6.3159,6.315130000000001,1.5,1.62
17.08.2021 00:52:42.552,6.31599,6.31524,1.5,1.5
17.08.2021 00:52:42.653,6.316000000000001,6.3152800000000004,1.5,1
17.08.2021 00:52:42.754,6.31599,6.31533,1,1.5
17.08.2021 00:52:42.855,6.31608,6.3153500000000005,1,1.5
17.08.2021 00:52:42.966,6.316190000000001,6.3153500000000005,1.5,1.5
17.08.2021 00:52:55.402,6.316190000000001,6.3153500000000005,1.5,1.5
17.08.2021 00:52:57.214,6.31611,6.315430000000001,1.5,1
17.08.2021 00:52:57.284,6.31611,6.3153500000000005,1.5,1.5
17.08.2021 00:53:04.404,6.316190000000001,6.315340000000001,1.5,1.5
17.08.2021 00:53:24.673,6.316190000000001,6.315430000000001,1.5,1.5
17.08.2021 00:53:24.874,6.31632,6.315430000000001,2,1.62
17.08.2021 00:53:52.114,6.316280000000001,6.31532,2,1.62
17.08.2021 00:53:55.709,6.31627,6.315530000000001,1.62,1
17.08.2021 00:53:55.868,6.31635,6.315530000000001,1.5,1.5
17.08.2021 00:53:57.221,6.31646,6.31557,1.5,1.5
17.08.2021 00:53:57.423,6.31646,6.3156300000000005,1.5,1.62
17.08.2021 00:54:16.426,6.31647,6.3156300000000005,1,1.62
17.08.2021 00:54:37.901,6.316450000000001,6.3156300000000005,1,1.62
17.08.2021 00:54:38.375,6.31647,6.31572,1.5,1
17.08.2021 00:54:39.020,6.31646,6.3156300000000005,1.5,1.62
17.08.2021 00:54:42.188,6.31653,6.31573,1,1
17.08.2021 00:54:42.356,6.31644,6.3156300000000005,1,1.62
17.08.2021 00:54:44.144,6.31651,6.31573,1,1
17.08.2021 00:54:44.195,6.31655,6.31572,1.5,1.5
17.08.2021 00:54:44.388,6.316540000000001,6.31573,1.5,1.62
17.08.2021 00:54:44.863,6.316540000000001,6.31573,1.5,1.5
17.08.2021 00:54:45.013,6.316540000000001,6.31573,1.5,1.62
17.08.2021 00:54:45.207,6.316540000000001,6.31573,1.5,1.62
17.08.2021 00:54:50.151,6.31662,6.315830000000001,1.5,1.5
17.08.2021 00:54:50.252,6.31675,6.31592,1.5,1
17.08.2021 00:54:50.353,6.31674,6.315930000000001,1.5,1.5
17.08.2021 00:54:53.336,6.31675,6.31592,1.5,1.62
17.08.2021 00:54:59.562,6.31669,6.3158900000000004,1,1.5
17.08.2021 00:54:59.663,6.316580000000001,6.31582,1.5,1.5
17.08.2021 00:54:59.713,6.316590000000001,6.31568,2,1.5
17.08.2021 00:54:59.864,6.316580000000001,6.315830000000001,1.5,1
17.08.2021 00:54:59.996,6.316680000000001,6.31592,1,1
17.08.2021 00:55:00.046,6.3167100000000005,6.31592,1.5,1.5
17.08.2021 00:55:00.247,6.31679,6.3160300000000005,1.5,1
17.08.2021 00:55:00.532,6.31679,6.315930000000001,1.5,1.62
17.08.2021 00:55:01.395,6.31679,6.3160300000000005,1.5,1
17.08.2021 00:55:02.228,6.31683,6.31602,1.5,1.12
17.08.2021 00:55:08.900,6.31676,6.31592,1,1.5
17.08.2021 00:55:22.340,6.316680000000001,6.315930000000001,1,1.62
17.08.2021 00:55:22.440,6.31676,6.315930000000001,2,1.5
17.08.2021 00:55:25.486,6.31666,6.315880000000001,1.5,1.5
17.08.2021 00:55:32.450,6.31677,6.31592,1.5,1.62
17.08.2021 00:55:40.406,6.3167100000000005,6.315930000000001,1.5,1.5
17.08.2021 00:55:49.235,6.31681,6.3160300000000005,1.5,1
17.08.2021 00:55:49.285,6.31681,6.3160300000000005,1.5,1
17.08.2021 00:55:49.336,6.31682,6.31592,1.5,1.62
17.08.2021 00:55:51.450,6.316800000000001,6.3160300000000005,1,1
17.08.2021 00:55:54.699,6.316800000000001,6.31592,1,1.62
17.08.2021 00:55:58.592,6.31679,6.3160300000000005,1,1
17.08.2021 00:56:28.347,6.31675,6.3160300000000005,1.5,1.62
17.08.2021 00:56:28.398,6.31693,6.31613,1.5,1
17.08.2021 00:56:28.517,6.31684,6.316140000000001,1.5,1
17.08.2021 00:56:28.568,6.31684,6.316140000000001,1,1.5
17.08.2021 00:56:31.655,6.31693,6.31613,2,1.62
17.08.2021 00:56:31.818,6.31688,6.316050000000001,1.5,1.5
17.08.2021 00:56:32.096,6.31693,6.31613,1.5,1
17.08.2021 00:56:32.303,6.31693,6.31613,1.5,1.5
17.08.2021 00:56:32.520,6.31693,6.31613,1.5,1.5
17.08.2021 00:56:39.305,6.31693,6.316230000000001,1.5,1
17.08.2021 00:56:39.355,6.316940000000001,6.31612,1.5,1.62
17.08.2021 00:56:42.404,6.31693,6.3161000000000005,1,1.5
17.08.2021 00:56:43.254,6.31691,6.3161000000000005,1,1.5
17.08.2021 00:56:43.504,6.31693,6.316140000000001,1,1.5
17.08.2021 00:56:43.851,6.31701,6.31615,1,1.5
17.08.2021 00:56:48.336,6.31693,6.316090000000001,1.5,1.5
17.08.2021 00:56:48.487,6.316800000000001,6.31604,1,1.5
17.08.2021 00:56:48.538,6.31681,6.31602,1.5,1.5
17.08.2021 00:56:48.696,6.31679,6.3160300000000005,1,1.12
17.08.2021 00:56:52.100,6.316800000000001,6.31599,1.5,1.5
17.08.2021 00:56:52.567,6.316800000000001,6.31599,1.5,1.5
17.08.2021 00:57:13.707,6.31676,6.315930000000001,1.5,2.37
17.08.2021 00:57:15.615,6.31682,6.31602,1.5,1.5
17.08.2021 00:57:16.275,6.31681,6.3160300000000005,1.5,1
17.08.2021 00:57:16.982,6.3167800000000005,6.31599,1.5,1.5
17.08.2021 00:57:17.171,6.31682,6.31602,1.5,1
17.08.2021 00:57:20.740,6.316800000000001,6.315980000000001,1.5,2
17.08.2021 00:57:23.644,6.31675,6.315980000000001,1,1.5
17.08.2021 00:57:26.532,6.316800000000001,6.31594,1.5,1.5
17.08.2021 00:57:27.361,6.316800000000001,6.3160300000000005,1.5,1
17.08.2021 00:57:32.079,6.31681,6.31597,1.5,1.5
17.08.2021 00:57:32.889,6.31681,6.31602,1.5,1
17.08.2021 00:57:32.993,6.316800000000001,6.315980000000001,1.5,1.5
17.08.2021 00:57:39.307,6.316800000000001,6.31602,1.5,1
17.08.2021 00:58:02.854,6.316800000000001,6.315980000000001,1.5,1.5
17.08.2021 00:58:10.957,6.3167,6.31594,1,1.5
17.08.2021 00:58:11.058,6.316590000000001,6.31587,1,1.5
17.08.2021 00:58:11.109,6.3166,6.315830000000001,1,1.5
17.08.2021 00:58:15.116,6.316590000000001,6.31595,1,1
17.08.2021 00:58:17.373,6.31676,6.3160300000000005,1.5,1.12
17.08.2021 00:58:18.619,6.3167100000000005,6.315930000000001,1.5,1.62
17.08.2021 00:58:19.058,6.3166400000000005,6.315930000000001,1.5,1
17.08.2021 00:58:19.108,6.3166400000000005,6.315830000000001,1.5,1.62
17.08.2021 00:58:19.250,6.3166400000000005,6.315830000000001,1.5,1.62
17.08.2021 00:58:20.894,6.3166,6.31577,1.5,1.5
17.08.2021 00:58:21.045,6.31662,6.315830000000001,1.5,1
17.08.2021 00:58:21.095,6.31662,6.315830000000001,1.5,1.62
17.08.2021 00:58:21.196,6.31662,6.315930000000001,1.5,1
17.08.2021 00:58:23.905,6.31662,6.315930000000001,1.5,1.12
17.08.2021 00:58:24.763,6.31662,6.315930000000001,1,1.5
17.08.2021 00:58:28.169,6.31662,6.3160300000000005,1,1
17.08.2021 00:58:28.805,6.31674,6.3160300000000005,1.5,1
17.08.2021 00:58:29.102,6.31674,6.315930000000001,1.5,1.62
17.08.2021 00:58:30.316,6.31674,6.315930000000001,1.5,1.62
17.08.2021 00:58:45.574,6.3166400000000005,6.315930000000001,1.5,1
17.08.2021 00:58:45.624,6.31667,6.315830000000001,1,1.5
17.08.2021 00:58:45.786,6.316580000000001,6.31573,1.5,1.62
17.08.2021 00:58:45.887,6.31653,6.315830000000001,1.5,1
17.08.2021 00:58:45.988,6.3166400000000005,6.315930000000001,1.5,1
17.08.2021 00:58:47.581,6.3167100000000005,6.315930000000001,1.5,1.5
17.08.2021 00:59:03.808,6.316580000000001,6.315830000000001,1.5,1
17.08.2021 00:59:03.959,6.31652,6.31573,1,1
17.08.2021 00:59:04.009,6.31652,6.31567,1.5,2
17.08.2021 00:59:22.483,6.31627,6.3156300000000005,1,1
17.08.2021 00:59:22.533,6.31627,6.3155600000000005,1.12,1.5
17.08.2021 00:59:22.713,6.31627,6.315530000000001,1.62,1.5
17.08.2021 00:59:22.920,6.316280000000001,6.31542,2.37,1.62
17.08.2021 00:59:23.133,6.31627,6.315430000000001,2.75,1.62
17.08.2021 00:59:24.644,6.31627,6.315430000000001,2.75,1.62
17.08.2021 00:59:24.695,6.31627,6.315530000000001,1.62,1
17.08.2021 00:59:24.906,6.316280000000001,6.31545,1.62,1.5
17.08.2021 00:59:26.405,6.31627,6.31546,1.62,1.5
17.08.2021 00:59:28.816,6.31627,6.315530000000001,1.62,1
17.08.2021 00:59:28.866,6.31627,6.315530000000001,1.62,1.12
17.08.2021 00:59:29.067,6.31627,6.31546,1.5,1.5
17.08.2021 00:59:34.404,6.31626,6.31546,1,1.5
17.08.2021 00:59:34.675,6.31617,6.315430000000001,1.5,1
17.08.2021 00:59:34.877,6.316180000000001,6.315340000000001,2.37,1.5
17.08.2021 00:59:35.031,6.316180000000001,6.315340000000001,2.37,1.5
17.08.2021 00:59:35.256,6.31617,6.3153500000000005,2.37,1.5
17.08.2021 00:59:35.497,6.31606,6.3153500000000005,1,1.5
17.08.2021 00:59:35.880,6.31606,6.3153500000000005,1,2
17.08.2021 00:59:35.931,6.31615,6.3153500000000005,1.5,2
17.08.2021 00:59:57.767,6.31622,6.3153500000000005,1.5,2
17.08.2021 00:59:57.957,6.31626,6.3155600000000005,1.5,1
17.08.2021 00:59:58.007,6.31626,6.3155600000000005,1.5,1.5
17.08.2021 00:59:58.190,6.31626,6.3155600000000005,1,1.5
17.08.2021 00:59:58.415,6.31626,6.3156300000000005,1,1
17.08.2021 00:59:58.475,6.3163800000000005,6.3156300000000005,2,1
17.08.2021 00:59:58.626,6.31622,6.315430000000001,1.5,1
17.08.2021 00:59:58.736,6.316140000000001,6.3153500000000005,1.5,1.5
17.08.2021 00:59:58.847,6.316140000000001,6.3153500000000005,1.5,1.5
17.08.2021 01:00:00.411,6.3161000000000005,6.31533,1,1.5
17.08.2021 01:00:00.512,6.31599,6.315230000000001,1,1.5
17.08.2021 01:00:00.613,6.31599,6.315230000000001,1.5,1
17.08.2021 01:00:00.746,6.31599,6.315130000000001,1.5,2
17.08.2021 01:00:00.982,6.3159,6.315130000000001,1.5,1.5
17.08.2021 01:00:01.180,6.315840000000001,6.315030000000001,1.62,1.5
17.08.2021 01:00:01.231,6.315830000000001,6.315030000000001,1,1.5
17.08.2021 01:00:01.340,6.31573,6.31493,1,1.5
17.08.2021 01:00:01.491,6.315740000000001,6.314850000000001,1.5,2
17.08.2021 01:00:02.780,6.31566,6.314850000000001,1.5,1.5
17.08.2021 01:00:05.139,6.315650000000001,6.31493,1.5,1
17.08.2021 01:00:05.379,6.315650000000001,6.31486,1.5,2
17.08.2021 01:00:05.465,6.315650000000001,6.31486,1.5,2
17.08.2021 01:00:05.824,6.315650000000001,6.31486,1.5,2
17.08.2021 01:00:07.967,6.315650000000001,6.315030000000001,1.5,1
17.08.2021 01:00:08.068,6.315650000000001,6.31507,1,1
17.08.2021 01:00:08.169,6.31581,6.31507,1,1
17.08.2021 01:00:08.219,6.315830000000001,6.31507,1,1.5
17.08.2021 01:00:08.270,6.3159,6.31507,1.5,1.5
17.08.2021 01:00:08.650,6.3158,6.31507,1,1.5
17.08.2021 01:00:13.016,6.315740000000001,6.315030000000001,1,1
17.08.2021 01:00:13.067,6.315740000000001,6.31498,1.5,1
17.08.2021 01:00:13.168,6.31566,6.31493,1.12,1.62
17.08.2021 01:00:13.268,6.31566,6.31493,1.5,1.12
17.08.2021 01:00:14.041,6.31566,6.314830000000001,1.5,1.62
17.08.2021 01:00:25.068,6.31547,6.31472,1.5,1
17.08.2021 01:00:25.219,6.3151600000000006,6.31463,1,1.62
17.08.2021 01:00:25.269,6.3151600000000006,6.31463,1,1.12
17.08.2021 01:00:25.882,6.31536,6.31462,1.5,1.12
17.08.2021 01:00:31.189,6.3153500000000005,6.31463,1.5,1.62
17.08.2021 01:00:35.207,6.31547,6.314830000000001,1,1
17.08.2021 01:00:35.409,6.315530000000001,6.314830000000001,1,1.62
17.08.2021 01:00:42.674,6.31562,6.314830000000001,1.5,1.62
17.08.2021 01:00:49.022,6.31562,6.314830000000001,1.5,1.62
17.08.2021 01:00:51.057,6.31562,6.314830000000001,1.5,1.62
17.08.2021 01:00:52.868,6.31551,6.314830000000001,1,1.62
17.08.2021 01:00:52.918,6.31551,6.314830000000001,1.12,1
17.08.2021 01:00:53.782,6.31551,6.314830000000001,1,1.5
17.08.2021 01:00:53.984,6.31551,6.314830000000001,1.12,1.12
17.08.2021 01:00:58.869,6.31551,6.314830000000001,1,1.5
17.08.2021 01:01:05.285,6.31567,6.31475,1.62,1.5
17.08.2021 01:01:07.906,6.31564,6.31486,1.5,1.5
17.08.2021 01:01:14.833,6.3156300000000005,6.3148100000000005,1.5,1.5
17.08.2021 01:01:15.405,6.3156300000000005,6.3148100000000005,1.5,1.5
17.08.2021 01:01:19.122,6.31568,6.314850000000001,1,1.5
17.08.2021 01:01:23.405,6.315740000000001,6.31486,1.5,1.5
17.08.2021 01:01:24.309,6.315740000000001,6.31486,1.5,1.5
17.08.2021 01:01:24.510,6.31578,6.315130000000001,1,1.5
17.08.2021 01:01:25.005,6.3158900000000004,6.315030000000001,1.5,1.62
17.08.2021 01:01:25.818,6.3158900000000004,6.315130000000001,1.5,1.5
17.08.2021 01:01:26.526,6.3159,6.31512,1.5,1.62
17.08.2021 01:01:30.833,6.3159,6.31522,1,1.5
17.08.2021 01:01:30.934,6.3160300000000005,6.315230000000001,1,1.62
17.08.2021 01:01:30.984,6.316050000000001,6.31533,1.5,1
17.08.2021 01:01:31.085,6.316050000000001,6.315340000000001,1.5,1
17.08.2021 01:01:31.187,6.316050000000001,6.315340000000001,1,1.5
17.08.2021 01:01:31.824,6.31617,6.315340000000001,1.5,1.5
17.08.2021 01:01:32.593,6.31617,6.315430000000001,1.5,1
17.08.2021 01:01:38.906,6.31617,6.315430000000001,1.5,1.5
17.08.2021 01:01:42.078,6.31617,6.31533,2,1.62
17.08.2021 01:01:45.038,6.31617,6.31533,2.37,1.62
17.08.2021 01:01:50.468,6.31617,6.31533,2.37,1.62
17.08.2021 01:02:00.346,6.31604,6.31532,1,1.62
17.08.2021 01:02:00.447,6.316000000000001,6.315130000000001,1,1.62
17.08.2021 01:02:00.497,6.3160300000000005,6.315130000000001,1.5,1.62
17.08.2021 01:02:00.598,6.31597,6.31522,1.5,1
17.08.2021 01:02:00.699,6.3159600000000005,6.315130000000001,1.5,1.62
17.08.2021 01:02:00.811,6.31597,6.31522,1.5,1
17.08.2021 01:02:00.861,6.3159600000000005,6.315130000000001,1.5,1.62
17.08.2021 01:02:03.770,6.31594,6.315230000000001,1.5,1
17.08.2021 01:02:08.812,6.31594,6.315130000000001,1.5,1.62
17.08.2021 01:02:10.405,6.3159600000000005,6.31512,1.5,1.62
17.08.2021 01:02:11.891,6.316000000000001,6.315230000000001,1.5,1
17.08.2021 01:02:11.941,6.31601,6.31522,1.5,1
17.08.2021 01:02:12.229,6.3160300000000005,6.315230000000001,1.12,1.62
17.08.2021 01:02:12.390,6.3160300000000005,6.315230000000001,1.5,1.62
17.08.2021 01:02:15.208,6.3160300000000005,6.31533,1.5,1.12
17.08.2021 01:02:15.409,6.3160300000000005,6.31533,1,1.62
17.08.2021 01:02:26.465,6.316000000000001,6.315230000000001,1.5,1
17.08.2021 01:02:26.681,6.31597,6.315180000000001,1,1.5
17.08.2021 01:02:26.987,6.3158900000000004,6.315180000000001,1.5,1
17.08.2021 01:02:27.112,6.3158900000000004,6.315130000000001,1.5,1.5
17.08.2021 01:02:29.003,6.31595,6.315130000000001,1.5,1
17.08.2021 01:02:29.142,6.315880000000001,6.315030000000001,1.5,1.62
17.08.2021 01:02:30.061,6.315840000000001,6.315030000000001,1.5,1.62
17.08.2021 01:02:30.195,6.31576,6.31512,1,1
17.08.2021 01:02:31.114,6.31575,6.315030000000001,1,1.62
17.08.2021 01:02:31.232,6.31575,6.315030000000001,1,1.62
17.08.2021 01:02:37.572,6.3159,6.315030000000001,1.5,1.62
17.08.2021 01:02:41.371,6.315910000000001,6.31512,1.5,1.5
17.08.2021 01:02:41.472,6.31602,6.315230000000001,1.5,1
17.08.2021 01:02:41.573,6.31606,6.31533,1.5,1
17.08.2021 01:02:41.723,6.3161000000000005,6.31533,1.5,1.5
17.08.2021 01:02:41.825,6.316090000000001,6.315430000000001,1.5,1
17.08.2021 01:02:41.925,6.31613,6.31533,1,1.5
17.08.2021 01:02:41.976,6.316180000000001,6.31542,1.5,1
17.08.2021 01:02:43.136,6.31617,6.315340000000001,1.5,1.5
17.08.2021 01:02:43.441,6.31617,6.315340000000001,1.5,1.5
17.08.2021 01:02:45.365,6.31617,6.315430000000001,1.5,1
17.08.2021 01:02:45.415,6.316180000000001,6.31533,1.5,1.5
17.08.2021 01:02:45.510,6.31617,6.315430000000001,1.5,1
17.08.2021 01:02:45.560,6.31617,6.315340000000001,1.5,1.5
17.08.2021 01:02:45.661,6.31617,6.315430000000001,1.5,1
17.08.2021 01:02:49.402,6.31617,6.315430000000001,1.5,1.12
17.08.2021 01:02:58.910,6.31617,6.315340000000001,1.5,1.5
17.08.2021 01:02:59.066,6.316180000000001,6.31542,1.5,1
17.08.2021 01:03:00.417,6.316180000000001,6.31533,1.5,1.5
17.08.2021 01:03:05.710,6.31617,6.315430000000001,1.5,1
17.08.2021 01:03:05.811,6.31617,6.315430000000001,1.5,1.5
17.08.2021 01:03:20.401,6.31617,6.315430000000001,1.5,1
17.08.2021 01:03:40.424,6.31617,6.315430000000001,1.5,1.62
17.08.2021 01:03:40.627,6.31617,6.315430000000001,1.5,1.12
17.08.2021 01:03:51.740,6.31622,6.31542,1.5,1.62
17.08.2021 01:03:51.790,6.31622,6.31542,1.5,1.62
17.08.2021 01:03:51.925,6.31606,6.315430000000001,1,1
17.08.2021 01:03:51.976,6.31607,6.31522,1.5,1.5
17.08.2021 01:03:52.026,6.31608,6.31533,1.5,1
17.08.2021 01:03:52.177,6.31608,6.315430000000001,1.5,1
17.08.2021 01:03:58.324,6.31608,6.315430000000001,1,1.12
17.08.2021 01:04:03.627,6.31621,6.315430000000001,1.5,1
17.08.2021 01:04:03.678,6.316180000000001,6.31532,1.5,1.62
17.08.2021 01:04:03.787,6.31617,6.315430000000001,1.5,1
17.08.2021 01:04:03.837,6.31617,6.315430000000001,1.5,1
17.08.2021 01:04:12.200,6.316190000000001,6.315340000000001,1.5,1.5
17.08.2021 01:04:20.715,6.31627,6.315430000000001,1.62,1
17.08.2021 01:04:20.851,6.316280000000001,6.31545,1,1
17.08.2021 01:04:20.902,6.316280000000001,6.31545,1,1.5
17.08.2021 01:04:21.103,6.316280000000001,6.31542,1.5,1.62
17.08.2021 01:04:30.022,6.31627,6.315430000000001,1.5,1.62
17.08.2021 01:04:38.405,6.31627,6.315430000000001,1.5,1.62
17.08.2021 01:04:47.648,6.31627,6.31545,1.5,1
17.08.2021 01:04:47.855,6.31627,6.315430000000001,1.5,1.62
17.08.2021 01:04:48.461,6.31629,6.31552,1,1.5
17.08.2021 01:04:48.562,6.316280000000001,6.3156300000000005,1,1
17.08.2021 01:04:48.663,6.31647,6.3156300000000005,1.62,1.62
17.08.2021 01:04:51.408,6.316280000000001,6.3155600000000005,1.5,1.5
17.08.2021 01:04:51.459,6.316280000000001,6.3155600000000005,1.5,1
17.08.2021 01:04:52.595,6.316280000000001,6.3155600000000005,1,1.5
17.08.2021 01:04:53.905,6.316280000000001,6.3156300000000005,1,1
17.08.2021 01:04:58.451,6.316280000000001,6.315530000000001,1.12,1.62
17.08.2021 01:04:58.606,6.316280000000001,6.315530000000001,1.5,1.62
17.08.2021 01:04:59.938,6.31635,6.3156300000000005,1,1
17.08.2021 01:05:00.091,6.31635,6.3156300000000005,1,1
17.08.2021 01:05:01.114,6.3163800000000005,6.315530000000001,1.5,1.62
17.08.2021 01:05:01.973,6.31639,6.31552,1.5,1.62
17.08.2021 01:05:09.158,6.31643,6.3156300000000005,1.5,1.5
17.08.2021 01:05:09.525,6.3163800000000005,6.3156300000000005,1.5,1
17.08.2021 01:05:11.296,6.3163800000000005,6.3156,1.5,1
17.08.2021 01:05:11.346,6.31622,6.315530000000001,1,1
17.08.2021 01:05:11.548,6.31622,6.31536,2,1.5
17.08.2021 01:05:15.444,6.31622,6.315430000000001,1.5,1.5
17.08.2021 01:05:15.595,6.316230000000001,6.3156300000000005,1.5,1
17.08.2021 01:05:15.645,6.316230000000001,6.3156300000000005,1,1
17.08.2021 01:05:15.746,6.31639,6.3156300000000005,1.5,1.12
17.08.2021 01:05:15.847,6.31639,6.3156300000000005,1.5,1.62
17.08.2021 01:05:25.406,6.31639,6.3156300000000005,1.5,1.62
17.08.2021 01:05:49.391,6.31639,6.3156300000000005,1.5,1.62
17.08.2021 01:05:49.512,6.31627,6.315430000000001,1.5,1.62
17.08.2021 01:05:49.613,6.31622,6.315430000000001,1.5,1.62
17.08.2021 01:05:50.215,6.31622,6.31533,1.5,1.62
17.08.2021 01:05:56.406,6.31613,6.31533,1.5,1.62
17.08.2021 01:06:03.446,6.31613,6.315430000000001,1.5,1
17.08.2021 01:06:04.742,6.31613,6.31533,1.5,1.62
17.08.2021 01:06:48.091,6.316000000000001,6.315230000000001,1,1.62
17.08.2021 01:06:48.192,6.31594,6.315130000000001,1,1.62
17.08.2021 01:06:48.243,6.31594,6.315130000000001,1.5,1.5
17.08.2021 01:06:49.335,6.315880000000001,6.31507,1.5,1.5
17.08.2021 01:07:34.030,6.31582,6.315030000000001,1.5,1
17.08.2021 01:07:34.131,6.3157000000000005,6.31493,1,1.5
17.08.2021 01:07:34.232,6.31569,6.31482,1.5,1.62
17.08.2021 01:07:37.905,6.3157000000000005,6.314830000000001,1.5,1.62
17.08.2021 01:07:45.405,6.315580000000001,6.31482,1.5,1.62
17.08.2021 01:07:49.419,6.31566,6.31493,1.5,1
17.08.2021 01:07:50.651,6.31566,6.314830000000001,1.5,1.62
17.08.2021 01:07:53.403,6.31566,6.314830000000001,1.5,1.62
17.08.2021 01:08:12.638,6.31566,6.31493,1.5,1
17.08.2021 01:08:13.663,6.31566,6.314830000000001,1.5,1.62
17.08.2021 01:08:23.403,6.31577,6.315030000000001,1,1
17.08.2021 01:08:23.557,6.3159,6.315030000000001,1.5,1.62
17.08.2021 01:08:35.148,6.315840000000001,6.315030000000001,1.5,1.62
17.08.2021 01:08:35.249,6.31573,6.315030000000001,1,1.5
17.08.2021 01:08:35.350,6.31573,6.315030000000001,1.5,1.12
17.08.2021 01:08:41.935,6.31582,6.315130000000001,1.5,1
17.08.2021 01:08:42.073,6.31582,6.315130000000001,1.5,1.12
17.08.2021 01:08:45.553,6.315830000000001,6.31502,1.5,1.62
17.08.2021 01:08:46.220,6.31582,6.315030000000001,1.5,1.62
17.08.2021 01:08:59.526,6.3159,6.315130000000001,1.5,1
17.08.2021 01:08:59.576,6.3159,6.315030000000001,1.5,1.62
17.08.2021 01:08:59.719,6.3159,6.315030000000001,1.5,1.62
17.08.2021 01:09:03.405,6.31595,6.315130000000001,1.5,1.62
17.08.2021 01:09:12.666,6.31595,6.315130000000001,1.5,1.62
17.08.2021 01:09:15.060,6.31585,6.315080000000001,1.5,1
17.08.2021 01:09:15.111,6.31586,6.31502,1.5,1.62
17.08.2021 01:09:15.262,6.31585,6.315030000000001,1.5,1.62
17.08.2021 01:09:19.321,6.315840000000001,6.315030000000001,1.5,1.62
17.08.2021 01:09:19.487,6.315840000000001,6.315030000000001,1.5,1.62
17.08.2021 01:09:19.741,6.31578,6.31497,1.5,1
17.08.2021 01:09:19.793,6.31577,6.31493,1.5,1.62
17.08.2021 01:09:19.944,6.315740000000001,6.31491,1.5,1.5
17.08.2021 01:09:28.579,6.31568,6.314830000000001,1.5,1.62
17.08.2021 01:09:41.264,6.31568,6.314830000000001,1.5,1.62
17.08.2021 01:09:56.773,6.3155600000000005,6.314730000000001,1.5,1.62
17.08.2021 01:09:56.924,6.31547,6.31465,1.5,1.5
17.08.2021 01:09:58.228,6.3153500000000005,6.31461,1.5,1
17.08.2021 01:09:58.472,6.315340000000001,6.31453,1.5,1.62
17.08.2021 01:09:59.013,6.315340000000001,6.31463,1.5,1
17.08.2021 01:10:01.737,6.3154,6.31453,1.5,1.62
17.08.2021 01:10:08.562,6.315440000000001,6.31462,1.5,1
17.08.2021 01:10:08.663,6.315430000000001,6.31463,1.5,1.5
17.08.2021 01:10:10.984,6.315430000000001,6.31463,1.5,1
17.08.2021 01:10:59.285,6.31545,6.31463,2,1.62
17.08.2021 01:10:59.386,6.31545,6.314730000000001,1.5,1
17.08.2021 01:10:59.487,6.31545,6.314830000000001,1,1.62
17.08.2021 01:10:59.640,6.31545,6.314830000000001,1,1.62
17.08.2021 01:10:59.941,6.31561,6.314830000000001,1.5,1.62
17.08.2021 01:11:22.482,6.31561,6.314830000000001,1.5,1.62
17.08.2021 01:11:24.308,6.31557,6.314730000000001,1,1.62
17.08.2021 01:11:25.145,6.31547,6.3146700000000004,1.5,1
17.08.2021 01:11:25.195,6.31547,6.31463,1.5,1.62
17.08.2021 01:11:31.906,6.31547,6.31463,1.5,1.62
17.08.2021 01:11:33.509,6.31546,6.314830000000001,1.5,1
17.08.2021 01:11:33.710,6.31555,6.314830000000001,1.5,1.5
17.08.2021 01:11:33.911,6.31555,6.314830000000001,1.5,1.5
17.08.2021 01:11:34.102,6.31555,6.314830000000001,1,1.5
17.08.2021 01:11:34.305,6.31555,6.3147400000000005,1.5,1.5
17.08.2021 01:11:36.868,6.31555,6.314830000000001,1.5,1.62
17.08.2021 01:11:37.173,6.3155600000000005,6.31484,1,1.5
17.08.2021 01:11:37.302,6.31555,6.31489,1,1
17.08.2021 01:11:38.222,6.315650000000001,6.31489,1.5,1
17.08.2021 01:11:47.402,6.315650000000001,6.31493,1.5,1.12
17.08.2021 01:11:51.293,6.315650000000001,6.315030000000001,1.5,1
17.08.2021 01:11:52.980,6.315650000000001,6.31493,1.5,1.12
17.08.2021 01:12:00.987,6.315740000000001,6.314850000000001,1.5,1.5
17.08.2021 01:12:01.170,6.31567,6.314830000000001,1,1.62
17.08.2021 01:12:09.411,6.315650000000001,6.314830000000001,1.5,1.62
17.08.2021 01:12:21.368,6.31554,6.314830000000001,1,1.62
17.08.2021 01:12:25.906,6.315650000000001,6.314850000000001,1.5,1.5
17.08.2021 01:12:26.007,6.315650000000001,6.31493,1.5,1.12
17.08.2021 01:12:28.392,6.315650000000001,6.31493,1.5,1.5
17.08.2021 01:12:29.224,6.315650000000001,6.315130000000001,1.5,1
17.08.2021 01:12:29.325,6.3158,6.31512,1,1.62
17.08.2021 01:12:29.747,6.3158,6.31512,1.12,1
17.08.2021 01:12:34.408,6.315740000000001,6.31493,1.5,1.62
17.08.2021 01:12:34.470,6.315650000000001,6.31493,1,1.62
17.08.2021 01:12:34.571,6.31566,6.31493,1.5,1
17.08.2021 01:12:39.430,6.31566,6.31491,1.5,1
17.08.2021 01:12:39.530,6.31566,6.314830000000001,1.5,1
17.08.2021 01:12:39.631,6.31564,6.31482,1.5,1.5
17.08.2021 01:12:41.906,6.3156300000000005,6.314830000000001,1.5,1.62
17.08.2021 01:12:48.778,6.315530000000001,6.314830000000001,1,1.62
17.08.2021 01:12:55.099,6.315530000000001,6.314830000000001,1,1.62
17.08.2021 01:12:57.406,6.315530000000001,6.314830000000001,1,1.62
17.08.2021 01:12:59.605,6.315530000000001,6.314830000000001,1.5,1.62
17.08.2021 01:13:02.520,6.315580000000001,6.314730000000001,1.5,1.62
17.08.2021 01:13:02.635,6.315580000000001,6.31479,1.5,1
17.08.2021 01:13:02.689,6.315580000000001,6.3148100000000005,1.5,1
17.08.2021 01:13:02.740,6.315580000000001,6.314730000000001,1.5,1.62
17.08.2021 01:13:05.406,6.31559,6.31472,1.5,1.62
17.08.2021 01:13:24.289,6.315530000000001,6.31463,2,1.5
17.08.2021 01:13:24.444,6.315440000000001,6.31463,1,1.5
17.08.2021 01:13:31.889,6.315530000000001,6.3146700000000004,2,1
17.08.2021 01:13:37.508,6.31554,6.31462,2,1.62
17.08.2021 01:13:39.517,6.315530000000001,6.314730000000001,2,1
17.08.2021 01:13:42.354,6.315530000000001,6.314730000000001,2,1.12
17.08.2021 01:13:47.566,6.315530000000001,6.314730000000001,2,1.12
17.08.2021 01:13:47.744,6.315530000000001,6.31463,1.5,1.62
17.08.2021 01:14:01.180,6.31531,6.31462,1,1
17.08.2021 01:14:01.867,6.315300000000001,6.31453,1.12,1.62
17.08.2021 01:14:01.917,6.31526,6.314430000000001,1,1.5
17.08.2021 01:14:02.018,6.315180000000001,6.31436,2,1.5
17.08.2021 01:14:02.218,6.315180000000001,6.31436,1.5,1.5
17.08.2021 01:14:03.111,6.31502,6.31436,1,1.5
17.08.2021 01:14:03.161,6.315030000000001,6.31432,1.12,1.62
17.08.2021 01:14:07.928,6.31511,6.314330000000001,1.5,1.62
17.08.2021 01:14:15.406,6.31511,6.314330000000001,1.5,1.62
17.08.2021 01:14:23.144,6.3152,6.314430000000001,1.5,1
17.08.2021 01:14:23.195,6.3152,6.314330000000001,1.5,1.62
17.08.2021 01:14:23.299,6.31521,6.31442,1.5,1
17.08.2021 01:14:23.350,6.3152,6.314330000000001,1.5,1.62
17.08.2021 01:14:23.400,6.3152,6.314430000000001,1.5,1
17.08.2021 01:14:23.451,6.3152,6.314330000000001,1.5,1.62
17.08.2021 01:14:23.519,6.31521,6.31442,1.5,1
17.08.2021 01:14:23.570,6.31521,6.31432,1.5,1.62
17.08.2021 01:14:23.644,6.3152,6.314430000000001,1.5,1
17.08.2021 01:14:23.694,6.3152,6.314330000000001,1.5,1.62
17.08.2021 01:14:23.795,6.3152,6.314430000000001,1.5,1
17.08.2021 01:14:23.845,6.3152,6.314330000000001,1.5,1.5
17.08.2021 01:14:23.896,6.3152,6.314430000000001,1.5,1
17.08.2021 01:14:23.946,6.3152,6.314330000000001,1.5,1.5
17.08.2021 01:14:24.020,6.3152,6.314430000000001,1.5,1
17.08.2021 01:14:24.070,6.3152,6.314330000000001,1.5,1.5
17.08.2021 01:14:24.145,6.3152,6.314430000000001,1.5,1
17.08.2021 01:14:24.195,6.3152,6.314330000000001,1.5,1.5
17.08.2021 01:14:24.270,6.3152,6.314430000000001,1.5,1
17.08.2021 01:14:24.320,6.3152,6.314330000000001,1.5,1.5
17.08.2021 01:14:24.421,6.3152,6.314430000000001,1.5,1
17.08.2021 01:14:24.471,6.3152,6.314330000000001,1.5,1.62
17.08.2021 01:14:24.522,6.3152,6.314430000000001,1.5,1
17.08.2021 01:14:24.572,6.3152,6.314330000000001,1.5,1.62
17.08.2021 01:14:24.644,6.3152,6.314430000000001,1.5,1
17.08.2021 01:14:24.695,6.3152,6.314330000000001,1.5,1.62
17.08.2021 01:14:24.769,6.3152,6.314430000000001,1.5,1
17.08.2021 01:14:24.820,6.3152,6.314330000000001,1.5,1.62
17.08.2021 01:14:24.924,6.3152,6.314430000000001,1.5,1
17.08.2021 01:14:24.974,6.3152,6.314330000000001,1.5,1.62
17.08.2021 01:14:25.025,6.3152,6.314430000000001,1.5,1
17.08.2021 01:14:25.075,6.31521,6.31432,1.5,1.62
17.08.2021 01:14:25.176,6.3152,6.314430000000001,1.5,1
17.08.2021 01:14:25.226,6.3152,6.314330000000001,1.5,1.62
17.08.2021 01:14:25.277,6.3152,6.314430000000001,1.5,1
17.08.2021 01:14:25.327,6.3152,6.314330000000001,1.5,1.62
17.08.2021 01:14:25.394,6.3152,6.314430000000001,1.5,1
17.08.2021 01:14:25.445,6.31521,6.31432,1.5,1.62
17.08.2021 01:14:25.547,6.3152,6.314430000000001,1.5,1
17.08.2021 01:14:25.597,6.31521,6.31432,1.5,1.62
17.08.2021 01:14:25.785,6.3152,6.314430000000001,1.5,1
17.08.2021 01:14:25.836,6.3152,6.314330000000001,1.5,1.62
17.08.2021 01:14:25.910,6.3152,6.314430000000001,1.5,1
17.08.2021 01:14:25.960,6.3152,6.314330000000001,1.5,1.62
17.08.2021 01:14:26.049,6.3152,6.314430000000001,1.5,1
17.08.2021 01:14:26.100,6.3152,6.314330000000001,1.5,1.62
17.08.2021 01:14:26.174,6.3152,6.314430000000001,1.5,1
17.08.2021 01:14:26.225,6.3152,6.314330000000001,1.5,1.62
17.08.2021 01:14:26.327,6.3152,6.314430000000001,1.5,1
17.08.2021 01:14:26.378,6.3152,6.314330000000001,1.5,1.62
17.08.2021 01:14:26.428,6.3152,6.314430000000001,1.5,1
17.08.2021 01:14:26.479,6.3152,6.314330000000001,1.5,1.62
17.08.2021 01:14:26.549,6.3152,6.314430000000001,1.5,1
17.08.2021 01:14:26.600,6.3152,6.314330000000001,1.5,1.62
17.08.2021 01:14:26.675,6.3152,6.314430000000001,1.5,1
17.08.2021 01:14:26.725,6.31521,6.31432,1.5,1.62
17.08.2021 01:14:26.800,6.31521,6.31442,1.5,1
17.08.2021 01:14:26.850,6.31521,6.31432,1.5,1.62
17.08.2021 01:14:26.925,6.31521,6.31442,1.5,1
17.08.2021 01:14:26.975,6.3152,6.314330000000001,1.5,1.62
17.08.2021 01:14:27.049,6.3152,6.314430000000001,1.5,1
17.08.2021 01:14:27.099,6.3152,6.314330000000001,1.5,1.62
17.08.2021 01:14:27.175,6.3152,6.314430000000001,1.5,1
17.08.2021 01:14:27.225,6.3152,6.314330000000001,1.5,1.62
17.08.2021 01:14:31.410,6.31515,6.314330000000001,1.5,1.5
17.08.2021 01:14:38.942,6.31511,6.314330000000001,1.5,1.5
17.08.2021 01:15:04.256,6.31511,6.314330000000001,1.5,1.62
17.08.2021 01:15:10.562,6.31511,6.314330000000001,1.5,1.62
17.08.2021 01:15:10.891,6.31511,6.314330000000001,1.5,1.62
17.08.2021 01:15:11.511,6.31511,6.314330000000001,1.5,1.62
17.08.2021 01:15:17.556,6.31501,6.31423,1,1.62
17.08.2021 01:15:17.606,6.31501,6.314150000000001,1.5,1.5
17.08.2021 01:15:17.657,6.314940000000001,6.3141300000000005,1.5,1.62
17.08.2021 01:15:17.758,6.31491,6.31412,1,1
17.08.2021 01:15:17.808,6.314900000000001,6.3141300000000005,1.5,1.5
17.08.2021 01:16:10.905,6.314940000000001,6.31404,1.5,1.5
17.08.2021 01:16:15.938,6.314830000000001,6.314030000000001,1.5,1.62
17.08.2021 01:16:18.094,6.314830000000001,6.3141300000000005,1.5,1
17.08.2021 01:16:18.195,6.314830000000001,6.3141300000000005,1.5,1.62
17.08.2021 01:16:18.768,6.314830000000001,6.31423,1.5,1
17.08.2021 01:16:18.818,6.31506,6.314330000000001,1.5,1.5
17.08.2021 01:16:18.869,6.3150900000000005,6.314330000000001,1.5,1.5
17.08.2021 01:16:29.946,6.31515,6.314330000000001,1.5,1
17.08.2021 01:16:30.047,6.31502,6.31423,1,1
17.08.2021 01:16:30.152,6.31498,6.314150000000001,1.5,1.5
17.08.2021 01:16:30.353,6.3149500000000005,6.314030000000001,1.5,1.5
17.08.2021 01:16:52.213,6.315040000000001,6.31423,1,1
17.08.2021 01:16:52.313,6.315080000000001,6.31426,1,1.5
17.08.2021 01:16:52.541,6.3150900000000005,6.31425,1,1.5
17.08.2021 01:17:38.406,6.31515,6.314280000000001,1.5,1.5
17.08.2021 01:17:46.622,6.315,6.31422,1.5,1
17.08.2021 01:17:46.823,6.314990000000001,6.3141300000000005,1.5,1.62
17.08.2021 01:17:47.098,6.31487,6.31412,1,1.5
17.08.2021 01:17:47.149,6.31486,6.3141300000000005,1.5,1.5
17.08.2021 01:17:57.877,6.31489,6.31402,1.5,1.62
17.08.2021 01:18:12.477,6.314940000000001,6.3141300000000005,1.5,1
17.08.2021 01:18:23.747,6.31486,6.31404,1.5,1.5
17.08.2021 01:18:27.428,6.31486,6.3141300000000005,1.5,1
17.08.2021 01:18:30.842,6.31486,6.31404,1.5,1.5
17.08.2021 01:18:30.958,6.3149500000000005,6.31412,1.5,1
17.08.2021 01:18:33.974,6.314940000000001,6.31404,1.5,1.5
17.08.2021 01:18:38.286,6.3148800000000005,6.314030000000001,1.5,1.5
17.08.2021 01:18:58.673,6.314940000000001,6.31409,1.5,1
17.08.2021 01:18:58.775,6.314940000000001,6.31404,1.5,1.5
17.08.2021 01:19:07.331,6.314940000000001,6.3141300000000005,1.5,1
17.08.2021 01:19:07.382,6.314940000000001,6.3141300000000005,1.5,1
17.08.2021 01:19:09.869,6.314940000000001,6.31404,1.5,1.5
17.08.2021 01:19:11.908,6.3148800000000005,6.314030000000001,1.5,1.5
17.08.2021 01:19:16.204,6.314940000000001,6.3141300000000005,1.5,1
17.08.2021 01:19:16.254,6.3149500000000005,6.314030000000001,1.5,1.5
17.08.2021 01:19:16.455,6.314940000000001,6.31404,1.5,1.5
17.08.2021 01:19:18.354,6.31486,6.3141300000000005,1.5,1
17.08.2021 01:19:19.904,6.31487,6.31412,1.5,1.12
17.08.2021 01:19:25.997,6.31486,6.314030000000001,1.5,1.62
17.08.2021 01:19:26.186,6.31486,6.314030000000001,1.5,1.62
17.08.2021 01:19:30.485,6.3148800000000005,6.314030000000001,1.5,1.5
17.08.2021 01:19:35.053,6.31493,6.3141300000000005,1.5,1
17.08.2021 01:19:35.104,6.31493,6.3141300000000005,1.5,1.12
17.08.2021 01:19:35.459,6.314990000000001,6.3141300000000005,2,1.62
17.08.2021 01:19:35.610,6.314990000000001,6.31423,1.5,1
17.08.2021 01:19:35.660,6.314990000000001,6.31423,1.5,1.62
17.08.2021 01:19:36.998,6.314990000000001,6.31422,1,1.62
17.08.2021 01:19:37.048,6.3149500000000005,6.31414,1,1.5
17.08.2021 01:19:37.368,6.31489,6.31402,2,1.5
17.08.2021 01:19:43.412,6.3148800000000005,6.314030000000001,2,1.62
17.08.2021 01:20:13.419,6.31479,6.314030000000001,1,1.62
17.08.2021 01:20:15.936,6.31479,6.314030000000001,1.5,1.62
17.08.2021 01:20:16.133,6.31479,6.314030000000001,1.5,1.62
17.08.2021 01:20:17.737,6.314760000000001,6.31388,1.5,1
17.08.2021 01:20:17.851,6.31462,6.31383,1.5,1.62
17.08.2021 01:20:22.408,6.31462,6.31383,1.5,1.62
17.08.2021 01:20:39.867,6.31472,6.313930000000001,1.5,1
17.08.2021 01:20:39.918,6.31475,6.314030000000001,1,1.5
17.08.2021 01:20:40.107,6.314760000000001,6.314030000000001,1,1.5
17.08.2021 01:20:40.267,6.3148800000000005,6.31402,1,1.5
17.08.2021 01:20:47.830,6.31462,6.314030000000001,1,1.5
17.08.2021 01:20:48.406,6.3148,6.314030000000001,1.5,1.5
17.08.2021 01:21:14.001,6.3148,6.314030000000001,1.5,1.62
17.08.2021 01:21:43.780,6.3148,6.313930000000001,1.5,1.62
17.08.2021 01:21:54.585,6.3148,6.314030000000001,1.5,1.5
17.08.2021 01:22:10.263,6.3148,6.314030000000001,1.5,1.5
17.08.2021 01:22:10.364,6.3146700000000004,6.313930000000001,1,1
17.08.2021 01:22:10.465,6.31458,6.31377,1,1.5
17.08.2021 01:22:10.515,6.314590000000001,6.31376,1.5,1.5
17.08.2021 01:22:11.407,6.31458,6.31377,1.5,1.5
17.08.2021 01:22:13.942,6.31461,6.31376,1.5,1.5
17.08.2021 01:22:22.998,6.31461,6.31382,1.5,1
17.08.2021 01:22:30.069,6.31462,6.31377,1,1.5
17.08.2021 01:22:32.156,6.31466,6.31377,1,1.5
17.08.2021 01:22:32.207,6.31466,6.31377,1,1.5
17.08.2021 01:22:34.905,6.31466,6.31377,1,1.5
17.08.2021 01:22:41.391,6.31457,6.31372,1.5,1.62
17.08.2021 01:22:41.750,6.31456,6.3137300000000005,1.5,1.62
17.08.2021 01:22:41.801,6.31457,6.31372,1.5,1.62
17.08.2021 01:22:51.536,6.3146,6.3137300000000005,1.5,1.62
17.08.2021 01:22:52.570,6.3147400000000005,6.313930000000001,1.5,1.5
17.08.2021 01:22:52.671,6.3147400000000005,6.314,1.5,1
17.08.2021 01:22:52.721,6.3147400000000005,6.313980000000001,1.5,1.5
17.08.2021 01:22:52.772,6.3147400000000005,6.313980000000001,1.12,1.5
17.08.2021 01:22:54.685,6.3147400000000005,6.314030000000001,1,1.62
17.08.2021 01:22:54.996,6.3147400000000005,6.314030000000001,1,1.62
17.08.2021 01:22:55.046,6.3147400000000005,6.314030000000001,1,1.62
17.08.2021 01:23:12.656,6.3148800000000005,6.314030000000001,1.5,1.62
17.08.2021 01:23:12.757,6.314940000000001,6.31402,1.5,1.62
17.08.2021 01:23:12.961,6.31484,6.314030000000001,1.5,1.62
17.08.2021 01:23:13.802,6.314850000000001,6.31402,1.5,1.62
17.08.2021 01:23:16.892,6.31484,6.314030000000001,1.5,1.62
17.08.2021 01:23:17.199,6.31493,6.3141300000000005,1.5,1
17.08.2021 01:23:17.350,6.31493,6.31412,1.5,1
17.08.2021 01:23:17.699,6.3148800000000005,6.314030000000001,1.5,1.62
17.08.2021 01:23:26.225,6.3148800000000005,6.31412,1.5,1
17.08.2021 01:23:26.428,6.314990000000001,6.31423,2,1.5
17.08.2021 01:23:26.679,6.31507,6.31423,1,1.5
17.08.2021 01:23:27.712,6.3151,6.31422,1.5,1.62
17.08.2021 01:23:39.006,6.3150900000000005,6.314330000000001,1.5,1.5
17.08.2021 01:23:45.955,6.31519,6.314330000000001,1.5,1.62
17.08.2021 01:23:46.170,6.315250000000001,6.314430000000001,1.5,1.5
17.08.2021 01:23:46.271,6.315230000000001,6.31453,1.5,1
17.08.2021 01:23:46.371,6.31533,6.31453,1.5,1.62
17.08.2021 01:23:46.558,6.31533,6.31454,1.5,1.5
17.08.2021 01:23:49.021,6.31533,6.31454,1.5,1.5
17.08.2021 01:23:49.222,6.31533,6.31454,1.5,1.5
17.08.2021 01:24:02.117,6.31541,6.31454,1.5,1.5
17.08.2021 01:24:02.318,6.31542,6.31463,1.5,1.5
17.08.2021 01:24:02.649,6.315430000000001,6.31462,1.5,1.62
17.08.2021 01:24:18.536,6.31547,6.3147,1,1
17.08.2021 01:24:18.636,6.31557,6.314730000000001,1.5,1.5
17.08.2021 01:24:29.232,6.31541,6.31454,1.5,1.5
17.08.2021 01:24:31.169,6.31542,6.31454,1.5,1.5
17.08.2021 01:24:34.141,6.31531,6.31453,1.5,1.62
17.08.2021 01:24:34.342,6.31531,6.31449,1.5,1.5
17.08.2021 01:24:34.544,6.31531,6.31453,1.5,1.62
17.08.2021 01:24:35.357,6.31532,6.31462,1,1.5
17.08.2021 01:24:35.508,6.31542,6.31463,1.5,1
17.08.2021 01:24:36.543,6.31542,6.31454,1.5,1.5
17.08.2021 01:24:55.409,6.315340000000001,6.31454,1.5,1.5
17.08.2021 01:25:02.906,6.31542,6.31454,1.5,1.5
17.08.2021 01:25:15.691,6.3152,6.314430000000001,1.5,1.5
17.08.2021 01:25:15.893,6.31515,6.314330000000001,1.5,1.62
17.08.2021 01:25:22.939,6.315130000000001,6.31432,1.5,1.5
17.08.2021 01:25:26.534,6.31512,6.314330000000001,1.5,1.62
17.08.2021 01:25:35.597,6.31531,6.31449,1.5,1.5
17.08.2021 01:25:35.799,6.3153500000000005,6.31454,1,1.5
17.08.2021 01:25:41.505,6.31532,6.31451,1.5,1
17.08.2021 01:25:41.606,6.31521,6.31432,1.87,1.62
17.08.2021 01:25:41.728,6.3152,6.314330000000001,2,1.62
17.08.2021 01:26:00.330,6.31511,6.314280000000001,1.5,1.5
17.08.2021 01:26:08.673,6.31511,6.314280000000001,1.5,1.5
17.08.2021 01:26:19.095,6.3152,6.314330000000001,1.5,1.5
17.08.2021 01:26:19.573,6.31515,6.314330000000001,1.5,1.5
17.08.2021 01:26:31.311,6.31511,6.314280000000001,1.5,1.5
17.08.2021 01:26:36.408,6.31511,6.314280000000001,1.5,1.5
17.08.2021 01:27:01.798,6.31511,6.314290000000001,1.5,1.5
17.08.2021 01:27:02.710,6.31511,6.314290000000001,1.5,1.5
17.08.2021 01:27:07.909,6.31511,6.3143,1.5,1.5
17.08.2021 01:27:27.737,6.31501,6.3141300000000005,1.5,1.5
17.08.2021 01:27:27.910,6.314940000000001,6.3141300000000005,1.5,1.62
17.08.2021 01:27:28.589,6.314940000000001,6.314080000000001,1.5,1.5
17.08.2021 01:27:32.542,6.3149500000000005,6.314190000000001,1.5,1
17.08.2021 01:27:32.593,6.3149500000000005,6.314190000000001,1.12,1.5
17.08.2021 01:27:34.741,6.3149500000000005,6.31414,1.5,1.5
17.08.2021 01:27:34.898,6.3149500000000005,6.31414,1.5,1.5
17.08.2021 01:27:46.912,6.314940000000001,6.3141300000000005,1.5,1.62
17.08.2021 01:27:54.408,6.314850000000001,6.314030000000001,1.5,1.5
17.08.2021 01:28:05.307,6.314940000000001,6.314080000000001,2,1.5
17.08.2021 01:28:05.508,6.314940000000001,6.314080000000001,1.5,1.5
17.08.2021 01:28:17.909,6.314850000000001,6.314030000000001,1.5,1.62
17.08.2021 01:28:49.409,6.31486,6.31402,1.5,1.62
17.08.2021 01:28:50.990,6.31497,6.3141300000000005,1.5,1.5
17.08.2021 01:28:51.091,6.31497,6.31423,1.5,1
17.08.2021 01:28:51.192,6.31497,6.31423,1.5,1.5
17.08.2021 01:28:54.741,6.31498,6.31422,1,1.5
17.08.2021 01:28:54.944,6.31498,6.31422,1,1.62
17.08.2021 01:29:00.623,6.31517,6.31422,1,1.62
17.08.2021 01:29:00.674,6.31512,6.3141300000000005,1.5,1.62
17.08.2021 01:29:00.851,6.31507,6.3141300000000005,1.5,1.62
17.08.2021 01:29:01.053,6.31512,6.31423,1.5,1.5
17.08.2021 01:29:01.274,6.31507,6.31422,1.5,1.62
17.08.2021 01:29:01.475,6.31506,6.31423,1.5,1.62
17.08.2021 01:29:01.687,6.31506,6.31423,1.5,1.62
17.08.2021 01:29:04.841,6.3151600000000006,6.314280000000001,1.5,1.5
17.08.2021 01:29:12.599,6.31515,6.314330000000001,1.5,1.62
17.08.2021 01:29:20.409,6.31519,6.31422,1.62,1.5
17.08.2021 01:29:20.510,6.31505,6.31423,1,1.5
17.08.2021 01:29:20.611,6.31506,6.31422,1.5,1.5
17.08.2021 01:29:20.813,6.31505,6.31423,1,1.5
17.08.2021 01:29:22.282,6.31514,6.31423,1.5,1.5
17.08.2021 01:29:28.382,6.31514,6.31423,1.5,1.5
17.08.2021 01:29:28.544,6.31514,6.314330000000001,1.5,1.5
17.08.2021 01:29:38.903,6.31527,6.3143400000000005,1,1.5
17.08.2021 01:29:39.104,6.31527,6.31453,1,1.5
17.08.2021 01:29:41.008,6.31538,6.31452,1.5,1.5
17.08.2021 01:30:02.298,6.31537,6.31463,1.5,1.5
17.08.2021 01:30:04.711,6.31551,6.31463,1,1.62
17.08.2021 01:30:08.446,6.3156,6.314730000000001,1.5,1.62
17.08.2021 01:30:08.951,6.31561,6.31472,1.5,1.62
17.08.2021 01:30:13.543,6.31562,6.314730000000001,1,1.62
17.08.2021 01:30:16.269,6.31562,6.31482,1,1.5
17.08.2021 01:30:22.909,6.31564,6.31479,1.5,1.5
17.08.2021 01:30:34.397,6.315580000000001,6.314730000000001,1.5,1.62
17.08.2021 01:30:40.429,6.315530000000001,6.31463,1.5,1.62
17.08.2021 01:30:40.630,6.31557,6.31462,1.5,1.5
17.08.2021 01:30:41.568,6.315580000000001,6.31463,1.62,1.62
17.08.2021 01:30:46.410,6.31557,6.314730000000001,1.62,1.62
17.08.2021 01:30:52.961,6.31559,6.314780000000001,1,1.5
17.08.2021 01:30:53.471,6.31566,6.314830000000001,1.5,1.5
17.08.2021 01:30:56.863,6.31566,6.314830000000001,1.5,1.62
17.08.2021 01:31:14.583,6.31576,6.31493,1,1.62
17.08.2021 01:31:14.834,6.31585,6.315030000000001,1.5,1.5
17.08.2021 01:31:15.035,6.31581,6.314940000000001,1.5,1.5
17.08.2021 01:31:16.352,6.315740000000001,6.31493,1.5,1.12
17.08.2021 01:31:17.412,6.31572,6.314830000000001,1,1.62
17.08.2021 01:31:18.412,6.31564,6.314830000000001,1,1.5
17.08.2021 01:31:28.213,6.31567,6.31482,1,1.62
17.08.2021 01:31:39.531,6.31575,6.31493,1,1.62
17.08.2021 01:31:39.754,6.31576,6.31492,1,1.62
17.08.2021 01:31:40.910,6.315740000000001,6.31489,1,1.5
17.08.2021 01:31:46.295,6.31568,6.3148800000000005,1,1.5
17.08.2021 01:31:47.876,6.31566,6.31489,1,1.5
17.08.2021 01:31:49.348,6.31569,6.3148800000000005,1,1.5
17.08.2021 01:31:49.913,6.31568,6.31489,1,1.5
17.08.2021 01:31:52.684,6.31568,6.3148800000000005,1,1.5
17.08.2021 01:31:52.969,6.31568,6.3148800000000005,1,1.5
17.08.2021 01:31:53.124,6.31567,6.31489,1,1.5
17.08.2021 01:31:55.841,6.31567,6.314830000000001,1,1.5
17.08.2021 01:31:56.041,6.31566,6.31484,1,1.5
17.08.2021 01:31:57.141,6.31567,6.31493,1,1.5
17.08.2021 01:32:01.089,6.31572,6.315030000000001,1,1.5
17.08.2021 01:32:01.140,6.31585,6.315030000000001,1.5,1.5
17.08.2021 01:32:01.244,6.31585,6.315030000000001,1,1.5
17.08.2021 01:32:04.823,6.3159600000000005,6.315030000000001,1.5,1.62
17.08.2021 01:32:05.018,6.3159600000000005,6.315130000000001,1.5,1.5
17.08.2021 01:32:10.252,6.31597,6.31512,1.5,1.62
17.08.2021 01:32:11.379,6.31606,6.315230000000001,1.5,1.5
17.08.2021 01:32:11.681,6.31621,6.31533,1.5,1.5
17.08.2021 01:32:13.880,6.316230000000001,6.31533,1.5,1.62
17.08.2021 01:32:21.230,6.316230000000001,6.31537,1.5,1.5
17.08.2021 01:32:21.399,6.316230000000001,6.31537,1.5,1.5
17.08.2021 01:32:32.722,6.3163100000000005,6.315430000000001,1,1.62
17.08.2021 01:32:33.078,6.3163100000000005,6.315430000000001,1,1
17.08.2021 01:32:33.530,6.31637,6.315530000000001,1,1
17.08.2021 01:32:33.731,6.31636,6.315530000000001,1.5,1.5
17.08.2021 01:32:33.980,6.31636,6.315530000000001,1.5,1.5
17.08.2021 01:32:34.081,6.31637,6.31562,1.5,1
17.08.2021 01:32:34.182,6.316450000000001,6.3156300000000005,1.5,1.62
17.08.2021 01:32:34.627,6.31646,6.31562,1.5,1.62
17.08.2021 01:32:36.464,6.31647,6.31564,1.5,1.5
17.08.2021 01:32:36.839,6.31647,6.31564,1,1.5
17.08.2021 01:32:39.594,6.316680000000001,6.31582,1,1.5
17.08.2021 01:32:39.745,6.31676,6.315830000000001,1.5,1.62
17.08.2021 01:32:40.249,6.31677,6.31582,1.5,1.62
17.08.2021 01:32:40.674,6.31676,6.3159600000000005,1,1.5
17.08.2021 01:32:40.775,6.31687,6.3159600000000005,1,1.5
17.08.2021 01:32:40.895,6.31687,6.3159600000000005,1,1.5
17.08.2021 01:32:43.638,6.31688,6.3160300000000005,1.5,1.5
17.08.2021 01:32:43.826,6.31688,6.3159600000000005,1.5,1.5
17.08.2021 01:32:43.977,6.31686,6.31613,1.5,1
17.08.2021 01:32:44.027,6.31696,6.3160300000000005,1,1.5
17.08.2021 01:32:47.047,6.31696,6.316230000000001,1,1.5
17.08.2021 01:32:47.148,6.31722,6.31643,1,1.5
17.08.2021 01:32:47.249,6.31723,6.31643,1.5,1.5
17.08.2021 01:32:47.789,6.31723,6.316450000000001,1,1.5
17.08.2021 01:32:47.839,6.317380000000001,6.31644,1.5,1.5
17.08.2021 01:32:48.132,6.317380000000001,6.316490000000001,1.5,1.5
17.08.2021 01:32:48.233,6.317380000000001,6.31662,1,1.5
17.08.2021 01:32:48.794,6.31751,6.316630000000001,1.5,1.62
17.08.2021 01:32:49.787,6.31771,6.31682,1.5,1.5
17.08.2021 01:32:49.888,6.31771,6.3169900000000005,1.12,1.5
17.08.2021 01:32:50.039,6.317830000000001,6.31686,1.5,1.5
17.08.2021 01:32:50.240,6.31784,6.31692,1.5,1.5
17.08.2021 01:32:50.516,6.317780000000001,6.31688,1.5,1.5
17.08.2021 01:32:50.717,6.31767,6.31682,1,1.5
17.08.2021 01:32:51.281,6.31754,6.31681,1,1.5
17.08.2021 01:32:51.486,6.317480000000001,6.31672,1,1.5
17.08.2021 01:32:51.537,6.317480000000001,6.3167100000000005,1,1
17.08.2021 01:32:51.638,6.317430000000001,6.31653,1.5,1.62
17.08.2021 01:32:51.789,6.317380000000001,6.31653,1.5,1.62
17.08.2021 01:32:52.174,6.31737,6.31648,1,1.5
17.08.2021 01:32:52.870,6.31716,6.31637,1,1.5
17.08.2021 01:32:52.920,6.31716,6.316400000000001,1,1.5
17.08.2021 01:32:53.021,6.31709,6.31622,1,1.5
17.08.2021 01:32:53.072,6.31716,6.316230000000001,1.5,1.62
17.08.2021 01:32:53.273,6.31707,6.316230000000001,1.5,1.62
17.08.2021 01:32:53.385,6.31707,6.316330000000001,1.5,1
17.08.2021 01:32:53.549,6.31707,6.316330000000001,1,1.5
17.08.2021 01:32:53.822,6.31707,6.316230000000001,1.12,1.62
17.08.2021 01:32:54.023,6.317080000000001,6.31622,1.5,1.5
17.08.2021 01:32:54.600,6.31707,6.316230000000001,1.5,1.5
17.08.2021 01:32:54.724,6.31707,6.31634,1.5,1
17.08.2021 01:32:54.875,6.31721,6.31643,1.5,1.5
17.08.2021 01:32:54.975,6.31721,6.31643,1.12,1.5
17.08.2021 01:32:55.185,6.31727,6.31643,1,1.5
17.08.2021 01:32:55.891,6.31719,6.316330000000001,1.5,1.62
17.08.2021 01:32:56.092,6.3171800000000005,6.316330000000001,1.5,1.5
17.08.2021 01:32:56.243,6.3171,6.316330000000001,1,1.62
17.08.2021 01:32:56.344,6.3171,6.316330000000001,1,1.62
17.08.2021 01:32:56.452,6.3171800000000005,6.316330000000001,2,1
17.08.2021 01:32:56.502,6.317130000000001,6.316280000000001,1,1.5
17.08.2021 01:32:56.552,6.317080000000001,6.316280000000001,1,1.5
17.08.2021 01:32:56.754,6.31705,6.316180000000001,1.5,1.5
17.08.2021 01:32:56.905,6.31716,6.31643,1.5,1
17.08.2021 01:32:56.955,6.31716,6.31643,1,1.5
17.08.2021 01:32:57.117,6.31728,6.31642,1.5,1.5
17.08.2021 01:32:57.167,6.31726,6.316330000000001,1.5,1.62
17.08.2021 01:32:57.318,6.3171800000000005,6.316280000000001,1.5,1.5
17.08.2021 01:32:57.520,6.3171,6.316330000000001,1,1.5
17.08.2021 01:32:57.723,6.317080000000001,6.316230000000001,1.12,1.5
17.08.2021 01:32:57.893,6.3171,6.316230000000001,1.5,1.5
17.08.2021 01:32:58.118,6.3171100000000004,6.31622,1.5,1.62
17.08.2021 01:32:58.269,6.3169900000000005,6.31617,1,1.5
17.08.2021 01:32:58.628,6.3169900000000005,6.316230000000001,1,1.62
17.08.2021 01:32:59.015,6.3169900000000005,6.316230000000001,1,1.62
17.08.2021 01:32:59.391,6.317150000000001,6.316330000000001,1,1.62
17.08.2021 01:32:59.592,6.317150000000001,6.316230000000001,1.5,2.37
17.08.2021 01:32:59.750,6.31716,6.31622,1.5,2.37
17.08.2021 01:33:00.907,6.31714,6.31634,1,1.5
17.08.2021 01:33:00.957,6.3171800000000005,6.316330000000001,1,1.5
17.08.2021 01:33:01.008,6.31726,6.31643,1.5,1.5
17.08.2021 01:33:02.772,6.31732,6.31653,1.5,1.5
17.08.2021 01:33:02.973,6.31732,6.316540000000001,1.5,1.5
17.08.2021 01:33:03.173,6.317430000000001,6.31653,1.5,1.62
17.08.2021 01:33:03.434,6.31728,6.316450000000001,1,1.5
17.08.2021 01:33:03.585,6.31728,6.31644,1.5,1.5
17.08.2021 01:33:05.322,6.317290000000001,6.31642,1.5,1.62
17.08.2021 01:33:05.499,6.31732,6.31643,1.5,1.62
17.08.2021 01:33:05.685,6.31717,6.316330000000001,1,1
17.08.2021 01:33:05.736,6.31717,6.316330000000001,1.5,1.62
17.08.2021 01:33:06.418,6.31705,6.316180000000001,1.5,1.5
17.08.2021 01:33:08.716,6.31705,6.31627,1.5,1.5
17.08.2021 01:33:08.917,6.31714,6.31643,1,1.5
17.08.2021 01:33:09.335,6.31714,6.31643,1,1.62
17.08.2021 01:33:09.483,6.31726,6.31643,1.5,1.62
17.08.2021 01:33:09.584,6.31726,6.31653,1.5,1.5
17.08.2021 01:33:09.785,6.31735,6.31653,1.5,1.62
17.08.2021 01:33:10.600,6.31735,6.31653,1.5,1
17.08.2021 01:33:11.589,6.31735,6.31655,1.12,1.5
17.08.2021 01:33:11.790,6.31735,6.31655,1,1.5
17.08.2021 01:33:11.949,6.31736,6.31652,1.5,1.62
17.08.2021 01:33:12.151,6.31735,6.316630000000001,1,1.62
17.08.2021 01:33:12.201,6.3174600000000005,6.31662,1.5,1.62
17.08.2021 01:33:12.806,6.31745,6.31666,1,1.5
17.08.2021 01:33:13.613,6.3174600000000005,6.31662,1.5,1.62
17.08.2021 01:33:13.774,6.31745,6.316630000000001,1,1.62
17.08.2021 01:33:13.954,6.31736,6.316630000000001,1,1
17.08.2021 01:33:14.004,6.31736,6.31655,1.5,2
17.08.2021 01:33:14.169,6.31736,6.31655,1.5,1.5
17.08.2021 01:33:14.401,6.31721,6.316450000000001,1,1.5
17.08.2021 01:33:15.575,6.31721,6.31653,1,1.62
17.08.2021 01:33:19.518,6.31721,6.316450000000001,1,1.5
17.08.2021 01:33:23.970,6.31721,6.31643,1.5,1
17.08.2021 01:33:26.610,6.31728,6.31642,1,1.5
17.08.2021 01:33:27.158,6.31736,6.31643,1.5,1.62
17.08.2021 01:33:28.054,6.31737,6.31644,1.5,2
17.08.2021 01:33:28.462,6.31728,6.31643,1.5,1.62
17.08.2021 01:33:29.907,6.31728,6.31643,1.5,1.5
17.08.2021 01:33:34.505,6.31737,6.31644,1.5,1.5
17.08.2021 01:33:34.769,6.31736,6.31653,1.5,1.62
17.08.2021 01:33:34.870,6.31731,6.31653,1,1.5
17.08.2021 01:33:34.983,6.31732,6.31652,1.5,1.62
17.08.2021 01:33:36.773,6.31731,6.316590000000001,1.12,1.5
17.08.2021 01:33:36.823,6.31732,6.316580000000001,1,1.5
17.08.2021 01:33:37.025,6.31731,6.31653,1.5,2
17.08.2021 01:33:37.206,6.31732,6.31652,1.12,2
17.08.2021 01:33:37.846,6.31731,6.316630000000001,1,1
17.08.2021 01:33:38.184,6.31741,6.316680000000001,1.5,1
17.08.2021 01:33:38.234,6.31741,6.31674,1.5,1
17.08.2021 01:33:38.344,6.3174,6.31675,1,1.5
17.08.2021 01:33:38.998,6.31751,6.31675,1.5,1.5
17.08.2021 01:33:39.099,6.31751,6.316800000000001,1.5,1
17.08.2021 01:33:39.199,6.31758,6.316800000000001,1.5,1.5
17.08.2021 01:33:40.119,6.31752,6.31677,1,1.5
17.08.2021 01:33:44.988,6.31762,6.31687,1,1.5
17.08.2021 01:33:45.089,6.31777,6.31693,1.5,1.5
17.08.2021 01:33:45.140,6.31777,6.31693,1,1.5
17.08.2021 01:33:46.224,6.3178600000000005,6.317030000000001,1.5,1.5
17.08.2021 01:33:46.349,6.3178600000000005,6.317030000000001,1.5,2
17.08.2021 01:33:47.310,6.31787,6.31702,1.5,1.5
17.08.2021 01:33:48.538,6.3178600000000005,6.317030000000001,1.5,1.5
17.08.2021 01:33:48.738,6.31784,6.316980000000001,1.5,1.5
17.08.2021 01:33:48.918,6.31775,6.316980000000001,1,1.5
17.08.2021 01:33:49.019,6.31776,6.31702,1,1.62
17.08.2021 01:33:49.069,6.31785,6.31702,2,1.62
17.08.2021 01:33:49.142,6.31785,6.31702,2,1.62
17.08.2021 01:33:49.342,6.31784,6.317030000000001,2,1.62
17.08.2021 01:33:49.477,6.31784,6.317130000000001,2,1
17.08.2021 01:33:49.544,6.31784,6.317130000000001,2,1.5
17.08.2021 01:33:49.695,6.3179300000000005,6.317200000000001,1.5,1
17.08.2021 01:33:49.795,6.31806,6.31723,1.5,1.62
17.08.2021 01:33:50.046,6.31806,6.31723,1.5,1.62
17.08.2021 01:33:50.147,6.31796,6.31719,1.5,1.5
17.08.2021 01:33:50.248,6.317950000000001,6.31709,2,1.5
17.08.2021 01:33:51.047,6.317900000000001,6.317030000000001,1.5,1.5
17.08.2021 01:33:52.450,6.317810000000001,6.31709,1,1.5
17.08.2021 01:33:52.651,6.317810000000001,6.31709,1,1.5
17.08.2021 01:33:53.410,6.317810000000001,6.31709,1,1.5
17.08.2021 01:33:54.250,6.31782,6.317080000000001,1,1.5
17.08.2021 01:33:54.357,6.31794,6.31723,1.5,1
17.08.2021 01:33:54.458,6.31794,6.31723,1,1.5
17.08.2021 01:33:54.694,6.31794,6.31723,1,1.5
17.08.2021 01:33:54.845,6.317950000000001,6.31745,1,1.5
17.08.2021 01:33:54.945,6.3183300000000004,6.31752,1.5,1.5
17.08.2021 01:33:55.126,6.31832,6.3174600000000005,1.5,1.5
17.08.2021 01:33:55.359,6.318180000000001,6.3174600000000005,1,1.5
17.08.2021 01:33:55.517,6.318180000000001,6.31752,1,1.5
17.08.2021 01:33:56.313,6.318350000000001,6.31762,1,1.5
17.08.2021 01:33:56.413,6.31845,6.31763,1.5,1.5
17.08.2021 01:33:56.464,6.31845,6.31763,1.5,1.5
17.08.2021 01:33:56.845,6.31843,6.31757,1.5,1.5
17.08.2021 01:33:57.056,6.31831,6.31757,1,1.5
17.08.2021 01:33:57.107,6.31832,6.31756,1.5,1.5
17.08.2021 01:33:57.207,6.31819,6.31757,1,1.5
17.08.2021 01:33:57.358,6.318350000000001,6.31752,1.5,1.5
17.08.2021 01:33:57.576,6.31827,6.3174600000000005,1,1.5
17.08.2021 01:33:57.676,6.31817,6.3174600000000005,1,1
17.08.2021 01:33:58.163,6.318130000000001,6.3174600000000005,1.12,1
17.08.2021 01:33:58.363,6.3181400000000005,6.31745,1.5,1
17.08.2021 01:33:58.770,6.318130000000001,6.317330000000001,1.5,1.62
17.08.2021 01:34:00.099,6.318130000000001,6.31735,1.12,1.5
17.08.2021 01:34:00.200,6.318130000000001,6.31735,1.5,1.5
17.08.2021 01:34:00.421,6.318130000000001,6.3174,1,1.5
17.08.2021 01:34:00.622,6.318130000000001,6.3174,1.12,1.5
17.08.2021 01:34:01.051,6.318130000000001,6.3174,1.5,1.12
17.08.2021 01:34:01.349,6.318130000000001,6.3174,1.5,1.5
17.08.2021 01:34:01.581,6.318130000000001,6.31736,1.5,1.5
17.08.2021 01:34:02.041,6.318130000000001,6.31737,1.5,1.5
17.08.2021 01:34:02.442,6.318130000000001,6.317430000000001,1,1.5
17.08.2021 01:34:02.739,6.31822,6.317430000000001,1.5,1.5
17.08.2021 01:34:03.003,6.318230000000001,6.317480000000001,1.5,1.5
17.08.2021 01:34:03.205,6.31827,6.317430000000001,1.5,1.62
17.08.2021 01:34:03.425,6.31827,6.31742,1.62,1.5
17.08.2021 01:34:04.179,6.3182,6.31742,1.5,1.5
17.08.2021 01:34:04.571,6.3182,6.31742,1.12,1.5
17.08.2021 01:34:04.777,6.3182,6.31742,1.5,1.5
17.08.2021 01:34:06.243,6.3182,6.31736,2.75,2
17.08.2021 01:34:06.416,6.3182100000000005,6.31741,2.75,1
17.08.2021 01:34:06.517,6.3182,6.31752,1.5,1
17.08.2021 01:34:06.618,6.31832,6.3174600000000005,1.5,1
17.08.2021 01:34:06.748,6.3182,6.3174600000000005,1,1.5
17.08.2021 01:34:06.849,6.3182100000000005,6.3174,1.5,1.5
17.08.2021 01:34:09.567,6.318090000000001,6.31737,1,1.5
17.08.2021 01:34:10.534,6.31802,6.31735,1,1.5
17.08.2021 01:34:12.717,6.31807,6.31732,1.5,1.5
17.08.2021 01:34:13.368,6.31802,6.31732,1,1.5
17.08.2021 01:34:13.478,6.31791,6.31721,1,1.5
17.08.2021 01:34:13.601,6.31787,6.31721,1,1.5
17.08.2021 01:34:13.652,6.317880000000001,6.317200000000001,1,1
17.08.2021 01:34:13.802,6.31798,6.31712,1.62,1.5
17.08.2021 01:34:13.986,6.31797,6.31723,1.12,1.5
17.08.2021 01:34:14.978,6.31797,6.317130000000001,1.5,1.62
17.08.2021 01:34:15.682,6.31797,6.31723,1,1.5
17.08.2021 01:34:16.635,6.31798,6.31722,1,1.62
17.08.2021 01:34:16.736,6.31806,6.31723,1.5,1.62
17.08.2021 01:34:16.836,6.31806,6.31723,1.5,1.62
17.08.2021 01:34:20.241,6.31798,6.31716,1.5,1.5
17.08.2021 01:34:20.392,6.317900000000001,6.317130000000001,1,1.5
17.08.2021 01:34:20.443,6.317900000000001,6.317130000000001,1.5,1.5
17.08.2021 01:34:22.370,6.317900000000001,6.317130000000001,1.5,1.62
17.08.2021 01:34:22.571,6.317900000000001,6.317060000000001,1.5,1.5
17.08.2021 01:34:23.783,6.31791,6.31705,1.5,1.5
17.08.2021 01:34:24.213,6.317900000000001,6.317130000000001,1.12,1.62
17.08.2021 01:34:24.396,6.317900000000001,6.317060000000001,1.5,1.5
17.08.2021 01:34:24.576,6.317900000000001,6.317060000000001,1.5,1.5
17.08.2021 01:34:25.655,6.317900000000001,6.317060000000001,1.5,1.5
