Gmt time,Ask,Bid,AskVolume,BidVolume
27.08.2021 00:00:00.232,7.78788,7.78673,0.47,0.75
27.08.2021 00:00:00.540,7.787850000000001,7.78674,0.47,0.37
27.08.2021 00:00:00.847,7.78794,7.78672,0.47,0.75
27.08.2021 00:00:01.124,7.787850000000001,7.786760000000001,0.47,0.37
27.08.2021 00:00:05.249,7.78792,7.786760000000001,0.47,0.37
27.08.2021 00:00:10.721,7.787680000000001,7.7868200000000005,0.75,0.75
27.08.2021 00:00:11.563,7.78789,7.78678,0.47,0.75
27.08.2021 00:00:11.681,7.78789,7.78677,0.47,0.37
27.08.2021 00:00:12.571,7.78789,7.7868,0.47,0.37
27.08.2021 00:00:13.869,7.787730000000001,7.78687,0.75,0.75
27.08.2021 00:00:21.582,7.787680000000001,7.78697,0.75,0.75
27.08.2021 00:00:32.624,7.7878300000000005,7.78685,0.47,0.37
27.08.2021 00:00:35.777,7.787810000000001,7.7868200000000005,0.45,0.37
27.08.2021 00:00:36.507,7.787780000000001,7.78697,0.75,0.75
27.08.2021 00:00:46.298,7.7878300000000005,7.78679,0.47,0.37
27.08.2021 00:00:46.508,7.787680000000001,7.78687,0.75,0.75
27.08.2021 00:01:01.888,7.787680000000001,7.786980000000001,0.75,0.37
27.08.2021 00:01:06.307,7.78787,7.786980000000001,0.47,0.37
27.08.2021 00:01:06.389,7.7877,7.786980000000001,0.37,0.37
27.08.2021 00:01:28.862,7.78788,7.78679,0.47,0.75
27.08.2021 00:01:36.615,7.78784,7.786810000000001,0.47,0.75
27.08.2021 00:01:37.059,7.78772,7.786810000000001,0.37,1.12
27.08.2021 00:01:38.594,7.7877,7.786830000000001,0.37,0.37
27.08.2021 00:01:39.601,7.7877,7.786980000000001,0.37,0.37
27.08.2021 00:01:47.096,7.78769,7.786989999999999,0.37,0.37
27.08.2021 00:01:48.627,7.787680000000001,7.787010000000001,0.37,0.37
27.08.2021 00:02:37.650,7.787800000000001,7.78684,0.37,0.37
27.08.2021 00:02:42.305,7.787800000000001,7.78684,0.47,0.37
27.08.2021 00:02:48.105,7.787780000000001,7.787010000000001,0.47,0.37
27.08.2021 00:02:49.106,7.787680000000001,7.787010000000001,0.37,0.37
27.08.2021 00:03:05.995,7.78787,7.7868200000000005,1.97,0.75
27.08.2021 00:03:21.305,7.78787,7.7868200000000005,1.97,0.85
27.08.2021 00:03:58.097,7.787780000000001,7.78689,0.59,0.37
27.08.2021 00:03:59.376,7.78777,7.7869,0.59,0.37
27.08.2021 00:04:00.801,7.787810000000001,7.786810000000001,0.59,0.59
27.08.2021 00:04:21.212,7.787760000000001,7.78687,0.47,0.37
27.08.2021 00:04:21.635,7.787760000000001,7.78687,0.37,0.37
27.08.2021 00:04:23.833,7.78787,7.786830000000001,1.5,0.75
27.08.2021 00:04:52.838,7.78787,7.78702,1.5,0.37
27.08.2021 00:04:55.853,7.78765,7.78702,0.37,0.37
27.08.2021 00:04:56.461,7.787860000000001,7.786830000000001,0.37,0.75
27.08.2021 00:04:57.463,7.78787,7.786830000000001,1.5,0.75
27.08.2021 00:05:20.724,7.78795,7.78674,0.49,0.49
27.08.2021 00:05:59.587,7.78795,7.78672,0.49,0.49
27.08.2021 00:06:22.001,7.78794,7.78672,0.49,0.49
27.08.2021 00:06:22.052,7.78777,7.786930000000001,0.37,0.37
27.08.2021 00:06:23.504,7.787760000000001,7.78692,0.37,0.37
27.08.2021 00:06:28.006,7.78775,7.786910000000001,0.37,0.37
27.08.2021 00:06:29.684,7.78784,7.786810000000001,0.49,0.49
27.08.2021 00:06:29.785,7.78777,7.786930000000001,0.37,0.37
27.08.2021 00:06:31.276,7.787760000000001,7.78692,0.37,0.37
27.08.2021 00:06:32.221,7.78782,7.786830000000001,0.49,0.49
27.08.2021 00:06:32.656,7.78772,7.78684,0.49,0.49
27.08.2021 00:06:34.664,7.78769,7.78685,0.49,0.49
27.08.2021 00:06:35.721,7.78769,7.78687,0.49,0.49
27.08.2021 00:06:36.725,7.78769,7.78702,0.49,0.49
27.08.2021 00:06:36.786,7.787860000000001,7.7867500000000005,0.49,0.49
27.08.2021 00:06:40.672,7.787850000000001,7.78687,0.49,0.49
27.08.2021 00:06:41.672,7.787810000000001,7.78687,0.49,0.49
27.08.2021 00:06:51.305,7.787810000000001,7.78687,0.59,0.59
27.08.2021 00:07:38.890,7.787730000000001,7.78697,0.82,0.75
27.08.2021 00:07:38.991,7.787780000000001,7.78702,0.75,0.75
27.08.2021 00:07:39.886,7.7878300000000005,7.786880000000001,0.45,0.47
27.08.2021 00:07:39.937,7.787730000000001,7.78692,0.75,0.85
27.08.2021 00:07:39.987,7.787730000000001,7.78692,0.75,0.75
27.08.2021 00:07:40.929,7.7879000000000005,7.78685,0.85,0.85
27.08.2021 00:07:40.980,7.7878300000000005,7.78702,0.85,0.75
27.08.2021 00:07:41.030,7.7879000000000005,7.78685,0.85,0.85
27.08.2021 00:07:41.081,7.787780000000001,7.78692,0.75,0.85
27.08.2021 00:07:41.929,7.787910000000001,7.78689,0.47,0.85
27.08.2021 00:07:41.992,7.787730000000001,7.78692,0.75,0.85
27.08.2021 00:07:42.142,7.787680000000001,7.786880000000001,0.75,0.85
27.08.2021 00:07:42.821,7.787730000000001,7.786880000000001,0.82,0.85
27.08.2021 00:07:42.934,7.787780000000001,7.78702,0.75,0.75
27.08.2021 00:07:43.772,7.78788,7.78702,0.85,0.75
27.08.2021 00:07:46.872,7.787730000000001,7.78692,0.75,0.75
27.08.2021 00:08:12.016,7.78789,7.78684,0.47,0.47
27.08.2021 00:08:49.115,7.787760000000001,7.78673,0.37,0.59
27.08.2021 00:08:51.367,7.787760000000001,7.78673,0.49,0.49
27.08.2021 00:08:54.842,7.78787,7.786980000000001,0.49,0.49
27.08.2021 00:08:54.943,7.787730000000001,7.78692,0.75,0.75
27.08.2021 00:09:09.162,7.787730000000001,7.78712,0.75,0.37
27.08.2021 00:09:27.968,7.78782,7.78712,0.37,0.37
27.08.2021 00:10:19.622,7.78788,7.787030000000001,0.82,0.75
27.08.2021 00:10:20.414,7.787730000000001,7.78704,0.75,0.75
27.08.2021 00:10:20.615,7.787730000000001,7.787060000000001,0.75,0.75
27.08.2021 00:10:21.115,7.787730000000001,7.78714,0.75,0.37
27.08.2021 00:10:22.117,7.787730000000001,7.7871500000000005,0.75,0.37
27.08.2021 00:10:36.069,7.787730000000001,7.787060000000001,0.75,0.75
27.08.2021 00:10:36.127,7.787730000000001,7.787010000000001,0.75,0.75
27.08.2021 00:10:38.732,7.787780000000001,7.78704,0.75,0.75
27.08.2021 00:10:38.783,7.787780000000001,7.7870800000000004,0.75,0.75
27.08.2021 00:10:38.833,7.78788,7.78712,1.12,0.75
27.08.2021 00:10:38.883,7.78788,7.787160000000001,0.75,0.75
27.08.2021 00:10:38.985,7.78788,7.78717,0.75,0.75
27.08.2021 00:10:39.205,7.78788,7.7872,0.75,0.37
27.08.2021 00:10:40.741,7.78788,7.787210000000001,0.75,0.37
27.08.2021 00:10:46.681,7.78788,7.7872200000000005,0.75,0.75
27.08.2021 00:10:46.800,7.78788,7.787210000000001,0.75,1.12
27.08.2021 00:10:49.439,7.78788,7.787230000000001,0.75,0.37
27.08.2021 00:10:49.932,7.78788,7.78724,0.75,0.75
27.08.2021 00:10:50.400,7.78788,7.787260000000001,0.75,0.75
27.08.2021 00:10:50.525,7.78788,7.78725,0.75,0.75
27.08.2021 00:10:50.940,7.78788,7.78727,0.75,0.37
27.08.2021 00:10:52.275,7.78795,7.787280000000001,0.37,0.75
27.08.2021 00:10:52.326,7.787739999999999,7.78729,0.75,0.75
27.08.2021 00:10:52.466,7.787739999999999,7.787310000000001,0.75,0.37
27.08.2021 00:10:52.977,7.787739999999999,7.787330000000001,0.75,0.75
27.08.2021 00:10:53.940,7.787739999999999,7.787360000000001,0.75,0.37
27.08.2021 00:10:55.546,7.78779,7.787380000000001,0.75,0.37
27.08.2021 00:10:56.045,7.7879700000000005,7.78752,0.75,0.75
27.08.2021 00:10:56.145,7.788010000000001,7.78737,0.75,0.75
27.08.2021 00:10:56.196,7.78817,7.78732,0.37,0.37
27.08.2021 00:10:56.297,7.78839,7.787389999999999,0.37,0.75
27.08.2021 00:10:56.397,7.78857,7.787410000000001,0.47,0.75
27.08.2021 00:10:56.478,7.78857,7.78744,0.47,0.37
27.08.2021 00:10:56.664,7.78857,7.78744,0.47,0.45
27.08.2021 00:10:56.715,7.788380000000001,7.78755,0.75,0.75
27.08.2021 00:10:56.866,7.788380000000001,7.7876,0.75,0.75
27.08.2021 00:10:57.043,7.788430000000001,7.7876,0.75,0.75
27.08.2021 00:10:57.095,7.78857,7.78748,0.47,1.6
27.08.2021 00:10:57.468,7.78864,7.78752,0.47,0.37
27.08.2021 00:10:58.307,7.788480000000001,7.787630000000001,0.75,0.75
27.08.2021 00:10:58.357,7.78864,7.78752,0.47,0.37
27.08.2021 00:10:58.407,7.78864,7.78752,0.47,0.37
27.08.2021 00:10:58.508,7.788610000000001,7.78755,0.47,0.37
27.08.2021 00:10:58.659,7.788380000000001,7.787630000000001,0.75,0.75
27.08.2021 00:10:58.759,7.788610000000001,7.78755,0.47,0.37
27.08.2021 00:10:58.860,7.788380000000001,7.78764,0.75,0.75
27.08.2021 00:10:58.910,7.788610000000001,7.78755,0.47,0.37
27.08.2021 00:10:59.180,7.788430000000001,7.78765,0.75,0.75
27.08.2021 00:10:59.231,7.788610000000001,7.78755,0.47,0.37
27.08.2021 00:10:59.281,7.788430000000001,7.78767,0.75,0.75
27.08.2021 00:10:59.837,7.78863,7.78757,0.47,0.37
27.08.2021 00:10:59.887,7.78863,7.78757,0.47,0.37
27.08.2021 00:11:00.738,7.788539999999999,7.787680000000001,0.85,0.75
27.08.2021 00:11:01.107,7.788539999999999,7.787680000000001,0.75,0.75
27.08.2021 00:11:06.955,7.788600000000001,7.78754,0.47,0.45
27.08.2021 00:11:07.211,7.78859,7.78755,0.47,0.37
27.08.2021 00:11:08.215,7.788510000000001,7.787560000000001,0.37,0.37
27.08.2021 00:11:09.211,7.788510000000001,7.787710000000001,0.37,0.37
27.08.2021 00:11:09.412,7.788550000000001,7.7876,0.37,0.37
27.08.2021 00:11:10.409,7.788539999999999,7.78759,0.37,0.37
27.08.2021 00:11:13.207,7.788530000000001,7.787680000000001,0.75,0.75
27.08.2021 00:11:13.308,7.78872,7.78757,1.6,0.47
27.08.2021 00:11:20.902,7.788530000000001,7.78767,0.75,0.75
27.08.2021 00:11:23.135,7.788530000000001,7.78782,0.75,0.37
27.08.2021 00:11:25.753,7.788550000000001,7.78782,0.37,0.37
27.08.2021 00:11:27.153,7.788550000000001,7.787810000000001,0.37,0.37
27.08.2021 00:11:28.251,7.788539999999999,7.787810000000001,0.37,0.37
27.08.2021 00:11:30.235,7.788530000000001,7.787810000000001,0.75,0.37
27.08.2021 00:11:32.616,7.788380000000001,7.787810000000001,0.75,0.37
27.08.2021 00:11:32.667,7.7881800000000005,7.78757,0.75,0.75
27.08.2021 00:11:32.767,7.788080000000001,7.7875000000000005,0.75,0.75
27.08.2021 00:11:32.868,7.788030000000001,7.7875000000000005,0.75,0.37
27.08.2021 00:11:33.250,7.787980000000001,7.7875000000000005,0.75,0.37
27.08.2021 00:11:33.300,7.787980000000001,7.78737,0.75,0.37
27.08.2021 00:11:33.751,7.788030000000001,7.78737,0.75,0.37
27.08.2021 00:11:33.851,7.788030000000001,7.7873399999999995,0.75,0.37
27.08.2021 00:11:34.760,7.788030000000001,7.787360000000001,0.75,0.37
27.08.2021 00:11:36.260,7.788030000000001,7.78732,0.75,0.37
27.08.2021 00:11:40.276,7.788030000000001,7.787330000000001,0.75,0.37
27.08.2021 00:11:40.618,7.788080000000001,7.787330000000001,0.37,0.37
27.08.2021 00:11:40.719,7.788030000000001,7.787330000000001,0.75,0.37
27.08.2021 00:11:41.282,7.788030000000001,7.78724,0.75,0.37
27.08.2021 00:11:41.614,7.788030000000001,7.78725,0.75,0.75
27.08.2021 00:11:41.715,7.788030000000001,7.78724,0.75,0.37
27.08.2021 00:11:42.171,7.788030000000001,7.787280000000001,0.75,0.75
27.08.2021 00:11:42.528,7.788030000000001,7.787380000000001,0.75,0.37
27.08.2021 00:11:42.612,7.7880899999999995,7.787380000000001,0.37,0.37
27.08.2021 00:11:42.674,7.788030000000001,7.787380000000001,0.75,0.37
27.08.2021 00:11:44.497,7.7880899999999995,7.787380000000001,0.37,0.37
27.08.2021 00:11:44.598,7.788030000000001,7.787380000000001,0.75,0.37
27.08.2021 00:11:45.070,7.7880899999999995,7.787380000000001,0.37,0.37
27.08.2021 00:11:45.288,7.788080000000001,7.787380000000001,0.37,0.37
27.08.2021 00:11:45.529,7.788080000000001,7.787360000000001,0.37,0.37
27.08.2021 00:11:46.290,7.7880899999999995,7.787360000000001,0.37,0.37
27.08.2021 00:11:46.650,7.788030000000001,7.787360000000001,0.75,0.37
27.08.2021 00:11:47.051,7.788030000000001,7.787380000000001,0.75,0.37
27.08.2021 00:11:47.692,7.7880899999999995,7.787380000000001,0.37,0.37
27.08.2021 00:11:48.194,7.788030000000001,7.787380000000001,0.75,0.37
27.08.2021 00:11:48.530,7.788030000000001,7.787360000000001,0.75,0.37
27.08.2021 00:11:49.155,7.7880899999999995,7.787360000000001,0.37,0.37
27.08.2021 00:11:49.327,7.788080000000001,7.787360000000001,0.37,0.37
27.08.2021 00:11:50.031,7.788080000000001,7.787380000000001,0.37,0.37
27.08.2021 00:11:50.296,7.7880899999999995,7.787380000000001,0.37,0.37
27.08.2021 00:11:51.319,7.78807,7.787380000000001,0.37,0.37
27.08.2021 00:11:52.337,7.7880899999999995,7.787380000000001,0.37,0.37
27.08.2021 00:11:53.999,7.788080000000001,7.787380000000001,0.75,0.37
27.08.2021 00:11:55.059,7.788030000000001,7.787380000000001,0.75,0.37
27.08.2021 00:11:56.689,7.7880899999999995,7.787380000000001,0.37,0.37
27.08.2021 00:11:57.190,7.788030000000001,7.787380000000001,0.75,0.37
27.08.2021 00:11:58.185,7.7880899999999995,7.787380000000001,0.37,0.37
27.08.2021 00:11:59.317,7.7881,7.787380000000001,0.37,0.37
27.08.2021 00:12:00.038,7.788030000000001,7.787380000000001,0.75,0.37
27.08.2021 00:12:01.044,7.7881,7.787380000000001,0.37,0.37
27.08.2021 00:12:01.383,7.788080000000001,7.787380000000001,0.75,0.37
27.08.2021 00:12:02.395,7.7880899999999995,7.787380000000001,0.37,0.37
27.08.2021 00:12:02.514,7.788030000000001,7.787380000000001,0.75,0.37
27.08.2021 00:12:02.565,7.7880899999999995,7.787380000000001,0.37,0.37
27.08.2021 00:12:03.322,7.788080000000001,7.787380000000001,0.37,0.37
27.08.2021 00:12:05.037,7.788080000000001,7.787330000000001,0.37,0.37
27.08.2021 00:12:05.327,7.7881,7.787330000000001,0.37,0.37
27.08.2021 00:12:06.330,7.7880899999999995,7.787330000000001,0.37,1.12
27.08.2021 00:12:07.269,7.7880899999999995,7.78735,0.37,0.75
27.08.2021 00:12:07.319,7.7880899999999995,7.787330000000001,0.37,1.12
27.08.2021 00:12:07.420,7.7881,7.787330000000001,0.37,1.12
27.08.2021 00:12:08.036,7.7881,7.787410000000001,0.37,0.37
27.08.2021 00:12:08.695,7.7880899999999995,7.787410000000001,0.37,0.37
27.08.2021 00:12:09.659,7.7881,7.787410000000001,0.37,0.37
27.08.2021 00:12:09.709,7.7881,7.787330000000001,0.37,0.37
27.08.2021 00:12:11.164,7.7881,7.787410000000001,0.37,0.37
27.08.2021 00:12:11.758,7.78812,7.787410000000001,0.37,0.37
27.08.2021 00:12:12.778,7.7881,7.787410000000001,0.37,0.37
27.08.2021 00:12:15.709,7.7881,7.78737,0.37,0.37
27.08.2021 00:12:16.325,7.7880899999999995,7.78737,0.37,0.37
27.08.2021 00:12:17.167,7.7880899999999995,7.787380000000001,0.37,0.37
27.08.2021 00:12:19.363,7.7881,7.787380000000001,0.37,0.37
27.08.2021 00:12:19.757,7.787980000000001,7.787380000000001,0.75,0.37
27.08.2021 00:12:20.169,7.787980000000001,7.787330000000001,0.75,0.37
27.08.2021 00:12:20.265,7.788080000000001,7.787330000000001,0.75,0.37
27.08.2021 00:12:20.315,7.788030000000001,7.787330000000001,0.75,0.37
27.08.2021 00:12:21.279,7.7880899999999995,7.787330000000001,0.37,0.37
27.08.2021 00:12:21.677,7.7880899999999995,7.787410000000001,0.37,0.37
27.08.2021 00:12:22.373,7.788080000000001,7.787410000000001,0.37,0.37
27.08.2021 00:12:23.169,7.788080000000001,7.787330000000001,0.37,0.37
27.08.2021 00:12:23.364,7.7881,7.787330000000001,0.37,0.37
27.08.2021 00:12:23.809,7.788030000000001,7.787330000000001,0.75,0.37
27.08.2021 00:12:24.685,7.788030000000001,7.787410000000001,0.75,0.37
27.08.2021 00:12:24.735,7.7881,7.787410000000001,0.37,0.37
27.08.2021 00:12:27.468,7.788030000000001,7.787410000000001,0.75,0.37
27.08.2021 00:12:27.692,7.788030000000001,7.787330000000001,0.75,0.37
27.08.2021 00:12:29.002,7.7881100000000005,7.787330000000001,0.37,0.37
27.08.2021 00:12:29.306,7.787980000000001,7.787330000000001,0.75,0.37
27.08.2021 00:12:29.418,7.788030000000001,7.787330000000001,0.75,0.37
27.08.2021 00:12:30.438,7.7881,7.787330000000001,0.37,0.37
27.08.2021 00:12:30.539,7.788080000000001,7.787330000000001,0.75,0.37
27.08.2021 00:12:30.667,7.787980000000001,7.787330000000001,0.75,0.37
27.08.2021 00:12:30.906,7.787980000000001,7.78732,0.75,1.12
27.08.2021 00:12:31.499,7.788080000000001,7.78732,0.75,1.12
27.08.2021 00:12:32.173,7.788080000000001,7.787380000000001,0.75,0.37
27.08.2021 00:12:32.609,7.787980000000001,7.787380000000001,0.75,0.37
27.08.2021 00:12:33.648,7.788080000000001,7.78732,1.12,0.75
27.08.2021 00:12:34.647,7.788030000000001,7.78732,0.75,0.75
27.08.2021 00:12:34.783,7.788080000000001,7.78732,1.12,0.75
27.08.2021 00:12:35.136,7.788080000000001,7.787330000000001,1.12,0.37
27.08.2021 00:12:35.579,7.788030000000001,7.787330000000001,0.75,0.37
27.08.2021 00:12:36.243,7.788030000000001,7.787380000000001,0.75,0.37
27.08.2021 00:12:36.570,7.788080000000001,7.787380000000001,0.37,0.37
27.08.2021 00:12:36.620,7.787980000000001,7.787380000000001,0.75,0.37
27.08.2021 00:12:37.136,7.788080000000001,7.787380000000001,1.12,0.37
27.08.2021 00:12:37.393,7.78807,7.787380000000001,0.37,0.37
27.08.2021 00:12:37.687,7.787980000000001,7.787280000000001,0.75,0.37
27.08.2021 00:12:39.210,7.787980000000001,7.78732,0.75,0.37
27.08.2021 00:12:51.096,7.788030000000001,7.78732,0.75,0.37
27.08.2021 00:12:52.137,7.788150000000001,7.78732,0.37,0.37
27.08.2021 00:12:52.187,7.788130000000001,7.78732,0.75,0.37
27.08.2021 00:12:52.238,7.788150000000001,7.78732,0.37,0.37
27.08.2021 00:12:52.570,7.788150000000001,7.787389999999999,0.75,0.37
27.08.2021 00:12:53.166,7.7881100000000005,7.787389999999999,0.37,0.37
27.08.2021 00:12:54.070,7.7881100000000005,7.787380000000001,0.37,0.37
27.08.2021 00:12:54.287,7.78812,7.787380000000001,0.37,0.37
27.08.2021 00:12:54.390,7.788080000000001,7.787380000000001,0.75,0.37
27.08.2021 00:12:54.491,7.787980000000001,7.787380000000001,0.75,0.37
27.08.2021 00:12:54.835,7.788080000000001,7.787380000000001,0.75,0.37
27.08.2021 00:12:54.886,7.78812,7.787380000000001,0.37,0.37
27.08.2021 00:12:55.426,7.7881,7.787380000000001,0.37,0.37
27.08.2021 00:12:55.571,7.7881,7.787410000000001,0.37,0.37
27.08.2021 00:12:55.916,7.788080000000001,7.787410000000001,0.75,0.37
27.08.2021 00:12:56.334,7.788030000000001,7.787410000000001,0.75,0.37
27.08.2021 00:12:57.071,7.788030000000001,7.787380000000001,0.75,0.37
27.08.2021 00:12:57.369,7.788080000000001,7.787380000000001,0.37,0.37
27.08.2021 00:12:57.491,7.7881100000000005,7.787380000000001,0.37,0.37
27.08.2021 00:12:57.834,7.788030000000001,7.787380000000001,0.75,0.37
27.08.2021 00:12:57.885,7.788080000000001,7.787380000000001,0.75,0.37
27.08.2021 00:12:57.935,7.787980000000001,7.787380000000001,0.75,0.37
27.08.2021 00:12:58.086,7.788080000000001,7.787380000000001,0.75,0.37
27.08.2021 00:12:58.572,7.788080000000001,7.78737,0.75,0.37
27.08.2021 00:12:59.060,7.788030000000001,7.78737,0.75,0.37
27.08.2021 00:12:59.161,7.7880899999999995,7.78737,0.37,0.37
27.08.2021 00:12:59.366,7.787980000000001,7.78737,0.75,0.37
27.08.2021 00:13:00.072,7.787980000000001,7.78732,0.75,0.37
27.08.2021 00:13:00.340,7.7880899999999995,7.78732,0.37,0.37
27.08.2021 00:13:01.259,7.788030000000001,7.78732,0.75,0.37
27.08.2021 00:13:01.360,7.7880899999999995,7.78732,0.37,0.37
27.08.2021 00:13:01.512,7.7880899999999995,7.787410000000001,0.37,0.37
27.08.2021 00:13:02.331,7.7881100000000005,7.787410000000001,0.37,0.37
27.08.2021 00:13:03.013,7.7881100000000005,7.787380000000001,0.37,0.37
27.08.2021 00:13:03.348,7.7881,7.787380000000001,0.37,0.37
27.08.2021 00:13:03.449,7.787980000000001,7.787380000000001,0.75,0.37
27.08.2021 00:13:04.514,7.787980000000001,7.78732,0.75,0.37
27.08.2021 00:13:06.824,7.787980000000001,7.7873399999999995,0.75,0.37
27.08.2021 00:13:06.874,7.788080000000001,7.7873399999999995,0.37,0.37
27.08.2021 00:13:06.925,7.788030000000001,7.7873399999999995,0.75,0.37
27.08.2021 00:13:07.826,7.7881,7.7873399999999995,0.37,0.37
27.08.2021 00:13:08.371,7.7881,7.787410000000001,0.37,0.37
27.08.2021 00:13:09.347,7.788030000000001,7.787410000000001,0.75,0.37
27.08.2021 00:13:09.825,7.788030000000001,7.787330000000001,0.75,0.37
27.08.2021 00:13:09.926,7.787980000000001,7.787330000000001,0.75,0.37
27.08.2021 00:13:10.826,7.788080000000001,7.787330000000001,0.75,0.37
27.08.2021 00:13:10.976,7.7880899999999995,7.787330000000001,0.37,0.37
27.08.2021 00:13:11.325,7.7880899999999995,7.78737,0.37,0.37
27.08.2021 00:13:11.461,7.7881,7.78737,0.37,0.37
27.08.2021 00:13:12.338,7.788080000000001,7.78737,0.75,0.37
27.08.2021 00:13:12.571,7.7881,7.78737,0.37,0.37
27.08.2021 00:13:12.826,7.7881,7.787410000000001,0.37,0.37
27.08.2021 00:13:13.476,7.7881100000000005,7.787410000000001,0.37,0.37
27.08.2021 00:13:14.331,7.7881100000000005,7.78737,0.37,0.37
27.08.2021 00:13:14.597,7.78812,7.78737,0.37,0.37
27.08.2021 00:13:17.327,7.78812,7.787400000000001,0.37,0.37
27.08.2021 00:13:17.458,7.7881100000000005,7.787400000000001,0.37,0.37
27.08.2021 00:13:18.493,7.7881,7.787400000000001,0.37,0.37
27.08.2021 00:13:18.657,7.7881,7.787360000000001,0.37,1.12
27.08.2021 00:13:19.237,7.7881,7.78737,0.37,0.75
27.08.2021 00:13:19.483,7.7881100000000005,7.78737,0.37,0.75
27.08.2021 00:13:20.476,7.7881,7.787380000000001,0.37,0.37
27.08.2021 00:13:21.548,7.7881,7.787389999999999,0.37,0.75
27.08.2021 00:13:21.794,7.7881,7.78742,0.37,0.75
27.08.2021 00:13:22.585,7.7881,7.787389999999999,0.37,1.12
27.08.2021 00:13:23.116,7.7881,7.787410000000001,0.37,0.75
27.08.2021 00:13:23.502,7.7881100000000005,7.787410000000001,0.37,0.75
27.08.2021 00:13:23.835,7.7881100000000005,7.787400000000001,0.37,0.75
27.08.2021 00:13:24.334,7.7881100000000005,7.787410000000001,0.37,0.75
27.08.2021 00:13:25.505,7.7881,7.787410000000001,0.37,0.37
27.08.2021 00:13:26.337,7.7881,7.787380000000001,0.37,1.12
27.08.2021 00:13:26.834,7.7881,7.787410000000001,0.37,0.75
27.08.2021 00:13:27.492,7.7881100000000005,7.787410000000001,0.37,0.75
27.08.2021 00:13:27.787,7.7881100000000005,7.787400000000001,0.37,0.75
27.08.2021 00:13:28.337,7.7881100000000005,7.787410000000001,0.37,0.75
27.08.2021 00:13:28.493,7.7881,7.787410000000001,0.37,0.75
27.08.2021 00:13:29.241,7.7881,7.78742,0.37,0.75
27.08.2021 00:13:30.378,7.7881,7.787389999999999,0.37,0.75
27.08.2021 00:13:30.672,7.7881,7.787410000000001,0.37,0.37
27.08.2021 00:13:30.837,7.7881,7.7874300000000005,0.37,0.75
27.08.2021 00:13:31.500,7.7881100000000005,7.7874300000000005,0.37,0.75
27.08.2021 00:13:31.698,7.7881100000000005,7.787410000000001,0.37,0.37
27.08.2021 00:13:32.162,7.7881100000000005,7.787389999999999,0.37,0.75
27.08.2021 00:13:32.212,7.7881100000000005,7.78742,0.37,0.75
27.08.2021 00:13:32.908,7.7881100000000005,7.787389999999999,0.37,0.75
27.08.2021 00:13:33.220,7.7881100000000005,7.78737,0.37,0.37
27.08.2021 00:13:33.385,7.7881100000000005,7.787380000000001,0.37,0.75
27.08.2021 00:13:33.845,7.7881,7.787380000000001,0.37,0.75
27.08.2021 00:13:34.283,7.7881,7.78737,0.37,1.12
27.08.2021 00:13:34.435,7.7881,7.787380000000001,0.37,0.37
27.08.2021 00:13:35.395,7.7881100000000005,7.787380000000001,0.37,1.12
27.08.2021 00:13:35.586,7.7881100000000005,7.78737,0.37,0.37
27.08.2021 00:13:36.039,7.7881100000000005,7.787380000000001,0.37,0.75
27.08.2021 00:13:36.536,7.7881,7.787380000000001,0.37,0.75
27.08.2021 00:13:37.513,7.7881100000000005,7.787380000000001,0.37,0.75
27.08.2021 00:13:37.970,7.7881100000000005,7.78737,0.37,0.37
27.08.2021 00:13:38.437,7.7881100000000005,7.787389999999999,0.37,0.75
27.08.2021 00:13:38.538,7.7881,7.787389999999999,0.37,0.75
27.08.2021 00:13:39.518,7.7881100000000005,7.787389999999999,0.37,0.75
27.08.2021 00:13:40.975,7.7881,7.787389999999999,0.37,0.75
27.08.2021 00:13:41.434,7.7881,7.787410000000001,0.37,0.37
27.08.2021 00:13:41.535,7.7881,7.78742,0.37,0.75
27.08.2021 00:13:41.987,7.7881,7.787410000000001,0.37,0.37
27.08.2021 00:13:42.920,7.7881,7.787389999999999,0.37,1.12
27.08.2021 00:13:43.200,7.7880899999999995,7.787389999999999,0.37,1.12
27.08.2021 00:13:45.363,7.7880899999999995,7.78742,0.37,0.75
27.08.2021 00:13:45.464,7.7880899999999995,7.78749,0.37,0.37
27.08.2021 00:13:45.515,7.788130000000001,7.78749,2.62,0.37
27.08.2021 00:13:46.554,7.7881,7.78749,0.37,0.37
27.08.2021 00:13:46.884,7.7881,7.787410000000001,0.37,0.37
27.08.2021 00:13:47.586,7.78812,7.787410000000001,0.37,0.37
27.08.2021 00:13:48.108,7.78812,7.78742,0.37,0.75
27.08.2021 00:13:48.340,7.78812,7.78749,0.37,0.37
27.08.2021 00:13:49.009,7.7881100000000005,7.787380000000001,0.37,0.75
27.08.2021 00:13:49.110,7.7881100000000005,7.787330000000001,0.37,0.37
27.08.2021 00:13:49.576,7.788080000000001,7.787330000000001,0.75,0.37
27.08.2021 00:13:49.702,7.7881100000000005,7.78749,0.37,0.37
27.08.2021 00:13:51.154,7.787980000000001,7.78757,0.75,0.37
27.08.2021 00:14:05.771,7.788080000000001,7.78757,0.37,0.37
27.08.2021 00:14:06.734,7.7881,7.78757,0.37,0.37
27.08.2021 00:14:07.747,7.788080000000001,7.78757,0.37,0.37
27.08.2021 00:14:09.333,7.7881,7.78757,0.37,0.37
27.08.2021 00:14:20.500,7.787980000000001,7.78757,0.75,0.37
27.08.2021 00:14:25.402,7.787980000000001,7.787580000000001,0.75,0.37
27.08.2021 00:14:28.145,7.787980000000001,7.787610000000001,0.75,0.37
27.08.2021 00:14:29.607,7.787980000000001,7.7876,0.75,0.37
27.08.2021 00:14:44.653,7.787980000000001,7.78759,0.75,0.37
27.08.2021 00:14:49.125,7.788080000000001,7.78759,0.37,0.37
27.08.2021 00:14:49.553,7.7880899999999995,7.78759,0.37,0.37
27.08.2021 00:14:51.306,7.787980000000001,7.78759,0.75,0.37
27.08.2021 00:15:06.679,7.787980000000001,7.787580000000001,0.75,0.37
27.08.2021 00:15:23.859,7.787980000000001,7.78759,0.75,0.37
27.08.2021 00:15:26.239,7.787980000000001,7.78757,0.75,0.37
27.08.2021 00:16:13.717,7.78804,7.78757,0.75,0.37
27.08.2021 00:16:13.975,7.787980000000001,7.78757,0.75,0.37
27.08.2021 00:16:26.314,7.787980000000001,7.78754,0.75,0.75
27.08.2021 00:16:45.414,7.788030000000001,7.78755,0.75,0.75
27.08.2021 00:17:08.998,7.788030000000001,7.78759,0.75,0.37
27.08.2021 00:17:09.385,7.787980000000001,7.78759,0.75,0.37
27.08.2021 00:17:24.876,7.788080000000001,7.787580000000001,0.75,0.37
27.08.2021 00:17:26.360,7.788080000000001,7.78759,0.75,0.37
27.08.2021 00:17:32.853,7.788030000000001,7.78759,0.75,0.37
27.08.2021 00:17:32.903,7.78827,7.7877,0.75,0.37
27.08.2021 00:17:33.004,7.788380000000001,7.7877,0.82,0.37
27.08.2021 00:17:33.055,7.78847,7.7877,1.5,0.37
27.08.2021 00:17:33.155,7.788380000000001,7.7877,0.75,0.37
27.08.2021 00:17:33.206,7.78875,7.787680000000001,0.37,1.5
27.08.2021 00:17:33.357,7.78882,7.78753,0.75,0.75
27.08.2021 00:17:33.528,7.78917,7.78753,0.75,0.75
27.08.2021 00:17:33.729,7.789510000000001,7.78753,0.37,0.75
27.08.2021 00:17:33.830,7.78927,7.787380000000001,0.75,1.5
27.08.2021 00:17:33.984,7.78927,7.787580000000001,0.75,0.75
27.08.2021 00:17:34.100,7.78927,7.7881100000000005,0.75,0.37
27.08.2021 00:17:34.304,7.78927,7.788250000000001,0.75,0.37
27.08.2021 00:17:34.455,7.78915,7.787910000000001,0.37,0.37
27.08.2021 00:17:34.507,7.78907,7.78788,0.75,0.37
27.08.2021 00:17:34.815,7.78903,7.78779,0.37,0.37
27.08.2021 00:17:34.916,7.7888399999999995,7.78765,0.37,0.075
27.08.2021 00:17:35.017,7.788860000000001,7.78765,0.37,0.075
27.08.2021 00:17:35.117,7.78864,7.78765,0.37,0.075
27.08.2021 00:17:35.211,7.7887,7.78765,0.37,0.075
27.08.2021 00:17:35.456,7.788600000000001,7.78765,0.37,0.075
27.08.2021 00:17:35.514,7.7886500000000005,7.78765,0.37,0.075
27.08.2021 00:17:36.355,7.78868,7.78765,0.37,0.075
27.08.2021 00:17:36.423,7.788730000000001,7.78765,0.37,0.075
27.08.2021 00:17:37.055,7.78868,7.78765,0.37,0.075
27.08.2021 00:17:37.235,7.788760000000001,7.78765,0.37,0.075
27.08.2021 00:17:37.438,7.7888,7.78765,0.37,0.075
27.08.2021 00:17:38.458,7.78885,7.78765,0.37,0.075
27.08.2021 00:17:38.986,7.78887,7.78765,0.75,0.075
27.08.2021 00:17:40.485,7.78882,7.7868200000000005,0.37,0.2
27.08.2021 00:17:40.991,7.78887,7.7869399999999995,0.75,0.2
27.08.2021 00:17:41.994,7.78882,7.7868200000000005,0.37,0.2
27.08.2021 00:17:42.414,7.788860000000001,7.7869399999999995,0.37,0.2
27.08.2021 00:17:42.568,7.78887,7.7869399999999995,1.12,0.2
27.08.2021 00:17:43.418,7.788830000000001,7.78765,0.37,0.075
27.08.2021 00:17:43.964,7.788860000000001,7.786830000000001,0.37,0.2
27.08.2021 00:17:44.964,7.7888399999999995,7.7868200000000005,0.37,0.2
27.08.2021 00:17:45.355,7.78887,7.7869399999999995,0.75,0.2
27.08.2021 00:17:46.414,7.7888399999999995,7.7869399999999995,0.37,0.2
27.08.2021 00:17:46.478,7.78887,7.7869399999999995,1.12,0.2
27.08.2021 00:17:47.498,7.78885,7.7868200000000005,0.37,0.2
27.08.2021 00:17:48.001,7.78887,7.7869399999999995,0.75,0.2
27.08.2021 00:17:48.939,7.788830000000001,7.7868200000000005,0.37,0.2
27.08.2021 00:17:49.040,7.78887,7.7869399999999995,1.12,0.2
27.08.2021 00:17:51.051,7.788830000000001,7.7868200000000005,0.37,0.2
27.08.2021 00:17:51.460,7.78887,7.7869399999999995,1.12,0.2
27.08.2021 00:17:52.517,7.788860000000001,7.7869399999999995,0.37,0.2
27.08.2021 00:17:53.511,7.7888399999999995,7.7869399999999995,0.37,0.2
27.08.2021 00:17:53.608,7.788860000000001,7.7869399999999995,0.37,0.2
27.08.2021 00:17:54.552,7.78882,7.7868200000000005,0.37,0.2
27.08.2021 00:17:55.036,7.788860000000001,7.7869399999999995,0.37,0.2
27.08.2021 00:17:56.059,7.78882,7.7868200000000005,0.37,0.2
27.08.2021 00:17:56.365,7.788860000000001,7.7869399999999995,0.37,0.2
27.08.2021 00:17:57.390,7.78882,7.7868200000000005,0.37,0.2
27.08.2021 00:17:57.591,7.78885,7.7869399999999995,0.37,0.2
27.08.2021 00:17:59.929,7.78887,7.786930000000001,1.12,0.2
27.08.2021 00:18:00.029,7.78882,7.786930000000001,0.37,0.2
27.08.2021 00:18:00.332,7.788860000000001,7.786930000000001,0.37,0.2
27.08.2021 00:18:00.482,7.788880000000001,7.787050000000001,0.37,0.2
27.08.2021 00:18:01.464,7.78885,7.786930000000001,0.37,0.2
27.08.2021 00:18:01.564,7.78887,7.787050000000001,0.37,0.2
27.08.2021 00:18:01.649,7.788889999999999,7.787050000000001,0.37,0.2
27.08.2021 00:18:02.574,7.78885,7.786930000000001,0.37,0.2
27.08.2021 00:18:03.114,7.78887,7.787050000000001,0.37,0.2
27.08.2021 00:18:03.693,7.7889,7.787050000000001,0.37,0.2
27.08.2021 00:18:04.114,7.78887,7.787050000000001,0.37,0.2
27.08.2021 00:18:04.205,7.788889999999999,7.787050000000001,0.37,0.2
27.08.2021 00:18:04.618,7.78892,7.787050000000001,0.75,0.2
27.08.2021 00:18:05.131,7.7888399999999995,7.786930000000001,0.37,0.2
27.08.2021 00:18:05.541,7.788860000000001,7.7869399999999995,0.37,0.2
27.08.2021 00:18:05.691,7.78887,7.787050000000001,0.75,0.2
27.08.2021 00:18:06.147,7.7889,7.787050000000001,0.37,0.2
27.08.2021 00:18:06.702,7.7888399999999995,7.786930000000001,0.37,0.2
27.08.2021 00:18:07.166,7.78887,7.787050000000001,0.75,0.2
27.08.2021 00:18:08.176,7.7888,7.786930000000001,0.37,0.2
27.08.2021 00:18:08.582,7.788810000000001,7.787050000000001,0.37,0.2
27.08.2021 00:18:09.197,7.788780000000001,7.7869399999999995,0.37,0.2
27.08.2021 00:18:09.725,7.788810000000001,7.787050000000001,0.37,0.2
27.08.2021 00:18:11.755,7.788780000000001,7.786930000000001,0.37,0.2
27.08.2021 00:18:12.242,7.78879,7.7869399999999995,0.37,0.2
27.08.2021 00:18:13.153,7.788810000000001,7.787050000000001,0.37,0.2
27.08.2021 00:18:13.255,7.788780000000001,7.7869399999999995,0.37,0.2
27.08.2021 00:18:13.664,7.788810000000001,7.787050000000001,0.37,0.2
27.08.2021 00:18:14.678,7.78879,7.787050000000001,0.37,0.2
27.08.2021 00:18:14.775,7.788810000000001,7.787050000000001,0.37,0.2
27.08.2021 00:18:15.714,7.788780000000001,7.787050000000001,0.37,0.2
27.08.2021 00:18:15.787,7.7888,7.787050000000001,0.37,0.2
27.08.2021 00:18:16.796,7.788780000000001,7.78737,0.37,0.47
27.08.2021 00:18:17.815,7.78879,7.787050000000001,0.37,0.2
27.08.2021 00:18:18.817,7.78877,7.78737,0.37,0.47
27.08.2021 00:18:19.323,7.7888,7.78737,0.37,0.47
27.08.2021 00:18:21.348,7.78877,7.787450000000001,0.37,0.47
27.08.2021 00:18:21.758,7.7888,7.787450000000001,0.37,0.47
27.08.2021 00:18:22.670,7.78877,7.787389999999999,0.37,0.47
27.08.2021 00:18:22.773,7.7888,7.787389999999999,0.37,0.47
27.08.2021 00:18:23.793,7.78877,7.78737,0.37,0.47
27.08.2021 00:18:24.910,7.78874,7.78737,0.37,0.47
27.08.2021 00:18:25.004,7.788780000000001,7.78737,0.37,0.47
27.08.2021 00:18:27.040,7.7888,7.787380000000001,0.37,0.47
27.08.2021 00:18:27.191,7.788780000000001,7.786930000000001,0.37,0.2
27.08.2021 00:18:27.563,7.78862,7.78765,0.37,0.075
27.08.2021 00:18:27.696,7.78859,7.78765,0.37,0.075
27.08.2021 00:18:27.830,7.78852,7.78765,0.37,0.075
27.08.2021 00:18:28.149,7.788560000000001,7.78765,0.37,0.075
27.08.2021 00:18:30.191,7.7885800000000005,7.78765,0.37,0.075
27.08.2021 00:18:30.497,7.788610000000001,7.78765,0.37,0.075
27.08.2021 00:18:30.693,7.78862,7.78765,0.37,0.075
27.08.2021 00:18:31.233,7.7886500000000005,7.78765,0.37,0.075
27.08.2021 00:18:31.702,7.78867,7.78765,0.37,0.075
27.08.2021 00:18:33.019,7.788710000000001,7.78765,0.37,0.075
27.08.2021 00:18:34.031,7.78864,7.78765,0.37,0.075
27.08.2021 00:18:34.232,7.78868,7.78765,0.37,0.075
27.08.2021 00:18:35.164,7.7887,7.78765,0.37,0.075
27.08.2021 00:18:36.107,7.78867,7.78765,0.37,0.075
27.08.2021 00:18:36.714,7.788710000000001,7.78765,0.37,0.075
27.08.2021 00:18:36.989,7.7887,7.78765,0.37,0.075
27.08.2021 00:18:37.701,7.7886500000000005,7.78765,0.37,0.075
27.08.2021 00:18:37.802,7.78857,7.78765,0.37,0.075
27.08.2021 00:18:37.997,7.78852,7.78765,0.37,0.075
27.08.2021 00:18:38.147,7.78864,7.78765,0.37,0.075
27.08.2021 00:18:38.610,7.788660000000001,7.78765,0.37,0.075
27.08.2021 00:18:39.216,7.7887,7.78765,0.37,0.075
27.08.2021 00:18:40.764,7.78872,7.78765,0.37,0.075
27.08.2021 00:18:41.765,7.788730000000001,7.78765,0.37,0.075
27.08.2021 00:18:41.853,7.788780000000001,7.78765,0.37,0.075
27.08.2021 00:18:42.258,7.78874,7.78765,0.37,0.075
27.08.2021 00:18:43.269,7.788710000000001,7.78765,0.37,0.075
27.08.2021 00:18:43.397,7.7887,7.78765,0.37,0.075
27.08.2021 00:18:43.676,7.788730000000001,7.78765,0.37,0.075
27.08.2021 00:18:44.287,7.788760000000001,7.78765,0.37,0.075
27.08.2021 00:18:44.714,7.78872,7.78765,0.37,0.075
27.08.2021 00:18:44.789,7.78875,7.78765,0.37,0.075
27.08.2021 00:18:45.808,7.78877,7.78765,0.37,0.075
27.08.2021 00:18:46.813,7.78874,7.78765,0.37,0.075
27.08.2021 00:18:47.366,7.78875,7.78765,0.37,0.075
27.08.2021 00:18:48.349,7.7887,7.78765,0.37,0.075
27.08.2021 00:18:48.851,7.788730000000001,7.78765,0.37,0.075
27.08.2021 00:18:49.881,7.78875,7.78765,0.37,0.075
27.08.2021 00:18:49.999,7.788730000000001,7.78765,0.37,0.075
27.08.2021 00:18:52.129,7.788710000000001,7.78765,0.37,0.075
27.08.2021 00:18:52.359,7.78875,7.78765,0.37,0.075
27.08.2021 00:18:53.660,7.78877,7.78765,0.37,0.075
27.08.2021 00:18:54.110,7.78875,7.786810000000001,0.37,0.2
27.08.2021 00:18:54.169,7.788780000000001,7.786810000000001,0.37,0.2
27.08.2021 00:18:54.374,7.7888,7.786930000000001,0.37,0.2
27.08.2021 00:18:57.363,7.78877,7.7868200000000005,0.37,0.2
27.08.2021 00:18:57.437,7.78879,7.7868200000000005,0.37,0.2
27.08.2021 00:18:58.452,7.788780000000001,7.786810000000001,0.37,0.2
27.08.2021 00:18:59.472,7.788760000000001,7.78765,0.37,0.075
27.08.2021 00:18:59.979,7.78879,7.786810000000001,0.37,0.2
27.08.2021 00:19:00.992,7.788760000000001,7.78765,0.37,0.075
27.08.2021 00:19:01.405,7.78879,7.78765,0.37,0.075
27.08.2021 00:19:02.464,7.788760000000001,7.786810000000001,0.37,0.2
27.08.2021 00:19:02.565,7.788780000000001,7.786810000000001,0.37,0.2
27.08.2021 00:19:03.564,7.788810000000001,7.786930000000001,0.37,0.2
27.08.2021 00:19:04.565,7.7888,7.786930000000001,0.37,0.2
27.08.2021 00:19:05.571,7.788780000000001,7.786810000000001,0.37,0.2
27.08.2021 00:19:06.590,7.788810000000001,7.786930000000001,0.37,0.2
27.08.2021 00:19:06.688,7.788830000000001,7.786930000000001,0.37,0.2
27.08.2021 00:19:07.602,7.78879,7.786810000000001,0.37,0.2
27.08.2021 00:19:07.910,7.788810000000001,7.786810000000001,0.37,0.2
27.08.2021 00:19:08.011,7.788730000000001,7.78765,0.37,0.075
27.08.2021 00:19:08.156,7.788760000000001,7.78765,0.37,0.075
27.08.2021 00:19:08.308,7.788830000000001,7.786810000000001,0.37,0.2
27.08.2021 00:19:08.610,7.7888399999999995,7.78692,0.37,0.2
27.08.2021 00:19:09.146,7.7888,7.786810000000001,0.37,0.2
27.08.2021 00:19:09.528,7.78882,7.786810000000001,0.37,0.2
27.08.2021 00:19:09.632,7.7888399999999995,7.786810000000001,0.37,0.2
27.08.2021 00:19:11.064,7.788910000000001,7.78704,0.37,0.2
27.08.2021 00:19:11.558,7.78885,7.78692,0.37,0.2
27.08.2021 00:19:11.658,7.78887,7.78692,0.37,0.2
27.08.2021 00:19:12.676,7.78885,7.78692,0.37,0.2
27.08.2021 00:19:13.109,7.78887,7.78692,0.37,0.2
27.08.2021 00:19:14.100,7.78885,7.78692,0.37,0.2
27.08.2021 00:19:14.598,7.788950000000001,7.78692,0.37,0.2
27.08.2021 00:19:15.660,7.7889,7.78765,0.37,0.075
27.08.2021 00:19:15.913,7.788610000000001,7.78765,0.37,0.075
27.08.2021 00:19:16.024,7.788430000000001,7.78765,0.37,0.075
27.08.2021 00:19:16.364,7.788550000000001,7.78765,0.37,0.075
27.08.2021 00:19:16.432,7.7885800000000005,7.78765,0.37,0.075
27.08.2021 00:19:16.740,7.788600000000001,7.78765,0.37,0.075
27.08.2021 00:19:17.247,7.78864,7.78765,0.37,0.075
27.08.2021 00:19:17.347,7.788560000000001,7.78765,0.37,0.075
27.08.2021 00:19:17.557,7.788610000000001,7.78765,0.37,0.075
27.08.2021 00:19:18.665,7.78867,7.78765,0.37,0.075
27.08.2021 00:19:19.770,7.788710000000001,7.78765,0.37,0.075
27.08.2021 00:19:20.786,7.78875,7.78765,0.37,0.075
27.08.2021 00:19:22.933,7.788780000000001,7.78765,0.37,0.075
27.08.2021 00:19:23.033,7.788710000000001,7.78765,0.37,0.075
27.08.2021 00:19:23.542,7.788730000000001,7.78765,0.37,0.075
27.08.2021 00:19:24.465,7.78869,7.78765,0.37,0.075
27.08.2021 00:19:24.768,7.78872,7.78765,0.37,0.075
27.08.2021 00:19:33.696,7.788760000000001,7.78765,0.37,0.075
27.08.2021 00:19:33.847,7.78872,7.78765,0.37,0.075
27.08.2021 00:19:33.948,7.788530000000001,7.78765,0.37,0.075
27.08.2021 00:19:34.103,7.7885,7.78765,0.37,0.075
27.08.2021 00:19:34.254,7.78862,7.78765,0.37,0.075
27.08.2021 00:19:34.422,7.78864,7.78765,0.37,0.075
27.08.2021 00:19:35.327,7.78872,7.78765,0.37,0.075
27.08.2021 00:19:35.432,7.78869,7.78765,0.37,0.075
27.08.2021 00:19:36.358,7.78863,7.78765,0.37,0.075
27.08.2021 00:19:36.509,7.788530000000001,7.78765,0.37,0.075
27.08.2021 00:19:36.689,7.788539999999999,7.78765,0.37,0.075
27.08.2021 00:19:36.790,7.78862,7.78765,0.37,0.075
27.08.2021 00:19:36.992,7.788530000000001,7.78765,0.37,0.075
27.08.2021 00:19:37.139,7.78852,7.78765,0.37,0.075
27.08.2021 00:19:37.263,7.78859,7.78765,0.37,0.075
27.08.2021 00:19:37.470,7.788760000000001,7.78765,0.37,0.075
27.08.2021 00:19:37.571,7.78897,7.78765,1.12,0.075
27.08.2021 00:19:37.672,7.7892600000000005,7.78793,0.37,0.37
27.08.2021 00:19:37.822,7.78927,7.78794,1.12,0.37
27.08.2021 00:19:37.923,7.78909,7.787760000000001,0.37,0.37
27.08.2021 00:19:38.078,7.7889800000000005,7.78765,0.37,0.45
27.08.2021 00:19:38.229,7.78902,7.78769,0.37,0.37
27.08.2021 00:19:38.414,7.7889,7.786910000000001,0.37,0.2
27.08.2021 00:19:38.593,7.788889999999999,7.786910000000001,0.37,0.2
27.08.2021 00:19:39.214,7.788860000000001,7.786910000000001,0.37,0.2
27.08.2021 00:19:39.315,7.7889,7.787030000000001,0.37,0.2
27.08.2021 00:19:39.408,7.788930000000001,7.787030000000001,0.37,0.2
27.08.2021 00:19:40.317,7.7889,7.787030000000001,0.37,0.2
27.08.2021 00:19:40.418,7.789000000000001,7.787030000000001,0.37,0.2
27.08.2021 00:19:41.422,7.78907,7.7877,1.5,0.37
27.08.2021 00:19:42.485,7.78899,7.786910000000001,0.37,0.2
27.08.2021 00:19:42.943,7.789000000000001,7.787030000000001,0.37,0.2
27.08.2021 00:19:43.047,7.78907,7.787710000000001,1.5,0.37
27.08.2021 00:19:43.866,7.789000000000001,7.786910000000001,0.37,0.2
27.08.2021 00:19:44.376,7.78902,7.7877,1.5,0.37
27.08.2021 00:19:44.477,7.78902,7.787730000000001,1.5,0.37
27.08.2021 00:19:45.414,7.78902,7.787680000000001,1.5,0.37
27.08.2021 00:19:45.489,7.78907,7.78772,1.87,0.37
27.08.2021 00:19:46.259,7.7890500000000005,7.78772,0.37,0.37
27.08.2021 00:19:46.447,7.7890500000000005,7.7877,0.75,0.37
27.08.2021 00:19:46.822,7.7890500000000005,7.78775,0.37,0.37
27.08.2021 00:19:46.924,7.78902,7.78775,1.5,0.37
27.08.2021 00:19:47.764,7.7890500000000005,7.7877,0.37,0.37
27.08.2021 00:19:47.944,7.78907,7.78775,1.87,0.37
27.08.2021 00:19:48.260,7.789010000000001,7.78775,0.37,0.37
27.08.2021 00:19:48.954,7.789010000000001,7.78777,0.37,0.37
27.08.2021 00:19:49.265,7.789000000000001,7.78777,0.37,0.37
27.08.2021 00:19:49.760,7.7885800000000005,7.78782,0.75,0.75
27.08.2021 00:19:49.861,7.78887,7.787710000000001,1.5,0.37
27.08.2021 00:19:49.962,7.7885800000000005,7.78772,0.75,0.75
27.08.2021 00:19:50.163,7.788530000000001,7.78782,0.75,0.75
27.08.2021 00:19:50.414,7.788830000000001,7.78744,0.75,0.47
27.08.2021 00:19:50.515,7.78887,7.78744,1.5,0.47
27.08.2021 00:19:51.375,7.7885800000000005,7.787730000000001,0.75,0.75
27.08.2021 00:19:51.432,7.78887,7.787510000000001,1.5,0.47
27.08.2021 00:19:51.533,7.78887,7.78769,2.25,0.75
27.08.2021 00:19:51.602,7.788880000000001,7.787510000000001,0.75,0.47
27.08.2021 00:19:51.863,7.7885800000000005,7.78772,0.75,0.75
27.08.2021 00:19:52.537,7.78887,7.787510000000001,0.75,0.47
27.08.2021 00:19:52.928,7.788860000000001,7.787510000000001,0.75,0.47
27.08.2021 00:19:53.049,7.788830000000001,7.787510000000001,0.75,0.47
27.08.2021 00:19:53.891,7.788530000000001,7.78782,0.75,0.75
27.08.2021 00:19:53.941,7.788830000000001,7.78753,0.75,0.47
27.08.2021 00:19:54.058,7.78887,7.78753,1.5,0.47
27.08.2021 00:19:54.472,7.788860000000001,7.78753,0.75,0.47
27.08.2021 00:19:55.511,7.78885,7.78754,0.75,0.47
27.08.2021 00:19:55.902,7.78882,7.78754,0.75,0.47
27.08.2021 00:19:56.799,7.78868,7.78782,0.75,0.75
27.08.2021 00:19:57.961,7.7885800000000005,7.78782,0.75,0.75
27.08.2021 00:19:58.011,7.7885800000000005,7.787730000000001,0.75,0.75
27.08.2021 00:19:58.062,7.788860000000001,7.78753,0.75,0.47
27.08.2021 00:19:58.163,7.78882,7.78753,0.75,0.47
27.08.2021 00:19:59.157,7.78885,7.78753,0.37,0.47
27.08.2021 00:19:59.586,7.78882,7.78753,0.75,0.47
27.08.2021 00:20:00.072,7.788530000000001,7.78782,0.75,0.75
27.08.2021 00:20:01.522,7.7885800000000005,7.78782,0.75,0.75
27.08.2021 00:20:01.573,7.7885800000000005,7.78787,0.75,0.75
27.08.2021 00:20:01.690,7.78882,7.78753,0.75,0.47
27.08.2021 00:20:01.929,7.78885,7.78753,0.37,0.47
27.08.2021 00:20:02.197,7.78882,7.78753,0.75,0.47
27.08.2021 00:20:03.114,7.78885,7.78753,0.37,0.47
27.08.2021 00:20:03.514,7.788530000000001,7.78767,0.75,0.75
27.08.2021 00:20:04.564,7.788530000000001,7.78782,0.75,0.75
27.08.2021 00:20:04.614,7.78882,7.78754,0.75,0.47
27.08.2021 00:20:04.900,7.7888399999999995,7.78754,0.37,0.47
27.08.2021 00:20:05.086,7.7885800000000005,7.78782,0.75,0.75
27.08.2021 00:20:05.576,7.78882,7.78754,0.75,0.47
27.08.2021 00:20:05.626,7.7885800000000005,7.78782,0.75,0.75
27.08.2021 00:20:06.024,7.78885,7.78754,0.37,0.47
27.08.2021 00:20:06.128,7.7885800000000005,7.78782,0.75,0.75
27.08.2021 00:20:07.026,7.78882,7.78754,0.75,0.47
27.08.2021 00:20:07.090,7.7885800000000005,7.78782,0.75,0.75
27.08.2021 00:20:07.527,7.7888399999999995,7.78753,0.37,0.47
27.08.2021 00:20:07.692,7.78882,7.78753,0.75,0.47
27.08.2021 00:20:08.609,7.7888399999999995,7.78754,0.37,0.47
27.08.2021 00:20:08.971,7.7885800000000005,7.78782,0.75,0.75
27.08.2021 00:20:09.963,7.78882,7.78753,0.75,0.47
27.08.2021 00:20:10.014,7.7885800000000005,7.78782,0.75,0.75
27.08.2021 00:20:10.064,7.78885,7.78753,0.37,0.47
27.08.2021 00:20:10.115,7.7885800000000005,7.78782,0.75,0.75
27.08.2021 00:20:11.045,7.78882,7.78753,0.75,0.47
27.08.2021 00:20:11.146,7.7885800000000005,7.78782,0.75,0.75
27.08.2021 00:20:11.550,7.7888399999999995,7.78753,0.37,0.47
27.08.2021 00:20:11.600,7.7885800000000005,7.78782,0.75,0.75
27.08.2021 00:20:12.540,7.78882,7.78754,0.75,0.47
27.08.2021 00:20:12.590,7.7885800000000005,7.78782,0.75,0.75
27.08.2021 00:20:12.641,7.78882,7.78754,0.75,0.47
27.08.2021 00:20:13.666,7.7885800000000005,7.78782,0.75,0.75
27.08.2021 00:20:13.997,7.78885,7.78753,0.37,0.47
27.08.2021 00:20:14.098,7.7885800000000005,7.78782,0.75,0.75
27.08.2021 00:20:15.004,7.78868,7.78782,0.75,0.75
27.08.2021 00:20:15.159,7.7888399999999995,7.78753,0.37,0.47
27.08.2021 00:20:15.209,7.7885800000000005,7.78782,0.75,0.75
27.08.2021 00:20:16.171,7.788530000000001,7.78782,0.75,0.75
27.08.2021 00:20:16.221,7.788810000000001,7.78753,0.75,0.47
27.08.2021 00:20:16.451,7.78885,7.78753,0.37,0.47
27.08.2021 00:20:16.618,7.7885800000000005,7.78782,0.75,0.75
27.08.2021 00:20:16.669,7.78885,7.78753,0.37,0.47
27.08.2021 00:20:16.758,7.788810000000001,7.78753,0.75,0.47
27.08.2021 00:20:17.623,7.788530000000001,7.78782,0.75,0.75
27.08.2021 00:20:17.673,7.788810000000001,7.78754,0.75,0.47
27.08.2021 00:20:17.822,7.7888399999999995,7.78754,0.37,0.47
27.08.2021 00:20:17.875,7.78882,7.78754,0.75,0.47
27.08.2021 00:20:18.814,7.78885,7.78754,1.12,0.47
27.08.2021 00:20:19.271,7.78868,7.78782,0.75,0.75
27.08.2021 00:20:19.322,7.788810000000001,7.78754,0.75,0.47
27.08.2021 00:20:20.326,7.7888399999999995,7.78755,0.75,0.47
27.08.2021 00:20:20.376,7.78863,7.78787,0.75,0.75
27.08.2021 00:20:21.232,7.78885,7.787560000000001,0.37,0.47
27.08.2021 00:20:21.682,7.7888399999999995,7.78754,0.37,0.47
27.08.2021 00:20:21.732,7.7885800000000005,7.78782,0.75,0.75
27.08.2021 00:20:22.747,7.78882,7.787560000000001,0.75,0.47
27.08.2021 00:20:22.798,7.7888399999999995,7.787560000000001,0.37,0.47
27.08.2021 00:20:22.869,7.788810000000001,7.787560000000001,0.75,0.47
27.08.2021 00:20:22.974,7.78882,7.787560000000001,0.75,0.47
27.08.2021 00:20:23.895,7.7888399999999995,7.78755,0.37,0.47
27.08.2021 00:20:24.425,7.78882,7.78755,0.75,0.47
27.08.2021 00:20:25.431,7.78885,7.78755,0.37,0.47
27.08.2021 00:20:25.746,7.78882,7.78755,0.75,0.47
27.08.2021 00:20:26.658,7.7888399999999995,7.787560000000001,0.37,0.47
27.08.2021 00:20:26.962,7.78882,7.787560000000001,0.75,0.47
27.08.2021 00:20:27.974,7.7888399999999995,7.78755,0.37,0.47
27.08.2021 00:20:28.388,7.78885,7.787560000000001,0.37,0.47
27.08.2021 00:20:28.481,7.78882,7.787560000000001,0.75,0.47
27.08.2021 00:20:31.070,7.7885800000000005,7.787730000000001,0.75,0.75
27.08.2021 00:20:31.182,7.7888399999999995,7.787580000000001,0.75,0.47
27.08.2021 00:20:31.233,7.788530000000001,7.78777,0.75,0.75
27.08.2021 00:20:31.569,7.7885800000000005,7.78782,0.75,0.75
27.08.2021 00:20:31.619,7.788830000000001,7.78754,0.37,0.47
27.08.2021 00:20:31.670,7.7885800000000005,7.78782,0.75,0.75
27.08.2021 00:20:32.627,7.788810000000001,7.78753,0.75,0.47
27.08.2021 00:20:32.757,7.788830000000001,7.78753,0.37,0.47
27.08.2021 00:20:33.065,7.788810000000001,7.78753,0.75,0.47
27.08.2021 00:20:33.167,7.7888,7.78753,0.75,0.47
27.08.2021 00:20:33.998,7.7885800000000005,7.78782,0.75,0.75
27.08.2021 00:20:34.048,7.7888,7.78757,0.75,0.47
27.08.2021 00:20:34.189,7.78882,7.78757,0.75,0.47
27.08.2021 00:20:35.121,7.78868,7.78782,0.75,0.75
27.08.2021 00:20:35.552,7.7888399999999995,7.787580000000001,0.37,0.47
27.08.2021 00:20:35.653,7.788810000000001,7.787580000000001,0.75,0.47
27.08.2021 00:20:35.819,7.7888,7.787580000000001,0.75,0.47
27.08.2021 00:20:36.498,7.788530000000001,7.78782,0.75,0.75
27.08.2021 00:20:36.548,7.78868,7.78782,0.75,0.75
27.08.2021 00:20:36.599,7.788530000000001,7.78782,0.75,0.75
27.08.2021 00:20:39.996,7.7888,7.78757,0.75,0.47
27.08.2021 00:20:40.096,7.7885800000000005,7.78782,0.75,0.75
27.08.2021 00:20:40.147,7.7885800000000005,7.78772,0.75,0.75
27.08.2021 00:20:40.197,7.788530000000001,7.78777,0.75,0.75
27.08.2021 00:20:40.333,7.788530000000001,7.78782,0.75,0.75
27.08.2021 00:20:40.614,7.7888399999999995,7.78753,1.12,0.47
27.08.2021 00:20:40.665,7.7885800000000005,7.78782,0.75,0.75
27.08.2021 00:20:41.613,7.788530000000001,7.78767,0.75,0.75
27.08.2021 00:20:41.664,7.788830000000001,7.78754,0.37,0.47
27.08.2021 00:20:41.792,7.7885800000000005,7.78782,0.75,0.75
27.08.2021 00:20:42.643,7.78882,7.78754,0.75,0.47
27.08.2021 00:20:42.694,7.7885800000000005,7.787730000000001,0.75,0.75
27.08.2021 00:20:42.744,7.78882,7.78754,0.75,0.47
27.08.2021 00:20:42.794,7.78863,7.78787,0.75,0.75
27.08.2021 00:20:43.023,7.78863,7.787780000000001,0.75,0.75
27.08.2021 00:20:43.074,7.78868,7.7878300000000005,0.75,0.75
27.08.2021 00:20:44.279,7.788880000000001,7.787730000000001,0.37,1.5
27.08.2021 00:20:44.329,7.788780000000001,7.7879700000000005,0.75,0.75
27.08.2021 00:21:00.740,7.788830000000001,7.787739999999999,0.37,0.37
27.08.2021 00:21:01.468,7.78882,7.787739999999999,0.37,0.37
27.08.2021 00:21:02.472,7.788810000000001,7.787739999999999,0.37,0.37
27.08.2021 00:21:04.031,7.788830000000001,7.787739999999999,0.37,0.37
27.08.2021 00:21:05.022,7.78882,7.787739999999999,0.37,0.37
27.08.2021 00:21:06.016,7.788810000000001,7.787739999999999,0.37,0.37
27.08.2021 00:21:07.281,7.7888399999999995,7.787739999999999,0.37,0.37
27.08.2021 00:21:08.322,7.788830000000001,7.787739999999999,0.37,0.37
27.08.2021 00:21:08.525,7.788830000000001,7.78775,0.37,0.75
27.08.2021 00:21:09.424,7.7888399999999995,7.78775,0.37,0.75
27.08.2021 00:21:10.428,7.788830000000001,7.78775,0.37,0.75
27.08.2021 00:21:13.452,7.7888399999999995,7.78775,0.37,0.75
27.08.2021 00:21:14.452,7.788830000000001,7.78775,0.37,0.75
27.08.2021 00:21:17.950,7.78882,7.78775,0.37,0.75
27.08.2021 00:21:18.953,7.78879,7.78775,0.37,0.75
27.08.2021 00:21:23.453,7.78882,7.78775,0.37,0.75
27.08.2021 00:21:26.476,7.788810000000001,7.78775,0.37,0.75
27.08.2021 00:21:31.611,7.788810000000001,7.787730000000001,0.37,1.5
27.08.2021 00:21:32.418,7.788810000000001,7.787980000000001,0.37,0.37
27.08.2021 00:21:32.699,7.78874,7.787980000000001,0.37,0.37
27.08.2021 00:21:33.472,7.788730000000001,7.787980000000001,0.37,0.37
27.08.2021 00:21:34.186,7.788730000000001,7.788,0.37,0.37
27.08.2021 00:21:34.475,7.78872,7.788,0.37,0.37
27.08.2021 00:21:35.708,7.78872,7.78799,0.37,0.37
27.08.2021 00:21:36.563,7.788730000000001,7.78799,0.37,0.37
27.08.2021 00:21:37.824,7.788710000000001,7.78799,0.37,0.37
27.08.2021 00:21:38.830,7.78869,7.78799,0.37,0.37
27.08.2021 00:21:39.514,7.78869,7.787710000000001,0.37,0.75
27.08.2021 00:21:39.564,7.78863,7.78787,0.75,0.75
27.08.2021 00:21:39.615,7.78863,7.78782,0.75,0.75
27.08.2021 00:21:39.665,7.78863,7.78787,0.75,0.75
27.08.2021 00:21:39.716,7.7887,7.78787,0.75,0.75
27.08.2021 00:21:40.073,7.788710000000001,7.78787,0.75,0.75
27.08.2021 00:21:40.124,7.78869,7.78787,0.75,0.75
27.08.2021 00:21:41.067,7.788810000000001,7.787660000000001,0.75,1.12
27.08.2021 00:21:41.117,7.78868,7.78792,0.75,0.75
27.08.2021 00:21:41.168,7.788810000000001,7.787660000000001,0.75,0.75
27.08.2021 00:21:41.218,7.78882,7.78769,0.37,0.75
27.08.2021 00:21:41.331,7.78882,7.78764,0.37,0.47
27.08.2021 00:21:41.382,7.788710000000001,7.78787,0.75,0.75
27.08.2021 00:21:41.483,7.78882,7.78764,0.37,0.47
27.08.2021 00:21:41.605,7.7888,7.787660000000001,0.75,0.75
27.08.2021 00:21:41.709,7.78868,7.78787,0.75,0.75
27.08.2021 00:21:42.344,7.78869,7.78787,0.75,0.75
27.08.2021 00:21:42.445,7.78877,7.78764,0.37,0.47
27.08.2021 00:21:42.509,7.7887,7.78787,0.75,0.75
27.08.2021 00:21:42.660,7.78869,7.78787,0.75,0.75
27.08.2021 00:21:42.761,7.7885800000000005,7.787780000000001,0.75,0.75
27.08.2021 00:21:43.544,7.7885800000000005,7.78777,0.75,0.75
27.08.2021 00:21:43.909,7.78863,7.78779,0.75,0.75
27.08.2021 00:21:44.060,7.7885800000000005,7.78787,0.75,0.75
27.08.2021 00:21:44.909,7.78877,7.78764,0.37,0.47
27.08.2021 00:21:45.341,7.78868,7.78782,0.75,0.75
27.08.2021 00:21:45.452,7.788730000000001,7.78787,0.75,0.75
27.08.2021 00:21:45.553,7.7885800000000005,7.78787,0.75,0.75
27.08.2021 00:21:45.951,7.78868,7.78787,0.75,0.75
27.08.2021 00:21:46.342,7.78869,7.78787,0.75,0.75
27.08.2021 00:21:46.442,7.78863,7.78777,0.75,0.75
27.08.2021 00:21:46.659,7.7885800000000005,7.787739999999999,0.75,0.75
27.08.2021 00:21:47.369,7.7885800000000005,7.787730000000001,0.75,0.75
27.08.2021 00:21:47.469,7.78877,7.78764,0.37,0.47
27.08.2021 00:21:47.570,7.78879,7.787660000000001,0.37,0.37
27.08.2021 00:21:47.748,7.7885800000000005,7.78777,0.75,0.75
27.08.2021 00:21:48.481,7.7885800000000005,7.78782,0.75,0.75
27.08.2021 00:21:48.831,7.7885800000000005,7.787780000000001,0.75,0.75
27.08.2021 00:21:49.723,7.7885800000000005,7.78779,0.75,0.75
27.08.2021 00:21:49.824,7.7885800000000005,7.78777,0.75,0.75
27.08.2021 00:21:49.924,7.78863,7.78777,0.75,0.75
27.08.2021 00:21:50.244,7.78863,7.78779,0.75,0.75
27.08.2021 00:21:50.395,7.7885800000000005,7.78787,0.75,0.75
27.08.2021 00:21:50.742,7.7885800000000005,7.78775,0.75,0.75
27.08.2021 00:21:50.793,7.7885800000000005,7.78772,0.75,2.25
27.08.2021 00:21:50.843,7.788530000000001,7.78772,0.75,2.25
27.08.2021 00:21:50.894,7.7888,7.787660000000001,0.75,0.37
27.08.2021 00:21:50.994,7.78868,7.78787,0.75,0.75
27.08.2021 00:21:51.951,7.78867,7.7879700000000005,0.75,0.37
27.08.2021 00:21:52.052,7.78868,7.7879700000000005,0.75,0.37
27.08.2021 00:21:53.456,7.788780000000001,7.78767,0.37,0.37
27.08.2021 00:21:53.556,7.78863,7.78787,0.75,0.75
27.08.2021 00:21:53.649,7.788780000000001,7.78764,0.37,0.47
27.08.2021 00:21:54.614,7.788660000000001,7.78787,0.75,0.75
27.08.2021 00:21:54.664,7.788780000000001,7.78764,0.37,0.47
27.08.2021 00:21:55.116,7.7887,7.78787,0.75,0.75
27.08.2021 00:21:55.217,7.78869,7.78787,0.75,0.75
27.08.2021 00:21:56.176,7.78879,7.787660000000001,0.37,0.75
27.08.2021 00:21:56.300,7.78879,7.7876,0.37,0.47
27.08.2021 00:21:56.400,7.78879,7.787680000000001,0.37,0.75
27.08.2021 00:21:56.518,7.7888,7.787680000000001,0.37,0.75
27.08.2021 00:21:56.619,7.7888,7.78764,0.37,0.47
27.08.2021 00:21:56.703,7.7888,7.78767,0.37,0.75
27.08.2021 00:21:56.863,7.78868,7.78787,0.75,0.75
27.08.2021 00:21:57.570,7.78869,7.78787,0.75,0.75
27.08.2021 00:21:57.620,7.78879,7.78765,0.75,0.45
27.08.2021 00:21:57.917,7.78868,7.78782,0.75,0.75
27.08.2021 00:21:58.922,7.78877,7.78764,0.37,0.47
27.08.2021 00:21:59.156,7.7885800000000005,7.78787,0.75,0.75
27.08.2021 00:21:59.730,7.78868,7.78787,0.75,0.75
27.08.2021 00:22:00.476,7.78869,7.78787,0.75,0.75
27.08.2021 00:22:00.527,7.7885800000000005,7.78772,0.75,0.75
27.08.2021 00:22:00.577,7.78868,7.78787,0.75,0.75
27.08.2021 00:22:00.678,7.78863,7.787780000000001,0.75,0.75
27.08.2021 00:22:00.729,7.78863,7.78787,0.75,0.75
27.08.2021 00:22:00.779,7.7885800000000005,7.78777,0.75,0.75
27.08.2021 00:22:01.627,7.78877,7.78764,0.37,0.47
27.08.2021 00:22:01.882,7.7885800000000005,7.78787,0.75,0.75
27.08.2021 00:22:02.149,7.7885800000000005,7.787780000000001,0.75,0.75
27.08.2021 00:22:02.330,7.78877,7.787660000000001,0.37,0.75
27.08.2021 00:22:02.457,7.78877,7.78764,0.37,0.47
27.08.2021 00:22:02.737,7.788780000000001,7.78764,0.37,0.47
27.08.2021 00:22:03.114,7.788530000000001,7.78772,0.75,2.25
27.08.2021 00:22:03.214,7.788780000000001,7.78764,0.37,0.47
27.08.2021 00:22:03.332,7.788530000000001,7.78782,0.75,0.75
27.08.2021 00:22:03.880,7.7885800000000005,7.78782,0.75,0.75
27.08.2021 00:22:03.931,7.7885800000000005,7.787739999999999,0.75,0.75
27.08.2021 00:22:03.981,7.7885800000000005,7.78787,0.75,0.75
27.08.2021 00:22:04.949,7.788780000000001,7.78765,0.37,0.45
27.08.2021 00:22:04.999,7.7885800000000005,7.78772,0.75,2.25
27.08.2021 00:22:05.100,7.788780000000001,7.78765,1.12,0.45
27.08.2021 00:22:06.176,7.7885800000000005,7.78777,0.75,0.75
27.08.2021 00:22:06.227,7.78863,7.78777,0.75,0.75
27.08.2021 00:22:06.277,7.7885800000000005,7.78787,0.75,0.75
27.08.2021 00:22:07.275,7.7885800000000005,7.78777,0.75,0.75
27.08.2021 00:22:07.376,7.7885800000000005,7.787739999999999,0.75,0.75
27.08.2021 00:22:07.673,7.7885800000000005,7.78787,0.75,0.75
27.08.2021 00:22:07.724,7.78868,7.78782,0.75,0.75
27.08.2021 00:22:08.170,7.788780000000001,7.787660000000001,0.37,0.37
27.08.2021 00:22:08.324,7.788660000000001,7.78782,0.75,0.75
27.08.2021 00:22:08.636,7.78867,7.78782,0.75,0.75
27.08.2021 00:22:08.686,7.78877,7.78764,0.37,0.47
27.08.2021 00:22:08.815,7.78863,7.78782,0.75,0.75
27.08.2021 00:22:09.643,7.78877,7.78764,0.37,0.47
27.08.2021 00:22:09.794,7.788780000000001,7.787630000000001,1.12,0.47
27.08.2021 00:22:10.014,7.7885800000000005,7.78782,0.75,0.75
27.08.2021 00:22:10.115,7.7885800000000005,7.78787,0.75,0.75
27.08.2021 00:22:10.563,7.7885800000000005,7.78782,0.75,0.75
27.08.2021 00:22:11.064,7.788780000000001,7.787630000000001,0.37,0.47
27.08.2021 00:22:11.971,7.78877,7.78762,0.37,0.47
27.08.2021 00:22:14.009,7.788780000000001,7.78762,1.12,0.47
27.08.2021 00:22:15.700,7.78877,7.78762,0.75,0.47
27.08.2021 00:22:16.557,7.78872,7.787630000000001,0.37,0.47
27.08.2021 00:22:16.658,7.7885800000000005,7.78775,0.75,0.75
27.08.2021 00:22:16.708,7.78872,7.787630000000001,0.37,0.47
27.08.2021 00:22:16.758,7.7885800000000005,7.78782,0.75,0.75
27.08.2021 00:22:16.809,7.78872,7.787630000000001,0.37,0.47
27.08.2021 00:22:16.859,7.7885800000000005,7.78782,0.75,0.75
27.08.2021 00:22:18.247,7.788530000000001,7.78777,0.75,0.75
27.08.2021 00:22:18.298,7.78874,7.787630000000001,1.12,0.47
27.08.2021 00:22:18.348,7.78862,7.78782,0.75,0.75
27.08.2021 00:22:19.292,7.7885800000000005,7.787910000000001,0.75,0.37
27.08.2021 00:22:19.393,7.788530000000001,7.787910000000001,0.75,0.37
27.08.2021 00:22:20.420,7.788530000000001,7.787710000000001,0.75,0.75
27.08.2021 00:22:20.471,7.78874,7.787610000000001,0.75,0.47
27.08.2021 00:22:20.521,7.7885800000000005,7.78772,0.75,0.75
27.08.2021 00:22:20.678,7.7887,7.787610000000001,0.75,0.47
27.08.2021 00:22:25.708,7.788530000000001,7.78769,0.75,0.75
27.08.2021 00:22:25.809,7.788530000000001,7.78777,0.75,0.75
27.08.2021 00:22:31.517,7.788530000000001,7.78769,0.75,0.75
27.08.2021 00:22:31.567,7.78859,7.78777,0.75,0.75
27.08.2021 00:22:36.718,7.7885800000000005,7.78777,0.75,0.75
27.08.2021 00:22:40.747,7.78857,7.78777,0.37,0.75
27.08.2021 00:22:42.728,7.78857,7.787739999999999,0.37,0.37
27.08.2021 00:22:44.780,7.78857,7.787760000000001,0.37,0.37
27.08.2021 00:22:45.785,7.78857,7.78779,0.37,0.37
27.08.2021 00:22:58.646,7.78857,7.787739999999999,0.37,0.37
27.08.2021 00:23:00.562,7.788560000000001,7.787739999999999,0.37,0.37
27.08.2021 00:23:01.651,7.78859,7.787780000000001,0.37,0.37
27.08.2021 00:23:02.652,7.78859,7.787760000000001,0.37,0.37
27.08.2021 00:23:06.172,7.78869,7.787710000000001,0.75,0.37
27.08.2021 00:23:06.223,7.788530000000001,7.787710000000001,0.75,1.12
27.08.2021 00:23:06.273,7.7885800000000005,7.787739999999999,0.75,0.75
27.08.2021 00:23:06.324,7.78869,7.787710000000001,0.75,0.37
27.08.2021 00:23:06.374,7.78863,7.78782,0.75,0.75
27.08.2021 00:23:06.532,7.7887,7.787710000000001,0.37,0.37
27.08.2021 00:23:06.583,7.7885800000000005,7.78779,0.75,0.75
27.08.2021 00:23:06.901,7.7887,7.787710000000001,0.37,0.37
27.08.2021 00:23:06.951,7.7887,7.7879700000000005,0.37,0.37
27.08.2021 00:23:07.597,7.78867,7.7879700000000005,0.75,0.37
27.08.2021 00:23:07.748,7.78868,7.7879700000000005,0.75,0.37
27.08.2021 00:23:08.416,7.78868,7.787980000000001,0.75,0.37
27.08.2021 00:23:18.716,7.78868,7.787960000000001,0.75,0.37
27.08.2021 00:23:21.698,7.78868,7.7879700000000005,0.75,0.37
27.08.2021 00:23:25.164,7.78859,7.78788,0.37,0.37
27.08.2021 00:23:26.664,7.7885800000000005,7.78787,0.37,0.37
27.08.2021 00:23:29.665,7.78859,7.78788,0.37,0.37
27.08.2021 00:23:31.763,7.788530000000001,7.78788,0.75,0.37
27.08.2021 00:23:32.189,7.788530000000001,7.78779,0.75,0.37
27.08.2021 00:23:36.690,7.788530000000001,7.787800000000001,0.75,0.37
27.08.2021 00:23:38.235,7.788530000000001,7.787780000000001,0.75,0.37
27.08.2021 00:23:38.301,7.788560000000001,7.787780000000001,0.37,0.37
27.08.2021 00:23:38.351,7.788560000000001,7.78782,0.37,0.75
27.08.2021 00:23:39.691,7.7885800000000005,7.78782,0.37,0.75
27.08.2021 00:23:41.213,7.788600000000001,7.78782,0.37,1.12
27.08.2021 00:23:44.599,7.7885800000000005,7.78787,0.75,0.75
27.08.2021 00:23:45.067,7.788600000000001,7.7878300000000005,0.37,0.75
27.08.2021 00:23:45.458,7.788600000000001,7.78789,0.37,0.37
27.08.2021 00:23:46.588,7.78859,7.787810000000001,0.37,0.37
27.08.2021 00:23:54.088,7.78859,7.78787,0.37,0.75
27.08.2021 00:23:55.029,7.78859,7.787810000000001,0.37,0.37
27.08.2021 00:23:55.179,7.78859,7.78782,0.37,0.75
27.08.2021 00:24:08.645,7.78859,7.787810000000001,0.37,0.37
27.08.2021 00:24:09.786,7.78857,7.787810000000001,0.37,0.37
27.08.2021 00:24:10.789,7.7885800000000005,7.787810000000001,0.37,0.37
27.08.2021 00:24:12.791,7.78859,7.787810000000001,0.37,0.37
27.08.2021 00:24:19.456,7.78859,7.78782,0.37,0.75
27.08.2021 00:24:19.736,7.78859,7.787810000000001,0.37,0.37
27.08.2021 00:24:43.613,7.7885800000000005,7.787810000000001,0.75,1.12
27.08.2021 00:24:43.714,7.788600000000001,7.7878300000000005,0.37,0.75
27.08.2021 00:24:43.828,7.788600000000001,7.78782,0.37,0.37
27.08.2021 00:24:44.727,7.788600000000001,7.7878300000000005,0.37,0.75
27.08.2021 00:24:44.878,7.788600000000001,7.78789,0.37,0.37
27.08.2021 00:25:11.385,7.788600000000001,7.78792,0.37,0.75
27.08.2021 00:25:12.346,7.788610000000001,7.78792,0.37,0.75
27.08.2021 00:25:30.351,7.788610000000001,7.7879000000000005,0.37,0.37
27.08.2021 00:25:30.899,7.788600000000001,7.78789,0.37,0.37
27.08.2021 00:25:32.402,7.78859,7.78788,0.37,0.37
27.08.2021 00:25:35.700,7.788600000000001,7.78789,0.37,0.37
27.08.2021 00:25:37.153,7.78859,7.78788,0.37,0.37
27.08.2021 00:25:38.684,7.788600000000001,7.78789,0.37,0.37
27.08.2021 00:26:05.148,7.78859,7.78788,0.37,0.37
27.08.2021 00:27:05.153,7.78868,7.787680000000001,0.37,3
27.08.2021 00:27:12.704,7.78864,7.78782,0.75,2.25
27.08.2021 00:27:17.167,7.78862,7.78782,0.37,2.25
27.08.2021 00:27:19.168,7.78863,7.78782,0.37,2.25
27.08.2021 00:27:21.177,7.78862,7.78782,0.37,2.25
27.08.2021 00:27:21.542,7.78862,7.787910000000001,0.37,0.37
27.08.2021 00:27:21.715,7.78864,7.78782,0.75,2.25
27.08.2021 00:27:25.016,7.78863,7.78784,0.75,0.75
27.08.2021 00:27:25.067,7.78868,7.78788,0.37,0.75
27.08.2021 00:27:25.117,7.78868,7.78792,0.37,0.75
27.08.2021 00:27:26.064,7.7887,7.78792,0.75,0.75
27.08.2021 00:27:33.603,7.78869,7.78792,0.37,0.75
27.08.2021 00:27:35.607,7.78868,7.78792,0.37,0.75
27.08.2021 00:27:55.102,7.78868,7.787760000000001,0.37,0.85
27.08.2021 00:28:26.350,7.78875,7.787630000000001,0.37,0.59
27.08.2021 00:28:28.237,7.78869,7.78765,0.37,0.59
27.08.2021 00:28:29.239,7.78868,7.787810000000001,0.37,0.37
27.08.2021 00:28:29.589,7.78868,7.78769,0.37,0.59
27.08.2021 00:29:43.511,7.788760000000001,7.78772,0.49,0.49
27.08.2021 00:29:44.287,7.78868,7.787860000000001,0.75,0.75
27.08.2021 00:29:55.578,7.7885800000000005,7.78787,1.12,0.37
27.08.2021 00:29:57.075,7.78859,7.78788,0.37,0.37
27.08.2021 00:29:58.278,7.7885800000000005,7.787800000000001,0.37,1.12
27.08.2021 00:29:58.887,7.788150000000001,7.787760000000001,0.37,0.37
27.08.2021 00:29:58.988,7.78824,7.78772,0.37,0.37
27.08.2021 00:29:59.372,7.788080000000001,7.78772,0.75,0.37
27.08.2021 00:29:59.928,7.788080000000001,7.78769,0.75,0.37
27.08.2021 00:30:00.358,7.7881800000000005,7.78769,0.75,0.37
27.08.2021 00:30:00.458,7.788330000000001,7.78764,0.37,0.37
27.08.2021 00:30:00.560,7.788330000000001,7.78767,0.37,0.75
27.08.2021 00:30:00.610,7.788380000000001,7.78767,0.75,0.75
27.08.2021 00:30:00.812,7.788380000000001,7.78764,0.75,0.75
27.08.2021 00:30:01.791,7.788380000000001,7.787710000000001,0.75,0.37
27.08.2021 00:30:03.292,7.788380000000001,7.78767,0.75,0.37
27.08.2021 00:30:07.800,7.788380000000001,7.787680000000001,0.75,0.37
27.08.2021 00:30:15.341,7.788130000000001,7.787680000000001,0.25,0.37
27.08.2021 00:30:15.391,7.788080000000001,7.787610000000001,0.75,0.37
27.08.2021 00:30:16.395,7.788130000000001,7.787610000000001,0.75,0.37
27.08.2021 00:30:16.843,7.7881800000000005,7.787610000000001,0.75,0.37
27.08.2021 00:30:16.943,7.788250000000001,7.78762,0.37,0.37
27.08.2021 00:30:16.994,7.78828,7.78762,0.75,0.37
27.08.2021 00:30:17.095,7.78834,7.78764,0.37,0.75
27.08.2021 00:30:17.196,7.78834,7.78767,0.37,0.75
27.08.2021 00:30:17.385,7.788480000000001,7.78767,2.7,0.75
27.08.2021 00:30:17.435,7.788380000000001,7.78765,0.75,0.75
27.08.2021 00:30:17.587,7.788380000000001,7.78767,0.75,0.75
27.08.2021 00:30:18.579,7.788380000000001,7.78772,0.75,0.37
27.08.2021 00:30:30.461,7.788460000000001,7.78772,1.12,1.12
27.08.2021 00:30:30.512,7.788460000000001,7.78782,0.37,0.37
27.08.2021 00:30:30.562,7.788480000000001,7.78782,2.25,0.37
27.08.2021 00:30:30.663,7.7885,7.78782,0.37,1.12
27.08.2021 00:30:30.764,7.78864,7.7879000000000005,0.75,0.37
27.08.2021 00:30:31.250,7.7885800000000005,7.7879000000000005,0.75,0.37
27.08.2021 00:30:31.301,7.78864,7.7879000000000005,0.75,0.37
27.08.2021 00:30:31.402,7.7886500000000005,7.7879000000000005,0.37,0.37
27.08.2021 00:30:32.164,7.7886500000000005,7.78794,0.37,0.37
27.08.2021 00:30:32.285,7.78868,7.78794,2.25,0.37
27.08.2021 00:30:33.665,7.78868,7.7879000000000005,2.25,0.37
27.08.2021 00:30:39.572,7.78869,7.7879000000000005,0.75,0.37
27.08.2021 00:30:40.640,7.78869,7.78795,0.75,0.37
27.08.2021 00:30:44.263,7.78863,7.78795,0.75,0.37
27.08.2021 00:30:44.364,7.78863,7.78794,0.75,0.37
27.08.2021 00:30:50.651,7.78863,7.78795,0.75,0.37
27.08.2021 00:30:52.134,7.78863,7.788010000000001,0.75,0.37
27.08.2021 00:30:55.142,7.78868,7.788010000000001,0.75,0.37
27.08.2021 00:30:58.244,7.78869,7.788010000000001,0.37,0.37
27.08.2021 00:30:58.295,7.78869,7.788080000000001,0.37,0.75
27.08.2021 00:30:58.497,7.788760000000001,7.788080000000001,0.37,0.75
27.08.2021 00:30:58.914,7.788760000000001,7.788139999999999,0.37,0.37
27.08.2021 00:30:59.640,7.78877,7.788139999999999,0.75,0.37
27.08.2021 00:31:01.646,7.788780000000001,7.788150000000001,0.75,0.75
27.08.2021 00:31:01.747,7.78882,7.78823,0.75,0.37
27.08.2021 00:31:05.705,7.7888399999999995,7.78823,1.12,1.12
27.08.2021 00:31:05.756,7.788730000000001,7.78823,0.75,2.62
27.08.2021 00:31:06.814,7.788730000000001,7.78827,0.75,0.37
27.08.2021 00:31:13.176,7.788730000000001,7.78828,0.75,0.75
27.08.2021 00:31:13.277,7.788730000000001,7.78827,0.75,0.37
27.08.2021 00:31:14.167,7.788730000000001,7.7883000000000004,0.75,0.37
27.08.2021 00:31:14.678,7.78864,7.7883000000000004,0.75,0.37
27.08.2021 00:31:14.729,7.78877,7.788250000000001,0.75,0.37
27.08.2021 00:31:14.930,7.788730000000001,7.78807,0.75,0.37
27.08.2021 00:31:15.241,7.788710000000001,7.78807,0.75,0.37
27.08.2021 00:31:15.291,7.788710000000001,7.7879700000000005,0.75,1.12
27.08.2021 00:31:16.266,7.788710000000001,7.787960000000001,0.75,0.37
27.08.2021 00:31:20.289,7.78872,7.787960000000001,0.75,0.37
27.08.2021 00:31:23.307,7.78872,7.78802,0.75,0.37
27.08.2021 00:31:36.188,7.788730000000001,7.78802,0.75,0.37
27.08.2021 00:31:36.491,7.788730000000001,7.78799,0.75,0.37
27.08.2021 00:31:37.690,7.788730000000001,7.788,0.75,0.37
27.08.2021 00:31:38.666,7.788730000000001,7.7879700000000005,0.75,0.75
27.08.2021 00:31:43.796,7.788730000000001,7.78795,0.75,0.75
27.08.2021 00:31:43.897,7.788730000000001,7.78805,0.75,0.37
27.08.2021 00:31:44.103,7.78872,7.78805,0.75,0.37
27.08.2021 00:31:45.708,7.78872,7.788060000000001,0.75,0.37
27.08.2021 00:31:46.709,7.78868,7.788060000000001,0.37,0.37
27.08.2021 00:32:30.258,7.78868,7.78792,1.12,2.25
27.08.2021 00:32:30.760,7.78868,7.78793,1.12,0.75
27.08.2021 00:32:31.750,7.78868,7.788,0.75,0.37
27.08.2021 00:32:50.743,7.788730000000001,7.788,0.37,0.37
27.08.2021 00:33:31.782,7.788730000000001,7.78793,0.37,0.75
27.08.2021 00:33:32.442,7.78874,7.78793,0.75,0.75
27.08.2021 00:34:02.970,7.78874,7.78799,0.75,0.37
27.08.2021 00:34:03.090,7.78868,7.78799,0.75,0.37
27.08.2021 00:34:03.523,7.78868,7.78805,0.75,0.37
27.08.2021 00:34:20.830,7.78869,7.78805,0.3,0.37
27.08.2021 00:34:45.070,7.78869,7.78804,1.05,0.37
27.08.2021 00:34:46.718,7.78868,7.78804,0.75,0.37
27.08.2021 00:34:53.356,7.78869,7.78804,1.05,0.37
27.08.2021 00:34:53.406,7.78869,7.7879700000000005,1.05,0.37
27.08.2021 00:35:03.598,7.7887,7.7879700000000005,0.75,0.37
27.08.2021 00:35:37.740,7.78867,7.7879700000000005,0.75,0.37
27.08.2021 00:35:37.841,7.788600000000001,7.787980000000001,0.3,0.37
27.08.2021 00:35:38.826,7.788600000000001,7.78805,0.3,0.37
27.08.2021 00:35:44.053,7.78868,7.78805,0.75,0.37
27.08.2021 00:35:45.188,7.78864,7.78805,0.37,0.37
27.08.2021 00:36:01.330,7.78868,7.78799,0.75,0.37
27.08.2021 00:36:01.499,7.78874,7.78799,0.85,0.37
27.08.2021 00:36:01.629,7.78874,7.78799,0.75,0.37
27.08.2021 00:36:02.783,7.78874,7.788010000000001,0.75,0.37
27.08.2021 00:36:03.071,7.788730000000001,7.788010000000001,0.37,0.37
27.08.2021 00:36:04.061,7.788730000000001,7.78802,0.37,0.37
27.08.2021 00:36:14.088,7.788730000000001,7.788030000000001,0.37,0.37
27.08.2021 00:36:15.093,7.788730000000001,7.78802,0.37,0.37
27.08.2021 00:36:32.203,7.788730000000001,7.78804,1.2,0.75
27.08.2021 00:36:32.705,7.788730000000001,7.788060000000001,1.12,0.75
27.08.2021 00:36:34.968,7.788730000000001,7.7881,0.75,0.37
27.08.2021 00:36:37.665,7.78874,7.7881,0.37,0.37
27.08.2021 00:36:38.297,7.78875,7.7881,0.37,0.37
27.08.2021 00:37:31.139,7.788730000000001,7.7881,0.37,0.37
27.08.2021 00:37:38.431,7.788730000000001,7.7880899999999995,0.37,0.75
27.08.2021 00:37:48.659,7.788730000000001,7.78807,0.37,0.75
27.08.2021 00:37:48.709,7.78863,7.78807,0.37,0.75
27.08.2021 00:37:49.158,7.78863,7.788060000000001,0.37,0.75
27.08.2021 00:37:49.762,7.78863,7.7881,0.37,0.37
27.08.2021 00:37:50.166,7.78868,7.7881,0.37,0.37
27.08.2021 00:37:53.167,7.78869,7.7881,0.37,0.37
27.08.2021 00:38:35.439,7.78869,7.7881100000000005,0.37,0.37
27.08.2021 00:38:48.769,7.7887,7.7881100000000005,0.37,0.37
27.08.2021 00:39:35.294,7.7887,7.78829,0.37,0.37
27.08.2021 00:39:48.830,7.78872,7.78829,0.37,0.37
27.08.2021 00:39:59.612,7.78868,7.78829,0.37,0.37
27.08.2021 00:39:59.713,7.78867,7.788250000000001,0.37,0.37
27.08.2021 00:40:00.205,7.78868,7.78807,0.37,0.37
27.08.2021 00:40:01.112,7.78867,7.78807,0.37,0.37
27.08.2021 00:40:04.728,7.78867,7.788060000000001,0.37,0.37
27.08.2021 00:40:05.740,7.78867,7.78807,0.37,0.37
27.08.2021 00:40:08.156,7.78867,7.788060000000001,0.37,0.37
27.08.2021 00:40:09.158,7.78867,7.78807,0.37,0.37
27.08.2021 00:40:11.663,7.78867,7.788080000000001,0.37,0.37
27.08.2021 00:40:26.567,7.78867,7.78802,0.37,0.75
27.08.2021 00:40:26.617,7.78864,7.78802,0.37,0.75
27.08.2021 00:40:27.060,7.78864,7.788,0.37,0.75
27.08.2021 00:40:28.068,7.788710000000001,7.788,0.75,0.75
27.08.2021 00:40:28.118,7.788710000000001,7.78807,0.75,0.37
27.08.2021 00:40:36.655,7.78868,7.78807,0.75,0.37
27.08.2021 00:40:36.705,7.78868,7.78793,0.75,1.12
27.08.2021 00:40:36.756,7.78868,7.7879700000000005,0.75,0.75
27.08.2021 00:40:36.914,7.78868,7.78795,0.75,0.75
27.08.2021 00:40:37.738,7.78868,7.788030000000001,0.75,0.37
27.08.2021 00:40:41.805,7.78869,7.788030000000001,1.5,0.37
27.08.2021 00:40:41.906,7.78863,7.788030000000001,0.37,0.37
27.08.2021 00:40:42.788,7.78863,7.78804,0.37,0.37
27.08.2021 00:40:43.819,7.78863,7.7881100000000005,0.37,0.37
27.08.2021 00:40:48.386,7.78863,7.78804,0.37,0.37
27.08.2021 00:40:49.624,7.78863,7.78805,0.37,0.37
27.08.2021 00:40:50.614,7.78863,7.788060000000001,0.37,0.37
27.08.2021 00:40:55.818,7.78863,7.78807,0.37,0.37
27.08.2021 00:40:56.347,7.78863,7.788210000000001,0.37,0.37
27.08.2021 00:40:57.263,7.7887,7.788210000000001,0.37,0.37
27.08.2021 00:40:57.714,7.7887,7.788250000000001,0.37,0.37
27.08.2021 00:40:58.470,7.788710000000001,7.7881,0.37,0.75
27.08.2021 00:40:58.664,7.788730000000001,7.7881,0.75,0.75
27.08.2021 00:41:20.518,7.788730000000001,7.788130000000001,0.37,0.75
27.08.2021 00:42:30.055,7.788730000000001,7.788310000000001,0.37,0.37
27.08.2021 00:42:45.037,7.788730000000001,7.78832,1.12,0.37
27.08.2021 00:43:08.813,7.78872,7.78832,0.37,0.37
27.08.2021 00:43:08.925,7.788730000000001,7.78832,0.75,0.37
27.08.2021 00:43:08.975,7.788730000000001,7.7881,0.75,0.37
27.08.2021 00:43:09.430,7.78872,7.7881,0.75,0.37
27.08.2021 00:43:09.666,7.78868,7.7881,0.75,0.37
27.08.2021 00:43:10.088,7.78868,7.788060000000001,0.75,0.37
27.08.2021 00:43:11.091,7.78868,7.78805,0.75,0.37
27.08.2021 00:43:17.102,7.78868,7.788060000000001,0.75,0.37
27.08.2021 00:43:17.685,7.78868,7.788200000000001,0.75,0.37
27.08.2021 00:43:18.098,7.78869,7.788200000000001,0.37,0.37
27.08.2021 00:43:18.515,7.7887,7.7880899999999995,0.37,0.37
27.08.2021 00:43:19.493,7.78872,7.7880899999999995,0.37,0.37
27.08.2021 00:43:19.773,7.78872,7.7881,0.37,0.37
27.08.2021 00:43:46.962,7.788710000000001,7.7881,0.37,0.37
27.08.2021 00:43:47.073,7.78872,7.7881,0.75,0.37
27.08.2021 00:43:47.549,7.78868,7.7881,0.75,0.37
27.08.2021 00:43:48.174,7.78868,7.78807,0.75,0.37
27.08.2021 00:43:49.200,7.78868,7.788060000000001,0.75,0.37
27.08.2021 00:43:55.175,7.78868,7.78807,0.75,0.37
27.08.2021 00:43:55.472,7.78872,7.78807,0.75,0.37
27.08.2021 00:43:56.013,7.78872,7.78817,1.12,0.37
27.08.2021 00:43:56.165,7.788710000000001,7.78817,0.37,0.37
27.08.2021 00:43:56.790,7.788710000000001,7.78807,0.37,0.37
27.08.2021 00:43:57.388,7.788710000000001,7.788080000000001,0.37,0.75
27.08.2021 00:43:57.641,7.7887,7.788080000000001,0.37,0.75
27.08.2021 00:43:57.883,7.7887,7.7880899999999995,0.37,0.75
27.08.2021 00:43:59.141,7.78872,7.7880899999999995,0.37,1.12
27.08.2021 00:44:00.185,7.78872,7.7881100000000005,0.37,0.37
27.08.2021 00:44:43.837,7.788710000000001,7.7881100000000005,0.37,0.37
27.08.2021 00:44:43.948,7.78868,7.7881100000000005,0.75,0.37
27.08.2021 00:44:44.495,7.78872,7.7881100000000005,0.75,0.37
27.08.2021 00:44:44.840,7.78872,7.788060000000001,0.75,0.37
27.08.2021 00:44:52.292,7.78869,7.78807,0.37,0.37
27.08.2021 00:44:53.294,7.78869,7.788080000000001,0.37,0.37
27.08.2021 00:44:54.296,7.78869,7.7880899999999995,0.37,0.37
27.08.2021 00:44:54.478,7.78872,7.78794,0.75,0.75
27.08.2021 00:44:55.455,7.78872,7.787960000000001,0.75,0.37
27.08.2021 00:44:59.606,7.788760000000001,7.787960000000001,0.47,0.37
27.08.2021 00:45:04.345,7.78872,7.787960000000001,0.75,0.37
27.08.2021 00:45:05.527,7.78872,7.788080000000001,0.75,0.37
27.08.2021 00:45:08.538,7.788710000000001,7.788080000000001,0.37,0.37
27.08.2021 00:45:13.318,7.78869,7.788080000000001,0.37,0.37
27.08.2021 00:45:14.075,7.78869,7.78804,0.37,0.37
27.08.2021 00:45:14.824,7.78872,7.78804,1.12,0.37
27.08.2021 00:45:15.080,7.78872,7.78805,1.12,0.37
27.08.2021 00:45:16.084,7.78872,7.788060000000001,1.12,0.37
27.08.2021 00:45:19.345,7.78872,7.78807,1.12,0.37
27.08.2021 00:45:20.836,7.788760000000001,7.78807,0.75,0.37
27.08.2021 00:45:20.937,7.78875,7.78807,0.75,0.37
27.08.2021 00:45:22.353,7.78875,7.78805,0.75,0.37
27.08.2021 00:45:24.362,7.78875,7.788010000000001,0.75,0.37
27.08.2021 00:45:25.726,7.78875,7.788,0.75,0.37
27.08.2021 00:45:28.365,7.78875,7.787960000000001,0.75,0.75
27.08.2021 00:45:32.704,7.788730000000001,7.788030000000001,0.75,0.75
27.08.2021 00:45:32.754,7.788780000000001,7.78807,0.75,2.25
27.08.2021 00:45:32.805,7.788780000000001,7.788160000000001,0.75,0.37
27.08.2021 00:45:45.428,7.78882,7.788160000000001,0.75,0.37
27.08.2021 00:45:45.850,7.78882,7.7881800000000005,0.75,0.37
27.08.2021 00:45:46.461,7.788810000000001,7.788200000000001,0.37,0.37
27.08.2021 00:45:52.841,7.78882,7.7881800000000005,0.75,0.37
27.08.2021 00:46:00.719,7.78887,7.7881800000000005,1.12,0.37
27.08.2021 00:46:04.460,7.788830000000001,7.7881800000000005,0.75,0.37
27.08.2021 00:46:05.141,7.7888399999999995,7.7881800000000005,0.75,0.37
27.08.2021 00:46:05.860,7.7888,7.788380000000001,0.37,0.37
27.08.2021 00:46:08.082,7.78882,7.78839,0.37,0.37
27.08.2021 00:46:09.084,7.78882,7.788410000000001,0.37,0.37
27.08.2021 00:46:12.806,7.788830000000001,7.788310000000001,2.25,0.3
27.08.2021 00:46:17.741,7.78887,7.788310000000001,0.37,0.3
27.08.2021 00:46:18.401,7.788830000000001,7.788310000000001,0.75,0.3
27.08.2021 00:46:30.488,7.78882,7.78845,0.37,0.37
27.08.2021 00:46:33.495,7.788810000000001,7.788460000000001,0.37,0.37
27.08.2021 00:47:12.651,7.7888,7.78832,0.37,0.37
27.08.2021 00:47:13.641,7.78879,7.78832,0.37,0.37
27.08.2021 00:47:15.581,7.788780000000001,7.78832,0.37,0.37
27.08.2021 00:47:34.934,7.78877,7.78824,0.37,0.37
27.08.2021 00:47:35.896,7.78877,7.788310000000001,0.37,0.37
27.08.2021 00:48:23.201,7.788810000000001,7.78819,0.75,0.75
27.08.2021 00:48:23.252,7.7888,7.78817,0.75,0.75
27.08.2021 00:48:25.248,7.78879,7.78817,0.37,2.25
27.08.2021 00:48:26.250,7.78879,7.78822,0.37,0.37
27.08.2021 00:48:29.070,7.7888,7.78817,0.75,2.25
27.08.2021 00:48:29.640,7.7888,7.7881800000000005,0.75,0.75
27.08.2021 00:48:30.141,7.788760000000001,7.7881800000000005,0.37,0.75
27.08.2021 00:48:30.537,7.78875,7.788200000000001,0.37,0.37
27.08.2021 00:48:31.537,7.78874,7.788200000000001,0.37,0.37
27.08.2021 00:48:36.758,7.78872,7.788330000000001,0.37,0.37
27.08.2021 00:48:38.752,7.788710000000001,7.788330000000001,0.37,0.37
27.08.2021 00:48:53.642,7.78877,7.78812,0.37,2.25
27.08.2021 00:48:53.758,7.788780000000001,7.78812,0.75,0.75
27.08.2021 00:48:55.708,7.788780000000001,7.788200000000001,0.75,0.37
27.08.2021 00:49:04.691,7.788780000000001,7.7881,0.75,0.75
27.08.2021 00:49:04.842,7.788780000000001,7.78812,2.25,0.75
27.08.2021 00:49:05.804,7.78877,7.78812,0.37,2.25
27.08.2021 00:49:06.166,7.788760000000001,7.7881800000000005,0.37,0.37
27.08.2021 00:49:07.166,7.78875,7.7881800000000005,0.37,0.37
27.08.2021 00:49:20.909,7.788780000000001,7.78812,0.75,2.25
27.08.2021 00:49:21.009,7.788780000000001,7.7880899999999995,0.75,0.75
27.08.2021 00:49:22.949,7.788780000000001,7.78819,2.25,0.37
27.08.2021 00:49:55.361,7.7888,7.78819,0.37,0.37
27.08.2021 00:49:55.462,7.788780000000001,7.78819,0.75,0.37
27.08.2021 00:49:56.955,7.788780000000001,7.788200000000001,0.75,0.37
27.08.2021 00:50:01.923,7.788780000000001,7.788210000000001,1.12,0.37
27.08.2021 00:50:06.940,7.788780000000001,7.788330000000001,1.12,0.37
27.08.2021 00:51:06.902,7.788780000000001,7.788130000000001,0.75,0.75
27.08.2021 00:51:19.719,7.78879,7.788130000000001,0.75,0.75
27.08.2021 00:51:25.353,7.7888,7.788139999999999,0.75,0.75
27.08.2021 00:51:25.404,7.788780000000001,7.788139999999999,0.75,0.75
27.08.2021 00:51:25.554,7.788780000000001,7.788130000000001,0.75,0.75
27.08.2021 00:51:47.129,7.788780000000001,7.78832,0.75,0.37
27.08.2021 00:52:50.273,7.788780000000001,7.7883000000000004,0.75,0.37
27.08.2021 00:53:15.028,7.788780000000001,7.788130000000001,0.75,0.75
27.08.2021 00:53:38.801,7.78879,7.788130000000001,0.75,0.75
27.08.2021 00:53:39.499,7.7888,7.788139999999999,0.75,0.75
27.08.2021 00:53:39.737,7.7888,7.788130000000001,0.75,2.62
27.08.2021 00:53:41.823,7.7888,7.78819,0.75,0.37
27.08.2021 00:53:43.427,7.7888,7.788130000000001,0.75,2.62
27.08.2021 00:53:45.399,7.78879,7.788139999999999,0.75,0.75
27.08.2021 00:53:45.535,7.788780000000001,7.788139999999999,0.75,0.75
27.08.2021 00:53:45.936,7.78879,7.788139999999999,0.75,0.75
27.08.2021 00:53:46.095,7.78879,7.788130000000001,0.75,2.62
27.08.2021 00:53:48.430,7.78879,7.78824,0.75,0.37
27.08.2021 00:53:51.196,7.7888,7.78824,0.75,0.37
27.08.2021 00:53:51.377,7.7888,7.788260000000001,0.75,0.37
27.08.2021 00:53:52.440,7.7888,7.78834,0.75,0.37
27.08.2021 00:53:53.441,7.78879,7.78834,0.37,0.37
27.08.2021 00:53:57.457,7.788780000000001,7.788330000000001,0.37,0.37
27.08.2021 00:53:59.397,7.788780000000001,7.78834,0.37,0.37
27.08.2021 00:54:00.399,7.788780000000001,7.78835,0.37,0.37
27.08.2021 00:54:03.463,7.78877,7.78835,0.37,0.37
27.08.2021 00:54:18.436,7.788780000000001,7.78834,0.37,0.37
27.08.2021 00:54:32.447,7.7888,7.788130000000001,0.75,2.62
27.08.2021 00:54:54.858,7.788860000000001,7.788130000000001,0.75,0.75
27.08.2021 00:57:22.350,7.78882,7.788160000000001,0.75,0.75
27.08.2021 00:57:22.501,7.78879,7.78817,0.75,0.37
27.08.2021 00:57:22.915,7.78879,7.7881800000000005,0.75,0.75
27.08.2021 00:57:24.425,7.78879,7.788200000000001,1.12,0.37
27.08.2021 00:57:29.147,7.788760000000001,7.788200000000001,0.37,0.37
27.08.2021 00:57:30.132,7.78863,7.788310000000001,0.75,0.37
27.08.2021 00:57:30.182,7.788710000000001,7.78817,0.75,0.37
27.08.2021 00:57:30.233,7.78863,7.78817,0.75,0.37
27.08.2021 00:57:42.850,7.78862,7.78817,0.37,0.37
27.08.2021 00:57:43.904,7.78862,7.78819,0.37,0.75
27.08.2021 00:57:44.190,7.78863,7.78819,0.75,0.75
27.08.2021 00:57:44.341,7.78863,7.788160000000001,0.75,0.75
27.08.2021 00:57:49.294,7.78863,7.788150000000001,0.75,0.37
27.08.2021 00:57:49.344,7.788610000000001,7.788160000000001,0.75,0.75
27.08.2021 00:57:49.496,7.788610000000001,7.788150000000001,0.75,0.37
27.08.2021 00:57:49.647,7.788610000000001,7.78817,0.75,0.37
27.08.2021 00:57:49.875,7.788600000000001,7.78817,0.75,0.37
27.08.2021 00:57:53.773,7.788560000000001,7.788139999999999,0.75,0.37
27.08.2021 00:57:53.824,7.788560000000001,7.78805,0.75,0.75
27.08.2021 00:57:53.966,7.788550000000001,7.787980000000001,0.75,0.75
27.08.2021 00:57:54.567,7.788560000000001,7.787980000000001,0.75,0.75
27.08.2021 00:57:54.874,7.788560000000001,7.788,0.75,0.37
27.08.2021 00:57:55.874,7.788560000000001,7.787980000000001,0.75,0.75
27.08.2021 00:57:59.684,7.788560000000001,7.788010000000001,0.75,0.75
27.08.2021 00:57:59.789,7.78857,7.788010000000001,0.75,0.75
27.08.2021 00:57:59.960,7.78857,7.7879700000000005,0.75,0.37
27.08.2021 00:58:00.011,7.78857,7.78804,0.75,0.37
27.08.2021 00:58:10.902,7.78857,7.78805,1.12,0.37
27.08.2021 00:58:11.907,7.78857,7.78804,0.75,0.37
27.08.2021 00:58:13.439,7.78857,7.78799,0.75,0.75
27.08.2021 00:58:13.930,7.788430000000001,7.7879700000000005,0.75,0.75
27.08.2021 00:58:13.981,7.788430000000001,7.78794,0.75,0.75
27.08.2021 00:58:14.283,7.788430000000001,7.787960000000001,0.75,0.75
27.08.2021 00:58:19.935,7.788430000000001,7.787980000000001,0.75,0.75
27.08.2021 00:58:20.173,7.788430000000001,7.787960000000001,0.75,0.37
27.08.2021 00:58:21.114,7.7884,7.7879700000000005,0.37,0.37
27.08.2021 00:58:22.113,7.7884,7.787980000000001,0.37,0.37
27.08.2021 00:58:23.119,7.7884,7.788060000000001,0.37,0.37
27.08.2021 00:58:24.055,7.788510000000001,7.7879700000000005,0.37,0.37
27.08.2021 00:58:24.106,7.788510000000001,7.78795,0.37,0.75
27.08.2021 00:58:24.156,7.788510000000001,7.787980000000001,0.37,0.75
27.08.2021 00:58:24.485,7.78862,7.787980000000001,0.75,0.75
27.08.2021 00:58:38.742,7.78862,7.787960000000001,0.75,0.37
27.08.2021 00:58:38.843,7.78862,7.78795,1.12,1.12
27.08.2021 00:58:54.181,7.788610000000001,7.78795,0.37,1.12
27.08.2021 00:58:54.725,7.788610000000001,7.7879700000000005,0.37,0.37
27.08.2021 00:58:55.709,7.78862,7.7879700000000005,0.37,0.37
27.08.2021 00:58:55.994,7.78862,7.788030000000001,0.37,0.37
27.08.2021 00:58:58.135,7.788610000000001,7.788030000000001,0.37,0.37
27.08.2021 00:58:58.248,7.788539999999999,7.788030000000001,0.37,0.37
27.08.2021 00:58:58.349,7.788610000000001,7.788030000000001,0.37,0.37
27.08.2021 00:58:59.732,7.788610000000001,7.78802,0.37,0.37
27.08.2021 00:59:02.021,7.788610000000001,7.78804,0.37,0.37
27.08.2021 00:59:02.477,7.788610000000001,7.787960000000001,1.12,0.37
27.08.2021 00:59:02.811,7.7885800000000005,7.787960000000001,0.37,0.37
27.08.2021 00:59:04.011,7.7885800000000005,7.788010000000001,0.37,0.37
27.08.2021 00:59:05.012,7.7885800000000005,7.78799,0.37,0.37
27.08.2021 00:59:05.813,7.78859,7.78799,0.37,0.37
27.08.2021 00:59:21.756,7.78859,7.78793,0.75,1.12
27.08.2021 00:59:22.759,7.78857,7.78793,0.37,1.12
27.08.2021 00:59:26.812,7.788530000000001,7.78793,0.75,0.37
27.08.2021 00:59:26.914,7.788330000000001,7.78793,0.75,0.37
27.08.2021 00:59:27.904,7.788330000000001,7.787960000000001,0.75,0.37
27.08.2021 00:59:28.908,7.788330000000001,7.7879700000000005,0.75,0.37
27.08.2021 00:59:34.079,7.788330000000001,7.787980000000001,0.75,0.37
27.08.2021 00:59:34.772,7.788330000000001,7.78805,0.75,0.37
27.08.2021 00:59:52.228,7.7884,7.78794,0.37,0.37
27.08.2021 00:59:53.269,7.78839,7.788,0.37,0.37
27.08.2021 00:59:57.013,7.788330000000001,7.788,0.75,0.37
27.08.2021 01:00:00.200,7.788330000000001,7.788010000000001,0.75,0.37
27.08.2021 01:00:02.047,7.788380000000001,7.788010000000001,0.75,0.37
27.08.2021 01:00:02.098,7.78845,7.787960000000001,0.37,0.37
27.08.2021 01:00:02.199,7.78845,7.78794,0.37,0.37
27.08.2021 01:00:02.299,7.7885800000000005,7.78794,0.37,0.75
27.08.2021 01:00:02.401,7.78859,7.78794,0.37,0.75
27.08.2021 01:00:02.502,7.78859,7.78795,0.37,0.75
27.08.2021 01:00:03.120,7.78859,7.78794,0.37,0.75
27.08.2021 01:00:03.221,7.78857,7.78794,0.75,0.75
27.08.2021 01:00:04.137,7.78857,7.7879700000000005,0.75,0.37
27.08.2021 01:00:08.147,7.78857,7.78794,0.75,1.12
27.08.2021 01:00:09.151,7.78857,7.78795,0.75,0.37
27.08.2021 01:00:09.343,7.78857,7.78795,0.85,0.37
27.08.2021 01:00:15.309,7.788560000000001,7.78795,1.22,0.37
27.08.2021 01:00:15.450,7.788430000000001,7.78795,0.75,0.37
27.08.2021 01:00:16.462,7.788430000000001,7.78794,0.75,0.37
27.08.2021 01:00:17.467,7.788430000000001,7.78793,0.75,1.5
27.08.2021 01:00:22.037,7.78842,7.78793,0.37,0.75
27.08.2021 01:00:23.513,7.788430000000001,7.78793,1.12,0.75
27.08.2021 01:00:40.100,7.788330000000001,7.7879000000000005,0.75,0.37
27.08.2021 01:00:40.201,7.788330000000001,7.78784,0.75,1.12
27.08.2021 01:00:41.174,7.788330000000001,7.78789,0.75,0.37
27.08.2021 01:00:42.219,7.788330000000001,7.78788,0.75,0.37
27.08.2021 01:00:43.899,7.788330000000001,7.78787,0.75,0.37
27.08.2021 01:00:45.902,7.788330000000001,7.78788,0.75,0.37
27.08.2021 01:00:47.911,7.788330000000001,7.78787,0.75,0.37
27.08.2021 01:00:48.917,7.788330000000001,7.78788,0.75,0.37
27.08.2021 01:00:50.094,7.788330000000001,7.787850000000001,0.75,0.37
27.08.2021 01:00:51.097,7.788330000000001,7.78787,0.75,0.37
27.08.2021 01:00:51.423,7.78828,7.78787,0.75,0.37
27.08.2021 01:00:52.235,7.78828,7.787860000000001,0.75,0.37
27.08.2021 01:00:53.241,7.78828,7.78787,0.75,0.37
27.08.2021 01:00:54.287,7.78828,7.78788,0.75,0.37
27.08.2021 01:00:58.466,7.78828,7.78789,0.75,0.37
27.08.2021 01:01:00.253,7.78828,7.787860000000001,0.75,0.37
27.08.2021 01:01:02.927,7.78828,7.78788,0.75,0.37
27.08.2021 01:01:03.902,7.788310000000001,7.78788,0.37,0.37
27.08.2021 01:01:04.002,7.7883000000000004,7.787860000000001,0.37,0.37
27.08.2021 01:01:09.287,7.7883000000000004,7.78795,0.37,0.37
27.08.2021 01:01:11.989,7.78828,7.78795,0.75,0.37
27.08.2021 01:01:14.915,7.7883000000000004,7.78795,0.37,0.37
27.08.2021 01:01:14.966,7.788360000000001,7.78788,0.37,0.75
27.08.2021 01:01:15.016,7.788360000000001,7.7879000000000005,0.37,0.75
27.08.2021 01:01:15.117,7.788360000000001,7.78793,0.37,0.75
27.08.2021 01:01:15.338,7.788360000000001,7.78795,0.37,0.75
27.08.2021 01:01:15.760,7.788430000000001,7.78795,0.75,0.75
27.08.2021 01:01:21.292,7.788430000000001,7.78793,0.75,0.75
27.08.2021 01:01:21.398,7.788430000000001,7.78794,0.75,0.75
27.08.2021 01:01:28.514,7.788380000000001,7.78794,0.75,0.37
27.08.2021 01:01:29.308,7.788380000000001,7.78793,0.75,0.37
27.08.2021 01:01:30.310,7.788380000000001,7.78794,0.75,0.37
27.08.2021 01:01:34.936,7.788380000000001,7.787960000000001,0.75,0.37
27.08.2021 01:01:35.943,7.788380000000001,7.7879700000000005,0.75,0.37
27.08.2021 01:01:36.944,7.788380000000001,7.788,0.75,0.37
27.08.2021 01:01:41.755,7.788380000000001,7.78794,0.75,0.37
27.08.2021 01:01:51.801,7.788410000000001,7.78794,0.37,0.37
27.08.2021 01:01:51.852,7.788430000000001,7.78793,0.75,1.12
27.08.2021 01:01:52.896,7.788430000000001,7.787980000000001,0.75,0.37
27.08.2021 01:02:07.646,7.78842,7.787980000000001,0.75,0.37
27.08.2021 01:02:07.747,7.78847,7.787980000000001,0.37,0.37
27.08.2021 01:02:08.230,7.78847,7.78793,0.37,0.75
27.08.2021 01:02:08.464,7.78847,7.787910000000001,0.37,1.12
27.08.2021 01:02:08.515,7.7883700000000005,7.78792,0.75,0.75
27.08.2021 01:02:24.920,7.78842,7.787910000000001,0.75,1.12
27.08.2021 01:02:25.021,7.788480000000001,7.78793,0.37,0.75
27.08.2021 01:02:26.424,7.78852,7.78793,0.47,0.75
27.08.2021 01:02:26.914,7.78852,7.78794,0.47,0.75
27.08.2021 01:02:27.015,7.78852,7.78794,0.37,0.75
27.08.2021 01:02:27.925,7.788530000000001,7.78794,0.45,0.75
27.08.2021 01:02:30.148,7.788539999999999,7.78793,0.37,0.75
27.08.2021 01:02:30.198,7.788539999999999,7.788,0.37,0.75
27.08.2021 01:02:30.299,7.788539999999999,7.788080000000001,0.37,0.2
27.08.2021 01:02:30.976,7.7886500000000005,7.788080000000001,0.85,0.2
27.08.2021 01:02:35.699,7.788660000000001,7.788080000000001,0.47,0.2
27.08.2021 01:02:35.819,7.788660000000001,7.788,0.47,0.75
27.08.2021 01:02:39.303,7.78862,7.788,0.45,0.75
27.08.2021 01:02:40.376,7.78862,7.788,0.37,0.85
27.08.2021 01:02:47.072,7.788610000000001,7.787980000000001,0.37,0.85
27.08.2021 01:02:47.122,7.788610000000001,7.7879700000000005,0.37,0.47
27.08.2021 01:02:47.283,7.788610000000001,7.7879700000000005,0.37,0.47
27.08.2021 01:02:47.989,7.78863,7.787980000000001,0.75,0.47
27.08.2021 01:02:48.700,7.78863,7.787980000000001,0.75,0.47
27.08.2021 01:02:49.852,7.78863,7.7879700000000005,0.75,1.6
27.08.2021 01:02:50.768,7.78863,7.7879700000000005,0.75,1.22
27.08.2021 01:02:51.450,7.78863,7.78802,0.75,0.75
27.08.2021 01:02:51.573,7.78864,7.788010000000001,0.37,0.82
27.08.2021 01:02:51.942,7.78864,7.788030000000001,0.37,0.75
27.08.2021 01:02:52.462,7.7886500000000005,7.788030000000001,0.37,0.82
27.08.2021 01:02:54.979,7.7886500000000005,7.78804,0.37,0.37
27.08.2021 01:02:55.452,7.78867,7.78804,0.75,0.45
27.08.2021 01:02:55.603,7.78867,7.78805,0.75,0.82
27.08.2021 01:02:56.238,7.788660000000001,7.78805,0.37,0.82
27.08.2021 01:02:57.489,7.78867,7.78805,1.5,0.82
27.08.2021 01:02:58.503,7.788660000000001,7.788060000000001,0.37,0.37
27.08.2021 01:02:59.491,7.7886500000000005,7.788060000000001,0.37,0.37
27.08.2021 01:02:59.966,7.7886500000000005,7.788080000000001,0.37,0.75
27.08.2021 01:03:00.116,7.78862,7.788130000000001,0.75,0.2
27.08.2021 01:03:00.267,7.7886500000000005,7.788130000000001,0.37,0.2
27.08.2021 01:03:00.386,7.7886500000000005,7.7881,0.37,0.75
27.08.2021 01:03:00.532,7.78867,7.7881,0.37,0.75
27.08.2021 01:03:00.633,7.78867,7.7880899999999995,0.37,0.75
27.08.2021 01:03:01.181,7.78868,7.7880899999999995,0.75,0.75
27.08.2021 01:03:03.063,7.78868,7.78812,0.75,0.75
27.08.2021 01:03:04.502,7.78867,7.78812,0.37,0.75
27.08.2021 01:03:18.351,7.78868,7.78812,0.75,0.75
27.08.2021 01:03:27.851,7.78868,7.7881,0.75,0.82
27.08.2021 01:03:28.081,7.78867,7.7881,0.37,0.82
27.08.2021 01:03:37.569,7.788660000000001,7.78823,0.37,0.37
27.08.2021 01:03:38.970,7.7886500000000005,7.78822,0.37,0.37
27.08.2021 01:03:42.474,7.788660000000001,7.7881,0.37,0.82
27.08.2021 01:03:52.563,7.788660000000001,7.788080000000001,0.37,0.75
27.08.2021 01:03:52.664,7.7886500000000005,7.788080000000001,0.75,0.75
27.08.2021 01:04:10.187,7.7886500000000005,7.78795,0.37,0.47
27.08.2021 01:04:22.607,7.7886500000000005,7.788080000000001,1.12,0.75
27.08.2021 01:04:42.084,7.78863,7.788060000000001,0.75,0.75
27.08.2021 01:04:42.203,7.78863,7.78812,0.75,0.37
27.08.2021 01:04:44.725,7.78863,7.788130000000001,0.75,0.37
27.08.2021 01:04:47.048,7.7886500000000005,7.788130000000001,0.75,0.37
27.08.2021 01:04:48.068,7.78864,7.7880899999999995,0.37,0.75
27.08.2021 01:04:49.073,7.78863,7.7880899999999995,0.37,0.75
27.08.2021 01:05:32.367,7.7886500000000005,7.7880899999999995,0.37,0.75
27.08.2021 01:05:47.094,7.788660000000001,7.7880899999999995,0.75,0.75
27.08.2021 01:06:09.130,7.7886500000000005,7.7880899999999995,0.37,0.75
27.08.2021 01:06:09.246,7.7886500000000005,7.7881,0.37,0.75
27.08.2021 01:06:09.347,7.7886500000000005,7.7880899999999995,0.37,0.75
27.08.2021 01:07:10.955,7.78868,7.7880899999999995,2.25,0.75
27.08.2021 01:08:43.798,7.78864,7.7880899999999995,0.37,0.75
27.08.2021 01:08:44.358,7.78864,7.78807,0.37,0.75
27.08.2021 01:08:45.299,7.788610000000001,7.78807,0.37,0.75
27.08.2021 01:08:49.800,7.78862,7.78807,0.37,0.75
27.08.2021 01:09:14.674,7.78862,7.78804,0.37,0.75
27.08.2021 01:09:16.124,7.788610000000001,7.78804,0.37,0.75
27.08.2021 01:10:09.309,7.788610000000001,7.78805,0.37,0.75
27.08.2021 01:10:10.710,7.788600000000001,7.78805,0.37,0.75
27.08.2021 01:10:22.805,7.788600000000001,7.78824,0.37,0.37
27.08.2021 01:10:23.794,7.788560000000001,7.78824,0.37,0.37
27.08.2021 01:11:09.411,7.788600000000001,7.788060000000001,0.37,0.75
27.08.2021 01:11:10.711,7.78859,7.788060000000001,0.37,0.75
27.08.2021 01:11:11.658,7.78859,7.7879700000000005,0.37,0.85
27.08.2021 01:11:11.759,7.78859,7.788030000000001,0.37,0.37
27.08.2021 01:11:13.490,7.78859,7.788010000000001,0.37,0.37
27.08.2021 01:11:14.492,7.78859,7.788,0.37,0.37
27.08.2021 01:11:21.722,7.78859,7.787980000000001,0.37,0.47
27.08.2021 01:11:23.210,7.7885800000000005,7.78794,0.37,1.22
27.08.2021 01:11:34.434,7.78859,7.7879700000000005,0.37,0.85
27.08.2021 01:11:41.840,7.78863,7.7879700000000005,0.37,0.85
27.08.2021 01:11:44.704,7.78863,7.787980000000001,0.37,0.47
27.08.2021 01:12:06.723,7.788660000000001,7.7879700000000005,0.37,0.85
27.08.2021 01:12:08.503,7.788660000000001,7.7879700000000005,0.37,0.85
27.08.2021 01:12:18.342,7.788660000000001,7.7879700000000005,0.37,0.85
27.08.2021 01:12:26.145,7.788660000000001,7.7879700000000005,0.37,0.85
27.08.2021 01:12:49.503,7.78867,7.78794,0.37,0.47
27.08.2021 01:13:09.263,7.788660000000001,7.78795,0.37,1.22
27.08.2021 01:13:09.364,7.788660000000001,7.78795,0.37,1.22
27.08.2021 01:13:13.820,7.788660000000001,7.78795,0.37,1.22
27.08.2021 01:13:14.464,7.7886500000000005,7.78795,0.37,0.85
27.08.2021 01:13:22.597,7.7886500000000005,7.78804,0.37,0.75
27.08.2021 01:13:22.647,7.78867,7.78804,0.37,0.75
27.08.2021 01:13:22.748,7.78867,7.788060000000001,0.37,0.75
27.08.2021 01:13:22.849,7.78868,7.78807,0.37,0.82
27.08.2021 01:13:23.123,7.78868,7.788080000000001,0.37,0.85
27.08.2021 01:13:24.276,7.78869,7.788080000000001,0.37,0.85
27.08.2021 01:13:27.304,7.78869,7.788080000000001,0.37,1.22
27.08.2021 01:13:27.897,7.78869,7.78817,0.37,0.75
27.08.2021 01:13:27.948,7.78877,7.78819,0.37,0.37
27.08.2021 01:13:27.998,7.788710000000001,7.78823,0.75,0.75
27.08.2021 01:13:28.263,7.788710000000001,7.78822,0.75,1.12
27.08.2021 01:13:29.058,7.788710000000001,7.78823,0.75,0.37
27.08.2021 01:13:30.214,7.78872,7.78823,0.75,0.37
27.08.2021 01:13:31.222,7.78877,7.788310000000001,0.75,0.75
27.08.2021 01:13:31.336,7.788810000000001,7.788410000000001,0.75,0.75
27.08.2021 01:13:48.717,7.7888399999999995,7.78839,0.37,0.37
27.08.2021 01:13:50.898,7.788810000000001,7.78839,0.37,0.37
27.08.2021 01:13:51.804,7.788810000000001,7.78834,0.37,0.37
27.08.2021 01:13:52.360,7.7888399999999995,7.78834,0.37,0.37
27.08.2021 01:13:54.796,7.7888,7.7884,0.75,0.75
27.08.2021 01:14:01.874,7.788780000000001,7.7884,0.75,0.75
27.08.2021 01:14:11.942,7.78874,7.788310000000001,0.75,0.37
27.08.2021 01:14:12.043,7.7888,7.78822,0.37,1.12
27.08.2021 01:14:12.093,7.788780000000001,7.78822,0.75,0.75
27.08.2021 01:14:12.219,7.788780000000001,7.78842,0.75,0.75
27.08.2021 01:14:12.320,7.78877,7.78842,0.37,0.75
27.08.2021 01:14:12.371,7.78877,7.7883700000000005,1.12,0.75
27.08.2021 01:14:32.964,7.78879,7.78834,0.37,0.37
27.08.2021 01:14:34.250,7.78877,7.7883700000000005,0.75,0.75
27.08.2021 01:15:00.858,7.788760000000001,7.788360000000001,0.75,0.75
27.08.2021 01:15:36.257,7.78875,7.78835,0.75,0.75
27.08.2021 01:15:51.827,7.78877,7.78839,0.37,0.75
27.08.2021 01:15:51.877,7.78879,7.78839,0.75,0.75
27.08.2021 01:15:51.983,7.7888,7.78844,0.37,0.75
27.08.2021 01:15:52.033,7.7888,7.78832,0.37,0.75
27.08.2021 01:15:52.134,7.7888,7.78834,0.37,0.75
27.08.2021 01:15:52.235,7.78899,7.788360000000001,0.37,0.85
27.08.2021 01:15:52.336,7.7889,7.7885,0.75,0.75
27.08.2021 01:15:52.437,7.788950000000001,7.788550000000001,0.75,0.75
27.08.2021 01:15:52.487,7.78899,7.78839,0.37,0.75
27.08.2021 01:15:52.638,7.78899,7.7884,0.37,0.75
27.08.2021 01:15:52.739,7.78899,7.788410000000001,0.37,0.75
27.08.2021 01:15:53.189,7.78899,7.788410000000001,0.37,0.85
27.08.2021 01:15:53.593,7.78899,7.788410000000001,0.37,0.75
27.08.2021 01:15:53.745,7.78904,7.788410000000001,0.75,0.75
27.08.2021 01:15:58.864,7.78904,7.788410000000001,0.75,0.85
27.08.2021 01:16:09.003,7.78904,7.788410000000001,0.75,0.85
27.08.2021 01:16:09.054,7.78907,7.7884,0.37,0.47
27.08.2021 01:16:23.295,7.789060000000001,7.788330000000001,0.37,0.47
27.08.2021 01:16:24.014,7.7890500000000005,7.78839,0.75,0.85
27.08.2021 01:16:24.065,7.789060000000001,7.788430000000001,0.37,0.85
27.08.2021 01:16:24.796,7.78907,7.788430000000001,0.75,0.85
27.08.2021 01:16:29.624,7.78908,7.7884,1.12,1.22
27.08.2021 01:16:30.094,7.78908,7.788460000000001,1.12,0.37
27.08.2021 01:16:31.166,7.78908,7.78844,0.75,0.45
27.08.2021 01:16:34.188,7.78907,7.78845,0.37,0.37
27.08.2021 01:16:35.253,7.789000000000001,7.78845,0.75,0.37
27.08.2021 01:16:35.354,7.7888399999999995,7.78844,0.75,0.75
27.08.2021 01:16:35.458,7.788930000000001,7.788530000000001,0.75,0.75
27.08.2021 01:16:35.621,7.78885,7.788530000000001,0.37,0.75
27.08.2021 01:16:37.122,7.78887,7.788530000000001,0.37,0.75
27.08.2021 01:16:39.114,7.788860000000001,7.788530000000001,0.37,0.75
27.08.2021 01:16:39.435,7.788860000000001,7.788480000000001,0.37,0.75
27.08.2021 01:16:41.091,7.78885,7.788480000000001,0.37,0.75
27.08.2021 01:17:01.972,7.788860000000001,7.788480000000001,0.37,0.75
27.08.2021 01:17:15.340,7.7888399999999995,7.788480000000001,0.37,0.75
27.08.2021 01:17:46.532,7.78882,7.78842,0.75,0.75
27.08.2021 01:18:08.323,7.788810000000001,7.78842,0.37,0.75
27.08.2021 01:18:09.689,7.788810000000001,7.7885,0.37,0.37
27.08.2021 01:18:09.801,7.7888,7.7885,0.37,0.37
27.08.2021 01:18:09.877,7.7888,7.78844,0.75,0.37
27.08.2021 01:18:10.032,7.78879,7.78844,0.75,0.37
27.08.2021 01:18:10.362,7.78877,7.78844,0.37,0.37
27.08.2021 01:18:10.470,7.78877,7.78839,0.37,0.75
27.08.2021 01:18:11.863,7.788780000000001,7.78839,0.37,0.75
27.08.2021 01:18:13.363,7.78879,7.78839,1.12,0.75
27.08.2021 01:18:14.864,7.78875,7.78839,0.37,0.75
27.08.2021 01:18:16.364,7.78879,7.78839,0.75,0.75
27.08.2021 01:18:19.413,7.78877,7.78839,0.37,0.75
27.08.2021 01:18:20.866,7.788780000000001,7.78839,0.37,0.75
27.08.2021 01:18:23.384,7.78875,7.78839,0.37,0.75
27.08.2021 01:18:24.117,7.78875,7.7883700000000005,0.37,0.75
27.08.2021 01:18:24.885,7.788760000000001,7.7883700000000005,0.37,0.75
27.08.2021 01:18:32.421,7.78877,7.7883700000000005,1.12,0.75
27.08.2021 01:18:35.955,7.78877,7.78844,1.12,0.37
27.08.2021 01:18:58.174,7.788760000000001,7.78844,0.75,0.37
27.08.2021 01:19:36.088,7.788760000000001,7.788360000000001,0.75,0.75
27.08.2021 01:20:02.875,7.78877,7.7883700000000005,0.75,0.75
27.08.2021 01:20:52.948,7.788780000000001,7.788380000000001,0.75,0.75
27.08.2021 01:21:00.033,7.78879,7.78839,0.75,0.75
27.08.2021 01:21:04.765,7.788780000000001,7.78839,0.37,0.75
27.08.2021 01:21:06.253,7.78879,7.78839,0.75,0.75
27.08.2021 01:21:14.565,7.788780000000001,7.788380000000001,0.75,0.75
27.08.2021 01:21:19.617,7.788760000000001,7.788380000000001,0.37,0.75
27.08.2021 01:21:21.113,7.78875,7.788380000000001,0.37,0.75
27.08.2021 01:21:22.614,7.788760000000001,7.788380000000001,0.37,0.75
27.08.2021 01:21:25.615,7.788780000000001,7.788380000000001,0.75,0.75
27.08.2021 01:21:36.119,7.78877,7.788380000000001,0.37,0.75
27.08.2021 01:21:37.619,7.788780000000001,7.788380000000001,0.75,0.75
27.08.2021 01:21:39.119,7.78877,7.788380000000001,0.37,0.75
27.08.2021 01:21:39.493,7.78868,7.78828,0.75,0.85
27.08.2021 01:21:39.544,7.78887,7.788260000000001,0.37,0.85
27.08.2021 01:21:39.645,7.78887,7.78822,0.37,0.85
27.08.2021 01:21:39.746,7.788810000000001,7.78817,0.75,0.85
27.08.2021 01:21:39.797,7.7888399999999995,7.78819,0.75,0.82
27.08.2021 01:21:39.847,7.7888399999999995,7.78817,0.75,0.85
27.08.2021 01:21:40.666,7.7888399999999995,7.78817,0.75,0.82
27.08.2021 01:21:45.289,7.7888399999999995,7.78817,0.75,0.85
27.08.2021 01:21:47.883,7.7888399999999995,7.78817,0.75,0.85
27.08.2021 01:22:01.054,7.788860000000001,7.78819,0.37,0.45
27.08.2021 01:22:01.105,7.788880000000001,7.78812,2.32,0.85
27.08.2021 01:22:05.476,7.788860000000001,7.78822,0.37,0.37
27.08.2021 01:22:06.817,7.788880000000001,7.788139999999999,0.82,0.47
27.08.2021 01:22:13.068,7.788860000000001,7.7881800000000005,0.75,0.85
27.08.2021 01:22:13.169,7.78887,7.7881800000000005,0.75,0.85
27.08.2021 01:22:13.271,7.78887,7.78824,0.75,0.37
27.08.2021 01:22:33.914,7.78882,7.788260000000001,0.37,0.37
27.08.2021 01:22:34.920,7.78882,7.78834,0.37,0.37
27.08.2021 01:22:41.251,7.788860000000001,7.78824,0.37,0.37
27.08.2021 01:22:41.466,7.7888399999999995,7.78824,0.75,0.37
27.08.2021 01:22:41.567,7.7886500000000005,7.788250000000001,0.75,0.75
27.08.2021 01:22:41.668,7.788710000000001,7.78832,0.37,0.75
27.08.2021 01:22:42.703,7.78869,7.78829,0.75,0.75
27.08.2021 01:22:46.823,7.78868,7.78828,0.75,0.75
27.08.2021 01:23:01.056,7.78869,7.78829,0.75,0.75
27.08.2021 01:23:13.617,7.7887,7.7883000000000004,0.75,0.75
27.08.2021 01:23:18.431,7.78872,7.78834,0.37,0.75
27.08.2021 01:23:18.532,7.78872,7.78832,1.12,0.75
27.08.2021 01:23:27.875,7.788710000000001,7.788310000000001,0.75,0.75
27.08.2021 01:23:40.255,7.78868,7.78828,0.75,0.75
27.08.2021 01:23:40.456,7.7887,7.7883000000000004,0.75,0.75
27.08.2021 01:23:41.426,7.78867,7.78827,0.75,0.75
27.08.2021 01:23:56.271,7.78868,7.78828,0.75,0.75
27.08.2021 01:24:07.825,7.78877,7.78822,0.37,1.12
27.08.2021 01:24:07.875,7.7887,7.7883000000000004,0.75,0.75
27.08.2021 01:24:10.279,7.78867,7.7883000000000004,0.37,0.75
27.08.2021 01:24:10.472,7.7885800000000005,7.78823,0.75,0.37
27.08.2021 01:24:10.573,7.7885800000000005,7.788210000000001,0.75,0.37
27.08.2021 01:24:10.674,7.788539999999999,7.788210000000001,0.75,0.37
27.08.2021 01:24:10.876,7.788600000000001,7.788210000000001,0.75,0.37
27.08.2021 01:24:11.045,7.7885800000000005,7.788210000000001,0.75,0.37
27.08.2021 01:24:11.569,7.7885800000000005,7.7881800000000005,1.12,0.75
27.08.2021 01:24:11.782,7.7885800000000005,7.788200000000001,0.37,0.75
27.08.2021 01:24:13.026,7.788600000000001,7.788200000000001,1.12,0.75
27.08.2021 01:24:16.594,7.788550000000001,7.788150000000001,0.75,1.12
27.08.2021 01:24:17.877,7.78852,7.788150000000001,0.37,0.75
27.08.2021 01:24:18.388,7.78852,7.788160000000001,0.37,0.75
27.08.2021 01:24:24.841,7.788510000000001,7.788160000000001,0.37,0.75
27.08.2021 01:24:34.652,7.7885,7.7881100000000005,2.25,1.12
27.08.2021 01:24:34.752,7.788510000000001,7.788139999999999,0.37,0.75
27.08.2021 01:24:34.853,7.7885,7.788160000000001,0.37,0.75
