Gmt time,Ask,Bid,AskVolume,BidVolume
11.08.2021 00:00:00.071,7.78119,7.78062,0.75,0.75
11.08.2021 00:00:21.665,7.78143,7.7805800000000005,0.75,0.75
11.08.2021 00:00:21.766,7.78143,7.78057,0.75,2.25
11.08.2021 00:00:21.921,7.78143,7.78057,0.85,2.25
11.08.2021 00:00:27.485,7.78119,7.78057,0.75,2.25
11.08.2021 00:00:47.243,7.7815,7.7804899999999995,0.85,0.75
11.08.2021 00:00:57.691,7.78119,7.7805,0.75,0.75
11.08.2021 00:01:38.255,7.78142,7.780560000000001,0.85,0.75
11.08.2021 00:01:38.462,7.781480000000001,7.780480000000001,0.85,0.75
11.08.2021 00:01:38.513,7.781480000000001,7.7805800000000005,0.85,0.37
11.08.2021 00:01:58.125,7.78119,7.7805800000000005,0.75,0.37
11.08.2021 00:02:01.631,7.78119,7.78059,0.75,0.75
11.08.2021 00:02:02.213,7.78119,7.780600000000001,0.75,0.37
11.08.2021 00:02:22.887,7.7812399999999995,7.780600000000001,0.37,0.37
11.08.2021 00:02:23.620,7.7812399999999995,7.780610000000001,0.37,0.37
11.08.2021 00:02:25.611,7.781230000000001,7.780610000000001,0.37,0.37
11.08.2021 00:02:28.241,7.78119,7.780610000000001,0.75,0.37
11.08.2021 00:02:29.043,7.78119,7.78059,0.75,0.75
11.08.2021 00:03:02.841,7.78119,7.780560000000001,0.75,0.37
11.08.2021 00:03:04.689,7.78119,7.78057,0.75,0.37
11.08.2021 00:03:08.694,7.78119,7.780560000000001,0.75,0.37
11.08.2021 00:03:47.840,7.78119,7.780550000000001,0.75,0.37
11.08.2021 00:03:50.102,7.78119,7.780600000000001,0.75,0.75
11.08.2021 00:03:50.254,7.78119,7.7805800000000005,0.75,0.75
11.08.2021 00:03:51.040,7.78119,7.780600000000001,0.75,0.75
11.08.2021 00:03:51.191,7.78119,7.7805800000000005,0.75,0.75
11.08.2021 00:03:51.342,7.78119,7.780600000000001,0.75,0.75
11.08.2021 00:03:51.483,7.78119,7.7805800000000005,0.75,0.75
11.08.2021 00:03:51.690,7.78119,7.780600000000001,0.75,0.75
11.08.2021 00:03:51.852,7.78119,7.7805800000000005,0.75,0.75
11.08.2021 00:03:58.419,7.78119,7.78059,0.75,0.75
11.08.2021 00:04:17.871,7.781350000000001,7.780600000000001,0.45,0.75
11.08.2021 00:04:17.971,7.78143,7.78062,0.85,0.75
11.08.2021 00:04:18.459,7.78143,7.78063,0.85,0.75
11.08.2021 00:04:23.997,7.78143,7.78063,0.75,0.75
11.08.2021 00:04:24.769,7.78143,7.78063,0.85,0.75
11.08.2021 00:04:28.711,7.78119,7.78063,0.75,0.75
11.08.2021 00:04:32.745,7.78119,7.780560000000001,0.75,0.37
11.08.2021 00:04:37.266,7.78119,7.780660000000001,0.75,0.75
11.08.2021 00:04:37.317,7.78119,7.780610000000001,0.75,0.75
11.08.2021 00:04:37.367,7.78119,7.78067,0.75,0.75
11.08.2021 00:04:37.468,7.78119,7.7807200000000005,0.75,0.75
11.08.2021 00:04:37.569,7.781480000000001,7.7807200000000005,0.75,0.75
11.08.2021 00:04:37.840,7.78155,7.7807200000000005,0.85,0.75
11.08.2021 00:04:38.379,7.78154,7.7807200000000005,0.82,0.75
11.08.2021 00:04:52.954,7.78154,7.7807200000000005,0.85,0.75
11.08.2021 00:04:58.335,7.78165,7.780560000000001,0.47,0.75
11.08.2021 00:05:14.473,7.7816,7.78059,0.85,0.75
11.08.2021 00:05:17.807,7.78144,7.78064,0.37,0.37
11.08.2021 00:05:21.966,7.78143,7.7806500000000005,0.37,0.37
11.08.2021 00:05:22.969,7.78145,7.78064,0.37,0.37
11.08.2021 00:05:23.971,7.78147,7.78064,0.37,0.37
11.08.2021 00:05:47.017,7.781460000000001,7.7806500000000005,0.37,0.37
11.08.2021 00:06:09.062,7.78145,7.7807,0.37,0.37
11.08.2021 00:06:25.130,7.78144,7.78069,0.37,0.37
11.08.2021 00:06:31.116,7.78137,7.7807,0.37,0.37
11.08.2021 00:06:36.053,7.781480000000001,7.78064,0.75,0.75
11.08.2021 00:06:36.104,7.78157,7.780600000000001,0.47,0.75
11.08.2021 00:06:36.154,7.78143,7.78063,0.75,0.75
11.08.2021 00:06:43.044,7.78143,7.78063,0.85,0.75
11.08.2021 00:06:49.604,7.781410000000001,7.780600000000001,0.47,0.37
11.08.2021 00:06:50.143,7.78143,7.78052,0.47,0.37
11.08.2021 00:06:53.188,7.78143,7.78052,0.37,0.37
11.08.2021 00:06:53.440,7.78143,7.78052,0.47,0.37
11.08.2021 00:06:54.154,7.7815,7.780510000000001,0.85,0.75
11.08.2021 00:07:10.434,7.78143,7.780610000000001,0.85,0.75
11.08.2021 00:07:10.542,7.781510000000001,7.7804899999999995,0.47,0.85
11.08.2021 00:07:10.642,7.781480000000001,7.78062,0.85,0.75
11.08.2021 00:07:10.787,7.781480000000001,7.78063,0.85,0.75
11.08.2021 00:07:10.888,7.781460000000001,7.78067,0.47,0.37
11.08.2021 00:07:13.877,7.78145,7.780660000000001,0.47,0.37
11.08.2021 00:07:21.379,7.78144,7.7806500000000005,0.47,0.37
11.08.2021 00:08:15.658,7.78144,7.7806500000000005,0.37,0.37
11.08.2021 00:08:35.658,7.78152,7.780510000000001,1.49,1
11.08.2021 00:08:53.032,7.78147,7.78063,0.75,0.75
11.08.2021 00:08:53.083,7.78147,7.78068,1.12,0.37
11.08.2021 00:08:54.534,7.78144,7.7806500000000005,0.37,0.37
11.08.2021 00:09:26.380,7.78143,7.7806500000000005,0.75,0.37
11.08.2021 00:09:26.481,7.78144,7.7806500000000005,0.37,0.37
11.08.2021 00:10:25.658,7.78145,7.78064,0.37,0.75
11.08.2021 00:10:29.150,7.78145,7.78052,0.37,0.75
11.08.2021 00:10:34.596,7.781460000000001,7.78052,0.37,0.75
11.08.2021 00:10:38.609,7.78152,7.78052,0.75,0.75
11.08.2021 00:10:38.801,7.7815,7.78052,0.75,0.75
11.08.2021 00:10:39.720,7.7815,7.78052,0.85,0.75
11.08.2021 00:10:52.011,7.78143,7.78064,0.85,0.37
11.08.2021 00:10:52.420,7.78143,7.78064,0.85,0.37
11.08.2021 00:10:53.511,7.7814000000000005,7.78062,0.45,0.75
11.08.2021 00:10:57.914,7.7814000000000005,7.78062,0.47,0.75
11.08.2021 00:10:59.379,7.78134,7.78062,0.37,0.75
11.08.2021 00:11:08.041,7.78134,7.780610000000001,0.37,0.37
11.08.2021 00:11:08.668,7.7813300000000005,7.780610000000001,0.37,0.37
11.08.2021 00:11:09.054,7.7814000000000005,7.780610000000001,0.47,0.37
11.08.2021 00:11:09.550,7.7814000000000005,7.780610000000001,0.45,0.37
11.08.2021 00:11:13.753,7.7814000000000005,7.780610000000001,0.47,0.37
11.08.2021 00:11:16.285,7.78134,7.780610000000001,0.37,0.37
11.08.2021 00:11:18.684,7.7813300000000005,7.780610000000001,0.37,0.37
11.08.2021 00:11:19.692,7.78132,7.780610000000001,0.37,0.37
11.08.2021 00:11:24.346,7.781260000000001,7.780610000000001,0.37,0.37
11.08.2021 00:11:52.007,7.781260000000001,7.78063,0.37,0.37
11.08.2021 00:11:52.465,7.78127,7.78063,0.37,0.37
11.08.2021 00:11:52.618,7.78142,7.78063,0.47,0.37
11.08.2021 00:11:53.072,7.78142,7.78063,0.47,0.37
11.08.2021 00:11:53.508,7.7814000000000005,7.780610000000001,0.47,1.12
11.08.2021 00:11:53.571,7.7814000000000005,7.780610000000001,0.45,1.12
11.08.2021 00:11:58.268,7.7814000000000005,7.780610000000001,0.47,1.12
11.08.2021 00:12:01.233,7.78132,7.780610000000001,0.37,1.12
11.08.2021 00:12:03.787,7.781310000000001,7.780610000000001,0.37,1.12
11.08.2021 00:12:04.786,7.781300000000001,7.780610000000001,0.37,1.12
11.08.2021 00:12:09.793,7.781289999999999,7.780610000000001,0.37,1.12
11.08.2021 00:12:11.276,7.781280000000001,7.780610000000001,0.37,1.12
11.08.2021 00:12:12.288,7.78127,7.780610000000001,0.37,1.12
11.08.2021 00:12:48.426,7.781289999999999,7.780610000000001,0.37,0.37
11.08.2021 00:12:51.377,7.781289999999999,7.78062,0.37,0.75
11.08.2021 00:12:51.478,7.78142,7.78063,0.47,0.37
11.08.2021 00:12:52.877,7.7814000000000005,7.780610000000001,0.45,1.12
11.08.2021 00:12:57.067,7.7814000000000005,7.780610000000001,0.47,1.12
11.08.2021 00:13:26.848,7.78143,7.7806500000000005,0.47,0.37
11.08.2021 00:13:32.793,7.78143,7.780660000000001,0.47,0.37
11.08.2021 00:13:32.992,7.78143,7.780660000000001,0.47,0.37
11.08.2021 00:13:33.754,7.781289999999999,7.780660000000001,0.37,0.37
11.08.2021 00:13:33.922,7.78145,7.780660000000001,0.47,0.37
11.08.2021 00:13:34.249,7.78142,7.78063,0.47,0.37
11.08.2021 00:13:39.626,7.78142,7.78063,0.47,0.37
11.08.2021 00:14:04.592,7.78144,7.780610000000001,0.37,0.75
11.08.2021 00:14:05.024,7.78145,7.780610000000001,0.82,0.75
11.08.2021 00:14:16.821,7.781310000000001,7.780610000000001,0.37,0.75
11.08.2021 00:14:17.828,7.781310000000001,7.78064,0.37,0.37
11.08.2021 00:14:41.577,7.781280000000001,7.78057,0.75,2.25
11.08.2021 00:14:41.677,7.781280000000001,7.7804899999999995,2.25,0.75
11.08.2021 00:14:41.728,7.781280000000001,7.7804899999999995,2.35,0.75
11.08.2021 00:14:42.164,7.78127,7.780480000000001,0.85,0.75
11.08.2021 00:14:49.304,7.781160000000001,7.780480000000001,0.37,1.12
11.08.2021 00:15:45.259,7.78114,7.780480000000001,0.75,0.37
11.08.2021 00:15:45.360,7.781130000000001,7.780430000000001,0.75,0.75
11.08.2021 00:15:45.410,7.781080000000001,7.780430000000001,0.75,0.75
11.08.2021 00:15:45.461,7.78117,7.78045,0.75,0.75
11.08.2021 00:15:45.511,7.78119,7.780480000000001,0.75,0.75
11.08.2021 00:15:45.625,7.781180000000001,7.7804899999999995,0.75,0.75
11.08.2021 00:15:45.730,7.781180000000001,7.780480000000001,0.75,2.25
11.08.2021 00:15:45.866,7.781180000000001,7.7804899999999995,0.75,0.75
11.08.2021 00:15:46.027,7.781180000000001,7.780660000000001,0.75,0.37
11.08.2021 00:16:01.317,7.781010000000001,7.780660000000001,0.37,0.37
11.08.2021 00:16:21.037,7.78117,7.780660000000001,0.37,0.37
11.08.2021 00:16:32.558,7.78114,7.780660000000001,0.75,0.37
11.08.2021 00:16:32.732,7.78107,7.780660000000001,0.37,0.37
11.08.2021 00:16:33.010,7.78107,7.7806500000000005,0.37,0.37
11.08.2021 00:16:33.141,7.781130000000001,7.7806500000000005,0.37,0.37
11.08.2021 00:16:34.240,7.78115,7.7806500000000005,0.37,0.37
11.08.2021 00:16:34.495,7.78115,7.78064,0.37,0.37
11.08.2021 00:17:35.658,7.781180000000001,7.78057,0.75,0.75
11.08.2021 00:18:03.476,7.781180000000001,7.78063,2.25,0.37
11.08.2021 00:18:03.587,7.78114,7.78063,0.37,0.37
11.08.2021 00:18:33.980,7.781130000000001,7.78068,0.37,0.37
11.08.2021 00:19:35.658,7.781180000000001,7.7805800000000005,0.85,0.75
11.08.2021 00:19:41.912,7.781180000000001,7.7805800000000005,0.85,0.75
11.08.2021 00:19:41.963,7.781130000000001,7.78063,0.37,0.37
11.08.2021 00:19:47.850,7.781160000000001,7.78064,0.45,0.37
11.08.2021 00:19:49.719,7.78114,7.78064,0.37,0.37
11.08.2021 00:19:50.722,7.781130000000001,7.78064,0.37,0.37
11.08.2021 00:19:52.724,7.781110000000001,7.78064,0.37,0.37
11.08.2021 00:19:58.998,7.781180000000001,7.78063,1.6,0.37
11.08.2021 00:19:59.274,7.781180000000001,7.78063,0.85,0.37
11.08.2021 00:20:00.069,7.781180000000001,7.780610000000001,0.85,0.37
11.08.2021 00:20:18.365,7.781180000000001,7.780610000000001,0.85,0.37
11.08.2021 00:20:18.588,7.781180000000001,7.780610000000001,0.85,0.37
11.08.2021 00:20:57.365,7.781180000000001,7.780610000000001,0.85,0.37
11.08.2021 00:21:18.551,7.781180000000001,7.7805,0.85,0.75
11.08.2021 00:21:24.365,7.781180000000001,7.7805,0.85,0.75
11.08.2021 00:21:29.623,7.781180000000001,7.780480000000001,0.85,0.75
11.08.2021 00:21:57.447,7.781180000000001,7.7804899999999995,0.85,0.75
11.08.2021 00:21:57.498,7.781180000000001,7.7804899999999995,0.85,0.75
11.08.2021 00:21:57.952,7.781160000000001,7.7805,0.47,0.37
11.08.2021 00:21:58.980,7.78115,7.780510000000001,0.47,0.37
11.08.2021 00:22:09.002,7.781130000000001,7.780510000000001,0.37,0.37
11.08.2021 00:22:10.061,7.781130000000001,7.780530000000001,0.37,0.37
11.08.2021 00:22:11.068,7.781130000000001,7.780560000000001,0.37,0.37
11.08.2021 00:22:27.954,7.781130000000001,7.780560000000001,0.47,0.37
11.08.2021 00:22:30.364,7.781130000000001,7.780560000000001,0.37,0.37
11.08.2021 00:22:46.827,7.78117,7.7804899999999995,0.47,0.75
11.08.2021 00:22:46.878,7.78117,7.780610000000001,0.47,0.37
11.08.2021 00:22:47.146,7.781180000000001,7.780610000000001,0.85,0.37
11.08.2021 00:22:47.940,7.781180000000001,7.78062,0.85,0.37
11.08.2021 00:23:03.365,7.781180000000001,7.78062,0.85,0.37
11.08.2021 00:23:16.594,7.781180000000001,7.78068,0.85,0.75
11.08.2021 00:23:16.645,7.781180000000001,7.7806500000000005,0.75,0.75
11.08.2021 00:23:16.695,7.781180000000001,7.78068,0.75,0.75
11.08.2021 00:23:16.796,7.781080000000001,7.78079,0.75,0.37
11.08.2021 00:23:24.914,7.781080000000001,7.78077,0.75,0.75
11.08.2021 00:23:25.389,7.78122,7.78077,0.37,0.75
11.08.2021 00:23:26.156,7.781230000000001,7.78077,0.37,0.37
11.08.2021 00:23:26.371,7.781230000000001,7.78079,0.37,0.37
11.08.2021 00:23:27.160,7.78122,7.78079,0.37,0.75
11.08.2021 00:23:43.212,7.7812399999999995,7.78079,0.37,0.37
11.08.2021 00:23:44.193,7.78125,7.78079,0.45,0.37
11.08.2021 00:23:46.313,7.78125,7.78077,0.45,0.37
11.08.2021 00:23:46.414,7.78125,7.78077,0.47,0.37
11.08.2021 00:23:47.335,7.781080000000001,7.78077,0.75,0.37
11.08.2021 00:23:47.770,7.781080000000001,7.78079,0.75,0.37
11.08.2021 00:24:46.828,7.7812399999999995,7.780780000000001,0.37,0.37
11.08.2021 00:24:46.930,7.78104,7.780780000000001,0.75,0.37
11.08.2021 00:24:47.321,7.78103,7.780780000000001,0.75,0.37
11.08.2021 00:24:47.552,7.78103,7.7807200000000005,0.75,0.37
11.08.2021 00:24:49.053,7.78103,7.780710000000001,0.75,0.37
11.08.2021 00:25:11.114,7.781080000000001,7.780710000000001,0.75,0.37
11.08.2021 00:25:11.215,7.781130000000001,7.780730000000001,0.75,0.75
11.08.2021 00:25:11.467,7.781130000000001,7.7808,0.75,0.37
11.08.2021 00:25:41.286,7.781260000000001,7.78082,0.75,0.75
11.08.2021 00:25:41.387,7.781130000000001,7.78082,0.75,0.75
11.08.2021 00:26:21.286,7.781130000000001,7.780730000000001,0.75,0.75
11.08.2021 00:26:30.987,7.781130000000001,7.78074,0.75,0.75
11.08.2021 00:26:56.120,7.781130000000001,7.78082,0.75,0.37
11.08.2021 00:27:12.957,7.781160000000001,7.7808600000000006,0.75,0.75
11.08.2021 00:27:16.031,7.781210000000001,7.780910000000001,0.75,0.75
11.08.2021 00:27:16.874,7.781210000000001,7.78092,0.75,0.37
11.08.2021 00:27:18.519,7.781310000000001,7.781010000000001,0.75,0.75
11.08.2021 00:27:18.670,7.781360000000001,7.781060000000001,0.75,0.75
11.08.2021 00:27:18.721,7.78154,7.7810500000000005,0.47,0.37
11.08.2021 00:27:18.840,7.78154,7.7810500000000005,0.47,0.37
11.08.2021 00:27:18.953,7.78154,7.7810500000000005,0.45,0.37
11.08.2021 00:27:20.108,7.781410000000001,7.7811200000000005,0.75,0.37
11.08.2021 00:27:21.570,7.781410000000001,7.781110000000001,0.75,1.12
11.08.2021 00:27:41.741,7.781580000000001,7.78107,0.47,0.37
11.08.2021 00:27:41.792,7.7816,7.781110000000001,0.85,0.37
11.08.2021 00:27:50.074,7.781410000000001,7.781110000000001,0.75,1.12
11.08.2021 00:34:02.222,7.781560000000001,7.781080000000001,0.47,0.37
11.08.2021 00:34:02.439,7.78159,7.781060000000001,0.47,0.37
11.08.2021 00:34:15.658,7.78159,7.781060000000001,0.37,0.37
11.08.2021 00:34:20.187,7.781410000000001,7.781110000000001,0.75,0.75
11.08.2021 00:37:55.606,7.78142,7.78114,0.75,0.75
11.08.2021 00:37:59.391,7.78155,7.7812,0.85,0.75
11.08.2021 00:37:59.442,7.78155,7.7812,0.75,0.75
11.08.2021 00:40:55.557,7.78162,7.78125,0.85,0.75
11.08.2021 00:40:55.607,7.78157,7.7812,0.85,0.75
11.08.2021 00:40:57.363,7.78157,7.7812,0.85,0.75
11.08.2021 00:41:35.979,7.7816,7.78125,0.85,0.75
11.08.2021 00:41:36.030,7.7816,7.78125,0.82,0.75
11.08.2021 00:41:40.116,7.78165,7.781300000000001,0.75,0.75
11.08.2021 00:42:03.364,7.78165,7.781300000000001,0.85,0.75
11.08.2021 00:42:08.631,7.781680000000001,7.78122,0.47,0.37
11.08.2021 00:42:08.853,7.781680000000001,7.78134,0.47,0.75
11.08.2021 00:42:08.954,7.78179,7.78139,0.85,0.37
11.08.2021 00:42:09.005,7.78179,7.78139,0.75,0.37
11.08.2021 00:42:09.106,7.781910000000001,7.78139,0.85,0.37
11.08.2021 00:42:09.207,7.78192,7.78139,0.85,0.37
11.08.2021 00:42:09.786,7.78192,7.78138,0.85,0.37
11.08.2021 00:42:11.287,7.78192,7.781410000000001,0.85,0.37
11.08.2021 00:42:12.861,7.78192,7.781410000000001,0.85,0.37
11.08.2021 00:42:12.912,7.78192,7.78138,0.85,0.37
11.08.2021 00:42:27.363,7.78192,7.78138,0.85,0.37
11.08.2021 00:42:39.785,7.781960000000001,7.78137,0.47,0.37
11.08.2021 00:42:39.835,7.7818000000000005,7.78145,0.75,0.75
11.08.2021 00:42:50.263,7.781930000000001,7.78157,0.47,0.75
11.08.2021 00:42:50.314,7.781930000000001,7.78152,0.47,0.75
11.08.2021 00:42:50.364,7.78185,7.7815,0.75,0.75
11.08.2021 00:42:50.515,7.7818000000000005,7.78145,0.75,0.75
11.08.2021 00:42:53.754,7.78185,7.7815,0.85,0.75
11.08.2021 00:42:53.805,7.781980000000001,7.78142,0.85,0.37
11.08.2021 00:42:53.905,7.781980000000001,7.78142,0.85,0.37
11.08.2021 00:42:54.011,7.781980000000001,7.78142,0.85,0.37
11.08.2021 00:42:54.944,7.781980000000001,7.781480000000001,0.85,0.37
11.08.2021 00:42:55.112,7.78195,7.7816,0.85,0.75
11.08.2021 00:43:00.364,7.78195,7.7816,0.82,0.75
11.08.2021 00:43:01.279,7.782039999999999,7.781660000000001,0.47,0.75
11.08.2021 00:43:01.380,7.78207,7.781750000000001,0.47,0.75
11.08.2021 00:43:01.430,7.782100000000001,7.781750000000001,0.85,0.75
11.08.2021 00:43:01.481,7.782100000000001,7.781750000000001,0.85,0.75
11.08.2021 00:43:05.112,7.78217,7.7818000000000005,2.35,0.75
11.08.2021 00:43:13.742,7.78217,7.7818000000000005,2.35,0.75
11.08.2021 00:43:16.853,7.782160000000001,7.78172,0.47,1.12
11.08.2021 00:43:26.866,7.78218,7.781750000000001,0.85,0.37
11.08.2021 00:43:27.134,7.78218,7.781750000000001,2.35,0.37
11.08.2021 00:43:30.065,7.78218,7.781760000000001,0.85,0.37
11.08.2021 00:43:30.116,7.78218,7.78184,0.82,0.75
11.08.2021 00:43:36.084,7.78212,7.78184,0.37,0.75
11.08.2021 00:43:44.614,7.782100000000001,7.78184,0.37,0.75
11.08.2021 00:43:49.019,7.78214,7.78184,0.37,0.75
11.08.2021 00:44:00.091,7.78217,7.78184,0.75,0.75
11.08.2021 00:44:00.192,7.78218,7.78182,2.32,0.75
11.08.2021 00:44:02.795,7.78218,7.78177,2.32,0.37
11.08.2021 00:44:03.558,7.782160000000001,7.7817300000000005,0.45,0.37
11.08.2021 00:44:05.036,7.782160000000001,7.78182,0.45,0.75
11.08.2021 00:44:08.148,7.782160000000001,7.78184,1.2,0.75
11.08.2021 00:44:49.004,7.78202,7.781760000000001,0.75,0.37
11.08.2021 00:44:49.055,7.78214,7.78184,0.75,0.75
11.08.2021 00:44:49.105,7.7820800000000006,7.78184,0.37,0.75
11.08.2021 00:44:51.749,7.782100000000001,7.78184,0.37,0.75
11.08.2021 00:44:54.764,7.78213,7.78184,0.37,0.75
11.08.2021 00:44:55.868,7.78212,7.78184,0.37,0.75
11.08.2021 00:44:56.872,7.782110000000001,7.78184,0.37,0.75
11.08.2021 00:45:04.896,7.782100000000001,7.78184,0.37,0.75
11.08.2021 00:45:05.902,7.7820800000000006,7.78184,0.37,0.75
11.08.2021 00:45:08.909,7.78209,7.78184,0.37,0.75
11.08.2021 00:45:18.333,7.782150000000001,7.78184,0.75,0.75
11.08.2021 00:45:18.444,7.782150000000001,7.78182,0.75,0.75
11.08.2021 00:45:23.922,7.782150000000001,7.78184,2.25,0.75
11.08.2021 00:45:35.584,7.782050000000001,7.78174,0.75,0.75
11.08.2021 00:45:35.685,7.78195,7.7816399999999994,0.75,0.75
11.08.2021 00:45:44.393,7.78195,7.7816399999999994,0.85,0.75
11.08.2021 00:45:48.414,7.78197,7.78157,0.35,0.37
11.08.2021 00:45:57.447,7.78197,7.78157,0.35,0.37
11.08.2021 00:46:00.467,7.78197,7.78157,0.35,0.37
11.08.2021 00:46:00.518,7.78197,7.78154,0.66,0.37
11.08.2021 00:46:00.673,7.78197,7.78154,0.66,0.37
11.08.2021 00:46:00.885,7.78197,7.78154,0.66,0.37
11.08.2021 00:46:05.786,7.78195,7.7816399999999994,0.85,0.75
11.08.2021 00:46:38.038,7.78195,7.7816399999999994,0.85,0.75
11.08.2021 00:48:06.389,7.78195,7.7816399999999994,0.82,0.75
11.08.2021 00:48:54.959,7.78195,7.7816399999999994,1.22,0.75
11.08.2021 00:48:55.115,7.78195,7.7816399999999994,1.22,0.75
11.08.2021 00:48:55.984,7.78195,7.7816399999999994,1.2,0.75
11.08.2021 00:48:57.966,7.78194,7.7816399999999994,0.75,0.75
11.08.2021 00:49:11.457,7.78189,7.78159,0.75,0.75
11.08.2021 00:49:11.558,7.78179,7.78149,0.75,0.75
11.08.2021 00:49:11.759,7.78174,7.781460000000001,0.75,0.37
11.08.2021 00:49:12.681,7.78174,7.78144,0.75,0.75
11.08.2021 00:49:37.945,7.78194,7.78137,0.47,0.37
11.08.2021 00:49:38.085,7.781910000000001,7.78137,0.85,0.37
11.08.2021 00:49:38.291,7.781910000000001,7.78137,0.85,0.37
11.08.2021 00:49:41.986,7.78174,7.78144,0.75,0.75
11.08.2021 00:50:38.112,7.781680000000001,7.78139,0.75,0.75
11.08.2021 00:50:38.213,7.7817300000000005,7.78144,0.75,0.75
11.08.2021 00:51:07.986,7.78194,7.781360000000001,0.47,0.37
11.08.2021 00:51:08.340,7.7817300000000005,7.78144,0.75,0.75
11.08.2021 00:55:47.967,7.781750000000001,7.78144,0.75,0.75
11.08.2021 00:57:26.821,7.7818000000000005,7.78149,0.75,0.75
11.08.2021 00:57:26.871,7.78197,7.781360000000001,0.85,0.47
11.08.2021 00:57:26.986,7.78197,7.781360000000001,0.85,0.47
11.08.2021 00:57:27.090,7.78197,7.781360000000001,0.85,0.47
11.08.2021 00:57:27.929,7.78197,7.781460000000001,0.85,0.37
11.08.2021 00:57:30.138,7.781960000000001,7.781460000000001,0.85,0.37
11.08.2021 00:57:30.291,7.781750000000001,7.781460000000001,0.75,0.37
11.08.2021 00:57:31.183,7.781750000000001,7.78144,0.75,0.75
11.08.2021 00:57:46.925,7.78172,7.78139,0.75,0.75
11.08.2021 00:58:08.072,7.78183,7.7813300000000005,0.85,0.37
11.08.2021 00:58:17.127,7.78172,7.78139,0.75,0.75
11.08.2021 00:58:32.304,7.78167,7.78134,0.75,0.75
11.08.2021 00:58:32.405,7.78162,7.78132,0.75,0.37
11.08.2021 00:58:33.020,7.78162,7.781289999999999,0.75,0.75
11.08.2021 00:59:00.968,7.78185,7.7812399999999995,0.47,0.37
11.08.2021 00:59:01.405,7.78174,7.781280000000001,0.85,0.37
11.08.2021 00:59:01.506,7.78167,7.78134,0.75,0.75
11.08.2021 00:59:04.991,7.78167,7.781350000000001,0.75,0.37
11.08.2021 00:59:06.442,7.78167,7.78134,0.75,0.75
11.08.2021 00:59:19.937,7.78162,7.781310000000001,0.75,0.37
11.08.2021 00:59:20.038,7.78162,7.781300000000001,0.75,0.37
11.08.2021 00:59:20.212,7.78162,7.781289999999999,0.75,0.75
11.08.2021 01:00:18.259,7.78172,7.781360000000001,0.82,0.75
11.08.2021 01:00:18.309,7.78177,7.78144,0.75,0.75
11.08.2021 01:00:54.589,7.78172,7.78139,0.75,1.12
11.08.2021 01:01:13.358,7.78194,7.7813300000000005,0.47,0.37
11.08.2021 01:01:15.363,7.78194,7.7813300000000005,0.47,0.37
11.08.2021 01:01:24.881,7.78172,7.78139,0.75,0.75
11.08.2021 01:02:19.835,7.781760000000001,7.78143,0.75,0.75
11.08.2021 01:02:28.209,7.781880000000001,7.78142,0.75,0.37
11.08.2021 01:02:29.565,7.781880000000001,7.781410000000001,0.75,0.37
11.08.2021 01:02:30.052,7.78192,7.781410000000001,0.85,0.37
11.08.2021 01:02:30.363,7.78192,7.781410000000001,0.82,0.37
11.08.2021 01:02:31.065,7.78192,7.78139,0.82,0.37
11.08.2021 01:02:49.846,7.781760000000001,7.78143,0.75,0.75
11.08.2021 01:07:23.395,7.78192,7.781580000000001,0.75,0.75
11.08.2021 01:07:30.540,7.78197,7.7815,0.75,0.37
11.08.2021 01:07:30.591,7.78197,7.781630000000001,0.75,0.75
11.08.2021 01:07:45.753,7.78202,7.781680000000001,0.75,0.75
11.08.2021 01:07:45.955,7.78213,7.78165,0.37,0.37
11.08.2021 01:07:46.006,7.78202,7.781680000000001,0.75,0.75
11.08.2021 01:07:46.221,7.78213,7.78165,0.37,0.37
11.08.2021 01:07:46.271,7.78202,7.781680000000001,0.75,0.75
11.08.2021 01:08:09.879,7.78214,7.781610000000001,0.75,0.37
11.08.2021 01:08:16.232,7.78202,7.781680000000001,0.75,0.75
11.08.2021 01:09:03.047,7.78207,7.7817300000000005,0.75,0.75
11.08.2021 01:09:08.678,7.78217,7.78183,0.75,0.75
11.08.2021 01:09:08.729,7.78224,7.781660000000001,0.37,0.47
11.08.2021 01:09:08.880,7.78232,7.78174,0.75,0.37
11.08.2021 01:09:09.081,7.782360000000001,7.78174,0.75,0.37
11.08.2021 01:09:09.131,7.78234,7.78174,0.75,0.37
11.08.2021 01:09:09.182,7.782380000000001,7.78174,2.25,0.37
11.08.2021 01:09:09.283,7.7823899999999995,7.7818000000000005,0.75,0.37
11.08.2021 01:09:09.333,7.782410000000001,7.7818000000000005,0.75,0.37
11.08.2021 01:09:09.433,7.782430000000001,7.7818000000000005,0.75,0.37
11.08.2021 01:09:09.534,7.782439999999999,7.7818000000000005,0.75,0.37
11.08.2021 01:09:09.642,7.782460000000001,7.7818000000000005,0.75,0.45
11.08.2021 01:09:09.692,7.782460000000001,7.78189,0.75,0.37
11.08.2021 01:09:09.743,7.7824800000000005,7.78189,0.75,0.37
11.08.2021 01:09:09.854,7.78249,7.78189,0.75,0.37
11.08.2021 01:09:10.090,7.7824800000000005,7.78189,0.75,0.37
11.08.2021 01:09:10.243,7.78249,7.78189,0.75,0.37
11.08.2021 01:09:10.503,7.7824800000000005,7.78189,0.75,0.37
11.08.2021 01:09:11.190,7.7824800000000005,7.781910000000001,0.75,0.37
11.08.2021 01:09:16.456,7.78249,7.781910000000001,0.75,0.37
11.08.2021 01:09:22.254,7.78254,7.78195,0.85,0.37
11.08.2021 01:09:22.305,7.78257,7.78195,0.75,0.37
11.08.2021 01:09:22.674,7.78257,7.78195,0.75,0.47
11.08.2021 01:09:23.000,7.78257,7.78202,0.75,0.37
11.08.2021 01:09:28.518,7.78257,7.7819899999999995,0.75,0.37
11.08.2021 01:09:30.563,7.78257,7.782,0.75,0.37
11.08.2021 01:09:32.754,7.78257,7.78202,0.75,0.37
11.08.2021 01:09:34.255,7.78257,7.782030000000001,0.75,0.37
11.08.2021 01:09:36.906,7.78257,7.78202,0.75,0.37
11.08.2021 01:09:39.907,7.78257,7.782030000000001,0.75,0.37
11.08.2021 01:09:42.278,7.78257,7.782030000000001,0.85,0.37
11.08.2021 01:09:42.711,7.78249,7.782030000000001,0.75,0.37
11.08.2021 01:09:42.812,7.78237,7.782030000000001,0.75,0.75
11.08.2021 01:10:05.908,7.78247,7.781980000000001,0.47,0.37
11.08.2021 01:10:05.959,7.78247,7.781980000000001,0.47,0.37
11.08.2021 01:10:07.926,7.78247,7.781980000000001,0.47,0.37
11.08.2021 01:10:08.431,7.78247,7.781980000000001,0.47,0.37
11.08.2021 01:10:10.029,7.78247,7.781980000000001,0.47,0.37
11.08.2021 01:10:10.413,7.78247,7.781980000000001,0.47,0.37
11.08.2021 01:10:10.584,7.78247,7.781980000000001,0.47,0.37
11.08.2021 01:10:12.178,7.782450000000001,7.781980000000001,0.47,0.37
11.08.2021 01:10:12.428,7.782450000000001,7.781980000000001,0.47,0.37
11.08.2021 01:10:12.909,7.78237,7.782030000000001,0.75,0.75
11.08.2021 01:10:36.933,7.78234,7.782030000000001,0.37,0.75
11.08.2021 01:10:51.066,7.782360000000001,7.782030000000001,0.37,0.75
11.08.2021 01:10:52.360,7.78237,7.782030000000001,0.75,0.75
11.08.2021 01:10:58.744,7.782310000000001,7.782030000000001,0.37,0.75
11.08.2021 01:11:03.204,7.78232,7.782030000000001,0.37,0.75
11.08.2021 01:11:04.703,7.782330000000001,7.782030000000001,0.37,0.75
11.08.2021 01:11:06.938,7.782310000000001,7.782030000000001,0.37,0.75
11.08.2021 01:11:16.471,7.78234,7.782030000000001,0.37,0.75
11.08.2021 01:11:17.172,7.78224,7.781980000000001,0.37,0.75
11.08.2021 01:11:17.276,7.78229,7.781980000000001,0.37,0.75
11.08.2021 01:11:26.265,7.7823,7.781980000000001,0.37,0.75
11.08.2021 01:11:45.489,7.7823,7.7819,0.37,0.37
11.08.2021 01:11:46.018,7.78225,7.78195,0.37,0.37
11.08.2021 01:11:47.034,7.782260000000001,7.78195,0.37,0.37
11.08.2021 01:11:47.323,7.782260000000001,7.781980000000001,0.37,0.75
11.08.2021 01:11:49.038,7.78225,7.781980000000001,0.37,0.75
11.08.2021 01:12:02.051,7.78224,7.781980000000001,0.37,0.75
11.08.2021 01:13:05.658,7.782310000000001,7.781980000000001,0.75,0.75
11.08.2021 01:14:00.152,7.78232,7.781980000000001,1.12,0.75
11.08.2021 01:14:01.556,7.782310000000001,7.781980000000001,0.37,0.75
11.08.2021 01:14:30.123,7.782310000000001,7.781910000000001,0.37,0.37
11.08.2021 01:14:30.284,7.782310000000001,7.781980000000001,0.37,0.75
11.08.2021 01:14:45.021,7.7823,7.781980000000001,0.37,0.75
11.08.2021 01:14:46.521,7.782310000000001,7.781980000000001,0.37,0.75
11.08.2021 01:15:15.798,7.782310000000001,7.7820800000000006,1.12,0.75
11.08.2021 01:15:20.603,7.782330000000001,7.7820800000000006,0.75,0.75
11.08.2021 01:15:25.197,7.78232,7.78195,0.75,0.37
11.08.2021 01:15:38.120,7.782280000000001,7.781980000000001,0.37,0.75
11.08.2021 01:15:39.064,7.7823,7.781980000000001,0.75,0.75
11.08.2021 01:15:50.059,7.78232,7.78192,1.12,0.37
11.08.2021 01:15:50.510,7.78232,7.7819,1.2,0.37
11.08.2021 01:15:52.517,7.782310000000001,7.7819,0.37,0.37
11.08.2021 01:16:02.133,7.78232,7.781910000000001,0.45,0.37
11.08.2021 01:16:08.413,7.7823,7.781980000000001,0.75,0.75
11.08.2021 01:16:30.171,7.7822700000000005,7.781980000000001,0.37,0.75
11.08.2021 01:16:32.975,7.7823,7.781980000000001,0.75,0.75
11.08.2021 01:16:46.621,7.78229,7.781980000000001,0.37,1.12
11.08.2021 01:16:51.296,7.78234,7.7820800000000006,0.45,0.75
11.08.2021 01:16:52.718,7.78232,7.7820800000000006,0.37,0.75
11.08.2021 01:16:56.728,7.7823,7.7820800000000006,0.37,0.75
11.08.2021 01:17:02.709,7.78229,7.7820800000000006,0.37,0.75
11.08.2021 01:17:05.763,7.78229,7.78197,0.37,0.37
11.08.2021 01:17:06.726,7.7823,7.7819899999999995,0.37,0.37
11.08.2021 01:17:15.970,7.78234,7.78197,0.75,0.37
11.08.2021 01:17:16.071,7.78234,7.78194,0.75,0.75
11.08.2021 01:17:17.387,7.78235,7.78194,0.75,0.75
11.08.2021 01:17:18.396,7.78235,7.78195,0.75,0.37
11.08.2021 01:17:19.412,7.78235,7.781980000000001,0.75,0.37
11.08.2021 01:17:20.209,7.782280000000001,7.781980000000001,0.75,1.12
11.08.2021 01:17:31.918,7.782330000000001,7.782030000000001,0.75,0.75
11.08.2021 01:17:44.334,7.7823899999999995,7.782,1.22,0.37
11.08.2021 01:17:44.542,7.7823899999999995,7.782,0.45,0.37
11.08.2021 01:17:45.424,7.7823899999999995,7.7819899999999995,0.45,0.37
11.08.2021 01:17:45.741,7.782380000000001,7.7819899999999995,0.37,0.37
11.08.2021 01:17:46.746,7.78237,7.7819899999999995,0.37,0.37
11.08.2021 01:17:48.746,7.782360000000001,7.7819899999999995,0.37,0.37
11.08.2021 01:17:59.976,7.782360000000001,7.781980000000001,0.37,0.37
11.08.2021 01:18:02.116,7.782330000000001,7.782030000000001,0.75,0.75
11.08.2021 01:18:26.754,7.7824,7.781980000000001,0.82,0.37
11.08.2021 01:18:26.804,7.7824,7.781980000000001,0.85,0.37
11.08.2021 01:18:27.319,7.7824,7.781980000000001,0.85,0.37
11.08.2021 01:18:32.331,7.782330000000001,7.782030000000001,0.75,0.75
11.08.2021 01:19:35.935,7.78232,7.782030000000001,0.75,0.75
11.08.2021 01:20:20.103,7.7823,7.782030000000001,0.37,0.75
11.08.2021 01:20:20.153,7.78232,7.782030000000001,0.75,0.75
11.08.2021 01:20:20.204,7.782330000000001,7.7819899999999995,0.75,0.37
11.08.2021 01:20:21.945,7.78232,7.7819899999999995,0.37,0.37
11.08.2021 01:20:36.187,7.78232,7.782030000000001,1.12,0.75
11.08.2021 01:20:44.115,7.782360000000001,7.781960000000001,0.37,0.75
11.08.2021 01:20:44.221,7.782360000000001,7.781980000000001,0.45,0.75
11.08.2021 01:20:45.104,7.78235,7.781980000000001,0.37,0.75
11.08.2021 01:20:45.658,7.78235,7.7820100000000005,0.37,0.37
11.08.2021 01:20:46.165,7.78234,7.7820100000000005,0.37,0.37
11.08.2021 01:20:48.172,7.78234,7.782,0.37,0.37
11.08.2021 01:20:49.174,7.78234,7.7820100000000005,0.37,0.37
11.08.2021 01:20:51.188,7.782360000000001,7.781980000000001,0.37,0.75
11.08.2021 01:21:06.201,7.78232,7.782030000000001,0.75,0.75
11.08.2021 01:21:24.982,7.782330000000001,7.782,0.37,0.37
11.08.2021 01:21:26.186,7.78232,7.782,0.37,0.37
11.08.2021 01:21:36.519,7.78232,7.782030000000001,1.12,0.75
11.08.2021 01:24:02.170,7.782360000000001,7.78197,0.37,0.75
11.08.2021 01:24:02.597,7.78232,7.782030000000001,0.75,0.75
11.08.2021 01:24:22.588,7.782360000000001,7.781960000000001,1.12,0.75
11.08.2021 01:24:22.972,7.782360000000001,7.78194,0.37,1.22
11.08.2021 01:24:23.093,7.782360000000001,7.78194,0.37,1.2
11.08.2021 01:24:24.606,7.782330000000001,7.7819899999999995,0.37,0.37
11.08.2021 01:24:32.912,7.78232,7.782030000000001,0.75,0.75
11.08.2021 01:24:57.858,7.782330000000001,7.782030000000001,0.75,0.75
11.08.2021 01:26:11.265,7.782380000000001,7.7820800000000006,0.75,0.75
11.08.2021 01:26:11.415,7.782330000000001,7.782030000000001,0.75,0.75
11.08.2021 01:27:12.098,7.782380000000001,7.7820800000000006,0.75,0.75
11.08.2021 01:27:13.533,7.782360000000001,7.7820800000000006,0.37,0.75
11.08.2021 01:27:22.385,7.782380000000001,7.7820800000000006,0.75,0.75
11.08.2021 01:27:30.028,7.78237,7.7820800000000006,0.75,0.75
11.08.2021 01:27:38.937,7.782360000000001,7.7820800000000006,0.37,0.75
11.08.2021 01:27:47.860,7.78235,7.7820800000000006,0.75,0.75
11.08.2021 01:28:02.291,7.782330000000001,7.78207,0.75,0.75
11.08.2021 01:28:28.692,7.78232,7.78207,0.75,0.75
11.08.2021 01:29:27.281,7.7822700000000005,7.78202,0.75,0.75
11.08.2021 01:29:47.862,7.782280000000001,7.78202,0.75,0.37
11.08.2021 01:29:48.658,7.782280000000001,7.7820100000000005,0.75,0.75
11.08.2021 01:30:09.736,7.782280000000001,7.78202,0.75,0.37
11.08.2021 01:30:11.248,7.782280000000001,7.7820100000000005,0.75,0.75
11.08.2021 01:30:14.257,7.782280000000001,7.78202,0.75,0.37
11.08.2021 01:30:20.264,7.782280000000001,7.7820100000000005,0.75,1.12
11.08.2021 01:30:27.829,7.7822700000000005,7.78202,0.75,0.75
11.08.2021 01:30:51.138,7.78232,7.78207,0.75,0.75
11.08.2021 01:30:51.276,7.7822700000000005,7.78202,0.75,0.75
11.08.2021 01:31:30.425,7.7822700000000005,7.782030000000001,0.75,0.37
11.08.2021 01:31:31.472,7.7822700000000005,7.78209,0.75,0.37
11.08.2021 01:31:54.623,7.78224,7.78209,0.75,0.37
11.08.2021 01:31:54.673,7.78222,7.78197,0.75,0.75
11.08.2021 01:32:08.071,7.78232,7.78207,1.12,0.75
11.08.2021 01:32:08.122,7.78224,7.78197,0.75,0.75
11.08.2021 01:32:08.172,7.78222,7.78197,0.75,0.75
11.08.2021 01:32:08.273,7.7822700000000005,7.78202,0.75,0.75
11.08.2021 01:32:29.702,7.782439999999999,7.78195,0.85,0.37
11.08.2021 01:32:31.731,7.782439999999999,7.782039999999999,0.85,0.37
11.08.2021 01:32:35.278,7.782439999999999,7.78195,0.85,0.75
11.08.2021 01:32:35.334,7.7822700000000005,7.78202,0.75,0.75
11.08.2021 01:32:48.974,7.78242,7.78195,1.22,0.75
11.08.2021 01:32:49.025,7.78242,7.782,1.22,0.37
11.08.2021 01:32:54.267,7.78242,7.78207,0.85,0.37
11.08.2021 01:32:57.815,7.7822700000000005,7.78207,0.75,0.37
11.08.2021 01:32:59.511,7.78224,7.78195,0.75,0.37
11.08.2021 01:32:59.561,7.78212,7.7818700000000005,0.75,1.12
11.08.2021 01:33:09.534,7.78217,7.78179,0.37,0.37
11.08.2021 01:33:10.342,7.78217,7.781760000000001,0.37,0.37
11.08.2021 01:33:11.564,7.78218,7.781760000000001,0.37,0.37
11.08.2021 01:33:15.366,7.78218,7.78177,0.37,0.37
11.08.2021 01:33:16.368,7.78218,7.78182,0.75,0.37
11.08.2021 01:33:18.626,7.78218,7.78183,0.37,0.37
11.08.2021 01:33:19.633,7.78217,7.78183,0.37,0.37
11.08.2021 01:33:21.001,7.78217,7.78185,0.37,0.37
11.08.2021 01:33:22.005,7.78217,7.78189,0.37,0.37
11.08.2021 01:33:29.944,7.78212,7.78189,0.75,0.37
11.08.2021 01:33:35.778,7.78212,7.7818700000000005,0.75,0.75
11.08.2021 01:34:24.251,7.782150000000001,7.781880000000001,0.75,0.75
11.08.2021 01:34:54.818,7.782150000000001,7.78189,0.75,0.37
11.08.2021 01:35:02.909,7.782150000000001,7.781880000000001,0.75,0.75
11.08.2021 01:35:51.937,7.782150000000001,7.78189,0.75,0.37
11.08.2021 01:36:14.125,7.782150000000001,7.781880000000001,0.75,0.75
11.08.2021 01:36:14.678,7.782160000000001,7.781880000000001,0.75,0.75
11.08.2021 01:37:35.056,7.782150000000001,7.781880000000001,0.75,0.75
11.08.2021 01:37:37.052,7.7822000000000005,7.781930000000001,0.75,0.75
11.08.2021 01:37:37.103,7.78229,7.78182,0.85,0.75
11.08.2021 01:37:37.154,7.7823,7.78182,0.85,0.82
11.08.2021 01:37:37.255,7.782330000000001,7.781880000000001,0.47,0.37
11.08.2021 01:37:37.369,7.78225,7.781980000000001,0.75,0.75
11.08.2021 01:37:43.851,7.782260000000001,7.781980000000001,0.75,0.75
11.08.2021 01:38:10.904,7.78237,7.78192,1.22,0.37
11.08.2021 01:38:12.353,7.78237,7.781910000000001,1.22,0.37
11.08.2021 01:38:16.221,7.782260000000001,7.781980000000001,0.75,0.75
11.08.2021 01:38:27.814,7.782280000000001,7.781980000000001,0.75,0.75
11.08.2021 01:38:34.327,7.782280000000001,7.7819899999999995,0.75,0.37
11.08.2021 01:39:18.347,7.782280000000001,7.781980000000001,0.75,0.75
11.08.2021 01:39:47.626,7.78237,7.78192,1.22,0.37
11.08.2021 01:39:47.727,7.78237,7.78192,1.22,0.37
11.08.2021 01:39:47.866,7.78235,7.78194,0.45,0.37
11.08.2021 01:39:48.622,7.782360000000001,7.7819,0.47,0.37
11.08.2021 01:39:49.143,7.782360000000001,7.7819,0.47,0.37
11.08.2021 01:39:53.182,7.782360000000001,7.7819,0.47,0.37
11.08.2021 01:39:58.329,7.782280000000001,7.781980000000001,0.75,0.75
11.08.2021 01:40:19.287,7.782360000000001,7.782060000000001,0.47,0.75
11.08.2021 01:40:19.388,7.7823899999999995,7.782060000000001,0.82,0.75
11.08.2021 01:40:19.913,7.7823899999999995,7.7820800000000006,0.82,0.75
11.08.2021 01:40:42.562,7.78242,7.782,0.47,0.37
11.08.2021 01:40:42.663,7.78242,7.782,0.37,0.37
11.08.2021 01:40:43.585,7.78242,7.7820100000000005,0.37,0.37
11.08.2021 01:40:45.868,7.7823,7.7820100000000005,0.75,0.37
11.08.2021 01:40:45.919,7.7823,7.781980000000001,0.75,0.75
11.08.2021 01:40:45.969,7.7822700000000005,7.781980000000001,0.75,0.75
11.08.2021 01:40:52.544,7.7822700000000005,7.7819899999999995,0.75,0.37
11.08.2021 01:40:55.608,7.7822700000000005,7.781980000000001,0.75,0.75
11.08.2021 01:41:06.630,7.78235,7.78213,0.37,0.75
11.08.2021 01:41:06.680,7.782410000000001,7.78213,0.75,0.75
11.08.2021 01:41:19.789,7.782310000000001,7.782039999999999,0.75,0.75
11.08.2021 01:41:19.890,7.782310000000001,7.782030000000001,0.75,1.12
11.08.2021 01:41:19.991,7.782260000000001,7.781980000000001,0.75,0.75
11.08.2021 01:41:24.558,7.782310000000001,7.782030000000001,0.75,0.75
11.08.2021 01:41:24.667,7.782310000000001,7.78209,0.75,0.37
11.08.2021 01:41:24.717,7.78247,7.78213,0.75,0.75
11.08.2021 01:41:24.768,7.782560000000001,7.782280000000001,0.75,0.75
11.08.2021 01:41:24.868,7.78258,7.7822000000000005,0.75,0.75
11.08.2021 01:41:24.919,7.782560000000001,7.782280000000001,0.75,0.75
11.08.2021 01:41:25.021,7.78254,7.782280000000001,0.37,0.75
11.08.2021 01:41:25.071,7.782560000000001,7.782280000000001,0.75,0.75
11.08.2021 01:41:27.927,7.78259,7.782160000000001,0.75,0.75
11.08.2021 01:41:27.978,7.78257,7.78214,0.75,1.5
11.08.2021 01:41:28.028,7.78257,7.78212,0.75,0.37
11.08.2021 01:41:28.129,7.78253,7.78212,0.75,0.37
11.08.2021 01:41:29.420,7.78253,7.782060000000001,0.75,0.37
11.08.2021 01:41:33.363,7.78254,7.782060000000001,0.75,0.37
11.08.2021 01:41:40.980,7.782410000000001,7.78213,0.75,0.75
11.08.2021 01:43:05.069,7.7825500000000005,7.78222,0.85,0.75
11.08.2021 01:43:05.170,7.7825500000000005,7.782280000000001,0.75,0.75
11.08.2021 01:43:08.602,7.78254,7.782280000000001,0.37,0.75
11.08.2021 01:43:15.708,7.78258,7.78222,0.75,0.37
11.08.2021 01:43:15.759,7.78258,7.7822000000000005,0.75,0.45
11.08.2021 01:43:15.809,7.7825500000000005,7.782280000000001,0.75,0.75
11.08.2021 01:43:25.859,7.78258,7.782280000000001,0.75,0.75
11.08.2021 01:43:26.010,7.782630000000001,7.782330000000001,0.75,0.75
11.08.2021 01:43:27.545,7.7826,7.78229,0.75,0.37
11.08.2021 01:43:27.696,7.7826,7.782280000000001,0.75,0.75
11.08.2021 01:43:27.746,7.78258,7.782280000000001,0.75,0.75
11.08.2021 01:43:34.975,7.782630000000001,7.782330000000001,0.75,0.75
11.08.2021 01:43:35.076,7.78258,7.782280000000001,0.75,0.75
11.08.2021 01:43:35.177,7.782630000000001,7.782330000000001,0.75,0.75
11.08.2021 01:43:35.328,7.782680000000001,7.782380000000001,2.62,0.75
11.08.2021 01:44:01.107,7.78272,7.782380000000001,2.25,0.75
11.08.2021 01:44:02.932,7.782710000000001,7.782380000000001,0.37,0.75
11.08.2021 01:44:04.938,7.78272,7.782380000000001,2.62,0.75
11.08.2021 01:44:05.311,7.782710000000001,7.782380000000001,0.37,0.75
11.08.2021 01:44:05.554,7.782680000000001,7.782380000000001,0.75,0.75
11.08.2021 01:44:07.487,7.7826,7.782380000000001,0.37,0.75
11.08.2021 01:44:14.482,7.782660000000001,7.782380000000001,0.75,2.25
11.08.2021 01:44:30.994,7.782660000000001,7.782410000000001,0.75,0.37
11.08.2021 01:44:45.215,7.782710000000001,7.782430000000001,0.75,0.75
11.08.2021 01:44:47.537,7.7827,7.782430000000001,0.37,0.75
11.08.2021 01:44:50.289,7.782660000000001,7.78237,0.75,0.37
11.08.2021 01:44:50.339,7.782610000000001,7.782360000000001,0.75,0.37
11.08.2021 01:44:50.390,7.782660000000001,7.782360000000001,0.75,0.37
11.08.2021 01:44:50.491,7.78265,7.782260000000001,0.75,0.37
11.08.2021 01:44:50.598,7.78265,7.782210000000001,0.75,1.12
11.08.2021 01:44:50.648,7.782560000000001,7.782280000000001,0.75,0.75
11.08.2021 01:45:11.861,7.782630000000001,7.78222,1.12,0.37
11.08.2021 01:45:12.310,7.782630000000001,7.78222,1.22,0.37
11.08.2021 01:45:12.411,7.782630000000001,7.78222,1.12,0.37
11.08.2021 01:45:12.819,7.782610000000001,7.78222,0.37,0.37
11.08.2021 01:45:13.824,7.7826,7.78222,0.37,0.37
11.08.2021 01:45:15.119,7.7826,7.782360000000001,0.37,0.75
11.08.2021 01:45:15.169,7.78267,7.782360000000001,0.75,1.5
11.08.2021 01:45:15.220,7.78267,7.782430000000001,0.75,0.75
11.08.2021 01:45:15.270,7.7827,7.782430000000001,0.75,0.75
11.08.2021 01:45:17.941,7.78272,7.782430000000001,0.75,0.75
11.08.2021 01:45:21.389,7.78272,7.782430000000001,0.85,0.75
11.08.2021 01:45:23.061,7.78272,7.782430000000001,0.75,0.75
11.08.2021 01:45:31.475,7.782760000000001,7.782410000000001,2.62,0.37
11.08.2021 01:45:32.116,7.782760000000001,7.782430000000001,2.62,0.37
11.08.2021 01:45:32.636,7.7827399999999995,7.782430000000001,0.37,0.37
11.08.2021 01:45:37.704,7.782730000000001,7.782430000000001,0.37,0.37
11.08.2021 01:45:45.708,7.782730000000001,7.782439999999999,0.37,0.37
11.08.2021 01:45:47.823,7.7827399999999995,7.782439999999999,0.37,0.37
11.08.2021 01:45:47.996,7.78272,7.782439999999999,0.75,0.37
11.08.2021 01:45:48.100,7.7827399999999995,7.782439999999999,0.37,0.37
11.08.2021 01:45:48.151,7.782680000000001,7.782430000000001,0.37,0.37
11.08.2021 01:45:49.790,7.78269,7.782430000000001,0.37,1.12
11.08.2021 01:46:03.838,7.78267,7.782450000000001,0.37,0.37
11.08.2021 01:46:12.873,7.78269,7.782430000000001,0.37,0.75
11.08.2021 01:46:20.929,7.78269,7.78242,0.37,0.37
11.08.2021 01:46:20.980,7.7827,7.782310000000001,2.25,0.75
11.08.2021 01:46:21.030,7.782660000000001,7.782310000000001,0.75,0.75
11.08.2021 01:46:21.081,7.78265,7.78224,0.37,0.37
11.08.2021 01:46:21.181,7.78259,7.782280000000001,0.75,0.75
11.08.2021 01:46:39.589,7.7826,7.78225,0.37,0.37
11.08.2021 01:46:41.232,7.78258,7.78222,0.37,0.37
11.08.2021 01:46:42.234,7.78257,7.78222,0.37,0.37
11.08.2021 01:46:51.456,7.78257,7.782280000000001,0.37,0.75
11.08.2021 01:46:51.616,7.78259,7.782280000000001,0.75,0.75
11.08.2021 01:48:45.035,7.782610000000001,7.782280000000001,0.75,0.75
11.08.2021 01:49:03.943,7.78258,7.782280000000001,0.75,0.75
11.08.2021 01:49:07.813,7.78258,7.782280000000001,0.85,0.75
11.08.2021 01:49:09.062,7.78258,7.782280000000001,0.85,0.75
11.08.2021 01:49:11.110,7.78258,7.782280000000001,0.85,0.75
11.08.2021 01:49:11.261,7.78258,7.782280000000001,0.85,0.75
11.08.2021 01:49:13.062,7.78258,7.782280000000001,0.85,0.75
11.08.2021 01:49:13.175,7.78258,7.782280000000001,0.85,0.75
11.08.2021 01:49:15.061,7.78258,7.782280000000001,0.85,0.75
11.08.2021 01:49:17.060,7.78258,7.782280000000001,0.82,0.75
11.08.2021 01:49:20.578,7.78257,7.782280000000001,0.37,0.75
11.08.2021 01:49:33.645,7.78258,7.782280000000001,0.75,0.75
11.08.2021 01:49:47.764,7.782660000000001,7.78224,0.47,0.37
11.08.2021 01:49:48.271,7.782660000000001,7.782230000000001,0.45,0.75
11.08.2021 01:49:55.648,7.78265,7.78224,0.37,0.37
11.08.2021 01:49:57.694,7.78267,7.78225,0.47,0.37
11.08.2021 01:50:00.658,7.78265,7.78225,0.37,0.75
11.08.2021 01:50:04.312,7.78258,7.782280000000001,0.75,0.75
11.08.2021 01:50:18.834,7.78258,7.782280000000001,0.85,0.75
11.08.2021 01:50:20.059,7.78258,7.782280000000001,0.85,0.75
11.08.2021 01:50:22.060,7.78258,7.782280000000001,0.82,0.75
11.08.2021 01:50:22.173,7.78258,7.782280000000001,0.85,0.75
11.08.2021 01:50:22.627,7.78258,7.782280000000001,0.85,0.75
11.08.2021 01:50:23.138,7.78262,7.78222,0.47,0.37
11.08.2021 01:50:23.860,7.78265,7.78224,0.47,0.37
11.08.2021 01:50:24.060,7.78265,7.78224,0.47,0.37
11.08.2021 01:50:25.318,7.78265,7.782230000000001,0.47,0.75
11.08.2021 01:50:25.661,7.78265,7.782230000000001,0.47,0.75
11.08.2021 01:50:26.060,7.782660000000001,7.78224,0.47,0.37
11.08.2021 01:50:26.819,7.782660000000001,7.78224,0.47,0.37
11.08.2021 01:50:27.709,7.782660000000001,7.78225,0.47,0.37
11.08.2021 01:50:28.063,7.782660000000001,7.78225,0.47,0.37
11.08.2021 01:50:28.712,7.78262,7.782260000000001,0.37,0.37
11.08.2021 01:50:29.714,7.78262,7.78229,0.37,0.37
11.08.2021 01:50:30.581,7.78262,7.782210000000001,0.37,0.37
11.08.2021 01:50:32.586,7.78262,7.78222,0.37,0.37
11.08.2021 01:50:33.416,7.78252,7.7822700000000005,0.75,0.75
11.08.2021 01:50:46.970,7.78254,7.7822700000000005,0.75,0.75
11.08.2021 01:51:04.436,7.78258,7.78218,0.37,0.37
11.08.2021 01:51:04.537,7.78258,7.78218,0.47,0.37
11.08.2021 01:51:04.588,7.7825500000000005,7.782060000000001,0.37,0.82
11.08.2021 01:51:47.111,7.7825500000000005,7.782060000000001,0.47,0.37
11.08.2021 01:51:47.563,7.7825500000000005,7.782060000000001,0.45,0.37
11.08.2021 01:51:48.067,7.7825500000000005,7.78214,0.45,0.37
11.08.2021 01:51:51.079,7.78249,7.78214,0.37,0.37
11.08.2021 01:52:35.799,7.7825500000000005,7.7820800000000006,0.45,0.37
11.08.2021 01:52:37.329,7.78253,7.7820800000000006,0.37,0.37
11.08.2021 01:52:37.992,7.78253,7.78209,0.37,0.37
11.08.2021 01:52:41.134,7.7825500000000005,7.78209,0.45,0.37
11.08.2021 01:52:41.184,7.7825500000000005,7.782150000000001,0.45,0.37
11.08.2021 01:52:42.641,7.7825500000000005,7.78214,0.37,0.37
11.08.2021 01:52:44.141,7.7825500000000005,7.78213,0.37,0.37
11.08.2021 01:52:44.721,7.78254,7.78213,0.37,0.37
11.08.2021 01:52:45.642,7.78254,7.78212,0.37,0.37
11.08.2021 01:52:50.025,7.78262,7.78212,0.85,0.37
11.08.2021 01:52:54.650,7.78262,7.782110000000001,0.85,0.37
11.08.2021 01:52:55.742,7.78262,7.78213,0.85,0.37
11.08.2021 01:53:00.244,7.7826,7.78212,0.47,0.37
11.08.2021 01:53:05.541,7.78262,7.78212,0.85,0.37
11.08.2021 01:53:06.377,7.78262,7.78212,0.85,0.37
11.08.2021 01:53:30.008,7.78262,7.782100000000001,0.85,0.37
11.08.2021 01:53:30.647,7.78262,7.782100000000001,0.85,0.37
11.08.2021 01:53:36.009,7.78262,7.782110000000001,0.85,0.37
11.08.2021 01:53:36.363,7.78262,7.782110000000001,0.85,0.37
11.08.2021 01:53:39.814,7.782610000000001,7.782110000000001,0.85,0.37
11.08.2021 01:53:44.080,7.78259,7.782110000000001,0.37,0.37
11.08.2021 01:53:45.086,7.7826,7.782110000000001,0.45,0.37
11.08.2021 01:53:46.089,7.78259,7.782110000000001,0.37,0.37
11.08.2021 01:53:48.093,7.7826,7.782110000000001,0.45,0.37
11.08.2021 01:53:49.096,7.78259,7.782110000000001,0.37,0.37
11.08.2021 01:53:52.108,7.7826,7.782110000000001,0.45,0.37
11.08.2021 01:53:53.112,7.78259,7.782110000000001,0.37,0.37
11.08.2021 01:53:59.133,7.7826,7.782110000000001,0.37,0.37
11.08.2021 01:54:00.139,7.78259,7.782110000000001,0.37,0.37
11.08.2021 01:54:04.147,7.7826,7.782110000000001,0.37,0.37
11.08.2021 01:54:05.154,7.78259,7.782110000000001,0.37,0.37
11.08.2021 01:54:07.162,7.7826,7.782110000000001,0.37,0.37
11.08.2021 01:54:07.957,7.78259,7.782110000000001,0.37,0.37
11.08.2021 01:54:09.160,7.782610000000001,7.782110000000001,0.82,0.37
11.08.2021 01:54:33.230,7.78262,7.782110000000001,0.82,0.37
11.08.2021 01:54:36.113,7.78262,7.782110000000001,1.22,0.37
11.08.2021 01:54:38.088,7.7826,7.782110000000001,0.37,0.37
11.08.2021 01:54:40.826,7.7826,7.782110000000001,0.37,0.47
11.08.2021 01:55:21.309,7.78259,7.78212,0.37,0.47
11.08.2021 01:55:32.171,7.78259,7.78212,0.37,0.47
11.08.2021 01:55:45.355,7.78262,7.78212,0.75,0.47
11.08.2021 01:55:50.649,7.78267,7.78212,0.37,0.47
11.08.2021 01:56:41.662,7.782660000000001,7.78212,0.75,0.47
11.08.2021 01:56:41.712,7.782660000000001,7.78212,0.75,0.47
11.08.2021 01:56:41.813,7.782660000000001,7.78212,0.75,0.47
11.08.2021 01:56:42.222,7.782660000000001,7.78212,0.75,0.47
11.08.2021 01:56:43.705,7.78265,7.78214,0.37,0.47
11.08.2021 01:56:45.226,7.782630000000001,7.782150000000001,0.37,0.47
11.08.2021 01:56:46.650,7.782660000000001,7.782150000000001,1.12,0.47
11.08.2021 01:57:20.644,7.78265,7.782150000000001,0.75,0.47
11.08.2021 01:57:27.844,7.782660000000001,7.782150000000001,0.37,0.47
11.08.2021 01:57:27.945,7.782660000000001,7.782160000000001,0.37,0.47
11.08.2021 01:57:28.846,7.78267,7.782160000000001,1.12,0.47
11.08.2021 01:57:33.152,7.78267,7.782150000000001,1.12,0.47
11.08.2021 01:57:33.253,7.782660000000001,7.782150000000001,2.25,0.47
11.08.2021 01:57:35.210,7.7825500000000005,7.782150000000001,0.37,0.47
11.08.2021 01:57:38.582,7.78254,7.782210000000001,0.37,0.47
11.08.2021 01:57:43.458,7.78267,7.78217,1.12,0.47
11.08.2021 01:57:47.777,7.78267,7.782160000000001,1.12,0.47
11.08.2021 01:57:49.175,7.782660000000001,7.782160000000001,0.75,0.47
11.08.2021 01:57:52.999,7.78267,7.782160000000001,1.12,0.47
11.08.2021 01:57:53.675,7.78267,7.782160000000001,1.12,0.47
11.08.2021 01:58:03.214,7.78267,7.782160000000001,1.12,0.47
11.08.2021 01:58:04.634,7.782660000000001,7.782160000000001,0.75,0.47
11.08.2021 01:58:09.177,7.782660000000001,7.782150000000001,0.75,0.47
11.08.2021 01:58:14.490,7.78265,7.78217,0.37,0.47
11.08.2021 01:58:14.591,7.782660000000001,7.78218,0.37,0.4
11.08.2021 01:58:14.744,7.782660000000001,7.78218,0.37,0.4
11.08.2021 01:58:15.093,7.782660000000001,7.78218,0.37,0.4
11.08.2021 01:58:15.658,7.78265,7.78218,0.37,0.4
11.08.2021 01:58:16.664,7.78264,7.78219,0.37,0.47
11.08.2021 01:58:17.664,7.78265,7.78219,0.37,0.47
11.08.2021 01:58:18.215,7.782610000000001,7.78218,0.37,0.4
11.08.2021 01:58:18.316,7.782610000000001,7.78218,0.37,0.4
11.08.2021 01:58:18.366,7.78265,7.78218,0.37,0.4
11.08.2021 01:58:18.669,7.78264,7.782210000000001,0.37,0.47
11.08.2021 01:58:19.670,7.782610000000001,7.782210000000001,0.37,0.47
11.08.2021 01:58:21.764,7.7826,7.78218,0.37,0.4
11.08.2021 01:58:22.770,7.78257,7.78218,0.37,0.4
11.08.2021 01:58:25.762,7.78267,7.78218,1.12,0.4
11.08.2021 01:58:25.875,7.78267,7.78218,1.12,0.4
11.08.2021 01:58:27.799,7.782660000000001,7.78218,0.37,0.4
11.08.2021 01:58:34.006,7.78265,7.78218,0.37,0.4
11.08.2021 01:58:35.018,7.78257,7.78218,0.37,0.4
11.08.2021 01:58:37.907,7.782660000000001,7.78218,0.37,0.4
11.08.2021 01:58:38.835,7.782660000000001,7.78218,0.37,0.4
11.08.2021 01:58:38.936,7.78265,7.78218,0.37,0.4
11.08.2021 01:58:40.339,7.78264,7.78218,0.37,0.4
11.08.2021 01:58:42.573,7.78262,7.78218,0.37,0.4
11.08.2021 01:58:43.028,7.78262,7.782150000000001,0.37,0.47
11.08.2021 01:58:43.552,7.782630000000001,7.782150000000001,0.37,0.47
11.08.2021 01:58:44.554,7.78264,7.78217,0.37,0.47
11.08.2021 01:58:51.731,7.782630000000001,7.782160000000001,0.37,0.47
11.08.2021 01:58:53.598,7.78252,7.782160000000001,0.37,0.47
11.08.2021 01:59:01.443,7.78267,7.782160000000001,1.12,0.47
11.08.2021 01:59:02.135,7.78267,7.782160000000001,1.12,0.47
11.08.2021 01:59:02.589,7.78264,7.782160000000001,0.37,0.47
11.08.2021 01:59:12.530,7.78264,7.782160000000001,0.37,0.47
11.08.2021 01:59:16.206,7.78253,7.782039999999999,0.37,0.47
11.08.2021 01:59:16.311,7.78253,7.782039999999999,0.37,0.47
11.08.2021 01:59:17.706,7.7825500000000005,7.782050000000001,0.37,0.47
11.08.2021 01:59:22.207,7.782560000000001,7.782030000000001,0.37,0.47
11.08.2021 01:59:23.898,7.78262,7.78213,0.37,0.47
11.08.2021 01:59:24.472,7.78262,7.78213,0.37,0.47
11.08.2021 01:59:25.398,7.782610000000001,7.78212,0.37,0.47
11.08.2021 01:59:27.347,7.782610000000001,7.78212,0.37,0.47
11.08.2021 01:59:27.398,7.782610000000001,7.78218,0.37,0.4
11.08.2021 01:59:27.505,7.782610000000001,7.78218,0.37,0.4
11.08.2021 01:59:28.398,7.782630000000001,7.78218,0.37,0.4
11.08.2021 01:59:34.399,7.78262,7.78218,0.37,0.4
11.08.2021 01:59:40.367,7.78259,7.78224,0.37,0.47
11.08.2021 01:59:41.368,7.78262,7.78224,0.37,0.47
11.08.2021 01:59:41.469,7.78262,7.78224,0.37,0.47
11.08.2021 01:59:41.877,7.78262,7.78218,0.37,0.4
11.08.2021 01:59:47.954,7.782630000000001,7.78218,0.37,0.4
11.08.2021 01:59:48.055,7.782630000000001,7.78218,0.37,0.4
11.08.2021 01:59:48.194,7.782630000000001,7.78218,0.37,0.4
11.08.2021 01:59:48.847,7.782630000000001,7.782310000000001,0.37,0.37
11.08.2021 01:59:49.905,7.782630000000001,7.78229,0.37,0.45
11.08.2021 01:59:50.922,7.782610000000001,7.78229,0.37,0.37
11.08.2021 01:59:52.709,7.78267,7.78229,0.75,0.45
11.08.2021 01:59:53.895,7.78267,7.7823,1.12,0.37
11.08.2021 01:59:56.440,7.78267,7.78232,0.75,0.37
11.08.2021 01:59:57.442,7.78267,7.78234,0.75,0.37
11.08.2021 01:59:59.503,7.78267,7.782150000000001,0.75,0.47
11.08.2021 02:00:05.139,7.78264,7.78214,0.75,0.47
11.08.2021 02:00:05.240,7.78242,7.78217,0.75,0.85
11.08.2021 02:00:05.542,7.78242,7.78217,0.75,0.85
11.08.2021 02:00:10.767,7.78242,7.78217,0.75,0.85
11.08.2021 02:00:18.363,7.78242,7.78217,0.75,0.85
11.08.2021 02:00:23.112,7.78242,7.78217,0.75,0.85
11.08.2021 02:00:44.577,7.78242,7.78217,0.75,0.85
11.08.2021 02:00:45.912,7.78242,7.78217,0.75,0.85
11.08.2021 02:01:09.225,7.782439999999999,7.78218,0.75,0.85
11.08.2021 02:01:10.010,7.782439999999999,7.78218,0.75,0.85
11.08.2021 02:01:18.278,7.782450000000001,7.78218,0.75,0.85
11.08.2021 02:01:21.852,7.78259,7.782260000000001,1.12,0.85
11.08.2021 02:01:21.903,7.78259,7.782330000000001,1.12,0.75
11.08.2021 02:01:22.005,7.78259,7.782330000000001,0.75,0.85
11.08.2021 02:01:22.111,7.78259,7.782330000000001,0.75,0.85
11.08.2021 02:01:22.385,7.78264,7.782380000000001,0.75,0.75
11.08.2021 02:01:22.485,7.78264,7.782380000000001,0.75,0.85
11.08.2021 02:01:22.597,7.78264,7.782380000000001,0.75,0.85
11.08.2021 02:01:22.796,7.78264,7.782380000000001,0.75,0.85
11.08.2021 02:01:22.969,7.78264,7.782380000000001,0.75,0.85
11.08.2021 02:01:31.460,7.78272,7.78234,0.37,0.85
11.08.2021 02:01:32.373,7.782730000000001,7.78234,0.37,0.85
11.08.2021 02:01:34.377,7.782710000000001,7.78234,0.37,0.85
11.08.2021 02:01:35.726,7.78277,7.782380000000001,2.62,0.85
11.08.2021 02:01:38.698,7.78275,7.7823899999999995,0.37,0.47
11.08.2021 02:01:46.721,7.78275,7.782380000000001,0.37,0.85
11.08.2021 02:01:47.086,7.78277,7.7824,1.12,0.85
11.08.2021 02:01:47.723,7.782630000000001,7.7824,0.75,0.85
11.08.2021 02:01:48.089,7.782630000000001,7.782460000000001,0.75,0.37
11.08.2021 02:01:48.303,7.78264,7.782460000000001,0.75,0.37
11.08.2021 02:01:48.790,7.78264,7.7824,0.75,0.85
11.08.2021 02:01:50.763,7.78264,7.7824,0.75,0.85
11.08.2021 02:01:55.327,7.78262,7.7824,0.75,0.85
11.08.2021 02:01:55.439,7.78262,7.7823899999999995,0.75,0.85
11.08.2021 02:01:55.540,7.782630000000001,7.782430000000001,0.75,0.47
11.08.2021 02:01:55.912,7.782630000000001,7.782430000000001,0.75,0.47
11.08.2021 02:02:00.364,7.782630000000001,7.7824,0.75,0.85
11.08.2021 02:02:08.130,7.782630000000001,7.7824800000000005,0.75,0.37
11.08.2021 02:02:10.395,7.78262,7.7824800000000005,0.75,0.37
11.08.2021 02:02:11.135,7.78262,7.78249,0.75,0.37
11.08.2021 02:02:11.407,7.78262,7.7823899999999995,0.75,0.85
11.08.2021 02:02:21.341,7.78262,7.7823899999999995,0.75,0.75
11.08.2021 02:02:22.204,7.78262,7.7823899999999995,0.75,0.85
11.08.2021 02:02:31.052,7.78262,7.78237,0.75,2.35
11.08.2021 02:02:31.153,7.782630000000001,7.782380000000001,0.75,0.85
11.08.2021 02:02:32.152,7.782630000000001,7.782380000000001,0.75,0.85
11.08.2021 02:02:36.363,7.782630000000001,7.782380000000001,0.75,0.85
11.08.2021 02:02:39.030,7.78262,7.78237,0.75,2.35
11.08.2021 02:02:41.555,7.78262,7.78237,0.75,0.85
11.08.2021 02:03:22.191,7.78264,7.782380000000001,0.75,0.85
11.08.2021 02:03:25.383,7.78264,7.782380000000001,0.75,0.85
11.08.2021 02:03:31.224,7.78269,7.782430000000001,0.75,0.85
11.08.2021 02:03:31.457,7.78269,7.782430000000001,0.75,0.85
11.08.2021 02:03:51.318,7.782810000000001,7.78242,0.37,0.85
11.08.2021 02:03:54.610,7.782810000000001,7.78242,0.37,0.85
11.08.2021 02:03:55.200,7.782810000000001,7.782460000000001,0.37,0.85
11.08.2021 02:03:55.349,7.7828,7.78249,0.37,0.45
11.08.2021 02:03:57.352,7.7828,7.782500000000001,0.37,0.37
11.08.2021 02:04:00.083,7.78269,7.782500000000001,0.75,0.37
11.08.2021 02:04:11.237,7.78269,7.782510000000001,0.75,0.37
11.08.2021 02:04:12.242,7.78269,7.7825500000000005,0.75,0.37
11.08.2021 02:04:37.687,7.782680000000001,7.7825500000000005,0.75,0.37
11.08.2021 02:04:45.023,7.78269,7.7825500000000005,0.75,0.37
11.08.2021 02:04:50.516,7.7827,7.7825500000000005,0.75,0.37
11.08.2021 02:04:57.140,7.78269,7.7825500000000005,0.75,0.37
11.08.2021 02:05:00.555,7.782710000000001,7.7825500000000005,0.75,0.37
11.08.2021 02:05:12.386,7.782710000000001,7.782460000000001,0.75,0.75
11.08.2021 02:05:22.021,7.782760000000001,7.7824800000000005,0.75,0.75
11.08.2021 02:05:22.071,7.7827,7.7824800000000005,0.75,0.75
11.08.2021 02:05:32.055,7.782710000000001,7.782430000000001,0.75,0.75
11.08.2021 02:05:48.490,7.782710000000001,7.782439999999999,0.75,0.75
11.08.2021 02:05:48.619,7.782710000000001,7.78252,0.75,0.37
11.08.2021 02:05:53.315,7.782660000000001,7.78242,0.75,0.75
11.08.2021 02:05:53.366,7.782660000000001,7.7823899999999995,0.75,1.5
11.08.2021 02:05:53.467,7.782660000000001,7.782380000000001,0.75,0.75
11.08.2021 02:05:54.431,7.782760000000001,7.782460000000001,0.75,0.75
11.08.2021 02:05:54.482,7.782760000000001,7.7824800000000005,0.75,0.75
11.08.2021 02:06:09.000,7.78284,7.7824800000000005,0.75,0.75
11.08.2021 02:06:11.059,7.782830000000001,7.7824800000000005,0.37,0.75
11.08.2021 02:06:12.065,7.782789999999999,7.7824800000000005,0.37,0.75
11.08.2021 02:06:18.901,7.782789999999999,7.782439999999999,0.37,0.37
11.08.2021 02:06:19.002,7.78284,7.782439999999999,0.75,0.37
11.08.2021 02:06:24.878,7.782760000000001,7.7824800000000005,0.75,0.75
11.08.2021 02:07:05.731,7.782760000000001,7.78257,0.75,0.37
11.08.2021 02:07:21.025,7.782760000000001,7.78258,0.75,0.37
11.08.2021 02:07:26.994,7.782810000000001,7.78258,0.75,0.37
11.08.2021 02:07:27.045,7.782810000000001,7.78253,0.75,0.75
11.08.2021 02:07:27.146,7.782760000000001,7.7824800000000005,0.75,0.75
11.08.2021 02:07:53.830,7.782760000000001,7.78249,0.75,0.37
11.08.2021 02:08:09.825,7.782760000000001,7.782500000000001,0.75,0.37
11.08.2021 02:08:10.828,7.782760000000001,7.78258,0.75,0.37
11.08.2021 02:08:42.288,7.782760000000001,7.7824800000000005,0.75,0.75
11.08.2021 02:09:22.607,7.78277,7.78253,0.37,0.75
11.08.2021 02:09:23.008,7.78282,7.78253,1.12,0.75
11.08.2021 02:09:24.010,7.782810000000001,7.78253,0.37,0.75
11.08.2021 02:09:25.015,7.78282,7.78253,1.12,0.75
11.08.2021 02:09:26.015,7.782810000000001,7.78253,0.37,0.75
11.08.2021 02:09:27.779,7.78282,7.78253,1.12,0.75
11.08.2021 02:09:30.790,7.782810000000001,7.78253,0.37,0.75
11.08.2021 02:09:34.806,7.7828,7.78253,0.37,0.75
11.08.2021 02:09:35.087,7.78272,7.782460000000001,0.75,0.37
11.08.2021 02:09:35.849,7.78272,7.782430000000001,0.75,0.75
11.08.2021 02:09:40.089,7.78277,7.7824800000000005,0.75,0.75
11.08.2021 02:09:42.048,7.782760000000001,7.7824800000000005,0.37,0.75
11.08.2021 02:10:01.062,7.78277,7.7824800000000005,0.75,0.75
11.08.2021 02:10:01.163,7.78277,7.78252,0.75,0.37
11.08.2021 02:10:04.673,7.78277,7.7824800000000005,0.75,0.75
11.08.2021 02:10:13.718,7.782780000000001,7.7824800000000005,0.75,0.75
11.08.2021 02:10:38.845,7.7828,7.782439999999999,0.37,0.37
11.08.2021 02:10:39.468,7.78282,7.782439999999999,0.37,0.37
11.08.2021 02:10:40.090,7.78282,7.78253,0.37,0.75
11.08.2021 02:10:41.163,7.782830000000001,7.78253,0.75,0.75
11.08.2021 02:10:45.174,7.78282,7.78253,0.37,0.75
11.08.2021 02:10:50.272,7.782810000000001,7.78253,0.37,0.75
11.08.2021 02:10:51.277,7.7828,7.78253,0.37,0.75
11.08.2021 02:10:52.993,7.7828,7.78252,0.37,0.75
11.08.2021 02:10:53.193,7.78287,7.78252,0.37,0.75
11.08.2021 02:10:56.009,7.782860000000001,7.78252,0.37,0.75
11.08.2021 02:11:01.022,7.782850000000001,7.78252,0.37,0.75
11.08.2021 02:11:10.149,7.782830000000001,7.78253,0.75,0.75
11.08.2021 02:11:19.516,7.782850000000001,7.78253,0.75,0.75
11.08.2021 02:11:24.750,7.782860000000001,7.78253,0.75,0.75
11.08.2021 02:11:29.778,7.782860000000001,7.7825500000000005,0.75,0.37
11.08.2021 02:11:42.573,7.78287,7.78258,0.37,0.75
11.08.2021 02:11:42.674,7.782860000000001,7.78258,0.37,0.75
11.08.2021 02:11:42.724,7.782860000000001,7.78253,1.12,1.12
11.08.2021 02:11:42.920,7.782860000000001,7.78258,0.37,0.75
11.08.2021 02:11:43.034,7.782860000000001,7.78253,1.12,1.12
11.08.2021 02:11:43.135,7.782860000000001,7.78258,0.37,0.75
11.08.2021 02:11:43.194,7.782860000000001,7.78253,1.12,1.12
11.08.2021 02:11:43.395,7.782860000000001,7.78258,0.37,0.75
11.08.2021 02:11:43.497,7.782860000000001,7.78253,1.12,1.12
11.08.2021 02:11:43.705,7.782860000000001,7.78258,0.37,0.75
11.08.2021 02:11:45.087,7.782860000000001,7.782630000000001,0.37,0.75
11.08.2021 02:11:45.310,7.782900000000001,7.782630000000001,0.37,0.75
11.08.2021 02:11:49.179,7.782910000000001,7.782630000000001,0.37,0.75
11.08.2021 02:11:50.308,7.78292,7.782630000000001,0.37,0.75
11.08.2021 02:11:51.309,7.782900000000001,7.782630000000001,0.37,0.75
11.08.2021 02:11:58.330,7.78289,7.782630000000001,0.37,0.75
11.08.2021 02:11:59.336,7.78287,7.782630000000001,0.37,0.75
11.08.2021 02:12:11.347,7.7828800000000005,7.782630000000001,0.37,0.75
11.08.2021 02:12:27.288,7.782850000000001,7.78264,0.37,0.37
11.08.2021 02:12:29.299,7.782850000000001,7.78265,0.37,0.37
11.08.2021 02:12:52.316,7.7828800000000005,7.782630000000001,0.37,0.75
11.08.2021 02:12:53.344,7.78289,7.782630000000001,0.37,0.75
11.08.2021 02:12:55.406,7.7828800000000005,7.782630000000001,0.37,0.75
11.08.2021 02:13:15.277,7.78287,7.782630000000001,0.37,0.75
11.08.2021 02:13:17.488,7.782860000000001,7.782630000000001,0.37,0.75
11.08.2021 02:13:36.593,7.782910000000001,7.78262,0.37,0.75
11.08.2021 02:13:36.694,7.782900000000001,7.78262,0.37,0.75
11.08.2021 02:13:38.666,7.782910000000001,7.78262,0.37,0.75
11.08.2021 02:13:40.528,7.78292,7.78262,0.37,0.75
11.08.2021 02:13:44.849,7.782910000000001,7.78262,0.37,0.75
11.08.2021 02:13:45.536,7.782900000000001,7.78262,0.37,0.75
11.08.2021 02:13:47.868,7.782910000000001,7.78262,0.37,0.75
11.08.2021 02:13:50.878,7.782900000000001,7.78262,0.37,0.75
11.08.2021 02:13:52.885,7.78289,7.78262,0.37,0.75
11.08.2021 02:13:53.887,7.78287,7.78262,0.37,0.75
11.08.2021 02:13:54.894,7.782860000000001,7.78262,0.37,0.75
11.08.2021 02:13:57.869,7.782860000000001,7.782630000000001,0.37,0.75
11.08.2021 02:14:21.669,7.78287,7.782630000000001,0.37,0.75
11.08.2021 02:14:22.673,7.782860000000001,7.782630000000001,0.37,0.75
11.08.2021 02:14:24.619,7.7828800000000005,7.782630000000001,0.37,0.75
11.08.2021 02:14:37.809,7.78287,7.782630000000001,0.37,0.75
11.08.2021 02:14:48.168,7.782910000000001,7.782630000000001,0.37,0.75
11.08.2021 02:14:51.050,7.782900000000001,7.782630000000001,0.37,0.75
11.08.2021 02:14:53.003,7.782910000000001,7.782630000000001,0.37,0.75
11.08.2021 02:14:59.626,7.78293,7.782630000000001,1.12,0.75
11.08.2021 02:15:00.610,7.78289,7.782630000000001,0.37,0.75
11.08.2021 02:15:01.616,7.782910000000001,7.782630000000001,0.37,0.75
11.08.2021 02:15:05.956,7.782910000000001,7.78262,0.37,0.75
11.08.2021 02:15:06.007,7.782910000000001,7.78253,0.37,0.85
11.08.2021 02:15:06.057,7.782910000000001,7.78253,0.37,0.85
11.08.2021 02:15:06.701,7.7829500000000005,7.78262,0.37,0.75
11.08.2021 02:15:07.703,7.78294,7.78262,0.37,0.75
11.08.2021 02:15:10.852,7.782960000000001,7.78262,1.12,0.75
11.08.2021 02:15:12.596,7.782960000000001,7.78265,1.12,0.75
11.08.2021 02:15:15.744,7.7829500000000005,7.78265,0.37,0.75
11.08.2021 02:15:22.703,7.78294,7.782660000000001,0.37,0.37
11.08.2021 02:15:24.720,7.78293,7.782660000000001,0.37,0.37
11.08.2021 02:15:25.191,7.78293,7.78265,0.37,0.75
11.08.2021 02:15:25.244,7.78293,7.78262,0.37,0.75
11.08.2021 02:15:25.753,7.78292,7.78262,0.37,0.75
11.08.2021 02:15:28.318,7.78292,7.782630000000001,0.37,0.75
11.08.2021 02:15:40.667,7.782960000000001,7.782630000000001,2.25,0.75
11.08.2021 02:15:41.652,7.78294,7.782630000000001,0.37,0.75
11.08.2021 02:15:56.708,7.78292,7.78267,0.37,0.37
11.08.2021 02:15:57.712,7.782900000000001,7.782680000000001,0.37,0.37
11.08.2021 02:15:58.718,7.7828800000000005,7.782680000000001,0.37,0.37
11.08.2021 02:16:21.262,7.7828800000000005,7.78265,0.37,0.37
11.08.2021 02:16:24.860,7.78293,7.78264,0.37,0.37
11.08.2021 02:16:35.288,7.7829500000000005,7.78264,0.75,0.37
11.08.2021 02:17:25.480,7.7829500000000005,7.78264,0.75,0.47
11.08.2021 02:17:34.625,7.78297,7.7827399999999995,0.75,0.75
11.08.2021 02:17:34.726,7.78298,7.78264,2.25,1.22
11.08.2021 02:17:34.827,7.78297,7.78264,0.75,1.22
11.08.2021 02:17:36.729,7.7829500000000005,7.78264,0.37,1.22
11.08.2021 02:17:42.846,7.78294,7.78259,0.75,0.85
11.08.2021 02:17:42.947,7.782910000000001,7.78259,0.75,0.85
11.08.2021 02:17:42.998,7.782910000000001,7.78259,0.75,0.85
11.08.2021 02:17:43.048,7.78289,7.78259,0.37,0.85
11.08.2021 02:17:43.149,7.78289,7.78259,0.37,0.85
11.08.2021 02:17:44.019,7.78292,7.78259,0.75,0.85
11.08.2021 02:17:53.260,7.78292,7.78259,0.37,0.82
11.08.2021 02:17:53.461,7.78292,7.78259,0.37,0.85
11.08.2021 02:18:00.807,7.78292,7.78253,0.37,0.47
11.08.2021 02:18:01.762,7.782910000000001,7.78253,0.37,0.47
11.08.2021 02:18:02.769,7.782900000000001,7.78253,0.37,0.47
11.08.2021 02:18:03.770,7.782860000000001,7.78253,0.37,0.47
11.08.2021 02:18:04.116,7.782860000000001,7.78264,0.37,0.75
11.08.2021 02:18:04.166,7.7829500000000005,7.78264,0.75,0.75
11.08.2021 02:18:04.267,7.782960000000001,7.78264,0.75,0.82
11.08.2021 02:18:04.473,7.78297,7.78264,0.75,0.82
11.08.2021 02:18:04.768,7.78297,7.78264,0.75,0.85
11.08.2021 02:18:06.034,7.78297,7.78264,0.75,0.82
11.08.2021 02:18:35.992,7.78297,7.78264,0.75,0.85
11.08.2021 02:18:37.336,7.78294,7.78262,0.75,1.22
11.08.2021 02:18:37.386,7.78294,7.78259,0.75,0.85
11.08.2021 02:18:37.491,7.78293,7.78259,0.75,0.85
11.08.2021 02:18:37.593,7.782960000000001,7.78264,0.75,0.75
11.08.2021 02:18:38.587,7.782960000000001,7.78264,0.75,0.85
11.08.2021 02:18:57.166,7.782910000000001,7.78264,0.37,0.85
11.08.2021 02:19:00.238,7.782910000000001,7.78264,0.37,0.85
11.08.2021 02:19:07.564,7.782910000000001,7.78264,0.37,0.85
11.08.2021 02:19:07.975,7.782910000000001,7.78264,0.37,0.85
11.08.2021 02:19:12.540,7.78289,7.78265,0.37,0.47
11.08.2021 02:19:13.546,7.782860000000001,7.78265,0.37,0.47
11.08.2021 02:19:21.363,7.782860000000001,7.78265,0.37,0.47
11.08.2021 02:19:45.705,7.782850000000001,7.78264,0.37,1.22
11.08.2021 02:19:53.693,7.78297,7.7827399999999995,0.75,0.75
11.08.2021 02:19:54.009,7.78298,7.7827399999999995,0.75,0.75
11.08.2021 02:19:54.288,7.78297,7.7827399999999995,0.37,0.75
11.08.2021 02:19:59.027,7.782960000000001,7.7827399999999995,0.37,0.75
11.08.2021 02:20:00.028,7.78297,7.7827399999999995,0.37,0.75
11.08.2021 02:20:00.782,7.7829500000000005,7.782630000000001,0.75,1.22
11.08.2021 02:20:00.833,7.78289,7.782630000000001,0.37,0.85
11.08.2021 02:20:00.933,7.78289,7.782630000000001,0.37,0.85
11.08.2021 02:20:01.193,7.78289,7.782630000000001,0.37,0.82
11.08.2021 02:20:01.658,7.78289,7.782630000000001,0.37,0.85
11.08.2021 02:20:02.343,7.782900000000001,7.782630000000001,0.37,0.85
11.08.2021 02:20:03.825,7.782910000000001,7.782630000000001,0.37,0.85
11.08.2021 02:20:05.859,7.782910000000001,7.782630000000001,0.37,0.82
11.08.2021 02:20:06.859,7.782900000000001,7.782630000000001,0.37,0.82
11.08.2021 02:20:08.368,7.782910000000001,7.782630000000001,0.37,0.75
11.08.2021 02:20:11.250,7.78294,7.782630000000001,2.62,0.75
11.08.2021 02:20:17.328,7.78292,7.782630000000001,0.37,0.75
11.08.2021 02:20:18.334,7.782910000000001,7.782630000000001,0.37,0.75
11.08.2021 02:20:20.338,7.782900000000001,7.782630000000001,0.37,0.75
11.08.2021 02:20:21.339,7.78289,7.782630000000001,0.37,1.12
11.08.2021 02:20:21.489,7.7828800000000005,7.78258,0.37,0.85
11.08.2021 02:20:21.540,7.78293,7.78262,1.12,0.75
11.08.2021 02:20:27.182,7.782910000000001,7.78262,0.37,0.75
11.08.2021 02:20:30.884,7.782910000000001,7.782630000000001,0.37,0.75
11.08.2021 02:20:31.585,7.782900000000001,7.78254,0.75,2.35
11.08.2021 02:20:31.635,7.7828800000000005,7.78254,0.75,0.85
11.08.2021 02:20:31.736,7.782810000000001,7.78249,0.75,1.12
11.08.2021 02:20:31.786,7.78277,7.78249,0.75,0.75
11.08.2021 02:20:31.837,7.782760000000001,7.782439999999999,0.75,0.82
11.08.2021 02:20:31.937,7.78269,7.7823899999999995,0.75,0.75
11.08.2021 02:20:37.162,7.78267,7.7823899999999995,0.75,0.75
11.08.2021 02:20:37.464,7.78259,7.78229,0.75,0.75
11.08.2021 02:20:37.564,7.782560000000001,7.782230000000001,0.75,0.37
11.08.2021 02:20:37.615,7.78253,7.78212,0.75,1.6
11.08.2021 02:20:37.665,7.782510000000001,7.78212,0.75,1.57
11.08.2021 02:20:37.766,7.782430000000001,7.78209,0.75,0.75
11.08.2021 02:20:37.867,7.7823899999999995,7.78209,0.75,0.75
11.08.2021 02:20:44.039,7.782430000000001,7.78209,3,0.75
11.08.2021 02:20:49.991,7.782430000000001,7.782039999999999,0.75,0.37
11.08.2021 02:20:52.005,7.782430000000001,7.78209,0.75,0.37
11.08.2021 02:20:53.505,7.782430000000001,7.7820800000000006,0.75,0.37
11.08.2021 02:20:55.005,7.782430000000001,7.78207,0.75,0.37
11.08.2021 02:20:55.370,7.782460000000001,7.78213,0.75,0.75
11.08.2021 02:20:55.471,7.78249,7.78218,0.75,0.75
11.08.2021 02:20:55.572,7.782510000000001,7.78218,0.75,0.75
11.08.2021 02:20:55.773,7.78252,7.78218,2.25,0.75
11.08.2021 02:20:56.410,7.782510000000001,7.78218,0.37,0.75
11.08.2021 02:21:02.732,7.78249,7.782160000000001,0.75,0.37
11.08.2021 02:21:02.850,7.78247,7.782160000000001,0.37,0.37
11.08.2021 02:21:03.281,7.78247,7.782150000000001,0.37,0.37
11.08.2021 02:21:03.920,7.782510000000001,7.782150000000001,1.12,0.37
11.08.2021 02:21:06.788,7.782500000000001,7.782150000000001,0.37,0.37
11.08.2021 02:21:09.333,7.78253,7.782150000000001,0.75,0.37
11.08.2021 02:21:09.384,7.7825500000000005,7.782150000000001,1.5,0.37
11.08.2021 02:21:09.485,7.78259,7.782150000000001,0.75,0.37
11.08.2021 02:21:09.538,7.782610000000001,7.782150000000001,0.75,0.37
11.08.2021 02:21:14.169,7.782560000000001,7.782150000000001,0.75,0.37
11.08.2021 02:21:14.219,7.78253,7.78209,0.75,0.85
11.08.2021 02:21:14.370,7.782510000000001,7.78207,0.75,0.47
11.08.2021 02:21:15.236,7.782510000000001,7.78207,0.75,0.47
11.08.2021 02:21:17.915,7.78252,7.782050000000001,0.37,0.47
11.08.2021 02:21:18.037,7.78252,7.782050000000001,0.37,0.47
11.08.2021 02:21:18.456,7.78254,7.782050000000001,0.37,0.47
11.08.2021 02:21:23.575,7.78254,7.782050000000001,0.37,0.47
11.08.2021 02:21:30.363,7.78254,7.782050000000001,0.37,0.47
11.08.2021 02:21:33.363,7.78254,7.782050000000001,0.37,0.47
11.08.2021 02:21:42.260,7.78254,7.782050000000001,0.37,0.47
11.08.2021 02:21:42.503,7.782560000000001,7.782050000000001,0.75,0.47
11.08.2021 02:22:00.363,7.782560000000001,7.782050000000001,0.75,0.47
11.08.2021 02:22:05.163,7.782560000000001,7.782050000000001,0.75,0.47
11.08.2021 02:22:12.285,7.78257,7.782050000000001,0.37,0.47
11.08.2021 02:22:15.569,7.782560000000001,7.782050000000001,0.37,0.47
11.08.2021 02:22:15.619,7.782560000000001,7.782100000000001,0.37,0.37
11.08.2021 02:22:16.573,7.7826,7.782100000000001,0.85,0.37
11.08.2021 02:22:17.100,7.782610000000001,7.782100000000001,0.85,0.37
11.08.2021 02:22:30.363,7.782610000000001,7.782100000000001,0.75,0.37
11.08.2021 02:22:37.991,7.78262,7.782110000000001,1.2,0.37
11.08.2021 02:22:38.489,7.78262,7.782110000000001,0.85,0.37
11.08.2021 02:22:45.629,7.78259,7.782110000000001,0.37,0.37
11.08.2021 02:22:46.302,7.78253,7.78219,0.75,0.75
11.08.2021 02:23:03.264,7.7825500000000005,7.78214,0.37,0.37
11.08.2021 02:23:03.315,7.7825500000000005,7.78218,0.37,0.37
11.08.2021 02:23:04.271,7.782510000000001,7.78218,0.37,0.37
11.08.2021 02:23:04.774,7.782510000000001,7.7822000000000005,0.37,0.37
11.08.2021 02:23:25.219,7.782510000000001,7.78219,0.37,0.75
11.08.2021 02:23:35.724,7.782510000000001,7.7822000000000005,0.37,0.37
11.08.2021 02:23:50.731,7.782510000000001,7.78219,0.37,1.12
11.08.2021 02:23:53.071,7.782510000000001,7.7822000000000005,0.37,0.37
11.08.2021 02:24:00.741,7.78253,7.7822000000000005,0.75,0.37
11.08.2021 02:24:02.944,7.78253,7.78219,0.75,0.75
11.08.2021 02:24:03.099,7.78253,7.782210000000001,0.75,0.3
11.08.2021 02:24:03.444,7.782560000000001,7.782210000000001,0.37,0.3
11.08.2021 02:24:09.800,7.7825500000000005,7.782210000000001,0.37,0.3
11.08.2021 02:24:10.962,7.78254,7.782210000000001,0.37,0.67
11.08.2021 02:24:16.952,7.78253,7.782210000000001,0.75,0.67
11.08.2021 02:24:17.988,7.78253,7.78222,0.75,0.37
11.08.2021 02:24:23.366,7.78254,7.78224,0.37,0.75
11.08.2021 02:24:23.416,7.78259,7.78224,0.75,0.75
11.08.2021 02:24:23.467,7.78264,7.782210000000001,0.75,0.3
11.08.2021 02:24:23.567,7.782660000000001,7.782260000000001,1.12,0.37
11.08.2021 02:24:23.868,7.78259,7.782260000000001,0.75,0.37
11.08.2021 02:24:27.123,7.78262,7.78234,0.37,0.75
11.08.2021 02:24:27.223,7.78269,7.78234,1.12,0.75
11.08.2021 02:24:34.855,7.78269,7.78237,0.75,0.37
11.08.2021 02:24:38.023,7.7827,7.78237,0.75,0.37
11.08.2021 02:24:38.998,7.7827,7.782380000000001,0.75,0.37
11.08.2021 02:24:43.209,7.78275,7.782439999999999,0.37,0.75
11.08.2021 02:24:43.259,7.782810000000001,7.78249,0.75,0.75
11.08.2021 02:24:43.360,7.782789999999999,7.782439999999999,0.75,0.75
11.08.2021 02:24:43.467,7.78282,7.78249,0.37,0.75
11.08.2021 02:24:43.568,7.78284,7.78249,0.75,0.75
11.08.2021 02:24:58.664,7.78294,7.78259,2.25,0.75
11.08.2021 02:24:59.905,7.78293,7.78259,0.37,0.75
11.08.2021 02:25:02.426,7.78294,7.78259,1.12,0.75
11.08.2021 02:25:03.433,7.78293,7.78259,0.37,0.75
11.08.2021 02:25:05.912,7.78294,7.78259,1.12,0.75
11.08.2021 02:25:07.915,7.78293,7.78259,0.37,0.75
11.08.2021 02:25:08.872,7.78294,7.78259,1.12,0.75
11.08.2021 02:25:09.912,7.78293,7.78259,0.37,0.75
11.08.2021 02:25:10.905,7.78292,7.78259,0.37,0.75
11.08.2021 02:25:11.885,7.782900000000001,7.78259,0.37,0.75
11.08.2021 02:25:12.892,7.782910000000001,7.78259,0.37,0.75
11.08.2021 02:25:13.896,7.782900000000001,7.78259,0.37,0.75
11.08.2021 02:25:19.923,7.782910000000001,7.78259,0.37,0.75
11.08.2021 02:25:20.960,7.78294,7.78259,1.12,0.75
11.08.2021 02:25:23.950,7.78293,7.78259,0.37,0.75
11.08.2021 02:25:24.953,7.78292,7.78259,0.37,1.12
11.08.2021 02:25:26.055,7.782910000000001,7.782500000000001,0.37,0.37
11.08.2021 02:25:27.012,7.782900000000001,7.782500000000001,0.37,0.37
11.08.2021 02:25:28.012,7.782860000000001,7.782500000000001,0.37,0.37
11.08.2021 02:25:28.658,7.782860000000001,7.78259,0.37,0.75
11.08.2021 02:25:29.958,7.782900000000001,7.78259,0.37,0.75
11.08.2021 02:25:30.965,7.78289,7.78259,0.37,0.75
11.08.2021 02:25:36.979,7.78287,7.78259,0.37,0.75
11.08.2021 02:25:43.915,7.78293,7.78259,0.75,0.75
11.08.2021 02:25:44.030,7.78292,7.78259,0.75,0.75
11.08.2021 02:25:44.206,7.78293,7.78259,0.75,0.75
11.08.2021 02:25:44.315,7.78294,7.78259,2.25,0.75
11.08.2021 02:25:44.945,7.782910000000001,7.78259,0.37,0.75
11.08.2021 02:25:59.119,7.7828800000000005,7.78259,0.75,0.75
11.08.2021 02:26:14.430,7.78289,7.78259,0.37,0.75
11.08.2021 02:26:15.319,7.782860000000001,7.78259,0.37,0.75
11.08.2021 02:26:16.202,7.782900000000001,7.78259,0.37,0.75
11.08.2021 02:26:17.324,7.78292,7.78259,0.37,0.75
11.08.2021 02:26:20.060,7.782910000000001,7.78259,0.37,0.75
11.08.2021 02:26:22.174,7.78292,7.78259,0.37,0.75
11.08.2021 02:26:24.273,7.782910000000001,7.78259,0.37,0.75
11.08.2021 02:26:25.280,7.782900000000001,7.78259,0.37,0.75
11.08.2021 02:26:26.294,7.78289,7.78259,0.37,0.75
11.08.2021 02:26:26.490,7.782860000000001,7.78259,0.37,0.75
11.08.2021 02:26:26.641,7.7828800000000005,7.78259,0.37,0.75
11.08.2021 02:26:27.455,7.78289,7.78259,0.37,0.75
11.08.2021 02:26:28.133,7.782900000000001,7.78259,0.75,0.75
11.08.2021 02:26:31.134,7.782910000000001,7.78259,0.75,0.75
11.08.2021 02:26:31.470,7.782900000000001,7.78259,0.37,0.75
11.08.2021 02:26:33.477,7.782910000000001,7.78259,0.75,0.75
11.08.2021 02:26:34.478,7.782900000000001,7.78259,0.37,0.75
11.08.2021 02:26:37.489,7.782910000000001,7.78259,0.75,0.75
11.08.2021 02:26:38.490,7.782900000000001,7.78259,0.37,0.75
11.08.2021 02:26:40.496,7.782910000000001,7.78259,0.37,0.75
11.08.2021 02:26:42.506,7.782900000000001,7.78259,0.37,0.75
11.08.2021 02:26:45.113,7.78289,7.78259,0.37,0.75
11.08.2021 02:26:46.116,7.78287,7.78259,0.37,0.75
11.08.2021 02:27:13.892,7.78292,7.78259,0.37,0.75
11.08.2021 02:27:15.853,7.782900000000001,7.78259,0.37,0.75
11.08.2021 02:27:46.981,7.78289,7.78259,0.37,0.75
11.08.2021 02:28:00.406,7.7828800000000005,7.78259,0.37,0.75
11.08.2021 02:28:02.266,7.78287,7.78259,0.37,0.75
11.08.2021 02:28:04.269,7.78287,7.78253,0.37,0.75
11.08.2021 02:28:04.320,7.782830000000001,7.7824800000000005,0.75,0.75
11.08.2021 02:28:04.470,7.782780000000001,7.782430000000001,0.75,0.75
11.08.2021 02:28:10.589,7.7827399999999995,7.7823899999999995,0.75,0.75
11.08.2021 02:28:18.415,7.78272,7.7823899999999995,0.37,0.75
11.08.2021 02:28:24.442,7.78267,7.7823899999999995,0.37,0.75
11.08.2021 02:28:31.560,7.78267,7.78235,0.37,0.75
11.08.2021 02:28:41.305,7.78267,7.7823899999999995,0.37,0.75
11.08.2021 02:28:43.063,7.7827399999999995,7.7823899999999995,0.75,0.75
11.08.2021 02:28:43.113,7.782760000000001,7.782460000000001,0.37,0.75
11.08.2021 02:28:43.214,7.78275,7.7824800000000005,0.37,0.75
11.08.2021 02:28:44.205,7.782760000000001,7.7824800000000005,0.37,0.75
11.08.2021 02:28:53.684,7.78277,7.7824800000000005,0.37,0.75
11.08.2021 02:28:54.659,7.78277,7.78242,0.37,0.37
11.08.2021 02:28:55.373,7.782789999999999,7.78242,0.37,0.37
11.08.2021 02:28:57.387,7.7828,7.78242,1.12,0.37
11.08.2021 02:28:58.133,7.7828,7.7824,1.12,0.75
11.08.2021 02:28:58.184,7.78277,7.782430000000001,0.75,0.75
11.08.2021 02:29:13.421,7.78277,7.7824800000000005,0.75,0.75
11.08.2021 02:30:12.371,7.7828,7.7824800000000005,0.75,0.75
11.08.2021 02:30:12.422,7.78282,7.7824800000000005,0.37,0.75
11.08.2021 02:30:12.486,7.78282,7.78242,0.37,0.75
11.08.2021 02:30:13.759,7.78282,7.7824800000000005,0.37,0.75
11.08.2021 02:30:14.535,7.782780000000001,7.7824800000000005,0.37,0.75
11.08.2021 02:30:27.562,7.78277,7.7824800000000005,0.37,0.75
11.08.2021 02:30:28.567,7.782760000000001,7.7824800000000005,0.37,0.75
11.08.2021 02:30:59.627,7.78275,7.7824800000000005,0.37,0.75
11.08.2021 02:31:02.633,7.7827399999999995,7.7824800000000005,0.37,0.75
11.08.2021 02:31:02.831,7.7828,7.7824800000000005,0.37,0.75
11.08.2021 02:31:05.643,7.782789999999999,7.7824800000000005,0.37,0.75
11.08.2021 02:31:08.619,7.782850000000001,7.78254,0.75,0.75
11.08.2021 02:31:10.069,7.7828800000000005,7.78254,0.75,0.75
11.08.2021 02:31:11.446,7.7828800000000005,7.78259,0.37,0.75
11.08.2021 02:31:11.547,7.78289,7.78259,0.37,0.75
11.08.2021 02:31:11.698,7.78292,7.78259,0.37,0.75
11.08.2021 02:31:18.631,7.78292,7.78264,0.37,0.75
11.08.2021 02:31:18.681,7.782960000000001,7.78264,0.37,0.75
11.08.2021 02:31:23.179,7.78287,7.78264,0.37,0.75
11.08.2021 02:31:24.349,7.78289,7.78264,0.37,0.75
11.08.2021 02:31:25.850,7.782900000000001,7.78264,0.37,0.75
11.08.2021 02:31:27.384,7.782860000000001,7.78259,0.37,0.75
11.08.2021 02:31:30.360,7.782850000000001,7.78259,0.37,0.75
11.08.2021 02:31:31.802,7.782860000000001,7.78259,0.37,0.75
11.08.2021 02:31:33.302,7.7828800000000005,7.78259,0.37,0.75
11.08.2021 02:31:35.879,7.782910000000001,7.78259,0.37,0.75
11.08.2021 02:31:37.379,7.78292,7.78259,0.75,0.75
11.08.2021 02:31:38.320,7.782910000000001,7.78259,0.75,0.75
11.08.2021 02:31:38.421,7.78284,7.78252,2.25,0.75
11.08.2021 02:31:38.523,7.782789999999999,7.78249,0.75,0.37
11.08.2021 02:31:38.674,7.78269,7.782360000000001,0.75,0.75
11.08.2021 02:31:38.774,7.78269,7.78234,0.75,2.62
11.08.2021 02:31:42.412,7.78269,7.782380000000001,0.75,0.75
11.08.2021 02:31:43.527,7.78264,7.78234,0.75,1.12
11.08.2021 02:31:43.628,7.78264,7.78235,1.12,0.75
11.08.2021 02:31:43.729,7.78264,7.782360000000001,1.12,0.75
11.08.2021 02:31:50.090,7.78259,7.78234,0.75,0.37
11.08.2021 02:31:50.191,7.78259,7.78225,0.75,0.75
11.08.2021 02:31:50.292,7.78259,7.782260000000001,0.75,0.75
11.08.2021 02:31:55.094,7.78257,7.78224,0.75,0.75
11.08.2021 02:32:00.093,7.782560000000001,7.78224,0.37,0.75
11.08.2021 02:32:00.194,7.78254,7.78224,0.75,0.75
11.08.2021 02:32:00.244,7.782560000000001,7.78224,1.12,0.75
11.08.2021 02:32:01.137,7.78254,7.78219,0.75,0.82
11.08.2021 02:32:48.207,7.78257,7.78218,0.37,0.37
11.08.2021 02:32:48.311,7.78257,7.78217,0.37,0.37
11.08.2021 02:32:54.568,7.78257,7.78213,0.37,0.47
11.08.2021 02:32:55.528,7.782560000000001,7.78213,0.37,0.47
11.08.2021 02:33:01.394,7.78254,7.78219,0.75,0.75
11.08.2021 02:34:46.084,7.78252,7.7822000000000005,0.37,0.37
11.08.2021 02:34:48.085,7.782510000000001,7.782210000000001,0.37,0.37
11.08.2021 02:35:51.362,7.78254,7.78219,0.75,0.75
11.08.2021 02:36:07.146,7.78253,7.78219,0.37,0.75
11.08.2021 02:36:09.613,7.78254,7.78219,0.75,0.75
11.08.2021 02:36:40.326,7.78252,7.78222,0.37,0.37
11.08.2021 02:36:43.389,7.78254,7.78219,0.75,0.75
11.08.2021 02:37:56.525,7.78253,7.78219,0.37,0.75
11.08.2021 02:38:06.367,7.78254,7.78219,0.75,0.75
11.08.2021 02:40:07.735,7.782510000000001,7.78222,0.37,0.37
11.08.2021 02:40:46.813,7.78252,7.782210000000001,0.37,0.37
11.08.2021 02:41:49.724,7.78254,7.78219,0.75,0.75
11.08.2021 02:41:53.946,7.78249,7.78222,0.37,0.37
11.08.2021 02:42:07.398,7.78257,7.78224,0.75,0.75
11.08.2021 02:42:07.538,7.78257,7.782260000000001,0.75,0.75
11.08.2021 02:42:07.639,7.78257,7.78224,0.75,0.75
11.08.2021 02:42:07.689,7.7825500000000005,7.78222,0.75,0.37
11.08.2021 02:42:08.041,7.7825500000000005,7.78219,0.75,0.75
11.08.2021 02:42:31.339,7.78262,7.78218,0.85,0.37
11.08.2021 02:42:37.978,7.7825500000000005,7.78219,0.75,0.75
11.08.2021 02:43:50.086,7.7826,7.782260000000001,0.75,0.75
11.08.2021 02:43:50.137,7.78262,7.782260000000001,0.75,0.75
11.08.2021 02:43:50.187,7.78269,7.782439999999999,0.37,0.75
11.08.2021 02:43:50.338,7.78277,7.782439999999999,0.37,0.75
11.08.2021 02:43:56.745,7.782780000000001,7.782439999999999,0.37,0.75
11.08.2021 02:44:01.288,7.782789999999999,7.782439999999999,0.75,0.75
11.08.2021 02:44:01.356,7.782830000000001,7.7824,0.85,0.37
11.08.2021 02:44:02.193,7.782830000000001,7.7824,0.85,0.37
11.08.2021 02:44:03.927,7.782830000000001,7.782410000000001,1.22,0.37
11.08.2021 02:44:06.372,7.782830000000001,7.782410000000001,1.2,0.37
11.08.2021 02:44:06.926,7.782830000000001,7.7824,1.2,0.37
11.08.2021 02:44:07.931,7.78282,7.782380000000001,0.37,0.37
11.08.2021 02:44:08.720,7.78282,7.782460000000001,0.37,0.75
11.08.2021 02:44:08.821,7.782900000000001,7.78259,1.12,0.75
11.08.2021 02:44:09.029,7.782910000000001,7.78259,0.37,0.75
11.08.2021 02:44:09.220,7.78294,7.78259,0.75,0.75
11.08.2021 02:44:11.980,7.78297,7.78264,0.37,0.75
11.08.2021 02:44:12.081,7.78298,7.78264,0.75,0.75
11.08.2021 02:44:17.253,7.78299,7.78264,0.75,2.25
11.08.2021 02:44:20.778,7.78298,7.78264,0.75,0.75
11.08.2021 02:44:21.032,7.78298,7.782630000000001,0.75,0.75
11.08.2021 02:44:26.117,7.78298,7.78267,0.75,0.37
11.08.2021 02:44:32.807,7.78298,7.782630000000001,0.75,0.75
11.08.2021 02:44:42.122,7.78299,7.78264,0.75,0.75
11.08.2021 02:44:52.924,7.78298,7.78264,0.75,0.75
11.08.2021 02:44:54.866,7.78294,7.78264,0.37,0.75
11.08.2021 02:44:55.868,7.78294,7.78265,0.37,0.37
11.08.2021 02:45:02.888,7.7829500000000005,7.78265,0.37,0.37
11.08.2021 02:45:12.162,7.78294,7.78262,0.37,0.75
11.08.2021 02:45:12.243,7.78294,7.78264,0.37,0.75
11.08.2021 02:45:13.199,7.78298,7.78264,1.12,0.75
11.08.2021 02:45:22.370,7.78297,7.78264,0.37,0.75
11.08.2021 02:45:26.376,7.782900000000001,7.78264,0.37,0.75
11.08.2021 02:45:27.379,7.78289,7.78264,0.37,0.75
11.08.2021 02:45:28.380,7.7828800000000005,7.78264,0.37,0.75
11.08.2021 02:45:30.386,7.78287,7.78264,0.37,0.75
11.08.2021 02:45:38.469,7.78298,7.78264,0.75,0.75
11.08.2021 02:45:43.410,7.78297,7.78264,0.37,0.75
11.08.2021 02:45:45.499,7.78298,7.78264,0.75,0.75
11.08.2021 02:45:45.709,7.78299,7.78264,0.75,0.75
11.08.2021 02:45:50.454,7.78298,7.78264,0.75,0.75
11.08.2021 02:45:53.430,7.78298,7.782660000000001,0.75,0.37
11.08.2021 02:45:54.431,7.78298,7.78267,1.12,0.37
11.08.2021 02:45:55.435,7.78297,7.78267,0.37,0.37
11.08.2021 02:46:00.900,7.78297,7.78264,0.75,1.12
11.08.2021 02:46:01.463,7.78299,7.78264,2.25,1.12
11.08.2021 02:46:04.525,7.78297,7.78264,0.75,0.37
11.08.2021 02:46:30.411,7.78297,7.78265,0.75,0.37
11.08.2021 02:46:38.500,7.78297,7.78264,0.75,1.12
11.08.2021 02:46:43.015,7.78299,7.78264,0.75,1.12
11.08.2021 02:47:00.508,7.78298,7.7827399999999995,0.75,0.75
11.08.2021 02:47:31.630,7.78297,7.7827399999999995,0.37,0.75
11.08.2021 02:47:32.632,7.782960000000001,7.7827399999999995,0.37,0.75
11.08.2021 02:47:33.633,7.7829500000000005,7.7827399999999995,0.37,0.75
11.08.2021 02:47:34.635,7.78294,7.7827399999999995,0.37,0.75
11.08.2021 02:47:38.722,7.7829500000000005,7.7827399999999995,0.37,0.75
11.08.2021 02:47:45.716,7.78298,7.7827399999999995,0.75,0.75
11.08.2021 02:48:00.593,7.783060000000001,7.7827399999999995,0.47,0.75
11.08.2021 02:48:02.787,7.78298,7.7827399999999995,0.75,0.75
11.08.2021 02:48:07.879,7.783060000000001,7.7827399999999995,0.47,0.75
11.08.2021 02:48:28.158,7.78292,7.78264,0.75,0.37
11.08.2021 02:48:28.259,7.782860000000001,7.78259,0.37,0.75
11.08.2021 02:48:28.746,7.782900000000001,7.78259,0.37,0.75
11.08.2021 02:48:30.260,7.7828800000000005,7.78259,0.75,0.75
11.08.2021 02:48:58.190,7.78289,7.782510000000001,0.37,0.47
11.08.2021 02:48:58.437,7.78289,7.78259,0.37,0.75
11.08.2021 02:49:30.870,7.7828800000000005,7.78259,0.37,0.75
11.08.2021 02:49:31.873,7.782860000000001,7.78259,0.37,0.75
11.08.2021 02:49:45.520,7.782850000000001,7.78259,0.37,0.75
11.08.2021 02:50:17.615,7.782860000000001,7.78259,0.37,0.75
11.08.2021 02:51:03.528,7.782860000000001,7.78254,0.37,1.12
11.08.2021 02:51:03.578,7.78277,7.78254,0.37,0.75
11.08.2021 02:51:03.629,7.7828,7.78254,0.37,0.75
11.08.2021 02:51:12.662,7.782789999999999,7.78254,0.37,0.75
11.08.2021 02:51:19.689,7.782780000000001,7.78254,0.37,0.75
11.08.2021 02:51:44.143,7.782760000000001,7.78254,0.37,1.12
11.08.2021 02:51:45.145,7.78275,7.78254,0.37,1.12
11.08.2021 02:51:48.150,7.782760000000001,7.78254,0.37,1.12
11.08.2021 02:51:51.711,7.782810000000001,7.78254,0.37,0.37
11.08.2021 02:51:51.811,7.782810000000001,7.78252,0.37,0.75
11.08.2021 02:51:54.164,7.7828,7.78252,0.37,0.75
11.08.2021 02:51:55.541,7.782789999999999,7.78252,0.37,0.75
11.08.2021 02:51:56.547,7.782780000000001,7.78252,0.37,0.75
11.08.2021 02:51:57.548,7.78277,7.78252,0.37,0.75
11.08.2021 02:52:21.887,7.78277,7.782500000000001,0.37,0.75
11.08.2021 02:52:24.706,7.78275,7.782500000000001,0.37,0.75
11.08.2021 02:52:26.175,7.78282,7.782500000000001,0.37,0.75
11.08.2021 02:52:29.234,7.782810000000001,7.782500000000001,0.37,0.75
11.08.2021 02:52:30.236,7.782789999999999,7.782500000000001,0.37,0.75
11.08.2021 02:52:31.779,7.782780000000001,7.782500000000001,0.37,0.75
11.08.2021 02:52:47.269,7.78277,7.782500000000001,0.37,0.75
11.08.2021 02:52:48.302,7.782760000000001,7.782500000000001,0.37,0.75
11.08.2021 02:53:52.431,7.782860000000001,7.782500000000001,0.37,0.75
11.08.2021 02:54:05.433,7.782860000000001,7.782500000000001,0.47,0.75
11.08.2021 02:54:07.972,7.782860000000001,7.782500000000001,0.37,0.75
11.08.2021 02:54:08.658,7.782860000000001,7.782500000000001,0.47,0.75
11.08.2021 02:54:12.894,7.78289,7.782500000000001,0.85,0.75
11.08.2021 02:54:34.351,7.78289,7.782500000000001,0.85,0.75
11.08.2021 02:54:36.759,7.782860000000001,7.782500000000001,0.37,0.75
11.08.2021 02:54:48.514,7.78277,7.782500000000001,0.37,0.75
11.08.2021 02:54:56.357,7.78277,7.782460000000001,0.37,0.75
11.08.2021 02:54:56.458,7.782760000000001,7.782460000000001,0.37,0.75
11.08.2021 02:54:56.558,7.782760000000001,7.78252,0.37,0.75
11.08.2021 02:54:57.424,7.78277,7.78252,0.37,0.75
11.08.2021 02:55:11.862,7.78277,7.782500000000001,0.37,0.75
11.08.2021 02:55:11.962,7.782850000000001,7.782500000000001,0.75,1.12
11.08.2021 02:55:12.013,7.782810000000001,7.78252,0.37,0.75
11.08.2021 02:55:29.666,7.782760000000001,7.78252,0.37,0.75
11.08.2021 02:55:29.767,7.782760000000001,7.78254,0.37,0.75
11.08.2021 02:55:29.904,7.782760000000001,7.78252,0.37,0.75
11.08.2021 02:55:39.261,7.782850000000001,7.78252,0.45,0.75
11.08.2021 02:55:55.297,7.782850000000001,7.78253,0.37,0.37
11.08.2021 02:55:56.298,7.782850000000001,7.78254,0.37,0.37
11.08.2021 02:56:09.465,7.782850000000001,7.78252,0.75,0.75
11.08.2021 02:56:09.516,7.782850000000001,7.782500000000001,0.37,0.75
11.08.2021 02:56:09.566,7.782850000000001,7.78258,0.37,0.75
11.08.2021 02:56:09.717,7.782860000000001,7.78258,0.37,0.75
11.08.2021 02:56:25.707,7.782850000000001,7.78258,0.37,0.75
11.08.2021 02:56:26.683,7.78284,7.78258,0.37,0.75
11.08.2021 02:56:45.065,7.78287,7.78258,0.37,0.75
11.08.2021 02:57:11.803,7.782860000000001,7.78258,0.37,0.75
11.08.2021 02:57:17.490,7.782860000000001,7.78259,0.37,0.75
11.08.2021 02:57:30.086,7.782860000000001,7.78254,0.37,0.75
11.08.2021 02:57:30.843,7.78284,7.78254,0.37,0.75
11.08.2021 02:57:38.136,7.782830000000001,7.78254,0.37,0.75
11.08.2021 02:57:39.143,7.78282,7.78254,0.37,0.75
11.08.2021 02:57:40.146,7.782810000000001,7.78254,0.37,0.75
11.08.2021 02:57:41.149,7.7828,7.78254,0.37,0.75
11.08.2021 02:58:12.373,7.782850000000001,7.78254,0.37,0.75
11.08.2021 02:58:13.933,7.78284,7.78254,0.37,0.75
11.08.2021 02:58:14.935,7.782830000000001,7.78254,0.37,0.75
11.08.2021 02:58:33.974,7.78282,7.78254,0.37,0.75
11.08.2021 02:59:35.658,7.78289,7.78254,0.75,0.75
11.08.2021 02:59:38.430,7.78289,7.78254,0.85,0.75
11.08.2021 02:59:38.530,7.782900000000001,7.78259,0.47,0.75
11.08.2021 02:59:39.103,7.78284,7.78259,0.37,0.75
11.08.2021 03:00:03.154,7.782830000000001,7.78259,0.37,0.75
11.08.2021 03:00:19.105,7.782830000000001,7.78259,0.47,0.75
11.08.2021 03:00:19.225,7.782830000000001,7.78259,0.47,0.75
11.08.2021 03:00:19.398,7.782830000000001,7.78259,0.47,0.75
11.08.2021 03:00:20.149,7.782830000000001,7.78259,0.37,0.75
11.08.2021 03:00:25.658,7.78284,7.78259,0.37,0.75
11.08.2021 03:01:14.471,7.78287,7.78259,0.37,0.75
11.08.2021 03:01:15.506,7.78284,7.78259,0.37,0.75
11.08.2021 03:01:35.338,7.782830000000001,7.78259,0.37,0.75
11.08.2021 03:01:50.830,7.782830000000001,7.78254,0.37,0.75
11.08.2021 03:01:51.392,7.782860000000001,7.78254,0.37,0.75
11.08.2021 03:01:57.220,7.782860000000001,7.78259,0.37,0.75
11.08.2021 03:01:58.192,7.78284,7.78259,0.37,0.75
11.08.2021 03:02:30.156,7.78282,7.78259,0.2,0.75
11.08.2021 03:02:30.450,7.78284,7.78259,0.37,0.75
11.08.2021 03:03:35.658,7.78287,7.78259,0.37,0.75
11.08.2021 03:03:49.066,7.782850000000001,7.78259,0.37,0.75
11.08.2021 03:03:50.614,7.78284,7.78259,0.37,0.75
11.08.2021 03:04:07.495,7.78284,7.78258,0.37,0.75
11.08.2021 03:04:42.126,7.78284,7.78259,0.37,0.75
11.08.2021 03:04:55.657,7.782960000000001,7.78259,0.85,0.75
11.08.2021 03:05:10.074,7.7828800000000005,7.78254,0.75,0.75
11.08.2021 03:05:10.125,7.782850000000001,7.78254,0.37,0.75
11.08.2021 03:05:10.688,7.782850000000001,7.78254,0.47,0.75
11.08.2021 03:05:11.579,7.782789999999999,7.78254,0.37,0.75
11.08.2021 03:05:42.002,7.782780000000001,7.78254,0.37,0.75
11.08.2021 03:05:44.134,7.782780000000001,7.78252,0.37,0.75
11.08.2021 03:05:47.761,7.782780000000001,7.78254,0.37,0.75
11.08.2021 03:06:11.903,7.7828,7.78254,0.37,0.75
11.08.2021 03:06:15.181,7.782780000000001,7.78254,0.75,0.75
11.08.2021 03:06:31.949,7.78277,7.78254,0.37,0.75
11.08.2021 03:06:52.115,7.782860000000001,7.78254,0.75,0.75
11.08.2021 03:06:52.981,7.7828,7.78254,0.37,0.75
11.08.2021 03:06:53.986,7.782789999999999,7.78254,0.37,0.75
11.08.2021 03:07:07.513,7.78284,7.78254,0.37,0.75
11.08.2021 03:07:07.565,7.78284,7.7824800000000005,0.37,0.37
11.08.2021 03:07:08.469,7.78284,7.78249,0.37,0.37
11.08.2021 03:07:09.475,7.78284,7.782500000000001,0.37,0.37
11.08.2021 03:07:10.476,7.78284,7.78254,0.37,0.37
11.08.2021 03:07:32.786,7.782780000000001,7.78254,0.75,1.12
11.08.2021 03:07:37.472,7.782780000000001,7.78252,0.75,0.75
11.08.2021 03:07:38.073,7.78277,7.78252,0.37,0.75
11.08.2021 03:07:38.479,7.78277,7.782439999999999,0.37,0.75
11.08.2021 03:07:43.949,7.78277,7.782460000000001,0.37,0.75
11.08.2021 03:07:44.100,7.782780000000001,7.78252,1.12,0.75
11.08.2021 03:07:45.089,7.78277,7.78252,0.37,0.75
11.08.2021 03:07:52.801,7.78277,7.78254,0.37,0.75
11.08.2021 03:07:53.333,7.782760000000001,7.78254,0.37,0.75
11.08.2021 03:08:44.079,7.782810000000001,7.78254,0.37,0.75
11.08.2021 03:08:45.082,7.7828,7.78254,0.37,0.75
11.08.2021 03:09:14.483,7.7828,7.78249,0.37,0.75
11.08.2021 03:09:15.273,7.782789999999999,7.78249,0.37,0.75
11.08.2021 03:09:35.271,7.782789999999999,7.78254,0.37,0.75
11.08.2021 03:09:35.322,7.78284,7.78254,0.37,0.75
11.08.2021 03:09:35.422,7.78284,7.78249,1.12,0.75
11.08.2021 03:09:35.473,7.782789999999999,7.78254,0.37,0.75
11.08.2021 03:09:40.362,7.782780000000001,7.78254,0.37,0.75
11.08.2021 03:09:41.326,7.78277,7.78254,0.37,0.75
11.08.2021 03:09:42.377,7.782760000000001,7.78254,0.37,0.75
11.08.2021 03:09:42.428,7.78282,7.78254,0.75,0.75
11.08.2021 03:09:44.468,7.782780000000001,7.78254,0.75,0.75
11.08.2021 03:09:50.459,7.782780000000001,7.78252,0.75,0.37
11.08.2021 03:09:51.469,7.78277,7.78252,0.37,0.75
11.08.2021 03:09:58.489,7.782760000000001,7.78252,0.37,0.75
11.08.2021 03:10:05.939,7.782760000000001,7.78254,0.37,0.75
11.08.2021 03:10:07.143,7.782760000000001,7.78253,0.37,0.75
11.08.2021 03:10:38.435,7.78277,7.78253,0.37,0.75
11.08.2021 03:10:49.758,7.782760000000001,7.78253,0.37,0.75
11.08.2021 03:10:51.392,7.782780000000001,7.78253,0.75,0.75
11.08.2021 03:10:51.443,7.782780000000001,7.7824800000000005,0.75,0.75
11.08.2021 03:10:51.712,7.78277,7.7824800000000005,0.37,0.75
11.08.2021 03:11:15.265,7.782780000000001,7.7824800000000005,0.75,0.75
11.08.2021 03:11:18.891,7.78275,7.7824800000000005,0.37,0.75
11.08.2021 03:11:18.941,7.78275,7.78242,0.37,0.75
11.08.2021 03:11:21.517,7.78275,7.7824800000000005,0.37,0.75
11.08.2021 03:11:26.929,7.782760000000001,7.7824800000000005,0.37,0.75
11.08.2021 03:11:54.591,7.78275,7.7824800000000005,0.37,0.75
11.08.2021 03:11:58.525,7.7827399999999995,7.7824800000000005,0.37,0.75
11.08.2021 03:11:59.603,7.78277,7.7824800000000005,0.37,0.75
11.08.2021 03:12:00.605,7.782780000000001,7.7824800000000005,1.5,0.75
11.08.2021 03:12:08.634,7.78277,7.7824800000000005,0.37,0.75
11.08.2021 03:12:10.185,7.7827399999999995,7.7824800000000005,0.37,0.75
11.08.2021 03:12:11.521,7.782730000000001,7.7824800000000005,0.37,0.75
11.08.2021 03:12:11.856,7.782730000000001,7.782439999999999,0.37,1.12
11.08.2021 03:12:12.560,7.7827399999999995,7.7824800000000005,0.37,0.37
11.08.2021 03:12:14.573,7.782730000000001,7.78249,0.37,0.37
11.08.2021 03:12:18.271,7.782760000000001,7.782460000000001,0.37,0.37
11.08.2021 03:12:19.469,7.782760000000001,7.782450000000001,0.37,0.37
11.08.2021 03:12:20.603,7.782760000000001,7.782439999999999,0.37,1.12
11.08.2021 03:12:22.026,7.782760000000001,7.7824800000000005,0.37,0.75
11.08.2021 03:12:37.403,7.782780000000001,7.7824800000000005,1.12,0.75
11.08.2021 03:14:06.266,7.782789999999999,7.7824800000000005,0.75,0.75
11.08.2021 03:14:10.034,7.782780000000001,7.7824800000000005,0.37,0.75
11.08.2021 03:14:29.375,7.7827399999999995,7.782430000000001,0.75,0.75
11.08.2021 03:14:29.525,7.782730000000001,7.782430000000001,0.37,0.75
11.08.2021 03:14:30.878,7.7827399999999995,7.782430000000001,0.82,0.75
11.08.2021 03:14:59.307,7.782730000000001,7.782430000000001,0.37,0.75
11.08.2021 03:14:59.413,7.782730000000001,7.78232,0.37,0.45
11.08.2021 03:14:59.759,7.782730000000001,7.782430000000001,0.37,0.75
11.08.2021 03:15:00.707,7.782730000000001,7.782430000000001,0.47,0.75
11.08.2021 03:15:02.483,7.782730000000001,7.782430000000001,0.45,0.75
11.08.2021 03:15:02.973,7.78272,7.782430000000001,0.37,0.75
11.08.2021 03:15:03.974,7.782710000000001,7.782430000000001,0.37,0.75
11.08.2021 03:15:05.992,7.78272,7.782430000000001,0.37,0.75
11.08.2021 03:15:06.980,7.782710000000001,7.782430000000001,0.37,0.75
11.08.2021 03:15:08.983,7.78272,7.782430000000001,0.37,0.75
11.08.2021 03:15:09.987,7.782710000000001,7.782430000000001,0.37,0.75
11.08.2021 03:15:12.270,7.78272,7.782430000000001,0.37,0.75
11.08.2021 03:15:13.275,7.782710000000001,7.782430000000001,0.37,0.75
11.08.2021 03:15:20.008,7.78272,7.782430000000001,0.37,0.75
11.08.2021 03:15:21.009,7.782710000000001,7.782430000000001,0.37,0.75
11.08.2021 03:15:23.298,7.78272,7.782430000000001,0.37,0.75
11.08.2021 03:15:24.300,7.782710000000001,7.782430000000001,0.37,0.75
11.08.2021 03:15:26.308,7.78272,7.782430000000001,0.37,0.75
11.08.2021 03:15:26.484,7.7827399999999995,7.782430000000001,0.85,0.75
11.08.2021 03:15:26.585,7.7827399999999995,7.782430000000001,1.22,0.75
11.08.2021 03:15:26.713,7.7827399999999995,7.782280000000001,0.47,0.85
11.08.2021 03:15:27.601,7.7827,7.782280000000001,0.37,1.22
11.08.2021 03:15:28.263,7.7827399999999995,7.78229,0.47,0.47
11.08.2021 03:15:29.864,7.7827399999999995,7.782430000000001,1.6,0.75
11.08.2021 03:15:41.326,7.782730000000001,7.782430000000001,0.45,0.75
11.08.2021 03:15:41.427,7.78269,7.782430000000001,0.37,0.75
11.08.2021 03:15:42.381,7.782710000000001,7.782430000000001,0.37,0.75
11.08.2021 03:15:45.053,7.7827,7.782430000000001,0.37,0.75
11.08.2021 03:15:46.057,7.782680000000001,7.782430000000001,0.37,0.75
11.08.2021 03:15:48.947,7.78272,7.782430000000001,0.37,0.75
11.08.2021 03:15:55.074,7.7827399999999995,7.782430000000001,1.22,0.75
11.08.2021 03:16:03.921,7.7827399999999995,7.782430000000001,1.22,0.75
11.08.2021 03:16:07.903,7.78265,7.782430000000001,0.37,0.75
11.08.2021 03:16:39.023,7.782730000000001,7.782430000000001,0.47,0.75
11.08.2021 03:16:39.174,7.782730000000001,7.782430000000001,0.45,0.75
11.08.2021 03:16:39.579,7.78269,7.782380000000001,0.75,0.75
11.08.2021 03:16:59.531,7.78275,7.7823,0.47,0.47
11.08.2021 03:17:09.785,7.78269,7.782380000000001,0.75,0.75
11.08.2021 03:19:32.569,7.78269,7.782430000000001,0.37,0.75
11.08.2021 03:19:33.147,7.7827399999999995,7.782430000000001,0.82,0.75
11.08.2021 03:20:30.986,7.782730000000001,7.782430000000001,0.37,0.75
11.08.2021 03:20:40.853,7.782710000000001,7.782380000000001,0.75,0.75
11.08.2021 03:20:42.303,7.7827,7.782380000000001,0.37,0.75
11.08.2021 03:21:45.658,7.782710000000001,7.782380000000001,0.75,0.75
11.08.2021 03:21:59.421,7.782660000000001,7.782380000000001,0.75,0.75
11.08.2021 03:23:38.939,7.782710000000001,7.782460000000001,0.37,0.75
11.08.2021 03:23:39.266,7.782710000000001,7.7824800000000005,0.37,0.75
11.08.2021 03:23:39.594,7.782760000000001,7.7824800000000005,0.37,0.75
11.08.2021 03:23:43.976,7.78277,7.7824800000000005,1.12,0.75
11.08.2021 03:23:47.669,7.782760000000001,7.7824800000000005,0.37,0.75
11.08.2021 03:23:48.675,7.78277,7.7824800000000005,1.12,0.75
11.08.2021 03:23:56.182,7.78277,7.78237,0.37,0.37
11.08.2021 03:24:03.067,7.782760000000001,7.782380000000001,0.37,0.37
11.08.2021 03:24:04.742,7.78275,7.782410000000001,0.37,0.37
11.08.2021 03:24:09.316,7.78275,7.7824800000000005,0.37,0.75
11.08.2021 03:24:38.909,7.782760000000001,7.7824800000000005,0.37,0.75
11.08.2021 03:24:58.151,7.78277,7.7824800000000005,0.75,0.75
11.08.2021 03:25:11.465,7.782760000000001,7.7824800000000005,0.37,0.75
11.08.2021 03:25:18.001,7.78277,7.7824800000000005,0.75,0.75
11.08.2021 03:25:22.474,7.782760000000001,7.7824800000000005,0.37,0.75
11.08.2021 03:25:25.005,7.78277,7.7824800000000005,0.75,0.75
11.08.2021 03:26:50.102,7.78272,7.782430000000001,0.75,0.75
11.08.2021 03:26:50.307,7.78267,7.78242,0.75,0.75
11.08.2021 03:26:50.485,7.782780000000001,7.782460000000001,1.22,0.75
11.08.2021 03:26:50.536,7.782780000000001,7.782460000000001,1.22,0.75
11.08.2021 03:26:50.586,7.782780000000001,7.7824800000000005,2.72,0.75
11.08.2021 03:26:54.090,7.782780000000001,7.7824800000000005,2.7,0.75
11.08.2021 03:27:01.423,7.782760000000001,7.7824800000000005,0.37,0.75
11.08.2021 03:27:02.424,7.78277,7.7824800000000005,0.37,0.75
11.08.2021 03:27:05.600,7.782760000000001,7.7824800000000005,0.37,0.75
11.08.2021 03:27:42.128,7.782780000000001,7.7824800000000005,1.2,0.75
11.08.2021 03:28:17.473,7.78277,7.7824800000000005,0.75,0.75
11.08.2021 03:28:46.469,7.782710000000001,7.782430000000001,0.75,0.75
11.08.2021 03:28:46.570,7.782660000000001,7.782380000000001,0.75,0.75
11.08.2021 03:28:46.721,7.782660000000001,7.78242,0.75,0.75
11.08.2021 03:28:46.802,7.782730000000001,7.782460000000001,0.37,0.75
11.08.2021 03:28:46.924,7.782760000000001,7.782460000000001,0.75,0.75
11.08.2021 03:28:47.469,7.782760000000001,7.7824800000000005,0.75,0.75
11.08.2021 03:29:08.282,7.782760000000001,7.78235,0.37,0.75
11.08.2021 03:29:09.721,7.78275,7.78235,0.37,1.12
11.08.2021 03:29:11.685,7.7827399999999995,7.78235,0.37,1.12
11.08.2021 03:29:12.685,7.782730000000001,7.78235,0.37,1.12
11.08.2021 03:29:15.708,7.78275,7.78235,0.37,0.75
11.08.2021 03:29:16.699,7.782760000000001,7.78235,0.37,0.75
11.08.2021 03:29:18.262,7.782760000000001,7.7824800000000005,1.12,0.75
11.08.2021 03:29:23.276,7.7827399999999995,7.7824800000000005,0.37,0.75
11.08.2021 03:29:24.417,7.782760000000001,7.7824800000000005,0.82,0.75
11.08.2021 03:30:39.073,7.78275,7.7824800000000005,0.37,0.75
11.08.2021 03:30:39.173,7.78267,7.782380000000001,0.75,0.75
11.08.2021 03:30:39.358,7.78275,7.782460000000001,0.37,0.75
11.08.2021 03:30:40.573,7.78277,7.782460000000001,1.2,0.75
11.08.2021 03:30:47.424,7.78277,7.7824800000000005,1.2,0.75
11.08.2021 03:31:09.313,7.78277,7.782360000000001,0.45,0.37
11.08.2021 03:31:17.526,7.78277,7.7824800000000005,1.2,0.75
11.08.2021 03:31:57.812,7.782780000000001,7.782500000000001,0.75,0.75
11.08.2021 03:31:57.863,7.78277,7.7824800000000005,0.75,0.75
11.08.2021 03:31:59.264,7.782760000000001,7.7824800000000005,0.37,0.75
11.08.2021 03:32:17.792,7.782760000000001,7.78242,0.75,0.75
11.08.2021 03:32:19.849,7.782780000000001,7.78242,0.82,0.75
11.08.2021 03:32:21.020,7.782810000000001,7.78242,0.85,0.75
11.08.2021 03:32:21.073,7.782780000000001,7.78235,0.85,0.37
11.08.2021 03:32:21.360,7.782780000000001,7.78235,0.82,0.37
11.08.2021 03:32:21.815,7.782780000000001,7.782380000000001,0.82,0.37
11.08.2021 03:32:22.138,7.7828,7.78242,0.47,0.75
11.08.2021 03:32:22.302,7.7828,7.78242,0.47,0.75
11.08.2021 03:32:27.979,7.78277,7.7824800000000005,0.82,0.75
11.08.2021 03:32:58.198,7.782760000000001,7.7824800000000005,0.37,0.75
11.08.2021 03:32:59.199,7.78275,7.7824800000000005,0.37,0.75
11.08.2021 03:33:16.032,7.78277,7.7824800000000005,0.82,0.75
11.08.2021 03:33:38.083,7.78277,7.7824800000000005,0.85,0.75
11.08.2021 03:34:08.020,7.78277,7.7824800000000005,0.82,0.75
11.08.2021 03:35:12.641,7.78277,7.7824800000000005,0.85,0.75
11.08.2021 03:35:14.659,7.782730000000001,7.782430000000001,0.75,0.75
