Gmt time,Ask,Bid,AskVolume,BidVolume
16.08.2021 00:00:00.111,7.78287,7.78207,0.37,1.12
16.08.2021 00:00:00.212,7.78289,7.78207,0.75,0.37
16.08.2021 00:00:00.604,7.782900000000001,7.78207,0.82,0.37
16.08.2021 00:00:01.561,7.782900000000001,7.782060000000001,1.57,0.37
16.08.2021 00:00:08.502,7.78289,7.782060000000001,0.37,0.37
16.08.2021 00:00:30.645,7.78289,7.782050000000001,0.75,0.37
16.08.2021 00:00:30.695,7.78287,7.782050000000001,0.75,1.12
16.08.2021 00:00:31.647,7.7828800000000005,7.782050000000001,1.12,1.12
16.08.2021 00:00:41.313,7.7828800000000005,7.78207,0.75,0.75
16.08.2021 00:00:41.414,7.7828800000000005,7.7820800000000006,1.12,0.75
16.08.2021 00:00:41.537,7.7828800000000005,7.782100000000001,0.75,0.75
16.08.2021 00:00:49.617,7.7828800000000005,7.78212,0.75,0.37
16.08.2021 00:00:50.587,7.7828800000000005,7.78213,0.75,0.37
16.08.2021 00:00:53.466,7.78287,7.78213,0.37,0.37
16.08.2021 00:00:55.297,7.78289,7.7820800000000006,0.75,0.37
16.08.2021 00:00:55.404,7.7828800000000005,7.78209,0.75,0.75
16.08.2021 00:01:00.418,7.7828800000000005,7.782100000000001,0.75,0.75
16.08.2021 00:01:08.740,7.78289,7.782100000000001,0.75,0.75
16.08.2021 00:01:12.758,7.7828,7.782210000000001,0.37,0.37
16.08.2021 00:01:15.630,7.782789999999999,7.78222,0.37,0.37
16.08.2021 00:01:50.060,7.7828800000000005,7.782100000000001,0.75,0.75
16.08.2021 00:02:04.442,7.782910000000001,7.78207,0.37,0.37
16.08.2021 00:02:04.492,7.7828800000000005,7.78212,0.75,0.75
16.08.2021 00:02:05.987,7.782789999999999,7.78212,0.37,0.75
16.08.2021 00:02:08.993,7.782789999999999,7.78222,0.37,0.37
16.08.2021 00:03:09.126,7.7831600000000005,7.781810000000001,0.49,0.49
16.08.2021 00:05:25.150,7.78309,7.78192,0.59,0.59
16.08.2021 00:05:44.619,7.783080000000001,7.78192,0.59,0.59
16.08.2021 00:06:15.127,7.782900000000001,7.782,0.59,0.59
16.08.2021 00:06:15.178,7.782900000000001,7.782,0.59,0.59
16.08.2021 00:06:15.862,7.7828800000000005,7.782150000000001,0.47,0.37
16.08.2021 00:06:16.238,7.78287,7.78214,0.47,0.37
16.08.2021 00:06:49.393,7.78298,7.782,0.47,0.47
16.08.2021 00:07:00.284,7.78298,7.782,0.47,0.47
16.08.2021 00:07:00.534,7.783,7.782,1.22,0.47
16.08.2021 00:07:01.293,7.782860000000001,7.782160000000001,0.85,0.37
16.08.2021 00:07:02.319,7.782860000000001,7.78214,0.85,0.75
16.08.2021 00:07:59.524,7.782850000000001,7.78214,0.82,0.75
16.08.2021 00:07:59.575,7.782850000000001,7.78214,0.85,0.75
16.08.2021 00:07:59.676,7.782850000000001,7.782160000000001,0.85,0.37
16.08.2021 00:08:11.597,7.782850000000001,7.78214,0.85,0.75
16.08.2021 00:08:38.459,7.782710000000001,7.78214,0.37,0.75
16.08.2021 00:08:55.577,7.782730000000001,7.782150000000001,0.37,0.37
16.08.2021 00:09:05.582,7.782780000000001,7.782160000000001,0.37,0.37
16.08.2021 00:09:06.592,7.78277,7.78217,0.37,0.37
16.08.2021 00:09:35.641,7.782789999999999,7.78218,0.37,0.37
16.08.2021 00:10:07.706,7.782780000000001,7.782160000000001,0.37,0.37
16.08.2021 00:10:38.769,7.782789999999999,7.78217,0.37,0.37
16.08.2021 00:11:23.462,7.78309,7.78192,0.59,0.59
16.08.2021 00:11:23.973,7.78297,7.78202,1.37,0.37
16.08.2021 00:11:45.658,7.78297,7.78202,1.27,0.37
16.08.2021 00:12:16.992,7.782860000000001,7.78214,0.75,0.75
16.08.2021 00:12:17.042,7.782860000000001,7.782030000000001,0.85,0.75
16.08.2021 00:12:17.093,7.78293,7.78212,0.85,0.75
16.08.2021 00:12:35.866,7.783010000000001,7.782060000000001,0.47,0.37
16.08.2021 00:12:37.022,7.783030000000001,7.782030000000001,0.47,0.47
16.08.2021 00:12:49.419,7.782830000000001,7.782030000000001,0.37,0.47
16.08.2021 00:12:50.424,7.782830000000001,7.78224,0.37,0.37
16.08.2021 00:13:10.911,7.78282,7.78225,0.37,0.37
16.08.2021 00:13:30.460,7.78305,7.782030000000001,0.37,0.37
16.08.2021 00:13:30.619,7.78305,7.782039999999999,0.37,0.37
16.08.2021 00:13:39.132,7.783030000000001,7.782,0.37,0.37
16.08.2021 00:13:39.339,7.783030000000001,7.78202,0.37,0.37
16.08.2021 00:13:40.258,7.78307,7.782,0.37,0.37
16.08.2021 00:13:41.130,7.78287,7.782,0.37,0.37
16.08.2021 00:13:42.403,7.78287,7.782030000000001,0.37,0.37
16.08.2021 00:13:42.616,7.782850000000001,7.7822000000000005,0.37,0.37
16.08.2021 00:13:44.629,7.78277,7.7822000000000005,0.37,0.37
16.08.2021 00:13:55.652,7.78307,7.782030000000001,0.47,0.47
16.08.2021 00:14:08.792,7.783010000000001,7.78197,0.47,0.47
16.08.2021 00:14:10.802,7.783010000000001,7.78217,0.47,0.37
16.08.2021 00:14:11.806,7.7827399999999995,7.78217,0.37,0.37
16.08.2021 00:14:39.258,7.7828,7.78217,0.37,0.37
16.08.2021 00:15:12.477,7.7828800000000005,7.78214,0.45,0.75
16.08.2021 00:15:12.528,7.782860000000001,7.78212,0.75,0.75
16.08.2021 00:15:12.989,7.782860000000001,7.78212,0.85,0.75
16.08.2021 00:15:20.341,7.782780000000001,7.78212,0.37,0.75
16.08.2021 00:15:33.245,7.782780000000001,7.782110000000001,0.37,0.75
16.08.2021 00:15:33.346,7.782780000000001,7.782100000000001,0.37,0.75
16.08.2021 00:15:33.532,7.782810000000001,7.782100000000001,0.75,0.75
16.08.2021 00:15:33.633,7.7828,7.78207,0.75,0.75
16.08.2021 00:15:33.834,7.782810000000001,7.78207,0.75,0.75
16.08.2021 00:15:34.074,7.7828,7.78207,0.85,0.75
16.08.2021 00:15:34.235,7.78287,7.78197,0.47,0.47
16.08.2021 00:15:34.285,7.782780000000001,7.782060000000001,0.82,0.75
16.08.2021 00:15:34.386,7.782780000000001,7.782050000000001,0.82,0.75
16.08.2021 00:15:34.494,7.78277,7.782050000000001,0.75,0.75
16.08.2021 00:15:34.595,7.78277,7.782060000000001,0.75,0.75
16.08.2021 00:15:34.724,7.78277,7.782050000000001,0.75,0.75
16.08.2021 00:15:34.838,7.782789999999999,7.782060000000001,0.85,0.75
16.08.2021 00:15:34.941,7.782789999999999,7.78207,0.85,0.75
16.08.2021 00:15:35.045,7.782789999999999,7.782050000000001,0.85,0.75
16.08.2021 00:15:35.145,7.782789999999999,7.78207,0.85,0.75
16.08.2021 00:15:35.196,7.782789999999999,7.782050000000001,0.85,0.75
16.08.2021 00:15:35.412,7.782789999999999,7.78207,0.85,0.75
16.08.2021 00:15:35.675,7.782789999999999,7.782050000000001,0.85,0.75
16.08.2021 00:15:35.726,7.782789999999999,7.78207,0.85,0.75
16.08.2021 00:15:35.881,7.782789999999999,7.782060000000001,0.85,0.75
16.08.2021 00:15:36.008,7.782789999999999,7.78207,0.85,0.75
16.08.2021 00:15:36.308,7.782789999999999,7.782050000000001,0.85,0.75
16.08.2021 00:15:36.464,7.782789999999999,7.78207,0.85,0.75
16.08.2021 00:15:36.573,7.782789999999999,7.782050000000001,0.85,0.75
16.08.2021 00:15:36.728,7.782789999999999,7.782060000000001,0.85,0.75
16.08.2021 00:15:36.942,7.782789999999999,7.78207,0.85,0.75
16.08.2021 00:15:37.048,7.782789999999999,7.782050000000001,0.85,0.75
16.08.2021 00:15:37.253,7.782789999999999,7.78207,0.85,0.75
16.08.2021 00:15:37.385,7.782789999999999,7.782060000000001,0.85,0.75
16.08.2021 00:15:37.517,7.782789999999999,7.78207,0.85,0.75
16.08.2021 00:15:37.626,7.782789999999999,7.782060000000001,0.85,0.75
16.08.2021 00:15:37.758,7.782789999999999,7.782050000000001,0.75,0.75
16.08.2021 00:15:37.859,7.782789999999999,7.78207,0.75,0.75
16.08.2021 00:15:37.909,7.782789999999999,7.782050000000001,0.75,0.75
16.08.2021 00:15:37.960,7.782789999999999,7.78207,0.75,0.75
16.08.2021 00:15:38.120,7.782780000000001,7.78207,0.75,0.75
16.08.2021 00:15:38.257,7.782780000000001,7.782060000000001,0.75,0.75
16.08.2021 00:15:38.408,7.78277,7.782050000000001,0.75,0.75
16.08.2021 00:15:38.609,7.782780000000001,7.78207,0.75,0.75
16.08.2021 00:15:38.709,7.782780000000001,7.782050000000001,0.75,0.75
16.08.2021 00:15:38.882,7.782760000000001,7.782050000000001,0.75,0.75
16.08.2021 00:15:38.983,7.78277,7.782060000000001,0.75,0.75
16.08.2021 00:15:39.111,7.78277,7.782050000000001,0.75,0.75
16.08.2021 00:15:39.212,7.782760000000001,7.782050000000001,0.75,0.75
16.08.2021 00:15:42.763,7.78275,7.782050000000001,0.75,0.75
16.08.2021 00:15:50.240,7.78275,7.78207,0.75,0.37
16.08.2021 00:15:51.243,7.782660000000001,7.78207,0.37,0.37
16.08.2021 00:16:01.286,7.78265,7.7820800000000006,0.37,0.37
16.08.2021 00:16:10.914,7.78275,7.782060000000001,0.75,0.75
16.08.2021 00:16:22.452,7.78275,7.7820800000000006,0.75,0.37
16.08.2021 00:16:24.459,7.78265,7.7820800000000006,0.37,0.37
16.08.2021 00:16:27.473,7.78269,7.78209,0.37,0.37
16.08.2021 00:16:28.476,7.782680000000001,7.78209,0.37,0.37
16.08.2021 00:16:29.477,7.78267,7.78209,0.37,0.37
16.08.2021 00:16:29.652,7.782760000000001,7.78209,0.75,0.75
16.08.2021 00:16:29.753,7.78277,7.78209,0.75,0.75
16.08.2021 00:16:29.854,7.782760000000001,7.78207,0.75,0.75
16.08.2021 00:16:30.055,7.782760000000001,7.78209,0.75,0.75
16.08.2021 00:16:30.105,7.782760000000001,7.78207,0.75,0.75
16.08.2021 00:16:30.155,7.782780000000001,7.78209,0.82,0.75
16.08.2021 00:16:30.256,7.78275,7.78207,0.75,0.75
16.08.2021 00:16:30.357,7.78277,7.7820800000000006,0.75,0.75
16.08.2021 00:16:30.458,7.782780000000001,7.78209,0.82,0.75
16.08.2021 00:16:30.509,7.78277,7.78207,0.75,0.75
16.08.2021 00:16:30.559,7.782760000000001,7.78209,0.75,0.75
16.08.2021 00:16:30.609,7.782760000000001,7.782060000000001,0.75,0.75
16.08.2021 00:16:30.660,7.782780000000001,7.78209,0.82,0.75
16.08.2021 00:16:30.761,7.782760000000001,7.782060000000001,0.75,0.75
16.08.2021 00:16:30.861,7.78277,7.78209,0.75,0.75
16.08.2021 00:16:30.962,7.78277,7.78207,0.75,0.75
16.08.2021 00:16:31.063,7.782760000000001,7.782060000000001,0.75,0.75
16.08.2021 00:16:31.164,7.78277,7.78209,0.75,0.75
16.08.2021 00:16:31.214,7.782760000000001,7.78207,0.75,0.75
16.08.2021 00:16:31.268,7.782780000000001,7.78209,0.82,0.75
16.08.2021 00:16:31.419,7.782760000000001,7.78209,0.75,0.75
16.08.2021 00:16:31.469,7.782780000000001,7.78209,0.82,0.75
16.08.2021 00:16:31.520,7.782760000000001,7.78209,0.75,0.75
16.08.2021 00:16:31.788,7.78275,7.78207,0.75,0.75
16.08.2021 00:16:31.839,7.78277,7.78209,0.75,0.75
16.08.2021 00:16:31.889,7.78277,7.78207,0.75,0.75
16.08.2021 00:16:31.939,7.782760000000001,7.78209,0.75,0.75
16.08.2021 00:16:31.990,7.782760000000001,7.78207,0.75,0.75
16.08.2021 00:16:32.040,7.782780000000001,7.78209,2.32,0.75
16.08.2021 00:16:32.090,7.782760000000001,7.782050000000001,0.75,0.75
16.08.2021 00:16:32.141,7.78277,7.7820800000000006,0.75,0.75
16.08.2021 00:16:32.198,7.782760000000001,7.782060000000001,0.75,0.75
16.08.2021 00:16:32.249,7.782760000000001,7.7820800000000006,0.75,0.75
16.08.2021 00:16:32.400,7.782760000000001,7.78207,0.75,0.75
16.08.2021 00:16:32.550,7.782760000000001,7.782060000000001,0.75,0.75
16.08.2021 00:16:32.675,7.78277,7.78209,0.75,0.75
16.08.2021 00:16:32.776,7.782760000000001,7.782060000000001,0.75,0.75
16.08.2021 00:16:32.826,7.78277,7.78209,0.75,0.75
16.08.2021 00:16:32.876,7.782760000000001,7.782060000000001,0.75,0.75
16.08.2021 00:16:32.927,7.78277,7.78209,0.75,0.75
16.08.2021 00:16:33.078,7.782760000000001,7.78209,0.75,0.75
16.08.2021 00:16:33.187,7.782780000000001,7.78209,0.82,0.75
16.08.2021 00:16:33.237,7.782760000000001,7.78209,0.75,0.75
16.08.2021 00:16:33.338,7.78275,7.78207,0.75,0.75
16.08.2021 00:16:33.489,7.782760000000001,7.78209,0.75,0.75
16.08.2021 00:16:33.645,7.782760000000001,7.78207,0.75,0.75
16.08.2021 00:16:33.695,7.782780000000001,7.78209,0.82,0.75
16.08.2021 00:16:33.796,7.78275,7.78209,0.75,0.75
16.08.2021 00:16:33.847,7.78277,7.7820800000000006,0.75,0.75
16.08.2021 00:16:33.998,7.782760000000001,7.782060000000001,0.75,0.75
16.08.2021 00:16:34.199,7.782760000000001,7.78207,0.75,0.75
16.08.2021 00:16:34.392,7.782760000000001,7.78209,0.75,0.75
16.08.2021 00:16:34.493,7.782789999999999,7.78209,0.85,0.75
16.08.2021 00:16:34.653,7.78277,7.7820800000000006,0.75,0.75
16.08.2021 00:16:34.755,7.78277,7.78207,0.75,0.75
16.08.2021 00:16:34.811,7.782789999999999,7.78209,0.85,0.75
16.08.2021 00:16:34.862,7.78277,7.78207,0.75,0.75
16.08.2021 00:16:35.052,7.782789999999999,7.78209,0.85,0.75
16.08.2021 00:16:35.160,7.78277,7.78209,0.75,0.75
16.08.2021 00:16:35.267,7.78277,7.78207,0.75,0.75
16.08.2021 00:16:35.318,7.782789999999999,7.78209,0.85,0.75
16.08.2021 00:16:35.444,7.78277,7.78209,0.75,0.75
16.08.2021 00:16:35.495,7.78277,7.78207,0.75,0.75
16.08.2021 00:16:35.545,7.782789999999999,7.78209,0.85,0.75
16.08.2021 00:16:35.648,7.78277,7.78209,0.75,0.75
16.08.2021 00:16:35.808,7.78277,7.78207,0.75,0.75
16.08.2021 00:16:35.859,7.782789999999999,7.78209,0.85,0.75
16.08.2021 00:16:35.965,7.78277,7.78209,0.75,0.75
16.08.2021 00:16:36.073,7.78277,7.78207,0.75,0.75
16.08.2021 00:16:36.124,7.782780000000001,7.78209,0.82,0.75
16.08.2021 00:16:36.288,7.78277,7.78207,0.75,0.75
16.08.2021 00:16:36.339,7.78277,7.78209,0.75,0.75
16.08.2021 00:16:36.623,7.78277,7.78207,0.75,0.75
16.08.2021 00:16:36.674,7.782780000000001,7.78209,0.82,0.75
16.08.2021 00:16:41.709,7.78277,7.78207,0.75,0.75
16.08.2021 00:16:41.760,7.78275,7.78209,0.75,0.75
16.08.2021 00:16:41.834,7.78277,7.78207,0.75,0.75
16.08.2021 00:16:41.884,7.78277,7.78209,0.75,0.75
16.08.2021 00:16:41.935,7.782760000000001,7.78207,0.75,0.75
16.08.2021 00:16:41.986,7.782780000000001,7.78209,0.82,0.75
16.08.2021 00:16:42.137,7.78277,7.78207,0.75,0.75
16.08.2021 00:16:42.238,7.78277,7.78209,0.75,0.75
16.08.2021 00:16:42.338,7.782780000000001,7.78207,0.82,0.75
16.08.2021 00:16:42.389,7.782760000000001,7.78207,0.75,0.75
16.08.2021 00:16:42.611,7.78275,7.78207,0.75,0.75
16.08.2021 00:17:11.712,7.782850000000001,7.78202,0.47,0.75
16.08.2021 00:17:14.528,7.78284,7.78194,0.47,1.59
16.08.2021 00:17:20.479,7.78284,7.78202,0.47,0.75
16.08.2021 00:17:25.379,7.782730000000001,7.782050000000001,0.75,0.75
16.08.2021 00:17:25.480,7.78272,7.782030000000001,0.75,0.75
16.08.2021 00:17:25.630,7.782710000000001,7.78202,0.75,0.75
16.08.2021 00:17:45.617,7.782710000000001,7.78202,0.85,0.75
16.08.2021 00:17:46.145,7.782830000000001,7.781880000000001,0.85,0.85
16.08.2021 00:17:50.665,7.78269,7.78192,0.37,0.47
16.08.2021 00:17:50.865,7.78269,7.78192,0.47,0.47
16.08.2021 00:17:54.650,7.78269,7.78197,0.47,0.37
16.08.2021 00:17:54.885,7.782610000000001,7.78197,0.37,0.37
16.08.2021 00:17:59.571,7.78269,7.78202,0.47,0.75
16.08.2021 00:17:59.823,7.78269,7.78202,0.47,0.75
16.08.2021 00:18:05.660,7.782680000000001,7.78202,0.47,0.75
16.08.2021 00:18:11.455,7.78258,7.78202,0.37,0.75
16.08.2021 00:18:20.630,7.78258,7.78202,0.37,0.85
16.08.2021 00:18:20.731,7.78258,7.78202,0.37,0.75
16.08.2021 00:18:21.690,7.7826,7.78202,0.37,0.75
16.08.2021 00:18:22.694,7.78257,7.78202,0.37,0.75
16.08.2021 00:18:51.152,7.78257,7.78202,0.37,0.85
16.08.2021 00:18:51.402,7.78257,7.78202,0.37,0.75
16.08.2021 00:18:51.764,7.782610000000001,7.78202,0.37,0.75
16.08.2021 00:19:08.800,7.7826,7.78202,0.37,0.75
16.08.2021 00:19:37.287,7.7826,7.78202,0.37,0.85
16.08.2021 00:19:37.538,7.7826,7.78202,0.37,0.85
16.08.2021 00:19:37.844,7.7826,7.78202,0.37,0.82
16.08.2021 00:19:38.179,7.782630000000001,7.78202,0.37,0.82
16.08.2021 00:19:39.862,7.78262,7.78202,0.37,0.75
16.08.2021 00:19:40.533,7.78262,7.7819899999999995,0.37,0.47
16.08.2021 00:20:08.653,7.782560000000001,7.78197,0.37,0.82
16.08.2021 00:20:08.704,7.7826,7.78195,0.75,0.47
16.08.2021 00:20:08.888,7.7826,7.78195,0.85,0.37
16.08.2021 00:20:09.751,7.78253,7.78195,0.37,0.37
16.08.2021 00:20:09.922,7.78253,7.781930000000001,0.37,0.85
16.08.2021 00:20:13.817,7.78253,7.781930000000001,0.37,0.82
16.08.2021 00:20:31.349,7.782510000000001,7.7819,0.37,0.85
16.08.2021 00:20:32.974,7.782510000000001,7.78197,0.37,0.37
16.08.2021 00:20:34.316,7.78247,7.78197,0.37,0.37
16.08.2021 00:20:42.991,7.78247,7.781930000000001,0.37,0.37
16.08.2021 00:21:02.029,7.7824800000000005,7.781930000000001,0.37,0.75
16.08.2021 00:21:07.042,7.7825500000000005,7.781930000000001,0.75,0.75
16.08.2021 00:21:09.043,7.7825500000000005,7.78194,0.75,0.37
16.08.2021 00:21:13.052,7.78249,7.781930000000001,0.37,1.12
16.08.2021 00:21:15.058,7.78249,7.781960000000001,0.37,0.37
16.08.2021 00:21:16.564,7.78235,7.782100000000001,0.75,0.75
16.08.2021 00:21:16.614,7.78252,7.78194,0.75,0.37
16.08.2021 00:21:16.720,7.7825500000000005,7.78194,0.37,0.37
16.08.2021 00:21:18.062,7.7825500000000005,7.781930000000001,0.37,0.75
16.08.2021 00:21:20.809,7.782510000000001,7.78192,0.75,0.45
16.08.2021 00:21:20.859,7.78253,7.78192,0.37,1.12
16.08.2021 00:21:21.338,7.78253,7.781930000000001,0.37,0.75
16.08.2021 00:21:21.986,7.78252,7.781930000000001,0.75,2.25
16.08.2021 00:21:22.708,7.78253,7.781930000000001,0.37,0.75
16.08.2021 00:21:23.708,7.782510000000001,7.781930000000001,0.75,0.37
16.08.2021 00:21:23.809,7.78247,7.781930000000001,0.37,0.37
16.08.2021 00:21:25.076,7.78247,7.781960000000001,0.37,0.37
16.08.2021 00:21:25.295,7.782460000000001,7.781960000000001,0.37,0.37
16.08.2021 00:21:26.079,7.782460000000001,7.78195,0.37,0.37
16.08.2021 00:21:31.793,7.78247,7.78195,0.37,0.37
16.08.2021 00:21:33.294,7.7824800000000005,7.78195,0.37,0.37
16.08.2021 00:21:36.098,7.7824800000000005,7.781960000000001,0.37,0.37
16.08.2021 00:21:38.104,7.782430000000001,7.781960000000001,0.37,0.37
16.08.2021 00:21:45.397,7.782430000000001,7.78192,0.37,0.75
16.08.2021 00:21:50.000,7.782430000000001,7.7819,0.37,0.75
16.08.2021 00:21:53.252,7.782430000000001,7.781980000000001,0.37,0.37
16.08.2021 00:21:54.137,7.782460000000001,7.781980000000001,0.37,0.37
16.08.2021 00:21:56.211,7.782460000000001,7.78197,0.37,0.37
16.08.2021 00:22:03.713,7.782460000000001,7.781960000000001,0.37,0.37
16.08.2021 00:22:12.889,7.782460000000001,7.78192,0.37,0.75
16.08.2021 00:22:14.174,7.7824800000000005,7.78192,0.37,0.75
16.08.2021 00:22:45.238,7.782510000000001,7.78192,0.37,0.75
16.08.2021 00:23:16.302,7.782500000000001,7.78194,0.37,0.37
16.08.2021 00:23:17.322,7.7824800000000005,7.78194,0.37,0.37
16.08.2021 00:23:32.490,7.782500000000001,7.78194,0.37,0.37
16.08.2021 00:23:45.365,7.782500000000001,7.78192,0.37,1.12
16.08.2021 00:23:52.376,7.78253,7.781930000000001,0.45,0.37
16.08.2021 00:24:31.453,7.78252,7.78194,0.37,0.37
16.08.2021 00:24:52.218,7.782680000000001,7.78192,0.75,0.75
16.08.2021 00:24:52.724,7.782680000000001,7.78192,0.85,0.75
16.08.2021 00:25:54.964,7.78253,7.78192,0.37,0.75
16.08.2021 00:28:09.236,7.782680000000001,7.78192,0.75,0.75
16.08.2021 00:28:16.103,7.7825500000000005,7.781930000000001,0.75,0.75
16.08.2021 00:28:16.254,7.78257,7.781930000000001,0.85,1.22
16.08.2021 00:28:16.392,7.78257,7.781930000000001,0.82,1.22
16.08.2021 00:28:21.350,7.78257,7.781930000000001,0.82,0.85
16.08.2021 00:28:29.825,7.78257,7.781930000000001,0.85,0.85
16.08.2021 00:28:31.939,7.78257,7.782,0.85,0.37
16.08.2021 00:28:48.974,7.782560000000001,7.781960000000001,0.45,0.37
16.08.2021 00:28:49.977,7.78257,7.78197,0.47,0.37
16.08.2021 00:29:17.241,7.78269,7.7818700000000005,0.85,0.85
16.08.2021 00:29:21.878,7.7825500000000005,7.781880000000001,0.75,0.85
16.08.2021 00:29:21.929,7.78253,7.78195,0.75,0.37
16.08.2021 00:29:22.080,7.78253,7.78194,0.75,0.45
16.08.2021 00:29:26.052,7.78253,7.78195,0.75,0.37
16.08.2021 00:29:27.053,7.78253,7.7819899999999995,0.75,0.37
16.08.2021 00:29:39.075,7.78253,7.782,0.75,0.37
16.08.2021 00:29:40.083,7.78253,7.7820100000000005,0.75,0.37
16.08.2021 00:29:42.029,7.78253,7.78202,0.75,0.37
16.08.2021 00:29:49.677,7.78259,7.78202,0.47,0.37
16.08.2021 00:30:39.147,7.78259,7.78202,0.47,0.37
16.08.2021 00:30:45.658,7.782630000000001,7.78192,0.85,0.85
16.08.2021 00:31:03.672,7.78265,7.78192,0.85,0.85
16.08.2021 00:31:53.378,7.7826,7.782030000000001,0.47,0.37
16.08.2021 00:31:53.690,7.7826,7.782030000000001,0.47,0.37
16.08.2021 00:31:54.068,7.7826,7.782030000000001,0.47,0.37
16.08.2021 00:31:54.321,7.7826,7.782030000000001,0.47,0.37
16.08.2021 00:31:54.372,7.78259,7.78197,0.47,0.37
16.08.2021 00:31:55.355,7.78253,7.78197,0.75,0.37
16.08.2021 00:32:04.273,7.78253,7.78194,0.75,0.37
16.08.2021 00:32:05.281,7.78249,7.78194,0.37,0.37
16.08.2021 00:32:06.283,7.782500000000001,7.78195,0.37,0.37
16.08.2021 00:32:08.293,7.78249,7.78194,0.37,0.37
16.08.2021 00:32:08.592,7.78253,7.78195,0.75,0.37
16.08.2021 00:32:09.555,7.78253,7.781960000000001,0.75,0.37
16.08.2021 00:32:10.558,7.78253,7.78197,0.75,0.37
16.08.2021 00:32:12.569,7.78253,7.7820100000000005,0.75,0.37
16.08.2021 00:32:20.599,7.78253,7.78202,0.75,0.37
16.08.2021 00:33:25.658,7.78253,7.78192,0.75,0.75
16.08.2021 00:34:08.496,7.78253,7.78192,0.75,0.85
16.08.2021 00:34:09.626,7.78253,7.782,0.75,0.37
16.08.2021 00:34:29.000,7.78258,7.782,0.47,0.37
16.08.2021 00:34:31.329,7.78258,7.782,0.47,0.37
16.08.2021 00:34:31.671,7.78259,7.7820100000000005,0.47,0.37
16.08.2021 00:35:32.797,7.7826,7.78202,0.37,0.37
16.08.2021 00:36:09.278,7.78267,7.78192,0.37,0.75
16.08.2021 00:36:10.876,7.782660000000001,7.78192,0.37,0.75
16.08.2021 00:37:08.585,7.782660000000001,7.78192,0.47,0.82
16.08.2021 00:37:15.657,7.78265,7.782,1.22,0.37
16.08.2021 00:37:29.572,7.78265,7.782,1.22,0.37
16.08.2021 00:37:30.034,7.7826,7.7820100000000005,0.47,0.37
16.08.2021 00:38:30.283,7.782680000000001,7.78192,0.75,0.75
16.08.2021 00:38:30.333,7.782680000000001,7.78192,0.85,0.85
16.08.2021 00:39:31.299,7.782680000000001,7.78192,0.75,0.75
16.08.2021 00:39:31.350,7.782610000000001,7.78202,0.37,0.37
16.08.2021 00:40:08.541,7.782610000000001,7.78202,0.47,0.37
16.08.2021 00:40:13.971,7.7826,7.78202,0.47,0.37
16.08.2021 00:40:14.364,7.782610000000001,7.782030000000001,0.47,0.37
16.08.2021 00:40:19.489,7.7826,7.78194,0.47,0.47
16.08.2021 00:40:20.469,7.78254,7.781980000000001,0.37,0.37
16.08.2021 00:41:14.301,7.782680000000001,7.78192,0.75,0.75
16.08.2021 00:41:14.555,7.782630000000001,7.78192,0.75,0.75
16.08.2021 00:42:04.469,7.78252,7.78192,0.75,0.85
16.08.2021 00:42:51.776,7.782630000000001,7.78192,0.35,1.04
16.08.2021 00:43:05.314,7.782630000000001,7.78192,0.25,0.94
16.08.2021 00:43:05.423,7.782680000000001,7.78192,0.75,0.75
16.08.2021 00:43:15.857,7.78252,7.78192,0.75,0.75
16.08.2021 00:43:16.869,7.78252,7.78194,0.75,0.37
16.08.2021 00:43:17.874,7.78247,7.78194,0.37,0.37
16.08.2021 00:43:57.197,7.78252,7.78192,0.75,0.82
16.08.2021 00:43:57.302,7.78252,7.78192,0.75,0.85
16.08.2021 00:44:26.972,7.78252,7.781960000000001,0.75,0.37
16.08.2021 00:44:27.939,7.78252,7.78197,0.75,0.37
16.08.2021 00:44:42.501,7.78254,7.78197,0.75,0.37
16.08.2021 00:44:42.652,7.78257,7.78197,0.75,0.47
16.08.2021 00:44:43.015,7.78257,7.781980000000001,1.12,0.47
16.08.2021 00:44:43.457,7.78257,7.781980000000001,1.12,0.45
16.08.2021 00:44:43.709,7.782560000000001,7.7819899999999995,0.75,0.37
16.08.2021 00:44:44.833,7.782560000000001,7.782,0.75,0.37
16.08.2021 00:44:48.344,7.78254,7.782,0.75,0.37
16.08.2021 00:44:48.445,7.782560000000001,7.782,0.75,0.37
16.08.2021 00:44:48.565,7.7825500000000005,7.782,0.75,0.37
16.08.2021 00:44:50.371,7.7825500000000005,7.782039999999999,0.75,0.37
16.08.2021 00:44:53.657,7.78254,7.782039999999999,0.75,0.37
16.08.2021 00:45:23.160,7.78262,7.782039999999999,0.47,0.37
16.08.2021 00:45:49.336,7.782660000000001,7.78192,0.85,0.85
16.08.2021 00:45:55.658,7.782660000000001,7.78192,0.75,0.75
16.08.2021 00:46:40.134,7.78259,7.78192,0.75,0.75
16.08.2021 00:46:40.235,7.78252,7.781910000000001,0.75,0.85
16.08.2021 00:46:42.224,7.782510000000001,7.782039999999999,0.37,0.37
16.08.2021 00:46:43.152,7.782510000000001,7.782050000000001,0.37,0.37
16.08.2021 00:47:23.234,7.782500000000001,7.782050000000001,0.37,0.37
16.08.2021 00:47:39.805,7.78252,7.782050000000001,0.75,0.37
16.08.2021 00:47:40.101,7.78252,7.781980000000001,0.75,0.37
16.08.2021 00:47:40.202,7.78254,7.781980000000001,0.75,0.37
16.08.2021 00:48:00.110,7.78259,7.781980000000001,0.47,0.37
16.08.2021 00:48:29.822,7.7824800000000005,7.781980000000001,0.37,0.37
16.08.2021 00:48:32.891,7.7824800000000005,7.782030000000001,0.37,0.37
16.08.2021 00:48:54.390,7.78249,7.781960000000001,0.37,0.37
16.08.2021 00:49:04.101,7.78253,7.782039999999999,0.37,0.37
16.08.2021 00:49:05.058,7.782510000000001,7.78202,0.37,0.37
16.08.2021 00:49:10.955,7.782510000000001,7.78194,0.37,0.45
16.08.2021 00:49:11.960,7.782500000000001,7.78194,0.37,0.45
16.08.2021 00:49:12.965,7.78247,7.78194,0.37,0.45
16.08.2021 00:50:15.350,7.78257,7.78192,0.85,0.85
16.08.2021 00:50:16.584,7.78252,7.78194,0.37,0.47
16.08.2021 00:50:33.832,7.78252,7.78195,0.37,0.47
16.08.2021 00:50:59.573,7.78252,7.782050000000001,0.37,0.37
16.08.2021 00:51:00.532,7.78252,7.782030000000001,0.37,0.37
16.08.2021 00:51:04.682,7.782510000000001,7.782039999999999,0.37,0.37
16.08.2021 00:51:08.692,7.78252,7.782030000000001,0.37,0.37
16.08.2021 00:51:19.714,7.782510000000001,7.782039999999999,0.37,0.37
16.08.2021 00:51:40.754,7.78252,7.78202,0.37,0.37
16.08.2021 00:51:46.676,7.78257,7.78194,1.22,0.47
16.08.2021 00:51:46.727,7.78235,7.78209,0.75,0.75
16.08.2021 00:51:46.892,7.7823,7.782039999999999,0.75,0.75
16.08.2021 00:51:49.840,7.78225,7.7819899999999995,0.75,0.75
16.08.2021 00:51:50.186,7.7823,7.782039999999999,0.75,0.75
16.08.2021 00:51:52.873,7.78225,7.7819899999999995,0.75,0.75
16.08.2021 00:51:53.024,7.7823,7.782039999999999,0.75,0.75
16.08.2021 00:52:05.401,7.78242,7.7819899999999995,0.37,0.37
16.08.2021 00:52:05.452,7.7824800000000005,7.781960000000001,0.75,0.45
16.08.2021 00:52:05.553,7.7824800000000005,7.78197,0.75,0.75
16.08.2021 00:52:05.694,7.782500000000001,7.78197,0.75,0.75
16.08.2021 00:52:09.668,7.7824800000000005,7.78197,0.75,0.75
16.08.2021 00:52:23.259,7.7823,7.782039999999999,0.75,0.75
16.08.2021 00:52:24.289,7.78252,7.781960000000001,0.82,0.45
16.08.2021 00:52:24.502,7.78252,7.78197,0.45,0.37
16.08.2021 00:52:29.008,7.7823,7.782039999999999,0.75,0.75
16.08.2021 00:52:55.756,7.7823,7.782060000000001,0.75,0.75
16.08.2021 00:53:03.225,7.782460000000001,7.782160000000001,0.75,0.75
16.08.2021 00:53:03.275,7.78235,7.782110000000001,0.75,0.75
16.08.2021 00:53:03.326,7.782460000000001,7.7822000000000005,0.75,0.75
16.08.2021 00:53:03.376,7.78235,7.782110000000001,0.75,0.75
16.08.2021 00:53:03.488,7.782450000000001,7.782210000000001,0.75,0.75
16.08.2021 00:53:06.744,7.782500000000001,7.782210000000001,0.75,0.75
16.08.2021 00:53:06.875,7.782500000000001,7.782260000000001,0.75,0.75
16.08.2021 00:53:13.041,7.7826,7.782360000000001,0.75,0.75
16.08.2021 00:53:50.553,7.782789999999999,7.782280000000001,0.75,0.37
16.08.2021 00:53:50.751,7.7826,7.782360000000001,0.75,0.75
16.08.2021 00:53:53.516,7.782560000000001,7.782310000000001,0.75,0.75
16.08.2021 00:54:19.424,7.7825500000000005,7.782310000000001,0.75,0.75
16.08.2021 00:55:05.446,7.7826,7.782360000000001,0.75,0.75
16.08.2021 00:55:05.597,7.782560000000001,7.78232,0.75,0.75
16.08.2021 00:55:15.677,7.782560000000001,7.78234,0.75,0.75
16.08.2021 00:56:07.524,7.78262,7.78235,0.75,0.75
16.08.2021 00:56:07.575,7.78267,7.7824,0.75,0.75
16.08.2021 00:56:07.677,7.78262,7.7823899999999995,0.75,0.75
16.08.2021 00:56:07.783,7.78257,7.78234,0.75,0.75
16.08.2021 00:56:07.921,7.78262,7.7823899999999995,0.75,0.75
16.08.2021 00:56:08.080,7.782630000000001,7.7823899999999995,0.75,0.75
16.08.2021 00:57:30.052,7.782730000000001,7.782460000000001,0.75,0.75
16.08.2021 00:57:30.153,7.782730000000001,7.782500000000001,0.75,0.75
16.08.2021 00:57:30.303,7.782780000000001,7.7825500000000005,0.75,0.75
16.08.2021 00:57:43.298,7.7828,7.7825500000000005,0.75,0.75
16.08.2021 00:57:56.395,7.782850000000001,7.7826,0.75,0.75
16.08.2021 00:58:11.439,7.78297,7.78264,0.45,0.75
16.08.2021 00:58:11.539,7.7829500000000005,7.7827,0.75,0.75
16.08.2021 00:58:11.640,7.78317,7.78259,0.75,0.85
16.08.2021 00:58:11.691,7.78322,7.782610000000001,0.75,0.85
16.08.2021 00:58:11.841,7.78332,7.78267,0.75,0.85
16.08.2021 00:58:12.043,7.78333,7.782710000000001,0.75,0.47
16.08.2021 00:58:12.193,7.78334,7.782760000000001,0.75,0.85
16.08.2021 00:58:12.244,7.78334,7.782760000000001,0.75,0.85
16.08.2021 00:58:12.354,7.78334,7.782760000000001,0.75,0.85
16.08.2021 00:58:12.716,7.78334,7.782760000000001,0.75,0.85
16.08.2021 00:58:17.331,7.78334,7.78277,0.75,0.85
16.08.2021 00:58:22.128,7.78334,7.78277,0.75,0.85
16.08.2021 00:58:24.029,7.78335,7.782780000000001,0.37,0.85
16.08.2021 00:58:24.079,7.78335,7.782789999999999,0.37,0.85
16.08.2021 00:58:24.191,7.783360000000001,7.782789999999999,0.75,0.85
16.08.2021 00:58:24.292,7.783410000000001,7.782810000000001,0.37,0.85
16.08.2021 00:58:24.553,7.783410000000001,7.782810000000001,0.37,0.85
16.08.2021 00:58:24.764,7.783410000000001,7.782810000000001,0.37,0.85
16.08.2021 00:58:25.509,7.7834200000000004,7.78284,1.12,0.85
16.08.2021 00:58:25.560,7.7834200000000004,7.78284,1.12,0.85
16.08.2021 00:58:25.685,7.7834200000000004,7.78284,1.12,0.85
16.08.2021 00:58:26.712,7.7834200000000004,7.78284,1.12,0.85
16.08.2021 00:58:26.965,7.7834200000000004,7.78282,1.12,0.85
16.08.2021 00:58:27.581,7.783430000000001,7.78284,1.12,0.85
16.08.2021 00:58:27.711,7.783430000000001,7.78284,1.12,0.85
16.08.2021 00:58:28.008,7.783430000000001,7.78282,1.12,0.85
16.08.2021 00:58:28.281,7.783430000000001,7.7828,1.12,1.6
16.08.2021 00:58:29.031,7.783430000000001,7.782830000000001,1.12,0.85
16.08.2021 00:58:29.279,7.783430000000001,7.782830000000001,1.12,0.85
16.08.2021 00:58:29.639,7.783430000000001,7.782830000000001,1.12,0.85
16.08.2021 00:58:29.690,7.783430000000001,7.78282,1.12,1.6
16.08.2021 00:58:30.587,7.7834200000000004,7.78284,0.37,0.85
16.08.2021 00:58:30.688,7.7834200000000004,7.782810000000001,0.37,0.85
16.08.2021 00:58:31.179,7.7834200000000004,7.78284,0.37,0.85
16.08.2021 00:58:31.587,7.7834200000000004,7.78284,0.37,0.85
16.08.2021 00:58:31.765,7.7834200000000004,7.782830000000001,0.37,0.85
16.08.2021 00:58:32.108,7.7834200000000004,7.78282,0.37,0.85
16.08.2021 00:58:33.065,7.7834200000000004,7.78282,0.37,0.85
16.08.2021 00:58:33.191,7.7834200000000004,7.782810000000001,0.37,0.85
16.08.2021 00:58:33.591,7.783430000000001,7.7828,0.75,1.22
16.08.2021 00:58:33.716,7.783430000000001,7.78282,0.75,0.85
16.08.2021 00:58:34.189,7.783430000000001,7.78282,0.75,0.85
16.08.2021 00:58:34.290,7.783430000000001,7.782810000000001,0.75,0.85
16.08.2021 00:58:34.594,7.7834200000000004,7.782810000000001,0.37,0.85
16.08.2021 00:58:35.264,7.7834200000000004,7.782810000000001,0.37,0.85
16.08.2021 00:58:35.731,7.7834200000000004,7.782789999999999,0.37,1.22
16.08.2021 00:58:36.204,7.7834200000000004,7.7828,0.37,0.47
16.08.2021 00:58:36.599,7.783430000000001,7.7828,0.75,0.47
16.08.2021 00:58:36.749,7.783430000000001,7.7828,0.75,0.47
16.08.2021 00:58:37.765,7.783430000000001,7.7828,0.75,0.47
16.08.2021 00:58:38.080,7.783430000000001,7.782780000000001,0.75,3.1
16.08.2021 00:58:38.181,7.783430000000001,7.782810000000001,0.75,0.85
16.08.2021 00:58:38.607,7.7834200000000004,7.782810000000001,0.37,0.85
16.08.2021 00:58:39.136,7.7834200000000004,7.782810000000001,0.37,0.85
16.08.2021 00:58:39.244,7.7834200000000004,7.782810000000001,0.37,0.85
16.08.2021 00:58:39.711,7.783430000000001,7.782830000000001,1.12,0.85
16.08.2021 00:58:40.247,7.783430000000001,7.782830000000001,1.12,0.85
16.08.2021 00:58:40.350,7.783430000000001,7.782830000000001,1.12,0.85
16.08.2021 00:58:41.614,7.7834200000000004,7.782830000000001,0.37,0.85
16.08.2021 00:58:46.737,7.7834200000000004,7.782860000000001,0.37,0.85
16.08.2021 00:58:47.619,7.783410000000001,7.782860000000001,0.37,0.85
16.08.2021 00:58:47.720,7.7834,7.7829500000000005,0.37,0.37
16.08.2021 00:58:48.663,7.783480000000001,7.782850000000001,0.75,1.6
16.08.2021 00:58:48.763,7.78349,7.782860000000001,1.12,0.85
16.08.2021 00:58:48.814,7.783480000000001,7.78282,0.75,0.47
16.08.2021 00:58:48.864,7.783460000000001,7.78282,0.75,0.47
16.08.2021 00:58:49.084,7.78345,7.78282,0.75,0.47
16.08.2021 00:58:49.134,7.783480000000001,7.78282,1.5,0.47
16.08.2021 00:58:49.185,7.78349,7.78282,0.37,0.47
16.08.2021 00:58:49.409,7.783510000000001,7.782830000000001,0.75,1.97
16.08.2021 00:58:49.570,7.78352,7.782830000000001,0.75,1.6
16.08.2021 00:58:49.670,7.7835,7.782830000000001,0.75,1.97
16.08.2021 00:58:50.114,7.7835,7.782830000000001,0.75,2.72
16.08.2021 00:58:50.269,7.7835,7.78287,0.75,0.75
16.08.2021 00:58:50.411,7.7835,7.78287,0.75,1.6
16.08.2021 00:58:51.207,7.78352,7.78287,0.75,1.6
16.08.2021 00:58:51.257,7.78352,7.78287,0.75,1.6
16.08.2021 00:58:51.515,7.78352,7.78289,0.75,0.47
16.08.2021 00:58:51.679,7.78352,7.78289,0.75,1.22
16.08.2021 00:58:52.628,7.783530000000001,7.782900000000001,1.12,0.85
16.08.2021 00:58:52.779,7.783530000000001,7.782900000000001,0.37,0.85
16.08.2021 00:58:52.879,7.78362,7.78293,1.5,2.72
16.08.2021 00:58:52.980,7.78364,7.78298,0.75,1.97
16.08.2021 00:58:53.157,7.78364,7.78298,0.75,1.6
16.08.2021 00:58:53.258,7.783650000000001,7.78298,1.12,1.6
16.08.2021 00:58:53.376,7.78364,7.78298,0.75,1.97
16.08.2021 00:58:53.426,7.78364,7.78298,0.75,1.97
16.08.2021 00:58:53.784,7.78364,7.78298,0.75,1.97
16.08.2021 00:58:54.250,7.7836300000000005,7.78298,0.37,1.97
16.08.2021 00:58:55.155,7.7836300000000005,7.78298,0.37,1.97
16.08.2021 00:58:55.306,7.7836300000000005,7.78298,0.37,1.6
16.08.2021 00:58:55.639,7.78364,7.78298,0.75,1.6
16.08.2021 00:58:55.690,7.7836300000000005,7.78298,0.75,1.6
16.08.2021 00:58:59.631,7.7836300000000005,7.78298,0.75,1.6
16.08.2021 00:59:04.431,7.7836300000000005,7.78298,0.75,1.6
16.08.2021 00:59:10.318,7.78364,7.78304,0.75,0.47
16.08.2021 00:59:10.481,7.78367,7.78298,0.75,0.47
16.08.2021 00:59:10.822,7.783660000000001,7.783,0.75,0.47
16.08.2021 00:59:10.923,7.783650000000001,7.7830200000000005,0.75,0.37
16.08.2021 00:59:11.066,7.78364,7.78293,0.75,0.47
16.08.2021 00:59:11.173,7.78367,7.78293,0.75,0.47
16.08.2021 00:59:11.224,7.78367,7.78293,0.75,0.47
16.08.2021 00:59:18.844,7.78367,7.78297,0.75,0.47
16.08.2021 00:59:19.969,7.783710000000001,7.782960000000001,0.75,1.22
16.08.2021 00:59:20.069,7.7838,7.78298,0.75,0.85
16.08.2021 00:59:20.120,7.783760000000001,7.78304,0.75,0.47
16.08.2021 00:59:20.220,7.783780000000001,7.783080000000001,0.75,1.6
16.08.2021 00:59:20.371,7.7837700000000005,7.783080000000001,0.75,1.97
16.08.2021 00:59:35.454,7.7837700000000005,7.78322,0.75,0.37
16.08.2021 00:59:40.619,7.78357,7.78322,0.75,0.37
16.08.2021 00:59:40.670,7.78357,7.783080000000001,0.75,1.5
16.08.2021 00:59:40.771,7.783610000000001,7.78293,0.75,1.6
16.08.2021 00:59:40.829,7.783610000000001,7.78293,0.75,1.6
16.08.2021 00:59:40.954,7.783610000000001,7.78292,0.75,0.85
16.08.2021 00:59:44.331,7.783610000000001,7.78293,0.75,1.6
16.08.2021 00:59:48.341,7.78362,7.7829500000000005,0.75,0.85
16.08.2021 00:59:48.442,7.78345,7.783200000000001,0.75,0.75
16.08.2021 01:00:08.565,7.78364,7.783030000000001,0.75,1.6
16.08.2021 01:00:08.668,7.78364,7.783030000000001,0.75,1.6
16.08.2021 01:00:10.936,7.7836300000000005,7.78307,0.75,0.47
16.08.2021 01:00:11.036,7.78362,7.7831399999999995,0.75,0.45
16.08.2021 01:00:12.611,7.783600000000001,7.7831399999999995,0.37,0.45
16.08.2021 01:00:15.110,7.783580000000001,7.7831399999999995,0.37,0.45
16.08.2021 01:00:17.584,7.78362,7.7831399999999995,1.12,0.45
16.08.2021 01:00:18.553,7.783580000000001,7.7831399999999995,0.75,0.45
16.08.2021 01:00:18.657,7.78345,7.783200000000001,0.75,0.75
16.08.2021 01:00:24.935,7.783610000000001,7.7831399999999995,0.37,0.45
16.08.2021 01:00:25.089,7.78345,7.783200000000001,0.75,0.75
16.08.2021 01:00:28.240,7.783460000000001,7.783200000000001,0.75,0.75
16.08.2021 01:00:44.306,7.783610000000001,7.7831399999999995,0.37,0.45
16.08.2021 01:00:44.357,7.783610000000001,7.783180000000001,1.12,0.37
16.08.2021 01:00:44.877,7.783600000000001,7.783180000000001,0.37,0.37
16.08.2021 01:00:45.826,7.783600000000001,7.7831399999999995,0.37,0.45
16.08.2021 01:00:47.605,7.78359,7.7831399999999995,0.37,0.45
16.08.2021 01:00:47.706,7.783580000000001,7.7831399999999995,0.37,0.47
16.08.2021 01:00:48.674,7.783600000000001,7.7831399999999995,0.37,0.47
16.08.2021 01:00:49.676,7.78359,7.7831399999999995,0.37,0.47
16.08.2021 01:00:50.776,7.783580000000001,7.7831399999999995,0.37,0.47
16.08.2021 01:00:52.873,7.78357,7.7831399999999995,0.37,0.47
16.08.2021 01:00:58.395,7.783460000000001,7.783200000000001,0.75,0.75
16.08.2021 01:01:15.225,7.78357,7.78315,1.12,0.37
16.08.2021 01:01:15.376,7.783560000000001,7.78315,0.75,0.37
16.08.2021 01:01:15.527,7.78357,7.78315,1.12,0.37
16.08.2021 01:01:15.726,7.78357,7.78293,1.12,0.85
16.08.2021 01:01:15.827,7.78357,7.78293,1.12,0.85
16.08.2021 01:01:19.007,7.783560000000001,7.782910000000001,0.37,0.85
16.08.2021 01:01:19.431,7.783560000000001,7.782910000000001,0.37,0.85
16.08.2021 01:01:20.009,7.78355,7.782910000000001,0.37,1.22
16.08.2021 01:01:23.331,7.78355,7.78292,0.37,0.47
16.08.2021 01:01:32.331,7.78355,7.78292,0.37,0.47
16.08.2021 01:01:34.722,7.78355,7.78292,0.37,0.47
16.08.2021 01:01:35.042,7.78355,7.78292,0.37,0.47
16.08.2021 01:01:35.960,7.783530000000001,7.78293,0.37,0.47
16.08.2021 01:01:36.965,7.78352,7.78293,0.37,0.47
16.08.2021 01:01:38.032,7.78352,7.78293,0.37,0.47
16.08.2021 01:01:38.473,7.78352,7.78293,0.37,0.47
16.08.2021 01:01:42.076,7.7835,7.78293,0.37,0.47
16.08.2021 01:01:42.831,7.7835,7.78293,0.37,0.47
16.08.2021 01:01:43.410,7.783560000000001,7.78292,0.37,0.47
16.08.2021 01:01:44.376,7.78355,7.78292,0.37,0.47
16.08.2021 01:01:45.378,7.7835399999999995,7.78292,0.37,0.47
16.08.2021 01:01:46.570,7.7835399999999995,7.78292,0.37,0.47
16.08.2021 01:01:47.733,7.7835399999999995,7.78292,1.12,0.47
16.08.2021 01:01:47.783,7.78352,7.78292,0.75,0.47
16.08.2021 01:01:47.884,7.78352,7.78292,0.75,0.47
16.08.2021 01:01:48.128,7.783510000000001,7.78292,0.75,0.47
16.08.2021 01:01:48.279,7.783510000000001,7.78292,0.75,0.47
16.08.2021 01:01:48.442,7.783510000000001,7.78292,0.75,0.47
16.08.2021 01:01:48.987,7.783480000000001,7.78287,0.37,0.47
16.08.2021 01:01:49.932,7.783360000000001,7.7831,0.75,0.75
16.08.2021 01:02:10.848,7.783530000000001,7.78304,0.75,0.37
16.08.2021 01:02:15.500,7.78355,7.7831,1.12,0.37
16.08.2021 01:02:15.856,7.78347,7.783200000000001,0.75,0.75
16.08.2021 01:02:16.373,7.78347,7.78322,0.75,0.37
16.08.2021 01:02:17.831,7.78347,7.783200000000001,0.75,1.12
16.08.2021 01:02:24.965,7.78357,7.783180000000001,0.37,0.37
16.08.2021 01:02:25.875,7.783600000000001,7.783180000000001,0.37,0.37
16.08.2021 01:02:26.160,7.783600000000001,7.783189999999999,0.37,0.37
16.08.2021 01:02:27.611,7.783600000000001,7.783210000000001,0.37,0.37
16.08.2021 01:02:27.879,7.78362,7.783210000000001,0.37,0.37
16.08.2021 01:02:30.199,7.783600000000001,7.783210000000001,0.75,0.37
16.08.2021 01:02:31.546,7.783600000000001,7.783180000000001,1.12,0.37
16.08.2021 01:02:32.115,7.783580000000001,7.783180000000001,0.37,0.37
16.08.2021 01:02:46.003,7.78347,7.783200000000001,0.75,0.75
16.08.2021 01:04:40.583,7.783410000000001,7.783189999999999,0.75,0.75
16.08.2021 01:04:40.684,7.78355,7.7831399999999995,0.75,0.37
16.08.2021 01:04:41.126,7.78355,7.783,0.75,0.37
16.08.2021 01:04:42.114,7.78355,7.78293,1.12,2.35
16.08.2021 01:04:44.331,7.78355,7.78293,0.75,2.35
16.08.2021 01:04:45.963,7.78355,7.78294,0.37,0.85
16.08.2021 01:04:46.013,7.783360000000001,7.7831399999999995,0.75,0.75
16.08.2021 01:05:00.697,7.78355,7.782960000000001,1.12,0.47
16.08.2021 01:05:00.799,7.78355,7.782960000000001,1.12,0.47
16.08.2021 01:05:12.399,7.7835399999999995,7.78297,0.37,0.47
16.08.2021 01:05:16.042,7.78349,7.78298,0.37,0.47
16.08.2021 01:05:17.072,7.783360000000001,7.7831399999999995,0.75,0.75
16.08.2021 01:05:37.940,7.783310000000001,7.78309,0.75,0.75
16.08.2021 01:05:38.141,7.783480000000001,7.78298,0.75,0.37
16.08.2021 01:05:38.469,7.783480000000001,7.78292,0.75,0.47
16.08.2021 01:05:41.330,7.783480000000001,7.782910000000001,0.75,1.22
16.08.2021 01:05:44.602,7.783480000000001,7.782910000000001,0.75,2.35
16.08.2021 01:05:45.376,7.783480000000001,7.782910000000001,0.75,0.85
16.08.2021 01:06:36.569,7.78347,7.78292,0.37,0.47
16.08.2021 01:06:37.570,7.783480000000001,7.782910000000001,0.75,0.85
16.08.2021 01:06:42.550,7.783260000000001,7.78304,0.75,0.75
16.08.2021 01:06:45.644,7.783310000000001,7.78309,0.75,0.75
16.08.2021 01:06:47.576,7.783360000000001,7.7831399999999995,0.75,0.75
16.08.2021 01:06:47.746,7.783410000000001,7.783189999999999,0.75,0.75
16.08.2021 01:06:50.525,7.783460000000001,7.78324,0.75,0.75
16.08.2021 01:06:55.768,7.783510000000001,7.78329,0.75,0.75
16.08.2021 01:07:28.979,7.783460000000001,7.78324,0.75,0.37
16.08.2021 01:07:29.029,7.783560000000001,7.783210000000001,0.37,0.37
16.08.2021 01:07:29.080,7.78345,7.783210000000001,0.37,0.37
16.08.2021 01:07:29.477,7.783310000000001,7.78309,0.75,0.75
16.08.2021 01:07:32.729,7.783260000000001,7.78304,0.75,0.75
16.08.2021 01:07:32.780,7.78344,7.783010000000001,2.32,0.37
16.08.2021 01:07:32.830,7.7834200000000004,7.783010000000001,2.32,0.37
16.08.2021 01:07:32.931,7.78327,7.783010000000001,0.37,0.37
16.08.2021 01:07:33.475,7.7831600000000005,7.78294,0.75,0.75
16.08.2021 01:07:33.824,7.7831600000000005,7.782900000000001,0.75,0.75
16.08.2021 01:07:35.925,7.783260000000001,7.78304,0.75,0.75
16.08.2021 01:07:36.437,7.783310000000001,7.783060000000001,0.75,0.75
16.08.2021 01:07:36.538,7.783310000000001,7.78309,0.75,0.75
16.08.2021 01:07:41.991,7.78347,7.783,0.75,0.37
16.08.2021 01:07:42.042,7.78344,7.783,0.75,0.37
16.08.2021 01:07:42.269,7.78347,7.78287,0.75,0.85
16.08.2021 01:07:42.319,7.78345,7.7828800000000005,0.75,0.82
16.08.2021 01:07:42.420,7.78317,7.7828800000000005,0.3,0.85
16.08.2021 01:07:42.470,7.783460000000001,7.7828800000000005,0.75,0.82
16.08.2021 01:07:42.819,7.78347,7.78287,0.75,0.85
16.08.2021 01:07:43.497,7.783460000000001,7.78287,0.37,0.85
16.08.2021 01:07:45.503,7.78345,7.78287,0.37,0.85
16.08.2021 01:07:46.683,7.78345,7.78287,0.37,0.85
16.08.2021 01:07:47.331,7.78345,7.78287,0.37,0.85
16.08.2021 01:07:47.457,7.78344,7.782850000000001,0.75,0.47
16.08.2021 01:07:47.558,7.78347,7.782860000000001,1.12,0.85
16.08.2021 01:07:47.609,7.78344,7.782830000000001,0.75,0.85
16.08.2021 01:07:47.697,7.78347,7.7828800000000005,0.37,0.85
16.08.2021 01:07:47.747,7.783110000000001,7.7828800000000005,0.75,0.75
16.08.2021 01:07:47.797,7.783110000000001,7.78284,0.75,0.75
16.08.2021 01:07:48.111,7.78317,7.78284,0.82,0.75
16.08.2021 01:07:48.162,7.783110000000001,7.78284,0.75,0.75
16.08.2021 01:07:49.659,7.78317,7.78284,0.82,0.75
16.08.2021 01:07:49.710,7.783210000000001,7.782960000000001,0.75,0.75
16.08.2021 01:07:50.725,7.783310000000001,7.782960000000001,0.75,0.75
16.08.2021 01:07:50.826,7.783360000000001,7.78287,0.37,0.85
16.08.2021 01:07:50.877,7.783430000000001,7.7828800000000005,0.37,0.82
16.08.2021 01:07:51.058,7.783430000000001,7.7828800000000005,0.37,0.85
16.08.2021 01:07:52.725,7.78344,7.7828800000000005,0.37,0.85
16.08.2021 01:07:55.027,7.78344,7.7828800000000005,0.37,0.85
16.08.2021 01:07:55.078,7.783460000000001,7.7828800000000005,0.37,0.85
16.08.2021 01:07:55.179,7.78345,7.78284,0.75,0.85
16.08.2021 01:07:55.330,7.78307,7.78282,0.75,0.82
16.08.2021 01:07:55.431,7.783060000000001,7.7828,0.75,0.75
16.08.2021 01:07:55.482,7.782960000000001,7.782780000000001,0.75,0.37
16.08.2021 01:07:55.583,7.782960000000001,7.7827399999999995,0.75,0.75
16.08.2021 01:07:56.334,7.782910000000001,7.782730000000001,0.75,0.45
16.08.2021 01:07:57.645,7.78297,7.7827399999999995,0.75,0.75
16.08.2021 01:07:57.696,7.78317,7.782730000000001,0.45,0.45
16.08.2021 01:07:57.796,7.783060000000001,7.78284,0.75,0.75
16.08.2021 01:08:09.732,7.7831600000000005,7.78292,0.75,0.75
16.08.2021 01:08:09.783,7.7831600000000005,7.78294,0.75,0.75
16.08.2021 01:08:09.884,7.783210000000001,7.78299,0.75,0.75
16.08.2021 01:08:14.772,7.783260000000001,7.7830200000000005,0.75,0.75
16.08.2021 01:08:14.822,7.783210000000001,7.78299,0.75,0.75
16.08.2021 01:08:17.014,7.783260000000001,7.7830200000000005,0.75,0.75
16.08.2021 01:08:17.115,7.783210000000001,7.78299,0.75,0.75
16.08.2021 01:08:25.876,7.783260000000001,7.7830200000000005,0.75,0.75
16.08.2021 01:08:26.115,7.783260000000001,7.78304,0.75,0.75
16.08.2021 01:08:26.317,7.783310000000001,7.783060000000001,0.75,0.75
16.08.2021 01:08:26.417,7.7834200000000004,7.7830200000000005,0.37,0.37
16.08.2021 01:08:27.467,7.78347,7.7830200000000005,0.75,0.37
16.08.2021 01:08:27.821,7.78347,7.782960000000001,0.75,0.47
16.08.2021 01:08:35.270,7.783460000000001,7.782960000000001,0.75,0.47
16.08.2021 01:08:35.371,7.783460000000001,7.782960000000001,0.75,0.47
16.08.2021 01:08:35.421,7.7834,7.783010000000001,0.37,0.37
16.08.2021 01:08:43.825,7.78339,7.7830200000000005,0.37,0.37
16.08.2021 01:08:44.812,7.78344,7.782960000000001,0.37,0.47
16.08.2021 01:08:54.481,7.783310000000001,7.78309,0.75,0.75
16.08.2021 01:09:06.052,7.783480000000001,7.7830200000000005,2.25,0.37
16.08.2021 01:09:06.103,7.78345,7.7830200000000005,0.75,0.37
16.08.2021 01:09:06.220,7.78344,7.7830200000000005,0.75,0.37
16.08.2021 01:09:06.270,7.78344,7.78297,0.75,0.47
16.08.2021 01:09:06.426,7.783460000000001,7.78297,0.75,0.47
16.08.2021 01:09:06.527,7.783460000000001,7.78297,0.75,0.37
16.08.2021 01:09:07.877,7.783430000000001,7.78297,0.37,0.37
16.08.2021 01:09:32.928,7.7834200000000004,7.78297,0.37,0.45
16.08.2021 01:09:38.936,7.78339,7.78297,0.37,0.45
16.08.2021 01:10:08.964,7.78347,7.78304,0.37,0.37
16.08.2021 01:10:09.147,7.783460000000001,7.78304,0.37,0.37
16.08.2021 01:10:09.315,7.78345,7.78304,0.75,0.37
16.08.2021 01:10:09.514,7.783460000000001,7.78299,0.37,0.37
16.08.2021 01:10:10.054,7.783460000000001,7.783,0.37,0.37
16.08.2021 01:10:10.253,7.7835,7.783,1.12,0.37
16.08.2021 01:10:10.407,7.78347,7.783,0.75,0.37
16.08.2021 01:10:10.508,7.7835,7.783,0.37,0.45
16.08.2021 01:10:10.558,7.7835,7.783,0.37,0.47
16.08.2021 01:10:10.659,7.783510000000001,7.7830200000000005,0.37,0.47
16.08.2021 01:10:11.199,7.783510000000001,7.783060000000001,0.37,0.37
16.08.2021 01:10:12.945,7.783510000000001,7.783080000000001,0.37,0.37
16.08.2021 01:10:13.046,7.783530000000001,7.783080000000001,1.12,0.45
16.08.2021 01:10:14.902,7.78352,7.783080000000001,0.37,0.37
16.08.2021 01:10:19.445,7.78345,7.783060000000001,0.37,0.37
16.08.2021 01:10:19.711,7.783430000000001,7.783060000000001,0.75,0.37
16.08.2021 01:10:19.783,7.783430000000001,7.783030000000001,0.75,0.37
16.08.2021 01:10:19.834,7.78337,7.783030000000001,0.45,0.37
16.08.2021 01:10:20.024,7.78337,7.78298,0.45,0.37
16.08.2021 01:10:21.027,7.78337,7.78297,0.45,0.37
16.08.2021 01:10:22.426,7.78337,7.78298,0.45,0.37
16.08.2021 01:10:23.466,7.78337,7.78297,0.45,0.37
16.08.2021 01:10:24.471,7.78337,7.78298,0.82,0.37
16.08.2021 01:10:25.474,7.78337,7.78299,0.82,0.37
16.08.2021 01:10:26.481,7.783360000000001,7.783,0.37,0.37
16.08.2021 01:10:34.342,7.78335,7.7829500000000005,0.37,0.37
16.08.2021 01:10:35.302,7.78333,7.78298,0.37,0.37
16.08.2021 01:10:36.308,7.78332,7.78298,0.37,0.37
16.08.2021 01:10:37.311,7.78327,7.78298,0.37,0.37
16.08.2021 01:10:38.316,7.783260000000001,7.78299,0.37,0.37
16.08.2021 01:10:50.381,7.783250000000001,7.7830200000000005,0.37,0.37
16.08.2021 01:10:51.358,7.78324,7.7830200000000005,0.37,0.37
16.08.2021 01:10:52.364,7.7832300000000005,7.7830200000000005,0.37,0.37
16.08.2021 01:11:09.050,7.7832300000000005,7.78304,0.37,0.75
16.08.2021 01:11:21.565,7.78322,7.78299,0.75,0.75
16.08.2021 01:11:21.666,7.783210000000001,7.78299,0.75,0.75
16.08.2021 01:11:27.289,7.7833000000000006,7.78297,0.37,0.37
16.08.2021 01:11:38.584,7.783210000000001,7.78299,0.75,0.75
16.08.2021 01:11:51.843,7.78327,7.78297,0.75,0.37
16.08.2021 01:11:52.043,7.783210000000001,7.78299,0.75,0.75
16.08.2021 01:12:29.090,7.78332,7.7831,0.75,0.75
16.08.2021 01:12:29.190,7.78339,7.78315,0.75,0.75
16.08.2021 01:12:29.291,7.78344,7.783200000000001,0.75,0.75
16.08.2021 01:12:29.493,7.78349,7.783250000000001,0.75,0.75
16.08.2021 01:13:29.536,7.783530000000001,7.783189999999999,0.75,0.45
16.08.2021 01:13:30.005,7.78349,7.783250000000001,0.75,0.75
16.08.2021 01:13:33.709,7.78344,7.783200000000001,0.75,0.75
16.08.2021 01:13:34.019,7.78349,7.783250000000001,0.75,0.75
16.08.2021 01:13:43.055,7.7834,7.7831600000000005,0.75,0.37
16.08.2021 01:13:43.156,7.78339,7.7831600000000005,0.75,0.37
16.08.2021 01:13:43.308,7.78339,7.78315,0.75,0.75
16.08.2021 01:14:28.975,7.78345,7.783250000000001,0.75,0.75
16.08.2021 01:14:29.025,7.783480000000001,7.783250000000001,0.75,0.75
16.08.2021 01:14:29.126,7.78349,7.783250000000001,0.75,0.75
16.08.2021 01:14:45.172,7.78352,7.783180000000001,0.75,0.47
16.08.2021 01:14:45.366,7.78352,7.783180000000001,0.75,0.45
16.08.2021 01:14:56.140,7.78352,7.78315,0.75,0.37
16.08.2021 01:14:56.809,7.783530000000001,7.78315,0.37,0.37
16.08.2021 01:14:59.373,7.78349,7.783250000000001,0.75,0.75
16.08.2021 01:18:25.535,7.78347,7.78324,0.75,0.75
16.08.2021 01:18:28.479,7.783430000000001,7.783189999999999,0.75,0.75
16.08.2021 01:18:29.294,7.7834,7.7831399999999995,0.75,0.75
16.08.2021 01:18:49.690,7.78349,7.7831399999999995,0.75,0.37
16.08.2021 01:18:59.676,7.7834,7.7831399999999995,0.75,1.12
16.08.2021 01:19:03.879,7.783430000000001,7.783189999999999,0.75,0.75
16.08.2021 01:19:04.030,7.783480000000001,7.78324,0.75,0.75
16.08.2021 01:19:04.393,7.78355,7.78322,0.37,0.37
16.08.2021 01:19:04.443,7.783530000000001,7.78329,0.75,0.75
16.08.2021 01:20:08.851,7.78357,7.783250000000001,0.75,0.37
16.08.2021 01:20:10.204,7.78357,7.7832300000000005,0.75,0.37
16.08.2021 01:20:12.217,7.783560000000001,7.7832300000000005,0.37,0.37
16.08.2021 01:20:14.223,7.78357,7.7832300000000005,1.12,0.37
16.08.2021 01:20:15.735,7.783560000000001,7.7832300000000005,0.37,0.37
16.08.2021 01:20:24.305,7.7835399999999995,7.78329,0.75,0.75
16.08.2021 01:20:27.038,7.783530000000001,7.78329,0.75,0.75
16.08.2021 01:20:31.747,7.783530000000001,7.7833000000000006,0.75,0.75
16.08.2021 01:20:58.068,7.78362,7.783250000000001,0.82,0.37
16.08.2021 01:20:59.519,7.78362,7.7832300000000005,0.75,0.37
16.08.2021 01:21:00.119,7.783530000000001,7.78329,0.75,0.75
16.08.2021 01:21:08.145,7.78355,7.783210000000001,2.32,0.37
16.08.2021 01:21:08.195,7.78344,7.783210000000001,2.32,0.37
16.08.2021 01:21:08.246,7.78333,7.78309,0.75,0.75
16.08.2021 01:21:33.039,7.78333,7.7831,0.75,0.75
16.08.2021 01:21:47.609,7.78328,7.78305,0.75,0.75
16.08.2021 01:21:47.659,7.78333,7.783060000000001,0.75,0.75
16.08.2021 01:21:47.710,7.78328,7.78305,0.75,0.75
16.08.2021 01:21:47.810,7.783180000000001,7.78294,0.75,1.12
16.08.2021 01:21:47.975,7.78327,7.78294,1.2,0.75
16.08.2021 01:21:48.153,7.783180000000001,7.78294,0.75,0.75
16.08.2021 01:21:48.784,7.783180000000001,7.782900000000001,0.75,0.75
16.08.2021 01:21:49.463,7.78327,7.782900000000001,0.92,0.75
16.08.2021 01:21:49.513,7.78327,7.78305,0.82,0.75
16.08.2021 01:21:49.614,7.78328,7.78305,0.75,0.75
16.08.2021 01:22:27.951,7.78327,7.78304,0.75,0.75
16.08.2021 01:22:40.366,7.78328,7.78305,0.75,0.75
16.08.2021 01:23:20.892,7.78328,7.78304,0.75,0.75
16.08.2021 01:23:29.983,7.783260000000001,7.78304,0.75,0.75
16.08.2021 01:23:37.982,7.78328,7.78304,0.75,0.75
16.08.2021 01:24:03.494,7.78329,7.78305,0.75,0.75
16.08.2021 01:24:54.335,7.7834,7.78297,0.37,0.37
16.08.2021 01:24:54.385,7.78324,7.783,0.75,0.75
16.08.2021 01:25:11.203,7.783250000000001,7.783,0.75,0.75
16.08.2021 01:25:15.989,7.78328,7.78299,0.75,0.75
16.08.2021 01:25:16.422,7.783260000000001,7.783,0.75,0.75
16.08.2021 01:25:21.320,7.783310000000001,7.78305,0.75,0.75
16.08.2021 01:25:34.145,7.783410000000001,7.7830200000000005,0.75,0.75
16.08.2021 01:25:34.297,7.78345,7.78298,0.85,0.82
16.08.2021 01:25:34.469,7.78345,7.78298,0.85,0.85
16.08.2021 01:25:35.818,7.783380000000001,7.78298,0.37,0.85
16.08.2021 01:25:39.594,7.78337,7.783060000000001,0.75,0.75
16.08.2021 01:25:39.695,7.78337,7.7831,0.75,0.75
16.08.2021 01:26:04.836,7.78345,7.78307,0.75,0.37
16.08.2021 01:26:09.677,7.78337,7.7831,0.75,0.75
16.08.2021 01:30:19.150,7.78332,7.783080000000001,0.75,0.37
16.08.2021 01:30:19.318,7.78337,7.7831,0.75,0.75
16.08.2021 01:30:37.783,7.78345,7.78304,0.85,0.45
16.08.2021 01:30:49.632,7.78337,7.7831,0.75,0.75
16.08.2021 01:31:22.361,7.78332,7.78305,0.75,0.75
16.08.2021 01:33:21.388,7.783360000000001,7.7831,0.37,0.75
16.08.2021 01:33:21.489,7.78337,7.7831,0.75,0.75
16.08.2021 01:33:21.899,7.78345,7.78315,2.25,0.37
16.08.2021 01:33:21.950,7.78337,7.78315,0.75,0.37
16.08.2021 01:33:22.436,7.78337,7.7831,0.75,0.75
16.08.2021 01:33:22.664,7.7834200000000004,7.7831399999999995,0.75,0.75
16.08.2021 01:33:22.714,7.78347,7.783200000000001,1.2,0.75
16.08.2021 01:33:22.866,7.7835,7.783250000000001,0.37,0.75
16.08.2021 01:33:22.916,7.78355,7.783260000000001,0.75,0.75
16.08.2021 01:33:23.017,7.78357,7.7833000000000006,0.75,0.75
16.08.2021 01:33:23.068,7.78352,7.783200000000001,0.75,0.75
16.08.2021 01:33:26.439,7.783460000000001,7.783200000000001,0.75,0.75
16.08.2021 01:33:46.430,7.78349,7.783130000000001,0.37,0.82
16.08.2021 01:33:56.500,7.783460000000001,7.783200000000001,0.75,0.75
16.08.2021 01:35:22.333,7.78347,7.783200000000001,0.75,0.75
16.08.2021 01:37:52.066,7.783530000000001,7.78312,0.47,0.45
16.08.2021 01:37:52.117,7.783530000000001,7.78312,0.37,0.47
16.08.2021 01:37:52.218,7.783510000000001,7.783250000000001,0.75,0.75
16.08.2021 01:38:32.628,7.783560000000001,7.783200000000001,0.37,0.37
16.08.2021 01:38:32.739,7.78357,7.7833000000000006,0.75,0.75
16.08.2021 01:38:42.937,7.78359,7.7832300000000005,0.37,0.47
16.08.2021 01:38:43.038,7.78362,7.78334,0.75,0.75
16.08.2021 01:38:43.139,7.78367,7.7834,0.75,0.75
16.08.2021 01:38:47.485,7.78362,7.78335,0.75,0.75
16.08.2021 01:39:00.531,7.78362,7.783360000000001,0.75,0.37
16.08.2021 01:39:07.535,7.78362,7.78337,0.75,0.37
16.08.2021 01:39:08.498,7.78362,7.783380000000001,0.75,0.37
16.08.2021 01:39:13.681,7.783710000000001,7.783380000000001,0.37,0.37
16.08.2021 01:39:17.577,7.78362,7.783380000000001,0.75,0.37
16.08.2021 01:40:08.590,7.78362,7.78335,0.75,0.75
16.08.2021 01:40:18.454,7.78379,7.783310000000001,0.85,0.85
16.08.2021 01:40:18.623,7.7837700000000005,7.78334,0.37,1.22
16.08.2021 01:40:19.479,7.78379,7.78334,0.37,1.22
16.08.2021 01:40:19.892,7.78379,7.78334,0.37,1.2
16.08.2021 01:40:20.663,7.783810000000001,7.78334,1.12,1.2
16.08.2021 01:40:29.682,7.7838,7.78334,0.37,1.2
16.08.2021 01:40:30.686,7.783780000000001,7.78334,0.37,1.2
16.08.2021 01:40:31.135,7.783780000000001,7.78339,0.37,0.75
16.08.2021 01:40:32.614,7.783780000000001,7.78344,0.37,0.75
16.08.2021 01:40:32.745,7.7837700000000005,7.7835,0.37,0.37
16.08.2021 01:40:34.375,7.78372,7.7835,0.75,0.37
16.08.2021 01:40:34.425,7.783760000000001,7.783510000000001,0.37,0.75
16.08.2021 01:40:34.476,7.78382,7.78355,0.75,0.75
16.08.2021 01:41:04.415,7.7838899999999995,7.78347,0.37,0.47
16.08.2021 01:41:04.686,7.78382,7.78355,0.75,0.75
16.08.2021 01:41:42.918,7.78382,7.783560000000001,0.75,0.37
16.08.2021 01:41:45.797,7.78382,7.78355,0.75,0.75
16.08.2021 01:44:06.120,7.78382,7.78357,0.75,0.37
16.08.2021 01:44:08.812,7.78382,7.78355,0.75,0.75
16.08.2021 01:45:11.004,7.783860000000001,7.783600000000001,0.37,0.75
16.08.2021 01:45:14.278,7.78385,7.783600000000001,0.37,0.75
16.08.2021 01:45:22.004,7.783860000000001,7.783600000000001,0.37,0.75
16.08.2021 01:45:22.055,7.78382,7.78355,0.75,0.75
16.08.2021 01:45:32.298,7.7838,7.78355,0.75,0.75
16.08.2021 01:45:47.039,7.78374,7.78349,0.75,0.75
16.08.2021 01:46:45.534,7.78364,7.78339,0.75,0.75
16.08.2021 01:46:45.735,7.7835399999999995,7.78329,0.75,0.75
16.08.2021 01:46:49.809,7.78349,7.78324,0.75,0.75
16.08.2021 01:46:49.910,7.78344,7.783189999999999,0.75,0.75
16.08.2021 01:46:56.659,7.78334,7.78309,0.75,0.75
16.08.2021 01:47:15.771,7.783380000000001,7.78298,0.75,0.75
16.08.2021 01:47:20.516,7.78337,7.78298,0.37,0.37
16.08.2021 01:47:26.743,7.78334,7.78309,0.75,0.75
16.08.2021 01:47:46.014,7.78329,7.78304,0.75,1.12
16.08.2021 01:47:46.065,7.78337,7.78293,0.47,0.75
16.08.2021 01:47:46.266,7.78337,7.78293,0.47,0.75
16.08.2021 01:47:47.065,7.783360000000001,7.782910000000001,1.22,0.37
16.08.2021 01:47:47.359,7.783360000000001,7.782910000000001,2.72,0.37
16.08.2021 01:47:48.106,7.783360000000001,7.78292,2.72,0.37
16.08.2021 01:47:48.871,7.783360000000001,7.78292,1.22,0.37
16.08.2021 01:47:49.057,7.783360000000001,7.78292,1.22,0.37
16.08.2021 01:47:50.075,7.78335,7.78293,0.47,0.37
16.08.2021 01:47:53.744,7.78328,7.78293,0.75,0.37
16.08.2021 01:47:54.582,7.78328,7.782910000000001,0.75,0.75
16.08.2021 01:48:00.194,7.78335,7.782910000000001,0.85,0.75
16.08.2021 01:48:01.020,7.783360000000001,7.782910000000001,0.85,0.75
16.08.2021 01:48:04.577,7.783360000000001,7.782910000000001,0.85,0.75
16.08.2021 01:48:08.275,7.78335,7.782900000000001,0.85,0.75
16.08.2021 01:48:08.376,7.783360000000001,7.78292,0.85,0.75
16.08.2021 01:48:08.609,7.7833000000000006,7.783,0.37,0.37
16.08.2021 01:48:09.611,7.78329,7.783010000000001,0.37,0.37
16.08.2021 01:48:09.990,7.78329,7.7829500000000005,1.12,0.37
16.08.2021 01:48:10.972,7.783250000000001,7.78294,0.37,0.37
16.08.2021 01:48:15.989,7.78324,7.782960000000001,0.37,0.37
16.08.2021 01:48:17.996,7.7832300000000005,7.7829500000000005,0.37,0.37
16.08.2021 01:48:19.003,7.78324,7.782960000000001,0.37,0.37
16.08.2021 01:48:19.521,7.78329,7.78292,0.75,0.75
16.08.2021 01:48:19.681,7.78328,7.78292,0.75,0.75
16.08.2021 01:48:40.675,7.78322,7.7829500000000005,0.37,0.37
16.08.2021 01:48:45.053,7.78328,7.78292,0.75,0.75
16.08.2021 01:48:46.519,7.783310000000001,7.782900000000001,0.45,0.37
16.08.2021 01:48:46.656,7.78333,7.78289,0.47,0.37
16.08.2021 01:48:50.390,7.78328,7.78292,0.75,2.25
16.08.2021 01:49:16.738,7.78332,7.782850000000001,0.47,0.37
16.08.2021 01:49:37.660,7.78332,7.782850000000001,0.45,0.37
16.08.2021 01:49:37.710,7.78332,7.78293,0.45,0.75
16.08.2021 01:49:39.144,7.78332,7.782910000000001,0.37,0.75
16.08.2021 01:49:39.599,7.78332,7.78293,0.45,0.75
16.08.2021 01:49:39.794,7.783310000000001,7.78293,0.37,0.75
16.08.2021 01:49:40.178,7.7833000000000006,7.78294,0.37,0.37
16.08.2021 01:49:40.282,7.783260000000001,7.78304,0.75,0.75
16.08.2021 01:50:00.066,7.78328,7.78304,2.25,0.75
16.08.2021 01:50:02.584,7.783250000000001,7.78304,0.37,0.75
16.08.2021 01:50:24.511,7.78328,7.78304,2.25,0.75
16.08.2021 01:51:43.349,7.7832300000000005,7.78299,0.75,0.75
16.08.2021 01:51:43.654,7.783180000000001,7.78294,0.75,0.75
16.08.2021 01:51:43.755,7.7832300000000005,7.78299,0.75,0.75
16.08.2021 01:51:43.856,7.783260000000001,7.78304,0.37,0.75
16.08.2021 01:51:44.724,7.7832300000000005,7.78299,0.75,0.75
16.08.2021 01:51:45.227,7.78328,7.78304,0.75,0.75
16.08.2021 01:52:09.829,7.783180000000001,7.78294,0.75,0.75
16.08.2021 01:52:10.030,7.7831600000000005,7.78294,0.75,0.75
16.08.2021 01:52:10.131,7.783110000000001,7.78289,0.75,0.75
16.08.2021 01:52:10.332,7.783210000000001,7.78299,0.75,0.75
16.08.2021 01:52:28.119,7.7831600000000005,7.78294,0.75,0.75
16.08.2021 01:52:28.623,7.783210000000001,7.78299,0.75,0.75
16.08.2021 01:52:30.245,7.7831600000000005,7.78294,0.75,0.75
16.08.2021 01:52:30.743,7.783210000000001,7.78299,0.75,0.75
16.08.2021 01:52:31.475,7.7831600000000005,7.78294,0.75,0.75
16.08.2021 01:52:31.933,7.783210000000001,7.78299,0.75,0.75
16.08.2021 01:52:59.204,7.7831600000000005,7.78294,0.75,0.75
16.08.2021 01:52:59.355,7.783210000000001,7.78299,0.75,0.75
16.08.2021 01:53:13.029,7.783210000000001,7.78298,0.75,0.75
16.08.2021 01:53:29.880,7.783250000000001,7.782860000000001,0.37,0.37
16.08.2021 01:53:32.265,7.78324,7.782860000000001,0.37,0.37
16.08.2021 01:53:34.199,7.78324,7.78284,0.37,1.12
16.08.2021 01:53:34.299,7.78327,7.78284,0.47,1.12
16.08.2021 01:53:34.431,7.78327,7.78284,0.47,0.37
16.08.2021 01:53:34.699,7.7831600000000005,7.78293,0.75,0.75
16.08.2021 01:53:34.800,7.783210000000001,7.782960000000001,0.75,0.75
16.08.2021 01:53:35.021,7.783210000000001,7.78298,0.75,0.75
16.08.2021 01:53:36.680,7.7831600000000005,7.78293,0.75,0.75
16.08.2021 01:53:37.179,7.783210000000001,7.78298,0.75,0.75
16.08.2021 01:53:38.480,7.7831600000000005,7.78293,0.75,0.75
16.08.2021 01:53:38.979,7.783210000000001,7.78298,0.75,0.75
16.08.2021 01:53:45.387,7.783210000000001,7.78299,0.75,0.75
16.08.2021 01:54:05.130,7.783250000000001,7.782860000000001,0.37,0.37
16.08.2021 01:54:06.335,7.78324,7.782860000000001,0.37,0.37
16.08.2021 01:54:13.351,7.7831600000000005,7.78294,0.75,0.75
16.08.2021 01:54:13.895,7.783210000000001,7.78299,0.75,0.75
16.08.2021 01:54:14.475,7.78327,7.78292,0.47,0.37
16.08.2021 01:54:14.528,7.78327,7.782860000000001,0.47,0.37
16.08.2021 01:54:15.910,7.7831600000000005,7.78294,0.75,0.75
16.08.2021 01:54:29.299,7.783060000000001,7.78284,0.75,0.75
16.08.2021 01:54:39.809,7.78298,7.7827399999999995,0.75,0.75
16.08.2021 01:54:39.860,7.782960000000001,7.7827399999999995,0.75,0.75
16.08.2021 01:54:46.320,7.782910000000001,7.78269,0.75,0.75
16.08.2021 01:54:46.421,7.782860000000001,7.78264,0.75,0.75
16.08.2021 01:54:46.472,7.78294,7.78259,0.45,0.37
16.08.2021 01:54:46.573,7.78294,7.78253,0.45,0.37
16.08.2021 01:54:47.331,7.7829500000000005,7.78253,0.47,0.37
16.08.2021 01:54:50.165,7.7829500000000005,7.78253,0.47,0.37
16.08.2021 01:54:50.266,7.78287,7.782430000000001,0.82,0.37
16.08.2021 01:54:50.316,7.782760000000001,7.78254,0.75,0.75
16.08.2021 01:55:19.548,7.78258,7.78229,1.12,0.75
16.08.2021 01:55:19.599,7.78258,7.78219,0.37,0.37
16.08.2021 01:55:19.700,7.78258,7.78212,1.12,0.75
16.08.2021 01:55:19.851,7.78257,7.78212,0.75,0.75
16.08.2021 01:55:20.103,7.782560000000001,7.78212,0.75,0.75
16.08.2021 01:55:20.378,7.782500000000001,7.78212,0.37,0.75
16.08.2021 01:55:20.899,7.78247,7.782,0.37,0.37
16.08.2021 01:55:20.950,7.78247,7.782,0.37,0.47
16.08.2021 01:55:21.001,7.78247,7.782,0.37,0.37
16.08.2021 01:55:21.371,7.78247,7.782,0.37,1.22
16.08.2021 01:55:21.421,7.78249,7.782,0.37,1.22
16.08.2021 01:55:26.989,7.78249,7.782,0.37,0.85
16.08.2021 01:55:27.552,7.78249,7.7819899999999995,0.37,0.85
16.08.2021 01:55:30.773,7.78249,7.7819899999999995,0.37,0.85
16.08.2021 01:55:31.306,7.7824800000000005,7.7819899999999995,0.37,0.85
16.08.2021 01:55:31.831,7.7824800000000005,7.781980000000001,0.37,0.85
16.08.2021 01:55:32.830,7.78247,7.781980000000001,0.37,0.85
16.08.2021 01:55:34.514,7.782510000000001,7.781980000000001,0.37,0.85
16.08.2021 01:55:34.632,7.782510000000001,7.781980000000001,0.37,0.85
16.08.2021 01:55:36.014,7.78247,7.781980000000001,0.37,0.85
16.08.2021 01:55:37.565,7.782510000000001,7.7819899999999995,0.37,0.85
16.08.2021 01:55:37.719,7.782510000000001,7.78202,0.37,0.75
16.08.2021 01:55:39.015,7.782500000000001,7.78202,0.37,0.75
16.08.2021 01:55:41.660,7.782450000000001,7.782210000000001,0.75,0.75
16.08.2021 01:55:48.419,7.782460000000001,7.78219,0.75,0.75
16.08.2021 01:55:48.530,7.782460000000001,7.782210000000001,0.75,0.75
16.08.2021 01:56:04.505,7.782439999999999,7.782160000000001,0.75,0.75
16.08.2021 01:56:04.555,7.782450000000001,7.782210000000001,0.75,0.75
16.08.2021 01:56:06.000,7.782560000000001,7.782210000000001,0.75,0.75
16.08.2021 01:56:06.050,7.782450000000001,7.782210000000001,0.75,0.75
16.08.2021 01:56:33.214,7.78249,7.782050000000001,0.37,0.47
16.08.2021 01:56:36.069,7.782450000000001,7.782210000000001,0.75,0.75
16.08.2021 01:56:54.589,7.782460000000001,7.78224,0.75,0.75
16.08.2021 01:57:20.989,7.782510000000001,7.78229,0.75,0.75
16.08.2021 01:57:21.140,7.782510000000001,7.7822700000000005,0.75,0.75
16.08.2021 01:57:21.935,7.782510000000001,7.78229,0.75,0.75
16.08.2021 01:58:23.400,7.78252,7.78229,0.75,0.75
16.08.2021 01:58:25.034,7.782510000000001,7.78229,0.75,0.75
16.08.2021 01:59:07.054,7.78262,7.7824,0.37,0.75
16.08.2021 01:59:07.154,7.782660000000001,7.7824,0.75,0.75
16.08.2021 01:59:07.205,7.782760000000001,7.78254,0.75,0.75
16.08.2021 01:59:07.406,7.782810000000001,7.78259,0.75,0.75
16.08.2021 01:59:23.997,7.78298,7.78253,0.47,0.37
16.08.2021 01:59:24.199,7.782960000000001,7.78253,0.47,0.37
16.08.2021 01:59:25.454,7.782960000000001,7.78252,0.47,0.37
16.08.2021 01:59:26.955,7.782960000000001,7.782510000000001,0.47,0.37
16.08.2021 01:59:31.452,7.78297,7.782510000000001,0.85,0.37
16.08.2021 01:59:32.486,7.78297,7.78249,0.85,0.37
16.08.2021 01:59:32.628,7.782900000000001,7.782450000000001,0.37,0.47
16.08.2021 01:59:37.531,7.782810000000001,7.78259,0.75,0.75
16.08.2021 01:59:43.274,7.78282,7.78259,0.75,0.75
16.08.2021 01:59:53.173,7.782910000000001,7.782660000000001,2.25,0.75
16.08.2021 01:59:53.224,7.782910000000001,7.78269,0.75,0.75
16.08.2021 01:59:54.605,7.782810000000001,7.78259,0.75,0.75
16.08.2021 02:00:02.094,7.782860000000001,7.78264,0.75,0.75
16.08.2021 02:00:13.541,7.7829500000000005,7.78252,0.37,0.75
16.08.2021 02:00:30.058,7.78294,7.78252,0.37,0.75
16.08.2021 02:00:30.209,7.78294,7.78249,0.37,0.45
16.08.2021 02:00:32.362,7.782860000000001,7.78264,0.75,0.75
16.08.2021 02:00:56.101,7.782860000000001,7.78264,0.85,0.75
16.08.2021 02:00:56.152,7.782860000000001,7.78262,0.85,0.75
16.08.2021 02:00:56.387,7.782860000000001,7.78262,0.85,0.75
16.08.2021 02:00:57.164,7.782810000000001,7.78257,0.75,0.75
16.08.2021 02:02:00.267,7.782810000000001,7.78259,0.75,0.75
16.08.2021 02:02:48.074,7.782850000000001,7.7826,0.75,0.75
16.08.2021 02:02:50.725,7.782830000000001,7.78259,0.75,0.75
16.08.2021 02:04:13.415,7.7828800000000005,7.78264,0.75,0.75
16.08.2021 02:04:13.465,7.7830200000000005,7.782500000000001,0.47,0.47
16.08.2021 02:04:13.516,7.7830200000000005,7.782500000000001,0.45,0.47
16.08.2021 02:04:13.921,7.78304,7.782730000000001,0.37,0.37
16.08.2021 02:04:14.072,7.78298,7.7827399999999995,0.75,0.75
16.08.2021 02:04:14.501,7.78307,7.782730000000001,0.37,0.2
16.08.2021 02:04:14.602,7.78298,7.7827399999999995,0.75,0.75
16.08.2021 02:04:34.644,7.78298,7.78275,0.75,0.75
16.08.2021 02:04:37.744,7.783030000000001,7.782760000000001,0.75,0.75
16.08.2021 02:04:38.020,7.783030000000001,7.7828,0.75,0.75
16.08.2021 02:04:58.155,7.7830200000000005,7.782789999999999,0.75,0.75
16.08.2021 02:05:34.997,7.78305,7.7828,0.37,0.75
16.08.2021 02:06:04.539,7.78305,7.7827399999999995,0.37,0.37
16.08.2021 02:06:04.793,7.783060000000001,7.7827399999999995,0.37,0.75
16.08.2021 02:06:04.843,7.783060000000001,7.7828,1.12,0.75
16.08.2021 02:06:06.309,7.78305,7.7828,0.37,0.75
16.08.2021 02:06:09.799,7.783060000000001,7.7828,1.12,0.75
16.08.2021 02:06:14.142,7.783030000000001,7.782730000000001,0.75,0.37
16.08.2021 02:06:14.809,7.783030000000001,7.78272,0.75,1.12
16.08.2021 02:06:31.844,7.783030000000001,7.782730000000001,0.75,0.37
16.08.2021 02:06:33.850,7.783030000000001,7.78275,0.75,0.37
16.08.2021 02:06:34.373,7.783030000000001,7.7828,0.75,0.75
16.08.2021 02:06:40.011,7.783060000000001,7.7828,0.75,0.75
16.08.2021 02:06:44.534,7.783030000000001,7.7828,0.75,0.75
16.08.2021 02:07:34.956,7.783060000000001,7.782710000000001,0.37,0.47
16.08.2021 02:07:38.471,7.783030000000001,7.7828,0.75,0.75
16.08.2021 02:07:42.230,7.783060000000001,7.7828,0.75,0.75
16.08.2021 02:07:42.382,7.783110000000001,7.782850000000001,0.75,0.75
16.08.2021 02:07:42.533,7.7831600000000005,7.782860000000001,1.12,0.75
16.08.2021 02:07:42.584,7.783130000000001,7.782900000000001,0.75,0.75
16.08.2021 02:07:43.204,7.7831600000000005,7.782900000000001,1.12,0.75
16.08.2021 02:07:43.255,7.783130000000001,7.782900000000001,0.75,0.75
16.08.2021 02:07:56.787,7.783130000000001,7.782830000000001,0.75,0.37
16.08.2021 02:07:56.838,7.78315,7.782830000000001,0.37,0.37
16.08.2021 02:07:58.019,7.783130000000001,7.782850000000001,0.37,0.37
16.08.2021 02:07:59.022,7.783110000000001,7.782860000000001,0.37,0.37
16.08.2021 02:08:00.026,7.783110000000001,7.7828800000000005,0.37,0.37
16.08.2021 02:08:01.670,7.78315,7.78284,0.37,0.37
16.08.2021 02:08:01.881,7.7831600000000005,7.782810000000001,0.37,1.12
16.08.2021 02:08:12.721,7.7831600000000005,7.782900000000001,1.12,0.75
16.08.2021 02:08:15.863,7.783130000000001,7.782900000000001,0.75,0.75
16.08.2021 02:08:17.979,7.7831600000000005,7.782900000000001,0.75,0.75
16.08.2021 02:08:18.030,7.783130000000001,7.782900000000001,0.75,0.75
16.08.2021 02:08:24.553,7.7831600000000005,7.782900000000001,0.75,0.75
16.08.2021 02:08:24.913,7.783130000000001,7.782900000000001,0.75,0.75
16.08.2021 02:08:27.685,7.7831600000000005,7.782900000000001,0.75,0.75
16.08.2021 02:08:41.371,7.783180000000001,7.782900000000001,0.37,0.75
16.08.2021 02:08:41.429,7.7831600000000005,7.782900000000001,0.75,0.75
16.08.2021 02:08:59.533,7.783180000000001,7.78282,0.37,0.47
16.08.2021 02:09:05.166,7.78317,7.782810000000001,0.37,0.47
16.08.2021 02:09:06.753,7.7831600000000005,7.7828,0.37,0.47
16.08.2021 02:09:10.126,7.7832300000000005,7.7828,1.2,0.47
16.08.2021 02:09:11.929,7.7831600000000005,7.782900000000001,0.75,0.75
16.08.2021 02:11:17.574,7.783180000000001,7.78294,0.37,0.75
16.08.2021 02:11:17.772,7.783180000000001,7.7829500000000005,1.12,0.75
16.08.2021 02:11:46.439,7.7832300000000005,7.78305,0.37,0.75
16.08.2021 02:11:46.540,7.78327,7.78305,1.12,0.75
16.08.2021 02:12:03.574,7.783260000000001,7.78305,0.37,0.75
16.08.2021 02:12:10.587,7.783250000000001,7.78305,0.37,1.12
16.08.2021 02:12:11.591,7.783260000000001,7.783030000000001,0.37,0.37
16.08.2021 02:12:12.652,7.783260000000001,7.782960000000001,0.37,0.37
16.08.2021 02:12:12.705,7.783260000000001,7.78305,0.37,0.75
16.08.2021 02:12:34.372,7.783260000000001,7.78294,0.37,0.47
16.08.2021 02:12:38.528,7.783260000000001,7.78294,0.37,0.47
16.08.2021 02:12:42.749,7.783260000000001,7.78305,0.37,0.75
16.08.2021 02:12:59.630,7.78328,7.78305,0.75,0.75
16.08.2021 02:13:12.360,7.78328,7.783060000000001,0.75,0.75
16.08.2021 02:13:23.677,7.78324,7.783060000000001,0.37,0.75
16.08.2021 02:13:25.102,7.78324,7.78305,0.37,0.75
16.08.2021 02:13:27.059,7.78327,7.78305,0.37,0.75
16.08.2021 02:13:33.199,7.78324,7.7830200000000005,0.75,0.37
16.08.2021 02:13:39.103,7.78324,7.783030000000001,0.75,0.37
16.08.2021 02:13:43.124,7.78324,7.78304,0.75,0.37
16.08.2021 02:13:46.723,7.78324,7.783030000000001,0.75,0.37
16.08.2021 02:14:10.471,7.78324,7.7830200000000005,0.75,0.37
16.08.2021 02:14:11.447,7.78324,7.783030000000001,0.75,0.37
16.08.2021 02:14:18.789,7.78324,7.7830200000000005,0.75,1.12
16.08.2021 02:14:26.729,7.78324,7.783030000000001,0.75,0.37
16.08.2021 02:14:33.934,7.78324,7.78304,0.75,0.37
16.08.2021 02:14:40.833,7.78324,7.783030000000001,0.75,0.37
16.08.2021 02:14:41.839,7.78324,7.7830200000000005,0.75,1.12
16.08.2021 02:15:09.913,7.78324,7.783010000000001,0.75,1.12
16.08.2021 02:15:22.348,7.78324,7.783030000000001,0.75,0.37
16.08.2021 02:15:28.933,7.78324,7.783010000000001,0.75,1.12
16.08.2021 02:15:44.482,7.78324,7.7830200000000005,1.12,0.37
16.08.2021 02:16:22.100,7.78315,7.7830200000000005,0.75,0.37
16.08.2021 02:16:22.151,7.78315,7.78289,0.75,0.37
16.08.2021 02:16:22.201,7.7831,7.782860000000001,0.75,0.75
16.08.2021 02:16:22.256,7.7831,7.78284,0.75,0.37
16.08.2021 02:16:22.562,7.7831,7.782830000000001,0.75,0.75
16.08.2021 02:16:26.879,7.78305,7.782789999999999,0.75,0.37
16.08.2021 02:16:27.889,7.78305,7.782780000000001,0.75,1.12
16.08.2021 02:16:28.486,7.78315,7.7828800000000005,0.75,0.75
16.08.2021 02:16:28.587,7.7831600000000005,7.7828800000000005,0.75,0.75
16.08.2021 02:16:28.688,7.783200000000001,7.78293,0.75,0.75
16.08.2021 02:16:41.787,7.7832300000000005,7.78293,0.75,0.37
16.08.2021 02:16:43.082,7.7832300000000005,7.78294,0.75,0.37
16.08.2021 02:16:44.082,7.7832300000000005,7.7829500000000005,0.75,0.37
16.08.2021 02:16:45.061,7.783200000000001,7.7829500000000005,0.75,0.37
16.08.2021 02:16:45.658,7.783200000000001,7.782960000000001,0.75,0.37
16.08.2021 02:16:46.091,7.783200000000001,7.78298,0.75,0.37
16.08.2021 02:16:48.093,7.783200000000001,7.78297,0.75,0.37
16.08.2021 02:17:12.025,7.783250000000001,7.78297,0.82,0.37
16.08.2021 02:17:12.176,7.783200000000001,7.78293,0.37,0.37
16.08.2021 02:17:14.279,7.78324,7.78293,0.37,0.37
16.08.2021 02:17:15.283,7.7832300000000005,7.78294,0.37,0.37
16.08.2021 02:17:15.334,7.783200000000001,7.78294,0.75,0.37
16.08.2021 02:17:16.284,7.783200000000001,7.7829500000000005,0.75,0.37
16.08.2021 02:17:20.494,7.7831600000000005,7.782910000000001,0.75,0.37
16.08.2021 02:17:20.595,7.7831399999999995,7.782910000000001,0.75,0.37
16.08.2021 02:17:21.460,7.7831399999999995,7.782900000000001,0.75,1.12
16.08.2021 02:17:27.480,7.7831399999999995,7.782910000000001,0.75,0.37
16.08.2021 02:17:30.503,7.7831399999999995,7.78292,0.75,0.37
16.08.2021 02:17:36.525,7.7831399999999995,7.78293,0.75,0.37
16.08.2021 02:17:37.530,7.7831399999999995,7.78294,0.75,0.37
16.08.2021 02:17:52.219,7.7831399999999995,7.7829500000000005,0.75,0.37
16.08.2021 02:18:01.385,7.78312,7.782830000000001,0.75,0.75
16.08.2021 02:18:01.435,7.78305,7.782810000000001,0.75,0.37
16.08.2021 02:18:01.918,7.78305,7.78277,0.75,0.75
16.08.2021 02:18:21.545,7.78312,7.78277,0.37,0.37
16.08.2021 02:18:21.658,7.78312,7.782780000000001,0.37,0.37
16.08.2021 02:18:23.620,7.78312,7.782789999999999,0.37,0.37
16.08.2021 02:18:31.674,7.78305,7.782789999999999,0.75,0.37
16.08.2021 02:18:33.306,7.78305,7.7828,0.75,0.37
16.08.2021 02:18:38.220,7.78305,7.78277,0.75,0.75
16.08.2021 02:19:13.511,7.78305,7.78277,0.75,2.35
16.08.2021 02:19:53.509,7.78305,7.78277,0.75,2.7
16.08.2021 02:19:54.546,7.78305,7.782830000000001,0.75,0.37
16.08.2021 02:19:55.990,7.78305,7.78277,0.75,2.32
16.08.2021 02:20:18.568,7.78305,7.782780000000001,0.75,0.75
16.08.2021 02:20:20.521,7.78305,7.782789999999999,0.75,0.37
16.08.2021 02:20:21.527,7.78305,7.7828,0.75,0.37
16.08.2021 02:20:23.014,7.78305,7.78284,0.75,0.37
16.08.2021 02:20:24.129,7.78305,7.782780000000001,0.75,0.75
16.08.2021 02:20:24.228,7.7831600000000005,7.7827399999999995,0.37,0.47
16.08.2021 02:20:24.278,7.78305,7.782780000000001,0.75,0.75
16.08.2021 02:20:41.104,7.7831399999999995,7.78277,0.37,0.75
16.08.2021 02:20:42.095,7.7831399999999995,7.7828800000000005,0.37,0.37
16.08.2021 02:20:46.089,7.7831399999999995,7.78277,0.37,0.75
16.08.2021 02:20:46.140,7.7831600000000005,7.78277,0.75,0.75
16.08.2021 02:20:47.614,7.7831399999999995,7.78277,0.37,0.75
16.08.2021 02:20:54.339,7.78305,7.782780000000001,0.75,0.75
16.08.2021 02:21:14.439,7.78305,7.782780000000001,0.75,0.85
16.08.2021 02:21:14.540,7.7831,7.782860000000001,0.75,0.75
16.08.2021 02:21:37.216,7.783200000000001,7.782860000000001,0.37,0.37
16.08.2021 02:21:37.500,7.783189999999999,7.782860000000001,0.37,0.37
16.08.2021 02:21:39.507,7.783200000000001,7.782860000000001,0.37,0.37
16.08.2021 02:21:40.509,7.783189999999999,7.782860000000001,0.37,0.37
16.08.2021 02:21:43.521,7.783200000000001,7.782860000000001,0.37,0.37
16.08.2021 02:21:44.527,7.783189999999999,7.782860000000001,0.37,0.37
16.08.2021 02:21:44.628,7.78322,7.78284,0.45,0.37
16.08.2021 02:21:44.709,7.7831,7.782860000000001,0.75,0.75
16.08.2021 02:22:06.265,7.78312,7.782860000000001,0.75,0.75
16.08.2021 02:22:13.666,7.7831,7.782850000000001,0.75,0.75
16.08.2021 02:22:17.413,7.783110000000001,7.78287,0.75,0.75
16.08.2021 02:22:17.909,7.783110000000001,7.78289,0.75,0.75
16.08.2021 02:23:21.325,7.783060000000001,7.78284,0.75,0.75
16.08.2021 02:23:34.769,7.783110000000001,7.78289,0.75,0.75
16.08.2021 02:23:48.635,7.7831600000000005,7.78282,0.37,0.37
16.08.2021 02:23:48.795,7.78317,7.78282,0.37,0.37
16.08.2021 02:23:50.152,7.7831600000000005,7.7828,0.37,0.37
16.08.2021 02:23:50.203,7.7831,7.78289,0.75,0.75
16.08.2021 02:23:55.724,7.783110000000001,7.78289,0.75,0.75
16.08.2021 02:27:00.427,7.7831399999999995,7.78289,0.75,0.75
16.08.2021 02:27:08.601,7.783189999999999,7.782900000000001,0.75,0.75
16.08.2021 02:27:08.651,7.783189999999999,7.7829500000000005,0.75,0.75
16.08.2021 02:27:30.809,7.7832300000000005,7.7828800000000005,0.75,0.37
16.08.2021 02:27:30.860,7.783200000000001,7.7829500000000005,0.75,0.75
16.08.2021 02:27:48.139,7.783260000000001,7.78287,0.45,1.12
16.08.2021 02:27:48.427,7.783250000000001,7.78287,0.37,1.5
16.08.2021 02:27:48.636,7.783250000000001,7.7828800000000005,0.37,0.37
16.08.2021 02:27:49.432,7.783260000000001,7.7828800000000005,0.45,0.37
16.08.2021 02:28:01.126,7.783200000000001,7.7829500000000005,0.75,0.75
16.08.2021 02:32:07.923,7.783210000000001,7.7829500000000005,0.75,0.75
16.08.2021 02:32:10.689,7.7831600000000005,7.78293,0.75,0.75
16.08.2021 02:32:20.080,7.7831600000000005,7.78292,0.75,0.75
16.08.2021 02:32:20.424,7.78315,7.78289,0.75,0.75
16.08.2021 02:32:37.579,7.7831,7.782860000000001,0.75,0.37
16.08.2021 02:32:39.017,7.7831,7.782830000000001,0.75,1.12
16.08.2021 02:32:50.051,7.7831,7.78284,0.75,0.37
16.08.2021 02:32:53.147,7.7831,7.782830000000001,0.75,0.75
16.08.2021 02:32:53.253,7.783200000000001,7.782789999999999,0.85,0.75
16.08.2021 02:32:54.180,7.783200000000001,7.782810000000001,0.85,0.37
16.08.2021 02:33:07.658,7.7831,7.782830000000001,0.75,0.75
16.08.2021 02:33:13.085,7.7831,7.782850000000001,0.75,0.37
16.08.2021 02:33:23.888,7.7831,7.782830000000001,0.75,0.75
16.08.2021 02:33:36.336,7.7831,7.78289,0.75,0.37
16.08.2021 02:33:37.137,7.7831,7.7828800000000005,0.75,0.37
16.08.2021 02:33:41.352,7.7831,7.78289,1.12,0.37
16.08.2021 02:33:41.664,7.78315,7.7828800000000005,0.75,0.75
16.08.2021 02:34:08.779,7.78322,7.78287,0.37,1.12
16.08.2021 02:34:09.200,7.783210000000001,7.7828800000000005,0.37,0.37
16.08.2021 02:34:10.202,7.783210000000001,7.78289,0.37,0.37
16.08.2021 02:34:11.682,7.78315,7.78289,0.75,0.37
16.08.2021 02:34:23.461,7.78315,7.7828800000000005,0.75,0.75
16.08.2021 02:36:25.216,7.78315,7.78287,0.75,1.12
16.08.2021 02:37:03.336,7.78315,7.782900000000001,0.75,0.37
16.08.2021 02:37:33.468,7.7831,7.78282,0.75,0.75
16.08.2021 02:37:33.569,7.7831,7.782810000000001,0.75,0.75
16.08.2021 02:37:34.500,7.7831,7.78282,0.75,0.37
16.08.2021 02:37:35.501,7.7831,7.782810000000001,0.75,1.12
16.08.2021 02:37:41.629,7.7831,7.78282,0.75,0.37
16.08.2021 02:37:43.636,7.7831,7.78284,0.75,0.37
16.08.2021 02:37:53.488,7.7831600000000005,7.78284,0.37,0.37
16.08.2021 02:37:58.665,7.7831600000000005,7.782830000000001,0.37,0.37
16.08.2021 02:38:03.303,7.78315,7.78277,0.37,0.75
16.08.2021 02:38:03.602,7.7831,7.782810000000001,0.75,0.75
16.08.2021 02:38:08.686,7.7831,7.78282,0.75,0.37
16.08.2021 02:38:09.022,7.7831,7.78282,0.85,0.37
16.08.2021 02:38:19.336,7.7831,7.782830000000001,0.85,0.37
16.08.2021 02:39:08.197,7.7831,7.782830000000001,0.85,0.37
16.08.2021 02:39:08.497,7.7831,7.782810000000001,0.85,0.75
16.08.2021 02:39:38.529,7.78309,7.782810000000001,0.85,0.75
16.08.2021 02:39:43.932,7.78309,7.782810000000001,0.85,0.75
16.08.2021 02:40:29.542,7.78309,7.782810000000001,0.85,0.75
16.08.2021 02:40:53.266,7.78309,7.782810000000001,0.85,0.75
16.08.2021 02:40:53.366,7.7831600000000005,7.78277,0.47,2.25
16.08.2021 02:40:54.026,7.7831600000000005,7.78284,0.47,0.37
16.08.2021 02:40:58.302,7.7831600000000005,7.78284,0.47,0.37
16.08.2021 02:40:58.352,7.78315,7.7828,0.47,0.37
16.08.2021 02:40:58.818,7.78309,7.782810000000001,0.85,0.75
16.08.2021 02:41:03.830,7.78309,7.782810000000001,0.85,0.75
16.08.2021 02:41:09.051,7.78309,7.782830000000001,0.85,0.37
16.08.2021 02:41:13.377,7.78309,7.782830000000001,0.85,0.37
16.08.2021 02:41:14.061,7.78309,7.78284,0.85,0.37
16.08.2021 02:41:32.309,7.78309,7.78284,0.85,0.37
16.08.2021 02:41:32.721,7.78309,7.782810000000001,0.85,0.75
16.08.2021 02:41:37.167,7.78309,7.782830000000001,0.85,0.37
16.08.2021 02:41:38.992,7.78309,7.782830000000001,0.85,0.37
16.08.2021 02:41:40.951,7.78309,7.782810000000001,0.85,0.75
16.08.2021 02:42:05.093,7.78309,7.782810000000001,0.85,0.75
16.08.2021 02:42:06.098,7.78309,7.78282,0.85,0.37
16.08.2021 02:42:08.175,7.783060000000001,7.78282,0.37,0.37
16.08.2021 02:42:27.321,7.78309,7.782830000000001,0.85,0.37
16.08.2021 02:42:27.422,7.78309,7.782830000000001,0.85,0.37
16.08.2021 02:42:29.343,7.78309,7.78284,0.85,0.37
16.08.2021 02:42:31.353,7.78309,7.782830000000001,0.85,0.37
16.08.2021 02:42:32.053,7.78309,7.782830000000001,0.82,0.37
16.08.2021 02:42:43.241,7.78309,7.78284,0.75,0.37
16.08.2021 02:42:45.405,7.78309,7.782850000000001,1.12,0.37
16.08.2021 02:42:51.258,7.78307,7.78287,0.37,0.37
16.08.2021 02:42:54.265,7.78307,7.78284,0.37,0.37
16.08.2021 02:43:09.295,7.783060000000001,7.782850000000001,0.37,0.37
16.08.2021 02:43:31.338,7.78307,7.782860000000001,0.37,0.37
16.08.2021 02:43:54.260,7.78309,7.78284,0.75,0.37
16.08.2021 02:44:26.200,7.78307,7.782860000000001,0.37,0.37
16.08.2021 02:44:36.167,7.78309,7.78284,0.75,0.37
16.08.2021 02:44:39.477,7.78309,7.782850000000001,0.75,0.37
16.08.2021 02:44:48.219,7.78309,7.782830000000001,0.75,0.37
16.08.2021 02:44:51.209,7.78309,7.78282,0.75,0.37
16.08.2021 02:44:52.709,7.78309,7.782810000000001,0.75,1.12
16.08.2021 02:44:57.306,7.78309,7.78284,0.75,0.37
16.08.2021 02:45:18.352,7.78309,7.782810000000001,0.75,0.75
16.08.2021 02:45:38.543,7.78309,7.78284,0.75,0.37
16.08.2021 02:46:43.483,7.78309,7.782850000000001,0.75,0.37
16.08.2021 02:46:43.732,7.78309,7.782860000000001,1.12,0.37
16.08.2021 02:46:45.515,7.78309,7.78284,1.12,0.37
16.08.2021 02:46:58.758,7.783080000000001,7.782850000000001,0.37,0.37
16.08.2021 02:46:58.859,7.78309,7.78284,0.75,0.37
16.08.2021 02:48:00.634,7.78309,7.782810000000001,0.75,0.75
16.08.2021 02:48:18.444,7.78309,7.782850000000001,0.75,0.37
16.08.2021 02:48:19.901,7.78309,7.78284,0.75,0.37
16.08.2021 02:48:21.401,7.78309,7.782830000000001,0.75,0.37
16.08.2021 02:48:24.403,7.78309,7.78282,0.75,0.37
16.08.2021 02:48:28.755,7.78309,7.782810000000001,0.75,1.12
16.08.2021 02:48:40.305,7.7831,7.78282,0.75,0.75
16.08.2021 02:49:12.028,7.7831,7.782830000000001,0.75,0.37
16.08.2021 02:49:13.030,7.78309,7.782860000000001,0.37,0.37
16.08.2021 02:49:17.944,7.7831,7.78287,1.12,0.37
16.08.2021 02:49:20.299,7.7831,7.78282,0.75,2.25
16.08.2021 02:49:26.688,7.7831,7.78284,0.75,0.37
16.08.2021 02:49:30.262,7.7831600000000005,7.78284,0.37,0.37
16.08.2021 02:49:34.947,7.78315,7.7828,0.37,0.37
16.08.2021 02:49:35.952,7.7831399999999995,7.7828,0.37,0.37
16.08.2021 02:49:37.958,7.783130000000001,7.7828,0.37,0.37
16.08.2021 02:49:39.084,7.78315,7.7828,0.37,0.37
16.08.2021 02:49:40.924,7.7831,7.78282,0.75,0.75
16.08.2021 02:49:43.092,7.7831,7.782830000000001,0.75,0.37
16.08.2021 02:49:47.423,7.7831,7.78284,0.75,0.75
16.08.2021 02:50:20.167,7.7831,7.782860000000001,0.75,0.37
16.08.2021 02:50:21.172,7.7831,7.782850000000001,1.12,0.37
16.08.2021 02:50:35.200,7.78309,7.782860000000001,0.37,0.37
16.08.2021 02:50:36.202,7.783080000000001,7.78287,0.37,0.37
16.08.2021 02:50:46.629,7.78315,7.78289,0.75,0.75
16.08.2021 02:50:46.679,7.7831,7.78284,0.75,1.12
16.08.2021 02:50:46.780,7.78315,7.78289,0.75,0.75
16.08.2021 02:51:02.767,7.7831600000000005,7.78294,0.75,0.75
16.08.2021 02:51:25.658,7.78317,7.7829500000000005,0.37,0.75
16.08.2021 02:51:26.742,7.783180000000001,7.7829500000000005,0.37,0.75
16.08.2021 02:51:42.174,7.78324,7.783,0.75,0.75
16.08.2021 02:51:44.750,7.783189999999999,7.7829500000000005,0.75,0.75
16.08.2021 02:51:44.855,7.78317,7.7829500000000005,0.75,0.75
16.08.2021 02:51:58.762,7.7831600000000005,7.7829500000000005,0.37,0.75
16.08.2021 02:52:16.504,7.78317,7.7829500000000005,1.12,0.75
16.08.2021 02:52:20.409,7.7831600000000005,7.7829500000000005,0.37,0.75
16.08.2021 02:52:21.411,7.78317,7.7829500000000005,1.12,0.75
16.08.2021 02:52:26.481,7.7831600000000005,7.7829500000000005,0.37,0.75
16.08.2021 02:52:27.483,7.78317,7.7829500000000005,1.12,0.75
16.08.2021 02:52:30.489,7.7831600000000005,7.7829500000000005,0.37,0.75
16.08.2021 02:52:31.499,7.78317,7.7829500000000005,1.12,0.75
16.08.2021 02:52:38.446,7.7831600000000005,7.7829500000000005,0.37,0.75
16.08.2021 02:52:39.449,7.78317,7.7829500000000005,1.12,0.75
16.08.2021 02:54:33.709,7.78312,7.782850000000001,0.75,2.32
16.08.2021 02:54:33.779,7.78312,7.78292,0.75,0.75
16.08.2021 02:55:01.669,7.783180000000001,7.782960000000001,0.37,0.75
16.08.2021 02:55:02.736,7.783189999999999,7.782960000000001,1.12,0.75
16.08.2021 02:55:08.752,7.783180000000001,7.782960000000001,0.37,0.75
16.08.2021 02:55:10.663,7.78317,7.782960000000001,0.37,0.75
16.08.2021 02:55:11.571,7.783189999999999,7.782960000000001,1.12,0.75
16.08.2021 02:55:59.260,7.783180000000001,7.782960000000001,0.37,0.75
16.08.2021 02:56:03.860,7.783189999999999,7.782960000000001,0.75,0.75
16.08.2021 02:57:46.068,7.783180000000001,7.782960000000001,0.37,0.75
16.08.2021 02:57:48.744,7.78317,7.782960000000001,0.37,0.75
16.08.2021 02:57:58.975,7.7831600000000005,7.782960000000001,0.37,0.75
16.08.2021 02:58:00.098,7.78315,7.782960000000001,0.37,0.75
16.08.2021 02:58:01.097,7.7831600000000005,7.782960000000001,0.37,0.75
16.08.2021 02:58:23.148,7.7831600000000005,7.7829500000000005,0.37,0.75
16.08.2021 02:59:11.241,7.7831399999999995,7.7829500000000005,0.37,0.75
16.08.2021 02:59:12.242,7.7831600000000005,7.7829500000000005,0.37,0.75
16.08.2021 02:59:13.606,7.7831600000000005,7.78292,0.37,0.75
16.08.2021 02:59:14.163,7.7831600000000005,7.78289,0.37,0.37
16.08.2021 02:59:14.264,7.78317,7.78292,0.37,0.37
16.08.2021 02:59:15.610,7.78317,7.782910000000001,0.37,0.37
16.08.2021 02:59:16.618,7.7831600000000005,7.78292,0.37,0.37
16.08.2021 02:59:23.568,7.7831600000000005,7.7829500000000005,0.37,0.75
16.08.2021 02:59:28.660,7.78317,7.7829500000000005,1.12,0.75
16.08.2021 03:00:17.629,7.78307,7.782850000000001,0.75,0.75
16.08.2021 03:00:33.831,7.783080000000001,7.78282,0.37,1.12
16.08.2021 03:00:36.114,7.78307,7.782850000000001,0.75,0.75
16.08.2021 03:00:38.652,7.783060000000001,7.782850000000001,0.37,0.75
16.08.2021 03:01:20.816,7.78307,7.782850000000001,0.75,0.75
16.08.2021 03:01:36.347,7.783060000000001,7.782850000000001,0.75,0.75
16.08.2021 03:02:27.816,7.78307,7.782850000000001,1.12,0.75
16.08.2021 03:02:29.646,7.783060000000001,7.782850000000001,0.37,0.75
16.08.2021 03:02:31.056,7.78307,7.782850000000001,0.75,0.75
16.08.2021 03:02:33.652,7.783060000000001,7.782850000000001,0.37,0.75
16.08.2021 03:02:34.654,7.78307,7.782850000000001,0.75,0.75
16.08.2021 03:02:43.646,7.78307,7.7828,0.37,0.37
16.08.2021 03:02:44.674,7.78309,7.782789999999999,0.37,0.37
16.08.2021 03:02:57.970,7.78307,7.782850000000001,0.75,0.75
16.08.2021 03:03:11.934,7.78307,7.782860000000001,0.37,0.75
16.08.2021 03:03:20.330,7.783060000000001,7.782850000000001,0.75,0.75
16.08.2021 03:03:44.358,7.78307,7.782789999999999,0.37,0.37
16.08.2021 03:03:51.987,7.78305,7.782850000000001,0.75,0.75
16.08.2021 03:05:00.541,7.783060000000001,7.782850000000001,0.75,0.75
16.08.2021 03:05:25.284,7.78305,7.782850000000001,0.75,0.75
16.08.2021 03:05:45.642,7.78305,7.78282,0.37,0.37
16.08.2021 03:05:47.677,7.78305,7.782850000000001,1.12,0.75
16.08.2021 03:06:29.144,7.7830200000000005,7.78272,0.75,0.75
16.08.2021 03:06:29.194,7.782960000000001,7.7827,0.75,0.75
16.08.2021 03:06:30.068,7.78297,7.78258,0.82,0.47
16.08.2021 03:06:30.119,7.782860000000001,7.78264,0.75,0.75
16.08.2021 03:06:50.363,7.782960000000001,7.782560000000001,0.45,0.37
16.08.2021 03:06:50.545,7.78292,7.782560000000001,0.37,0.37
16.08.2021 03:06:58.560,7.78298,7.782560000000001,0.47,0.37
16.08.2021 03:07:00.271,7.782860000000001,7.78264,0.75,0.75
16.08.2021 03:07:14.396,7.782960000000001,7.782560000000001,0.45,0.37
16.08.2021 03:07:17.260,7.782860000000001,7.78264,0.75,0.75
16.08.2021 03:08:23.361,7.782850000000001,7.78264,0.37,1.12
16.08.2021 03:08:30.382,7.782860000000001,7.78264,1.12,1.12
16.08.2021 03:08:45.406,7.782850000000001,7.78265,0.37,0.37
16.08.2021 03:08:50.584,7.782850000000001,7.78264,0.37,0.75
16.08.2021 03:09:14.950,7.782860000000001,7.78264,0.75,0.75
16.08.2021 03:09:15.070,7.782860000000001,7.78265,0.75,0.75
16.08.2021 03:09:17.164,7.782860000000001,7.78264,0.75,0.75
16.08.2021 03:09:35.355,7.782900000000001,7.78265,0.75,0.75
16.08.2021 03:09:39.370,7.782850000000001,7.78265,0.37,0.75
16.08.2021 03:09:43.155,7.78289,7.78265,0.37,0.75
16.08.2021 03:09:44.161,7.7828800000000005,7.78265,0.37,0.75
16.08.2021 03:09:44.346,7.7828800000000005,7.78269,0.37,0.37
16.08.2021 03:09:44.397,7.7828800000000005,7.78265,0.37,0.75
16.08.2021 03:09:59.150,7.78294,7.782660000000001,0.75,0.75
16.08.2021 03:09:59.200,7.78294,7.78269,0.75,0.75
16.08.2021 03:09:59.301,7.78299,7.7827399999999995,0.75,0.75
16.08.2021 03:10:09.245,7.783030000000001,7.782789999999999,0.37,0.75
16.08.2021 03:10:09.346,7.78304,7.782789999999999,0.75,0.75
16.08.2021 03:10:14.482,7.78312,7.7827,0.37,0.47
16.08.2021 03:10:14.590,7.78304,7.782789999999999,0.75,0.75
16.08.2021 03:10:19.970,7.7831600000000005,7.7829500000000005,0.37,0.75
16.08.2021 03:10:20.071,7.78317,7.7829500000000005,1.12,0.75
16.08.2021 03:10:20.594,7.7831600000000005,7.7829500000000005,0.37,0.75
16.08.2021 03:10:21.596,7.78317,7.7829500000000005,0.75,0.75
16.08.2021 03:10:32.678,7.78322,7.782900000000001,0.37,0.37
16.08.2021 03:10:33.746,7.783189999999999,7.782900000000001,0.37,0.37
16.08.2021 03:10:35.760,7.783189999999999,7.78287,0.37,0.75
16.08.2021 03:10:36.628,7.783180000000001,7.78287,0.37,0.75
16.08.2021 03:10:37.289,7.78317,7.7829500000000005,0.75,0.75
16.08.2021 03:11:01.682,7.783180000000001,7.78292,0.37,1.12
16.08.2021 03:11:04.582,7.7831600000000005,7.78294,0.37,0.37
16.08.2021 03:11:13.583,7.783180000000001,7.78292,0.37,0.75
16.08.2021 03:11:14.921,7.78317,7.7829500000000005,0.75,0.75
16.08.2021 03:12:05.623,7.78315,7.7829500000000005,0.37,0.75
16.08.2021 03:12:10.650,7.7831600000000005,7.7829500000000005,0.37,0.75
16.08.2021 03:12:26.714,7.78315,7.7829500000000005,0.37,0.75
16.08.2021 03:12:37.606,7.78317,7.7829500000000005,0.75,0.75
16.08.2021 03:14:52.261,7.78315,7.7829500000000005,0.37,1.12
16.08.2021 03:14:54.149,7.7831600000000005,7.7829500000000005,0.37,0.75
16.08.2021 03:14:59.793,7.7831600000000005,7.782960000000001,0.37,0.75
16.08.2021 03:15:08.347,7.78315,7.782960000000001,0.37,0.75
16.08.2021 03:15:09.347,7.7831600000000005,7.782960000000001,0.37,0.75
16.08.2021 03:15:17.373,7.78315,7.782960000000001,0.37,0.75
16.08.2021 03:15:37.195,7.78317,7.782960000000001,0.37,0.75
16.08.2021 03:16:27.340,7.783189999999999,7.782960000000001,0.37,0.75
16.08.2021 03:16:31.346,7.783180000000001,7.782960000000001,0.37,0.75
16.08.2021 03:16:42.370,7.78317,7.782960000000001,0.37,0.75
16.08.2021 03:16:43.371,7.7831600000000005,7.782960000000001,0.37,0.75
16.08.2021 03:16:48.184,7.783189999999999,7.782960000000001,0.37,0.75
16.08.2021 03:16:48.380,7.783210000000001,7.782960000000001,0.85,0.75
16.08.2021 03:16:48.591,7.783210000000001,7.782960000000001,0.75,0.75
16.08.2021 03:17:04.121,7.783189999999999,7.782960000000001,0.37,0.75
16.08.2021 03:17:12.696,7.783210000000001,7.782960000000001,0.75,0.75
16.08.2021 03:17:18.167,7.7832300000000005,7.782900000000001,0.75,0.82
16.08.2021 03:17:29.984,7.783210000000001,7.782960000000001,0.75,0.75
16.08.2021 03:17:44.460,7.783250000000001,7.78289,0.47,0.45
16.08.2021 03:17:59.999,7.783210000000001,7.782960000000001,0.75,0.75
16.08.2021 03:18:09.269,7.7832300000000005,7.783010000000001,0.75,0.75
16.08.2021 03:18:09.319,7.783250000000001,7.782960000000001,1.12,0.75
16.08.2021 03:18:09.374,7.783210000000001,7.782960000000001,0.75,0.75
16.08.2021 03:18:10.294,7.783200000000001,7.782960000000001,0.37,0.75
16.08.2021 03:18:13.553,7.783189999999999,7.782960000000001,0.37,0.75
16.08.2021 03:18:13.920,7.783210000000001,7.782960000000001,0.75,0.75
16.08.2021 03:18:19.788,7.78322,7.78289,0.37,0.45
16.08.2021 03:18:39.584,7.783210000000001,7.782960000000001,0.75,0.75
16.08.2021 03:18:54.522,7.78322,7.78289,0.37,0.45
16.08.2021 03:18:54.573,7.783210000000001,7.782960000000001,0.75,0.75
16.08.2021 03:19:14.607,7.783260000000001,7.78289,0.47,0.45
16.08.2021 03:19:16.873,7.783210000000001,7.782960000000001,0.75,0.75
16.08.2021 03:20:09.445,7.783189999999999,7.782960000000001,0.37,0.75
16.08.2021 03:20:10.488,7.783200000000001,7.782960000000001,0.37,0.75
16.08.2021 03:20:50.682,7.783180000000001,7.7829500000000005,0.75,0.75
16.08.2021 03:21:33.960,7.7831600000000005,7.7829500000000005,0.37,1.12
16.08.2021 03:21:43.385,7.7831600000000005,7.782960000000001,0.37,0.75
16.08.2021 03:21:56.751,7.783189999999999,7.782960000000001,0.75,0.75
16.08.2021 03:22:07.027,7.78315,7.782960000000001,0.37,0.75
16.08.2021 03:22:07.930,7.783189999999999,7.782960000000001,0.75,0.75
16.08.2021 03:22:13.308,7.783189999999999,7.7829500000000005,0.75,0.75
16.08.2021 03:22:19.452,7.783189999999999,7.782960000000001,0.75,0.75
16.08.2021 03:22:22.564,7.783200000000001,7.782960000000001,1.12,0.75
16.08.2021 03:23:23.182,7.783189999999999,7.782960000000001,0.37,0.75
16.08.2021 03:23:35.118,7.7831600000000005,7.782960000000001,0.37,0.75
16.08.2021 03:23:36.553,7.783200000000001,7.782960000000001,0.75,0.75
16.08.2021 03:23:47.231,7.783180000000001,7.782960000000001,0.37,0.75
16.08.2021 03:24:02.281,7.78317,7.782960000000001,0.37,0.75
16.08.2021 03:24:34.764,7.7831600000000005,7.782960000000001,0.37,0.75
16.08.2021 03:25:17.365,7.783189999999999,7.782960000000001,0.75,0.75
16.08.2021 03:26:32.751,7.78312,7.78292,0.75,0.75
16.08.2021 03:26:32.852,7.783180000000001,7.78292,2.7,0.37
16.08.2021 03:26:32.902,7.783130000000001,7.78292,0.75,0.37
16.08.2021 03:26:33.222,7.783130000000001,7.78284,0.75,0.75
16.08.2021 03:26:53.290,7.783130000000001,7.7828,0.37,0.37
16.08.2021 03:27:03.100,7.783130000000001,7.78284,1.12,0.75
16.08.2021 03:27:06.908,7.78312,7.78284,0.37,0.75
16.08.2021 03:28:15.658,7.783130000000001,7.78284,0.75,0.75
16.08.2021 03:28:52.113,7.783080000000001,7.782810000000001,0.75,0.37
16.08.2021 03:29:09.713,7.783080000000001,7.7828,0.75,1.12
16.08.2021 03:29:11.163,7.783080000000001,7.782810000000001,0.75,0.37
16.08.2021 03:30:15.658,7.783080000000001,7.7828,0.75,0.75
16.08.2021 03:32:02.255,7.783080000000001,7.782810000000001,0.75,0.37
16.08.2021 03:32:06.756,7.783080000000001,7.7828,0.75,1.12
16.08.2021 03:33:36.426,7.783060000000001,7.7828,0.37,0.75
16.08.2021 03:33:39.493,7.783080000000001,7.7828,0.75,0.75
16.08.2021 03:33:39.544,7.783130000000001,7.78284,0.75,0.75
16.08.2021 03:35:12.014,7.783180000000001,7.78284,0.75,0.75
16.08.2021 03:35:12.065,7.783130000000001,7.78284,0.75,0.75
16.08.2021 03:37:24.609,7.783210000000001,7.78284,0.45,0.75
16.08.2021 03:37:24.659,7.783210000000001,7.78289,0.37,0.37
16.08.2021 03:37:24.760,7.783200000000001,7.782960000000001,0.75,0.75
16.08.2021 03:37:38.024,7.78324,7.783,0.37,0.75
16.08.2021 03:37:38.074,7.78322,7.7829500000000005,0.75,0.75
16.08.2021 03:37:38.125,7.78324,7.78298,1.12,0.75
16.08.2021 03:37:38.226,7.78322,7.7829500000000005,0.75,0.75
16.08.2021 03:37:38.276,7.78324,7.78298,1.12,0.75
16.08.2021 03:37:38.327,7.78322,7.7829500000000005,0.75,0.75
16.08.2021 03:37:38.427,7.78324,7.783010000000001,0.37,0.75
16.08.2021 03:37:38.478,7.78322,7.7829500000000005,0.75,0.75
16.08.2021 03:37:38.528,7.78324,7.783010000000001,0.37,0.75
16.08.2021 03:37:38.636,7.78322,7.7829500000000005,0.75,0.75
16.08.2021 03:37:38.686,7.78324,7.78298,1.12,0.75
16.08.2021 03:37:38.737,7.78322,7.7829500000000005,0.75,0.75
16.08.2021 03:37:38.787,7.78324,7.78298,1.12,0.75
16.08.2021 03:37:38.888,7.78322,7.7829500000000005,0.75,0.75
16.08.2021 03:37:38.938,7.78324,7.78298,0.75,0.75
16.08.2021 03:37:38.996,7.78322,7.7829500000000005,0.75,0.75
16.08.2021 03:37:39.097,7.78324,7.78298,0.75,0.75
16.08.2021 03:37:39.148,7.78322,7.7829500000000005,0.75,0.75
16.08.2021 03:37:39.199,7.78324,7.78298,0.75,0.75
16.08.2021 03:37:39.299,7.78322,7.7829500000000005,0.75,0.75
16.08.2021 03:37:39.350,7.78324,7.78298,0.75,0.75
16.08.2021 03:37:39.400,7.78322,7.7829500000000005,0.75,0.75
16.08.2021 03:37:39.501,7.78324,7.78298,0.75,0.75
16.08.2021 03:37:39.552,7.78322,7.7829500000000005,0.75,0.75
16.08.2021 03:37:39.602,7.78324,7.78298,0.75,0.75
16.08.2021 03:37:39.652,7.78322,7.7829500000000005,0.75,0.75
16.08.2021 03:37:39.753,7.78324,7.78298,0.75,0.75
16.08.2021 03:37:39.803,7.78322,7.7829500000000005,0.75,0.75
16.08.2021 03:37:39.904,7.78324,7.78298,0.75,0.75
16.08.2021 03:37:39.954,7.78322,7.7829500000000005,0.75,0.75
16.08.2021 03:37:40.005,7.78324,7.78298,0.75,0.75
16.08.2021 03:37:40.106,7.78322,7.7829500000000005,0.75,0.75
16.08.2021 03:37:40.156,7.78324,7.78298,0.75,0.75
16.08.2021 03:37:40.206,7.78322,7.7829500000000005,0.75,0.75
16.08.2021 03:37:40.307,7.78324,7.78298,0.75,0.75
16.08.2021 03:37:40.358,7.78322,7.7829500000000005,0.75,0.75
16.08.2021 03:37:40.408,7.78324,7.78298,0.75,0.75
16.08.2021 03:37:40.509,7.78322,7.782960000000001,0.75,0.37
16.08.2021 03:37:40.710,7.78324,7.78298,0.75,0.75
16.08.2021 03:37:40.811,7.783200000000001,7.782960000000001,0.75,1.12
16.08.2021 03:37:49.769,7.783250000000001,7.783010000000001,0.75,0.75
16.08.2021 03:37:49.819,7.78322,7.7829500000000005,0.75,2.25
16.08.2021 03:37:49.869,7.78324,7.78298,0.75,0.75
16.08.2021 03:37:49.928,7.78322,7.7829500000000005,0.75,2.25
16.08.2021 03:37:53.400,7.783189999999999,7.782960000000001,0.75,0.75
16.08.2021 03:37:55.952,7.783180000000001,7.782960000000001,0.37,0.75
16.08.2021 03:37:59.460,7.7831600000000005,7.782960000000001,0.37,0.75
16.08.2021 03:37:59.510,7.7831600000000005,7.78292,0.37,1.12
16.08.2021 03:37:59.624,7.78317,7.78292,0.75,0.37
16.08.2021 03:38:00.610,7.78317,7.782900000000001,0.75,0.75
16.08.2021 03:38:17.580,7.78317,7.782850000000001,0.37,0.37
16.08.2021 03:38:17.859,7.783189999999999,7.782860000000001,0.37,0.37
16.08.2021 03:38:19.363,7.783189999999999,7.782830000000001,0.37,0.37
16.08.2021 03:38:20.123,7.783200000000001,7.782830000000001,0.37,0.37
16.08.2021 03:38:21.786,7.783200000000001,7.782850000000001,0.37,0.37
16.08.2021 03:38:22.797,7.783180000000001,7.782850000000001,0.37,0.37
16.08.2021 03:38:23.065,7.78322,7.782850000000001,0.47,0.37
16.08.2021 03:38:23.239,7.78322,7.782830000000001,0.47,0.75
16.08.2021 03:38:25.814,7.783200000000001,7.782830000000001,0.37,0.37
16.08.2021 03:38:28.018,7.783210000000001,7.782830000000001,0.45,0.37
16.08.2021 03:38:29.674,7.78317,7.782900000000001,0.75,0.75
16.08.2021 03:38:47.708,7.7831600000000005,7.782900000000001,0.75,0.75
16.08.2021 03:40:12.209,7.7831,7.782850000000001,0.75,0.75
16.08.2021 03:40:12.310,7.78315,7.782900000000001,0.75,0.75
16.08.2021 03:41:13.439,7.7831600000000005,7.782830000000001,0.37,0.75
16.08.2021 03:41:14.352,7.783180000000001,7.7828800000000005,0.37,0.37
16.08.2021 03:41:14.467,7.78315,7.782900000000001,0.75,0.75
16.08.2021 03:41:18.780,7.783110000000001,7.782850000000001,0.75,0.75
16.08.2021 03:44:10.825,7.7831,7.782850000000001,0.75,0.75
16.08.2021 03:44:30.782,7.7831600000000005,7.782760000000001,0.37,0.75
16.08.2021 03:44:36.040,7.7831600000000005,7.782760000000001,0.37,0.85
16.08.2021 03:44:41.093,7.7831,7.782850000000001,0.75,0.75
16.08.2021 03:45:02.513,7.7831,7.78284,0.75,0.75
16.08.2021 03:45:43.525,7.783180000000001,7.782900000000001,0.37,0.75
16.08.2021 03:45:43.576,7.783200000000001,7.782900000000001,0.75,0.75
16.08.2021 03:46:09.972,7.78322,7.782850000000001,0.37,0.37
16.08.2021 03:46:10.956,7.783210000000001,7.782850000000001,0.37,0.37
16.08.2021 03:46:13.733,7.783200000000001,7.782900000000001,0.75,0.75
16.08.2021 03:46:23.984,7.783189999999999,7.782900000000001,0.37,0.75
16.08.2021 03:47:25.658,7.783200000000001,7.782900000000001,0.75,0.75
16.08.2021 03:47:32.129,7.783189999999999,7.782900000000001,0.37,0.75
16.08.2021 03:48:18.680,7.78309,7.78284,0.75,0.75
16.08.2021 03:48:18.831,7.7831399999999995,7.78289,0.75,0.75
16.08.2021 03:48:19.758,7.783130000000001,7.78289,0.75,0.75
16.08.2021 03:49:57.875,7.7831399999999995,7.782900000000001,0.75,0.75
16.08.2021 03:50:18.294,7.783189999999999,7.782900000000001,0.75,0.75
16.08.2021 03:50:51.034,7.78312,7.78289,0.75,0.75
16.08.2021 03:51:48.653,7.7831,7.78284,0.75,0.75
16.08.2021 03:53:17.284,7.78315,7.78289,0.75,0.75
16.08.2021 03:53:18.248,7.7831,7.78284,0.75,0.75
16.08.2021 03:53:28.677,7.783180000000001,7.78275,0.37,0.45
16.08.2021 03:53:47.394,7.7831,7.78284,0.75,0.75
16.08.2021 03:55:07.662,7.7832300000000005,7.78282,2.72,0.75
16.08.2021 03:55:07.950,7.7832300000000005,7.782810000000001,1.22,0.37
16.08.2021 03:55:08.050,7.78322,7.782780000000001,0.45,0.37
16.08.2021 03:55:09.043,7.783210000000001,7.782789999999999,0.37,0.37
16.08.2021 03:55:10.045,7.783210000000001,7.782780000000001,0.37,0.37
16.08.2021 03:55:13.050,7.783200000000001,7.782780000000001,0.37,0.37
16.08.2021 03:55:14.053,7.783210000000001,7.782780000000001,0.37,0.37
16.08.2021 03:55:16.095,7.783189999999999,7.78275,0.37,0.45
16.08.2021 03:55:17.737,7.7831,7.78284,0.75,0.75
16.08.2021 03:55:24.455,7.7831600000000005,7.782760000000001,0.37,0.37
16.08.2021 03:55:24.517,7.7831,7.78284,0.75,0.75
16.08.2021 03:56:57.480,7.78305,7.78282,0.75,0.75
16.08.2021 03:56:57.530,7.78305,7.782789999999999,0.75,0.75
16.08.2021 03:57:06.939,7.7831600000000005,7.78275,0.37,0.75
16.08.2021 03:57:09.286,7.78315,7.78275,0.37,1.12
16.08.2021 03:57:09.535,7.78315,7.78275,0.37,1.22
16.08.2021 03:57:09.585,7.7831,7.78284,0.75,0.75
16.08.2021 03:57:21.049,7.7832300000000005,7.782789999999999,2.32,0.37
16.08.2021 03:57:21.263,7.7832300000000005,7.782789999999999,2.35,0.37
16.08.2021 03:57:22.319,7.78322,7.782780000000001,0.82,0.37
16.08.2021 03:57:23.312,7.7832300000000005,7.78277,0.85,0.37
16.08.2021 03:57:25.322,7.783180000000001,7.78277,0.37,0.37
16.08.2021 03:57:26.458,7.78317,7.78275,0.37,0.37
16.08.2021 03:57:28.519,7.783200000000001,7.78282,0.37,0.75
16.08.2021 03:57:28.620,7.783200000000001,7.782760000000001,0.37,1.12
16.08.2021 03:57:29.487,7.783189999999999,7.782780000000001,0.37,0.37
16.08.2021 03:57:29.726,7.783189999999999,7.78282,0.37,0.75
16.08.2021 03:57:30.161,7.783189999999999,7.782780000000001,0.37,0.37
16.08.2021 03:57:30.243,7.783189999999999,7.78282,0.37,0.75
16.08.2021 03:57:31.098,7.7831600000000005,7.78282,0.37,0.75
