Gmt time,Ask,Bid,AskVolume,BidVolume
25.08.2021 00:00:14.706,7.78819,7.78784,0.75,0.37
25.08.2021 00:00:17.519,7.788250000000001,7.78784,0.75,0.37
25.08.2021 00:00:18.479,7.78823,7.78784,0.75,0.37
25.08.2021 00:00:18.597,7.78823,7.78782,0.75,0.37
25.08.2021 00:00:23.647,7.78827,7.7878300000000005,1.5,0.37
25.08.2021 00:00:23.748,7.78828,7.7878300000000005,2.62,0.37
25.08.2021 00:00:24.683,7.78828,7.787860000000001,2.62,0.37
25.08.2021 00:00:25.413,7.78827,7.787860000000001,0.75,0.37
25.08.2021 00:00:25.743,7.78827,7.78787,0.75,0.37
25.08.2021 00:00:26.734,7.78827,7.787850000000001,0.75,0.37
25.08.2021 00:00:29.532,7.78824,7.787850000000001,0.37,0.37
25.08.2021 00:00:45.099,7.78824,7.787860000000001,0.37,0.75
25.08.2021 00:00:46.270,7.78822,7.78794,0.37,0.37
25.08.2021 00:00:46.710,7.788210000000001,7.78787,0.37,0.37
25.08.2021 00:00:46.811,7.78824,7.78788,0.37,0.37
25.08.2021 00:00:48.853,7.78824,7.78789,0.37,0.37
25.08.2021 00:00:51.182,7.78824,7.787860000000001,0.37,0.75
25.08.2021 00:00:51.241,7.788210000000001,7.787860000000001,0.37,0.75
25.08.2021 00:00:58.097,7.78824,7.787860000000001,0.37,0.75
25.08.2021 00:00:58.148,7.788380000000001,7.787910000000001,0.75,0.75
25.08.2021 00:00:58.249,7.78847,7.78802,0.37,0.75
25.08.2021 00:00:58.299,7.7884899999999995,7.78799,0.75,1.12
25.08.2021 00:00:58.350,7.788530000000001,7.78802,0.75,0.75
25.08.2021 00:00:58.799,7.788550000000001,7.78799,0.75,1.12
25.08.2021 00:01:07.505,7.78857,7.78802,0.75,0.75
25.08.2021 00:01:08.000,7.78857,7.788,0.75,0.75
25.08.2021 00:01:14.377,7.78857,7.78802,0.45,0.75
25.08.2021 00:01:14.702,7.78857,7.788030000000001,0.37,0.75
25.08.2021 00:01:14.803,7.78857,7.78807,1.12,0.75
25.08.2021 00:01:43.405,7.78857,7.788060000000001,0.75,0.37
25.08.2021 00:01:43.506,7.7885800000000005,7.788060000000001,0.37,0.37
25.08.2021 00:01:44.345,7.78859,7.78804,0.75,1.12
25.08.2021 00:01:44.605,7.78859,7.78805,0.75,0.37
25.08.2021 00:01:45.476,7.78859,7.78804,0.75,1.12
25.08.2021 00:01:49.763,7.78857,7.78807,0.75,0.37
25.08.2021 00:01:49.864,7.788560000000001,7.78807,0.75,0.37
25.08.2021 00:01:51.258,7.788560000000001,7.788060000000001,0.75,1.12
25.08.2021 00:02:25.313,7.788550000000001,7.78805,0.75,0.75
25.08.2021 00:02:26.018,7.788550000000001,7.788060000000001,0.75,0.37
25.08.2021 00:02:27.292,7.788550000000001,7.7881,1.12,0.37
25.08.2021 00:02:43.337,7.788530000000001,7.7881,0.75,0.37
25.08.2021 00:02:47.221,7.788530000000001,7.788060000000001,0.75,0.37
25.08.2021 00:03:02.482,7.788530000000001,7.78805,0.75,0.75
25.08.2021 00:03:03.983,7.788530000000001,7.788060000000001,0.75,0.37
25.08.2021 00:03:27.094,7.788530000000001,7.78805,0.75,0.75
25.08.2021 00:03:27.145,7.788510000000001,7.78805,0.37,0.75
25.08.2021 00:03:28.024,7.788510000000001,7.788030000000001,0.37,0.75
25.08.2021 00:03:28.638,7.7885,7.788030000000001,0.37,0.75
25.08.2021 00:03:30.098,7.788510000000001,7.788030000000001,0.37,0.75
25.08.2021 00:03:31.047,7.788510000000001,7.78804,0.37,0.37
25.08.2021 00:03:33.100,7.78852,7.78804,0.37,0.37
25.08.2021 00:03:34.056,7.78852,7.788030000000001,0.37,1.12
25.08.2021 00:03:35.059,7.78852,7.78804,0.37,0.37
25.08.2021 00:03:36.064,7.78852,7.788030000000001,0.37,1.12
25.08.2021 00:03:41.940,7.78852,7.7880899999999995,0.37,0.75
25.08.2021 00:03:42.075,7.78852,7.788030000000001,0.37,1.12
25.08.2021 00:03:42.176,7.78852,7.78804,0.37,0.37
25.08.2021 00:03:43.082,7.78852,7.788030000000001,0.37,1.12
25.08.2021 00:03:46.099,7.78852,7.78804,0.37,0.37
25.08.2021 00:03:47.101,7.78852,7.788030000000001,0.37,1.12
25.08.2021 00:03:49.151,7.78852,7.78804,0.37,0.37
25.08.2021 00:03:50.141,7.78852,7.788030000000001,0.37,1.12
25.08.2021 00:03:53.123,7.78852,7.78804,0.37,0.37
25.08.2021 00:03:54.125,7.78852,7.788030000000001,0.37,1.12
25.08.2021 00:04:00.142,7.78852,7.78804,0.37,0.37
25.08.2021 00:04:01.146,7.78852,7.788030000000001,0.37,1.12
25.08.2021 00:04:04.159,7.78852,7.78804,0.37,0.37
25.08.2021 00:04:05.163,7.78852,7.788030000000001,0.37,1.12
25.08.2021 00:04:11.272,7.78852,7.78804,0.37,0.37
25.08.2021 00:04:14.190,7.78852,7.788030000000001,0.37,1.12
25.08.2021 00:04:16.223,7.78852,7.78804,0.37,0.37
25.08.2021 00:04:17.214,7.78852,7.788030000000001,0.37,1.12
25.08.2021 00:04:19.196,7.78852,7.78804,0.37,0.37
25.08.2021 00:04:20.197,7.78852,7.788030000000001,0.37,1.12
25.08.2021 00:04:20.514,7.788530000000001,7.78817,0.75,0.37
25.08.2021 00:04:20.564,7.78859,7.78817,0.85,0.37
25.08.2021 00:04:20.615,7.788550000000001,7.78817,0.37,0.37
25.08.2021 00:04:21.221,7.788530000000001,7.78817,0.75,0.37
25.08.2021 00:04:21.272,7.788550000000001,7.78817,0.37,0.37
25.08.2021 00:04:21.730,7.788600000000001,7.78817,0.37,0.37
25.08.2021 00:04:21.991,7.788600000000001,7.7881800000000005,0.37,0.37
25.08.2021 00:04:23.206,7.78859,7.7881800000000005,0.37,0.37
25.08.2021 00:04:23.492,7.78859,7.788160000000001,0.37,0.37
25.08.2021 00:04:24.992,7.78859,7.788150000000001,0.37,0.37
25.08.2021 00:04:25.736,7.78859,7.788160000000001,0.37,0.37
25.08.2021 00:04:28.156,7.788660000000001,7.788139999999999,0.85,0.37
25.08.2021 00:04:28.666,7.78863,7.788139999999999,0.85,0.37
25.08.2021 00:04:29.494,7.78863,7.788130000000001,0.85,0.37
25.08.2021 00:04:30.115,7.78859,7.788130000000001,0.75,0.37
25.08.2021 00:04:30.462,7.78857,7.788130000000001,0.75,0.37
25.08.2021 00:04:30.662,7.788530000000001,7.788130000000001,0.75,0.37
25.08.2021 00:04:30.763,7.788530000000001,7.788080000000001,0.75,0.37
25.08.2021 00:04:32.242,7.788530000000001,7.7881,0.75,0.37
25.08.2021 00:04:33.742,7.788530000000001,7.7880899999999995,0.75,0.37
25.08.2021 00:04:50.624,7.788480000000001,7.7880899999999995,0.75,0.37
25.08.2021 00:05:50.736,7.788480000000001,7.788080000000001,0.75,0.37
25.08.2021 00:05:52.191,7.788480000000001,7.7880899999999995,0.75,0.37
25.08.2021 00:06:03.521,7.788539999999999,7.7880899999999995,0.75,0.37
25.08.2021 00:06:03.622,7.788530000000001,7.7880899999999995,0.75,0.37
25.08.2021 00:06:03.938,7.788539999999999,7.7880899999999995,0.75,0.37
25.08.2021 00:06:06.910,7.78852,7.7880899999999995,0.37,0.37
25.08.2021 00:06:07.914,7.788510000000001,7.7880899999999995,0.37,0.37
25.08.2021 00:06:08.919,7.7884899999999995,7.7880899999999995,0.37,0.37
25.08.2021 00:06:16.891,7.788480000000001,7.7880899999999995,0.75,0.37
25.08.2021 00:06:23.002,7.78847,7.7880899999999995,0.37,0.75
25.08.2021 00:07:21.198,7.788480000000001,7.78807,0.75,0.37
25.08.2021 00:08:21.504,7.788480000000001,7.788060000000001,0.75,0.37
25.08.2021 00:08:28.278,7.78847,7.788060000000001,0.75,0.37
25.08.2021 00:08:31.708,7.78847,7.78807,0.75,0.37
25.08.2021 00:08:45.733,7.78847,7.78804,0.75,0.37
25.08.2021 00:08:51.749,7.78847,7.78805,0.75,0.37
25.08.2021 00:08:58.763,7.78847,7.788060000000001,0.75,0.37
25.08.2021 00:09:01.770,7.78847,7.78804,0.75,0.37
25.08.2021 00:09:05.809,7.78847,7.78805,0.75,0.37
25.08.2021 00:09:07.780,7.78847,7.78804,0.75,0.37
25.08.2021 00:09:10.786,7.78847,7.78805,0.75,0.37
25.08.2021 00:09:14.796,7.78847,7.78804,0.75,0.37
25.08.2021 00:09:20.810,7.78847,7.78805,0.75,0.37
25.08.2021 00:09:23.226,7.78842,7.78805,0.75,0.37
25.08.2021 00:09:23.347,7.78842,7.78807,0.75,0.37
25.08.2021 00:09:23.675,7.78842,7.78799,0.75,0.37
25.08.2021 00:09:41.112,7.788550000000001,7.787980000000001,0.85,0.37
25.08.2021 00:09:41.637,7.78852,7.788030000000001,0.75,0.37
25.08.2021 00:09:43.614,7.788430000000001,7.788030000000001,0.37,0.37
25.08.2021 00:09:56.882,7.788430000000001,7.78799,0.75,0.37
25.08.2021 00:10:03.897,7.788430000000001,7.788,0.75,0.37
25.08.2021 00:10:08.715,7.788430000000001,7.7879700000000005,0.75,0.37
25.08.2021 00:10:10.166,7.788430000000001,7.787960000000001,0.75,0.37
25.08.2021 00:10:23.154,7.788430000000001,7.7879700000000005,0.75,0.37
25.08.2021 00:10:24.154,7.788430000000001,7.787960000000001,0.75,0.37
25.08.2021 00:10:25.670,7.788430000000001,7.78795,0.75,0.37
25.08.2021 00:10:31.696,7.788330000000001,7.78794,0.75,0.37
25.08.2021 00:10:31.746,7.788550000000001,7.78794,2.35,0.37
25.08.2021 00:10:31.797,7.78852,7.78794,0.85,0.37
25.08.2021 00:10:31.947,7.78847,7.78793,0.85,0.37
25.08.2021 00:10:32.878,7.788460000000001,7.78793,0.85,0.37
25.08.2021 00:10:33.344,7.788460000000001,7.7879000000000005,0.85,0.37
25.08.2021 00:10:46.796,7.78845,7.7879000000000005,0.47,0.37
25.08.2021 00:10:47.157,7.78845,7.787910000000001,0.47,0.37
25.08.2021 00:10:47.258,7.78845,7.787910000000001,0.47,0.37
25.08.2021 00:11:31.899,7.78845,7.7879000000000005,0.47,0.37
25.08.2021 00:11:33.353,7.788460000000001,7.78789,0.85,0.37
25.08.2021 00:12:32.050,7.788460000000001,7.78789,0.75,0.37
25.08.2021 00:12:33.370,7.788460000000001,7.787810000000001,0.75,0.75
25.08.2021 00:12:35.332,7.78847,7.787810000000001,0.75,0.75
25.08.2021 00:12:35.432,7.788460000000001,7.7879000000000005,0.37,0.37
25.08.2021 00:12:43.576,7.78844,7.7879000000000005,0.75,0.37
25.08.2021 00:12:43.677,7.788380000000001,7.787860000000001,0.37,0.37
25.08.2021 00:12:44.146,7.788360000000001,7.78787,0.37,0.37
25.08.2021 00:12:45.225,7.7883700000000005,7.787860000000001,0.37,0.37
25.08.2021 00:12:46.625,7.788380000000001,7.787860000000001,0.37,0.75
25.08.2021 00:12:51.665,7.78832,7.787860000000001,0.37,0.37
25.08.2021 00:12:52.622,7.78832,7.78782,0.37,1.12
25.08.2021 00:12:53.928,7.78832,7.7878300000000005,0.37,0.37
25.08.2021 00:12:56.125,7.788330000000001,7.7878300000000005,0.37,0.37
25.08.2021 00:13:31.419,7.78834,7.7878300000000005,0.37,0.37
25.08.2021 00:13:32.871,7.788330000000001,7.7878300000000005,0.37,0.37
25.08.2021 00:13:57.212,7.788330000000001,7.78782,0.37,0.75
25.08.2021 00:14:33.201,7.788460000000001,7.78782,0.75,0.75
25.08.2021 00:14:43.023,7.788460000000001,7.78782,0.85,0.75
25.08.2021 00:14:43.483,7.788460000000001,7.7878300000000005,0.85,0.37
25.08.2021 00:14:45.465,7.788460000000001,7.78782,0.85,0.75
25.08.2021 00:14:46.288,7.78834,7.78782,0.37,0.75
25.08.2021 00:14:47.788,7.788330000000001,7.78782,0.37,0.75
25.08.2021 00:15:18.114,7.78834,7.78782,0.37,0.75
25.08.2021 00:15:19.135,7.78834,7.787860000000001,0.37,0.37
25.08.2021 00:15:23.541,7.78834,7.7878300000000005,0.37,0.37
25.08.2021 00:15:28.049,7.788330000000001,7.7878300000000005,0.37,0.37
25.08.2021 00:15:32.636,7.788330000000001,7.78782,0.37,0.75
25.08.2021 00:15:37.499,7.788330000000001,7.787780000000001,0.37,0.82
25.08.2021 00:15:46.960,7.78834,7.787780000000001,0.37,0.75
25.08.2021 00:15:48.304,7.78834,7.78782,0.37,0.75
25.08.2021 00:15:53.209,7.78834,7.787850000000001,0.37,0.37
25.08.2021 00:16:22.660,7.78834,7.787860000000001,0.75,0.37
25.08.2021 00:16:46.976,7.788330000000001,7.787860000000001,0.37,0.37
25.08.2021 00:16:47.720,7.788330000000001,7.78782,0.37,0.75
25.08.2021 00:16:48.476,7.78834,7.78782,0.37,0.75
25.08.2021 00:16:52.921,7.788330000000001,7.78782,0.37,1.12
25.08.2021 00:17:09.306,7.78834,7.78782,0.37,0.75
25.08.2021 00:17:10.806,7.788330000000001,7.78782,0.37,1.12
25.08.2021 00:17:55.012,7.78834,7.78782,0.37,1.12
25.08.2021 00:17:56.512,7.788330000000001,7.78782,0.37,0.37
25.08.2021 00:18:00.394,7.788330000000001,7.7878300000000005,0.37,0.37
25.08.2021 00:18:50.749,7.788330000000001,7.787850000000001,0.37,0.37
25.08.2021 00:18:51.727,7.78834,7.787850000000001,0.37,0.37
25.08.2021 00:18:52.970,7.78834,7.78787,0.37,0.37
25.08.2021 00:18:53.182,7.78832,7.78787,0.37,0.37
25.08.2021 00:19:04.284,7.788310000000001,7.78787,0.37,0.37
25.08.2021 00:19:24.371,7.78832,7.78787,0.37,0.37
25.08.2021 00:19:25.028,7.78832,7.78784,0.37,0.37
25.08.2021 00:19:25.849,7.788310000000001,7.78784,0.37,0.37
25.08.2021 00:19:31.930,7.78832,7.78784,0.37,0.37
25.08.2021 00:19:33.048,7.78832,7.7878300000000005,0.37,0.37
25.08.2021 00:19:33.430,7.788310000000001,7.7878300000000005,0.37,0.37
25.08.2021 00:19:54.988,7.78832,7.7878300000000005,0.37,0.37
25.08.2021 00:19:57.101,7.78832,7.787850000000001,0.37,0.37
25.08.2021 00:20:01.101,7.78829,7.78782,0.37,0.37
25.08.2021 00:20:12.228,7.78827,7.78782,0.75,0.37
25.08.2021 00:20:13.633,7.78827,7.787800000000001,0.75,0.37
25.08.2021 00:20:15.632,7.78827,7.787810000000001,0.75,0.37
25.08.2021 00:20:16.635,7.78827,7.78782,0.75,0.37
25.08.2021 00:20:20.540,7.78827,7.787980000000001,0.75,0.37
25.08.2021 00:20:21.950,7.7883700000000005,7.78795,0.37,0.37
25.08.2021 00:20:22.110,7.78845,7.78795,1.22,0.37
25.08.2021 00:20:22.498,7.78845,7.78795,1.22,0.37
25.08.2021 00:20:24.921,7.78845,7.78794,1.22,0.37
25.08.2021 00:20:26.443,7.788430000000001,7.78793,0.47,0.37
25.08.2021 00:20:27.311,7.788430000000001,7.78793,0.47,0.37
25.08.2021 00:20:27.951,7.78842,7.78792,0.47,0.37
25.08.2021 00:20:28.904,7.7883700000000005,7.78792,0.37,0.37
25.08.2021 00:20:29.940,7.788360000000001,7.78792,0.37,0.37
25.08.2021 00:20:30.862,7.788360000000001,7.78789,0.37,0.37
25.08.2021 00:20:33.862,7.788360000000001,7.78788,0.37,0.37
25.08.2021 00:20:50.248,7.78835,7.78788,0.37,0.37
25.08.2021 00:21:11.702,7.78842,7.78788,0.85,0.37
25.08.2021 00:21:20.025,7.788380000000001,7.78788,0.75,0.37
25.08.2021 00:21:22.118,7.788380000000001,7.7879000000000005,0.75,0.37
25.08.2021 00:21:25.122,7.78829,7.7879000000000005,0.37,0.37
25.08.2021 00:21:27.282,7.78832,7.78787,0.37,0.75
25.08.2021 00:21:27.771,7.78832,7.78788,0.37,0.37
25.08.2021 00:21:30.387,7.78832,7.78787,0.37,0.75
25.08.2021 00:21:31.184,7.788310000000001,7.78787,0.37,0.37
25.08.2021 00:21:31.935,7.788310000000001,7.78788,0.37,0.37
25.08.2021 00:21:32.290,7.788330000000001,7.78788,0.37,0.37
25.08.2021 00:21:33.317,7.7884,7.78788,0.45,0.37
25.08.2021 00:21:35.292,7.78842,7.78788,1.22,0.37
25.08.2021 00:21:51.979,7.78842,7.78789,0.47,0.37
25.08.2021 00:22:33.855,7.78842,7.78789,1.12,0.37
25.08.2021 00:22:34.416,7.7884,7.78789,0.75,0.37
25.08.2021 00:22:37.138,7.788430000000001,7.78789,0.75,0.37
25.08.2021 00:22:37.535,7.7884,7.78789,0.75,0.37
25.08.2021 00:22:37.636,7.7884,7.7879000000000005,0.75,0.37
25.08.2021 00:22:38.580,7.7884,7.787910000000001,0.75,0.37
25.08.2021 00:22:54.342,7.788330000000001,7.7879000000000005,0.37,0.37
25.08.2021 00:23:04.499,7.78832,7.78789,0.37,0.75
25.08.2021 00:23:05.715,7.788330000000001,7.78789,0.37,0.37
25.08.2021 00:23:05.959,7.788330000000001,7.7879000000000005,0.37,0.37
25.08.2021 00:23:17.483,7.788330000000001,7.78789,0.37,0.37
25.08.2021 00:23:38.726,7.788430000000001,7.78789,0.85,0.37
25.08.2021 00:23:38.877,7.788430000000001,7.78789,0.85,0.37
25.08.2021 00:23:48.129,7.78839,7.78789,0.75,0.37
25.08.2021 00:23:52.494,7.78842,7.78789,0.85,0.37
25.08.2021 00:24:09.961,7.78844,7.7879000000000005,0.85,0.37
25.08.2021 00:24:10.242,7.78844,7.7879000000000005,0.85,0.37
25.08.2021 00:24:11.425,7.788410000000001,7.78789,0.85,0.37
25.08.2021 00:24:27.135,7.788410000000001,7.7879000000000005,0.82,0.37
25.08.2021 00:24:27.465,7.788410000000001,7.7879000000000005,0.85,0.37
25.08.2021 00:24:28.624,7.788410000000001,7.78789,0.85,0.37
25.08.2021 00:24:31.608,7.788430000000001,7.78789,0.85,0.37
25.08.2021 00:24:31.659,7.788310000000001,7.7879000000000005,0.37,0.37
25.08.2021 00:24:31.709,7.78835,7.7879000000000005,0.37,0.37
25.08.2021 00:24:33.107,7.78835,7.78789,0.37,0.37
25.08.2021 00:25:31.804,7.788430000000001,7.78789,0.85,0.37
25.08.2021 00:25:32.135,7.788430000000001,7.78789,0.75,0.37
25.08.2021 00:25:33.126,7.788430000000001,7.78782,0.75,0.75
25.08.2021 00:25:49.806,7.78834,7.78788,0.37,0.37
25.08.2021 00:26:50.050,7.788430000000001,7.78782,0.85,0.75
25.08.2021 00:26:50.380,7.788430000000001,7.78782,0.75,0.75
25.08.2021 00:28:05.138,7.788430000000001,7.78782,0.85,0.75
25.08.2021 00:28:15.329,7.788430000000001,7.78782,0.85,0.75
25.08.2021 00:28:57.264,7.788430000000001,7.78782,0.85,0.75
25.08.2021 00:29:18.310,7.788430000000001,7.78782,0.85,0.75
25.08.2021 00:30:44.839,7.788460000000001,7.78787,0.85,0.75
25.08.2021 00:30:44.990,7.788380000000001,7.78793,0.75,0.37
25.08.2021 00:30:46.446,7.788380000000001,7.787960000000001,0.75,0.37
25.08.2021 00:30:55.252,7.788380000000001,7.78794,0.75,0.37
25.08.2021 00:31:30.734,7.788380000000001,7.7879000000000005,0.75,0.75
25.08.2021 00:31:32.496,7.788380000000001,7.78793,0.75,0.37
25.08.2021 00:31:33.422,7.788380000000001,7.78794,0.75,0.37
25.08.2021 00:31:39.398,7.788380000000001,7.78793,0.75,0.37
25.08.2021 00:31:40.403,7.788380000000001,7.78794,0.75,0.37
25.08.2021 00:31:43.415,7.788380000000001,7.78793,0.75,0.37
25.08.2021 00:31:44.419,7.788380000000001,7.78794,0.75,0.37
25.08.2021 00:31:44.828,7.78844,7.78794,0.37,0.37
25.08.2021 00:31:46.085,7.788380000000001,7.78794,0.75,0.37
25.08.2021 00:31:50.586,7.788380000000001,7.78793,0.75,0.37
25.08.2021 00:31:51.907,7.788430000000001,7.78793,0.75,0.37
25.08.2021 00:31:52.139,7.788380000000001,7.78793,0.75,0.37
25.08.2021 00:31:52.438,7.788380000000001,7.78794,0.75,0.37
25.08.2021 00:31:54.448,7.788380000000001,7.78793,0.75,0.37
25.08.2021 00:31:55.453,7.788380000000001,7.78794,0.75,0.37
25.08.2021 00:31:57.462,7.788380000000001,7.78793,0.75,0.37
25.08.2021 00:31:58.510,7.788380000000001,7.78794,0.75,0.37
25.08.2021 00:32:01.482,7.788380000000001,7.78793,0.75,0.37
25.08.2021 00:32:02.488,7.788380000000001,7.78794,0.75,0.37
25.08.2021 00:32:08.505,7.788380000000001,7.78793,0.75,0.37
25.08.2021 00:32:09.508,7.788380000000001,7.78794,0.75,0.37
25.08.2021 00:32:12.524,7.788380000000001,7.78793,0.75,0.37
25.08.2021 00:32:13.529,7.788380000000001,7.78794,0.75,0.37
25.08.2021 00:32:19.559,7.788380000000001,7.78793,0.75,0.37
25.08.2021 00:32:20.560,7.788380000000001,7.78794,0.75,0.37
25.08.2021 00:32:23.599,7.788380000000001,7.78793,0.75,0.37
25.08.2021 00:32:24.590,7.788380000000001,7.78794,0.75,0.37
25.08.2021 00:32:26.577,7.788380000000001,7.78793,0.75,0.37
25.08.2021 00:32:27.577,7.788380000000001,7.78794,0.75,0.37
25.08.2021 00:32:30.590,7.788380000000001,7.78793,0.75,0.37
25.08.2021 00:32:31.594,7.788380000000001,7.78794,0.75,0.37
25.08.2021 00:32:37.619,7.788380000000001,7.78793,0.75,0.37
25.08.2021 00:32:38.623,7.788380000000001,7.78794,0.75,0.37
25.08.2021 00:32:42.640,7.788380000000001,7.78793,0.75,0.37
25.08.2021 00:32:43.640,7.788380000000001,7.78794,0.75,0.37
25.08.2021 00:32:45.644,7.788380000000001,7.787910000000001,0.75,0.37
25.08.2021 00:33:05.571,7.788380000000001,7.78793,0.75,0.37
25.08.2021 00:33:06.733,7.788380000000001,7.7879000000000005,0.75,0.37
25.08.2021 00:33:07.691,7.788380000000001,7.78789,0.75,2.25
25.08.2021 00:33:10.508,7.788480000000001,7.788,0.75,0.75
25.08.2021 00:33:10.658,7.788510000000001,7.78805,0.37,0.75
25.08.2021 00:33:10.953,7.788510000000001,7.788080000000001,0.37,0.37
25.08.2021 00:33:11.671,7.788530000000001,7.788080000000001,0.75,0.37
25.08.2021 00:34:12.813,7.788530000000001,7.788060000000001,0.75,0.37
25.08.2021 00:35:12.246,7.788530000000001,7.78805,0.75,3
25.08.2021 00:35:29.678,7.788530000000001,7.78805,0.75,0.75
25.08.2021 00:36:17.055,7.78852,7.78805,0.75,0.75
25.08.2021 00:37:03.496,7.78852,7.78804,0.75,0.75
25.08.2021 00:37:19.812,7.78847,7.788030000000001,0.75,0.75
25.08.2021 00:37:19.963,7.788660000000001,7.788310000000001,0.47,0.75
25.08.2021 00:37:20.013,7.788660000000001,7.788310000000001,0.37,0.75
25.08.2021 00:37:20.114,7.78872,7.78834,0.75,0.75
25.08.2021 00:37:20.215,7.78877,7.78834,1.12,0.75
25.08.2021 00:37:27.469,7.788660000000001,7.788330000000001,0.75,0.37
25.08.2021 00:37:27.519,7.788660000000001,7.78823,0.75,0.75
25.08.2021 00:37:27.570,7.788780000000001,7.788330000000001,0.75,0.75
25.08.2021 00:37:27.620,7.788760000000001,7.788330000000001,0.75,0.75
25.08.2021 00:37:34.850,7.788760000000001,7.78835,0.75,0.75
25.08.2021 00:37:35.897,7.788760000000001,7.788380000000001,0.75,0.37
25.08.2021 00:37:41.408,7.788780000000001,7.788380000000001,0.75,0.37
25.08.2021 00:37:43.729,7.78875,7.78839,0.37,0.37
25.08.2021 00:37:44.730,7.78875,7.7884,0.37,0.37
25.08.2021 00:37:45.733,7.78875,7.788410000000001,0.37,0.37
25.08.2021 00:37:46.735,7.78875,7.78844,0.37,0.37
25.08.2021 00:37:53.264,7.78882,7.78844,0.82,0.37
25.08.2021 00:37:53.365,7.78882,7.78835,0.75,0.37
25.08.2021 00:37:56.270,7.78882,7.788360000000001,0.75,0.37
25.08.2021 00:37:57.272,7.78882,7.788380000000001,0.75,0.37
25.08.2021 00:38:15.493,7.788880000000001,7.788380000000001,0.85,0.37
25.08.2021 00:38:15.594,7.788810000000001,7.788380000000001,0.75,0.37
25.08.2021 00:38:35.860,7.788810000000001,7.7884,0.75,0.37
25.08.2021 00:38:53.434,7.788810000000001,7.78842,0.75,0.37
25.08.2021 00:39:09.166,7.788860000000001,7.788430000000001,0.75,0.37
25.08.2021 00:39:09.217,7.788860000000001,7.7884,0.75,0.37
25.08.2021 00:39:10.242,7.788810000000001,7.7884,0.75,0.37
25.08.2021 00:39:43.375,7.788860000000001,7.7884,0.37,0.37
25.08.2021 00:39:43.481,7.78887,7.7884,0.37,0.37
25.08.2021 00:39:44.437,7.788860000000001,7.7884,0.37,0.37
25.08.2021 00:39:47.448,7.78887,7.7884,0.37,0.37
25.08.2021 00:39:48.454,7.788860000000001,7.7884,0.37,0.37
25.08.2021 00:39:51.469,7.78887,7.7884,0.37,0.37
25.08.2021 00:39:52.473,7.788860000000001,7.7884,0.37,0.37
25.08.2021 00:39:53.283,7.788860000000001,7.788430000000001,0.37,0.37
25.08.2021 00:39:54.138,7.788760000000001,7.788430000000001,0.75,0.37
25.08.2021 00:39:54.341,7.788810000000001,7.788430000000001,0.75,0.37
25.08.2021 00:40:17.054,7.788810000000001,7.7884,0.75,0.37
25.08.2021 00:40:19.128,7.78885,7.788460000000001,0.37,0.75
25.08.2021 00:40:19.268,7.7888,7.788460000000001,0.37,0.75
25.08.2021 00:40:19.369,7.78875,7.7884,0.75,0.37
25.08.2021 00:40:20.047,7.78875,7.78842,0.75,0.37
25.08.2021 00:40:26.624,7.78875,7.788430000000001,0.75,0.37
25.08.2021 00:40:28.604,7.78875,7.78844,0.75,0.37
25.08.2021 00:40:30.585,7.78875,7.788430000000001,0.75,0.37
25.08.2021 00:40:31.603,7.78875,7.78844,0.75,0.37
25.08.2021 00:40:34.592,7.78875,7.788430000000001,0.75,0.37
25.08.2021 00:40:35.594,7.78875,7.78844,0.75,0.37
25.08.2021 00:40:37.597,7.78875,7.788430000000001,0.75,0.37
25.08.2021 00:40:39.602,7.78875,7.78844,0.75,0.37
25.08.2021 00:40:41.606,7.78875,7.788430000000001,0.75,0.37
25.08.2021 00:40:42.609,7.78875,7.78844,0.75,0.37
25.08.2021 00:40:45.634,7.78875,7.788430000000001,0.75,0.37
25.08.2021 00:40:46.172,7.78875,7.78842,0.75,0.37
25.08.2021 00:41:29.290,7.78875,7.78839,0.75,0.75
25.08.2021 00:41:40.476,7.78875,7.788360000000001,0.75,0.75
25.08.2021 00:41:40.627,7.78875,7.78842,0.75,0.37
25.08.2021 00:42:36.515,7.788860000000001,7.78842,0.37,0.37
25.08.2021 00:42:36.722,7.78875,7.78842,0.75,0.37
25.08.2021 00:42:40.598,7.78875,7.7883700000000005,0.75,0.75
25.08.2021 00:43:12.481,7.788889999999999,7.788600000000001,0.82,0.75
25.08.2021 00:43:12.582,7.788880000000001,7.788550000000001,0.37,0.75
25.08.2021 00:43:12.632,7.788880000000001,7.78857,0.37,0.75
25.08.2021 00:43:12.733,7.7891200000000005,7.78863,3.75,0.75
25.08.2021 00:43:12.783,7.7891,7.7887,0.75,0.75
25.08.2021 00:43:12.884,7.7892,7.7888,0.75,0.75
25.08.2021 00:43:13.035,7.78925,7.78868,0.37,0.75
25.08.2021 00:43:13.386,7.78925,7.78867,0.37,0.75
25.08.2021 00:43:13.841,7.78925,7.78869,0.37,0.37
25.08.2021 00:43:13.941,7.78927,7.78869,0.37,0.37
25.08.2021 00:43:15.314,7.789289999999999,7.788710000000001,0.37,0.37
25.08.2021 00:43:18.624,7.789280000000001,7.788710000000001,0.75,0.37
25.08.2021 00:43:18.881,7.789280000000001,7.7886500000000005,1.12,2.32
25.08.2021 00:43:20.382,7.78925,7.78867,0.37,0.37
25.08.2021 00:43:28.511,7.78927,7.78872,0.37,0.75
25.08.2021 00:43:28.612,7.789300000000001,7.7889,1.12,0.75
25.08.2021 00:43:28.763,7.789300000000001,7.788950000000001,0.37,0.75
25.08.2021 00:43:29.254,7.789350000000001,7.788950000000001,0.75,0.75
25.08.2021 00:43:36.446,7.789300000000001,7.7889,0.75,0.75
25.08.2021 00:44:14.912,7.789350000000001,7.788830000000001,0.37,0.75
25.08.2021 00:44:15.064,7.789300000000001,7.7889,0.75,0.75
25.08.2021 00:44:36.252,7.789289999999999,7.7889,0.37,0.75
25.08.2021 00:44:41.880,7.78927,7.7889,0.37,0.75
25.08.2021 00:44:42.883,7.789210000000001,7.7889,0.37,0.75
25.08.2021 00:44:50.913,7.789280000000001,7.7889,0.37,0.75
25.08.2021 00:45:51.059,7.789300000000001,7.7889,0.75,0.75
25.08.2021 00:46:09.603,7.78925,7.78885,0.75,0.75
25.08.2021 00:46:27.180,7.789300000000001,7.7889,0.75,0.75
25.08.2021 00:47:59.117,7.78925,7.78885,0.75,0.75
25.08.2021 00:47:59.318,7.78927,7.78867,0.37,0.82
25.08.2021 00:47:59.681,7.78927,7.788660000000001,0.37,0.82
25.08.2021 00:48:00.715,7.7892,7.788660000000001,0.37,0.82
25.08.2021 00:48:02.220,7.789210000000001,7.788660000000001,0.37,0.82
25.08.2021 00:48:05.178,7.78922,7.788660000000001,0.37,0.82
25.08.2021 00:48:14.080,7.78922,7.78868,0.37,0.75
25.08.2021 00:48:14.193,7.789230000000001,7.78868,0.37,0.82
25.08.2021 00:48:26.059,7.789230000000001,7.788730000000001,0.37,0.37
25.08.2021 00:48:39.128,7.7892399999999995,7.78885,0.37,0.75
25.08.2021 00:48:39.372,7.7892399999999995,7.78872,0.37,0.75
25.08.2021 00:48:39.523,7.7892399999999995,7.78885,0.37,0.75
25.08.2021 00:48:55.776,7.78922,7.78885,0.37,0.75
25.08.2021 00:48:57.813,7.789210000000001,7.78885,0.37,0.75
25.08.2021 00:49:22.515,7.7892399999999995,7.78885,0.37,0.75
25.08.2021 00:49:45.658,7.78925,7.78885,0.75,0.75
25.08.2021 00:49:55.708,7.7892399999999995,7.78885,0.37,0.75
25.08.2021 00:50:07.192,7.789230000000001,7.78885,0.37,0.75
25.08.2021 00:50:07.658,7.789230000000001,7.78879,0.37,0.75
25.08.2021 00:50:08.153,7.789230000000001,7.78885,0.37,0.75
25.08.2021 00:50:52.174,7.789230000000001,7.78862,0.37,0.47
25.08.2021 00:50:59.142,7.789230000000001,7.78885,0.37,0.75
25.08.2021 00:51:07.310,7.78925,7.78885,0.75,0.75
25.08.2021 00:51:13.050,7.789230000000001,7.78885,0.37,0.75
25.08.2021 00:51:14.954,7.7892399999999995,7.78885,0.37,0.75
25.08.2021 00:51:15.208,7.7892399999999995,7.78863,0.37,0.47
25.08.2021 00:51:15.309,7.7892399999999995,7.78867,0.37,0.75
25.08.2021 00:51:15.499,7.7892399999999995,7.78864,0.37,0.82
25.08.2021 00:51:15.650,7.7892399999999995,7.78867,0.37,0.75
25.08.2021 00:51:15.750,7.7892399999999995,7.78864,0.37,0.82
25.08.2021 00:51:15.851,7.7892399999999995,7.78867,0.37,0.75
25.08.2021 00:51:15.952,7.7892399999999995,7.78864,0.37,0.82
25.08.2021 00:51:16.003,7.7892399999999995,7.78867,0.37,0.75
25.08.2021 00:51:16.054,7.7892399999999995,7.78864,0.37,0.75
25.08.2021 00:51:16.104,7.7892399999999995,7.78867,0.37,0.75
25.08.2021 00:51:19.579,7.789230000000001,7.78867,0.37,0.75
25.08.2021 00:51:21.079,7.7892399999999995,7.78867,0.37,0.75
25.08.2021 00:51:27.212,7.7892399999999995,7.78862,0.37,2.35
25.08.2021 00:51:27.263,7.78922,7.78862,0.37,2.35
25.08.2021 00:51:27.364,7.78922,7.78862,0.37,0.75
25.08.2021 00:51:27.414,7.78897,7.788550000000001,0.37,0.75
25.08.2021 00:51:27.566,7.788950000000001,7.788550000000001,0.75,0.75
25.08.2021 00:51:27.679,7.788950000000001,7.788560000000001,0.75,0.75
25.08.2021 00:51:27.780,7.788950000000001,7.788550000000001,0.75,0.75
25.08.2021 00:51:31.237,7.788950000000001,7.78868,0.37,0.75
25.08.2021 00:51:31.343,7.788910000000001,7.78868,0.37,0.75
25.08.2021 00:51:31.393,7.789110000000001,7.78875,0.37,0.75
25.08.2021 00:51:32.907,7.789130000000001,7.78875,0.37,0.75
25.08.2021 00:51:34.432,7.7891200000000005,7.78875,0.37,0.75
25.08.2021 00:51:36.090,7.78909,7.78875,0.37,0.75
25.08.2021 00:51:37.590,7.7891200000000005,7.78875,0.37,0.75
25.08.2021 00:51:39.091,7.7891,7.78875,0.37,0.75
25.08.2021 00:51:40.278,7.7891,7.7887,1.12,0.75
25.08.2021 00:51:40.328,7.78908,7.7887,0.37,0.75
25.08.2021 00:51:40.430,7.78908,7.78875,0.37,0.75
25.08.2021 00:51:41.036,7.7891,7.78875,0.37,0.75
25.08.2021 00:51:42.536,7.78909,7.78875,0.37,0.75
25.08.2021 00:51:44.046,7.78909,7.788480000000001,0.37,1.12
25.08.2021 00:51:44.226,7.7891200000000005,7.78862,0.37,0.75
25.08.2021 00:51:44.327,7.7891200000000005,7.7887,0.37,0.75
25.08.2021 00:51:45.706,7.7891,7.7887,0.37,0.75
25.08.2021 00:51:52.830,7.7891200000000005,7.7887,0.37,0.75
25.08.2021 00:51:53.031,7.7891200000000005,7.788510000000001,0.37,0.37
25.08.2021 00:51:54.282,7.78909,7.788480000000001,0.37,0.37
25.08.2021 00:51:55.311,7.7891,7.78862,0.37,0.75
25.08.2021 00:51:55.412,7.7891,7.7887,0.37,0.75
25.08.2021 00:51:56.217,7.78909,7.7887,0.37,0.75
25.08.2021 00:51:57.671,7.7891,7.7887,0.37,0.75
25.08.2021 00:52:00.438,7.7891200000000005,7.78862,0.37,0.75
25.08.2021 00:52:00.489,7.7891200000000005,7.7887,0.37,0.75
25.08.2021 00:52:01.717,7.78909,7.7887,0.37,0.75
25.08.2021 00:52:05.708,7.78904,7.788600000000001,0.75,0.75
25.08.2021 00:52:05.759,7.789000000000001,7.788600000000001,0.37,0.75
25.08.2021 00:52:07.221,7.78903,7.788600000000001,0.37,0.75
25.08.2021 00:52:08.615,7.78899,7.788600000000001,0.37,0.75
25.08.2021 00:52:12.721,7.78899,7.788550000000001,1.12,0.75
25.08.2021 00:52:12.772,7.78894,7.788550000000001,0.37,0.75
25.08.2021 00:52:21.021,7.78894,7.78857,0.37,0.37
25.08.2021 00:52:22.454,7.78894,7.788550000000001,0.37,0.75
25.08.2021 00:52:24.104,7.78894,7.788410000000001,0.37,0.37
25.08.2021 00:52:41.779,7.78894,7.788600000000001,0.37,0.37
25.08.2021 00:52:42.470,7.788950000000001,7.788600000000001,0.37,0.37
25.08.2021 00:52:48.712,7.788960000000001,7.788600000000001,0.37,0.37
25.08.2021 00:53:24.498,7.7889800000000005,7.788600000000001,0.37,0.37
25.08.2021 00:53:24.636,7.78899,7.788600000000001,0.75,0.37
25.08.2021 00:55:23.495,7.78899,7.788560000000001,0.75,0.75
25.08.2021 00:55:39.117,7.78899,7.78857,0.75,0.75
25.08.2021 00:55:44.153,7.789000000000001,7.78862,0.75,0.75
25.08.2021 00:55:44.481,7.78899,7.78857,0.75,0.75
25.08.2021 00:55:52.030,7.78899,7.788560000000001,0.75,0.75
25.08.2021 00:56:07.123,7.789000000000001,7.788600000000001,0.75,0.75
25.08.2021 00:57:30.090,7.789000000000001,7.788600000000001,0.75,0.75
25.08.2021 00:57:55.177,7.78903,7.7886500000000005,0.37,0.75
25.08.2021 00:57:55.228,7.7890500000000005,7.7886500000000005,0.75,0.75
25.08.2021 00:58:04.883,7.788950000000001,7.78864,0.75,0.37
25.08.2021 00:58:04.934,7.788950000000001,7.78859,0.75,0.37
25.08.2021 00:58:05.495,7.788950000000001,7.788550000000001,0.75,0.75
25.08.2021 01:00:40.027,7.78887,7.78863,0.37,0.37
25.08.2021 01:00:55.060,7.788860000000001,7.78864,0.37,0.37
25.08.2021 01:01:36.064,7.788960000000001,7.788550000000001,0.75,0.75
25.08.2021 01:01:39.971,7.788950000000001,7.788550000000001,0.37,0.75
25.08.2021 01:02:18.020,7.788880000000001,7.788550000000001,0.75,0.75
25.08.2021 01:03:34.036,7.78892,7.788550000000001,0.37,0.75
25.08.2021 01:03:36.007,7.78892,7.788560000000001,0.37,0.37
25.08.2021 01:03:37.009,7.788960000000001,7.788550000000001,0.85,0.75
25.08.2021 01:03:49.394,7.788950000000001,7.788550000000001,0.85,0.75
25.08.2021 01:03:52.495,7.788950000000001,7.788550000000001,0.75,0.75
25.08.2021 01:03:52.549,7.788880000000001,7.78844,0.75,0.85
25.08.2021 01:03:53.423,7.788880000000001,7.788550000000001,0.75,0.75
25.08.2021 01:04:04.537,7.788950000000001,7.7885,0.45,0.47
25.08.2021 01:04:04.729,7.788880000000001,7.7885,0.75,0.47
25.08.2021 01:04:08.545,7.788880000000001,7.7885,0.75,0.47
25.08.2021 01:04:09.494,7.788880000000001,7.788550000000001,2.25,0.75
25.08.2021 01:04:24.673,7.788930000000001,7.788550000000001,0.37,0.75
25.08.2021 01:04:25.825,7.788950000000001,7.788550000000001,1.12,0.75
25.08.2021 01:04:43.570,7.788950000000001,7.788560000000001,0.37,0.75
25.08.2021 01:05:15.788,7.788880000000001,7.788560000000001,0.75,0.75
25.08.2021 01:05:16.554,7.788960000000001,7.788660000000001,0.37,0.75
25.08.2021 01:05:16.757,7.78907,7.788660000000001,0.37,0.75
25.08.2021 01:05:17.668,7.78907,7.788710000000001,0.37,0.75
25.08.2021 01:05:17.719,7.7891,7.788710000000001,0.85,0.75
25.08.2021 01:05:17.987,7.789110000000001,7.788710000000001,0.82,0.75
25.08.2021 01:05:18.234,7.789110000000001,7.788710000000001,0.85,0.75
25.08.2021 01:05:19.196,7.78908,7.788710000000001,0.75,0.82
25.08.2021 01:05:24.534,7.78909,7.788710000000001,0.37,0.75
25.08.2021 01:05:25.330,7.78909,7.78867,0.45,0.47
25.08.2021 01:05:25.381,7.78909,7.788710000000001,0.45,0.75
25.08.2021 01:05:25.582,7.789110000000001,7.788710000000001,0.85,0.75
25.08.2021 01:05:25.683,7.789110000000001,7.788710000000001,0.82,0.75
25.08.2021 01:05:25.917,7.7891,7.788710000000001,0.75,0.75
25.08.2021 01:05:27.199,7.789110000000001,7.788710000000001,0.82,0.82
25.08.2021 01:05:29.046,7.7891,7.788710000000001,0.82,0.82
25.08.2021 01:05:29.325,7.78908,7.788710000000001,0.75,0.82
25.08.2021 01:05:34.082,7.78909,7.788710000000001,0.37,1.2
25.08.2021 01:05:42.311,7.78909,7.788710000000001,0.37,1.22
25.08.2021 01:06:17.784,7.78908,7.788710000000001,0.75,1.22
25.08.2021 01:06:17.885,7.78908,7.788710000000001,0.82,1.12
25.08.2021 01:06:18.032,7.78908,7.788710000000001,0.85,1.12
25.08.2021 01:06:24.284,7.78908,7.788710000000001,1.2,1.12
25.08.2021 01:06:24.723,7.78907,7.78872,0.37,0.37
25.08.2021 01:06:25.725,7.789060000000001,7.788730000000001,0.37,0.37
25.08.2021 01:06:27.728,7.789060000000001,7.78874,0.37,0.37
25.08.2021 01:07:24.471,7.78908,7.788710000000001,0.82,0.82
25.08.2021 01:07:28.169,7.78908,7.788660000000001,0.75,0.85
25.08.2021 01:07:29.058,7.78908,7.788660000000001,0.75,0.85
25.08.2021 01:07:29.781,7.78908,7.78868,0.75,0.47
25.08.2021 01:07:32.732,7.78908,7.78868,0.75,0.45
25.08.2021 01:07:33.016,7.78908,7.788710000000001,0.75,0.75
25.08.2021 01:07:46.115,7.789130000000001,7.788710000000001,1.6,0.75
25.08.2021 01:07:48.310,7.789130000000001,7.788710000000001,1.6,0.75
25.08.2021 01:08:04.548,7.78908,7.788660000000001,0.82,1.22
25.08.2021 01:08:04.839,7.78908,7.788660000000001,0.82,0.75
25.08.2021 01:08:05.223,7.78908,7.788660000000001,0.85,0.75
25.08.2021 01:08:05.569,7.78908,7.788660000000001,0.85,0.75
25.08.2021 01:08:07.204,7.789060000000001,7.788660000000001,0.47,0.75
25.08.2021 01:08:15.332,7.789060000000001,7.788660000000001,0.45,0.75
25.08.2021 01:08:15.884,7.78907,7.788660000000001,0.47,0.75
25.08.2021 01:08:17.921,7.789060000000001,7.788610000000001,1.22,1.12
25.08.2021 01:08:17.971,7.7889800000000005,7.788610000000001,0.75,1.12
25.08.2021 01:08:42.921,7.78903,7.788610000000001,0.47,0.75
25.08.2021 01:08:44.420,7.788960000000001,7.788610000000001,0.37,0.75
25.08.2021 01:08:53.685,7.788960000000001,7.788610000000001,0.37,0.85
25.08.2021 01:08:57.784,7.788960000000001,7.788610000000001,0.37,0.75
25.08.2021 01:08:58.127,7.789010000000001,7.788610000000001,0.37,0.75
25.08.2021 01:09:01.045,7.789000000000001,7.788610000000001,0.37,0.75
25.08.2021 01:09:02.100,7.78899,7.788610000000001,0.37,1.12
25.08.2021 01:09:02.768,7.78899,7.788610000000001,0.37,1.22
25.08.2021 01:09:03.103,7.7889800000000005,7.78862,0.37,0.45
25.08.2021 01:09:10.133,7.7889800000000005,7.78862,0.37,0.47
25.08.2021 01:09:15.879,7.78904,7.788660000000001,0.45,0.75
25.08.2021 01:09:18.133,7.7890500000000005,7.78864,0.85,0.45
25.08.2021 01:09:18.184,7.7889800000000005,7.788610000000001,0.75,0.85
25.08.2021 01:09:18.724,7.7889800000000005,7.788610000000001,0.75,0.75
25.08.2021 01:09:22.010,7.7889800000000005,7.78862,0.75,0.82
25.08.2021 01:09:23.068,7.7889800000000005,7.788610000000001,0.75,0.82
25.08.2021 01:09:23.571,7.7889800000000005,7.78862,0.75,0.82
25.08.2021 01:09:24.463,7.789000000000001,7.788610000000001,0.37,0.85
25.08.2021 01:09:25.123,7.789000000000001,7.788610000000001,0.37,0.82
25.08.2021 01:09:25.174,7.7889800000000005,7.788610000000001,0.75,0.82
25.08.2021 01:09:26.198,7.78899,7.78862,0.37,0.82
25.08.2021 01:09:26.900,7.7889800000000005,7.788600000000001,0.75,0.47
25.08.2021 01:09:28.381,7.78899,7.788600000000001,0.37,1.22
25.08.2021 01:09:28.966,7.7889800000000005,7.788600000000001,0.75,0.47
25.08.2021 01:09:29.594,7.7889800000000005,7.78859,0.75,0.45
25.08.2021 01:09:36.347,7.7889800000000005,7.78862,1.12,0.75
25.08.2021 01:10:10.888,7.78894,7.78862,0.37,0.75
25.08.2021 01:10:12.073,7.788930000000001,7.78862,0.37,1.12
25.08.2021 01:10:14.185,7.788930000000001,7.78863,0.37,0.37
25.08.2021 01:10:15.188,7.788930000000001,7.788660000000001,0.37,0.37
25.08.2021 01:10:23.247,7.788950000000001,7.78864,0.37,0.37
25.08.2021 01:10:25.193,7.788950000000001,7.7886500000000005,0.37,0.37
25.08.2021 01:10:27.221,7.788950000000001,7.78868,0.37,0.37
25.08.2021 01:10:32.165,7.78903,7.78867,0.75,0.37
25.08.2021 01:10:32.890,7.78902,7.78867,0.75,0.37
25.08.2021 01:10:33.821,7.7890500000000005,7.788710000000001,0.45,0.75
25.08.2021 01:10:34.007,7.78907,7.788710000000001,0.37,0.75
25.08.2021 01:10:34.481,7.78908,7.788710000000001,0.82,0.75
25.08.2021 01:10:48.396,7.789110000000001,7.788710000000001,0.82,0.75
25.08.2021 01:11:04.921,7.78908,7.7887,0.75,0.37
25.08.2021 01:11:05.293,7.78908,7.78868,0.75,0.75
25.08.2021 01:11:07.295,7.789060000000001,7.78868,0.37,0.75
25.08.2021 01:11:12.524,7.789060000000001,7.788710000000001,0.37,0.75
25.08.2021 01:11:23.412,7.789130000000001,7.78874,1.22,0.37
25.08.2021 01:11:24.389,7.789130000000001,7.78875,3.1,0.37
25.08.2021 01:11:25.879,7.7891200000000005,7.788760000000001,0.45,0.75
25.08.2021 01:11:26.445,7.789130000000001,7.78877,1.2,0.37
25.08.2021 01:11:27.479,7.789130000000001,7.78875,3.07,0.37
25.08.2021 01:11:34.725,7.7891200000000005,7.78875,0.75,0.37
25.08.2021 01:11:43.778,7.789110000000001,7.78877,0.37,0.37
25.08.2021 01:11:44.786,7.7891,7.78877,0.37,0.37
25.08.2021 01:11:45.785,7.7890500000000005,7.78877,0.37,0.37
25.08.2021 01:11:53.788,7.789110000000001,7.78879,0.37,0.37
25.08.2021 01:11:55.091,7.789130000000001,7.7888,0.75,0.37
25.08.2021 01:11:59.092,7.78915,7.78879,0.37,0.37
25.08.2021 01:12:04.409,7.78909,7.788810000000001,0.37,0.37
25.08.2021 01:12:09.659,7.78908,7.78882,0.37,0.37
25.08.2021 01:12:18.697,7.78907,7.788830000000001,0.37,0.37
25.08.2021 01:12:19.701,7.789060000000001,7.7888399999999995,0.37,0.37
25.08.2021 01:12:43.797,7.78907,7.7888399999999995,0.37,0.37
25.08.2021 01:13:43.987,7.78915,7.78877,0.75,0.75
25.08.2021 01:14:30.074,7.78915,7.788760000000001,0.82,0.37
25.08.2021 01:14:33.310,7.78915,7.78875,0.82,3.6
25.08.2021 01:14:45.069,7.78914,7.78875,0.75,1.12
25.08.2021 01:14:49.619,7.789130000000001,7.78875,0.75,0.75
25.08.2021 01:14:50.721,7.7891,7.78874,0.75,0.37
25.08.2021 01:14:50.833,7.789130000000001,7.78875,0.75,0.75
25.08.2021 01:14:51.261,7.7891,7.78872,0.75,0.45
25.08.2021 01:14:51.799,7.7891,7.7887,0.75,1.12
25.08.2021 01:14:52.270,7.7891,7.788730000000001,0.75,0.37
25.08.2021 01:15:11.389,7.789130000000001,7.788730000000001,1.22,0.37
25.08.2021 01:15:12.362,7.789130000000001,7.78875,1.57,0.75
25.08.2021 01:15:12.463,7.789130000000001,7.788760000000001,0.75,0.75
25.08.2021 01:15:12.567,7.789130000000001,7.78879,1.12,0.75
25.08.2021 01:15:13.029,7.789130000000001,7.788760000000001,0.37,0.75
25.08.2021 01:15:13.258,7.78915,7.788760000000001,2.32,0.75
25.08.2021 01:15:16.020,7.78915,7.788760000000001,2.35,1.12
25.08.2021 01:15:17.738,7.78915,7.788760000000001,2.32,1.12
25.08.2021 01:15:20.958,7.7891,7.788760000000001,0.75,0.75
25.08.2021 01:15:21.059,7.78908,7.788760000000001,0.75,0.75
25.08.2021 01:15:22.743,7.78908,7.78875,0.75,0.75
25.08.2021 01:15:32.645,7.78908,7.78877,0.75,0.75
25.08.2021 01:15:32.975,7.78914,7.78875,2.72,0.75
25.08.2021 01:15:33.879,7.78914,7.78877,2.72,0.75
25.08.2021 01:15:36.148,7.78914,7.788780000000001,2.72,0.75
25.08.2021 01:15:46.835,7.78914,7.788780000000001,0.47,0.75
25.08.2021 01:15:52.166,7.789130000000001,7.78877,0.37,0.75
25.08.2021 01:15:53.872,7.78915,7.78877,1.22,0.75
25.08.2021 01:16:00.039,7.78902,7.78872,0.75,0.37
25.08.2021 01:16:00.089,7.7889800000000005,7.78864,0.75,0.75
25.08.2021 01:16:00.140,7.7889800000000005,7.78862,0.82,0.75
25.08.2021 01:16:00.241,7.78894,7.7885800000000005,0.85,0.37
25.08.2021 01:16:00.344,7.788889999999999,7.78845,0.37,0.37
25.08.2021 01:16:00.445,7.788880000000001,7.78844,0.85,0.37
25.08.2021 01:16:00.495,7.788830000000001,7.78832,0.75,0.37
25.08.2021 01:16:00.623,7.788830000000001,7.78832,0.85,0.37
25.08.2021 01:16:01.266,7.788810000000001,7.78832,0.75,1.12
25.08.2021 01:16:01.966,7.78882,7.788310000000001,1.22,0.75
25.08.2021 01:16:02.072,7.78882,7.788310000000001,1.2,0.75
25.08.2021 01:16:02.958,7.7888,7.788310000000001,0.75,2.25
25.08.2021 01:16:12.865,7.7888,7.788310000000001,0.85,0.75
25.08.2021 01:16:12.966,7.78879,7.7883000000000004,0.82,1.2
25.08.2021 01:16:13.067,7.78882,7.788380000000001,1.22,0.75
25.08.2021 01:16:13.168,7.78882,7.788330000000001,1.22,0.75
25.08.2021 01:16:13.272,7.78879,7.7883000000000004,0.75,1.22
25.08.2021 01:16:13.469,7.78882,7.788360000000001,1.22,0.75
25.08.2021 01:16:13.574,7.78882,7.78835,1.22,0.75
25.08.2021 01:16:13.692,7.78879,7.7883000000000004,0.75,1.2
25.08.2021 01:16:13.796,7.78882,7.78835,1.22,0.75
25.08.2021 01:16:14.394,7.78879,7.7883000000000004,0.75,0.45
25.08.2021 01:16:14.495,7.78879,7.78829,0.75,2.7
25.08.2021 01:16:14.649,7.78879,7.78829,0.85,2.62
25.08.2021 01:16:15.369,7.78879,7.78842,0.85,0.75
25.08.2021 01:16:15.470,7.78879,7.78842,0.37,0.75
25.08.2021 01:16:27.946,7.788780000000001,7.78842,0.37,0.75
25.08.2021 01:16:31.641,7.788780000000001,7.78847,0.37,0.75
25.08.2021 01:16:31.691,7.7888,7.78847,0.37,0.75
25.08.2021 01:16:32.266,7.7888399999999995,7.78847,0.75,0.75
25.08.2021 01:17:34.407,7.788889999999999,7.78847,0.47,0.37
25.08.2021 01:17:50.310,7.78887,7.78845,0.47,0.45
25.08.2021 01:17:50.442,7.78887,7.78845,0.47,0.37
25.08.2021 01:17:50.543,7.7888,7.78845,0.37,0.37
25.08.2021 01:17:51.792,7.7888,7.78842,0.37,0.85
25.08.2021 01:17:52.115,7.78879,7.78842,0.37,0.85
25.08.2021 01:17:52.216,7.788780000000001,7.78842,0.37,0.37
25.08.2021 01:17:52.267,7.788780000000001,7.7883700000000005,0.75,0.75
25.08.2021 01:17:52.320,7.78875,7.788330000000001,0.75,1.12
25.08.2021 01:17:52.421,7.788730000000001,7.788330000000001,0.75,1.12
25.08.2021 01:17:52.865,7.78872,7.788330000000001,0.37,0.75
25.08.2021 01:17:54.681,7.78872,7.78827,1.12,0.37
25.08.2021 01:17:54.782,7.788710000000001,7.78827,0.75,0.37
25.08.2021 01:17:55.067,7.78869,7.7881800000000005,0.75,0.37
25.08.2021 01:17:55.321,7.788660000000001,7.78823,0.75,0.75
25.08.2021 01:17:55.628,7.78864,7.78823,0.75,0.75
25.08.2021 01:17:55.735,7.78863,7.78823,0.37,0.75
25.08.2021 01:18:01.862,7.78863,7.78828,0.75,0.75
25.08.2021 01:18:11.199,7.7886500000000005,7.788330000000001,0.37,0.75
25.08.2021 01:18:11.403,7.7886500000000005,7.78822,0.37,2.25
25.08.2021 01:18:12.027,7.78869,7.78822,0.75,2.25
25.08.2021 01:18:14.219,7.78869,7.788330000000001,0.75,0.75
25.08.2021 01:18:14.320,7.78868,7.788330000000001,0.37,0.75
25.08.2021 01:18:15.725,7.78867,7.788330000000001,0.37,0.75
25.08.2021 01:18:22.172,7.78867,7.788380000000001,0.37,0.75
25.08.2021 01:18:22.273,7.788660000000001,7.788380000000001,0.37,0.75
25.08.2021 01:18:23.648,7.78869,7.788380000000001,0.37,0.75
25.08.2021 01:18:39.320,7.788730000000001,7.788430000000001,0.37,0.75
25.08.2021 01:18:40.201,7.78877,7.788430000000001,0.37,0.75
25.08.2021 01:18:47.416,7.78877,7.788380000000001,0.37,0.94
25.08.2021 01:18:47.567,7.78877,7.788430000000001,0.37,0.75
25.08.2021 01:18:48.607,7.788730000000001,7.788430000000001,0.37,0.75
25.08.2021 01:18:50.108,7.78875,7.788430000000001,0.37,0.75
25.08.2021 01:18:53.358,7.78874,7.788430000000001,0.37,0.75
25.08.2021 01:18:53.408,7.7887,7.788430000000001,0.37,0.75
25.08.2021 01:18:54.859,7.78868,7.788430000000001,0.37,0.75
25.08.2021 01:18:57.861,7.78869,7.788430000000001,0.37,0.75
25.08.2021 01:19:07.127,7.78869,7.788330000000001,0.37,0.37
25.08.2021 01:19:08.295,7.78869,7.788430000000001,0.37,0.75
25.08.2021 01:19:08.874,7.78869,7.788380000000001,0.37,0.75
25.08.2021 01:19:09.473,7.78864,7.788380000000001,0.37,0.75
25.08.2021 01:19:10.949,7.788660000000001,7.788380000000001,0.37,0.75
25.08.2021 01:19:15.985,7.788660000000001,7.788330000000001,0.37,0.75
25.08.2021 01:19:16.538,7.788610000000001,7.788330000000001,0.37,0.75
25.08.2021 01:19:16.663,7.788610000000001,7.78828,0.37,0.75
25.08.2021 01:19:17.090,7.78852,7.78828,0.37,0.75
25.08.2021 01:19:17.920,7.788600000000001,7.78828,0.37,0.75
25.08.2021 01:19:18.681,7.78852,7.78828,0.37,0.94
25.08.2021 01:19:20.134,7.788550000000001,7.78828,0.37,0.75
25.08.2021 01:19:20.795,7.788550000000001,7.7881800000000005,0.37,0.75
25.08.2021 01:19:20.845,7.78852,7.7881800000000005,0.37,0.75
25.08.2021 01:19:21.147,7.78863,7.788130000000001,2.7,0.75
25.08.2021 01:19:21.248,7.78859,7.788130000000001,0.75,0.75
25.08.2021 01:19:21.508,7.78859,7.787980000000001,0.75,0.37
25.08.2021 01:19:21.696,7.78859,7.787980000000001,0.85,0.37
25.08.2021 01:19:22.197,7.78859,7.78793,0.85,0.37
25.08.2021 01:19:22.310,7.78857,7.78793,0.75,0.37
25.08.2021 01:19:23.203,7.78857,7.78792,0.75,1.12
25.08.2021 01:19:24.718,7.78863,7.78792,0.35,1.31
25.08.2021 01:19:47.961,7.78862,7.78792,0.85,0.75
25.08.2021 01:20:02.705,7.788550000000001,7.78784,0.85,1.12
25.08.2021 01:20:02.805,7.788550000000001,7.78784,0.75,1.12
25.08.2021 01:20:02.856,7.788550000000001,7.78793,0.75,0.37
25.08.2021 01:20:03.160,7.788550000000001,7.78793,0.85,0.37
25.08.2021 01:20:04.384,7.7885800000000005,7.78788,0.85,0.37
25.08.2021 01:20:05.387,7.7885800000000005,7.78789,0.85,0.37
25.08.2021 01:20:06.390,7.7885800000000005,7.7879000000000005,0.85,0.37
25.08.2021 01:20:21.969,7.788480000000001,7.787910000000001,0.37,0.37
25.08.2021 01:20:24.378,7.788480000000001,7.78792,0.37,0.75
25.08.2021 01:20:39.548,7.78847,7.78792,0.37,1.12
25.08.2021 01:20:55.582,7.788600000000001,7.7879000000000005,0.37,0.37
25.08.2021 01:20:56.585,7.788610000000001,7.78793,0.75,0.37
25.08.2021 01:21:05.073,7.78863,7.78793,0.45,0.37
25.08.2021 01:21:05.171,7.78863,7.78793,0.47,0.37
25.08.2021 01:21:05.809,7.78859,7.78793,0.85,0.37
25.08.2021 01:21:06.076,7.78859,7.78792,0.85,0.75
25.08.2021 01:21:27.408,7.78857,7.78795,0.85,0.75
25.08.2021 01:21:27.509,7.78857,7.787960000000001,0.85,0.85
25.08.2021 01:21:27.711,7.78852,7.787960000000001,0.45,0.85
25.08.2021 01:21:30.319,7.78852,7.788080000000001,0.45,0.75
25.08.2021 01:21:30.420,7.7884899999999995,7.788080000000001,0.37,0.75
25.08.2021 01:21:31.821,7.788480000000001,7.788080000000001,0.37,0.75
25.08.2021 01:21:34.821,7.7884899999999995,7.788080000000001,0.37,0.75
25.08.2021 01:21:35.289,7.7884899999999995,7.788030000000001,0.37,0.75
25.08.2021 01:21:35.741,7.7884899999999995,7.788030000000001,0.47,0.75
25.08.2021 01:21:35.852,7.7884899999999995,7.788030000000001,0.47,0.75
25.08.2021 01:21:35.995,7.788410000000001,7.788030000000001,0.37,0.75
25.08.2021 01:21:37.433,7.7884,7.788030000000001,0.37,0.75
25.08.2021 01:21:38.895,7.788410000000001,7.788030000000001,0.37,0.75
25.08.2021 01:21:40.287,7.788410000000001,7.787980000000001,0.37,0.75
25.08.2021 01:21:40.388,7.788380000000001,7.787980000000001,0.37,0.75
25.08.2021 01:21:41.394,7.788330000000001,7.787980000000001,0.37,0.75
25.08.2021 01:21:42.879,7.78832,7.787980000000001,0.37,0.75
25.08.2021 01:21:45.286,7.78832,7.78794,0.37,0.37
25.08.2021 01:21:45.887,7.78829,7.78793,0.37,1.12
25.08.2021 01:21:46.079,7.788250000000001,7.78793,0.37,1.12
25.08.2021 01:21:46.830,7.788250000000001,7.78788,0.37,0.75
25.08.2021 01:21:47.580,7.78823,7.78788,0.37,0.75
25.08.2021 01:21:50.306,7.78823,7.7878300000000005,0.37,0.75
25.08.2021 01:21:50.851,7.78822,7.7878300000000005,0.37,0.75
25.08.2021 01:21:51.818,7.788130000000001,7.787730000000001,0.37,0.75
25.08.2021 01:21:51.919,7.788130000000001,7.787680000000001,0.37,0.75
25.08.2021 01:21:51.974,7.788130000000001,7.787630000000001,0.37,0.75
25.08.2021 01:21:52.025,7.78799,7.787630000000001,0.37,0.75
25.08.2021 01:21:53.478,7.788,7.787630000000001,0.37,0.75
25.08.2021 01:21:54.981,7.78799,7.787630000000001,0.37,0.75
25.08.2021 01:21:56.783,7.78799,7.787580000000001,0.37,0.75
25.08.2021 01:21:56.834,7.78799,7.787460000000001,0.37,1.12
25.08.2021 01:21:57.095,7.788,7.787460000000001,0.37,0.75
25.08.2021 01:21:58.595,7.787980000000001,7.787460000000001,0.37,0.75
25.08.2021 01:22:01.771,7.787980000000001,7.78742,0.37,1.22
25.08.2021 01:22:01.822,7.787810000000001,7.7874300000000005,0.37,0.75
25.08.2021 01:22:02.131,7.787780000000001,7.7874300000000005,0.37,0.75
25.08.2021 01:22:03.582,7.787760000000001,7.7874300000000005,0.37,0.75
25.08.2021 01:22:05.082,7.78777,7.7874300000000005,0.37,0.75
25.08.2021 01:22:11.827,7.78777,7.78747,0.37,0.75
25.08.2021 01:22:12.583,7.787800000000001,7.78747,0.37,0.75
25.08.2021 01:22:16.776,7.787800000000001,7.78748,0.37,0.75
25.08.2021 01:22:16.877,7.78788,7.78747,0.37,0.75
25.08.2021 01:22:16.928,7.78788,7.78744,0.37,0.75
25.08.2021 01:22:17.079,7.78788,7.7874300000000005,0.37,1.2
25.08.2021 01:22:17.391,7.78788,7.787450000000001,0.37,0.75
25.08.2021 01:22:17.442,7.78799,7.787450000000001,0.37,0.82
25.08.2021 01:22:18.520,7.78799,7.78747,0.37,0.75
25.08.2021 01:22:18.621,7.78799,7.78749,0.37,0.75
25.08.2021 01:22:18.901,7.78804,7.78749,0.37,0.75
25.08.2021 01:22:19.278,7.78804,7.78747,0.37,0.75
25.08.2021 01:22:19.379,7.78804,7.78748,0.37,0.37
25.08.2021 01:22:19.588,7.78804,7.787460000000001,0.37,0.75
25.08.2021 01:22:19.919,7.78804,7.78744,0.37,1.22
25.08.2021 01:22:20.020,7.78804,7.78744,0.37,0.45
25.08.2021 01:22:20.070,7.787960000000001,7.78744,0.37,0.45
25.08.2021 01:22:20.171,7.787960000000001,7.78747,0.37,0.75
25.08.2021 01:22:21.544,7.78794,7.78747,0.37,0.75
25.08.2021 01:22:23.057,7.7879700000000005,7.78747,0.37,0.75
25.08.2021 01:22:24.551,7.787960000000001,7.78747,0.37,0.75
25.08.2021 01:22:26.672,7.787960000000001,7.787389999999999,0.37,0.37
25.08.2021 01:22:26.726,7.78788,7.78748,0.75,0.75
25.08.2021 01:22:26.776,7.787960000000001,7.78748,1.2,0.75
25.08.2021 01:22:26.827,7.78794,7.78748,0.37,0.75
25.08.2021 01:22:26.928,7.78794,7.78749,0.75,0.37
25.08.2021 01:22:27.977,7.7879000000000005,7.78748,0.37,0.75
25.08.2021 01:22:29.448,7.78792,7.78748,0.37,0.75
25.08.2021 01:22:30.818,7.78792,7.787580000000001,0.37,0.75
25.08.2021 01:22:30.868,7.78792,7.78748,0.37,0.75
25.08.2021 01:22:30.969,7.78793,7.78748,0.75,1.12
25.08.2021 01:22:32.449,7.787910000000001,7.78748,0.37,0.75
25.08.2021 01:22:33.950,7.78792,7.78748,0.37,0.75
25.08.2021 01:22:37.632,7.78792,7.787580000000001,0.37,0.75
25.08.2021 01:22:37.683,7.78792,7.78748,0.37,0.75
25.08.2021 01:22:38.004,7.78788,7.78748,0.37,0.75
25.08.2021 01:22:38.856,7.78795,7.78753,0.37,0.37
25.08.2021 01:22:39.757,7.78794,7.78753,0.37,0.37
25.08.2021 01:22:40.209,7.78794,7.787510000000001,0.37,0.37
25.08.2021 01:22:40.764,7.78793,7.787510000000001,0.37,0.37
25.08.2021 01:22:41.725,7.78793,7.7875000000000005,0.37,0.37
25.08.2021 01:22:44.711,7.78793,7.78749,0.37,0.37
25.08.2021 01:22:47.834,7.78793,7.787560000000001,0.37,0.37
25.08.2021 01:22:49.334,7.78793,7.78755,0.37,0.37
25.08.2021 01:22:49.724,7.78792,7.78755,0.37,0.37
25.08.2021 01:22:50.714,7.7879700000000005,7.78755,1.57,0.37
25.08.2021 01:22:50.835,7.7879700000000005,7.78754,1.57,0.37
25.08.2021 01:22:51.078,7.787960000000001,7.78754,0.75,0.37
25.08.2021 01:22:53.726,7.78795,7.78754,0.37,0.37
25.08.2021 01:22:53.836,7.78795,7.78753,0.37,0.37
25.08.2021 01:22:57.905,7.78794,7.78753,0.75,0.37
25.08.2021 01:22:58.006,7.78788,7.78753,0.75,0.37
25.08.2021 01:22:58.338,7.78788,7.78749,0.75,0.37
25.08.2021 01:22:59.839,7.78788,7.78753,0.75,0.37
25.08.2021 01:23:00.744,7.78787,7.78753,0.37,0.37
25.08.2021 01:23:01.339,7.78787,7.787510000000001,0.37,0.37
25.08.2021 01:23:02.839,7.78787,7.78752,0.37,0.37
25.08.2021 01:23:06.314,7.78788,7.78752,1.12,0.37
25.08.2021 01:23:10.385,7.78788,7.78753,0.37,0.75
25.08.2021 01:23:14.842,7.78788,7.78748,0.75,1.12
25.08.2021 01:23:16.343,7.78788,7.78752,0.75,0.37
25.08.2021 01:23:22.970,7.78788,7.78748,0.75,1.12
25.08.2021 01:23:24.471,7.78788,7.787510000000001,0.75,0.37
25.08.2021 01:23:25.954,7.78794,7.787510000000001,0.37,0.37
25.08.2021 01:23:26.784,7.78793,7.787510000000001,0.37,0.37
25.08.2021 01:23:30.880,7.78793,7.7875000000000005,0.37,0.37
25.08.2021 01:23:32.178,7.78793,7.78749,0.37,0.37
25.08.2021 01:23:35.178,7.78793,7.7875000000000005,0.37,0.37
25.08.2021 01:23:57.972,7.78792,7.7875000000000005,0.75,0.37
25.08.2021 01:24:11.628,7.78793,7.7875000000000005,0.37,0.37
25.08.2021 01:24:11.871,7.78793,7.787510000000001,0.37,0.37
25.08.2021 01:24:12.912,7.78792,7.787510000000001,0.37,0.37
25.08.2021 01:24:28.297,7.78792,7.787580000000001,0.37,0.75
25.08.2021 01:24:28.348,7.78794,7.787580000000001,0.82,0.75
25.08.2021 01:24:41.333,7.78794,7.787510000000001,0.82,0.37
25.08.2021 01:24:41.437,7.787960000000001,7.78748,0.85,0.75
25.08.2021 01:24:44.344,7.787860000000001,7.78748,0.37,0.75
25.08.2021 01:25:06.809,7.787860000000001,7.78753,0.37,0.75
25.08.2021 01:25:06.910,7.78788,7.78753,0.37,0.75
25.08.2021 01:25:07.010,7.78794,7.78753,0.85,0.75
25.08.2021 01:25:11.047,7.787910000000001,7.78753,0.37,1.05
25.08.2021 01:25:15.011,7.7879000000000005,7.78753,0.37,1.05
25.08.2021 01:25:16.014,7.78792,7.78753,0.37,1.05
25.08.2021 01:25:19.025,7.787910000000001,7.78753,0.37,1.05
25.08.2021 01:25:30.045,7.7879000000000005,7.78753,0.37,1.05
25.08.2021 01:25:31.104,7.78787,7.78753,0.37,1.42
25.08.2021 01:25:33.504,7.78793,7.78753,2.32,1.05
25.08.2021 01:25:36.471,7.78792,7.78753,0.75,1.05
25.08.2021 01:25:40.102,7.78793,7.78753,2.32,1.05
25.08.2021 01:25:40.445,7.78792,7.78753,0.75,1.05
25.08.2021 01:25:41.467,7.78793,7.78753,2.32,1.05
25.08.2021 01:25:44.482,7.78788,7.78753,0.37,1.42
25.08.2021 01:26:23.150,7.78787,7.78754,0.37,0.37
25.08.2021 01:26:26.156,7.787860000000001,7.78754,0.37,0.37
25.08.2021 01:26:28.160,7.787860000000001,7.78755,0.37,0.37
25.08.2021 01:26:29.161,7.787860000000001,7.78757,0.37,0.37
25.08.2021 01:26:33.860,7.78792,7.78753,0.75,0.75
25.08.2021 01:27:05.433,7.787850000000001,7.78757,0.37,0.37
25.08.2021 01:27:30.949,7.787850000000001,7.787580000000001,0.37,0.75
25.08.2021 01:27:31.000,7.78792,7.787580000000001,0.75,0.75
25.08.2021 01:27:34.713,7.787960000000001,7.787580000000001,0.75,0.75
25.08.2021 01:27:34.763,7.78792,7.787630000000001,0.37,0.75
25.08.2021 01:27:34.814,7.78792,7.78753,0.37,1.12
25.08.2021 01:27:34.915,7.78792,7.787630000000001,0.37,0.75
25.08.2021 01:27:34.965,7.787980000000001,7.78753,0.85,1.12
25.08.2021 01:27:35.066,7.78795,7.78753,0.75,1.12
25.08.2021 01:27:35.301,7.78794,7.78753,0.75,1.12
25.08.2021 01:27:35.402,7.78794,7.78753,0.85,1.12
25.08.2021 01:27:36.322,7.78794,7.78754,0.85,0.37
25.08.2021 01:27:38.870,7.7879000000000005,7.78754,0.75,0.37
25.08.2021 01:27:39.304,7.78789,7.787560000000001,0.37,0.37
25.08.2021 01:27:46.318,7.78787,7.787560000000001,0.37,0.37
25.08.2021 01:27:50.986,7.787850000000001,7.78759,0.37,0.37
25.08.2021 01:27:51.987,7.787850000000001,7.7876,0.37,0.37
25.08.2021 01:27:52.992,7.7878300000000005,7.7876,0.37,0.37
25.08.2021 01:28:00.343,7.78787,7.787560000000001,0.37,0.37
25.08.2021 01:28:00.535,7.78789,7.78752,0.75,0.37
25.08.2021 01:28:05.445,7.78789,7.78753,0.75,0.75
25.08.2021 01:28:14.469,7.78793,7.78753,2.35,0.75
25.08.2021 01:28:14.520,7.78788,7.78753,0.75,0.75
25.08.2021 01:29:00.940,7.7879000000000005,7.78753,0.37,0.75
25.08.2021 01:29:02.473,7.78789,7.78753,0.37,0.75
25.08.2021 01:29:25.339,7.7879000000000005,7.78753,0.37,0.75
25.08.2021 01:29:25.390,7.78788,7.78753,0.75,0.75
25.08.2021 01:29:29.647,7.78788,7.787580000000001,0.75,0.75
25.08.2021 01:29:29.698,7.7879000000000005,7.787580000000001,0.37,0.75
25.08.2021 01:29:29.799,7.7879700000000005,7.787560000000001,2.72,0.37
25.08.2021 01:29:29.849,7.7879700000000005,7.787630000000001,1.22,0.75
25.08.2021 01:29:30.006,7.7879700000000005,7.787560000000001,1.22,0.37
25.08.2021 01:29:30.167,7.787960000000001,7.787560000000001,0.85,0.37
25.08.2021 01:29:31.178,7.787960000000001,7.78754,1.22,0.37
25.08.2021 01:29:41.551,7.7879000000000005,7.78754,0.37,0.37
25.08.2021 01:29:53.687,7.7879000000000005,7.78753,0.37,0.75
25.08.2021 01:29:57.482,7.787860000000001,7.78755,0.37,0.37
25.08.2021 01:29:59.587,7.78782,7.78757,0.37,0.37
25.08.2021 01:30:28.645,7.78784,7.78755,0.37,0.37
25.08.2021 01:30:32.655,7.787850000000001,7.78754,0.37,0.75
25.08.2021 01:30:42.963,7.787850000000001,7.78753,0.37,1.12
25.08.2021 01:30:47.889,7.78784,7.78753,0.37,0.75
25.08.2021 01:31:13.738,7.787860000000001,7.78753,0.37,1.12
25.08.2021 01:31:17.817,7.787860000000001,7.78754,0.37,0.37
25.08.2021 01:31:19.300,7.787850000000001,7.78753,0.37,0.75
25.08.2021 01:31:29.670,7.7879000000000005,7.78753,0.75,0.75
25.08.2021 01:31:29.771,7.7879000000000005,7.787510000000001,0.75,0.37
25.08.2021 01:31:52.457,7.787810000000001,7.787510000000001,0.75,0.37
25.08.2021 01:31:52.608,7.787780000000001,7.78747,0.85,0.37
25.08.2021 01:31:52.759,7.78777,7.78747,0.85,0.37
25.08.2021 01:31:52.822,7.78777,7.7874300000000005,0.85,0.37
25.08.2021 01:31:52.873,7.78777,7.787400000000001,1.6,0.75
25.08.2021 01:31:52.967,7.78777,7.787380000000001,1.6,0.45
25.08.2021 01:31:53.381,7.787739999999999,7.787380000000001,0.75,1.2
25.08.2021 01:31:57.018,7.78777,7.787380000000001,1.6,0.45
25.08.2021 01:32:08.102,7.7877,7.78737,0.37,2.35
25.08.2021 01:32:09.106,7.7877,7.7874300000000005,0.37,0.37
25.08.2021 01:32:12.282,7.78777,7.7874300000000005,1.5,0.37
25.08.2021 01:32:12.433,7.78777,7.78744,0.82,0.37
25.08.2021 01:32:12.654,7.787780000000001,7.78747,2.35,0.75
25.08.2021 01:32:12.760,7.787760000000001,7.78747,0.85,0.75
25.08.2021 01:32:14.015,7.787760000000001,7.78747,0.75,0.75
25.08.2021 01:32:14.116,7.787780000000001,7.78747,2.35,0.75
25.08.2021 01:32:14.217,7.787780000000001,7.78747,2.35,0.75
25.08.2021 01:32:14.376,7.787760000000001,7.78747,0.85,0.75
25.08.2021 01:32:17.236,7.787730000000001,7.78747,0.75,0.75
25.08.2021 01:32:17.286,7.787730000000001,7.787400000000001,0.75,0.75
25.08.2021 01:32:18.279,7.78775,7.78737,0.75,2.35
25.08.2021 01:32:18.427,7.78775,7.78747,0.75,0.75
25.08.2021 01:32:30.107,7.78775,7.78748,0.75,0.75
25.08.2021 01:32:30.158,7.78777,7.787400000000001,0.6,0.47
25.08.2021 01:32:30.208,7.78779,7.78747,0.85,0.75
25.08.2021 01:32:30.259,7.787780000000001,7.787400000000001,0.75,2.62
25.08.2021 01:32:30.309,7.787780000000001,7.78747,0.75,0.75
25.08.2021 01:32:30.410,7.787780000000001,7.78747,0.85,0.75
25.08.2021 01:32:31.117,7.787780000000001,7.78747,0.85,0.75
25.08.2021 01:32:32.891,7.787760000000001,7.78747,0.85,0.75
25.08.2021 01:32:33.029,7.787739999999999,7.78747,0.75,0.75
25.08.2021 01:32:33.962,7.78777,7.78747,0.85,0.75
25.08.2021 01:32:34.063,7.78777,7.78747,0.85,0.75
25.08.2021 01:32:40.230,7.787780000000001,7.78748,0.75,0.75
25.08.2021 01:32:40.281,7.78787,7.78754,1.12,0.75
25.08.2021 01:32:40.381,7.78777,7.78755,0.75,0.37
25.08.2021 01:32:40.432,7.787850000000001,7.78755,0.75,0.37
25.08.2021 01:32:41.717,7.787850000000001,7.787510000000001,0.75,0.37
25.08.2021 01:32:43.218,7.787850000000001,7.78749,0.75,0.37
25.08.2021 01:32:45.952,7.787850000000001,7.7875000000000005,0.75,0.37
25.08.2021 01:32:46.942,7.787850000000001,7.787510000000001,0.75,0.37
25.08.2021 01:32:49.452,7.787850000000001,7.7875000000000005,0.75,0.37
25.08.2021 01:32:52.224,7.787850000000001,7.787510000000001,0.75,0.37
25.08.2021 01:32:55.075,7.787910000000001,7.787510000000001,0.82,0.37
25.08.2021 01:32:55.246,7.787910000000001,7.78749,0.82,0.75
25.08.2021 01:32:55.709,7.78788,7.78749,0.75,0.75
25.08.2021 01:32:55.810,7.78784,7.78749,0.75,0.75
25.08.2021 01:32:55.944,7.78784,7.7875000000000005,0.75,0.37
25.08.2021 01:32:55.995,7.787860000000001,7.7875000000000005,0.75,0.37
25.08.2021 01:32:56.722,7.787860000000001,7.787510000000001,0.75,0.37
25.08.2021 01:32:56.946,7.787860000000001,7.78753,0.75,0.37
25.08.2021 01:32:58.997,7.787860000000001,7.78754,0.75,0.37
25.08.2021 01:33:05.695,7.787850000000001,7.78754,0.75,0.37
25.08.2021 01:33:10.773,7.787850000000001,7.78755,0.75,0.37
25.08.2021 01:33:12.741,7.787850000000001,7.787560000000001,1.12,0.37
25.08.2021 01:33:18.073,7.787850000000001,7.787510000000001,0.75,0.37
25.08.2021 01:33:19.771,7.787850000000001,7.7875000000000005,0.75,0.37
25.08.2021 01:33:36.653,7.7878300000000005,7.7875000000000005,0.75,0.37
25.08.2021 01:33:40.033,7.787680000000001,7.78747,0.75,0.37
25.08.2021 01:33:40.084,7.787680000000001,7.78735,0.75,0.47
25.08.2021 01:33:40.236,7.787739999999999,7.787400000000001,0.75,0.37
25.08.2021 01:33:40.336,7.78769,7.787400000000001,0.75,0.37
25.08.2021 01:33:42.067,7.78769,7.78737,0.75,1.12
25.08.2021 01:33:45.047,7.78769,7.787380000000001,0.75,0.37
25.08.2021 01:33:46.047,7.78769,7.78737,0.75,1.12
25.08.2021 01:33:51.391,7.787680000000001,7.78737,0.75,0.75
25.08.2021 01:33:55.422,7.787680000000001,7.787380000000001,0.75,0.37
25.08.2021 01:33:56.426,7.787680000000001,7.787400000000001,0.75,0.37
25.08.2021 01:33:58.332,7.78765,7.787400000000001,0.75,0.37
25.08.2021 01:33:58.446,7.78769,7.787400000000001,0.75,0.37
25.08.2021 01:33:58.670,7.78769,7.787389999999999,0.75,0.37
25.08.2021 01:33:58.821,7.78767,7.787389999999999,0.75,0.37
25.08.2021 01:34:00.658,7.78767,7.787400000000001,0.75,0.37
25.08.2021 01:34:01.664,7.78767,7.787410000000001,0.75,0.37
25.08.2021 01:34:02.664,7.78767,7.78742,0.75,0.37
25.08.2021 01:34:03.901,7.78767,7.78747,0.75,0.75
25.08.2021 01:34:06.084,7.78762,7.787389999999999,0.75,0.37
25.08.2021 01:34:06.986,7.78762,7.787380000000001,0.75,0.37
25.08.2021 01:34:07.330,7.78762,7.7873399999999995,0.75,0.37
25.08.2021 01:34:08.487,7.787580000000001,7.7873399999999995,0.75,0.37
25.08.2021 01:34:08.538,7.787580000000001,7.78729,0.75,0.37
25.08.2021 01:34:08.647,7.787580000000001,7.78725,0.75,0.82
25.08.2021 01:34:11.443,7.787580000000001,7.787260000000001,2.25,0.37
25.08.2021 01:34:13.290,7.78752,7.787260000000001,0.75,0.37
25.08.2021 01:34:13.391,7.78742,7.78713,0.75,1.87
25.08.2021 01:34:13.442,7.787360000000001,7.78713,0.75,0.37
25.08.2021 01:34:13.492,7.787360000000001,7.78702,0.75,2.25
25.08.2021 01:34:13.543,7.78742,7.78702,0.75,0.75
25.08.2021 01:34:13.636,7.787360000000001,7.78702,0.75,0.75
25.08.2021 01:34:14.360,7.787360000000001,7.787030000000001,0.75,0.75
25.08.2021 01:34:15.741,7.787360000000001,7.78702,0.75,0.75
25.08.2021 01:34:17.957,7.78735,7.78702,0.75,0.75
25.08.2021 01:34:18.703,7.787330000000001,7.7869600000000005,0.75,0.37
25.08.2021 01:34:18.754,7.787280000000001,7.78692,0.75,0.82
25.08.2021 01:34:18.855,7.78724,7.786810000000001,0.82,1.22
25.08.2021 01:34:18.956,7.78717,7.78677,0.75,0.85
25.08.2021 01:34:19.381,7.78717,7.78677,0.75,0.85
25.08.2021 01:34:19.718,7.78713,7.78677,0.75,0.85
25.08.2021 01:34:23.440,7.78713,7.78685,0.75,0.75
25.08.2021 01:34:25.199,7.78713,7.78684,0.75,0.75
25.08.2021 01:34:26.070,7.787050000000001,7.78684,0.75,0.75
25.08.2021 01:34:26.121,7.787050000000001,7.786760000000001,0.75,0.82
25.08.2021 01:34:26.221,7.787000000000001,7.786710000000001,0.75,0.37
25.08.2021 01:34:26.272,7.787000000000001,7.7866800000000005,0.75,0.75
25.08.2021 01:34:26.437,7.787010000000001,7.78667,0.75,0.75
25.08.2021 01:34:29.432,7.787010000000001,7.786650000000001,0.75,0.75
25.08.2021 01:34:29.735,7.786980000000001,7.786650000000001,0.75,0.75
25.08.2021 01:34:30.397,7.7869399999999995,7.78662,0.75,1.12
25.08.2021 01:34:30.498,7.786880000000001,7.78655,0.75,0.75
25.08.2021 01:34:30.649,7.786880000000001,7.78654,0.75,1.12
25.08.2021 01:34:31.714,7.78678,7.7865,0.75,0.47
25.08.2021 01:34:31.815,7.78674,7.7865,0.75,0.37
25.08.2021 01:34:31.865,7.786810000000001,7.78639,0.75,0.47
25.08.2021 01:34:32.081,7.786810000000001,7.78639,0.75,0.47
25.08.2021 01:34:32.131,7.78677,7.78639,0.75,0.47
25.08.2021 01:34:32.397,7.78673,7.78637,0.75,0.85
25.08.2021 01:34:33.107,7.786910000000001,7.786480000000001,1.22,0.75
25.08.2021 01:34:33.158,7.786910000000001,7.786480000000001,1.12,0.75
25.08.2021 01:34:33.208,7.786910000000001,7.7865,1.12,0.75
25.08.2021 01:34:33.309,7.7868200000000005,7.786510000000001,0.75,0.75
25.08.2021 01:34:33.497,7.786880000000001,7.786510000000001,0.75,0.75
25.08.2021 01:34:34.218,7.786880000000001,7.7865,0.75,0.75
25.08.2021 01:34:36.146,7.786880000000001,7.786530000000001,0.75,0.37
25.08.2021 01:34:37.189,7.786880000000001,7.78652,0.75,0.37
25.08.2021 01:34:39.169,7.786880000000001,7.7865,0.75,0.75
25.08.2021 01:34:41.149,7.78687,7.7865,0.75,0.75
25.08.2021 01:34:45.314,7.78687,7.78649,0.75,0.75
25.08.2021 01:34:46.431,7.7869,7.78649,0.75,0.75
25.08.2021 01:34:52.836,7.78687,7.78649,0.75,0.75
25.08.2021 01:34:52.937,7.78657,7.78638,0.75,0.37
25.08.2021 01:34:52.988,7.78657,7.786239999999999,0.75,0.45
25.08.2021 01:34:53.039,7.786460000000001,7.786239999999999,0.75,0.37
25.08.2021 01:34:53.090,7.78662,7.7861899999999995,0.75,1.12
25.08.2021 01:34:53.141,7.78657,7.7861899999999995,0.75,0.37
25.08.2021 01:34:53.241,7.786530000000001,7.7861,0.75,0.75
25.08.2021 01:34:53.392,7.786480000000001,7.78605,0.75,0.85
25.08.2021 01:34:53.675,7.786480000000001,7.78605,0.75,0.75
25.08.2021 01:34:53.778,7.786480000000001,7.786060000000001,0.75,0.75
25.08.2021 01:34:54.124,7.786480000000001,7.78605,0.75,2.25
25.08.2021 01:34:54.226,7.786480000000001,7.7860700000000005,0.75,0.37
25.08.2021 01:34:55.755,7.786480000000001,7.786080000000001,0.75,0.75
25.08.2021 01:34:57.132,7.78644,7.786080000000001,0.75,0.37
25.08.2021 01:34:57.233,7.78637,7.78603,0.75,0.75
25.08.2021 01:34:57.333,7.786430000000001,7.786060000000001,0.75,0.75
25.08.2021 01:34:57.484,7.78644,7.786060000000001,0.75,0.75
25.08.2021 01:34:57.535,7.78644,7.78604,0.75,0.75
25.08.2021 01:34:57.636,7.78657,7.786010000000001,0.75,0.37
25.08.2021 01:34:57.686,7.78655,7.786010000000001,0.37,0.37
25.08.2021 01:34:58.232,7.78655,7.785960000000001,0.37,1.12
25.08.2021 01:34:58.677,7.78654,7.785960000000001,0.75,0.37
25.08.2021 01:34:58.979,7.786480000000001,7.785960000000001,0.37,0.37
25.08.2021 01:35:00.423,7.78654,7.785960000000001,0.75,0.37
25.08.2021 01:35:02.434,7.78655,7.785960000000001,0.82,0.37
25.08.2021 01:35:02.535,7.786560000000001,7.785960000000001,0.82,0.37
25.08.2021 01:35:03.209,7.786560000000001,7.78594,0.82,1.12
25.08.2021 01:35:03.731,7.786530000000001,7.78594,0.37,0.37
25.08.2021 01:35:05.247,7.78654,7.7859300000000005,0.37,1.12
25.08.2021 01:35:07.608,7.78652,7.7859300000000005,0.75,1.12
25.08.2021 01:35:08.503,7.786510000000001,7.78602,0.75,0.37
25.08.2021 01:35:08.889,7.786530000000001,7.78602,1.2,0.37
25.08.2021 01:35:08.953,7.786480000000001,7.78602,0.75,0.37
25.08.2021 01:35:09.158,7.7864,7.78602,0.75,0.37
25.08.2021 01:35:09.291,7.786410000000001,7.78602,0.75,0.37
25.08.2021 01:35:09.487,7.78638,7.78602,0.75,0.37
25.08.2021 01:35:09.628,7.78638,7.78599,0.75,0.37
25.08.2021 01:35:11.123,7.786430000000001,7.78599,0.37,0.37
25.08.2021 01:35:12.111,7.78654,7.78592,0.85,0.75
25.08.2021 01:35:13.270,7.78649,7.78592,0.75,1.12
25.08.2021 01:35:13.320,7.78645,7.785860000000001,0.75,1.22
25.08.2021 01:35:13.371,7.7864,7.785860000000001,0.3,1.22
25.08.2021 01:35:13.472,7.786360000000001,7.785839999999999,0.75,0.75
25.08.2021 01:35:13.585,7.786360000000001,7.785830000000001,0.75,1.12
25.08.2021 01:35:15.870,7.78632,7.78582,0.75,0.75
25.08.2021 01:35:16.025,7.78629,7.78582,0.75,0.75
25.08.2021 01:35:19.443,7.786250000000001,7.78582,0.75,0.75
25.08.2021 01:35:19.843,7.786230000000001,7.78582,0.75,0.75
25.08.2021 01:35:21.336,7.786230000000001,7.78585,0.75,0.75
25.08.2021 01:35:21.386,7.786250000000001,7.78585,0.75,0.75
25.08.2021 01:35:21.437,7.786250000000001,7.78587,0.75,0.37
25.08.2021 01:35:24.024,7.786230000000001,7.78587,0.75,0.37
25.08.2021 01:35:24.137,7.78622,7.785910000000001,0.75,0.75
25.08.2021 01:35:26.351,7.7862100000000005,7.785910000000001,0.75,0.75
25.08.2021 01:35:26.708,7.786180000000001,7.785910000000001,0.75,0.75
25.08.2021 01:35:26.870,7.786180000000001,7.78587,0.75,0.75
25.08.2021 01:35:27.450,7.786180000000001,7.785810000000001,0.75,0.37
25.08.2021 01:35:27.501,7.78614,7.7858,0.75,0.37
25.08.2021 01:35:27.613,7.786110000000001,7.7858,0.75,0.37
25.08.2021 01:35:28.521,7.786110000000001,7.78574,0.75,0.37
25.08.2021 01:35:33.713,7.786110000000001,7.78577,0.75,0.75
25.08.2021 01:35:34.572,7.7861,7.78577,0.75,0.75
25.08.2021 01:35:34.673,7.786110000000001,7.78577,0.75,0.75
25.08.2021 01:35:34.774,7.78612,7.78577,0.75,0.75
25.08.2021 01:35:38.748,7.78603,7.78577,0.75,0.75
25.08.2021 01:35:38.798,7.78598,7.785680000000001,0.75,0.75
25.08.2021 01:35:38.849,7.78598,7.785610000000001,0.85,0.75
25.08.2021 01:35:38.950,7.78598,7.78558,2.35,0.45
25.08.2021 01:35:39.055,7.78598,7.78558,2.35,0.37
25.08.2021 01:35:39.156,7.78598,7.78558,1.6,0.37
25.08.2021 01:35:40.021,7.78598,7.78557,1.6,1.5
25.08.2021 01:35:40.915,7.7859300000000005,7.78557,0.75,2.25
25.08.2021 01:35:41.990,7.7859300000000005,7.78564,0.75,0.75
25.08.2021 01:35:42.040,7.78602,7.78564,2.62,0.75
25.08.2021 01:35:42.091,7.78602,7.785660000000001,2.62,0.75
25.08.2021 01:35:42.142,7.78609,7.785660000000001,1.12,0.75
25.08.2021 01:35:42.243,7.786080000000001,7.78567,0.75,0.75
25.08.2021 01:35:44.808,7.786080000000001,7.7857,0.75,0.75
25.08.2021 01:35:47.928,7.78614,7.7857,0.75,0.75
25.08.2021 01:35:47.978,7.786080000000001,7.7857,0.75,0.75
25.08.2021 01:35:48.029,7.78612,7.7857,0.75,0.75
25.08.2021 01:35:49.918,7.786080000000001,7.78565,0.75,0.37
25.08.2021 01:35:49.969,7.786080000000001,7.7856000000000005,0.75,0.75
25.08.2021 01:35:50.019,7.785910000000001,7.7856000000000005,0.75,0.75
25.08.2021 01:35:50.070,7.7859300000000005,7.7856000000000005,0.75,0.75
25.08.2021 01:35:50.171,7.7859300000000005,7.78557,0.75,0.37
25.08.2021 01:35:51.049,7.7859300000000005,7.7855300000000005,0.75,0.75
25.08.2021 01:35:58.912,7.78592,7.7855300000000005,0.75,0.37
25.08.2021 01:35:59.013,7.78589,7.785489999999999,0.75,0.75
25.08.2021 01:35:59.063,7.78589,7.785560000000001,0.75,0.75
25.08.2021 01:36:00.461,7.7859300000000005,7.785560000000001,0.75,0.75
25.08.2021 01:36:03.347,7.78592,7.785500000000001,0.75,0.75
25.08.2021 01:36:03.398,7.785880000000001,7.785500000000001,0.75,0.75
25.08.2021 01:36:03.499,7.7858,7.785380000000001,0.75,0.75
25.08.2021 01:36:03.549,7.78577,7.78535,0.75,0.75
25.08.2021 01:36:03.651,7.78577,7.78542,0.75,0.75
25.08.2021 01:36:03.752,7.785780000000001,7.78537,0.75,0.75
25.08.2021 01:36:03.846,7.785780000000001,7.7854,0.75,0.75
25.08.2021 01:36:03.934,7.785830000000001,7.7854,0.75,0.75
25.08.2021 01:36:03.985,7.785839999999999,7.78542,0.75,0.75
25.08.2021 01:36:04.136,7.78585,7.78542,0.75,0.75
25.08.2021 01:36:07.228,7.785880000000001,7.7854,0.75,0.75
25.08.2021 01:36:07.278,7.785860000000001,7.7854,0.75,0.75
25.08.2021 01:36:07.400,7.78585,7.7854,0.75,0.75
25.08.2021 01:36:07.450,7.785839999999999,7.78534,0.75,0.37
25.08.2021 01:36:07.500,7.785780000000001,7.78534,0.75,0.37
25.08.2021 01:36:07.601,7.785780000000001,7.78537,0.75,0.75
25.08.2021 01:36:08.102,7.785780000000001,7.78534,0.75,0.37
25.08.2021 01:36:08.333,7.785780000000001,7.785330000000001,0.75,0.75
25.08.2021 01:36:09.438,7.785780000000001,7.785280000000001,0.75,0.75
25.08.2021 01:36:09.589,7.785780000000001,7.78534,0.75,0.75
25.08.2021 01:36:09.754,7.785780000000001,7.78542,0.75,0.75
25.08.2021 01:36:13.484,7.785730000000001,7.785310000000001,0.75,0.37
25.08.2021 01:36:13.589,7.785780000000001,7.78534,0.75,0.75
25.08.2021 01:36:13.690,7.78577,7.7853200000000005,0.37,0.75
25.08.2021 01:36:13.793,7.7857,7.78522,0.75,0.75
25.08.2021 01:36:13.843,7.785680000000001,7.78522,0.75,0.75
25.08.2021 01:36:13.944,7.785760000000001,7.7852500000000004,2.25,0.75
25.08.2021 01:36:13.994,7.785660000000001,7.78522,0.75,2.25
25.08.2021 01:36:14.246,7.78565,7.78522,0.37,0.75
25.08.2021 01:36:14.397,7.78563,7.78522,0.37,0.75
25.08.2021 01:36:16.286,7.785660000000001,7.78522,0.75,0.75
25.08.2021 01:36:20.187,7.785660000000001,7.78523,0.37,0.75
25.08.2021 01:36:20.361,7.78569,7.78523,0.75,0.75
25.08.2021 01:36:22.469,7.78558,7.78523,0.75,0.75
25.08.2021 01:36:23.719,7.785680000000001,7.78523,0.37,0.75
25.08.2021 01:36:24.417,7.785680000000001,7.78518,0.37,0.37
25.08.2021 01:36:24.651,7.785680000000001,7.78523,1.12,0.75
25.08.2021 01:36:27.140,7.785660000000001,7.78523,0.37,0.75
25.08.2021 01:36:27.974,7.785660000000001,7.78518,0.37,0.37
25.08.2021 01:36:28.809,7.78565,7.7851300000000005,0.75,0.75
25.08.2021 01:36:28.860,7.78558,7.7851300000000005,0.75,0.75
25.08.2021 01:36:29.303,7.78567,7.785260000000001,0.75,0.75
25.08.2021 01:36:29.404,7.78574,7.78519,0.37,0.75
25.08.2021 01:36:30.414,7.7858,7.78519,1.5,0.75
25.08.2021 01:36:31.404,7.7858,7.785210000000001,0.75,0.37
25.08.2021 01:36:31.537,7.785810000000001,7.785210000000001,0.47,0.37
25.08.2021 01:36:32.064,7.785810000000001,7.785210000000001,0.37,1.12
25.08.2021 01:36:32.394,7.7858,7.785210000000001,0.37,1.12
25.08.2021 01:36:34.386,7.785810000000001,7.78522,0.37,0.37
25.08.2021 01:36:37.394,7.785830000000001,7.785210000000001,0.75,0.75
25.08.2021 01:36:41.485,7.78582,7.785200000000001,0.75,0.75
25.08.2021 01:36:42.976,7.7857899999999995,7.78518,0.82,0.75
25.08.2021 01:36:43.077,7.7857,7.785210000000001,0.75,0.37
25.08.2021 01:36:43.182,7.78567,7.785210000000001,0.75,0.37
25.08.2021 01:36:43.283,7.785660000000001,7.785210000000001,0.75,0.37
25.08.2021 01:36:44.106,7.785660000000001,7.78517,0.75,0.37
25.08.2021 01:36:44.541,7.78567,7.78517,1.12,0.37
25.08.2021 01:36:44.648,7.785660000000001,7.78517,0.75,0.37
25.08.2021 01:36:44.940,7.78567,7.78517,1.12,0.37
25.08.2021 01:36:45.113,7.785660000000001,7.78518,0.37,0.37
25.08.2021 01:36:45.930,7.78562,7.78518,0.75,0.37
25.08.2021 01:36:47.413,7.78562,7.78519,0.75,0.37
25.08.2021 01:36:48.416,7.78562,7.78522,0.75,0.37
25.08.2021 01:36:52.113,7.78562,7.78523,0.75,0.37
25.08.2021 01:36:52.320,7.78558,7.78523,0.75,0.37
25.08.2021 01:36:58.469,7.78558,7.78522,0.75,0.37
25.08.2021 01:36:59.289,7.7856000000000005,7.78522,0.37,0.37
25.08.2021 01:36:59.459,7.78557,7.78524,0.37,0.37
25.08.2021 01:37:00.449,7.785560000000001,7.78523,0.37,0.37
25.08.2021 01:37:01.440,7.785550000000001,7.78522,0.37,0.37
25.08.2021 01:37:03.032,7.78554,7.78522,0.75,0.37
25.08.2021 01:37:07.711,7.78554,7.78524,0.75,0.37
25.08.2021 01:37:09.033,7.78554,7.78523,0.75,0.37
25.08.2021 01:37:12.743,7.785500000000001,7.78523,0.75,0.37
25.08.2021 01:37:12.794,7.785500000000001,7.785160000000001,0.75,1.12
25.08.2021 01:37:13.755,7.785500000000001,7.78518,0.75,0.37
25.08.2021 01:37:15.791,7.785500000000001,7.78517,1.12,0.37
25.08.2021 01:37:16.798,7.785500000000001,7.78519,0.75,0.37
25.08.2021 01:37:21.139,7.7855300000000005,7.78519,0.37,0.37
25.08.2021 01:37:21.259,7.785510000000001,7.78519,0.75,0.37
25.08.2021 01:37:22.898,7.785510000000001,7.785200000000001,0.75,0.37
25.08.2021 01:37:23.889,7.785510000000001,7.785210000000001,0.75,0.37
25.08.2021 01:37:25.329,7.785500000000001,7.785210000000001,0.75,0.37
25.08.2021 01:37:26.957,7.785550000000001,7.785210000000001,0.37,0.37
25.08.2021 01:37:27.058,7.78558,7.78522,0.75,0.37
25.08.2021 01:37:27.159,7.78567,7.78523,0.75,0.75
25.08.2021 01:37:27.209,7.7856000000000005,7.78522,0.75,0.37
25.08.2021 01:37:28.173,7.78572,7.78524,0.75,0.75
25.08.2021 01:37:28.274,7.78563,7.78523,0.75,0.45
25.08.2021 01:37:28.475,7.785730000000001,7.7852500000000004,0.82,0.75
25.08.2021 01:37:28.526,7.785710000000001,7.7852500000000004,0.75,0.75
25.08.2021 01:37:28.627,7.78563,7.78523,0.75,0.37
25.08.2021 01:37:29.500,7.78563,7.78524,0.75,0.37
25.08.2021 01:37:29.563,7.78563,7.78522,0.75,1.12
25.08.2021 01:37:31.610,7.78563,7.78524,2.25,0.75
25.08.2021 01:37:31.761,7.78558,7.78524,0.75,0.75
25.08.2021 01:37:33.132,7.78558,7.7852500000000004,0.75,0.37
25.08.2021 01:37:33.308,7.78567,7.7852500000000004,0.75,1.12
25.08.2021 01:37:33.409,7.78567,7.785260000000001,0.75,0.37
25.08.2021 01:37:33.460,7.7857,7.78535,0.75,0.75
25.08.2021 01:37:33.511,7.78572,7.785360000000001,0.75,0.75
25.08.2021 01:37:33.561,7.78574,7.78539,1.12,0.75
25.08.2021 01:37:33.662,7.785730000000001,7.78542,0.75,0.75
25.08.2021 01:37:33.763,7.78582,7.7854399999999995,0.75,0.75
25.08.2021 01:37:33.814,7.78574,7.78539,0.75,0.75
25.08.2021 01:37:33.915,7.78582,7.7854,0.75,2.25
25.08.2021 01:37:33.966,7.785780000000001,7.78539,0.75,2.25
25.08.2021 01:37:34.067,7.78585,7.78547,0.75,0.75
25.08.2021 01:37:34.117,7.785880000000001,7.78547,0.37,0.75
25.08.2021 01:37:34.281,7.785860000000001,7.785380000000001,0.75,0.85
25.08.2021 01:37:34.381,7.785860000000001,7.785380000000001,0.75,0.75
25.08.2021 01:37:34.482,7.78589,7.785410000000001,0.75,0.75
25.08.2021 01:37:34.583,7.785680000000001,7.7853200000000005,0.75,0.45
25.08.2021 01:37:34.634,7.78562,7.78523,0.75,0.37
25.08.2021 01:37:34.748,7.785680000000001,7.78523,0.75,0.37
25.08.2021 01:37:34.899,7.78558,7.78523,0.75,0.37
25.08.2021 01:37:35.507,7.78558,7.78519,0.75,0.75
25.08.2021 01:37:35.811,7.78558,7.78523,0.75,0.75
25.08.2021 01:37:35.862,7.78558,7.78517,0.75,2.7
25.08.2021 01:37:36.899,7.785680000000001,7.7852500000000004,0.75,0.75
25.08.2021 01:37:37.000,7.78564,7.78522,0.75,2.32
25.08.2021 01:37:37.101,7.78558,7.78522,0.75,0.75
25.08.2021 01:37:37.363,7.78558,7.78518,0.75,0.85
25.08.2021 01:37:37.513,7.78558,7.78517,0.75,0.85
25.08.2021 01:37:37.564,7.78558,7.78517,0.75,0.82
25.08.2021 01:37:39.506,7.78558,7.785210000000001,0.75,0.75
25.08.2021 01:37:39.556,7.78564,7.785210000000001,0.75,0.75
25.08.2021 01:37:39.714,7.785680000000001,7.785210000000001,0.75,0.75
25.08.2021 01:37:40.506,7.785730000000001,7.7853,0.47,0.75
25.08.2021 01:37:40.557,7.78575,7.7853,0.85,0.75
25.08.2021 01:37:40.658,7.785760000000001,7.7853,0.85,0.75
25.08.2021 01:37:40.708,7.7858,7.78537,0.75,0.75
25.08.2021 01:37:40.809,7.785810000000001,7.785430000000001,0.37,0.75
25.08.2021 01:37:40.859,7.78582,7.78537,0.75,0.82
25.08.2021 01:37:41.015,7.785730000000001,7.78535,0.75,0.82
25.08.2021 01:37:41.116,7.785780000000001,7.78537,2.25,0.75
25.08.2021 01:37:41.167,7.78587,7.785510000000001,0.75,0.75
25.08.2021 01:37:41.217,7.785900000000001,7.785510000000001,0.75,0.75
25.08.2021 01:37:41.318,7.785900000000001,7.78545,0.75,0.75
25.08.2021 01:37:41.948,7.7859300000000005,7.78545,2.35,0.75
25.08.2021 01:37:42.153,7.78587,7.78539,0.75,0.75
25.08.2021 01:37:42.204,7.78594,7.785380000000001,2.35,0.75
25.08.2021 01:37:42.305,7.7859300000000005,7.78539,0.85,0.75
25.08.2021 01:37:42.406,7.785960000000001,7.78539,2.35,0.75
25.08.2021 01:37:42.507,7.785960000000001,7.78539,2.35,0.75
25.08.2021 01:37:44.028,7.785950000000001,7.78539,0.47,0.75
25.08.2021 01:37:44.432,7.785950000000001,7.78539,0.47,0.75
25.08.2021 01:37:44.733,7.78592,7.78537,0.82,0.37
25.08.2021 01:37:44.834,7.78589,7.785310000000001,0.75,0.75
25.08.2021 01:37:44.935,7.78592,7.785360000000001,0.85,0.75
25.08.2021 01:37:46.199,7.78589,7.78534,0.82,0.37
25.08.2021 01:37:46.300,7.785880000000001,7.78534,0.75,0.37
25.08.2021 01:37:46.350,7.78592,7.785360000000001,0.85,0.75
25.08.2021 01:37:47.455,7.7859300000000005,7.785360000000001,0.85,0.75
25.08.2021 01:37:48.415,7.785900000000001,7.78534,0.85,0.37
25.08.2021 01:37:48.515,7.78589,7.78529,0.85,0.75
25.08.2021 01:37:48.566,7.785950000000001,7.785360000000001,2.72,0.75
25.08.2021 01:37:48.685,7.7859300000000005,7.785360000000001,0.85,0.75
25.08.2021 01:37:49.005,7.78589,7.785380000000001,0.82,0.75
25.08.2021 01:37:50.834,7.78589,7.78535,0.75,0.75
25.08.2021 01:37:50.986,7.785900000000001,7.785380000000001,0.82,0.75
25.08.2021 01:37:51.415,7.785900000000001,7.78534,0.82,0.75
25.08.2021 01:37:51.516,7.78589,7.78534,0.85,0.75
25.08.2021 01:37:51.567,7.785880000000001,7.7853,0.82,0.75
25.08.2021 01:37:51.718,7.785880000000001,7.7853,0.85,0.75
25.08.2021 01:37:52.160,7.785839999999999,7.785330000000001,0.75,0.75
25.08.2021 01:37:54.725,7.785830000000001,7.785330000000001,0.75,0.75
25.08.2021 01:37:54.876,7.785810000000001,7.78534,0.75,0.75
25.08.2021 01:37:56.483,7.785810000000001,7.785380000000001,0.75,0.75
25.08.2021 01:37:58.370,7.785810000000001,7.785330000000001,0.75,0.75
25.08.2021 01:37:58.420,7.78577,7.785330000000001,0.75,2.25
25.08.2021 01:37:59.099,7.7857899999999995,7.785330000000001,1.12,0.75
25.08.2021 01:38:00.395,7.785780000000001,7.785330000000001,0.37,0.75
25.08.2021 01:38:02.562,7.78577,7.785330000000001,0.37,0.75
25.08.2021 01:38:04.583,7.785760000000001,7.785330000000001,0.37,0.75
25.08.2021 01:38:05.496,7.7857,7.78527,0.75,1.12
25.08.2021 01:38:05.597,7.785660000000001,7.78527,0.37,0.37
25.08.2021 01:38:05.748,7.785660000000001,7.78522,0.37,0.75
25.08.2021 01:38:06.024,7.785660000000001,7.785210000000001,1.12,1.12
25.08.2021 01:38:06.607,7.785660000000001,7.78522,1.12,0.37
25.08.2021 01:38:06.807,7.78557,7.78522,0.75,0.37
25.08.2021 01:38:06.908,7.78554,7.78522,0.75,0.37
25.08.2021 01:38:07.572,7.78554,7.78519,0.75,0.37
25.08.2021 01:38:08.575,7.78554,7.785200000000001,0.75,0.37
25.08.2021 01:38:09.576,7.78554,7.785210000000001,0.75,0.37
25.08.2021 01:38:10.581,7.78554,7.785200000000001,0.75,0.37
25.08.2021 01:38:16.592,7.7855300000000005,7.78518,0.37,0.75
25.08.2021 01:38:17.562,7.7855300000000005,7.785280000000001,0.37,0.75
25.08.2021 01:38:17.613,7.78557,7.785280000000001,0.75,0.75
25.08.2021 01:38:17.713,7.78565,7.785280000000001,0.75,0.75
25.08.2021 01:38:17.764,7.78565,7.785210000000001,0.75,0.75
25.08.2021 01:38:17.920,7.78565,7.785260000000001,0.75,0.75
25.08.2021 01:38:19.352,7.78563,7.785260000000001,0.75,0.75
25.08.2021 01:38:21.996,7.7856000000000005,7.785260000000001,0.75,0.75
25.08.2021 01:38:22.499,7.78559,7.785260000000001,0.75,0.75
25.08.2021 01:38:22.998,7.78562,7.785260000000001,0.75,1.12
25.08.2021 01:38:23.106,7.78562,7.78534,0.75,0.75
25.08.2021 01:38:23.207,7.78569,7.78534,0.75,0.75
25.08.2021 01:38:23.318,7.78569,7.785280000000001,0.75,0.75
25.08.2021 01:38:23.370,7.78569,7.785310000000001,0.75,0.75
25.08.2021 01:38:25.626,7.78559,7.785260000000001,0.75,0.37
25.08.2021 01:38:25.727,7.785560000000001,7.785260000000001,0.75,0.37
25.08.2021 01:38:25.828,7.785560000000001,7.78524,0.75,0.37
25.08.2021 01:38:26.676,7.785560000000001,7.78523,0.75,1.12
25.08.2021 01:38:27.606,7.785560000000001,7.78524,0.75,0.75
25.08.2021 01:38:28.185,7.785560000000001,7.7852500000000004,0.75,0.37
25.08.2021 01:38:28.596,7.78557,7.78529,0.75,0.75
25.08.2021 01:38:28.707,7.78558,7.78529,0.75,0.75
25.08.2021 01:38:29.970,7.78558,7.7852500000000004,0.75,1.5
25.08.2021 01:38:30.021,7.785560000000001,7.78524,0.75,1.12
25.08.2021 01:38:33.628,7.785560000000001,7.7852500000000004,0.75,0.37
25.08.2021 01:38:34.629,7.785560000000001,7.785260000000001,0.75,0.37
25.08.2021 01:38:37.913,7.785560000000001,7.78527,0.75,0.37
25.08.2021 01:38:55.730,7.7856000000000005,7.78527,0.37,0.37
25.08.2021 01:39:00.005,7.785560000000001,7.78527,0.75,0.37
25.08.2021 01:39:08.696,7.785560000000001,7.78524,0.75,1.12
25.08.2021 01:39:09.514,7.78559,7.78524,0.37,1.12
25.08.2021 01:39:09.615,7.78558,7.78524,0.75,1.12
25.08.2021 01:39:09.785,7.78557,7.78524,0.37,0.75
25.08.2021 01:39:10.434,7.78557,7.78523,0.37,1.12
25.08.2021 01:39:10.699,7.785560000000001,7.78523,0.37,1.12
25.08.2021 01:39:16.597,7.785560000000001,7.78524,0.37,0.37
25.08.2021 01:39:19.283,7.7855300000000005,7.78517,0.75,0.75
25.08.2021 01:39:19.383,7.7855300000000005,7.78514,0.75,0.37
25.08.2021 01:39:19.484,7.7855300000000005,7.785089999999999,0.85,0.37
25.08.2021 01:39:19.535,7.7855300000000005,7.7850399999999995,0.85,0.75
25.08.2021 01:39:19.658,7.785489999999999,7.785,0.75,0.75
25.08.2021 01:39:24.159,7.78542,7.78497,0.37,0.37
25.08.2021 01:39:24.260,7.785380000000001,7.78489,0.75,0.75
25.08.2021 01:39:24.360,7.785380000000001,7.78495,0.82,0.75
25.08.2021 01:39:24.420,7.785380000000001,7.7849,0.82,0.75
25.08.2021 01:39:24.521,7.785380000000001,7.78495,0.75,0.37
25.08.2021 01:39:24.625,7.78542,7.785,0.37,0.75
25.08.2021 01:39:31.309,7.78539,7.785,0.75,0.75
25.08.2021 01:39:32.145,7.78542,7.785,0.37,0.75
25.08.2021 01:39:34.525,7.7853,7.784980000000001,0.75,0.37
25.08.2021 01:39:34.626,7.7853,7.78495,0.75,0.75
25.08.2021 01:39:34.726,7.7853200000000005,7.784960000000001,0.75,0.75
25.08.2021 01:39:35.637,7.7853,7.78495,0.75,0.75
25.08.2021 01:39:35.738,7.7853,7.78497,2.25,0.75
25.08.2021 01:39:36.645,7.7853,7.78495,0.75,0.75
25.08.2021 01:39:36.752,7.7853,7.784960000000001,0.75,0.75
25.08.2021 01:39:37.656,7.7853,7.7849200000000005,0.37,1.12
25.08.2021 01:39:37.757,7.785280000000001,7.78494,0.75,0.75
25.08.2021 01:39:37.908,7.785260000000001,7.78489,0.75,2.25
25.08.2021 01:39:37.958,7.78522,7.78489,0.75,0.75
25.08.2021 01:39:38.125,7.785210000000001,7.78489,0.75,0.75
25.08.2021 01:39:38.175,7.785210000000001,7.78487,0.75,0.75
25.08.2021 01:39:39.167,7.78517,7.7847800000000005,0.75,2.25
25.08.2021 01:39:39.268,7.785089999999999,7.784730000000001,0.37,0.75
25.08.2021 01:39:39.318,7.785089999999999,7.784630000000001,0.37,0.75
25.08.2021 01:39:39.369,7.785010000000001,7.78467,0.75,0.75
25.08.2021 01:39:39.420,7.785030000000001,7.78464,0.75,0.75
25.08.2021 01:39:39.470,7.785,7.78464,0.75,0.75
25.08.2021 01:39:39.695,7.785,7.7846,0.75,0.75
25.08.2021 01:39:41.348,7.785100000000001,7.78455,0.82,0.37
25.08.2021 01:39:41.763,7.785100000000001,7.784560000000001,0.37,0.37
25.08.2021 01:39:41.906,7.78497,7.7846,0.75,0.75
25.08.2021 01:39:43.433,7.784960000000001,7.7846,0.37,0.75
25.08.2021 01:39:44.878,7.784960000000001,7.78443,0.37,0.37
25.08.2021 01:39:47.935,7.78497,7.78443,0.37,0.37
25.08.2021 01:39:48.180,7.784910000000001,7.784510000000001,0.75,0.75
25.08.2021 01:39:50.475,7.7847800000000005,7.78443,0.75,0.75
25.08.2021 01:39:50.626,7.784730000000001,7.784400000000001,0.75,0.75
25.08.2021 01:40:01.608,7.7847,7.784339999999999,0.75,0.75
25.08.2021 01:40:01.759,7.78467,7.784339999999999,0.75,0.75
25.08.2021 01:40:01.810,7.78467,7.7843,0.75,2.25
25.08.2021 01:40:03.079,7.784660000000001,7.7843,0.75,0.75
25.08.2021 01:40:03.317,7.784689999999999,7.7843,0.75,0.75
25.08.2021 01:40:03.574,7.7847,7.7843,0.75,0.75
25.08.2021 01:40:05.858,7.7847,7.784330000000001,0.75,0.75
25.08.2021 01:40:06.009,7.78467,7.784330000000001,0.75,0.75
25.08.2021 01:40:08.511,7.78477,7.784260000000001,0.45,0.37
25.08.2021 01:40:08.648,7.78477,7.784330000000001,1.2,0.75
25.08.2021 01:40:11.951,7.784750000000001,7.784330000000001,0.75,0.75
25.08.2021 01:40:18.291,7.78472,7.78432,0.75,0.37
25.08.2021 01:40:19.302,7.78472,7.784339999999999,0.75,0.37
25.08.2021 01:40:20.861,7.784760000000001,7.784339999999999,0.75,0.37
25.08.2021 01:40:21.025,7.784760000000001,7.784310000000001,0.75,0.75
25.08.2021 01:40:21.350,7.784750000000001,7.784260000000001,0.75,0.37
25.08.2021 01:40:21.450,7.784680000000001,7.784260000000001,0.75,0.37
25.08.2021 01:40:21.501,7.784680000000001,7.78424,0.75,0.75
25.08.2021 01:40:25.855,7.78467,7.7841700000000005,0.75,0.37
25.08.2021 01:40:25.955,7.78464,7.7841700000000005,0.37,0.37
25.08.2021 01:40:26.006,7.78464,7.78409,0.37,0.37
25.08.2021 01:40:26.057,7.78464,7.7840300000000004,0.37,0.75
25.08.2021 01:40:26.202,7.78464,7.78404,0.37,0.75
25.08.2021 01:40:26.303,7.78447,7.7840300000000004,0.34,0.75
25.08.2021 01:40:30.847,7.78447,7.78402,0.34,0.75
25.08.2021 01:40:30.948,7.7843800000000005,7.783980000000001,0.75,0.37
25.08.2021 01:40:30.999,7.784410000000001,7.783980000000001,0.75,1.12
25.08.2021 01:40:31.050,7.784410000000001,7.783930000000001,0.75,1.12
25.08.2021 01:40:31.201,7.784410000000001,7.783939999999999,0.75,0.75
25.08.2021 01:40:32.413,7.78447,7.783939999999999,0.34,0.75
25.08.2021 01:40:35.854,7.78447,7.783930000000001,0.71,0.75
25.08.2021 01:40:38.441,7.784400000000001,7.783930000000001,0.75,2.62
25.08.2021 01:40:39.379,7.78447,7.783930000000001,0.34,1.12
25.08.2021 01:40:40.340,7.78447,7.783960000000001,0.34,0.75
25.08.2021 01:40:40.480,7.78447,7.784000000000001,0.34,0.75
25.08.2021 01:40:40.715,7.7843800000000005,7.784000000000001,0.75,0.75
25.08.2021 01:40:41.935,7.78419,7.78392,0.75,1.12
25.08.2021 01:40:41.985,7.78422,7.783830000000001,0.75,0.75
25.08.2021 01:40:42.036,7.784180000000001,7.783830000000001,0.75,0.75
25.08.2021 01:40:42.086,7.78415,7.78379,0.75,0.37
25.08.2021 01:40:42.137,7.7841700000000005,7.783660000000001,0.75,0.75
25.08.2021 01:40:42.187,7.78414,7.783650000000001,0.75,0.37
25.08.2021 01:40:42.238,7.784110000000001,7.783530000000001,0.75,0.75
25.08.2021 01:40:42.288,7.78409,7.783510000000001,0.75,0.37
25.08.2021 01:40:42.339,7.784130000000001,7.7834200000000004,0.75,0.75
25.08.2021 01:40:42.389,7.78407,7.7834,0.75,1.12
25.08.2021 01:40:42.490,7.78399,7.78335,0.75,0.37
25.08.2021 01:40:42.591,7.78397,7.78335,0.75,0.37
25.08.2021 01:40:42.641,7.78397,7.783250000000001,0.75,0.37
25.08.2021 01:40:42.691,7.783939999999999,7.783250000000001,0.75,0.37
25.08.2021 01:40:42.897,7.783939999999999,7.78333,0.75,0.75
25.08.2021 01:40:42.947,7.783939999999999,7.783260000000001,0.75,0.75
25.08.2021 01:40:42.997,7.78387,7.783250000000001,0.75,0.37
25.08.2021 01:40:43.098,7.78385,7.783250000000001,0.75,0.37
25.08.2021 01:40:43.350,7.78384,7.783250000000001,0.75,0.37
25.08.2021 01:40:43.400,7.78384,7.783200000000001,0.75,0.75
25.08.2021 01:40:43.500,7.783830000000001,7.78317,0.75,0.75
25.08.2021 01:40:43.551,7.78387,7.783189999999999,2.25,0.75
25.08.2021 01:40:43.601,7.78384,7.78317,0.75,0.75
25.08.2021 01:40:43.702,7.78384,7.783189999999999,0.75,0.75
25.08.2021 01:40:48.437,7.783830000000001,7.783189999999999,0.75,0.75
25.08.2021 01:40:48.921,7.783880000000001,7.7832300000000005,0.75,0.75
25.08.2021 01:40:48.975,7.78385,7.7832300000000005,0.75,0.75
25.08.2021 01:40:52.619,7.783880000000001,7.78332,2.25,0.75
25.08.2021 01:40:52.720,7.78392,7.78339,0.37,0.75
25.08.2021 01:40:52.871,7.78392,7.78367,0.37,0.75
25.08.2021 01:40:52.921,7.78409,7.78362,1.12,0.75
25.08.2021 01:40:56.234,7.784110000000001,7.78362,0.75,0.75
25.08.2021 01:40:57.173,7.784130000000001,7.78362,2.62,0.75
25.08.2021 01:40:58.435,7.784130000000001,7.783660000000001,2.25,0.75
25.08.2021 01:41:02.203,7.784160000000001,7.78372,0.75,0.75
25.08.2021 01:41:02.410,7.784210000000001,7.783760000000001,0.75,0.75
25.08.2021 01:41:02.512,7.78422,7.783760000000001,1.12,0.75
25.08.2021 01:41:02.902,7.78422,7.78369,0.37,0.37
25.08.2021 01:41:02.953,7.78422,7.783760000000001,1.12,0.75
25.08.2021 01:41:06.182,7.7841700000000005,7.783760000000001,0.75,0.75
25.08.2021 01:41:06.283,7.784130000000001,7.78372,0.75,0.75
25.08.2021 01:41:07.074,7.784130000000001,7.78369,0.75,0.75
25.08.2021 01:41:10.549,7.78415,7.78369,2.25,0.75
25.08.2021 01:41:10.600,7.784130000000001,7.78369,0.75,0.75
25.08.2021 01:41:11.046,7.78414,7.78369,0.75,0.75
25.08.2021 01:41:11.096,7.784160000000001,7.78369,0.75,0.75
25.08.2021 01:41:13.371,7.78419,7.78369,1.12,2.25
25.08.2021 01:41:13.422,7.78419,7.7837700000000005,0.37,0.75
25.08.2021 01:41:13.472,7.784160000000001,7.78372,0.75,0.75
25.08.2021 01:41:13.592,7.78415,7.78372,0.75,0.75
25.08.2021 01:41:15.203,7.784130000000001,7.78372,0.75,0.75
25.08.2021 01:41:18.958,7.784130000000001,7.78373,0.75,0.37
25.08.2021 01:41:19.962,7.784130000000001,7.78374,0.75,0.37
25.08.2021 01:41:20.963,7.784130000000001,7.78373,0.75,0.37
25.08.2021 01:41:21.602,7.784110000000001,7.78373,0.75,0.37
25.08.2021 01:41:21.970,7.784110000000001,7.78372,0.75,0.75
25.08.2021 01:41:23.908,7.78415,7.78372,0.75,0.75
25.08.2021 01:41:25.977,7.78415,7.78373,0.75,0.37
25.08.2021 01:41:28.199,7.784180000000001,7.78373,1.12,0.37
25.08.2021 01:41:28.372,7.784180000000001,7.7837700000000005,0.37,0.75
25.08.2021 01:41:28.473,7.784160000000001,7.78373,0.75,0.37
25.08.2021 01:41:28.581,7.784180000000001,7.783780000000001,0.37,0.75
25.08.2021 01:41:28.682,7.78419,7.7837700000000005,0.75,0.75
25.08.2021 01:41:31.245,7.784160000000001,7.7837700000000005,0.75,0.75
25.08.2021 01:41:31.397,7.78415,7.7837700000000005,0.75,0.75
25.08.2021 01:41:31.620,7.7841700000000005,7.7837700000000005,0.75,0.75
25.08.2021 01:41:32.448,7.784180000000001,7.7837700000000005,2.25,0.75
25.08.2021 01:41:33.242,7.784160000000001,7.7837700000000005,0.75,0.75
25.08.2021 01:41:33.392,7.78414,7.7837700000000005,0.75,0.75
25.08.2021 01:41:33.493,7.784050000000001,7.78368,0.37,1.12
25.08.2021 01:41:33.594,7.784050000000001,7.78373,0.37,0.75
25.08.2021 01:41:33.946,7.784050000000001,7.78368,0.37,0.37
25.08.2021 01:41:34.633,7.784050000000001,7.7837000000000005,0.37,0.37
25.08.2021 01:41:34.834,7.78408,7.7837000000000005,0.75,0.37
25.08.2021 01:41:35.900,7.78408,7.78367,2.25,0.37
25.08.2021 01:41:36.307,7.784060000000001,7.78367,0.37,0.37
25.08.2021 01:41:36.997,7.784060000000001,7.783660000000001,0.37,0.37
25.08.2021 01:41:37.825,7.78407,7.783660000000001,0.37,0.37
25.08.2021 01:41:39.004,7.78407,7.783650000000001,0.37,0.37
25.08.2021 01:41:40.752,7.78407,7.78364,0.37,1.12
25.08.2021 01:41:41.031,7.78408,7.78364,1.12,1.12
25.08.2021 01:41:42.112,7.783930000000001,7.78359,0.75,0.37
25.08.2021 01:41:42.213,7.783980000000001,7.7835399999999995,0.75,0.75
25.08.2021 01:41:42.263,7.78392,7.7835,0.75,0.37
25.08.2021 01:41:42.313,7.783880000000001,7.7834200000000004,0.75,0.37
25.08.2021 01:41:42.364,7.783780000000001,7.78347,0.75,0.75
25.08.2021 01:41:45.180,7.783780000000001,7.7834200000000004,0.75,0.37
25.08.2021 01:41:46.032,7.783780000000001,7.783360000000001,0.75,0.37
25.08.2021 01:41:47.173,7.783780000000001,7.78335,0.75,0.37
25.08.2021 01:41:49.021,7.783780000000001,7.783360000000001,0.75,0.37
25.08.2021 01:41:50.268,7.78373,7.783360000000001,0.75,0.37
25.08.2021 01:41:50.318,7.783710000000001,7.78327,0.75,0.75
25.08.2021 01:41:51.251,7.783660000000001,7.78317,0.75,1.22
25.08.2021 01:41:51.352,7.783650000000001,7.78317,0.75,0.75
25.08.2021 01:41:51.453,7.78367,7.783189999999999,0.37,0.75
25.08.2021 01:41:51.505,7.78367,7.78317,0.37,0.75
25.08.2021 01:41:51.606,7.78367,7.7831600000000005,0.37,0.37
25.08.2021 01:41:51.823,7.783580000000001,7.7831600000000005,0.75,0.37
25.08.2021 01:41:52.329,7.783580000000001,7.78315,0.75,0.75
25.08.2021 01:42:02.347,7.78367,7.78315,1.12,0.75
25.08.2021 01:42:05.276,7.78367,7.7831399999999995,0.37,1.12
25.08.2021 01:42:05.377,7.783660000000001,7.7831399999999995,0.37,1.12
25.08.2021 01:42:05.658,7.783660000000001,7.78315,0.37,0.75
25.08.2021 01:42:06.828,7.78367,7.78315,0.37,0.75
25.08.2021 01:42:08.059,7.78367,7.7831600000000005,0.37,0.37
25.08.2021 01:42:08.545,7.783580000000001,7.7831600000000005,0.75,0.37
25.08.2021 01:42:09.060,7.783580000000001,7.783200000000001,0.75,0.37
25.08.2021 01:42:10.789,7.78359,7.783200000000001,0.37,0.37
25.08.2021 01:42:11.169,7.7836300000000005,7.78312,0.37,0.75
25.08.2021 01:42:11.575,7.78359,7.78309,0.75,0.37
25.08.2021 01:42:12.301,7.78359,7.783060000000001,0.75,0.75
25.08.2021 01:42:14.750,7.78359,7.78307,1.12,0.75
25.08.2021 01:42:14.863,7.783560000000001,7.783060000000001,0.75,2.25
25.08.2021 01:42:14.965,7.783560000000001,7.783110000000001,0.75,0.37
25.08.2021 01:42:16.075,7.783560000000001,7.78312,0.75,0.37
25.08.2021 01:42:16.631,7.7835399999999995,7.78312,0.75,0.37
25.08.2021 01:42:17.077,7.7835399999999995,7.783130000000001,0.75,0.37
25.08.2021 01:42:17.470,7.783580000000001,7.783130000000001,2.25,0.37
25.08.2021 01:42:18.128,7.783580000000001,7.7831,2.25,0.37
25.08.2021 01:42:19.082,7.783580000000001,7.783110000000001,2.25,0.37
25.08.2021 01:42:20.123,7.783580000000001,7.783130000000001,2.25,0.37
25.08.2021 01:42:21.684,7.783580000000001,7.78312,0.75,0.37
25.08.2021 01:42:24.093,7.783580000000001,7.783130000000001,0.75,0.37
25.08.2021 01:42:25.052,7.78359,7.783130000000001,0.75,1.12
25.08.2021 01:42:25.153,7.78369,7.78317,0.75,0.75
25.08.2021 01:42:25.214,7.7837000000000005,7.783210000000001,0.37,0.75
25.08.2021 01:42:25.458,7.783650000000001,7.783130000000001,0.75,1.5
25.08.2021 01:42:25.763,7.783610000000001,7.783130000000001,0.75,0.37
25.08.2021 01:42:26.470,7.783610000000001,7.7831399999999995,0.75,0.37
25.08.2021 01:42:27.571,7.783580000000001,7.7831399999999995,0.75,0.37
25.08.2021 01:42:27.621,7.783580000000001,7.78309,0.75,0.75
25.08.2021 01:42:28.042,7.783430000000001,7.78307,0.75,0.37
25.08.2021 01:42:28.092,7.783560000000001,7.78312,0.75,0.75
25.08.2021 01:42:28.143,7.78352,7.78312,1.5,0.75
25.08.2021 01:42:28.193,7.78352,7.78307,1.5,1.12
25.08.2021 01:42:28.294,7.783580000000001,7.783030000000001,0.75,0.37
25.08.2021 01:42:28.395,7.783580000000001,7.78298,0.75,1.12
25.08.2021 01:42:28.546,7.78357,7.78299,0.75,0.75
25.08.2021 01:42:28.664,7.783580000000001,7.78299,2.25,0.75
25.08.2021 01:42:31.587,7.783410000000001,7.78297,0.75,0.37
25.08.2021 01:42:31.688,7.78337,7.78297,0.75,0.37
25.08.2021 01:42:31.789,7.78333,7.78297,0.75,0.37
25.08.2021 01:42:32.124,7.78333,7.78292,0.75,1.12
25.08.2021 01:42:33.111,7.78333,7.78294,0.75,0.37
25.08.2021 01:42:34.113,7.78333,7.78292,0.75,0.75
25.08.2021 01:42:36.117,7.78333,7.78293,0.75,0.37
25.08.2021 01:42:41.157,7.78333,7.7829500000000005,0.75,0.37
25.08.2021 01:42:42.097,7.78328,7.7829500000000005,0.75,0.37
25.08.2021 01:42:42.427,7.78328,7.782960000000001,0.75,0.37
25.08.2021 01:42:43.458,7.78328,7.78297,0.75,0.37
25.08.2021 01:42:44.459,7.78328,7.78298,0.75,0.37
25.08.2021 01:42:45.032,7.78333,7.78298,0.75,0.37
25.08.2021 01:42:45.132,7.78333,7.7829500000000005,0.75,0.75
25.08.2021 01:42:45.183,7.7832300000000005,7.782860000000001,0.75,0.37
25.08.2021 01:42:45.283,7.78317,7.782780000000001,0.75,0.37
25.08.2021 01:42:45.384,7.78315,7.782780000000001,0.75,0.37
25.08.2021 01:42:46.141,7.78315,7.78269,0.75,0.37
25.08.2021 01:42:47.313,7.78315,7.7827,0.75,0.37
25.08.2021 01:42:48.568,7.783080000000001,7.7827,0.75,0.37
25.08.2021 01:42:50.001,7.783080000000001,7.78277,0.75,0.75
25.08.2021 01:42:50.052,7.78328,7.7828800000000005,1.12,0.75
25.08.2021 01:42:50.102,7.78317,7.782810000000001,0.75,0.37
25.08.2021 01:42:50.153,7.7831600000000005,7.782710000000001,0.75,0.37
25.08.2021 01:42:50.255,7.7831600000000005,7.7827,0.75,0.37
25.08.2021 01:42:50.863,7.78307,7.7827,0.75,0.37
25.08.2021 01:42:50.914,7.78305,7.782630000000001,0.75,0.37
25.08.2021 01:42:51.014,7.78298,7.782630000000001,0.75,0.37
25.08.2021 01:42:51.065,7.78297,7.78253,0.75,1.12
25.08.2021 01:42:51.166,7.782960000000001,7.78253,0.75,0.75
25.08.2021 01:42:51.390,7.782960000000001,7.7824800000000005,0.75,0.75
25.08.2021 01:42:55.918,7.78299,7.7824,0.75,0.37
25.08.2021 01:42:56.289,7.78298,7.7824800000000005,0.75,0.75
25.08.2021 01:42:58.794,7.78299,7.7824800000000005,0.37,0.75
25.08.2021 01:42:58.895,7.78298,7.7825500000000005,0.75,0.75
25.08.2021 01:43:02.231,7.78298,7.7826,0.75,0.75
25.08.2021 01:43:03.311,7.78298,7.7825500000000005,0.75,0.75
25.08.2021 01:43:04.336,7.78298,7.7826,0.75,0.75
25.08.2021 01:43:06.282,7.78298,7.7825500000000005,0.75,0.75
25.08.2021 01:43:07.654,7.78298,7.78254,0.75,0.75
25.08.2021 01:43:08.399,7.78293,7.78252,0.75,0.37
25.08.2021 01:43:08.500,7.78289,7.78249,0.75,0.37
25.08.2021 01:43:10.187,7.78289,7.78247,2.25,0.37
25.08.2021 01:43:11.161,7.78284,7.78247,0.75,0.37
25.08.2021 01:43:11.211,7.78284,7.782450000000001,0.75,1.12
25.08.2021 01:43:11.464,7.782810000000001,7.782450000000001,0.75,1.12
25.08.2021 01:43:11.894,7.78289,7.782450000000001,0.75,1.12
25.08.2021 01:43:12.224,7.78289,7.78247,0.75,0.37
25.08.2021 01:43:14.204,7.78289,7.7824800000000005,0.75,0.37
25.08.2021 01:43:15.194,7.78289,7.78247,0.75,0.37
25.08.2021 01:43:16.650,7.78289,7.7824800000000005,0.75,0.37
25.08.2021 01:43:17.661,7.78289,7.78249,0.75,0.37
25.08.2021 01:43:18.164,7.78289,7.782500000000001,0.75,0.37
25.08.2021 01:43:19.164,7.78289,7.782510000000001,0.75,0.37
25.08.2021 01:43:21.207,7.78289,7.782460000000001,0.75,0.75
25.08.2021 01:43:22.209,7.78289,7.78247,0.75,0.37
25.08.2021 01:43:23.237,7.7828800000000005,7.782460000000001,0.37,0.75
25.08.2021 01:43:24.213,7.78287,7.782460000000001,0.37,0.75
25.08.2021 01:43:25.215,7.782860000000001,7.782460000000001,0.37,0.75
25.08.2021 01:43:25.801,7.782860000000001,7.78254,0.37,0.75
25.08.2021 01:43:25.902,7.782810000000001,7.782439999999999,0.75,0.37
25.08.2021 01:43:26.003,7.782900000000001,7.7824800000000005,0.75,0.75
25.08.2021 01:43:26.053,7.782810000000001,7.782460000000001,0.75,0.37
25.08.2021 01:43:26.104,7.78289,7.782510000000001,0.75,0.75
25.08.2021 01:43:26.154,7.7828,7.78253,0.75,0.37
25.08.2021 01:43:26.205,7.782860000000001,7.7824800000000005,0.37,0.75
25.08.2021 01:43:26.306,7.7828,7.782460000000001,0.75,0.37
25.08.2021 01:43:26.356,7.782860000000001,7.7824800000000005,1.12,0.75
25.08.2021 01:43:26.457,7.7828,7.782460000000001,0.75,0.37
25.08.2021 01:43:26.507,7.782850000000001,7.7824800000000005,0.75,0.75
25.08.2021 01:43:26.558,7.7828,7.782460000000001,0.75,0.37
25.08.2021 01:43:26.608,7.782860000000001,7.7824800000000005,0.37,0.75
25.08.2021 01:43:26.709,7.7828,7.782460000000001,0.75,0.37
25.08.2021 01:43:26.810,7.782860000000001,7.7824800000000005,0.75,0.75
25.08.2021 01:43:26.861,7.782830000000001,7.782460000000001,0.75,0.37
25.08.2021 01:43:26.962,7.782780000000001,7.782430000000001,0.75,0.75
25.08.2021 01:43:27.012,7.7828,7.78242,0.75,0.37
25.08.2021 01:43:27.063,7.782780000000001,7.78242,0.75,0.37
25.08.2021 01:43:27.222,7.7828,7.78242,2.25,0.37
25.08.2021 01:43:28.117,7.7828,7.782360000000001,2.25,1.12
25.08.2021 01:43:30.221,7.7828,7.78237,0.75,0.37
25.08.2021 01:43:31.278,7.782850000000001,7.7824800000000005,0.37,0.75
25.08.2021 01:43:31.380,7.78297,7.782610000000001,0.37,0.75
25.08.2021 01:43:31.430,7.783060000000001,7.7825500000000005,0.37,0.75
25.08.2021 01:43:31.481,7.783060000000001,7.7826,0.37,0.75
25.08.2021 01:43:32.811,7.783080000000001,7.7826,0.75,0.75
