Gmt time,Ask,Bid,AskVolume,BidVolume
06.08.2021 00:00:00.116,298.731,298.528,1,1
06.08.2021 00:00:00.910,298.712,298.508,1,1
06.08.2021 00:00:01.011,298.735,298.508,1,1
06.08.2021 00:00:01.111,298.716,298.508,1,1
06.08.2021 00:00:01.162,298.72400000000005,298.508,1,1
06.08.2021 00:00:01.212,298.71700000000004,298.508,1,1
06.08.2021 00:00:01.364,298.708,298.508,1,1
06.08.2021 00:00:01.414,298.72400000000005,298.508,1,1
06.08.2021 00:00:02.486,298.72900000000004,298.508,1,1
06.08.2021 00:00:02.587,298.728,298.508,1,1
06.08.2021 00:00:03.037,298.73,298.508,1,1
06.08.2021 00:00:03.138,298.731,298.508,1,1
06.08.2021 00:00:03.706,298.732,298.508,1,1
06.08.2021 00:00:04.081,298.72900000000004,298.508,1,1
06.08.2021 00:00:04.182,298.72900000000004,298.518,1,1
06.08.2021 00:00:04.232,298.746,298.528,1,1
06.08.2021 00:00:04.283,298.731,298.518,1,1
06.08.2021 00:00:04.333,298.744,298.528,1,1
06.08.2021 00:00:04.451,298.746,298.528,1,1
06.08.2021 00:00:06.467,298.746,298.528,1,1.5
06.08.2021 00:00:10.155,298.746,298.538,1,1
06.08.2021 00:00:10.256,298.714,298.528,1,1
06.08.2021 00:00:10.614,298.712,298.528,1,1
06.08.2021 00:00:10.776,298.723,298.528,1.5,1
06.08.2021 00:00:11.138,298.72,298.528,1,1
06.08.2021 00:00:11.255,298.72,298.528,1.5,1
06.08.2021 00:00:11.327,298.72,298.528,1.5,1
06.08.2021 00:00:14.059,298.706,298.528,1,1
06.08.2021 00:00:14.109,298.713,298.528,1,1
06.08.2021 00:00:19.173,298.713,298.518,1.5,1
06.08.2021 00:00:19.274,298.713,298.518,2,1
06.08.2021 00:00:22.942,298.71,298.518,1.5,1
06.08.2021 00:00:23.043,298.716,298.518,1,1
06.08.2021 00:00:23.162,298.716,298.518,1.5,1
06.08.2021 00:00:27.530,298.706,298.518,1,1
06.08.2021 00:00:27.632,298.706,298.518,1.5,1
06.08.2021 00:00:36.880,298.706,298.518,1,1
06.08.2021 00:00:39.411,298.712,298.518,1,1
06.08.2021 00:00:42.462,298.71700000000004,298.518,1.5,1
06.08.2021 00:00:42.718,298.71700000000004,298.518,1.5,1
06.08.2021 00:00:44.005,298.71700000000004,298.518,1.5,1
06.08.2021 00:00:44.111,298.71700000000004,298.518,1.5,1
06.08.2021 00:00:44.412,298.71700000000004,298.518,1.5,1
06.08.2021 00:00:46.323,298.71700000000004,298.528,1.5,1
06.08.2021 00:00:46.424,298.709,298.518,1,1
06.08.2021 00:00:46.575,298.708,298.518,1.5,1
06.08.2021 00:00:46.722,298.733,298.528,1.5,1
06.08.2021 00:00:46.772,298.71700000000004,298.528,1.5,1
06.08.2021 00:00:47.463,298.708,298.528,1,1
06.08.2021 00:00:48.196,298.708,298.518,1.5,1
06.08.2021 00:00:51.343,298.708,298.528,1.5,1
06.08.2021 00:00:51.962,298.708,298.518,1.5,1
06.08.2021 00:00:52.698,298.708,298.528,1.5,1
06.08.2021 00:00:52.863,298.733,298.528,1.5,1
06.08.2021 00:00:53.092,298.733,298.538,1.5,1
06.08.2021 00:00:53.370,298.743,298.538,1.5,1
06.08.2021 00:00:54.015,298.742,298.538,1,1
06.08.2021 00:00:54.162,298.742,298.538,1.5,1
06.08.2021 00:00:54.686,298.742,298.538,1,1
06.08.2021 00:00:54.737,298.733,298.538,1,1
06.08.2021 00:00:55.061,298.733,298.538,2,1
06.08.2021 00:00:55.170,298.72900000000004,298.538,1.5,1
06.08.2021 00:00:55.271,298.71700000000004,298.538,1.5,1
06.08.2021 00:00:55.372,298.733,298.538,1.5,1
06.08.2021 00:00:55.674,298.733,298.538,1.5,1
06.08.2021 00:01:00.393,298.735,298.521,1.5,1
06.08.2021 00:01:00.444,298.735,298.507,1.5,1
06.08.2021 00:01:01.129,298.735,298.508,1.5,1.3
06.08.2021 00:01:01.179,298.733,298.528,1.5,1
06.08.2021 00:01:01.418,298.733,298.528,1,1
06.08.2021 00:01:01.545,298.733,298.528,1.5,1
06.08.2021 00:01:02.323,298.733,298.528,1.5,1
06.08.2021 00:01:02.424,298.733,298.528,1.5,1
06.08.2021 00:01:03.228,298.73,298.528,1.5,1
06.08.2021 00:01:06.163,298.73,298.528,1.5,1
06.08.2021 00:01:06.756,298.73,298.528,1.5,1
06.08.2021 00:01:07.262,298.733,298.528,1.5,1
06.08.2021 00:01:10.936,298.733,298.528,1.5,1
06.08.2021 00:01:13.651,298.723,298.528,1,1
06.08.2021 00:01:13.752,298.723,298.526,1,1
06.08.2021 00:01:13.802,298.723,298.526,1.5,1
06.08.2021 00:01:13.953,298.731,298.526,1.6,1
06.08.2021 00:01:15.849,298.731,298.526,1.3,1
06.08.2021 00:01:15.967,298.731,298.526,1.3,1
06.08.2021 00:01:16.903,298.726,298.526,1.3,1
06.08.2021 00:01:22.607,298.726,298.528,1.3,1
06.08.2021 00:01:27.881,298.726,298.528,1.3,1
06.08.2021 00:01:28.072,298.726,298.528,1.7,1
06.08.2021 00:01:28.452,298.726,298.528,1.3,1
06.08.2021 00:01:28.969,298.726,298.528,1.3,1
06.08.2021 00:01:34.260,298.726,298.528,1.3,1
06.08.2021 00:01:36.022,298.726,298.528,1.3,1
06.08.2021 00:01:36.327,298.726,298.528,1.3,1
06.08.2021 00:01:36.874,298.726,298.528,1.3,1
06.08.2021 00:01:38.694,298.748,298.528,1.87,1
06.08.2021 00:01:38.795,298.748,298.528,2.45,1
06.08.2021 00:01:38.896,298.733,298.528,1.1,1
06.08.2021 00:01:39.001,298.748,298.528,1.8,1
06.08.2021 00:01:39.856,298.741,298.529,1.3,1
06.08.2021 00:01:40.309,298.736,298.529,1.3,1
06.08.2021 00:01:45.111,298.736,298.528,1.3,1
06.08.2021 00:01:45.212,298.736,298.528,1.3,1
06.08.2021 00:01:46.285,298.736,298.526,1.42,1
06.08.2021 00:01:46.390,298.732,298.52500000000003,1.3,1
06.08.2021 00:01:46.440,298.732,298.52500000000003,1.7,1
06.08.2021 00:01:46.541,298.732,298.52500000000003,1.3,1
06.08.2021 00:01:48.667,298.732,298.52500000000003,1.3,1
06.08.2021 00:01:49.524,298.732,298.528,1.3,1.3
06.08.2021 00:01:49.665,298.732,298.548,1.3,1
06.08.2021 00:01:49.918,298.732,298.538,1.3,1
06.08.2021 00:01:50.228,298.703,298.528,1,1
06.08.2021 00:01:50.385,298.703,298.528,1.5,1
06.08.2021 00:01:50.486,298.716,298.528,1.2,1
06.08.2021 00:01:50.636,298.72200000000004,298.528,1.8,1
06.08.2021 00:01:50.687,298.72200000000004,298.526,1.8,1
06.08.2021 00:01:51.084,298.712,298.524,1.3,1
06.08.2021 00:01:51.165,298.712,298.524,1.3,1
06.08.2021 00:01:55.953,298.704,298.518,1.3,1
06.08.2021 00:02:00.286,298.673,298.514,1,1
06.08.2021 00:02:00.336,298.697,298.509,1.3,1
06.08.2021 00:02:00.387,298.673,298.509,1.2,1
06.08.2021 00:02:00.491,298.697,298.509,1.3,1
06.08.2021 00:02:00.658,298.697,298.509,1.3,1
06.08.2021 00:02:07.262,298.693,298.509,1.3,1
06.08.2021 00:02:07.435,298.693,298.509,1.3,1
06.08.2021 00:02:08.321,298.693,298.509,1.3,1
06.08.2021 00:02:08.472,298.693,298.509,1.3,1
06.08.2021 00:02:08.654,298.693,298.509,1.3,1
06.08.2021 00:02:08.767,298.693,298.509,1.3,1
06.08.2021 00:02:09.352,298.693,298.509,1.3,1
06.08.2021 00:02:09.464,298.693,298.509,1.3,1
06.08.2021 00:02:09.841,298.693,298.509,1.3,1
06.08.2021 00:02:09.942,298.693,298.509,1.3,1
06.08.2021 00:02:10.819,298.673,298.509,1.2,1
06.08.2021 00:02:10.920,298.693,298.509,1.3,1
06.08.2021 00:02:11.116,298.693,298.509,1.3,1
06.08.2021 00:02:11.431,298.683,298.518,1.2,1
06.08.2021 00:02:11.532,298.705,298.518,1.3,1
06.08.2021 00:02:12.100,298.705,298.518,1.87,1
06.08.2021 00:02:12.214,298.705,298.518,1.3,1
06.08.2021 00:02:26.776,298.693,298.518,1.2,1
06.08.2021 00:02:26.827,298.709,298.518,1.8,1
06.08.2021 00:02:33.107,298.683,298.518,1.2,1
06.08.2021 00:02:33.208,298.683,298.518,1.2,1
06.08.2021 00:02:33.259,298.683,298.518,1.2,1
06.08.2021 00:02:37.320,298.683,298.518,1.1,1
06.08.2021 00:02:37.969,298.705,298.518,1.3,1
06.08.2021 00:02:38.070,298.705,298.518,1.7,1.5
06.08.2021 00:02:38.388,298.705,298.518,1.8,1.5
06.08.2021 00:02:38.637,298.705,298.518,1.7,1.5
06.08.2021 00:02:38.860,298.705,298.518,1.3,1.5
06.08.2021 00:02:39.078,298.705,298.518,1.3,1.5
06.08.2021 00:02:39.898,298.705,298.518,1.87,1.5
06.08.2021 00:02:39.999,298.705,298.518,1.95,1.5
06.08.2021 00:02:40.666,298.705,298.518,1.7,1.5
06.08.2021 00:02:41.110,298.709,298.518,1.7,1.5
06.08.2021 00:02:44.958,298.714,298.523,1.7,1
06.08.2021 00:02:47.237,298.714,298.523,1.3,1
06.08.2021 00:02:47.388,298.714,298.528,1.7,1
06.08.2021 00:02:47.489,298.714,298.528,1.7,1
06.08.2021 00:02:48.646,298.714,298.528,1.3,1
06.08.2021 00:02:48.935,298.714,298.528,1.7,1
06.08.2021 00:02:48.986,298.714,298.528,1.7,1
06.08.2021 00:02:49.037,298.714,298.528,1.7,1
06.08.2021 00:02:49.389,298.714,298.528,1.3,1
06.08.2021 00:02:49.846,298.714,298.528,1.8,1
06.08.2021 00:02:54.376,298.716,298.528,1.3,1
06.08.2021 00:02:54.524,298.703,298.528,1.6,1
06.08.2021 00:02:54.959,298.716,298.528,1.7,1
06.08.2021 00:02:59.279,298.716,298.528,1.3,1
06.08.2021 00:03:01.380,298.703,298.528,1.6,1
06.08.2021 00:03:01.481,298.72400000000005,298.533,1.7,1
06.08.2021 00:03:01.532,298.72400000000005,298.533,1.8,1
06.08.2021 00:03:02.499,298.72400000000005,298.538,1.7,1
06.08.2021 00:03:09.500,298.703,298.533,1,1
06.08.2021 00:03:09.601,298.712,298.538,1.7,1
06.08.2021 00:03:09.714,298.712,298.538,1.7,1
06.08.2021 00:03:09.982,298.712,298.538,1.6,1
06.08.2021 00:03:12.803,298.703,298.528,1,1.5
06.08.2021 00:03:12.920,298.712,298.538,1.7,1
06.08.2021 00:03:13.643,298.712,298.538,1.2,1
06.08.2021 00:03:20.088,298.712,298.538,1.2,1
06.08.2021 00:03:20.374,298.712,298.538,1.2,1
06.08.2021 00:03:21.926,298.712,298.538,1.1,1
06.08.2021 00:03:24.266,298.712,298.538,1.2,1
06.08.2021 00:03:24.367,298.712,298.538,1.6,1
06.08.2021 00:03:24.468,298.712,298.538,1.3,1
06.08.2021 00:03:24.667,298.72,298.538,2.27,1
06.08.2021 00:03:28.404,298.72,298.538,1.7,1
06.08.2021 00:03:28.826,298.703,298.536,1,1
06.08.2021 00:03:28.877,298.71,298.533,1.6,1
06.08.2021 00:03:28.927,298.71,298.533,1.6,1
06.08.2021 00:03:29.028,298.71,298.533,1.3,1
06.08.2021 00:03:29.234,298.71,298.538,1.3,1
06.08.2021 00:03:29.284,298.703,298.533,1.2,1
06.08.2021 00:03:29.335,298.703,298.533,1.6,1
06.08.2021 00:03:29.436,298.71,298.533,1.3,1
06.08.2021 00:03:45.928,298.71500000000003,298.538,1.3,1.5
06.08.2021 00:03:46.029,298.71500000000003,298.538,1.3,1.5
06.08.2021 00:03:46.079,298.71500000000003,298.548,1.3,1
06.08.2021 00:03:46.130,298.71500000000003,298.548,1.2,1
06.08.2021 00:03:46.281,298.718,298.548,1.3,1
06.08.2021 00:03:46.455,298.723,298.548,1.1,1
06.08.2021 00:03:46.564,298.73900000000003,298.548,1.7,1
06.08.2021 00:03:47.956,298.723,298.538,1.5,1
06.08.2021 00:03:49.798,298.728,298.54200000000003,1.7,1
06.08.2021 00:03:49.902,298.728,298.545,1.7,1
06.08.2021 00:03:50.007,298.72700000000003,298.54400000000004,1.7,1.1
06.08.2021 00:03:50.177,298.723,298.54400000000004,1.2,1.1
06.08.2021 00:03:50.278,298.72700000000003,298.54400000000004,1.7,1.1
06.08.2021 00:03:51.100,298.723,298.54400000000004,1.5,1.1
06.08.2021 00:03:51.164,298.723,298.54400000000004,1.5,1.1
06.08.2021 00:03:52.378,298.72700000000003,298.548,1.7,1
06.08.2021 00:03:52.965,298.72700000000003,298.548,1.7,1
06.08.2021 00:03:54.269,298.72700000000003,298.548,1.7,1
06.08.2021 00:03:54.371,298.72700000000003,298.548,1.7,1
06.08.2021 00:03:54.422,298.723,298.548,1.5,1
06.08.2021 00:03:54.581,298.728,298.548,1.7,1
06.08.2021 00:03:55.221,298.728,298.548,1.3,1
06.08.2021 00:03:57.493,298.72,298.548,1.3,1
06.08.2021 00:04:02.072,298.72,298.54400000000004,1.3,1.1
06.08.2021 00:04:02.122,298.72700000000003,298.547,1.9,1
06.08.2021 00:04:02.173,298.72200000000004,298.54200000000003,1.7,1
06.08.2021 00:04:02.274,298.72200000000004,298.54200000000003,1.7,1
06.08.2021 00:04:02.324,298.72200000000004,298.54200000000003,1.8,1
06.08.2021 00:04:02.425,298.72200000000004,298.54200000000003,1.7,1
06.08.2021 00:04:02.609,298.723,298.54200000000003,1.3,1
06.08.2021 00:04:03.037,298.723,298.54200000000003,1.6,1
06.08.2021 00:04:03.096,298.723,298.54200000000003,2,1
06.08.2021 00:04:03.197,298.723,298.54200000000003,1.8,1
06.08.2021 00:04:03.408,298.728,298.54200000000003,1.9,1
06.08.2021 00:04:03.801,298.728,298.54200000000003,1.7,1
06.08.2021 00:04:03.901,298.728,298.54200000000003,1.3,1
06.08.2021 00:04:05.229,298.713,298.538,1.6,1
06.08.2021 00:04:05.430,298.723,298.538,1.7,1
06.08.2021 00:04:05.536,298.723,298.538,1.3,1
06.08.2021 00:04:10.695,298.703,298.536,1.2,1.1
06.08.2021 00:04:10.745,298.721,298.536,1.3,1.1
06.08.2021 00:04:11.014,298.713,298.533,1.2,1
06.08.2021 00:04:11.115,298.713,298.535,1.1,1.1
06.08.2021 00:04:11.165,298.713,298.535,1,1.1
06.08.2021 00:04:11.787,298.713,298.53400000000005,1,1
06.08.2021 00:04:11.838,298.71700000000004,298.53400000000005,1.6,1
06.08.2021 00:04:11.939,298.71700000000004,298.53400000000005,1.3,1.1
06.08.2021 00:04:12.339,298.71700000000004,298.53400000000005,1.3,1.1
06.08.2021 00:04:12.448,298.71700000000004,298.53400000000005,1.3,1.1
06.08.2021 00:04:13.059,298.708,298.528,1.7,1
06.08.2021 00:04:13.173,298.708,298.528,1.8,1
06.08.2021 00:04:13.274,298.703,298.528,1.6,1
06.08.2021 00:04:13.438,298.703,298.526,1.6,1.1
06.08.2021 00:04:13.802,298.708,298.526,1.3,1.1
06.08.2021 00:04:14.310,298.708,298.526,1.7,1.1
06.08.2021 00:04:14.411,298.708,298.526,1.3,1.1
06.08.2021 00:04:14.577,298.693,298.526,1.6,1.1
06.08.2021 00:04:14.679,298.708,298.526,1.3,1.1
06.08.2021 00:04:16.912,298.708,298.526,1.2,1.1
06.08.2021 00:04:16.962,298.708,298.526,1.2,1.1
06.08.2021 00:04:18.788,298.703,298.526,1.6,1.1
06.08.2021 00:04:18.839,298.703,298.526,1.6,1.1
06.08.2021 00:04:18.939,298.708,298.526,1.3,1.1
06.08.2021 00:04:19.261,298.693,298.526,1.6,1.1
06.08.2021 00:04:19.362,298.708,298.526,1.3,1.1
06.08.2021 00:04:33.375,298.708,298.526,1.3,1.1
06.08.2021 00:04:35.134,298.708,298.526,1.3,1.1
06.08.2021 00:04:46.705,298.708,298.52500000000003,1.3,1
06.08.2021 00:04:58.289,298.708,298.52500000000003,1.3,1
06.08.2021 00:04:58.444,298.708,298.52500000000003,1.3,1
06.08.2021 00:04:59.020,298.708,298.52500000000003,1.3,1
06.08.2021 00:04:59.339,298.708,298.52500000000003,1.3,1
06.08.2021 00:05:03.060,298.708,298.526,1.3,1.1
06.08.2021 00:05:04.718,298.708,298.528,1.3,1
06.08.2021 00:05:04.819,298.708,298.528,1.2,1
06.08.2021 00:05:04.869,298.708,298.528,1.3,1
06.08.2021 00:05:05.162,298.708,298.528,1.5,1
06.08.2021 00:05:05.282,298.708,298.528,1.7,1
06.08.2021 00:05:05.448,298.708,298.526,1.3,1.1
06.08.2021 00:05:05.609,298.708,298.526,1.3,1.1
06.08.2021 00:05:05.763,298.708,298.526,1.3,1.1
06.08.2021 00:05:06.983,298.712,298.528,1.2,1
06.08.2021 00:05:07.083,298.712,298.538,1,1
06.08.2021 00:05:07.134,298.712,298.538,1.1,1
06.08.2021 00:05:07.235,298.712,298.538,1.7,1
06.08.2021 00:05:07.336,298.712,298.538,1.3,1
06.08.2021 00:05:14.426,298.712,298.538,1.2,1
06.08.2021 00:05:14.527,298.713,298.538,1.6,1
06.08.2021 00:05:14.638,298.713,298.538,1.3,1
06.08.2021 00:05:15.878,298.713,298.535,1.3,1
06.08.2021 00:05:16.623,298.713,298.535,1.7,1
06.08.2021 00:05:16.774,298.713,298.535,1.3,1
06.08.2021 00:05:16.974,298.713,298.535,1.2,1
06.08.2021 00:05:19.110,298.703,298.528,1.3,1.57
06.08.2021 00:05:19.161,298.703,298.538,1.3,1
06.08.2021 00:05:19.312,298.703,298.538,1.1,1
06.08.2021 00:05:21.864,298.703,298.538,1.1,1
06.08.2021 00:05:24.953,298.703,298.538,1.1,1
06.08.2021 00:05:25.837,298.71500000000003,298.538,1.1,1
06.08.2021 00:05:25.948,298.71500000000003,298.538,1.2,1
06.08.2021 00:05:25.999,298.71500000000003,298.538,1.7,1
06.08.2021 00:05:27.395,298.705,298.538,1.3,1
06.08.2021 00:05:27.496,298.705,298.538,1.3,1
06.08.2021 00:05:28.909,298.705,298.538,1.3,1
06.08.2021 00:05:31.014,298.705,298.538,1.3,1
06.08.2021 00:05:37.392,298.705,298.538,1.3,1
06.08.2021 00:05:45.887,298.705,298.528,1.3,1.5
06.08.2021 00:05:45.988,298.706,298.531,1.7,1
06.08.2021 00:05:46.039,298.706,298.528,1.2,1
06.08.2021 00:05:46.140,298.706,298.528,1.7,1
06.08.2021 00:05:46.291,298.706,298.528,1.3,1
06.08.2021 00:05:46.514,298.706,298.527,1.3,1
06.08.2021 00:05:47.125,298.706,298.527,1.3,1
06.08.2021 00:05:47.301,298.693,298.527,1.2,1
06.08.2021 00:05:47.352,298.693,298.527,1.2,1
06.08.2021 00:05:47.901,298.706,298.528,1.3,1
06.08.2021 00:05:48.698,298.693,298.527,1.2,1
06.08.2021 00:05:53.875,298.693,298.524,1.2,1.1
06.08.2021 00:05:53.977,298.697,298.524,1.3,1.1
06.08.2021 00:05:54.082,298.697,298.524,1.3,1.1
06.08.2021 00:05:55.168,298.697,298.523,1.3,1
06.08.2021 00:05:56.117,298.697,298.522,1.3,1
06.08.2021 00:05:56.218,298.708,298.528,1.3,1
06.08.2021 00:05:56.268,298.708,298.528,1.3,1
06.08.2021 00:05:56.444,298.699,298.522,1.3,1
06.08.2021 00:05:56.573,298.699,298.522,1.8,1
06.08.2021 00:05:56.862,298.699,298.522,1.7,1
06.08.2021 00:05:57.282,298.699,298.522,1.8,1
06.08.2021 00:05:57.332,298.693,298.522,1.7,1
06.08.2021 00:05:57.433,298.699,298.522,1.3,1
06.08.2021 00:05:57.686,298.699,298.522,1.8,1
06.08.2021 00:06:01.211,298.702,298.528,1.3,1
06.08.2021 00:06:01.312,298.71,298.533,1.5,1
06.08.2021 00:06:01.414,298.71,298.533,1.3,1
06.08.2021 00:06:01.563,298.71,298.533,1.8,1
06.08.2021 00:06:01.664,298.71,298.538,1.3,1
06.08.2021 00:06:02.567,298.71,298.533,1.3,1
06.08.2021 00:06:02.722,298.71,298.533,1.3,1
06.08.2021 00:06:02.773,298.71,298.533,1.3,1
06.08.2021 00:06:03.027,298.71,298.533,1.7,1
06.08.2021 00:06:03.129,298.71,298.533,1.3,1
06.08.2021 00:06:05.334,298.71,298.533,1.3,1
06.08.2021 00:06:05.529,298.71,298.533,1.7,1
06.08.2021 00:06:05.680,298.71,298.538,1.3,1
06.08.2021 00:06:06.048,298.71,298.538,1.3,1
06.08.2021 00:06:06.167,298.71,298.538,1.2,1
06.08.2021 00:06:06.294,298.71,298.538,1.3,1
06.08.2021 00:06:08.260,298.71,298.533,1.3,1
06.08.2021 00:06:09.138,298.71,298.533,1.7,1
06.08.2021 00:06:09.239,298.71,298.533,1.2,1
06.08.2021 00:06:09.339,298.71,298.538,1.3,1
06.08.2021 00:06:09.839,298.71,298.538,1.3,1
06.08.2021 00:06:09.940,298.71,298.533,1.3,1
06.08.2021 00:06:10.163,298.71,298.533,1.3,1
06.08.2021 00:06:10.222,298.71,298.533,1.3,1
06.08.2021 00:06:10.655,298.71,298.538,1.3,1
06.08.2021 00:06:10.771,298.71,298.533,1.3,1
06.08.2021 00:06:11.522,298.71,298.538,1.3,1
06.08.2021 00:06:12.053,298.71,298.533,1.3,1
06.08.2021 00:06:12.795,298.71,298.538,1.3,1
06.08.2021 00:06:19.356,298.71,298.533,1.3,1
06.08.2021 00:06:20.093,298.71,298.538,1.3,1
06.08.2021 00:06:21.762,298.71,298.538,1.2,1
06.08.2021 00:06:23.428,298.703,298.533,1.1,1
06.08.2021 00:06:23.578,298.7,298.53200000000004,1.1,1.1
06.08.2021 00:06:23.629,298.7,298.53200000000004,1,1.1
06.08.2021 00:06:23.679,298.7,298.53200000000004,1.1,1.1
06.08.2021 00:06:23.931,298.7,298.53200000000004,1.5,1
06.08.2021 00:06:24.051,298.7,298.53200000000004,1.1,1.1
06.08.2021 00:06:24.690,298.708,298.53200000000004,1.3,1.1
06.08.2021 00:06:24.810,298.708,298.53200000000004,1.3,1.1
06.08.2021 00:06:35.904,298.708,298.53000000000003,1.3,1.5
06.08.2021 00:06:41.345,298.708,298.53200000000004,1.3,1.1
06.08.2021 00:06:45.515,298.708,298.53000000000003,1.3,1.5
06.08.2021 00:06:45.566,298.709,298.538,1.3,1
06.08.2021 00:06:45.616,298.7,298.52500000000003,1.7,1.1
06.08.2021 00:06:45.717,298.7,298.52500000000003,1.3,1.1
06.08.2021 00:06:45.869,298.7,298.52500000000003,1.3,1.1
06.08.2021 00:06:45.969,298.683,298.519,1.2,1
06.08.2021 00:06:46.070,298.7,298.523,2.2,1
06.08.2021 00:06:46.121,298.7,298.523,2.7,1
06.08.2021 00:06:46.486,298.683,298.519,1.2,1
06.08.2021 00:06:46.537,298.683,298.519,1.6,1
06.08.2021 00:06:46.638,298.691,298.519,1.7,1
06.08.2021 00:06:46.738,298.691,298.519,1.3,1
06.08.2021 00:06:47.002,298.691,298.519,1.3,1
06.08.2021 00:06:47.053,298.691,298.519,1.3,1
06.08.2021 00:06:47.431,298.691,298.519,1.7,1
06.08.2021 00:06:47.532,298.691,298.519,1.3,1
06.08.2021 00:06:48.187,298.691,298.519,1.3,1
06.08.2021 00:06:50.561,298.691,298.519,1.3,1
06.08.2021 00:07:00.489,298.71,298.523,1.3,1
06.08.2021 00:07:00.807,298.71,298.523,1.3,1
06.08.2021 00:07:01.609,298.71,298.523,1.3,1
06.08.2021 00:07:06.081,298.71,298.523,1.3,1
06.08.2021 00:07:07.407,298.71,298.523,1.3,1
06.08.2021 00:07:07.957,298.683,298.523,1.2,1
06.08.2021 00:07:08.970,298.683,298.523,1.1,1
06.08.2021 00:07:09.183,298.71,298.523,1.3,1
06.08.2021 00:07:10.328,298.71,298.523,1.3,1
06.08.2021 00:07:13.746,298.71,298.523,1.3,1
06.08.2021 00:07:13.847,298.71,298.523,1.3,1
06.08.2021 00:07:16.286,298.71,298.519,1.3,1
06.08.2021 00:07:17.296,298.71,298.519,1.3,1
06.08.2021 00:07:17.569,298.703,298.538,1.2,1
06.08.2021 00:07:17.619,298.703,298.538,1,1
06.08.2021 00:07:17.802,298.703,298.543,1,1
06.08.2021 00:07:17.853,298.703,298.538,1,1
06.08.2021 00:07:18.264,298.703,298.527,1,1
06.08.2021 00:07:18.314,298.703,298.527,1.5,1
06.08.2021 00:07:18.415,298.693,298.528,1.2,1
06.08.2021 00:07:18.516,298.725,298.53200000000004,1.3,1
06.08.2021 00:07:18.633,298.725,298.53200000000004,1.7,1
06.08.2021 00:07:18.794,298.713,298.53900000000004,1.6,1
06.08.2021 00:07:18.845,298.713,298.533,1.6,1
06.08.2021 00:07:18.946,298.72700000000003,298.533,1.7,1
06.08.2021 00:07:19.193,298.713,298.533,1.5,1
06.08.2021 00:07:24.615,298.703,298.538,1,1
06.08.2021 00:07:27.862,298.703,298.538,1.5,1
06.08.2021 00:07:30.828,298.703,298.528,1.5,1
06.08.2021 00:07:39.019,298.703,298.528,1.5,1
06.08.2021 00:07:48.230,298.703,298.527,1.5,1
06.08.2021 00:07:50.346,298.693,298.524,1.5,1
06.08.2021 00:07:50.412,298.71700000000004,298.524,1.6,1
06.08.2021 00:07:50.526,298.706,298.524,1.2,1
06.08.2021 00:07:50.851,298.71,298.516,1.3,1
06.08.2021 00:07:51.310,298.71,298.516,1.3,1
06.08.2021 00:07:51.411,298.71,298.516,1.2,1
06.08.2021 00:07:52.380,298.71,298.516,1.3,1
06.08.2021 00:07:52.481,298.71,298.516,1.3,1
06.08.2021 00:07:54.771,298.71,298.519,1.3,1
06.08.2021 00:08:24.818,298.71,298.519,1.2,1.5
06.08.2021 00:08:43.393,298.71,298.519,1.6,1
06.08.2021 00:08:43.522,298.71,298.519,1.7,1
06.08.2021 00:08:45.098,298.71,298.519,1.3,1
06.08.2021 00:08:47.510,298.71,298.519,1.3,1
06.08.2021 00:08:52.546,298.699,298.515,1.3,1
06.08.2021 00:08:56.312,298.699,298.515,1.7,1
06.08.2021 00:09:04.474,298.699,298.515,1.3,1
06.08.2021 00:09:04.525,298.699,298.515,1.3,1
06.08.2021 00:09:05.343,298.673,298.515,1.6,1
06.08.2021 00:09:05.503,298.699,298.515,1.7,1
06.08.2021 00:09:05.728,298.699,298.515,1.8,1
06.08.2021 00:09:06.023,298.699,298.515,1.7,1
06.08.2021 00:09:06.124,298.699,298.515,1.3,1
06.08.2021 00:09:07.184,298.699,298.515,1.3,1
06.08.2021 00:09:07.285,298.699,298.515,1.3,1
06.08.2021 00:09:27.569,298.699,298.515,1.3,1
06.08.2021 00:09:56.034,298.699,298.515,1.2,1
06.08.2021 00:10:00.199,298.699,298.515,1.3,1
06.08.2021 00:10:06.830,298.699,298.518,1.3,1
06.08.2021 00:10:07.063,298.693,298.535,1.1,1
06.08.2021 00:10:07.114,298.693,298.535,1,1
06.08.2021 00:10:07.767,298.693,298.524,1,1
06.08.2021 00:10:07.818,298.683,298.524,1,1
06.08.2021 00:10:07.920,298.683,298.524,1.2,1
06.08.2021 00:10:08.268,298.707,298.518,1.3,1
06.08.2021 00:10:08.368,298.683,298.518,1.6,1
06.08.2021 00:10:08.469,298.707,298.518,1.3,1
06.08.2021 00:10:08.570,298.693,298.523,1,1
06.08.2021 00:10:08.671,298.693,298.52,1.5,1
06.08.2021 00:10:09.269,298.71,298.52,1.3,1
06.08.2021 00:10:36.370,298.71,298.52,1.3,1
06.08.2021 00:10:36.646,298.71,298.52,1.3,1
06.08.2021 00:10:42.195,298.70099999999996,298.515,1.3,1
06.08.2021 00:10:49.496,298.7,298.518,1.3,1
06.08.2021 00:10:53.780,298.7,298.515,1.3,1
06.08.2021 00:10:57.413,298.683,298.52500000000003,1.2,1
06.08.2021 00:10:57.464,298.693,298.53400000000005,1.6,1
06.08.2021 00:10:57.564,298.693,298.529,1.6,1
06.08.2021 00:10:57.665,298.693,298.529,1.5,1
06.08.2021 00:10:57.752,298.693,298.529,1.5,1
06.08.2021 00:10:57.853,298.73,298.529,1.8,1
06.08.2021 00:10:58.611,298.72200000000004,298.528,1.8,1
06.08.2021 00:10:58.711,298.683,298.523,1.5,1
06.08.2021 00:10:58.812,298.713,298.523,1.8,1
06.08.2021 00:11:15.005,298.705,298.515,1.3,1
06.08.2021 00:11:15.120,298.705,298.515,1.7,1
06.08.2021 00:11:15.196,298.705,298.515,1.3,1
06.08.2021 00:11:15.498,298.705,298.515,1.7,1
06.08.2021 00:11:15.599,298.705,298.515,1.3,1
06.08.2021 00:11:16.614,298.705,298.515,1.3,1
06.08.2021 00:11:18.307,298.683,298.515,1.2,1
06.08.2021 00:11:18.357,298.705,298.515,1.2,1
06.08.2021 00:11:18.969,298.705,298.515,1.3,1
06.08.2021 00:11:19.389,298.705,298.515,1.3,1
06.08.2021 00:11:19.490,298.705,298.515,1.3,1
06.08.2021 00:11:25.653,298.705,298.514,1.3,1.12
06.08.2021 00:11:25.879,298.705,298.515,1.3,1
06.08.2021 00:11:31.949,298.705,298.518,1.3,1
06.08.2021 00:11:32.052,298.705,298.518,1.3,1
06.08.2021 00:11:32.102,298.705,298.518,1.3,1
06.08.2021 00:11:32.203,298.705,298.515,1.3,1
06.08.2021 00:11:32.477,298.705,298.515,1.3,1
06.08.2021 00:11:32.578,298.705,298.515,1.3,1
06.08.2021 00:11:33.389,298.705,298.518,1.3,1
06.08.2021 00:11:33.497,298.705,298.518,1.3,1
06.08.2021 00:11:33.558,298.705,298.518,1.3,1
06.08.2021 00:11:33.943,298.705,298.515,1.3,1
06.08.2021 00:11:34.105,298.705,298.515,1.3,1
06.08.2021 00:11:34.206,298.705,298.515,1.3,1
06.08.2021 00:11:35.882,298.705,298.518,1.3,1
06.08.2021 00:11:35.992,298.705,298.518,1.2,1
06.08.2021 00:11:36.043,298.705,298.518,1.3,1
06.08.2021 00:11:36.309,298.705,298.515,1.3,1
06.08.2021 00:11:36.466,298.705,298.515,1.3,1
06.08.2021 00:11:36.567,298.705,298.515,1.3,1
06.08.2021 00:11:39.780,298.705,298.518,1.3,1
06.08.2021 00:11:39.887,298.719,298.523,1.8,1
06.08.2021 00:11:39.937,298.693,298.52,1.5,1
06.08.2021 00:11:40.011,298.693,298.52,1.5,1
06.08.2021 00:11:40.115,298.713,298.52,1.3,1
06.08.2021 00:11:40.699,298.704,298.518,1.3,1
06.08.2021 00:11:40.800,298.704,298.518,1.3,1
06.08.2021 00:11:40.914,298.704,298.518,1.3,1
06.08.2021 00:11:41.015,298.713,298.523,1.3,1
06.08.2021 00:11:41.065,298.713,298.523,1.3,1
06.08.2021 00:11:41.402,298.693,298.523,1.1,1
06.08.2021 00:11:41.452,298.693,298.523,1.5,1
06.08.2021 00:11:41.584,298.713,298.523,1.3,1
06.08.2021 00:11:41.704,298.705,298.518,1.3,1
06.08.2021 00:11:41.775,298.713,298.523,1.3,1
06.08.2021 00:11:41.875,298.713,298.523,1.7,1
06.08.2021 00:11:41.926,298.713,298.523,1.7,1
06.08.2021 00:11:42.232,298.693,298.523,1.2,1
06.08.2021 00:11:42.333,298.713,298.523,1.7,1
06.08.2021 00:11:42.641,298.693,298.523,1.1,1
06.08.2021 00:11:42.691,298.693,298.523,1.6,1
06.08.2021 00:11:42.792,298.713,298.523,1.7,1
06.08.2021 00:11:43.464,298.693,298.523,1.2,1
06.08.2021 00:11:43.624,298.716,298.529,1.2,1
06.08.2021 00:11:43.725,298.721,298.529,1.8,1
06.08.2021 00:11:44.553,298.693,298.53900000000004,1.2,1
06.08.2021 00:11:44.603,298.693,298.53900000000004,1.2,1
06.08.2021 00:11:44.704,298.703,298.53900000000004,1.2,1
06.08.2021 00:11:44.822,298.72700000000003,298.53900000000004,1.8,1
06.08.2021 00:11:45.133,298.721,298.533,1.3,1
06.08.2021 00:11:45.238,298.72700000000003,298.533,1.8,1
06.08.2021 00:11:45.339,298.72700000000003,298.533,1.8,1
06.08.2021 00:11:47.039,298.72700000000003,298.538,1.8,1
06.08.2021 00:11:48.076,298.72700000000003,298.538,1.7,1
06.08.2021 00:11:51.251,298.72700000000003,298.53700000000003,1.8,1
06.08.2021 00:11:54.215,298.735,298.547,1.2,1
06.08.2021 00:11:54.316,298.751,298.559,3.05,1
06.08.2021 00:11:54.366,298.736,298.559,1.2,1
06.08.2021 00:11:54.467,298.746,298.559,1.3,1
06.08.2021 00:11:54.680,298.746,298.559,1.3,1
06.08.2021 00:11:54.908,298.745,298.556,1.3,1
06.08.2021 00:11:55.008,298.745,298.556,1.3,1
06.08.2021 00:11:55.135,298.745,298.556,1.3,1
06.08.2021 00:11:57.538,298.745,298.556,1.3,1
06.08.2021 00:11:57.588,298.745,298.556,1.3,1
06.08.2021 00:12:00.338,298.745,298.556,1.3,1
06.08.2021 00:12:02.081,298.745,298.556,1.3,1
06.08.2021 00:12:08.503,298.745,298.556,1.3,1
06.08.2021 00:12:15.134,298.745,298.556,1.3,1
06.08.2021 00:12:15.361,298.713,298.556,1.2,1
06.08.2021 00:12:16.455,298.745,298.556,1.3,1
06.08.2021 00:12:16.506,298.745,298.556,1.3,1
06.08.2021 00:12:30.562,298.745,298.556,1.2,1
06.08.2021 00:12:32.955,298.745,298.556,1.3,1
06.08.2021 00:12:35.190,298.745,298.556,1.3,1
06.08.2021 00:12:41.170,298.742,298.551,1.3,1
06.08.2021 00:12:41.221,298.742,298.551,1.8,1
06.08.2021 00:12:41.322,298.742,298.551,1.8,1
06.08.2021 00:12:45.282,298.735,298.543,1.3,1
06.08.2021 00:12:45.383,298.735,298.543,1.3,1
06.08.2021 00:12:55.610,298.735,298.543,1.3,1
06.08.2021 00:12:55.763,298.735,298.543,1.3,1
06.08.2021 00:13:06.888,298.723,298.551,1.2,1
06.08.2021 00:13:06.938,298.713,298.551,1,1
06.08.2021 00:13:07.605,298.713,298.541,1,1
06.08.2021 00:13:07.705,298.733,298.541,1.6,1
06.08.2021 00:13:07.807,298.733,298.541,1.8,1
06.08.2021 00:13:08.211,298.732,298.538,1.8,1
06.08.2021 00:13:08.315,298.732,298.538,1.3,1
06.08.2021 00:13:10.526,298.732,298.538,1.3,1
06.08.2021 00:13:28.618,298.732,298.538,1.3,1
06.08.2021 00:13:41.944,298.732,298.536,1.3,1
06.08.2021 00:13:44.967,298.72400000000005,298.528,1.3,1
06.08.2021 00:13:45.067,298.72400000000005,298.528,1.7,1
06.08.2021 00:13:45.168,298.72400000000005,298.528,1.3,1
06.08.2021 00:13:46.200,298.72400000000005,298.528,1.3,1
06.08.2021 00:13:46.333,298.71500000000003,298.528,1.3,1
06.08.2021 00:13:46.572,298.71500000000003,298.528,1.3,1
06.08.2021 00:13:46.842,298.693,298.528,1.2,1
06.08.2021 00:13:46.943,298.71500000000003,298.528,1.7,1
06.08.2021 00:13:56.129,298.72,298.528,1.7,1
06.08.2021 00:13:56.192,298.72,298.528,1.7,1
06.08.2021 00:13:58.584,298.72,298.528,1.3,1
06.08.2021 00:13:58.639,298.72,298.528,1.7,1
06.08.2021 00:13:58.890,298.72,298.528,1.8,1
06.08.2021 00:13:59.152,298.72,298.528,1.7,1
06.08.2021 00:13:59.293,298.72,298.528,1.8,1
06.08.2021 00:13:59.535,298.725,298.535,1.3,1
06.08.2021 00:13:59.666,298.725,298.535,1.7,1
06.08.2021 00:13:59.817,298.725,298.538,1.3,1
06.08.2021 00:13:59.868,298.725,298.538,1.3,1
06.08.2021 00:14:00.033,298.725,298.535,1.3,1
06.08.2021 00:14:00.195,298.725,298.535,1.3,1
06.08.2021 00:14:00.245,298.725,298.535,1.3,1
06.08.2021 00:14:07.435,298.725,298.538,1.3,1
06.08.2021 00:14:07.536,298.703,298.538,1.6,1
06.08.2021 00:14:08.114,298.703,298.538,1.6,1
06.08.2021 00:14:08.215,298.725,298.538,1.3,1
06.08.2021 00:14:20.629,298.725,298.535,1.3,1
06.08.2021 00:14:20.698,298.725,298.538,1.3,1
06.08.2021 00:14:23.350,298.735,298.547,1.3,1
06.08.2021 00:14:23.468,298.735,298.547,1.3,1
06.08.2021 00:14:23.569,298.735,298.547,1.7,1
06.08.2021 00:14:23.691,298.735,298.547,1.3,1
06.08.2021 00:14:27.812,298.735,298.547,1.3,1
06.08.2021 00:14:27.995,298.735,298.547,1.7,1
06.08.2021 00:14:32.550,298.735,298.547,1.3,1
06.08.2021 00:14:41.514,298.735,298.547,1.3,1
06.08.2021 00:14:42.336,298.735,298.547,1.3,1
06.08.2021 00:14:45.311,298.735,298.547,1.3,1
06.08.2021 00:14:45.412,298.735,298.547,1.7,1
06.08.2021 00:14:45.713,298.735,298.547,1.3,1
06.08.2021 00:14:46.878,298.735,298.547,1.3,1
06.08.2021 00:14:47.293,298.735,298.547,1.7,1
06.08.2021 00:14:47.344,298.735,298.547,1.7,1
06.08.2021 00:15:01.298,298.735,298.547,1.3,1
06.08.2021 00:15:01.348,298.735,298.547,1.3,1
06.08.2021 00:15:01.398,298.735,298.547,1.3,1
06.08.2021 00:15:01.858,298.735,298.547,1.3,1
06.08.2021 00:15:02.950,298.735,298.547,1.7,1
06.08.2021 00:15:03.063,298.735,298.547,1.3,1
06.08.2021 00:15:08.146,298.728,298.54,1.3,1
06.08.2021 00:15:08.519,298.728,298.54,1.3,1
06.08.2021 00:15:12.387,298.728,298.54,1.3,1
06.08.2021 00:15:12.997,298.728,298.54,1.3,1
06.08.2021 00:15:13.048,298.728,298.54,1.3,1
06.08.2021 00:15:13.148,298.728,298.54,1.7,1
06.08.2021 00:15:15.730,298.728,298.54,1.3,1
06.08.2021 00:15:15.831,298.728,298.54,1.3,1
06.08.2021 00:15:16.027,298.728,298.54,1.7,1
06.08.2021 00:15:20.383,298.728,298.54,1.3,1
06.08.2021 00:15:21.380,298.728,298.54,1.3,1
06.08.2021 00:15:23.683,298.728,298.54,1.3,1
06.08.2021 00:15:28.177,298.728,298.54,1.3,1
06.08.2021 00:15:28.441,298.728,298.54,1.3,1
06.08.2021 00:15:35.026,298.728,298.54,1.3,1
06.08.2021 00:15:35.521,298.728,298.54,1.3,1
06.08.2021 00:15:35.917,298.728,298.54,1.3,1
06.08.2021 00:15:39.625,298.728,298.54,1.3,1
06.08.2021 00:15:44.658,298.728,298.54,1.8,1
06.08.2021 00:15:45.591,298.728,298.54,1.8,1
06.08.2021 00:16:03.875,298.728,298.54,1.3,1
06.08.2021 00:16:18.247,298.736,298.54400000000004,1.7,1
06.08.2021 00:16:18.348,298.703,298.548,1,1
06.08.2021 00:16:18.518,298.703,298.54900000000004,1,1
06.08.2021 00:16:18.967,298.703,298.538,1,1
06.08.2021 00:16:19.068,298.72700000000003,298.538,1.7,1
06.08.2021 00:16:19.323,298.693,298.538,1.1,1
06.08.2021 00:16:19.499,298.693,298.53000000000003,1.1,1
06.08.2021 00:16:19.550,298.693,298.53000000000003,1.6,1
06.08.2021 00:16:23.833,298.718,298.53000000000003,1.3,1
06.08.2021 00:16:42.284,298.718,298.531,1.3,1
06.08.2021 00:16:42.658,298.718,298.53000000000003,1.3,1
06.08.2021 00:16:43.679,298.718,298.531,1.3,1
06.08.2021 00:16:44.998,298.718,298.53000000000003,1.3,1
06.08.2021 00:16:45.305,298.718,298.531,1.3,1
06.08.2021 00:16:47.679,298.718,298.53000000000003,1.3,1
06.08.2021 00:16:56.085,298.718,298.53000000000003,1.3,1
06.08.2021 00:16:56.506,298.718,298.535,1.7,1
06.08.2021 00:16:56.672,298.718,298.53000000000003,1.3,1
06.08.2021 00:16:56.773,298.718,298.531,1.3,1
06.08.2021 00:17:11.610,298.728,298.54,1.3,1
06.08.2021 00:17:11.711,298.728,298.54,1.3,1
06.08.2021 00:17:12.084,298.728,298.543,1.3,1
06.08.2021 00:17:12.265,298.728,298.54,1.3,1
06.08.2021 00:17:12.416,298.728,298.543,1.3,1
06.08.2021 00:17:12.516,298.728,298.543,1.7,1
06.08.2021 00:17:35.126,298.728,298.543,1.3,1
06.08.2021 00:17:38.968,298.728,298.543,1.3,1
06.08.2021 00:17:59.487,298.736,298.547,1.3,1
06.08.2021 00:18:00.267,298.736,298.547,1.3,1
06.08.2021 00:18:00.317,298.736,298.547,1.7,1.5
06.08.2021 00:18:00.368,298.744,298.555,1.7,1
06.08.2021 00:18:00.518,298.744,298.555,1.3,1
06.08.2021 00:18:07.769,298.744,298.555,1.3,1
06.08.2021 00:18:07.883,298.744,298.555,1.3,1
06.08.2021 00:18:19.858,298.708,298.555,1,1
06.08.2021 00:18:19.959,298.744,298.558,1.3,1
06.08.2021 00:18:20.140,298.744,298.555,1.3,1.5
06.08.2021 00:18:20.304,298.744,298.555,1.3,1.5
06.08.2021 00:18:20.410,298.744,298.555,1.3,1.5
06.08.2021 00:18:28.249,298.744,298.555,1.3,1.5
06.08.2021 00:18:28.487,298.744,298.555,1.3,1.5
06.08.2021 00:18:54.454,298.744,298.555,1.2,1.5
06.08.2021 00:19:03.957,298.744,298.555,1.3,1.5
06.08.2021 00:19:07.035,298.733,298.573,1.5,1
06.08.2021 00:19:07.136,298.733,298.577,1,1
06.08.2021 00:19:07.417,298.733,298.586,1,1
06.08.2021 00:19:07.467,298.733,298.577,1,1
06.08.2021 00:19:07.733,298.733,298.57,1,1
06.08.2021 00:19:07.834,298.733,298.57,1.5,1
06.08.2021 00:19:08.036,298.733,298.57,1.6,1
06.08.2021 00:19:08.160,298.758,298.57,1.7,1
06.08.2021 00:19:08.378,298.758,298.57,1.7,1
06.08.2021 00:19:10.185,298.75,298.562,1.3,1
06.08.2021 00:19:37.738,298.75,298.562,1.2,1
06.08.2021 00:19:38.084,298.75,298.562,1.7,1
06.08.2021 00:19:38.134,298.75,298.562,1.7,1
06.08.2021 00:19:40.892,298.76099999999997,298.573,1.3,1
06.08.2021 00:19:40.993,298.771,298.58,1.3,1
06.08.2021 00:19:41.112,298.771,298.58,1.3,1
06.08.2021 00:19:41.212,298.771,298.58,1.8,1
06.08.2021 00:19:44.907,298.771,298.58,1.7,1
06.08.2021 00:19:45.008,298.771,298.58,1.7,1
06.08.2021 00:19:45.059,298.771,298.58,1.7,1
06.08.2021 00:19:45.262,298.771,298.58,1.3,1
06.08.2021 00:19:45.313,298.771,298.58,1.7,1
06.08.2021 00:19:45.374,298.771,298.58,1.3,1
06.08.2021 00:20:01.166,298.771,298.58,1.3,1
06.08.2021 00:20:01.267,298.771,298.58,1.3,1
06.08.2021 00:20:01.379,298.771,298.58,1.3,1
06.08.2021 00:20:02.415,298.781,298.593,1.3,1
06.08.2021 00:20:02.566,298.781,298.593,1.3,1
06.08.2021 00:20:02.617,298.781,298.593,1.6,1
06.08.2021 00:20:02.818,298.781,298.593,1.3,1
06.08.2021 00:20:02.918,298.781,298.593,1.7,1
06.08.2021 00:20:03.019,298.781,298.593,1.3,1
06.08.2021 00:20:03.122,298.781,298.593,1.7,1
06.08.2021 00:20:03.551,298.763,298.593,1.2,1
06.08.2021 00:20:03.652,298.781,298.593,1.7,1
06.08.2021 00:20:04.641,298.781,298.593,1.3,1
06.08.2021 00:20:04.742,298.781,298.593,1.3,1
06.08.2021 00:20:04.792,298.79,298.598,1.8,1
06.08.2021 00:20:04.926,298.79,298.598,1.3,1
06.08.2021 00:20:05.077,298.79,298.598,1.3,1
06.08.2021 00:20:06.945,298.79,298.598,1.3,1
06.08.2021 00:20:09.192,298.79,298.598,1.3,1
06.08.2021 00:20:11.835,298.8,298.61,1.8,1
06.08.2021 00:20:11.885,298.796,298.61,1.2,1
06.08.2021 00:20:11.986,298.796,298.61,1.3,1
06.08.2021 00:20:18.884,298.796,298.607,1.3,1
06.08.2021 00:20:23.684,298.796,298.607,1.3,1
06.08.2021 00:20:24.262,298.798,298.607,1.8,1
06.08.2021 00:20:26.533,298.763,298.607,1.1,1
06.08.2021 00:20:28.239,298.763,298.607,1.6,1
06.08.2021 00:20:28.311,298.763,298.607,1.2,1
06.08.2021 00:20:28.918,298.763,298.607,1.6,1
06.08.2021 00:20:34.641,298.796,298.607,1.2,1
06.08.2021 00:20:35.260,298.791,298.603,1.8,1
06.08.2021 00:20:35.361,298.791,298.603,1.7,1
06.08.2021 00:20:38.097,298.791,298.603,1.3,1
06.08.2021 00:20:38.277,298.791,298.603,1.3,1
06.08.2021 00:20:38.516,298.791,298.603,1.3,1
06.08.2021 00:20:38.646,298.791,298.603,1.3,1
06.08.2021 00:20:38.997,298.791,298.603,1.3,1
06.08.2021 00:20:39.593,298.791,298.603,1.3,1
06.08.2021 00:20:40.697,298.788,298.603,1.8,1
06.08.2021 00:20:40.798,298.788,298.603,1.8,1
06.08.2021 00:20:41.280,298.788,298.603,1.8,1
06.08.2021 00:20:42.138,298.786,298.603,1.2,1
06.08.2021 00:20:42.290,298.786,298.603,1.82,1
06.08.2021 00:20:42.390,298.781,298.59200000000004,1.8,1
06.08.2021 00:20:42.541,298.753,298.59200000000004,1.7,1
06.08.2021 00:20:42.673,298.781,298.59200000000004,1.7,1
06.08.2021 00:21:01.427,298.781,298.59200000000004,1.7,1
06.08.2021 00:21:27.854,298.753,298.584,1.5,1
06.08.2021 00:21:27.905,298.743,298.584,1,1
06.08.2021 00:21:27.961,298.743,298.578,1,1
06.08.2021 00:21:28.011,298.728,298.578,1,1
06.08.2021 00:21:28.113,298.743,298.578,1.5,1
06.08.2021 00:21:28.868,298.743,298.577,1.5,1
06.08.2021 00:21:30.685,298.743,298.578,1.5,1
06.08.2021 00:21:34.205,298.743,298.578,1.1,1
06.08.2021 00:21:36.149,298.743,298.578,1.2,1
06.08.2021 00:21:36.250,298.763,298.578,1.3,1
06.08.2021 00:21:41.850,298.763,298.577,1.3,1
06.08.2021 00:21:42.032,298.763,298.577,1.3,1
06.08.2021 00:21:50.337,298.763,298.577,1.3,1
06.08.2021 00:21:50.738,298.763,298.577,1.3,1
06.08.2021 00:21:51.193,298.773,298.587,1.3,1
06.08.2021 00:21:51.326,298.773,298.587,1.3,1
06.08.2021 00:21:51.427,298.773,298.587,1.3,1
06.08.2021 00:21:51.528,298.773,298.587,1.3,1
06.08.2021 00:21:52.007,298.773,298.588,1.3,1
06.08.2021 00:21:52.108,298.773,298.588,1.3,1
06.08.2021 00:21:52.916,298.773,298.588,1.3,1
06.08.2021 00:21:53.245,298.773,298.587,1.3,1
06.08.2021 00:21:53.509,298.773,298.587,1.3,1
06.08.2021 00:21:57.465,298.773,298.587,1.3,1
06.08.2021 00:21:57.566,298.773,298.587,1.3,1
06.08.2021 00:21:59.889,298.773,298.587,1.3,1
06.08.2021 00:22:00.040,298.773,298.587,1.3,1
06.08.2021 00:22:01.297,298.773,298.587,1.3,1
06.08.2021 00:22:01.410,298.773,298.587,1.3,1
06.08.2021 00:22:01.616,298.773,298.587,1.3,1
06.08.2021 00:22:01.670,298.773,298.587,1.3,1
06.08.2021 00:22:01.821,298.773,298.588,1.3,1
06.08.2021 00:22:01.871,298.773,298.588,1.7,1
06.08.2021 00:22:01.972,298.773,298.587,1.3,1
06.08.2021 00:22:02.676,298.773,298.587,1.3,1
06.08.2021 00:22:06.989,298.773,298.587,1.3,1
06.08.2021 00:22:08.121,298.778,298.59200000000004,1.3,1
06.08.2021 00:22:08.225,298.778,298.59200000000004,1.7,1
06.08.2021 00:22:08.275,298.753,298.60200000000003,1.5,1
06.08.2021 00:22:08.326,298.753,298.603,1,1
06.08.2021 00:22:08.974,298.753,298.595,1,1
06.08.2021 00:22:09.025,298.753,298.595,1.5,1
06.08.2021 00:22:09.623,298.783,298.595,1.8,1
06.08.2021 00:22:10.603,298.783,298.595,1.8,1
06.08.2021 00:22:10.704,298.783,298.595,1.8,1
06.08.2021 00:22:10.829,298.783,298.595,1.8,1
06.08.2021 00:22:10.930,298.783,298.595,1.8,1
06.08.2021 00:22:14.321,298.783,298.595,1.8,1
06.08.2021 00:22:14.485,298.783,298.595,1.8,1
06.08.2021 00:22:14.536,298.783,298.595,1.8,1
06.08.2021 00:22:18.872,298.783,298.595,1.8,1
06.08.2021 00:22:19.119,298.743,298.588,1.2,1
06.08.2021 00:22:19.229,298.776,298.588,1.82,1
06.08.2021 00:22:19.330,298.776,298.588,1.8,1
06.08.2021 00:22:27.537,298.771,298.583,1.8,1
06.08.2021 00:22:27.646,298.771,298.583,1.8,1
06.08.2021 00:22:32.138,298.771,298.583,1.8,1
06.08.2021 00:22:33.004,298.771,298.583,2.3,1
06.08.2021 00:22:33.164,298.771,298.583,2.3,1
06.08.2021 00:22:33.997,298.771,298.583,2.3,1
06.08.2021 00:22:51.951,298.771,298.583,3.2,1
06.08.2021 00:22:56.813,298.771,298.583,3.2,1
06.08.2021 00:22:59.610,298.771,298.578,2.3,1
06.08.2021 00:22:59.825,298.771,298.577,2.3,1
06.08.2021 00:23:04.692,298.771,298.577,1.8,1
06.08.2021 00:23:04.755,298.771,298.577,1.8,1
06.08.2021 00:23:05.546,298.771,298.578,1.8,1
06.08.2021 00:23:09.329,298.771,298.577,1.8,1
06.08.2021 00:23:45.943,298.771,298.577,2.3,1
06.08.2021 00:23:46.138,298.766,298.577,1.1,1
06.08.2021 00:23:46.197,298.766,298.577,1.2,1
06.08.2021 00:23:54.623,298.76099999999997,298.567,1.3,1
06.08.2021 00:23:54.674,298.76099999999997,298.567,1.3,1
06.08.2021 00:24:04.763,298.76099999999997,298.568,1.3,1
06.08.2021 00:24:07.487,298.76099999999997,298.568,1.2,1
06.08.2021 00:24:16.077,298.76099999999997,298.568,1.3,1
06.08.2021 00:24:31.909,298.76099999999997,298.568,1.3,1
06.08.2021 00:24:32.287,298.743,298.568,1.5,1
06.08.2021 00:24:32.616,298.743,298.568,1.5,1
06.08.2021 00:24:32.722,298.743,298.568,1.5,1
06.08.2021 00:24:41.672,298.743,298.575,1.5,1
06.08.2021 00:24:41.725,298.743,298.575,1.5,1
06.08.2021 00:24:50.253,298.753,298.578,1.5,1
06.08.2021 00:24:50.514,298.743,298.575,1.5,1
06.08.2021 00:25:07.398,298.743,298.575,1.5,1
06.08.2021 00:25:07.499,298.743,298.575,1.5,1
06.08.2021 00:25:08.866,298.743,298.575,1,1
06.08.2021 00:25:09.646,298.743,298.575,1.5,1
06.08.2021 00:25:20.861,298.743,298.575,1.5,1
06.08.2021 00:25:22.803,298.743,298.575,1.5,1
06.08.2021 00:26:00.259,298.762,298.582,1.8,1
06.08.2021 00:26:07.589,298.753,298.582,1.5,1
06.08.2021 00:26:11.518,298.763,298.588,1.5,1
06.08.2021 00:26:44.241,298.763,298.595,1.5,1
06.08.2021 00:26:44.342,298.773,298.605,1.5,1
06.08.2021 00:26:53.673,298.773,298.605,1.5,1
06.08.2021 00:26:53.776,298.773,298.605,1.5,1
06.08.2021 00:26:54.337,298.773,298.613,1.5,1
06.08.2021 00:26:55.835,298.783,298.613,1.5,1
06.08.2021 00:26:55.936,298.783,298.613,1.5,1
06.08.2021 00:27:11.741,298.783,298.613,1.5,1
06.08.2021 00:27:11.844,298.783,298.613,1.5,1
06.08.2021 00:27:27.843,298.773,298.613,1.5,1
06.08.2021 00:27:30.601,298.773,298.613,1.5,1
06.08.2021 00:27:31.303,298.773,298.613,1.5,1
06.08.2021 00:27:31.933,298.773,298.613,1.5,1
06.08.2021 00:27:33.445,298.783,298.616,1.5,1
06.08.2021 00:27:45.271,298.783,298.616,1.5,1
06.08.2021 00:27:45.332,298.783,298.616,1,1
06.08.2021 00:27:46.046,298.783,298.616,1.5,1
06.08.2021 00:27:47.002,298.783,298.616,1.5,1
06.08.2021 00:27:52.497,298.793,298.626,1.5,1
06.08.2021 00:27:52.548,298.793,298.626,1.5,1
06.08.2021 00:27:52.759,298.816,298.63599999999997,1,1
06.08.2021 00:27:52.859,298.84200000000004,298.63599999999997,1.62,1
06.08.2021 00:27:53.174,298.816,298.627,1.12,1
06.08.2021 00:27:53.498,298.793,298.627,1,1
06.08.2021 00:27:53.649,298.793,298.627,1.5,1
06.08.2021 00:27:59.566,298.783,298.62,1.5,1
06.08.2021 00:27:59.617,298.773,298.62,1,1
06.08.2021 00:27:59.997,298.783,298.62,1.5,1
06.08.2021 00:28:00.108,298.783,298.627,1.5,1
06.08.2021 00:28:00.372,298.783,298.62,1.5,1
06.08.2021 00:28:07.605,298.783,298.626,1.5,1
06.08.2021 00:28:07.706,298.793,298.637,1,1
06.08.2021 00:28:07.807,298.793,298.632,1,1
06.08.2021 00:28:07.857,298.783,298.632,0.75,1
06.08.2021 00:28:08.306,298.783,298.627,1,1
06.08.2021 00:28:08.407,298.783,298.627,1.5,1
06.08.2021 00:28:08.807,298.783,298.624,1.5,1
06.08.2021 00:28:09.392,298.773,298.624,1,1
06.08.2021 00:28:09.493,298.773,298.621,1,1
06.08.2021 00:28:09.543,298.773,298.621,1.5,1
06.08.2021 00:28:13.898,298.773,298.61,1.5,1
06.08.2021 00:28:29.028,298.773,298.612,1.5,1
06.08.2021 00:28:29.129,298.783,298.618,1.5,1
06.08.2021 00:28:29.230,298.783,298.61400000000003,1.5,1
06.08.2021 00:28:32.277,298.783,298.618,1.5,1
06.08.2021 00:28:32.402,298.783,298.618,1.5,1
06.08.2021 00:28:35.214,298.783,298.619,1.5,1
06.08.2021 00:28:38.390,298.793,298.628,1.5,1
06.08.2021 00:28:38.440,298.793,298.628,1.5,1
06.08.2021 00:28:38.701,298.793,298.619,1.5,1
06.08.2021 00:28:40.680,298.793,298.619,1.5,1
06.08.2021 00:28:40.831,298.793,298.619,1.5,1
06.08.2021 00:28:40.881,298.793,298.632,1.5,1
06.08.2021 00:28:44.693,298.793,298.632,1.5,1
06.08.2021 00:28:51.176,298.783,298.621,1.5,1
06.08.2021 00:29:14.564,298.793,298.621,1.5,1
06.08.2021 00:29:14.615,298.793,298.629,1.5,1
06.08.2021 00:29:23.291,298.803,298.638,1.5,1
06.08.2021 00:29:23.461,298.803,298.629,1.5,1
06.08.2021 00:29:26.934,298.803,298.638,1.5,1
06.08.2021 00:29:26.984,298.803,298.638,1.5,1
06.08.2021 00:29:27.137,298.803,298.637,1.5,1
06.08.2021 00:29:27.188,298.803,298.637,1.12,1
06.08.2021 00:29:27.503,298.803,298.638,1.12,1
06.08.2021 00:29:27.603,298.803,298.642,1,1
06.08.2021 00:29:27.853,298.803,298.642,1.5,1
06.08.2021 00:29:33.476,298.813,298.648,1.5,1
06.08.2021 00:29:33.576,298.803,298.648,1,1
06.08.2021 00:29:33.692,298.813,298.648,1.5,1
06.08.2021 00:29:33.796,298.813,298.648,1,1
06.08.2021 00:29:34.476,298.813,298.648,1.5,1
06.08.2021 00:29:41.559,298.813,298.648,1.5,1
06.08.2021 00:29:42.013,298.813,298.648,1,1
06.08.2021 00:29:42.684,298.813,298.648,1.5,1
06.08.2021 00:29:46.811,298.813,298.642,1.5,1
06.08.2021 00:29:46.861,298.813,298.642,1.5,1
06.08.2021 00:29:47.073,298.813,298.642,1,1
06.08.2021 00:29:47.763,298.813,298.642,1.5,1
06.08.2021 00:29:47.904,298.813,298.642,1.5,1
06.08.2021 00:29:48.315,298.803,298.642,1,1
06.08.2021 00:29:48.416,298.803,298.642,1.5,1
06.08.2021 00:29:57.908,298.803,298.648,1,1
06.08.2021 00:29:58.016,298.813,298.648,1.5,1
06.08.2021 00:29:58.168,298.823,298.652,1.5,1
06.08.2021 00:29:58.697,298.823,298.652,1,1
06.08.2021 00:29:59.495,298.823,298.652,1.5,1
06.08.2021 00:30:00.989,298.813,298.652,1,1
06.08.2021 00:30:01.090,298.813,298.652,1.5,1
06.08.2021 00:30:03.287,298.813,298.652,1.5,1
06.08.2021 00:30:03.356,298.813,298.652,1,1
06.08.2021 00:30:04.067,298.813,298.652,1.5,1
06.08.2021 00:30:08.436,298.813,298.642,1.5,1
06.08.2021 00:30:09.874,298.803,298.642,1,1
06.08.2021 00:30:09.978,298.803,298.642,1.5,1
06.08.2021 00:30:11.582,298.803,298.642,1.5,1
06.08.2021 00:30:11.683,298.803,298.642,1.5,1
06.08.2021 00:30:11.784,298.803,298.642,1,1
06.08.2021 00:30:11.908,298.813,298.642,1.5,1
06.08.2021 00:30:12.322,298.803,298.642,1,1
06.08.2021 00:30:14.107,298.813,298.642,1.5,1
06.08.2021 00:30:14.258,298.803,298.642,1,1
06.08.2021 00:30:14.398,298.803,298.639,1.5,1
06.08.2021 00:30:21.256,298.813,298.642,1.5,1
06.08.2021 00:30:26.233,298.813,298.648,1.5,1
06.08.2021 00:30:27.538,298.813,298.648,1.5,1
06.08.2021 00:30:27.927,298.813,298.648,1.5,1
06.08.2021 00:30:28.135,298.813,298.642,1.5,1
06.08.2021 00:30:39.232,298.803,298.642,1.5,1
06.08.2021 00:30:39.467,298.813,298.642,1.5,1
06.08.2021 00:30:39.517,298.813,298.648,1.5,1
06.08.2021 00:30:39.655,298.813,298.648,1.5,1
06.08.2021 00:30:42.619,298.813,298.648,1.5,1
06.08.2021 00:30:42.699,298.813,298.648,1.5,1
06.08.2021 00:30:42.780,298.813,298.648,1.5,1
06.08.2021 00:30:50.774,298.823,298.648,1.5,1
06.08.2021 00:30:51.772,298.813,298.648,1.5,1
06.08.2021 00:30:52.591,298.823,298.648,1.5,1
06.08.2021 00:30:54.133,298.813,298.648,1.5,1
06.08.2021 00:30:54.414,298.813,298.648,1.5,1
06.08.2021 00:30:55.945,298.813,298.648,1.5,1
06.08.2021 00:30:57.802,298.813,298.648,1.5,1
06.08.2021 00:30:58.398,298.813,298.648,1.5,1
06.08.2021 00:30:59.317,298.813,298.648,1.5,1
06.08.2021 00:31:05.173,298.823,298.653,1.5,1
06.08.2021 00:31:05.274,298.823,298.654,1,1
06.08.2021 00:31:05.374,298.833,298.661,1,1
06.08.2021 00:31:05.891,298.833,298.65900000000005,1,1
06.08.2021 00:31:05.953,298.833,298.65900000000005,1.5,1
06.08.2021 00:31:06.391,298.833,298.65500000000003,1.5,1
06.08.2021 00:31:06.491,298.823,298.658,1.5,1
06.08.2021 00:31:17.977,298.833,298.668,1.5,1
06.08.2021 00:31:18.077,298.833,298.668,1,1
06.08.2021 00:31:18.735,298.833,298.668,1.5,1
06.08.2021 00:31:18.837,298.833,298.668,1.5,1
06.08.2021 00:31:19.800,298.833,298.663,1.5,1
06.08.2021 00:31:19.851,298.833,298.668,1.5,1
06.08.2021 00:31:19.902,298.833,298.668,1,1
06.08.2021 00:31:20.659,298.833,298.668,1.5,1
06.08.2021 00:31:26.381,298.833,298.668,1,1
06.08.2021 00:31:27.101,298.833,298.668,1.5,1
06.08.2021 00:31:29.957,298.833,298.668,1.5,1
06.08.2021 00:31:35.286,298.833,298.668,1.5,1
06.08.2021 00:31:38.206,298.833,298.663,1.5,1
06.08.2021 00:31:38.471,298.833,298.663,1.5,1
06.08.2021 00:31:43.632,298.823,298.658,1.5,1
06.08.2021 00:31:44.716,298.823,298.65500000000003,1.5,1
06.08.2021 00:31:44.767,298.823,298.65500000000003,1.5,1
06.08.2021 00:31:48.247,298.823,298.65500000000003,1,1
06.08.2021 00:31:48.961,298.823,298.65500000000003,1.5,1
06.08.2021 00:31:55.739,298.823,298.658,1.5,1
06.08.2021 00:31:55.789,298.823,298.65500000000003,1.5,1
06.08.2021 00:31:55.840,298.823,298.65500000000003,1.5,1
06.08.2021 00:31:55.901,298.823,298.65500000000003,1.5,1
06.08.2021 00:31:58.256,298.823,298.658,1.5,1
06.08.2021 00:31:58.565,298.823,298.658,1.5,1
06.08.2021 00:31:58.756,298.823,298.65500000000003,1.5,1
06.08.2021 00:31:58.859,298.823,298.65500000000003,1.5,1
06.08.2021 00:31:59.470,298.823,298.658,1.5,1
06.08.2021 00:32:00.930,298.823,298.658,1.5,1
06.08.2021 00:32:06.886,298.823,298.658,1.5,1
06.08.2021 00:32:07.034,298.823,298.658,1.5,1
06.08.2021 00:32:07.084,298.823,298.658,1.5,1
06.08.2021 00:32:17.891,298.823,298.658,1.5,1
06.08.2021 00:32:22.348,298.823,298.658,1.5,1
06.08.2021 00:32:22.399,298.823,298.658,1.5,1
06.08.2021 00:32:29.513,298.833,298.668,1.5,1
06.08.2021 00:32:29.743,298.833,298.668,1.5,1
06.08.2021 00:32:29.824,298.833,298.668,1.5,1
06.08.2021 00:32:30.025,298.833,298.668,1.5,1
06.08.2021 00:32:30.126,298.833,298.668,1.5,1
06.08.2021 00:32:30.388,298.833,298.663,1.5,1
06.08.2021 00:32:30.489,298.833,298.663,1.5,1
06.08.2021 00:32:30.604,298.833,298.668,1.5,1
06.08.2021 00:32:30.973,298.833,298.663,1.5,1
06.08.2021 00:32:31.421,298.833,298.668,1.5,1
06.08.2021 00:32:31.513,298.833,298.663,1.5,1
06.08.2021 00:32:31.615,298.833,298.668,1.5,1
06.08.2021 00:32:31.786,298.833,298.668,1.5,1
06.08.2021 00:32:31.891,298.833,298.668,1.5,1
06.08.2021 00:32:33.276,298.833,298.668,1.5,1
06.08.2021 00:32:35.326,298.833,298.663,1.5,1
06.08.2021 00:32:35.526,298.85400000000004,298.663,1.5,1
06.08.2021 00:32:37.978,298.833,298.668,1.5,1
06.08.2021 00:33:00.687,298.843,298.678,1.5,1
06.08.2021 00:33:01.335,298.843,298.668,1.5,1
06.08.2021 00:33:03.015,298.843,298.678,1.5,1
06.08.2021 00:33:03.345,298.843,298.668,1.5,1
06.08.2021 00:33:05.160,298.843,298.678,1.5,1
06.08.2021 00:33:05.762,298.843,298.67,1.5,1
06.08.2021 00:33:05.882,298.843,298.678,1.5,1
06.08.2021 00:33:10.822,298.843,298.678,1.5,1
06.08.2021 00:33:10.927,298.843,298.678,1,1
06.08.2021 00:33:11.618,298.843,298.678,1.5,1
06.08.2021 00:33:18.390,298.843,298.67,1.5,1
06.08.2021 00:33:21.525,298.843,298.67,1.5,1
06.08.2021 00:33:21.607,298.843,298.67,1.12,1
06.08.2021 00:33:22.326,298.843,298.67,1.5,1
06.08.2021 00:33:28.137,298.856,298.67,1,1
06.08.2021 00:33:28.238,298.856,298.67,1,1
06.08.2021 00:34:02.877,298.843,298.675,1,1
06.08.2021 00:34:03.506,298.833,298.675,1,1
06.08.2021 00:34:03.607,298.833,298.67,1,1
06.08.2021 00:34:03.691,298.833,298.67,1.5,1
06.08.2021 00:34:04.093,298.833,298.67,1.5,1
06.08.2021 00:34:04.197,298.833,298.67,1.5,1
06.08.2021 00:35:11.950,298.833,298.678,1.5,1
06.08.2021 00:35:12.001,298.833,298.66900000000004,1.5,1
06.08.2021 00:36:00.948,298.843,298.678,1.5,1
06.08.2021 00:36:01.157,298.843,298.678,1.5,1
06.08.2021 00:36:01.258,298.843,298.678,1.5,1
06.08.2021 00:36:04.608,298.843,298.66900000000004,1.5,1
06.08.2021 00:36:04.748,298.843,298.678,1.5,1
06.08.2021 00:36:04.799,298.843,298.66900000000004,1.5,1
06.08.2021 00:36:07.101,298.843,298.678,1.5,1
06.08.2021 00:36:07.246,298.843,298.678,1.5,1
06.08.2021 00:36:19.947,298.843,298.678,1,1
06.08.2021 00:36:20.646,298.843,298.678,1.5,1
06.08.2021 00:36:22.264,298.843,298.66900000000004,1.5,1
06.08.2021 00:36:22.314,298.843,298.66900000000004,1.5,1
06.08.2021 00:36:42.837,298.833,298.66900000000004,1.5,1
06.08.2021 00:36:45.379,298.833,298.66900000000004,1.5,1
06.08.2021 00:36:47.552,298.823,298.668,1,1
06.08.2021 00:36:47.604,298.823,298.66200000000003,1,1
06.08.2021 00:36:47.654,298.833,298.66200000000003,1.5,1
06.08.2021 00:37:00.079,298.833,298.668,1.5,1
06.08.2021 00:37:08.500,298.824,298.668,1,1
06.08.2021 00:37:08.602,298.833,298.668,1.5,1
06.08.2021 00:37:11.941,298.833,298.66200000000003,1.5,1
06.08.2021 00:37:14.249,298.833,298.66200000000003,1,1
06.08.2021 00:37:14.969,298.833,298.66200000000003,1.5,1
06.08.2021 00:37:18.056,298.833,298.66200000000003,1,1
06.08.2021 00:37:18.777,298.833,298.66200000000003,1.5,1
06.08.2021 00:37:21.665,298.833,298.66200000000003,1,1
06.08.2021 00:37:22.389,298.833,298.66200000000003,1.5,1
06.08.2021 00:37:25.057,298.823,298.66200000000003,1,1
06.08.2021 00:37:25.272,298.833,298.66200000000003,1,1
06.08.2021 00:37:25.590,298.823,298.66200000000003,1,1
06.08.2021 00:37:25.860,298.823,298.66200000000003,1.5,1
06.08.2021 00:37:26.372,298.833,298.66200000000003,1.5,1
06.08.2021 00:37:35.421,298.833,298.668,1.5,1
06.08.2021 00:37:35.522,298.833,298.672,1,1
06.08.2021 00:37:36.107,298.833,298.66200000000003,1,1
06.08.2021 00:37:36.157,298.833,298.66200000000003,1.5,1
06.08.2021 00:37:36.465,298.833,298.66200000000003,1.5,1
06.08.2021 00:37:36.666,298.833,298.66200000000003,1.5,1
06.08.2021 00:37:36.768,298.833,298.66200000000003,1.5,1
06.08.2021 00:38:03.577,298.833,298.661,1.5,1
06.08.2021 00:38:05.277,298.833,298.661,1,1
06.08.2021 00:38:05.989,298.833,298.661,1.5,1
06.08.2021 00:38:09.171,298.833,298.658,1.5,1.5
06.08.2021 00:38:09.275,298.833,298.658,1.5,1.5
06.08.2021 00:38:11.815,298.833,298.66400000000004,1.5,1
06.08.2021 00:38:13.984,298.843,298.668,1.5,1
06.08.2021 00:38:14.491,298.843,298.668,1.5,1
06.08.2021 00:38:14.564,298.843,298.668,1.5,1
06.08.2021 00:38:14.979,298.853,298.668,1.5,1
06.08.2021 00:38:15.397,298.853,298.677,1.5,1
06.08.2021 00:38:15.530,298.843,298.668,1.5,1
06.08.2021 00:38:15.584,298.843,298.668,1.5,1
06.08.2021 00:38:18.294,298.843,298.678,1.5,1
06.08.2021 00:38:18.344,298.843,298.668,1.5,1
06.08.2021 00:38:18.395,298.843,298.678,1.5,1
06.08.2021 00:38:18.445,298.843,298.668,1.5,1
06.08.2021 00:38:44.364,298.843,298.675,1.5,1
06.08.2021 00:38:44.415,298.853,298.678,1.5,1
06.08.2021 00:38:44.465,298.843,298.678,1,1
06.08.2021 00:38:44.643,298.843,298.678,1.5,1
06.08.2021 00:38:55.264,298.863,298.681,1.5,1
06.08.2021 00:39:10.193,298.863,298.688,1.5,1
06.08.2021 00:39:10.244,298.863,298.688,1.5,1
06.08.2021 00:39:10.344,298.863,298.688,1.5,1
06.08.2021 00:39:10.410,298.863,298.688,1.5,1
06.08.2021 00:39:13.580,298.853,298.688,1,1
06.08.2021 00:39:13.882,298.863,298.688,1.5,1
06.08.2021 00:39:22.885,298.853,298.688,1,1
06.08.2021 00:39:23.006,298.863,298.688,1.5,1
06.08.2021 00:39:31.017,298.863,298.688,1.5,1
06.08.2021 00:39:31.197,298.863,298.689,1.5,1
06.08.2021 00:39:37.304,298.863,298.692,1.5,1
06.08.2021 00:39:37.405,298.888,298.692,1.5,1
06.08.2021 00:39:37.505,298.897,298.702,1.5,1
06.08.2021 00:39:37.606,298.908,298.71700000000004,1,1
06.08.2021 00:39:37.707,298.916,298.71700000000004,1.5,1
06.08.2021 00:39:38.140,298.903,298.718,1,1
06.08.2021 00:39:38.293,298.903,298.718,1.5,1
06.08.2021 00:39:40.536,298.903,298.718,1,1
06.08.2021 00:39:41.350,298.903,298.718,1.5,1
06.08.2021 00:39:47.632,298.903,298.726,1.5,1
06.08.2021 00:39:53.005,298.903,298.726,1,1
06.08.2021 00:39:53.719,298.903,298.726,1.5,1
06.08.2021 00:39:53.821,298.903,298.726,1.5,1
06.08.2021 00:40:01.056,298.903,298.718,1.5,1.5
06.08.2021 00:40:02.275,298.893,298.718,1,1.5
06.08.2021 00:40:02.988,298.893,298.718,1.5,1.5
06.08.2021 00:40:11.954,298.903,298.719,1.5,1
06.08.2021 00:40:12.004,298.903,298.719,1,1
06.08.2021 00:40:12.155,298.893,298.719,1,1
06.08.2021 00:40:12.311,298.903,298.719,1,1
06.08.2021 00:40:12.400,298.893,298.719,1,1
06.08.2021 00:40:12.673,298.893,298.718,1,1.5
06.08.2021 00:40:12.774,298.893,298.718,1.5,1.5
06.08.2021 00:40:30.198,298.903,298.728,1.5,1
06.08.2021 00:40:30.402,298.903,298.728,1.5,1
06.08.2021 00:40:37.918,298.893,298.718,1.5,1.5
06.08.2021 00:40:38.069,298.884,298.718,1,1
06.08.2021 00:40:39.887,298.893,298.718,1.5,1
06.08.2021 00:41:03.881,298.893,298.718,1.5,1
06.08.2021 00:41:48.812,298.883,298.708,1.5,1
06.08.2021 00:41:49.013,298.873,298.708,1.5,1
06.08.2021 00:41:49.115,298.873,298.708,1.5,1
06.08.2021 00:42:58.053,298.863,298.698,1.5,1
06.08.2021 00:42:58.104,298.863,298.689,1.5,1
06.08.2021 00:42:58.154,298.863,298.689,1.5,1
06.08.2021 00:42:59.974,298.863,298.698,1.5,1
06.08.2021 00:43:15.566,298.863,298.689,1.5,1
06.08.2021 00:43:15.617,298.863,298.691,1.5,1
06.08.2021 00:43:15.667,298.863,298.691,1,1
06.08.2021 00:43:16.334,298.863,298.688,1,1.5
06.08.2021 00:43:16.385,298.863,298.692,1.5,1
06.08.2021 00:43:16.860,298.863,298.69,1.5,1
06.08.2021 00:43:16.910,298.863,298.689,1.5,1
06.08.2021 00:43:18.311,298.863,298.689,1.5,1
06.08.2021 00:43:20.570,298.873,298.698,1.5,1
06.08.2021 00:43:20.827,298.873,298.698,1.5,1
06.08.2021 00:43:20.926,298.873,298.698,1.5,1
06.08.2021 00:43:22.465,298.873,298.698,1.5,1
06.08.2021 00:43:22.870,298.873,298.708,1.5,1
06.08.2021 00:43:25.986,298.883,298.718,1.5,1
06.08.2021 00:43:26.036,298.883,298.708,1.5,1
06.08.2021 00:43:26.087,298.883,298.708,1.5,1
06.08.2021 00:43:27.446,298.883,298.708,1.5,1
06.08.2021 00:44:28.938,298.883,298.708,1,1
06.08.2021 00:44:28.989,298.875,298.718,1.35,1
06.08.2021 00:44:29.097,298.893,298.718,1.5,1
06.08.2021 00:44:29.197,298.893,298.708,1.5,1
06.08.2021 00:44:29.298,298.893,298.718,1.5,1
06.08.2021 00:44:29.851,298.893,298.708,1.5,1
06.08.2021 00:44:32.294,298.883,298.718,1.5,1
06.08.2021 00:44:32.344,298.883,298.708,1.5,1
06.08.2021 00:44:33.028,298.883,298.718,1.5,1
06.08.2021 00:44:33.182,298.883,298.708,1.5,1
06.08.2021 00:44:34.224,298.883,298.718,1.5,1
06.08.2021 00:44:34.274,298.883,298.708,1.5,1
06.08.2021 00:44:34.375,298.883,298.718,1.5,1
06.08.2021 00:44:34.475,298.883,298.708,1.5,1
06.08.2021 00:44:34.526,298.883,298.718,1.5,1
06.08.2021 00:44:34.576,298.883,298.708,1.5,1
06.08.2021 00:44:34.677,298.883,298.718,1.5,1
06.08.2021 00:44:58.743,298.883,298.728,1.5,1
06.08.2021 00:44:58.844,298.883,298.718,1.5,1
06.08.2021 00:45:00.880,298.893,298.718,1.5,1
06.08.2021 00:45:00.948,298.893,298.718,1.5,1
06.08.2021 00:45:02.844,298.893,298.726,1.5,1
06.08.2021 00:45:02.949,298.893,298.718,1.5,1
06.08.2021 00:45:03.918,298.893,298.718,1.5,1
06.08.2021 00:45:04.386,298.893,298.72200000000004,1.5,1
06.08.2021 00:45:04.801,298.893,298.718,1.5,1
06.08.2021 00:45:11.815,298.893,298.719,1.5,1
06.08.2021 00:45:15.820,298.893,298.718,1.5,1
06.08.2021 00:45:16.185,298.883,298.711,1.5,1
06.08.2021 00:45:19.614,298.893,298.72200000000004,1.5,1
06.08.2021 00:45:19.839,298.893,298.711,1.5,1
06.08.2021 00:45:30.300,298.883,298.72,1.5,1
06.08.2021 00:45:30.847,298.883,298.708,1.5,1.5
06.08.2021 00:45:31.702,298.883,298.708,1.5,1.5
06.08.2021 00:45:31.846,298.883,298.708,1.5,1.5
06.08.2021 00:45:32.121,298.883,298.721,1.5,1
06.08.2021 00:45:32.833,298.883,298.712,1.5,1
06.08.2021 00:45:33.847,298.883,298.72,1.5,1
06.08.2021 00:45:34.836,298.883,298.712,1.5,1
06.08.2021 00:45:34.937,298.883,298.72400000000005,1.5,1
06.08.2021 00:45:34.988,298.883,298.713,1.5,1
06.08.2021 00:45:38.225,298.883,298.713,1.5,1
06.08.2021 00:45:38.930,298.883,298.713,1.5,1
06.08.2021 00:45:39.031,298.883,298.713,1.5,1
06.08.2021 00:45:46.805,298.883,298.718,1.5,1
06.08.2021 00:45:49.126,298.883,298.713,1.5,1
06.08.2021 00:45:51.755,298.883,298.718,1.5,1
06.08.2021 00:45:52.608,298.883,298.713,1.5,1
06.08.2021 00:45:55.404,298.883,298.723,1.5,1
06.08.2021 00:45:55.907,298.883,298.714,1.5,1
06.08.2021 00:45:57.848,298.883,298.723,1.5,1
06.08.2021 00:45:58.863,298.883,298.714,1.5,1
06.08.2021 00:46:02.883,298.893,298.72,1.5,1
06.08.2021 00:46:02.934,298.893,298.714,1,1
06.08.2021 00:46:03.615,298.893,298.71,1,1
06.08.2021 00:46:03.670,298.893,298.72400000000005,1,1
06.08.2021 00:46:03.853,298.893,298.714,1.5,1
06.08.2021 00:46:04.102,298.893,298.728,1.5,1
06.08.2021 00:46:09.574,298.883,298.728,1,1
06.08.2021 00:46:09.678,298.893,298.728,1.5,1
06.08.2021 00:46:11.081,298.883,298.718,1.5,1
06.08.2021 00:46:17.855,298.883,298.718,1.5,1
06.08.2021 00:46:17.956,298.873,298.708,1.5,1
06.08.2021 00:46:19.043,298.873,298.708,1,1
06.08.2021 00:46:19.142,298.873,298.708,1.5,1
06.08.2021 00:46:31.191,298.873,298.698,1.5,1
06.08.2021 00:46:40.422,298.863,298.698,1.5,1
06.08.2021 00:46:40.524,298.863,298.698,1,1
06.08.2021 00:46:41.205,298.863,298.698,1.5,1
06.08.2021 00:46:55.046,298.853,298.698,1,1
06.08.2021 00:46:56.609,298.853,298.698,1.5,1
06.08.2021 00:47:01.891,298.853,298.698,1.5,1
06.08.2021 00:47:01.995,298.853,298.698,1,1
06.08.2021 00:47:03.936,298.853,298.698,1.5,1
06.08.2021 00:47:04.339,298.872,298.689,1.8,1
06.08.2021 00:47:04.848,298.88599999999997,298.689,1.5,1
06.08.2021 00:47:10.886,298.863,298.695,1.5,1
06.08.2021 00:47:19.069,298.863,298.688,1.5,1
06.08.2021 00:47:19.410,298.863,298.688,1.5,1
06.08.2021 00:47:19.511,298.863,298.688,1.5,1
06.08.2021 00:47:25.157,298.853,298.688,1,1
06.08.2021 00:47:25.780,298.853,298.688,1.5,1
06.08.2021 00:47:30.983,298.853,298.698,1.5,1
06.08.2021 00:47:31.034,298.853,298.698,1,1
06.08.2021 00:47:31.134,298.863,298.698,1.5,1
06.08.2021 00:47:37.505,298.853,298.698,1,1
06.08.2021 00:47:44.556,298.853,298.688,1,1
06.08.2021 00:47:44.606,298.853,298.698,1,1
06.08.2021 00:47:44.657,298.853,298.688,1,1
06.08.2021 00:47:44.708,298.853,298.688,1.5,1
06.08.2021 00:47:44.914,298.853,298.688,1,1
06.08.2021 00:47:45.018,298.853,298.698,1,1
06.08.2021 00:47:49.817,298.853,298.688,1,1
06.08.2021 00:47:50.040,298.853,298.688,1.5,1
06.08.2021 00:47:50.142,298.853,298.698,1,1
06.08.2021 00:47:50.278,298.853,298.688,1,1
06.08.2021 00:47:50.342,298.853,298.688,1.5,1
06.08.2021 00:47:50.485,298.853,298.698,1.5,1
06.08.2021 00:47:50.544,298.853,298.698,1,1
06.08.2021 00:47:51.485,298.853,298.688,1,1
06.08.2021 00:47:51.568,298.853,298.688,1.5,1
06.08.2021 00:47:51.773,298.853,298.698,1,1
06.08.2021 00:47:51.823,298.853,298.688,1,1
06.08.2021 00:47:51.876,298.853,298.688,1.5,1
06.08.2021 00:47:52.009,298.853,298.698,1.5,1
06.08.2021 00:47:52.078,298.853,298.698,1,1
06.08.2021 00:47:58.415,298.863,298.698,1.5,1
06.08.2021 00:48:01.697,298.86400000000003,298.708,1,1
06.08.2021 00:48:01.798,298.873,298.708,1.5,1
06.08.2021 00:48:06.826,298.863,298.698,1,1
06.08.2021 00:48:06.927,298.863,298.698,1.5,1
06.08.2021 00:48:14.682,298.873,298.698,1.5,1
06.08.2021 00:48:14.760,298.873,298.698,1.5,1
06.08.2021 00:48:14.937,298.863,298.698,1,1
06.08.2021 00:48:15.070,298.863,298.698,1.5,1
06.08.2021 00:48:16.033,298.863,298.698,1,1
06.08.2021 00:48:16.092,298.863,298.698,1.5,1
06.08.2021 00:48:36.714,298.853,298.698,1,1
06.08.2021 00:48:36.880,298.863,298.688,1.5,1.5
06.08.2021 00:48:36.930,298.853,298.688,1.5,1.5
06.08.2021 00:48:37.031,298.853,298.688,1.5,1.5
06.08.2021 00:48:37.911,298.853,298.688,1.5,1.5
06.08.2021 00:48:38.014,298.853,298.688,1.5,1.5
06.08.2021 00:48:38.529,298.853,298.688,1.5,1.5
06.08.2021 00:48:38.631,298.853,298.688,1.5,1.5
06.08.2021 00:48:40.990,298.853,298.688,1,1.5
06.08.2021 00:49:00.589,298.863,298.688,1.5,1.5
06.08.2021 00:49:04.536,298.853,298.688,1,1.5
06.08.2021 00:49:06.013,298.863,298.688,1.5,1.5
06.08.2021 00:49:06.113,298.863,298.7,1,1
06.08.2021 00:49:06.164,298.863,298.691,1,1
06.08.2021 00:49:06.636,298.863,298.70099999999996,1,1
06.08.2021 00:49:06.750,298.863,298.702,1,1
06.08.2021 00:49:07.088,298.863,298.702,1.5,1
06.08.2021 00:49:07.274,298.863,298.693,1.5,1
06.08.2021 00:49:07.324,298.853,298.693,1,1
06.08.2021 00:49:07.425,298.853,298.693,1.5,1
06.08.2021 00:49:07.475,298.853,298.693,1,1
06.08.2021 00:49:09.402,298.853,298.698,1,1
06.08.2021 00:49:09.528,298.863,298.698,1.5,1
06.08.2021 00:49:17.190,298.863,298.7,1.5,1
06.08.2021 00:49:17.240,298.863,298.698,1.5,1
06.08.2021 00:49:17.720,298.863,298.699,1.5,1
06.08.2021 00:49:21.019,298.863,298.698,1.5,1
06.08.2021 00:49:28.887,298.863,298.698,1,1
06.08.2021 00:49:28.948,298.873,298.698,1.5,1
06.08.2021 00:49:29.519,298.873,298.699,1.6,1
06.08.2021 00:49:30.424,298.873,298.698,1.6,1
06.08.2021 00:49:30.502,298.863,298.698,1,1
06.08.2021 00:49:31.129,298.863,298.698,1.5,1
06.08.2021 00:49:43.907,298.873,298.698,1.6,1
06.08.2021 00:49:43.975,298.863,298.698,1,1
06.08.2021 00:49:44.107,298.863,298.698,1.5,1
06.08.2021 00:49:44.460,298.863,298.698,1,1
06.08.2021 00:49:45.641,298.863,298.698,1.5,1
06.08.2021 00:50:04.923,298.891,298.708,1.7,1
06.08.2021 00:50:04.973,298.873,298.708,1.6,1
06.08.2021 00:50:06.017,298.883,298.718,1.6,1
06.08.2021 00:50:06.144,298.891,298.708,1.95,1
06.08.2021 00:50:09.356,298.891,298.718,1.7,1
06.08.2021 00:50:09.457,298.891,298.718,1.3,1
06.08.2021 00:50:09.507,298.901,298.728,1.3,1
06.08.2021 00:50:09.608,298.901,298.728,1.7,1
06.08.2021 00:50:09.658,298.901,298.728,1.7,1
06.08.2021 00:50:13.223,298.903,298.728,1.5,1
06.08.2021 00:50:14.393,298.913,298.728,1.5,1
06.08.2021 00:50:15.323,298.92,298.748,1.5,1
06.08.2021 00:50:15.423,298.92,298.748,1.5,1
06.08.2021 00:50:17.127,298.92,298.748,1.5,1
06.08.2021 00:50:17.232,298.92,298.748,1.5,1
06.08.2021 00:50:17.337,298.92,298.748,1.5,1
06.08.2021 00:50:17.438,298.92,298.748,1.5,1
06.08.2021 00:50:22.359,298.94599999999997,298.758,2.2,1
06.08.2021 00:50:22.510,298.94599999999997,298.758,2.2,1
06.08.2021 00:50:22.561,298.94599999999997,298.748,2.2,1
06.08.2021 00:50:22.665,298.94599999999997,298.748,2.2,1
06.08.2021 00:50:22.715,298.923,298.748,1.5,1
06.08.2021 00:50:26.845,298.913,298.738,1,1
06.08.2021 00:50:26.895,298.923,298.748,1.5,1
06.08.2021 00:50:26.996,298.933,298.758,1.5,1
06.08.2021 00:50:27.097,298.933,298.758,1.5,1
06.08.2021 00:50:27.403,298.943,298.758,1.1,1
06.08.2021 00:50:27.504,298.933,298.758,1,1
06.08.2021 00:50:28.069,298.933,298.758,1.5,1
06.08.2021 00:50:51.156,298.933,298.758,1.6,1
06.08.2021 00:50:58.063,298.923,298.748,1.5,1
06.08.2021 00:50:59.565,298.933,298.758,2.1,1
06.08.2021 00:51:03.290,298.933,298.758,1.6,1
06.08.2021 00:51:03.439,298.933,298.758,1.6,1
06.08.2021 00:51:03.490,298.933,298.758,1.2,1
06.08.2021 00:51:03.847,298.933,298.748,1.2,1
06.08.2021 00:51:04.208,298.933,298.748,1.6,1
06.08.2021 00:51:09.533,298.933,298.748,1.2,1
06.08.2021 00:51:10.243,298.933,298.748,1.6,1
06.08.2021 00:51:14.354,298.923,298.758,1.5,1
06.08.2021 00:51:18.522,298.933,298.758,1.2,1
06.08.2021 00:51:19.197,298.933,298.758,1.6,1
06.08.2021 00:51:21.378,298.923,298.748,1.5,1
06.08.2021 00:51:21.531,298.923,298.758,1.5,1
06.08.2021 00:51:32.883,298.933,298.758,1.6,1
06.08.2021 00:51:32.985,298.933,298.758,1.6,1
06.08.2021 00:51:36.555,298.923,298.748,1.5,1
06.08.2021 00:51:36.731,298.923,298.758,1.5,1
06.08.2021 00:51:39.406,298.923,298.748,1.5,1
06.08.2021 00:51:39.456,298.923,298.758,1.5,1
06.08.2021 00:51:39.507,298.923,298.748,1.5,1
06.08.2021 00:51:39.567,298.923,298.758,1.6,1
06.08.2021 00:51:39.617,298.923,298.748,1.5,1
06.08.2021 00:51:39.676,298.923,298.758,1.5,1
06.08.2021 00:51:40.064,298.923,298.748,1.5,1
06.08.2021 00:51:40.114,298.923,298.758,1.5,1
06.08.2021 00:51:40.412,298.923,298.748,1.5,1
06.08.2021 00:51:40.463,298.923,298.758,1.5,1
06.08.2021 00:51:40.513,298.923,298.748,1.5,1
06.08.2021 00:51:40.802,298.923,298.748,1.6,1
06.08.2021 00:51:40.904,298.923,298.748,1.6,1
06.08.2021 00:51:41.026,298.923,298.748,1.6,1
06.08.2021 00:51:42.535,298.923,298.748,1.6,1
06.08.2021 00:51:42.736,298.923,298.748,1.6,1
06.08.2021 00:51:45.182,298.923,298.758,1.5,1
06.08.2021 00:51:48.213,298.923,298.748,1.5,1
06.08.2021 00:51:48.264,298.923,298.758,1.5,1
06.08.2021 00:51:48.364,298.923,298.748,1.5,1
06.08.2021 00:51:50.722,298.93,298.758,1.6,1
06.08.2021 00:51:53.399,298.923,298.748,1.5,1
06.08.2021 00:51:53.449,298.923,298.758,1.5,1
06.08.2021 00:51:54.637,298.923,298.748,1.5,1
06.08.2021 00:51:57.140,298.923,298.748,1.5,1
06.08.2021 00:51:58.154,298.923,298.748,1.6,1
06.08.2021 00:51:58.254,298.923,298.748,1.6,1
06.08.2021 00:51:58.356,298.923,298.748,1.6,1
06.08.2021 00:52:00.088,298.923,298.748,1.6,1
06.08.2021 00:52:03.543,298.923,298.758,1.5,1
06.08.2021 00:52:03.594,298.93,298.758,1.6,1
06.08.2021 00:52:03.695,298.923,298.758,1,1
06.08.2021 00:52:04.357,298.923,298.758,1.5,1
06.08.2021 00:52:07.538,298.933,298.768,1.5,1
06.08.2021 00:52:07.589,298.933,298.758,1.5,1
06.08.2021 00:52:07.639,298.933,298.768,1.5,1
06.08.2021 00:52:11.930,298.933,298.758,1.5,1
06.08.2021 00:52:12.491,298.933,298.758,1.6,1
06.08.2021 00:52:19.421,298.933,298.758,1.5,1
06.08.2021 00:52:23.372,298.933,298.758,1.5,1
06.08.2021 00:52:24.068,298.933,298.758,1.6,1
06.08.2021 00:52:24.165,298.933,298.758,1.6,1
06.08.2021 00:52:27.725,298.933,298.758,1.6,1
06.08.2021 00:52:31.709,298.933,298.758,1.6,1
06.08.2021 00:52:32.216,298.933,298.758,1.6,1
06.08.2021 00:52:32.318,298.933,298.758,1.6,1
06.08.2021 00:52:35.409,298.943,298.768,2.1,1
06.08.2021 00:52:37.851,298.933,298.758,1.5,1
06.08.2021 00:52:38.226,298.943,298.768,2.1,1
06.08.2021 00:52:38.682,298.933,298.758,1.5,1
06.08.2021 00:52:39.481,298.943,298.768,2.1,1
06.08.2021 00:52:42.269,298.933,298.758,1.5,1
06.08.2021 00:52:42.320,298.943,298.768,2.1,1
06.08.2021 00:52:42.494,298.933,298.758,1.5,1
06.08.2021 00:52:42.733,298.943,298.768,1.7,1
06.08.2021 00:52:42.784,298.933,298.758,1.5,1
06.08.2021 00:52:42.841,298.933,298.768,1.5,1
06.08.2021 00:52:42.915,298.933,298.758,1.5,1
06.08.2021 00:52:43.068,298.933,298.768,1.5,1
06.08.2021 00:52:43.119,298.933,298.758,1.5,1
06.08.2021 00:52:43.243,298.933,298.768,1.5,1
06.08.2021 00:52:43.777,298.933,298.758,1.5,1
06.08.2021 00:52:44.918,298.933,298.768,1.5,1
06.08.2021 00:52:45.806,298.933,298.758,1.5,1
06.08.2021 00:52:45.857,298.943,298.768,2.1,1
06.08.2021 00:52:55.623,298.943,298.768,1.6,1
06.08.2021 00:52:55.724,298.943,298.768,1.6,1
06.08.2021 00:52:55.824,298.943,298.768,1,1
06.08.2021 00:52:56.529,298.943,298.768,1.5,1
06.08.2021 00:53:03.873,298.943,298.768,1.6,1
06.08.2021 00:53:03.973,298.933,298.768,1,1
06.08.2021 00:53:04.192,298.943,298.768,1.6,1
06.08.2021 00:53:06.596,298.933,298.758,1.5,1
06.08.2021 00:53:06.647,298.933,298.768,1.5,1
06.08.2021 00:53:07.463,298.943,298.768,1.6,1
06.08.2021 00:53:10.881,298.943,298.768,1.6,1
06.08.2021 00:53:18.135,298.933,298.758,1.5,1
06.08.2021 00:53:18.236,298.933,298.768,1.5,1
06.08.2021 00:53:18.287,298.933,298.758,1.5,1
06.08.2021 00:53:18.544,298.933,298.768,1.5,1
06.08.2021 00:53:20.006,298.933,298.758,1.5,1
06.08.2021 00:53:20.625,298.933,298.758,1.6,1
06.08.2021 00:53:20.726,298.933,298.758,1.6,1
06.08.2021 00:53:20.825,298.933,298.758,1.6,1
06.08.2021 00:53:21.835,298.923,298.758,1,1
06.08.2021 00:53:22.166,298.933,298.758,1.6,1
06.08.2021 00:53:26.544,298.933,298.758,1.6,1
06.08.2021 00:53:26.599,298.933,298.758,1.6,1
06.08.2021 00:53:27.436,298.933,298.758,1.6,1
06.08.2021 00:53:29.350,298.933,298.758,1.2,1
06.08.2021 00:53:30.036,298.933,298.758,1.6,1
06.08.2021 00:53:33.135,298.933,298.758,1.6,1
06.08.2021 00:53:33.186,298.933,298.758,1.6,1
06.08.2021 00:53:33.340,298.933,298.758,1.6,1
06.08.2021 00:53:39.442,298.933,298.758,1.6,1
06.08.2021 00:53:39.724,298.933,298.758,1.6,1
06.08.2021 00:53:43.386,298.933,298.758,1.6,1
06.08.2021 00:54:05.098,298.933,298.758,1.6,1
06.08.2021 00:54:07.675,298.923,298.748,1.5,1
06.08.2021 00:54:07.826,298.923,298.758,1.5,1
06.08.2021 00:54:09.749,298.923,298.748,1.5,1
06.08.2021 00:54:09.900,298.923,298.748,1.6,1
06.08.2021 00:54:27.333,298.927,298.758,1.6,1
06.08.2021 00:54:27.383,298.927,298.758,1.6,1
06.08.2021 00:54:28.728,298.923,298.748,1.5,1
06.08.2021 00:54:30.301,298.923,298.748,1.5,1
06.08.2021 00:54:32.827,298.923,298.748,1.6,1
06.08.2021 00:54:32.928,298.923,298.748,1.6,1
06.08.2021 00:54:35.211,298.923,298.748,1.6,1
06.08.2021 00:54:42.663,298.913,298.738,1.5,1
06.08.2021 00:54:44.480,298.923,298.748,1.6,1
06.08.2021 00:54:44.685,298.923,298.738,1.6,1
06.08.2021 00:54:44.735,298.923,298.748,1.6,1
06.08.2021 00:54:45.619,298.923,298.738,1.6,1
06.08.2021 00:54:45.758,298.923,298.748,1.6,1
06.08.2021 00:54:50.586,298.923,298.748,1.6,1
06.08.2021 00:54:50.686,298.923,298.748,1.6,1
06.08.2021 00:54:51.402,298.923,298.748,1.6,1
06.08.2021 00:54:51.655,298.923,298.758,1.5,1
06.08.2021 00:54:51.705,298.923,298.748,1.5,1
06.08.2021 00:54:51.755,298.925,298.758,1.6,1
06.08.2021 00:54:55.136,298.933,298.748,2.1,1
06.08.2021 00:54:55.187,298.933,298.758,2.1,1
06.08.2021 00:54:55.834,298.933,298.758,2.1,1
06.08.2021 00:54:55.885,298.923,298.758,1,1
06.08.2021 00:54:56.026,298.933,298.758,2.1,1
06.08.2021 00:54:59.668,298.923,298.748,1.5,1
06.08.2021 00:55:00.263,298.933,298.758,2.1,1
06.08.2021 00:55:00.430,298.923,298.748,1.5,1
06.08.2021 00:55:00.581,298.923,298.748,1.5,1
06.08.2021 00:55:00.682,298.922,298.748,1.5,1
06.08.2021 00:55:00.977,298.922,298.748,1.5,1
06.08.2021 00:55:01.375,298.922,298.748,1.6,1
06.08.2021 00:55:01.727,298.922,298.758,1.5,1
06.08.2021 00:55:02.491,298.922,298.748,1,1
06.08.2021 00:55:03.014,298.922,298.758,1,1
06.08.2021 00:55:03.229,298.922,298.758,1.5,1
06.08.2021 00:55:03.532,298.913,298.748,1,1
06.08.2021 00:55:03.583,298.901,298.738,1,1
06.08.2021 00:55:03.734,298.901,298.738,1.5,1
06.08.2021 00:55:03.932,298.90900000000005,298.748,1.5,1
06.08.2021 00:55:03.989,298.90900000000005,298.748,1.5,1
06.08.2021 00:55:04.512,298.90900000000005,298.738,1.5,1
06.08.2021 00:55:04.562,298.90900000000005,298.748,1.5,1
06.08.2021 00:55:32.741,298.928,298.758,1.5,1
06.08.2021 00:55:32.792,298.928,298.758,1.6,1
06.08.2021 00:55:32.892,298.923,298.748,1.5,1
06.08.2021 00:55:33.630,298.923,298.758,1.5,1
06.08.2021 00:55:46.802,298.933,298.758,2.1,1
06.08.2021 00:55:46.904,298.933,298.768,2,1
06.08.2021 00:55:46.954,298.933,298.758,1.5,1
06.08.2021 00:55:47.845,298.933,298.758,1.6,1
06.08.2021 00:55:50.978,298.933,298.758,1.6,1
06.08.2021 00:55:55.166,298.933,298.759,1.6,1
06.08.2021 00:55:55.297,298.933,298.758,1.6,1
06.08.2021 00:55:57.946,298.933,298.76099999999997,1.6,1
06.08.2021 00:55:57.997,298.933,298.758,1.6,1
06.08.2021 00:55:58.521,298.933,298.76,1.6,1
06.08.2021 00:55:58.572,298.933,298.758,1.6,1
06.08.2021 00:55:59.541,298.933,298.758,1.6,1
06.08.2021 00:56:08.273,298.933,298.758,1.6,1
06.08.2021 00:56:08.679,298.933,298.758,1.6,1
06.08.2021 00:56:10.002,298.933,298.758,1.6,1
06.08.2021 00:56:21.213,298.933,298.758,1.6,1
06.08.2021 00:56:36.572,298.933,298.758,1.6,1
06.08.2021 00:56:39.594,298.933,298.758,1.6,1
06.08.2021 00:56:52.285,298.92400000000004,298.758,1,1
06.08.2021 00:56:52.390,298.933,298.758,1.6,1
06.08.2021 00:56:55.403,298.933,298.758,1.6,1
06.08.2021 00:56:57.951,298.933,298.758,1.6,1
06.08.2021 00:56:58.051,298.933,298.758,1.6,1
06.08.2021 00:57:08.538,298.937,298.741,1.7,1
06.08.2021 00:57:20.539,298.937,298.73900000000003,1.7,1
06.08.2021 00:57:20.590,298.937,298.73900000000003,1.6,1
06.08.2021 00:57:20.700,298.937,298.748,1.6,1.3
06.08.2021 00:57:21.274,298.933,298.758,1.5,1
06.08.2021 00:57:24.220,298.933,298.768,1.5,1
06.08.2021 00:57:25.303,298.933,298.758,1.5,1
06.08.2021 00:57:25.404,298.933,298.768,1.5,1
06.08.2021 00:57:26.423,298.933,298.758,1.5,1
06.08.2021 00:57:26.609,298.933,298.768,1.5,1
06.08.2021 00:57:29.049,298.933,298.758,1.5,1
06.08.2021 00:57:29.213,298.933,298.768,1.5,1
06.08.2021 00:57:30.075,298.933,298.758,1.5,1
06.08.2021 00:57:30.168,298.933,298.768,1.5,1
06.08.2021 00:57:36.576,298.943,298.768,1.6,1
06.08.2021 00:57:36.677,298.943,298.768,1.6,1
06.08.2021 00:57:36.877,298.943,298.768,1.6,1
06.08.2021 00:57:37.300,298.943,298.768,1.6,1
06.08.2021 00:57:38.298,298.943,298.768,1.6,1
06.08.2021 00:57:39.110,298.943,298.768,1.6,1
06.08.2021 00:58:09.338,298.943,298.768,1.6,1
06.08.2021 00:58:13.212,298.943,298.768,1.6,1
06.08.2021 00:58:13.413,298.943,298.768,1.6,1
06.08.2021 00:58:17.394,298.943,298.768,1.6,1
06.08.2021 00:58:19.868,298.943,298.768,1.1,1
06.08.2021 00:58:19.987,298.943,298.768,1.1,1
06.08.2021 00:58:20.145,298.943,298.768,1.1,1
06.08.2021 00:58:20.246,298.943,298.768,1.1,1
06.08.2021 00:58:20.638,298.943,298.768,1.6,1
06.08.2021 00:58:25.498,298.933,298.758,1.5,1
06.08.2021 00:58:25.649,298.933,298.758,1.6,1
06.08.2021 00:58:29.173,298.933,298.758,1.6,1
06.08.2021 00:58:35.843,298.943,298.768,2.1,1
06.08.2021 00:58:35.943,298.943,298.768,2.1,1
06.08.2021 00:58:36.032,298.943,298.768,2.1,1
06.08.2021 00:58:42.207,298.943,298.768,1.6,1
06.08.2021 00:58:42.307,298.943,298.768,1.6,1
06.08.2021 00:58:42.510,298.943,298.768,1.6,1
06.08.2021 00:58:42.715,298.943,298.768,1.6,1
06.08.2021 00:58:43.023,298.943,298.768,1.6,1
06.08.2021 00:58:45.180,298.943,298.768,1.6,1
06.08.2021 00:58:45.385,298.943,298.768,1.6,1
06.08.2021 00:58:45.685,298.943,298.768,1.6,1
06.08.2021 00:58:59.829,298.943,298.768,1.6,1
06.08.2021 00:59:00.133,298.943,298.768,1.6,1
06.08.2021 00:59:03.073,298.943,298.768,1.6,1
06.08.2021 00:59:04.417,298.943,298.768,1.6,1
06.08.2021 00:59:07.367,298.943,298.768,1.6,1
06.08.2021 00:59:13.176,298.943,298.768,1.6,1
06.08.2021 00:59:14.601,298.943,298.768,2.1,1
06.08.2021 00:59:14.702,298.943,298.768,2.1,1
06.08.2021 00:59:15.721,298.943,298.768,2.1,1
06.08.2021 00:59:25.118,298.933,298.758,1.5,1
06.08.2021 00:59:25.276,298.933,298.758,1.6,1
06.08.2021 00:59:25.377,298.933,298.758,1.6,1
06.08.2021 00:59:29.868,298.943,298.768,2,1
06.08.2021 00:59:32.422,298.933,298.758,1.5,1
06.08.2021 00:59:35.335,298.933,298.768,1.5,1
06.08.2021 00:59:41.190,298.943,298.768,2.1,1
06.08.2021 00:59:41.259,298.943,298.768,2.1,1
06.08.2021 00:59:41.395,298.943,298.768,2.1,1
06.08.2021 00:59:41.459,298.943,298.768,2.1,1
06.08.2021 00:59:56.810,298.933,298.758,1.5,1
06.08.2021 00:59:57.502,298.943,298.768,2,1
06.08.2021 00:59:58.728,298.933,298.758,1.5,1
06.08.2021 01:00:00.132,298.933,298.758,1.5,1
06.08.2021 01:00:00.585,298.923,298.748,1.5,1
06.08.2021 01:00:00.685,298.923,298.748,1.5,1
06.08.2021 01:00:00.834,298.913,298.738,1.5,1
06.08.2021 01:00:00.884,298.92,298.748,1.5,1
06.08.2021 01:00:01.261,298.923,298.748,1.5,1
06.08.2021 01:00:01.354,298.923,298.748,1.5,1
06.08.2021 01:00:01.741,298.923,298.748,1.5,1
06.08.2021 01:00:02.397,298.923,298.748,1.5,1
06.08.2021 01:00:02.554,298.923,298.748,1.5,1
06.08.2021 01:00:04.068,298.923,298.748,1.5,1
06.08.2021 01:00:04.168,298.923,298.748,1.5,1
06.08.2021 01:00:05.797,298.923,298.748,1.5,1
06.08.2021 01:00:06.526,298.913,298.738,1.5,1
06.08.2021 01:00:06.582,298.923,298.748,1.5,1
06.08.2021 01:00:06.847,298.913,298.738,1.5,1
06.08.2021 01:00:07.097,298.923,298.748,1.5,1
06.08.2021 01:00:08.918,298.913,298.738,1.5,1
06.08.2021 01:00:10.043,298.913,298.738,1.5,1
06.08.2021 01:00:10.362,298.913,298.738,1.5,1
06.08.2021 01:00:11.997,298.913,298.738,1.5,1
06.08.2021 01:00:12.070,298.913,298.738,1.5,1
06.08.2021 01:00:13.083,298.913,298.738,1.5,1
06.08.2021 01:00:13.133,298.903,298.728,1.5,1
06.08.2021 01:00:13.184,298.903,298.738,1.5,1
06.08.2021 01:00:13.235,298.903,298.728,1.5,1
06.08.2021 01:00:13.423,298.90700000000004,298.738,1.5,1
06.08.2021 01:00:16.118,298.903,298.728,1.5,1
06.08.2021 01:00:16.529,298.903,298.738,1.5,1
06.08.2021 01:00:16.646,298.903,298.728,1.5,1
06.08.2021 01:00:27.116,298.903,298.728,1.5,1
06.08.2021 01:00:27.217,298.903,298.728,1.5,1
06.08.2021 01:00:27.726,298.90700000000004,298.738,1.5,1
06.08.2021 01:00:27.777,298.903,298.728,1.5,1
06.08.2021 01:00:27.827,298.903,298.738,1.5,1
06.08.2021 01:00:28.186,298.903,298.728,1.5,1
06.08.2021 01:00:33.705,298.903,298.738,1.5,1
06.08.2021 01:00:44.724,298.90700000000004,298.738,1.5,1
06.08.2021 01:00:49.830,298.913,298.748,1.5,1
06.08.2021 01:00:49.947,298.913,298.738,1.5,1
06.08.2021 01:00:49.997,298.913,298.748,1.5,1
06.08.2021 01:00:52.756,298.913,298.738,1.5,1
06.08.2021 01:00:54.552,298.913,298.748,1.5,1
06.08.2021 01:00:54.628,298.913,298.738,1.5,1
06.08.2021 01:00:56.712,298.913,298.748,1.5,1
06.08.2021 01:01:03.953,298.913,298.738,1.5,1
06.08.2021 01:01:11.291,298.923,298.748,1.5,1
06.08.2021 01:01:11.341,298.913,298.738,1.5,1
06.08.2021 01:01:20.752,298.913,298.748,1.5,1
06.08.2021 01:01:20.852,298.913,298.738,1.5,1
06.08.2021 01:01:45.301,298.913,298.738,1.5,1
06.08.2021 01:01:45.417,298.913,298.738,1.5,1
06.08.2021 01:01:59.102,298.903,298.728,1.5,1
06.08.2021 01:01:59.355,298.903,298.728,1.5,1
06.08.2021 01:01:59.457,298.903,298.728,1.5,1
06.08.2021 01:01:59.559,298.903,298.728,1.5,1
06.08.2021 01:01:59.759,298.903,298.728,1.5,1
06.08.2021 01:02:01.691,298.903,298.728,1.5,1
06.08.2021 01:02:02.004,298.903,298.728,1.5,1
06.08.2021 01:02:02.301,298.903,298.728,1.5,1
06.08.2021 01:02:02.607,298.903,298.728,1.5,1
06.08.2021 01:02:03.221,298.903,298.728,1.5,1
06.08.2021 01:02:14.626,298.903,298.728,1.5,1
06.08.2021 01:02:22.570,298.903,298.728,1.5,1
06.08.2021 01:02:36.272,298.903,298.738,1.5,1
06.08.2021 01:02:36.523,298.903,298.728,1.5,1
06.08.2021 01:02:36.573,298.903,298.738,1.5,1
06.08.2021 01:02:36.624,298.903,298.728,1.5,1
06.08.2021 01:02:36.753,298.903,298.738,1.5,1
06.08.2021 01:02:36.830,298.903,298.728,1.5,1
06.08.2021 01:02:37.742,298.903,298.728,1.5,1
06.08.2021 01:02:45.334,298.893,298.718,1.5,1
06.08.2021 01:02:45.485,298.893,298.718,1.5,1
06.08.2021 01:02:45.984,298.893,298.718,1.5,1
06.08.2021 01:02:48.157,298.893,298.728,1.5,1
06.08.2021 01:02:48.561,298.893,298.718,1.5,1
06.08.2021 01:02:49.164,298.893,298.718,1.5,1
06.08.2021 01:02:49.939,298.893,298.718,1.5,1
06.08.2021 01:02:52.418,298.91200000000003,298.70099999999996,1.8,1
06.08.2021 01:02:52.469,298.913,298.697,1.5,1
06.08.2021 01:02:53.159,298.91200000000003,298.698,1.8,1.3
06.08.2021 01:02:53.209,298.893,298.718,1.5,1
06.08.2021 01:02:55.271,298.893,298.718,1.5,1
06.08.2021 01:02:59.518,298.893,298.718,1.5,1
06.08.2021 01:03:00.449,298.893,298.718,1.5,1
06.08.2021 01:03:01.094,298.893,298.728,1.5,1
06.08.2021 01:03:01.145,298.903,298.728,1.5,1
06.08.2021 01:03:08.220,298.893,298.718,1.5,1
06.08.2021 01:03:11.436,298.893,298.728,1.5,1
06.08.2021 01:03:15.156,298.893,298.718,1.5,1
06.08.2021 01:03:20.611,298.903,298.728,1.5,1
06.08.2021 01:03:21.150,298.893,298.718,1.5,1
06.08.2021 01:03:24.469,298.893,298.718,1.5,1
06.08.2021 01:03:26.284,298.893,298.718,1.5,1
06.08.2021 01:03:36.391,298.893,298.718,1.5,1
06.08.2021 01:03:36.597,298.893,298.718,1.5,1
06.08.2021 01:03:50.216,298.893,298.718,1.5,1
06.08.2021 01:03:51.500,298.893,298.718,1.5,1
06.08.2021 01:03:54.541,298.893,298.718,1.5,1
06.08.2021 01:03:54.643,298.893,298.718,1.5,1
06.08.2021 01:03:56.680,298.893,298.718,1.5,1
06.08.2021 01:04:02.178,298.893,298.718,1.5,1
06.08.2021 01:04:02.484,298.893,298.718,1.5,1
06.08.2021 01:04:02.783,298.893,298.718,1.5,1
06.08.2021 01:04:02.884,298.893,298.728,1.5,1
06.08.2021 01:04:02.934,298.893,298.718,1.5,1
06.08.2021 01:04:04.223,298.893,298.728,1.5,1
06.08.2021 01:04:04.476,298.893,298.718,1.5,1
06.08.2021 01:04:04.604,298.893,298.728,1.5,1
06.08.2021 01:04:06.379,298.903,298.728,1,1
06.08.2021 01:04:07.061,298.893,298.728,1.5,1
06.08.2021 01:04:25.259,298.893,298.718,1.5,1
06.08.2021 01:04:25.360,298.893,298.718,1.5,1
06.08.2021 01:04:33.384,298.893,298.718,1.5,1
06.08.2021 01:04:36.017,298.893,298.728,1.5,1
06.08.2021 01:04:36.746,298.893,298.718,1.5,1
06.08.2021 01:04:41.006,298.893,298.728,1.5,1
06.08.2021 01:04:41.057,298.893,298.718,1.5,1
06.08.2021 01:04:43.724,298.893,298.718,1.6,1
06.08.2021 01:04:48.017,298.883,298.708,1.5,1
06.08.2021 01:04:48.117,298.883,298.708,1.1,1
06.08.2021 01:04:48.319,298.883,298.708,1.1,1
06.08.2021 01:04:48.369,298.883,298.708,1.1,1
06.08.2021 01:04:48.420,298.883,298.708,1.2,1
06.08.2021 01:04:48.521,298.883,298.708,1.1,1
06.08.2021 01:04:48.648,298.873,298.698,1,1
06.08.2021 01:04:48.798,298.873,298.698,1.5,1
06.08.2021 01:04:51.238,298.894,298.708,1.7,1
06.08.2021 01:04:55.942,298.873,298.698,1.5,1
06.08.2021 01:04:56.092,298.873,298.708,1.5,1
06.08.2021 01:05:00.434,298.883,298.718,1.5,1
06.08.2021 01:05:00.492,298.883,298.718,1.5,1
06.08.2021 01:05:00.643,298.883,298.708,1.5,1
06.08.2021 01:05:01.753,298.883,298.708,1.5,1
06.08.2021 01:05:02.557,298.873,298.698,1.5,1
06.08.2021 01:05:02.608,298.873,298.708,1.5,1
06.08.2021 01:05:08.134,298.883,298.708,1.6,1
06.08.2021 01:05:11.629,298.896,298.718,1.4,1
06.08.2021 01:05:11.730,298.883,298.708,1.5,1
06.08.2021 01:05:11.780,298.883,298.718,1.5,1
06.08.2021 01:05:11.831,298.883,298.708,1.5,1
06.08.2021 01:05:11.881,298.901,298.718,1.9,1
06.08.2021 01:05:31.402,298.883,298.708,1.5,1
06.08.2021 01:05:31.532,298.883,298.718,1.5,1
06.08.2021 01:05:31.603,298.883,298.708,1.5,1
06.08.2021 01:05:31.727,298.883,298.718,1.5,1
06.08.2021 01:05:34.604,298.883,298.708,1.5,1
06.08.2021 01:05:36.063,298.883,298.718,1.5,1
06.08.2021 01:05:40.822,298.893,298.728,1.5,1
06.08.2021 01:05:40.923,298.896,298.728,1.5,1
06.08.2021 01:05:50.151,298.893,298.718,1.5,1
06.08.2021 01:05:50.267,298.883,298.718,1.5,1
06.08.2021 01:05:50.368,298.883,298.708,1.5,1
06.08.2021 01:05:50.620,298.883,298.718,1.5,1
06.08.2021 01:05:51.172,298.883,298.708,1.5,1
06.08.2021 01:05:51.324,298.883,298.708,1.5,1
06.08.2021 01:05:53.556,298.883,298.708,1.6,1
06.08.2021 01:05:56.846,298.893,298.718,1.6,1
06.08.2021 01:06:00.196,298.883,298.708,1.5,1
06.08.2021 01:06:00.407,298.883,298.708,1.6,1
06.08.2021 01:06:01.397,298.883,298.708,1.6,1
06.08.2021 01:06:05.568,298.883,298.708,1.6,1
06.08.2021 01:06:05.668,298.883,298.708,1.6,1
06.08.2021 01:06:06.077,298.883,298.708,1.6,1
06.08.2021 01:06:08.327,298.883,298.708,1.6,1
06.08.2021 01:06:10.059,298.883,298.708,1.6,1
06.08.2021 01:06:20.722,298.883,298.708,1.5,1
06.08.2021 01:06:20.886,298.883,298.708,1.5,1
06.08.2021 01:06:31.402,298.883,298.718,1.5,1
06.08.2021 01:06:31.502,298.889,298.718,1.6,1
06.08.2021 01:07:00.567,298.893,298.718,1.6,1
06.08.2021 01:07:00.767,298.893,298.718,1.6,1
06.08.2021 01:07:01.315,298.893,298.718,1.5,1
06.08.2021 01:07:01.366,298.893,298.728,1.5,1
06.08.2021 01:07:04.081,298.893,298.718,1.5,1
06.08.2021 01:07:07.423,298.903,298.728,1.6,1
06.08.2021 01:07:07.524,298.903,298.728,1,1
06.08.2021 01:07:08.186,298.903,298.728,1.5,1
06.08.2021 01:07:08.733,298.903,298.738,1.5,1
06.08.2021 01:07:08.783,298.903,298.728,1.5,1
06.08.2021 01:07:10.852,298.903,298.728,1.6,1
06.08.2021 01:07:20.088,298.903,298.728,1.6,1
06.08.2021 01:07:20.822,298.903,298.738,1.5,1
06.08.2021 01:07:37.707,298.903,298.728,1.5,1
06.08.2021 01:07:45.740,298.903,298.738,1.5,1
06.08.2021 01:07:45.859,298.903,298.728,1.5,1
06.08.2021 01:08:00.897,298.903,298.738,1.5,1
06.08.2021 01:08:03.006,298.903,298.728,1.5,1
06.08.2021 01:08:10.387,298.903,298.738,1.5,1
06.08.2021 01:08:11.106,298.903,298.728,1.5,1
06.08.2021 01:08:22.533,298.903,298.738,1.6,1
06.08.2021 01:08:43.299,298.91400000000004,298.738,1.3,1
06.08.2021 01:08:43.995,298.91400000000004,298.738,1.7,1
06.08.2021 01:08:52.255,298.916,298.748,1,1
06.08.2021 01:08:52.306,298.916,298.748,1,1
06.08.2021 01:08:52.407,298.923,298.748,1.5,1
06.08.2021 01:08:52.867,298.923,298.748,1.6,1
06.08.2021 01:08:52.993,298.923,298.748,1.5,1
06.08.2021 01:08:59.166,298.923,298.758,1.5,1
06.08.2021 01:09:01.306,298.923,298.758,1.5,1
06.08.2021 01:09:01.411,298.923,298.758,1,1
06.08.2021 01:09:02.119,298.923,298.758,1.5,1
06.08.2021 01:09:15.214,298.923,298.748,1.5,1
06.08.2021 01:09:20.605,298.923,298.758,1.5,1
06.08.2021 01:09:23.937,298.923,298.748,1.5,1
06.08.2021 01:09:24.390,298.923,298.758,1.5,1
06.08.2021 01:09:26.749,298.923,298.748,1.5,1
06.08.2021 01:09:26.800,298.923,298.748,1.6,1
06.08.2021 01:10:02.279,298.923,298.758,1.5,1
06.08.2021 01:10:02.334,298.923,298.748,1.5,1
06.08.2021 01:10:02.385,298.932,298.758,1.5,1
06.08.2021 01:10:02.536,298.932,298.758,1,1
06.08.2021 01:10:03.207,298.932,298.758,1.5,1
06.08.2021 01:10:12.679,298.932,298.741,1.5,1
06.08.2021 01:10:12.730,298.932,298.72700000000003,1.5,1
06.08.2021 01:10:13.414,298.932,298.738,1.5,1.3
06.08.2021 01:10:15.250,298.932,298.758,1.5,1
06.08.2021 01:10:33.831,298.932,298.758,1.5,1
06.08.2021 01:10:33.931,298.932,298.758,1.5,1
06.08.2021 01:11:03.006,298.933,298.758,1.5,1
06.08.2021 01:11:03.107,298.933,298.768,1.5,1
06.08.2021 01:11:03.462,298.933,298.758,1.5,1
06.08.2021 01:11:03.704,298.933,298.768,1.5,1
06.08.2021 01:11:06.832,298.933,298.758,1.5,1
06.08.2021 01:11:08.392,298.933,298.758,1.5,1
06.08.2021 01:11:11.661,298.933,298.758,1.5,1
06.08.2021 01:11:12.590,298.933,298.768,1.5,1
06.08.2021 01:11:44.893,298.939,298.778,1.5,1
06.08.2021 01:11:45.195,298.949,298.778,1,1
06.08.2021 01:11:45.359,298.953,298.778,1,1
06.08.2021 01:11:45.409,298.96,298.788,1.5,1
06.08.2021 01:11:45.556,298.96,298.788,1,1
06.08.2021 01:11:45.607,298.953,298.788,1,1
06.08.2021 01:11:45.657,298.953,298.778,1,1
06.08.2021 01:11:45.908,298.96,298.788,1,1
06.08.2021 01:11:46.059,298.953,298.788,1,1
06.08.2021 01:11:46.144,298.953,298.778,1,1
06.08.2021 01:11:50.469,298.953,298.788,1,1
06.08.2021 01:11:51.964,298.96,298.788,1,1
06.08.2021 01:11:52.665,298.953,298.788,1,1
06.08.2021 01:11:52.715,298.96,298.788,1,1
06.08.2021 01:11:52.817,298.953,298.788,1,1
06.08.2021 01:11:53.251,298.96,298.788,1,1
06.08.2021 01:11:58.406,298.96,298.778,1,1
06.08.2021 01:11:59.361,298.953,298.778,1,1
06.08.2021 01:12:15.118,298.953,298.778,1.5,1
06.08.2021 01:12:26.387,298.943,298.768,1.5,1
06.08.2021 01:12:28.678,298.943,298.778,1.5,1
06.08.2021 01:12:34.599,298.949,298.778,1.5,1
06.08.2021 01:12:36.200,298.949,298.778,1.5,1
06.08.2021 01:12:44.607,298.943,298.768,1.5,1
06.08.2021 01:12:47.105,298.949,298.744,1.5,1
06.08.2021 01:12:47.840,298.949,298.758,1.5,1.3
06.08.2021 01:12:48.969,298.943,298.778,1.5,1
06.08.2021 01:12:51.800,298.949,298.778,1.5,1
06.08.2021 01:12:51.896,298.949,298.778,1.5,1
06.08.2021 01:12:52.197,298.949,298.778,1.5,1
06.08.2021 01:12:52.816,298.949,298.778,1.5,1
06.08.2021 01:12:55.516,298.949,298.778,1.5,1
06.08.2021 01:12:56.527,298.949,298.778,1.5,1
06.08.2021 01:12:59.401,298.949,298.778,1.5,1
06.08.2021 01:12:59.502,298.949,298.778,1.5,1
06.08.2021 01:12:59.910,298.949,298.778,1.5,1
06.08.2021 01:13:02.781,298.949,298.778,1.5,1
06.08.2021 01:13:02.881,298.949,298.778,1.5,1
06.08.2021 01:13:03.185,298.949,298.778,1,1
06.08.2021 01:13:03.896,298.949,298.778,1.5,1
06.08.2021 01:13:09.616,298.949,298.788,1.5,1
06.08.2021 01:13:09.667,298.949,298.788,1.5,1
06.08.2021 01:13:09.736,298.949,298.778,1.5,1
06.08.2021 01:13:09.809,298.949,298.788,1.5,1
06.08.2021 01:13:30.907,298.953,298.778,1.5,1
06.08.2021 01:13:36.675,298.953,298.778,1.5,1
06.08.2021 01:13:52.789,298.943,298.768,1.5,1
06.08.2021 01:13:53.982,298.943,298.778,1.5,1
06.08.2021 01:14:01.547,298.943,298.768,1.5,1
06.08.2021 01:14:03.034,298.943,298.778,1.5,1
06.08.2021 01:14:03.716,298.943,298.768,1.5,1
06.08.2021 01:14:05.797,298.952,298.778,1.5,1
06.08.2021 01:14:05.948,298.952,298.778,1.5,1
06.08.2021 01:14:06.051,298.952,298.778,1.5,1
06.08.2021 01:14:06.152,298.953,298.788,1.5,1
06.08.2021 01:14:06.303,298.953,298.778,1.5,1
06.08.2021 01:14:08.162,298.953,298.778,1.5,1
06.08.2021 01:14:08.365,298.953,298.778,1.5,1
06.08.2021 01:14:09.436,298.953,298.788,1.5,1
06.08.2021 01:14:09.487,298.953,298.778,1.5,1
06.08.2021 01:14:09.537,298.953,298.788,1.5,1
06.08.2021 01:14:14.514,298.953,298.778,1.5,1
06.08.2021 01:14:18.441,298.953,298.778,1.5,1
06.08.2021 01:14:32.891,298.943,298.768,1.5,1
06.08.2021 01:14:33.042,298.943,298.778,1.5,1
06.08.2021 01:14:33.093,298.943,298.768,1.5,1
06.08.2021 01:14:33.159,298.943,298.778,1.5,1
06.08.2021 01:14:33.939,298.943,298.768,1.5,1
06.08.2021 01:14:36.331,298.943,298.778,1.5,1
06.08.2021 01:14:42.113,298.943,298.768,1.5,1
06.08.2021 01:14:45.796,298.943,298.768,1.5,1
06.08.2021 01:15:03.154,298.943,298.768,1.5,1
06.08.2021 01:15:05.589,298.943,298.768,1.5,1
06.08.2021 01:15:07.625,298.943,298.768,1.5,1
06.08.2021 01:15:11.407,298.943,298.768,1.5,1
06.08.2021 01:15:52.000,298.943,298.768,1,1
06.08.2021 01:15:52.714,298.943,298.768,1.5,1
06.08.2021 01:15:54.086,298.943,298.768,1.5,1
06.08.2021 01:15:54.136,298.943,298.768,1.5,1
06.08.2021 01:16:06.826,298.943,298.768,1.5,1
06.08.2021 01:16:06.877,298.943,298.778,1.5,1
06.08.2021 01:16:06.992,298.943,298.778,1,1
06.08.2021 01:16:07.063,298.943,298.768,1,1
06.08.2021 01:16:07.378,298.943,298.778,1,1
06.08.2021 01:16:07.701,298.943,298.778,1.5,1
06.08.2021 01:16:18.135,298.943,298.768,1.5,1
06.08.2021 01:16:22.480,298.943,298.768,1.5,1
06.08.2021 01:16:30.584,298.943,298.768,1.5,1
06.08.2021 01:16:37.414,298.943,298.778,1.5,1
06.08.2021 01:16:50.082,298.943,298.768,1.5,1
06.08.2021 01:16:52.620,298.943,298.778,1.5,1
06.08.2021 01:16:55.701,298.943,298.768,1.5,1
06.08.2021 01:16:55.971,298.943,298.768,1.5,1
06.08.2021 01:16:59.814,298.943,298.768,1.5,1
06.08.2021 01:17:04.747,298.943,298.778,1.5,1
06.08.2021 01:17:08.527,298.953,298.778,1,1
06.08.2021 01:17:09.170,298.953,298.778,1.5,1
06.08.2021 01:17:12.676,298.953,298.778,1.5,1
06.08.2021 01:17:12.726,298.953,298.778,1.5,1
06.08.2021 01:17:12.827,298.953,298.778,1.5,1
06.08.2021 01:17:12.916,298.953,298.778,1.5,1
06.08.2021 01:17:17.899,298.953,298.788,1.5,1
06.08.2021 01:17:18.408,298.953,298.778,1.5,1
06.08.2021 01:17:18.508,298.953,298.788,1.5,1
06.08.2021 01:17:19.976,298.953,298.778,1.5,1
06.08.2021 01:17:21.177,298.953,298.788,1.5,1
06.08.2021 01:17:23.854,298.953,298.778,1.5,1
06.08.2021 01:17:24.216,298.962,298.788,1.5,1
06.08.2021 01:17:31.041,298.953,298.778,1.5,1
06.08.2021 01:17:34.999,298.962,298.788,1.5,1
06.08.2021 01:17:36.543,298.953,298.778,1.5,1
06.08.2021 01:17:49.999,298.953,298.788,1.5,1
06.08.2021 01:17:50.201,298.953,298.778,1.5,1
06.08.2021 01:17:51.486,298.953,298.788,1.5,1
06.08.2021 01:17:51.537,298.953,298.778,1.5,1
06.08.2021 01:17:51.703,298.953,298.788,1.5,1
06.08.2021 01:17:51.835,298.953,298.778,1.5,1
06.08.2021 01:17:52.039,298.953,298.788,1.5,1
06.08.2021 01:18:02.266,298.953,298.778,1.5,1
06.08.2021 01:18:02.882,298.953,298.788,1.5,1
06.08.2021 01:18:04.519,298.953,298.778,1.5,1
06.08.2021 01:18:04.620,298.943,298.778,1.5,1
06.08.2021 01:18:08.876,298.943,298.778,1,1
06.08.2021 01:18:09.589,298.943,298.778,1.5,1
06.08.2021 01:18:09.691,298.943,298.778,1.5,1
06.08.2021 01:18:35.001,298.943,298.768,1.5,1
06.08.2021 01:18:57.254,298.943,298.778,1.5,1
06.08.2021 01:18:57.994,298.943,298.768,1.5,1
06.08.2021 01:19:01.709,298.943,298.778,1.5,1
06.08.2021 01:19:02.264,298.943,298.768,1.5,1
06.08.2021 01:19:02.729,298.943,298.778,1.5,1
06.08.2021 01:19:03.764,298.943,298.778,1,1
06.08.2021 01:19:04.464,298.943,298.778,1.5,1
06.08.2021 01:19:12.783,298.943,298.768,1.5,1
06.08.2021 01:19:25.482,298.943,298.778,1.5,1
06.08.2021 01:19:27.057,298.943,298.768,1.5,1
06.08.2021 01:19:27.107,298.943,298.768,1.5,1
06.08.2021 01:19:39.660,298.943,298.768,1,1
06.08.2021 01:19:40.325,298.933,298.768,1,1
06.08.2021 01:19:40.428,298.943,298.768,1.5,1
06.08.2021 01:19:46.378,298.933,298.758,1.5,1
06.08.2021 01:19:49.070,298.933,298.768,1.5,1
06.08.2021 01:20:00.829,298.943,298.768,1.5,1
06.08.2021 01:20:00.929,298.943,298.768,1.5,1
06.08.2021 01:20:01.984,298.943,298.768,1,1
06.08.2021 01:20:02.056,298.933,298.768,1,1
06.08.2021 01:20:02.205,298.943,298.768,1,1
06.08.2021 01:20:02.676,298.943,298.768,1.5,1
06.08.2021 01:20:56.097,298.933,298.758,1.5,1
06.08.2021 01:20:56.249,298.933,298.758,1.5,1
06.08.2021 01:20:56.451,298.933,298.758,1.5,1
06.08.2021 01:20:56.501,298.933,298.768,1.5,1
06.08.2021 01:20:56.552,298.933,298.768,1.5,1
06.08.2021 01:21:33.062,298.943,298.768,1.5,1
06.08.2021 01:21:33.168,298.943,298.768,1.5,1
06.08.2021 01:21:35.723,298.943,298.768,1.5,1
06.08.2021 01:21:39.019,298.943,298.768,1.5,1
06.08.2021 01:21:39.212,298.943,298.768,1.5,1
06.08.2021 01:22:22.793,298.943,298.768,1.5,1
06.08.2021 01:22:25.021,298.943,298.768,1.5,1
06.08.2021 01:22:28.399,298.943,298.768,1.5,1
06.08.2021 01:22:29.302,298.94599999999997,298.778,1.5,1
06.08.2021 01:22:29.354,298.943,298.768,1.5,1
06.08.2021 01:22:40.696,298.94599999999997,298.778,1.5,1
06.08.2021 01:22:40.876,298.943,298.768,1.5,1
06.08.2021 01:23:00.943,298.943,298.768,1.5,1
06.08.2021 01:23:01.363,298.943,298.768,1.5,1
06.08.2021 01:23:01.467,298.943,298.768,1.5,1
06.08.2021 01:23:08.784,298.943,298.768,1.5,1
06.08.2021 01:23:09.019,298.943,298.768,1.5,1
06.08.2021 01:23:10.442,298.943,298.768,1.5,1
06.08.2021 01:23:10.496,298.943,298.768,1,1
06.08.2021 01:23:11.197,298.943,298.768,1.5,1
06.08.2021 01:23:21.399,298.943,298.768,1.5,1
06.08.2021 01:23:23.035,298.943,298.768,1.5,1
06.08.2021 01:23:31.754,298.943,298.768,1.5,1
06.08.2021 01:23:31.854,298.943,298.768,1.5,1
06.08.2021 01:23:31.956,298.943,298.768,1.5,1
06.08.2021 01:23:40.884,298.94599999999997,298.749,1.5,1.3
06.08.2021 01:23:40.935,298.94599999999997,298.749,1.5,1.3
06.08.2021 01:23:41.036,298.94599999999997,298.749,1.5,1.3
06.08.2021 01:23:41.781,298.94599999999997,298.778,1.5,1
06.08.2021 01:23:43.882,298.943,298.768,1.5,1
06.08.2021 01:23:44.225,298.933,298.768,1,1
06.08.2021 01:23:48.969,298.943,298.768,1.5,1
06.08.2021 01:23:54.985,298.943,298.768,1.5,1
06.08.2021 01:23:58.647,298.943,298.768,1,1
06.08.2021 01:23:59.364,298.943,298.768,1.5,1
06.08.2021 01:24:04.952,298.943,298.768,1.5,1
06.08.2021 01:24:05.053,298.943,298.768,1.5,1
06.08.2021 01:24:12.104,298.95099999999996,298.778,1.5,1
06.08.2021 01:24:12.155,298.95099999999996,298.778,1.5,1
06.08.2021 01:24:12.558,298.953,298.778,1.5,1
06.08.2021 01:24:13.146,298.953,298.778,1.5,1
06.08.2021 01:24:15.899,298.953,298.778,1.5,1
06.08.2021 01:24:28.967,298.953,298.778,1.5,1
06.08.2021 01:24:31.513,298.953,298.778,1.5,1
06.08.2021 01:24:31.710,298.953,298.778,1.5,1
06.08.2021 01:25:11.173,298.953,298.778,1.5,1
06.08.2021 01:25:12.186,298.955,298.749,1.5,1
06.08.2021 01:25:14.315,298.955,298.749,1.5,1
06.08.2021 01:25:22.418,298.955,298.76099999999997,1.5,1
06.08.2021 01:25:41.608,298.955,298.758,1.5,1.3
06.08.2021 01:25:56.660,298.953,298.778,1.5,1
06.08.2021 01:25:57.140,298.955,298.788,1.5,1
06.08.2021 01:25:57.717,298.953,298.778,1.5,1
06.08.2021 01:25:58.926,298.955,298.788,1.5,1
06.08.2021 01:26:00.193,298.953,298.778,1.5,1
06.08.2021 01:26:00.444,298.955,298.788,1.5,1
06.08.2021 01:26:00.767,298.953,298.778,1.5,1
06.08.2021 01:26:02.469,298.955,298.778,1,1
06.08.2021 01:26:03.152,298.955,298.778,1.5,1
06.08.2021 01:26:03.253,298.955,298.778,1.5,1
06.08.2021 01:26:10.735,298.953,298.778,1.5,1
06.08.2021 01:26:18.352,298.953,298.778,1.5,1
06.08.2021 01:26:18.452,298.953,298.788,1.5,1
06.08.2021 01:26:24.132,298.953,298.778,1.5,1
06.08.2021 01:26:24.182,298.953,298.778,1.5,1
06.08.2021 01:26:26.304,298.953,298.788,1.5,1
06.08.2021 01:26:27.192,298.953,298.788,1.5,1
06.08.2021 01:26:27.295,298.953,298.788,1,1
06.08.2021 01:26:28.002,298.953,298.788,1.5,1
06.08.2021 01:26:36.002,298.953,298.778,1.5,1
06.08.2021 01:26:36.086,298.953,298.778,1.5,1
06.08.2021 01:26:53.577,298.943,298.768,1.5,1
06.08.2021 01:26:53.678,298.943,298.778,1.5,1
06.08.2021 01:26:53.793,298.943,298.768,1.5,1
06.08.2021 01:26:55.590,298.943,298.778,1.5,1
06.08.2021 01:27:00.243,298.943,298.768,1.5,1
06.08.2021 01:27:00.343,298.943,298.768,1.5,1
06.08.2021 01:27:03.147,298.943,298.768,1.5,1
06.08.2021 01:27:03.249,298.943,298.768,1.5,1
06.08.2021 01:27:04.375,298.943,298.768,1.5,1
06.08.2021 01:27:13.411,298.943,298.768,1.5,1
06.08.2021 01:27:13.515,298.943,298.768,1,1
06.08.2021 01:27:14.183,298.943,298.768,1.5,1
06.08.2021 01:27:18.208,298.943,298.768,1.5,1
06.08.2021 01:27:18.258,298.943,298.778,1.5,1
06.08.2021 01:27:22.107,298.943,298.768,1.5,1
06.08.2021 01:27:22.476,298.943,298.768,1.5,1
06.08.2021 01:27:23.371,298.943,298.768,1.5,1
06.08.2021 01:27:26.895,298.943,298.778,1.5,1
06.08.2021 01:27:27.014,298.943,298.768,1.5,1
06.08.2021 01:27:31.803,298.943,298.778,1.5,1
06.08.2021 01:27:36.960,298.943,298.768,1.5,1
06.08.2021 01:28:10.548,298.943,298.778,1.5,0.75
06.08.2021 01:28:27.393,298.943,298.768,1.5,1
06.08.2021 01:28:27.611,298.943,298.778,1.5,1
06.08.2021 01:28:28.467,298.943,298.768,1.5,1
06.08.2021 01:28:39.703,298.943,298.778,1.5,1
06.08.2021 01:28:39.865,298.943,298.768,1.5,1
06.08.2021 01:28:48.815,298.953,298.778,1.5,1
06.08.2021 01:28:53.717,298.953,298.778,1.6,1
06.08.2021 01:28:53.797,298.953,298.778,1.6,1
06.08.2021 01:29:29.646,298.943,298.768,1.5,1
06.08.2021 01:29:29.747,298.943,298.778,1.6,1
06.08.2021 01:29:29.898,298.953,298.778,1.2,1
06.08.2021 01:29:29.999,298.953,298.778,1,1
06.08.2021 01:29:30.586,298.953,298.778,1.6,1
06.08.2021 01:29:36.961,298.955,298.788,1.6,1
06.08.2021 01:29:37.283,298.953,298.778,1.5,1
06.08.2021 01:29:37.434,298.953,298.788,1.5,1
06.08.2021 01:29:37.497,298.953,298.778,1.5,1
06.08.2021 01:29:37.584,298.953,298.788,1.5,1
06.08.2021 01:29:37.849,298.953,298.778,1.5,1
06.08.2021 01:29:38.228,298.953,298.778,1.5,1
06.08.2021 01:29:41.765,298.953,298.778,1.6,1
06.08.2021 01:29:41.868,298.953,298.778,1.6,1
06.08.2021 01:29:55.554,298.943,298.778,1,1
06.08.2021 01:29:55.617,298.953,298.778,1.6,1
06.08.2021 01:30:00.370,298.955,298.759,1.5,1
06.08.2021 01:30:00.471,298.955,298.749,1.6,1
06.08.2021 01:30:00.521,298.955,298.749,1.6,1
06.08.2021 01:30:00.593,298.955,298.749,1.6,1
06.08.2021 01:30:00.693,298.955,298.749,1.6,1
06.08.2021 01:30:01.099,298.955,298.758,1.6,1.3
06.08.2021 01:30:01.410,298.955,298.754,1.6,1
06.08.2021 01:30:01.461,298.955,298.749,1.6,1
06.08.2021 01:30:02.156,298.955,298.758,1.6,1.3
06.08.2021 01:30:02.684,298.943,298.778,1.5,1
