Gmt time,Ask,Bid,AskVolume,BidVolume
30.08.2021 00:00:00.187,7.78832,7.787100000000001,1.6,0.37
30.08.2021 00:00:00.256,7.78829,7.787060000000001,0.47,0.45
30.08.2021 00:00:00.306,7.78829,7.787060000000001,0.47,0.47
30.08.2021 00:00:00.932,7.78827,7.7870800000000004,1.52,0.37
30.08.2021 00:00:01.235,7.78827,7.7870800000000004,1.52,0.47
30.08.2021 00:00:20.639,7.78827,7.787100000000001,1.42,0.47
30.08.2021 00:00:24.379,7.78827,7.787100000000001,1.52,0.47
30.08.2021 00:00:24.513,7.78828,7.78707,1.6,0.37
30.08.2021 00:00:30.641,7.78828,7.78707,1.6,0.47
30.08.2021 00:00:31.010,7.7881800000000005,7.78737,0.75,0.75
30.08.2021 00:00:31.111,7.78835,7.787510000000001,0.75,0.75
30.08.2021 00:00:31.161,7.78835,7.78753,0.75,0.75
30.08.2021 00:00:31.212,7.78835,7.787510000000001,0.75,0.75
30.08.2021 00:00:31.264,7.788330000000001,7.7875000000000005,0.75,0.75
30.08.2021 00:00:31.373,7.788330000000001,7.78749,2.25,0.75
30.08.2021 00:00:31.474,7.788330000000001,7.787510000000001,2.25,0.75
30.08.2021 00:00:31.635,7.78832,7.78752,0.75,0.75
30.08.2021 00:00:31.739,7.788310000000001,7.7875000000000005,0.75,0.75
30.08.2021 00:00:31.840,7.788330000000001,7.78749,2.25,0.75
30.08.2021 00:00:34.382,7.78832,7.7875000000000005,0.75,0.75
30.08.2021 00:00:34.497,7.788310000000001,7.7875000000000005,0.75,0.75
30.08.2021 00:00:34.880,7.78829,7.7875000000000005,0.75,0.75
30.08.2021 00:00:35.499,7.78832,7.78749,0.75,0.75
30.08.2021 00:00:35.813,7.788310000000001,7.7875000000000005,0.75,0.75
30.08.2021 00:00:45.581,7.78829,7.7875000000000005,0.75,0.75
30.08.2021 00:00:50.958,7.78835,7.78752,0.37,0.75
30.08.2021 00:00:51.009,7.78839,7.78754,0.75,0.75
30.08.2021 00:00:51.998,7.788330000000001,7.78752,0.75,0.75
30.08.2021 00:01:00.474,7.78832,7.787510000000001,0.75,0.75
30.08.2021 00:01:00.575,7.7883000000000004,7.78752,0.75,0.75
30.08.2021 00:01:02.270,7.78832,7.78752,0.75,0.75
30.08.2021 00:01:02.370,7.7883000000000004,7.7875000000000005,0.75,0.75
30.08.2021 00:01:08.212,7.7883000000000004,7.78749,0.75,0.75
30.08.2021 00:01:21.364,7.78832,7.78747,0.75,0.75
30.08.2021 00:01:24.468,7.7883700000000005,7.7874300000000005,1.05,0.37
30.08.2021 00:01:25.561,7.7883700000000005,7.787380000000001,0.67,0.37
30.08.2021 00:01:25.748,7.78832,7.78747,0.75,0.75
30.08.2021 00:01:56.551,7.7883000000000004,7.787510000000001,0.75,0.75
30.08.2021 00:01:56.854,7.78829,7.7875000000000005,0.75,0.75
30.08.2021 00:02:04.341,7.78828,7.7875000000000005,0.75,0.75
30.08.2021 00:02:33.835,7.78829,7.7875000000000005,0.37,0.37
30.08.2021 00:02:40.445,7.78827,7.787510000000001,0.75,0.75
30.08.2021 00:02:40.545,7.78832,7.78755,0.75,0.75
30.08.2021 00:03:01.807,7.78829,7.78752,0.75,0.75
30.08.2021 00:03:01.908,7.78829,7.78753,0.75,0.75
30.08.2021 00:03:09.560,7.7883000000000004,7.78754,0.75,0.75
30.08.2021 00:03:09.611,7.78832,7.78755,0.75,0.75
30.08.2021 00:03:09.661,7.7883000000000004,7.78754,0.75,0.75
30.08.2021 00:03:09.931,7.78829,7.78754,0.75,0.75
30.08.2021 00:03:13.741,7.78829,7.78753,0.75,0.75
30.08.2021 00:03:13.842,7.7883000000000004,7.78753,0.75,0.75
30.08.2021 00:03:14.135,7.78828,7.78753,0.75,0.75
30.08.2021 00:03:14.900,7.7884,7.7874300000000005,0.85,0.47
30.08.2021 00:03:14.951,7.78828,7.78753,0.75,0.75
30.08.2021 00:03:36.666,7.78834,7.78749,0.85,0.85
30.08.2021 00:03:52.257,7.788330000000001,7.78749,0.82,0.75
30.08.2021 00:03:52.308,7.78824,7.787560000000001,0.75,0.37
30.08.2021 00:03:53.268,7.78824,7.78755,0.75,0.37
30.08.2021 00:03:59.350,7.78824,7.787560000000001,0.75,0.37
30.08.2021 00:04:11.111,7.788260000000001,7.787560000000001,0.25,0.37
30.08.2021 00:04:11.162,7.78823,7.787560000000001,0.75,0.37
30.08.2021 00:04:24.032,7.78822,7.78752,0.37,1.12
30.08.2021 00:05:05.010,7.78822,7.787510000000001,0.37,0.37
30.08.2021 00:05:19.315,7.788210000000001,7.787510000000001,0.25,0.37
30.08.2021 00:05:20.041,7.788210000000001,7.78752,0.56,0.37
30.08.2021 00:05:49.100,7.78824,7.78752,0.37,0.75
30.08.2021 00:05:54.847,7.78824,7.787510000000001,0.37,0.37
30.08.2021 00:05:55.657,7.78824,7.78752,0.37,0.75
30.08.2021 00:06:03.130,7.78823,7.78752,0.37,1.12
30.08.2021 00:06:06.135,7.78824,7.78752,0.37,0.75
30.08.2021 00:06:11.151,7.78824,7.78753,0.37,0.75
30.08.2021 00:06:12.148,7.788250000000001,7.78753,0.75,0.75
30.08.2021 00:06:56.107,7.788260000000001,7.78753,0.75,0.75
30.08.2021 00:06:56.532,7.788250000000001,7.78753,0.75,0.75
30.08.2021 00:06:57.969,7.788250000000001,7.787560000000001,0.75,0.37
30.08.2021 00:07:09.904,7.788250000000001,7.78753,1.12,0.75
30.08.2021 00:07:15.276,7.78824,7.78754,0.37,0.37
30.08.2021 00:07:21.959,7.78829,7.78749,0.75,0.75
30.08.2021 00:09:01.230,7.788250000000001,7.78754,0.75,0.75
30.08.2021 00:09:01.381,7.788260000000001,7.78754,0.75,0.75
30.08.2021 00:09:06.580,7.788250000000001,7.78754,0.75,0.75
30.08.2021 00:10:01.300,7.788250000000001,7.78757,0.75,0.37
30.08.2021 00:10:01.351,7.78829,7.78757,0.75,0.37
30.08.2021 00:11:01.448,7.78829,7.7875000000000005,0.75,0.75
30.08.2021 00:11:10.556,7.78829,7.7875000000000005,0.75,0.75
30.08.2021 00:11:16.046,7.78829,7.78755,3,0.75
30.08.2021 00:11:16.153,7.7883000000000004,7.787560000000001,0.75,0.75
30.08.2021 00:11:16.259,7.788310000000001,7.787560000000001,0.75,0.75
30.08.2021 00:11:26.046,7.78828,7.78755,0.75,0.75
30.08.2021 00:11:26.159,7.78827,7.78755,0.75,0.75
30.08.2021 00:11:28.111,7.78828,7.78754,0.75,0.75
30.08.2021 00:11:28.262,7.788260000000001,7.78754,0.75,0.75
30.08.2021 00:11:33.183,7.788250000000001,7.78754,0.75,0.75
30.08.2021 00:11:34.209,7.788250000000001,7.787560000000001,0.75,0.37
30.08.2021 00:11:44.092,7.788260000000001,7.787560000000001,0.75,0.37
30.08.2021 00:11:44.284,7.788250000000001,7.78755,0.37,0.37
30.08.2021 00:11:45.250,7.78824,7.78755,0.37,0.37
30.08.2021 00:11:46.252,7.78823,7.78755,0.37,0.37
30.08.2021 00:12:22.718,7.78823,7.78757,0.37,0.75
30.08.2021 00:12:22.768,7.78829,7.78757,0.85,0.75
30.08.2021 00:12:22.884,7.78829,7.787580000000001,0.85,0.75
30.08.2021 00:12:35.658,7.78829,7.787580000000001,0.75,0.75
30.08.2021 00:12:38.663,7.78829,7.787580000000001,0.85,0.75
30.08.2021 00:12:51.502,7.7883700000000005,7.78752,0.47,0.47
30.08.2021 00:13:03.336,7.78832,7.7876,0.85,0.75
30.08.2021 00:13:03.437,7.78834,7.787610000000001,0.85,0.75
30.08.2021 00:13:03.487,7.788360000000001,7.787630000000001,0.85,0.75
30.08.2021 00:13:03.588,7.78845,7.78769,3.1,0.75
30.08.2021 00:13:08.299,7.788430000000001,7.7877,0.82,0.75
30.08.2021 00:13:13.378,7.78842,7.787710000000001,0.75,0.75
30.08.2021 00:13:13.761,7.788410000000001,7.787710000000001,0.75,0.75
30.08.2021 00:13:19.310,7.78842,7.787710000000001,0.75,0.75
30.08.2021 00:13:23.330,7.7884,7.787710000000001,0.37,0.75
30.08.2021 00:13:24.333,7.7884,7.787730000000001,0.37,0.37
30.08.2021 00:14:08.359,7.78842,7.78769,0.75,0.75
30.08.2021 00:14:08.460,7.78847,7.78765,0.75,0.75
30.08.2021 00:14:08.560,7.78847,7.787739999999999,0.75,0.75
30.08.2021 00:14:08.661,7.788480000000001,7.787760000000001,0.82,0.75
30.08.2021 00:14:19.949,7.7884899999999995,7.787780000000001,0.85,0.75
30.08.2021 00:14:20.050,7.78852,7.78779,0.85,0.75
30.08.2021 00:14:25.056,7.788510000000001,7.78779,0.75,0.75
30.08.2021 00:14:26.080,7.7885,7.78779,0.85,0.75
30.08.2021 00:14:34.807,7.7885,7.78779,0.75,0.75
30.08.2021 00:14:40.462,7.788530000000001,7.78777,0.45,0.45
30.08.2021 00:15:16.427,7.788539999999999,7.787850000000001,1.22,0.75
30.08.2021 00:15:16.528,7.788539999999999,7.787860000000001,0.47,0.75
30.08.2021 00:15:20.612,7.788560000000001,7.78789,0.47,0.75
30.08.2021 00:15:26.276,7.78852,7.78789,0.37,0.75
30.08.2021 00:15:28.276,7.7885,7.78789,0.37,0.75
30.08.2021 00:15:29.281,7.7885,7.7879000000000005,0.37,0.37
30.08.2021 00:16:16.741,7.788560000000001,7.787810000000001,0.37,0.47
30.08.2021 00:16:18.379,7.78852,7.78788,0.37,0.37
30.08.2021 00:16:44.242,7.78852,7.78789,0.37,0.75
30.08.2021 00:16:44.553,7.7885,7.78789,0.37,0.75
30.08.2021 00:16:49.314,7.788530000000001,7.78789,0.75,0.75
30.08.2021 00:17:13.307,7.78852,7.78789,0.75,0.75
30.08.2021 00:17:13.414,7.788530000000001,7.78789,0.75,0.75
30.08.2021 00:17:16.080,7.78852,7.78789,0.75,0.75
30.08.2021 00:17:16.130,7.788480000000001,7.78789,0.75,0.75
30.08.2021 00:17:20.504,7.788460000000001,7.78789,0.37,0.75
30.08.2021 00:17:32.740,7.788480000000001,7.78789,0.75,0.75
30.08.2021 00:17:40.547,7.78847,7.78794,0.37,0.37
30.08.2021 00:17:42.446,7.788480000000001,7.78793,1.12,0.37
30.08.2021 00:18:02.129,7.788480000000001,7.78789,0.75,0.75
30.08.2021 00:18:23.127,7.788480000000001,7.78775,0.75,0.85
30.08.2021 00:18:23.228,7.788480000000001,7.78789,0.75,0.37
30.08.2021 00:18:32.653,7.788460000000001,7.78789,0.37,1.12
30.08.2021 00:18:34.698,7.788480000000001,7.7879000000000005,1.12,0.37
30.08.2021 00:19:33.775,7.78847,7.787910000000001,0.37,0.37
30.08.2021 00:19:35.778,7.788460000000001,7.78792,0.37,0.37
30.08.2021 00:19:36.782,7.788460000000001,7.78793,0.37,0.37
30.08.2021 00:19:37.846,7.788460000000001,7.78794,0.37,0.37
30.08.2021 00:19:41.848,7.7885,7.78787,0.82,0.75
30.08.2021 00:19:41.899,7.788480000000001,7.78787,0.75,0.75
30.08.2021 00:19:56.282,7.788480000000001,7.78784,0.75,0.47
30.08.2021 00:20:41.797,7.788480000000001,7.78782,0.75,0.75
30.08.2021 00:20:51.740,7.788480000000001,7.78782,0.75,0.47
30.08.2021 00:21:37.026,7.788480000000001,7.78789,0.75,0.37
30.08.2021 00:22:41.403,7.788480000000001,7.78777,0.75,0.85
30.08.2021 00:22:42.262,7.788480000000001,7.78777,0.75,0.85
30.08.2021 00:23:11.810,7.788480000000001,7.787739999999999,0.75,0.85
30.08.2021 00:24:21.389,7.788480000000001,7.78788,0.75,0.37
30.08.2021 00:24:27.372,7.788480000000001,7.78787,0.75,0.82
30.08.2021 00:25:43.071,7.788480000000001,7.78772,0.75,0.75
30.08.2021 00:25:45.271,7.788480000000001,7.78772,0.75,0.85
30.08.2021 00:26:32.263,7.788510000000001,7.78787,0.82,0.85
30.08.2021 00:26:32.624,7.7885,7.78787,0.37,0.85
30.08.2021 00:26:34.627,7.7884899999999995,7.78787,0.37,0.85
30.08.2021 00:26:45.273,7.7884899999999995,7.78787,0.37,0.85
30.08.2021 00:26:52.225,7.7884899999999995,7.78793,0.37,0.75
30.08.2021 00:26:52.376,7.788480000000001,7.78799,0.37,0.37
30.08.2021 00:26:52.559,7.788530000000001,7.78793,1.12,0.82
30.08.2021 00:27:07.012,7.78857,7.787800000000001,0.47,0.85
30.08.2021 00:27:07.063,7.78852,7.787800000000001,0.37,0.85
30.08.2021 00:27:11.993,7.78852,7.78794,0.75,0.37
30.08.2021 00:27:13.003,7.78852,7.78795,0.75,0.37
30.08.2021 00:27:15.001,7.788510000000001,7.78795,0.37,0.37
30.08.2021 00:27:17.010,7.78852,7.78795,0.75,0.37
30.08.2021 00:27:19.019,7.788510000000001,7.78795,0.37,0.37
30.08.2021 00:27:21.726,7.78852,7.78795,0.75,0.37
30.08.2021 00:27:22.727,7.788510000000001,7.78795,0.37,0.37
30.08.2021 00:27:24.731,7.78852,7.78795,0.75,0.37
30.08.2021 00:27:26.288,7.788480000000001,7.78795,0.75,0.37
30.08.2021 00:27:33.929,7.788480000000001,7.78793,0.75,0.82
30.08.2021 00:27:48.828,7.78852,7.787910000000001,1.12,0.85
30.08.2021 00:27:49.841,7.788460000000001,7.787910000000001,0.37,0.85
30.08.2021 00:27:52.778,7.788480000000001,7.78799,0.75,0.37
30.08.2021 00:28:20.766,7.788539999999999,7.78799,1.22,0.37
30.08.2021 00:28:20.900,7.788539999999999,7.78799,1.5,0.37
30.08.2021 00:28:46.971,7.788539999999999,7.788060000000001,1.12,0.75
30.08.2021 00:28:47.021,7.788539999999999,7.78799,1.12,1.12
30.08.2021 00:28:47.122,7.788480000000001,7.78799,0.75,1.12
30.08.2021 00:28:52.194,7.78852,7.78799,0.37,0.75
30.08.2021 00:28:56.333,7.788480000000001,7.78799,0.75,0.75
30.08.2021 00:29:01.768,7.78852,7.78799,0.37,0.75
30.08.2021 00:29:01.819,7.78852,7.78789,0.37,0.47
30.08.2021 00:29:04.003,7.7885,7.78789,0.23,0.47
30.08.2021 00:29:14.489,7.7885,7.787960000000001,0.23,0.47
30.08.2021 00:29:14.590,7.7885,7.787980000000001,0.23,0.85
30.08.2021 00:29:15.609,7.7885,7.7879700000000005,0.23,1.12
30.08.2021 00:29:15.659,7.788480000000001,7.7879700000000005,0.75,1.12
30.08.2021 00:29:21.198,7.7885,7.7879700000000005,0.23,0.75
30.08.2021 00:29:21.249,7.7885,7.78793,0.92,1.2
30.08.2021 00:29:21.306,7.788480000000001,7.78793,0.75,1.2
30.08.2021 00:29:21.595,7.788480000000001,7.78794,0.75,0.37
30.08.2021 00:29:23.992,7.788480000000001,7.78793,0.75,0.82
30.08.2021 00:29:41.999,7.788480000000001,7.7879700000000005,0.37,0.75
30.08.2021 00:29:42.100,7.788480000000001,7.78793,0.37,0.85
30.08.2021 00:29:42.201,7.788480000000001,7.78793,1.12,0.85
30.08.2021 00:30:08.692,7.788480000000001,7.787910000000001,1.12,0.47
30.08.2021 00:30:09.614,7.788480000000001,7.7879700000000005,0.37,0.75
30.08.2021 00:30:09.715,7.788480000000001,7.78793,0.37,0.85
30.08.2021 00:30:09.941,7.788480000000001,7.78793,1.12,0.82
30.08.2021 00:30:15.311,7.788480000000001,7.78793,1.12,0.85
30.08.2021 00:30:20.826,7.788480000000001,7.78795,0.37,0.75
30.08.2021 00:30:22.096,7.78847,7.78795,0.37,0.82
30.08.2021 00:30:26.014,7.78847,7.78795,0.37,0.85
30.08.2021 00:30:36.732,7.78847,7.787960000000001,0.37,0.85
30.08.2021 00:30:36.782,7.78852,7.788010000000001,0.37,0.37
30.08.2021 00:30:37.994,7.78852,7.787960000000001,0.37,0.85
30.08.2021 00:30:45.135,7.788480000000001,7.787980000000001,0.37,0.85
30.08.2021 00:30:49.149,7.788480000000001,7.78802,0.37,0.37
30.08.2021 00:30:56.733,7.78852,7.788010000000001,0.37,0.37
30.08.2021 00:31:04.318,7.78852,7.78802,0.37,0.75
30.08.2021 00:31:04.421,7.788539999999999,7.78802,0.37,0.75
30.08.2021 00:31:05.177,7.788550000000001,7.78802,1.5,0.75
30.08.2021 00:31:10.285,7.788480000000001,7.78802,0.75,0.75
30.08.2021 00:31:11.255,7.788550000000001,7.78802,1.5,0.75
30.08.2021 00:31:11.305,7.788480000000001,7.78802,0.75,0.75
30.08.2021 00:31:32.485,7.788430000000001,7.78807,0.75,0.75
30.08.2021 00:32:24.946,7.7885,7.78804,0.37,0.37
30.08.2021 00:32:28.141,7.788430000000001,7.78807,0.75,0.75
30.08.2021 00:32:56.296,7.788430000000001,7.7881,0.75,0.75
30.08.2021 00:32:56.347,7.788530000000001,7.78805,0.75,0.37
30.08.2021 00:32:56.422,7.788480000000001,7.78805,0.75,0.37
30.08.2021 00:33:03.293,7.788430000000001,7.78807,0.75,0.75
30.08.2021 00:33:24.967,7.788430000000001,7.7881,0.75,0.75
30.08.2021 00:33:25.017,7.788430000000001,7.78807,0.75,0.75
30.08.2021 00:33:52.937,7.788530000000001,7.78805,0.37,0.75
30.08.2021 00:33:52.987,7.788530000000001,7.78805,0.37,0.85
30.08.2021 00:33:54.439,7.788539999999999,7.78805,1.12,0.85
30.08.2021 00:34:01.547,7.788430000000001,7.78807,0.75,0.82
30.08.2021 00:34:22.176,7.788430000000001,7.7881,0.75,0.75
30.08.2021 00:34:22.227,7.788430000000001,7.78807,0.75,0.82
30.08.2021 00:34:22.558,7.788539999999999,7.788060000000001,0.75,0.85
30.08.2021 00:34:27.584,7.788480000000001,7.788060000000001,0.75,0.85
30.08.2021 00:34:31.465,7.788430000000001,7.78807,0.75,0.82
30.08.2021 00:34:50.391,7.788539999999999,7.7881,0.75,0.75
30.08.2021 00:34:50.542,7.788539999999999,7.788060000000001,0.75,0.85
30.08.2021 00:34:54.988,7.788430000000001,7.78807,0.75,0.75
30.08.2021 00:35:19.812,7.788430000000001,7.788080000000001,0.75,0.75
30.08.2021 00:35:19.862,7.788550000000001,7.788080000000001,0.75,0.82
30.08.2021 00:35:19.963,7.788480000000001,7.788080000000001,0.75,0.82
30.08.2021 00:35:21.260,7.788430000000001,7.788080000000001,0.75,0.82
30.08.2021 00:35:47.846,7.788430000000001,7.78812,0.75,0.75
30.08.2021 00:35:47.947,7.788550000000001,7.788080000000001,0.75,0.82
30.08.2021 00:35:48.063,7.788480000000001,7.788080000000001,0.75,0.82
30.08.2021 00:35:53.535,7.78852,7.788080000000001,0.37,0.82
30.08.2021 00:35:55.767,7.788510000000001,7.788080000000001,0.37,0.82
30.08.2021 00:35:56.504,7.788430000000001,7.788080000000001,0.75,0.82
30.08.2021 00:35:58.199,7.788460000000001,7.78812,0.37,0.75
30.08.2021 00:35:59.207,7.788460000000001,7.788139999999999,0.37,0.37
30.08.2021 00:36:17.434,7.788480000000001,7.7881,0.75,0.82
30.08.2021 00:36:17.485,7.788550000000001,7.7881,0.75,0.82
30.08.2021 00:36:20.915,7.788480000000001,7.78812,0.75,0.75
30.08.2021 00:38:14.852,7.788560000000001,7.78807,0.37,0.47
30.08.2021 00:38:15.051,7.788600000000001,7.78807,0.47,0.47
30.08.2021 00:38:16.351,7.788480000000001,7.78812,0.75,2.32
30.08.2021 00:38:34.917,7.788600000000001,7.788080000000001,0.47,0.47
30.08.2021 00:38:36.699,7.788480000000001,7.78812,0.75,2.32
30.08.2021 00:38:45.037,7.788480000000001,7.788130000000001,0.75,0.75
30.08.2021 00:38:45.088,7.788560000000001,7.788160000000001,0.75,0.75
30.08.2021 00:38:50.038,7.788480000000001,7.788160000000001,0.75,0.75
30.08.2021 00:39:15.692,7.788480000000001,7.788139999999999,0.75,0.75
30.08.2021 00:39:15.793,7.78852,7.78817,0.37,0.75
30.08.2021 00:39:16.777,7.788530000000001,7.78817,0.75,0.75
30.08.2021 00:39:38.223,7.78847,7.78823,0.37,0.37
30.08.2021 00:39:53.251,7.788460000000001,7.78824,0.37,0.37
30.08.2021 00:39:55.274,7.78845,7.788250000000001,0.37,0.37
30.08.2021 00:39:57.526,7.788530000000001,7.78817,0.75,0.75
30.08.2021 00:40:14.034,7.788560000000001,7.788150000000001,0.37,1.12
30.08.2021 00:40:23.260,7.788560000000001,7.78817,0.37,0.75
30.08.2021 00:40:23.550,7.788530000000001,7.78817,0.75,0.75
30.08.2021 00:40:26.219,7.788530000000001,7.788200000000001,1.12,0.37
30.08.2021 00:40:45.361,7.788510000000001,7.78822,0.37,0.37
30.08.2021 00:40:46.306,7.7885,7.788250000000001,0.37,0.37
30.08.2021 00:40:53.729,7.788460000000001,7.78824,0.37,0.37
30.08.2021 00:41:02.371,7.78845,7.788250000000001,0.37,0.37
30.08.2021 00:41:11.720,7.7884899999999995,7.788210000000001,0.37,0.37
30.08.2021 00:41:14.417,7.7884899999999995,7.78822,0.37,0.37
30.08.2021 00:41:15.423,7.7884899999999995,7.78823,0.37,0.37
30.08.2021 00:41:16.478,7.7884899999999995,7.78824,0.37,0.37
30.08.2021 00:41:18.815,7.788530000000001,7.78817,0.75,0.75
30.08.2021 00:41:44.865,7.7885800000000005,7.7880899999999995,0.45,0.47
30.08.2021 00:41:44.915,7.788530000000001,7.78817,0.75,0.75
30.08.2021 00:42:16.928,7.788530000000001,7.78822,0.75,0.75
30.08.2021 00:42:44.903,7.788600000000001,7.788130000000001,0.47,0.85
30.08.2021 00:42:44.953,7.788530000000001,7.78822,0.75,0.75
30.08.2021 00:43:39.267,7.788530000000001,7.78817,0.75,1.2
30.08.2021 00:43:50.735,7.78847,7.78823,0.37,0.37
30.08.2021 00:44:05.762,7.788460000000001,7.78824,0.37,0.37
30.08.2021 00:44:21.796,7.78845,7.788250000000001,0.37,0.37
30.08.2021 00:44:46.225,7.788530000000001,7.78824,0.75,0.37
30.08.2021 00:44:46.325,7.788530000000001,7.78819,0.75,0.75
30.08.2021 00:44:48.502,7.788530000000001,7.78817,0.75,2.32
30.08.2021 00:44:53.972,7.788530000000001,7.788200000000001,0.75,0.37
30.08.2021 00:44:55.867,7.788530000000001,7.78819,0.75,0.37
30.08.2021 00:44:57.152,7.78857,7.78823,0.37,0.75
30.08.2021 00:44:57.438,7.788530000000001,7.78824,0.75,0.37
30.08.2021 00:44:57.488,7.788530000000001,7.788200000000001,0.75,0.37
30.08.2021 00:44:57.596,7.788530000000001,7.78822,0.75,0.75
30.08.2021 00:45:02.853,7.78852,7.78822,0.37,0.75
30.08.2021 00:45:03.138,7.788530000000001,7.78822,0.75,0.75
30.08.2021 00:45:12.106,7.788530000000001,7.78823,0.75,0.37
30.08.2021 00:45:24.925,7.788480000000001,7.78822,0.37,1.12
30.08.2021 00:45:40.295,7.78847,7.788250000000001,0.37,0.37
30.08.2021 00:45:41.299,7.788460000000001,7.788250000000001,0.37,0.37
30.08.2021 00:45:42.301,7.78845,7.788250000000001,0.37,0.37
30.08.2021 00:46:08.435,7.788530000000001,7.78817,0.75,0.75
30.08.2021 00:46:08.617,7.788530000000001,7.78817,0.75,0.85
30.08.2021 00:46:09.506,7.788480000000001,7.78817,0.75,0.85
30.08.2021 00:46:09.607,7.788530000000001,7.78817,0.75,0.85
30.08.2021 00:46:09.658,7.788480000000001,7.788150000000001,0.75,1.22
30.08.2021 00:46:15.409,7.788480000000001,7.788150000000001,0.75,0.85
30.08.2021 00:46:25.608,7.788480000000001,7.788150000000001,0.75,0.85
30.08.2021 00:46:28.818,7.788530000000001,7.78817,0.75,0.85
30.08.2021 00:46:28.958,7.788530000000001,7.78817,0.75,0.85
30.08.2021 00:47:01.122,7.788480000000001,7.78822,0.37,0.37
30.08.2021 00:47:01.774,7.78847,7.78817,0.37,0.85
30.08.2021 00:47:01.962,7.788530000000001,7.78822,0.75,0.75
30.08.2021 00:47:30.951,7.7885800000000005,7.78822,0.75,0.75
30.08.2021 00:48:06.280,7.78863,7.78832,0.85,0.75
30.08.2021 00:48:06.431,7.78863,7.78832,2.35,0.75
30.08.2021 00:48:06.531,7.7885800000000005,7.78822,0.75,2.35
30.08.2021 00:48:07.541,7.7885800000000005,7.788260000000001,0.75,0.37
30.08.2021 00:48:26.330,7.788530000000001,7.788260000000001,0.75,0.37
30.08.2021 00:48:27.309,7.788530000000001,7.78823,0.75,0.47
30.08.2021 00:48:39.336,7.788600000000001,7.78827,0.75,0.75
30.08.2021 00:48:39.387,7.78862,7.7883000000000004,0.82,0.37
30.08.2021 00:48:39.598,7.78863,7.7883000000000004,2.32,0.37
30.08.2021 00:48:40.383,7.78863,7.78829,2.32,0.37
30.08.2021 00:48:42.461,7.78863,7.78828,2.32,0.37
30.08.2021 00:48:43.465,7.78863,7.78829,2.32,0.37
30.08.2021 00:48:45.474,7.78863,7.7883000000000004,2.32,0.37
30.08.2021 00:49:09.831,7.7885800000000005,7.7883000000000004,0.75,0.37
30.08.2021 00:49:10.385,7.78857,7.78829,0.37,0.37
30.08.2021 00:49:11.656,7.788600000000001,7.78829,0.37,0.37
30.08.2021 00:49:11.877,7.78863,7.7883000000000004,2.25,0.37
30.08.2021 00:49:45.190,7.78863,7.78827,1.12,0.85
30.08.2021 00:49:56.780,7.78863,7.78827,1.12,0.85
30.08.2021 00:50:22.609,7.78863,7.78827,0.75,1.22
30.08.2021 00:50:22.870,7.78863,7.78834,0.75,0.37
30.08.2021 00:50:27.755,7.7885800000000005,7.78834,0.75,0.37
30.08.2021 00:50:27.805,7.7885800000000005,7.788250000000001,0.75,0.85
30.08.2021 00:50:27.906,7.788530000000001,7.78824,0.75,0.47
30.08.2021 00:50:43.958,7.788530000000001,7.788260000000001,0.75,0.37
30.08.2021 00:50:47.848,7.7885800000000005,7.788260000000001,0.75,0.37
30.08.2021 00:50:51.859,7.788530000000001,7.788260000000001,0.75,0.45
30.08.2021 00:50:52.595,7.788530000000001,7.78827,0.75,0.37
30.08.2021 00:50:53.600,7.788530000000001,7.788260000000001,0.75,0.45
30.08.2021 00:51:11.826,7.788560000000001,7.78824,0.37,0.47
30.08.2021 00:51:12.108,7.788560000000001,7.78824,0.37,0.47
30.08.2021 00:51:16.609,7.788560000000001,7.78824,0.37,0.47
30.08.2021 00:51:26.790,7.788560000000001,7.78827,0.37,0.75
30.08.2021 00:51:26.841,7.7885800000000005,7.78827,0.75,0.75
30.08.2021 00:51:26.942,7.788530000000001,7.788250000000001,0.75,0.47
30.08.2021 00:51:27.143,7.7885800000000005,7.788250000000001,0.75,0.47
30.08.2021 00:51:27.193,7.788530000000001,7.78827,0.75,0.82
30.08.2021 00:51:27.244,7.788610000000001,7.78827,0.37,0.85
30.08.2021 00:51:27.294,7.788600000000001,7.7883000000000004,0.75,0.37
30.08.2021 00:51:37.877,7.78863,7.7883000000000004,0.75,1.12
30.08.2021 00:51:38.689,7.78863,7.78829,0.75,0.37
30.08.2021 00:51:39.692,7.78863,7.7883000000000004,1.12,0.37
30.08.2021 00:51:42.698,7.78862,7.7883000000000004,0.37,0.37
30.08.2021 00:51:43.261,7.78862,7.78832,0.37,0.75
30.08.2021 00:51:43.312,7.78862,7.7883000000000004,0.37,0.37
30.08.2021 00:51:43.703,7.78864,7.78828,1.12,0.45
30.08.2021 00:51:45.708,7.78864,7.78829,0.75,0.37
30.08.2021 00:51:50.319,7.78863,7.78829,0.75,0.37
30.08.2021 00:51:54.872,7.78863,7.7883000000000004,0.75,0.37
30.08.2021 00:51:55.876,7.78863,7.78829,0.75,0.37
30.08.2021 00:51:57.728,7.78863,7.7883000000000004,0.75,0.37
30.08.2021 00:51:58.731,7.78863,7.788310000000001,1.12,0.37
30.08.2021 00:51:58.957,7.7885800000000005,7.788310000000001,0.75,0.37
30.08.2021 00:52:00.897,7.7885800000000005,7.788330000000001,0.75,0.37
30.08.2021 00:52:09.773,7.788600000000001,7.788310000000001,0.37,0.37
30.08.2021 00:52:10.759,7.788610000000001,7.788310000000001,0.75,0.37
30.08.2021 00:52:28.792,7.78859,7.78834,0.37,0.37
30.08.2021 00:52:29.795,7.788560000000001,7.78834,0.37,0.37
30.08.2021 00:52:34.447,7.78863,7.78834,1.5,0.37
30.08.2021 00:52:37.830,7.78863,7.7883000000000004,1.5,0.37
30.08.2021 00:52:40.217,7.7885800000000005,7.78828,0.75,0.45
30.08.2021 00:52:44.807,7.7885800000000005,7.78828,0.75,0.47
30.08.2021 00:52:44.858,7.78867,7.7883700000000005,1.42,0.75
30.08.2021 00:52:44.960,7.788710000000001,7.7883700000000005,0.37,0.75
30.08.2021 00:52:45.011,7.788710000000001,7.78842,0.37,0.75
30.08.2021 00:52:45.061,7.788780000000001,7.78842,0.75,0.75
30.08.2021 00:52:45.162,7.78864,7.788330000000001,0.75,0.47
30.08.2021 00:52:45.263,7.78863,7.788330000000001,1.5,0.37
30.08.2021 00:52:45.846,7.78863,7.78827,1.5,1.6
30.08.2021 00:52:47.506,7.78863,7.78834,2.25,0.75
30.08.2021 00:52:47.556,7.78863,7.78827,1.5,1.6
30.08.2021 00:52:49.009,7.78863,7.78827,1.5,1.97
30.08.2021 00:52:55.210,7.78863,7.78828,0.75,0.47
30.08.2021 00:52:55.361,7.78863,7.78827,2.25,1.22
30.08.2021 00:52:58.853,7.78863,7.788310000000001,1.5,0.37
30.08.2021 00:52:59.854,7.78863,7.788330000000001,1.5,0.37
30.08.2021 00:53:00.857,7.78863,7.78834,1.5,0.37
30.08.2021 00:53:01.860,7.78863,7.78835,1.5,0.37
30.08.2021 00:53:02.881,7.78863,7.788360000000001,1.5,0.37
30.08.2021 00:53:04.898,7.78867,7.788360000000001,0.37,0.37
30.08.2021 00:53:04.949,7.78863,7.788360000000001,1.5,0.37
30.08.2021 00:53:06.819,7.78863,7.7883000000000004,1.5,0.45
30.08.2021 00:53:06.922,7.78862,7.78828,0.37,0.47
30.08.2021 00:53:08.052,7.78862,7.78828,0.37,0.47
30.08.2021 00:53:09.656,7.78863,7.78832,0.37,0.75
30.08.2021 00:53:09.707,7.78867,7.78832,0.45,0.75
30.08.2021 00:53:09.883,7.78867,7.78832,0.37,1.6
30.08.2021 00:53:10.002,7.78868,7.78832,1.12,2.35
30.08.2021 00:53:11.403,7.78867,7.788330000000001,0.37,0.45
30.08.2021 00:53:11.718,7.78867,7.78834,0.37,0.37
30.08.2021 00:53:12.729,7.78867,7.78835,0.37,0.37
30.08.2021 00:53:20.116,7.78867,7.78832,0.37,2.35
30.08.2021 00:53:21.322,7.78864,7.78832,0.37,2.35
30.08.2021 00:53:21.976,7.78864,7.78832,0.37,2.32
30.08.2021 00:53:22.026,7.78863,7.78828,0.75,0.47
30.08.2021 00:53:22.077,7.7885800000000005,7.78832,0.75,0.75
30.08.2021 00:53:22.902,7.7885800000000005,7.788330000000001,0.75,0.37
30.08.2021 00:53:23.905,7.7885800000000005,7.78832,0.75,1.12
30.08.2021 00:53:24.794,7.78867,7.78832,1.22,0.37
30.08.2021 00:53:24.906,7.78867,7.78834,0.85,0.37
30.08.2021 00:53:30.027,7.7885800000000005,7.78834,0.75,0.37
30.08.2021 00:53:30.078,7.7885800000000005,7.78832,0.75,0.75
30.08.2021 00:53:30.178,7.7886500000000005,7.78832,1.12,0.75
30.08.2021 00:53:31.112,7.7886500000000005,7.788330000000001,1.12,0.37
30.08.2021 00:53:35.642,7.78864,7.788310000000001,0.37,0.37
30.08.2021 00:53:35.978,7.78863,7.78832,2.25,0.75
30.08.2021 00:53:36.646,7.78862,7.788330000000001,0.37,0.37
30.08.2021 00:53:37.462,7.78863,7.788330000000001,2.25,0.37
30.08.2021 00:53:38.466,7.78863,7.78834,2.25,0.37
30.08.2021 00:53:40.939,7.788600000000001,7.78832,0.37,1.12
30.08.2021 00:53:45.637,7.78859,7.78832,0.37,0.75
30.08.2021 00:53:47.649,7.7885800000000005,7.78832,0.37,1.12
30.08.2021 00:53:53.670,7.78857,7.788330000000001,0.37,0.37
30.08.2021 00:53:56.687,7.788560000000001,7.78834,0.37,0.37
30.08.2021 00:53:59.703,7.788550000000001,7.78835,0.37,0.37
30.08.2021 00:54:01.142,7.788610000000001,7.78835,0.37,0.37
30.08.2021 00:54:02.145,7.788610000000001,7.78834,0.37,0.37
30.08.2021 00:54:09.034,7.78863,7.78832,1.12,1.12
30.08.2021 00:54:19.018,7.78857,7.788330000000001,0.37,0.37
30.08.2021 00:54:34.329,7.78863,7.78832,0.75,1.12
30.08.2021 00:54:54.129,7.7885800000000005,7.78832,0.37,1.12
30.08.2021 00:54:55.132,7.78857,7.788330000000001,0.37,0.37
30.08.2021 00:54:55.434,7.78862,7.788330000000001,0.37,0.37
30.08.2021 00:54:58.447,7.78863,7.788330000000001,0.75,0.37
30.08.2021 00:55:24.671,7.788610000000001,7.78834,0.37,0.37
30.08.2021 00:55:25.635,7.788600000000001,7.78834,0.37,0.37
30.08.2021 00:55:30.163,7.788610000000001,7.78834,0.37,0.37
30.08.2021 00:56:05.233,7.78857,7.788330000000001,0.37,0.37
30.08.2021 00:56:05.676,7.788610000000001,7.78834,0.37,0.37
30.08.2021 00:56:23.272,7.788600000000001,7.78834,0.37,0.37
30.08.2021 00:56:25.201,7.7886500000000005,7.7884899999999995,0.37,0.75
30.08.2021 00:56:25.252,7.7886500000000005,7.78835,0.37,0.37
30.08.2021 00:56:25.810,7.78869,7.788330000000001,0.47,0.37
30.08.2021 00:56:26.764,7.78869,7.788330000000001,0.37,0.37
30.08.2021 00:56:27.768,7.78869,7.78834,0.37,0.37
30.08.2021 00:56:27.931,7.78869,7.78835,0.37,0.37
30.08.2021 00:56:28.945,7.78869,7.78834,0.75,0.37
30.08.2021 00:56:35.391,7.78863,7.78834,0.75,0.37
30.08.2021 00:56:41.308,7.788600000000001,7.78832,0.37,0.75
30.08.2021 00:56:41.607,7.788600000000001,7.7883000000000004,0.37,0.45
30.08.2021 00:56:56.336,7.78859,7.788310000000001,0.37,0.37
30.08.2021 00:56:57.167,7.7885800000000005,7.78835,0.37,0.37
30.08.2021 00:56:57.832,7.78863,7.78832,0.75,0.37
30.08.2021 00:56:59.183,7.78863,7.788330000000001,0.75,0.37
30.08.2021 00:57:00.184,7.788600000000001,7.788330000000001,0.37,0.37
30.08.2021 00:57:02.286,7.78863,7.7883700000000005,0.75,0.75
30.08.2021 00:57:02.387,7.78863,7.788430000000001,0.75,0.85
30.08.2021 00:57:02.438,7.78863,7.78832,0.75,0.82
30.08.2021 00:57:02.488,7.78863,7.78842,0.75,0.37
30.08.2021 00:57:02.538,7.788730000000001,7.78842,0.37,0.37
30.08.2021 00:57:02.589,7.788730000000001,7.78844,0.75,0.75
30.08.2021 00:57:02.690,7.7890500000000005,7.78859,0.37,0.75
30.08.2021 00:57:02.791,7.78903,7.788430000000001,0.75,0.85
30.08.2021 00:57:02.891,7.788710000000001,7.78834,0.37,0.37
30.08.2021 00:57:03.042,7.788710000000001,7.78835,0.37,0.37
30.08.2021 00:57:03.255,7.78882,7.78835,1.5,1.12
30.08.2021 00:57:03.305,7.78882,7.78839,1.5,0.85
30.08.2021 00:57:03.406,7.788930000000001,7.7884,0.37,0.85
30.08.2021 00:57:04.717,7.788950000000001,7.7884,0.37,0.85
30.08.2021 00:57:05.383,7.788950000000001,7.7884,0.37,0.85
30.08.2021 00:57:05.827,7.788950000000001,7.78842,0.37,2.35
30.08.2021 00:57:05.928,7.788860000000001,7.78842,0.75,0.85
30.08.2021 00:57:05.978,7.788860000000001,7.78842,0.75,0.85
30.08.2021 00:57:11.214,7.788860000000001,7.788380000000001,0.75,0.85
30.08.2021 00:57:13.383,7.78892,7.78842,0.75,0.82
30.08.2021 00:57:13.434,7.78892,7.78842,0.75,0.85
30.08.2021 00:57:13.585,7.788930000000001,7.78842,0.75,0.85
30.08.2021 00:57:13.703,7.78894,7.78842,0.75,0.85
30.08.2021 00:57:13.854,7.788880000000001,7.788380000000001,0.75,1.22
30.08.2021 00:57:13.904,7.788950000000001,7.788380000000001,0.37,0.47
30.08.2021 00:57:14.158,7.788950000000001,7.788360000000001,0.37,0.47
30.08.2021 00:57:14.886,7.788910000000001,7.788360000000001,0.37,0.47
30.08.2021 00:57:15.228,7.788910000000001,7.78835,0.37,0.47
30.08.2021 00:57:15.329,7.788860000000001,7.78842,0.75,0.47
30.08.2021 00:57:15.430,7.78887,7.78842,0.37,0.47
30.08.2021 00:57:16.086,7.788910000000001,7.78842,0.75,2.35
30.08.2021 00:57:16.700,7.78894,7.78847,1.12,0.75
30.08.2021 00:57:16.751,7.788880000000001,7.78852,0.75,0.75
30.08.2021 00:57:17.071,7.788730000000001,7.788380000000001,0.75,1.6
30.08.2021 00:57:17.122,7.788730000000001,7.788380000000001,0.75,1.6
30.08.2021 00:57:17.222,7.788830000000001,7.788410000000001,0.37,0.85
30.08.2021 00:57:17.273,7.788830000000001,7.78842,0.37,2.35
30.08.2021 00:57:17.374,7.788910000000001,7.788430000000001,0.75,0.85
30.08.2021 00:57:17.478,7.788910000000001,7.788430000000001,0.75,0.85
30.08.2021 00:57:18.330,7.78894,7.788460000000001,0.37,0.85
30.08.2021 00:57:18.380,7.78894,7.788460000000001,0.37,0.85
30.08.2021 00:57:18.481,7.7889800000000005,7.78847,0.75,0.85
30.08.2021 00:57:18.784,7.788910000000001,7.788430000000001,0.75,1.22
30.08.2021 00:57:18.935,7.788910000000001,7.788430000000001,0.75,1.22
30.08.2021 00:57:19.206,7.788880000000001,7.788430000000001,0.75,0.47
30.08.2021 00:57:19.307,7.78887,7.78839,0.75,0.85
30.08.2021 00:57:19.357,7.7889,7.78842,0.75,0.85
30.08.2021 00:57:20.312,7.788880000000001,7.78842,0.75,0.85
30.08.2021 00:57:20.413,7.78887,7.78839,0.75,1.22
30.08.2021 00:57:20.523,7.78887,7.78839,0.75,0.47
30.08.2021 00:57:28.406,7.78887,7.78857,0.75,0.37
30.08.2021 00:57:28.521,7.788780000000001,7.78842,0.75,1.22
30.08.2021 00:57:28.855,7.788780000000001,7.78842,0.75,1.2
30.08.2021 00:57:29.156,7.788830000000001,7.78847,0.75,0.75
30.08.2021 00:57:29.311,7.788780000000001,7.78842,0.75,1.2
30.08.2021 00:57:30.051,7.788830000000001,7.78847,0.75,0.75
30.08.2021 00:57:30.359,7.788830000000001,7.78847,0.75,0.85
30.08.2021 00:57:31.518,7.788780000000001,7.78842,0.75,1.6
30.08.2021 00:57:31.568,7.788780000000001,7.78842,0.75,1.22
30.08.2021 00:57:31.619,7.788780000000001,7.78842,0.75,1.22
30.08.2021 00:57:31.843,7.788780000000001,7.78842,0.75,1.22
30.08.2021 00:57:34.171,7.788780000000001,7.78842,0.75,0.85
30.08.2021 00:57:35.182,7.788780000000001,7.788460000000001,0.75,0.37
30.08.2021 00:57:38.199,7.788780000000001,7.78845,0.75,0.45
30.08.2021 00:57:39.201,7.788780000000001,7.788460000000001,0.75,0.37
30.08.2021 00:57:40.104,7.788830000000001,7.78847,0.75,0.75
30.08.2021 00:57:47.854,7.788780000000001,7.78842,0.75,0.85
30.08.2021 00:57:47.955,7.788780000000001,7.78842,0.75,0.85
30.08.2021 00:57:53.434,7.788780000000001,7.78842,0.75,0.85
30.08.2021 00:58:03.476,7.788780000000001,7.78847,0.75,0.37
30.08.2021 00:58:04.478,7.788780000000001,7.7885,0.75,0.37
30.08.2021 00:58:07.672,7.788780000000001,7.788510000000001,0.75,0.37
30.08.2021 00:58:08.680,7.788780000000001,7.78852,0.75,0.37
30.08.2021 00:58:10.281,7.788780000000001,7.78842,0.75,0.85
30.08.2021 00:58:15.307,7.788780000000001,7.78842,0.75,0.85
30.08.2021 00:58:16.341,7.788780000000001,7.7884899999999995,0.75,0.37
30.08.2021 00:58:24.919,7.788880000000001,7.7884899999999995,0.37,0.37
30.08.2021 00:58:25.235,7.788889999999999,7.7884899999999995,0.37,0.37
30.08.2021 00:58:25.286,7.788830000000001,7.7885,0.75,0.37
30.08.2021 00:58:25.337,7.788830000000001,7.78847,0.75,0.75
30.08.2021 00:58:27.399,7.788780000000001,7.788430000000001,0.75,0.47
30.08.2021 00:58:27.499,7.788780000000001,7.788430000000001,0.75,0.37
30.08.2021 00:58:28.527,7.788780000000001,7.78842,0.75,0.75
30.08.2021 00:58:34.576,7.788780000000001,7.78842,0.75,0.85
30.08.2021 00:58:34.977,7.788880000000001,7.788430000000001,0.37,0.45
30.08.2021 00:58:35.028,7.788780000000001,7.788430000000001,0.75,0.45
30.08.2021 00:58:37.608,7.788780000000001,7.78842,0.75,1.22
30.08.2021 00:58:39.878,7.788780000000001,7.78842,0.75,1.22
30.08.2021 00:58:41.154,7.788780000000001,7.788510000000001,0.75,0.37
30.08.2021 00:58:50.571,7.788780000000001,7.78852,0.75,0.37
30.08.2021 00:58:51.578,7.788780000000001,7.788530000000001,0.75,0.37
30.08.2021 00:58:53.458,7.788830000000001,7.788530000000001,0.75,0.37
30.08.2021 00:58:53.558,7.788780000000001,7.78842,0.75,0.85
30.08.2021 00:58:56.380,7.788780000000001,7.78842,0.75,0.85
30.08.2021 00:59:06.206,7.788780000000001,7.78842,0.75,0.85
30.08.2021 00:59:07.640,7.788780000000001,7.78842,0.75,0.85
30.08.2021 00:59:07.791,7.788830000000001,7.78847,0.75,0.75
30.08.2021 00:59:21.366,7.788880000000001,7.78852,0.75,0.75
30.08.2021 00:59:24.143,7.788930000000001,7.78862,0.37,0.75
30.08.2021 00:59:24.193,7.788880000000001,7.788530000000001,0.75,0.37
30.08.2021 00:59:24.244,7.78897,7.78863,0.37,0.75
30.08.2021 00:59:24.345,7.788960000000001,7.78857,0.75,0.75
30.08.2021 00:59:24.396,7.788930000000001,7.78859,0.75,0.75
30.08.2021 00:59:24.516,7.78903,7.78867,0.75,0.75
30.08.2021 00:59:24.816,7.788930000000001,7.78867,0.37,0.75
30.08.2021 00:59:24.968,7.788930000000001,7.78859,1.12,0.37
30.08.2021 00:59:25.642,7.788930000000001,7.78857,1.12,1.12
30.08.2021 00:59:39.940,7.788930000000001,7.78859,0.75,0.37
30.08.2021 00:59:44.208,7.78897,7.788660000000001,0.75,0.75
30.08.2021 00:59:44.309,7.7889800000000005,7.788660000000001,0.75,0.75
30.08.2021 00:59:44.410,7.788960000000001,7.78863,0.75,0.37
30.08.2021 00:59:44.461,7.788930000000001,7.78863,0.75,0.37
30.08.2021 00:59:44.571,7.788910000000001,7.78857,0.37,2.25
30.08.2021 00:59:44.795,7.788910000000001,7.788560000000001,0.37,0.37
30.08.2021 00:59:44.846,7.788880000000001,7.788560000000001,0.75,0.37
30.08.2021 00:59:45.529,7.788880000000001,7.788550000000001,0.75,1.12
30.08.2021 00:59:53.644,7.788880000000001,7.78859,0.75,0.37
30.08.2021 00:59:53.694,7.788930000000001,7.78859,0.75,0.37
30.08.2021 00:59:54.245,7.788880000000001,7.78859,0.75,0.37
30.08.2021 00:59:54.699,7.788880000000001,7.788550000000001,0.75,0.37
30.08.2021 00:59:55.386,7.7889800000000005,7.78862,1.12,0.75
30.08.2021 00:59:55.437,7.7889800000000005,7.7886500000000005,1.12,0.37
30.08.2021 00:59:55.538,7.7889800000000005,7.78872,0.75,0.75
30.08.2021 00:59:55.588,7.788960000000001,7.7886500000000005,0.75,0.37
30.08.2021 00:59:55.639,7.788880000000001,7.7886500000000005,0.75,0.37
30.08.2021 00:59:55.689,7.788880000000001,7.788539999999999,0.75,0.45
30.08.2021 00:59:56.580,7.788880000000001,7.788550000000001,0.75,0.37
30.08.2021 00:59:57.582,7.788880000000001,7.788539999999999,0.75,0.45
30.08.2021 01:00:08.749,7.788880000000001,7.788550000000001,0.75,0.37
30.08.2021 01:00:09.791,7.788880000000001,7.78862,0.75,0.37
30.08.2021 01:00:12.280,7.788880000000001,7.788550000000001,0.75,0.37
30.08.2021 01:00:16.744,7.788880000000001,7.7885800000000005,0.75,0.37
30.08.2021 01:00:17.954,7.788930000000001,7.7885800000000005,0.75,0.37
30.08.2021 01:00:18.054,7.788930000000001,7.788600000000001,0.75,0.37
30.08.2021 01:00:18.266,7.788930000000001,7.78857,0.75,1.12
30.08.2021 01:00:20.755,7.788930000000001,7.7885800000000005,0.75,0.37
30.08.2021 01:00:21.386,7.7889800000000005,7.78862,0.75,0.75
30.08.2021 01:00:21.486,7.7889800000000005,7.788660000000001,0.75,0.37
30.08.2021 01:00:21.587,7.788960000000001,7.788660000000001,0.75,0.37
30.08.2021 01:00:21.709,7.788930000000001,7.78863,0.75,0.37
30.08.2021 01:00:21.918,7.788930000000001,7.78859,0.75,0.37
30.08.2021 01:00:22.755,7.788930000000001,7.7885800000000005,0.75,0.37
30.08.2021 01:00:24.763,7.788930000000001,7.78857,0.75,1.12
30.08.2021 01:00:26.796,7.788880000000001,7.78852,0.75,0.85
30.08.2021 01:00:26.897,7.788880000000001,7.78852,0.75,2.25
30.08.2021 01:00:26.998,7.788830000000001,7.7884899999999995,0.75,0.37
30.08.2021 01:00:27.801,7.788830000000001,7.78847,0.75,0.82
30.08.2021 01:00:27.914,7.788830000000001,7.7884899999999995,0.75,0.37
30.08.2021 01:00:28.294,7.788830000000001,7.788560000000001,0.75,0.75
30.08.2021 01:00:28.395,7.788830000000001,7.7884899999999995,0.75,0.37
30.08.2021 01:00:28.583,7.7889,7.7884899999999995,0.75,0.45
30.08.2021 01:00:31.775,7.7889,7.788480000000001,0.75,1.2
30.08.2021 01:00:41.105,7.788889999999999,7.788480000000001,0.85,0.75
30.08.2021 01:00:41.266,7.788880000000001,7.788430000000001,0.85,0.37
30.08.2021 01:00:41.316,7.788880000000001,7.788430000000001,0.85,0.37
30.08.2021 01:00:41.467,7.788950000000001,7.788430000000001,1.22,0.37
30.08.2021 01:00:41.568,7.788950000000001,7.788430000000001,1.22,1.15
30.08.2021 01:00:41.662,7.788950000000001,7.788460000000001,1.22,0.75
30.08.2021 01:00:41.766,7.788950000000001,7.788460000000001,1.12,0.82
30.08.2021 01:00:42.273,7.788950000000001,7.788460000000001,1.12,0.85
30.08.2021 01:00:51.383,7.788889999999999,7.78847,0.37,0.47
30.08.2021 01:00:52.601,7.788950000000001,7.78847,0.75,0.47
30.08.2021 01:00:52.659,7.788950000000001,7.78847,0.75,0.47
30.08.2021 01:00:52.760,7.788930000000001,7.78845,0.75,0.47
30.08.2021 01:00:52.924,7.788930000000001,7.78845,0.75,0.47
30.08.2021 01:00:53.748,7.788930000000001,7.78845,0.75,0.75
30.08.2021 01:00:54.673,7.788930000000001,7.7884899999999995,0.75,0.37
30.08.2021 01:00:55.735,7.788930000000001,7.788460000000001,0.75,0.37
30.08.2021 01:00:56.737,7.788930000000001,7.78845,0.75,0.45
30.08.2021 01:00:57.789,7.7888399999999995,7.78845,0.37,0.45
30.08.2021 01:00:59.278,7.78885,7.78845,0.37,0.45
30.08.2021 01:01:02.059,7.78885,7.788480000000001,0.37,0.75
30.08.2021 01:01:02.280,7.788860000000001,7.788480000000001,0.37,0.75
30.08.2021 01:01:05.280,7.78887,7.788480000000001,0.37,0.75
30.08.2021 01:01:26.171,7.78887,7.788539999999999,0.37,0.75
30.08.2021 01:01:26.221,7.788930000000001,7.788539999999999,0.37,0.75
30.08.2021 01:01:38.225,7.788930000000001,7.788480000000001,0.37,1.12
30.08.2021 01:01:40.912,7.788930000000001,7.7884899999999995,0.37,0.37
30.08.2021 01:01:41.426,7.788930000000001,7.788539999999999,0.37,0.75
30.08.2021 01:01:54.253,7.788930000000001,7.788550000000001,0.37,0.37
30.08.2021 01:01:55.259,7.788930000000001,7.788560000000001,0.37,0.37
30.08.2021 01:01:56.260,7.788930000000001,7.78857,0.37,0.37
30.08.2021 01:01:56.532,7.788930000000001,7.788550000000001,0.37,0.37
30.08.2021 01:01:58.849,7.788930000000001,7.788539999999999,0.45,0.75
30.08.2021 01:01:58.954,7.788880000000001,7.788539999999999,0.37,0.75
30.08.2021 01:02:02.843,7.78894,7.788539999999999,0.45,0.75
30.08.2021 01:02:03.098,7.78894,7.788530000000001,0.37,0.75
30.08.2021 01:02:05.866,7.788930000000001,7.788530000000001,0.37,0.75
30.08.2021 01:02:06.942,7.788910000000001,7.788530000000001,0.37,0.75
30.08.2021 01:02:07.971,7.788930000000001,7.788530000000001,0.75,0.75
30.08.2021 01:02:09.975,7.78892,7.788530000000001,0.37,0.75
30.08.2021 01:02:11.764,7.78892,7.78852,0.37,2.25
30.08.2021 01:02:12.019,7.788930000000001,7.788530000000001,0.75,0.37
30.08.2021 01:02:12.979,7.788930000000001,7.7885800000000005,0.75,0.37
30.08.2021 01:02:13.981,7.78892,7.78859,0.37,0.37
30.08.2021 01:02:14.983,7.788910000000001,7.788600000000001,0.37,0.37
30.08.2021 01:02:16.136,7.788930000000001,7.788610000000001,0.37,0.37
30.08.2021 01:02:16.479,7.788930000000001,7.78859,0.37,0.75
30.08.2021 01:02:16.959,7.78897,7.78859,0.37,0.75
30.08.2021 01:02:17.637,7.78897,7.78862,0.37,0.75
30.08.2021 01:02:19.289,7.78897,7.788600000000001,0.37,0.37
30.08.2021 01:02:22.548,7.78899,7.78864,0.37,0.75
30.08.2021 01:02:22.699,7.78899,7.7886500000000005,0.37,0.75
30.08.2021 01:02:22.800,7.78899,7.788710000000001,0.37,0.75
30.08.2021 01:02:22.951,7.7891200000000005,7.78879,0.37,0.75
30.08.2021 01:02:23.002,7.7892,7.78879,0.37,0.75
30.08.2021 01:02:24.246,7.78922,7.78879,0.75,0.75
30.08.2021 01:02:33.117,7.78919,7.7887,0.37,2.25
30.08.2021 01:02:34.754,7.7892,7.7887,0.37,0.75
30.08.2021 01:02:37.277,7.7892,7.78879,0.37,0.75
30.08.2021 01:02:37.528,7.789160000000001,7.78879,0.37,0.75
30.08.2021 01:02:39.028,7.78917,7.78879,0.37,0.75
30.08.2021 01:02:47.048,7.78917,7.7888,0.37,0.37
30.08.2021 01:02:48.083,7.78917,7.788810000000001,0.37,0.37
30.08.2021 01:02:49.053,7.78917,7.788830000000001,0.37,0.37
30.08.2021 01:02:49.533,7.789180000000001,7.788830000000001,0.37,0.37
30.08.2021 01:02:50.055,7.789180000000001,7.78885,0.37,0.37
30.08.2021 01:02:55.467,7.789180000000001,7.788889999999999,0.37,0.75
30.08.2021 01:02:55.518,7.78925,7.788889999999999,0.47,0.75
30.08.2021 01:02:55.618,7.78925,7.78879,0.37,0.75
30.08.2021 01:02:56.971,7.78932,7.78879,0.45,0.75
30.08.2021 01:02:57.152,7.78932,7.7888,0.45,0.75
30.08.2021 01:02:58.074,7.78932,7.788810000000001,0.37,0.37
30.08.2021 01:02:58.472,7.7893300000000005,7.788810000000001,0.37,0.37
30.08.2021 01:03:00.242,7.7893300000000005,7.788830000000001,0.37,0.37
30.08.2021 01:03:02.081,7.7893300000000005,7.7888399999999995,0.37,0.37
30.08.2021 01:03:03.082,7.7893300000000005,7.7889,0.37,0.37
30.08.2021 01:03:10.198,7.7893300000000005,7.788910000000001,0.45,0.37
30.08.2021 01:03:11.524,7.7893300000000005,7.788960000000001,0.45,0.37
30.08.2021 01:03:13.103,7.7893300000000005,7.78897,0.45,0.37
30.08.2021 01:03:13.876,7.78934,7.78894,0.45,0.75
30.08.2021 01:03:14.396,7.78934,7.78882,0.37,0.82
30.08.2021 01:03:14.497,7.78934,7.788830000000001,0.37,0.82
30.08.2021 01:03:14.647,7.78934,7.7888399999999995,0.37,1.12
30.08.2021 01:03:15.153,7.7894000000000005,7.7888399999999995,0.37,1.12
30.08.2021 01:03:15.643,7.7894000000000005,7.78885,0.37,0.37
30.08.2021 01:03:16.649,7.7894000000000005,7.78887,0.37,0.37
30.08.2021 01:03:17.814,7.7894000000000005,7.7888399999999995,0.37,0.75
30.08.2021 01:03:17.915,7.78939,7.788810000000001,0.37,0.85
30.08.2021 01:03:18.838,7.78939,7.788910000000001,0.37,0.75
30.08.2021 01:03:19.005,7.78939,7.78892,0.37,0.75
30.08.2021 01:03:19.357,7.78944,7.78892,0.37,0.75
30.08.2021 01:03:22.426,7.78944,7.78892,0.37,0.85
30.08.2021 01:03:25.607,7.78944,7.78892,0.37,0.85
30.08.2021 01:03:26.493,7.789460000000001,7.78892,0.37,0.85
30.08.2021 01:03:29.509,7.789460000000001,7.789060000000001,0.37,0.37
30.08.2021 01:03:43.570,7.789460000000001,7.78907,0.45,0.37
30.08.2021 01:03:44.292,7.78944,7.78892,0.37,0.85
30.08.2021 01:03:49.607,7.78944,7.78892,0.37,0.85
30.08.2021 01:03:50.279,7.7893300000000005,7.788889999999999,0.75,2.32
30.08.2021 01:04:01.138,7.7893300000000005,7.7889,0.75,0.37
30.08.2021 01:04:05.340,7.789280000000001,7.7889,0.75,0.37
30.08.2021 01:04:05.391,7.7892600000000005,7.78885,0.37,0.82
30.08.2021 01:04:06.866,7.789280000000001,7.78885,1.12,0.75
30.08.2021 01:04:12.316,7.7892600000000005,7.78885,0.37,0.75
30.08.2021 01:04:13.816,7.789280000000001,7.78885,1.12,0.75
30.08.2021 01:04:18.238,7.789280000000001,7.788910000000001,1.12,0.37
30.08.2021 01:04:21.242,7.789280000000001,7.78892,1.12,0.37
30.08.2021 01:04:22.248,7.789280000000001,7.788930000000001,1.12,0.37
30.08.2021 01:04:23.250,7.789280000000001,7.788960000000001,1.12,0.37
30.08.2021 01:04:24.252,7.789280000000001,7.78897,0.75,0.37
30.08.2021 01:04:26.255,7.789280000000001,7.788960000000001,0.75,0.37
30.08.2021 01:04:27.257,7.789280000000001,7.78894,0.75,0.37
30.08.2021 01:04:31.784,7.789300000000001,7.78894,0.37,0.37
30.08.2021 01:04:31.835,7.7892600000000005,7.788889999999999,0.37,0.75
30.08.2021 01:04:37.277,7.7892600000000005,7.7889,0.37,0.37
30.08.2021 01:04:38.278,7.7892600000000005,7.788960000000001,0.37,0.37
30.08.2021 01:04:42.398,7.7892600000000005,7.788889999999999,0.37,0.75
30.08.2021 01:04:44.899,7.7892600000000005,7.788880000000001,0.37,0.37
30.08.2021 01:04:46.280,7.78925,7.78887,0.37,0.75
30.08.2021 01:04:47.203,7.78925,7.788889999999999,0.37,0.75
30.08.2021 01:04:49.874,7.789230000000001,7.78892,0.37,0.75
30.08.2021 01:04:50.909,7.789280000000001,7.78892,0.37,0.75
30.08.2021 01:04:52.845,7.789280000000001,7.788960000000001,0.37,0.37
30.08.2021 01:04:57.471,7.7892600000000005,7.788960000000001,0.37,0.37
30.08.2021 01:05:00.799,7.78927,7.78892,0.37,0.75
30.08.2021 01:05:00.899,7.78927,7.788889999999999,0.37,0.82
30.08.2021 01:05:04.379,7.7892600000000005,7.788889999999999,0.37,0.75
30.08.2021 01:05:04.479,7.7892600000000005,7.78892,0.37,0.75
30.08.2021 01:05:05.830,7.78925,7.78892,0.37,0.75
30.08.2021 01:05:16.206,7.78925,7.78894,0.37,0.75
30.08.2021 01:05:16.876,7.78932,7.78894,0.37,0.75
30.08.2021 01:05:18.415,7.789310000000001,7.78894,0.37,0.75
30.08.2021 01:05:22.023,7.78932,7.78894,0.37,0.75
30.08.2021 01:05:25.154,7.789230000000001,7.788889999999999,0.75,0.47
30.08.2021 01:05:25.255,7.789180000000001,7.78887,0.75,0.75
30.08.2021 01:05:25.406,7.789130000000001,7.788889999999999,0.37,0.75
30.08.2021 01:05:25.507,7.789130000000001,7.788830000000001,0.37,0.37
30.08.2021 01:05:25.658,7.789130000000001,7.78879,0.37,0.75
30.08.2021 01:05:26.286,7.789130000000001,7.788880000000001,0.37,0.75
30.08.2021 01:05:26.336,7.78927,7.788880000000001,1.2,0.75
30.08.2021 01:05:26.387,7.78927,7.78894,0.37,0.75
30.08.2021 01:05:27.664,7.78934,7.78899,0.37,0.75
30.08.2021 01:05:30.776,7.789360000000001,7.78899,0.37,0.75
30.08.2021 01:05:33.767,7.789350000000001,7.78899,0.37,0.75
30.08.2021 01:05:34.964,7.789350000000001,7.78904,0.37,0.75
30.08.2021 01:05:35.268,7.78939,7.78904,0.37,0.75
30.08.2021 01:05:39.847,7.78943,7.78909,0.37,0.75
30.08.2021 01:05:40.760,7.7894000000000005,7.7889800000000005,0.75,0.37
30.08.2021 01:05:40.911,7.78938,7.7889800000000005,0.37,0.37
30.08.2021 01:05:41.286,7.78938,7.78894,0.37,0.75
30.08.2021 01:05:41.337,7.789289999999999,7.788889999999999,0.37,0.75
30.08.2021 01:05:42.816,7.7892600000000005,7.788889999999999,0.37,0.75
30.08.2021 01:06:03.098,7.789280000000001,7.788889999999999,0.37,0.75
30.08.2021 01:06:03.149,7.78932,7.78899,0.37,0.75
30.08.2021 01:06:14.292,7.7893300000000005,7.78899,0.37,0.75
30.08.2021 01:06:15.793,7.789310000000001,7.78899,0.37,0.75
30.08.2021 01:06:17.293,7.7893300000000005,7.78899,0.37,0.75
30.08.2021 01:06:18.793,7.78932,7.78899,0.37,0.75
30.08.2021 01:06:20.074,7.78932,7.7889,0.37,0.37
30.08.2021 01:06:20.293,7.7893300000000005,7.7889,0.37,0.37
30.08.2021 01:06:20.491,7.7893300000000005,7.788910000000001,0.37,0.37
30.08.2021 01:06:21.492,7.78932,7.78892,0.37,0.37
30.08.2021 01:06:22.083,7.78932,7.789000000000001,0.37,0.37
30.08.2021 01:06:24.296,7.78932,7.788950000000001,0.37,0.37
30.08.2021 01:06:24.795,7.78934,7.788950000000001,0.37,0.37
30.08.2021 01:06:25.328,7.78934,7.788960000000001,0.37,0.37
30.08.2021 01:06:27.027,7.7893300000000005,7.788960000000001,0.37,0.37
30.08.2021 01:06:27.509,7.7893300000000005,7.78897,0.37,0.37
30.08.2021 01:06:28.508,7.7893300000000005,7.788960000000001,0.37,0.37
30.08.2021 01:06:30.434,7.7893300000000005,7.78899,0.37,0.75
30.08.2021 01:06:38.715,7.78932,7.78899,0.37,0.75
30.08.2021 01:06:44.731,7.7893300000000005,7.78899,0.37,0.75
30.08.2021 01:06:44.922,7.7893300000000005,7.788910000000001,0.37,0.37
30.08.2021 01:06:45.542,7.7893300000000005,7.788930000000001,0.37,0.37
30.08.2021 01:06:45.753,7.7893300000000005,7.78887,0.37,0.37
30.08.2021 01:06:46.216,7.789310000000001,7.78887,0.37,0.37
30.08.2021 01:06:47.835,7.789310000000001,7.788889999999999,0.37,0.37
30.08.2021 01:06:48.115,7.789310000000001,7.7888399999999995,0.37,0.85
30.08.2021 01:07:06.197,7.789310000000001,7.78899,0.37,0.75
30.08.2021 01:07:06.351,7.7893300000000005,7.78899,0.37,0.75
30.08.2021 01:07:20.496,7.7893300000000005,7.788950000000001,0.37,0.37
30.08.2021 01:07:20.631,7.7893300000000005,7.78899,0.37,0.75
30.08.2021 01:07:45.662,7.7893300000000005,7.78902,0.37,0.37
30.08.2021 01:07:52.114,7.7893300000000005,7.78899,0.37,0.75
30.08.2021 01:08:07.859,7.789360000000001,7.78899,0.37,0.75
30.08.2021 01:08:15.722,7.789350000000001,7.78899,0.37,0.75
30.08.2021 01:08:16.640,7.789300000000001,7.78899,0.37,0.75
30.08.2021 01:08:29.073,7.78937,7.78899,1.12,0.75
30.08.2021 01:08:30.754,7.789360000000001,7.78899,0.37,0.75
30.08.2021 01:08:31.756,7.7893300000000005,7.78899,0.37,0.75
30.08.2021 01:09:08.695,7.78937,7.78899,1.12,0.75
30.08.2021 01:09:23.862,7.789360000000001,7.78899,0.37,0.75
30.08.2021 01:09:39.236,7.789360000000001,7.78904,0.37,0.75
30.08.2021 01:09:39.287,7.7894000000000005,7.78904,0.75,0.75
30.08.2021 01:09:39.388,7.78942,7.78904,0.75,0.75
30.08.2021 01:09:39.488,7.78942,7.78899,0.75,0.75
30.08.2021 01:09:39.609,7.7894000000000005,7.78899,0.75,0.75
30.08.2021 01:09:41.392,7.78938,7.78899,0.37,0.75
30.08.2021 01:10:00.324,7.7894000000000005,7.78899,0.75,0.75
30.08.2021 01:10:17.429,7.78937,7.78899,0.37,0.75
30.08.2021 01:10:59.795,7.78937,7.78904,0.37,0.75
30.08.2021 01:11:20.571,7.789410000000001,7.78904,0.75,0.75
30.08.2021 01:11:27.695,7.789410000000001,7.78899,0.75,2.25
30.08.2021 01:11:27.746,7.78938,7.78899,0.75,0.75
30.08.2021 01:11:36.668,7.78942,7.78899,0.82,0.75
30.08.2021 01:11:36.718,7.78938,7.78899,0.75,0.75
30.08.2021 01:12:11.971,7.78944,7.78899,0.75,0.75
30.08.2021 01:12:20.522,7.78939,7.78899,0.37,0.75
30.08.2021 01:12:20.573,7.78944,7.78899,0.75,0.75
30.08.2021 01:12:20.623,7.78938,7.78899,0.75,0.75
30.08.2021 01:13:10.570,7.78944,7.78899,0.75,0.75
30.08.2021 01:13:25.124,7.78939,7.78894,0.75,0.75
30.08.2021 01:13:25.275,7.78934,7.788889999999999,2.25,0.75
30.08.2021 01:13:25.376,7.78934,7.788889999999999,2.35,0.75
30.08.2021 01:13:25.485,7.789360000000001,7.78894,0.85,0.75
30.08.2021 01:13:25.592,7.789230000000001,7.7888399999999995,0.75,0.37
30.08.2021 01:13:25.774,7.789230000000001,7.78879,0.75,0.82
30.08.2021 01:13:26.827,7.789230000000001,7.7888399999999995,0.75,0.75
30.08.2021 01:13:26.928,7.789230000000001,7.788830000000001,0.75,0.37
30.08.2021 01:13:27.319,7.789230000000001,7.78879,0.75,1.12
30.08.2021 01:13:47.973,7.789230000000001,7.7888399999999995,2.25,0.75
30.08.2021 01:13:48.074,7.789230000000001,7.788810000000001,1.5,0.37
30.08.2021 01:13:48.573,7.789230000000001,7.78882,2.25,0.75
30.08.2021 01:13:49.109,7.78922,7.78882,0.37,0.75
30.08.2021 01:13:50.164,7.789230000000001,7.78882,2.62,0.75
30.08.2021 01:14:02.255,7.78922,7.78882,0.37,0.75
30.08.2021 01:14:08.870,7.78922,7.788830000000001,0.37,0.75
30.08.2021 01:14:14.918,7.78922,7.788810000000001,0.37,0.37
30.08.2021 01:14:15.354,7.78922,7.78879,1.12,2.25
30.08.2021 01:14:16.371,7.789210000000001,7.78879,0.37,2.62
30.08.2021 01:14:29.955,7.78922,7.7888,0.75,0.37
30.08.2021 01:14:30.960,7.78922,7.788810000000001,0.75,0.37
30.08.2021 01:14:31.966,7.78922,7.78882,0.75,0.37
30.08.2021 01:14:35.811,7.789110000000001,7.78882,0.75,0.37
30.08.2021 01:14:35.982,7.789110000000001,7.7888,0.75,0.37
30.08.2021 01:14:40.970,7.789160000000001,7.7888,0.75,0.37
30.08.2021 01:14:41.071,7.789160000000001,7.78882,0.75,0.37
30.08.2021 01:14:41.451,7.789160000000001,7.7888399999999995,0.75,0.37
30.08.2021 01:14:47.393,7.789160000000001,7.78885,0.75,0.37
30.08.2021 01:14:48.403,7.789160000000001,7.788860000000001,0.75,0.37
30.08.2021 01:14:49.417,7.789160000000001,7.78887,0.75,0.37
30.08.2021 01:15:00.523,7.7892399999999995,7.788889999999999,0.75,1.12
30.08.2021 01:15:01.977,7.7892399999999995,7.78892,0.75,0.37
30.08.2021 01:15:03.748,7.789230000000001,7.78892,0.75,0.37
30.08.2021 01:15:03.799,7.789230000000001,7.788889999999999,0.75,0.37
30.08.2021 01:15:04.351,7.7892,7.788889999999999,0.75,0.37
30.08.2021 01:15:04.479,7.7892,7.7888399999999995,0.75,0.37
30.08.2021 01:15:04.910,7.7892,7.788830000000001,0.75,0.37
30.08.2021 01:15:05.579,7.7892,7.7888399999999995,0.75,0.37
30.08.2021 01:15:06.594,7.7892,7.78885,0.75,0.37
30.08.2021 01:15:07.606,7.7892,7.788860000000001,0.75,0.37
30.08.2021 01:15:09.620,7.7892,7.78885,0.75,0.37
30.08.2021 01:15:10.659,7.7892,7.788860000000001,0.75,0.37
30.08.2021 01:15:12.629,7.7892,7.7888399999999995,0.75,0.37
30.08.2021 01:15:13.657,7.7892,7.788830000000001,0.75,0.37
30.08.2021 01:15:16.647,7.7892,7.78882,0.75,0.75
30.08.2021 01:15:17.654,7.7892,7.788830000000001,0.75,0.37
30.08.2021 01:15:21.621,7.789230000000001,7.788830000000001,0.75,0.37
30.08.2021 01:15:22.706,7.789230000000001,7.788880000000001,0.75,0.37
30.08.2021 01:15:23.727,7.789230000000001,7.788889999999999,0.75,0.37
30.08.2021 01:15:24.949,7.7893300000000005,7.788889999999999,0.47,0.37
30.08.2021 01:15:25.000,7.7892,7.788889999999999,0.75,0.37
30.08.2021 01:15:25.402,7.7892,7.7888399999999995,0.75,0.75
30.08.2021 01:15:30.473,7.7892,7.788860000000001,0.75,0.37
30.08.2021 01:15:35.522,7.7892,7.7888399999999995,0.75,1.12
30.08.2021 01:15:40.269,7.7892,7.78885,0.75,0.37
30.08.2021 01:15:41.270,7.7892,7.7888399999999995,0.75,0.75
30.08.2021 01:15:44.953,7.7892,7.788830000000001,0.75,1.12
30.08.2021 01:15:46.556,7.7892,7.7888399999999995,0.75,0.37
30.08.2021 01:15:57.395,7.7892,7.78885,0.75,0.37
30.08.2021 01:15:58.538,7.7892,7.788830000000001,0.75,1.12
30.08.2021 01:16:01.607,7.7892,7.788830000000001,0.75,1.22
30.08.2021 01:16:07.560,7.7892,7.7889,0.75,0.37
30.08.2021 01:16:08.682,7.7892,7.788910000000001,0.75,0.37
30.08.2021 01:16:10.743,7.7892,7.7889,0.75,0.37
30.08.2021 01:16:11.942,7.7892,7.788910000000001,0.75,0.37
30.08.2021 01:16:13.970,7.7892,7.7889,0.75,0.37
30.08.2021 01:16:14.737,7.7892,7.78885,0.75,0.75
30.08.2021 01:16:16.433,7.7892,7.78885,0.75,0.85
30.08.2021 01:16:16.701,7.789180000000001,7.78885,0.37,0.85
30.08.2021 01:16:20.032,7.78917,7.78885,0.37,0.85
30.08.2021 01:16:21.640,7.78917,7.78885,0.37,0.85
30.08.2021 01:16:30.134,7.7892,7.78887,0.75,0.82
30.08.2021 01:16:58.483,7.7892,7.7889,0.75,0.37
30.08.2021 01:17:01.477,7.7892,7.788910000000001,0.75,0.75
30.08.2021 01:17:03.321,7.7892,7.7889,0.75,0.37
30.08.2021 01:17:04.823,7.7892,7.788880000000001,0.75,1.12
30.08.2021 01:17:04.944,7.78927,7.788880000000001,0.47,0.37
30.08.2021 01:17:05.240,7.78927,7.788880000000001,0.47,0.37
30.08.2021 01:17:08.671,7.78927,7.788880000000001,0.47,0.37
30.08.2021 01:17:12.893,7.7892,7.788880000000001,0.75,0.37
30.08.2021 01:17:13.814,7.789130000000001,7.78887,0.37,0.75
30.08.2021 01:17:28.946,7.7891200000000005,7.78887,0.37,0.75
30.08.2021 01:17:29.948,7.789110000000001,7.78887,0.37,0.75
30.08.2021 01:17:31.961,7.7892,7.78887,0.75,0.75
30.08.2021 01:17:42.453,7.7892,7.78892,0.75,0.37
30.08.2021 01:17:49.132,7.7892,7.78887,0.75,0.75
30.08.2021 01:17:52.299,7.7892,7.78885,0.75,0.85
30.08.2021 01:17:52.349,7.7891,7.78885,0.75,0.85
30.08.2021 01:17:52.985,7.78915,7.78885,0.75,0.85
30.08.2021 01:17:53.085,7.78925,7.7889,0.75,0.85
30.08.2021 01:17:53.325,7.78925,7.78892,0.75,0.85
30.08.2021 01:17:53.662,7.789300000000001,7.788950000000001,0.75,0.75
30.08.2021 01:17:54.830,7.7894000000000005,7.788950000000001,0.47,0.37
30.08.2021 01:17:56.584,7.7894000000000005,7.788950000000001,0.47,0.37
30.08.2021 01:18:04.318,7.789300000000001,7.788950000000001,0.75,1.12
30.08.2021 01:18:08.055,7.789310000000001,7.788950000000001,0.82,1.12
30.08.2021 01:18:29.063,7.7892600000000005,7.788950000000001,0.75,0.37
30.08.2021 01:18:29.164,7.7892600000000005,7.78894,0.75,0.37
30.08.2021 01:18:29.280,7.789310000000001,7.78894,0.82,0.37
30.08.2021 01:18:30.116,7.7892600000000005,7.78894,0.75,0.37
30.08.2021 01:18:30.546,7.7892600000000005,7.78892,0.75,0.75
30.08.2021 01:18:31.316,7.789310000000001,7.788930000000001,0.82,0.75
30.08.2021 01:18:31.469,7.7892600000000005,7.78892,0.75,2.25
30.08.2021 01:18:32.750,7.789310000000001,7.788930000000001,0.82,0.75
30.08.2021 01:18:32.984,7.7892600000000005,7.78892,0.75,0.75
30.08.2021 01:18:37.429,7.789310000000001,7.788930000000001,0.82,0.75
30.08.2021 01:18:37.650,7.7892600000000005,7.78892,0.75,0.75
30.08.2021 01:18:43.182,7.7892600000000005,7.788910000000001,0.75,0.37
30.08.2021 01:18:43.283,7.789160000000001,7.7888399999999995,0.75,0.75
30.08.2021 01:18:43.384,7.789160000000001,7.78887,0.75,0.75
30.08.2021 01:19:04.952,7.7892399999999995,7.78887,0.85,0.75
30.08.2021 01:19:07.608,7.7892399999999995,7.78887,0.85,0.75
30.08.2021 01:19:13.656,7.789160000000001,7.78882,0.75,0.75
30.08.2021 01:19:16.773,7.789160000000001,7.78887,0.75,0.75
30.08.2021 01:19:17.760,7.789160000000001,7.7888399999999995,0.75,0.75
30.08.2021 01:19:31.666,7.789180000000001,7.7888399999999995,0.75,0.75
30.08.2021 01:19:35.234,7.789160000000001,7.788830000000001,0.75,0.37
30.08.2021 01:19:40.363,7.789160000000001,7.7888399999999995,0.75,0.75
30.08.2021 01:20:01.790,7.789160000000001,7.788830000000001,0.75,0.75
30.08.2021 01:20:03.598,7.789210000000001,7.7888399999999995,0.85,0.75
30.08.2021 01:20:03.849,7.789160000000001,7.788830000000001,0.75,0.75
30.08.2021 01:20:14.845,7.789230000000001,7.78882,0.47,0.37
30.08.2021 01:20:15.188,7.789230000000001,7.78879,0.47,0.37
30.08.2021 01:20:16.190,7.789230000000001,7.7888,0.47,0.37
30.08.2021 01:20:16.989,7.789160000000001,7.78885,0.75,0.75
30.08.2021 01:20:36.992,7.789160000000001,7.7888399999999995,0.75,0.75
30.08.2021 01:20:37.136,7.789160000000001,7.78885,0.75,0.75
30.08.2021 01:21:10.089,7.789160000000001,7.7888399999999995,0.75,0.75
30.08.2021 01:21:16.275,7.789160000000001,7.788830000000001,0.75,1.12
30.08.2021 01:21:25.658,7.789130000000001,7.788830000000001,0.75,1.12
30.08.2021 01:21:45.328,7.789180000000001,7.7888399999999995,0.75,2.25
30.08.2021 01:21:45.428,7.789180000000001,7.788860000000001,0.75,0.75
30.08.2021 01:21:45.564,7.789130000000001,7.78885,0.75,0.75
30.08.2021 01:21:45.665,7.789130000000001,7.788830000000001,0.75,0.37
30.08.2021 01:21:46.574,7.789130000000001,7.78882,0.75,2.62
30.08.2021 01:21:47.971,7.789130000000001,7.7888399999999995,0.75,0.75
30.08.2021 01:21:48.021,7.789180000000001,7.788860000000001,0.75,0.75
30.08.2021 01:21:54.877,7.789180000000001,7.788910000000001,0.75,0.37
30.08.2021 01:22:02.979,7.78925,7.788910000000001,0.47,0.37
30.08.2021 01:22:03.030,7.78927,7.78885,0.47,0.75
30.08.2021 01:22:03.155,7.78927,7.788860000000001,0.47,0.75
30.08.2021 01:22:07.551,7.78927,7.78887,0.47,0.37
30.08.2021 01:22:08.553,7.78927,7.788880000000001,0.47,0.37
30.08.2021 01:22:08.885,7.78927,7.788880000000001,0.47,0.37
30.08.2021 01:22:09.394,7.78927,7.788880000000001,0.47,0.37
30.08.2021 01:22:09.602,7.78927,7.788880000000001,0.47,0.37
30.08.2021 01:22:09.654,7.78927,7.788860000000001,0.47,0.75
30.08.2021 01:22:11.444,7.78927,7.788860000000001,0.47,0.37
30.08.2021 01:22:12.355,7.7892600000000005,7.7888399999999995,0.47,1.12
30.08.2021 01:22:12.517,7.7892600000000005,7.78885,0.47,0.75
30.08.2021 01:22:12.856,7.78925,7.78885,0.47,0.75
30.08.2021 01:22:14.294,7.78917,7.78885,0.75,0.75
30.08.2021 01:22:14.930,7.78925,7.7888399999999995,0.47,0.37
30.08.2021 01:22:15.436,7.78925,7.78885,0.47,0.37
30.08.2021 01:22:15.627,7.78917,7.788860000000001,0.75,0.75
30.08.2021 01:22:15.885,7.78917,7.78885,0.75,1.12
30.08.2021 01:22:16.447,7.78917,7.788860000000001,0.75,0.37
30.08.2021 01:22:17.456,7.78917,7.78887,0.75,0.37
30.08.2021 01:22:18.469,7.78917,7.788910000000001,0.75,0.37
30.08.2021 01:22:19.921,7.78917,7.78892,0.75,0.75
30.08.2021 01:22:20.207,7.78917,7.788910000000001,0.75,0.37
30.08.2021 01:22:20.899,7.78917,7.78887,0.75,0.37
30.08.2021 01:22:25.185,7.78917,7.78892,0.75,0.75
30.08.2021 01:22:27.887,7.78907,7.78882,0.75,0.75
30.08.2021 01:22:29.945,7.7891200000000005,7.78882,0.75,0.75
30.08.2021 01:22:32.858,7.78915,7.78882,0.75,1.12
30.08.2021 01:22:33.231,7.7891200000000005,7.78882,0.75,0.75
30.08.2021 01:22:44.016,7.7891200000000005,7.788830000000001,0.75,0.37
30.08.2021 01:22:57.522,7.78917,7.788830000000001,0.75,2.62
30.08.2021 01:22:57.686,7.78917,7.78887,0.75,0.37
30.08.2021 01:22:57.787,7.7891200000000005,7.78887,0.75,0.37
30.08.2021 01:22:57.837,7.7891200000000005,7.78882,0.75,1.12
30.08.2021 01:23:02.530,7.7891200000000005,7.788830000000001,0.75,0.37
30.08.2021 01:23:02.814,7.789130000000001,7.788830000000001,0.75,0.37
30.08.2021 01:23:03.529,7.789130000000001,7.78882,0.75,0.75
30.08.2021 01:23:23.039,7.789130000000001,7.788810000000001,0.75,0.37
30.08.2021 01:23:34.771,7.789130000000001,7.788830000000001,0.75,0.75
30.08.2021 01:23:34.895,7.78914,7.788860000000001,0.75,2.25
30.08.2021 01:24:10.515,7.78919,7.788910000000001,0.75,0.75
30.08.2021 01:24:10.765,7.78914,7.788860000000001,0.75,0.75
30.08.2021 01:24:25.850,7.78909,7.78882,0.75,0.37
30.08.2021 01:24:26.313,7.78909,7.788810000000001,0.75,1.12
30.08.2021 01:24:27.701,7.78909,7.78882,0.75,0.37
30.08.2021 01:24:28.705,7.78909,7.788830000000001,0.75,0.37
30.08.2021 01:24:30.781,7.7891200000000005,7.788880000000001,0.37,0.75
30.08.2021 01:24:30.831,7.78919,7.788910000000001,0.75,0.75
30.08.2021 01:24:30.932,7.7892,7.788960000000001,0.37,0.75
30.08.2021 01:24:30.982,7.78919,7.788910000000001,0.75,0.75
30.08.2021 01:24:51.202,7.7892399999999995,7.788960000000001,0.85,0.75
30.08.2021 01:24:51.305,7.7892399999999995,7.788960000000001,0.75,0.75
30.08.2021 01:24:51.416,7.78919,7.788910000000001,0.75,0.75
30.08.2021 01:24:52.316,7.78922,7.78892,0.75,0.75
30.08.2021 01:24:54.842,7.789300000000001,7.78885,0.85,0.37
30.08.2021 01:24:55.067,7.789280000000001,7.788930000000001,0.85,0.75
30.08.2021 01:24:56.915,7.789280000000001,7.788930000000001,0.85,0.75
30.08.2021 01:25:03.222,7.7892600000000005,7.788930000000001,0.37,0.75
30.08.2021 01:25:21.493,7.7892600000000005,7.7888399999999995,0.37,0.37
30.08.2021 01:25:25.237,7.7892600000000005,7.788930000000001,0.37,0.75
30.08.2021 01:25:29.249,7.789230000000001,7.788880000000001,0.75,0.75
30.08.2021 01:25:29.300,7.789210000000001,7.788880000000001,0.37,0.75
30.08.2021 01:25:29.856,7.789210000000001,7.788930000000001,0.82,0.75
30.08.2021 01:25:30.063,7.789210000000001,7.788880000000001,0.75,0.75
30.08.2021 01:25:30.829,7.7892,7.788880000000001,0.37,0.75
30.08.2021 01:25:31.849,7.789210000000001,7.788880000000001,0.75,0.75
30.08.2021 01:25:33.079,7.7892,7.788880000000001,0.37,0.75
30.08.2021 01:25:34.082,7.789210000000001,7.788880000000001,0.75,0.75
30.08.2021 01:25:36.088,7.7892,7.788880000000001,0.37,0.75
30.08.2021 01:25:38.096,7.789210000000001,7.788880000000001,0.75,0.75
30.08.2021 01:25:39.102,7.7892,7.788880000000001,0.37,0.75
30.08.2021 01:25:41.109,7.789210000000001,7.788880000000001,0.75,0.75
30.08.2021 01:25:43.121,7.7892,7.788880000000001,0.37,0.75
30.08.2021 01:25:45.126,7.789210000000001,7.788880000000001,0.75,0.75
30.08.2021 01:25:54.909,7.789210000000001,7.7888399999999995,0.37,0.37
30.08.2021 01:25:56.502,7.789210000000001,7.788880000000001,0.37,0.75
30.08.2021 01:26:05.599,7.78919,7.788880000000001,0.75,0.75
30.08.2021 01:26:06.250,7.78919,7.788880000000001,0.85,0.75
30.08.2021 01:26:07.462,7.78919,7.788880000000001,0.82,0.75
30.08.2021 01:26:07.653,7.78915,7.788880000000001,0.37,0.75
30.08.2021 01:26:27.699,7.789160000000001,7.788880000000001,0.37,0.75
30.08.2021 01:26:30.784,7.78915,7.7888399999999995,0.75,0.37
30.08.2021 01:26:30.937,7.7891,7.78885,0.37,0.37
30.08.2021 01:26:31.068,7.7891,7.788830000000001,0.37,0.75
30.08.2021 01:26:31.169,7.7891,7.7888,0.37,0.75
30.08.2021 01:26:34.907,7.78909,7.7888,0.37,0.75
30.08.2021 01:27:06.245,7.78915,7.7888,0.82,0.75
30.08.2021 01:27:06.295,7.78908,7.78882,0.75,0.75
30.08.2021 01:27:06.425,7.78908,7.788810000000001,0.75,0.37
30.08.2021 01:27:06.594,7.78908,7.7888,0.75,0.75
30.08.2021 01:27:11.448,7.78908,7.78882,0.75,0.75
30.08.2021 01:28:11.256,7.78915,7.7888,0.37,0.75
30.08.2021 01:28:50.128,7.789180000000001,7.7888,0.85,0.75
30.08.2021 01:28:59.465,7.78908,7.78877,0.75,0.75
30.08.2021 01:29:01.232,7.78908,7.78879,2.62,0.75
30.08.2021 01:29:03.602,7.78908,7.78877,1.87,1.5
30.08.2021 01:29:31.108,7.78908,7.7888,0.75,0.75
30.08.2021 01:29:31.259,7.78908,7.78882,0.75,0.75
30.08.2021 01:29:31.310,7.78908,7.7888,0.75,0.75
30.08.2021 01:29:32.698,7.78908,7.78882,0.75,0.75
30.08.2021 01:29:32.749,7.78908,7.7888,0.75,0.75
30.08.2021 01:29:34.178,7.78908,7.788830000000001,0.75,0.37
30.08.2021 01:29:34.861,7.78917,7.788830000000001,0.85,0.37
30.08.2021 01:29:34.912,7.78908,7.788830000000001,0.75,0.37
30.08.2021 01:29:35.167,7.78908,7.78882,0.75,0.37
30.08.2021 01:29:36.136,7.78908,7.788830000000001,0.75,0.37
30.08.2021 01:29:42.157,7.78908,7.78882,0.75,0.37
30.08.2021 01:29:43.158,7.78908,7.788830000000001,0.75,0.37
30.08.2021 01:29:46.170,7.78908,7.78882,0.75,0.37
30.08.2021 01:29:47.176,7.78908,7.788830000000001,0.75,0.37
30.08.2021 01:29:49.178,7.78908,7.78882,0.75,0.37
30.08.2021 01:29:50.203,7.78908,7.788830000000001,0.75,0.37
30.08.2021 01:29:53.229,7.78908,7.78882,0.75,0.37
30.08.2021 01:29:54.201,7.78908,7.788830000000001,0.75,0.37
30.08.2021 01:29:54.847,7.78917,7.788830000000001,0.85,0.37
30.08.2021 01:29:54.898,7.78908,7.788830000000001,0.75,0.37
30.08.2021 01:29:56.854,7.78908,7.78882,0.75,0.75
30.08.2021 01:29:56.955,7.789060000000001,7.78882,0.37,0.75
30.08.2021 01:29:57.373,7.78908,7.78882,0.75,0.75
30.08.2021 01:30:08.393,7.78907,7.78882,0.37,0.75
30.08.2021 01:30:13.405,7.789060000000001,7.78882,0.37,0.75
30.08.2021 01:30:16.580,7.789060000000001,7.788830000000001,0.37,0.75
30.08.2021 01:30:35.448,7.78908,7.788830000000001,1.12,0.75
30.08.2021 01:30:35.991,7.78917,7.7888399999999995,0.85,0.75
30.08.2021 01:30:36.142,7.78915,7.7888399999999995,0.75,2.25
30.08.2021 01:30:36.192,7.7892,7.7889800000000005,0.37,0.75
30.08.2021 01:30:36.243,7.7892600000000005,7.7889800000000005,0.75,0.75
30.08.2021 01:30:36.343,7.789289999999999,7.78903,0.37,0.75
30.08.2021 01:30:36.494,7.789289999999999,7.7889800000000005,0.37,0.75
30.08.2021 01:30:37.327,7.789310000000001,7.7889800000000005,0.47,0.75
30.08.2021 01:30:39.768,7.78925,7.788960000000001,0.75,0.75
30.08.2021 01:30:55.515,7.7892399999999995,7.788960000000001,0.75,0.75
30.08.2021 01:31:14.139,7.789310000000001,7.789060000000001,0.47,0.75
30.08.2021 01:31:14.190,7.78932,7.789060000000001,0.37,0.75
30.08.2021 01:31:14.341,7.7893300000000005,7.789060000000001,0.37,0.75
30.08.2021 01:31:14.826,7.7893300000000005,7.78894,0.37,0.37
30.08.2021 01:31:14.876,7.7893300000000005,7.789060000000001,0.37,0.75
30.08.2021 01:31:14.990,7.78934,7.789060000000001,0.75,0.75
30.08.2021 01:31:22.078,7.78934,7.78908,0.75,0.37
30.08.2021 01:31:32.833,7.78934,7.789060000000001,0.75,0.75
30.08.2021 01:31:34.911,7.789360000000001,7.788889999999999,0.37,0.45
30.08.2021 01:31:36.420,7.78934,7.789060000000001,0.75,0.75
30.08.2021 01:32:10.807,7.789350000000001,7.7890500000000005,0.37,0.37
30.08.2021 01:32:11.567,7.78934,7.7890500000000005,0.37,0.37
30.08.2021 01:32:12.569,7.7893300000000005,7.7890500000000005,0.37,0.37
30.08.2021 01:32:13.576,7.78934,7.7890500000000005,0.37,0.37
30.08.2021 01:32:27.850,7.78934,7.789060000000001,1.12,0.75
30.08.2021 01:32:32.164,7.7892399999999995,7.788960000000001,0.75,0.75
30.08.2021 01:32:32.315,7.78919,7.788910000000001,0.75,0.75
30.08.2021 01:32:32.720,7.78922,7.788880000000001,0.75,0.75
30.08.2021 01:32:36.909,7.78919,7.788910000000001,0.75,0.75
30.08.2021 01:33:03.378,7.78919,7.78892,0.75,0.37
30.08.2021 01:33:03.538,7.78919,7.788910000000001,0.75,0.75
30.08.2021 01:33:10.231,7.7892399999999995,7.788960000000001,0.75,0.75
30.08.2021 01:33:10.332,7.789289999999999,7.789010000000001,0.75,0.75
30.08.2021 01:33:31.663,7.789310000000001,7.78892,0.37,0.37
30.08.2021 01:33:31.714,7.789350000000001,7.788910000000001,0.82,0.37
30.08.2021 01:33:32.685,7.789350000000001,7.78892,0.37,0.37
30.08.2021 01:33:34.224,7.789360000000001,7.78892,0.82,1.12
30.08.2021 01:33:35.346,7.789289999999999,7.7889800000000005,0.75,0.75
30.08.2021 01:33:35.758,7.789289999999999,7.789010000000001,0.75,0.75
30.08.2021 01:34:24.405,7.789289999999999,7.78903,0.75,0.37
30.08.2021 01:34:24.914,7.789350000000001,7.78903,0.37,0.37
30.08.2021 01:34:24.964,7.789289999999999,7.78903,0.75,0.37
30.08.2021 01:34:29.605,7.78934,7.789060000000001,0.75,0.75
30.08.2021 01:34:43.825,7.789310000000001,7.789060000000001,0.37,0.75
30.08.2021 01:34:45.832,7.789310000000001,7.78908,0.37,0.37
30.08.2021 01:34:46.738,7.78934,7.789060000000001,0.75,0.75
30.08.2021 01:34:51.856,7.7893300000000005,7.789060000000001,0.37,1.12
30.08.2021 01:34:51.906,7.7893300000000005,7.789110000000001,0.37,0.75
30.08.2021 01:34:51.957,7.789360000000001,7.789110000000001,0.37,0.75
30.08.2021 01:34:55.404,7.78937,7.789110000000001,0.37,0.75
30.08.2021 01:35:09.061,7.789360000000001,7.789110000000001,0.37,0.75
30.08.2021 01:35:41.073,7.78937,7.7891200000000005,0.37,0.37
30.08.2021 01:35:42.395,7.78937,7.789110000000001,0.37,1.12
30.08.2021 01:35:50.282,7.78937,7.7891200000000005,0.37,0.75
30.08.2021 01:35:50.333,7.78944,7.7891200000000005,0.37,0.75
30.08.2021 01:35:50.383,7.7894000000000005,7.7891200000000005,0.75,2.25
30.08.2021 01:35:50.484,7.78949,7.789210000000001,0.75,0.75
30.08.2021 01:35:50.798,7.78944,7.789160000000001,0.75,0.75
30.08.2021 01:35:51.463,7.78949,7.789210000000001,0.75,0.75
30.08.2021 01:35:51.846,7.789530000000001,7.78922,0.75,0.75
30.08.2021 01:35:55.073,7.78955,7.789230000000001,0.37,0.75
30.08.2021 01:35:55.178,7.789530000000001,7.78922,0.75,0.75
30.08.2021 01:36:10.127,7.789530000000001,7.7892399999999995,0.75,0.37
30.08.2021 01:36:14.918,7.789560000000001,7.78927,0.37,0.75
30.08.2021 01:36:15.170,7.78957,7.78927,0.37,0.75
30.08.2021 01:36:15.994,7.789580000000001,7.78927,1.12,0.75
30.08.2021 01:36:16.141,7.78957,7.78927,0.37,0.75
30.08.2021 01:36:17.140,7.789580000000001,7.78927,0.75,0.75
30.08.2021 01:36:29.930,7.7896,7.78932,0.37,0.75
30.08.2021 01:36:30.081,7.789580000000001,7.78932,0.37,0.75
30.08.2021 01:36:30.261,7.78959,7.78932,0.37,0.75
30.08.2021 01:36:38.507,7.789580000000001,7.78932,0.37,0.75
30.08.2021 01:36:39.510,7.78959,7.78932,0.37,0.75
30.08.2021 01:36:45.094,7.789630000000001,7.78932,1.12,0.75
30.08.2021 01:36:45.367,7.78962,7.789310000000001,0.75,0.75
30.08.2021 01:36:48.206,7.7896,7.789310000000001,0.37,1.12
30.08.2021 01:36:49.888,7.7896,7.78932,0.37,0.75
30.08.2021 01:36:52.456,7.78959,7.78932,0.37,0.75
30.08.2021 01:37:00.481,7.789560000000001,7.78932,0.37,1.12
30.08.2021 01:37:01.482,7.789560000000001,7.7893300000000005,0.37,0.37
30.08.2021 01:37:04.295,7.789560000000001,7.78932,0.37,0.75
30.08.2021 01:37:05.297,7.78955,7.78932,0.37,0.75
30.08.2021 01:37:06.240,7.789560000000001,7.78932,0.37,0.75
30.08.2021 01:37:08.245,7.78955,7.78932,0.37,0.75
30.08.2021 01:37:09.247,7.789560000000001,7.78932,0.37,0.75
30.08.2021 01:37:10.248,7.78957,7.78932,0.37,0.75
30.08.2021 01:37:19.130,7.78957,7.789310000000001,0.37,0.75
30.08.2021 01:37:20.788,7.789560000000001,7.789310000000001,0.37,1.12
30.08.2021 01:37:21.794,7.78955,7.789310000000001,0.37,1.12
30.08.2021 01:37:23.279,7.789560000000001,7.789310000000001,0.37,0.75
30.08.2021 01:37:26.816,7.789560000000001,7.78932,0.37,0.75
30.08.2021 01:37:27.564,7.789580000000001,7.78932,1.12,0.75
30.08.2021 01:37:28.815,7.78957,7.78932,0.37,0.75
30.08.2021 01:37:36.780,7.789560000000001,7.78932,0.37,0.75
30.08.2021 01:37:47.324,7.789580000000001,7.78932,1.12,0.75
30.08.2021 01:37:50.328,7.78957,7.78932,0.37,0.75
30.08.2021 01:37:52.336,7.789560000000001,7.78932,0.37,0.75
30.08.2021 01:37:59.533,7.789560000000001,7.789310000000001,0.37,0.75
30.08.2021 01:38:04.357,7.789580000000001,7.78932,0.37,0.37
30.08.2021 01:38:19.832,7.789580000000001,7.789310000000001,0.75,1.12
30.08.2021 01:38:20.410,7.789560000000001,7.78932,0.37,0.37
30.08.2021 01:38:32.149,7.78959,7.7893300000000005,0.75,0.37
30.08.2021 01:38:33.116,7.78957,7.78932,0.37,0.75
30.08.2021 01:38:35.344,7.7896,7.78932,0.75,0.75
30.08.2021 01:38:35.545,7.7896,7.7893300000000005,0.75,0.75
30.08.2021 01:38:35.654,7.7896,7.78934,0.75,0.75
30.08.2021 01:38:35.818,7.7896,7.78932,0.75,0.75
30.08.2021 01:38:39.211,7.78965,7.78932,0.75,2.25
30.08.2021 01:39:33.581,7.7896399999999995,7.78939,0.37,0.37
30.08.2021 01:39:42.696,7.7896399999999995,7.78942,0.37,0.75
30.08.2021 01:39:42.746,7.789660000000001,7.78942,0.37,0.75
30.08.2021 01:39:54.450,7.78965,7.789350000000001,1.12,0.75
30.08.2021 01:39:56.541,7.78965,7.789360000000001,1.12,0.37
30.08.2021 01:39:58.551,7.78965,7.78937,1.12,0.37
30.08.2021 01:40:03.541,7.7896399999999995,7.78937,0.75,0.37
30.08.2021 01:40:06.416,7.789660000000001,7.78942,0.37,0.75
30.08.2021 01:40:06.466,7.78977,7.78947,0.75,0.75
30.08.2021 01:40:06.567,7.78982,7.78944,0.75,0.75
30.08.2021 01:40:06.617,7.78983,7.78957,1.12,0.75
30.08.2021 01:40:07.965,7.789860000000001,7.78957,0.37,0.75
30.08.2021 01:40:10.615,7.789880000000001,7.78957,0.37,0.75
30.08.2021 01:40:11.658,7.78984,7.78957,0.37,0.75
30.08.2021 01:40:12.664,7.78985,7.78957,0.37,0.75
30.08.2021 01:40:18.621,7.78984,7.78957,0.37,0.75
30.08.2021 01:40:22.633,7.789810000000001,7.78957,0.37,0.75
30.08.2021 01:40:33.609,7.789880000000001,7.78957,0.45,0.75
30.08.2021 01:40:35.104,7.78989,7.78957,0.75,0.75
30.08.2021 01:40:51.259,7.789880000000001,7.78957,0.75,0.75
30.08.2021 01:41:06.792,7.7898700000000005,7.78957,0.37,0.75
30.08.2021 01:41:21.785,7.789860000000001,7.78957,0.37,0.75
30.08.2021 01:41:24.787,7.78985,7.78957,0.37,0.75
30.08.2021 01:41:26.769,7.78984,7.78957,0.37,0.75
30.08.2021 01:41:27.970,7.78984,7.789560000000001,0.37,0.75
30.08.2021 01:41:34.831,7.78984,7.78959,0.37,0.75
30.08.2021 01:41:35.079,7.78982,7.78957,0.37,0.75
30.08.2021 01:41:49.053,7.7898700000000005,7.78957,0.75,0.75
30.08.2021 01:41:49.209,7.78985,7.789560000000001,0.75,0.75
30.08.2021 01:41:58.293,7.789880000000001,7.78957,0.75,0.75
30.08.2021 01:42:39.008,7.78989,7.78957,0.75,0.75
30.08.2021 01:43:38.187,7.789860000000001,7.789560000000001,0.75,0.75
30.08.2021 01:44:32.315,7.789860000000001,7.7896399999999995,0.75,0.37
30.08.2021 01:44:35.307,7.789860000000001,7.789560000000001,0.75,0.75
30.08.2021 01:44:43.169,7.789860000000001,7.789630000000001,0.75,0.37
30.08.2021 01:44:47.181,7.789860000000001,7.7896399999999995,0.75,0.37
30.08.2021 01:44:48.183,7.789860000000001,7.78965,0.75,0.37
30.08.2021 01:45:02.985,7.78985,7.78965,0.75,0.37
30.08.2021 01:45:04.197,7.78985,7.7896399999999995,0.75,0.37
30.08.2021 01:45:05.987,7.78985,7.789560000000001,0.75,0.75
30.08.2021 01:45:58.320,7.78985,7.78962,0.75,0.37
30.08.2021 01:46:01.841,7.78985,7.789560000000001,0.75,0.75
30.08.2021 01:47:21.081,7.789880000000001,7.789560000000001,0.75,0.75
30.08.2021 01:47:21.201,7.78985,7.789560000000001,0.75,0.75
30.08.2021 01:47:34.508,7.789880000000001,7.78957,0.75,0.75
30.08.2021 01:47:44.962,7.78995,7.78943,0.37,0.37
30.08.2021 01:47:45.013,7.78989,7.78957,0.75,0.75
30.08.2021 01:48:52.719,7.78989,7.78962,0.75,0.37
30.08.2021 01:48:53.827,7.78989,7.7896,0.75,0.37
30.08.2021 01:49:01.858,7.78989,7.789610000000001,0.75,0.37
30.08.2021 01:49:04.863,7.78989,7.7896,0.75,0.37
30.08.2021 01:49:05.297,7.789910000000001,7.7896,0.37,0.37
30.08.2021 01:49:05.348,7.78989,7.7896,0.75,0.37
30.08.2021 01:49:05.865,7.78989,7.78959,0.75,0.37
30.08.2021 01:49:07.875,7.78989,7.7896,0.75,0.37
30.08.2021 01:49:08.880,7.78989,7.789610000000001,1.12,0.37
30.08.2021 01:49:14.182,7.789880000000001,7.789610000000001,0.75,0.37
30.08.2021 01:49:20.734,7.789880000000001,7.78962,0.75,0.37
30.08.2021 01:49:26.803,7.789880000000001,7.78957,0.75,0.75
30.08.2021 01:49:48.219,7.789910000000001,7.78957,0.37,0.75
30.08.2021 01:49:52.266,7.789910000000001,7.789610000000001,0.37,0.37
30.08.2021 01:50:12.730,7.789910000000001,7.78957,0.37,0.75
30.08.2021 01:50:23.284,7.789910000000001,7.789610000000001,0.37,0.37
30.08.2021 01:50:31.880,7.789910000000001,7.78962,0.37,0.37
30.08.2021 01:50:32.882,7.789910000000001,7.789610000000001,0.37,0.37
30.08.2021 01:50:47.913,7.789910000000001,7.78962,0.37,0.37
30.08.2021 01:50:50.387,7.789910000000001,7.789610000000001,0.37,0.37
30.08.2021 01:50:52.150,7.7899,7.789610000000001,0.75,0.37
30.08.2021 01:50:58.267,7.7899,7.78957,0.75,0.75
30.08.2021 01:50:58.464,7.78985,7.78952,0.75,0.75
30.08.2021 01:51:04.948,7.78985,7.78955,1.12,0.37
30.08.2021 01:51:07.968,7.78985,7.789560000000001,1.12,0.37
30.08.2021 01:51:12.964,7.78985,7.78954,1.12,0.37
30.08.2021 01:51:14.968,7.78985,7.78955,1.12,0.37
30.08.2021 01:51:19.751,7.78985,7.78952,1.12,0.75
30.08.2021 01:51:19.852,7.78985,7.78944,0.37,0.37
30.08.2021 01:51:20.979,7.78985,7.78945,0.37,0.37
30.08.2021 01:51:21.984,7.78985,7.789460000000001,0.37,0.37
30.08.2021 01:51:23.321,7.78985,7.7895,0.37,0.37
30.08.2021 01:51:23.422,7.78978,7.7895,0.37,0.37
30.08.2021 01:51:24.346,7.78978,7.789460000000001,0.37,0.37
30.08.2021 01:51:24.617,7.7898000000000005,7.789460000000001,0.37,0.37
30.08.2021 01:51:25.350,7.7898000000000005,7.78945,0.37,0.37
30.08.2021 01:51:26.354,7.7898000000000005,7.789460000000001,0.37,0.37
30.08.2021 01:51:27.518,7.789810000000001,7.789460000000001,0.37,0.37
30.08.2021 01:51:28.365,7.789810000000001,7.78945,0.37,0.37
30.08.2021 01:51:29.371,7.789810000000001,7.78944,0.37,0.37
30.08.2021 01:51:30.527,7.78982,7.78944,0.37,0.37
30.08.2021 01:51:37.977,7.78982,7.78952,0.37,0.75
30.08.2021 01:51:41.021,7.78983,7.78952,0.37,0.75
30.08.2021 01:51:44.622,7.78983,7.78955,0.37,0.37
30.08.2021 01:51:48.176,7.78984,7.78955,0.37,0.37
30.08.2021 01:51:50.004,7.78984,7.78952,0.37,0.75
30.08.2021 01:52:21.402,7.78979,7.78952,0.37,0.75
30.08.2021 01:52:22.408,7.7898000000000005,7.78952,0.37,0.75
30.08.2021 01:52:49.167,7.78979,7.789530000000001,0.37,0.37
30.08.2021 01:52:49.648,7.78982,7.78952,0.37,0.75
30.08.2021 01:52:53.513,7.78985,7.78952,0.75,0.75
30.08.2021 01:53:01.191,7.78979,7.78952,0.37,0.75
30.08.2021 01:53:22.651,7.78985,7.78952,0.75,0.75
30.08.2021 01:53:22.702,7.78985,7.78957,0.37,0.75
30.08.2021 01:53:27.305,7.78984,7.78957,0.37,0.75
30.08.2021 01:53:33.839,7.78985,7.78957,0.37,0.75
30.08.2021 01:53:33.954,7.78985,7.78944,0.37,0.37
30.08.2021 01:53:38.755,7.78985,7.78957,0.37,0.75
30.08.2021 01:53:45.872,7.789810000000001,7.78957,0.37,0.75
30.08.2021 01:53:47.658,7.789810000000001,7.78952,0.37,0.75
30.08.2021 01:53:47.759,7.78983,7.78952,0.37,0.75
30.08.2021 01:53:58.309,7.78982,7.78952,0.37,0.75
30.08.2021 01:54:01.453,7.78982,7.78945,0.37,0.37
30.08.2021 01:54:02.335,7.78983,7.789460000000001,0.37,0.37
30.08.2021 01:54:03.201,7.78983,7.78949,0.37,0.75
30.08.2021 01:54:03.319,7.78984,7.78949,0.75,0.75
30.08.2021 01:54:03.455,7.78984,7.78952,0.75,0.75
30.08.2021 01:54:04.323,7.78982,7.78952,0.37,0.75
30.08.2021 01:54:05.489,7.7898000000000005,7.78952,0.37,0.75
30.08.2021 01:54:09.323,7.7898000000000005,7.789510000000001,1.12,0.75
30.08.2021 01:54:09.373,7.78983,7.7894000000000005,0.37,0.82
30.08.2021 01:54:09.424,7.78983,7.789480000000001,0.37,0.75
30.08.2021 01:54:10.099,7.7898000000000005,7.789510000000001,0.75,0.75
30.08.2021 01:54:26.280,7.789810000000001,7.789510000000001,0.75,0.75
30.08.2021 01:54:34.040,7.7898000000000005,7.789510000000001,0.37,0.75
30.08.2021 01:54:36.051,7.78979,7.789510000000001,0.37,0.75
30.08.2021 01:54:41.396,7.7898000000000005,7.789510000000001,0.37,0.75
30.08.2021 01:54:54.823,7.789810000000001,7.789510000000001,0.75,0.75
30.08.2021 01:55:00.418,7.78974,7.78944,0.75,0.37
30.08.2021 01:55:00.519,7.789660000000001,7.78937,0.75,0.75
30.08.2021 01:55:00.620,7.789610000000001,7.7893300000000005,0.75,0.75
30.08.2021 01:55:00.801,7.789610000000001,7.78934,0.75,0.75
30.08.2021 01:55:01.136,7.789680000000001,7.7894000000000005,0.37,0.75
30.08.2021 01:55:01.330,7.789710000000001,7.7894000000000005,0.75,0.75
30.08.2021 01:55:01.602,7.789710000000001,7.789410000000001,0.75,0.75
30.08.2021 01:55:05.694,7.789660000000001,7.78937,0.75,0.75
30.08.2021 01:55:06.399,7.78969,7.789410000000001,0.75,0.75
30.08.2021 01:55:08.164,7.7896399999999995,7.789360000000001,0.75,0.75
30.08.2021 01:55:08.523,7.78959,7.789310000000001,0.75,0.75
30.08.2021 01:55:23.829,7.789630000000001,7.789360000000001,0.75,0.75
30.08.2021 01:55:23.930,7.78959,7.789310000000001,0.75,0.75
30.08.2021 01:55:24.085,7.789630000000001,7.789360000000001,0.37,0.75
30.08.2021 01:55:24.485,7.7896399999999995,7.789360000000001,0.75,0.75
30.08.2021 01:56:07.441,7.78959,7.789350000000001,0.75,0.37
30.08.2021 01:56:07.491,7.78959,7.789310000000001,0.75,0.75
30.08.2021 01:56:29.107,7.7896399999999995,7.789360000000001,0.75,0.75
30.08.2021 01:56:51.659,7.7896399999999995,7.78937,0.75,0.37
30.08.2021 01:56:52.681,7.7896399999999995,7.78939,0.75,0.37
30.08.2021 01:56:58.675,7.7896399999999995,7.7894000000000005,0.75,0.37
30.08.2021 01:57:01.126,7.7896399999999995,7.789360000000001,0.75,1.12
30.08.2021 01:57:05.797,7.78959,7.78932,0.75,0.75
30.08.2021 01:57:05.907,7.78959,7.789310000000001,0.75,0.75
30.08.2021 01:57:06.127,7.78954,7.7892600000000005,0.75,0.75
30.08.2021 01:57:10.841,7.78949,7.789210000000001,0.75,0.75
30.08.2021 01:57:10.942,7.78942,7.789110000000001,0.75,0.75
30.08.2021 01:57:10.992,7.78939,7.789110000000001,0.75,0.75
30.08.2021 01:57:11.093,7.78934,7.789060000000001,0.75,0.75
30.08.2021 01:57:15.850,7.789289999999999,7.789010000000001,0.75,0.75
30.08.2021 01:57:20.800,7.7892399999999995,7.788960000000001,0.75,0.75
30.08.2021 01:58:21.846,7.78922,7.7889800000000005,0.37,0.37
30.08.2021 01:58:34.256,7.78922,7.789010000000001,0.37,0.75
30.08.2021 01:58:34.306,7.789289999999999,7.789010000000001,2.25,0.75
30.08.2021 01:58:44.133,7.7892399999999995,7.788960000000001,0.75,0.75
30.08.2021 01:58:50.906,7.7892399999999995,7.78897,1.12,0.37
30.08.2021 01:58:53.150,7.7892399999999995,7.788960000000001,0.75,0.75
30.08.2021 01:58:55.528,7.7892399999999995,7.78897,0.75,0.37
30.08.2021 01:59:15.955,7.7892399999999995,7.788960000000001,0.75,0.75
30.08.2021 01:59:28.922,7.78919,7.78894,0.75,0.37
30.08.2021 01:59:28.973,7.78919,7.788910000000001,0.75,0.75
30.08.2021 01:59:30.797,7.78914,7.788860000000001,0.75,0.75
30.08.2021 01:59:35.798,7.78909,7.78885,0.75,0.37
30.08.2021 01:59:37.027,7.78909,7.788810000000001,0.75,1.12
30.08.2021 01:59:46.192,7.78902,7.788760000000001,0.75,0.37
30.08.2021 01:59:46.243,7.78899,7.788710000000001,0.75,0.75
30.08.2021 01:59:46.293,7.78894,7.78867,0.75,0.37
30.08.2021 01:59:46.394,7.78894,7.788660000000001,0.75,0.75
30.08.2021 01:59:50.799,7.788889999999999,7.788610000000001,0.75,0.75
30.08.2021 01:59:51.147,7.7888399999999995,7.78857,0.75,0.37
30.08.2021 01:59:51.298,7.78879,7.788510000000001,0.75,1.12
30.08.2021 01:59:53.456,7.78879,7.7884899999999995,0.75,0.37
30.08.2021 01:59:53.763,7.78879,7.788510000000001,0.75,0.75
30.08.2021 02:00:12.738,7.78887,7.78847,0.37,0.37
30.08.2021 02:00:12.889,7.78892,7.78847,0.82,0.37
30.08.2021 02:00:13.328,7.78892,7.78847,0.85,0.37
30.08.2021 02:00:15.799,7.78874,7.78847,0.75,0.37
30.08.2021 02:00:16.103,7.78874,7.788460000000001,0.75,0.75
30.08.2021 02:00:30.813,7.78869,7.788410000000001,0.75,0.75
30.08.2021 02:00:31.014,7.78864,7.7884,0.75,0.37
30.08.2021 02:00:31.522,7.78869,7.7884,0.75,0.37
30.08.2021 02:00:39.120,7.78869,7.788410000000001,0.75,0.37
30.08.2021 02:00:45.867,7.78869,7.78842,0.75,0.37
30.08.2021 02:00:46.872,7.78869,7.788430000000001,0.75,0.37
30.08.2021 02:00:48.496,7.78874,7.788430000000001,0.75,0.37
30.08.2021 02:00:48.547,7.78874,7.7884,0.75,0.75
30.08.2021 02:00:48.647,7.78874,7.788460000000001,0.75,0.75
30.08.2021 02:00:48.748,7.78887,7.788560000000001,0.75,0.75
30.08.2021 02:00:48.799,7.788910000000001,7.78863,0.37,0.75
30.08.2021 02:00:48.849,7.78897,7.788560000000001,0.75,0.37
30.08.2021 02:00:48.950,7.78917,7.788560000000001,0.37,0.37
30.08.2021 02:00:49.050,7.789160000000001,7.788560000000001,0.75,0.47
30.08.2021 02:00:49.318,7.789160000000001,7.788560000000001,0.75,0.47
30.08.2021 02:00:49.837,7.789060000000001,7.788550000000001,0.37,0.85
30.08.2021 02:00:49.938,7.789060000000001,7.78857,0.37,0.85
30.08.2021 02:00:50.434,7.789060000000001,7.788560000000001,0.37,0.47
30.08.2021 02:00:51.338,7.78907,7.788560000000001,0.37,0.47
30.08.2021 02:00:54.921,7.78907,7.78867,0.37,0.75
30.08.2021 02:00:55.718,7.78907,7.7886500000000005,0.37,0.75
30.08.2021 02:00:55.869,7.78908,7.7886500000000005,0.37,0.75
30.08.2021 02:01:01.843,7.78909,7.7886500000000005,0.37,0.75
30.08.2021 02:01:05.276,7.78908,7.7886500000000005,0.37,1.12
30.08.2021 02:01:07.223,7.78909,7.7886500000000005,0.37,0.75
30.08.2021 02:01:21.517,7.7891200000000005,7.7886500000000005,0.75,0.75
30.08.2021 02:01:21.589,7.789110000000001,7.78869,0.75,0.75
30.08.2021 02:01:21.897,7.78909,7.78869,0.37,0.75
30.08.2021 02:01:24.157,7.78909,7.7886500000000005,0.37,0.37
30.08.2021 02:01:24.257,7.7891200000000005,7.788780000000001,0.75,0.75
30.08.2021 02:01:24.308,7.789180000000001,7.788660000000001,0.37,0.37
30.08.2021 02:01:24.409,7.789180000000001,7.788660000000001,0.37,0.47
30.08.2021 02:01:24.510,7.789310000000001,7.78874,0.37,0.37
30.08.2021 02:01:24.611,7.78932,7.78874,0.37,1.22
30.08.2021 02:01:24.661,7.78932,7.78874,0.37,1.22
30.08.2021 02:01:25.158,7.78932,7.78877,0.37,0.85
30.08.2021 02:01:25.359,7.78939,7.788810000000001,0.37,0.45
30.08.2021 02:01:25.668,7.78939,7.788810000000001,0.37,0.47
30.08.2021 02:01:28.337,7.78938,7.788810000000001,0.37,0.47
30.08.2021 02:01:31.229,7.78938,7.78894,0.37,0.37
30.08.2021 02:01:38.102,7.78932,7.7889800000000005,0.75,0.82
30.08.2021 02:01:38.203,7.78937,7.78903,0.75,0.82
30.08.2021 02:01:38.304,7.78957,7.788930000000001,0.75,0.47
30.08.2021 02:01:38.405,7.789580000000001,7.788930000000001,0.37,1.22
30.08.2021 02:01:38.556,7.789580000000001,7.788930000000001,0.37,1.22
30.08.2021 02:01:39.146,7.789580000000001,7.788960000000001,0.37,0.85
30.08.2021 02:01:39.399,7.78957,7.78899,0.37,0.47
30.08.2021 02:01:45.335,7.78957,7.78899,0.37,0.47
30.08.2021 02:01:52.104,7.789560000000001,7.78907,0.75,0.75
30.08.2021 02:01:52.205,7.78954,7.78907,0.75,0.75
30.08.2021 02:01:52.312,7.789530000000001,7.789130000000001,0.37,0.37
30.08.2021 02:01:53.129,7.789510000000001,7.789130000000001,0.75,0.37
30.08.2021 02:01:53.179,7.789510000000001,7.78907,0.75,0.37
30.08.2021 02:01:53.566,7.789530000000001,7.78907,0.75,0.37
30.08.2021 02:01:53.667,7.789530000000001,7.7890500000000005,0.75,0.75
30.08.2021 02:01:54.019,7.789530000000001,7.78903,0.75,0.75
30.08.2021 02:01:57.033,7.78952,7.78903,0.37,0.75
30.08.2021 02:01:59.029,7.789510000000001,7.789000000000001,0.75,0.85
30.08.2021 02:01:59.276,7.78952,7.7889800000000005,0.37,0.47
30.08.2021 02:01:59.897,7.78952,7.7889800000000005,0.37,0.47
30.08.2021 02:02:00.042,7.78952,7.7889800000000005,0.37,0.47
30.08.2021 02:02:00.429,7.789530000000001,7.789000000000001,0.37,0.47
30.08.2021 02:02:02.289,7.789530000000001,7.78903,0.37,0.37
30.08.2021 02:02:06.299,7.789530000000001,7.78904,0.37,0.37
30.08.2021 02:02:06.750,7.789530000000001,7.789110000000001,0.37,0.37
30.08.2021 02:02:09.303,7.789530000000001,7.78909,0.37,0.37
30.08.2021 02:02:09.498,7.789530000000001,7.788960000000001,0.37,0.47
30.08.2021 02:02:14.462,7.78954,7.788960000000001,0.37,0.47
30.08.2021 02:02:14.563,7.78947,7.788960000000001,0.37,0.47
30.08.2021 02:02:15.489,7.789480000000001,7.78907,0.37,0.37
30.08.2021 02:02:17.319,7.78947,7.78907,0.37,0.37
30.08.2021 02:02:18.322,7.789460000000001,7.78909,0.37,0.37
30.08.2021 02:02:19.326,7.78945,7.78909,0.37,0.37
30.08.2021 02:02:23.880,7.78955,7.78899,0.75,0.47
30.08.2021 02:02:24.087,7.78955,7.78899,0.75,0.47
30.08.2021 02:02:25.333,7.789580000000001,7.789010000000001,0.37,0.85
30.08.2021 02:02:26.575,7.789580000000001,7.789010000000001,0.37,0.85
30.08.2021 02:02:26.833,7.78959,7.789010000000001,0.37,0.47
30.08.2021 02:02:27.106,7.78959,7.789010000000001,0.37,0.45
30.08.2021 02:02:29.392,7.789580000000001,7.789010000000001,0.75,0.45
30.08.2021 02:02:30.880,7.789580000000001,7.78904,0.75,0.37
30.08.2021 02:02:31.786,7.789580000000001,7.789000000000001,1.12,0.37
30.08.2021 02:02:31.837,7.78955,7.789000000000001,0.75,0.37
30.08.2021 02:02:32.044,7.789530000000001,7.789000000000001,0.75,0.37
30.08.2021 02:02:32.603,7.789510000000001,7.788930000000001,0.37,0.37
30.08.2021 02:02:32.755,7.7895,7.788930000000001,0.75,0.37
30.08.2021 02:02:34.293,7.789480000000001,7.788930000000001,0.37,0.37
30.08.2021 02:02:35.409,7.789480000000001,7.78892,0.37,0.37
30.08.2021 02:02:41.367,7.78949,7.788910000000001,0.75,0.75
30.08.2021 02:02:45.971,7.78949,7.78892,0.75,0.75
30.08.2021 02:02:50.357,7.78949,7.788910000000001,0.75,0.82
30.08.2021 02:02:57.308,7.789480000000001,7.788910000000001,0.37,0.45
30.08.2021 02:02:58.464,7.789480000000001,7.788910000000001,0.37,0.47
30.08.2021 02:02:58.815,7.78947,7.788910000000001,0.37,0.45
30.08.2021 02:02:59.405,7.78947,7.78892,0.37,0.37
30.08.2021 02:03:00.309,7.78943,7.78892,0.37,0.37
30.08.2021 02:03:02.450,7.78943,7.788930000000001,0.37,0.37
30.08.2021 02:03:10.429,7.78943,7.78894,0.37,0.37
30.08.2021 02:03:10.889,7.78944,7.78894,0.37,0.37
30.08.2021 02:03:19.656,7.78938,7.78894,0.37,0.37
30.08.2021 02:03:19.928,7.78944,7.788960000000001,0.37,0.37
30.08.2021 02:03:22.470,7.78944,7.788950000000001,0.37,0.37
30.08.2021 02:03:24.457,7.78944,7.788960000000001,0.37,0.37
30.08.2021 02:03:24.632,7.78944,7.78903,0.37,0.37
30.08.2021 02:03:25.639,7.78939,7.78903,0.37,0.37
30.08.2021 02:03:29.255,7.78945,7.78894,0.37,0.75
30.08.2021 02:03:29.424,7.789460000000001,7.78894,0.75,0.75
30.08.2021 02:03:30.925,7.78944,7.78894,0.37,0.75
30.08.2021 02:03:32.425,7.78945,7.78894,0.37,0.75
30.08.2021 02:03:32.855,7.789460000000001,7.788960000000001,0.75,0.37
30.08.2021 02:03:32.924,7.7895,7.788960000000001,0.75,0.37
30.08.2021 02:03:33.925,7.78952,7.788960000000001,0.75,0.37
30.08.2021 02:03:33.975,7.78942,7.788960000000001,0.37,0.37
30.08.2021 02:03:34.355,7.78942,7.78894,0.37,1.12
30.08.2021 02:03:36.973,7.78942,7.789060000000001,0.37,0.37
30.08.2021 02:03:44.092,7.78952,7.788950000000001,0.75,0.75
30.08.2021 02:03:45.182,7.78952,7.78899,0.75,0.37
30.08.2021 02:03:47.564,7.78945,7.78899,0.37,0.37
30.08.2021 02:03:49.684,7.78945,7.7889800000000005,0.37,0.37
30.08.2021 02:03:50.568,7.78945,7.789010000000001,0.37,0.37
30.08.2021 02:04:22.496,7.789510000000001,7.788950000000001,0.37,0.37
30.08.2021 02:04:24.673,7.7895,7.788950000000001,0.37,0.37
30.08.2021 02:04:25.401,7.7895,7.7889800000000005,0.37,0.37
30.08.2021 02:04:28.024,7.7895,7.789000000000001,0.37,0.37
30.08.2021 02:04:29.696,7.789410000000001,7.789000000000001,0.37,0.37
30.08.2021 02:04:32.526,7.789410000000001,7.78899,0.37,0.37
30.08.2021 02:04:32.703,7.789410000000001,7.789060000000001,0.37,0.37
30.08.2021 02:04:38.890,7.78943,7.78907,0.37,0.37
30.08.2021 02:04:40.102,7.789410000000001,7.78909,0.37,0.37
30.08.2021 02:04:50.693,7.78954,7.78899,0.37,0.37
30.08.2021 02:04:51.524,7.78954,7.788950000000001,0.37,0.37
30.08.2021 02:05:00.216,7.789410000000001,7.788950000000001,0.37,0.37
30.08.2021 02:05:01.219,7.789410000000001,7.78909,0.37,0.37
30.08.2021 02:05:04.358,7.789510000000001,7.788950000000001,0.37,0.75
30.08.2021 02:05:04.917,7.789510000000001,7.788960000000001,0.37,0.37
30.08.2021 02:05:06.316,7.7895,7.788960000000001,0.37,0.37
30.08.2021 02:05:07.282,7.7895,7.788950000000001,0.37,0.75
30.08.2021 02:05:07.896,7.7895,7.78897,0.37,0.37
30.08.2021 02:05:09.397,7.7895,7.788960000000001,0.37,0.37
30.08.2021 02:05:09.669,7.789460000000001,7.788960000000001,0.37,0.75
30.08.2021 02:05:10.671,7.789460000000001,7.78897,0.37,0.37
30.08.2021 02:05:11.691,7.789460000000001,7.7889800000000005,0.37,0.37
30.08.2021 02:05:12.677,7.789460000000001,7.78903,0.37,0.37
30.08.2021 02:05:16.702,7.78945,7.78903,0.37,0.37
30.08.2021 02:05:18.138,7.789410000000001,7.7890500000000005,0.37,0.37
30.08.2021 02:05:19.141,7.789410000000001,7.78909,0.37,0.37
30.08.2021 02:05:44.861,7.78957,7.788950000000001,0.37,0.37
30.08.2021 02:05:45.870,7.78957,7.7889800000000005,0.37,0.37
30.08.2021 02:05:46.372,7.789480000000001,7.7889800000000005,0.37,0.37
30.08.2021 02:05:46.943,7.78947,7.7889800000000005,0.37,0.37
30.08.2021 02:05:49.750,7.789460000000001,7.7889800000000005,0.37,0.75
30.08.2021 02:05:50.965,7.78942,7.78903,0.37,0.37
30.08.2021 02:06:00.071,7.7894000000000005,7.7890500000000005,0.37,0.37
30.08.2021 02:06:01.074,7.78939,7.7890500000000005,0.37,0.37
30.08.2021 02:06:04.079,7.78937,7.7890500000000005,0.37,0.37
30.08.2021 02:07:05.658,7.789510000000001,7.78897,0.75,0.37
30.08.2021 02:07:09.210,7.789410000000001,7.789010000000001,0.37,0.37
30.08.2021 02:07:10.912,7.7894000000000005,7.78902,0.37,0.37
30.08.2021 02:07:27.254,7.7892399999999995,7.788960000000001,0.75,1.12
30.08.2021 02:07:31.799,7.78914,7.788889999999999,0.75,0.37
30.08.2021 02:07:31.900,7.78909,7.788889999999999,0.75,0.37
30.08.2021 02:07:31.950,7.78927,7.788889999999999,0.75,0.37
30.08.2021 02:07:32.202,7.78922,7.788889999999999,0.37,0.37
30.08.2021 02:07:32.353,7.78922,7.78872,0.37,0.37
30.08.2021 02:07:33.960,7.789210000000001,7.78872,0.37,0.37
30.08.2021 02:07:41.246,7.78915,7.788610000000001,0.75,0.37
30.08.2021 02:07:42.082,7.78915,7.78862,0.75,0.37
30.08.2021 02:07:42.490,7.78909,7.78862,0.37,0.37
30.08.2021 02:07:43.583,7.78909,7.788610000000001,0.37,0.37
30.08.2021 02:07:43.982,7.78908,7.788610000000001,0.37,0.37
30.08.2021 02:07:48.619,7.78915,7.788610000000001,0.75,0.37
30.08.2021 02:07:49.648,7.78914,7.78862,0.37,0.37
30.08.2021 02:07:50.648,7.789130000000001,7.78862,0.37,0.37
30.08.2021 02:07:51.652,7.789110000000001,7.78862,0.37,0.37
30.08.2021 02:07:54.946,7.78915,7.788610000000001,0.75,0.37
30.08.2021 02:07:57.007,7.789110000000001,7.788610000000001,0.37,0.37
30.08.2021 02:07:58.011,7.789110000000001,7.78862,0.37,0.37
30.08.2021 02:08:05.055,7.78915,7.788610000000001,0.75,0.37
30.08.2021 02:08:06.517,7.78915,7.78863,1.12,0.37
30.08.2021 02:08:07.523,7.789110000000001,7.78863,0.37,0.37
30.08.2021 02:08:33.889,7.7891,7.78863,0.37,0.37
30.08.2021 02:08:37.089,7.78914,7.788600000000001,0.37,0.75
30.08.2021 02:08:43.927,7.789110000000001,7.78862,0.75,0.75
30.08.2021 02:08:44.940,7.78903,7.78862,0.37,0.75
30.08.2021 02:08:46.945,7.78903,7.788730000000001,0.37,0.37
30.08.2021 02:08:47.946,7.78903,7.78872,0.37,0.37
30.08.2021 02:08:48.948,7.789010000000001,7.78872,0.37,0.37
30.08.2021 02:09:02.641,7.78904,7.78872,0.37,0.37
30.08.2021 02:09:02.741,7.789060000000001,7.78862,0.37,0.37
30.08.2021 02:09:32.914,7.789060000000001,7.788539999999999,0.37,0.75
30.08.2021 02:09:35.181,7.78907,7.788539999999999,0.37,0.37
30.08.2021 02:09:35.282,7.78907,7.7884899999999995,0.37,0.37
30.08.2021 02:09:36.295,7.78908,7.78845,1.12,0.37
30.08.2021 02:09:37.252,7.78904,7.7884899999999995,0.75,0.75
30.08.2021 02:09:41.314,7.789010000000001,7.7884899999999995,0.37,1.12
30.08.2021 02:09:51.139,7.78904,7.7884899999999995,0.75,0.75
30.08.2021 02:10:30.312,7.78902,7.7884899999999995,0.75,0.75
30.08.2021 02:10:30.776,7.78904,7.7884899999999995,0.75,0.75
30.08.2021 02:10:35.509,7.789010000000001,7.7884899999999995,0.37,0.75
30.08.2021 02:10:38.739,7.789010000000001,7.788480000000001,1.12,0.37
30.08.2021 02:10:39.686,7.789000000000001,7.78857,0.37,0.37
30.08.2021 02:10:40.689,7.788889999999999,7.78857,0.37,0.37
30.08.2021 02:11:21.723,7.789000000000001,7.788460000000001,0.37,1.12
30.08.2021 02:11:22.858,7.78902,7.788460000000001,0.37,1.12
30.08.2021 02:11:23.861,7.78902,7.78847,0.37,0.37
30.08.2021 02:11:25.868,7.789010000000001,7.78847,0.37,0.37
30.08.2021 02:11:26.872,7.78902,7.78847,0.37,0.37
30.08.2021 02:11:28.881,7.789010000000001,7.78847,0.37,0.37
30.08.2021 02:11:29.888,7.78902,7.78847,0.37,0.37
30.08.2021 02:11:30.314,7.7890500000000005,7.788460000000001,0.75,0.75
30.08.2021 02:11:30.867,7.7890500000000005,7.78847,0.75,0.75
30.08.2021 02:11:31.017,7.78904,7.788510000000001,0.37,0.37
30.08.2021 02:11:32.230,7.78904,7.78852,0.37,0.75
30.08.2021 02:11:32.431,7.78904,7.788550000000001,0.37,0.75
30.08.2021 02:11:33.193,7.78907,7.788550000000001,0.37,1.12
30.08.2021 02:11:34.467,7.789060000000001,7.78852,0.37,2.25
30.08.2021 02:11:35.529,7.7890500000000005,7.78852,0.37,2.25
30.08.2021 02:11:48.341,7.7890500000000005,7.788530000000001,0.37,0.75
30.08.2021 02:11:48.442,7.789060000000001,7.788539999999999,0.37,0.75
30.08.2021 02:11:48.543,7.789060000000001,7.788530000000001,0.37,0.75
30.08.2021 02:11:48.741,7.789060000000001,7.788510000000001,0.37,0.75
30.08.2021 02:11:49.241,7.789060000000001,7.78852,0.37,0.75
30.08.2021 02:11:52.954,7.789060000000001,7.788530000000001,0.75,0.75
30.08.2021 02:12:00.990,7.78907,7.788530000000001,0.37,0.75
30.08.2021 02:12:01.040,7.78907,7.788550000000001,0.37,0.75
30.08.2021 02:12:01.141,7.789060000000001,7.788560000000001,0.37,1.12
30.08.2021 02:12:01.525,7.789060000000001,7.78859,0.37,0.75
30.08.2021 02:12:02.667,7.789060000000001,7.78857,0.37,0.37
30.08.2021 02:12:03.163,7.789060000000001,7.788560000000001,1.5,0.37
30.08.2021 02:12:05.507,7.789060000000001,7.788539999999999,0.75,1.12
30.08.2021 02:12:15.940,7.78903,7.788530000000001,0.37,0.37
30.08.2021 02:12:15.991,7.78903,7.7885,0.37,0.75
30.08.2021 02:12:16.091,7.78903,7.78845,1.12,0.45
30.08.2021 02:12:16.142,7.789010000000001,7.788430000000001,0.75,0.85
30.08.2021 02:12:16.192,7.789000000000001,7.7884,0.75,0.75
30.08.2021 02:12:16.243,7.7889800000000005,7.7884,0.75,0.75
30.08.2021 02:12:16.302,7.7889800000000005,7.7883700000000005,0.75,0.37
30.08.2021 02:12:16.453,7.7889800000000005,7.78839,0.75,0.75
30.08.2021 02:12:16.566,7.789010000000001,7.7884,0.75,0.75
30.08.2021 02:12:16.617,7.78903,7.7884,0.75,0.75
30.08.2021 02:12:17.026,7.78904,7.788430000000001,2.25,0.75
30.08.2021 02:12:17.533,7.78903,7.788430000000001,0.37,0.75
30.08.2021 02:12:17.708,7.789000000000001,7.788380000000001,0.75,0.82
30.08.2021 02:12:17.809,7.78899,7.78835,0.75,0.47
30.08.2021 02:12:17.909,7.788960000000001,7.78835,0.75,0.75
30.08.2021 02:12:17.960,7.788960000000001,7.788310000000001,0.75,0.37
30.08.2021 02:12:18.068,7.788950000000001,7.788310000000001,0.75,0.37
30.08.2021 02:12:18.238,7.7889800000000005,7.78834,0.75,2.25
30.08.2021 02:12:18.348,7.7889800000000005,7.788380000000001,0.75,1.12
30.08.2021 02:12:18.398,7.789010000000001,7.788380000000001,2.25,1.12
30.08.2021 02:12:18.448,7.789010000000001,7.788430000000001,2.25,0.75
30.08.2021 02:12:18.559,7.788950000000001,7.788430000000001,0.37,0.75
30.08.2021 02:12:18.901,7.788950000000001,7.78842,0.37,0.75
30.08.2021 02:12:19.034,7.788950000000001,7.788380000000001,0.37,1.12
30.08.2021 02:12:19.135,7.788950000000001,7.788360000000001,0.37,0.75
30.08.2021 02:12:19.367,7.788950000000001,7.788330000000001,0.37,0.75
30.08.2021 02:12:19.541,7.788950000000001,7.788380000000001,0.37,0.75
30.08.2021 02:12:19.885,7.788950000000001,7.78844,0.37,0.75
30.08.2021 02:12:20.125,7.788950000000001,7.788480000000001,0.37,0.75
30.08.2021 02:12:20.229,7.788950000000001,7.78847,0.37,0.75
30.08.2021 02:12:20.801,7.788950000000001,7.788460000000001,0.37,0.75
30.08.2021 02:12:20.902,7.788960000000001,7.788460000000001,1.12,0.75
30.08.2021 02:12:21.106,7.788950000000001,7.78847,0.75,0.75
30.08.2021 02:12:21.355,7.788950000000001,7.78845,0.75,0.75
30.08.2021 02:12:21.617,7.78894,7.78845,0.37,0.75
30.08.2021 02:12:21.863,7.78894,7.788460000000001,1.12,0.75
30.08.2021 02:12:22.546,7.78892,7.788460000000001,0.37,0.75
30.08.2021 02:12:23.199,7.78892,7.78844,0.37,0.75
30.08.2021 02:12:23.501,7.78892,7.78842,0.37,0.37
30.08.2021 02:12:23.604,7.78892,7.788410000000001,0.37,0.75
30.08.2021 02:12:23.705,7.78892,7.78844,0.37,0.75
30.08.2021 02:12:23.856,7.78892,7.78845,1.12,0.75
30.08.2021 02:12:24.007,7.7889,7.78844,0.75,0.75
30.08.2021 02:12:25.162,7.7889,7.78842,0.37,0.75
30.08.2021 02:12:25.263,7.788889999999999,7.78842,0.37,0.75
