Gmt time,Ask,Bid,AskVolume,BidVolume
23.08.2021 00:00:11.841,7.79149,7.790210000000001,0.37,1
23.08.2021 00:00:19.302,7.7915,7.790210000000001,0.75,0.37
23.08.2021 00:00:39.419,7.7912300000000005,7.79037,0.75,0.75
23.08.2021 00:02:30.141,7.79135,7.790260000000001,0.37,0.37
23.08.2021 00:03:07.802,7.791360000000001,7.790380000000001,0.37,0.37
23.08.2021 00:03:08.121,7.7915,7.79017,0.85,0.37
23.08.2021 00:03:08.219,7.7915,7.79013,1.22,0.37
23.08.2021 00:03:08.401,7.791480000000001,7.790110000000001,0.37,1.1
23.08.2021 00:03:08.719,7.79147,7.790110000000001,1.12,0.47
23.08.2021 00:03:08.919,7.791460000000001,7.790110000000001,0.37,0.47
23.08.2021 00:03:12.812,7.791410000000001,7.79018,0.37,0.37
23.08.2021 00:03:14.894,7.79139,7.79019,0.37,0.37
23.08.2021 00:03:16.216,7.791380000000001,7.79029,0.37,0.37
23.08.2021 00:03:17.206,7.79137,7.79029,0.37,0.37
23.08.2021 00:03:19.193,7.79127,7.79029,0.37,0.37
23.08.2021 00:03:20.837,7.791260000000001,7.7903,0.37,0.37
23.08.2021 00:03:21.833,7.791250000000001,7.79034,0.37,0.37
23.08.2021 00:03:23.208,7.79122,7.79034,0.37,0.37
23.08.2021 00:03:23.408,7.79145,7.790080000000001,0.47,0.47
23.08.2021 00:03:29.432,7.79147,7.79024,1.22,0.37
23.08.2021 00:03:31.442,7.79133,7.79024,0.37,0.37
23.08.2021 00:03:33.856,7.79124,7.79025,0.37,0.37
23.08.2021 00:03:34.856,7.791250000000001,7.79035,0.37,0.37
23.08.2021 00:03:35.859,7.79124,7.790360000000001,0.37,0.37
23.08.2021 00:03:40.173,7.7912300000000005,7.79037,0.37,0.37
23.08.2021 00:03:50.213,7.79122,7.790380000000001,0.37,0.37
23.08.2021 00:04:15.447,7.791130000000001,7.790380000000001,0.75,0.37
23.08.2021 00:04:15.497,7.791130000000001,7.79032,0.75,0.75
23.08.2021 00:04:39.028,7.79132,7.79022,0.37,0.37
23.08.2021 00:04:47.002,7.791310000000001,7.790230000000001,0.37,0.37
23.08.2021 00:05:02.037,7.791300000000001,7.79024,0.37,0.37
23.08.2021 00:05:18.071,7.791200000000001,7.79025,0.37,0.37
23.08.2021 00:06:09.826,7.791480000000001,7.790050000000001,1,1
23.08.2021 00:06:09.926,7.791130000000001,7.79037,0.75,0.75
23.08.2021 00:06:10.927,7.791180000000001,7.79037,0.75,0.75
23.08.2021 00:06:10.978,7.791430000000001,7.790030000000001,0.49,1
23.08.2021 00:06:11.028,7.791180000000001,7.79037,0.75,0.75
23.08.2021 00:06:24.164,7.7911600000000005,7.79037,0.37,0.75
23.08.2021 00:06:34.977,7.7911600000000005,7.7903,0.37,0.37
23.08.2021 00:06:40.313,7.79115,7.790310000000001,0.37,0.37
23.08.2021 00:06:55.264,7.79115,7.79029,0.37,0.37
23.08.2021 00:06:56.342,7.7911399999999995,7.790039999999999,0.37,0.37
23.08.2021 00:06:56.708,7.791130000000001,7.7902700000000005,0.75,0.75
23.08.2021 00:06:59.271,7.79112,7.7902700000000005,0.37,0.75
23.08.2021 00:07:01.079,7.791130000000001,7.7902700000000005,0.75,0.75
23.08.2021 00:07:06.400,7.791110000000001,7.7902700000000005,0.37,0.75
23.08.2021 00:07:08.407,7.7911,7.7902700000000005,0.37,0.75
23.08.2021 00:07:10.389,7.7911,7.79002,0.37,0.82
23.08.2021 00:07:10.581,7.791110000000001,7.79002,0.37,0.82
23.08.2021 00:07:12.424,7.7911,7.79002,0.37,0.82
23.08.2021 00:07:13.434,7.791110000000001,7.79002,0.37,0.82
23.08.2021 00:07:15.285,7.79109,7.79002,0.37,0.82
23.08.2021 00:07:16.290,7.791080000000001,7.79002,0.37,0.82
23.08.2021 00:07:17.292,7.79107,7.79002,0.37,0.82
23.08.2021 00:07:18.298,7.790789999999999,7.79002,0.37,0.82
23.08.2021 00:07:27.258,7.79094,7.79002,0.37,0.82
23.08.2021 00:07:28.275,7.79093,7.79002,0.37,0.82
23.08.2021 00:07:33.276,7.79094,7.79002,0.37,0.82
23.08.2021 00:07:37.696,7.7909500000000005,7.79002,0.37,0.82
23.08.2021 00:07:40.206,7.790960000000001,7.79002,0.37,0.82
23.08.2021 00:07:48.370,7.7909500000000005,7.79002,0.37,0.82
23.08.2021 00:07:49.372,7.79094,7.79002,0.37,0.82
23.08.2021 00:07:57.232,7.79122,7.78994,0.75,0.85
23.08.2021 00:07:57.317,7.791200000000001,7.78992,0.37,0.85
23.08.2021 00:07:57.418,7.79093,7.79012,0.75,0.75
23.08.2021 00:07:57.518,7.79122,7.78983,2.1,1.1
23.08.2021 00:07:57.569,7.791130000000001,7.78983,0.37,1.1
23.08.2021 00:07:57.816,7.79093,7.79012,0.75,0.75
23.08.2021 00:08:04.177,7.79107,7.78983,1.5,1.1
23.08.2021 00:08:04.277,7.79122,7.79002,1.5,1.09
23.08.2021 00:08:04.341,7.79117,7.790050000000001,0.75,0.75
23.08.2021 00:08:10.678,7.790960000000001,7.790050000000001,0.37,0.75
23.08.2021 00:08:12.170,7.79092,7.790050000000001,0.37,0.75
23.08.2021 00:08:13.171,7.790900000000001,7.790050000000001,0.37,0.75
23.08.2021 00:08:14.426,7.7908800000000005,7.790050000000001,0.37,0.75
23.08.2021 00:08:15.173,7.79117,7.790050000000001,0.75,0.75
23.08.2021 00:08:20.138,7.791210000000001,7.790050000000001,0.37,0.75
23.08.2021 00:08:21.158,7.79117,7.790050000000001,0.75,0.75
23.08.2021 00:08:22.180,7.79122,7.790050000000001,1.5,0.75
23.08.2021 00:08:27.450,7.79117,7.790050000000001,0.37,0.75
23.08.2021 00:08:28.547,7.79109,7.790050000000001,0.37,1.12
23.08.2021 00:08:29.458,7.791080000000001,7.790050000000001,0.37,1.12
23.08.2021 00:08:30.458,7.79107,7.790050000000001,0.37,1.12
23.08.2021 00:08:30.591,7.79117,7.790050000000001,0.75,1.12
23.08.2021 00:08:31.250,7.79112,7.790050000000001,0.75,1.12
23.08.2021 00:08:35.985,7.79112,7.790060000000001,0.75,0.37
23.08.2021 00:08:36.985,7.79087,7.790060000000001,0.37,0.37
23.08.2021 00:08:40.495,7.79087,7.79007,0.37,0.37
23.08.2021 00:08:41.484,7.790860000000001,7.790100000000001,0.37,0.37
23.08.2021 00:08:42.481,7.790850000000001,7.790100000000001,0.37,0.37
23.08.2021 00:08:43.482,7.790780000000001,7.790100000000001,0.37,0.37
23.08.2021 00:08:46.018,7.79112,7.790050000000001,0.75,0.82
23.08.2021 00:08:46.621,7.79112,7.790410000000001,0.75,0.75
23.08.2021 00:08:46.722,7.79117,7.790430000000001,0.75,0.75
23.08.2021 00:08:46.873,7.79117,7.790439999999999,0.75,0.75
23.08.2021 00:08:46.993,7.79127,7.790439999999999,2.25,0.75
23.08.2021 00:08:47.162,7.79127,7.79047,2.25,0.75
23.08.2021 00:08:47.212,7.79127,7.79042,2.25,2.25
23.08.2021 00:08:48.165,7.79127,7.79052,2.25,0.75
23.08.2021 00:08:48.266,7.791260000000001,7.79057,0.75,0.75
23.08.2021 00:08:49.220,7.79127,7.79057,1.5,0.75
23.08.2021 00:08:49.749,7.791030000000001,7.79047,0.75,0.75
23.08.2021 00:08:49.799,7.79099,7.790330000000001,0.75,1.5
23.08.2021 00:08:49.900,7.79099,7.79032,0.75,0.75
23.08.2021 00:08:50.119,7.79082,7.790410000000001,0.37,0.75
23.08.2021 00:08:52.519,7.79082,7.790510000000001,0.37,0.75
23.08.2021 00:08:52.570,7.79089,7.790410000000001,0.37,0.75
23.08.2021 00:08:52.840,7.790830000000001,7.790410000000001,0.75,0.75
23.08.2021 00:08:52.941,7.79054,7.790210000000001,0.75,0.37
23.08.2021 00:08:52.991,7.79054,7.79014,0.37,0.37
23.08.2021 00:08:53.042,7.79054,7.79012,0.37,0.75
23.08.2021 00:08:54.028,7.79057,7.79012,0.37,0.75
23.08.2021 00:08:55.504,7.79058,7.79012,0.37,0.75
23.08.2021 00:08:56.126,7.790510000000001,7.790160000000001,0.75,0.75
23.08.2021 00:08:56.176,7.790630000000001,7.790030000000001,0.75,0.37
23.08.2021 00:08:56.227,7.79065,7.790030000000001,0.75,0.37
23.08.2021 00:08:56.327,7.790630000000001,7.7899,0.75,0.37
23.08.2021 00:08:56.428,7.79067,7.7899,2.25,0.37
23.08.2021 00:08:56.571,7.790560000000001,7.78989,0.37,1.12
23.08.2021 00:08:57.836,7.790560000000001,7.789880000000001,0.37,0.37
23.08.2021 00:08:58.840,7.79057,7.789880000000001,0.37,0.37
23.08.2021 00:09:00.348,7.79059,7.7898700000000005,0.37,2.25
23.08.2021 00:09:02.522,7.7906,7.7898700000000005,0.37,2.62
23.08.2021 00:09:03.525,7.79059,7.789880000000001,0.37,0.37
23.08.2021 00:09:04.527,7.7906,7.789880000000001,0.37,0.37
23.08.2021 00:09:06.237,7.79058,7.789880000000001,0.75,0.37
23.08.2021 00:09:06.543,7.79058,7.7898700000000005,1.87,1.5
23.08.2021 00:09:07.533,7.79049,7.7898700000000005,0.37,2.25
23.08.2021 00:09:07.661,7.79049,7.78985,0.37,0.75
23.08.2021 00:09:07.813,7.7904800000000005,7.78984,0.75,1.12
23.08.2021 00:09:08.241,7.79047,7.78984,0.75,1.12
23.08.2021 00:09:09.557,7.79047,7.78985,1.12,0.37
23.08.2021 00:09:09.876,7.79047,7.789860000000001,0.37,0.75
23.08.2021 00:09:09.927,7.790280000000001,7.789910000000001,0.75,0.75
23.08.2021 00:09:10.756,7.790280000000001,7.789880000000001,0.75,0.37
23.08.2021 00:09:11.106,7.79024,7.789880000000001,0.75,0.37
23.08.2021 00:09:11.547,7.79024,7.7899,0.75,0.37
23.08.2021 00:09:12.870,7.79024,7.78989,0.75,0.37
23.08.2021 00:09:13.777,7.790260000000001,7.789910000000001,1.12,0.75
23.08.2021 00:09:14.563,7.790260000000001,7.789930000000001,0.75,0.37
23.08.2021 00:09:15.571,7.790260000000001,7.78994,0.75,0.37
23.08.2021 00:09:26.893,7.79029,7.78994,0.37,0.37
23.08.2021 00:09:28.590,7.790260000000001,7.78994,0.75,1.12
23.08.2021 00:09:34.609,7.790260000000001,7.790030000000001,0.75,0.37
23.08.2021 00:09:36.092,7.790260000000001,7.7900100000000005,0.75,0.37
23.08.2021 00:09:37.428,7.79024,7.7900100000000005,0.75,0.37
23.08.2021 00:09:37.478,7.79024,7.78994,0.75,0.37
23.08.2021 00:09:38.930,7.79024,7.78992,0.75,0.37
23.08.2021 00:09:40.430,7.79024,7.789910000000001,0.75,0.75
23.08.2021 00:09:44.653,7.790210000000001,7.78992,0.75,0.37
23.08.2021 00:09:44.931,7.790210000000001,7.789930000000001,0.75,0.37
23.08.2021 00:09:47.931,7.790210000000001,7.78992,0.75,0.37
23.08.2021 00:09:54.316,7.790260000000001,7.78994,0.75,0.75
23.08.2021 00:09:54.367,7.790310000000001,7.7899899999999995,0.75,0.75
23.08.2021 00:09:54.750,7.790310000000001,7.79002,0.75,0.37
23.08.2021 00:10:03.148,7.790410000000001,7.79009,0.75,0.75
23.08.2021 00:10:03.199,7.790410000000001,7.79012,0.75,0.37
23.08.2021 00:10:17.941,7.790410000000001,7.79009,0.75,0.75
23.08.2021 00:10:19.403,7.790410000000001,7.79012,0.75,0.37
23.08.2021 00:10:20.120,7.790510000000001,7.79012,0.37,0.37
23.08.2021 00:10:20.685,7.79053,7.79012,0.37,0.37
23.08.2021 00:10:24.695,7.79054,7.79012,0.75,0.37
23.08.2021 00:10:33.243,7.7904800000000005,7.79012,0.75,0.37
23.08.2021 00:10:33.466,7.790410000000001,7.79012,0.75,0.37
23.08.2021 00:10:38.532,7.790410000000001,7.79014,0.75,0.37
23.08.2021 00:10:44.552,7.790410000000001,7.790160000000001,0.75,0.37
23.08.2021 00:11:04.821,7.790410000000001,7.79014,0.75,0.37
23.08.2021 00:11:05.324,7.790410000000001,7.79012,0.75,0.37
23.08.2021 00:12:04.815,7.790410000000001,7.79009,0.75,0.75
23.08.2021 00:16:29.118,7.790450000000001,7.79018,0.75,0.75
23.08.2021 00:16:29.219,7.79042,7.79017,0.75,0.75
23.08.2021 00:18:45.031,7.790410000000001,7.79017,0.75,0.75
23.08.2021 00:19:25.370,7.79042,7.79017,0.75,0.75
23.08.2021 00:21:05.384,7.790460000000001,7.79014,0.37,0.37
23.08.2021 00:21:08.932,7.79042,7.79017,0.75,0.75
23.08.2021 00:23:07.730,7.790439999999999,7.79018,0.75,0.75
23.08.2021 00:23:15.432,7.790380000000001,7.790160000000001,0.75,0.37
23.08.2021 00:23:15.583,7.79032,7.790100000000001,0.75,0.52
23.08.2021 00:23:36.691,7.790439999999999,7.7899899999999995,0.45,0.52
23.08.2021 00:23:38.168,7.790430000000001,7.7899899999999995,0.45,0.25
23.08.2021 00:23:45.751,7.79032,7.79007,0.75,0.9
23.08.2021 00:24:16.549,7.790330000000001,7.790080000000001,0.75,0.9
23.08.2021 00:24:20.802,7.790380000000001,7.79013,0.75,0.86
23.08.2021 00:24:45.202,7.790330000000001,7.790080000000001,0.75,0.9
23.08.2021 00:24:45.303,7.790330000000001,7.790080000000001,0.75,0.75
23.08.2021 00:25:40.849,7.790430000000001,7.7899899999999995,0.47,0.37
23.08.2021 00:25:45.623,7.790330000000001,7.790080000000001,0.75,0.75
23.08.2021 00:26:15.032,7.790330000000001,7.79009,0.75,0.75
23.08.2021 00:26:15.133,7.790230000000001,7.7899899999999995,0.75,0.75
23.08.2021 00:26:35.074,7.790360000000001,7.78997,0.37,0.37
23.08.2021 00:26:45.279,7.790230000000001,7.7899899999999995,0.75,0.75
23.08.2021 00:27:46.171,7.79032,7.7899899999999995,0.75,0.75
23.08.2021 00:27:46.222,7.790230000000001,7.7899899999999995,0.75,0.37
23.08.2021 00:27:46.373,7.790330000000001,7.790080000000001,0.75,0.75
23.08.2021 00:27:46.524,7.790380000000001,7.79013,0.75,0.75
23.08.2021 00:27:57.848,7.79047,7.790030000000001,0.85,0.37
23.08.2021 00:27:59.208,7.790330000000001,7.790080000000001,0.75,0.75
23.08.2021 00:29:10.029,7.790330000000001,7.79009,0.75,0.75
23.08.2021 00:29:14.877,7.790280000000001,7.790030000000001,0.75,0.75
23.08.2021 00:29:14.928,7.790230000000001,7.789980000000001,0.75,0.75
23.08.2021 00:29:28.830,7.790260000000001,7.789980000000001,0.75,0.75
23.08.2021 00:29:29.025,7.790260000000001,7.7899899999999995,0.75,0.37
23.08.2021 00:29:38.391,7.790260000000001,7.789980000000001,0.75,0.75
23.08.2021 00:29:38.443,7.790380000000001,7.78997,0.37,0.37
23.08.2021 00:29:58.846,7.790260000000001,7.789980000000001,0.75,0.75
23.08.2021 00:30:17.782,7.790260000000001,7.7899899999999995,0.75,0.37
23.08.2021 00:31:29.258,7.790260000000001,7.789980000000001,0.75,0.75
23.08.2021 00:31:34.855,7.79024,7.789980000000001,0.75,0.75
23.08.2021 00:31:36.578,7.790260000000001,7.789980000000001,0.75,0.75
23.08.2021 00:31:47.649,7.790310000000001,7.790030000000001,0.75,0.75
23.08.2021 00:31:47.773,7.790260000000001,7.7900100000000005,0.75,0.37
23.08.2021 00:31:47.824,7.790410000000001,7.79013,0.75,0.75
23.08.2021 00:32:05.212,7.79047,7.790030000000001,0.37,0.37
23.08.2021 00:32:05.460,7.7904800000000005,7.790030000000001,1.2,0.37
23.08.2021 00:32:05.768,7.7904800000000005,7.790050000000001,0.82,0.37
23.08.2021 00:32:08.190,7.790460000000001,7.790160000000001,0.75,0.75
23.08.2021 00:32:08.291,7.790460000000001,7.79018,0.75,0.75
23.08.2021 00:32:20.773,7.79053,7.790080000000001,0.47,0.37
23.08.2021 00:32:25.665,7.79053,7.790080000000001,0.45,0.37
23.08.2021 00:32:25.995,7.79053,7.790080000000001,0.85,0.37
23.08.2021 00:32:27.682,7.790510000000001,7.79009,0.37,0.37
23.08.2021 00:32:28.685,7.790500000000001,7.79009,0.37,0.37
23.08.2021 00:32:29.692,7.79049,7.79009,0.37,0.37
23.08.2021 00:32:33.382,7.79052,7.790080000000001,0.37,0.37
23.08.2021 00:32:34.380,7.790510000000001,7.790080000000001,0.37,0.37
23.08.2021 00:32:38.480,7.790460000000001,7.79018,0.75,0.75
23.08.2021 00:33:50.080,7.79053,7.790080000000001,0.47,0.37
23.08.2021 00:33:55.394,7.79053,7.790080000000001,0.45,0.37
23.08.2021 00:33:56.353,7.790510000000001,7.790080000000001,0.37,0.37
23.08.2021 00:34:04.107,7.7904800000000005,7.790080000000001,0.75,0.37
23.08.2021 00:34:04.444,7.790460000000001,7.79018,0.75,0.75
23.08.2021 00:34:26.271,7.790460000000001,7.79014,0.37,0.37
23.08.2021 00:34:34.687,7.790460000000001,7.79018,1.12,0.75
23.08.2021 00:35:28.743,7.7905500000000005,7.79024,1.22,0.75
23.08.2021 00:35:28.794,7.790450000000001,7.79018,0.75,0.75
23.08.2021 00:36:08.821,7.790460000000001,7.79014,0.37,0.37
23.08.2021 00:36:16.113,7.790450000000001,7.79018,0.75,0.75
23.08.2021 00:37:46.267,7.79054,7.79007,0.85,0.85
23.08.2021 00:37:46.368,7.79054,7.79007,0.85,0.85
23.08.2021 00:37:46.779,7.7904800000000005,7.79007,0.75,0.85
23.08.2021 00:37:51.588,7.7904,7.79013,0.75,0.75
23.08.2021 00:37:58.431,7.7903,7.79007,0.75,0.37
23.08.2021 00:37:58.532,7.7903,7.79,0.75,0.75
23.08.2021 00:38:20.108,7.7903899999999995,7.789960000000001,0.85,0.37
23.08.2021 00:38:20.385,7.7903899999999995,7.789960000000001,0.85,0.37
23.08.2021 00:38:28.768,7.7903,7.79,0.75,0.75
23.08.2021 00:38:53.657,7.790380000000001,7.789960000000001,0.85,0.37
23.08.2021 00:38:58.886,7.7903,7.79,0.75,0.75
23.08.2021 00:39:29.098,7.79019,7.78994,0.75,1.12
23.08.2021 00:39:29.265,7.790280000000001,7.79,0.75,0.75
23.08.2021 00:39:44.646,7.79029,7.79,0.75,0.75
23.08.2021 00:40:50.030,7.7903,7.79,0.75,0.75
23.08.2021 00:41:54.612,7.790310000000001,7.79,0.75,0.75
23.08.2021 00:44:09.474,7.790330000000001,7.79,0.75,0.75
23.08.2021 00:46:17.642,7.790280000000001,7.7899899999999995,0.75,0.75
23.08.2021 00:46:17.743,7.790230000000001,7.78994,0.75,2.25
23.08.2021 00:46:35.081,7.79032,7.789930000000001,0.37,0.82
23.08.2021 00:46:35.182,7.79032,7.789930000000001,0.47,0.75
23.08.2021 00:46:47.787,7.790230000000001,7.78994,0.75,0.75
23.08.2021 00:46:50.330,7.790230000000001,7.78997,0.75,0.37
23.08.2021 00:46:51.935,7.79032,7.79,1.22,0.75
23.08.2021 00:46:51.986,7.790230000000001,7.78995,0.75,0.37
23.08.2021 00:46:52.036,7.79013,7.78984,0.75,0.75
23.08.2021 00:46:52.187,7.790030000000001,7.78974,0.75,0.75
23.08.2021 00:46:52.288,7.79013,7.78984,0.75,0.75
23.08.2021 00:47:08.787,7.7902000000000005,7.7898000000000005,0.47,0.37
23.08.2021 00:47:08.887,7.790230000000001,7.789760000000001,0.85,0.37
23.08.2021 00:47:10.831,7.79017,7.789760000000001,0.37,0.37
23.08.2021 00:47:15.156,7.79019,7.78978,0.45,0.37
23.08.2021 00:47:22.402,7.79013,7.78984,0.75,0.75
23.08.2021 00:47:29.016,7.7900100000000005,7.78982,0.75,0.37
23.08.2021 00:47:29.066,7.789980000000001,7.78974,0.75,0.37
23.08.2021 00:47:29.117,7.789960000000001,7.78974,0.75,0.37
23.08.2021 00:47:29.268,7.789960000000001,7.78969,0.75,0.75
23.08.2021 00:47:29.369,7.78992,7.789660000000001,0.75,0.75
23.08.2021 00:47:29.420,7.79007,7.789660000000001,0.75,0.75
23.08.2021 00:47:29.470,7.78997,7.789680000000001,0.75,0.75
23.08.2021 00:47:36.722,7.79007,7.78957,0.85,0.47
23.08.2021 00:47:40.242,7.789980000000001,7.78969,0.75,0.75
23.08.2021 00:47:56.853,7.79007,7.78957,0.47,0.85
23.08.2021 00:48:04.147,7.790080000000001,7.7896,0.85,0.37
23.08.2021 00:48:10.387,7.789980000000001,7.78969,0.75,0.75
23.08.2021 00:48:40.863,7.790160000000001,7.789560000000001,0.85,0.47
23.08.2021 00:48:41.972,7.790160000000001,7.789560000000001,0.85,0.47
23.08.2021 00:48:50.836,7.789980000000001,7.78969,0.75,0.75
23.08.2021 00:49:00.897,7.790150000000001,7.789560000000001,0.47,0.85
23.08.2021 00:49:01.015,7.789980000000001,7.78969,0.75,0.75
23.08.2021 00:49:22.039,7.789930000000001,7.7896399999999995,0.75,0.75
23.08.2021 00:49:22.090,7.7900100000000005,7.789530000000001,0.75,0.37
23.08.2021 00:49:22.140,7.79,7.789530000000001,0.85,0.37
23.08.2021 00:49:22.291,7.789880000000001,7.78959,0.75,0.75
23.08.2021 00:49:34.360,7.7900100000000005,7.789480000000001,0.85,0.45
23.08.2021 00:49:38.580,7.789980000000001,7.789480000000001,0.47,0.45
23.08.2021 00:49:40.093,7.789980000000001,7.789480000000001,0.47,0.45
23.08.2021 00:49:45.987,7.78997,7.78944,0.47,0.47
23.08.2021 00:49:52.288,7.789880000000001,7.78959,0.75,0.75
23.08.2021 00:50:07.154,7.789930000000001,7.7896399999999995,0.75,0.75
23.08.2021 00:50:07.420,7.790050000000001,7.7896,0.85,0.37
23.08.2021 00:50:07.543,7.790050000000001,7.7896,0.85,0.37
23.08.2021 00:50:08.580,7.790050000000001,7.7896,1.22,0.37
23.08.2021 00:50:08.631,7.790050000000001,7.789480000000001,1.22,0.85
23.08.2021 00:50:12.951,7.790039999999999,7.789480000000001,0.47,1.22
23.08.2021 00:50:19.623,7.790050000000001,7.78954,0.85,0.75
23.08.2021 00:50:57.309,7.78992,7.789630000000001,0.75,0.75
23.08.2021 00:50:57.410,7.790050000000001,7.78955,0.85,0.37
23.08.2021 00:50:57.611,7.790050000000001,7.78955,0.85,0.37
23.08.2021 00:50:57.838,7.790050000000001,7.78955,0.85,0.37
23.08.2021 00:50:58.354,7.790050000000001,7.789530000000001,0.85,0.75
23.08.2021 00:51:13.668,7.790039999999999,7.789530000000001,0.47,0.45
23.08.2021 00:51:13.769,7.790039999999999,7.78954,0.47,0.75
23.08.2021 00:51:14.666,7.789980000000001,7.78954,0.37,1.12
23.08.2021 00:51:15.721,7.789980000000001,7.789560000000001,0.37,0.37
23.08.2021 00:51:16.727,7.789980000000001,7.78962,0.37,0.37
23.08.2021 00:51:18.734,7.789980000000001,7.789630000000001,0.37,0.37
23.08.2021 00:51:21.429,7.78997,7.789610000000001,0.37,0.37
23.08.2021 00:51:29.671,7.789980000000001,7.78962,0.37,0.37
23.08.2021 00:51:45.025,7.789980000000001,7.78969,1.12,0.75
23.08.2021 00:51:49.186,7.790030000000001,7.78974,0.75,0.75
23.08.2021 00:52:13.616,7.790039999999999,7.78979,0.37,0.75
23.08.2021 00:52:13.666,7.790080000000001,7.78979,0.75,0.75
23.08.2021 00:52:19.761,7.790080000000001,7.78984,0.37,0.75
23.08.2021 00:52:19.811,7.79013,7.78984,0.75,0.75
23.08.2021 00:52:19.861,7.79018,7.78989,0.75,0.75
23.08.2021 00:52:24.844,7.790160000000001,7.78989,0.75,0.75
23.08.2021 00:52:24.995,7.790080000000001,7.789810000000001,0.75,0.37
23.08.2021 00:52:25.665,7.790080000000001,7.78979,0.75,0.75
23.08.2021 00:52:39.715,7.79002,7.7897300000000005,0.75,0.75
23.08.2021 00:52:39.816,7.78997,7.789710000000001,0.75,0.37
23.08.2021 00:52:41.180,7.78997,7.789680000000001,0.75,0.75
23.08.2021 00:52:56.301,7.7900100000000005,7.78965,0.37,0.37
23.08.2021 00:53:09.914,7.78997,7.789680000000001,0.75,0.75
23.08.2021 00:54:51.964,7.78995,7.789680000000001,0.75,0.75
23.08.2021 00:55:07.740,7.79,7.7897300000000005,0.75,0.75
23.08.2021 00:55:07.867,7.78995,7.789680000000001,0.75,0.75
23.08.2021 00:55:25.262,7.78992,7.78967,0.75,0.75
23.08.2021 00:56:41.489,7.789930000000001,7.789680000000001,0.75,0.75
23.08.2021 00:57:24.793,7.789930000000001,7.78967,0.75,0.75
23.08.2021 00:57:30.043,7.790030000000001,7.78978,0.75,0.75
23.08.2021 00:57:30.194,7.789980000000001,7.7897300000000005,0.75,0.75
23.08.2021 00:58:00.218,7.790100000000001,7.78967,0.45,0.37
23.08.2021 00:58:00.420,7.789980000000001,7.7897300000000005,0.75,0.75
23.08.2021 00:58:33.586,7.790030000000001,7.78978,0.75,0.75
23.08.2021 00:58:33.965,7.789980000000001,7.7897300000000005,0.75,0.75
23.08.2021 00:58:39.905,7.790110000000001,7.789660000000001,0.47,0.37
23.08.2021 00:58:40.769,7.790110000000001,7.78967,0.47,0.37
23.08.2021 00:58:55.901,7.790150000000001,7.78967,0.47,0.37
23.08.2021 00:58:56.630,7.790060000000001,7.78967,0.37,0.37
23.08.2021 00:59:32.034,7.790060000000001,7.78965,0.37,0.37
23.08.2021 00:59:33.540,7.79013,7.78965,0.47,0.37
23.08.2021 00:59:38.511,7.79013,7.78965,0.47,0.37
23.08.2021 00:59:40.323,7.790160000000001,7.78965,0.47,0.37
23.08.2021 00:59:46.086,7.790110000000001,7.78965,0.47,0.37
23.08.2021 00:59:55.540,7.790110000000001,7.78967,0.47,0.37
23.08.2021 00:59:55.641,7.790110000000001,7.78967,0.47,0.37
23.08.2021 00:59:57.809,7.79012,7.78965,0.47,0.37
23.08.2021 01:00:01.695,7.790150000000001,7.78965,0.47,0.37
23.08.2021 01:00:01.836,7.790150000000001,7.78965,0.47,0.37
23.08.2021 01:00:03.757,7.79013,7.789630000000001,0.47,0.37
23.08.2021 01:00:03.898,7.79012,7.789630000000001,0.47,0.37
23.08.2021 01:00:04.049,7.79012,7.7896,0.47,0.37
23.08.2021 01:00:04.493,7.79012,7.7896,0.47,0.37
23.08.2021 01:00:14.116,7.790060000000001,7.7896,0.37,0.37
23.08.2021 01:00:15.109,7.790050000000001,7.7896,0.37,0.37
23.08.2021 01:00:16.538,7.790110000000001,7.7896,0.85,0.37
23.08.2021 01:00:16.589,7.78995,7.789680000000001,0.75,0.75
23.08.2021 01:00:20.448,7.790060000000001,7.7896399999999995,0.47,0.37
23.08.2021 01:00:38.544,7.79007,7.7896399999999995,0.47,0.37
23.08.2021 01:00:40.323,7.79007,7.7896399999999995,0.45,0.37
23.08.2021 01:00:40.374,7.79007,7.78967,0.37,0.37
23.08.2021 01:00:40.481,7.7900100000000005,7.7897300000000005,0.75,0.75
23.08.2021 01:00:40.905,7.79007,7.78967,0.47,0.37
23.08.2021 01:00:40.956,7.789960000000001,7.789680000000001,0.75,0.75
23.08.2021 01:01:01.798,7.79009,7.789680000000001,0.47,0.37
23.08.2021 01:01:03.256,7.79009,7.7896399999999995,0.47,0.37
23.08.2021 01:01:07.572,7.790080000000001,7.789680000000001,0.45,0.37
23.08.2021 01:01:09.026,7.790080000000001,7.7896399999999995,0.45,0.37
23.08.2021 01:01:10.910,7.789960000000001,7.789680000000001,0.75,0.75
23.08.2021 01:01:13.676,7.78995,7.789680000000001,0.75,1.12
23.08.2021 01:01:30.911,7.790060000000001,7.789680000000001,0.37,0.37
23.08.2021 01:01:32.117,7.790060000000001,7.7896399999999995,0.37,0.37
23.08.2021 01:01:32.167,7.78995,7.789680000000001,0.75,0.75
23.08.2021 01:01:40.383,7.79009,7.789680000000001,0.47,0.37
23.08.2021 01:01:41.638,7.79007,7.789680000000001,0.37,0.37
23.08.2021 01:01:41.870,7.79007,7.7896399999999995,0.37,0.37
23.08.2021 01:01:42.640,7.790060000000001,7.7896399999999995,0.37,0.37
23.08.2021 01:01:44.390,7.78995,7.789680000000001,0.75,0.75
23.08.2021 01:04:58.076,7.7899,7.789630000000001,0.75,0.75
23.08.2021 01:05:07.721,7.78995,7.789680000000001,0.75,0.75
23.08.2021 01:05:22.329,7.79,7.7897300000000005,0.75,0.75
23.08.2021 01:05:25.359,7.790050000000001,7.78978,0.75,0.75
23.08.2021 01:05:56.182,7.79012,7.789710000000001,0.37,0.37
23.08.2021 01:05:57.153,7.790150000000001,7.78972,0.85,0.37
23.08.2021 01:06:00.075,7.790150000000001,7.78974,0.85,0.37
23.08.2021 01:06:00.176,7.79014,7.78974,0.85,0.37
23.08.2021 01:06:00.226,7.790100000000001,7.78972,0.75,0.37
23.08.2021 01:06:00.336,7.79014,7.78972,1.22,0.37
23.08.2021 01:06:01.151,7.79014,7.789700000000001,1.22,0.37
23.08.2021 01:06:16.153,7.790050000000001,7.78978,0.75,0.75
23.08.2021 01:06:40.525,7.79,7.7897300000000005,0.75,0.75
23.08.2021 01:06:40.626,7.79,7.7897300000000005,0.85,0.75
23.08.2021 01:06:40.777,7.79,7.7897300000000005,0.85,0.75
23.08.2021 01:06:40.827,7.79007,7.78954,1.22,0.37
23.08.2021 01:06:40.901,7.78985,7.789580000000001,0.75,0.75
23.08.2021 01:06:42.808,7.7899,7.789630000000001,0.75,0.75
23.08.2021 01:06:42.858,7.7899899999999995,7.789610000000001,0.37,0.37
23.08.2021 01:06:42.909,7.78995,7.789680000000001,0.75,0.75
23.08.2021 01:06:52.154,7.78992,7.78967,0.75,0.75
23.08.2021 01:06:58.815,7.78992,7.78969,0.75,0.37
23.08.2021 01:06:58.865,7.78997,7.78972,0.75,0.75
23.08.2021 01:07:04.734,7.790150000000001,7.789660000000001,0.47,0.37
23.08.2021 01:07:10.238,7.79012,7.789660000000001,0.47,0.37
23.08.2021 01:07:10.289,7.78997,7.78972,0.75,0.75
23.08.2021 01:07:10.953,7.79007,7.789630000000001,0.67,0.37
23.08.2021 01:07:11.074,7.78997,7.78972,0.75,0.75
23.08.2021 01:07:15.159,7.78994,7.78967,0.75,0.75
23.08.2021 01:07:15.210,7.78992,7.78967,0.75,0.75
23.08.2021 01:07:26.275,7.78997,7.78972,0.75,0.75
23.08.2021 01:07:26.376,7.78992,7.78967,0.75,0.75
23.08.2021 01:07:40.364,7.7900100000000005,7.789560000000001,0.37,0.37
23.08.2021 01:07:46.307,7.78992,7.78967,0.75,0.75
23.08.2021 01:08:01.822,7.78997,7.78972,0.75,0.75
23.08.2021 01:08:16.806,7.790050000000001,7.789610000000001,0.37,0.45
23.08.2021 01:08:16.962,7.790039999999999,7.78957,0.37,0.85
23.08.2021 01:08:20.101,7.78997,7.78972,0.75,0.75
23.08.2021 01:08:20.206,7.790039999999999,7.78957,0.37,0.85
23.08.2021 01:08:21.196,7.790039999999999,7.78957,0.37,0.85
23.08.2021 01:08:21.247,7.78997,7.78969,0.75,0.75
23.08.2021 01:08:52.814,7.789960000000001,7.789660000000001,0.75,0.75
23.08.2021 01:08:54.362,7.78997,7.78969,0.75,0.75
23.08.2021 01:09:22.637,7.789960000000001,7.789660000000001,0.75,0.75
23.08.2021 01:09:32.189,7.78997,7.78969,0.75,0.75
23.08.2021 01:09:46.392,7.78992,7.7896399999999995,0.75,0.75
23.08.2021 01:09:46.594,7.7898700000000005,7.78959,0.75,0.75
23.08.2021 01:09:46.745,7.78982,7.78954,0.75,0.75
23.08.2021 01:09:52.887,7.789810000000001,7.789510000000001,0.75,0.75
23.08.2021 01:09:57.983,7.78982,7.78954,0.75,0.75
23.08.2021 01:09:59.466,7.78977,7.78949,0.75,0.75
23.08.2021 01:09:59.516,7.7898700000000005,7.78939,0.37,0.85
23.08.2021 01:09:59.668,7.7898700000000005,7.78937,0.37,0.85
23.08.2021 01:10:00.249,7.7899,7.78937,0.47,0.85
23.08.2021 01:10:10.900,7.78967,7.78939,0.75,0.75
23.08.2021 01:10:11.001,7.78962,7.78934,0.75,0.75
23.08.2021 01:10:18.797,7.78957,7.789289999999999,0.75,0.75
23.08.2021 01:10:18.898,7.78952,7.78925,0.75,0.37
23.08.2021 01:10:18.949,7.789700000000001,7.78925,0.47,0.37
23.08.2021 01:10:19.050,7.78947,7.78919,0.75,0.75
23.08.2021 01:10:19.100,7.789680000000001,7.789130000000001,0.85,0.37
23.08.2021 01:10:19.151,7.78947,7.78919,0.75,0.75
23.08.2021 01:10:19.201,7.78967,7.789130000000001,0.85,0.37
23.08.2021 01:10:19.252,7.78947,7.78919,0.75,0.75
23.08.2021 01:10:19.303,7.78965,7.789130000000001,0.85,0.37
23.08.2021 01:10:19.353,7.78947,7.78919,0.75,0.75
23.08.2021 01:10:26.339,7.78932,7.78904,0.75,0.85
23.08.2021 01:10:26.440,7.78932,7.78904,0.75,0.75
23.08.2021 01:10:28.776,7.78949,7.78904,0.37,0.37
23.08.2021 01:10:29.310,7.789530000000001,7.788950000000001,0.37,0.47
23.08.2021 01:10:30.300,7.789530000000001,7.788950000000001,0.37,0.47
23.08.2021 01:10:30.786,7.789560000000001,7.7889800000000005,0.45,0.47
23.08.2021 01:10:38.567,7.789560000000001,7.7889800000000005,0.47,0.47
23.08.2021 01:10:40.997,7.789560000000001,7.7889800000000005,0.47,0.47
23.08.2021 01:10:41.360,7.789560000000001,7.7889800000000005,0.47,0.47
23.08.2021 01:10:43.597,7.7895,7.788950000000001,0.37,0.47
23.08.2021 01:10:44.720,7.78949,7.78897,0.37,0.47
23.08.2021 01:10:57.334,7.789480000000001,7.788960000000001,0.37,0.47
23.08.2021 01:10:57.435,7.78932,7.7890500000000005,0.75,0.75
23.08.2021 01:11:07.943,7.78927,7.789000000000001,0.75,0.75
23.08.2021 01:11:32.274,7.789410000000001,7.78897,0.37,0.37
23.08.2021 01:11:32.523,7.78927,7.789000000000001,0.75,0.75
23.08.2021 01:11:35.153,7.78922,7.788950000000001,0.75,0.75
23.08.2021 01:11:42.705,7.789360000000001,7.78892,1.12,0.37
23.08.2021 01:11:43.123,7.78932,7.78892,0.37,0.37
23.08.2021 01:11:46.934,7.78932,7.78897,0.37,0.75
23.08.2021 01:11:47.796,7.789360000000001,7.78897,0.75,0.75
23.08.2021 01:11:50.906,7.78917,7.7889,0.75,0.75
23.08.2021 01:12:02.870,7.78922,7.78897,0.75,0.75
23.08.2021 01:12:10.096,7.78932,7.7890500000000005,0.75,0.75
23.08.2021 01:12:20.188,7.789460000000001,7.78902,0.37,0.37
23.08.2021 01:12:20.289,7.78947,7.78902,0.45,0.37
23.08.2021 01:12:25.109,7.78947,7.78902,0.47,0.37
23.08.2021 01:12:25.571,7.78947,7.78902,0.45,0.37
23.08.2021 01:12:31.377,7.78947,7.78902,0.47,0.37
23.08.2021 01:12:40.253,7.78932,7.7890500000000005,0.75,0.75
23.08.2021 01:12:56.584,7.78932,7.789060000000001,0.75,0.75
23.08.2021 01:13:40.883,7.789460000000001,7.789000000000001,0.37,0.37
23.08.2021 01:13:44.119,7.789460000000001,7.78902,0.37,0.37
23.08.2021 01:13:44.220,7.78932,7.789060000000001,0.75,0.75
23.08.2021 01:14:06.384,7.78943,7.78902,0.37,0.75
23.08.2021 01:14:10.246,7.789460000000001,7.78902,0.37,0.37
23.08.2021 01:14:13.460,7.789460000000001,7.78897,0.37,2.25
23.08.2021 01:14:13.510,7.78927,7.789010000000001,0.75,0.75
23.08.2021 01:14:17.264,7.78922,7.788960000000001,0.75,0.75
23.08.2021 01:14:17.365,7.78927,7.789010000000001,0.75,0.75
23.08.2021 01:14:25.546,7.78937,7.78897,0.37,0.37
23.08.2021 01:14:26.451,7.789360000000001,7.78897,0.37,0.37
23.08.2021 01:14:27.497,7.78934,7.78897,0.37,0.37
23.08.2021 01:14:31.032,7.789360000000001,7.78897,0.37,0.37
23.08.2021 01:14:37.471,7.78927,7.789010000000001,0.75,0.75
23.08.2021 01:14:50.193,7.78922,7.788960000000001,0.75,0.75
23.08.2021 01:15:12.400,7.7893300000000005,7.788880000000001,0.37,0.37
23.08.2021 01:15:12.452,7.7893300000000005,7.78897,0.37,0.75
23.08.2021 01:15:13.535,7.78927,7.789010000000001,0.75,0.75
23.08.2021 01:15:16.824,7.78932,7.789060000000001,0.75,0.75
23.08.2021 01:15:23.460,7.78937,7.789110000000001,0.75,0.75
23.08.2021 01:15:58.925,7.78932,7.789060000000001,0.75,0.75
23.08.2021 01:16:02.765,7.789300000000001,7.78902,0.75,0.75
23.08.2021 01:16:02.866,7.78927,7.789010000000001,0.75,0.75
23.08.2021 01:16:05.715,7.7892399999999995,7.78897,0.75,2.25
23.08.2021 01:16:12.621,7.78922,7.78897,0.75,0.75
23.08.2021 01:16:42.613,7.78922,7.788960000000001,0.75,0.75
23.08.2021 01:16:43.245,7.78922,7.78897,0.75,0.75
23.08.2021 01:16:50.125,7.78925,7.788930000000001,0.37,0.37
23.08.2021 01:16:50.278,7.7892399999999995,7.78897,0.37,0.37
23.08.2021 01:16:50.646,7.78922,7.78897,0.75,1.12
23.08.2021 01:16:57.800,7.78927,7.78902,0.75,0.75
23.08.2021 01:17:03.164,7.78932,7.78907,0.75,0.75
23.08.2021 01:17:07.155,7.78938,7.78909,0.37,0.75
23.08.2021 01:17:07.327,7.7893300000000005,7.78908,0.75,0.75
23.08.2021 01:17:07.456,7.78938,7.789130000000001,0.75,0.75
23.08.2021 01:17:17.628,7.78949,7.78908,0.45,0.37
23.08.2021 01:17:19.540,7.789510000000001,7.78908,1.22,0.37
23.08.2021 01:17:20.804,7.78949,7.78908,0.37,0.37
23.08.2021 01:17:21.190,7.78949,7.78907,0.37,0.37
23.08.2021 01:17:21.851,7.789480000000001,7.78907,0.37,0.37
23.08.2021 01:17:23.593,7.78945,7.78907,0.37,0.37
23.08.2021 01:17:35.306,7.78934,7.78908,0.75,0.75
23.08.2021 01:17:45.596,7.789460000000001,7.78902,0.45,0.37
23.08.2021 01:17:45.856,7.78945,7.78902,0.37,0.37
23.08.2021 01:17:47.859,7.78944,7.78904,0.37,0.37
23.08.2021 01:17:48.861,7.78943,7.78904,0.37,0.37
23.08.2021 01:17:49.911,7.789410000000001,7.78904,0.37,0.37
23.08.2021 01:17:57.891,7.78943,7.78902,0.37,0.75
23.08.2021 01:17:58.883,7.78944,7.78903,0.37,0.37
23.08.2021 01:18:02.459,7.78945,7.78903,0.37,0.37
23.08.2021 01:18:04.901,7.78944,7.78904,0.37,0.37
23.08.2021 01:18:05.293,7.78934,7.78908,0.75,0.75
23.08.2021 01:18:30.654,7.78944,7.78903,0.37,0.37
23.08.2021 01:18:33.951,7.78943,7.78903,0.37,0.37
23.08.2021 01:18:35.012,7.78942,7.78903,0.37,0.37
23.08.2021 01:18:35.510,7.78934,7.78908,0.75,0.75
23.08.2021 01:18:41.495,7.78942,7.789160000000001,0.37,0.75
23.08.2021 01:18:41.646,7.789530000000001,7.789280000000001,0.75,0.75
23.08.2021 01:18:51.568,7.789480000000001,7.789230000000001,0.75,0.75
23.08.2021 01:19:02.842,7.78967,7.78915,1.22,0.37
23.08.2021 01:19:04.671,7.78962,7.78917,0.47,0.37
23.08.2021 01:19:05.708,7.78959,7.789160000000001,0.37,0.37
23.08.2021 01:19:14.721,7.78959,7.78915,0.37,0.37
23.08.2021 01:19:21.767,7.789480000000001,7.789230000000001,0.75,0.75
23.08.2021 01:19:22.873,7.789480000000001,7.78922,0.75,0.75
23.08.2021 01:19:47.102,7.789480000000001,7.789230000000001,0.75,0.37
23.08.2021 01:19:48.104,7.789480000000001,7.7892399999999995,0.75,0.37
23.08.2021 01:19:56.426,7.789480000000001,7.78922,0.75,0.75
23.08.2021 01:20:01.036,7.789480000000001,7.789210000000001,0.75,0.75
23.08.2021 01:20:13.666,7.789480000000001,7.789230000000001,0.75,0.75
23.08.2021 01:21:10.884,7.789580000000001,7.7891,0.37,0.45
23.08.2021 01:21:16.573,7.789480000000001,7.789230000000001,0.75,0.75
23.08.2021 01:21:40.961,7.789580000000001,7.789160000000001,0.37,0.37
23.08.2021 01:21:43.449,7.789480000000001,7.789230000000001,0.75,0.75
23.08.2021 01:22:30.163,7.789480000000001,7.78922,0.75,0.75
23.08.2021 01:22:32.331,7.789480000000001,7.789230000000001,0.75,0.75
23.08.2021 01:22:42.410,7.789480000000001,7.78922,0.75,0.75
23.08.2021 01:22:58.873,7.78949,7.78922,0.75,0.75
23.08.2021 01:23:01.224,7.789480000000001,7.789230000000001,0.75,0.75
23.08.2021 01:23:31.093,7.78949,7.789230000000001,0.75,0.75
23.08.2021 01:24:10.826,7.78962,7.78915,0.37,0.37
23.08.2021 01:24:12.437,7.78949,7.789230000000001,0.75,0.75
23.08.2021 01:24:25.365,7.789510000000001,7.789230000000001,0.75,0.75
23.08.2021 01:24:35.133,7.78959,7.789110000000001,0.37,0.47
23.08.2021 01:24:35.689,7.78954,7.789110000000001,0.37,0.47
23.08.2021 01:24:36.674,7.78954,7.789110000000001,0.37,0.45
23.08.2021 01:24:39.991,7.789510000000001,7.789230000000001,0.75,0.75
23.08.2021 01:24:42.366,7.78949,7.789230000000001,0.75,0.75
23.08.2021 01:24:53.617,7.78943,7.789180000000001,0.75,0.75
23.08.2021 01:25:06.382,7.78952,7.78907,0.37,0.37
23.08.2021 01:25:07.754,7.78952,7.78909,0.37,0.37
23.08.2021 01:25:09.478,7.789480000000001,7.78909,0.37,0.37
23.08.2021 01:25:12.366,7.78942,7.78917,0.75,0.75
23.08.2021 01:25:28.214,7.78952,7.78907,0.37,0.37
23.08.2021 01:25:30.465,7.78937,7.7891200000000005,0.75,0.75
23.08.2021 01:25:30.666,7.78945,7.789000000000001,0.37,0.47
23.08.2021 01:25:31.120,7.78952,7.789000000000001,0.37,0.47
23.08.2021 01:25:40.818,7.789510000000001,7.789000000000001,0.37,0.47
23.08.2021 01:25:41.823,7.7895,7.789000000000001,0.37,0.47
23.08.2021 01:25:43.300,7.78952,7.789000000000001,0.37,0.47
23.08.2021 01:25:48.374,7.78949,7.789000000000001,0.37,0.47
23.08.2021 01:25:50.402,7.789480000000001,7.789000000000001,0.37,0.47
23.08.2021 01:25:51.402,7.78947,7.789000000000001,0.37,0.47
23.08.2021 01:25:58.170,7.78947,7.789000000000001,0.37,0.37
23.08.2021 01:26:14.661,7.78945,7.789000000000001,0.37,0.37
23.08.2021 01:26:15.418,7.789460000000001,7.789010000000001,0.75,1.12
23.08.2021 01:26:15.569,7.78942,7.78917,0.75,0.75
23.08.2021 01:26:23.787,7.789410000000001,7.78909,0.75,0.75
23.08.2021 01:26:36.294,7.7892600000000005,7.78904,0.75,0.37
23.08.2021 01:26:36.345,7.7892600000000005,7.789010000000001,0.75,0.37
23.08.2021 01:26:36.573,7.7892600000000005,7.78894,0.75,0.75
23.08.2021 01:26:41.059,7.7892600000000005,7.78897,0.75,0.75
23.08.2021 01:26:42.954,7.7892600000000005,7.78894,0.75,0.75
23.08.2021 01:26:43.943,7.7892600000000005,7.788950000000001,0.75,0.37
23.08.2021 01:26:44.487,7.7892600000000005,7.788960000000001,0.75,0.37
23.08.2021 01:26:46.735,7.7892600000000005,7.78897,0.75,0.75
23.08.2021 01:26:48.253,7.7892600000000005,7.788960000000001,0.75,0.37
23.08.2021 01:26:48.955,7.7892600000000005,7.788950000000001,0.75,0.37
23.08.2021 01:26:49.960,7.7892600000000005,7.78894,0.75,1.12
23.08.2021 01:26:53.249,7.78937,7.78897,0.37,0.75
23.08.2021 01:26:53.300,7.789310000000001,7.78897,0.37,0.75
23.08.2021 01:26:54.766,7.78932,7.78897,0.37,0.75
23.08.2021 01:26:57.767,7.7893300000000005,7.78897,0.37,0.75
23.08.2021 01:26:59.440,7.789210000000001,7.788889999999999,0.75,0.75
23.08.2021 01:27:09.487,7.789210000000001,7.78897,0.75,0.75
23.08.2021 01:27:16.162,7.789300000000001,7.78897,0.37,0.75
23.08.2021 01:27:20.460,7.789300000000001,7.78887,0.37,0.75
23.08.2021 01:27:21.060,7.789300000000001,7.788880000000001,0.37,0.75
23.08.2021 01:27:28.490,7.789289999999999,7.788880000000001,0.37,0.75
23.08.2021 01:27:28.540,7.789160000000001,7.78887,0.75,0.75
23.08.2021 01:27:28.641,7.789160000000001,7.7888399999999995,0.75,1.12
23.08.2021 01:27:33.743,7.789160000000001,7.788860000000001,0.75,0.75
23.08.2021 01:27:36.530,7.789160000000001,7.788889999999999,0.75,0.37
23.08.2021 01:27:39.672,7.78922,7.788889999999999,0.37,0.37
23.08.2021 01:27:40.520,7.789210000000001,7.788860000000001,0.37,0.75
23.08.2021 01:27:40.570,7.789010000000001,7.78874,0.75,1.12
23.08.2021 01:27:40.621,7.789010000000001,7.78872,0.75,0.75
23.08.2021 01:27:40.973,7.78903,7.788560000000001,0.37,0.37
23.08.2021 01:27:41.124,7.78903,7.788530000000001,0.37,0.75
23.08.2021 01:27:42.466,7.789060000000001,7.788550000000001,0.45,0.75
23.08.2021 01:27:43.081,7.789060000000001,7.788550000000001,0.47,0.75
23.08.2021 01:27:43.182,7.788810000000001,7.7884899999999995,0.75,0.75
23.08.2021 01:27:44.124,7.788810000000001,7.78852,0.75,0.75
23.08.2021 01:27:45.210,7.788760000000001,7.78852,0.75,0.75
23.08.2021 01:27:45.261,7.788760000000001,7.78847,0.75,0.75
23.08.2021 01:27:45.311,7.78872,7.78847,0.75,0.75
23.08.2021 01:27:45.412,7.788710000000001,7.78847,0.75,0.75
23.08.2021 01:27:45.602,7.78872,7.78847,0.75,2.25
23.08.2021 01:28:03.784,7.788810000000001,7.78847,0.37,0.75
23.08.2021 01:28:06.029,7.788780000000001,7.78847,0.37,0.75
23.08.2021 01:28:12.130,7.78877,7.78847,0.37,0.75
23.08.2021 01:28:13.126,7.788760000000001,7.78847,0.37,1.12
23.08.2021 01:28:15.647,7.78872,7.78847,0.75,1.12
23.08.2021 01:28:17.153,7.78872,7.788480000000001,0.75,0.37
23.08.2021 01:28:20.084,7.78872,7.78847,0.75,0.75
23.08.2021 01:28:46.614,7.788830000000001,7.788539999999999,0.75,0.75
23.08.2021 01:28:46.665,7.78882,7.78857,0.75,0.75
23.08.2021 01:29:03.861,7.78892,7.788480000000001,0.37,0.82
23.08.2021 01:29:16.021,7.78882,7.78857,0.75,0.75
23.08.2021 01:29:39.453,7.78882,7.7885800000000005,0.75,0.37
23.08.2021 01:29:40.951,7.78882,7.78857,0.75,1.12
23.08.2021 01:30:01.070,7.788950000000001,7.788539999999999,0.37,0.37
23.08.2021 01:30:01.226,7.788950000000001,7.7885800000000005,0.37,0.37
23.08.2021 01:30:01.621,7.788880000000001,7.7885800000000005,0.37,0.37
23.08.2021 01:30:02.726,7.788880000000001,7.78857,0.37,0.37
23.08.2021 01:30:03.549,7.78882,7.78857,0.75,1.12
23.08.2021 01:30:07.759,7.7888399999999995,7.78857,0.75,0.75
23.08.2021 01:30:10.982,7.7889,7.788550000000001,0.37,0.37
23.08.2021 01:30:12.182,7.7888399999999995,7.78857,0.75,0.75
23.08.2021 01:30:17.986,7.78882,7.78857,0.75,0.75
23.08.2021 01:30:37.484,7.788830000000001,7.788550000000001,0.37,0.37
23.08.2021 01:30:37.783,7.788889999999999,7.788550000000001,0.37,0.37
23.08.2021 01:30:37.834,7.78882,7.78857,0.75,0.75
23.08.2021 01:30:55.955,7.788830000000001,7.788550000000001,0.37,0.37
23.08.2021 01:30:56.106,7.788830000000001,7.7885800000000005,1.12,0.75
23.08.2021 01:31:41.025,7.788960000000001,7.788550000000001,0.37,0.37
23.08.2021 01:31:46.130,7.788830000000001,7.7885800000000005,0.75,0.75
23.08.2021 01:32:03.527,7.788960000000001,7.788550000000001,0.37,0.37
23.08.2021 01:32:03.628,7.78882,7.78857,0.75,0.75
23.08.2021 01:32:09.457,7.78885,7.788600000000001,0.75,0.75
23.08.2021 01:32:25.458,7.78892,7.78859,0.37,0.37
23.08.2021 01:32:28.391,7.78894,7.78859,0.37,0.37
23.08.2021 01:32:28.441,7.7888399999999995,7.78859,0.75,0.75
23.08.2021 01:32:41.304,7.788950000000001,7.788560000000001,0.37,0.37
23.08.2021 01:32:41.716,7.788930000000001,7.788560000000001,0.37,0.37
23.08.2021 01:32:44.688,7.78892,7.788560000000001,0.37,0.37
23.08.2021 01:32:45.678,7.78882,7.78859,0.75,0.75
23.08.2021 01:32:46.270,7.7888399999999995,7.78859,0.75,0.75
23.08.2021 01:32:52.940,7.788880000000001,7.78863,0.75,0.75
23.08.2021 01:32:53.041,7.788830000000001,7.7885800000000005,0.75,0.75
23.08.2021 01:33:08.330,7.7888399999999995,7.78859,0.75,0.75
23.08.2021 01:33:10.291,7.78885,7.788600000000001,0.75,0.75
23.08.2021 01:33:29.193,7.7889,7.78864,0.75,0.75
23.08.2021 01:33:29.294,7.788950000000001,7.78869,0.75,0.75
23.08.2021 01:33:29.405,7.788930000000001,7.78867,0.75,0.75
23.08.2021 01:33:29.556,7.788889999999999,7.78863,0.75,0.75
23.08.2021 01:33:29.671,7.788950000000001,7.78869,0.75,0.75
23.08.2021 01:33:29.772,7.788930000000001,7.78867,0.75,0.75
23.08.2021 01:33:30.023,7.78894,7.78868,0.75,0.75
23.08.2021 01:33:30.124,7.78904,7.788780000000001,0.75,0.75
23.08.2021 01:33:30.225,7.78922,7.78892,0.75,0.75
23.08.2021 01:33:30.325,7.7893300000000005,7.78892,0.37,0.75
23.08.2021 01:33:30.426,7.78939,7.788930000000001,0.75,0.75
23.08.2021 01:33:30.477,7.7894000000000005,7.788930000000001,0.75,0.85
23.08.2021 01:33:30.628,7.78949,7.78899,0.75,0.37
23.08.2021 01:33:30.728,7.78955,7.789000000000001,0.75,0.75
23.08.2021 01:33:30.778,7.78955,7.78907,0.75,0.75
23.08.2021 01:33:30.829,7.789630000000001,7.78909,0.75,0.75
23.08.2021 01:33:31.145,7.7896399999999995,7.78909,0.37,0.75
23.08.2021 01:33:31.245,7.78967,7.78909,0.75,1.12
23.08.2021 01:33:31.658,7.789710000000001,7.7891200000000005,2.25,0.75
23.08.2021 01:33:31.708,7.78969,7.7891200000000005,0.75,0.75
23.08.2021 01:33:31.960,7.789700000000001,7.7891200000000005,0.75,0.75
23.08.2021 01:33:32.228,7.789710000000001,7.7891200000000005,0.82,0.75
23.08.2021 01:33:34.590,7.7897300000000005,7.7891200000000005,1.22,0.75
23.08.2021 01:33:35.360,7.7897300000000005,7.7891200000000005,1.22,0.75
23.08.2021 01:33:35.570,7.7897300000000005,7.7891200000000005,1.22,2.32
23.08.2021 01:33:35.621,7.789700000000001,7.789130000000001,0.75,0.75
23.08.2021 01:33:35.860,7.789700000000001,7.78914,0.75,0.37
23.08.2021 01:33:36.032,7.78972,7.78917,0.45,0.75
23.08.2021 01:33:36.520,7.789710000000001,7.78917,0.75,0.75
23.08.2021 01:33:41.144,7.7897300000000005,7.78915,0.37,0.37
23.08.2021 01:33:41.855,7.78977,7.7891200000000005,0.47,0.47
23.08.2021 01:33:42.810,7.78977,7.7891200000000005,0.47,0.47
23.08.2021 01:33:42.911,7.78965,7.78939,0.75,0.75
23.08.2021 01:33:45.410,7.78974,7.789480000000001,0.75,0.75
23.08.2021 01:33:45.511,7.789760000000001,7.78932,0.37,0.82
23.08.2021 01:33:45.612,7.78983,7.789350000000001,0.75,0.37
23.08.2021 01:33:48.096,7.78983,7.789410000000001,0.75,0.37
23.08.2021 01:33:48.197,7.7898700000000005,7.789410000000001,0.75,0.37
23.08.2021 01:33:48.298,7.789880000000001,7.789410000000001,0.75,0.37
23.08.2021 01:33:48.595,7.789880000000001,7.7893300000000005,0.75,0.85
23.08.2021 01:33:48.707,7.7898700000000005,7.78932,0.75,2.35
23.08.2021 01:33:48.981,7.7898700000000005,7.7893300000000005,0.75,0.82
23.08.2021 01:33:49.207,7.789880000000001,7.7893300000000005,0.75,2.25
23.08.2021 01:33:49.346,7.78989,7.78934,1.12,0.37
23.08.2021 01:33:49.711,7.789880000000001,7.78934,0.75,0.37
23.08.2021 01:33:50.096,7.789880000000001,7.789350000000001,0.75,0.37
23.08.2021 01:33:50.391,7.78985,7.78959,0.75,0.75
23.08.2021 01:33:50.626,7.78984,7.789580000000001,0.75,0.75
23.08.2021 01:33:50.778,7.78989,7.789630000000001,0.75,0.75
23.08.2021 01:33:52.251,7.78978,7.78943,0.75,0.75
23.08.2021 01:33:52.301,7.78965,7.78939,0.75,0.75
23.08.2021 01:33:52.352,7.7896399999999995,7.78934,0.75,0.75
23.08.2021 01:33:52.453,7.789660000000001,7.7891200000000005,0.75,0.37
23.08.2021 01:33:52.554,7.78962,7.7891200000000005,0.75,0.37
23.08.2021 01:33:52.604,7.7896399999999995,7.788960000000001,1.12,0.75
23.08.2021 01:33:52.655,7.78962,7.788930000000001,0.75,1.12
23.08.2021 01:33:52.771,7.789610000000001,7.78894,0.75,0.75
23.08.2021 01:33:53.027,7.78957,7.788930000000001,0.75,0.37
23.08.2021 01:33:53.178,7.78955,7.788930000000001,0.75,0.37
23.08.2021 01:33:53.853,7.78955,7.78892,0.75,0.75
23.08.2021 01:33:54.147,7.789560000000001,7.78894,0.75,0.75
23.08.2021 01:33:54.197,7.789580000000001,7.788930000000001,1.12,0.75
23.08.2021 01:33:55.082,7.789580000000001,7.78897,1.12,0.75
23.08.2021 01:33:55.341,7.789560000000001,7.78897,0.37,0.75
23.08.2021 01:33:56.714,7.789580000000001,7.7889800000000005,0.75,0.37
23.08.2021 01:33:56.765,7.789630000000001,7.78904,0.45,0.75
23.08.2021 01:33:56.916,7.789630000000001,7.7891,0.37,0.75
23.08.2021 01:33:56.966,7.789760000000001,7.789110000000001,1.12,0.75
23.08.2021 01:33:57.125,7.789760000000001,7.789130000000001,0.37,0.75
23.08.2021 01:33:57.317,7.7898000000000005,7.78914,0.37,0.75
23.08.2021 01:33:57.602,7.7898000000000005,7.78915,0.37,0.75
23.08.2021 01:33:58.415,7.7898000000000005,7.789130000000001,1.5,0.75
23.08.2021 01:33:58.465,7.78978,7.789130000000001,0.37,1.12
23.08.2021 01:34:00.414,7.78979,7.78914,0.37,0.37
23.08.2021 01:34:00.565,7.78979,7.78915,0.37,0.75
23.08.2021 01:34:00.973,7.78979,7.78914,0.37,0.37
23.08.2021 01:34:01.120,7.78979,7.789160000000001,0.37,0.75
23.08.2021 01:34:01.915,7.789750000000001,7.78917,0.37,0.37
23.08.2021 01:34:07.975,7.7895,7.7892399999999995,0.75,0.75
23.08.2021 01:34:08.126,7.78952,7.7892600000000005,0.75,0.75
23.08.2021 01:34:08.255,7.7895,7.7892399999999995,0.75,0.75
23.08.2021 01:34:17.476,7.7895,7.789230000000001,0.75,0.75
23.08.2021 01:34:35.362,7.789560000000001,7.789160000000001,0.37,0.75
23.08.2021 01:34:35.899,7.78955,7.789160000000001,0.37,0.75
23.08.2021 01:34:37.905,7.78954,7.78919,0.37,0.37
23.08.2021 01:34:44.917,7.789510000000001,7.7892600000000005,0.37,0.37
23.08.2021 01:34:47.522,7.7895,7.7892600000000005,0.75,0.37
23.08.2021 01:35:10.690,7.78949,7.7892600000000005,0.75,0.37
23.08.2021 01:35:16.983,7.78949,7.78927,0.75,0.37
23.08.2021 01:35:21.459,7.78949,7.789230000000001,0.75,0.75
23.08.2021 01:35:21.510,7.78947,7.789210000000001,0.75,0.75
23.08.2021 01:35:21.663,7.78949,7.789230000000001,0.75,0.75
23.08.2021 01:35:43.044,7.789580000000001,7.789130000000001,0.37,0.37
23.08.2021 01:35:45.060,7.78947,7.789130000000001,0.37,0.37
23.08.2021 01:35:46.387,7.78947,7.789230000000001,0.37,0.75
23.08.2021 01:35:46.488,7.789480000000001,7.789230000000001,0.75,0.75
23.08.2021 01:36:04.157,7.78947,7.7892,0.75,0.75
23.08.2021 01:36:23.884,7.789480000000001,7.7892,0.75,0.75
23.08.2021 01:36:26.324,7.78942,7.78914,0.75,0.75
23.08.2021 01:36:26.375,7.789510000000001,7.789060000000001,0.37,0.37
23.08.2021 01:36:26.526,7.789280000000001,7.789000000000001,0.75,0.75
23.08.2021 01:36:26.677,7.789480000000001,7.788930000000001,0.82,0.37
23.08.2021 01:36:26.727,7.78943,7.788930000000001,0.75,0.37
23.08.2021 01:36:26.778,7.78938,7.788860000000001,0.37,0.37
23.08.2021 01:36:27.200,7.7894000000000005,7.788780000000001,0.37,1.12
23.08.2021 01:36:39.092,7.7894000000000005,7.788780000000001,0.47,0.75
23.08.2021 01:36:39.242,7.789300000000001,7.788780000000001,0.37,0.75
23.08.2021 01:36:42.193,7.789289999999999,7.788780000000001,0.37,0.75
23.08.2021 01:36:44.178,7.789280000000001,7.788780000000001,0.37,0.75
23.08.2021 01:36:46.157,7.789210000000001,7.788780000000001,0.37,0.75
23.08.2021 01:37:00.278,7.78942,7.788780000000001,0.37,0.75
23.08.2021 01:37:00.339,7.7894000000000005,7.78877,0.75,0.37
23.08.2021 01:37:00.634,7.7894000000000005,7.78877,0.85,0.37
23.08.2021 01:37:01.313,7.78937,7.78879,0.37,0.37
23.08.2021 01:37:01.498,7.789360000000001,7.78879,0.37,0.37
23.08.2021 01:37:05.097,7.7894000000000005,7.788760000000001,1.12,0.75
23.08.2021 01:37:05.678,7.7894000000000005,7.788760000000001,1.22,0.75
23.08.2021 01:37:06.115,7.7894000000000005,7.788760000000001,1.12,0.75
23.08.2021 01:37:08.575,7.7894000000000005,7.788760000000001,1.22,0.75
23.08.2021 01:37:10.534,7.7892399999999995,7.788760000000001,0.37,1.12
23.08.2021 01:37:11.006,7.789350000000001,7.788760000000001,0.37,0.75
23.08.2021 01:37:13.430,7.789350000000001,7.78875,0.37,1.12
23.08.2021 01:37:14.221,7.78934,7.78875,0.37,1.12
23.08.2021 01:37:15.223,7.789350000000001,7.78875,0.37,1.12
23.08.2021 01:37:17.086,7.789350000000001,7.788760000000001,0.37,0.37
23.08.2021 01:37:17.187,7.789350000000001,7.78877,0.37,0.75
23.08.2021 01:37:23.017,7.789410000000001,7.78877,0.37,0.75
23.08.2021 01:37:23.398,7.78942,7.78877,0.37,1.12
23.08.2021 01:37:24.138,7.789230000000001,7.788950000000001,0.75,0.75
23.08.2021 01:37:24.289,7.78925,7.78897,0.75,0.75
23.08.2021 01:37:24.723,7.789230000000001,7.788950000000001,0.75,0.75
23.08.2021 01:37:39.016,7.78938,7.788860000000001,0.47,0.37
23.08.2021 01:37:40.466,7.78937,7.78885,0.45,0.37
23.08.2021 01:37:45.301,7.789230000000001,7.788860000000001,0.37,0.37
23.08.2021 01:37:46.739,7.789360000000001,7.78885,0.37,0.37
23.08.2021 01:37:47.762,7.789360000000001,7.7888399999999995,0.45,0.75
23.08.2021 01:37:48.190,7.78937,7.78885,0.85,0.37
23.08.2021 01:37:48.761,7.7893300000000005,7.78885,0.37,0.37
23.08.2021 01:37:54.962,7.789230000000001,7.788950000000001,0.75,0.75
23.08.2021 01:37:57.356,7.78922,7.788950000000001,0.37,0.75
23.08.2021 01:37:58.073,7.789230000000001,7.788950000000001,0.75,0.75
23.08.2021 01:38:11.490,7.789210000000001,7.788950000000001,0.37,0.75
23.08.2021 01:38:23.363,7.7892,7.788950000000001,0.37,0.75
23.08.2021 01:38:24.364,7.78919,7.788950000000001,0.37,0.75
23.08.2021 01:38:33.489,7.789230000000001,7.788950000000001,0.75,0.75
23.08.2021 01:38:33.540,7.78927,7.78899,0.75,0.75
23.08.2021 01:38:34.044,7.78922,7.78894,0.75,0.75
23.08.2021 01:38:44.060,7.789230000000001,7.788950000000001,0.75,0.75
23.08.2021 01:39:02.473,7.78919,7.788910000000001,0.37,0.75
23.08.2021 01:39:02.624,7.7892,7.788910000000001,0.75,0.75
23.08.2021 01:39:04.473,7.7892600000000005,7.7889800000000005,0.75,0.75
23.08.2021 01:39:10.865,7.78934,7.7888399999999995,0.47,0.75
23.08.2021 01:39:10.916,7.789230000000001,7.788950000000001,0.75,0.75
23.08.2021 01:39:18.046,7.7892399999999995,7.788960000000001,0.75,0.75
23.08.2021 01:39:25.839,7.789280000000001,7.789000000000001,0.75,0.75
23.08.2021 01:39:26.125,7.789289999999999,7.789010000000001,0.75,0.75
23.08.2021 01:39:35.731,7.78922,7.789010000000001,0.37,0.75
23.08.2021 01:39:39.544,7.789210000000001,7.789010000000001,0.37,0.75
23.08.2021 01:39:41.554,7.7892,7.789010000000001,0.37,0.75
23.08.2021 01:39:46.298,7.7892,7.78887,0.37,0.75
23.08.2021 01:39:46.399,7.7892,7.78899,0.37,0.75
23.08.2021 01:39:46.573,7.78919,7.78899,0.37,0.75
23.08.2021 01:39:49.315,7.7892600000000005,7.78899,0.37,0.75
23.08.2021 01:39:49.512,7.78925,7.78897,0.75,0.75
23.08.2021 01:40:03.586,7.7892600000000005,7.78885,0.37,0.37
23.08.2021 01:40:03.637,7.789280000000001,7.78885,0.75,0.37
23.08.2021 01:40:03.737,7.7892399999999995,7.788960000000001,0.75,0.75
23.08.2021 01:40:03.838,7.7892600000000005,7.7889800000000005,0.75,0.75
23.08.2021 01:40:03.939,7.78927,7.78899,0.75,0.75
23.08.2021 01:40:04.093,7.789289999999999,7.789010000000001,0.75,0.75
23.08.2021 01:40:04.194,7.789300000000001,7.78902,0.75,0.75
23.08.2021 01:40:05.120,7.78932,7.78904,0.75,0.75
23.08.2021 01:40:08.220,7.789310000000001,7.78903,0.75,0.75
23.08.2021 01:40:09.732,7.78927,7.78899,0.75,0.75
23.08.2021 01:40:09.924,7.789289999999999,7.789010000000001,0.75,0.75
23.08.2021 01:40:10.157,7.789300000000001,7.78902,0.75,0.75
23.08.2021 01:40:15.479,7.7892,7.78894,0.75,0.75
23.08.2021 01:40:15.530,7.789300000000001,7.78902,0.75,0.75
23.08.2021 01:40:15.630,7.789280000000001,7.789000000000001,0.75,0.75
23.08.2021 01:40:23.725,7.78925,7.78897,0.75,0.75
23.08.2021 01:40:23.876,7.789410000000001,7.789130000000001,2.25,0.75
23.08.2021 01:40:23.977,7.78938,7.7891,0.75,0.75
23.08.2021 01:40:24.080,7.789360000000001,7.78908,0.75,0.75
23.08.2021 01:40:24.253,7.78938,7.7891,0.75,0.75
23.08.2021 01:40:24.475,7.78942,7.78914,0.75,0.75
23.08.2021 01:40:37.632,7.789410000000001,7.78914,0.37,0.75
23.08.2021 01:40:39.637,7.7894000000000005,7.78914,0.37,0.75
23.08.2021 01:40:40.181,7.789350000000001,7.78914,0.37,0.75
23.08.2021 01:40:46.973,7.789350000000001,7.78904,0.37,0.37
23.08.2021 01:40:54.336,7.789350000000001,7.78914,0.37,0.75
23.08.2021 01:40:54.444,7.78942,7.78914,0.75,0.75
23.08.2021 01:40:54.495,7.78944,7.789160000000001,0.37,0.75
23.08.2021 01:40:56.671,7.789410000000001,7.789160000000001,0.37,0.75
23.08.2021 01:40:57.676,7.7894000000000005,7.789160000000001,0.37,0.75
23.08.2021 01:41:04.595,7.78945,7.789160000000001,1.12,0.75
23.08.2021 01:41:04.847,7.78945,7.78904,0.37,0.37
23.08.2021 01:41:05.046,7.78949,7.78904,0.37,0.37
23.08.2021 01:41:06.238,7.7895,7.7890500000000005,0.37,0.37
23.08.2021 01:41:06.853,7.78943,7.788950000000001,0.37,1.22
23.08.2021 01:41:06.964,7.78943,7.788950000000001,0.37,0.47
23.08.2021 01:41:08.353,7.78944,7.78894,0.37,0.85
23.08.2021 01:41:11.442,7.78945,7.78894,0.37,0.85
23.08.2021 01:41:13.422,7.78945,7.78894,0.37,0.85
23.08.2021 01:41:15.150,7.78945,7.78894,0.37,0.85
23.08.2021 01:41:15.201,7.78943,7.789130000000001,0.75,0.75
23.08.2021 01:41:21.430,7.789530000000001,7.789010000000001,0.47,0.37
23.08.2021 01:41:21.531,7.789530000000001,7.78897,0.47,0.75
23.08.2021 01:41:22.920,7.78949,7.78897,0.37,0.75
23.08.2021 01:41:23.372,7.78949,7.78902,0.37,0.75
23.08.2021 01:41:23.676,7.78949,7.78899,0.37,0.82
23.08.2021 01:41:23.823,7.78949,7.789000000000001,0.37,0.75
23.08.2021 01:41:24.374,7.78949,7.78902,0.37,0.75
23.08.2021 01:41:24.475,7.7895,7.78902,0.37,0.75
23.08.2021 01:41:24.800,7.7895,7.78902,0.37,0.85
23.08.2021 01:41:24.850,7.789530000000001,7.78902,0.37,0.85
23.08.2021 01:41:24.901,7.789530000000001,7.7890500000000005,0.37,0.85
23.08.2021 01:41:25.052,7.789530000000001,7.78932,0.37,0.75
23.08.2021 01:41:25.102,7.789530000000001,7.78914,0.37,0.85
23.08.2021 01:41:25.203,7.789680000000001,7.78915,0.37,0.85
23.08.2021 01:41:25.508,7.789680000000001,7.78917,0.37,0.82
23.08.2021 01:41:26.009,7.789680000000001,7.78917,0.37,0.85
23.08.2021 01:41:26.700,7.78972,7.78917,0.37,0.85
23.08.2021 01:41:29.923,7.78972,7.78917,0.37,0.82
23.08.2021 01:41:34.586,7.78969,7.789210000000001,0.37,0.37
23.08.2021 01:41:35.673,7.789710000000001,7.7892,0.37,0.75
23.08.2021 01:41:35.723,7.78969,7.78939,0.75,0.75
23.08.2021 01:41:39.197,7.78967,7.789360000000001,0.75,0.75
23.08.2021 01:41:41.170,7.78962,7.789310000000001,0.75,0.75
23.08.2021 01:41:41.221,7.78972,7.7892,0.3,0.45
23.08.2021 01:41:41.437,7.78972,7.7892,0.4,0.37
23.08.2021 01:41:41.765,7.78972,7.78917,0.4,0.75
23.08.2021 01:41:44.120,7.78967,7.78917,0.37,0.75
23.08.2021 01:41:52.937,7.789710000000001,7.78917,0.47,0.75
23.08.2021 01:41:52.988,7.789580000000001,7.78917,0.3,0.75
23.08.2021 01:41:56.629,7.789580000000001,7.789300000000001,0.3,0.75
23.08.2021 01:42:00.588,7.789560000000001,7.78925,0.75,0.75
23.08.2021 01:42:00.711,7.789580000000001,7.78915,0.3,0.37
23.08.2021 01:42:00.762,7.789560000000001,7.78925,0.75,0.75
23.08.2021 01:42:00.966,7.789580000000001,7.78908,0.3,0.47
23.08.2021 01:42:01.017,7.78954,7.789230000000001,0.75,0.75
23.08.2021 01:42:07.827,7.78949,7.789230000000001,0.37,0.75
23.08.2021 01:42:09.840,7.789480000000001,7.789230000000001,0.37,0.75
23.08.2021 01:42:10.665,7.78954,7.789230000000001,0.75,0.75
23.08.2021 01:42:10.766,7.789580000000001,7.7891200000000005,0.3,0.37
23.08.2021 01:42:10.867,7.789560000000001,7.78904,0.37,0.75
23.08.2021 01:42:11.037,7.789560000000001,7.78902,0.37,2.25
23.08.2021 01:42:12.292,7.78954,7.78902,0.37,2.25
23.08.2021 01:42:12.912,7.78954,7.7890500000000005,0.37,0.75
23.08.2021 01:42:13.063,7.78943,7.78902,0.37,0.75
23.08.2021 01:42:13.164,7.78943,7.78897,0.37,0.85
23.08.2021 01:42:13.516,7.78943,7.78907,0.37,0.37
23.08.2021 01:42:13.773,7.78943,7.789110000000001,0.37,0.37
23.08.2021 01:42:15.267,7.78943,7.7891,0.37,0.37
23.08.2021 01:42:16.768,7.78943,7.78909,0.37,0.37
23.08.2021 01:42:18.268,7.78943,7.78908,0.37,0.37
23.08.2021 01:42:24.305,7.78943,7.78907,0.37,0.37
23.08.2021 01:42:28.501,7.789350000000001,7.78907,0.37,0.37
23.08.2021 01:42:29.542,7.7893300000000005,7.78907,0.37,0.37
23.08.2021 01:42:29.746,7.78938,7.78907,0.37,0.37
23.08.2021 01:42:30.012,7.78938,7.78904,0.37,0.37
23.08.2021 01:42:30.639,7.78944,7.78904,0.37,0.37
23.08.2021 01:42:31.513,7.78944,7.7890500000000005,0.37,0.37
23.08.2021 01:42:31.897,7.78952,7.789000000000001,0.37,1.22
23.08.2021 01:42:32.176,7.78952,7.789000000000001,0.37,1.2
23.08.2021 01:42:33.391,7.789530000000001,7.789010000000001,0.45,0.37
23.08.2021 01:42:33.541,7.789530000000001,7.78902,0.47,0.75
23.08.2021 01:42:33.642,7.789530000000001,7.789010000000001,0.47,0.37
23.08.2021 01:42:33.743,7.789530000000001,7.789010000000001,0.47,0.37
23.08.2021 01:42:34.871,7.78952,7.789000000000001,0.47,0.37
23.08.2021 01:42:40.810,7.78939,7.789000000000001,0.37,0.75
23.08.2021 01:42:41.801,7.78939,7.78903,0.37,0.37
23.08.2021 01:42:43.924,7.789350000000001,7.789010000000001,0.37,0.75
23.08.2021 01:42:44.126,7.789350000000001,7.7891,0.37,0.37
23.08.2021 01:42:44.237,7.78947,7.7891,0.37,0.37
23.08.2021 01:42:45.198,7.7895,7.7891,0.37,0.37
23.08.2021 01:42:45.627,7.7895,7.78909,0.37,0.37
23.08.2021 01:42:48.628,7.7895,7.78908,0.37,0.37
23.08.2021 01:42:53.129,7.7895,7.78907,0.37,0.37
23.08.2021 01:42:53.230,7.78949,7.78907,0.37,0.37
23.08.2021 01:42:53.788,7.78949,7.78909,0.37,0.75
23.08.2021 01:42:53.949,7.789510000000001,7.78914,0.37,0.37
23.08.2021 01:42:55.795,7.7895,7.78914,0.37,0.37
23.08.2021 01:42:59.828,7.78949,7.789130000000001,0.37,0.37
23.08.2021 01:43:00.819,7.789480000000001,7.78914,0.37,0.37
23.08.2021 01:43:02.605,7.78957,7.78908,0.85,1.12
23.08.2021 01:43:04.878,7.78954,7.7891,0.37,0.37
23.08.2021 01:43:12.541,7.78952,7.789210000000001,0.75,0.75
23.08.2021 01:43:12.642,7.78957,7.7892600000000005,0.75,0.75
23.08.2021 01:43:12.793,7.78954,7.789230000000001,0.75,0.75
23.08.2021 01:43:18.634,7.78959,7.78927,0.75,0.75
23.08.2021 01:43:19.864,7.78959,7.789300000000001,0.75,0.37
23.08.2021 01:43:24.047,7.78959,7.789289999999999,0.75,0.37
23.08.2021 01:43:25.290,7.789630000000001,7.7893300000000005,0.75,0.37
23.08.2021 01:43:25.703,7.78965,7.7893300000000005,0.75,1.12
23.08.2021 01:43:25.940,7.789680000000001,7.789360000000001,0.75,0.75
23.08.2021 01:43:26.041,7.78972,7.789410000000001,0.75,0.37
23.08.2021 01:43:26.092,7.78984,7.789410000000001,0.85,0.37
23.08.2021 01:43:26.193,7.78985,7.789410000000001,0.37,0.37
23.08.2021 01:43:26.293,7.789910000000001,7.789360000000001,0.85,0.37
23.08.2021 01:43:26.344,7.7899,7.78937,0.82,0.75
23.08.2021 01:43:26.445,7.78994,7.789360000000001,1.22,1.12
23.08.2021 01:43:27.400,7.789960000000001,7.78937,0.47,0.37
23.08.2021 01:43:28.104,7.78994,7.78937,0.85,0.75
23.08.2021 01:43:28.883,7.78994,7.789350000000001,0.85,0.47
23.08.2021 01:43:29.337,7.78994,7.789350000000001,0.85,0.47
23.08.2021 01:43:30.002,7.789960000000001,7.78938,0.85,0.37
23.08.2021 01:43:30.983,7.789980000000001,7.78934,0.85,0.75
23.08.2021 01:43:32.675,7.78992,7.78934,0.47,0.75
23.08.2021 01:43:33.582,7.78982,7.78934,0.37,0.37
23.08.2021 01:43:34.094,7.78982,7.7893300000000005,0.37,0.37
23.08.2021 01:43:35.563,7.78982,7.78937,0.37,0.37
23.08.2021 01:43:36.205,7.789680000000001,7.78938,0.75,0.37
23.08.2021 01:43:36.306,7.789660000000001,7.78938,0.75,0.37
23.08.2021 01:43:36.365,7.789660000000001,7.78934,0.75,0.75
23.08.2021 01:43:43.407,7.7896399999999995,7.789289999999999,0.75,0.75
23.08.2021 01:43:43.508,7.789660000000001,7.789180000000001,0.37,0.47
23.08.2021 01:43:43.558,7.789510000000001,7.78919,0.75,0.85
23.08.2021 01:43:43.659,7.78955,7.789230000000001,0.75,0.75
23.08.2021 01:43:43.810,7.7895,7.789180000000001,0.75,1.12
23.08.2021 01:43:44.769,7.789480000000001,7.789130000000001,0.75,0.75
23.08.2021 01:43:44.820,7.7894000000000005,7.78908,0.75,0.85
23.08.2021 01:43:44.870,7.7894000000000005,7.78908,0.75,0.75
23.08.2021 01:43:44.920,7.78945,7.789130000000001,0.75,0.75
23.08.2021 01:43:45.071,7.78944,7.789130000000001,0.37,0.75
23.08.2021 01:43:45.122,7.7894000000000005,7.78908,0.75,0.75
23.08.2021 01:43:45.172,7.78944,7.7891200000000005,1.12,0.75
23.08.2021 01:43:45.323,7.78942,7.7891200000000005,0.37,0.75
23.08.2021 01:43:45.373,7.78942,7.7891,1.12,0.75
23.08.2021 01:43:46.823,7.78938,7.7891,0.37,0.75
23.08.2021 01:43:48.323,7.78939,7.7891,0.37,0.75
23.08.2021 01:43:49.824,7.7894000000000005,7.7891,0.37,0.75
23.08.2021 01:43:50.878,7.78942,7.7891,0.75,0.75
23.08.2021 01:43:50.928,7.78944,7.7891200000000005,0.75,0.75
23.08.2021 01:43:54.760,7.78949,7.78902,0.37,0.37
23.08.2021 01:43:55.069,7.78949,7.78899,0.37,0.47
23.08.2021 01:43:57.245,7.78949,7.78902,0.37,0.37
23.08.2021 01:43:59.041,7.78949,7.78907,0.37,0.37
23.08.2021 01:43:59.738,7.78945,7.78914,0.75,0.75
23.08.2021 01:44:02.760,7.789480000000001,7.78917,0.75,0.75
23.08.2021 01:44:02.879,7.789510000000001,7.789230000000001,0.37,0.75
23.08.2021 01:44:02.929,7.789480000000001,7.78917,0.75,0.75
23.08.2021 01:44:03.241,7.7895,7.78919,0.75,0.75
23.08.2021 01:44:04.956,7.789510000000001,7.789210000000001,0.37,0.75
23.08.2021 01:44:11.009,7.789510000000001,7.78922,0.37,0.75
23.08.2021 01:44:11.116,7.789480000000001,7.789210000000001,0.75,0.37
23.08.2021 01:44:11.267,7.7895,7.789210000000001,0.75,0.37
23.08.2021 01:44:11.318,7.789510000000001,7.789310000000001,0.37,0.75
23.08.2021 01:44:11.368,7.789560000000001,7.7892600000000005,0.75,0.37
23.08.2021 01:44:11.418,7.789510000000001,7.7892600000000005,0.75,0.37
23.08.2021 01:44:11.469,7.78954,7.7892600000000005,0.75,0.37
23.08.2021 01:44:11.519,7.789480000000001,7.7892600000000005,0.75,0.37
23.08.2021 01:44:11.670,7.789580000000001,7.7892600000000005,0.75,0.75
23.08.2021 01:44:11.820,7.7895,7.78922,0.75,0.37
23.08.2021 01:44:11.971,7.789580000000001,7.7892600000000005,0.75,0.75
23.08.2021 01:44:12.132,7.78952,7.78922,0.75,0.37
23.08.2021 01:44:12.232,7.78954,7.78922,0.75,1.12
23.08.2021 01:44:13.043,7.789560000000001,7.7892399999999995,0.75,0.75
23.08.2021 01:44:15.711,7.78954,7.78922,0.75,0.75
23.08.2021 01:44:20.102,7.789510000000001,7.78919,0.75,0.75
23.08.2021 01:44:31.088,7.789510000000001,7.78922,0.75,0.37
23.08.2021 01:44:32.588,7.789510000000001,7.789210000000001,0.75,0.37
23.08.2021 01:44:35.589,7.789510000000001,7.7892,0.75,0.37
23.08.2021 01:44:38.590,7.789510000000001,7.78919,0.75,1.12
23.08.2021 01:44:40.835,7.78952,7.78919,0.3,0.37
23.08.2021 01:44:41.398,7.78952,7.789180000000001,0.3,0.37
23.08.2021 01:44:42.316,7.789460000000001,7.789180000000001,0.75,0.37
23.08.2021 01:44:42.366,7.789410000000001,7.7891,0.75,0.45
23.08.2021 01:44:42.467,7.78939,7.7891,0.75,0.37
23.08.2021 01:44:42.517,7.78945,7.789130000000001,0.75,0.75
23.08.2021 01:44:42.567,7.78938,7.7891,0.75,0.37
23.08.2021 01:44:42.618,7.78952,7.7891,0.3,0.37
23.08.2021 01:44:43.189,7.78952,7.7890500000000005,0.3,0.37
23.08.2021 01:44:43.432,7.78952,7.78903,0.3,0.37
23.08.2021 01:44:44.558,7.78952,7.78902,0.3,1.57
23.08.2021 01:44:44.933,7.78952,7.78903,0.3,0.37
23.08.2021 01:44:47.933,7.78952,7.78904,0.3,0.37
23.08.2021 01:44:53.627,7.78952,7.78908,0.3,0.37
23.08.2021 01:44:56.159,7.78952,7.78909,0.3,0.37
23.08.2021 01:44:57.161,7.78952,7.7891,0.3,0.37
23.08.2021 01:44:59.159,7.789530000000001,7.7891,0.37,0.37
23.08.2021 01:44:59.297,7.78952,7.789110000000001,0.37,0.37
23.08.2021 01:45:00.428,7.789510000000001,7.7891200000000005,0.37,0.37
23.08.2021 01:45:01.434,7.7895,7.7891200000000005,0.37,0.37
23.08.2021 01:45:02.440,7.78944,7.7891200000000005,0.37,0.37
23.08.2021 01:45:11.476,7.78945,7.789130000000001,0.37,0.37
23.08.2021 01:45:28.105,7.78944,7.789130000000001,0.37,0.37
23.08.2021 01:45:29.558,7.78945,7.789130000000001,0.75,0.37
23.08.2021 01:45:30.225,7.78945,7.7891,0.75,0.37
23.08.2021 01:45:51.321,7.78945,7.789110000000001,0.37,0.37
23.08.2021 01:45:52.162,7.78938,7.789110000000001,0.37,0.37
23.08.2021 01:45:55.164,7.78939,7.789110000000001,0.37,0.37
23.08.2021 01:45:56.664,7.7894000000000005,7.789110000000001,0.37,0.37
23.08.2021 01:45:58.203,7.789410000000001,7.789110000000001,0.37,0.37
23.08.2021 01:46:02.712,7.78942,7.789110000000001,0.37,0.37
23.08.2021 01:46:10.171,7.78943,7.789110000000001,0.37,0.37
23.08.2021 01:46:14.096,7.78943,7.788960000000001,0.37,0.85
23.08.2021 01:46:14.197,7.78943,7.788930000000001,0.37,0.85
23.08.2021 01:46:14.672,7.78945,7.788950000000001,0.37,0.85
23.08.2021 01:46:16.428,7.78957,7.788950000000001,0.85,0.85
23.08.2021 01:46:18.382,7.78957,7.788950000000001,0.85,0.85
23.08.2021 01:46:18.653,7.789410000000001,7.788950000000001,0.37,0.85
23.08.2021 01:46:24.656,7.78945,7.788950000000001,0.37,0.85
23.08.2021 01:46:34.098,7.78942,7.788950000000001,0.37,0.85
23.08.2021 01:46:34.532,7.78942,7.788930000000001,0.37,0.85
23.08.2021 01:46:36.939,7.78942,7.788930000000001,0.37,0.82
23.08.2021 01:46:37.053,7.7892399999999995,7.788910000000001,0.75,0.75
23.08.2021 01:46:37.154,7.7892,7.788880000000001,0.75,0.37
23.08.2021 01:46:37.410,7.7892,7.788810000000001,0.75,0.37
23.08.2021 01:46:37.588,7.789160000000001,7.788810000000001,0.37,0.37
23.08.2021 01:46:37.689,7.78904,7.7887,0.75,0.37
23.08.2021 01:46:38.723,7.78904,7.78867,0.75,0.37
23.08.2021 01:46:39.726,7.78904,7.788660000000001,0.75,0.37
23.08.2021 01:46:40.285,7.78904,7.78864,0.75,0.37
23.08.2021 01:46:44.087,7.78904,7.78863,0.75,0.75
23.08.2021 01:46:44.625,7.78904,7.7886500000000005,0.75,0.75
23.08.2021 01:46:46.383,7.78904,7.78867,0.75,0.37
23.08.2021 01:46:47.383,7.78904,7.788660000000001,0.75,0.37
23.08.2021 01:46:50.139,7.7891200000000005,7.788660000000001,0.37,0.37
23.08.2021 01:46:51.298,7.78904,7.78877,0.75,0.37
23.08.2021 01:46:52.539,7.78904,7.78874,0.75,0.37
23.08.2021 01:46:54.008,7.78904,7.788730000000001,0.75,0.37
23.08.2021 01:46:54.324,7.789000000000001,7.788730000000001,0.75,0.37
23.08.2021 01:46:55.509,7.789000000000001,7.7887,0.75,0.75
23.08.2021 01:46:57.034,7.789000000000001,7.78872,0.75,0.37
23.08.2021 01:46:58.510,7.789000000000001,7.788710000000001,0.75,0.37
23.08.2021 01:47:03.013,7.789000000000001,7.7887,0.75,0.37
23.08.2021 01:47:20.910,7.78908,7.7887,0.37,0.37
23.08.2021 01:47:20.961,7.78908,7.78877,0.37,0.37
23.08.2021 01:47:22.453,7.78908,7.78875,0.37,0.37
23.08.2021 01:47:25.444,7.78908,7.78874,0.37,0.37
23.08.2021 01:47:26.201,7.789000000000001,7.78874,0.75,0.37
23.08.2021 01:47:28.445,7.789000000000001,7.788730000000001,0.75,0.37
23.08.2021 01:47:31.244,7.789000000000001,7.78872,0.75,1.12
23.08.2021 01:47:41.056,7.78908,7.78867,0.37,0.37
23.08.2021 01:47:47.657,7.7891200000000005,7.78867,0.37,0.75
23.08.2021 01:47:47.987,7.789110000000001,7.78867,0.37,0.37
23.08.2021 01:47:48.650,7.789110000000001,7.78868,0.37,0.37
23.08.2021 01:47:49.649,7.789110000000001,7.788730000000001,0.37,0.37
23.08.2021 01:47:50.082,7.789000000000001,7.788730000000001,0.75,0.37
23.08.2021 01:47:50.838,7.789000000000001,7.78869,0.75,0.37
23.08.2021 01:47:51.842,7.789000000000001,7.7887,0.75,0.37
23.08.2021 01:47:52.850,7.789000000000001,7.788710000000001,0.75,0.37
23.08.2021 01:47:53.852,7.789000000000001,7.78872,0.75,0.37
23.08.2021 01:47:58.588,7.789000000000001,7.78868,0.75,0.37
23.08.2021 01:47:58.739,7.789000000000001,7.78872,0.75,0.75
23.08.2021 01:47:59.154,7.789110000000001,7.78862,0.37,0.45
23.08.2021 01:47:59.698,7.789110000000001,7.78862,0.47,1.87
23.08.2021 01:48:00.054,7.78915,7.78863,0.47,0.37
23.08.2021 01:48:00.155,7.78915,7.78863,0.47,1.12
23.08.2021 01:48:00.306,7.78914,7.78863,0.47,1.12
23.08.2021 01:48:01.591,7.78915,7.78864,0.47,0.37
23.08.2021 01:48:04.770,7.789130000000001,7.78864,0.85,0.37
23.08.2021 01:48:04.871,7.78885,7.78864,0.75,0.37
23.08.2021 01:48:04.921,7.78885,7.7885800000000005,0.75,0.37
23.08.2021 01:48:05.377,7.788810000000001,7.7885800000000005,0.75,0.37
23.08.2021 01:48:05.618,7.788810000000001,7.788530000000001,0.75,0.37
23.08.2021 01:48:19.674,7.78872,7.78844,0.75,0.37
23.08.2021 01:48:19.776,7.78872,7.78847,0.75,0.75
23.08.2021 01:48:20.662,7.7887,7.78847,0.75,0.75
23.08.2021 01:48:29.458,7.788710000000001,7.78842,0.75,0.37
23.08.2021 01:48:38.146,7.788710000000001,7.788410000000001,0.75,0.37
23.08.2021 01:48:41.069,7.788710000000001,7.7884,0.75,1.5
23.08.2021 01:48:42.134,7.788710000000001,7.788410000000001,0.75,0.37
23.08.2021 01:48:43.376,7.788710000000001,7.78842,0.75,0.37
23.08.2021 01:48:44.369,7.788710000000001,7.788430000000001,0.75,0.37
23.08.2021 01:48:45.379,7.788710000000001,7.78845,0.75,0.37
23.08.2021 01:48:48.395,7.788710000000001,7.788410000000001,0.75,0.37
23.08.2021 01:48:48.467,7.78892,7.788410000000001,0.47,0.37
23.08.2021 01:48:48.518,7.7888399999999995,7.78844,0.47,0.37
23.08.2021 01:48:48.619,7.7888399999999995,7.788480000000001,0.47,0.37
23.08.2021 01:48:50.060,7.7888399999999995,7.78847,0.47,0.37
23.08.2021 01:48:51.560,7.7888399999999995,7.788460000000001,0.47,0.37
23.08.2021 01:48:54.606,7.7888399999999995,7.78845,0.47,0.37
23.08.2021 01:48:59.099,7.7888399999999995,7.78844,0.47,0.37
23.08.2021 01:48:59.435,7.788710000000001,7.78844,0.75,0.37
23.08.2021 01:49:06.366,7.788710000000001,7.788430000000001,0.75,0.75
23.08.2021 01:49:06.853,7.788710000000001,7.78847,0.75,0.75
23.08.2021 01:49:28.437,7.788730000000001,7.78847,0.75,0.75
23.08.2021 01:49:52.049,7.788830000000001,7.78842,0.47,0.37
23.08.2021 01:49:52.459,7.788830000000001,7.78842,0.47,0.37
23.08.2021 01:49:52.756,7.788830000000001,7.788410000000001,0.47,0.37
23.08.2021 01:49:53.762,7.788830000000001,7.78842,0.47,0.37
23.08.2021 01:49:55.032,7.788830000000001,7.788430000000001,0.47,0.37
23.08.2021 01:49:58.591,7.788730000000001,7.788430000000001,0.75,0.37
23.08.2021 01:50:01.623,7.78874,7.788430000000001,0.75,0.37
23.08.2021 01:50:02.278,7.78874,7.78845,0.75,0.75
23.08.2021 01:50:03.144,7.78875,7.78845,0.75,0.75
23.08.2021 01:50:03.510,7.78875,7.78847,0.75,0.75
23.08.2021 01:50:03.717,7.78875,7.78845,0.75,0.75
23.08.2021 01:50:04.161,7.78875,7.78847,0.75,0.75
23.08.2021 01:50:04.543,7.788730000000001,7.78847,0.75,0.75
23.08.2021 01:50:05.367,7.7887,7.78847,0.75,0.75
23.08.2021 01:50:05.468,7.7887,7.78845,0.75,0.37
23.08.2021 01:50:05.569,7.78869,7.78845,0.75,0.37
23.08.2021 01:50:06.493,7.78869,7.78844,0.75,0.37
23.08.2021 01:50:07.789,7.78869,7.78845,0.75,0.37
23.08.2021 01:50:08.789,7.78869,7.788430000000001,0.75,0.37
23.08.2021 01:50:16.977,7.78869,7.7884,0.75,0.75
23.08.2021 01:50:17.028,7.788810000000001,7.78847,0.47,0.75
23.08.2021 01:50:18.794,7.7887,7.78847,0.75,0.75
23.08.2021 01:50:48.731,7.788810000000001,7.788380000000001,0.47,1.12
23.08.2021 01:50:48.873,7.788810000000001,7.78839,0.47,0.37
23.08.2021 01:50:49.053,7.7887,7.78839,0.75,0.37
23.08.2021 01:50:52.053,7.7887,7.78839,0.75,0.47
23.08.2021 01:50:52.163,7.7887,7.78847,0.75,0.75
23.08.2021 01:51:04.168,7.788710000000001,7.78842,0.75,0.75
23.08.2021 01:51:07.650,7.78868,7.78839,0.75,1.2
23.08.2021 01:51:08.310,7.78868,7.78842,0.75,0.37
23.08.2021 01:51:09.301,7.78868,7.788410000000001,0.75,0.37
23.08.2021 01:51:10.290,7.78868,7.7884,0.75,0.37
23.08.2021 01:51:10.419,7.788660000000001,7.7884,0.75,0.37
23.08.2021 01:51:10.520,7.78863,7.7884,0.75,0.37
23.08.2021 01:51:10.571,7.7886500000000005,7.7884,0.75,0.37
23.08.2021 01:51:11.382,7.7886500000000005,7.7883700000000005,0.75,0.37
23.08.2021 01:51:11.545,7.78862,7.7883700000000005,0.75,0.37
23.08.2021 01:51:12.041,7.78864,7.7883700000000005,0.75,0.37
23.08.2021 01:51:12.378,7.78864,7.788380000000001,0.75,0.37
23.08.2021 01:51:13.691,7.78864,7.788360000000001,0.75,0.37
23.08.2021 01:51:20.724,7.78864,7.78835,0.75,1.12
23.08.2021 01:51:47.728,7.78864,7.78842,0.75,0.75
23.08.2021 01:52:17.847,7.78863,7.78842,0.75,0.75
23.08.2021 01:52:39.616,7.78864,7.78842,0.75,0.75
23.08.2021 01:52:41.025,7.78867,7.78842,0.75,0.75
23.08.2021 01:52:41.234,7.78864,7.78842,0.75,0.75
23.08.2021 01:53:00.294,7.7886500000000005,7.78842,0.75,0.75
23.08.2021 01:53:05.354,7.7885,7.788330000000001,0.75,0.75
23.08.2021 01:53:05.404,7.78845,7.78822,0.75,0.75
23.08.2021 01:53:05.455,7.78845,7.78827,0.75,0.75
23.08.2021 01:53:05.505,7.788410000000001,7.78822,0.75,0.75
23.08.2021 01:53:05.555,7.78845,7.78827,0.75,0.75
23.08.2021 01:53:05.695,7.788430000000001,7.78827,0.75,0.75
23.08.2021 01:53:05.746,7.78845,7.78827,0.75,0.75
23.08.2021 01:53:07.740,7.7885,7.78827,0.75,0.75
23.08.2021 01:53:07.891,7.788480000000001,7.78827,0.75,0.75
23.08.2021 01:53:10.420,7.78842,7.78822,0.75,0.37
23.08.2021 01:53:10.520,7.7885800000000005,7.78827,1.22,0.75
23.08.2021 01:53:10.571,7.78845,7.78827,0.75,0.75
23.08.2021 01:53:21.405,7.7885,7.78827,0.75,0.75
23.08.2021 01:53:21.557,7.788480000000001,7.78827,0.75,0.75
23.08.2021 01:53:22.855,7.788530000000001,7.78822,0.75,2.62
23.08.2021 01:53:22.906,7.788530000000001,7.78822,0.75,2.72
23.08.2021 01:53:23.057,7.78852,7.78823,0.75,0.85
23.08.2021 01:53:24.963,7.78852,7.788250000000001,0.75,0.37
23.08.2021 01:53:37.030,7.78852,7.78824,0.75,0.45
23.08.2021 01:53:37.131,7.78852,7.78824,0.75,0.47
23.08.2021 01:53:39.954,7.78864,7.78824,0.85,0.47
23.08.2021 01:53:40.058,7.78864,7.78824,1.22,0.37
23.08.2021 01:53:41.948,7.788610000000001,7.78829,0.82,0.75
23.08.2021 01:53:43.985,7.78857,7.788250000000001,0.75,0.75
23.08.2021 01:53:44.271,7.78852,7.788250000000001,0.75,0.75
23.08.2021 01:53:47.559,7.78852,7.78827,0.75,0.75
23.08.2021 01:53:47.671,7.78844,7.78827,0.75,0.75
23.08.2021 01:53:47.907,7.78847,7.78827,0.75,0.75
23.08.2021 01:53:48.222,7.788460000000001,7.78827,0.75,0.75
23.08.2021 01:53:52.174,7.788530000000001,7.78827,0.75,0.75
23.08.2021 01:53:52.225,7.788410000000001,7.788210000000001,0.75,0.37
23.08.2021 01:53:52.325,7.78845,7.788210000000001,0.75,0.37
23.08.2021 01:53:53.212,7.78845,7.78819,0.75,0.75
23.08.2021 01:54:04.095,7.78845,7.7881800000000005,0.75,0.75
23.08.2021 01:54:04.145,7.788430000000001,7.7881800000000005,0.75,0.75
23.08.2021 01:54:04.296,7.7884,7.7881800000000005,0.75,0.75
23.08.2021 01:54:04.464,7.7884,7.788200000000001,0.75,0.75
23.08.2021 01:54:04.773,7.7884,7.7881800000000005,0.75,0.75
23.08.2021 01:54:04.885,7.788430000000001,7.7881800000000005,0.75,0.82
23.08.2021 01:54:04.935,7.788430000000001,7.788200000000001,0.75,0.75
23.08.2021 01:54:04.986,7.788430000000001,7.7881800000000005,0.75,0.75
23.08.2021 01:54:08.273,7.788430000000001,7.78819,0.75,0.37
23.08.2021 01:54:11.281,7.788430000000001,7.788160000000001,0.75,0.82
23.08.2021 01:54:11.423,7.78842,7.788160000000001,0.75,0.75
23.08.2021 01:54:11.638,7.78844,7.788160000000001,0.75,2.32
23.08.2021 01:54:11.908,7.78842,7.788160000000001,0.75,0.75
23.08.2021 01:54:15.286,7.78842,7.78817,0.75,0.37
23.08.2021 01:54:18.010,7.78842,7.788150000000001,0.75,0.75
23.08.2021 01:54:18.400,7.7884,7.788150000000001,0.75,0.75
23.08.2021 01:54:18.786,7.788430000000001,7.788150000000001,0.75,0.75
23.08.2021 01:54:18.937,7.788430000000001,7.788139999999999,0.75,1.2
23.08.2021 01:54:19.297,7.78842,7.788139999999999,0.75,0.82
23.08.2021 01:54:23.304,7.78842,7.78817,0.75,0.37
23.08.2021 01:54:24.090,7.788410000000001,7.78822,0.75,0.75
23.08.2021 01:54:24.482,7.788410000000001,7.788139999999999,0.75,0.75
23.08.2021 01:54:32.266,7.788510000000001,7.78817,0.47,0.75
23.08.2021 01:54:32.367,7.7883000000000004,7.78812,0.75,0.37
23.08.2021 01:54:32.468,7.78828,7.78812,0.75,0.37
23.08.2021 01:54:32.519,7.78823,7.78804,0.75,0.75
23.08.2021 01:54:32.619,7.78839,7.788130000000001,0.75,0.75
23.08.2021 01:54:32.670,7.78844,7.788130000000001,0.75,0.75
23.08.2021 01:54:32.720,7.788410000000001,7.78812,0.75,2.25
23.08.2021 01:54:32.771,7.78844,7.788130000000001,0.75,0.75
23.08.2021 01:54:36.984,7.78844,7.78817,0.75,0.75
23.08.2021 01:54:37.084,7.78844,7.788139999999999,0.75,0.75
23.08.2021 01:54:37.185,7.78844,7.78817,0.75,0.75
23.08.2021 01:54:37.286,7.78844,7.788139999999999,0.75,0.75
23.08.2021 01:54:37.387,7.78844,7.78817,0.75,0.75
23.08.2021 01:54:37.487,7.78844,7.788139999999999,0.75,0.75
23.08.2021 01:54:37.538,7.78844,7.78817,0.75,0.75
23.08.2021 01:54:37.638,7.78844,7.788130000000001,0.75,0.75
23.08.2021 01:54:37.789,7.78844,7.78817,0.75,0.75
23.08.2021 01:54:37.890,7.788380000000001,7.78817,0.75,0.75
23.08.2021 01:54:51.230,7.78847,7.78817,0.75,0.75
23.08.2021 01:54:54.714,7.78834,7.78812,0.75,0.75
23.08.2021 01:54:54.765,7.78834,7.7881,0.75,0.75
23.08.2021 01:54:58.489,7.78835,7.7881,0.75,0.75
23.08.2021 01:54:58.540,7.78835,7.788080000000001,0.75,0.75
23.08.2021 01:54:59.483,7.78835,7.78807,0.75,2.62
23.08.2021 01:55:00.974,7.78844,7.78804,0.36,0.45
23.08.2021 01:55:02.386,7.78844,7.78807,0.36,0.37
23.08.2021 01:55:03.054,7.78829,7.78807,0.75,0.75
23.08.2021 01:55:03.105,7.78829,7.78805,0.75,0.75
23.08.2021 01:55:03.420,7.78834,7.788060000000001,0.75,0.75
23.08.2021 01:55:07.405,7.78834,7.788080000000001,0.75,0.37
23.08.2021 01:55:08.494,7.78834,7.788060000000001,0.75,0.75
23.08.2021 01:55:08.595,7.78834,7.788030000000001,0.75,0.75
23.08.2021 01:55:08.696,7.78834,7.78805,0.75,0.75
23.08.2021 01:55:14.323,7.78839,7.78804,0.75,2.25
23.08.2021 01:55:14.890,7.788380000000001,7.78804,0.75,0.75
23.08.2021 01:55:16.524,7.7883000000000004,7.78799,0.75,2.7
23.08.2021 01:55:18.813,7.78817,7.78795,0.75,0.37
23.08.2021 01:55:18.864,7.78839,7.78795,0.47,0.37
23.08.2021 01:55:18.915,7.78828,7.78795,3.1,0.37
23.08.2021 01:55:18.965,7.78819,7.78795,0.75,0.37
23.08.2021 01:55:19.066,7.78828,7.788010000000001,2.35,0.75
23.08.2021 01:55:19.117,7.78828,7.788030000000001,0.75,0.75
23.08.2021 01:55:19.268,7.78829,7.788030000000001,0.75,0.75
23.08.2021 01:55:19.546,7.78819,7.787980000000001,0.75,0.75
23.08.2021 01:55:19.597,7.78829,7.78799,0.75,0.75
23.08.2021 01:55:19.698,7.78828,7.788010000000001,0.75,0.75
23.08.2021 01:55:19.825,7.78829,7.78802,0.75,0.75
23.08.2021 01:55:19.925,7.78829,7.788,0.75,0.75
23.08.2021 01:55:20.076,7.788330000000001,7.788030000000001,0.75,0.75
23.08.2021 01:55:20.177,7.788330000000001,7.78804,0.75,0.75
23.08.2021 01:55:23.881,7.78828,7.788030000000001,0.75,0.75
23.08.2021 01:55:23.932,7.788330000000001,7.78804,0.75,0.75
23.08.2021 01:55:25.775,7.788310000000001,7.78804,0.75,0.75
23.08.2021 01:55:30.500,7.788310000000001,7.788060000000001,0.75,0.37
23.08.2021 01:55:33.648,7.788260000000001,7.788010000000001,0.75,0.75
23.08.2021 01:55:33.800,7.78829,7.788010000000001,0.75,0.75
23.08.2021 01:55:33.901,7.78829,7.788,0.75,0.75
23.08.2021 01:55:36.138,7.788200000000001,7.7879700000000005,0.75,1.2
23.08.2021 01:55:36.945,7.788160000000001,7.787960000000001,0.75,0.75
23.08.2021 01:55:36.996,7.788150000000001,7.78792,0.75,0.75
23.08.2021 01:55:40.930,7.78832,7.78787,0.47,0.47
23.08.2021 01:55:40.994,7.788150000000001,7.78792,0.75,0.75
23.08.2021 01:55:45.069,7.788150000000001,7.787910000000001,0.75,0.37
23.08.2021 01:55:46.414,7.788150000000001,7.78787,0.75,0.45
23.08.2021 01:55:46.749,7.78812,7.78787,0.75,0.37
23.08.2021 01:55:46.877,7.7880899999999995,7.78787,0.75,0.37
23.08.2021 01:55:47.076,7.788080000000001,7.78787,0.75,0.37
23.08.2021 01:55:47.459,7.788080000000001,7.78784,0.75,0.37
23.08.2021 01:55:50.484,7.788080000000001,7.787850000000001,0.75,0.37
23.08.2021 01:55:51.539,7.788080000000001,7.787810000000001,1.5,0.47
23.08.2021 01:55:53.610,7.788080000000001,7.787780000000001,1.5,1.5
23.08.2021 01:55:56.664,7.788080000000001,7.787800000000001,0.75,0.75
23.08.2021 01:55:56.815,7.7881,7.787800000000001,0.75,2.25
23.08.2021 01:56:04.700,7.7881,7.787800000000001,0.75,2.35
23.08.2021 01:56:04.751,7.788139999999999,7.78784,0.75,0.75
23.08.2021 01:56:04.911,7.788130000000001,7.7878300000000005,0.75,0.75
23.08.2021 01:56:09.954,7.788080000000001,7.787800000000001,0.75,0.37
23.08.2021 01:56:10.816,7.788130000000001,7.7878300000000005,0.75,0.75
23.08.2021 01:56:12.839,7.788030000000001,7.787760000000001,0.75,0.37
23.08.2021 01:56:12.940,7.788,7.787760000000001,0.75,0.37
23.08.2021 01:56:12.991,7.78799,7.7877,0.75,0.37
23.08.2021 01:56:13.091,7.7879700000000005,7.7877,0.75,0.37
23.08.2021 01:56:13.214,7.78788,7.7876,0.75,0.37
23.08.2021 01:56:13.365,7.78789,7.78759,0.75,0.75
23.08.2021 01:56:14.253,7.788010000000001,7.787680000000001,0.75,0.75
23.08.2021 01:56:16.598,7.78804,7.787680000000001,0.75,0.75
23.08.2021 01:56:16.649,7.78799,7.787630000000001,0.75,2.25
23.08.2021 01:56:17.619,7.78799,7.78764,0.75,0.75
23.08.2021 01:56:18.684,7.78799,7.787630000000001,0.75,0.75
23.08.2021 01:56:18.835,7.787980000000001,7.787630000000001,0.75,0.75
23.08.2021 01:56:19.092,7.78799,7.787630000000001,2.25,0.75
23.08.2021 01:56:19.345,7.787980000000001,7.787630000000001,0.75,0.75
23.08.2021 01:56:19.549,7.78795,7.78759,0.75,0.75
23.08.2021 01:56:19.599,7.787980000000001,7.78764,0.82,0.75
23.08.2021 01:56:23.694,7.787980000000001,7.787630000000001,0.75,0.75
23.08.2021 01:56:35.906,7.78799,7.787580000000001,0.37,0.75
23.08.2021 01:56:36.573,7.788,7.787580000000001,1.2,0.75
23.08.2021 01:56:39.782,7.788,7.78759,0.82,0.37
23.08.2021 01:56:40.933,7.788,7.787580000000001,1.2,0.75
23.08.2021 01:56:41.937,7.78799,7.787580000000001,0.37,0.75
23.08.2021 01:56:44.615,7.78799,7.7876,0.37,0.75
23.08.2021 01:56:49.600,7.788,7.7876,0.82,0.75
23.08.2021 01:56:51.655,7.788,7.787580000000001,1.22,0.75
23.08.2021 01:56:51.716,7.787980000000001,7.78762,0.75,0.75
23.08.2021 01:56:53.588,7.787980000000001,7.78767,0.37,0.75
23.08.2021 01:56:56.181,7.788,7.78767,0.47,0.75
23.08.2021 01:56:56.557,7.788,7.78767,0.45,0.75
23.08.2021 01:56:58.378,7.787980000000001,7.78767,0.75,0.75
23.08.2021 01:57:01.558,7.78804,7.7877,0.47,0.75
23.08.2021 01:57:01.622,7.78804,7.78772,0.47,0.75
23.08.2021 01:57:01.773,7.78804,7.78772,0.37,0.75
23.08.2021 01:57:02.218,7.78804,7.787730000000001,0.37,0.75
23.08.2021 01:57:02.625,7.78807,7.787730000000001,0.45,0.75
23.08.2021 01:57:03.627,7.788060000000001,7.787730000000001,0.37,0.75
23.08.2021 01:57:04.299,7.788060000000001,7.78772,0.37,0.75
23.08.2021 01:57:04.631,7.78807,7.78772,0.37,0.75
23.08.2021 01:57:05.633,7.788060000000001,7.78772,0.37,0.75
23.08.2021 01:57:05.977,7.788030000000001,7.78772,0.75,0.75
23.08.2021 01:57:06.212,7.787980000000001,7.78767,0.75,0.75
23.08.2021 01:57:09.665,7.78794,7.78762,0.75,0.75
23.08.2021 01:57:09.766,7.78792,7.787610000000001,0.75,0.75
23.08.2021 01:57:10.787,7.7879000000000005,7.787610000000001,0.75,0.75
23.08.2021 01:57:11.644,7.78788,7.78757,0.75,0.75
23.08.2021 01:57:14.377,7.7879000000000005,7.78757,0.37,0.75
23.08.2021 01:57:14.914,7.78787,7.787510000000001,0.75,0.75
23.08.2021 01:57:14.965,7.78787,7.787510000000001,0.85,0.75
23.08.2021 01:57:22.799,7.78787,7.787510000000001,0.85,0.75
23.08.2021 01:57:22.900,7.787780000000001,7.78747,0.75,0.75
23.08.2021 01:57:23.909,7.7878300000000005,7.78752,0.82,0.75
23.08.2021 01:57:24.011,7.787850000000001,7.78752,0.45,0.75
23.08.2021 01:57:24.112,7.787850000000001,7.7875000000000005,0.45,0.75
23.08.2021 01:57:36.474,7.787860000000001,7.7875000000000005,1.2,0.75
23.08.2021 01:57:36.815,7.787860000000001,7.78752,0.45,0.75
23.08.2021 01:57:39.291,7.78788,7.78752,2.62,0.85
23.08.2021 01:57:39.401,7.78788,7.78752,2.62,0.85
23.08.2021 01:57:40.668,7.78788,7.78752,2.25,0.85
23.08.2021 01:57:40.769,7.78788,7.78752,2.25,0.85
23.08.2021 01:57:40.819,7.78793,7.78757,1.12,0.85
23.08.2021 01:57:40.870,7.78788,7.78755,0.75,0.85
23.08.2021 01:57:41.020,7.78788,7.78755,0.75,0.85
23.08.2021 01:57:43.686,7.78802,7.787680000000001,0.37,0.75
23.08.2021 01:57:43.837,7.78802,7.787730000000001,0.37,0.75
23.08.2021 01:57:43.888,7.788080000000001,7.787730000000001,0.75,0.75
23.08.2021 01:57:44.039,7.788030000000001,7.78767,0.75,0.85
23.08.2021 01:57:44.089,7.788080000000001,7.78772,2.25,0.75
23.08.2021 01:57:44.190,7.78805,7.78769,0.75,0.82
23.08.2021 01:57:44.291,7.78799,7.787630000000001,0.75,0.85
23.08.2021 01:57:44.442,7.787980000000001,7.787630000000001,0.75,0.85
23.08.2021 01:57:44.592,7.787980000000001,7.787630000000001,0.75,0.85
23.08.2021 01:57:44.757,7.787980000000001,7.787630000000001,0.75,0.85
23.08.2021 01:57:48.737,7.787980000000001,7.787630000000001,0.75,0.82
23.08.2021 01:57:56.234,7.787980000000001,7.787630000000001,1.12,0.85
23.08.2021 01:57:56.358,7.787980000000001,7.787680000000001,0.75,0.75
23.08.2021 01:57:57.341,7.78799,7.787630000000001,2.25,1.22
23.08.2021 01:57:59.716,7.78799,7.787630000000001,2.25,0.75
23.08.2021 01:58:00.461,7.787960000000001,7.787630000000001,0.37,0.75
23.08.2021 01:58:00.970,7.787960000000001,7.78757,0.37,0.47
23.08.2021 01:58:01.020,7.787960000000001,7.78757,0.37,0.47
23.08.2021 01:58:01.121,7.787960000000001,7.78764,0.37,0.75
23.08.2021 01:58:01.767,7.787980000000001,7.78764,1.12,0.75
23.08.2021 01:58:02.746,7.7879700000000005,7.78764,0.37,0.75
23.08.2021 01:58:04.751,7.787960000000001,7.78764,0.37,0.75
23.08.2021 01:58:05.802,7.78794,7.78764,0.37,0.75
23.08.2021 01:58:07.783,7.78793,7.78764,0.37,0.75
23.08.2021 01:58:10.803,7.7879700000000005,7.78764,0.37,0.82
23.08.2021 01:58:11.847,7.7879700000000005,7.78764,0.37,0.85
23.08.2021 01:58:12.419,7.7879700000000005,7.78764,0.37,0.85
23.08.2021 01:58:12.520,7.78802,7.78764,0.37,0.85
23.08.2021 01:58:12.681,7.78802,7.78767,0.37,0.85
23.08.2021 01:58:18.259,7.78802,7.78767,0.37,0.85
23.08.2021 01:58:18.778,7.788030000000001,7.78767,0.75,0.85
23.08.2021 01:58:27.919,7.78807,7.7877,0.37,0.85
23.08.2021 01:58:27.970,7.78807,7.78772,0.37,0.85
23.08.2021 01:58:28.121,7.788130000000001,7.7878300000000005,0.37,0.85
23.08.2021 01:58:28.272,7.788080000000001,7.78777,0.75,0.85
23.08.2021 01:58:28.586,7.788080000000001,7.78777,0.75,0.85
23.08.2021 01:58:33.129,7.788160000000001,7.78784,0.37,0.85
23.08.2021 01:58:33.230,7.7881800000000005,7.78784,0.75,0.85
23.08.2021 01:58:33.364,7.7881800000000005,7.78789,0.75,0.85
23.08.2021 01:58:33.464,7.788250000000001,7.78789,2.25,0.85
23.08.2021 01:58:33.565,7.788250000000001,7.78789,2.25,0.85
23.08.2021 01:58:33.811,7.788250000000001,7.78789,0.75,0.85
23.08.2021 01:58:34.065,7.788250000000001,7.78789,0.75,0.85
23.08.2021 01:58:34.494,7.788250000000001,7.7879000000000005,0.75,0.4
23.08.2021 01:58:34.663,7.78823,7.7879000000000005,0.75,0.4
23.08.2021 01:58:36.616,7.78823,7.7879000000000005,0.75,0.4
23.08.2021 01:58:36.667,7.788260000000001,7.78794,0.75,0.85
23.08.2021 01:58:36.717,7.78828,7.78794,1.12,0.85
23.08.2021 01:58:36.818,7.78828,7.787980000000001,0.37,0.85
23.08.2021 01:58:36.868,7.788380000000001,7.787980000000001,0.75,0.85
23.08.2021 01:58:36.969,7.788380000000001,7.788060000000001,0.75,0.85
23.08.2021 01:58:37.070,7.788380000000001,7.7881,0.75,0.85
23.08.2021 01:58:40.368,7.788380000000001,7.7881,0.75,0.85
23.08.2021 01:58:40.469,7.78847,7.7881,0.75,0.85
23.08.2021 01:58:40.570,7.78842,7.788130000000001,0.75,0.82
23.08.2021 01:58:40.794,7.788410000000001,7.788130000000001,0.75,0.82
23.08.2021 01:58:40.884,7.788430000000001,7.788130000000001,2.25,0.82
23.08.2021 01:58:42.343,7.788430000000001,7.788130000000001,0.75,0.85
23.08.2021 01:58:45.418,7.78844,7.788139999999999,0.75,0.85
23.08.2021 01:58:45.569,7.788430000000001,7.788130000000001,0.75,0.85
23.08.2021 01:58:45.772,7.788430000000001,7.788150000000001,0.75,0.85
23.08.2021 01:58:46.028,7.78844,7.788150000000001,0.75,0.85
23.08.2021 01:58:53.702,7.78844,7.788150000000001,0.75,0.82
23.08.2021 01:58:53.846,7.788430000000001,7.78812,0.75,0.85
23.08.2021 01:58:54.099,7.788430000000001,7.78812,0.75,0.85
23.08.2021 01:58:54.200,7.78844,7.788150000000001,0.75,0.85
23.08.2021 01:58:54.344,7.78844,7.788150000000001,0.75,0.85
23.08.2021 01:58:54.466,7.78845,7.78817,1.12,0.82
23.08.2021 01:58:54.668,7.78845,7.7881800000000005,1.12,0.75
23.08.2021 01:59:07.211,7.78845,7.7881800000000005,0.75,0.85
23.08.2021 01:59:07.362,7.78845,7.788150000000001,0.75,0.85
23.08.2021 01:59:09.615,7.78844,7.788150000000001,0.75,0.85
23.08.2021 01:59:09.726,7.78844,7.788150000000001,0.75,0.85
23.08.2021 01:59:15.593,7.788380000000001,7.788150000000001,0.75,0.85
23.08.2021 01:59:27.779,7.788380000000001,7.788150000000001,0.75,0.82
23.08.2021 01:59:32.338,7.78844,7.78812,0.75,0.85
23.08.2021 01:59:32.439,7.78844,7.788139999999999,0.75,0.85
23.08.2021 01:59:32.540,7.788380000000001,7.78812,0.75,2.35
23.08.2021 01:59:40.576,7.788380000000001,7.78812,0.75,2.35
23.08.2021 01:59:44.029,7.788380000000001,7.788130000000001,0.75,0.85
23.08.2021 01:59:53.510,7.78845,7.788130000000001,0.75,0.85
23.08.2021 01:59:53.850,7.78844,7.7881100000000005,0.75,0.85
23.08.2021 02:00:17.202,7.78844,7.788150000000001,0.75,0.85
23.08.2021 02:00:18.988,7.78847,7.788150000000001,0.75,0.85
23.08.2021 02:00:31.324,7.788480000000001,7.788150000000001,0.37,0.85
23.08.2021 02:00:32.047,7.78847,7.788150000000001,0.37,0.85
23.08.2021 02:00:33.053,7.788460000000001,7.788150000000001,0.37,0.85
23.08.2021 02:00:33.893,7.788380000000001,7.788150000000001,0.75,0.85
23.08.2021 02:00:44.195,7.788460000000001,7.788150000000001,0.75,0.85
23.08.2021 02:00:56.412,7.78847,7.788150000000001,1.12,0.85
23.08.2021 02:00:56.465,7.788380000000001,7.788150000000001,0.75,0.85
23.08.2021 02:01:17.242,7.788380000000001,7.788150000000001,0.75,0.75
23.08.2021 02:01:32.163,7.788380000000001,7.788150000000001,0.75,0.85
23.08.2021 02:01:40.072,7.788380000000001,7.788150000000001,0.75,0.85
23.08.2021 02:01:41.708,7.78842,7.788150000000001,0.75,0.85
23.08.2021 02:02:41.944,7.78842,7.788150000000001,0.75,0.75
23.08.2021 02:03:53.919,7.788410000000001,7.7881,0.75,0.85
23.08.2021 02:03:54.020,7.7883700000000005,7.7881,0.75,0.75
23.08.2021 02:03:54.070,7.78835,7.788060000000001,0.75,0.45
23.08.2021 02:03:54.430,7.78835,7.788,2.25,0.85
23.08.2021 02:04:11.655,7.78834,7.788,0.75,0.85
23.08.2021 02:04:15.619,7.78834,7.787980000000001,0.75,0.85
23.08.2021 02:04:19.374,7.78829,7.787960000000001,2.25,0.85
23.08.2021 02:04:19.725,7.78829,7.787960000000001,2.25,0.85
23.08.2021 02:04:19.826,7.78829,7.787960000000001,2.25,0.75
23.08.2021 02:04:20.925,7.78829,7.78795,0.75,0.82
23.08.2021 02:04:21.422,7.78829,7.78795,0.75,0.85
23.08.2021 02:04:22.878,7.788310000000001,7.78799,0.37,0.75
23.08.2021 02:04:23.538,7.78834,7.78799,2.25,0.75
23.08.2021 02:04:30.733,7.78829,7.78794,0.75,0.75
23.08.2021 02:04:30.834,7.78819,7.78792,0.75,0.37
23.08.2021 02:04:30.884,7.78819,7.78784,0.75,0.85
23.08.2021 02:04:30.997,7.78819,7.78784,0.75,0.85
23.08.2021 02:04:31.238,7.78819,7.78784,0.75,0.85
23.08.2021 02:04:32.894,7.78829,7.78799,0.37,0.75
23.08.2021 02:04:33.095,7.78834,7.78799,0.75,0.75
23.08.2021 02:04:36.416,7.78824,7.787910000000001,0.75,0.47
23.08.2021 02:04:36.467,7.78824,7.787910000000001,0.75,0.47
23.08.2021 02:04:36.568,7.78824,7.787910000000001,0.75,0.37
23.08.2021 02:04:36.829,7.78824,7.78789,0.75,0.85
23.08.2021 02:04:37.869,7.78828,7.78794,0.37,0.75
23.08.2021 02:04:37.975,7.78834,7.78799,0.75,0.75
23.08.2021 02:04:49.038,7.7883700000000005,7.78792,0.75,0.47
23.08.2021 02:04:51.600,7.788360000000001,7.78793,0.37,0.47
23.08.2021 02:04:52.590,7.78835,7.78793,0.37,0.47
23.08.2021 02:04:53.581,7.78832,7.78793,0.37,0.47
23.08.2021 02:05:01.593,7.788330000000001,7.78793,0.37,0.47
23.08.2021 02:05:01.669,7.788360000000001,7.78793,0.75,0.47
23.08.2021 02:05:04.142,7.78834,7.78793,0.75,0.47
23.08.2021 02:05:05.708,7.78834,7.78793,0.75,0.47
23.08.2021 02:05:06.602,7.788330000000001,7.78794,0.37,0.47
23.08.2021 02:05:08.006,7.788330000000001,7.78799,0.37,0.75
23.08.2021 02:05:08.422,7.78834,7.78805,0.75,0.75
23.08.2021 02:05:08.472,7.788360000000001,7.78805,0.75,0.75
23.08.2021 02:05:19.111,7.788380000000001,7.78805,0.75,0.75
23.08.2021 02:05:26.655,7.78839,7.78805,1.12,0.75
23.08.2021 02:05:28.007,7.788360000000001,7.788010000000001,0.75,0.85
23.08.2021 02:05:28.127,7.788360000000001,7.788010000000001,0.75,0.85
23.08.2021 02:05:37.734,7.788360000000001,7.788010000000001,0.75,0.85
23.08.2021 02:05:39.936,7.7884,7.78805,1.12,0.82
23.08.2021 02:05:40.037,7.788380000000001,7.78805,0.75,0.82
23.08.2021 02:05:59.243,7.788410000000001,7.788,1.12,0.47
23.08.2021 02:06:08.642,7.7884,7.78805,0.75,0.75
23.08.2021 02:06:24.452,7.78839,7.78805,0.37,0.75
23.08.2021 02:06:25.454,7.788380000000001,7.78805,0.37,0.75
23.08.2021 02:06:26.456,7.7883700000000005,7.78805,0.37,0.75
23.08.2021 02:06:37.943,7.7884,7.78805,0.75,0.75
23.08.2021 02:06:50.813,7.78839,7.78805,0.37,0.75
23.08.2021 02:06:51.819,7.7883700000000005,7.78805,0.37,0.75
23.08.2021 02:06:58.831,7.78839,7.78805,0.37,0.75
23.08.2021 02:07:06.820,7.78839,7.788080000000001,0.37,0.75
23.08.2021 02:07:07.846,7.788410000000001,7.788080000000001,1.12,0.75
23.08.2021 02:07:08.851,7.7884,7.788080000000001,0.37,0.75
23.08.2021 02:07:10.642,7.7884,7.78805,1.12,0.75
23.08.2021 02:07:16.642,7.788380000000001,7.78805,0.37,0.75
23.08.2021 02:07:27.675,7.7883700000000005,7.78805,0.37,0.75
23.08.2021 02:07:29.682,7.788360000000001,7.78805,0.37,0.75
23.08.2021 02:07:35.141,7.788360000000001,7.78799,0.37,0.47
23.08.2021 02:07:36.805,7.788360000000001,7.78799,0.37,0.47
23.08.2021 02:07:37.813,7.788380000000001,7.78799,0.37,0.47
23.08.2021 02:07:40.836,7.788380000000001,7.78805,0.37,0.75
23.08.2021 02:07:53.940,7.7883700000000005,7.78805,0.37,0.75
23.08.2021 02:07:54.943,7.788360000000001,7.78805,0.37,0.75
23.08.2021 02:07:57.948,7.78839,7.78805,0.37,0.75
23.08.2021 02:07:58.994,7.788380000000001,7.78805,0.37,0.75
23.08.2021 02:08:00.975,7.7883700000000005,7.78805,0.37,0.75
23.08.2021 02:08:05.965,7.78839,7.78805,0.37,0.75
23.08.2021 02:08:06.015,7.788360000000001,7.78805,0.75,0.75
23.08.2021 02:08:18.995,7.78839,7.78805,0.37,0.75
23.08.2021 02:08:39.036,7.788380000000001,7.78805,0.37,0.75
23.08.2021 02:08:40.038,7.7883700000000005,7.78805,0.37,0.75
23.08.2021 02:08:42.989,7.788380000000001,7.78805,0.37,0.75
23.08.2021 02:08:55.048,7.78839,7.78805,0.37,0.75
23.08.2021 02:08:58.103,7.7883700000000005,7.78805,0.75,0.75
23.08.2021 02:08:58.229,7.788380000000001,7.78805,0.75,0.75
23.08.2021 02:08:58.330,7.78839,7.78805,0.37,0.75
23.08.2021 02:08:59.082,7.7884,7.78805,0.75,0.75
23.08.2021 02:09:35.369,7.7884,7.78805,1.22,0.75
23.08.2021 02:09:37.152,7.788380000000001,7.78805,0.37,0.75
23.08.2021 02:09:38.151,7.7883700000000005,7.78805,0.37,0.75
23.08.2021 02:09:40.947,7.7884,7.78805,0.85,0.75
23.08.2021 02:10:10.344,7.78834,7.78799,0.75,0.75
23.08.2021 02:10:10.857,7.78834,7.78799,0.85,0.75
23.08.2021 02:10:18.694,7.78834,7.78799,0.82,0.75
23.08.2021 02:10:18.818,7.788330000000001,7.78799,0.37,0.75
23.08.2021 02:10:21.239,7.78832,7.78799,0.37,0.75
23.08.2021 02:10:22.239,7.788310000000001,7.78799,0.37,0.75
23.08.2021 02:10:28.706,7.788310000000001,7.787910000000001,0.37,0.45
23.08.2021 02:10:28.807,7.788310000000001,7.787910000000001,0.37,0.47
23.08.2021 02:10:30.257,7.788330000000001,7.787910000000001,0.37,0.85
23.08.2021 02:10:40.400,7.788330000000001,7.78799,0.37,0.75
23.08.2021 02:10:40.848,7.788330000000001,7.78792,0.37,0.45
23.08.2021 02:10:58.704,7.788330000000001,7.78799,0.37,0.75
23.08.2021 02:11:41.849,7.788330000000001,7.78804,0.37,0.75
23.08.2021 02:11:42.046,7.78829,7.787960000000001,0.75,0.37
23.08.2021 02:11:42.097,7.78829,7.787960000000001,0.85,0.37
23.08.2021 02:11:42.198,7.78824,7.78789,0.75,1.12
23.08.2021 02:11:42.372,7.78824,7.78789,0.85,0.75
23.08.2021 02:11:42.765,7.78824,7.78789,0.85,0.75
23.08.2021 02:11:46.700,7.78824,7.78789,0.85,0.75
23.08.2021 02:11:54.948,7.788260000000001,7.78799,0.37,0.75
23.08.2021 02:11:54.999,7.78834,7.78799,0.85,0.75
23.08.2021 02:11:55.099,7.78834,7.78799,0.85,0.75
23.08.2021 02:11:55.150,7.78824,7.78789,0.75,0.75
23.08.2021 02:11:55.250,7.78824,7.78789,0.85,0.75
23.08.2021 02:12:15.708,7.788250000000001,7.78782,0.47,0.52
23.08.2021 02:12:16.202,7.788250000000001,7.78784,0.47,0.37
23.08.2021 02:12:25.187,7.788250000000001,7.78784,0.47,0.37
23.08.2021 02:12:25.315,7.78824,7.78789,0.82,0.75
23.08.2021 02:12:50.234,7.78824,7.78782,0.45,0.25
23.08.2021 02:12:51.637,7.78823,7.78782,0.37,0.25
23.08.2021 02:12:54.159,7.788160000000001,7.78782,0.37,0.25
23.08.2021 02:12:55.430,7.788160000000001,7.787780000000001,0.37,1.22
23.08.2021 02:12:55.540,7.788160000000001,7.78789,0.37,0.75
23.08.2021 02:12:59.112,7.78823,7.78789,0.37,0.75
23.08.2021 02:13:29.542,7.788139999999999,7.7878300000000005,0.75,0.75
23.08.2021 02:13:35.641,7.7881100000000005,7.78782,0.75,0.75
23.08.2021 02:13:49.515,7.7881100000000005,7.7878300000000005,0.75,0.37
23.08.2021 02:13:50.522,7.7881100000000005,7.78784,0.75,0.37
23.08.2021 02:14:00.681,7.7881100000000005,7.78782,0.75,2.62
23.08.2021 02:14:23.217,7.78812,7.78784,0.75,0.75
23.08.2021 02:15:13.373,7.78817,7.78788,0.75,0.75
23.08.2021 02:15:35.873,7.78827,7.787850000000001,0.45,0.75
23.08.2021 02:15:43.438,7.78827,7.78792,0.45,0.75
23.08.2021 02:15:43.594,7.78817,7.78792,0.75,0.75
23.08.2021 02:16:00.832,7.78827,7.78784,0.45,0.82
23.08.2021 02:16:14.809,7.78827,7.787850000000001,0.37,0.37
23.08.2021 02:16:15.873,7.788160000000001,7.78792,0.75,0.75
23.08.2021 02:16:28.364,7.788060000000001,7.7878300000000005,0.75,1.12
23.08.2021 02:16:43.716,7.788060000000001,7.787850000000001,0.75,0.37
23.08.2021 02:16:56.099,7.788060000000001,7.787860000000001,0.75,0.37
23.08.2021 02:16:56.149,7.7881100000000005,7.787860000000001,0.75,0.37
23.08.2021 02:16:56.200,7.7881100000000005,7.78792,0.75,0.75
23.08.2021 02:17:04.512,7.7881100000000005,7.787850000000001,0.75,0.75
23.08.2021 02:17:04.663,7.7881100000000005,7.78792,0.75,0.75
23.08.2021 02:17:10.445,7.78827,7.787850000000001,1.22,1.12
23.08.2021 02:17:10.495,7.7881800000000005,7.78792,0.75,0.75
23.08.2021 02:17:12.023,7.788160000000001,7.787850000000001,0.75,1.12
23.08.2021 02:17:12.340,7.788160000000001,7.78788,0.75,0.37
23.08.2021 02:17:13.647,7.788160000000001,7.787860000000001,0.75,0.37
23.08.2021 02:17:14.079,7.788160000000001,7.78787,0.75,0.37
23.08.2021 02:17:14.635,7.7881100000000005,7.78787,0.75,0.37
23.08.2021 02:17:15.076,7.7881100000000005,7.7878300000000005,0.75,0.49
23.08.2021 02:17:31.653,7.788200000000001,7.78782,0.47,0.9
23.08.2021 02:17:31.756,7.788200000000001,7.78782,0.45,0.9
23.08.2021 02:17:34.118,7.78819,7.78782,0.37,0.9
23.08.2021 02:17:39.157,7.7881800000000005,7.78782,0.37,0.9
23.08.2021 02:17:40.147,7.78817,7.78782,0.37,0.9
23.08.2021 02:17:41.137,7.788160000000001,7.78782,0.37,0.9
23.08.2021 02:17:42.133,7.7881800000000005,7.78782,0.37,0.9
23.08.2021 02:17:44.969,7.7881100000000005,7.78782,0.75,0.9
23.08.2021 02:18:10.575,7.788160000000001,7.78779,0.37,0.52
23.08.2021 02:18:11.190,7.788200000000001,7.78779,0.45,0.52
23.08.2021 02:18:11.298,7.7881800000000005,7.78779,0.75,0.52
23.08.2021 02:18:11.752,7.788200000000001,7.78779,0.45,0.52
23.08.2021 02:18:12.392,7.7881800000000005,7.78779,0.75,0.52
23.08.2021 02:18:12.800,7.788200000000001,7.78779,0.45,0.52
23.08.2021 02:18:13.351,7.7881800000000005,7.78779,0.75,0.52
23.08.2021 02:18:13.744,7.788200000000001,7.78779,0.45,0.52
23.08.2021 02:18:14.352,7.7881800000000005,7.78779,0.75,0.52
23.08.2021 02:18:14.855,7.788200000000001,7.787780000000001,0.45,0.52
23.08.2021 02:18:15.144,7.7881100000000005,7.787800000000001,0.75,0.9
23.08.2021 02:18:34.209,7.788060000000001,7.78782,0.75,0.9
23.08.2021 02:18:34.360,7.7881100000000005,7.787810000000001,0.75,0.9
23.08.2021 02:18:48.864,7.78822,7.78782,0.45,0.9
23.08.2021 02:18:49.261,7.78822,7.78782,0.47,0.9
23.08.2021 02:18:51.276,7.788200000000001,7.78782,0.37,0.9
23.08.2021 02:19:04.461,7.7881800000000005,7.78779,0.75,0.6
23.08.2021 02:19:04.781,7.788200000000001,7.78779,0.37,0.6
23.08.2021 02:19:05.011,7.7881100000000005,7.78782,0.75,0.9
23.08.2021 02:19:10.856,7.78827,7.787800000000001,0.47,0.25
23.08.2021 02:19:10.985,7.7881100000000005,7.787810000000001,0.75,0.9
23.08.2021 02:19:18.443,7.7881100000000005,7.78789,0.75,0.37
23.08.2021 02:19:18.494,7.788160000000001,7.78789,0.75,0.37
23.08.2021 02:19:19.944,7.788160000000001,7.787860000000001,0.75,1.12
23.08.2021 02:19:24.442,7.788160000000001,7.78787,0.75,0.37
23.08.2021 02:19:26.117,7.788160000000001,7.787860000000001,0.75,1.5
23.08.2021 02:19:27.346,7.788160000000001,7.78787,0.75,0.37
23.08.2021 02:19:29.070,7.788160000000001,7.78789,0.75,0.37
23.08.2021 02:19:30.074,7.788160000000001,7.7879000000000005,0.75,0.37
23.08.2021 02:19:40.131,7.78827,7.7879000000000005,0.82,0.37
23.08.2021 02:19:42.685,7.78827,7.78787,0.82,0.37
23.08.2021 02:19:43.432,7.788260000000001,7.787960000000001,0.75,0.75
23.08.2021 02:19:44.266,7.788260000000001,7.7879700000000005,0.75,0.37
23.08.2021 02:19:50.944,7.788310000000001,7.78805,0.75,0.37
23.08.2021 02:19:51.297,7.788310000000001,7.788060000000001,0.75,0.75
23.08.2021 02:19:51.505,7.788360000000001,7.788080000000001,0.75,0.75
23.08.2021 02:19:51.605,7.788410000000001,7.7881100000000005,0.75,2.25
23.08.2021 02:19:51.706,7.788410000000001,7.78812,0.75,1.12
