Gmt time,Ask,Bid,AskVolume,BidVolume
20.08.2021 00:00:01.242,7.790360000000001,7.789060000000001,0.75,0.37
20.08.2021 00:00:01.617,7.79035,7.789060000000001,0.75,0.37
20.08.2021 00:00:06.153,7.79034,7.789060000000001,0.75,0.37
20.08.2021 00:00:10.250,7.790360000000001,7.789060000000001,0.75,0.37
20.08.2021 00:00:10.496,7.79025,7.789060000000001,0.37,0.37
20.08.2021 00:00:11.155,7.79025,7.78909,0.37,0.37
20.08.2021 00:00:14.408,7.79025,7.78907,0.37,0.37
20.08.2021 00:00:24.478,7.79025,7.78908,0.37,0.37
20.08.2021 00:00:25.048,7.790360000000001,7.78908,1,0.49
20.08.2021 00:00:27.957,7.790360000000001,7.789060000000001,1,0.49
20.08.2021 00:00:30.967,7.790360000000001,7.789060000000001,1.1,0.59
20.08.2021 00:00:31.068,7.7904,7.7891,1.59,0.59
20.08.2021 00:00:31.118,7.7903,7.7891,0.47,0.37
20.08.2021 00:00:31.169,7.790080000000001,7.78932,0.75,0.75
20.08.2021 00:00:45.909,7.79017,7.7891,0.37,0.37
20.08.2021 00:00:46.891,7.7902700000000005,7.78909,0.47,0.37
20.08.2021 00:00:46.941,7.789980000000001,7.7891200000000005,0.75,0.75
20.08.2021 00:00:46.991,7.7902700000000005,7.78904,0.47,0.37
20.08.2021 00:00:47.042,7.7902700000000005,7.78904,0.47,0.37
20.08.2021 00:00:47.193,7.789930000000001,7.78917,0.75,0.75
20.08.2021 00:00:53.596,7.790260000000001,7.789000000000001,0.85,0.37
20.08.2021 00:00:59.658,7.79018,7.788950000000001,0.47,0.47
20.08.2021 00:01:08.600,7.79022,7.78899,1.6,0.37
20.08.2021 00:01:38.749,7.790150000000001,7.78897,0.47,0.45
20.08.2021 00:01:39.437,7.79,7.789000000000001,0.37,0.37
20.08.2021 00:01:43.081,7.79,7.78899,0.37,0.37
20.08.2021 00:01:47.064,7.79018,7.78897,0.35,0.45
20.08.2021 00:01:47.138,7.7902000000000005,7.7889800000000005,0.75,0.37
20.08.2021 00:01:48.136,7.790160000000001,7.7889800000000005,0.37,0.37
20.08.2021 00:01:49.183,7.790160000000001,7.789000000000001,0.37,0.37
20.08.2021 00:01:56.476,7.790150000000001,7.789000000000001,0.37,0.37
20.08.2021 00:01:58.137,7.79013,7.789000000000001,0.37,0.37
20.08.2021 00:01:59.146,7.79,7.789000000000001,0.37,0.37
20.08.2021 00:02:17.512,7.7899899999999995,7.789000000000001,0.37,0.37
20.08.2021 00:02:24.984,7.79017,7.789000000000001,0.75,0.37
20.08.2021 00:02:25.264,7.79017,7.789010000000001,0.75,0.37
20.08.2021 00:02:36.976,7.79017,7.7889800000000005,0.75,0.37
20.08.2021 00:02:40.061,7.79019,7.7889800000000005,0.75,0.37
20.08.2021 00:02:40.537,7.7899899999999995,7.7889800000000005,0.37,0.37
20.08.2021 00:02:41.540,7.7899899999999995,7.789000000000001,0.37,0.37
20.08.2021 00:03:08.642,7.7899899999999995,7.789010000000001,0.37,0.37
20.08.2021 00:03:15.279,7.79019,7.789010000000001,0.85,0.37
20.08.2021 00:03:19.003,7.79019,7.78902,0.85,0.37
20.08.2021 00:03:19.862,7.790039999999999,7.78902,0.37,0.37
20.08.2021 00:03:29.285,7.790039999999999,7.789000000000001,0.37,0.37
20.08.2021 00:03:31.667,7.79,7.789000000000001,0.37,0.37
20.08.2021 00:03:38.629,7.79,7.789010000000001,0.37,0.37
20.08.2021 00:03:41.683,7.790050000000001,7.789010000000001,0.37,0.37
20.08.2021 00:03:51.959,7.790050000000001,7.789010000000001,0.37,0.47
20.08.2021 00:03:52.674,7.790039999999999,7.789010000000001,0.37,0.47
20.08.2021 00:03:58.206,7.790030000000001,7.789010000000001,0.37,1.1
20.08.2021 00:04:11.742,7.79007,7.78902,0.37,0.45
20.08.2021 00:04:15.159,7.79007,7.7890500000000005,0.37,0.37
20.08.2021 00:04:15.795,7.79002,7.7890500000000005,0.37,0.37
20.08.2021 00:04:36.695,7.7900100000000005,7.7890500000000005,0.37,0.37
20.08.2021 00:04:37.922,7.790160000000001,7.7890500000000005,0.47,0.37
20.08.2021 00:04:38.022,7.790160000000001,7.78907,0.47,0.37
20.08.2021 00:04:45.812,7.79013,7.7891200000000005,0.47,0.37
20.08.2021 00:04:46.817,7.790050000000001,7.7891200000000005,0.37,0.37
20.08.2021 00:04:47.120,7.79019,7.78907,0.85,0.45
20.08.2021 00:04:53.600,7.789930000000001,7.78917,0.75,0.75
20.08.2021 00:05:21.660,7.790210000000001,7.78907,0.85,0.45
20.08.2021 00:05:28.399,7.790050000000001,7.789130000000001,0.37,0.37
20.08.2021 00:05:53.651,7.790050000000001,7.78922,0.37,0.75
20.08.2021 00:05:53.702,7.789980000000001,7.7891200000000005,0.75,0.75
20.08.2021 00:06:08.091,7.79012,7.7891200000000005,0.47,0.37
20.08.2021 00:06:08.982,7.790110000000001,7.789130000000001,0.47,0.37
20.08.2021 00:06:09.986,7.79007,7.78914,0.37,0.37
20.08.2021 00:06:11.873,7.79007,7.78915,0.37,0.37
20.08.2021 00:06:12.877,7.790060000000001,7.78915,0.37,0.37
20.08.2021 00:06:52.062,7.790050000000001,7.789160000000001,0.37,0.37
20.08.2021 00:07:11.682,7.79018,7.7891,0.75,0.37
20.08.2021 00:07:24.956,7.789980000000001,7.78927,0.75,0.75
20.08.2021 00:07:25.007,7.790080000000001,7.78927,0.75,0.75
20.08.2021 00:07:25.107,7.79013,7.78927,0.75,0.75
20.08.2021 00:07:25.502,7.79029,7.789210000000001,0.47,0.37
20.08.2021 00:07:25.553,7.79013,7.78927,0.75,0.75
20.08.2021 00:07:31.943,7.79013,7.789280000000001,0.75,0.37
20.08.2021 00:07:34.959,7.79013,7.789289999999999,0.75,0.37
20.08.2021 00:07:38.970,7.79013,7.789300000000001,0.75,0.37
20.08.2021 00:07:39.514,7.79019,7.789300000000001,0.37,0.37
20.08.2021 00:07:39.617,7.79013,7.78932,0.75,0.75
20.08.2021 00:07:39.718,7.79019,7.789300000000001,0.37,0.37
20.08.2021 00:07:40.166,7.790280000000001,7.789230000000001,0.47,0.37
20.08.2021 00:07:47.208,7.7902700000000005,7.789300000000001,0.47,0.37
20.08.2021 00:07:50.012,7.79019,7.789300000000001,0.37,0.37
20.08.2021 00:07:51.085,7.79017,7.78927,0.37,0.37
20.08.2021 00:07:56.120,7.79017,7.789280000000001,0.37,0.37
20.08.2021 00:07:57.109,7.79017,7.789289999999999,0.37,0.37
20.08.2021 00:08:00.122,7.79017,7.78927,0.37,0.37
20.08.2021 00:08:02.386,7.79017,7.78937,0.37,0.75
20.08.2021 00:08:03.211,7.79014,7.78937,0.37,0.75
20.08.2021 00:08:11.230,7.79013,7.78937,0.37,0.75
20.08.2021 00:08:19.341,7.79013,7.789289999999999,0.37,0.37
20.08.2021 00:08:19.407,7.7903,7.78922,0.85,0.45
20.08.2021 00:08:19.540,7.790310000000001,7.789230000000001,0.85,0.37
20.08.2021 00:08:23.874,7.790310000000001,7.789210000000001,0.85,0.47
20.08.2021 00:08:24.835,7.790310000000001,7.789289999999999,0.85,0.37
20.08.2021 00:08:25.840,7.79017,7.789289999999999,0.37,0.37
20.08.2021 00:08:30.271,7.790160000000001,7.789300000000001,0.37,0.37
20.08.2021 00:08:31.274,7.79013,7.789310000000001,0.37,0.37
20.08.2021 00:08:32.867,7.79013,7.78934,0.37,0.37
20.08.2021 00:08:33.871,7.79014,7.7893300000000005,0.37,0.37
20.08.2021 00:09:34.128,7.7903,7.789230000000001,1,0.49
20.08.2021 00:10:08.632,7.7903,7.7892399999999995,1,0.49
20.08.2021 00:11:02.736,7.7903,7.7892399999999995,1.1,0.59
20.08.2021 00:11:07.623,7.79024,7.789280000000001,0.47,0.37
20.08.2021 00:11:12.595,7.79018,7.789289999999999,0.37,0.37
20.08.2021 00:11:22.620,7.79017,7.78934,0.37,0.37
20.08.2021 00:11:24.026,7.79013,7.78934,0.37,0.37
20.08.2021 00:11:28.628,7.79014,7.789350000000001,0.37,0.37
20.08.2021 00:12:06.718,7.79013,7.789350000000001,0.49,0.49
20.08.2021 00:13:06.744,7.790280000000001,7.78922,1,0.49
20.08.2021 00:13:38.560,7.790280000000001,7.789230000000001,1,0.49
20.08.2021 00:15:07.016,7.790280000000001,7.78925,1,0.49
20.08.2021 00:15:07.071,7.79013,7.78934,0.37,0.37
20.08.2021 00:15:07.143,7.79025,7.78925,0.37,0.37
20.08.2021 00:15:08.357,7.790260000000001,7.78925,0.37,0.37
20.08.2021 00:15:08.643,7.790260000000001,7.7892399999999995,0.37,0.37
20.08.2021 00:15:26.331,7.79018,7.78939,0.75,0.75
20.08.2021 00:15:26.431,7.79022,7.78942,0.75,0.75
20.08.2021 00:15:26.824,7.79022,7.78944,0.75,0.75
20.08.2021 00:15:26.875,7.79025,7.78944,1.5,1.5
20.08.2021 00:15:27.325,7.79025,7.78945,0.75,0.75
20.08.2021 00:15:32.729,7.790230000000001,7.789480000000001,0.75,0.75
20.08.2021 00:15:33.007,7.790230000000001,7.78949,0.75,0.37
20.08.2021 00:15:33.290,7.79007,7.78949,0.37,0.37
20.08.2021 00:15:34.125,7.79007,7.78945,0.37,0.37
20.08.2021 00:15:35.129,7.79007,7.789460000000001,0.37,0.37
20.08.2021 00:15:36.129,7.79007,7.78945,0.37,0.37
20.08.2021 00:15:36.291,7.790080000000001,7.78945,0.37,0.37
20.08.2021 00:15:37.792,7.79009,7.78945,0.37,0.37
20.08.2021 00:15:38.136,7.79009,7.789460000000001,0.37,0.37
20.08.2021 00:15:40.381,7.79009,7.78945,0.37,0.37
20.08.2021 00:15:41.387,7.79009,7.789460000000001,0.37,0.37
20.08.2021 00:15:43.391,7.79009,7.78945,0.37,0.37
20.08.2021 00:15:43.794,7.790100000000001,7.78945,0.37,0.37
20.08.2021 00:15:44.398,7.790100000000001,7.789460000000001,0.37,0.37
20.08.2021 00:15:46.406,7.790100000000001,7.78945,0.37,0.37
20.08.2021 00:15:48.412,7.790100000000001,7.789460000000001,0.37,0.37
20.08.2021 00:15:50.418,7.790100000000001,7.78945,0.37,0.37
20.08.2021 00:15:52.870,7.790100000000001,7.789460000000001,0.37,0.37
20.08.2021 00:16:28.334,7.790080000000001,7.789460000000001,0.37,0.37
20.08.2021 00:16:36.270,7.790060000000001,7.789460000000001,0.37,0.37
20.08.2021 00:16:37.771,7.79007,7.789460000000001,0.37,0.37
20.08.2021 00:16:42.272,7.790080000000001,7.789460000000001,0.37,0.37
20.08.2021 00:17:09.318,7.790080000000001,7.78945,0.37,0.37
20.08.2021 00:17:19.711,7.790080000000001,7.78942,0.37,1.12
20.08.2021 00:17:22.345,7.790080000000001,7.78943,0.37,0.37
20.08.2021 00:17:23.346,7.790080000000001,7.78945,0.37,0.37
20.08.2021 00:17:58.928,7.79018,7.78945,1.12,0.37
20.08.2021 00:18:25.001,7.79018,7.78942,0.75,0.82
20.08.2021 00:18:40.597,7.7902000000000005,7.78942,1.5,1.57
20.08.2021 00:18:40.647,7.790080000000001,7.78942,0.37,1.57
20.08.2021 00:18:41.435,7.7902000000000005,7.78942,2.35,0.75
20.08.2021 00:19:08.626,7.790310000000001,7.789280000000001,0.47,0.85
20.08.2021 00:19:26.835,7.79018,7.78939,0.75,0.75
20.08.2021 00:19:26.936,7.79013,7.789350000000001,0.75,0.75
20.08.2021 00:19:27.112,7.79013,7.78934,0.75,0.75
20.08.2021 00:19:27.162,7.79013,7.78932,0.75,0.82
20.08.2021 00:19:27.212,7.79013,7.789350000000001,0.75,0.75
20.08.2021 00:19:27.263,7.79013,7.78932,2.25,0.75
20.08.2021 00:19:27.313,7.79013,7.78934,0.75,0.75
20.08.2021 00:19:35.283,7.79013,7.789350000000001,0.75,0.37
20.08.2021 00:19:57.323,7.790160000000001,7.789350000000001,0.85,0.37
20.08.2021 00:19:58.663,7.79017,7.789360000000001,0.47,0.37
20.08.2021 00:20:02.045,7.79029,7.789230000000001,0.85,0.47
20.08.2021 00:20:42.330,7.79029,7.789230000000001,0.75,0.37
20.08.2021 00:20:49.195,7.79029,7.7892399999999995,0.75,1.5
20.08.2021 00:20:57.780,7.79024,7.7892399999999995,0.37,1.5
20.08.2021 00:20:58.781,7.79024,7.789289999999999,0.37,0.37
20.08.2021 00:21:01.321,7.79029,7.7892399999999995,0.75,1.5
20.08.2021 00:21:06.654,7.79017,7.7893300000000005,0.75,0.75
20.08.2021 00:21:19.620,7.79017,7.78934,0.75,0.37
20.08.2021 00:21:22.657,7.79017,7.789350000000001,0.75,0.37
20.08.2021 00:21:58.062,7.79018,7.789350000000001,0.37,0.37
20.08.2021 00:22:47.324,7.7902000000000005,7.7893300000000005,0.59,0.37
20.08.2021 00:23:01.994,7.7902000000000005,7.7893300000000005,0.49,0.49
20.08.2021 00:23:16.058,7.790210000000001,7.7893300000000005,0.49,0.49
20.08.2021 00:23:24.737,7.790150000000001,7.7893300000000005,0.75,0.37
20.08.2021 00:23:24.787,7.790150000000001,7.789300000000001,0.75,0.75
20.08.2021 00:23:24.838,7.79012,7.78927,0.75,0.82
20.08.2021 00:23:30.045,7.790110000000001,7.78927,0.75,0.82
20.08.2021 00:23:34.539,7.790080000000001,7.78925,2.25,1.22
20.08.2021 00:23:34.640,7.79007,7.789230000000001,0.75,0.75
20.08.2021 00:23:43.114,7.79007,7.78925,0.75,0.37
20.08.2021 00:23:50.927,7.79007,7.789230000000001,0.75,0.75
20.08.2021 00:23:51.027,7.790080000000001,7.78925,0.75,0.75
20.08.2021 00:23:51.133,7.790080000000001,7.7892399999999995,0.75,0.75
20.08.2021 00:23:51.234,7.79009,7.78925,0.75,0.75
20.08.2021 00:24:03.319,7.7900100000000005,7.789230000000001,0.75,0.75
20.08.2021 00:24:03.420,7.78985,7.78927,0.37,0.37
20.08.2021 00:24:04.904,7.78983,7.78925,0.37,0.37
20.08.2021 00:24:09.140,7.78979,7.789210000000001,0.37,0.37
20.08.2021 00:24:22.278,7.78974,7.789160000000001,0.37,0.37
20.08.2021 00:24:46.242,7.78974,7.78917,0.75,0.37
20.08.2021 00:24:47.243,7.789710000000001,7.789180000000001,0.37,0.37
20.08.2021 00:25:05.375,7.789710000000001,7.78919,0.37,0.75
20.08.2021 00:25:14.229,7.789710000000001,7.7892,0.37,0.75
20.08.2021 00:25:14.377,7.789710000000001,7.789210000000001,0.37,0.75
20.08.2021 00:25:15.300,7.789660000000001,7.789210000000001,0.37,0.75
20.08.2021 00:25:50.309,7.789660000000001,7.7892,0.37,0.37
20.08.2021 00:25:50.410,7.789660000000001,7.789300000000001,0.37,0.37
20.08.2021 00:26:35.242,7.789750000000001,7.78919,0.75,0.75
20.08.2021 00:26:35.527,7.78974,7.789210000000001,0.75,0.75
20.08.2021 00:26:37.291,7.78974,7.7892399999999995,0.75,0.37
20.08.2021 00:26:38.282,7.7897300000000005,7.7892399999999995,0.37,0.37
20.08.2021 00:26:43.083,7.78974,7.789210000000001,0.75,0.75
20.08.2021 00:27:03.722,7.789750000000001,7.7892,0.37,0.75
20.08.2021 00:27:36.772,7.78974,7.7892,0.75,0.75
20.08.2021 00:27:40.024,7.789750000000001,7.7892,0.75,0.75
20.08.2021 00:27:40.077,7.78977,7.7892,0.37,0.75
20.08.2021 00:27:40.231,7.78967,7.78917,0.75,0.75
20.08.2021 00:27:40.332,7.78959,7.78925,0.37,0.75
20.08.2021 00:28:03.174,7.789580000000001,7.78925,0.37,0.75
20.08.2021 00:28:11.121,7.78959,7.78925,0.37,0.75
20.08.2021 00:28:21.745,7.78957,7.78925,0.37,0.75
20.08.2021 00:28:35.771,7.789560000000001,7.78925,0.37,0.75
20.08.2021 00:29:05.468,7.789560000000001,7.789300000000001,0.37,0.75
20.08.2021 00:29:05.623,7.7896,7.789300000000001,0.75,0.75
20.08.2021 00:29:06.031,7.789610000000001,7.789300000000001,0.75,0.75
20.08.2021 00:29:56.900,7.78962,7.789300000000001,0.37,0.75
20.08.2021 00:29:57.878,7.789630000000001,7.789300000000001,0.75,0.75
20.08.2021 00:30:06.999,7.789580000000001,7.789300000000001,0.75,0.75
20.08.2021 00:31:05.898,7.78967,7.789300000000001,0.75,0.75
20.08.2021 00:31:07.169,7.789750000000001,7.789300000000001,0.37,0.75
20.08.2021 00:31:09.023,7.78974,7.789300000000001,0.37,0.75
20.08.2021 00:31:16.940,7.78977,7.789300000000001,1.12,0.75
20.08.2021 00:31:21.083,7.789760000000001,7.789300000000001,0.37,0.75
20.08.2021 00:31:31.865,7.789630000000001,7.789300000000001,0.37,0.75
20.08.2021 00:31:53.764,7.789580000000001,7.78925,0.75,0.75
20.08.2021 00:31:53.965,7.78947,7.7891200000000005,0.75,0.75
20.08.2021 00:31:54.015,7.789460000000001,7.789110000000001,0.85,0.37
20.08.2021 00:31:54.066,7.78945,7.7890500000000005,0.82,1.12
20.08.2021 00:31:54.116,7.78939,7.7890500000000005,0.37,0.75
20.08.2021 00:31:54.217,7.78938,7.7890500000000005,0.75,0.75
20.08.2021 00:32:01.028,7.78944,7.7891,0.85,0.75
20.08.2021 00:32:01.078,7.78947,7.7890500000000005,0.75,0.37
20.08.2021 00:32:01.179,7.7895,7.7890500000000005,0.75,0.37
20.08.2021 00:32:02.500,7.7895,7.789000000000001,0.82,0.37
20.08.2021 00:32:03.963,7.789510000000001,7.789000000000001,0.82,0.37
20.08.2021 00:32:07.444,7.78952,7.789000000000001,0.85,0.37
20.08.2021 00:32:08.245,7.78954,7.789000000000001,0.85,1.22
20.08.2021 00:32:08.296,7.78957,7.7892,1.22,0.75
20.08.2021 00:32:08.447,7.78957,7.7892,0.47,0.75
20.08.2021 00:32:13.609,7.789580000000001,7.7892,0.85,0.75
20.08.2021 00:32:21.702,7.78959,7.7891200000000005,0.85,0.37
20.08.2021 00:32:38.532,7.789580000000001,7.7892,0.47,0.75
20.08.2021 00:33:06.653,7.789560000000001,7.7891200000000005,0.47,0.37
20.08.2021 00:33:08.429,7.78959,7.7891200000000005,0.85,0.37
20.08.2021 00:33:08.545,7.78959,7.7892,0.85,0.75
20.08.2021 00:33:11.729,7.7896,7.7892,1.22,0.75
20.08.2021 00:34:02.313,7.789580000000001,7.7892,0.85,0.75
20.08.2021 00:34:07.846,7.789560000000001,7.7892,0.47,0.75
20.08.2021 00:34:13.696,7.789560000000001,7.7892,0.45,0.75
20.08.2021 00:34:31.431,7.7896,7.7892,0.85,0.75
20.08.2021 00:34:39.487,7.78959,7.7892,0.45,0.75
20.08.2021 00:34:39.588,7.789580000000001,7.7892,0.75,0.75
20.08.2021 00:34:45.883,7.78959,7.7892,0.45,0.75
20.08.2021 00:34:51.378,7.789580000000001,7.7892,0.82,0.75
20.08.2021 00:34:51.688,7.789610000000001,7.7892,0.85,0.75
20.08.2021 00:34:57.166,7.789580000000001,7.7892,0.82,0.75
20.08.2021 00:34:57.472,7.78959,7.7892,0.45,0.75
20.08.2021 00:35:02.850,7.789580000000001,7.7892,0.82,0.75
20.08.2021 00:35:03.160,7.789610000000001,7.7892,1.22,0.75
20.08.2021 00:35:08.585,7.78959,7.7892,0.47,0.75
20.08.2021 00:35:08.916,7.78959,7.7892,0.45,0.75
20.08.2021 00:35:11.060,7.789580000000001,7.7892,0.75,0.75
20.08.2021 00:37:09.998,7.7896399999999995,7.7892,0.37,0.75
20.08.2021 00:38:09.769,7.789660000000001,7.7892,0.75,0.75
20.08.2021 00:38:20.867,7.789660000000001,7.7892,0.85,0.75
20.08.2021 00:38:21.368,7.789660000000001,7.7892,0.85,0.75
20.08.2021 00:39:25.023,7.78959,7.7892,1.12,0.75
20.08.2021 00:39:47.474,7.78959,7.7892,0.47,0.75
20.08.2021 00:41:34.817,7.78959,7.7892,0.45,0.75
20.08.2021 00:42:50.688,7.789660000000001,7.7892,0.75,0.75
20.08.2021 00:44:58.698,7.789580000000001,7.7892,0.37,0.75
20.08.2021 00:45:22.747,7.789630000000001,7.7892,0.37,0.75
20.08.2021 00:45:48.225,7.789610000000001,7.7892,0.75,0.75
20.08.2021 00:45:48.329,7.789580000000001,7.7892,0.75,0.75
20.08.2021 00:48:46.369,7.78957,7.7892,0.37,0.75
20.08.2021 00:48:52.072,7.789580000000001,7.7892,0.75,0.75
20.08.2021 00:49:22.427,7.78962,7.7892,1.12,0.75
20.08.2021 00:49:32.184,7.7896,7.7892,0.37,0.75
20.08.2021 00:49:38.261,7.78959,7.7892,0.37,0.75
20.08.2021 00:49:39.263,7.789580000000001,7.7892,0.37,0.75
20.08.2021 00:49:40.266,7.78957,7.7892,0.37,0.75
20.08.2021 00:50:16.529,7.789560000000001,7.7892,0.37,0.75
20.08.2021 00:51:11.212,7.78962,7.7892,0.75,0.75
20.08.2021 00:52:51.160,7.789680000000001,7.7892,0.75,0.75
20.08.2021 00:53:21.692,7.789580000000001,7.7892,0.75,0.75
20.08.2021 00:53:27.422,7.789680000000001,7.7892,0.75,0.75
20.08.2021 00:54:06.695,7.789580000000001,7.7892,0.75,0.75
20.08.2021 00:54:11.923,7.789680000000001,7.7892,0.75,0.75
20.08.2021 00:54:51.687,7.789580000000001,7.7892,0.75,0.75
20.08.2021 00:54:57.286,7.7896,7.7892,0.37,0.75
20.08.2021 00:55:56.406,7.789680000000001,7.7892,0.75,0.75
20.08.2021 00:56:11.394,7.7896,7.7892,0.37,0.75
20.08.2021 00:56:40.113,7.78965,7.7892,0.37,0.75
20.08.2021 00:56:51.742,7.7896399999999995,7.78925,0.75,0.75
20.08.2021 00:56:51.956,7.78965,7.78925,1.12,0.75
20.08.2021 00:57:11.926,7.789680000000001,7.7891200000000005,0.37,0.85
20.08.2021 00:57:13.178,7.78967,7.7891200000000005,0.37,0.85
20.08.2021 00:57:14.180,7.789660000000001,7.7891200000000005,0.37,0.85
20.08.2021 00:57:15.294,7.7897300000000005,7.7891200000000005,0.75,0.85
20.08.2021 00:57:21.804,7.7897300000000005,7.78925,0.75,0.75
20.08.2021 00:57:30.025,7.7896399999999995,7.7892,0.75,0.82
20.08.2021 00:57:30.126,7.78954,7.7892,0.75,0.75
20.08.2021 00:57:36.913,7.78952,7.7892,0.75,0.75
20.08.2021 00:57:42.280,7.78952,7.7891,0.75,0.47
20.08.2021 00:57:52.260,7.789510000000001,7.7890500000000005,0.37,0.47
20.08.2021 00:58:00.113,7.789510000000001,7.7892,0.37,0.75
20.08.2021 00:58:00.609,7.789580000000001,7.7892,0.75,0.75
20.08.2021 00:58:00.710,7.789530000000001,7.7892,0.75,0.75
20.08.2021 00:58:05.708,7.789510000000001,7.7892,0.37,0.75
20.08.2021 00:58:08.295,7.78952,7.7892,0.37,0.75
20.08.2021 00:58:13.824,7.789480000000001,7.7892,0.75,0.75
20.08.2021 00:58:25.368,7.789530000000001,7.7892,0.75,0.75
20.08.2021 00:58:25.418,7.789480000000001,7.7892,0.75,0.75
20.08.2021 00:58:37.913,7.7895,7.78915,0.75,0.75
20.08.2021 00:58:38.014,7.789480000000001,7.78915,0.75,0.75
20.08.2021 00:58:49.694,7.78945,7.7891,0.75,0.75
20.08.2021 00:58:49.795,7.789460000000001,7.7891,0.75,0.75
20.08.2021 00:58:59.701,7.789530000000001,7.7891,0.75,0.75
20.08.2021 00:58:59.801,7.789560000000001,7.7892,0.37,0.75
20.08.2021 00:59:00.399,7.789580000000001,7.7892,0.75,0.75
20.08.2021 00:59:01.574,7.78954,7.78915,0.75,0.75
20.08.2021 00:59:01.675,7.789530000000001,7.78915,0.75,0.75
20.08.2021 00:59:02.183,7.78952,7.78915,0.75,0.75
20.08.2021 00:59:04.738,7.789530000000001,7.78915,2.25,0.75
20.08.2021 00:59:13.734,7.789530000000001,7.7892,0.75,0.75
20.08.2021 00:59:13.834,7.78955,7.7892,0.37,0.75
20.08.2021 00:59:14.442,7.78954,7.7892,0.75,0.75
20.08.2021 00:59:26.699,7.789530000000001,7.7892,0.75,0.75
20.08.2021 00:59:26.800,7.789530000000001,7.78907,0.75,0.47
20.08.2021 00:59:27.454,7.78952,7.78908,0.37,0.47
20.08.2021 00:59:39.111,7.78954,7.789060000000001,0.75,0.85
20.08.2021 00:59:41.482,7.789530000000001,7.789060000000001,0.37,1.22
20.08.2021 00:59:43.845,7.789480000000001,7.7891200000000005,0.75,0.82
20.08.2021 00:59:44.134,7.789480000000001,7.7892,0.75,0.75
20.08.2021 00:59:50.968,7.789530000000001,7.7892,0.75,0.75
20.08.2021 00:59:51.933,7.78952,7.7892,0.37,0.75
20.08.2021 00:59:53.001,7.7895,7.7892,0.37,0.75
20.08.2021 01:00:03.031,7.789480000000001,7.7892,0.75,0.75
20.08.2021 01:00:06.251,7.789460000000001,7.7892,0.37,0.75
20.08.2021 01:00:13.237,7.789480000000001,7.7892,0.75,0.75
20.08.2021 01:00:29.580,7.789460000000001,7.7892,0.37,0.75
20.08.2021 01:00:41.509,7.789480000000001,7.7892,0.75,0.75
20.08.2021 01:01:00.643,7.789460000000001,7.7892,0.37,0.75
20.08.2021 01:01:01.631,7.789480000000001,7.7892,0.75,0.75
20.08.2021 01:01:01.732,7.78957,7.7892399999999995,0.75,0.75
20.08.2021 01:01:01.883,7.789580000000001,7.7892399999999995,0.75,0.75
20.08.2021 01:01:03.507,7.789560000000001,7.7892,0.75,0.75
20.08.2021 01:01:03.558,7.78954,7.7892,0.75,0.75
20.08.2021 01:01:08.716,7.789530000000001,7.7892,0.37,0.75
20.08.2021 01:01:15.613,7.78952,7.7892,0.75,0.75
20.08.2021 01:01:15.764,7.78952,7.7891200000000005,1.12,0.47
20.08.2021 01:01:28.661,7.78952,7.78914,0.75,0.37
20.08.2021 01:01:30.664,7.789460000000001,7.78914,0.37,0.37
20.08.2021 01:01:32.706,7.789480000000001,7.78915,0.37,0.37
20.08.2021 01:01:33.729,7.789480000000001,7.789180000000001,0.37,0.37
20.08.2021 01:01:33.834,7.789480000000001,7.7892,0.37,0.75
20.08.2021 01:01:41.720,7.789480000000001,7.7892399999999995,0.37,0.75
20.08.2021 01:01:41.821,7.789580000000001,7.7892399999999995,0.75,0.75
20.08.2021 01:01:41.954,7.789610000000001,7.7892399999999995,0.37,0.75
20.08.2021 01:01:42.005,7.789580000000001,7.7892399999999995,0.75,0.75
20.08.2021 01:01:47.251,7.789630000000001,7.7892399999999995,0.75,0.75
20.08.2021 01:01:49.476,7.789560000000001,7.7892,0.75,0.85
20.08.2021 01:01:49.577,7.789530000000001,7.7892,0.37,0.75
20.08.2021 01:01:50.744,7.78952,7.7892,0.37,0.75
20.08.2021 01:01:53.749,7.789530000000001,7.7892,0.37,0.75
20.08.2021 01:02:12.721,7.789530000000001,7.789110000000001,0.37,1.22
20.08.2021 01:02:13.833,7.78952,7.7891200000000005,0.37,0.47
20.08.2021 01:02:14.823,7.789480000000001,7.789130000000001,0.37,0.47
20.08.2021 01:02:16.805,7.789480000000001,7.789180000000001,0.37,0.37
20.08.2021 01:02:19.528,7.789480000000001,7.7892,0.37,0.75
20.08.2021 01:02:21.284,7.789480000000001,7.7892399999999995,0.37,0.75
20.08.2021 01:02:21.334,7.789560000000001,7.7892399999999995,0.37,0.75
20.08.2021 01:02:22.661,7.78954,7.7892399999999995,0.37,0.75
20.08.2021 01:02:23.232,7.789580000000001,7.7892399999999995,0.37,0.75
20.08.2021 01:02:24.811,7.78959,7.7892399999999995,0.75,0.75
20.08.2021 01:02:25.385,7.7896,7.7892399999999995,0.75,0.75
20.08.2021 01:02:25.517,7.78962,7.7892399999999995,0.37,0.75
20.08.2021 01:02:25.812,7.789630000000001,7.7892399999999995,2.62,0.75
20.08.2021 01:02:27.149,7.78962,7.7892399999999995,0.75,0.75
20.08.2021 01:02:27.200,7.7896,7.7892399999999995,0.75,0.75
20.08.2021 01:02:28.135,7.789610000000001,7.7892399999999995,2.25,0.75
20.08.2021 01:02:28.236,7.78962,7.7892399999999995,1.12,0.75
20.08.2021 01:02:28.819,7.789630000000001,7.7892399999999995,2.62,0.75
20.08.2021 01:02:31.470,7.789630000000001,7.7895,0.37,0.75
20.08.2021 01:02:31.520,7.78972,7.7895,0.37,0.75
20.08.2021 01:02:31.621,7.7899,7.78955,0.37,0.75
20.08.2021 01:02:31.917,7.78995,7.78955,0.75,0.75
20.08.2021 01:02:40.074,7.789910000000001,7.78955,0.75,0.75
20.08.2021 01:02:47.179,7.78989,7.78955,0.37,0.75
20.08.2021 01:02:51.908,7.78989,7.789460000000001,0.37,0.85
20.08.2021 01:02:52.905,7.78989,7.789460000000001,0.37,0.85
20.08.2021 01:02:53.879,7.789880000000001,7.789460000000001,0.37,0.85
20.08.2021 01:02:54.053,7.7898700000000005,7.789510000000001,0.37,0.45
20.08.2021 01:02:55.874,7.789860000000001,7.789510000000001,0.37,0.45
20.08.2021 01:03:01.606,7.789860000000001,7.78955,0.37,0.75
20.08.2021 01:03:09.962,7.78992,7.78955,0.75,0.75
20.08.2021 01:04:38.751,7.789910000000001,7.78955,0.37,0.75
20.08.2021 01:05:18.165,7.78989,7.78955,0.37,0.75
20.08.2021 01:05:27.180,7.7898700000000005,7.78955,0.37,0.75
20.08.2021 01:05:29.186,7.789860000000001,7.78955,0.37,0.75
20.08.2021 01:06:00.771,7.789860000000001,7.78959,0.37,0.75
20.08.2021 01:06:00.981,7.789910000000001,7.78959,0.37,0.75
20.08.2021 01:06:03.267,7.7899,7.78959,0.37,0.75
20.08.2021 01:07:03.300,7.78995,7.78959,0.75,0.75
20.08.2021 01:07:37.714,7.790060000000001,7.78959,0.75,0.75
20.08.2021 01:07:37.764,7.789980000000001,7.78959,0.37,0.75
20.08.2021 01:07:38.726,7.7899899999999995,7.78959,0.37,0.75
20.08.2021 01:07:55.865,7.789910000000001,7.78955,0.75,0.75
20.08.2021 01:07:56.015,7.78992,7.789580000000001,0.75,0.75
20.08.2021 01:07:57.441,7.78992,7.7896,0.75,0.75
20.08.2021 01:08:01.605,7.789930000000001,7.7896,2.25,0.75
20.08.2021 01:08:22.103,7.789930000000001,7.78942,0.75,0.85
20.08.2021 01:08:24.777,7.789930000000001,7.78942,0.75,0.85
20.08.2021 01:08:27.904,7.78997,7.7896,0.37,0.75
20.08.2021 01:08:34.470,7.78997,7.789580000000001,0.37,0.75
20.08.2021 01:09:00.568,7.78992,7.789580000000001,0.75,0.75
20.08.2021 01:09:00.771,7.78992,7.78942,0.75,0.85
20.08.2021 01:09:04.709,7.78992,7.789580000000001,0.75,0.75
20.08.2021 01:09:09.020,7.789880000000001,7.789580000000001,0.37,0.75
20.08.2021 01:09:12.029,7.7898700000000005,7.789580000000001,0.37,0.75
20.08.2021 01:09:13.031,7.789860000000001,7.789580000000001,0.37,0.75
20.08.2021 01:09:15.180,7.78992,7.789580000000001,0.75,0.75
20.08.2021 01:09:15.708,7.789910000000001,7.789580000000001,0.75,0.75
20.08.2021 01:09:16.399,7.7899,7.78955,0.75,1.12
20.08.2021 01:09:17.122,7.789880000000001,7.78955,0.75,1.12
20.08.2021 01:10:10.677,7.789860000000001,7.78955,0.37,0.75
20.08.2021 01:10:16.821,7.789860000000001,7.789630000000001,0.37,0.75
20.08.2021 01:10:16.921,7.79007,7.789750000000001,0.37,0.75
20.08.2021 01:10:16.972,7.790080000000001,7.7898000000000005,1.87,0.75
20.08.2021 01:10:17.123,7.790150000000001,7.78982,0.37,0.75
20.08.2021 01:10:17.223,7.790150000000001,7.78984,0.37,0.75
20.08.2021 01:10:17.810,7.79022,7.78984,1.12,0.75
20.08.2021 01:10:18.992,7.79014,7.78984,0.75,0.75
20.08.2021 01:10:19.193,7.79014,7.789810000000001,0.75,0.75
20.08.2021 01:10:20.057,7.790150000000001,7.789810000000001,0.75,0.75
20.08.2021 01:10:22.555,7.79024,7.78984,0.37,0.75
20.08.2021 01:10:22.606,7.79024,7.789910000000001,0.37,0.75
20.08.2021 01:10:22.756,7.790280000000001,7.789910000000001,0.75,0.75
20.08.2021 01:10:27.216,7.79029,7.789910000000001,0.75,0.75
20.08.2021 01:10:30.025,7.79032,7.789960000000001,0.75,0.75
20.08.2021 01:10:30.076,7.79034,7.789960000000001,0.75,0.75
20.08.2021 01:10:30.366,7.79034,7.7899899999999995,0.75,0.75
20.08.2021 01:10:34.161,7.79032,7.7899899999999995,0.37,0.75
20.08.2021 01:10:35.806,7.7903,7.7899899999999995,0.37,0.75
20.08.2021 01:10:38.477,7.79032,7.7899899999999995,0.37,0.75
20.08.2021 01:10:41.817,7.790310000000001,7.7899899999999995,0.37,0.75
20.08.2021 01:10:43.822,7.7903,7.7899899999999995,0.37,0.75
20.08.2021 01:10:45.573,7.7903,7.78995,0.37,0.37
20.08.2021 01:10:45.624,7.7903,7.790039999999999,0.37,0.85
20.08.2021 01:10:45.674,7.790430000000001,7.790039999999999,0.37,0.85
20.08.2021 01:10:45.725,7.79049,7.79017,0.37,0.75
20.08.2021 01:10:45.826,7.79049,7.790160000000001,0.37,0.75
20.08.2021 01:10:46.779,7.790500000000001,7.790160000000001,0.37,0.75
20.08.2021 01:10:47.852,7.790510000000001,7.790160000000001,0.37,0.75
20.08.2021 01:10:48.843,7.79052,7.790160000000001,1.12,0.75
20.08.2021 01:11:07.856,7.79052,7.790100000000001,1.12,0.47
20.08.2021 01:11:07.906,7.79049,7.790100000000001,0.75,0.45
20.08.2021 01:11:10.782,7.790500000000001,7.790100000000001,0.75,0.45
20.08.2021 01:11:11.062,7.7905500000000005,7.790100000000001,0.37,0.45
20.08.2021 01:11:11.113,7.7905500000000005,7.79024,0.37,0.75
20.08.2021 01:11:11.163,7.790630000000001,7.79029,0.37,0.75
20.08.2021 01:11:11.214,7.79067,7.79034,1.5,0.75
20.08.2021 01:11:11.265,7.790780000000001,7.790360000000001,0.75,0.37
20.08.2021 01:11:11.316,7.790830000000001,7.790360000000001,0.37,0.37
20.08.2021 01:11:11.742,7.79069,7.79024,0.75,0.37
20.08.2021 01:11:11.843,7.7907,7.790260000000001,0.75,0.75
20.08.2021 01:11:11.944,7.79069,7.79025,0.75,0.75
20.08.2021 01:11:12.045,7.7907,7.790260000000001,0.75,0.75
20.08.2021 01:11:12.095,7.790810000000001,7.790260000000001,0.75,0.75
20.08.2021 01:11:12.146,7.790780000000001,7.7902000000000005,0.75,0.85
20.08.2021 01:11:12.197,7.79069,7.79024,0.75,0.37
20.08.2021 01:11:12.298,7.790680000000001,7.79024,2.25,0.37
20.08.2021 01:11:12.445,7.7907,7.790260000000001,0.75,0.75
20.08.2021 01:11:13.402,7.79067,7.790260000000001,0.75,0.75
20.08.2021 01:11:13.503,7.79058,7.790260000000001,0.75,0.75
20.08.2021 01:11:13.665,7.79058,7.790280000000001,0.75,0.37
20.08.2021 01:11:15.165,7.79058,7.7902700000000005,0.75,0.37
20.08.2021 01:11:28.608,7.790630000000001,7.7902700000000005,0.75,0.37
20.08.2021 01:11:28.709,7.790630000000001,7.790260000000001,0.75,0.37
20.08.2021 01:11:28.759,7.79058,7.790260000000001,0.75,0.37
20.08.2021 01:11:29.668,7.79058,7.79034,0.75,0.75
20.08.2021 01:11:29.771,7.79058,7.79029,0.75,0.75
20.08.2021 01:11:33.069,7.790760000000001,7.79034,0.75,1.2
20.08.2021 01:11:33.169,7.790780000000001,7.7903899999999995,0.75,0.75
20.08.2021 01:11:33.220,7.7910200000000005,7.7903899999999995,0.75,0.85
20.08.2021 01:11:33.320,7.790960000000001,7.79042,0.75,0.82
20.08.2021 01:11:33.371,7.79107,7.790450000000001,0.94,0.75
20.08.2021 01:11:33.421,7.7910200000000005,7.790450000000001,0.75,0.75
20.08.2021 01:11:33.677,7.79104,7.790439999999999,0.75,0.75
20.08.2021 01:11:33.727,7.791030000000001,7.790460000000001,0.75,0.75
20.08.2021 01:11:35.274,7.791010000000001,7.790439999999999,0.75,0.82
20.08.2021 01:11:35.375,7.790960000000001,7.79042,0.75,0.75
20.08.2021 01:11:35.665,7.790960000000001,7.790460000000001,0.75,0.37
20.08.2021 01:11:36.375,7.791060000000001,7.790500000000001,0.37,0.75
20.08.2021 01:11:36.426,7.791060000000001,7.7908,0.37,0.75
20.08.2021 01:11:36.577,7.791060000000001,7.7907399999999996,0.37,0.75
20.08.2021 01:11:36.728,7.79107,7.7907399999999996,0.25,0.75
20.08.2021 01:11:41.441,7.79105,7.7907,0.75,0.75
20.08.2021 01:11:45.305,7.791060000000001,7.7907,0.75,0.75
20.08.2021 01:11:45.355,7.791030000000001,7.7907,0.75,0.75
20.08.2021 01:11:45.725,7.791030000000001,7.79062,0.75,0.37
20.08.2021 01:11:45.826,7.79098,7.79062,0.75,0.37
20.08.2021 01:11:45.876,7.791010000000001,7.79062,0.75,0.37
20.08.2021 01:11:45.926,7.79098,7.79062,0.75,1.12
20.08.2021 01:11:47.101,7.79098,7.790610000000001,2.25,0.75
20.08.2021 01:11:50.450,7.79098,7.790560000000001,2.25,0.75
20.08.2021 01:11:50.500,7.79094,7.79053,0.75,0.37
20.08.2021 01:11:50.601,7.79092,7.79053,0.75,0.37
20.08.2021 01:11:50.896,7.7908800000000005,7.79053,0.75,0.37
20.08.2021 01:11:51.047,7.790960000000001,7.79053,0.75,0.37
20.08.2021 01:11:51.098,7.7908800000000005,7.79053,0.75,0.37
20.08.2021 01:11:51.148,7.790910000000001,7.79053,0.75,0.37
20.08.2021 01:11:51.199,7.7908800000000005,7.79053,0.75,0.37
20.08.2021 01:11:51.350,7.79087,7.79053,0.75,0.37
20.08.2021 01:11:51.400,7.79094,7.79053,0.75,0.37
20.08.2021 01:11:51.451,7.7908800000000005,7.79053,0.75,0.37
20.08.2021 01:11:51.501,7.790910000000001,7.79052,0.75,0.75
20.08.2021 01:11:51.552,7.7908800000000005,7.790380000000001,0.75,0.47
20.08.2021 01:11:51.602,7.790910000000001,7.79052,0.75,0.75
20.08.2021 01:11:51.653,7.79089,7.790380000000001,0.75,0.37
20.08.2021 01:11:51.703,7.79089,7.790510000000001,0.75,0.75
20.08.2021 01:11:51.754,7.7908800000000005,7.790380000000001,0.75,0.37
20.08.2021 01:11:51.812,7.790910000000001,7.790510000000001,0.75,0.75
20.08.2021 01:11:51.862,7.79089,7.790380000000001,0.75,0.37
20.08.2021 01:11:51.913,7.79089,7.790510000000001,0.75,0.75
20.08.2021 01:11:51.963,7.790910000000001,7.790510000000001,0.75,0.75
20.08.2021 01:11:52.014,7.7908800000000005,7.790380000000001,0.75,0.47
20.08.2021 01:11:52.114,7.7908800000000005,7.79025,0.75,0.85
20.08.2021 01:11:52.165,7.790910000000001,7.790310000000001,0.75,0.85
20.08.2021 01:11:52.266,7.790910000000001,7.790280000000001,0.75,0.85
20.08.2021 01:11:52.316,7.7908800000000005,7.790280000000001,0.75,0.85
20.08.2021 01:11:52.366,7.790910000000001,7.790510000000001,0.75,0.75
20.08.2021 01:11:52.417,7.7908800000000005,7.790280000000001,0.75,0.85
20.08.2021 01:11:52.467,7.79094,7.790500000000001,0.75,0.75
20.08.2021 01:11:52.518,7.7908800000000005,7.790280000000001,0.75,0.85
20.08.2021 01:11:52.568,7.79094,7.790510000000001,0.75,0.75
20.08.2021 01:11:52.618,7.7908800000000005,7.790280000000001,0.75,0.85
20.08.2021 01:11:52.669,7.79089,7.790330000000001,0.75,0.85
20.08.2021 01:11:52.771,7.790910000000001,7.7903899999999995,0.75,0.37
20.08.2021 01:11:52.822,7.7908800000000005,7.7903899999999995,0.75,0.37
20.08.2021 01:11:52.872,7.790910000000001,7.7903899999999995,0.75,0.37
20.08.2021 01:11:52.922,7.7908800000000005,7.7903899999999995,0.75,0.37
20.08.2021 01:11:53.073,7.7909500000000005,7.79052,0.75,0.75
20.08.2021 01:11:53.124,7.7908800000000005,7.7903899999999995,0.75,0.37
20.08.2021 01:11:53.174,7.7908800000000005,7.79052,0.75,0.75
20.08.2021 01:11:53.249,7.7909500000000005,7.79052,0.75,0.75
20.08.2021 01:11:53.350,7.7908800000000005,7.7903899999999995,0.75,0.37
20.08.2021 01:11:53.400,7.7909500000000005,7.79052,0.75,0.75
20.08.2021 01:11:53.451,7.790860000000001,7.790280000000001,0.75,0.85
20.08.2021 01:11:53.501,7.79094,7.790510000000001,0.75,0.75
20.08.2021 01:11:53.552,7.7908800000000005,7.790280000000001,0.75,0.85
20.08.2021 01:11:53.603,7.79092,7.790510000000001,0.75,0.75
20.08.2021 01:11:53.653,7.7908800000000005,7.790280000000001,0.75,0.85
20.08.2021 01:11:53.704,7.79094,7.790510000000001,0.75,0.75
20.08.2021 01:11:53.754,7.7908800000000005,7.790280000000001,0.75,0.85
20.08.2021 01:11:53.805,7.7909500000000005,7.790510000000001,0.75,0.75
20.08.2021 01:11:53.855,7.7908800000000005,7.790280000000001,0.75,0.85
20.08.2021 01:11:53.906,7.79094,7.790510000000001,0.75,0.75
20.08.2021 01:11:53.956,7.7908800000000005,7.790280000000001,0.75,0.85
20.08.2021 01:11:54.007,7.79094,7.790510000000001,0.75,0.75
20.08.2021 01:11:54.057,7.7908800000000005,7.79037,0.75,0.37
20.08.2021 01:11:54.108,7.7909500000000005,7.79052,0.75,0.75
20.08.2021 01:11:54.159,7.7908800000000005,7.79037,0.75,0.37
20.08.2021 01:11:54.209,7.7909500000000005,7.79052,0.75,0.75
20.08.2021 01:11:54.260,7.7908800000000005,7.79037,0.75,0.47
20.08.2021 01:11:54.310,7.7909500000000005,7.79052,0.75,0.75
20.08.2021 01:11:54.361,7.7908800000000005,7.79037,0.75,0.47
20.08.2021 01:11:54.461,7.79094,7.790510000000001,0.75,0.75
20.08.2021 01:11:54.512,7.79089,7.79037,0.75,0.47
20.08.2021 01:11:54.562,7.79092,7.79052,0.75,0.75
20.08.2021 01:11:54.613,7.7908800000000005,7.79025,0.75,0.85
20.08.2021 01:11:54.663,7.790900000000001,7.79052,0.75,0.75
20.08.2021 01:11:54.714,7.7908800000000005,7.790280000000001,0.75,0.85
20.08.2021 01:11:54.865,7.79092,7.7903,0.75,0.85
20.08.2021 01:11:54.915,7.7908800000000005,7.7902700000000005,0.75,0.85
20.08.2021 01:11:55.016,7.7908800000000005,7.79025,0.75,0.85
20.08.2021 01:11:55.117,7.7908800000000005,7.7902700000000005,2.25,0.85
20.08.2021 01:11:55.218,7.7908800000000005,7.790360000000001,0.75,0.37
20.08.2021 01:11:55.369,7.790910000000001,7.790360000000001,0.75,0.37
20.08.2021 01:11:55.419,7.7908800000000005,7.790360000000001,2.25,0.37
20.08.2021 01:11:55.571,7.790860000000001,7.790360000000001,0.75,0.37
20.08.2021 01:11:55.672,7.7908800000000005,7.79052,0.75,0.75
20.08.2021 01:11:55.780,7.7908800000000005,7.79049,0.75,0.75
20.08.2021 01:12:01.721,7.7908800000000005,7.79052,2.25,0.75
20.08.2021 01:12:01.926,7.7908800000000005,7.790500000000001,0.75,0.75
20.08.2021 01:12:02.117,7.7908800000000005,7.79053,2.25,0.75
20.08.2021 01:12:12.149,7.79093,7.790460000000001,0.37,0.37
20.08.2021 01:12:12.426,7.79093,7.790560000000001,0.75,0.75
20.08.2021 01:12:30.728,7.790910000000001,7.790460000000001,0.75,0.85
20.08.2021 01:12:30.833,7.790910000000001,7.790460000000001,0.75,0.47
20.08.2021 01:12:37.159,7.790910000000001,7.79047,0.37,0.45
20.08.2021 01:12:37.333,7.79093,7.79047,0.75,0.45
20.08.2021 01:12:38.560,7.79093,7.79049,0.75,0.37
20.08.2021 01:12:42.422,7.79093,7.790560000000001,0.75,0.75
20.08.2021 01:13:12.462,7.7910200000000005,7.790560000000001,0.75,0.75
20.08.2021 01:13:21.562,7.79097,7.79053,0.75,0.75
20.08.2021 01:13:25.204,7.79089,7.79053,0.37,0.75
20.08.2021 01:13:31.218,7.79097,7.79053,0.75,0.75
20.08.2021 01:14:23.066,7.79092,7.79053,0.75,0.75
20.08.2021 01:14:23.231,7.79093,7.79053,0.75,0.75
20.08.2021 01:14:23.335,7.7909500000000005,7.79053,0.75,0.75
20.08.2021 01:14:24.138,7.79093,7.79053,0.37,0.75
20.08.2021 01:14:30.118,7.79094,7.79053,0.75,0.75
20.08.2021 01:14:45.016,7.7909500000000005,7.79053,0.75,0.75
20.08.2021 01:14:47.777,7.7909500000000005,7.790510000000001,0.75,0.75
20.08.2021 01:15:15.289,7.7909500000000005,7.79054,0.75,0.75
20.08.2021 01:15:16.114,7.790960000000001,7.790560000000001,0.75,0.75
20.08.2021 01:15:16.375,7.79092,7.790560000000001,0.37,0.75
20.08.2021 01:15:17.378,7.79093,7.790560000000001,0.37,0.75
20.08.2021 01:15:18.850,7.79092,7.790560000000001,0.37,0.75
20.08.2021 01:15:19.604,7.790960000000001,7.790560000000001,0.75,0.75
20.08.2021 01:15:24.237,7.790910000000001,7.790560000000001,0.37,0.75
20.08.2021 01:15:35.868,7.790960000000001,7.790560000000001,0.75,0.75
20.08.2021 01:15:43.291,7.79098,7.790500000000001,0.37,0.37
20.08.2021 01:15:46.364,7.79098,7.790560000000001,0.37,0.75
20.08.2021 01:15:47.550,7.7908800000000005,7.790560000000001,0.75,0.75
20.08.2021 01:15:47.651,7.790960000000001,7.790560000000001,0.75,0.75
20.08.2021 01:15:58.804,7.7908800000000005,7.790560000000001,0.75,0.75
20.08.2021 01:15:58.905,7.79097,7.7906,0.75,0.75
20.08.2021 01:15:59.006,7.79098,7.7906,0.75,0.75
20.08.2021 01:16:04.292,7.791,7.79064,0.37,0.75
20.08.2021 01:16:04.393,7.791,7.790710000000001,0.37,0.75
20.08.2021 01:16:04.444,7.79107,7.790710000000001,0.25,0.75
20.08.2021 01:16:04.544,7.790960000000001,7.7907,0.75,0.75
20.08.2021 01:16:06.695,7.79094,7.790680000000001,0.75,0.75
20.08.2021 01:16:16.756,7.79107,7.79062,0.94,0.37
20.08.2021 01:16:18.110,7.79107,7.790630000000001,0.25,0.37
20.08.2021 01:16:35.949,7.79107,7.79059,0.25,0.37
20.08.2021 01:16:36.927,7.79094,7.790680000000001,0.75,0.75
20.08.2021 01:16:47.404,7.790960000000001,7.790680000000001,0.75,0.75
20.08.2021 01:17:32.031,7.79105,7.790610000000001,0.47,0.37
20.08.2021 01:17:32.206,7.79105,7.790610000000001,0.45,0.37
20.08.2021 01:17:33.482,7.79105,7.79062,0.45,0.37
20.08.2021 01:17:34.076,7.790960000000001,7.790680000000001,0.75,0.75
20.08.2021 01:17:35.033,7.79097,7.79069,0.75,0.75
20.08.2021 01:18:11.705,7.79098,7.79069,0.75,0.75
20.08.2021 01:18:16.660,7.79097,7.790680000000001,0.75,0.75
20.08.2021 01:18:16.773,7.79099,7.7907,0.75,0.75
20.08.2021 01:18:29.618,7.7910200000000005,7.79065,0.37,0.37
20.08.2021 01:18:30.166,7.7910200000000005,7.79064,0.37,0.37
20.08.2021 01:18:45.840,7.790960000000001,7.7907,0.75,0.75
20.08.2021 01:19:01.197,7.7910200000000005,7.79065,0.37,0.37
20.08.2021 01:19:01.260,7.7909500000000005,7.7907,0.75,0.75
20.08.2021 01:19:13.002,7.790960000000001,7.790710000000001,0.75,0.75
20.08.2021 01:19:15.829,7.79094,7.79069,0.75,0.75
20.08.2021 01:19:16.030,7.7909500000000005,7.7907,0.75,0.75
20.08.2021 01:19:38.130,7.790960000000001,7.7907,0.75,0.75
20.08.2021 01:20:04.015,7.791060000000001,7.79064,0.45,0.37
20.08.2021 01:20:04.169,7.790960000000001,7.7907,0.75,0.75
20.08.2021 01:20:14.818,7.79097,7.790710000000001,0.75,0.75
20.08.2021 01:20:15.452,7.79098,7.79072,0.75,0.75
20.08.2021 01:20:16.065,7.790960000000001,7.7907,0.75,0.75
20.08.2021 01:20:37.381,7.790960000000001,7.790680000000001,0.75,0.75
20.08.2021 01:20:38.655,7.79097,7.790710000000001,0.75,0.75
20.08.2021 01:20:45.415,7.79092,7.790660000000001,0.75,0.75
20.08.2021 01:20:45.465,7.79107,7.790630000000001,1.22,0.37
20.08.2021 01:20:45.542,7.79107,7.790630000000001,1.22,0.37
20.08.2021 01:20:45.975,7.791060000000001,7.790630000000001,0.85,0.37
20.08.2021 01:20:46.865,7.791060000000001,7.7905500000000005,0.85,0.37
20.08.2021 01:20:51.689,7.791060000000001,7.79057,0.47,0.75
20.08.2021 01:20:51.846,7.791060000000001,7.79057,0.47,0.75
20.08.2021 01:20:52.453,7.791030000000001,7.79057,0.37,0.75
20.08.2021 01:20:53.458,7.79104,7.79057,0.45,0.75
20.08.2021 01:21:06.738,7.791060000000001,7.790560000000001,0.47,0.75
20.08.2021 01:21:07.115,7.7908800000000005,7.79062,0.75,0.75
20.08.2021 01:21:07.266,7.79092,7.790660000000001,0.75,0.75
20.08.2021 01:21:10.705,7.790910000000001,7.79065,0.75,0.75
20.08.2021 01:21:10.856,7.79089,7.790630000000001,0.75,0.75
20.08.2021 01:21:11.331,7.7908800000000005,7.79062,0.75,0.75
20.08.2021 01:21:12.281,7.79087,7.790610000000001,0.75,0.75
20.08.2021 01:21:17.801,7.790900000000001,7.790610000000001,0.75,0.75
20.08.2021 01:21:35.605,7.7909500000000005,7.79062,0.37,0.75
20.08.2021 01:21:36.664,7.790960000000001,7.79062,0.37,0.75
20.08.2021 01:21:36.975,7.790960000000001,7.79064,0.37,0.75
20.08.2021 01:21:37.679,7.7909500000000005,7.79064,0.37,0.75
20.08.2021 01:21:47.009,7.790960000000001,7.79064,0.37,0.75
20.08.2021 01:21:47.160,7.790960000000001,7.79062,0.37,0.75
20.08.2021 01:21:47.436,7.79097,7.79062,1.12,0.75
20.08.2021 01:21:48.169,7.7909500000000005,7.79062,0.37,0.75
20.08.2021 01:22:08.305,7.7909500000000005,7.790610000000001,0.37,0.75
20.08.2021 01:22:08.406,7.790960000000001,7.790610000000001,1.12,0.75
20.08.2021 01:22:09.394,7.7909500000000005,7.790610000000001,0.37,0.75
20.08.2021 01:22:10.402,7.79094,7.790610000000001,0.37,0.75
20.08.2021 01:22:13.471,7.790960000000001,7.790610000000001,1.12,0.75
20.08.2021 01:22:13.630,7.790960000000001,7.79062,0.37,0.75
20.08.2021 01:22:14.575,7.7909500000000005,7.79062,0.37,0.75
20.08.2021 01:22:15.566,7.790960000000001,7.79062,0.37,0.75
20.08.2021 01:22:17.549,7.7909500000000005,7.79062,0.37,0.75
20.08.2021 01:22:19.555,7.790960000000001,7.79062,0.37,0.75
20.08.2021 01:22:20.560,7.7909500000000005,7.79062,0.37,0.75
20.08.2021 01:22:22.570,7.790960000000001,7.79062,0.37,0.75
20.08.2021 01:22:24.576,7.7909500000000005,7.79062,0.37,0.75
20.08.2021 01:22:25.393,7.790960000000001,7.79062,0.37,0.75
20.08.2021 01:22:26.894,7.7909500000000005,7.79062,0.37,0.75
20.08.2021 01:22:27.900,7.790960000000001,7.79062,0.37,0.75
20.08.2021 01:22:29.909,7.7909500000000005,7.79062,0.37,0.75
20.08.2021 01:22:30.915,7.790960000000001,7.79062,0.37,0.75
20.08.2021 01:22:33.918,7.7909500000000005,7.79062,0.37,0.75
20.08.2021 01:22:34.921,7.790960000000001,7.79062,0.37,0.75
20.08.2021 01:22:35.381,7.79097,7.79062,0.75,0.75
20.08.2021 01:23:19.065,7.79093,7.79059,0.75,0.75
20.08.2021 01:23:19.266,7.791030000000001,7.79069,2.35,0.75
20.08.2021 01:23:19.430,7.791010000000001,7.79067,0.75,0.75
20.08.2021 01:23:49.978,7.790960000000001,7.79067,0.75,0.75
20.08.2021 01:24:06.511,7.79097,7.79067,0.75,0.75
20.08.2021 01:24:50.122,7.79099,7.79067,0.75,0.75
20.08.2021 01:24:52.698,7.79094,7.790630000000001,0.75,1.12
20.08.2021 01:24:52.832,7.79098,7.79067,0.75,0.75
20.08.2021 01:26:51.560,7.790900000000001,7.79058,0.75,0.75
20.08.2021 01:26:51.661,7.790900000000001,7.79059,0.75,0.37
20.08.2021 01:26:51.761,7.790960000000001,7.79064,0.75,0.75
20.08.2021 01:26:51.812,7.79094,7.79062,0.75,0.75
20.08.2021 01:26:52.114,7.7909500000000005,7.790630000000001,0.75,0.75
20.08.2021 01:26:56.823,7.79104,7.790660000000001,1.22,0.75
20.08.2021 01:26:56.974,7.7910200000000005,7.790710000000001,0.47,0.75
20.08.2021 01:26:57.126,7.7910200000000005,7.790710000000001,0.47,0.75
20.08.2021 01:27:12.432,7.79107,7.79064,0.47,0.37
20.08.2021 01:27:16.495,7.79097,7.7907,0.75,0.75
20.08.2021 01:27:30.253,7.79098,7.79067,0.75,0.37
20.08.2021 01:27:30.354,7.79098,7.790660000000001,0.75,0.37
20.08.2021 01:27:31.768,7.79098,7.79064,0.75,0.37
20.08.2021 01:27:47.674,7.79097,7.7907,0.75,0.75
20.08.2021 01:27:50.426,7.79092,7.79065,0.75,0.75
20.08.2021 01:27:50.580,7.790900000000001,7.790630000000001,0.75,1.12
20.08.2021 01:27:51.027,7.79089,7.790630000000001,0.75,0.37
20.08.2021 01:27:51.885,7.79089,7.79062,0.75,0.75
20.08.2021 01:27:54.960,7.790900000000001,7.790630000000001,0.75,0.75
20.08.2021 01:28:15.846,7.791060000000001,7.79059,0.47,0.37
20.08.2021 01:28:18.372,7.79107,7.79059,0.47,0.37
20.08.2021 01:28:21.026,7.79089,7.790630000000001,0.75,0.75
20.08.2021 01:28:27.284,7.79087,7.790610000000001,0.75,0.75
20.08.2021 01:28:27.438,7.7908800000000005,7.79062,0.75,0.75
20.08.2021 01:28:37.929,7.791030000000001,7.790610000000001,0.85,0.37
20.08.2021 01:28:37.979,7.791030000000001,7.79064,0.85,0.37
20.08.2021 01:28:38.130,7.79089,7.79064,0.75,0.37
20.08.2021 01:28:38.232,7.790900000000001,7.79064,0.75,1.12
20.08.2021 01:28:39.441,7.790900000000001,7.79065,0.75,0.37
20.08.2021 01:28:43.178,7.79089,7.79065,0.75,0.37
20.08.2021 01:28:45.915,7.79089,7.79064,0.75,0.37
20.08.2021 01:28:46.016,7.7908800000000005,7.79064,0.75,0.37
20.08.2021 01:28:46.117,7.790860000000001,7.79064,0.75,0.37
20.08.2021 01:28:47.418,7.790860000000001,7.790610000000001,0.75,0.37
20.08.2021 01:28:56.554,7.790860000000001,7.79062,0.75,0.75
20.08.2021 01:28:56.655,7.79084,7.79062,0.75,0.75
20.08.2021 01:28:56.799,7.790830000000001,7.790610000000001,0.75,0.37
20.08.2021 01:28:56.904,7.790850000000001,7.79057,2.32,0.37
20.08.2021 01:28:56.955,7.79077,7.79057,2.32,0.37
20.08.2021 01:28:57.056,7.7907399999999996,7.79057,0.75,0.37
20.08.2021 01:28:57.156,7.790730000000001,7.790210000000001,0.85,0.75
20.08.2021 01:28:57.358,7.790730000000001,7.79022,0.85,0.75
20.08.2021 01:28:58.642,7.790730000000001,7.79029,0.85,0.37
20.08.2021 01:29:00.590,7.790500000000001,7.79029,0.75,0.37
20.08.2021 01:29:00.691,7.79053,7.79029,0.75,0.37
20.08.2021 01:29:00.751,7.790500000000001,7.79029,0.75,0.37
20.08.2021 01:29:00.801,7.79067,7.79029,0.85,0.37
20.08.2021 01:29:00.852,7.790500000000001,7.79029,0.75,0.37
20.08.2021 01:29:01.094,7.790560000000001,7.79029,0.75,0.37
20.08.2021 01:29:01.345,7.79054,7.79029,0.75,0.37
20.08.2021 01:29:01.396,7.790680000000001,7.79029,2.35,0.37
20.08.2021 01:29:01.446,7.79054,7.79029,0.75,0.37
20.08.2021 01:29:01.497,7.79059,7.79029,0.75,0.37
20.08.2021 01:29:01.547,7.79054,7.79029,0.75,0.37
20.08.2021 01:29:02.081,7.79054,7.79024,0.75,0.37
20.08.2021 01:29:04.750,7.79054,7.790230000000001,0.75,1.12
20.08.2021 01:29:04.800,7.790439999999999,7.790230000000001,0.75,0.37
20.08.2021 01:29:04.951,7.790560000000001,7.790230000000001,2.32,0.37
20.08.2021 01:29:05.002,7.790439999999999,7.790230000000001,0.75,0.37
20.08.2021 01:29:05.203,7.790510000000001,7.790230000000001,2.32,0.37
20.08.2021 01:29:05.488,7.790380000000001,7.79007,0.75,0.75
20.08.2021 01:29:05.539,7.790330000000001,7.790039999999999,0.75,0.37
20.08.2021 01:29:05.589,7.790330000000001,7.79002,0.75,0.75
20.08.2021 01:29:05.694,7.790380000000001,7.79007,0.75,0.75
20.08.2021 01:29:06.137,7.790330000000001,7.79002,0.75,1.12
20.08.2021 01:29:06.238,7.790310000000001,7.79002,0.75,0.37
20.08.2021 01:29:06.355,7.79029,7.79002,0.75,0.37
20.08.2021 01:29:06.405,7.790450000000001,7.7898700000000005,0.85,1.12
20.08.2021 01:29:06.456,7.790450000000001,7.78989,0.85,0.75
20.08.2021 01:29:06.607,7.790330000000001,7.79002,0.75,0.75
20.08.2021 01:29:06.708,7.79032,7.7900100000000005,0.75,0.75
20.08.2021 01:29:10.193,7.790310000000001,7.79,0.75,0.75
20.08.2021 01:29:10.542,7.790260000000001,7.789980000000001,0.75,0.37
20.08.2021 01:29:10.592,7.790260000000001,7.78995,0.75,0.75
20.08.2021 01:29:10.693,7.790280000000001,7.78997,0.75,0.75
20.08.2021 01:29:16.178,7.79025,7.78994,0.75,0.75
20.08.2021 01:29:16.228,7.790380000000001,7.789930000000001,2.35,0.37
20.08.2021 01:29:16.279,7.79025,7.78994,0.75,0.75
20.08.2021 01:29:16.379,7.790380000000001,7.789930000000001,2.35,0.37
20.08.2021 01:29:16.530,7.790380000000001,7.789930000000001,2.35,0.37
20.08.2021 01:29:16.778,7.790360000000001,7.78977,0.85,0.75
20.08.2021 01:29:16.828,7.790360000000001,7.78979,0.85,0.75
20.08.2021 01:29:16.929,7.790360000000001,7.78979,0.85,0.75
20.08.2021 01:29:17.228,7.790360000000001,7.789760000000001,0.85,0.37
20.08.2021 01:29:17.900,7.790360000000001,7.78974,0.85,0.75
20.08.2021 01:29:20.762,7.790360000000001,7.78974,0.85,0.75
20.08.2021 01:29:20.863,7.790360000000001,7.78972,0.85,2.25
20.08.2021 01:29:22.743,7.790360000000001,7.78972,0.85,0.37
20.08.2021 01:29:23.095,7.790360000000001,7.789710000000001,0.85,2.25
20.08.2021 01:29:25.586,7.79014,7.78982,0.75,0.75
20.08.2021 01:29:26.398,7.79013,7.789810000000001,0.75,0.75
20.08.2021 01:29:31.847,7.79013,7.78982,0.75,0.37
20.08.2021 01:29:33.307,7.79013,7.789810000000001,0.75,1.12
20.08.2021 01:29:35.582,7.790080000000001,7.789760000000001,0.75,0.75
20.08.2021 01:29:35.683,7.7900100000000005,7.78969,0.75,0.75
20.08.2021 01:29:35.784,7.790050000000001,7.7897300000000005,0.75,0.75
20.08.2021 01:29:35.885,7.790039999999999,7.78972,0.75,0.75
20.08.2021 01:29:35.993,7.79009,7.78977,0.75,1.12
20.08.2021 01:29:36.115,7.790100000000001,7.78978,0.75,0.75
20.08.2021 01:29:36.429,7.79009,7.78977,0.75,1.12
20.08.2021 01:29:40.570,7.789980000000001,7.789710000000001,0.75,0.37
20.08.2021 01:29:40.717,7.78995,7.789710000000001,0.75,0.37
20.08.2021 01:29:42.040,7.78995,7.789610000000001,0.75,0.75
20.08.2021 01:29:51.464,7.790210000000001,7.78984,0.85,0.75
20.08.2021 01:29:51.515,7.790210000000001,7.78984,0.75,0.75
20.08.2021 01:29:51.566,7.79013,7.78979,0.75,0.75
20.08.2021 01:29:51.667,7.7902000000000005,7.789860000000001,0.75,0.75
20.08.2021 01:29:51.960,7.79022,7.789880000000001,0.75,0.75
20.08.2021 01:29:53.002,7.79012,7.7898700000000005,0.75,0.75
20.08.2021 01:29:53.103,7.790100000000001,7.789860000000001,0.75,0.75
20.08.2021 01:29:53.277,7.79009,7.789860000000001,0.75,0.75
20.08.2021 01:29:53.328,7.790060000000001,7.789810000000001,0.75,0.75
20.08.2021 01:29:53.379,7.79009,7.78984,0.75,0.75
20.08.2021 01:29:53.803,7.79007,7.78982,0.75,0.75
20.08.2021 01:29:53.912,7.790060000000001,7.789810000000001,0.75,0.75
20.08.2021 01:29:54.062,7.79007,7.78982,0.75,0.75
20.08.2021 01:29:55.370,7.790080000000001,7.78983,0.75,0.75
20.08.2021 01:29:56.389,7.790039999999999,7.78978,0.75,0.75
20.08.2021 01:29:56.489,7.790260000000001,7.7897300000000005,0.75,0.25
20.08.2021 01:29:56.540,7.79002,7.78977,0.75,0.75
20.08.2021 01:29:56.591,7.790260000000001,7.7897300000000005,0.75,0.25
20.08.2021 01:29:56.641,7.79,7.789750000000001,0.75,0.75
20.08.2021 01:29:56.742,7.790060000000001,7.789810000000001,0.75,0.75
20.08.2021 01:29:56.843,7.79,7.789750000000001,0.75,0.75
20.08.2021 01:29:56.894,7.790260000000001,7.7897300000000005,0.75,0.25
20.08.2021 01:29:56.944,7.790050000000001,7.7898000000000005,0.75,0.75
20.08.2021 01:29:57.045,7.790039999999999,7.78979,0.75,0.75
20.08.2021 01:29:57.146,7.79,7.789750000000001,0.75,0.75
20.08.2021 01:29:57.197,7.790260000000001,7.7897300000000005,0.75,0.25
20.08.2021 01:29:57.247,7.790050000000001,7.7898000000000005,0.75,0.75
20.08.2021 01:29:57.649,7.7900100000000005,7.789760000000001,0.75,0.75
20.08.2021 01:29:57.699,7.790280000000001,7.7897300000000005,2.25,0.25
20.08.2021 01:29:57.750,7.790060000000001,7.789810000000001,0.75,0.75
20.08.2021 01:29:58.539,7.79007,7.78982,0.75,0.75
20.08.2021 01:30:05.635,7.790080000000001,7.78983,0.75,0.75
20.08.2021 01:30:08.783,7.79009,7.78984,0.75,0.75
20.08.2021 01:30:08.934,7.790080000000001,7.78983,0.75,0.75
20.08.2021 01:30:09.085,7.79012,7.7898700000000005,0.75,0.75
20.08.2021 01:30:32.800,7.790260000000001,7.78977,1.12,0.37
20.08.2021 01:30:32.850,7.790160000000001,7.789910000000001,0.75,0.75
20.08.2021 01:30:38.810,7.790150000000001,7.7899,0.75,0.75
20.08.2021 01:30:47.335,7.790150000000001,7.789880000000001,0.75,0.75
20.08.2021 01:30:51.064,7.790150000000001,7.7899,0.75,0.75
20.08.2021 01:30:52.551,7.79012,7.7898700000000005,0.75,0.75
20.08.2021 01:31:00.133,7.79022,7.789960000000001,0.37,0.75
20.08.2021 01:31:00.234,7.790230000000001,7.789960000000001,1.5,0.75
20.08.2021 01:31:00.717,7.79022,7.78997,0.75,0.75
20.08.2021 01:31:30.307,7.790280000000001,7.790030000000001,0.75,0.75
20.08.2021 01:31:30.408,7.79032,7.79007,0.75,0.75
20.08.2021 01:31:30.509,7.790380000000001,7.79013,0.75,0.75
20.08.2021 01:31:46.523,7.790500000000001,7.79007,0.37,0.37
20.08.2021 01:31:47.382,7.79049,7.790080000000001,0.37,0.37
20.08.2021 01:31:47.664,7.790510000000001,7.7899899999999995,0.37,0.85
20.08.2021 01:31:50.304,7.79032,7.79007,0.75,0.75
20.08.2021 01:31:50.405,7.790380000000001,7.79013,0.75,0.75
20.08.2021 01:31:56.245,7.79047,7.79022,0.75,0.75
20.08.2021 01:32:24.490,7.7905500000000005,7.790150000000001,0.37,0.82
20.08.2021 01:32:27.338,7.79047,7.79022,0.75,0.75
20.08.2021 01:32:57.336,7.7904800000000005,7.79024,0.75,0.75
20.08.2021 01:33:07.335,7.79047,7.79022,0.75,0.75
20.08.2021 01:33:57.438,7.79052,7.7902700000000005,0.75,0.75
20.08.2021 01:33:57.589,7.790660000000001,7.79017,0.37,0.37
20.08.2021 01:33:57.640,7.79052,7.7902700000000005,0.75,0.75
20.08.2021 01:33:57.741,7.790760000000001,7.790160000000001,0.45,0.47
20.08.2021 01:33:57.892,7.790760000000001,7.79018,0.37,0.85
20.08.2021 01:33:57.993,7.790789999999999,7.790160000000001,0.82,1.22
20.08.2021 01:33:58.093,7.79087,7.79032,0.47,0.37
20.08.2021 01:33:58.144,7.79087,7.79032,0.37,0.37
20.08.2021 01:33:58.294,7.79087,7.7903899999999995,0.37,0.37
20.08.2021 01:33:59.230,7.79094,7.7903899999999995,0.82,0.37
20.08.2021 01:33:59.783,7.79094,7.790360000000001,0.82,0.45
20.08.2021 01:34:02.030,7.79094,7.790360000000001,0.82,0.47
20.08.2021 01:34:02.585,7.7909500000000005,7.790360000000001,0.85,0.47
20.08.2021 01:34:03.044,7.79093,7.790360000000001,0.75,0.47
20.08.2021 01:34:03.145,7.79094,7.790360000000001,0.82,0.47
20.08.2021 01:34:03.246,7.79093,7.790360000000001,0.82,0.47
20.08.2021 01:34:07.430,7.79093,7.790330000000001,0.85,0.47
20.08.2021 01:34:07.790,7.79067,7.79042,0.75,0.75
20.08.2021 01:34:12.725,7.79072,7.79047,0.75,0.75
20.08.2021 01:34:12.865,7.79067,7.79042,0.75,0.75
20.08.2021 01:34:21.285,7.79084,7.7903,0.45,0.47
20.08.2021 01:34:21.394,7.79084,7.7903,0.37,0.47
20.08.2021 01:34:21.688,7.790860000000001,7.7903,0.47,1.22
20.08.2021 01:34:22.396,7.79087,7.79034,1.2,0.37
20.08.2021 01:34:22.497,7.79077,7.79052,0.75,0.75
20.08.2021 01:34:36.169,7.790850000000001,7.790439999999999,0.37,0.37
20.08.2021 01:34:36.372,7.79077,7.79042,0.37,0.75
20.08.2021 01:34:36.475,7.79077,7.7903899999999995,0.37,0.85
20.08.2021 01:34:36.579,7.79077,7.7903899999999995,0.37,0.85
20.08.2021 01:34:36.771,7.790780000000001,7.7903899999999995,0.37,0.85
20.08.2021 01:34:38.271,7.790789999999999,7.790410000000001,0.37,0.82
20.08.2021 01:34:39.772,7.7908,7.790410000000001,0.37,0.82
20.08.2021 01:34:42.033,7.7908,7.790430000000001,0.37,0.75
20.08.2021 01:34:42.295,7.7908,7.790450000000001,0.37,0.75
20.08.2021 01:34:42.711,7.790830000000001,7.790450000000001,0.37,0.75
20.08.2021 01:34:45.473,7.790830000000001,7.790500000000001,0.75,0.37
20.08.2021 01:34:53.014,7.79077,7.79052,0.75,0.75
20.08.2021 01:34:53.760,7.79077,7.7905500000000005,0.75,0.37
20.08.2021 01:34:53.860,7.79077,7.79052,0.75,0.75
20.08.2021 01:35:58.963,7.790789999999999,7.79053,0.75,0.75
20.08.2021 01:36:10.215,7.790850000000001,7.79053,0.75,0.75
20.08.2021 01:36:10.316,7.79084,7.79053,1.12,0.75
20.08.2021 01:36:10.677,7.790830000000001,7.79053,0.75,0.75
20.08.2021 01:36:12.312,7.7908,7.79053,0.37,0.75
20.08.2021 01:36:28.947,7.790789999999999,7.79053,0.37,0.75
20.08.2021 01:37:32.694,7.790830000000001,7.79053,0.75,0.75
20.08.2021 01:38:17.468,7.790850000000001,7.79053,0.75,0.75
20.08.2021 01:38:17.568,7.790810000000001,7.79053,0.37,1.12
20.08.2021 01:38:20.191,7.7908,7.79053,0.37,1.12
20.08.2021 01:38:50.314,7.790850000000001,7.79053,0.75,0.75
20.08.2021 01:38:51.601,7.7908,7.79053,0.37,2.62
20.08.2021 01:38:52.613,7.790810000000001,7.79054,0.37,0.37
20.08.2021 01:38:53.647,7.790860000000001,7.79053,1.12,0.75
20.08.2021 01:38:54.846,7.790850000000001,7.79053,0.37,0.75
20.08.2021 01:39:16.858,7.79084,7.7905500000000005,0.37,0.37
20.08.2021 01:39:17.866,7.79084,7.790560000000001,0.37,0.37
20.08.2021 01:39:23.759,7.79082,7.79053,0.37,1.12
20.08.2021 01:39:23.810,7.790850000000001,7.79053,0.37,0.75
20.08.2021 01:39:26.200,7.790860000000001,7.79058,0.75,0.75
20.08.2021 01:39:26.250,7.79084,7.79053,0.75,0.75
20.08.2021 01:39:26.731,7.790860000000001,7.79058,0.37,0.75
20.08.2021 01:39:27.135,7.79093,7.790630000000001,0.37,0.75
20.08.2021 01:39:27.186,7.79093,7.7905500000000005,0.37,0.75
20.08.2021 01:39:27.236,7.79089,7.79058,0.75,0.75
20.08.2021 01:39:35.324,7.79089,7.79059,0.75,0.37
20.08.2021 01:39:36.328,7.79089,7.79058,0.75,1.12
20.08.2021 01:39:39.520,7.79089,7.79059,0.75,0.37
20.08.2021 01:39:40.066,7.790900000000001,7.79059,0.37,0.37
20.08.2021 01:39:40.525,7.790900000000001,7.7906,0.37,0.37
20.08.2021 01:39:41.528,7.790900000000001,7.790610000000001,0.37,0.37
20.08.2021 01:39:42.529,7.790900000000001,7.79062,0.37,0.37
20.08.2021 01:39:43.534,7.790900000000001,7.79065,0.37,0.37
20.08.2021 01:39:46.545,7.790900000000001,7.790660000000001,0.37,0.37
20.08.2021 01:39:50.663,7.790900000000001,7.79053,0.37,0.75
20.08.2021 01:39:50.763,7.79092,7.79054,0.37,0.75
20.08.2021 01:39:52.763,7.79092,7.790560000000001,0.37,0.37
20.08.2021 01:39:57.562,7.79089,7.79058,0.75,0.75
20.08.2021 01:40:22.474,7.79089,7.79059,0.75,0.75
20.08.2021 01:40:22.620,7.79093,7.79059,0.37,0.75
20.08.2021 01:40:22.879,7.79093,7.79057,0.37,0.75
20.08.2021 01:40:23.379,7.79093,7.79059,0.75,0.75
20.08.2021 01:40:23.486,7.79093,7.790630000000001,0.37,0.37
20.08.2021 01:40:24.090,7.79094,7.790630000000001,0.75,0.37
20.08.2021 01:40:24.468,7.79093,7.790610000000001,0.37,0.37
20.08.2021 01:40:27.277,7.79084,7.79057,0.75,0.37
20.08.2021 01:40:27.378,7.79084,7.79053,0.75,0.75
20.08.2021 01:40:27.531,7.79089,7.79058,0.75,0.75
20.08.2021 01:40:27.632,7.79084,7.79053,1.12,0.75
20.08.2021 01:40:44.706,7.790850000000001,7.79054,0.37,0.75
20.08.2021 01:40:44.756,7.79087,7.79054,0.37,0.75
20.08.2021 01:40:45.863,7.790860000000001,7.79054,0.37,0.75
20.08.2021 01:40:47.865,7.79087,7.79054,0.75,0.75
20.08.2021 01:41:31.996,7.79082,7.79054,0.37,0.75
20.08.2021 01:42:04.203,7.790860000000001,7.79054,0.37,0.75
20.08.2021 01:42:04.313,7.79087,7.79054,0.75,0.75
20.08.2021 01:42:04.473,7.7908800000000005,7.790560000000001,0.75,0.75
20.08.2021 01:42:06.730,7.79087,7.790560000000001,0.37,0.75
20.08.2021 01:42:12.640,7.7908800000000005,7.790560000000001,0.75,0.75
20.08.2021 01:42:15.041,7.79089,7.79054,0.75,0.75
20.08.2021 01:42:15.292,7.7908800000000005,7.79053,0.75,1.12
20.08.2021 01:42:17.307,7.79087,7.79053,0.37,0.75
20.08.2021 01:42:18.310,7.790860000000001,7.79053,0.37,0.75
20.08.2021 01:42:24.487,7.790860000000001,7.790560000000001,0.37,0.75
20.08.2021 01:42:40.715,7.790860000000001,7.79059,0.37,0.75
20.08.2021 01:42:40.866,7.79093,7.79059,0.75,0.75
20.08.2021 01:42:41.776,7.790910000000001,7.79059,0.37,0.75
20.08.2021 01:42:54.474,7.7908800000000005,7.79059,0.75,0.75
20.08.2021 01:43:03.455,7.790860000000001,7.79059,0.75,0.75
20.08.2021 01:43:03.506,7.790860000000001,7.79053,0.75,0.75
20.08.2021 01:43:04.658,7.79082,7.79053,0.37,0.75
20.08.2021 01:43:06.662,7.79082,7.79058,0.37,0.37
20.08.2021 01:43:09.598,7.790860000000001,7.7905500000000005,1.12,0.37
20.08.2021 01:43:10.702,7.790850000000001,7.7905500000000005,0.37,0.37
20.08.2021 01:43:10.767,7.790850000000001,7.79059,0.37,0.75
20.08.2021 01:43:26.874,7.790850000000001,7.79054,0.75,0.75
20.08.2021 01:43:26.925,7.790830000000001,7.79054,0.75,0.75
20.08.2021 01:43:27.080,7.7908800000000005,7.79054,2.62,0.75
20.08.2021 01:43:27.130,7.790830000000001,7.79054,0.75,0.75
20.08.2021 01:43:41.066,7.790810000000001,7.790460000000001,0.75,0.75
20.08.2021 01:43:41.267,7.790860000000001,7.790439999999999,0.37,0.37
20.08.2021 01:43:41.822,7.79087,7.79042,0.37,1.2
20.08.2021 01:43:44.381,7.79087,7.79042,0.37,1.22
20.08.2021 01:43:47.148,7.79087,7.7904800000000005,0.37,0.37
20.08.2021 01:43:52.842,7.79087,7.790450000000001,0.37,0.45
20.08.2021 01:43:53.845,7.79087,7.79049,0.37,0.37
20.08.2021 01:43:54.850,7.79087,7.790500000000001,0.37,0.37
20.08.2021 01:43:56.252,7.79087,7.790450000000001,0.37,0.45
20.08.2021 01:43:56.403,7.79087,7.79042,0.37,0.47
20.08.2021 01:43:56.553,7.79087,7.79042,0.37,1.22
20.08.2021 01:43:57.033,7.79087,7.79054,0.37,0.75
20.08.2021 01:44:05.953,7.79087,7.7905500000000005,0.37,0.37
20.08.2021 01:44:41.425,7.79092,7.7905500000000005,0.75,0.37
20.08.2021 01:44:46.705,7.79092,7.79054,1.12,0.75
20.08.2021 01:44:48.667,7.790850000000001,7.79054,0.75,0.75
20.08.2021 01:44:48.717,7.790900000000001,7.79054,0.75,0.75
20.08.2021 01:44:48.768,7.7908800000000005,7.79054,0.75,0.75
20.08.2021 01:44:52.527,7.79089,7.79054,0.37,0.75
20.08.2021 01:44:52.666,7.79089,7.79047,0.37,0.37
20.08.2021 01:44:52.964,7.7908800000000005,7.790460000000001,0.37,0.75
20.08.2021 01:44:53.965,7.79087,7.790460000000001,0.37,0.75
20.08.2021 01:44:57.049,7.79087,7.79054,0.37,0.75
20.08.2021 01:45:03.506,7.790860000000001,7.79054,0.37,0.75
20.08.2021 01:45:27.700,7.79084,7.79053,0.75,0.75
20.08.2021 01:45:32.863,7.79084,7.7905500000000005,0.75,0.37
20.08.2021 01:45:54.101,7.79084,7.79053,0.75,0.75
20.08.2021 01:45:54.158,7.79087,7.790460000000001,0.75,0.85
20.08.2021 01:45:54.377,7.79087,7.790460000000001,0.75,0.82
20.08.2021 01:45:54.866,7.79087,7.790460000000001,0.75,0.85
20.08.2021 01:45:57.167,7.79087,7.790439999999999,0.37,0.47
20.08.2021 01:45:57.402,7.7908800000000005,7.790500000000001,0.75,0.37
20.08.2021 01:45:57.848,7.79084,7.79053,0.75,0.75
20.08.2021 01:46:00.366,7.790900000000001,7.7906,0.75,1.12
20.08.2021 01:46:00.467,7.790900000000001,7.790630000000001,0.75,0.75
20.08.2021 01:46:00.625,7.790910000000001,7.790630000000001,0.75,0.75
20.08.2021 01:46:19.190,7.790910000000001,7.79064,0.75,0.37
20.08.2021 01:46:20.611,7.790910000000001,7.790630000000001,0.75,0.75
20.08.2021 01:46:30.643,7.79092,7.790630000000001,0.37,0.75
20.08.2021 01:46:31.616,7.7908800000000005,7.790630000000001,0.75,0.75
20.08.2021 01:46:47.449,7.79097,7.790680000000001,0.75,0.75
20.08.2021 01:46:47.550,7.79104,7.790730000000001,0.37,0.75
20.08.2021 01:46:48.241,7.79105,7.790730000000001,1.12,0.75
20.08.2021 01:46:50.551,7.79107,7.790780000000001,0.37,0.75
20.08.2021 01:46:51.237,7.791080000000001,7.790780000000001,2.25,0.75
20.08.2021 01:46:54.890,7.791080000000001,7.79084,1.12,0.75
20.08.2021 01:46:54.941,7.79117,7.79084,0.75,0.75
20.08.2021 01:46:55.041,7.79117,7.7908800000000005,1.5,0.75
20.08.2021 01:46:55.092,7.7911600000000005,7.790780000000001,0.75,0.75
20.08.2021 01:46:55.142,7.7911,7.790780000000001,0.75,0.75
20.08.2021 01:46:55.243,7.7911600000000005,7.790780000000001,0.75,0.85
20.08.2021 01:46:55.294,7.7911,7.790780000000001,0.75,0.82
20.08.2021 01:46:55.344,7.791200000000001,7.7908800000000005,0.75,0.75
20.08.2021 01:46:55.395,7.79112,7.790780000000001,0.75,0.82
20.08.2021 01:46:55.445,7.791200000000001,7.7908800000000005,0.75,0.75
20.08.2021 01:46:55.597,7.7911600000000005,7.790830000000001,0.75,0.82
20.08.2021 01:46:55.698,7.791200000000001,7.7908800000000005,0.75,0.75
20.08.2021 01:46:55.798,7.7911600000000005,7.790830000000001,0.75,0.75
20.08.2021 01:46:55.899,7.791200000000001,7.7908800000000005,0.75,0.75
20.08.2021 01:46:56.008,7.7911600000000005,7.790830000000001,0.75,0.75
20.08.2021 01:46:56.059,7.791180000000001,7.7908800000000005,0.75,0.75
20.08.2021 01:46:56.109,7.791200000000001,7.7908800000000005,0.75,0.75
20.08.2021 01:46:56.160,7.7911600000000005,7.790830000000001,0.75,0.75
20.08.2021 01:46:56.261,7.7911600000000005,7.790830000000001,0.75,0.85
20.08.2021 01:46:56.312,7.791200000000001,7.7908800000000005,0.75,0.75
20.08.2021 01:46:56.413,7.7911600000000005,7.790860000000001,0.75,0.37
20.08.2021 01:46:56.514,7.791200000000001,7.7908800000000005,0.75,0.75
20.08.2021 01:46:56.564,7.7911600000000005,7.790860000000001,0.75,0.37
20.08.2021 01:46:56.665,7.791200000000001,7.7908800000000005,0.75,0.75
20.08.2021 01:46:56.766,7.791250000000001,7.79093,0.75,0.75
20.08.2021 01:47:02.010,7.79127,7.79098,0.75,0.75
20.08.2021 01:47:02.167,7.791260000000001,7.79098,0.75,0.37
20.08.2021 01:47:02.268,7.79127,7.79098,2.25,1.12
20.08.2021 01:47:03.438,7.79132,7.791030000000001,0.75,0.75
20.08.2021 01:47:15.313,7.791360000000001,7.7910200000000005,0.37,0.75
20.08.2021 01:47:15.419,7.791360000000001,7.790960000000001,0.37,0.85
20.08.2021 01:47:16.181,7.79139,7.790960000000001,1.12,0.47
20.08.2021 01:47:17.181,7.791380000000001,7.790960000000001,0.37,0.47
20.08.2021 01:47:17.232,7.79137,7.791080000000001,0.75,0.75
20.08.2021 01:47:20.594,7.7914200000000005,7.791130000000001,0.75,0.75
20.08.2021 01:47:34.128,7.7914,7.791130000000001,0.75,0.75
20.08.2021 01:47:36.178,7.79145,7.791180000000001,0.75,0.75
20.08.2021 01:47:36.329,7.79145,7.79122,0.75,0.37
20.08.2021 01:47:36.581,7.79145,7.791189999999999,0.75,0.75
20.08.2021 01:47:36.784,7.79147,7.791180000000001,0.75,0.75
20.08.2021 01:47:37.759,7.791560000000001,7.79122,0.85,0.75
20.08.2021 01:47:37.809,7.79157,7.79128,0.75,0.75
20.08.2021 01:47:40.545,7.791510000000001,7.7912300000000005,0.75,1.12
20.08.2021 01:48:11.438,7.791480000000001,7.7912300000000005,0.75,0.75
20.08.2021 01:48:13.748,7.79147,7.7912300000000005,0.75,0.37
20.08.2021 01:48:13.849,7.791480000000001,7.7912300000000005,1.87,0.37
20.08.2021 01:48:14.408,7.79147,7.7912300000000005,0.37,0.37
20.08.2021 01:48:20.384,7.791460000000001,7.79124,0.37,0.37
20.08.2021 01:48:21.386,7.79145,7.791250000000001,0.37,0.37
20.08.2021 01:48:56.183,7.791510000000001,7.79124,1.12,0.37
20.08.2021 01:48:56.283,7.7914200000000005,7.7911600000000005,0.75,0.37
20.08.2021 01:48:56.535,7.79152,7.791200000000001,0.75,0.75
20.08.2021 01:48:56.654,7.7914200000000005,7.7911600000000005,0.75,0.37
20.08.2021 01:48:56.704,7.791480000000001,7.791200000000001,0.75,0.75
20.08.2021 01:48:56.755,7.79152,7.791200000000001,0.75,0.75
20.08.2021 01:48:58.564,7.79147,7.791200000000001,0.75,0.75
20.08.2021 01:48:59.469,7.7915,7.791200000000001,0.75,0.75
20.08.2021 01:49:07.287,7.79152,7.791200000000001,2.25,0.75
20.08.2021 01:49:13.284,7.79152,7.79122,0.75,0.37
20.08.2021 01:49:13.724,7.79149,7.79122,0.75,0.37
20.08.2021 01:49:13.774,7.791430000000001,7.791130000000001,0.75,0.75
20.08.2021 01:49:13.825,7.79152,7.791200000000001,1.22,0.75
20.08.2021 01:49:13.926,7.791430000000001,7.791130000000001,0.75,0.75
20.08.2021 01:49:14.077,7.79152,7.791200000000001,0.47,0.75
20.08.2021 01:49:14.314,7.79152,7.791200000000001,0.47,0.75
20.08.2021 01:49:14.496,7.791530000000001,7.791200000000001,1.22,0.75
20.08.2021 01:49:14.894,7.791480000000001,7.791200000000001,0.75,0.75
20.08.2021 01:49:18.567,7.791380000000001,7.79117,0.75,0.37
20.08.2021 01:49:18.668,7.79128,7.79098,0.75,0.75
20.08.2021 01:49:18.869,7.79135,7.79089,0.75,1.12
20.08.2021 01:49:19.008,7.79135,7.790900000000001,0.75,0.75
20.08.2021 01:49:19.058,7.79144,7.7911399999999995,0.82,0.37
20.08.2021 01:49:19.159,7.79133,7.791030000000001,0.75,0.75
20.08.2021 01:49:19.209,7.7914,7.791010000000001,0.75,0.75
20.08.2021 01:49:19.260,7.791380000000001,7.791,0.75,0.37
20.08.2021 01:49:19.411,7.79137,7.791,0.75,0.37
20.08.2021 01:49:19.561,7.791430000000001,7.79107,0.75,0.75
20.08.2021 01:49:19.612,7.791480000000001,7.79107,1.12,0.75
20.08.2021 01:49:19.662,7.791480000000001,7.7911600000000005,0.75,0.75
20.08.2021 01:49:19.858,7.791480000000001,7.791200000000001,0.75,0.75
20.08.2021 01:49:19.909,7.791530000000001,7.791200000000001,2.35,0.75
20.08.2021 01:49:20.780,7.791530000000001,7.791200000000001,2.25,0.75
20.08.2021 01:49:21.498,7.791530000000001,7.791200000000001,2.35,0.75
20.08.2021 01:49:21.549,7.791480000000001,7.791200000000001,0.75,0.75
20.08.2021 01:49:21.738,7.791430000000001,7.791180000000001,0.75,0.37
20.08.2021 01:49:21.838,7.7914,7.7911,0.75,0.37
20.08.2021 01:49:21.889,7.791360000000001,7.7911,0.75,0.37
20.08.2021 01:49:22.040,7.791360000000001,7.79092,0.75,0.75
20.08.2021 01:49:22.348,7.791360000000001,7.79089,0.75,0.75
20.08.2021 01:49:22.852,7.791360000000001,7.79084,0.75,1.5
20.08.2021 01:49:24.511,7.791360000000001,7.790830000000001,0.75,0.37
20.08.2021 01:49:25.615,7.7912300000000005,7.79093,0.75,0.75
20.08.2021 01:49:25.769,7.791300000000001,7.79082,0.75,2.62
20.08.2021 01:49:25.881,7.79127,7.790830000000001,0.75,0.75
20.08.2021 01:49:25.982,7.791260000000001,7.79084,0.75,0.75
20.08.2021 01:49:26.032,7.791260000000001,7.79082,0.75,0.37
20.08.2021 01:49:26.517,7.791260000000001,7.7907399999999996,0.75,0.75
20.08.2021 01:49:26.567,7.791260000000001,7.790760000000001,0.75,0.75
20.08.2021 01:49:27.336,7.791189999999999,7.79075,0.75,1.12
20.08.2021 01:49:27.487,7.79115,7.79072,0.75,0.37
20.08.2021 01:49:27.638,7.79105,7.79072,0.75,0.37
20.08.2021 01:49:27.789,7.7910200000000005,7.79072,0.75,0.37
20.08.2021 01:49:27.840,7.7910200000000005,7.79042,0.75,0.75
20.08.2021 01:49:28.068,7.7910200000000005,7.7904,0.75,0.37
20.08.2021 01:49:29.058,7.7910200000000005,7.790380000000001,0.75,0.37
20.08.2021 01:49:29.461,7.79099,7.790380000000001,0.75,0.37
20.08.2021 01:49:29.562,7.79098,7.790360000000001,0.75,0.85
20.08.2021 01:49:29.669,7.79097,7.790360000000001,0.75,0.47
20.08.2021 01:49:29.778,7.79097,7.790360000000001,0.75,0.47
20.08.2021 01:49:30.576,7.79084,7.79053,0.75,0.75
20.08.2021 01:49:30.959,7.79092,7.790380000000001,0.75,0.37
20.08.2021 01:49:31.010,7.790900000000001,7.790380000000001,0.75,0.37
20.08.2021 01:49:31.111,7.7908800000000005,7.790380000000001,0.75,0.37
20.08.2021 01:49:31.262,7.790860000000001,7.790439999999999,0.75,0.37
20.08.2021 01:49:31.312,7.79084,7.790280000000001,0.75,1.12
20.08.2021 01:49:31.413,7.790860000000001,7.790280000000001,0.75,0.37
20.08.2021 01:49:32.486,7.790850000000001,7.790280000000001,0.75,0.37
20.08.2021 01:49:32.803,7.790850000000001,7.79035,0.75,0.37
20.08.2021 01:49:32.904,7.790850000000001,7.790410000000001,2.25,0.75
20.08.2021 01:49:35.583,7.79075,7.790430000000001,0.75,0.75
20.08.2021 01:49:37.388,7.79075,7.790460000000001,0.75,0.75
20.08.2021 01:49:39.887,7.79075,7.790439999999999,0.75,0.75
20.08.2021 01:49:40.594,7.7907,7.79042,0.75,0.75
20.08.2021 01:49:40.645,7.7907,7.7904,0.75,0.75
20.08.2021 01:49:40.833,7.79075,7.790430000000001,0.75,0.75
20.08.2021 01:49:41.388,7.79075,7.790439999999999,0.75,0.75
20.08.2021 01:49:41.935,7.79075,7.790460000000001,0.75,0.75
20.08.2021 01:49:43.640,7.79075,7.790430000000001,0.75,0.75
20.08.2021 01:49:45.490,7.790780000000001,7.790439999999999,0.75,0.75
20.08.2021 01:49:45.591,7.79093,7.79052,0.37,0.85
20.08.2021 01:49:45.692,7.79093,7.790660000000001,0.75,0.37
20.08.2021 01:49:45.742,7.79105,7.790660000000001,0.75,0.37
20.08.2021 01:49:45.843,7.79104,7.790660000000001,0.75,0.37
20.08.2021 01:49:45.963,7.79105,7.790660000000001,0.75,0.37
20.08.2021 01:49:47.114,7.79105,7.79058,0.75,0.37
20.08.2021 01:49:48.866,7.791060000000001,7.79058,0.75,0.37
20.08.2021 01:49:52.666,7.791060000000001,7.79058,0.75,0.47
20.08.2021 01:49:56.329,7.791060000000001,7.79057,0.75,0.47
20.08.2021 01:50:00.336,7.791060000000001,7.790560000000001,0.75,0.47
20.08.2021 01:50:01.742,7.791080000000001,7.79058,1.12,0.47
20.08.2021 01:50:01.843,7.79107,7.79058,0.75,0.47
20.08.2021 01:50:02.590,7.79107,7.790710000000001,0.75,0.37
20.08.2021 01:50:04.610,7.79107,7.7907,0.75,0.37
20.08.2021 01:50:07.720,7.79107,7.790710000000001,0.75,0.37
20.08.2021 01:50:08.722,7.79107,7.7907,0.75,0.37
20.08.2021 01:50:13.630,7.791080000000001,7.790560000000001,1.12,0.47
20.08.2021 01:50:13.732,7.791010000000001,7.790680000000001,0.75,0.75
20.08.2021 01:50:21.627,7.791010000000001,7.790710000000001,0.75,0.37
20.08.2021 01:50:22.631,7.791010000000001,7.79072,0.75,0.37
20.08.2021 01:50:23.262,7.7911399999999995,7.79072,1.22,0.37
20.08.2021 01:50:23.365,7.7911399999999995,7.79072,1.2,0.37
20.08.2021 01:50:23.633,7.7911399999999995,7.7907399999999996,0.82,0.37
20.08.2021 01:50:23.734,7.791110000000001,7.790780000000001,0.75,0.75
20.08.2021 01:50:23.835,7.79115,7.790830000000001,0.37,0.75
20.08.2021 01:50:23.992,7.7911600000000005,7.790830000000001,0.75,0.75
20.08.2021 01:50:32.356,7.7911600000000005,7.7908800000000005,0.75,0.37
20.08.2021 01:50:33.359,7.7911600000000005,7.79087,0.75,0.37
20.08.2021 01:50:34.366,7.7911600000000005,7.7908800000000005,0.75,0.37
20.08.2021 01:50:34.914,7.7911600000000005,7.790830000000001,0.75,0.75
20.08.2021 01:50:36.985,7.791300000000001,7.7908,0.85,0.47
20.08.2021 01:50:41.356,7.791300000000001,7.7908,0.85,0.47
20.08.2021 01:50:50.329,7.791300000000001,7.7908,0.85,0.47
20.08.2021 01:50:51.698,7.791300000000001,7.79093,0.85,0.37
20.08.2021 01:50:52.693,7.791300000000001,7.79094,0.85,0.37
20.08.2021 01:50:53.697,7.79129,7.790960000000001,0.45,0.37
20.08.2021 01:50:53.898,7.7911600000000005,7.790960000000001,0.75,0.37
20.08.2021 01:50:57.676,7.7911600000000005,7.79084,0.75,0.75
20.08.2021 01:50:57.795,7.7911600000000005,7.790860000000001,0.75,0.75
20.08.2021 01:50:57.896,7.7911600000000005,7.79084,0.75,0.75
20.08.2021 01:50:58.264,7.7911600000000005,7.790860000000001,0.75,0.75
20.08.2021 01:50:59.503,7.7911600000000005,7.79087,0.75,0.75
20.08.2021 01:50:59.643,7.7911600000000005,7.790910000000001,0.75,0.75
20.08.2021 01:51:00.860,7.7911600000000005,7.79089,0.75,0.75
20.08.2021 01:51:00.988,7.7911600000000005,7.790910000000001,0.75,0.75
20.08.2021 01:51:01.763,7.7911600000000005,7.79089,0.75,0.37
20.08.2021 01:51:02.057,7.791200000000001,7.79089,0.75,0.37
20.08.2021 01:51:02.108,7.791310000000001,7.791,0.37,0.75
20.08.2021 01:51:02.209,7.79147,7.79115,1.5,0.75
20.08.2021 01:51:02.309,7.791560000000001,7.79127,0.75,0.75
20.08.2021 01:51:03.616,7.7915,7.79127,0.75,0.75
20.08.2021 01:51:03.666,7.79164,7.79127,0.75,0.75
20.08.2021 01:51:03.767,7.791650000000001,7.79127,0.75,0.75
20.08.2021 01:51:13.089,7.791660000000001,7.79124,0.75,0.75
20.08.2021 01:51:16.407,7.791650000000001,7.791250000000001,2.25,0.75
20.08.2021 01:51:16.458,7.7915,7.791250000000001,0.75,0.75
20.08.2021 01:51:19.505,7.7915,7.7912300000000005,0.75,0.75
20.08.2021 01:51:19.606,7.7915,7.791180000000001,0.75,0.75
20.08.2021 01:51:20.030,7.791580000000001,7.791260000000001,0.75,0.75
20.08.2021 01:51:20.131,7.791600000000001,7.79128,0.75,0.75
20.08.2021 01:51:39.939,7.791600000000001,7.791300000000001,0.75,0.37
20.08.2021 01:51:43.093,7.791610000000001,7.791300000000001,0.75,0.37
20.08.2021 01:51:43.194,7.791580000000001,7.791300000000001,0.75,0.37
20.08.2021 01:51:43.930,7.791610000000001,7.791300000000001,0.75,0.37
20.08.2021 01:51:44.205,7.79162,7.791300000000001,1.12,0.37
20.08.2021 01:51:44.798,7.791610000000001,7.791310000000001,0.37,0.37
20.08.2021 01:51:44.999,7.791600000000001,7.79135,0.37,0.37
20.08.2021 01:51:45.255,7.791580000000001,7.79135,0.75,0.37
20.08.2021 01:51:45.527,7.791580000000001,7.791250000000001,0.75,0.75
20.08.2021 01:51:45.770,7.791580000000001,7.79129,0.75,0.75
20.08.2021 01:51:46.508,7.791610000000001,7.79129,1.12,0.75
20.08.2021 01:51:50.201,7.79162,7.79129,0.37,0.75
20.08.2021 01:51:50.809,7.7916300000000005,7.79129,0.37,1.12
20.08.2021 01:51:52.002,7.791580000000001,7.79129,0.75,1.12
20.08.2021 01:51:52.813,7.791580000000001,7.791300000000001,0.75,0.37
20.08.2021 01:51:54.820,7.791580000000001,7.79129,0.75,1.12
20.08.2021 01:51:57.824,7.791580000000001,7.791260000000001,0.75,0.37
20.08.2021 01:51:58.826,7.791580000000001,7.791310000000001,0.75,0.37
20.08.2021 01:52:01.281,7.791580000000001,7.79132,0.75,0.37
20.08.2021 01:52:03.365,7.791580000000001,7.79134,0.75,0.37
20.08.2021 01:52:04.386,7.791580000000001,7.79133,0.75,0.37
20.08.2021 01:52:08.336,7.791580000000001,7.791250000000001,0.75,0.37
20.08.2021 01:52:09.850,7.791580000000001,7.791260000000001,0.75,0.37
20.08.2021 01:52:12.854,7.791580000000001,7.79127,0.75,0.37
20.08.2021 01:52:13.856,7.791580000000001,7.79128,0.75,0.37
20.08.2021 01:52:14.858,7.791580000000001,7.79127,0.75,0.37
20.08.2021 01:52:14.945,7.79167,7.79127,1.87,0.37
20.08.2021 01:52:15.775,7.79164,7.79129,0.75,0.75
20.08.2021 01:52:22.703,7.79167,7.79134,0.75,0.75
20.08.2021 01:52:22.804,7.791660000000001,7.79134,0.37,0.75
20.08.2021 01:52:23.878,7.79167,7.79134,0.37,0.75
20.08.2021 01:52:25.441,7.791660000000001,7.79134,0.37,0.75
20.08.2021 01:52:26.445,7.791650000000001,7.79134,0.37,0.75
20.08.2021 01:52:27.355,7.791650000000001,7.79139,0.37,0.75
20.08.2021 01:52:27.508,7.79167,7.79139,0.37,0.75
20.08.2021 01:52:28.466,7.79169,7.79139,0.37,0.75
20.08.2021 01:52:32.365,7.79173,7.79139,1.12,0.75
20.08.2021 01:52:33.458,7.79173,7.7914,1.12,0.37
20.08.2021 01:52:35.483,7.79173,7.791410000000001,0.75,0.37
20.08.2021 01:52:35.942,7.79173,7.79139,0.75,0.75
20.08.2021 01:52:36.185,7.791760000000001,7.79144,0.37,0.75
20.08.2021 01:52:36.237,7.791780000000001,7.79144,0.75,0.75
20.08.2021 01:52:36.384,7.79179,7.79144,0.75,0.75
20.08.2021 01:52:39.519,7.791780000000001,7.79144,0.37,0.75
20.08.2021 01:52:41.732,7.791780000000001,7.791480000000001,0.37,0.75
20.08.2021 01:52:41.833,7.791930000000001,7.7916300000000005,0.75,0.75
20.08.2021 01:52:41.934,7.79202,7.79168,0.75,0.75
20.08.2021 01:52:44.421,7.79202,7.79172,0.75,0.37
20.08.2021 01:52:45.193,7.79202,7.79168,0.75,0.75
20.08.2021 01:52:50.185,7.79207,7.791760000000001,0.85,0.75
20.08.2021 01:52:52.008,7.79202,7.79168,0.75,0.75
20.08.2021 01:53:03.553,7.79202,7.791760000000001,0.37,0.75
20.08.2021 01:53:03.654,7.79202,7.79175,1.12,0.37
20.08.2021 01:53:03.979,7.79202,7.79168,1.12,0.75
20.08.2021 01:53:31.017,7.792000000000001,7.79168,0.75,0.75
20.08.2021 01:53:31.731,7.792010000000001,7.79168,0.75,0.75
20.08.2021 01:53:37.026,7.79199,7.791710000000001,0.37,0.37
20.08.2021 01:53:37.540,7.792010000000001,7.79169,0.37,0.75
20.08.2021 01:53:39.029,7.7920300000000005,7.79169,1.12,0.75
20.08.2021 01:53:40.029,7.79202,7.79169,0.37,0.75
20.08.2021 01:53:42.113,7.792010000000001,7.79169,0.37,1.12
20.08.2021 01:53:43.100,7.792000000000001,7.79169,0.37,1.12
20.08.2021 01:53:44.237,7.79208,7.7917000000000005,0.37,0.37
20.08.2021 01:53:45.927,7.79208,7.79174,0.75,0.37
20.08.2021 01:53:48.898,7.79208,7.79175,0.75,0.37
20.08.2021 01:53:53.138,7.79208,7.79169,1.12,0.75
20.08.2021 01:53:53.289,7.79208,7.791610000000001,0.75,0.47
20.08.2021 01:54:00.809,7.79208,7.791610000000001,0.85,0.37
20.08.2021 01:54:00.859,7.79208,7.791610000000001,0.85,0.37
20.08.2021 01:54:01.113,7.79208,7.791610000000001,0.85,0.37
20.08.2021 01:54:01.388,7.79208,7.791610000000001,0.85,0.75
20.08.2021 01:54:02.851,7.79208,7.79162,0.85,0.37
20.08.2021 01:54:04.086,7.79208,7.7916300000000005,0.85,0.37
20.08.2021 01:54:05.080,7.79208,7.79164,0.85,0.37
20.08.2021 01:54:06.087,7.79208,7.791650000000001,0.85,0.37
20.08.2021 01:54:07.386,7.79208,7.79169,0.85,0.75
20.08.2021 01:54:07.698,7.79208,7.79169,0.85,0.75
20.08.2021 01:54:08.913,7.79208,7.791710000000001,0.85,0.37
20.08.2021 01:54:15.102,7.79208,7.79172,0.85,0.37
20.08.2021 01:54:16.103,7.79208,7.79173,1.22,0.37
20.08.2021 01:54:16.829,7.79208,7.79173,1.2,0.37
20.08.2021 01:54:16.879,7.792000000000001,7.79173,0.37,0.37
20.08.2021 01:54:17.996,7.791980000000001,7.79164,0.37,1.12
20.08.2021 01:54:19.486,7.79199,7.79164,0.37,0.75
20.08.2021 01:54:23.003,7.791860000000001,7.791560000000001,0.75,0.75
20.08.2021 01:54:23.053,7.79185,7.791530000000001,0.75,0.25
20.08.2021 01:54:23.154,7.79184,7.791530000000001,0.37,0.25
20.08.2021 01:54:23.205,7.79179,7.791530000000001,0.75,0.25
20.08.2021 01:54:23.255,7.79173,7.79122,0.75,0.37
20.08.2021 01:54:23.306,7.79169,7.79122,0.75,0.37
20.08.2021 01:54:23.356,7.79169,7.791060000000001,0.75,0.37
20.08.2021 01:54:23.407,7.79168,7.79098,0.75,0.47
20.08.2021 01:54:23.558,7.79168,7.791,0.75,0.85
20.08.2021 01:54:23.767,7.79168,7.791,0.82,0.85
20.08.2021 01:54:25.094,7.79167,7.79099,0.75,0.85
20.08.2021 01:54:26.270,7.791660000000001,7.79099,0.37,0.85
20.08.2021 01:54:26.396,7.791660000000001,7.79099,0.45,0.85
20.08.2021 01:54:26.858,7.791660000000001,7.79099,0.45,0.85
20.08.2021 01:54:27.085,7.791580000000001,7.7909500000000005,0.75,1.22
20.08.2021 01:54:27.186,7.7915399999999995,7.79092,0.75,2.35
20.08.2021 01:54:27.291,7.7915399999999995,7.79092,0.75,2.35
20.08.2021 01:54:27.342,7.79147,7.79092,0.75,0.85
20.08.2021 01:54:27.443,7.791410000000001,7.79104,0.37,0.75
20.08.2021 01:54:28.864,7.7914,7.79104,0.37,0.75
20.08.2021 01:54:29.578,7.79137,7.79104,0.75,0.75
20.08.2021 01:54:31.274,7.79139,7.79109,0.75,0.75
20.08.2021 01:54:31.425,7.79137,7.79099,0.75,0.75
20.08.2021 01:54:31.475,7.791310000000001,7.79099,0.75,0.75
20.08.2021 01:54:31.626,7.79135,7.79099,0.75,0.75
20.08.2021 01:54:32.414,7.79137,7.79099,0.75,0.75
20.08.2021 01:54:33.700,7.7914,7.79099,2.25,0.75
20.08.2021 01:54:40.063,7.79137,7.79099,0.75,0.75
20.08.2021 01:54:40.210,7.791300000000001,7.79093,0.75,0.75
20.08.2021 01:54:40.261,7.79134,7.79092,1.12,0.75
20.08.2021 01:54:40.311,7.79134,7.79094,1.12,0.37
20.08.2021 01:54:40.557,7.791310000000001,7.79094,0.75,0.37
20.08.2021 01:54:41.152,7.791300000000001,7.79094,0.37,0.37
20.08.2021 01:54:41.804,7.791300000000001,7.790910000000001,0.37,0.37
20.08.2021 01:54:42.156,7.79128,7.790910000000001,0.37,0.37
20.08.2021 01:54:43.159,7.79127,7.790910000000001,0.37,0.37
20.08.2021 01:54:44.161,7.791260000000001,7.790910000000001,0.37,0.37
20.08.2021 01:54:44.354,7.791260000000001,7.79094,0.37,0.75
20.08.2021 01:54:44.505,7.791250000000001,7.79094,0.37,0.75
20.08.2021 01:54:45.738,7.79127,7.79094,0.37,0.75
20.08.2021 01:54:46.577,7.791250000000001,7.79089,0.75,0.75
20.08.2021 01:54:46.779,7.7912300000000005,7.79089,0.75,0.75
20.08.2021 01:54:47.143,7.791210000000001,7.79087,0.75,0.37
20.08.2021 01:54:47.193,7.791210000000001,7.790789999999999,0.75,0.75
20.08.2021 01:54:47.244,7.791180000000001,7.790789999999999,0.75,0.75
20.08.2021 01:54:47.345,7.791210000000001,7.79089,0.75,0.75
20.08.2021 01:54:47.446,7.79124,7.79089,0.37,0.75
20.08.2021 01:54:48.166,7.791200000000001,7.79089,0.37,0.75
20.08.2021 01:54:49.173,7.791210000000001,7.79089,0.37,0.75
20.08.2021 01:54:51.523,7.791180000000001,7.79089,0.37,0.75
20.08.2021 01:54:56.244,7.791180000000001,7.79084,0.37,0.75
20.08.2021 01:54:57.227,7.7911600000000005,7.79084,0.37,0.75
20.08.2021 01:54:59.206,7.79115,7.79084,0.37,0.75
20.08.2021 01:55:00.293,7.79117,7.79084,0.37,0.75
20.08.2021 01:55:04.682,7.7911600000000005,7.79084,0.37,0.75
20.08.2021 01:55:06.206,7.79115,7.79084,0.37,0.75
20.08.2021 01:55:08.798,7.7911399999999995,7.79084,0.37,0.75
20.08.2021 01:55:14.787,7.7911600000000005,7.79084,0.37,0.75
20.08.2021 01:55:31.256,7.79115,7.79084,0.37,0.75
20.08.2021 01:55:36.721,7.791130000000001,7.79084,0.37,0.75
20.08.2021 01:55:37.722,7.7911399999999995,7.79084,0.37,0.75
20.08.2021 01:55:38.942,7.7911399999999995,7.790789999999999,1.12,0.75
20.08.2021 01:55:39.043,7.791130000000001,7.790789999999999,0.75,0.75
20.08.2021 01:55:40.955,7.79109,7.790789999999999,0.37,0.75
20.08.2021 01:55:41.350,7.791130000000001,7.790789999999999,0.75,0.75
20.08.2021 01:55:41.508,7.7911,7.790789999999999,0.75,0.75
20.08.2021 01:55:45.452,7.79105,7.790789999999999,0.37,0.75
20.08.2021 01:55:50.857,7.79105,7.7907399999999996,0.37,0.75
20.08.2021 01:55:50.958,7.791060000000001,7.7907399999999996,0.37,0.75
20.08.2021 01:55:51.113,7.79107,7.7907399999999996,0.37,0.75
20.08.2021 01:55:52.040,7.791060000000001,7.7907399999999996,0.37,0.75
20.08.2021 01:55:53.046,7.79105,7.7907399999999996,0.37,0.75
20.08.2021 01:55:54.049,7.79104,7.7907399999999996,0.37,0.75
20.08.2021 01:55:55.336,7.7910200000000005,7.7907399999999996,0.37,0.75
20.08.2021 01:55:58.313,7.79105,7.7907399999999996,0.37,0.75
20.08.2021 01:55:59.313,7.79104,7.7907399999999996,0.37,0.75
20.08.2021 01:56:09.210,7.79104,7.7907,0.37,0.37
20.08.2021 01:56:10.336,7.79104,7.790710000000001,0.37,0.37
20.08.2021 01:56:17.912,7.791060000000001,7.79067,0.37,0.37
20.08.2021 01:56:19.356,7.79105,7.79067,0.37,0.37
20.08.2021 01:56:20.456,7.79112,7.79067,0.82,0.37
20.08.2021 01:56:20.506,7.791080000000001,7.79067,0.75,0.37
20.08.2021 01:56:20.908,7.791080000000001,7.7907399999999996,0.75,0.75
20.08.2021 01:56:21.741,7.79107,7.7907399999999996,0.37,0.75
20.08.2021 01:56:22.151,7.79107,7.790789999999999,0.37,0.75
20.08.2021 01:56:22.201,7.791130000000001,7.7907399999999996,0.82,0.75
20.08.2021 01:56:22.302,7.79115,7.790789999999999,0.37,0.75
20.08.2021 01:56:22.456,7.791180000000001,7.790789999999999,2.25,0.75
20.08.2021 01:56:26.361,7.7911600000000005,7.790789999999999,0.37,0.75
20.08.2021 01:56:27.858,7.7911600000000005,7.790860000000001,0.37,0.75
20.08.2021 01:56:27.959,7.79117,7.790860000000001,0.37,0.75
20.08.2021 01:56:28.060,7.79117,7.79089,0.37,0.75
20.08.2021 01:56:28.722,7.79129,7.790900000000001,0.37,0.75
20.08.2021 01:56:28.773,7.79128,7.79094,0.75,0.75
20.08.2021 01:56:28.924,7.79129,7.790960000000001,0.37,0.75
20.08.2021 01:56:28.974,7.79144,7.79084,0.37,0.85
20.08.2021 01:56:29.025,7.791460000000001,7.790860000000001,0.75,0.85
20.08.2021 01:56:29.075,7.79152,7.79092,0.45,0.82
20.08.2021 01:56:29.176,7.79152,7.79092,0.37,2.35
20.08.2021 01:56:30.099,7.791530000000001,7.79092,0.75,2.35
20.08.2021 01:56:31.002,7.791530000000001,7.79092,0.82,2.35
20.08.2021 01:56:31.370,7.791530000000001,7.79092,0.75,2.35
20.08.2021 01:56:33.157,7.79152,7.79092,0.75,0.85
20.08.2021 01:56:33.308,7.79149,7.79099,0.75,0.37
20.08.2021 01:56:33.573,7.791480000000001,7.79099,0.75,0.37
20.08.2021 01:56:34.663,7.791480000000001,7.790960000000001,0.75,0.37
20.08.2021 01:56:35.903,7.791480000000001,7.79109,2.25,0.75
20.08.2021 01:56:42.228,7.791480000000001,7.79109,2.35,0.75
20.08.2021 01:56:43.266,7.791480000000001,7.79109,2.25,0.75
20.08.2021 01:56:45.793,7.791430000000001,7.79104,0.75,0.75
20.08.2021 01:56:46.464,7.7914200000000005,7.79104,0.82,0.75
20.08.2021 01:56:47.963,7.7914200000000005,7.79104,0.85,0.75
20.08.2021 01:56:52.589,7.791410000000001,7.79094,0.45,0.75
20.08.2021 01:56:53.884,7.791410000000001,7.79097,0.45,0.37
20.08.2021 01:56:54.423,7.7914,7.79097,0.37,0.37
20.08.2021 01:56:56.885,7.7914,7.79098,0.37,0.37
20.08.2021 01:56:59.768,7.7914,7.79097,0.37,0.37
20.08.2021 01:57:01.435,7.79139,7.79097,0.37,0.37
20.08.2021 01:57:02.437,7.791380000000001,7.79097,0.37,0.37
20.08.2021 01:57:03.439,7.79137,7.79097,0.37,0.37
20.08.2021 01:57:03.803,7.79137,7.79098,0.37,0.37
20.08.2021 01:57:04.443,7.791380000000001,7.79098,0.37,0.37
20.08.2021 01:57:07.958,7.7914,7.79098,0.37,0.37
20.08.2021 01:57:08.962,7.79139,7.79098,0.37,0.37
20.08.2021 01:57:09.938,7.79139,7.79099,0.37,0.37
20.08.2021 01:57:14.152,7.791380000000001,7.79099,0.75,0.37
20.08.2021 01:57:15.617,7.79139,7.79099,0.37,0.37
20.08.2021 01:57:16.014,7.79139,7.79104,0.37,0.75
20.08.2021 01:57:16.466,7.791380000000001,7.79104,0.37,0.75
20.08.2021 01:57:17.469,7.79137,7.79104,0.37,0.75
20.08.2021 01:57:18.520,7.791360000000001,7.79104,0.37,0.75
20.08.2021 01:57:26.639,7.791380000000001,7.79104,0.37,0.75
20.08.2021 01:57:28.013,7.79137,7.79104,0.37,0.75
20.08.2021 01:57:32.255,7.79137,7.79098,0.37,0.37
20.08.2021 01:57:32.406,7.79144,7.79098,0.85,0.37
20.08.2021 01:57:32.714,7.79144,7.79098,0.85,0.37
20.08.2021 01:57:32.765,7.791380000000001,7.79098,0.75,0.37
20.08.2021 01:57:33.704,7.791380000000001,7.79097,0.75,0.45
20.08.2021 01:57:45.526,7.791360000000001,7.79097,0.37,0.45
20.08.2021 01:57:46.116,7.791360000000001,7.79104,0.37,0.75
20.08.2021 01:57:53.940,7.79137,7.79104,0.37,0.75
20.08.2021 01:57:56.950,7.791360000000001,7.79104,0.37,0.75
20.08.2021 01:58:10.645,7.791360000000001,7.79097,0.37,0.37
20.08.2021 01:58:11.554,7.79137,7.79097,0.37,0.75
20.08.2021 01:58:12.557,7.79137,7.79098,0.37,0.37
20.08.2021 01:58:13.561,7.79137,7.7910200000000005,0.37,0.37
20.08.2021 01:58:16.230,7.79137,7.79104,0.37,0.75
20.08.2021 01:58:25.421,7.791360000000001,7.79104,0.37,0.75
20.08.2021 01:58:27.610,7.79135,7.79104,0.37,0.75
20.08.2021 01:58:28.915,7.79135,7.79098,0.37,1.12
20.08.2021 01:58:29.615,7.79134,7.79098,0.37,0.75
20.08.2021 01:58:38.157,7.79134,7.79097,0.37,0.37
20.08.2021 01:58:38.271,7.79134,7.79098,0.37,0.37
20.08.2021 01:58:38.632,7.79132,7.791010000000001,0.37,0.37
20.08.2021 01:58:40.636,7.791310000000001,7.7910200000000005,0.37,0.37
20.08.2021 01:58:43.039,7.791310000000001,7.79104,0.37,0.75
20.08.2021 01:58:49.690,7.791310000000001,7.7910200000000005,0.37,0.37
20.08.2021 01:58:49.790,7.791360000000001,7.79099,0.37,0.75
20.08.2021 01:58:49.941,7.79135,7.79099,0.37,0.75
20.08.2021 01:58:51.663,7.79134,7.79099,0.37,0.75
20.08.2021 01:58:52.942,7.79133,7.79099,0.37,0.75
20.08.2021 01:58:56.672,7.79135,7.79099,0.37,0.75
20.08.2021 01:58:57.673,7.791360000000001,7.79099,0.37,0.75
20.08.2021 01:58:58.061,7.79135,7.79099,0.75,0.75
20.08.2021 01:58:58.366,7.79132,7.79099,0.37,0.75
20.08.2021 01:59:02.260,7.79132,7.79093,0.37,0.75
20.08.2021 01:59:02.681,7.79134,7.79093,0.37,0.75
20.08.2021 01:59:02.795,7.79134,7.79092,0.37,0.37
20.08.2021 01:59:03.683,7.79133,7.79092,0.37,0.37
20.08.2021 01:59:04.590,7.79133,7.79093,0.37,0.75
20.08.2021 01:59:06.476,7.79133,7.79092,0.37,0.37
20.08.2021 01:59:11.994,7.79133,7.790960000000001,0.37,0.37
20.08.2021 01:59:12.044,7.791360000000001,7.790960000000001,0.37,0.37
20.08.2021 01:59:13.494,7.791360000000001,7.79092,0.37,0.37
20.08.2021 01:59:19.744,7.791360000000001,7.79099,0.37,0.75
20.08.2021 01:59:21.722,7.79135,7.79099,0.37,0.75
20.08.2021 01:59:25.643,7.79132,7.79099,0.37,0.75
20.08.2021 01:59:27.634,7.79132,7.791,0.37,0.37
20.08.2021 01:59:28.068,7.79135,7.79099,0.37,0.75
20.08.2021 01:59:30.739,7.79137,7.79099,1.12,0.75
20.08.2021 01:59:31.741,7.791360000000001,7.79099,0.37,0.75
20.08.2021 01:59:32.745,7.79135,7.79099,0.37,0.75
20.08.2021 01:59:33.745,7.79132,7.79099,0.37,0.75
20.08.2021 01:59:35.465,7.79134,7.79099,0.37,0.75
20.08.2021 01:59:36.058,7.79134,7.79099,0.37,0.85
20.08.2021 01:59:36.509,7.79135,7.79099,0.37,0.85
20.08.2021 01:59:42.742,7.791360000000001,7.79099,0.37,0.85
20.08.2021 01:59:47.329,7.791360000000001,7.79099,0.37,0.85
20.08.2021 01:59:50.779,7.79135,7.79099,0.37,0.85
20.08.2021 01:59:51.814,7.79134,7.79099,0.37,0.85
20.08.2021 01:59:52.538,7.79134,7.79099,0.37,0.85
20.08.2021 01:59:52.783,7.79135,7.79099,0.37,0.85
20.08.2021 02:00:01.694,7.791360000000001,7.79099,0.37,0.85
20.08.2021 02:00:02.613,7.791360000000001,7.79099,0.37,0.85
20.08.2021 02:00:04.612,7.79135,7.79099,0.37,0.85
20.08.2021 02:00:06.819,7.79134,7.79099,0.37,0.85
20.08.2021 02:00:07.816,7.79133,7.79099,0.37,0.85
20.08.2021 02:00:08.815,7.79134,7.79099,0.37,0.85
20.08.2021 02:00:10.864,7.79133,7.79099,0.37,0.85
20.08.2021 02:00:12.649,7.79134,7.79099,0.37,0.85
20.08.2021 02:00:13.658,7.79133,7.79099,0.37,0.85
20.08.2021 02:00:16.673,7.79134,7.79099,0.37,0.85
20.08.2021 02:00:17.674,7.79133,7.79099,0.37,0.85
20.08.2021 02:00:19.684,7.79134,7.79099,0.37,0.85
20.08.2021 02:00:20.278,7.791360000000001,7.79099,0.37,0.85
20.08.2021 02:00:23.450,7.79134,7.79099,0.37,0.85
20.08.2021 02:00:24.849,7.79133,7.79099,0.37,0.85
20.08.2021 02:00:25.853,7.79132,7.79099,0.37,0.85
20.08.2021 02:00:28.466,7.79133,7.79099,0.37,0.85
20.08.2021 02:00:32.866,7.79132,7.79099,0.37,0.85
20.08.2021 02:00:33.869,7.79133,7.79099,0.37,0.85
20.08.2021 02:00:34.142,7.79135,7.79099,0.37,0.85
20.08.2021 02:00:35.413,7.79134,7.79099,0.37,0.85
20.08.2021 02:00:38.458,7.79135,7.79099,0.37,0.85
20.08.2021 02:00:40.900,7.79134,7.79099,0.37,0.85
20.08.2021 02:00:53.618,7.79134,7.79099,0.37,0.85
20.08.2021 02:00:54.174,7.79134,7.79099,0.37,0.85
20.08.2021 02:00:54.576,7.79132,7.79099,0.37,0.85
20.08.2021 02:01:02.941,7.79134,7.79099,0.37,0.85
20.08.2021 02:01:11.051,7.791360000000001,7.79099,0.37,0.85
20.08.2021 02:01:11.203,7.791360000000001,7.79104,0.37,0.85
20.08.2021 02:01:11.354,7.791360000000001,7.791010000000001,0.37,0.85
20.08.2021 02:01:11.479,7.791360000000001,7.791010000000001,0.37,0.85
20.08.2021 02:01:11.599,7.791360000000001,7.791010000000001,0.37,0.85
20.08.2021 02:01:17.872,7.791360000000001,7.791010000000001,0.37,0.85
20.08.2021 02:01:21.293,7.791360000000001,7.79099,0.37,0.85
20.08.2021 02:01:21.347,7.791360000000001,7.79099,0.37,0.85
20.08.2021 02:01:21.565,7.791410000000001,7.79104,0.37,0.85
20.08.2021 02:01:21.677,7.791410000000001,7.79104,0.37,0.85
20.08.2021 02:01:21.781,7.791410000000001,7.79104,0.37,0.85
20.08.2021 02:01:22.112,7.791410000000001,7.79104,0.37,0.85
20.08.2021 02:01:22.678,7.79139,7.79104,0.37,0.85
20.08.2021 02:01:23.688,7.79137,7.79104,0.37,0.85
20.08.2021 02:01:30.690,7.791360000000001,7.79104,0.37,0.85
20.08.2021 02:01:32.329,7.791360000000001,7.79104,0.37,0.85
20.08.2021 02:01:38.047,7.791360000000001,7.79099,0.37,0.37
20.08.2021 02:01:38.145,7.791360000000001,7.79099,0.37,0.47
20.08.2021 02:01:44.406,7.791360000000001,7.791010000000001,0.37,0.47
20.08.2021 02:01:44.507,7.791360000000001,7.791080000000001,0.37,0.85
20.08.2021 02:01:44.898,7.791360000000001,7.791080000000001,0.37,0.85
20.08.2021 02:01:44.998,7.791360000000001,7.791030000000001,0.37,0.85
20.08.2021 02:01:45.200,7.791410000000001,7.79109,0.37,0.85
20.08.2021 02:01:45.301,7.791410000000001,7.79109,0.37,0.85
20.08.2021 02:01:45.580,7.791410000000001,7.791030000000001,0.37,0.85
20.08.2021 02:01:45.733,7.791410000000001,7.791030000000001,0.37,0.85
20.08.2021 02:01:46.434,7.79139,7.79105,0.37,0.85
20.08.2021 02:01:46.972,7.791380000000001,7.79105,0.75,0.85
20.08.2021 02:01:48.399,7.791360000000001,7.79105,0.37,0.85
20.08.2021 02:01:54.484,7.791360000000001,7.79105,0.37,0.85
20.08.2021 02:01:59.090,7.791360000000001,7.79105,0.37,0.85
20.08.2021 02:02:04.782,7.791360000000001,7.7910200000000005,0.37,0.85
20.08.2021 02:02:08.329,7.791360000000001,7.7910200000000005,0.37,0.85
20.08.2021 02:02:11.066,7.79135,7.7910200000000005,0.37,0.85
20.08.2021 02:02:12.067,7.79134,7.7910200000000005,0.37,0.85
20.08.2021 02:02:14.354,7.79134,7.7910200000000005,0.37,0.85
20.08.2021 02:02:20.533,7.79134,7.79099,0.37,0.47
20.08.2021 02:02:26.487,7.791360000000001,7.79105,0.37,0.85
20.08.2021 02:02:28.099,7.79135,7.79105,0.37,0.85
20.08.2021 02:02:29.643,7.79135,7.79105,0.37,0.85
20.08.2021 02:02:30.141,7.79137,7.79105,0.37,0.85
20.08.2021 02:02:30.405,7.79137,7.791060000000001,0.37,0.85
20.08.2021 02:02:31.189,7.79137,7.791060000000001,0.37,0.75
20.08.2021 02:02:31.239,7.79137,7.791060000000001,0.37,0.85
20.08.2021 02:02:31.574,7.79135,7.791030000000001,0.37,0.85
20.08.2021 02:02:34.584,7.791360000000001,7.79105,0.37,0.85
20.08.2021 02:02:46.876,7.791360000000001,7.79105,0.37,0.85
20.08.2021 02:03:00.061,7.791360000000001,7.79105,0.37,0.75
20.08.2021 02:03:00.212,7.791360000000001,7.7910200000000005,0.37,0.75
20.08.2021 02:03:17.199,7.79135,7.7910200000000005,0.37,0.75
20.08.2021 02:03:35.051,7.79135,7.79105,0.37,0.75
20.08.2021 02:03:36.063,7.791360000000001,7.79105,0.37,0.75
20.08.2021 02:03:46.255,7.79135,7.79105,0.37,0.75
20.08.2021 02:04:03.066,7.79135,7.7910200000000005,0.37,0.75
20.08.2021 02:05:03.245,7.791360000000001,7.7910200000000005,0.37,0.82
20.08.2021 02:05:30.448,7.791410000000001,7.7910200000000005,0.37,0.75
20.08.2021 02:05:30.499,7.79144,7.791080000000001,1.12,0.37
20.08.2021 02:05:30.719,7.791430000000001,7.7910200000000005,0.37,0.75
20.08.2021 02:05:31.769,7.7914200000000005,7.7910200000000005,0.37,0.75
20.08.2021 02:05:32.760,7.79139,7.7910200000000005,0.37,0.75
20.08.2021 02:05:36.314,7.79137,7.7910200000000005,0.37,0.75
20.08.2021 02:05:37.325,7.79135,7.7910200000000005,0.37,0.75
20.08.2021 02:05:43.511,7.79137,7.7910200000000005,0.37,0.75
20.08.2021 02:05:44.513,7.791360000000001,7.7910200000000005,0.37,0.75
20.08.2021 02:05:45.496,7.79135,7.7910200000000005,0.37,0.75
20.08.2021 02:05:53.502,7.79133,7.79104,0.37,0.37
20.08.2021 02:05:54.549,7.79132,7.79104,0.37,0.37
20.08.2021 02:06:11.548,7.79134,7.79105,0.37,0.37
20.08.2021 02:06:33.592,7.79134,7.791060000000001,0.37,0.37
20.08.2021 02:06:37.602,7.79135,7.791060000000001,0.37,0.37
20.08.2021 02:06:45.227,7.791360000000001,7.7910200000000005,0.37,0.75
20.08.2021 02:06:55.439,7.791360000000001,7.79104,0.37,0.75
20.08.2021 02:06:55.657,7.79137,7.79104,0.75,0.75
20.08.2021 02:07:11.585,7.791310000000001,7.79105,0.37,0.37
20.08.2021 02:07:11.741,7.791310000000001,7.7911,0.37,0.37
20.08.2021 02:07:25.311,7.791360000000001,7.79104,0.37,0.75
20.08.2021 02:07:25.434,7.791360000000001,7.79105,0.37,0.75
20.08.2021 02:07:59.660,7.791360000000001,7.79104,0.37,0.75
20.08.2021 02:07:59.761,7.791360000000001,7.791030000000001,1.12,0.75
20.08.2021 02:07:59.812,7.79133,7.791030000000001,0.37,0.75
20.08.2021 02:08:01.799,7.79132,7.791030000000001,0.37,0.75
20.08.2021 02:08:21.171,7.79132,7.7910200000000005,0.37,0.37
20.08.2021 02:08:22.813,7.791300000000001,7.79107,0.37,0.37
20.08.2021 02:08:23.817,7.79128,7.791060000000001,0.37,0.37
20.08.2021 02:08:37.847,7.79127,7.79107,0.37,0.37
20.08.2021 02:09:03.306,7.79135,7.791,0.75,0.75
20.08.2021 02:09:08.531,7.79134,7.79099,0.75,0.75
20.08.2021 02:09:08.632,7.79135,7.791,0.75,0.75
20.08.2021 02:09:19.328,7.791360000000001,7.791,0.37,0.75
20.08.2021 02:09:19.476,7.791360000000001,7.791030000000001,0.37,0.75
20.08.2021 02:09:38.546,7.79135,7.791030000000001,0.75,0.75
20.08.2021 02:10:17.325,7.791360000000001,7.79104,0.37,0.75
20.08.2021 02:10:18.046,7.79134,7.79107,0.37,0.37
20.08.2021 02:10:33.534,7.79139,7.79109,0.75,0.75
20.08.2021 02:10:33.585,7.791510000000001,7.79122,0.75,0.75
20.08.2021 02:10:33.635,7.791530000000001,7.7912300000000005,0.37,0.75
20.08.2021 02:10:33.686,7.791530000000001,7.791300000000001,0.37,0.75
20.08.2021 02:10:34.081,7.79157,7.791300000000001,0.37,0.75
20.08.2021 02:10:34.458,7.79157,7.79127,0.37,0.75
20.08.2021 02:10:34.559,7.79155,7.79122,0.75,0.75
20.08.2021 02:10:34.609,7.791530000000001,7.79122,0.75,0.75
20.08.2021 02:10:34.710,7.791530000000001,7.791210000000001,0.75,0.75
20.08.2021 02:10:52.247,7.79155,7.791130000000001,0.75,0.85
20.08.2021 02:10:52.403,7.791600000000001,7.791300000000001,0.75,0.75
20.08.2021 02:10:52.504,7.79169,7.7915399999999995,0.37,0.75
20.08.2021 02:10:52.554,7.791780000000001,7.7915399999999995,0.75,0.75
20.08.2021 02:10:52.655,7.791780000000001,7.7915,0.75,0.75
20.08.2021 02:10:53.344,7.791830000000001,7.791410000000001,0.75,0.85
20.08.2021 02:10:53.395,7.79182,7.7914,0.75,0.82
20.08.2021 02:10:53.495,7.791810000000001,7.791460000000001,0.75,0.75
20.08.2021 02:10:56.726,7.79179,7.791460000000001,0.75,0.75
20.08.2021 02:11:02.498,7.7918,7.79139,0.75,0.85
20.08.2021 02:11:02.649,7.79179,7.79144,0.75,0.75
20.08.2021 02:11:02.750,7.791780000000001,7.79149,0.75,0.75
20.08.2021 02:11:02.800,7.791780000000001,7.79145,0.75,0.75
20.08.2021 02:11:02.851,7.791780000000001,7.7915,0.75,0.75
20.08.2021 02:11:03.108,7.791780000000001,7.79145,0.75,0.75
20.08.2021 02:11:15.882,7.79184,7.79145,0.85,0.75
20.08.2021 02:11:22.873,7.79177,7.79145,0.37,0.75
20.08.2021 02:11:32.712,7.79177,7.791410000000001,0.37,0.75
20.08.2021 02:11:33.294,7.79177,7.79145,0.37,0.75
20.08.2021 02:12:05.314,7.79173,7.791460000000001,0.37,0.37
20.08.2021 02:12:14.982,7.791760000000001,7.79145,0.37,0.75
20.08.2021 02:12:28.313,7.79177,7.79145,0.37,0.75
20.08.2021 02:12:30.472,7.79192,7.79169,0.75,0.75
20.08.2021 02:12:30.523,7.79197,7.791589999999999,1.5,0.75
20.08.2021 02:12:30.624,7.792000000000001,7.7914200000000005,0.75,0.47
20.08.2021 02:12:30.725,7.79202,7.7914200000000005,0.75,0.47
20.08.2021 02:12:30.776,7.79202,7.791430000000001,0.75,0.47
20.08.2021 02:12:30.922,7.79202,7.791430000000001,0.75,0.47
20.08.2021 02:12:31.066,7.79202,7.791430000000001,0.75,0.47
20.08.2021 02:12:31.727,7.79202,7.791510000000001,0.75,0.37
20.08.2021 02:12:32.716,7.7920300000000005,7.791510000000001,1.12,0.37
20.08.2021 02:12:32.817,7.79212,7.79184,0.47,0.75
20.08.2021 02:12:32.867,7.79209,7.791610000000001,0.75,0.37
20.08.2021 02:12:32.918,7.79209,7.791650000000001,0.75,0.75
20.08.2021 02:12:32.968,7.79208,7.791610000000001,0.75,0.37
20.08.2021 02:12:33.069,7.79207,7.791610000000001,0.75,0.37
20.08.2021 02:12:33.172,7.79208,7.791610000000001,0.75,0.37
20.08.2021 02:12:33.756,7.79207,7.791610000000001,0.75,0.37
20.08.2021 02:12:33.860,7.79208,7.791610000000001,0.75,0.37
20.08.2021 02:12:33.961,7.7921000000000005,7.79172,0.75,0.75
20.08.2021 02:12:34.011,7.79214,7.79172,0.85,0.75
20.08.2021 02:12:34.244,7.79214,7.79172,0.75,0.75
20.08.2021 02:12:34.858,7.79212,7.79172,0.75,0.75
20.08.2021 02:12:35.259,7.792110000000001,7.79172,0.37,0.75
20.08.2021 02:12:38.333,7.79212,7.79172,1.12,0.75
20.08.2021 02:12:42.340,7.7921000000000005,7.79172,0.37,0.75
