Gmt time,Ask,Bid,AskVolume,BidVolume
04.08.2021 00:00:00.015,299.876,299.406,0.37,1.12
04.08.2021 00:00:00.116,299.953,299.432,1.44,1.12
04.08.2021 00:00:00.267,299.953,299.41400000000004,1.5,1.12
04.08.2021 00:00:05.776,299.926,299.431,1,1.5
04.08.2021 00:00:05.927,299.92400000000004,299.41400000000004,1.5,1.5
04.08.2021 00:00:06.117,299.915,299.41400000000004,1,1.5
04.08.2021 00:00:06.167,299.915,299.41400000000004,1.12,1.5
04.08.2021 00:00:06.369,299.943,299.40700000000004,1,1.5
04.08.2021 00:00:06.524,299.925,299.40700000000004,1.12,1.5
04.08.2021 00:00:06.710,299.923,299.401,1.12,1.5
04.08.2021 00:00:06.923,299.953,299.40000000000003,1.5,1.5
04.08.2021 00:00:07.168,299.927,299.392,1.12,1.5
04.08.2021 00:00:07.327,299.876,299.379,0.37,1.5
04.08.2021 00:00:07.577,299.923,299.379,1.12,1.5
04.08.2021 00:00:07.779,299.923,299.394,1.12,1.5
04.08.2021 00:00:07.982,299.953,299.389,1.5,1.5
04.08.2021 00:00:08.137,299.953,299.389,1.5,1.5
04.08.2021 00:00:09.420,299.895,299.384,1.12,1.5
04.08.2021 00:00:12.579,299.93,299.39,1,1.12
04.08.2021 00:00:12.780,299.932,299.434,1.12,1.12
04.08.2021 00:00:12.981,299.922,299.396,1.12,1.12
04.08.2021 00:00:13.182,299.922,299.40900000000005,1.12,1.5
04.08.2021 00:00:13.385,299.953,299.444,1.5,1.12
04.08.2021 00:00:13.583,299.932,299.444,1.12,1.12
04.08.2021 00:00:13.801,299.866,299.44,0.37,1.12
04.08.2021 00:00:13.852,299.937,299.436,1.5,1.5
04.08.2021 00:00:14.046,299.866,299.44,0.37,1.12
04.08.2021 00:00:14.197,299.927,299.403,1.12,1.12
04.08.2021 00:00:14.377,299.927,299.428,1,1.12
04.08.2021 00:00:14.579,299.92,299.428,1,1.5
04.08.2021 00:00:14.681,299.92,299.40900000000005,1.12,1.12
04.08.2021 00:00:14.782,299.926,299.441,1.12,1.12
04.08.2021 00:00:14.832,299.952,299.404,1.12,1.12
04.08.2021 00:00:15.034,299.926,299.44,1.12,1.12
04.08.2021 00:00:15.201,299.935,299.442,1.5,1.12
04.08.2021 00:00:15.402,299.866,299.445,0.37,1.12
04.08.2021 00:00:15.625,299.91900000000004,299.437,1.12,1.12
04.08.2021 00:00:16.049,299.925,299.44599999999997,1.12,1.12
04.08.2021 00:00:16.247,299.921,299.437,1.12,1.5
04.08.2021 00:00:16.452,299.922,299.433,1.12,1.5
04.08.2021 00:00:16.806,299.92,299.494,1.12,0.37
04.08.2021 00:00:17.009,299.92,299.443,1.12,1.12
04.08.2021 00:00:17.109,299.90000000000003,299.444,1.12,1.12
04.08.2021 00:00:17.339,299.921,299.432,1.12,1.5
04.08.2021 00:00:17.540,299.926,299.449,1.12,1.12
04.08.2021 00:00:17.740,299.931,299.447,1.12,1.12
04.08.2021 00:00:17.910,299.922,299.455,1.12,1.12
04.08.2021 00:00:18.143,299.90900000000005,299.452,1.12,1.12
04.08.2021 00:00:18.334,299.927,299.44599999999997,1.12,1.12
04.08.2021 00:00:18.535,299.926,299.442,1.12,1.5
04.08.2021 00:00:18.702,299.928,299.504,1.12,0.37
04.08.2021 00:00:18.908,299.928,299.447,1.12,1.12
04.08.2021 00:00:19.129,299.92,299.454,1.12,1.5
04.08.2021 00:00:19.365,299.92,299.504,1.12,0.37
04.08.2021 00:00:19.573,299.921,299.452,1.12,1.12
04.08.2021 00:00:19.815,299.925,299.459,1.12,1.12
04.08.2021 00:00:19.970,299.91900000000004,299.458,1.12,1.12
04.08.2021 00:00:20.174,299.953,299.421,1.5,1.12
04.08.2021 00:00:20.378,299.91200000000003,299.455,1.12,1.12
04.08.2021 00:00:20.428,299.92400000000004,299.456,1.12,1.12
04.08.2021 00:00:20.626,299.902,299.442,1.12,1.12
04.08.2021 00:00:20.792,299.921,299.459,1.12,1.12
04.08.2021 00:00:20.980,299.904,299.458,1.12,1.12
04.08.2021 00:00:21.150,299.92,299.452,1.12,1.12
04.08.2021 00:00:21.381,299.92900000000003,299.454,1.87,1.12
04.08.2021 00:00:21.432,299.90500000000003,299.443,1.12,1.5
04.08.2021 00:00:21.597,299.90500000000003,299.514,1.12,0.37
04.08.2021 00:00:21.801,299.932,299.457,1.5,1.12
04.08.2021 00:00:22.049,299.918,299.459,1.12,1.12
04.08.2021 00:00:22.253,299.91900000000004,299.454,1.12,1.12
04.08.2021 00:00:22.354,299.921,299.46,1.12,1.12
04.08.2021 00:00:22.561,299.926,299.423,1.12,1.12
04.08.2021 00:00:22.762,299.92400000000004,299.461,1.12,1.12
04.08.2021 00:00:22.939,299.901,299.449,1.12,1.12
04.08.2021 00:00:23.165,299.92,299.453,1.12,1.12
04.08.2021 00:00:23.367,299.91700000000003,299.444,1.12,1.87
04.08.2021 00:00:23.565,299.923,299.457,1.12,1.12
04.08.2021 00:00:23.770,299.928,299.462,1.12,1.12
04.08.2021 00:00:23.977,299.846,299.462,0.37,1.12
04.08.2021 00:00:24.172,299.923,299.459,1.12,1.12
04.08.2021 00:00:24.418,299.915,299.442,1.12,1.12
04.08.2021 00:00:24.619,299.92,299.453,1.12,1.12
04.08.2021 00:00:24.839,299.927,299.46500000000003,1.12,1.12
04.08.2021 00:00:25.059,299.926,299.456,1.12,1.87
04.08.2021 00:00:25.223,299.916,299.448,1.12,1.5
04.08.2021 00:00:25.463,299.91700000000003,299.463,1.12,1.12
04.08.2021 00:00:25.513,299.91900000000004,299.46,1.12,1.12
04.08.2021 00:00:25.675,299.92400000000004,299.466,1.12,1.12
04.08.2021 00:00:25.920,299.91400000000004,299.445,1.12,1.12
04.08.2021 00:00:26.113,299.923,299.46700000000004,1.87,1.12
04.08.2021 00:00:26.383,299.915,299.454,1.12,1.12
04.08.2021 00:00:26.536,299.915,299.454,1.12,1.12
04.08.2021 00:00:26.768,299.913,299.466,1.12,1.12
04.08.2021 00:00:27.143,299.913,299.466,1.12,1.12
04.08.2021 00:00:27.393,299.916,299.468,1.12,1.12
04.08.2021 00:00:27.576,299.911,299.514,1.12,0.37
04.08.2021 00:00:27.778,299.91400000000004,299.447,1.12,1.44
04.08.2021 00:00:27.995,299.913,299.459,1.12,1.5
04.08.2021 00:00:28.201,299.916,299.46700000000004,1.12,1.12
04.08.2021 00:00:28.404,299.92,299.468,1.12,1.12
04.08.2021 00:00:28.605,299.898,299.466,1.12,1.12
04.08.2021 00:00:28.810,299.922,299.45,1.12,1.12
04.08.2021 00:00:29.004,299.918,299.46700000000004,1.12,1.5
04.08.2021 00:00:29.209,299.923,299.461,1.12,1.12
04.08.2021 00:00:29.572,299.913,299.462,1.5,1.12
04.08.2021 00:00:30.219,299.91400000000004,299.461,1.12,1.12
04.08.2021 00:00:30.412,299.918,299.463,1.12,1.5
04.08.2021 00:00:30.513,299.916,299.524,1.12,0.37
04.08.2021 00:00:30.614,299.894,299.455,1.12,1.12
04.08.2021 00:00:30.815,299.91700000000003,299.45,1.12,1.5
04.08.2021 00:00:31.066,299.915,299.47,1.12,1.12
04.08.2021 00:00:31.217,299.91700000000003,299.461,1.12,1.5
04.08.2021 00:00:31.470,299.943,299.459,1.12,1.12
04.08.2021 00:00:31.521,299.915,299.46500000000003,1.12,1.5
04.08.2021 00:00:31.721,299.91400000000004,299.461,1.12,1.12
04.08.2021 00:00:31.865,299.915,299.44599999999997,1.12,1.12
04.08.2021 00:00:32.018,299.915,299.44599999999997,1.12,1.12
04.08.2021 00:00:32.271,299.915,299.45099999999996,1.12,1.12
04.08.2021 00:00:32.465,299.91900000000004,299.47,1.12,1.12
04.08.2021 00:00:32.635,299.911,299.473,1.5,1.5
04.08.2021 00:00:32.836,299.916,299.455,1.12,1.12
04.08.2021 00:00:33.063,299.908,299.466,1.5,1.12
04.08.2021 00:00:33.266,299.90700000000004,299.46500000000003,1.5,1.5
04.08.2021 00:00:33.469,299.90900000000005,299.463,1.12,1.5
04.08.2021 00:00:33.954,299.90900000000005,299.456,1.12,1.12
04.08.2021 00:00:34.116,299.916,299.47,1.12,1.12
04.08.2021 00:00:34.219,299.898,299.47,1.12,1.12
04.08.2021 00:00:34.374,299.898,299.47,1.12,1.12
04.08.2021 00:00:35.381,299.921,299.47400000000005,1.12,1.12
04.08.2021 00:00:38.882,299.91900000000004,299.47200000000004,1.12,1.12
04.08.2021 00:00:39.084,299.931,299.469,1.12,1.5
04.08.2021 00:00:39.134,299.92,299.47,1.12,1.12
04.08.2021 00:00:48.395,299.931,299.47,1.12,1.5
04.08.2021 00:00:48.596,299.934,299.47,1.5,1.5
04.08.2021 00:00:49.394,299.934,299.47,1.5,1.5
04.08.2021 00:00:52.583,299.933,299.469,1.5,1.5
04.08.2021 00:01:07.677,299.934,299.47,1.5,1.5
04.08.2021 00:01:09.389,299.934,299.47,1.5,1.5
04.08.2021 00:01:23.181,299.934,299.47,1.5,1.5
04.08.2021 00:01:25.004,299.92900000000003,299.46500000000003,1.5,1.5
04.08.2021 00:01:37.912,299.922,299.459,1.12,1.5
04.08.2021 00:01:38.314,299.926,299.461,1.5,1.5
04.08.2021 00:01:54.784,299.91200000000003,299.471,1.12,1
04.08.2021 00:01:54.985,299.933,299.471,1.12,1.5
04.08.2021 00:02:37.939,299.82599999999996,299.471,0.37,1.25
04.08.2021 00:02:38.039,299.90500000000003,299.483,1.5,1.5
04.08.2021 00:02:42.070,299.892,299.483,1.5,1.5
04.08.2021 00:02:42.274,299.892,299.483,1.5,1.5
04.08.2021 00:02:42.375,299.892,299.483,1.5,1.5
04.08.2021 00:02:42.477,299.904,299.494,1.5,1.5
04.08.2021 00:02:42.591,299.911,299.501,1.5,1.5
04.08.2021 00:02:42.809,299.911,299.501,1.5,1.5
04.08.2021 00:02:43.551,299.916,299.506,1.5,1.5
04.08.2021 00:02:46.064,299.91700000000003,299.508,1.5,1.5
04.08.2021 00:02:46.166,299.91700000000003,299.508,1.5,1.5
04.08.2021 00:02:46.267,299.91700000000003,299.508,1.5,1.5
04.08.2021 00:02:46.445,299.926,299.516,1.5,1.5
04.08.2021 00:02:46.618,299.926,299.516,1.5,1.5
04.08.2021 00:02:46.795,299.91200000000003,299.53200000000004,1.12,1.5
04.08.2021 00:02:46.846,299.94,299.53200000000004,1.12,1.5
04.08.2021 00:02:46.946,299.91200000000003,299.53400000000005,1.12,1.12
04.08.2021 00:02:47.105,299.91200000000003,299.53400000000005,1.12,1.12
04.08.2021 00:03:02.213,299.925,299.533,1,1.5
04.08.2021 00:03:02.313,299.896,299.54400000000004,1,1
04.08.2021 00:03:02.414,299.889,299.56,1,1
04.08.2021 00:03:07.749,299.91400000000004,299.536,1.12,1.5
04.08.2021 00:03:07.800,299.89,299.536,0.69,1.5
04.08.2021 00:03:10.608,299.915,299.53900000000004,1.12,1.12
04.08.2021 00:03:10.809,299.901,299.526,1.12,1.5
04.08.2021 00:03:10.947,299.906,299.531,1.12,1.12
04.08.2021 00:03:11.302,299.908,299.53200000000004,1.12,1.12
04.08.2021 00:03:13.484,299.908,299.53200000000004,1.12,1.12
04.08.2021 00:03:13.535,299.908,299.53200000000004,1,1
04.08.2021 00:03:13.585,299.908,299.53200000000004,1.12,1.12
04.08.2021 00:03:13.686,299.934,299.524,1.5,1.5
04.08.2021 00:03:13.890,299.934,299.524,1.5,1.5
04.08.2021 00:03:14.166,299.856,299.594,0.37,0.37
04.08.2021 00:03:15.437,299.91200000000003,299.536,1.12,1.12
04.08.2021 00:03:15.538,299.913,299.538,1.12,1.12
04.08.2021 00:03:16.165,299.913,299.538,1.12,1.12
04.08.2021 00:03:19.069,299.918,299.543,1.12,1.12
04.08.2021 00:03:20.828,299.918,299.543,1.12,1.12
04.08.2021 00:03:21.839,299.92,299.53000000000003,1.5,1.5
04.08.2021 00:03:21.890,299.94,299.53000000000003,1.5,1.5
04.08.2021 00:03:22.040,299.856,299.594,0.37,0.37
04.08.2021 00:03:33.951,299.899,299.573,1,1
04.08.2021 00:03:34.523,299.902,299.57599999999996,1,1
04.08.2021 00:03:47.096,299.927,299.551,1.12,1.12
04.08.2021 00:03:51.471,299.94,299.548,1,1.5
04.08.2021 00:03:51.623,299.876,299.61400000000003,0.37,0.37
04.08.2021 00:03:57.434,299.913,299.587,1,1
04.08.2021 00:04:00.817,299.945,299.555,1,1.5
04.08.2021 00:04:00.970,299.876,299.61400000000003,0.37,0.37
04.08.2021 00:04:01.532,299.91400000000004,299.589,1,1
04.08.2021 00:04:01.606,299.916,299.574,1,1
04.08.2021 00:04:01.809,299.88599999999997,299.61400000000003,0.37,0.37
04.08.2021 00:04:03.665,299.913,299.588,1,1
04.08.2021 00:04:03.891,299.94599999999997,299.57099999999997,1.12,1.12
04.08.2021 00:04:04.264,299.976,299.568,1.12,1.5
04.08.2021 00:04:05.050,299.97,299.596,1.12,1.12
04.08.2021 00:04:05.281,299.966,299.59200000000004,1.12,1.12
04.08.2021 00:04:05.673,299.94,299.583,0.69,1.5
04.08.2021 00:04:06.728,299.982,299.573,1.5,1.5
04.08.2021 00:04:06.904,299.957,299.583,1.12,1.12
04.08.2021 00:04:07.173,299.956,299.581,1.12,1.12
04.08.2021 00:04:08.185,299.958,299.583,1.12,1.12
04.08.2021 00:04:12.049,299.958,299.583,1.12,1.12
04.08.2021 00:04:13.145,299.957,299.582,1.12,1.12
04.08.2021 00:04:15.129,299.931,299.605,1,1
04.08.2021 00:04:15.801,299.931,299.605,1,1
04.08.2021 00:04:17.167,299.933,299.607,1,1
04.08.2021 00:04:18.215,299.931,299.605,1,1
04.08.2021 00:04:18.727,299.933,299.607,1,1
04.08.2021 00:04:22.404,299.934,299.606,1,1
04.08.2021 00:04:26.930,299.936,299.608,1,1
04.08.2021 00:04:27.384,299.936,299.608,1,1
04.08.2021 00:04:27.587,299.931,299.606,1,1
04.08.2021 00:04:30.034,299.936,299.60900000000004,1,1
04.08.2021 00:04:30.084,299.936,299.60900000000004,1,1
04.08.2021 00:04:30.278,299.933,299.607,1,1
04.08.2021 00:04:30.480,299.931,299.605,1,1
04.08.2021 00:04:33.809,299.932,299.606,1,1
04.08.2021 00:04:33.991,299.932,299.606,1,1
04.08.2021 00:04:37.509,299.958,299.581,1.12,1.12
04.08.2021 00:04:44.076,299.959,299.582,1.12,1.12
04.08.2021 00:04:46.231,299.939,299.608,1,1
04.08.2021 00:04:46.470,299.98400000000004,299.589,1,1.5
04.08.2021 00:04:46.672,299.992,299.637,1,1
04.08.2021 00:04:46.887,300.005,299.6,1.5,1.12
04.08.2021 00:04:47.289,299.971,299.59700000000004,1.12,1.12
04.08.2021 00:04:50.525,299.996,299.596,1.5,1.12
04.08.2021 00:04:50.717,299.969,299.595,1.12,1.12
04.08.2021 00:04:53.150,299.969,299.595,1.12,1.12
04.08.2021 00:04:54.086,299.994,299.584,1.5,1.5
04.08.2021 00:04:54.136,299.906,299.644,0.37,0.37
04.08.2021 00:04:57.034,299.968,299.588,1.12,1.12
04.08.2021 00:04:57.388,299.971,299.591,1.12,1.12
04.08.2021 00:04:58.876,299.978,299.598,1.12,1.12
04.08.2021 00:04:59.128,299.978,299.60400000000004,1.12,1.12
04.08.2021 00:04:59.323,299.976,299.601,1.12,1.12
04.08.2021 00:05:00.450,299.981,299.606,1.12,1.12
04.08.2021 00:05:01.442,299.98400000000004,299.61,1,1
04.08.2021 00:05:01.543,299.987,299.613,1.12,1.12
04.08.2021 00:05:01.783,300.019,299.61,1.5,1.5
04.08.2021 00:05:01.834,299.991,299.616,1.12,1.12
04.08.2021 00:05:04.080,299.963,299.638,1,1
04.08.2021 00:05:04.908,299.988,299.61400000000003,1.12,1.12
04.08.2021 00:05:04.958,299.988,299.61400000000003,1.12,1.12
04.08.2021 00:05:05.008,300,299.615,1.12,1.5
04.08.2021 00:05:05.325,300.014,299.639,1.12,1.12
04.08.2021 00:05:05.739,300.012,299.637,1.12,1.12
04.08.2021 00:05:06.241,300.01,299.634,1.12,1.12
04.08.2021 00:05:07.073,300.009,299.635,1.12,1.12
04.08.2021 00:05:12.724,300.009,299.635,1.12,1.12
04.08.2021 00:05:13.844,300.008,299.633,1.12,1.12
04.08.2021 00:05:13.995,300.008,299.633,1.12,1.12
04.08.2021 00:05:18.556,299.986,299.644,1,1
04.08.2021 00:05:18.607,300.02,299.622,1,1.5
04.08.2021 00:05:18.756,299.956,299.694,0.37,0.37
04.08.2021 00:05:23.971,299.996,299.644,1,1
04.08.2021 00:05:24.022,300.023,299.628,1,1.5
04.08.2021 00:05:24.220,299.987,299.656,1,1
04.08.2021 00:05:24.804,299.986,299.65500000000003,1,1
04.08.2021 00:05:27.552,300.016,299.641,1.12,1.12
04.08.2021 00:05:29.141,300.04400000000004,299.634,1.5,1.5
04.08.2021 00:05:29.291,299.956,299.694,0.37,0.37
04.08.2021 00:05:31.759,300.024,299.631,1.12,1.5
04.08.2021 00:05:31.859,300.003,299.631,1.12,1.5
04.08.2021 00:05:34.137,300.007,299.632,1.12,1.12
04.08.2021 00:05:36.392,300.006,299.631,1.12,1.12
04.08.2021 00:05:37.775,300.009,299.634,1.12,1.12
04.08.2021 00:05:39.906,300.009,299.634,1.12,1.12
04.08.2021 00:05:44.620,300.008,299.634,1.12,1.12
04.08.2021 00:05:45.476,300.017,299.627,1.5,1.5
04.08.2021 00:05:45.577,300.036,299.627,1.5,1.5
04.08.2021 00:05:45.678,300.006,299.63,1.12,1.12
04.08.2021 00:05:45.879,300.006,299.63,1.12,1.12
04.08.2021 00:05:46.250,300.006,299.63,1.12,1.12
04.08.2021 00:05:46.652,300.006,299.63,1.12,1.12
04.08.2021 00:05:47.936,300.007,299.63,1.12,1.12
04.08.2021 00:05:48.633,300.03700000000003,299.627,1.5,1.5
04.08.2021 00:05:48.833,300.006,299.627,1.12,1.5
04.08.2021 00:05:51.100,300.006,299.627,1.12,1.5
04.08.2021 00:05:57.248,299.976,299.645,0.87,1
04.08.2021 00:05:57.500,299.981,299.65000000000003,1,1
04.08.2021 00:06:04.127,299.956,299.694,0.37,0.37
04.08.2021 00:06:15.418,300.017,299.642,1.12,1.12
04.08.2021 00:06:15.658,300.03000000000003,299.656,1.12,1.12
04.08.2021 00:06:18.583,300.03000000000003,299.656,1.12,1.12
04.08.2021 00:06:25.387,300.019,299.644,1.12,1.12
04.08.2021 00:06:28.820,300.019,299.644,1.12,1.12
04.08.2021 00:06:28.871,300.006,299.673,1,1
04.08.2021 00:06:29.090,300.016,299.69,1,1
04.08.2021 00:06:31.844,300.033,299.65900000000005,1.12,1.12
04.08.2021 00:06:32.407,300.03200000000004,299.658,1.12,1.12
04.08.2021 00:06:39.080,300.031,299.652,1.12,1.5
04.08.2021 00:06:39.283,300.027,299.647,1.12,1.5
04.08.2021 00:06:49.133,300.008,299.67900000000003,1,1
04.08.2021 00:06:49.337,300.007,299.678,1,1
04.08.2021 00:06:53.065,300.059,299.649,1.5,1.5
04.08.2021 00:06:53.266,300.028,299.649,1.12,1.5
04.08.2021 00:06:59.336,299.995,299.644,0.69,1.5
04.08.2021 00:07:00.786,300.048,299.638,1.5,1.5
04.08.2021 00:07:00.938,299.966,299.704,0.37,0.37
04.08.2021 00:07:02.239,300.02,299.644,1.12,1.12
04.08.2021 00:07:03.261,300.014,299.638,1.12,1.12
04.08.2021 00:07:03.362,300.006,299.631,1.12,1.5
04.08.2021 00:07:08.356,300.003,299.627,1.12,1.12
04.08.2021 00:07:11.757,299.999,299.623,1.12,1.12
04.08.2021 00:07:17.069,299.993,299.618,1.12,1.12
04.08.2021 00:07:17.263,300.023,299.61400000000003,1.5,1.5
04.08.2021 00:07:17.313,299.936,299.67400000000004,0.37,0.37
04.08.2021 00:07:18.557,299.999,299.618,1.12,1.12
04.08.2021 00:07:24.815,300.004,299.627,1.12,1.5
04.08.2021 00:07:30.346,300.016,299.625,1,1.5
04.08.2021 00:07:30.546,299.98,299.649,1,1
04.08.2021 00:07:37.945,300.007,299.626,1.12,1.12
04.08.2021 00:07:40.248,300.03000000000003,299.62,1.5,1.5
04.08.2021 00:07:40.448,299.999,299.62,1.12,1.5
04.08.2021 00:07:43.960,300.005,299.624,1.12,1.5
04.08.2021 00:07:45.774,300.016,299.635,1.12,1.12
04.08.2021 00:07:45.924,300.016,299.635,1.12,1.12
04.08.2021 00:07:46.178,300.027,299.646,1.12,1.12
04.08.2021 00:07:47.241,300.05400000000003,299.644,1.5,1.5
04.08.2021 00:07:47.433,300.028,299.65000000000003,1.12,1.12
04.08.2021 00:07:49.995,300,299.672,1,1
04.08.2021 00:07:53.921,300.002,299.67400000000004,1,1
04.08.2021 00:08:02.537,300.021,299.643,1.12,1.12
04.08.2021 00:08:03.028,300.021,299.643,1.12,1.12
04.08.2021 00:08:03.078,300.021,299.643,1.12,1.12
04.08.2021 00:08:05.858,300.016,299.641,1.12,1.12
04.08.2021 00:08:06.726,300.016,299.641,1.12,1.12
04.08.2021 00:08:17.632,300.019,299.643,1.12,1.12
04.08.2021 00:08:24.829,300.03700000000003,299.646,1,1.5
04.08.2021 00:08:25.031,299.999,299.672,1,1
04.08.2021 00:08:26.185,300.006,299.654,1,1
04.08.2021 00:08:26.285,300.036,299.646,1,1.5
04.08.2021 00:08:26.435,300,299.67400000000004,1,1
04.08.2021 00:08:27.115,300,299.67400000000004,1,1
04.08.2021 00:08:27.364,300.012,299.685,1,1
04.08.2021 00:08:27.736,300.03700000000003,299.661,1.87,1.12
04.08.2021 00:08:28.151,300.03700000000003,299.661,1.87,1.12
04.08.2021 00:08:28.266,300.016,299.66,0.69,1.5
04.08.2021 00:08:33.973,300.055,299.68,1.12,1.12
04.08.2021 00:08:34.156,300.058,299.682,1.12,1.12
04.08.2021 00:08:37.583,300.061,299.685,1.12,1.12
04.08.2021 00:08:37.832,300.062,299.682,1.12,1.5
04.08.2021 00:08:44.157,300.03900000000004,299.707,1,1
04.08.2021 00:08:46.483,300.046,299.694,1,1
04.08.2021 00:08:46.682,300.064,299.687,1,1
04.08.2021 00:08:46.732,300.03900000000004,299.711,1,1
04.08.2021 00:08:47.941,300.033,299.705,1,1
04.08.2021 00:09:00.318,300.056,299.676,1.12,1.12
04.08.2021 00:09:00.535,300.05400000000003,299.67400000000004,1.12,1.12
04.08.2021 00:09:00.732,300.072,299.66200000000003,1.5,1.5
04.08.2021 00:09:03.319,300.045,299.665,1.12,1.12
04.08.2021 00:09:03.420,300.04200000000003,299.66200000000003,1.12,1.12
04.08.2021 00:09:10.329,300.006,299.66400000000004,1,1
04.08.2021 00:09:10.429,300.036,299.645,1,1.5
04.08.2021 00:09:10.561,300.016,299.645,1.12,1.5
04.08.2021 00:09:11.903,299.987,299.633,0.69,1.5
04.08.2021 00:09:14.270,300.019,299.628,1,1.5
04.08.2021 00:09:14.470,300.016,299.641,1.12,1.12
04.08.2021 00:09:20.099,299.987,299.628,0.69,1.5
04.08.2021 00:09:20.264,300.008,299.634,1.12,1.12
04.08.2021 00:09:20.471,300.005,299.631,1.12,1.12
04.08.2021 00:09:20.577,300.005,299.631,1.12,1.12
04.08.2021 00:09:20.702,300.007,299.633,1,1
04.08.2021 00:09:20.753,300.007,299.633,1.12,1.12
04.08.2021 00:09:24.888,300.007,299.633,1.12,1.12
04.08.2021 00:09:34.488,300.031,299.621,1.5,1.5
04.08.2021 00:09:34.890,300.007,299.633,1.12,1.12
04.08.2021 00:09:35.043,300.007,299.633,1.12,1.12
04.08.2021 00:09:35.094,300.015,299.66400000000004,1,1
04.08.2021 00:09:35.445,299.956,299.66700000000003,0.37,1
04.08.2021 00:09:45.545,300.031,299.621,1.5,1.5
04.08.2021 00:09:45.746,300.004,299.629,1.12,1.12
04.08.2021 00:09:46.560,300.031,299.621,1.5,1.5
04.08.2021 00:09:46.712,299.94599999999997,299.684,0.37,0.37
04.08.2021 00:09:52.058,300.004,299.63,1.12,1.12
04.08.2021 00:09:52.109,300.016,299.621,1.06,1.5
04.08.2021 00:09:52.309,300.004,299.63,1.12,1.12
04.08.2021 00:09:55.316,300.002,299.627,1.12,1.12
04.08.2021 00:09:56.841,300.018,299.608,1.5,1.5
04.08.2021 00:09:57.042,299.991,299.615,1.12,1.12
04.08.2021 00:10:01.896,299.997,299.621,1.12,1.12
04.08.2021 00:10:01.946,299.997,299.621,1.12,1.12
04.08.2021 00:10:02.347,299.991,299.61400000000003,1.12,1.12
04.08.2021 00:10:02.774,299.991,299.61400000000003,1.12,1.12
04.08.2021 00:10:04.640,300.018,299.608,1.5,1.5
04.08.2021 00:10:04.840,299.991,299.615,1.12,1.12
04.08.2021 00:10:12.089,299.991,299.615,1.12,1.12
04.08.2021 00:10:12.289,299.987,299.611,1.12,1.12
04.08.2021 00:10:34.989,299.98900000000003,299.613,1.12,1.12
04.08.2021 00:10:35.796,299.964,299.637,1,1
04.08.2021 00:10:36.462,299.964,299.637,1,1
04.08.2021 00:10:36.893,299.96500000000003,299.638,1,1
04.08.2021 00:10:37.886,299.964,299.637,1,1
04.08.2021 00:10:38.135,299.954,299.627,1,1
04.08.2021 00:10:39.015,299.954,299.627,1,1
04.08.2021 00:10:39.219,299.954,299.627,1,1
04.08.2021 00:10:43.495,299.978,299.601,1.12,1.12
04.08.2021 00:10:50.888,299.98,299.60400000000004,1.12,1.12
04.08.2021 00:10:59.492,299.954,299.626,1,1
04.08.2021 00:11:00.769,299.97900000000004,299.60200000000003,1.12,1.12
04.08.2021 00:11:00.970,299.97900000000004,299.60200000000003,1.12,1.12
04.08.2021 00:11:01.236,299.97900000000004,299.60200000000003,1.12,1.12
04.08.2021 00:11:01.787,299.969,299.59200000000004,1.12,1.12
04.08.2021 00:11:03.267,299.969,299.59200000000004,1.12,1.12
04.08.2021 00:11:09.301,300.003,299.593,1.5,1.5
04.08.2021 00:11:09.502,299.97400000000005,299.6,1.12,1.12
04.08.2021 00:11:37.387,299.969,299.594,1.12,1.12
04.08.2021 00:11:38.767,299.969,299.594,1.12,1.12
04.08.2021 00:11:42.707,299.969,299.594,1.12,1
04.08.2021 00:11:42.807,299.993,299.589,1.12,1.5
04.08.2021 00:11:42.933,299.999,299.607,1.5,1.12
04.08.2021 00:11:43.288,299.926,299.608,0.37,1.12
04.08.2021 00:11:47.320,299.99,299.598,1,1
04.08.2021 00:11:47.476,299.981,299.607,1.12,1.12
04.08.2021 00:11:47.674,300.005,299.6,1.5,1.12
04.08.2021 00:11:47.883,300.005,299.612,1.5,1.12
04.08.2021 00:11:48.083,299.926,299.617,0.37,1.12
04.08.2021 00:11:59.614,300.004,299.595,1.5,1.5
04.08.2021 00:11:59.815,299.97900000000004,299.6,1.12,1.12
04.08.2021 00:12:02.040,299.97900000000004,299.6,1.12,1.12
04.08.2021 00:12:02.407,299.97700000000003,299.598,1.12,1.12
04.08.2021 00:12:05.954,299.952,299.622,1,1
04.08.2021 00:12:06.157,299.958,299.628,1,1
04.08.2021 00:12:06.739,299.96500000000003,299.635,1,1
04.08.2021 00:12:06.988,299.957,299.628,1,1
04.08.2021 00:12:14.489,299.993,299.6,1,1.5
04.08.2021 00:12:14.690,299.956,299.629,1,1
04.08.2021 00:12:21.547,299.981,299.605,1.12,1.12
04.08.2021 00:12:21.797,299.975,299.59900000000005,1.12,1.12
04.08.2021 00:12:30.299,299.975,299.598,1.12,1.12
04.08.2021 00:12:32.526,299.97700000000003,299.601,1.12,1.12
04.08.2021 00:12:34.636,299.954,299.628,1,1
04.08.2021 00:12:39.888,299.954,299.628,1,1
04.08.2021 00:12:43.906,299.98900000000003,299.59900000000005,1,1.5
04.08.2021 00:12:44.107,299.955,299.629,1,1
04.08.2021 00:12:44.931,299.98900000000003,299.59900000000005,1,1.5
04.08.2021 00:12:45.133,299.916,299.654,0.37,0.37
04.08.2021 00:12:53.914,300.004,299.594,1.5,1.5
04.08.2021 00:12:54.060,299.97700000000003,299.601,1.12,1.12
04.08.2021 00:13:02.165,299.97700000000003,299.601,1.12,1.12
04.08.2021 00:13:06.874,299.97700000000003,299.601,1.12,1.12
04.08.2021 00:13:07.396,299.949,299.598,1,1
04.08.2021 00:13:07.934,299.955,299.629,1,1
04.08.2021 00:13:14.865,299.98,299.605,1,1
04.08.2021 00:13:15.123,299.95,299.59700000000004,1,1
04.08.2021 00:13:15.561,299.945,299.59000000000003,1,1.62
04.08.2021 00:13:20.607,299.962,299.578,1.12,1.5
04.08.2021 00:13:20.810,299.958,299.57599999999996,1.12,1.5
04.08.2021 00:13:21.008,299.954,299.644,1.12,0.37
04.08.2021 00:13:21.260,299.978,299.574,1.5,1.12
04.08.2021 00:13:23.784,299.982,299.579,1.5,1.12
04.08.2021 00:13:24.842,299.987,299.577,1.5,1.5
04.08.2021 00:13:31.010,299.985,299.57599999999996,1.5,1.12
04.08.2021 00:13:40.961,299.98400000000004,299.603,1.5,1
04.08.2021 00:13:41.709,299.97900000000004,299.59700000000004,1,1
04.08.2021 00:14:02.050,299.97900000000004,299.59700000000004,1,1
04.08.2021 00:14:02.202,299.98,299.598,1,1
04.08.2021 00:14:03.166,299.988,299.607,1.5,1
04.08.2021 00:14:08.087,299.988,299.608,1.5,1
04.08.2021 00:14:20.693,299.992,299.584,1.5,1.12
04.08.2021 00:14:25.782,299.992,299.588,1.5,1.5
04.08.2021 00:14:25.984,299.993,299.588,1.44,1.5
04.08.2021 00:14:26.829,299.99,299.588,1.44,1.5
04.08.2021 00:14:27.615,299.99,299.588,1.5,1.5
04.08.2021 00:14:29.937,299.993,299.611,1,1
04.08.2021 00:14:30.230,299.993,299.611,1.62,1
04.08.2021 00:14:30.432,299.99,299.608,1,1
04.08.2021 00:14:31.558,299.992,299.613,1.5,1
04.08.2021 00:14:38.031,299.991,299.60900000000004,1,1
04.08.2021 00:14:38.586,299.992,299.588,1.5,1.5
04.08.2021 00:14:46.842,299.992,299.588,1.44,1.5
04.08.2021 00:14:47.150,299.992,299.588,1.5,1.5
04.08.2021 00:14:52.387,299.993,299.588,1.5,1.5
04.08.2021 00:15:08.385,299.98900000000003,299.588,1.5,1.5
04.08.2021 00:15:12.509,299.99,299.588,1.5,1.5
04.08.2021 00:15:12.732,299.99,299.588,1.5,1.5
04.08.2021 00:15:13.528,299.993,299.588,1.5,1.5
04.08.2021 00:15:15.244,299.993,299.588,1.5,1.5
04.08.2021 00:15:16.001,299.993,299.588,1.5,1.5
04.08.2021 00:15:18.320,299.993,299.588,1.5,1.5
04.08.2021 00:15:20.712,299.988,299.588,1.5,1.5
04.08.2021 00:15:21.647,299.98,299.57,1.5,1.5
04.08.2021 00:15:25.692,299.975,299.568,1.5,1.5
04.08.2021 00:15:26.935,299.973,299.573,1.5,1.12
04.08.2021 00:15:27.931,299.973,299.575,1.44,1.12
04.08.2021 00:15:28.350,299.973,299.575,1.44,1.12
04.08.2021 00:15:34.168,299.973,299.573,1.5,1.12
04.08.2021 00:15:36.021,299.975,299.574,1.5,1.12
04.08.2021 00:15:50.053,299.968,299.568,1.5,1.5
04.08.2021 00:15:51.007,299.963,299.568,1.5,1.5
04.08.2021 00:15:57.220,299.968,299.577,1.5,1.12
04.08.2021 00:15:58.130,299.97200000000004,299.568,1.5,1.5
04.08.2021 00:16:18.291,299.964,299.568,1.5,1.5
04.08.2021 00:16:18.492,299.964,299.568,1.5,1.5
04.08.2021 00:16:22.650,299.964,299.568,1.5,1.5
04.08.2021 00:16:26.589,299.97400000000005,299.574,1.5,1.12
04.08.2021 00:16:26.839,299.97700000000003,299.573,1.5,1.12
04.08.2021 00:16:26.937,299.97700000000003,299.573,1.5,1.12
04.08.2021 00:16:29.928,299.97700000000003,299.573,1.5,1.12
04.08.2021 00:16:34.624,299.97200000000004,299.59700000000004,1.5,1
04.08.2021 00:16:55.221,299.97200000000004,299.573,1.5,1.12
04.08.2021 00:16:56.530,299.97200000000004,299.573,1.5,1.12
04.08.2021 00:16:58.220,299.971,299.573,1.5,1.12
04.08.2021 00:16:59.079,299.964,299.566,1.5,1.12
04.08.2021 00:17:04.417,299.964,299.566,1.5,1.12
04.08.2021 00:17:07.779,299.963,299.563,1.5,1.12
04.08.2021 00:17:08.029,299.96,299.558,1.5,1.12
04.08.2021 00:17:08.230,299.953,299.548,1.5,1.5
04.08.2021 00:17:09.694,299.956,299.548,1.5,1.5
04.08.2021 00:17:09.946,299.96500000000003,299.556,1.5,1.5
04.08.2021 00:17:10.099,299.96500000000003,299.556,1.5,1.5
04.08.2021 00:17:15.329,299.964,299.555,1.5,1.5
04.08.2021 00:17:15.430,299.964,299.565,1.5,1.12
04.08.2021 00:17:24.609,299.964,299.561,1.5,1.12
04.08.2021 00:17:25.659,299.959,299.561,1.5,1.12
04.08.2021 00:17:28.926,299.953,299.551,1.5,1.12
04.08.2021 00:17:32.382,299.952,299.54900000000004,1.5,1.12
04.08.2021 00:17:47.645,299.949,299.54900000000004,1.5,1.12
04.08.2021 00:17:48.044,299.95099999999996,299.548,1.5,1.5
04.08.2021 00:17:49.472,299.954,299.55400000000003,1.5,1.12
04.08.2021 00:17:51.777,299.949,299.55,1.5,1.12
04.08.2021 00:17:52.578,299.945,299.548,1.5,1.5
04.08.2021 00:17:58.929,299.94,299.563,1.5,1
04.08.2021 00:18:18.543,299.941,299.54200000000003,1.5,1.12
04.08.2021 00:19:05.686,299.94,299.541,1.5,1.12
04.08.2021 00:19:05.915,299.942,299.548,1.5,1.5
04.08.2021 00:19:06.319,299.955,299.548,1.5,1.5
04.08.2021 00:19:20.609,299.953,299.548,1.5,1.5
04.08.2021 00:19:23.519,299.957,299.579,1.5,1
04.08.2021 00:19:25.318,299.958,299.57599999999996,1,1
04.08.2021 00:19:38.026,299.958,299.552,1.44,1.12
04.08.2021 00:19:43.279,299.956,299.583,1.5,1
04.08.2021 00:19:47.195,299.942,299.582,1,1
04.08.2021 00:19:47.825,299.964,299.561,1.5,1.12
04.08.2021 00:19:49.293,299.966,299.563,1.5,1.12
04.08.2021 00:19:49.904,299.966,299.561,1.5,1.12
04.08.2021 00:19:50.288,299.966,299.561,1.5,1.12
04.08.2021 00:19:50.439,299.906,299.561,0.37,1.12
04.08.2021 00:19:55.556,299.96,299.551,1.5,1.5
04.08.2021 00:19:55.780,299.958,299.551,1.12,1.5
04.08.2021 00:19:56.016,299.956,299.551,1.5,1.12
04.08.2021 00:20:03.662,299.955,299.551,1.5,1.12
04.08.2021 00:20:04.066,299.958,299.55400000000003,1.5,1.12
04.08.2021 00:20:11.669,299.958,299.558,1.5,1.5
04.08.2021 00:20:49.947,299.955,299.558,1.5,1.5
04.08.2021 00:20:50.149,299.955,299.562,1.5,1.12
04.08.2021 00:21:08.201,299.966,299.61400000000003,1.25,0.37
04.08.2021 00:21:20.671,299.956,299.555,1.5,1.12
04.08.2021 00:21:20.920,299.961,299.56,1.5,1.12
04.08.2021 00:21:21.360,299.968,299.562,1.5,1.12
04.08.2021 00:21:25.643,299.96500000000003,299.586,1,1
04.08.2021 00:21:26.993,299.963,299.584,1,1
04.08.2021 00:21:30.164,299.96500000000003,299.559,1.5,1.12
04.08.2021 00:21:32.614,299.96700000000004,299.561,1.5,1.12
04.08.2021 00:21:35.844,299.96500000000003,299.561,1.5,1.12
04.08.2021 00:21:36.505,299.97,299.566,1.5,1.12
04.08.2021 00:21:38.005,299.971,299.566,1.5,1.12
04.08.2021 00:21:47.609,299.975,299.598,1,1
04.08.2021 00:21:49.019,299.97400000000005,299.59700000000004,1,1
04.08.2021 00:22:16.389,299.976,299.598,1,1
04.08.2021 00:22:17.323,299.98900000000003,299.579,1.5,1.5
04.08.2021 00:22:20.729,299.991,299.588,1.5,1.5
04.08.2021 00:22:40.388,299.98400000000004,299.588,1.5,1.5
04.08.2021 00:23:06.088,299.986,299.644,1.25,0.37
04.08.2021 00:23:23.613,299.992,299.584,1.5,1.12
04.08.2021 00:23:26.531,299.992,299.61,1.62,1
04.08.2021 00:23:32.739,299.993,299.586,1.5,1.12
04.08.2021 00:23:32.900,299.993,299.596,1.5,1.12
04.08.2021 00:23:37.329,300,299.591,1.5,1.5
04.08.2021 00:23:44.567,299.994,299.586,1.5,1.12
04.08.2021 00:23:44.727,299.994,299.596,1.5,1.12
04.08.2021 00:23:44.964,299.996,299.59000000000003,1.25,1.12
04.08.2021 00:24:05.193,299.995,299.59000000000003,1.44,1.12
04.08.2021 00:24:08.113,299.994,299.589,1.5,1.12
04.08.2021 00:24:28.746,300,299.60200000000003,1.5,1.12
04.08.2021 00:24:32.116,300.003,299.60400000000004,1.5,1.12
04.08.2021 00:25:20.349,300.002,299.603,1.5,1.12
04.08.2021 00:25:22.170,300.001,299.598,1.5,1.5
04.08.2021 00:25:30.511,300.004,299.605,1.5,1.12
04.08.2021 00:25:39.720,300.001,299.598,1.5,1.5
04.08.2021 00:25:39.921,299.995,299.598,1.5,1.5
04.08.2021 00:25:41.923,299.992,299.598,1.5,1.5
04.08.2021 00:25:45.669,299.992,299.598,1.5,1.5
04.08.2021 00:25:46.070,299.994,299.598,1.5,1.5
04.08.2021 00:25:46.274,299.994,299.598,1.5,1.5
04.08.2021 00:25:52.671,299.993,299.598,1.5,1.5
04.08.2021 00:25:58.777,299.993,299.598,1.5,1.5
04.08.2021 00:26:41.734,299.994,299.598,1.5,1.5
04.08.2021 00:26:46.698,299.992,299.598,1.5,1.5
04.08.2021 00:27:04.405,299.996,299.61,1.5,1.12
04.08.2021 00:27:04.960,300.005,299.598,1.5,1.5
04.08.2021 00:27:38.968,300.004,299.59900000000005,1.5,1.12
04.08.2021 00:27:54.338,299.994,299.596,1.5,1.12
04.08.2021 00:27:58.642,299.994,299.59700000000004,1.5,1.12
04.08.2021 00:28:27.681,299.993,299.61,1.5,1.12
04.08.2021 00:28:31.665,299.993,299.61,1.5,1.12
04.08.2021 00:28:36.415,299.993,299.596,1.5,1.12
04.08.2021 00:28:49.916,299.987,299.588,1.5,1.5
04.08.2021 00:28:50.074,299.987,299.588,1.5,1.5
04.08.2021 00:29:15.020,299.981,299.588,1.5,1.5
04.08.2021 00:29:33.888,299.98400000000004,299.583,1.5,1.12
04.08.2021 00:29:51.019,299.98400000000004,299.583,1.5,1.12
04.08.2021 00:29:56.232,299.943,299.596,1,1
04.08.2021 00:29:56.433,299.906,299.617,0.37,1
04.08.2021 00:29:57.502,299.969,299.594,1.12,1.12
04.08.2021 00:30:22.273,299.969,299.594,1.12,1.12
04.08.2021 00:30:22.324,299.916,299.594,0.37,1.12
04.08.2021 00:30:22.525,299.962,299.588,1.12,1.5
04.08.2021 00:30:46.074,299.964,299.588,1.12,1.5
04.08.2021 00:30:46.125,299.99,299.588,1.5,1.5
04.08.2021 00:30:46.274,299.916,299.588,0.37,1.5
04.08.2021 00:30:51.908,299.99,299.588,1.5,1.5
04.08.2021 00:31:11.186,299.993,299.605,1.5,1.12
04.08.2021 00:31:11.565,299.993,299.588,1.5,1.5
04.08.2021 00:31:11.917,299.993,299.66400000000004,1.5,0.37
04.08.2021 00:31:12.115,299.993,299.605,1.5,1.12
04.08.2021 00:31:33.377,299.993,299.584,1.5,1.5
04.08.2021 00:31:39.200,299.993,299.584,1.5,1.5
04.08.2021 00:31:41.153,299.992,299.586,1.5,1.12
04.08.2021 00:31:44.139,299.992,299.586,1.5,1.12
04.08.2021 00:31:55.174,299.993,299.587,1.5,1.12
04.08.2021 00:31:58.935,299.993,299.587,1.5,1.12
04.08.2021 00:31:59.186,299.995,299.598,1.5,1.12
04.08.2021 00:32:01.328,300.006,299.608,1.5,1.5
04.08.2021 00:32:26.356,300.02,299.62,1.5,1.12
04.08.2021 00:32:26.958,300.026,299.616,1.5,1.5
04.08.2021 00:32:34.778,300.002,299.63,1,1
04.08.2021 00:32:35.298,300.002,299.63,1,1
04.08.2021 00:32:46.344,299.999,299.627,1,1
04.08.2021 00:32:46.544,299.999,299.627,1,1
04.08.2021 00:32:50.870,299.996,299.624,1,1
04.08.2021 00:32:51.071,300.001,299.629,1,1
04.08.2021 00:33:02.577,300.009,299.605,1.5,1.12
04.08.2021 00:33:03.031,300.009,299.638,1.5,1
04.08.2021 00:33:03.782,300.007,299.632,1.5,1
04.08.2021 00:33:03.984,299.999,299.633,1,1
04.08.2021 00:33:09.239,300.002,299.632,1,1
04.08.2021 00:33:10.812,300.002,299.632,1,1
04.08.2021 00:33:11.144,300.007,299.59700000000004,1.5,1.5
04.08.2021 00:33:11.868,299.991,299.588,1.5,1.5
04.08.2021 00:33:17.384,299.991,299.588,1.5,1.5
04.08.2021 00:33:29.453,299.994,299.624,1,1
04.08.2021 00:34:04.503,300.007,299.61,1.5,1.12
04.08.2021 00:34:42.730,300.016,299.611,1.5,1.12
04.08.2021 00:34:43.957,300.016,299.61400000000003,1.5,1.12
04.08.2021 00:34:45.655,300.012,299.608,1.5,1.5
04.08.2021 00:35:02.899,300.008,299.608,1.5,1.5
04.08.2021 00:35:09.019,299.991,299.6,1.25,1.12
04.08.2021 00:35:09.207,299.991,299.598,1.25,1.5
04.08.2021 00:35:18.027,299.991,299.598,1.5,1.5
04.08.2021 00:35:18.228,299.991,299.598,1.5,1.5
04.08.2021 00:35:18.840,299.99,299.598,1.5,1.5
04.08.2021 00:35:26.210,299.988,299.588,1.5,1.5
04.08.2021 00:35:56.389,299.983,299.612,1,1
04.08.2021 00:35:57.718,299.983,299.613,1,1
04.08.2021 00:36:46.282,299.994,299.608,1.5,1.5
04.08.2021 00:37:21.849,299.99,299.608,1.25,1.25
04.08.2021 00:37:26.181,299.99,299.608,1.5,1.5
04.08.2021 00:37:36.540,299.982,299.611,1,1
04.08.2021 00:37:39.420,299.982,299.611,1,1
04.08.2021 00:37:50.988,299.992,299.608,1.5,1.5
04.08.2021 00:37:51.144,299.992,299.66400000000004,1.5,0.37
04.08.2021 00:37:55.071,299.98400000000004,299.616,1,1
04.08.2021 00:37:57.549,299.987,299.618,1,1
04.08.2021 00:38:00.688,299.991,299.622,1,1
04.08.2021 00:38:10.019,299.993,299.624,1,1
04.08.2021 00:38:11.090,299.99,299.621,1,1
04.08.2021 00:38:25.890,300.001,299.608,1.5,1.5
04.08.2021 00:38:26.589,300.001,299.608,1.5,1.5
04.08.2021 00:39:02.755,300.002,299.608,1.5,1.5
04.08.2021 00:39:02.956,300.002,299.608,1.5,1.5
04.08.2021 00:39:18.046,299.999,299.608,1.5,1.5
04.08.2021 00:39:29.121,299.996,299.608,1.5,1.5
04.08.2021 00:39:42.806,299.997,299.608,1.5,1.5
04.08.2021 00:40:01.456,299.997,299.608,1.5,1.5
04.08.2021 00:40:10.139,299.997,299.608,1.5,1.5
04.08.2021 00:41:00.264,299.999,299.608,1.5,1.5
04.08.2021 00:41:00.906,299.999,299.608,1.5,1.5
04.08.2021 00:41:05.314,300.003,299.608,1.5,1.5
04.08.2021 00:41:05.514,300.007,299.608,1.5,1.5
04.08.2021 00:41:15.939,300.015,299.615,1.5,1.12
04.08.2021 00:41:21.231,300.015,299.628,1.5,1.5
04.08.2021 00:41:48.367,300.013,299.641,1,1
04.08.2021 00:41:48.598,300.014,299.642,1,1
04.08.2021 00:41:49.008,300.018,299.628,1.5,1.5
04.08.2021 00:41:49.209,300.018,299.628,1.5,1.5
04.08.2021 00:41:59.576,300.014,299.628,1.5,1.5
04.08.2021 00:41:59.818,300.014,299.628,1.5,1.5
04.08.2021 00:42:04.193,300.01,299.64,1.5,1
04.08.2021 00:42:04.411,300.01,299.639,1.5,1
04.08.2021 00:42:04.570,300.009,299.63599999999997,1,1
04.08.2021 00:42:23.847,300.005,299.608,1.5,1.5
04.08.2021 00:42:24.430,300.005,299.608,1.5,1.5
04.08.2021 00:42:28.590,300.005,299.608,1.5,1.5
04.08.2021 00:42:29.018,300.005,299.608,1.5,1.5
04.08.2021 00:42:38.260,300.006,299.628,1.5,1.5
04.08.2021 00:42:42.093,300.018,299.628,1.5,1.5
04.08.2021 00:42:44.089,300.018,299.628,1.5,1.5
04.08.2021 00:42:48.399,300.017,299.628,1.5,1.5
04.08.2021 00:42:50.538,300.019,299.628,1.5,1.5
04.08.2021 00:43:03.973,300.017,299.628,1.5,1.5
04.08.2021 00:43:18.795,300.016,299.643,1.5,1
04.08.2021 00:43:21.402,300.016,299.628,1.5,1.5
04.08.2021 00:43:21.848,300.008,299.628,1.5,1.5
04.08.2021 00:43:28.389,300.007,299.628,1.5,1.5
04.08.2021 00:43:30.228,300.007,299.628,1.5,1.5
04.08.2021 00:43:32.902,300.009,299.628,1.5,1.5
04.08.2021 00:43:45.412,300.007,299.618,1.5,1.5
04.08.2021 00:44:27.932,300.003,299.618,1.5,1.5
04.08.2021 00:44:30.889,299.997,299.618,1.5,1.5
04.08.2021 00:44:52.729,299.991,299.608,1.5,1.5
04.08.2021 00:44:52.938,299.991,299.608,1.44,1.5
04.08.2021 00:44:53.520,299.985,299.608,1.5,1.5
04.08.2021 00:44:53.973,299.99,299.608,1.5,1.5
04.08.2021 00:44:54.164,299.99,299.608,1.5,1.5
04.08.2021 00:45:01.777,299.991,299.608,1.5,1.5
04.08.2021 00:45:01.979,299.991,299.608,1.5,1.5
04.08.2021 00:45:06.002,299.991,299.608,1.5,1.5
04.08.2021 00:45:06.204,299.991,299.608,1.5,1.5
04.08.2021 00:45:17.733,299.992,299.63,1.5,1
04.08.2021 00:45:47.483,299.996,299.598,1.5,1.5
04.08.2021 00:46:02.121,299.996,299.598,1.5,1.5
04.08.2021 00:46:03.116,300.003,299.66400000000004,1.5,0.37
04.08.2021 00:46:06.142,300.003,299.60900000000004,1.5,1.12
04.08.2021 00:46:06.346,300.003,299.60900000000004,1.5,1.12
04.08.2021 00:46:16.107,300.006,299.60900000000004,1.5,1.12
04.08.2021 00:46:16.310,300.006,299.615,1.5,1.12
04.08.2021 00:47:02.667,300.009,299.618,1.5,1.5
04.08.2021 00:47:02.797,300.01,299.618,1.5,1.5
04.08.2021 00:47:03.008,300.02500000000003,299.618,1.5,1.5
04.08.2021 00:47:04.338,300.029,299.638,1.5,1.5
04.08.2021 00:47:05.060,300.029,299.638,1.5,1.5
04.08.2021 00:47:11.767,300.027,299.638,1.5,1.5
04.08.2021 00:47:32.269,300.028,299.638,1.5,1.5
04.08.2021 00:47:36.090,300.027,299.638,1.5,1.5
04.08.2021 00:47:37.423,300.027,299.638,1.5,1.5
04.08.2021 00:47:40.891,300.028,299.638,1.5,1.5
04.08.2021 00:47:50.997,300.029,299.638,1.5,1.5
04.08.2021 00:47:52.156,300.031,299.638,1.5,1.5
04.08.2021 00:48:05.979,300.03000000000003,299.634,1.5,1.12
04.08.2021 00:48:15.444,300.03000000000003,299.65700000000004,1.5,1
04.08.2021 00:48:15.647,300.03000000000003,299.65700000000004,1.5,1
04.08.2021 00:48:27.066,300.03000000000003,299.635,1.5,1.12
04.08.2021 00:48:27.527,300.03000000000003,299.635,1.5,1.12
04.08.2021 00:48:33.612,300.026,299.616,1.5,1.5
04.08.2021 00:48:41.003,300.026,299.632,1.5,1.12
04.08.2021 00:48:42.142,300.029,299.632,1.5,1.12
04.08.2021 00:48:48.514,300.027,299.629,1.5,1.12
04.08.2021 00:48:51.161,300.026,299.629,1.5,1.12
04.08.2021 00:48:51.389,300.026,299.629,1.5,1.12
04.08.2021 00:48:53.929,300.028,299.632,1.5,1.12
04.08.2021 00:48:54.129,300.03000000000003,299.634,1.5,1.12
04.08.2021 00:48:55.945,300.031,299.634,1.5,1.12
04.08.2021 00:48:57.469,300.03000000000003,299.622,1.5,1.12
04.08.2021 00:48:57.682,300.03000000000003,299.62,1.5,1.5
04.08.2021 00:49:06.844,300.028,299.618,1.5,1.5
04.08.2021 00:49:08.496,300.03000000000003,299.62,1.5,1.5
04.08.2021 00:49:08.734,300.03000000000003,299.634,1.5,1.12
04.08.2021 00:49:29.133,300.03000000000003,299.634,1.5,1.12
04.08.2021 00:49:47.523,300.03000000000003,299.634,1.5,1.12
04.08.2021 00:49:49.708,300.027,299.634,1.5,1.12
04.08.2021 00:49:50.890,300.027,299.63,1.5,1.12
04.08.2021 00:49:52.768,300.027,299.63,1.5,1.12
04.08.2021 00:49:56.604,300.026,299.622,1.5,1.12
04.08.2021 00:50:02.551,300.02,299.622,1.5,1.12
04.08.2021 00:50:11.269,300.024,299.638,1.5,1.5
04.08.2021 00:50:16.717,300.027,299.638,1.5,1.5
04.08.2021 00:50:20.769,300.022,299.638,1.5,1.5
04.08.2021 00:50:25.969,300.021,299.638,1.5,1.5
04.08.2021 00:50:27.286,300.021,299.638,1.5,1.5
04.08.2021 00:50:31.087,300.021,299.638,1.5,1.5
04.08.2021 00:50:32.604,300.024,299.638,1.5,1.5
04.08.2021 00:50:36.001,300.029,299.638,1.5,1.5
04.08.2021 00:50:36.199,300.033,299.648,1.5,1.5
04.08.2021 00:50:51.585,300.038,299.648,1.5,1.5
04.08.2021 00:51:08.171,300.031,299.648,1.5,1.5
04.08.2021 00:51:08.625,300.031,299.648,1.5,1.5
04.08.2021 00:51:10.454,300.031,299.648,1.5,1.5
04.08.2021 00:51:10.826,300.031,299.648,1.5,1.5
04.08.2021 00:51:14.649,300.035,299.648,1.5,1.5
04.08.2021 00:51:16.413,300.041,299.648,1.5,1.5
04.08.2021 00:51:39.939,300.04,299.644,1.5,1.12
04.08.2021 00:51:40.316,300.04,299.644,1.5,1.12
04.08.2021 00:51:44.157,300.04,299.644,1.5,1.12
04.08.2021 00:51:47.411,300.04,299.645,1.5,1.12
04.08.2021 00:51:47.563,300.041,299.645,1.5,1.12
04.08.2021 00:51:53.273,300.04,299.643,1.5,1.12
04.08.2021 00:51:53.853,300.04,299.666,1.5,1
04.08.2021 00:51:55.591,300.038,299.641,1.5,1.12
04.08.2021 00:51:55.793,300.038,299.641,1.5,1.12
04.08.2021 00:51:57.055,300.036,299.641,1.5,1.12
04.08.2021 00:51:59.128,300.033,299.623,1.5,1.5
04.08.2021 00:52:30.423,300.03900000000004,299.704,1.25,0.37
04.08.2021 00:52:43.656,300.04,299.646,1.5,1.12
04.08.2021 00:52:43.807,300.04,299.645,1.5,1.12
04.08.2021 00:52:52.089,300.045,299.648,1.5,1.12
04.08.2021 00:52:55.579,300.047,299.658,1.5,1.5
04.08.2021 00:54:16.954,300.04400000000004,299.658,1.5,1.5
04.08.2021 00:54:17.154,300.05,299.658,1.5,1.5
04.08.2021 00:54:34.172,300.047,299.66,1.5,1.12
04.08.2021 00:54:36.079,300.05400000000003,299.644,1,1.12
04.08.2021 00:54:36.130,300.05400000000003,299.658,1,1
04.08.2021 00:54:36.217,300.093,299.658,1.5,1
04.08.2021 00:54:40.539,300.113,299.668,1.5,1
04.08.2021 00:54:40.607,300.113,299.668,1.5,1
04.08.2021 00:54:41.680,300.133,299.688,1.5,1
04.08.2021 00:54:43.116,300.133,299.688,1.5,1
04.08.2021 00:54:43.370,300.133,299.688,1.5,1
04.08.2021 00:54:47.373,300.133,299.688,1.5,1
04.08.2021 00:54:50.416,300.133,299.688,1.5,1
04.08.2021 00:54:51.321,300.133,299.688,1.5,1
04.08.2021 00:54:56.778,300.133,299.688,1.5,1
04.08.2021 00:54:59.348,300.133,299.688,1.5,1
04.08.2021 00:54:59.548,300.133,299.688,1.5,1
04.08.2021 00:54:59.806,300.133,299.688,1.5,1
04.08.2021 00:55:00.416,300.133,299.688,1.5,1
04.08.2021 00:55:00.617,300.133,299.688,1,1
04.08.2021 00:55:00.827,300.153,299.708,1.5,1
04.08.2021 00:55:00.935,300.153,299.708,1,0.75
04.08.2021 00:55:01.094,300.153,299.708,1.25,1
04.08.2021 00:55:01.144,300.153,299.708,1,1
04.08.2021 00:55:01.899,300.152,299.708,1.3,1
04.08.2021 00:55:02.851,300.133,299.688,1,1
04.08.2021 00:55:02.902,300.133,299.688,1.5,1
04.08.2021 00:55:04.005,300.133,299.688,1,1
04.08.2021 00:55:04.184,300.133,299.688,1,1.5
04.08.2021 00:55:10.317,300.133,299.688,1,1
04.08.2021 00:55:10.516,300.133,299.688,1,1.5
04.08.2021 00:55:12.603,300.133,299.688,1,1
04.08.2021 00:55:13.690,300.126,299.726,1.12,1.25
04.08.2021 00:55:13.892,300.088,299.707,1.12,1.12
04.08.2021 00:55:17.095,300.093,299.72700000000003,1,1
04.08.2021 00:55:17.732,300.093,299.72700000000003,1,1
04.08.2021 00:55:29.150,300.11400000000003,299.718,1.5,1.5
04.08.2021 00:55:33.956,300.11400000000003,299.718,1.5,1.5
04.08.2021 00:56:07.539,300.115,299.718,1.25,1.25
04.08.2021 00:56:07.742,300.11400000000003,299.718,1.5,1.5
04.08.2021 00:56:31.124,300.085,299.71700000000004,1,1
04.08.2021 00:56:31.326,300.10400000000004,299.708,1.5,1.5
04.08.2021 00:56:32.910,300.101,299.708,1.5,1.5
04.08.2021 00:56:37.187,300.101,299.708,1.5,1.5
04.08.2021 00:56:41.488,300.101,299.708,1.5,1.5
04.08.2021 00:56:42.244,300.101,299.708,1.5,1.5
04.08.2021 00:56:42.495,300.1,299.709,1.5,1.12
04.08.2021 00:56:42.649,300.1,299.708,1.5,1.5
04.08.2021 00:56:51.519,300.083,299.713,1,1
04.08.2021 00:57:02.360,300.086,299.698,1.5,1.5
04.08.2021 00:57:02.701,300.088,299.698,1.5,1.5
04.08.2021 00:57:24.799,300.087,299.698,1.5,1.5
04.08.2021 00:57:30.039,300.082,299.698,1.5,1.5
04.08.2021 00:57:30.289,300.086,299.698,1.5,1.5
04.08.2021 00:57:31.293,300.086,299.72200000000004,1,1
04.08.2021 00:57:33.484,300.091,299.698,1.5,1.5
04.08.2021 00:58:00.528,300.074,299.698,1,1
04.08.2021 00:58:02.391,300.089,299.68,1.5,1.5
04.08.2021 00:58:05.066,300.088,299.678,1.5,1.72
04.08.2021 00:58:15.409,300.083,299.692,1.5,1.12
04.08.2021 00:58:15.611,300.083,299.678,1.5,1.72
04.08.2021 00:58:16.736,300.083,299.678,1.5,1.72
04.08.2021 00:58:17.892,300.089,299.68,1.5,1.5
04.08.2021 00:58:28.046,300.093,299.683,1.5,1.5
04.08.2021 00:58:28.917,300.095,299.685,1.5,1.5
04.08.2021 00:58:34.432,300.093,299.683,1.5,1.5
04.08.2021 00:58:38.563,300.096,299.705,1.5,1.12
04.08.2021 00:58:38.720,300.096,299.69599999999997,1.5,1.5
04.08.2021 00:58:42.167,300.087,299.731,1,1
04.08.2021 00:58:42.367,300.084,299.706,1,1
04.08.2021 00:58:42.656,300.088,299.731,1,1
04.08.2021 00:58:42.857,300.086,299.709,1,1
04.08.2021 00:59:04.682,300.101,299.735,1,1
04.08.2021 00:59:39.155,300.094,299.708,1.5,1.5
04.08.2021 00:59:42.071,300.09200000000004,299.702,1.5,1.12
04.08.2021 00:59:49.541,300.101,299.7,1.5,1.87
04.08.2021 00:59:51.684,300.089,299.698,1.5,1.5
04.08.2021 00:59:52.265,300.089,299.698,1.5,1.44
04.08.2021 01:00:00.845,300.073,299.698,1,1.62
04.08.2021 01:00:02.129,300.07599999999996,299.7,1,1
04.08.2021 01:00:08.232,300.09000000000003,299.698,1.5,1.5
04.08.2021 01:00:09.963,300.087,299.698,1.5,1.5
04.08.2021 01:00:10.533,300.087,299.698,1.5,1.5
04.08.2021 01:00:10.752,300.085,299.678,1.5,1.5
04.08.2021 01:00:14.621,300.07599999999996,299.678,1.5,1.5
04.08.2021 01:00:16.343,300.07599999999996,299.678,1.5,1.5
04.08.2021 01:00:16.551,300.07599999999996,299.678,1.5,1.5
04.08.2021 01:00:20.492,300.068,299.678,1.5,1.5
04.08.2021 01:00:48.242,300.059,299.668,1.5,1.5
04.08.2021 01:00:52.126,300.06,299.668,1.5,1.5
04.08.2021 01:01:04.568,300.058,299.668,1.5,1.5
04.08.2021 01:01:13.329,300.073,299.678,1.5,1.5
04.08.2021 01:01:13.685,300.064,299.678,1.5,1.5
04.08.2021 01:01:13.924,300.064,299.668,1.5,1.5
04.08.2021 01:01:15.341,300.06,299.668,1.5,1.5
04.08.2021 01:01:20.521,300.064,299.668,1.5,1.5
04.08.2021 01:01:31.715,300.07099999999997,299.678,1.5,1.5
04.08.2021 01:01:37.653,300.068,299.678,1.5,1.5
04.08.2021 01:01:43.537,300.045,299.677,1,1
04.08.2021 01:01:44.487,300.045,299.677,1,1
04.08.2021 01:01:47.018,300.062,299.668,1.5,1.5
04.08.2021 01:01:47.286,300.062,299.668,1.5,1.5
04.08.2021 01:01:50.631,300.057,299.668,1.5,1.5
04.08.2021 01:01:54.844,300.063,299.668,1.5,1.5
04.08.2021 01:01:59.654,300.062,299.668,1.5,1.5
04.08.2021 01:02:03.892,300.06,299.668,1.5,1.5
04.08.2021 01:02:11.409,300.059,299.668,1.5,1.5
04.08.2021 01:02:17.157,300.04900000000004,299.648,1.5,1.75
04.08.2021 01:02:18.655,300.04900000000004,299.648,1.5,1.75
04.08.2021 01:02:19.624,300.04900000000004,299.648,1.5,1.75
04.08.2021 01:02:20.330,300.04900000000004,299.648,1.5,1.75
04.08.2021 01:02:24.996,300.052,299.668,1.5,1.5
04.08.2021 01:02:25.193,300.059,299.668,1.5,1.5
04.08.2021 01:02:33.559,300.06,299.668,1.5,1.5
04.08.2021 01:02:35.392,300.067,299.668,1.5,1.5
04.08.2021 01:02:36.524,300.07099999999997,299.668,1.5,1.5
04.08.2021 01:02:40.003,300.07099999999997,299.668,1.5,1.5
04.08.2021 01:02:43.438,300.065,299.668,1.5,1.5
04.08.2021 01:02:43.688,300.066,299.66900000000004,1.5,1.12
04.08.2021 01:02:45.731,300.07099999999997,299.668,1.5,1.5
04.08.2021 01:02:45.942,300.067,299.668,1.5,1.5
04.08.2021 01:03:35.482,300.069,299.66900000000004,1.5,1.12
04.08.2021 01:04:27.607,300.073,299.668,1.5,1.5
04.08.2021 01:04:42.206,300.055,299.687,1,1
04.08.2021 01:04:42.422,300.058,299.691,1,1
04.08.2021 01:04:47.956,300.068,299.668,1.5,1.5
04.08.2021 01:05:14.253,300.068,299.668,1.5,1.5
04.08.2021 01:05:18.893,300.067,299.668,1.5,1.5
04.08.2021 01:05:21.424,300.067,299.668,1.5,1.5
04.08.2021 01:05:35.773,300.061,299.67400000000004,1.44,1.12
04.08.2021 01:05:36.231,300.06,299.656,1.5,1.12
04.08.2021 01:05:43.995,300.059,299.65500000000003,1.44,1.12
04.08.2021 01:05:45.860,300.061,299.65500000000003,1.5,1.12
04.08.2021 01:05:46.182,300.059,299.65000000000003,1.5,1.5
04.08.2021 01:05:46.598,300.045,299.648,1.12,1.75
04.08.2021 01:05:57.037,300.05,299.648,1.5,1.75
04.08.2021 01:05:57.205,300.048,299.648,1.5,1.75
04.08.2021 01:06:01.811,300.04400000000004,299.648,1.5,1.75
04.08.2021 01:06:05.594,300.048,299.648,1.5,1.75
04.08.2021 01:06:05.793,300.048,299.648,1.5,1.75
04.08.2021 01:06:07.171,300.04400000000004,299.648,1.5,1.75
04.08.2021 01:06:07.417,300.029,299.638,1.5,1.5
04.08.2021 01:06:08.414,300.024,299.638,1.5,1.5
04.08.2021 01:06:09.894,300.028,299.638,1.5,1.5
04.08.2021 01:06:11.003,300.033,299.638,1.5,1.5
04.08.2021 01:06:13.392,300.033,299.638,1.5,1.5
04.08.2021 01:07:44.760,300.03400000000005,299.66,1,1
04.08.2021 01:08:02.253,300.03900000000004,299.665,1,1
04.08.2021 01:08:02.463,300.04400000000004,299.683,1,1
04.08.2021 01:08:08.142,300.04400000000004,299.683,1,1
04.08.2021 01:08:41.160,300.041,299.658,1.5,1.5
04.08.2021 01:08:45.713,300.043,299.658,1.5,1.5
04.08.2021 01:08:58.197,300.03200000000004,299.658,1,1.62
04.08.2021 01:08:58.641,300.033,299.65900000000005,1,1
04.08.2021 01:09:01.767,300.03900000000004,299.658,1.5,1.5
04.08.2021 01:09:08.734,300.03900000000004,299.648,1.5,1.5
04.08.2021 01:09:35.674,300.03200000000004,299.658,1,1
04.08.2021 01:09:37.726,300.031,299.65700000000004,1,1
04.08.2021 01:09:38.477,300.03200000000004,299.658,1,1
04.08.2021 01:09:38.672,300.03200000000004,299.658,1,1
04.08.2021 01:09:40.852,300.03900000000004,299.648,1.5,1.5
04.08.2021 01:09:52.146,300.03900000000004,299.648,1.5,1.5
04.08.2021 01:09:52.606,300.038,299.648,1.5,1.5
04.08.2021 01:10:08.125,300.04,299.648,1.5,1.5
04.08.2021 01:10:08.327,300.04,299.714,1.5,0.37
04.08.2021 01:10:24.229,300.041,299.658,1.5,1.12
04.08.2021 01:10:30.553,300.03700000000003,299.648,1.5,1.5
04.08.2021 01:10:30.758,300.03700000000003,299.648,1.5,1.5
04.08.2021 01:10:34.549,300.03700000000003,299.648,1.5,1.5
04.08.2021 01:10:34.751,300.029,299.66700000000003,1,1
04.08.2021 01:10:35.408,300.023,299.648,1,1.5
04.08.2021 01:11:12.953,300.04,299.648,1.5,1.5
04.08.2021 01:11:37.768,300.03900000000004,299.658,1,1.62
04.08.2021 01:11:54.328,300.057,299.658,1.5,1.5
04.08.2021 01:11:54.528,300.056,299.658,1.5,1.5
04.08.2021 01:12:22.594,300.05400000000003,299.658,1.5,1.5
04.08.2021 01:12:22.795,300.05400000000003,299.658,1.5,1.5
04.08.2021 01:12:31.512,300.059,299.73400000000004,1.5,0.37
04.08.2021 01:12:31.761,300.068,299.668,1.5,1.5
04.08.2021 01:12:31.912,300.068,299.668,1.5,1.5
04.08.2021 01:12:41.583,300.073,299.668,1.5,1.5
04.08.2021 01:12:41.825,300.069,299.668,1.5,1.5
04.08.2021 01:13:20.147,300.068,299.72400000000005,1.25,0.37
04.08.2021 01:14:01.803,300.016,299.678,0.37,1.25
04.08.2021 01:14:02.054,300.07599999999996,299.678,1.5,1.5
04.08.2021 01:14:03.330,300.07599999999996,299.678,1.5,1.5
04.08.2021 01:14:16.460,300.081,299.678,1.5,1.5
04.08.2021 01:14:34.128,300.078,299.686,1.5,1.12
04.08.2021 01:14:55.126,300.077,299.685,1.5,1.12
04.08.2021 01:15:01.641,300.075,299.682,1.5,1.12
04.08.2021 01:15:03.256,300.075,299.684,1.5,1.12
04.08.2021 01:15:03.509,300.074,299.67900000000003,1.5,1.12
04.08.2021 01:15:03.658,300.074,299.67900000000003,1.5,1.12
04.08.2021 01:15:03.808,300.069,299.665,1.12,1.25
04.08.2021 01:15:04.635,300.067,299.66400000000004,1.12,1.75
04.08.2021 01:15:22.451,300.06,299.658,1.12,2.05
04.08.2021 01:15:26.211,300.065,299.668,1.5,1.75
04.08.2021 01:15:28.815,300.063,299.668,1.5,1.75
04.08.2021 01:15:31.445,300.063,299.668,1.5,1.75
04.08.2021 01:15:35.305,300.066,299.668,1.5,1.75
04.08.2021 01:15:37.269,300.069,299.668,1.5,1.75
04.08.2021 01:15:37.718,300.038,299.699,1,1
04.08.2021 01:15:37.921,300.048,299.676,1,1
04.08.2021 01:15:49.682,300.065,299.673,1.5,1.25
04.08.2021 01:15:51.744,300.052,299.668,1.5,1.5
04.08.2021 01:15:51.913,300.052,299.648,1.5,1.75
04.08.2021 01:16:00.288,300.04900000000004,299.648,1.5,1.75
04.08.2021 01:16:00.494,300.055,299.668,1.5,1.5
04.08.2021 01:16:00.893,300.055,299.668,1.5,1.5
04.08.2021 01:16:01.726,300.053,299.668,1.5,1.5
04.08.2021 01:16:06.329,300.052,299.72400000000005,1.5,0.37
04.08.2021 01:16:06.779,300.06,299.668,1.5,1.5
04.08.2021 01:16:18.609,300.064,299.668,1.5,1.44
04.08.2021 01:16:25.632,300.069,299.668,1.5,1.5
04.08.2021 01:16:37.270,300.075,299.678,1.5,1.5
04.08.2021 01:16:38.267,300.074,299.678,1.5,1.5
04.08.2021 01:16:38.419,300.074,299.678,1.5,1.5
04.08.2021 01:16:42.243,300.069,299.678,1.5,1.5
04.08.2021 01:16:43.571,300.07099999999997,299.678,1.5,1.5
04.08.2021 01:16:43.651,300.07099999999997,299.678,1.5,1.5
04.08.2021 01:16:45.030,300.074,299.683,1.5,1.12
04.08.2021 01:16:45.287,300.074,299.683,1.5,1.12
04.08.2021 01:16:46.628,300.074,299.678,1.5,1.5
04.08.2021 01:16:46.831,300.074,299.678,1.5,1.5
04.08.2021 01:16:47.031,300.074,299.678,1.5,1.5
04.08.2021 01:16:47.282,300.074,299.678,1.5,1.5
04.08.2021 01:16:47.732,300.074,299.682,1.5,1.12
04.08.2021 01:16:53.078,300.074,299.681,1.5,1.12
04.08.2021 01:16:59.834,300.074,299.683,1.5,1.12
04.08.2021 01:17:04.376,300.074,299.683,1.5,1.12
04.08.2021 01:17:04.828,300.065,299.678,1.5,1.5
04.08.2021 01:17:04.978,300.065,299.678,1.5,1.5
04.08.2021 01:17:11.143,300.064,299.708,1,1
04.08.2021 01:17:15.687,300.058,299.702,1,1
04.08.2021 01:17:16.184,300.058,299.702,1,1
04.08.2021 01:17:16.615,300.07,299.678,1.5,1.5
04.08.2021 01:17:33.364,300.068,299.678,1.5,1.5
04.08.2021 01:17:39.019,300.061,299.704,1,1
04.08.2021 01:17:39.237,300.064,299.706,1,1
04.08.2021 01:17:39.556,300.061,299.692,1,1
04.08.2021 01:17:46.465,300.065,299.678,1.12,1.5
04.08.2021 01:17:47.582,300.074,299.681,1.5,1.12
04.08.2021 01:18:04.130,300.056,299.684,1,1
04.08.2021 01:18:12.666,300.057,299.685,1,1
04.08.2021 01:18:14.092,300.075,299.678,1.5,1.5
04.08.2021 01:18:14.397,300.066,299.678,1.5,1.5
04.08.2021 01:18:19.201,300.063,299.678,1.5,1.5
04.08.2021 01:18:19.402,300.053,299.658,1.5,1.5
04.08.2021 01:18:34.842,300.059,299.658,1.5,1.5
04.08.2021 01:18:35.007,300.059,299.658,1.5,1.5
04.08.2021 01:19:01.499,300.057,299.658,1.5,1.5
04.08.2021 01:19:06.956,300.02,299.658,1,1.5
04.08.2021 01:19:08.281,300.038,299.683,1,1
04.08.2021 01:19:11.406,300.038,299.65900000000005,1,1
04.08.2021 01:19:16.095,300.03700000000003,299.714,1,0.37
04.08.2021 01:19:16.387,300.03700000000003,299.658,1,1.5
04.08.2021 01:19:30.238,300.051,299.714,1.5,0.37
04.08.2021 01:19:30.651,300.053,299.647,1.5,1.25
04.08.2021 01:19:52.392,300.052,299.644,1.5,1.12
04.08.2021 01:20:01.971,300.04200000000003,299.642,1.12,1.5
04.08.2021 01:20:02.126,300.051,299.714,1.5,0.37
04.08.2021 01:20:08.726,300.04900000000004,299.656,1.5,1.12
04.08.2021 01:20:09.583,300.04900000000004,299.639,1.5,1.5
04.08.2021 01:20:10.066,300.04900000000004,299.654,1.5,1.12
04.08.2021 01:20:10.226,300.04900000000004,299.639,1.5,1.5
04.08.2021 01:20:10.456,300.04900000000004,299.654,1.5,1.12
04.08.2021 01:20:10.607,300.045,299.654,1.5,1.12
04.08.2021 01:20:21.582,300.041,299.648,1.5,1.5
04.08.2021 01:20:21.904,300.03900000000004,299.648,1.5,1.5
04.08.2021 01:20:26.677,300.04200000000003,299.65000000000003,1.5,1.12
04.08.2021 01:20:26.877,300.04200000000003,299.648,1.5,1.44
04.08.2021 01:20:34.404,300.04200000000003,299.648,1.5,1.5
04.08.2021 01:20:46.865,300.043,299.652,1.5,1.12
04.08.2021 01:20:47.036,300.043,299.648,1.5,1.5
04.08.2021 01:20:49.268,300.043,299.648,1.5,1.5
04.08.2021 01:20:54.036,300.043,299.648,1.5,1.5
04.08.2021 01:20:57.148,300.038,299.704,1.5,0.37
04.08.2021 01:20:58.179,300.036,299.645,1.5,1.12
04.08.2021 01:21:06.530,300.03000000000003,299.638,1.5,1.5
04.08.2021 01:21:09.400,300.024,299.618,1.5,1.5
04.08.2021 01:21:09.550,300.018,299.618,1.5,1.5
04.08.2021 01:21:09.804,300.012,299.621,1.5,1.12
04.08.2021 01:21:10.610,300.018,299.621,1.5,1.12
04.08.2021 01:21:22.228,300.017,299.624,1.5,1.12
04.08.2021 01:21:26.211,300.014,299.618,1.5,1.5
04.08.2021 01:21:30.974,300.012,299.618,1.5,1.5
04.08.2021 01:21:31.383,300.01099999999997,299.618,1.5,1.5
04.08.2021 01:21:40.737,300.012,299.618,1.5,1.5
04.08.2021 01:21:52.848,300.008,299.619,1.12,1.12
04.08.2021 01:21:57.484,300.008,299.619,1.12,1.12
04.08.2021 01:22:11.216,300.01099999999997,299.618,1.5,1.5
04.08.2021 01:22:24.428,300.01099999999997,299.618,1.5,1.5
04.08.2021 01:22:29.685,300.01099999999997,299.618,1.5,1.5
04.08.2021 01:22:32.233,300.012,299.618,1.5,1.5
04.08.2021 01:22:32.439,300.012,299.618,1.5,1.5
04.08.2021 01:22:35.798,300.019,299.627,1.5,1.12
04.08.2021 01:22:36.239,300.019,299.618,1.5,1.5
04.08.2021 01:22:39.878,300.017,299.618,1.5,1.5
04.08.2021 01:22:41.592,300.012,299.618,1.5,1.5
04.08.2021 01:22:41.994,299.999,299.628,1,1
04.08.2021 01:22:45.990,300,299.628,1,1
04.08.2021 01:22:46.346,299.999,299.643,1,1
04.08.2021 01:22:48.114,299.997,299.643,1,1
04.08.2021 01:22:56.167,300.01,299.618,1.5,1.5
04.08.2021 01:23:00.032,300.01,299.618,1.5,1.5
04.08.2021 01:23:00.383,300.01,299.67400000000004,1.5,0.37
04.08.2021 01:23:00.683,300.01,299.618,1.5,1.5
04.08.2021 01:23:00.890,299.998,299.618,1.5,1.5
04.08.2021 01:23:03.601,299.993,299.598,1.5,1.5
04.08.2021 01:23:10.399,299.993,299.598,1.5,1.5
04.08.2021 01:23:22.278,299.986,299.628,1,1
04.08.2021 01:23:22.477,299.982,299.601,1,1
04.08.2021 01:23:26.067,299.97200000000004,299.598,1,1.5
04.08.2021 01:23:26.284,299.97400000000005,299.598,1,1.5
04.08.2021 01:23:26.483,299.97700000000003,299.623,1,1
04.08.2021 01:23:30.017,299.982,299.61,1,1
04.08.2021 01:23:35.564,299.993,299.598,1.5,1.5
04.08.2021 01:24:39.425,299.98900000000003,299.588,1.5,1.5
04.08.2021 01:24:47.874,299.991,299.588,1.5,1.5
04.08.2021 01:25:00.254,299.986,299.588,1.5,1.5
04.08.2021 01:25:04.395,299.986,299.593,1.5,1.12
04.08.2021 01:25:05.066,299.986,299.588,1.5,1.5
04.08.2021 01:25:19.019,299.987,299.588,1.5,1.5
04.08.2021 01:25:21.250,299.988,299.588,1.5,1.5
04.08.2021 01:25:37.955,299.987,299.588,1.5,1.5
04.08.2021 01:25:41.777,299.992,299.588,1.5,1.5
04.08.2021 01:25:43.596,299.997,299.598,1.5,1.5
04.08.2021 01:25:44.547,299.985,299.631,1,1
04.08.2021 01:25:46.738,299.981,299.627,1,1
04.08.2021 01:25:46.890,299.981,299.627,1,1
04.08.2021 01:25:48.249,299.978,299.61,1,1
04.08.2021 01:25:51.433,299.97,299.60200000000003,1,1
04.08.2021 01:25:52.567,299.975,299.62,1,1
04.08.2021 01:25:52.770,299.97200000000004,299.595,1,1
04.08.2021 01:25:58.777,299.97200000000004,299.595,1,1
04.08.2021 01:25:59.018,299.97200000000004,299.617,1,1
04.08.2021 01:25:59.973,299.97200000000004,299.617,1,1
04.08.2021 01:26:11.781,299.988,299.596,1.5,1.12
04.08.2021 01:26:26.284,299.991,299.6,1.5,1.12
04.08.2021 01:26:41.170,299.991,299.598,1.5,1.12
04.08.2021 01:26:45.160,299.98900000000003,299.588,1.5,1.5
04.08.2021 01:26:46.475,299.98900000000003,299.596,1.5,1.12
04.08.2021 01:26:46.782,299.98900000000003,299.588,1.5,1.5
04.08.2021 01:27:17.792,299.987,299.654,1.5,0.37
04.08.2021 01:27:20.101,299.98400000000004,299.598,1.5,1.5
04.08.2021 01:27:20.301,299.98400000000004,299.598,1.5,1.5
04.08.2021 01:27:26.171,299.986,299.598,1.5,1.5
04.08.2021 01:27:31.643,299.978,299.619,1,1
04.08.2021 01:27:31.872,299.986,299.598,1.5,1.5
04.08.2021 01:27:39.129,299.986,299.598,1.5,1.5
04.08.2021 01:27:39.331,299.98400000000004,299.598,1.5,1.5
04.08.2021 01:27:39.735,299.98400000000004,299.598,1.5,1.5
04.08.2021 01:27:42.322,299.98400000000004,299.598,1.5,1.5
04.08.2021 01:27:42.523,299.983,299.598,1.5,1.5
04.08.2021 01:28:06.875,299.982,299.588,1.5,1.5
04.08.2021 01:28:11.896,299.983,299.588,1.5,1.5
04.08.2021 01:28:17.439,299.97400000000005,299.588,1.12,1.5
04.08.2021 01:28:17.591,299.97400000000005,299.588,1.12,1.5
04.08.2021 01:28:17.823,299.97200000000004,299.588,1.5,1.5
04.08.2021 01:28:17.978,299.97200000000004,299.588,1.5,1.5
04.08.2021 01:28:18.241,299.97200000000004,299.588,1.5,1.5
04.08.2021 01:28:18.620,299.97200000000004,299.588,1.5,1.5
04.08.2021 01:28:22.782,299.97400000000005,299.588,1.5,1.5
04.08.2021 01:28:26.907,299.976,299.588,1.5,1.5
04.08.2021 01:28:31.886,299.975,299.588,1.5,1.5
04.08.2021 01:28:35.911,299.978,299.588,1.5,1.5
04.08.2021 01:28:43.791,299.97400000000005,299.588,1.5,1.5
04.08.2021 01:29:08.233,299.97400000000005,299.578,1.5,1.5
04.08.2021 01:29:08.434,299.97200000000004,299.578,1.5,1.5
04.08.2021 01:29:15.349,299.961,299.578,1.5,1.5
04.08.2021 01:29:15.547,299.961,299.578,1.5,1.5
04.08.2021 01:29:28.938,299.962,299.578,1.5,1.5
04.08.2021 01:29:30.206,299.961,299.578,1.5,1.5
04.08.2021 01:29:30.409,299.961,299.578,1.5,1.5
04.08.2021 01:29:30.700,299.961,299.578,1.5,1.5
04.08.2021 01:29:33.700,299.959,299.558,1.5,1.5
04.08.2021 01:30:10.344,299.963,299.568,1.5,1.5
04.08.2021 01:30:10.728,299.973,299.578,1.5,1.5
04.08.2021 01:30:10.941,299.96700000000004,299.568,1.5,1.5
04.08.2021 01:30:11.586,299.96700000000004,299.575,1.5,1.12
04.08.2021 01:30:11.989,299.952,299.578,1.12,1.12
04.08.2021 01:30:15.021,299.952,299.578,1.12,1.12
04.08.2021 01:30:15.072,299.961,299.555,1.12,1.5
04.08.2021 01:30:15.217,299.961,299.634,1.12,0.37
04.08.2021 01:30:15.418,299.959,299.578,1.12,1.12
04.08.2021 01:30:16.962,299.945,299.572,1.12,1.12
04.08.2021 01:30:17.164,299.964,299.584,1.5,1.12
04.08.2021 01:30:17.494,299.948,299.574,1.12,1.12
04.08.2021 01:30:19.092,299.948,299.574,1.12,1.12
04.08.2021 01:30:23.567,299.948,299.574,1.12,1.12
04.08.2021 01:30:24.896,299.968,299.578,1.5,1.12
04.08.2021 01:30:25.099,299.968,299.59000000000003,1.5,1.12
04.08.2021 01:30:37.597,299.95,299.594,1,1
04.08.2021 01:30:37.698,299.943,299.56,1,1.5
04.08.2021 01:30:37.809,299.944,299.60900000000004,1,1
04.08.2021 01:30:38.050,299.925,299.59900000000005,1,1
04.08.2021 01:30:40.311,299.971,299.583,1.5,1.12
04.08.2021 01:30:41.531,299.973,299.583,1.12,1.12
04.08.2021 01:30:41.780,299.969,299.564,1.12,1.5
04.08.2021 01:30:41.982,299.95099999999996,299.57599999999996,1.12,1.12
04.08.2021 01:30:45.747,299.976,299.566,1.5,1.5
04.08.2021 01:30:45.798,299.96700000000004,299.566,1.12,1.44
04.08.2021 01:30:50.621,299.968,299.558,1.5,1.5
04.08.2021 01:30:50.754,299.88599999999997,299.624,0.37,0.37
04.08.2021 01:30:51.160,299.944,299.569,1.12,1.12
04.08.2021 01:30:51.361,299.936,299.562,1.12,1.12
04.08.2021 01:30:51.643,299.943,299.569,1.12,1.12
04.08.2021 01:30:54.001,299.96,299.551,1.5,1.75
04.08.2021 01:30:54.202,299.96,299.572,1.5,1.12
04.08.2021 01:30:54.405,299.96,299.581,1.5,1.12
04.08.2021 01:30:55.959,299.88599999999997,299.607,0.37,1
04.08.2021 01:30:56.768,299.943,299.605,1,1
04.08.2021 01:30:57.168,299.945,299.608,1,1
04.08.2021 01:30:57.371,299.921,299.596,1,1
04.08.2021 01:30:57.613,299.944,299.607,1,1
04.08.2021 01:30:57.776,299.945,299.608,1,1
04.08.2021 01:30:58.752,299.92,299.594,1,1
04.08.2021 01:31:12.583,299.96,299.575,1.5,1.12
04.08.2021 01:31:12.785,299.939,299.566,1.12,1.5
04.08.2021 01:31:12.936,299.939,299.566,1.12,1.5
04.08.2021 01:31:13.138,299.937,299.563,1.12,1.12
04.08.2021 01:31:44.175,299.944,299.57,1.12,1.12
04.08.2021 01:31:44.275,299.963,299.58,1.12,1.12
04.08.2021 01:31:44.425,299.963,299.58,1.12,1.12
04.08.2021 01:31:44.629,299.944,299.57099999999997,1.12,1.5
04.08.2021 01:31:46.725,299.944,299.57099999999997,1.12,1.5
04.08.2021 01:31:46.976,299.963,299.578,1.12,1.12
04.08.2021 01:31:47.128,299.963,299.578,1.12,1.12
04.08.2021 01:31:47.607,299.963,299.563,1.12,1.5
04.08.2021 01:31:47.809,299.968,299.588,1.12,1.12
04.08.2021 01:31:48.011,299.953,299.579,1.12,1.5
04.08.2021 01:31:51.799,299.97200000000004,299.562,1.5,1.5
04.08.2021 01:31:54.018,299.953,299.558,1.12,1.5
04.08.2021 01:31:54.220,299.957,299.579,1.12,1.12
04.08.2021 01:31:54.848,299.876,299.579,0.37,1.12
04.08.2021 01:32:00.080,299.935,299.56,1.12,1.12
04.08.2021 01:32:00.322,299.923,299.557,1.12,1.75
04.08.2021 01:32:09.019,299.932,299.553,1.5,1.75
04.08.2021 01:32:09.270,299.922,299.553,1.12,1.75
04.08.2021 01:32:12.220,299.95,299.553,1.12,1.75
04.08.2021 01:32:12.372,299.866,299.553,0.37,1.75
04.08.2021 01:32:20.791,299.923,299.556,1.12,1.75
04.08.2021 01:32:20.996,299.927,299.556,1.12,1.75
04.08.2021 01:32:21.645,299.93,299.561,1.12,1.5
04.08.2021 01:32:24.677,299.932,299.563,1.12,1.5
04.08.2021 01:32:24.927,299.934,299.563,1.12,1.5
04.08.2021 01:32:29.898,299.902,299.569,1,1
04.08.2021 01:32:31.646,299.899,299.567,1,1
04.08.2021 01:32:32.012,299.898,299.565,1,1
04.08.2021 01:32:32.413,299.902,299.569,1,1
04.08.2021 01:32:42.410,299.928,299.55,1.12,1.75
04.08.2021 01:32:47.756,299.923,299.55400000000003,1.12,1.75
04.08.2021 01:33:01.025,299.935,299.564,1.12,1.5
04.08.2021 01:33:01.126,299.91,299.577,1,1
04.08.2021 01:33:01.281,299.91200000000003,299.578,1,1
04.08.2021 01:33:01.940,299.91200000000003,299.578,1,1
04.08.2021 01:33:08.749,299.963,299.563,1.12,1.5
04.08.2021 01:33:08.949,299.935,299.563,1.12,1.5
04.08.2021 01:33:09.150,299.963,299.563,1.5,1.5
04.08.2021 01:33:09.352,299.935,299.563,1.12,1.5
04.08.2021 01:33:23.014,299.934,299.563,1.12,1.5
04.08.2021 01:33:23.216,299.973,299.563,1.5,1.5
04.08.2021 01:33:26.482,299.96,299.563,1.12,1.5
04.08.2021 01:33:42.006,299.966,299.565,1.12,1.5
04.08.2021 01:33:42.205,299.969,299.634,1.12,0.37
04.08.2021 01:33:42.406,299.976,299.58,1.5,1.12
04.08.2021 01:33:43.641,299.966,299.568,1.12,1.5
04.08.2021 01:33:43.841,299.968,299.566,1.12,1.5
04.08.2021 01:33:44.663,299.968,299.566,1.12,1.5
04.08.2021 01:33:46.469,299.968,299.566,1.12,1.5
04.08.2021 01:33:47.557,299.969,299.57,1.12,1.5
04.08.2021 01:33:47.960,299.97400000000005,299.573,1.12,1.5
04.08.2021 01:33:48.160,299.97,299.57099999999997,1.12,1.5
04.08.2021 01:33:52.302,299.97,299.572,1.12,1.5
04.08.2021 01:34:03.413,299.968,299.569,1.12,1.5
04.08.2021 01:34:03.716,299.978,299.569,1.12,1.5
04.08.2021 01:34:06.153,299.978,299.572,1.12,1.5
04.08.2021 01:34:43.624,299.97400000000005,299.574,1.12,1.5
04.08.2021 01:34:50.288,299.976,299.569,1.12,1.5
04.08.2021 01:34:57.022,299.95099999999996,299.583,1,1
04.08.2021 01:34:57.378,299.896,299.58,0.37,1
04.08.2021 01:35:11.576,299.952,299.564,1.12,1.5
04.08.2021 01:35:11.828,299.966,299.564,1.12,1.5
04.08.2021 01:35:13.362,299.966,299.564,1.12,1.5
04.08.2021 01:35:20.595,299.968,299.564,1.12,1.5
04.08.2021 01:35:21.049,299.968,299.564,1.12,1.5
04.08.2021 01:35:28.040,299.968,299.564,1.12,1.5
04.08.2021 01:35:28.243,299.968,299.564,1.12,1.5
04.08.2021 01:35:47.025,299.978,299.573,1.12,1.5
04.08.2021 01:35:53.520,299.98,299.577,1.12,1.5
04.08.2021 01:35:53.722,299.98,299.575,1.12,1.5
04.08.2021 01:36:24.483,299.987,299.584,1.12,1.5
04.08.2021 01:36:27.439,299.987,299.584,1.12,1.5
04.08.2021 01:36:28.116,299.987,299.584,1.12,1.5
04.08.2021 01:36:30.772,299.985,299.589,1.12,1.5
04.08.2021 01:36:30.980,299.988,299.583,1.12,1.5
04.08.2021 01:36:55.950,299.959,299.594,1,1
04.08.2021 01:37:03.157,299.987,299.583,1.12,1.5
04.08.2021 01:37:06.433,299.985,299.583,1.12,1.5
04.08.2021 01:37:25.448,299.987,299.585,1.12,1.5
04.08.2021 01:37:29.363,299.987,299.584,1.12,1.5
04.08.2021 01:37:57.124,299.992,299.586,1.12,1.5
04.08.2021 01:38:07.147,299.98400000000004,299.584,1.12,1.5
04.08.2021 01:39:01.307,299.954,299.589,1,1
04.08.2021 01:39:17.126,299.962,299.564,1.12,1.25
04.08.2021 01:39:21.543,299.962,299.564,1.12,1.12
04.08.2021 01:39:23.145,299.96700000000004,299.569,1.12,1.12
04.08.2021 01:39:24.042,299.968,299.56,1.87,1.12
04.08.2021 01:39:24.885,299.95,299.552,1.12,1.25
04.08.2021 01:39:25.085,299.968,299.559,1.12,1.25
04.08.2021 01:39:26.494,299.983,299.548,1.5,1.5
04.08.2021 01:39:27.663,299.961,299.552,1.12,1.12
04.08.2021 01:39:33.812,299.938,299.558,1.5,1.12
04.08.2021 01:39:37.007,299.942,299.548,1.12,1.5
04.08.2021 01:40:06.921,299.943,299.548,1.5,1.5
04.08.2021 01:40:07.223,299.947,299.54900000000004,1.12,1.12
04.08.2021 01:40:10.858,299.947,299.548,1.5,1.5
04.08.2021 01:40:11.523,299.95099999999996,299.553,1.12,1.12
04.08.2021 01:40:11.730,299.945,299.548,1.5,1.5
04.08.2021 01:40:12.973,299.945,299.55,1.5,1.12
04.08.2021 01:40:22.165,299.949,299.551,1.5,1.12
04.08.2021 01:40:22.615,299.95,299.55400000000003,1.5,1.12
04.08.2021 01:40:27.405,299.95,299.55400000000003,1.5,1.12
04.08.2021 01:40:38.929,299.955,299.572,1.5,1.12
04.08.2021 01:40:53.142,299.955,299.572,1.5,1.12
04.08.2021 01:40:54.541,299.896,299.575,0.37,1.12
04.08.2021 01:40:54.779,299.954,299.558,1.5,1.12
04.08.2021 01:41:06.099,299.947,299.584,1,1
04.08.2021 01:41:06.343,299.958,299.566,1.5,1.12
04.08.2021 01:41:14.421,299.97,299.578,1.5,1.5
04.08.2021 01:41:14.595,299.97200000000004,299.578,1.5,1.5
04.08.2021 01:41:24.847,299.98,299.58,1.5,1.12
04.08.2021 01:41:25.105,299.98,299.58,1.5,1.12
04.08.2021 01:41:31.122,299.983,299.62,1.5,1
04.08.2021 01:41:31.767,299.975,299.588,1.25,1.5
04.08.2021 01:41:39.019,299.985,299.588,1.5,1.5
04.08.2021 01:41:46.679,299.982,299.59000000000003,1.5,1.12
04.08.2021 01:41:48.631,299.98900000000003,299.595,1.5,1.12
04.08.2021 01:41:58.397,299.991,299.598,1.5,1.5
04.08.2021 01:42:02.932,299.994,299.598,1.5,1.5
04.08.2021 01:42:07.678,299.975,299.601,1.12,1.12
04.08.2021 01:42:21.762,299.975,299.601,1.12,1.12
04.08.2021 01:42:21.913,299.995,299.6,1.5,1.12
04.08.2021 01:42:21.963,299.916,299.6,0.37,1.12
04.08.2021 01:42:22.321,299.973,299.598,1.12,1.5
04.08.2021 01:42:23.329,299.995,299.598,1.5,1.5
04.08.2021 01:42:23.529,299.968,299.598,1.12,1.5
04.08.2021 01:42:26.012,299.968,299.598,1.12,1.5
04.08.2021 01:42:26.217,299.968,299.598,1.12,1.5
04.08.2021 01:42:36.569,299.968,299.598,1.12,1.5
04.08.2021 01:42:36.764,299.968,299.598,1.12,1.5
04.08.2021 01:42:37.398,299.968,299.598,1.12,1.5
04.08.2021 01:43:00.945,299.96700000000004,299.598,1.12,1.5
04.08.2021 01:43:01.739,299.96700000000004,299.598,1.12,1.5
04.08.2021 01:43:13.038,299.96500000000003,299.598,1.12,1.5
04.08.2021 01:43:13.089,299.969,299.598,1.12,1.5
04.08.2021 01:43:13.241,299.969,299.598,1.12,1.5
04.08.2021 01:43:15.773,299.969,299.598,1.12,1.5
04.08.2021 01:43:15.824,299.99,299.598,1.12,1.5
04.08.2021 01:43:16.022,299.966,299.598,1.12,1.5
04.08.2021 01:43:17.644,299.966,299.598,1.12,1.5
04.08.2021 01:43:28.520,299.966,299.598,1.12,1.5
04.08.2021 01:43:29.286,299.98900000000003,299.598,1.5,1.5
04.08.2021 01:43:29.464,299.963,299.598,1.12,1.5
04.08.2021 01:43:39.895,299.966,299.598,1.25,1.5
04.08.2021 01:43:52.115,299.966,299.598,1.12,1.5
04.08.2021 01:43:56.973,299.966,299.598,1.12,1.5
04.08.2021 01:43:57.024,299.98900000000003,299.598,1.5,1.5
04.08.2021 01:43:57.174,299.906,299.598,0.37,1.5
04.08.2021 01:44:03.398,299.933,299.598,1.25,1.5
04.08.2021 01:44:17.729,299.958,299.598,1.12,1.5
04.08.2021 01:44:17.952,299.969,299.58,1.5,1.12
04.08.2021 01:44:30.194,299.98,299.582,1.5,1.22
04.08.2021 01:44:30.427,299.98,299.585,1.75,1.12
04.08.2021 01:44:30.832,299.97900000000004,299.583,1.75,1.12
04.08.2021 01:44:31.286,299.97900000000004,299.581,1.75,1.12
04.08.2021 01:44:34.727,299.97700000000003,299.578,1.75,1.5
04.08.2021 01:44:34.995,299.97700000000003,299.578,1.75,1.5
04.08.2021 01:44:41.168,299.97700000000003,299.581,1.5,1.12
04.08.2021 01:44:42.608,299.97700000000003,299.581,1.5,1.12
04.08.2021 01:44:50.674,299.97900000000004,299.582,1.5,1.12
04.08.2021 01:45:05.379,299.926,299.598,0.37,1.5
04.08.2021 01:45:05.835,299.973,299.578,1.5,1.5
04.08.2021 01:45:06.035,299.906,299.578,0.37,1.5
04.08.2021 01:45:06.833,299.961,299.568,1.5,1.5
04.08.2021 01:45:07.005,299.956,299.568,1.5,1.5
04.08.2021 01:45:29.154,299.954,299.568,1.75,1.5
04.08.2021 01:45:29.305,299.942,299.57099999999997,1.75,1.25
04.08.2021 01:45:29.464,299.939,299.57099999999997,1,1
04.08.2021 01:45:29.708,299.942,299.568,1.75,1.25
04.08.2021 01:45:30.603,299.942,299.568,1.75,1.25
04.08.2021 01:45:30.757,299.942,299.568,1.75,1.25
04.08.2021 01:45:35.593,299.942,299.569,1.75,1.25
04.08.2021 01:45:36.241,299.936,299.565,1.5,1.1
04.08.2021 01:45:36.447,299.935,299.548,1.75,1.5
04.08.2021 01:45:36.981,299.876,299.548,0.37,1.5
04.08.2021 01:45:44.644,299.931,299.548,1.5,1.5
04.08.2021 01:45:54.272,299.935,299.548,1.5,1.6
04.08.2021 01:46:00.239,299.876,299.548,0.37,1.6
04.08.2021 01:46:01.995,299.935,299.548,1.75,1.5
04.08.2021 01:46:04.639,299.935,299.548,1.75,1.5
04.08.2021 01:46:04.837,299.938,299.548,1.75,1.5
04.08.2021 01:46:05.268,299.939,299.548,1.75,1.5
04.08.2021 01:46:05.519,299.939,299.55,1.75,1.12
04.08.2021 01:46:19.428,299.94599999999997,299.548,1.5,1.5
04.08.2021 01:46:19.631,299.944,299.551,1.5,1.12
04.08.2021 01:46:40.657,299.95099999999996,299.556,1.75,1.12
04.08.2021 01:46:40.877,299.95099999999996,299.54,1.75,1.5
04.08.2021 01:46:45.162,299.945,299.53900000000004,1.5,1.12
04.08.2021 01:47:28.267,299.942,299.546,1.5,1.12
04.08.2021 01:47:28.513,299.933,299.521,1.75,1.75
04.08.2021 01:47:28.900,299.931,299.53200000000004,1.75,1.12
04.08.2021 01:47:29.575,299.933,299.538,1.75,1.5
04.08.2021 01:47:31.277,299.93,299.538,1.75,1.5
04.08.2021 01:47:35.668,299.93,299.538,1.75,1.5
04.08.2021 01:47:37.660,299.93,299.538,1.5,1.5
04.08.2021 01:47:39.965,299.90900000000005,299.538,1.12,1.5
04.08.2021 01:47:40.167,299.93,299.538,1.5,1.5
04.08.2021 01:47:40.317,299.856,299.538,0.37,1.5
04.08.2021 01:47:48.561,299.916,299.541,1.12,1.12
04.08.2021 01:47:48.668,299.933,299.53900000000004,1.5,1.12
04.08.2021 01:47:51.916,299.92900000000003,299.538,1.5,1.5
04.08.2021 01:47:52.017,299.91900000000004,299.538,1.5,1.5
04.08.2021 01:48:13.804,299.91,299.518,1.5,1.5
04.08.2021 01:48:16.142,299.91400000000004,299.518,1.5,1.5
04.08.2021 01:48:22.510,299.91700000000003,299.518,1.5,1.5
04.08.2021 01:48:22.710,299.846,299.523,0.37,1.12
04.08.2021 01:48:22.961,299.91700000000003,299.522,1.5,1.12
04.08.2021 01:48:26.300,299.91900000000004,299.522,1.5,1.12
04.08.2021 01:48:26.495,299.921,299.54900000000004,1.75,1.25
04.08.2021 01:48:26.940,299.91700000000003,299.545,1.75,1.25
04.08.2021 01:48:28.805,299.92400000000004,299.547,1.75,1.25
04.08.2021 01:48:36.299,299.921,299.538,1.5,1.5
04.08.2021 01:48:45.395,299.921,299.518,1.5,1.5
04.08.2021 01:48:50.631,299.922,299.518,1.5,1.5
04.08.2021 01:49:15.371,299.90500000000003,299.54400000000004,1,1
04.08.2021 01:49:16.478,299.913,299.518,1.5,1.5
04.08.2021 01:49:22.184,299.91400000000004,299.518,1.5,1.5
04.08.2021 01:49:22.385,299.913,299.518,1.5,1.5
04.08.2021 01:49:22.864,299.90900000000005,299.518,1.5,1.5
04.08.2021 01:49:23.113,299.911,299.519,1.5,1.12
04.08.2021 01:49:27.175,299.916,299.519,1.5,1.12
04.08.2021 01:49:27.921,299.908,299.518,1.5,1.5
04.08.2021 01:49:30.001,299.904,299.518,1.5,1.5
04.08.2021 01:49:30.203,299.904,299.518,1.5,1.5
04.08.2021 01:49:53.226,299.902,299.508,1.5,1.5
04.08.2021 01:49:54.963,299.90000000000003,299.508,1.5,1.5
04.08.2021 01:49:55.362,299.90000000000003,299.518,1.5,1.12
04.08.2021 01:49:56.147,299.898,299.508,1.5,1.5
04.08.2021 01:49:56.350,299.876,299.508,1.12,1.5
04.08.2021 01:49:56.546,299.879,299.508,1.12,1.5
04.08.2021 01:50:00.301,299.85400000000004,299.529,1,1
04.08.2021 01:50:00.501,299.853,299.528,1,1
04.08.2021 01:50:00.702,299.84200000000004,299.508,1,1.62
04.08.2021 01:50:01.740,299.84200000000004,299.508,1,1.62
04.08.2021 01:50:02.056,299.856,299.526,1,1
04.08.2021 01:50:02.157,299.876,299.526,1.62,1
04.08.2021 01:50:03.369,299.898,299.528,1.5,1
04.08.2021 01:50:07.578,299.90000000000003,299.528,1.5,1
04.08.2021 01:50:14.263,299.896,299.508,1.5,1.5
04.08.2021 01:50:14.435,299.896,299.508,1.5,1.5
04.08.2021 01:50:27.256,299.901,299.508,1.5,1.5
04.08.2021 01:50:39.374,299.898,299.531,1.5,1
04.08.2021 01:50:45.585,299.846,299.508,0.37,1.5
04.08.2021 01:50:46.759,299.82599999999996,299.519,0.37,1.12
04.08.2021 01:51:18.075,299.887,299.512,1.12,1.12
04.08.2021 01:51:18.126,299.903,299.508,1.5,1.5
04.08.2021 01:51:20.449,299.903,299.508,1.5,1.5
04.08.2021 01:51:20.651,299.903,299.508,1.5,1.5
04.08.2021 01:51:27.461,299.903,299.508,1.5,1.5
04.08.2021 01:51:29.853,299.902,299.53000000000003,1.75,1.25
04.08.2021 01:51:39.100,299.903,299.508,1.5,1.5
04.08.2021 01:51:48.963,299.902,299.508,1.5,1.5
04.08.2021 01:51:50.527,299.902,299.508,1.5,1.5
04.08.2021 01:51:51.910,299.901,299.508,1.5,1.5
04.08.2021 01:51:52.376,299.901,299.508,1.5,1.5
04.08.2021 01:51:59.618,299.891,299.52,1.75,1.25
04.08.2021 01:52:03.410,299.889,299.498,1.5,1.5
04.08.2021 01:52:05.317,299.885,299.498,1.5,1.5
04.08.2021 01:52:05.517,299.885,299.498,1.5,1.5
04.08.2021 01:52:05.869,299.88599999999997,299.506,1.5,1.12
04.08.2021 01:52:06.072,299.88599999999997,299.502,1.5,1.12
04.08.2021 01:52:06.412,299.888,299.498,1.5,1.5
04.08.2021 01:52:07.183,299.891,299.507,1.5,1.12
04.08.2021 01:52:07.385,299.889,299.504,1.5,1.12
04.08.2021 01:52:07.613,299.889,299.498,1.5,1.5
04.08.2021 01:52:15.221,299.89,299.498,1.5,1.5
04.08.2021 01:52:15.643,299.89,299.507,1.5,1.12
04.08.2021 01:52:15.845,299.874,299.5,1.12,1.12
04.08.2021 01:52:16.322,299.89,299.498,1.5,1.5
04.08.2021 01:52:16.526,299.89,299.498,1.5,1.5
04.08.2021 01:52:35.598,299.889,299.498,1.5,1.5
04.08.2021 01:52:36.155,299.883,299.527,1.5,1.1
04.08.2021 01:52:36.341,299.883,299.499,1.75,1.25
04.08.2021 01:52:39.685,299.858,299.498,1.25,1.5
04.08.2021 01:52:39.872,299.883,299.498,1.75,1.5
04.08.2021 01:52:40.024,299.806,299.498,0.37,1.5
04.08.2021 01:52:40.224,299.858,299.498,1.25,1.5
04.08.2021 01:52:40.979,299.883,299.498,1.75,1.5
04.08.2021 01:52:41.179,299.857,299.498,1.25,1.5
04.08.2021 01:52:41.381,299.883,299.498,1.75,1.5
04.08.2021 01:52:41.533,299.796,299.498,0.37,1.5
04.08.2021 01:52:41.633,299.857,299.498,1.25,1.5
04.08.2021 01:52:41.786,299.796,299.498,0.37,1.5
04.08.2021 01:52:41.998,299.863,299.512,1.25,1.25
04.08.2021 01:52:42.198,299.883,299.498,1.75,1.5
04.08.2021 01:52:42.401,299.857,299.498,1.25,1.5
04.08.2021 01:52:42.602,299.883,299.498,1.75,1.5
04.08.2021 01:52:42.804,299.857,299.498,1.25,1.5
04.08.2021 01:52:43.006,299.883,299.498,1.75,1.5
04.08.2021 01:52:43.613,299.796,299.498,0.37,1.5
04.08.2021 01:52:43.765,299.857,299.498,1.12,1.5
04.08.2021 01:52:44.014,299.856,299.498,1.12,1.5
04.08.2021 01:52:45.507,299.866,299.498,1.12,1.5
04.08.2021 01:52:55.915,299.857,299.498,1.12,1.5
04.08.2021 01:52:58.267,299.855,299.481,1.12,1.12
04.08.2021 01:53:05.272,299.85,299.499,1.25,1.25
04.08.2021 01:53:06.338,299.85,299.499,1.25,1.25
04.08.2021 01:53:06.539,299.85,299.498,1.25,1.25
04.08.2021 01:53:07.043,299.85,299.499,1.25,1.25
04.08.2021 01:53:07.476,299.861,299.502,1.25,1.25
04.08.2021 01:53:08.155,299.871,299.494,1.75,1.25
04.08.2021 01:53:08.328,299.871,299.499,1.75,1.25
04.08.2021 01:53:08.560,299.868,299.497,1.25,1.25
04.08.2021 01:53:11.648,299.87,299.499,1.25,1.25
04.08.2021 01:53:23.338,299.872,299.478,1.5,1.12
04.08.2021 01:53:23.734,299.87,299.475,1.12,1.12
04.08.2021 01:53:36.305,299.868,299.478,1.12,1.5
04.08.2021 01:53:38.503,299.866,299.478,1.12,1.5
04.08.2021 01:53:59.007,299.84200000000004,299.496,1,1
04.08.2021 01:54:01.474,299.867,299.495,1.25,1.25
04.08.2021 01:54:05.811,299.86400000000003,299.478,1.12,1.5
04.08.2021 01:54:06.653,299.863,299.473,1.5,1.12
04.08.2021 01:54:07.394,299.863,299.47,1.5,1.12
04.08.2021 01:54:08.885,299.863,299.47,1.5,1.12
04.08.2021 01:54:11.707,299.863,299.47,1.5,1.12
04.08.2021 01:54:18.413,299.863,299.473,1.5,1.12
04.08.2021 01:54:18.752,299.863,299.48900000000003,1.5,1.12
04.08.2021 01:54:21.283,299.863,299.512,1.5,1.25
04.08.2021 01:54:21.938,299.863,299.516,1.5,1.25
04.08.2021 01:54:25.519,299.861,299.5,1.25,1.25
04.08.2021 01:54:28.629,299.85200000000003,299.491,1.25,1.25
04.08.2021 01:54:36.198,299.855,299.47,1.12,1.12
04.08.2021 01:54:38.869,299.863,299.483,1.5,1.12
04.08.2021 01:54:45.713,299.863,299.483,1.5,1.12
04.08.2021 01:54:48.653,299.868,299.482,1.12,1.12
04.08.2021 01:54:50.899,299.868,299.482,1.12,1.12
04.08.2021 01:55:15.804,299.873,299.468,1.5,1.5
04.08.2021 01:55:16.006,299.873,299.468,1.5,1.5
04.08.2021 01:55:16.056,299.873,299.468,1.5,1.5
04.08.2021 01:55:18.786,299.861,299.476,1.12,1.12
04.08.2021 01:55:19.019,299.857,299.471,1.12,1.12
04.08.2021 01:55:21.936,299.857,299.471,1.12,1.12
04.08.2021 01:55:22.533,299.857,299.496,1.25,1.25
04.08.2021 01:55:38.316,299.853,299.495,1.75,1.25
04.08.2021 01:55:38.569,299.851,299.49,1.25,1.25
04.08.2021 01:55:54.394,299.853,299.478,1.75,1.25
04.08.2021 01:56:12.521,299.863,299.468,1.5,1.5
04.08.2021 01:56:12.720,299.843,299.47400000000005,1.75,1.25
04.08.2021 01:56:15.587,299.843,299.471,1.75,1.25
04.08.2021 01:56:15.826,299.843,299.478,1.5,1.25
04.08.2021 01:56:16.374,299.843,299.476,1.5,1.25
04.08.2021 01:56:16.766,299.843,299.478,1.5,1.25
04.08.2021 01:56:18.803,299.853,299.47700000000003,1.75,1.25
04.08.2021 01:56:22.018,299.82599999999996,299.487,1,1
04.08.2021 01:56:36.447,299.857,299.44599999999997,1.5,1.75
04.08.2021 01:56:36.980,299.861,299.45,1.5,1.75
04.08.2021 01:56:41.314,299.827,299.488,1,1
04.08.2021 01:56:50.255,299.85200000000003,299.464,1.12,1.12
04.08.2021 01:56:51.802,299.848,299.461,1.12,1.12
04.08.2021 01:56:52.234,299.848,299.46,1.12,1.12
04.08.2021 01:56:54.196,299.851,299.463,1.12,1.12
04.08.2021 01:57:19.392,299.853,299.46500000000003,1.12,1.12
04.08.2021 01:57:22.806,299.766,299.46500000000003,0.37,1.12
04.08.2021 01:57:23.007,299.796,299.437,0.57,1.6
04.08.2021 01:57:23.259,299.873,299.422,1.85,1.12
04.08.2021 01:57:23.444,299.85200000000003,299.422,1.35,1.12
04.08.2021 01:57:23.646,299.83,299.393,1.75,1.75
04.08.2021 01:57:23.839,299.83,299.37,1.85,1.25
04.08.2021 01:57:23.940,299.83,299.37,1.85,1.25
04.08.2021 01:57:24.423,299.712,299.37,0.1,1.25
04.08.2021 01:57:24.474,299.712,299.36,0.2,1.85
04.08.2021 01:57:24.951,299.732,299.36,0.2,1.85
04.08.2021 01:57:25.124,299.73,299.36,0.2,1.85
04.08.2021 01:57:25.174,299.72900000000004,299.36,0.2,1.85
04.08.2021 01:57:25.487,299.786,299.369,0.57,1.35
04.08.2021 01:57:25.588,299.816,299.369,0.89,1.25
04.08.2021 01:57:25.689,299.84000000000003,299.454,1.25,0.37
04.08.2021 01:57:26.503,299.835,299.392,1.25,1.25
04.08.2021 01:57:26.818,299.78900000000004,299.394,0.7,1.35
04.08.2021 01:57:27.076,299.78900000000004,299.397,0.7,1.35
04.08.2021 01:57:27.258,299.713,299.373,0.2,1.35
04.08.2021 01:57:27.359,299.839,299.378,1.85,1.25
04.08.2021 01:57:27.409,299.712,299.378,0.1,1.25
04.08.2021 01:57:27.510,299.815,299.369,1.75,1.75
04.08.2021 01:57:27.560,299.815,299.36400000000003,1.7,1.85
04.08.2021 01:57:27.814,299.815,299.36400000000003,1.7,1.85
04.08.2021 01:57:28.214,299.815,299.36400000000003,1.7,1.85
04.08.2021 01:57:28.878,299.81,299.36400000000003,1.95,1.85
04.08.2021 01:57:29.101,299.81,299.444,1.95,0.37
04.08.2021 01:57:29.151,299.815,299.388,1.7,1.35
04.08.2021 01:57:29.302,299.781,299.388,0.7,1.35
04.08.2021 01:57:29.644,299.797,299.41700000000003,0.7,1.35
04.08.2021 01:57:29.849,299.797,299.399,0.7,1.35
04.08.2021 01:57:31.193,299.736,299.47400000000005,0.37,0.37
04.08.2021 01:57:31.394,299.807,299.418,1.85,1.12
04.08.2021 01:57:31.445,299.807,299.373,1.7,1.85
04.08.2021 01:57:31.495,299.671,299.373,0.2,1.35
04.08.2021 01:57:31.546,299.67400000000004,299.373,0.2,1.35
04.08.2021 01:57:31.697,299.807,299.37,1.85,1.25
04.08.2021 01:57:31.834,299.704,299.37,0.1,1.25
04.08.2021 01:57:31.963,299.702,299.37,0.2,1.35
04.08.2021 01:57:32.532,299.67400000000004,299.365,0.2,1.85
04.08.2021 01:57:32.582,299.67400000000004,299.365,0.2,1.85
04.08.2021 01:57:32.683,299.676,299.365,0.2,1.85
04.08.2021 01:57:32.914,299.67400000000004,299.365,0.2,1.85
04.08.2021 01:57:33.065,299.692,299.365,0.2,1.85
04.08.2021 01:57:33.395,299.766,299.368,0.57,1.85
04.08.2021 01:57:33.446,299.77500000000003,299.382,0.7,1.35
04.08.2021 01:57:33.496,299.771,299.382,0.7,1.35
04.08.2021 01:57:33.899,299.786,299.416,0.85,1.25
04.08.2021 01:57:34.402,299.795,299.40900000000005,0.89,1.35
04.08.2021 01:57:34.978,299.81,299.382,0.85,1.75
04.08.2021 01:57:35.225,299.78400000000005,299.40500000000003,1.12,1.25
04.08.2021 01:57:35.513,299.78400000000005,299.40500000000003,1.12,1.25
04.08.2021 01:57:36.120,299.79,299.391,0.79,1.25
04.08.2021 01:57:36.221,299.84700000000004,299.391,1.7,1.35
04.08.2021 01:57:36.272,299.815,299.391,1.25,1.25
04.08.2021 01:57:36.499,299.759,299.369,0.7,1.85
04.08.2021 01:57:36.562,299.678,299.369,0.1,1.85
04.08.2021 01:57:36.613,299.815,299.369,1.95,1.75
04.08.2021 01:57:36.713,299.815,299.369,1.85,1.75
04.08.2021 01:57:36.963,299.675,299.369,0.1,1.75
04.08.2021 01:57:37.079,299.67900000000003,299.369,0.2,1.85
04.08.2021 01:57:37.180,299.676,299.369,0.3,1.85
04.08.2021 01:57:37.497,299.675,299.369,0.1,1.85
04.08.2021 01:57:37.598,299.756,299.369,0.57,1.85
04.08.2021 01:57:37.649,299.692,299.369,0.3,1.85
04.08.2021 01:57:37.750,299.756,299.372,0.57,1.85
04.08.2021 01:57:37.800,299.78400000000005,299.378,0.79,1.25
04.08.2021 01:57:37.850,299.78400000000005,299.387,0.89,1.25
04.08.2021 01:57:37.901,299.78400000000005,299.387,0.84,1.25
04.08.2021 01:57:37.951,299.756,299.387,0.57,1.35
04.08.2021 01:57:38.065,299.805,299.387,0.85,1.25
04.08.2021 01:57:38.326,299.778,299.403,1.12,1.25
04.08.2021 01:57:39.900,299.801,299.398,1.25,1.25
04.08.2021 01:57:40.299,299.773,299.399,1.12,1.25
04.08.2021 01:57:41.505,299.805,299.382,1.25,1.25
04.08.2021 01:57:42.019,299.79400000000004,299.385,1.5,1.75
04.08.2021 01:57:42.221,299.779,299.404,1.12,1.25
04.08.2021 01:57:43.279,299.778,299.403,1.12,1.25
04.08.2021 01:57:44.087,299.78700000000003,299.388,1.5,1.25
04.08.2021 01:57:44.503,299.776,299.402,1.12,1.25
04.08.2021 01:57:58.454,299.776,299.367,1.5,1.75
04.08.2021 01:58:00.677,299.76099999999997,299.387,1.12,1.25
04.08.2021 01:58:03.089,299.747,299.373,1.12,1.25
04.08.2021 01:58:03.977,299.745,299.37,1.12,1.25
04.08.2021 01:58:05.516,299.76099999999997,299.35200000000003,1.5,1.75
04.08.2021 01:58:11.838,299.748,299.374,1.12,1.25
04.08.2021 01:58:14.321,299.748,299.374,1.12,1.25
04.08.2021 01:58:15.226,299.72200000000004,299.397,1,1
04.08.2021 01:58:21.448,299.72400000000005,299.398,1,1
04.08.2021 01:58:23.283,299.713,299.388,1,1
04.08.2021 01:58:28.090,299.76,299.398,1.75,1.25
04.08.2021 01:58:30.622,299.749,299.399,1.25,1.25
04.08.2021 01:58:31.433,299.749,299.375,1.12,1.25
04.08.2021 01:58:31.548,299.749,299.375,1.12,1.25
04.08.2021 01:58:33.278,299.769,299.36,1.5,1.75
04.08.2021 01:58:38.012,299.759,299.385,1.12,1.12
04.08.2021 01:58:38.213,299.77,299.361,1.5,1.75
04.08.2021 01:58:50.562,299.77,299.402,1.75,1.25
04.08.2021 01:58:52.154,299.733,299.40700000000004,1,1
04.08.2021 01:58:52.822,299.733,299.40700000000004,1,1
04.08.2021 01:59:02.954,299.759,299.385,1.12,1.25
04.08.2021 01:59:05.188,299.758,299.384,1.12,1.25
04.08.2021 01:59:10.969,299.758,299.384,1.12,1.25
04.08.2021 01:59:11.221,299.759,299.384,1.12,1.25
04.08.2021 01:59:11.419,299.759,299.384,1.12,1.25
04.08.2021 01:59:12.465,299.759,299.384,1.12,1.25
04.08.2021 01:59:32.373,299.771,299.362,1.5,1.75
04.08.2021 01:59:32.923,299.758,299.383,1.12,1.25
04.08.2021 01:59:42.741,299.746,299.372,1.12,1.25
04.08.2021 01:59:47.401,299.746,299.372,1.12,1.25
04.08.2021 01:59:47.887,299.746,299.372,1.12,1.25
04.08.2021 01:59:48.689,299.767,299.357,1.5,1.75
04.08.2021 01:59:48.940,299.759,299.384,1.12,1.25
04.08.2021 01:59:49.599,299.759,299.384,1.12,1.25
04.08.2021 01:59:50.170,299.762,299.388,1.12,1.25
04.08.2021 01:59:50.925,299.744,299.369,1.12,1.75
04.08.2021 02:00:06.714,299.76099999999997,299.387,1.12,1.25
04.08.2021 02:00:08.724,299.744,299.37,1.12,1.25
04.08.2021 02:00:20.234,299.732,299.358,1.12,1.25
04.08.2021 02:00:25.291,299.73,299.356,1.12,1.25
04.08.2021 02:00:27.606,299.719,299.345,1.12,1.25
04.08.2021 02:00:28.060,299.719,299.345,1.12,1.25
04.08.2021 02:00:42.164,299.719,299.345,1.12,1.25
04.08.2021 02:00:55.160,299.719,299.345,1.12,1.25
04.08.2021 02:01:01.851,299.71700000000004,299.343,1.12,1.25
04.08.2021 02:01:01.962,299.71700000000004,299.343,1.12,1.25
04.08.2021 02:01:02.132,299.719,299.344,1.12,1.25
04.08.2021 02:01:02.361,299.777,299.333,1.85,1.75
04.08.2021 02:01:03.744,299.691,299.328,1.12,1.75
04.08.2021 02:01:03.944,299.699,299.325,1.12,1.25
04.08.2021 02:01:12.899,299.699,299.325,1.12,1.25
04.08.2021 02:01:13.362,299.699,299.325,1.12,1.25
04.08.2021 02:01:21.662,299.708,299.334,1.12,1.12
04.08.2021 02:01:24.316,299.708,299.334,1.12,1.12
04.08.2021 02:01:25.727,299.728,299.318,1.75,1.75
04.08.2021 02:01:35.548,299.73400000000004,299.324,1.75,1.5
04.08.2021 02:01:52.387,299.702,299.328,1.12,1.12
04.08.2021 02:01:59.949,299.708,299.333,1.12,1.12
04.08.2021 02:02:00.102,299.708,299.333,1.12,1.12
04.08.2021 02:02:42.453,299.71,299.335,1.12,1.12
04.08.2021 02:02:43.762,299.72,299.311,1.5,1.75
04.08.2021 02:02:50.542,299.728,299.33,1.25,1.12
04.08.2021 02:02:54.901,299.743,299.385,1.75,0.69
04.08.2021 02:02:57.213,299.74,299.366,1.12,1.12
04.08.2021 02:02:59.195,299.73900000000003,299.36400000000003,1.12,1.12
04.08.2021 02:03:05.976,299.75,299.34000000000003,1.5,1.5
04.08.2021 02:03:24.919,299.738,299.361,1.75,1.12
04.08.2021 02:03:28.353,299.73,299.356,1.12,1.12
04.08.2021 02:03:45.617,299.732,299.357,1.25,1.12
04.08.2021 02:03:57.417,299.73400000000004,299.367,1.5,1.25
04.08.2021 02:03:57.568,299.72900000000004,299.319,1.5,1.75
04.08.2021 02:03:57.813,299.69,299.319,1.25,1.75
04.08.2021 02:03:58.202,299.688,299.338,1.25,1.12
04.08.2021 02:04:06.529,299.71700000000004,299.34200000000004,1.12,1.12
04.08.2021 02:04:19.992,299.72200000000004,299.348,1.12,1.12
04.08.2021 02:04:25.720,299.742,299.332,1.75,1.75
04.08.2021 02:04:48.464,299.735,299.36,1.12,1.12
04.08.2021 02:04:48.624,299.751,299.341,1.5,1.5
04.08.2021 02:04:54.830,299.73900000000003,299.365,1.12,1.12
04.08.2021 02:05:00.455,299.737,299.362,1.12,1.12
04.08.2021 02:05:05.636,299.737,299.362,1.12,1.12
04.08.2021 02:05:09.245,299.736,299.362,1.12,1.12
04.08.2021 02:05:09.395,299.736,299.362,1.12,1.12
04.08.2021 02:05:14.041,299.73900000000003,299.365,1.12,1.12
04.08.2021 02:05:21.133,299.748,299.374,1.12,1.12
04.08.2021 02:05:21.334,299.747,299.372,1.12,1.12
04.08.2021 02:05:54.039,299.748,299.374,1.12,1.12
04.08.2021 02:06:02.365,299.748,299.374,1.12,1.12
04.08.2021 02:06:09.255,299.748,299.374,1.12,1.12
04.08.2021 02:06:13.571,299.747,299.373,1.12,1.12
04.08.2021 02:06:24.511,299.749,299.374,1.25,1.12
04.08.2021 02:06:34.183,299.749,299.374,1.12,1.12
04.08.2021 02:06:44.009,299.758,299.35400000000004,1.5,1.12
04.08.2021 02:06:49.917,299.737,299.363,1.12,1.12
04.08.2021 02:06:50.422,299.737,299.363,1.12,1.12
04.08.2021 02:06:50.626,299.737,299.363,1.12,1.12
04.08.2021 02:06:57.752,299.737,299.363,1.12,1.12
04.08.2021 02:06:58.204,299.73900000000003,299.365,1.12,1.12
04.08.2021 02:06:58.356,299.73900000000003,299.365,1.12,1.12
04.08.2021 02:06:59.551,299.726,299.34700000000004,1.12,1.12
04.08.2021 02:07:01.851,299.728,299.348,1.12,1.12
04.08.2021 02:07:03.901,299.733,299.353,1.12,1.12
04.08.2021 02:07:08.330,299.735,299.356,1.12,1.12
04.08.2021 02:07:09.485,299.743,299.363,1.12,1.12
04.08.2021 02:07:18.045,299.714,299.356,0.69,1.5
04.08.2021 02:07:18.415,299.708,299.35,0.69,1.5
04.08.2021 02:07:18.640,299.73400000000004,299.355,1.12,1.12
04.08.2021 02:07:21.636,299.736,299.356,1.12,1.12
04.08.2021 02:07:26.688,299.753,299.343,1.5,1.5
04.08.2021 02:07:29.602,299.737,299.357,1.12,1.12
04.08.2021 02:07:46.943,299.742,299.363,1.12,1.12
04.08.2021 02:07:47.315,299.764,299.355,1.5,1.5
04.08.2021 02:07:52.466,299.76099999999997,299.351,1.5,1.5
04.08.2021 02:07:53.981,299.738,299.35900000000004,1.12,1.12
04.08.2021 02:07:57.730,299.738,299.35900000000004,1.12,1.12
04.08.2021 02:07:58.733,299.73400000000004,299.355,1.12,1.12
04.08.2021 02:08:05.120,299.759,299.35,1.5,1.5
04.08.2021 02:08:08.077,299.738,299.382,1.12,1.25
04.08.2021 02:08:13.071,299.738,299.381,1.12,1.25
04.08.2021 02:08:13.223,299.738,299.381,1.12,1.25
04.08.2021 02:08:13.471,299.733,299.377,1.12,1.25
04.08.2021 02:08:16.654,299.725,299.346,1.12,1.12
04.08.2021 02:08:18.114,299.698,299.338,0.69,1.5
04.08.2021 02:08:19.085,299.72400000000005,299.345,1.12,1.12
04.08.2021 02:08:19.238,299.72400000000005,299.345,1.12,1.12
04.08.2021 02:08:23.867,299.725,299.346,1.12,1.12
04.08.2021 02:08:40.322,299.723,299.343,1.12,1.12
04.08.2021 02:08:45.103,299.691,299.335,0.69,1.5
04.08.2021 02:08:45.288,299.71700000000004,299.343,1.12,1.12
04.08.2021 02:08:45.616,299.71700000000004,299.343,1.12,1.12
04.08.2021 02:08:46.185,299.71700000000004,299.343,1.12,1.12
04.08.2021 02:08:49.807,299.692,299.335,0.69,1.5
04.08.2021 02:08:50.802,299.718,299.344,1.12,1.12
04.08.2021 02:08:51.003,299.71700000000004,299.34200000000004,1.12,1.12
04.08.2021 02:08:51.205,299.71700000000004,299.34200000000004,1.12,1.12
04.08.2021 02:08:51.385,299.71700000000004,299.34200000000004,1.12,1.12
04.08.2021 02:09:01.542,299.708,299.358,1.12,1.25
04.08.2021 02:09:03.150,299.685,299.35900000000004,1,1
04.08.2021 02:09:05.460,299.71,299.335,1.12,1.12
04.08.2021 02:09:06.761,299.682,299.327,0.69,1.5
04.08.2021 02:09:08.945,299.709,299.334,1.12,1.12
04.08.2021 02:09:09.223,299.709,299.334,1.12,1.12
04.08.2021 02:09:14.738,299.714,299.339,1.12,1.12
04.08.2021 02:09:15.181,299.716,299.34200000000004,1.12,1.12
04.08.2021 02:09:23.986,299.71500000000003,299.341,1.12,1.12
04.08.2021 02:09:26.244,299.712,299.332,1.12,1.5
04.08.2021 02:09:34.153,299.728,299.333,0.85,1.5
04.08.2021 02:09:34.401,299.705,299.329,1.12,1.5
04.08.2021 02:09:34.969,299.708,299.329,1.12,1.5
04.08.2021 02:09:38.394,299.708,299.33,1.12,1.5
04.08.2021 02:09:38.596,299.707,299.343,1.12,1.25
04.08.2021 02:09:38.797,299.72900000000004,299.345,1.35,1.25
04.08.2021 02:09:52.380,299.719,299.34200000000004,1.12,1.5
04.08.2021 02:09:52.587,299.738,299.34200000000004,0.85,1.5
04.08.2021 02:09:54.855,299.738,299.41400000000004,0.85,0.37
04.08.2021 02:10:04.754,299.733,299.382,1.12,1.25
04.08.2021 02:10:27.965,299.71700000000004,299.335,1.25,1.12
04.08.2021 02:10:33.469,299.688,299.355,1,1
04.08.2021 02:10:52.411,299.691,299.358,1,1
04.08.2021 02:10:57.426,299.694,299.357,1,1
04.08.2021 02:10:58.927,299.695,299.35900000000004,1,1
04.08.2021 02:10:59.118,299.728,299.343,1.12,1.12
04.08.2021 02:10:59.661,299.728,299.344,1.12,1.5
04.08.2021 02:11:03.526,299.728,299.344,1.12,1.5
04.08.2021 02:11:03.762,299.723,299.34200000000004,1.12,1.5
04.08.2021 02:11:05.121,299.719,299.337,1.12,1.5
04.08.2021 02:11:06.296,299.719,299.335,1.12,1.5
04.08.2021 02:11:06.736,299.73,299.345,1.12,1.12
04.08.2021 02:11:06.942,299.72900000000004,299.343,1.12,1.12
04.08.2021 02:11:10.453,299.731,299.346,1.12,1.5
04.08.2021 02:11:13.450,299.72900000000004,299.344,1.12,1.5
04.08.2021 02:11:21.452,299.72900000000004,299.345,1.12,1.5
04.08.2021 02:11:39.400,299.702,299.366,1,1
04.08.2021 02:11:40.023,299.705,299.369,1,1
04.08.2021 02:11:43.129,299.705,299.369,1,1
04.08.2021 02:11:45.120,299.703,299.367,1,1
04.08.2021 02:11:45.879,299.695,299.35900000000004,1,1
04.08.2021 02:11:46.128,299.693,299.357,1,1
04.08.2021 02:12:06.204,299.695,299.35900000000004,1,1
04.08.2021 02:12:48.177,299.721,299.335,1.12,1.12
04.08.2021 02:12:56.307,299.721,299.336,1.12,1.5
04.08.2021 02:13:08.511,299.702,299.365,1,1
04.08.2021 02:13:10.615,299.72700000000003,299.343,1.12,1.5
04.08.2021 02:13:15.478,299.72900000000004,299.345,1.12,1.5
04.08.2021 02:13:15.881,299.72900000000004,299.345,1.12,1.5
04.08.2021 02:13:16.284,299.72900000000004,299.345,1.12,1.5
04.08.2021 02:13:17.276,299.72900000000004,299.346,1.12,1.5
04.08.2021 02:13:27.841,299.73400000000004,299.34900000000005,1.25,1.12
04.08.2021 02:13:30.923,299.709,299.351,0.69,1.5
04.08.2021 02:14:29.579,299.732,299.346,1.12,1.5
04.08.2021 02:14:32.651,299.719,299.335,1.12,1.5
04.08.2021 02:14:33.704,299.719,299.334,1.12,1.12
04.08.2021 02:14:33.952,299.694,299.334,0.69,1.5
04.08.2021 02:14:47.668,299.718,299.336,1.12,1.5
04.08.2021 02:14:49.975,299.719,299.336,1.12,1.5
04.08.2021 02:14:50.329,299.719,299.336,1.12,1.5
04.08.2021 02:14:51.902,299.719,299.336,1.12,1.5
04.08.2021 02:14:53.571,299.721,299.337,1.12,1.5
04.08.2021 02:15:02.303,299.719,299.334,1.12,1.5
04.08.2021 02:15:14.105,299.71700000000004,299.334,1.12,1.5
04.08.2021 02:15:15.360,299.693,299.333,0.69,1.5
04.08.2021 02:15:15.556,299.693,299.333,0.69,1.5
04.08.2021 02:15:16.245,299.743,299.333,1.75,1.5
04.08.2021 02:15:17.258,299.718,299.336,1.12,1.5
04.08.2021 02:15:18.267,299.72,299.336,1.12,1.5
04.08.2021 02:15:18.663,299.72,299.336,1.12,1.5
04.08.2021 02:15:18.871,299.72,299.334,1.12,1.5
04.08.2021 02:15:19.064,299.716,299.334,1.12,1.5
04.08.2021 02:15:19.267,299.716,299.334,1.12,1.5
04.08.2021 02:15:24.635,299.718,299.333,1.12,1.5
04.08.2021 02:15:24.837,299.718,299.333,1.12,1.5
04.08.2021 02:15:32.517,299.695,299.335,0.69,1.5
04.08.2021 02:15:34.535,299.695,299.336,0.69,1.5
04.08.2021 02:15:34.784,299.72200000000004,299.336,1.12,1.5
04.08.2021 02:15:39.669,299.72700000000003,299.344,1.12,1.5
04.08.2021 02:15:41.828,299.753,299.344,1.75,1.5
04.08.2021 02:15:44.727,299.70099999999996,299.36400000000003,0.87,1
04.08.2021 02:16:02.830,299.72,299.35900000000004,1.12,1.25
04.08.2021 02:16:03.077,299.716,299.35400000000004,1.12,1.25
04.08.2021 02:16:03.605,299.693,299.357,1,1
04.08.2021 02:16:08.173,299.693,299.357,1,1
04.08.2021 02:16:08.374,299.69,299.35400000000004,1,1
04.08.2021 02:16:09.761,299.706,299.323,1.12,1.75
04.08.2021 02:16:26.954,299.682,299.322,0.69,1.5
04.08.2021 02:16:27.207,299.706,299.323,1.12,1.5
04.08.2021 02:17:20.571,299.72400000000005,299.315,1.75,1.5
04.08.2021 02:17:23.204,299.721,299.311,1.75,1.5
04.08.2021 02:17:49.373,299.704,299.328,1.12,1.5
04.08.2021 02:18:09.775,299.708,299.325,1.12,1.5
04.08.2021 02:18:12.923,299.708,299.325,1.12,1.5
04.08.2021 02:18:15.841,299.706,299.32099999999997,1.12,1.5
04.08.2021 02:18:16.042,299.709,299.324,1.12,1.5
04.08.2021 02:18:17.114,299.707,299.322,1.12,1.5
04.08.2021 02:18:22.585,299.709,299.325,1.12,1.5
04.08.2021 02:18:27.862,299.709,299.348,1.12,1.25
04.08.2021 02:18:28.967,299.683,299.34700000000004,0.69,1.25
04.08.2021 02:18:31.473,299.706,299.345,1.12,1.25
04.08.2021 02:18:37.408,299.692,299.356,1,1
04.08.2021 02:18:49.937,299.71700000000004,299.334,1.25,1.5
04.08.2021 02:18:51.543,299.72,299.335,1.25,1.12
04.08.2021 02:19:20.558,299.666,299.394,0.37,0.37
04.08.2021 02:19:27.351,299.697,299.361,0.69,1.25
04.08.2021 02:19:27.452,299.689,299.353,0.87,1
04.08.2021 02:19:30.396,299.718,299.332,1.25,1.5
04.08.2021 02:19:36.280,299.718,299.332,1.25,1.5
04.08.2021 02:19:37.011,299.718,299.332,1.25,1.5
04.08.2021 02:19:39.918,299.73,299.334,1.25,1.5
04.08.2021 02:19:40.169,299.719,299.334,1.25,1.5
04.08.2021 02:19:50.235,299.723,299.338,1.25,1.12
04.08.2021 02:19:51.353,299.718,299.336,1.25,1.5
04.08.2021 02:19:54.839,299.718,299.333,1.25,1.12
04.08.2021 02:19:56.604,299.716,299.331,1.25,1.12
04.08.2021 02:19:57.654,299.716,299.331,1.25,1.5
04.08.2021 02:20:06.327,299.693,299.333,1.25,1.12
04.08.2021 02:20:07.437,299.693,299.333,1.25,1.12
04.08.2021 02:20:33.411,299.725,299.351,1.25,1.12
04.08.2021 02:21:09.100,299.737,299.327,1.75,1.5
04.08.2021 02:21:09.309,299.74,299.33,1.75,1.5
04.08.2021 02:21:35.946,299.72400000000005,299.34900000000005,1.25,1.12
04.08.2021 02:21:43.298,299.755,299.345,1.75,1.5
04.08.2021 02:21:45.452,299.73900000000003,299.365,1.25,1.12
04.08.2021 02:21:48.674,299.738,299.363,1.12,1.12
04.08.2021 02:21:49.147,299.738,299.363,1.12,1.12
04.08.2021 02:21:50.367,299.738,299.363,1.12,1.12
04.08.2021 02:21:51.113,299.738,299.363,1.12,1.12
04.08.2021 02:22:04.492,299.747,299.373,1.12,1.12
04.08.2021 02:22:06.111,299.746,299.371,1.12,1.12
04.08.2021 02:22:08.276,299.748,299.374,1.25,1.12
04.08.2021 02:22:09.816,299.748,299.374,1.25,1.12
04.08.2021 02:22:32.452,299.748,299.373,1.25,1.12
04.08.2021 02:22:33.209,299.75,299.375,1.25,1.12
04.08.2021 02:22:59.257,299.75,299.375,1.12,1.12
04.08.2021 02:22:59.652,299.756,299.34700000000004,1.75,1.5
04.08.2021 02:23:00.909,299.745,299.371,1.12,1.12
04.08.2021 02:23:01.462,299.747,299.373,1.12,1.12
04.08.2021 02:23:03.043,299.766,299.356,1.75,1.5
04.08.2021 02:23:11.635,299.749,299.375,1.12,1.12
04.08.2021 02:23:19.305,299.749,299.375,1.12,1.12
04.08.2021 02:23:20.931,299.749,299.375,1.12,1.12
04.08.2021 02:23:21.720,299.749,299.375,1.12,1.12
04.08.2021 02:23:21.971,299.749,299.375,1.12,1.12
04.08.2021 02:23:22.173,299.747,299.373,1.12,1.12
04.08.2021 02:23:34.403,299.747,299.373,1.12,1.12
04.08.2021 02:23:34.669,299.747,299.373,1.12,1.12
04.08.2021 02:23:48.394,299.75,299.376,1.12,1.12
04.08.2021 02:24:01.056,299.76,299.385,1.25,1.12
04.08.2021 02:24:01.935,299.76,299.385,1.25,1.12
04.08.2021 02:24:06.617,299.759,299.401,1.5,0.69
04.08.2021 02:24:07.168,299.736,299.361,1.12,1.12
04.08.2021 02:24:17.748,299.737,299.363,1.12,1.12
04.08.2021 02:24:18.492,299.738,299.36400000000003,1.12,1.12
04.08.2021 02:24:19.798,299.738,299.36400000000003,1.12,1.12
04.08.2021 02:24:20.049,299.747,299.373,1.87,1.12
04.08.2021 02:24:21.000,299.747,299.373,1.87,1.12
04.08.2021 02:24:28.903,299.747,299.373,1.12,1.12
04.08.2021 02:24:42.392,299.75,299.369,1.12,1.12
04.08.2021 02:25:00.286,299.749,299.369,1.12,1.12
04.08.2021 02:25:00.488,299.759,299.385,1.12,1.12
