Gmt time,Ask,Bid,AskVolume,BidVolume
27.08.2021 00:00:00.065,297.073,296.594,1.7,0.37
27.08.2021 00:00:00.221,297.073,296.543,1.7,1
27.08.2021 00:00:00.875,297.073,296.564,1.7,0.37
27.08.2021 00:00:01.063,296.996,296.508,0.37,1.7
27.08.2021 00:00:02.659,296.986,296.584,0.37,0.37
27.08.2021 00:00:02.860,297.047,296.517,1,1
27.08.2021 00:00:03.023,296.986,296.508,0.37,1.7
27.08.2021 00:00:04.337,297.063,296.52500000000003,1.7,1.5
27.08.2021 00:00:04.454,297.006,296.52500000000003,0.37,1.5
27.08.2021 00:00:06.253,296.996,296.523,0.37,1.5
27.08.2021 00:00:06.978,296.94599999999997,296.528,0.37,1
27.08.2021 00:00:07.185,296.996,296.594,0.37,0.37
27.08.2021 00:00:10.047,296.996,296.60400000000004,0.37,0.37
27.08.2021 00:00:10.828,296.94599999999997,296.54400000000004,0.37,1
27.08.2021 00:00:11.030,297.021,296.60400000000004,1,0.37
27.08.2021 00:00:11.080,297.005,296.60400000000004,1.5,0.37
27.08.2021 00:00:11.281,296.966,296.60400000000004,0.37,0.37
27.08.2021 00:00:11.550,296.976,296.53900000000004,0.37,1
27.08.2021 00:00:11.922,296.966,296.53700000000003,0.37,1
27.08.2021 00:00:12.023,296.966,296.594,0.37,0.37
27.08.2021 00:00:12.174,297.033,296.546,0.87,0.87
27.08.2021 00:00:12.387,296.966,296.60400000000004,0.37,0.37
27.08.2021 00:00:12.537,296.94599999999997,296.60400000000004,0.37,0.37
27.08.2021 00:00:12.739,296.956,296.60400000000004,0.37,0.37
27.08.2021 00:00:12.839,296.966,296.60400000000004,0.37,0.37
27.08.2021 00:00:12.990,297.014,296.61400000000003,0.87,0.37
27.08.2021 00:00:13.191,296.956,296.61400000000003,0.37,0.37
27.08.2021 00:00:13.416,296.94599999999997,296.61400000000003,0.37,0.37
27.08.2021 00:00:13.617,296.996,296.60400000000004,0.37,0.37
27.08.2021 00:00:13.818,296.94599999999997,296.524,0.37,1.25
27.08.2021 00:00:14.249,296.966,296.524,0.37,1.25
27.08.2021 00:00:14.450,296.996,296.61400000000003,0.37,0.37
27.08.2021 00:00:14.640,296.94599999999997,296.594,0.37,0.37
27.08.2021 00:00:14.690,297.018,296.594,1.25,0.37
27.08.2021 00:00:14.874,296.976,296.61400000000003,0.37,0.37
27.08.2021 00:00:15.263,296.986,296.61400000000003,0.37,0.37
27.08.2021 00:00:15.484,296.976,296.584,0.37,0.37
27.08.2021 00:00:15.742,296.986,296.61400000000003,0.37,0.37
27.08.2021 00:00:15.993,296.976,296.584,0.37,0.37
27.08.2021 00:00:16.343,296.976,296.53400000000005,0.37,1.25
27.08.2021 00:00:16.665,296.986,296.61400000000003,0.37,0.37
27.08.2021 00:00:17.720,296.976,296.584,0.37,0.37
27.08.2021 00:00:17.770,296.986,296.61400000000003,0.37,0.37
27.08.2021 00:00:19.760,296.986,296.624,0.37,0.37
27.08.2021 00:00:21.095,296.966,296.624,0.37,0.37
27.08.2021 00:00:21.300,296.966,296.61400000000003,0.37,0.37
27.08.2021 00:00:21.455,296.966,296.565,0.37,1
27.08.2021 00:00:21.673,296.956,296.566,0.37,1
27.08.2021 00:00:21.874,297.016,296.624,1,0.37
27.08.2021 00:00:22.107,297.015,296.567,1,1
27.08.2021 00:00:23.727,297.015,296.624,1,0.37
27.08.2021 00:00:25.272,296.94599999999997,296.624,0.37,0.37
27.08.2021 00:00:25.473,296.956,296.634,0.37,0.37
27.08.2021 00:00:25.642,296.956,296.624,0.37,0.37
27.08.2021 00:00:35.282,296.956,296.644,0.37,0.37
27.08.2021 00:00:35.483,296.956,296.654,0.37,0.37
27.08.2021 00:00:35.636,296.94599999999997,296.654,0.37,0.37
27.08.2021 00:00:35.836,296.94599999999997,296.577,0.37,1
27.08.2021 00:00:36.346,296.94599999999997,296.634,0.37,0.37
27.08.2021 00:00:36.396,296.956,296.634,0.37,0.37
27.08.2021 00:00:36.660,296.94599999999997,296.634,0.37,0.37
27.08.2021 00:00:42.049,296.956,296.634,0.37,0.37
27.08.2021 00:00:44.075,296.966,296.654,0.37,0.37
27.08.2021 00:00:45.152,296.976,296.654,0.37,0.37
27.08.2021 00:00:45.341,296.976,296.66400000000004,0.37,0.37
27.08.2021 00:00:51.993,297.027,296.66400000000004,1,0.37
27.08.2021 00:00:52.153,296.986,296.67400000000004,0.37,0.37
27.08.2021 00:00:52.204,296.986,296.617,0.37,1
27.08.2021 00:00:52.254,296.976,296.617,0.37,1
27.08.2021 00:00:52.453,296.976,296.617,0.37,1
27.08.2021 00:00:53.234,296.976,296.617,0.37,1
27.08.2021 00:00:57.435,296.966,296.617,0.37,1
27.08.2021 00:01:01.613,296.966,296.617,0.37,1
27.08.2021 00:01:02.334,296.956,296.598,0.37,1
27.08.2021 00:01:11.067,296.956,296.598,0.37,1
27.08.2021 00:01:11.279,296.94599999999997,296.58,0.37,1
27.08.2021 00:01:11.477,296.936,296.577,0.37,1
27.08.2021 00:01:45.431,296.936,296.577,0.37,1
27.08.2021 00:01:45.840,296.94599999999997,296.577,0.37,1
27.08.2021 00:02:10.744,297,296.634,1,0.37
27.08.2021 00:02:13.684,296.94599999999997,296.585,0.37,1
27.08.2021 00:02:13.790,296.936,296.585,0.37,1
27.08.2021 00:02:14.036,296.94599999999997,296.585,0.37,1
27.08.2021 00:02:15.387,296.936,296.585,0.37,1
27.08.2021 00:02:26.627,296.936,296.585,0.37,1
27.08.2021 00:02:27.855,296.94599999999997,296.585,0.37,1
27.08.2021 00:02:40.046,296.956,296.585,0.37,1
27.08.2021 00:02:51.772,296.94599999999997,296.585,0.37,1
27.08.2021 00:02:59.807,296.94599999999997,296.585,0.37,1
27.08.2021 00:03:00.273,296.956,296.585,0.37,1
27.08.2021 00:03:02.912,296.94599999999997,296.585,0.37,1
27.08.2021 00:03:07.858,296.94599999999997,296.585,0.37,1
27.08.2021 00:03:07.962,296.94599999999997,296.585,0.37,1
27.08.2021 00:03:08.534,296.94599999999997,296.585,0.37,1
27.08.2021 00:03:32.357,296.94599999999997,296.634,0.37,0.37
27.08.2021 00:03:33.779,296.956,296.634,0.37,0.37
27.08.2021 00:03:40.528,296.94599999999997,296.634,0.37,0.37
27.08.2021 00:04:10.092,296.956,296.634,0.37,0.37
27.08.2021 00:04:21.595,296.94599999999997,296.585,0.37,1
27.08.2021 00:04:38.717,296.94599999999997,296.585,0.37,1
27.08.2021 00:04:40.842,296.94599999999997,296.585,0.37,1
27.08.2021 00:04:45.144,296.94599999999997,296.585,0.37,1
27.08.2021 00:05:00.858,296.936,296.585,0.37,1
27.08.2021 00:05:01.503,296.936,296.585,0.37,1
27.08.2021 00:05:26.549,296.936,296.569,0.37,1
27.08.2021 00:05:26.870,296.936,296.624,0.37,0.37
27.08.2021 00:05:27.072,296.94599999999997,296.624,0.37,0.37
27.08.2021 00:05:29.202,296.936,296.624,0.37,0.37
27.08.2021 00:05:32.827,296.94599999999997,296.624,0.37,0.37
27.08.2021 00:06:03.237,296.936,296.624,0.37,0.37
27.08.2021 00:06:10.567,296.936,296.569,0.37,1
27.08.2021 00:06:27.517,296.936,296.624,0.37,0.37
27.08.2021 00:06:29.253,296.936,296.567,0.37,1
27.08.2021 00:06:44.257,296.94599999999997,296.624,0.37,0.37
27.08.2021 00:06:50.274,296.936,296.624,0.37,0.37
27.08.2021 00:06:54.632,296.936,296.567,0.37,1
27.08.2021 00:06:54.844,296.926,296.567,0.37,1
27.08.2021 00:07:12.719,296.936,296.61400000000003,0.37,0.37
27.08.2021 00:07:26.706,296.926,296.61400000000003,0.37,0.37
27.08.2021 00:07:29.784,296.936,296.61400000000003,0.37,0.37
27.08.2021 00:07:38.017,296.936,296.624,0.37,0.37
27.08.2021 00:07:47.089,296.936,296.61400000000003,0.37,0.37
27.08.2021 00:07:56.363,296.936,296.624,0.37,0.37
27.08.2021 00:07:56.518,296.992,296.624,1.5,0.37
27.08.2021 00:08:03.721,296.956,296.634,0.37,0.37
27.08.2021 00:08:12.098,296.94599999999997,296.582,0.37,1
27.08.2021 00:08:41.530,296.936,296.582,0.37,1
27.08.2021 00:08:43.088,296.936,296.582,0.37,1
27.08.2021 00:08:43.241,296.94599999999997,296.582,0.37,1
27.08.2021 00:08:50.177,296.936,296.582,0.37,1
27.08.2021 00:08:50.377,296.936,296.582,0.37,1
27.08.2021 00:08:52.317,296.936,296.582,0.37,1
27.08.2021 00:08:52.471,296.94599999999997,296.582,0.37,1
27.08.2021 00:10:11.636,296.936,296.57599999999996,0.37,1
27.08.2021 00:10:21.964,296.936,296.57599999999996,0.37,1
27.08.2021 00:10:22.159,296.936,296.57599999999996,0.37,1
27.08.2021 00:10:28.351,296.94599999999997,296.57599999999996,0.37,1
27.08.2021 00:10:28.955,296.936,296.57599999999996,0.37,1
27.08.2021 00:10:44.886,296.936,296.57599999999996,0.37,1
27.08.2021 00:10:58.410,296.936,296.57599999999996,0.37,1
27.08.2021 00:10:58.612,296.94599999999997,296.57599999999996,0.37,1
27.08.2021 00:11:39.607,296.94599999999997,296.577,0.37,0.87
27.08.2021 00:11:52.369,296.94599999999997,296.634,0.37,0.37
27.08.2021 00:11:52.570,296.94599999999997,296.577,0.37,0.87
27.08.2021 00:12:19.291,296.936,296.57599999999996,0.37,1
27.08.2021 00:12:19.491,296.94599999999997,296.57599999999996,0.37,1
27.08.2021 00:12:45.127,297.005,296.634,1.5,0.37
27.08.2021 00:12:45.280,297.005,296.644,1.5,0.37
27.08.2021 00:13:05.303,296.966,296.644,0.37,0.37
27.08.2021 00:13:05.564,296.966,296.654,0.37,0.37
27.08.2021 00:13:10.872,296.94599999999997,296.684,0.37,0.37
27.08.2021 00:13:11.030,297.014,296.67400000000004,1.12,0.37
27.08.2021 00:13:37.382,297.036,296.684,0.87,0.37
27.08.2021 00:13:45.829,297.036,296.67400000000004,0.87,0.37
27.08.2021 00:13:46.033,297.036,296.684,0.87,0.37
27.08.2021 00:13:47.636,297.036,296.694,0.87,0.37
27.08.2021 00:13:47.911,297.036,296.684,0.87,0.37
27.08.2021 00:13:55.334,297.026,296.67400000000004,0.87,0.37
27.08.2021 00:13:55.480,297.03200000000004,296.634,0.87,1
27.08.2021 00:13:55.531,297.046,296.634,0.87,1
27.08.2021 00:13:56.941,297.046,296.694,0.87,0.37
27.08.2021 00:13:57.180,297.056,296.704,0.87,0.37
27.08.2021 00:13:58.244,297.056,296.694,0.87,0.37
27.08.2021 00:14:00.164,297.036,296.684,0.87,0.37
27.08.2021 00:14:01.359,297.046,296.694,0.87,0.37
27.08.2021 00:14:01.872,297.036,296.64,0.87,1.5
27.08.2021 00:14:02.029,297.056,296.704,0.87,0.37
27.08.2021 00:14:02.080,297.046,296.639,0.87,1.5
27.08.2021 00:14:02.130,297.046,296.694,0.87,0.37
27.08.2021 00:14:02.464,297.036,296.637,0.87,1.5
27.08.2021 00:14:03.618,297.046,296.694,0.87,0.37
27.08.2021 00:14:03.769,297.056,296.704,1,0.37
27.08.2021 00:14:05.385,297.046,296.694,1,0.37
27.08.2021 00:14:11.247,297.05,296.652,1,1
27.08.2021 00:14:11.352,297.056,296.704,1,0.37
27.08.2021 00:14:17.204,297.066,296.652,1,0.87
27.08.2021 00:14:17.428,297.066,296.704,1,0.37
27.08.2021 00:14:20.152,297.066,296.72400000000005,1,0.37
27.08.2021 00:14:24.030,297.066,296.714,1,0.37
27.08.2021 00:14:40.476,297.066,296.72400000000005,1,0.37
27.08.2021 00:14:41.472,297.066,296.714,1,0.37
27.08.2021 00:14:41.631,297.066,296.65500000000003,1,1.5
27.08.2021 00:14:42.672,297.056,296.652,1,1
27.08.2021 00:14:42.831,297.056,296.704,1,0.37
27.08.2021 00:14:43.816,297.056,296.652,1,1
27.08.2021 00:14:52.362,297.05,296.652,1,1
27.08.2021 00:14:53.428,297.047,296.652,1.5,1
27.08.2021 00:14:59.674,297.046,296.652,1.5,1
27.08.2021 00:14:59.775,297.036,296.684,1,0.37
27.08.2021 00:14:59.877,297.036,296.694,1,0.37
27.08.2021 00:15:05.270,297.036,296.684,1,0.37
27.08.2021 00:15:05.767,297.03200000000004,296.684,1,0.37
27.08.2021 00:15:14.872,297.03700000000003,296.624,1.5,1.12
27.08.2021 00:15:16.013,297.036,296.607,1.5,1
27.08.2021 00:15:24.828,297.028,296.60400000000004,1,1
27.08.2021 00:15:24.979,297.028,296.624,1,1.5
27.08.2021 00:15:30.228,297.03000000000003,296.632,1,1
27.08.2021 00:15:35.371,297.03000000000003,296.632,1,1
27.08.2021 00:15:40.149,296.966,296.60400000000004,0.37,1.25
27.08.2021 00:15:40.358,297.03000000000003,296.632,1,1
27.08.2021 00:15:40.564,296.976,296.632,0.37,1
27.08.2021 00:15:44.407,297.036,296.684,1.5,0.37
27.08.2021 00:15:44.617,297.036,296.684,1.5,0.37
27.08.2021 00:15:45.657,297.036,296.67400000000004,1.12,0.37
27.08.2021 00:15:51.041,297.04,296.684,1,0.37
27.08.2021 00:15:51.142,297.059,296.684,1.5,0.37
27.08.2021 00:15:51.273,297.059,296.633,1.5,1.25
27.08.2021 00:15:54.367,297.06,296.634,1.5,1.12
27.08.2021 00:15:54.518,297.04200000000003,296.634,1.5,0.87
27.08.2021 00:15:54.568,297.036,296.634,1,0.87
27.08.2021 00:15:55.738,297.036,296.637,1,1
27.08.2021 00:16:00.446,297.036,296.637,1,1
27.08.2021 00:16:00.552,297.035,296.637,1,1
27.08.2021 00:16:11.429,297.035,296.637,1,1
27.08.2021 00:16:20.328,297.035,296.637,1,1
27.08.2021 00:16:21.793,297.035,296.694,1,0.37
27.08.2021 00:16:22.090,297.036,296.704,1,0.37
27.08.2021 00:16:22.271,297.035,296.694,1,0.37
27.08.2021 00:16:24.333,297.035,296.694,1,0.37
27.08.2021 00:16:25.960,297.036,296.704,1,0.37
27.08.2021 00:16:26.474,297.046,296.694,1,0.37
27.08.2021 00:16:27.674,297.035,296.694,1,0.37
27.08.2021 00:16:27.846,297.036,296.694,1,0.37
27.08.2021 00:16:28.048,297.036,296.704,1,0.37
27.08.2021 00:16:31.421,297.035,296.694,1,0.37
27.08.2021 00:16:34.934,297.035,296.637,1,1
27.08.2021 00:16:44.301,297.035,296.694,1,0.37
27.08.2021 00:17:11.013,297.04,296.694,1,0.37
27.08.2021 00:17:11.212,297.04,296.704,1,0.37
27.08.2021 00:17:14.088,297.04,296.704,1,0.37
27.08.2021 00:17:14.338,297.04,296.704,1,0.37
27.08.2021 00:17:25.976,297.04,296.704,1,0.37
27.08.2021 00:17:26.178,297.006,296.714,0.37,0.37
27.08.2021 00:17:33.086,297.058,296.72400000000005,1,0.37
27.08.2021 00:17:33.332,297.058,296.72400000000005,1,0.37
27.08.2021 00:17:33.541,297.058,296.72400000000005,1,0.37
27.08.2021 00:17:47.550,297.058,296.714,1,0.37
27.08.2021 00:18:03.589,297.058,296.72400000000005,1,0.37
27.08.2021 00:18:04.042,297.058,296.714,1,0.37
27.08.2021 00:18:08.797,297.058,296.72400000000005,1,0.37
27.08.2021 00:18:09.341,297.058,296.714,1,0.37
27.08.2021 00:18:11.544,297.058,296.72400000000005,1,0.37
27.08.2021 00:18:11.780,297.058,296.72400000000005,1,0.37
27.08.2021 00:18:11.994,297.058,296.72400000000005,1,0.37
27.08.2021 00:18:13.936,297.058,296.72400000000005,1,0.37
27.08.2021 00:18:14.557,297.058,296.72400000000005,1,0.37
27.08.2021 00:18:14.739,297.075,296.73400000000004,1,0.37
27.08.2021 00:18:15.985,297.016,296.67400000000004,0.37,1
27.08.2021 00:18:16.189,297.075,296.675,1,1
27.08.2021 00:18:24.138,297.075,296.73400000000004,1,0.37
27.08.2021 00:18:24.341,297.075,296.675,1,1
27.08.2021 00:18:31.371,297.075,296.73400000000004,1,0.37
27.08.2021 00:18:31.571,297.075,296.675,1,1
27.08.2021 00:18:35.344,297.075,296.677,1,1.5
27.08.2021 00:18:36.108,297.075,296.67900000000003,1,1.5
27.08.2021 00:18:38.633,297.075,296.73400000000004,1,0.37
27.08.2021 00:18:49.435,297.075,296.685,1,1.5
27.08.2021 00:19:08.030,297.075,296.73400000000004,1,0.37
27.08.2021 00:19:10.934,297.075,296.73400000000004,1,0.37
27.08.2021 00:19:19.738,297.082,296.73400000000004,1,0.37
27.08.2021 00:19:25.358,297.082,296.744,1,0.37
27.08.2021 00:19:43.735,297.082,296.695,1,1.5
27.08.2021 00:19:43.971,297.026,296.754,0.37,0.37
27.08.2021 00:19:56.709,297.026,296.764,0.37,0.37
27.08.2021 00:19:58.717,297.082,296.764,1,0.37
27.08.2021 00:20:02.667,297.082,296.774,1,0.37
27.08.2021 00:20:21.597,297.082,296.774,1,0.37
27.08.2021 00:20:21.848,297.082,296.774,1,0.37
27.08.2021 00:20:52.753,297.026,296.71500000000003,0.37,1.5
27.08.2021 00:20:53.153,297.082,296.71500000000003,1,1.5
27.08.2021 00:20:59.197,297.082,296.774,1,0.37
27.08.2021 00:21:51.696,297.036,296.764,0.37,0.37
27.08.2021 00:21:53.289,297.026,296.764,0.37,0.37
27.08.2021 00:22:15.730,297.026,296.709,0.37,1.5
27.08.2021 00:22:15.980,297.016,296.744,0.37,0.37
27.08.2021 00:22:16.177,297.006,296.744,0.37,0.37
27.08.2021 00:22:22.165,297.016,296.744,0.37,0.37
27.08.2021 00:22:24.618,297.016,296.754,0.37,0.37
27.08.2021 00:22:32.329,297.026,296.754,0.37,0.37
27.08.2021 00:22:32.514,297.08,296.764,1.5,0.37
27.08.2021 00:22:35.807,297.026,296.764,0.37,0.37
27.08.2021 00:22:41.128,297.08,296.764,1.5,0.37
27.08.2021 00:22:41.884,297.08,296.774,1.5,0.37
27.08.2021 00:22:43.564,297.08,296.764,1.5,0.37
27.08.2021 00:22:45.231,297.08,296.774,1.5,0.37
27.08.2021 00:22:47.470,297.026,296.764,0.37,0.37
27.08.2021 00:22:54.268,297.08,296.764,1.5,0.37
27.08.2021 00:22:57.931,297.036,296.774,0.37,0.37
27.08.2021 00:23:00.550,297.046,296.774,0.37,0.37
27.08.2021 00:23:00.707,297.046,296.78400000000005,0.37,0.37
27.08.2021 00:23:09.989,297.11,296.814,1,0.37
27.08.2021 00:23:10.586,297.11,296.80400000000003,1,0.37
27.08.2021 00:23:10.787,297.11,296.814,1,0.37
27.08.2021 00:23:10.989,297.056,296.747,0.37,1.5
27.08.2021 00:23:11.362,297.11,296.80400000000003,1,0.37
27.08.2021 00:23:13.443,297.07599999999996,296.814,0.37,0.37
27.08.2021 00:23:15.600,297.07599999999996,296.80400000000003,0.37,0.37
27.08.2021 00:23:19.654,297.07599999999996,296.814,0.37,0.37
27.08.2021 00:23:37.496,297.07599999999996,296.80400000000003,0.37,0.37
27.08.2021 00:23:49.178,297.066,296.80400000000003,0.37,0.37
27.08.2021 00:23:49.291,297.066,296.79400000000004,0.37,0.37
27.08.2021 00:23:54.535,297.07599999999996,296.814,0.37,0.37
27.08.2021 00:23:55.339,297.086,296.824,0.37,0.37
27.08.2021 00:24:01.881,297.07599999999996,296.814,0.37,0.37
27.08.2021 00:24:36.594,297.07599999999996,296.80400000000003,0.37,0.37
27.08.2021 00:24:39.929,297.066,296.80400000000003,0.37,0.37
27.08.2021 00:25:07.754,297.07599999999996,296.814,0.37,0.37
27.08.2021 00:25:14.778,297.086,296.814,0.37,0.37
27.08.2021 00:25:19.988,297.086,296.824,0.37,0.37
27.08.2021 00:25:24.721,297.096,296.834,0.37,0.37
27.08.2021 00:25:27.578,297.106,296.834,0.37,0.37
27.08.2021 00:25:50.827,297.106,296.844,0.37,0.37
27.08.2021 00:25:53.926,297.106,296.834,0.37,0.37
27.08.2021 00:25:56.349,297.106,296.844,0.37,0.37
27.08.2021 00:26:03.493,297.106,296.834,0.37,0.37
27.08.2021 00:26:09.932,297.096,296.834,0.37,0.37
27.08.2021 00:26:10.673,297.086,296.824,0.37,0.37
27.08.2021 00:26:42.142,297.096,296.824,0.37,0.37
27.08.2021 00:26:42.656,297.086,296.824,0.37,0.37
27.08.2021 00:26:42.856,297.096,296.824,0.37,0.37
27.08.2021 00:26:47.596,297.086,296.824,0.37,0.37
27.08.2021 00:26:51.508,297.096,296.824,0.37,0.37
27.08.2021 00:26:51.707,297.096,296.834,0.37,0.37
27.08.2021 00:26:52.951,297.096,296.824,0.37,0.37
27.08.2021 00:26:53.107,297.096,296.834,0.37,0.37
27.08.2021 00:27:06.437,297.096,296.824,0.37,0.37
27.08.2021 00:27:06.675,297.096,296.834,0.37,0.37
27.08.2021 00:27:12.547,297.096,296.824,0.37,0.37
27.08.2021 00:27:12.698,297.086,296.824,0.37,0.37
27.08.2021 00:27:13.139,297.096,296.824,0.37,0.37
27.08.2021 00:27:26.652,297.096,296.834,0.37,0.37
27.08.2021 00:27:32.594,297.15500000000003,296.834,1,0.37
27.08.2021 00:27:34.936,297.096,296.834,0.37,0.37
27.08.2021 00:27:49.946,297.15500000000003,296.834,1,0.37
27.08.2021 00:27:51.222,297.096,296.834,0.37,0.37
27.08.2021 00:27:54.788,297.15500000000003,296.834,1,0.37
27.08.2021 00:27:56.133,297.096,296.834,0.37,0.37
27.08.2021 00:28:29.860,297.096,296.824,0.37,0.37
27.08.2021 00:28:32.606,297.096,296.834,0.37,0.37
27.08.2021 00:28:35.386,297.106,296.834,0.37,0.37
27.08.2021 00:28:56.323,297.16400000000004,296.844,1.5,0.37
27.08.2021 00:28:58.446,297.106,296.844,0.37,0.37
27.08.2021 00:28:59.178,297.16400000000004,296.844,1.5,0.37
27.08.2021 00:29:01.601,297.106,296.844,0.37,0.37
27.08.2021 00:29:03.198,297.106,296.834,0.37,0.37
27.08.2021 00:29:17.634,297.106,296.844,0.37,0.37
27.08.2021 00:29:19.999,297.16400000000004,296.844,1,0.37
27.08.2021 00:29:38.989,297.106,296.844,0.37,0.37
27.08.2021 00:30:02.707,297.106,296.786,0.37,1
27.08.2021 00:30:09.216,297.116,296.844,0.37,0.37
27.08.2021 00:30:23.449,297.116,296.85400000000004,0.37,0.37
27.08.2021 00:30:52.424,297.173,296.85400000000004,1,0.37
27.08.2021 00:30:52.798,297.173,296.86400000000003,1,0.37
27.08.2021 00:31:03.090,297.13599999999997,296.874,0.37,0.37
27.08.2021 00:31:10.082,297.126,296.86400000000003,0.37,0.37
27.08.2021 00:31:25.096,297.13599999999997,296.874,0.37,0.37
27.08.2021 00:31:25.319,297.13599999999997,296.86400000000003,0.37,0.37
27.08.2021 00:31:27.725,297.126,296.86400000000003,0.37,0.37
27.08.2021 00:31:48.813,297.116,296.807,0.37,1
27.08.2021 00:31:49.056,297.126,296.807,0.37,1
27.08.2021 00:31:51.879,297.116,296.807,0.37,1
27.08.2021 00:31:55.176,297.116,296.844,0.37,0.37
27.08.2021 00:31:57.042,297.116,296.85400000000004,0.37,0.37
27.08.2021 00:32:01.118,297.126,296.86400000000003,0.37,0.37
27.08.2021 00:32:04.251,297.126,296.85400000000004,0.37,0.37
27.08.2021 00:32:04.446,297.126,296.86400000000003,0.37,0.37
27.08.2021 00:32:34.322,297.17900000000003,296.86400000000003,1,0.37
27.08.2021 00:32:40.420,297.126,296.86400000000003,0.37,0.37
27.08.2021 00:32:41.214,297.18,296.86400000000003,1,0.37
27.08.2021 00:32:41.393,297.13599999999997,296.874,0.37,0.37
27.08.2021 00:32:54.484,297.195,296.874,1,0.37
27.08.2021 00:33:04.165,297.214,296.894,1,0.37
27.08.2021 00:33:04.291,297.214,296.904,1,0.37
27.08.2021 00:33:08.923,297.214,296.894,1,0.37
27.08.2021 00:33:10.722,297.214,296.904,1,0.37
27.08.2021 00:33:30.991,297.176,296.91400000000004,0.37,0.37
27.08.2021 00:33:32.875,297.235,296.91400000000004,1,0.37
27.08.2021 00:33:32.976,297.186,296.92400000000004,0.37,0.37
27.08.2021 00:33:38.861,297.176,296.91400000000004,0.37,0.37
27.08.2021 00:33:52.810,297.186,296.91400000000004,0.37,0.37
27.08.2021 00:33:55.510,297.176,296.91400000000004,0.37,0.37
27.08.2021 00:34:04.446,297.176,296.86,0.37,1
27.08.2021 00:34:04.753,297.176,296.91400000000004,0.37,0.37
27.08.2021 00:34:26.935,297.23,296.91400000000004,1,0.37
27.08.2021 00:34:33.936,297.176,296.91400000000004,0.37,0.37
27.08.2021 00:34:35.727,297.23,296.91400000000004,1,0.37
27.08.2021 00:34:35.962,297.176,296.91400000000004,0.37,0.37
27.08.2021 00:34:55.436,297.23,296.91400000000004,1,0.37
27.08.2021 00:34:58.114,297.176,296.91400000000004,0.37,0.37
27.08.2021 00:35:00.802,297.23,296.91400000000004,1,0.37
27.08.2021 00:35:01.011,297.231,296.92400000000004,1,0.37
27.08.2021 00:35:02.435,297.19599999999997,296.92400000000004,0.37,0.37
27.08.2021 00:35:04.452,297.186,296.92400000000004,0.37,0.37
27.08.2021 00:35:25.838,297.19599999999997,296.92400000000004,0.37,0.37
27.08.2021 00:36:16.778,297.19599999999997,296.934,0.37,0.37
27.08.2021 00:36:16.980,297.19599999999997,296.92400000000004,0.37,0.37
27.08.2021 00:37:17.818,297.19599999999997,296.934,0.37,0.37
27.08.2021 00:37:18.517,297.19599999999997,296.92400000000004,0.37,0.37
27.08.2021 00:37:51.496,297.252,296.92400000000004,1,0.37
27.08.2021 00:37:51.659,297.252,296.944,1,0.37
27.08.2021 00:37:51.760,297.216,296.944,0.37,0.37
27.08.2021 00:37:51.878,297.206,296.944,0.37,0.37
27.08.2021 00:37:59.649,297.216,296.944,0.37,0.37
27.08.2021 00:37:59.803,297.216,296.954,0.37,0.37
27.08.2021 00:38:02.256,297.206,296.944,0.37,0.37
27.08.2021 00:38:17.824,297.216,296.944,0.37,0.37
27.08.2021 00:38:26.585,297.206,296.944,0.37,0.37
27.08.2021 00:38:29.757,297.206,296.934,0.37,0.37
27.08.2021 00:38:30.180,297.206,296.944,0.37,0.37
27.08.2021 00:38:33.026,297.206,296.934,0.37,0.37
27.08.2021 00:38:33.502,297.206,296.944,0.37,0.37
27.08.2021 00:38:35.320,297.206,296.934,0.37,0.37
27.08.2021 00:38:35.710,297.206,296.944,0.37,0.37
27.08.2021 00:38:41.085,297.206,296.934,0.37,0.37
27.08.2021 00:38:42.436,297.206,296.944,0.37,0.37
27.08.2021 00:38:53.818,297.216,296.944,0.37,0.37
27.08.2021 00:39:16.617,297.206,296.944,0.37,0.37
27.08.2021 00:39:35.047,297.216,296.944,0.37,0.37
27.08.2021 00:39:44.761,297.216,296.954,0.37,0.37
27.08.2021 00:39:49.008,297.268,296.954,1.5,0.37
27.08.2021 00:39:49.267,297.268,296.964,1,0.37
27.08.2021 00:39:55.709,297.285,296.97400000000005,1,0.37
27.08.2021 00:40:08.276,297.236,296.964,0.37,0.37
27.08.2021 00:40:12.641,297.226,296.964,0.37,0.37
27.08.2021 00:40:24.264,297.226,296.911,0.37,1.5
27.08.2021 00:40:24.445,297.226,296.964,0.37,0.37
27.08.2021 00:40:35.253,297.285,296.97400000000005,1,0.37
27.08.2021 00:40:35.404,297.246,296.98400000000004,0.37,0.37
27.08.2021 00:40:35.605,297.246,296.97400000000005,0.37,0.37
27.08.2021 00:40:43.372,297.246,296.98400000000004,0.37,0.37
27.08.2021 00:40:43.574,297.303,296.98400000000004,1,0.37
27.08.2021 00:40:46.779,297.246,296.98400000000004,0.37,0.37
27.08.2021 00:40:54.328,297.303,296.98400000000004,1,0.37
27.08.2021 00:41:00.212,297.246,296.98400000000004,0.37,0.37
27.08.2021 00:41:00.362,297.246,296.97400000000005,0.37,0.37
27.08.2021 00:41:10.746,297.236,296.97400000000005,0.37,0.37
27.08.2021 00:41:12.784,297.236,296.964,0.37,0.37
27.08.2021 00:41:12.936,297.226,296.964,0.37,0.37
27.08.2021 00:42:08.636,297.236,296.97400000000005,0.37,0.37
27.08.2021 00:42:33.543,297.236,296.964,0.37,0.37
27.08.2021 00:42:33.793,297.226,296.964,0.37,0.37
27.08.2021 00:42:34.488,297.236,296.964,0.37,0.37
27.08.2021 00:42:35.591,297.236,296.97400000000005,0.37,0.37
27.08.2021 00:42:40.847,297.226,296.964,0.37,0.37
27.08.2021 00:43:16.702,297.216,296.954,0.37,0.37
27.08.2021 00:43:23.968,297.226,296.954,0.37,0.37
27.08.2021 00:43:42.852,297.226,296.964,0.37,0.37
27.08.2021 00:43:48.827,297.236,296.964,0.37,0.37
27.08.2021 00:43:49.037,297.236,296.97400000000005,0.37,0.37
27.08.2021 00:44:03.365,297.236,296.964,0.37,0.37
27.08.2021 00:44:03.568,297.226,296.964,0.37,0.37
27.08.2021 00:44:33.259,297.226,296.954,0.37,0.37
27.08.2021 00:44:33.507,297.226,296.964,0.37,0.37
27.08.2021 00:45:44.703,297.226,296.954,0.37,0.37
27.08.2021 00:46:03.941,297.226,296.964,0.37,0.37
27.08.2021 00:46:04.344,297.236,296.97400000000005,0.37,0.37
27.08.2021 00:46:05.050,297.236,296.964,0.37,0.37
27.08.2021 00:46:05.202,297.236,296.97400000000005,0.37,0.37
27.08.2021 00:46:06.001,297.236,296.964,0.37,0.37
27.08.2021 00:46:10.054,297.226,296.964,0.37,0.37
27.08.2021 00:47:02.071,297.226,296.954,0.37,0.37
27.08.2021 00:47:02.266,297.216,296.954,0.37,0.37
27.08.2021 00:47:18.754,297.226,296.964,0.37,0.37
27.08.2021 00:48:04.791,297.236,296.97400000000005,0.37,0.37
27.08.2021 00:48:27.919,297.236,296.964,0.37,0.37
27.08.2021 00:48:32.481,297.226,296.964,0.37,0.37
27.08.2021 00:48:33.107,297.226,296.954,0.37,0.37
27.08.2021 00:48:33.317,297.216,296.954,0.37,0.37
27.08.2021 00:48:37.634,297.226,296.964,0.37,0.37
27.08.2021 00:48:37.710,297.281,296.964,1,0.37
27.08.2021 00:48:51.114,297.226,296.964,0.37,0.37
27.08.2021 00:49:29.914,297.226,296.90700000000004,0.37,1.5
27.08.2021 00:49:30.064,297.216,296.90700000000004,0.37,1.5
27.08.2021 00:49:31.959,297.226,296.90700000000004,0.37,1.5
27.08.2021 00:49:32.276,297.226,296.964,0.37,0.37
27.08.2021 00:49:46.894,297.226,296.954,0.37,0.37
27.08.2021 00:49:47.298,297.226,296.964,0.37,0.37
27.08.2021 00:49:59.842,297.226,296.954,0.37,0.37
27.08.2021 00:50:00.041,297.216,296.954,0.37,0.37
27.08.2021 00:50:00.801,297.216,296.90000000000003,0.37,1.5
27.08.2021 00:50:08.476,297.206,296.944,0.37,0.37
27.08.2021 00:50:13.622,297.206,296.934,0.37,0.37
27.08.2021 00:50:14.489,297.206,296.944,0.37,0.37
27.08.2021 00:50:25.272,297.206,296.934,0.37,0.37
27.08.2021 00:50:44.940,297.206,296.944,0.37,0.37
27.08.2021 00:51:01.722,297.216,296.944,0.37,0.37
27.08.2021 00:51:03.084,297.216,296.954,0.37,0.37
27.08.2021 00:51:03.551,297.216,296.944,0.37,0.37
27.08.2021 00:51:04.050,297.206,296.944,0.37,0.37
27.08.2021 00:51:10.886,297.216,296.944,0.37,0.37
27.08.2021 00:51:14.937,297.216,296.954,0.37,0.37
27.08.2021 00:51:29.438,297.216,296.944,0.37,0.37
27.08.2021 00:51:34.810,297.216,296.954,0.37,0.37
27.08.2021 00:51:59.083,297.216,296.944,0.37,0.37
27.08.2021 00:52:00.259,297.206,296.944,0.37,0.37
27.08.2021 00:53:10.452,297.206,296.934,0.37,0.37
27.08.2021 00:53:10.656,297.19599999999997,296.934,0.37,0.37
27.08.2021 00:53:17.242,297.19599999999997,296.879,0.37,1.5
27.08.2021 00:53:21.824,297.186,296.879,0.37,1.5
27.08.2021 00:53:23.820,297.186,296.91400000000004,0.37,0.37
27.08.2021 00:53:28.574,297.186,296.92400000000004,0.37,0.37
27.08.2021 00:53:32.628,297.186,296.91400000000004,0.37,0.37
27.08.2021 00:53:37.917,297.176,296.91400000000004,0.37,0.37
27.08.2021 00:53:38.319,297.166,296.904,0.37,0.37
27.08.2021 00:54:00.502,297.176,296.91400000000004,0.37,0.37
27.08.2021 00:54:04.089,297.236,296.831,1,1
27.08.2021 00:54:04.140,297.252,296.828,1.7,1.7
27.08.2021 00:54:04.291,297.264,296.828,2,1.7
27.08.2021 00:54:05.263,297.264,296.828,2,1.7
27.08.2021 00:54:07.569,297.283,296.828,1.7,1.7
27.08.2021 00:54:08.627,297.226,296.828,0.37,1.7
27.08.2021 00:54:12.481,297.283,296.828,1.7,1.7
27.08.2021 00:54:18.251,297.283,296.828,1.7,1.7
27.08.2021 00:54:30.492,297.303,296.848,1.7,1.7
27.08.2021 00:54:30.694,297.246,296.848,0.37,1.7
27.08.2021 00:54:31.393,297.303,296.848,1.7,1.7
27.08.2021 00:54:31.641,297.303,296.848,1.7,1.7
27.08.2021 00:54:33.567,297.303,296.893,1.7,1
27.08.2021 00:54:34.337,297.256,296.893,0.37,1
27.08.2021 00:54:34.487,297.246,296.893,0.37,1
27.08.2021 00:54:37.131,297.246,296.858,0.37,1.7
27.08.2021 00:54:37.181,297.246,296.889,0.37,1
27.08.2021 00:54:37.324,297.313,296.889,1.7,1
27.08.2021 00:54:46.209,297.313,296.892,1.7,1
27.08.2021 00:54:46.415,297.313,296.895,1.7,1
27.08.2021 00:54:47.576,297.313,296.895,1.7,1
27.08.2021 00:54:50.544,297.313,296.895,1.7,1
27.08.2021 00:54:51.318,297.313,296.895,1.7,1
27.08.2021 00:54:54.572,297.276,296.868,0.37,1.4
27.08.2021 00:54:54.808,297.333,296.868,1.7,1.4
27.08.2021 00:54:55.012,297.276,296.868,0.37,1.4
27.08.2021 00:54:58.151,297.323,296.868,1.7,1.4
27.08.2021 00:54:58.524,297.323,296.868,1.7,1.4
27.08.2021 00:54:59.353,297.323,296.868,1.7,1.4
27.08.2021 00:55:00.038,297.323,296.868,1.7,1.4
27.08.2021 00:55:00.231,297.323,296.868,1.7,1.4
27.08.2021 00:55:00.844,297.323,296.868,1.7,1.4
27.08.2021 00:55:01.039,297.323,296.868,1.7,1.4
27.08.2021 00:55:01.351,297.323,296.868,1.7,1.4
27.08.2021 00:55:02.131,297.266,296.868,0.37,1.4
27.08.2021 00:55:02.357,297.256,296.848,0.37,1.7
27.08.2021 00:55:04.685,297.246,296.848,0.37,1.7
27.08.2021 00:55:10.160,297.186,296.92400000000004,0.37,0.37
27.08.2021 00:55:10.310,297.254,296.944,1.62,0.37
27.08.2021 00:55:10.497,297.19599999999997,296.883,0.37,1.5
27.08.2021 00:55:11.299,297.19599999999997,296.934,0.37,0.37
27.08.2021 00:55:11.533,297.19599999999997,296.92400000000004,0.37,0.37
27.08.2021 00:55:16.567,297.19599999999997,296.934,0.37,0.37
27.08.2021 00:55:18.366,297.254,296.934,1.5,0.37
27.08.2021 00:55:38.613,297.19599999999997,296.934,0.37,0.37
27.08.2021 00:55:40.140,297.19599999999997,296.92400000000004,0.37,0.37
27.08.2021 00:55:41.773,297.186,296.92400000000004,0.37,0.37
27.08.2021 00:55:45.965,297.19599999999997,296.92400000000004,0.37,0.37
27.08.2021 00:55:48.753,297.186,296.92400000000004,0.37,0.37
27.08.2021 00:56:14.055,297.186,296.91400000000004,0.37,0.37
27.08.2021 00:56:19.555,297.186,296.92400000000004,0.37,0.37
27.08.2021 00:56:47.666,297.19599999999997,296.92400000000004,0.37,0.37
27.08.2021 00:56:48.938,297.186,296.92400000000004,0.37,0.37
27.08.2021 00:56:50.027,297.19599999999997,296.92400000000004,0.37,0.37
27.08.2021 00:56:50.183,297.25,296.934,1.5,0.37
27.08.2021 00:56:52.585,297.25,296.944,1.5,0.37
27.08.2021 00:56:54.571,297.216,296.944,0.37,0.37
27.08.2021 00:57:05.953,297.216,296.954,0.37,0.37
27.08.2021 00:57:08.491,297.268,296.954,1.5,0.37
27.08.2021 00:57:16.992,297.216,296.954,0.37,0.37
27.08.2021 00:57:21.969,297.216,296.944,0.37,0.37
27.08.2021 00:57:22.620,297.216,296.954,0.37,0.37
27.08.2021 00:57:30.182,297.216,296.944,0.37,0.37
27.08.2021 00:57:54.863,297.206,296.944,0.37,0.37
27.08.2021 00:57:55.065,297.216,296.944,0.37,0.37
27.08.2021 00:58:00.221,297.206,296.885,0.37,1.5
27.08.2021 00:58:09.302,297.206,296.944,0.37,0.37
27.08.2021 00:58:09.706,297.206,296.885,0.37,1.5
27.08.2021 00:58:15.398,297.19599999999997,296.885,0.37,1.5
27.08.2021 00:58:22.674,297.19599999999997,296.92400000000004,0.37,0.37
27.08.2021 00:58:26.365,297.19599999999997,296.934,0.37,0.37
27.08.2021 00:58:30.316,297.19599999999997,296.92400000000004,0.37,0.37
27.08.2021 00:58:37.222,297.186,296.92400000000004,0.37,0.37
27.08.2021 00:59:07.660,297.176,296.867,0.37,1.5
27.08.2021 00:59:17.314,297.166,296.904,0.37,0.37
27.08.2021 00:59:18.708,297.166,296.84900000000005,0.37,1.5
27.08.2021 00:59:29.944,297.166,296.904,0.37,0.37
27.08.2021 00:59:32.934,297.176,296.904,0.37,0.37
27.08.2021 00:59:38.518,297.176,296.91400000000004,0.37,0.37
27.08.2021 00:59:38.722,297.186,296.92400000000004,0.37,0.37
27.08.2021 00:59:56.404,297.186,296.91400000000004,0.37,0.37
27.08.2021 00:59:58.975,297.176,296.91400000000004,0.37,0.37
27.08.2021 01:00:00.652,297.166,296.904,0.37,0.37
27.08.2021 01:00:00.854,297.176,296.904,0.37,0.37
27.08.2021 01:00:01.055,297.176,296.91400000000004,0.37,0.37
27.08.2021 01:00:02.278,297.176,296.904,0.37,0.37
27.08.2021 01:00:02.480,297.166,296.904,0.37,0.37
27.08.2021 01:00:02.589,297.176,296.904,0.37,0.37
27.08.2021 01:00:05.251,297.166,296.904,0.37,0.37
27.08.2021 01:00:06.601,297.166,296.84900000000005,0.37,1.5
27.08.2021 01:00:11.314,297.156,296.894,0.37,0.37
27.08.2021 01:00:15.358,297.156,296.884,0.37,0.37
27.08.2021 01:00:21.126,297.146,296.884,0.37,0.37
27.08.2021 01:00:30.659,297.156,296.884,0.37,0.37
27.08.2021 01:00:33.238,297.166,296.894,0.37,0.37
27.08.2021 01:00:33.441,297.166,296.904,0.37,0.37
27.08.2021 01:00:43.794,297.166,296.894,0.37,0.37
27.08.2021 01:00:43.942,297.156,296.894,0.37,0.37
27.08.2021 01:00:44.191,297.166,296.894,0.37,0.37
27.08.2021 01:00:52.647,297.156,296.894,0.37,0.37
27.08.2021 01:01:05.572,297.156,296.884,0.37,0.37
27.08.2021 01:01:06.361,297.146,296.884,0.37,0.37
27.08.2021 01:01:07.019,297.156,296.884,0.37,0.37
27.08.2021 01:01:10.341,297.146,296.884,0.37,0.37
27.08.2021 01:01:18.438,297.156,296.884,0.37,0.37
27.08.2021 01:01:20.039,297.146,296.884,0.37,0.37
27.08.2021 01:01:23.282,297.156,296.884,0.37,0.37
27.08.2021 01:01:23.536,297.146,296.884,0.37,0.37
27.08.2021 01:01:36.689,297.156,296.884,0.37,0.37
27.08.2021 01:01:38.001,297.146,296.884,0.37,0.37
27.08.2021 01:01:38.317,297.146,296.874,0.37,0.37
27.08.2021 01:01:38.520,297.146,296.884,0.37,0.37
27.08.2021 01:01:39.946,297.146,296.874,0.37,0.37
27.08.2021 01:01:40.099,297.13599999999997,296.874,0.37,0.37
27.08.2021 01:01:55.254,297.13599999999997,296.823,0.37,1.5
27.08.2021 01:01:56.899,297.13599999999997,296.874,0.37,0.37
27.08.2021 01:02:10.903,297.13599999999997,296.86400000000003,0.37,0.37
27.08.2021 01:02:11.056,297.126,296.86400000000003,0.37,0.37
27.08.2021 01:02:18.111,297.13599999999997,296.86400000000003,0.37,0.37
27.08.2021 01:02:18.566,297.13599999999997,296.874,0.37,0.37
27.08.2021 01:02:47.795,297.146,296.884,0.37,0.37
27.08.2021 01:02:48.199,297.156,296.884,0.37,0.37
27.08.2021 01:03:00.392,297.156,296.894,0.37,0.37
27.08.2021 01:03:16.429,297.211,296.894,1.5,0.37
27.08.2021 01:04:14.358,297.186,296.91400000000004,0.37,0.37
27.08.2021 01:04:14.519,297.186,296.92400000000004,0.37,0.37
27.08.2021 01:04:24.158,297.244,296.92400000000004,1,0.37
27.08.2021 01:04:24.360,297.19599999999997,296.934,0.37,0.37
27.08.2021 01:04:26.619,297.19599999999997,296.92400000000004,0.37,0.37
27.08.2021 01:04:26.820,297.186,296.92400000000004,0.37,0.37
27.08.2021 01:04:30.579,297.206,296.934,0.37,0.37
27.08.2021 01:04:31.974,297.206,296.944,0.37,0.37
27.08.2021 01:04:33.538,297.262,296.954,1.5,0.37
27.08.2021 01:04:38.669,297.262,296.944,1.5,0.37
27.08.2021 01:04:39.078,297.206,296.944,0.37,0.37
27.08.2021 01:04:42.643,297.206,296.934,0.37,0.37
27.08.2021 01:04:44.584,297.206,296.944,0.37,0.37
27.08.2021 01:04:44.939,297.206,296.934,0.37,0.37
27.08.2021 01:04:50.614,297.206,296.944,0.37,0.37
27.08.2021 01:04:50.818,297.206,296.934,0.37,0.37
27.08.2021 01:05:35.840,297.19599999999997,296.934,0.37,0.37
27.08.2021 01:05:36.351,297.206,296.934,0.37,0.37
27.08.2021 01:06:03.106,297.19599999999997,296.934,0.37,0.37
27.08.2021 01:06:03.259,297.19599999999997,296.876,0.37,1.5
27.08.2021 01:06:08.650,297.19599999999997,296.934,0.37,0.37
27.08.2021 01:06:11.896,297.206,296.934,0.37,0.37
27.08.2021 01:06:12.072,297.206,296.944,0.37,0.37
27.08.2021 01:06:52.439,297.206,296.934,0.37,0.37
27.08.2021 01:07:16.287,297.19599999999997,296.934,0.37,0.37
27.08.2021 01:07:26.858,297.206,296.934,0.37,0.37
27.08.2021 01:07:35.142,297.26099999999997,296.944,1.5,0.37
27.08.2021 01:07:45.223,297.206,296.944,0.37,0.37
27.08.2021 01:07:57.516,297.206,296.934,0.37,0.37
27.08.2021 01:07:59.671,297.19599999999997,296.934,0.37,0.37
27.08.2021 01:08:00.343,297.206,296.934,0.37,0.37
27.08.2021 01:08:24.470,297.206,296.944,0.37,0.37
27.08.2021 01:08:35.035,297.216,296.944,0.37,0.37
27.08.2021 01:08:43.786,297.216,296.954,0.37,0.37
27.08.2021 01:09:03.489,297.216,296.944,0.37,0.37
27.08.2021 01:09:03.969,297.206,296.944,0.37,0.37
27.08.2021 01:09:06.938,297.206,296.934,0.37,0.37
27.08.2021 01:09:13.180,297.206,296.944,0.37,0.37
27.08.2021 01:09:16.978,297.206,296.934,0.37,0.37
27.08.2021 01:09:19.635,297.206,296.944,0.37,0.37
27.08.2021 01:09:45.710,297.206,296.934,0.37,0.37
27.08.2021 01:10:27.301,297.19599999999997,296.934,0.37,0.37
27.08.2021 01:10:27.549,297.206,296.934,0.37,0.37
27.08.2021 01:10:53.540,297.206,296.944,0.37,0.37
27.08.2021 01:10:54.352,297.206,296.934,0.37,0.37
27.08.2021 01:11:01.809,297.19599999999997,296.934,0.37,0.37
27.08.2021 01:11:13.764,297.206,296.934,0.37,0.37
27.08.2021 01:11:19.626,297.19599999999997,296.934,0.37,0.37
27.08.2021 01:11:38.211,297.19599999999997,296.92400000000004,0.37,0.37
27.08.2021 01:11:49.690,297.176,296.91400000000004,0.37,0.37
27.08.2021 01:12:53.569,297.176,296.904,0.37,0.37
27.08.2021 01:12:53.772,297.166,296.904,0.37,0.37
27.08.2021 01:13:30.977,297.166,296.85200000000003,0.37,1.5
27.08.2021 01:13:31.182,297.166,296.904,0.37,0.37
27.08.2021 01:14:06.221,297.166,296.894,0.37,0.37
27.08.2021 01:14:06.423,297.156,296.894,0.37,0.37
27.08.2021 01:14:07.980,297.156,296.841,0.37,1.5
27.08.2021 01:14:08.613,297.146,296.884,0.37,0.37
27.08.2021 01:14:24.483,297.146,296.874,0.37,0.37
27.08.2021 01:14:26.866,297.13599999999997,296.874,0.37,0.37
27.08.2021 01:14:29.889,297.146,296.874,0.37,0.37
27.08.2021 01:14:30.036,297.146,296.884,0.37,0.37
27.08.2021 01:14:32.536,297.156,296.884,0.37,0.37
27.08.2021 01:14:48.429,297.146,296.884,0.37,0.37
27.08.2021 01:14:53.307,297.156,296.884,0.37,0.37
27.08.2021 01:15:03.674,297.156,296.894,0.37,0.37
27.08.2021 01:15:07.067,297.156,296.884,0.37,0.37
27.08.2021 01:15:12.606,297.146,296.884,0.37,0.37
27.08.2021 01:15:17.428,297.146,296.827,0.37,1.5
27.08.2021 01:15:18.489,297.13599999999997,296.827,0.37,1.5
27.08.2021 01:15:42.915,297.126,296.86400000000003,0.37,0.37
27.08.2021 01:16:01.722,297.13599999999997,296.86400000000003,0.37,0.37
27.08.2021 01:16:01.922,297.13599999999997,296.874,0.37,0.37
27.08.2021 01:16:15.787,297.13599999999997,296.86400000000003,0.37,0.37
27.08.2021 01:16:16.037,297.126,296.86400000000003,0.37,0.37
27.08.2021 01:16:18.113,297.13599999999997,296.86400000000003,0.37,0.37
27.08.2021 01:16:18.313,297.13599999999997,296.874,0.37,0.37
27.08.2021 01:16:18.943,297.13599999999997,296.86400000000003,0.37,0.37
27.08.2021 01:16:24.507,297.13599999999997,296.874,0.37,0.37
27.08.2021 01:17:13.749,297.146,296.884,0.37,0.37
27.08.2021 01:17:16.785,297.146,296.874,0.37,0.37
27.08.2021 01:17:18.414,297.13599999999997,296.874,0.37,0.37
27.08.2021 01:17:38.552,297.146,296.874,0.37,0.37
27.08.2021 01:17:40.222,297.13599999999997,296.874,0.37,0.37
27.08.2021 01:17:48.612,297.126,296.86400000000003,0.37,0.37
27.08.2021 01:17:48.820,297.13599999999997,296.86400000000003,0.37,0.37
27.08.2021 01:17:49.695,297.13599999999997,296.874,0.37,0.37
27.08.2021 01:17:50.550,297.126,296.86400000000003,0.37,0.37
27.08.2021 01:17:50.752,297.13599999999997,296.86400000000003,0.37,0.37
27.08.2021 01:17:51.044,297.13599999999997,296.874,0.37,0.37
27.08.2021 01:17:58.237,297.13599999999997,296.86400000000003,0.37,0.37
27.08.2021 01:18:04.653,297.126,296.86400000000003,0.37,0.37
27.08.2021 01:18:19.625,297.13599999999997,296.874,0.37,0.37
27.08.2021 01:18:19.785,297.13599999999997,296.86400000000003,0.37,0.37
27.08.2021 01:18:57.082,297.126,296.86400000000003,0.37,0.37
27.08.2021 01:18:57.995,297.126,296.85400000000004,0.37,0.37
27.08.2021 01:19:04.599,297.116,296.85400000000004,0.37,0.37
27.08.2021 01:19:05.152,297.126,296.86400000000003,0.37,0.37
27.08.2021 01:19:47.970,297.13599999999997,296.86400000000003,0.37,0.37
27.08.2021 01:19:48.172,297.13599999999997,296.874,0.37,0.37
27.08.2021 01:19:49.721,297.126,296.86400000000003,0.37,0.37
27.08.2021 01:20:01.230,297.126,296.85400000000004,0.37,0.37
27.08.2021 01:20:01.430,297.126,296.86400000000003,0.37,0.37
27.08.2021 01:20:06.261,297.116,296.85400000000004,0.37,0.37
27.08.2021 01:20:16.728,297.126,296.85400000000004,0.37,0.37
27.08.2021 01:20:24.570,297.116,296.85400000000004,0.37,0.37
27.08.2021 01:20:35.986,297.116,296.802,0.37,1.5
27.08.2021 01:20:37.161,297.106,296.844,0.37,0.37
27.08.2021 01:20:43.140,297.116,296.844,0.37,0.37
27.08.2021 01:20:49.519,297.106,296.785,0.37,1.5
27.08.2021 01:20:53.510,297.106,296.844,0.37,0.37
27.08.2021 01:20:59.660,297.106,296.785,0.37,1.5
27.08.2021 01:20:59.884,297.106,296.844,0.37,0.37
27.08.2021 01:21:00.805,297.116,296.844,0.37,0.37
27.08.2021 01:21:03.767,297.116,296.85400000000004,0.37,0.37
27.08.2021 01:21:05.511,297.173,296.85400000000004,1.25,0.37
27.08.2021 01:21:09.422,297.173,296.86400000000003,1.5,0.37
27.08.2021 01:21:32.883,297.13599999999997,296.86400000000003,0.37,0.37
27.08.2021 01:21:35.072,297.126,296.86400000000003,0.37,0.37
27.08.2021 01:21:40.279,297.13599999999997,296.86400000000003,0.37,0.37
27.08.2021 01:21:40.479,297.13599999999997,296.874,0.37,0.37
27.08.2021 01:21:47.903,297.191,296.874,1.5,0.37
27.08.2021 01:21:48.106,297.191,296.884,1.5,0.37
27.08.2021 01:21:54.549,297.191,296.874,1.5,0.37
27.08.2021 01:21:54.751,297.13599999999997,296.874,0.37,0.37
27.08.2021 01:22:46.178,297.146,296.884,0.37,0.37
27.08.2021 01:22:46.344,297.202,296.884,1.5,0.37
27.08.2021 01:23:00.365,297.146,296.884,0.37,0.37
27.08.2021 01:23:06.688,297.146,296.874,0.37,0.37
27.08.2021 01:23:07.141,297.13599999999997,296.874,0.37,0.37
27.08.2021 01:23:22.510,297.13599999999997,296.86400000000003,0.37,0.37
27.08.2021 01:23:47.459,297.13599999999997,296.874,0.37,0.37
27.08.2021 01:23:52.525,297.146,296.874,0.37,0.37
27.08.2021 01:23:52.710,297.146,296.884,0.37,0.37
27.08.2021 01:23:56.971,297.2,296.884,1.5,0.37
27.08.2021 01:23:59.063,297.2,296.894,1.5,0.37
27.08.2021 01:24:15.940,297.21500000000003,296.894,1,0.37
27.08.2021 01:24:30.619,297.156,296.894,0.37,0.37
27.08.2021 01:24:33.384,297.21500000000003,296.894,1,0.37
27.08.2021 01:24:39.862,297.21500000000003,296.904,1,0.37
27.08.2021 01:24:40.760,297.21500000000003,296.894,1,0.37
27.08.2021 01:25:05.181,297.156,296.894,0.37,0.37
27.08.2021 01:25:10.456,297.156,296.884,0.37,0.37
27.08.2021 01:25:12.156,297.156,296.894,0.37,0.37
27.08.2021 01:25:14.016,297.156,296.884,0.37,0.37
27.08.2021 01:25:41.635,297.146,296.884,0.37,0.37
27.08.2021 01:25:52.292,297.146,296.834,0.37,1.5
27.08.2021 01:25:52.489,297.146,296.884,0.37,0.37
27.08.2021 01:25:54.573,297.146,296.874,0.37,0.37
27.08.2021 01:26:02.586,297.13599999999997,296.874,0.37,0.37
27.08.2021 01:26:03.025,297.13599999999997,296.816,0.37,1.5
27.08.2021 01:26:03.229,297.126,296.816,0.37,1.5
27.08.2021 01:26:07.720,297.13599999999997,296.816,0.37,1.5
27.08.2021 01:26:07.960,297.126,296.816,0.37,1.5
27.08.2021 01:26:53.616,297.13599999999997,296.86400000000003,0.37,0.37
27.08.2021 01:26:54.086,297.126,296.86400000000003,0.37,0.37
27.08.2021 01:27:12.862,297.13599999999997,296.86400000000003,0.37,0.37
27.08.2021 01:27:13.217,297.13599999999997,296.874,0.37,0.37
27.08.2021 01:27:23.028,297.146,296.884,0.37,0.37
27.08.2021 01:27:27.569,297.146,296.874,0.37,0.37
27.08.2021 01:27:52.668,297.146,296.884,0.37,0.37
27.08.2021 01:28:00.686,297.156,296.884,0.37,0.37
27.08.2021 01:28:32.660,297.146,296.884,0.37,0.37
27.08.2021 01:28:39.922,297.146,296.827,0.37,1.5
27.08.2021 01:28:40.487,297.13599999999997,296.827,0.37,1.5
27.08.2021 01:28:58.478,297.146,296.827,0.37,1.5
27.08.2021 01:29:01.334,297.13599999999997,296.827,0.37,1.5
27.08.2021 01:29:52.691,297.13599999999997,296.86400000000003,0.37,0.37
27.08.2021 01:29:52.932,297.126,296.86400000000003,0.37,0.37
27.08.2021 01:29:58.213,297.13599999999997,296.874,0.37,0.37
27.08.2021 01:30:00.723,297.146,296.884,0.37,0.37
27.08.2021 01:30:02.501,297.146,296.874,0.37,0.37
27.08.2021 01:30:02.736,297.146,296.884,0.37,0.37
27.08.2021 01:30:16.399,297.146,296.874,0.37,0.37
27.08.2021 01:30:16.576,297.146,296.884,0.37,0.37
27.08.2021 01:30:16.819,297.146,296.874,0.37,0.37
27.08.2021 01:30:18.816,297.13599999999997,296.874,0.37,0.37
27.08.2021 01:30:24.530,297.146,296.884,0.37,0.37
27.08.2021 01:30:40.754,297.146,296.874,0.37,0.37
27.08.2021 01:30:59.061,297.13599999999997,296.874,0.37,0.37
27.08.2021 01:31:02.629,297.13599999999997,296.86400000000003,0.37,0.37
27.08.2021 01:31:04.802,297.126,296.86400000000003,0.37,0.37
27.08.2021 01:31:08.499,297.13599999999997,296.86400000000003,0.37,0.37
27.08.2021 01:31:10.647,297.126,296.86400000000003,0.37,0.37
27.08.2021 01:31:10.848,297.13599999999997,296.86400000000003,0.37,0.37
27.08.2021 01:31:11.903,297.13599999999997,296.874,0.37,0.37
27.08.2021 01:31:43.826,297.126,296.86400000000003,0.37,0.37
27.08.2021 01:31:44.001,297.126,296.812,0.37,1
27.08.2021 01:31:46.228,297.126,296.86400000000003,0.37,0.37
27.08.2021 01:31:49.107,297.126,296.807,0.37,1
27.08.2021 01:31:52.487,297.126,296.86400000000003,0.37,0.37
27.08.2021 01:31:56.084,297.126,296.807,0.37,1
27.08.2021 01:32:17.816,297.126,296.86400000000003,0.37,0.37
27.08.2021 01:32:56.400,297.13599999999997,296.86400000000003,0.37,0.37
27.08.2021 01:32:56.726,297.126,296.86400000000003,0.37,0.37
27.08.2021 01:32:58.301,297.13599999999997,296.86400000000003,0.37,0.37
27.08.2021 01:33:00.674,297.126,296.86400000000003,0.37,0.37
27.08.2021 01:33:01.680,297.13599999999997,296.86400000000003,0.37,0.37
27.08.2021 01:33:14.002,297.126,296.86400000000003,0.37,0.37
27.08.2021 01:33:38.420,297.126,296.85400000000004,0.37,0.37
27.08.2021 01:33:38.826,297.116,296.85400000000004,0.37,0.37
27.08.2021 01:33:51.130,297.126,296.85400000000004,0.37,0.37
27.08.2021 01:33:51.480,297.116,296.85400000000004,0.37,0.37
27.08.2021 01:34:03.135,297.116,296.803,0.37,1
27.08.2021 01:34:12.407,297.116,296.85400000000004,0.37,0.37
27.08.2021 01:34:23.829,297.126,296.85400000000004,0.37,0.37
27.08.2021 01:34:26.511,297.126,296.86400000000003,0.37,0.37
27.08.2021 01:34:28.287,297.126,296.85400000000004,0.37,0.37
27.08.2021 01:34:32.690,297.116,296.85400000000004,0.37,0.37
27.08.2021 01:34:35.207,297.116,296.844,0.37,0.37
27.08.2021 01:34:42.552,297.106,296.844,0.37,0.37
27.08.2021 01:34:43.732,297.106,296.788,0.37,1.5
27.08.2021 01:34:43.953,297.096,296.788,0.37,1.5
27.08.2021 01:34:46.753,297.106,296.788,0.37,1.5
27.08.2021 01:34:49.777,297.096,296.788,0.37,1
27.08.2021 01:34:52.108,297.096,296.77500000000003,0.37,1
27.08.2021 01:34:53.693,297.096,296.834,0.37,0.37
27.08.2021 01:35:06.713,297.096,296.77500000000003,0.37,1
27.08.2021 01:35:16.445,297.086,296.77500000000003,0.37,1
27.08.2021 01:35:41.437,297.096,296.77500000000003,0.37,1
27.08.2021 01:35:45.177,297.086,296.77500000000003,0.37,1
27.08.2021 01:36:23.315,297.096,296.824,0.37,0.37
27.08.2021 01:36:28.748,297.086,296.824,0.37,0.37
27.08.2021 01:36:49.215,297.096,296.824,0.37,0.37
27.08.2021 01:36:49.345,297.096,296.834,0.37,0.37
27.08.2021 01:36:49.550,297.096,296.824,0.37,0.37
27.08.2021 01:36:49.942,297.086,296.824,0.37,0.37
27.08.2021 01:36:55.909,297.086,296.814,0.37,0.37
27.08.2021 01:36:56.800,297.07599999999996,296.814,0.37,0.37
27.08.2021 01:37:16.808,297.066,296.80400000000003,0.37,0.37
27.08.2021 01:37:17.347,297.07599999999996,296.80400000000003,0.37,0.37
27.08.2021 01:37:28.374,297.066,296.80400000000003,0.37,0.37
27.08.2021 01:37:37.303,297.07599999999996,296.80400000000003,0.37,0.37
27.08.2021 01:37:38.302,297.07599999999996,296.814,0.37,0.37
27.08.2021 01:37:42.720,297.066,296.79400000000004,0.37,0.37
27.08.2021 01:37:44.772,297.066,296.80400000000003,0.37,0.37
27.08.2021 01:37:59.442,297.066,296.79400000000004,0.37,0.37
27.08.2021 01:38:00.890,297.066,296.80400000000003,0.37,0.37
27.08.2021 01:38:04.409,297.066,296.79400000000004,0.37,0.37
27.08.2021 01:38:04.612,297.066,296.80400000000003,0.37,0.37
27.08.2021 01:38:05.048,297.07599999999996,296.80400000000003,0.37,0.37
27.08.2021 01:38:06.442,297.07599999999996,296.814,0.37,0.37
27.08.2021 01:38:06.601,297.07599999999996,296.80400000000003,0.37,0.37
27.08.2021 01:38:25.457,297.07599999999996,296.814,0.37,0.37
27.08.2021 01:38:25.659,297.07599999999996,296.80400000000003,0.37,0.37
27.08.2021 01:38:29.329,297.07599999999996,296.814,0.37,0.37
27.08.2021 01:38:32.240,297.135,296.814,1.5,0.37
27.08.2021 01:38:46.825,297.135,296.824,1.5,0.37
27.08.2021 01:39:04.071,297.135,296.814,1.5,0.37
27.08.2021 01:39:05.614,297.07599999999996,296.814,0.37,0.37
27.08.2021 01:39:07.059,297.135,296.814,1.5,0.37
27.08.2021 01:39:10.072,297.07599999999996,296.814,0.37,0.37
27.08.2021 01:39:45.400,297.066,296.80400000000003,0.37,0.37
27.08.2021 01:39:49.117,297.066,296.752,0.37,1.5
27.08.2021 01:39:59.584,297.056,296.79400000000004,0.37,0.37
27.08.2021 01:39:59.988,297.056,296.78400000000005,0.37,0.37
27.08.2021 01:40:05.119,297.046,296.78400000000005,0.37,0.37
27.08.2021 01:40:06.002,297.056,296.78400000000005,0.37,0.37
27.08.2021 01:40:06.944,297.056,296.79400000000004,0.37,0.37
27.08.2021 01:40:24.371,297.056,296.78400000000005,0.37,0.37
27.08.2021 01:40:24.622,297.056,296.79400000000004,0.37,0.37
27.08.2021 01:40:33.318,297.111,296.79400000000004,0.87,0.37
27.08.2021 01:40:34.762,297.111,296.80400000000003,1,0.37
27.08.2021 01:41:09.116,297.066,296.79400000000004,0.37,0.37
27.08.2021 01:41:18.568,297.066,296.80400000000003,0.37,0.37
27.08.2021 01:42:08.503,297.07599999999996,296.80400000000003,0.37,0.37
27.08.2021 01:42:08.703,297.07599999999996,296.814,0.37,0.37
27.08.2021 01:42:18.739,297.086,296.824,0.37,0.37
27.08.2021 01:42:34.072,297.096,296.834,0.37,0.37
27.08.2021 01:42:54.509,297.096,296.824,0.37,0.37
27.08.2021 01:42:54.706,297.086,296.824,0.37,0.37
27.08.2021 01:43:05.826,297.086,296.814,0.37,0.37
27.08.2021 01:43:10.259,297.086,296.824,0.37,0.37
27.08.2021 01:43:10.661,297.07599999999996,296.814,0.37,0.37
27.08.2021 01:44:04.563,297.086,296.814,0.37,0.37
27.08.2021 01:44:19.188,297.086,296.824,0.37,0.37
27.08.2021 01:44:26.523,297.086,296.824,0.37,0.37
27.08.2021 01:44:31.503,297.086,296.824,0.37,0.37
27.08.2021 01:44:34.947,297.086,296.824,0.37,0.37
27.08.2021 01:44:39.534,297.086,296.824,0.37,0.37
27.08.2021 01:45:00.873,297.086,296.814,0.37,0.37
27.08.2021 01:45:04.536,297.07599999999996,296.814,0.37,0.37
27.08.2021 01:45:14.499,297.066,296.756,0.37,1.5
27.08.2021 01:45:46.506,297.066,296.79400000000004,0.37,0.37
27.08.2021 01:45:47.851,297.056,296.79400000000004,0.37,0.37
27.08.2021 01:45:59.982,297.066,296.79400000000004,0.37,0.37
27.08.2021 01:46:25.481,297.056,296.79400000000004,0.37,0.37
27.08.2021 01:46:25.709,297.056,296.738,0.37,1.5
27.08.2021 01:46:32.155,297.056,296.79400000000004,0.37,0.37
27.08.2021 01:46:46.234,297.056,296.738,0.37,1.5
27.08.2021 01:46:48.018,297.046,296.78400000000005,0.37,0.37
27.08.2021 01:46:48.182,297.046,296.774,0.37,0.37
27.08.2021 01:46:49.611,297.046,296.78400000000005,0.37,0.37
27.08.2021 01:46:51.939,297.046,296.774,0.37,0.37
27.08.2021 01:46:57.427,297.046,296.78400000000005,0.37,0.37
27.08.2021 01:46:59.613,297.056,296.78400000000005,0.37,0.37
27.08.2021 01:47:24.448,297.056,296.79400000000004,0.37,0.37
27.08.2021 01:47:44.958,297.108,296.79400000000004,1.5,0.37
27.08.2021 01:47:45.209,297.066,296.80400000000003,0.37,0.37
27.08.2021 01:48:25.137,297.07599999999996,296.80400000000003,0.37,0.37
27.08.2021 01:48:25.754,297.07599999999996,296.814,0.37,0.37
27.08.2021 01:48:30.455,297.07599999999996,296.80400000000003,0.37,0.37
27.08.2021 01:48:30.733,297.066,296.80400000000003,0.37,0.37
27.08.2021 01:48:50.257,297.07599999999996,296.80400000000003,0.37,0.37
27.08.2021 01:48:56.943,297.07599999999996,296.814,0.37,0.37
27.08.2021 01:48:57.058,297.07599999999996,296.80400000000003,0.37,0.37
27.08.2021 01:48:57.109,297.066,296.80400000000003,0.37,0.37
27.08.2021 01:49:19.882,297.066,296.79400000000004,0.37,0.37
27.08.2021 01:49:25.089,297.056,296.79400000000004,0.37,0.37
27.08.2021 01:49:26.329,297.056,296.73900000000003,0.37,1.5
27.08.2021 01:49:36.144,297.046,296.73900000000003,0.37,1.5
27.08.2021 01:49:38.197,297.036,296.774,0.37,0.37
27.08.2021 01:50:12.092,297.036,296.72,0.37,1.5
27.08.2021 01:50:15.710,297.026,296.72,0.37,1.5
27.08.2021 01:50:24.126,297.036,296.764,0.37,0.37
27.08.2021 01:50:25.865,297.026,296.764,0.37,0.37
27.08.2021 01:50:46.442,297.036,296.764,0.37,0.37
27.08.2021 01:50:56.736,297.026,296.764,0.37,0.37
27.08.2021 01:51:06.297,297.036,296.764,0.37,0.37
27.08.2021 01:51:07.185,297.026,296.764,0.37,0.37
27.08.2021 01:51:08.113,297.036,296.764,0.37,0.37
27.08.2021 01:51:15.617,297.036,296.774,0.37,0.37
27.08.2021 01:53:20.524,297.046,296.774,0.37,0.37
27.08.2021 01:53:20.867,297.046,296.78400000000005,0.37,0.37
27.08.2021 01:53:35.850,297.046,296.78400000000005,0.37,0.37
27.08.2021 01:53:43.462,297.046,296.774,0.37,0.37
27.08.2021 01:53:43.607,297.036,296.774,0.37,0.37
27.08.2021 01:54:02.258,297.046,296.774,0.37,0.37
27.08.2021 01:54:06.412,297.046,296.78400000000005,0.37,0.37
27.08.2021 01:54:12.511,297.10200000000003,296.78400000000005,0.87,0.37
27.08.2021 01:54:25.573,297.046,296.78400000000005,0.37,0.37
27.08.2021 01:54:39.155,297.056,296.78400000000005,0.37,0.37
27.08.2021 01:54:48.226,297.056,296.79400000000004,0.37,0.37
27.08.2021 01:54:49.145,297.056,296.78400000000005,0.37,0.37
27.08.2021 01:55:01.534,297.056,296.79400000000004,0.37,0.37
27.08.2021 01:55:01.635,297.113,296.79400000000004,1.25,0.37
27.08.2021 01:55:08.943,297.113,296.80400000000003,1.25,0.37
27.08.2021 01:55:28.135,297.07599999999996,296.80400000000003,0.37,0.37
27.08.2021 01:55:28.600,297.07599999999996,296.814,0.37,0.37
27.08.2021 01:55:43.102,297.066,296.80400000000003,0.37,0.37
27.08.2021 01:55:43.303,297.056,296.79400000000004,0.37,0.37
27.08.2021 01:55:50.633,297.066,296.79400000000004,0.37,0.37
27.08.2021 01:56:07.807,297.066,296.80400000000003,0.37,0.37
27.08.2021 01:56:12.942,297.066,296.79400000000004,0.37,0.37
27.08.2021 01:56:37.699,297.056,296.79400000000004,0.37,0.37
27.08.2021 01:56:54.581,297.056,296.737,0.37,1.5
27.08.2021 01:57:01.928,297.056,296.79400000000004,0.37,0.37
27.08.2021 01:57:09.944,297.056,296.737,0.37,1.5
27.08.2021 01:57:49.118,297.046,296.78400000000005,0.37,0.37
27.08.2021 01:58:02.788,297.056,296.78400000000005,0.37,0.37
27.08.2021 01:59:02.505,297.056,296.79400000000004,0.37,0.37
27.08.2021 01:59:17.849,297.11400000000003,296.79400000000004,1.5,0.37
27.08.2021 02:00:08.116,297.066,296.80400000000003,0.37,0.37
27.08.2021 02:00:12.214,297.066,296.79400000000004,0.37,0.37
27.08.2021 02:00:13.690,297.056,296.79400000000004,0.37,0.37
27.08.2021 02:00:24.769,297.056,296.78400000000005,0.37,0.37
27.08.2021 02:00:35.443,297.046,296.78400000000005,0.37,0.37
27.08.2021 02:00:41.049,297.046,296.731,0.37,1.5
27.08.2021 02:00:41.453,297.036,296.774,0.37,0.37
27.08.2021 02:00:45.238,297.046,296.774,0.37,0.37
27.08.2021 02:00:56.809,297.036,296.774,0.37,0.37
27.08.2021 02:01:08.621,297.046,296.774,0.37,0.37
27.08.2021 02:01:09.660,297.036,296.774,0.37,0.37
27.08.2021 02:01:50.667,297.026,296.764,0.37,0.37
27.08.2021 02:01:51.063,297.016,296.754,0.37,0.37
27.08.2021 02:01:52.480,297.016,296.744,0.37,0.37
27.08.2021 02:01:58.266,297.006,296.744,0.37,0.37
27.08.2021 02:01:58.422,297.006,296.73400000000004,0.37,0.37
27.08.2021 02:02:00.323,297.006,296.744,0.37,0.37
27.08.2021 02:02:04.241,297.006,296.73400000000004,0.37,0.37
27.08.2021 02:02:14.944,296.996,296.73400000000004,0.37,0.37
27.08.2021 02:02:24.871,297.006,296.73400000000004,0.37,0.37
27.08.2021 02:02:25.074,297.006,296.744,0.37,0.37
27.08.2021 02:02:25.274,297.063,296.744,1.5,0.37
27.08.2021 02:02:25.474,297.006,296.744,0.37,0.37
27.08.2021 02:02:25.998,297.006,296.73400000000004,0.37,0.37
27.08.2021 02:02:57.444,296.996,296.73400000000004,0.37,0.37
27.08.2021 02:03:02.690,296.986,296.72400000000005,0.37,0.37
27.08.2021 02:03:15.572,296.986,296.673,0.37,1.5
27.08.2021 02:03:19.594,296.986,296.72400000000005,0.37,0.37
27.08.2021 02:03:22.282,296.986,296.714,0.37,0.37
27.08.2021 02:03:22.856,296.986,296.72400000000005,0.37,0.37
27.08.2021 02:03:24.193,296.986,296.714,0.37,0.37
27.08.2021 02:03:27.277,296.976,296.714,0.37,0.37
27.08.2021 02:03:47.817,296.966,296.704,0.37,0.37
27.08.2021 02:03:48.020,296.966,296.694,0.37,0.37
27.08.2021 02:04:37.106,296.956,296.694,0.37,0.37
27.08.2021 02:04:45.380,296.956,296.638,0.37,1.5
27.08.2021 02:04:45.580,296.956,296.694,0.37,0.37
27.08.2021 02:04:56.589,296.966,296.694,0.37,0.37
27.08.2021 02:04:58.848,296.956,296.694,0.37,0.37
27.08.2021 02:05:04.450,296.966,296.694,0.37,0.37
27.08.2021 02:05:11.558,296.956,296.694,0.37,0.37
27.08.2021 02:05:14.909,296.956,296.684,0.37,0.37
27.08.2021 02:05:16.404,296.956,296.694,0.37,0.37
27.08.2021 02:05:19.787,296.956,296.684,0.37,0.37
27.08.2021 02:05:19.988,296.956,296.694,0.37,0.37
27.08.2021 02:05:35.718,296.956,296.684,0.37,0.37
27.08.2021 02:05:36.144,296.956,296.694,0.37,0.37
27.08.2021 02:05:44.896,296.966,296.704,0.37,0.37
27.08.2021 02:05:53.198,296.956,296.694,0.37,0.37
27.08.2021 02:05:58.777,296.966,296.694,0.37,0.37
27.08.2021 02:05:58.982,296.956,296.694,0.37,0.37
27.08.2021 02:05:59.243,296.956,296.637,0.37,1.5
27.08.2021 02:06:11.619,296.956,296.694,0.37,0.37
27.08.2021 02:06:36.958,296.956,296.637,0.37,1.5
27.08.2021 02:06:37.206,296.94599999999997,296.637,0.37,1.5
27.08.2021 02:06:46.310,296.94599999999997,296.67400000000004,0.37,0.37
27.08.2021 02:06:50.940,296.936,296.67400000000004,0.37,0.37
27.08.2021 02:06:51.141,296.926,296.62,0.37,1.5
27.08.2021 02:06:55.180,296.936,296.62,0.37,1.5
27.08.2021 02:06:55.377,296.936,296.67400000000004,0.37,0.37
27.08.2021 02:06:57.676,296.926,296.66400000000004,0.37,0.37
27.08.2021 02:06:57.909,296.926,296.654,0.37,0.37
27.08.2021 02:06:58.011,296.916,296.654,0.37,0.37
27.08.2021 02:07:00.213,296.926,296.654,0.37,0.37
27.08.2021 02:07:08.277,296.926,296.66400000000004,0.37,0.37
27.08.2021 02:07:19.131,296.936,296.66400000000004,0.37,0.37
27.08.2021 02:07:19.331,296.936,296.67400000000004,0.37,0.37
27.08.2021 02:07:29.645,296.99,296.67400000000004,1.25,0.37
27.08.2021 02:07:30.674,296.994,296.684,1,0.37
27.08.2021 02:08:03.933,296.94599999999997,296.67400000000004,0.37,0.37
27.08.2021 02:08:04.135,296.936,296.67400000000004,0.37,0.37
27.08.2021 02:08:44.992,296.94599999999997,296.684,0.37,0.37
27.08.2021 02:08:54.384,296.999,296.684,1.5,0.37
27.08.2021 02:08:55.355,296.956,296.694,0.37,0.37
27.08.2021 02:08:55.710,296.956,296.684,0.37,0.37
27.08.2021 02:08:59.944,296.956,296.694,0.37,0.37
27.08.2021 02:09:07.681,296.94599999999997,296.684,0.37,0.37
27.08.2021 02:09:22.828,296.956,296.684,0.37,0.37
27.08.2021 02:09:24.078,296.94599999999997,296.684,0.37,0.37
27.08.2021 02:09:26.058,296.956,296.684,0.37,0.37
27.08.2021 02:09:26.513,296.956,296.694,0.37,0.37
27.08.2021 02:09:26.712,296.966,296.694,0.37,0.37
27.08.2021 02:09:43.920,296.966,296.704,0.37,0.37
27.08.2021 02:09:45.823,296.976,296.704,0.37,0.37
27.08.2021 02:09:49.183,296.976,296.714,0.37,0.37
27.08.2021 02:11:39.163,296.976,296.704,0.37,0.37
27.08.2021 02:11:39.264,296.966,296.704,0.37,0.37
27.08.2021 02:11:40.169,296.966,296.694,0.37,0.37
27.08.2021 02:11:40.379,296.94599999999997,296.684,0.37,0.37
27.08.2021 02:11:57.542,296.956,296.684,0.37,0.37
27.08.2021 02:12:12.016,296.956,296.694,0.37,0.37
27.08.2021 02:12:12.327,296.966,296.694,0.37,0.37
27.08.2021 02:12:12.512,296.966,296.704,0.37,0.37
27.08.2021 02:12:19.950,297.024,296.714,1,0.37
27.08.2021 02:12:24.016,296.966,296.704,0.37,0.37
27.08.2021 02:12:47.298,296.976,296.704,0.37,0.37
27.08.2021 02:12:48.520,296.976,296.714,0.37,0.37
27.08.2021 02:13:03.696,296.986,296.72400000000005,0.37,0.37
27.08.2021 02:13:16.436,296.986,296.714,0.37,0.37
27.08.2021 02:13:30.235,296.976,296.714,0.37,0.37
27.08.2021 02:13:48.289,296.986,296.714,0.37,0.37
27.08.2021 02:13:48.491,296.986,296.72400000000005,0.37,0.37
27.08.2021 02:14:41.084,296.996,296.73400000000004,0.37,0.37
27.08.2021 02:14:41.279,297.053,296.73400000000004,1.5,0.37
27.08.2021 02:14:45.732,296.996,296.73400000000004,0.37,0.37
27.08.2021 02:14:49.282,296.996,296.72400000000005,0.37,0.37
27.08.2021 02:14:50.647,296.986,296.72400000000005,0.37,0.37
27.08.2021 02:14:59.948,296.996,296.73400000000004,0.37,0.37
27.08.2021 02:15:01.944,296.996,296.72400000000005,0.37,0.37
27.08.2021 02:15:02.743,296.996,296.73400000000004,0.37,0.37
27.08.2021 02:15:07.200,296.996,296.72400000000005,0.37,0.37
27.08.2021 02:15:12.870,296.986,296.72400000000005,0.37,0.37
27.08.2021 02:15:21.853,296.996,296.73400000000004,0.37,0.37
27.08.2021 02:15:28.287,296.986,296.72400000000005,0.37,0.37
27.08.2021 02:15:32.278,296.996,296.73400000000004,0.37,0.37
27.08.2021 02:15:40.163,296.996,296.72400000000005,0.37,0.37
27.08.2021 02:15:40.333,296.986,296.72400000000005,0.37,0.37
27.08.2021 02:15:43.833,296.996,296.72400000000005,0.37,0.37
27.08.2021 02:15:44.036,296.996,296.73400000000004,0.37,0.37
27.08.2021 02:16:00.310,297.055,296.744,1.5,0.37
27.08.2021 02:16:15.412,297.006,296.73400000000004,0.37,0.37
27.08.2021 02:16:26.727,296.996,296.73400000000004,0.37,0.37
27.08.2021 02:16:38.273,296.986,296.72400000000005,0.37,0.37
27.08.2021 02:17:02.151,296.996,296.73400000000004,0.37,0.37
27.08.2021 02:17:13.239,297.055,296.744,1.5,0.37
27.08.2021 02:17:22.298,297.006,296.73400000000004,0.37,0.37
27.08.2021 02:17:33.707,297.006,296.744,0.37,0.37
27.08.2021 02:17:49.191,297.064,296.744,1,0.37
27.08.2021 02:17:52.452,297.006,296.744,0.37,0.37
27.08.2021 02:17:59.245,297.064,296.744,1,0.37
27.08.2021 02:18:02.176,297.064,296.754,1,0.37
27.08.2021 02:18:05.385,297.016,296.744,0.37,0.37
27.08.2021 02:18:12.461,297.006,296.744,0.37,0.37
27.08.2021 02:18:12.673,297.006,296.73400000000004,0.37,0.37
27.08.2021 02:18:13.661,296.996,296.73400000000004,0.37,0.37
27.08.2021 02:18:28.599,297.006,296.73400000000004,0.37,0.37
27.08.2021 02:18:31.332,296.996,296.73400000000004,0.37,0.37
27.08.2021 02:18:53.629,297.006,296.744,0.37,0.37
27.08.2021 02:18:53.873,297.006,296.73400000000004,0.37,0.37
27.08.2021 02:18:56.001,297.006,296.744,0.37,0.37
27.08.2021 02:18:58.647,297.006,296.73400000000004,0.37,0.37
27.08.2021 02:19:04.826,297.006,296.744,0.37,0.37
27.08.2021 02:19:08.916,297.006,296.73400000000004,0.37,0.37
27.08.2021 02:19:13.198,297.006,296.744,0.37,0.37
27.08.2021 02:19:25.094,297.006,296.73400000000004,0.37,0.37
27.08.2021 02:19:25.494,296.996,296.73400000000004,0.37,0.37
27.08.2021 02:20:02.797,296.996,296.72400000000005,0.37,0.37
27.08.2021 02:20:02.960,296.986,296.72400000000005,0.37,0.37
27.08.2021 02:21:35.632,296.986,296.714,0.37,0.37
27.08.2021 02:21:35.862,296.976,296.714,0.37,0.37
27.08.2021 02:21:47.789,296.986,296.714,0.37,0.37
27.08.2021 02:21:53.565,296.976,296.714,0.37,0.37
27.08.2021 02:22:04.964,296.966,296.704,0.37,0.37
27.08.2021 02:22:05.114,296.976,296.704,0.37,0.37
27.08.2021 02:22:20.557,296.976,296.714,0.37,0.37
27.08.2021 02:22:39.686,296.976,296.704,0.37,0.37
27.08.2021 02:22:42.587,296.976,296.714,0.37,0.37
27.08.2021 02:22:42.927,296.976,296.704,0.37,0.37
27.08.2021 02:22:58.267,296.966,296.704,0.37,0.37
27.08.2021 02:23:00.877,296.976,296.704,0.37,0.37
27.08.2021 02:23:01.118,296.976,296.714,0.37,0.37
27.08.2021 02:23:06.930,296.966,296.704,0.37,0.37
27.08.2021 02:23:17.116,296.966,296.694,0.37,0.37
27.08.2021 02:23:17.276,296.956,296.694,0.37,0.37
27.08.2021 02:23:22.528,296.956,296.684,0.37,0.37
27.08.2021 02:23:22.932,296.94599999999997,296.684,0.37,0.37
27.08.2021 02:23:40.967,296.956,296.684,0.37,0.37
27.08.2021 02:23:44.989,296.956,296.694,0.37,0.37
27.08.2021 02:24:04.020,296.956,296.684,0.37,0.37
27.08.2021 02:24:21.896,296.94599999999997,296.684,0.37,0.37
27.08.2021 02:24:31.031,296.956,296.694,0.37,0.37
27.08.2021 02:24:35.779,296.956,296.684,0.37,0.37
27.08.2021 02:24:43.945,296.94599999999997,296.684,0.37,0.37
27.08.2021 02:25:05.224,296.966,296.694,0.37,0.37
27.08.2021 02:25:07.796,296.966,296.704,0.37,0.37
27.08.2021 02:25:26.445,296.966,296.694,0.37,0.37
27.08.2021 02:25:56.001,296.966,296.704,0.37,0.37
27.08.2021 02:26:08.071,296.966,296.694,0.37,0.37
27.08.2021 02:26:11.202,296.956,296.694,0.37,0.37
27.08.2021 02:26:11.373,296.956,296.684,0.37,0.37
27.08.2021 02:26:14.169,296.94599999999997,296.684,0.37,0.37
27.08.2021 02:26:49.701,296.956,296.684,0.37,0.37
27.08.2021 02:27:00.730,296.956,296.694,0.37,0.37
27.08.2021 02:27:22.722,296.956,296.684,0.37,0.37
27.08.2021 02:27:24.993,296.94599999999997,296.684,0.37,0.37
27.08.2021 02:28:00.072,296.94599999999997,296.627,0.37,1.5
27.08.2021 02:28:00.227,296.936,296.627,0.37,1.5
27.08.2021 02:28:40.658,296.926,296.66400000000004,0.37,0.37
27.08.2021 02:28:56.568,296.926,296.654,0.37,0.37
27.08.2021 02:28:56.726,296.926,296.66400000000004,0.37,0.37
27.08.2021 02:29:24.651,296.926,296.654,0.37,0.37
27.08.2021 02:29:24.853,296.916,296.654,0.37,0.37
27.08.2021 02:29:36.916,296.916,296.644,0.37,0.37
27.08.2021 02:29:46.576,296.916,296.654,0.37,0.37
27.08.2021 02:29:48.410,296.916,296.644,0.37,0.37
27.08.2021 02:29:50.447,296.906,296.644,0.37,0.37
27.08.2021 02:29:50.619,296.906,296.634,0.37,0.37
27.08.2021 02:29:53.153,296.896,296.634,0.37,0.37
27.08.2021 02:29:54.028,296.906,296.634,0.37,0.37
27.08.2021 02:29:58.426,296.906,296.644,0.37,0.37
27.08.2021 02:30:00.458,296.906,296.634,0.37,0.37
27.08.2021 02:30:00.659,296.916,296.644,0.37,0.37
27.08.2021 02:30:01.434,296.906,296.644,0.37,0.37
27.08.2021 02:30:01.635,296.916,296.644,0.37,0.37
27.08.2021 02:30:26.449,296.906,296.644,0.37,0.37
27.08.2021 02:30:27.699,296.906,296.634,0.37,0.37
27.08.2021 02:30:29.342,296.906,296.644,0.37,0.37
27.08.2021 02:30:42.139,296.916,296.644,0.37,0.37
27.08.2021 02:30:49.665,296.906,296.644,0.37,0.37
27.08.2021 02:30:50.293,296.916,296.644,0.37,0.37
27.08.2021 02:31:03.834,296.906,296.644,0.37,0.37
27.08.2021 02:31:04.251,296.906,296.634,0.37,0.37
27.08.2021 02:31:16.911,296.906,296.644,0.37,0.37
27.08.2021 02:31:17.141,296.916,296.644,0.37,0.37
27.08.2021 02:31:18.839,296.906,296.644,0.37,0.37
27.08.2021 02:31:29.284,296.916,296.644,0.37,0.37
27.08.2021 02:31:39.815,296.916,296.654,0.37,0.37
27.08.2021 02:31:43.043,296.916,296.644,0.37,0.37
27.08.2021 02:32:47.483,296.916,296.654,0.37,0.37
27.08.2021 02:32:48.862,296.926,296.654,0.37,0.37
27.08.2021 02:32:56.717,296.916,296.654,0.37,0.37
27.08.2021 02:33:10.069,296.926,296.654,0.37,0.37
27.08.2021 02:33:16.289,296.916,296.654,0.37,0.37
27.08.2021 02:33:24.644,296.916,296.644,0.37,0.37
27.08.2021 02:33:27.645,296.916,296.654,0.37,0.37
27.08.2021 02:33:32.965,296.916,296.644,0.37,0.37
27.08.2021 02:33:33.563,296.916,296.654,0.37,0.37
27.08.2021 02:33:34.444,296.916,296.644,0.37,0.37
27.08.2021 02:34:21.041,296.906,296.644,0.37,0.37
27.08.2021 02:34:21.189,296.896,296.587,0.37,1.5
27.08.2021 02:34:38.329,296.88599999999997,296.624,0.37,0.37
27.08.2021 02:34:38.750,296.876,296.567,0.37,1.5
27.08.2021 02:34:40.059,296.866,296.60400000000004,0.37,0.37
27.08.2021 02:34:43.950,296.876,296.60400000000004,0.37,0.37
27.08.2021 02:34:44.370,296.876,296.61400000000003,0.37,0.37
27.08.2021 02:34:45.471,296.876,296.60400000000004,0.37,0.37
27.08.2021 02:34:45.686,296.876,296.61400000000003,0.37,0.37
27.08.2021 02:34:57.553,296.866,296.60400000000004,0.37,0.37
27.08.2021 02:34:58.320,296.876,296.60400000000004,0.37,0.37
27.08.2021 02:35:00.313,296.866,296.60400000000004,0.37,0.37
27.08.2021 02:35:00.515,296.876,296.60400000000004,0.37,0.37
27.08.2021 02:35:00.685,296.866,296.60400000000004,0.37,0.37
27.08.2021 02:35:01.300,296.876,296.60400000000004,0.37,0.37
27.08.2021 02:35:01.891,296.866,296.60400000000004,0.37,0.37
27.08.2021 02:35:02.097,296.876,296.60400000000004,0.37,0.37
27.08.2021 02:35:02.295,296.866,296.60400000000004,0.37,0.37
27.08.2021 02:35:09.114,296.876,296.60400000000004,0.37,0.37
27.08.2021 02:35:09.277,296.876,296.61400000000003,0.37,0.37
27.08.2021 02:35:18.921,296.88599999999997,296.61400000000003,0.37,0.37
27.08.2021 02:35:19.168,296.876,296.61400000000003,0.37,0.37
27.08.2021 02:35:19.451,296.88599999999997,296.61400000000003,0.37,0.37
27.08.2021 02:35:20.451,296.88599999999997,296.624,0.37,0.37
27.08.2021 02:35:21.452,296.88599999999997,296.61400000000003,0.37,0.37
27.08.2021 02:35:30.947,296.88599999999997,296.624,0.37,0.37
27.08.2021 02:35:32.380,296.88599999999997,296.61400000000003,0.37,0.37
27.08.2021 02:35:32.583,296.876,296.61400000000003,0.37,0.37
27.08.2021 02:35:40.533,296.88599999999997,296.61400000000003,0.37,0.37
27.08.2021 02:35:40.884,296.88599999999997,296.624,0.37,0.37
27.08.2021 02:35:42.369,296.88599999999997,296.61400000000003,0.37,0.37
27.08.2021 02:35:45.313,296.876,296.61400000000003,0.37,0.37
27.08.2021 02:35:45.494,296.88599999999997,296.61400000000003,0.37,0.37
27.08.2021 02:35:46.719,296.88599999999997,296.624,0.37,0.37
27.08.2021 02:35:57.626,296.88599999999997,296.61400000000003,0.37,0.37
27.08.2021 02:36:37.087,296.88599999999997,296.624,0.37,0.37
27.08.2021 02:37:45.192,296.896,296.624,0.37,0.37
27.08.2021 02:37:45.389,296.896,296.634,0.37,0.37
27.08.2021 02:37:53.401,296.896,296.624,0.37,0.37
27.08.2021 02:37:57.536,296.88599999999997,296.624,0.37,0.37
27.08.2021 02:39:56.185,296.896,296.624,0.37,0.37
27.08.2021 02:39:59.946,296.88599999999997,296.624,0.37,0.37
27.08.2021 02:40:01.060,296.896,296.634,0.37,0.37
27.08.2021 02:40:01.261,296.88599999999997,296.624,0.37,0.37
27.08.2021 02:40:29.208,296.896,296.624,0.37,0.37
27.08.2021 02:40:34.993,296.896,296.634,0.37,0.37
27.08.2021 02:40:52.797,296.896,296.624,0.37,0.37
27.08.2021 02:41:24.233,296.88599999999997,296.624,0.37,0.37
27.08.2021 02:41:34.025,296.896,296.624,0.37,0.37
27.08.2021 02:41:50.522,296.88599999999997,296.624,0.37,0.37
27.08.2021 02:41:50.739,296.896,296.624,0.37,0.37
27.08.2021 02:41:51.453,296.88599999999997,296.624,0.37,0.37
27.08.2021 02:41:59.791,296.896,296.624,0.37,0.37
27.08.2021 02:42:09.922,296.88599999999997,296.624,0.37,0.37
27.08.2021 02:42:10.124,296.896,296.624,0.37,0.37
27.08.2021 02:42:19.960,296.88599999999997,296.624,0.37,0.37
27.08.2021 02:43:18.824,296.896,296.624,0.37,0.37
27.08.2021 02:43:19.026,296.896,296.634,0.37,0.37
27.08.2021 02:43:19.228,296.952,296.634,1.5,0.37
27.08.2021 02:43:43.416,296.953,296.644,1,0.37
27.08.2021 02:44:31.288,296.896,296.634,0.37,0.37
27.08.2021 02:44:31.338,296.896,296.575,0.37,1.5
27.08.2021 02:44:31.710,296.876,296.61400000000003,0.37,0.37
27.08.2021 02:44:47.426,296.88599999999997,296.61400000000003,0.37,0.37
27.08.2021 02:44:57.947,296.876,296.61400000000003,0.37,0.37
27.08.2021 02:45:30.139,296.88599999999997,296.61400000000003,0.37,0.37
27.08.2021 02:45:45.154,296.876,296.61400000000003,0.37,0.37
27.08.2021 02:46:01.386,296.88599999999997,296.61400000000003,0.37,0.37
27.08.2021 02:46:01.588,296.88599999999997,296.624,0.37,0.37
27.08.2021 02:46:03.130,296.88599999999997,296.61400000000003,0.37,0.37
27.08.2021 02:46:07.740,296.88599999999997,296.624,0.37,0.37
27.08.2021 02:46:19.778,296.896,296.624,0.37,0.37
27.08.2021 02:46:48.382,296.88599999999997,296.624,0.37,0.37
27.08.2021 02:46:49.229,296.88599999999997,296.565,0.37,1.5
27.08.2021 02:47:03.223,296.876,296.565,0.37,1.5
27.08.2021 02:47:13.345,296.88599999999997,296.565,0.37,1.5
27.08.2021 02:47:23.200,296.88599999999997,296.624,0.37,0.37
27.08.2021 02:47:45.155,296.896,296.624,0.37,0.37
27.08.2021 02:47:46.564,296.896,296.634,0.37,0.37
27.08.2021 02:47:48.448,296.95099999999996,296.634,1.5,0.37
27.08.2021 02:47:50.849,296.896,296.634,0.37,0.37
27.08.2021 02:48:01.899,296.95099999999996,296.634,1.25,0.37
27.08.2021 02:48:12.456,296.896,296.634,0.37,0.37
27.08.2021 02:48:12.788,296.896,296.624,0.37,0.37
27.08.2021 02:48:38.448,296.88599999999997,296.624,0.37,0.37
27.08.2021 02:48:56.789,296.896,296.624,0.37,0.37
27.08.2021 02:48:56.976,296.896,296.634,0.37,0.37
27.08.2021 02:49:06.409,296.954,296.644,1.25,0.37
27.08.2021 02:49:06.729,296.954,296.634,1.25,0.37
27.08.2021 02:49:10.637,296.954,296.644,1.25,0.37
27.08.2021 02:49:13.751,296.954,296.634,1.25,0.37
27.08.2021 02:49:13.953,296.896,296.634,0.37,0.37
27.08.2021 02:49:22.658,296.954,296.634,1.25,0.37
27.08.2021 02:49:33.996,296.906,296.644,0.37,0.37
27.08.2021 02:49:36.313,296.906,296.634,0.37,0.37
27.08.2021 02:50:06.914,296.906,296.644,0.37,0.37
27.08.2021 02:50:08.504,296.916,296.644,0.37,0.37
27.08.2021 02:50:08.704,296.906,296.644,0.37,0.37
27.08.2021 02:50:14.669,296.906,296.634,0.37,0.37
27.08.2021 02:50:14.886,296.896,296.634,0.37,0.37
27.08.2021 02:50:15.640,296.906,296.634,0.37,0.37
27.08.2021 02:50:16.590,296.906,296.644,0.37,0.37
27.08.2021 02:50:34.332,296.969,296.654,1,0.37
27.08.2021 02:50:43.694,296.969,296.66400000000004,1,0.37
27.08.2021 02:51:03.891,296.969,296.654,0.87,0.37
27.08.2021 02:51:07.498,296.916,296.654,0.37,0.37
27.08.2021 02:52:07.521,296.906,296.644,0.37,0.37
27.08.2021 02:52:07.722,296.896,296.634,0.37,0.37
27.08.2021 02:52:19.376,296.948,296.634,0.87,0.37
27.08.2021 02:52:27.237,296.948,296.644,0.87,0.37
27.08.2021 02:53:32.259,296.954,296.644,1,0.37
27.08.2021 02:53:32.476,296.896,296.634,0.37,0.37
27.08.2021 02:53:46.103,296.896,296.583,0.37,1.25
27.08.2021 02:53:57.948,296.88599999999997,296.624,0.37,0.37
27.08.2021 02:54:06.513,296.896,296.624,0.37,0.37
27.08.2021 02:54:14.258,296.896,296.634,0.37,0.37
27.08.2021 02:54:19.844,296.952,296.634,0.87,0.37
27.08.2021 02:54:20.068,296.952,296.644,0.87,0.37
27.08.2021 02:54:37.165,296.916,296.644,0.37,0.37
27.08.2021 02:54:37.466,296.906,296.644,0.37,0.37
27.08.2021 02:54:37.666,296.916,296.654,0.37,0.37
27.08.2021 02:54:53.481,296.906,296.644,0.37,0.37
27.08.2021 02:54:56.290,296.906,296.634,0.37,0.37
27.08.2021 02:55:00.133,296.906,296.644,0.37,0.37
27.08.2021 02:55:10.851,296.916,296.644,0.37,0.37
27.08.2021 02:55:15.948,296.906,296.644,0.37,0.37
27.08.2021 02:55:17.196,296.916,296.644,0.37,0.37
27.08.2021 02:55:21.769,296.906,296.644,0.37,0.37
27.08.2021 02:55:26.342,296.916,296.644,0.37,0.37
27.08.2021 02:55:29.776,296.916,296.654,0.37,0.37
27.08.2021 02:55:36.610,296.973,296.654,1,0.37
27.08.2021 02:55:36.923,296.973,296.66400000000004,1,0.37
27.08.2021 02:55:40.791,296.973,296.654,1,0.37
27.08.2021 02:55:44.399,296.973,296.66400000000004,0.87,0.37
27.08.2021 02:55:44.826,296.97700000000003,296.66400000000004,1.25,0.37
27.08.2021 02:55:58.023,296.926,296.66400000000004,0.37,0.37
27.08.2021 02:55:58.222,296.926,296.607,0.37,1.5
27.08.2021 02:56:00.067,296.916,296.607,0.37,1.5
27.08.2021 02:56:00.329,296.926,296.607,0.37,1.5
27.08.2021 02:56:02.513,296.926,296.66400000000004,0.37,0.37
27.08.2021 02:56:02.715,296.936,296.66400000000004,0.37,0.37
27.08.2021 02:56:03.199,296.936,296.67400000000004,0.37,0.37
27.08.2021 02:56:09.097,296.992,296.67400000000004,1,0.37
27.08.2021 02:56:09.295,296.992,296.684,1,0.37
27.08.2021 02:56:13.368,296.956,296.684,0.37,0.37
27.08.2021 02:56:13.570,296.956,296.694,0.37,0.37
27.08.2021 02:56:13.771,296.956,296.684,0.37,0.37
27.08.2021 02:56:14.758,296.956,296.694,0.37,0.37
27.08.2021 02:56:14.960,296.956,296.684,0.37,0.37
27.08.2021 02:56:16.534,296.956,296.694,0.37,0.37
27.08.2021 02:56:16.984,296.956,296.684,0.37,0.37
27.08.2021 02:56:22.323,296.956,296.694,0.37,0.37
27.08.2021 02:56:26.585,296.956,296.684,0.37,0.37
27.08.2021 02:56:28.544,296.956,296.694,0.37,0.37
27.08.2021 02:56:39.836,296.956,296.684,0.37,0.37
27.08.2021 02:56:44.513,296.956,296.694,0.37,0.37
27.08.2021 02:56:46.329,296.956,296.684,0.37,0.37
27.08.2021 02:56:46.379,296.94599999999997,296.684,0.37,0.37
27.08.2021 02:56:54.185,296.956,296.684,0.37,0.37
27.08.2021 02:56:54.386,296.94599999999997,296.684,0.37,0.37
27.08.2021 02:56:54.587,296.956,296.684,0.37,0.37
27.08.2021 02:56:59.782,296.956,296.694,0.37,0.37
27.08.2021 02:57:01.534,296.956,296.684,0.37,0.37
27.08.2021 02:57:05.252,296.94599999999997,296.684,0.37,0.37
27.08.2021 02:57:09.248,296.94599999999997,296.625,0.37,1.25
27.08.2021 02:57:14.331,296.94599999999997,296.684,0.37,0.37
27.08.2021 02:57:21.569,297.005,296.684,1.5,0.37
27.08.2021 02:57:22.202,297.005,296.694,1.5,0.37
27.08.2021 02:57:24.505,297.005,296.684,1.5,0.37
27.08.2021 02:57:29.382,297.005,296.694,1.5,0.37
27.08.2021 02:57:29.784,297.005,296.684,1.5,0.37
27.08.2021 02:57:37.185,297.005,296.694,1.25,0.37
27.08.2021 02:57:37.948,297.005,296.684,1.5,0.37
27.08.2021 02:57:38.671,297.005,296.694,1.5,0.37
27.08.2021 02:58:00.509,297.005,296.684,1.5,0.37
27.08.2021 02:58:01.455,297.005,296.694,1.5,0.37
27.08.2021 02:58:04.664,297.005,296.684,1.5,0.37
27.08.2021 02:58:05.186,297.005,296.694,1.5,0.37
27.08.2021 02:58:16.015,296.966,296.694,0.37,0.37
27.08.2021 02:58:16.217,296.966,296.704,0.37,0.37
27.08.2021 02:58:27.303,297.02,296.704,1.5,0.37
27.08.2021 02:58:27.707,297.02,296.714,1,0.37
27.08.2021 02:58:28.111,296.986,296.714,0.37,0.37
27.08.2021 02:58:28.513,296.976,296.714,0.37,0.37
27.08.2021 02:58:29.156,296.986,296.714,0.37,0.37
27.08.2021 02:58:36.404,296.976,296.714,0.37,0.37
27.08.2021 02:58:36.831,296.986,296.714,0.37,0.37
27.08.2021 02:58:37.034,296.976,296.714,0.37,0.37
27.08.2021 02:58:38.298,296.986,296.714,0.37,0.37
27.08.2021 02:58:38.501,296.976,296.714,0.37,0.37
27.08.2021 02:58:38.721,296.976,296.704,0.37,0.37
27.08.2021 02:58:38.906,296.966,296.704,0.37,0.37
27.08.2021 02:58:41.155,296.956,296.694,0.37,0.37
27.08.2021 02:58:58.352,296.966,296.694,0.37,0.37
27.08.2021 02:58:59.169,296.966,296.704,0.37,0.37
27.08.2021 02:59:07.494,297.019,296.704,1.5,0.37
27.08.2021 02:59:10.352,296.966,296.704,0.37,0.37
27.08.2021 02:59:10.663,297.019,296.704,1.5,0.37
27.08.2021 02:59:10.865,296.966,296.704,0.37,0.37
27.08.2021 02:59:18.951,297.019,296.704,1.5,0.37
27.08.2021 02:59:20.011,296.966,296.704,0.37,0.37
27.08.2021 02:59:20.751,296.976,296.704,0.37,0.37
27.08.2021 02:59:21.214,296.976,296.714,0.37,0.37
27.08.2021 02:59:23.044,296.986,296.714,0.37,0.37
27.08.2021 02:59:28.158,296.976,296.714,0.37,0.37
27.08.2021 02:59:28.409,296.976,296.704,0.37,0.37
27.08.2021 02:59:28.610,296.966,296.704,0.37,0.37
27.08.2021 02:59:31.975,296.976,296.704,0.37,0.37
27.08.2021 02:59:32.179,296.976,296.714,0.37,0.37
27.08.2021 02:59:32.582,296.986,296.714,0.37,0.37
27.08.2021 02:59:53.552,296.986,296.72400000000005,0.37,0.37
27.08.2021 03:00:00.452,297.03900000000004,296.72400000000005,1,0.37
27.08.2021 03:00:00.641,297.04,296.73400000000004,1.5,0.37
27.08.2021 03:00:21.473,296.996,296.72400000000005,0.37,0.37
27.08.2021 03:00:34.677,296.996,296.73400000000004,0.37,0.37
27.08.2021 03:00:39.155,296.986,296.72400000000005,0.37,0.37
27.08.2021 03:00:39.356,296.986,296.67,0.37,1.25
27.08.2021 03:00:41.917,296.976,296.714,0.37,0.37
27.08.2021 03:00:42.954,296.966,296.704,0.37,0.37
27.08.2021 03:00:57.810,296.956,296.694,0.37,0.37
27.08.2021 03:01:01.154,296.956,296.63599999999997,0.37,1
27.08.2021 03:01:04.352,296.956,296.694,0.37,0.37
27.08.2021 03:01:05.100,296.94599999999997,296.684,0.37,0.37
27.08.2021 03:01:20.232,296.956,296.684,0.37,0.37
27.08.2021 03:01:21.260,296.94599999999997,296.684,0.37,0.37
27.08.2021 03:01:31.947,296.94599999999997,296.634,0.37,1.25
27.08.2021 03:01:35.158,296.936,296.67400000000004,0.37,0.37
27.08.2021 03:01:37.782,296.936,296.616,0.37,1.5
27.08.2021 03:01:43.517,296.926,296.616,0.37,1.5
27.08.2021 03:02:09.262,296.926,296.654,0.37,0.37
27.08.2021 03:02:11.527,296.916,296.654,0.37,0.37
27.08.2021 03:02:30.237,296.926,296.654,0.37,0.37
27.08.2021 03:02:31.226,296.926,296.66400000000004,0.37,0.37
27.08.2021 03:02:58.896,296.926,296.654,0.37,0.37
27.08.2021 03:03:03.326,296.926,296.66400000000004,0.37,0.37
27.08.2021 03:04:32.975,296.926,296.654,0.37,0.37
27.08.2021 03:04:34.878,296.916,296.654,0.37,0.37
27.08.2021 03:05:01.550,296.916,296.644,0.37,0.37
27.08.2021 03:05:01.755,296.916,296.654,0.37,0.37
27.08.2021 03:06:22.740,296.916,296.644,0.37,0.37
27.08.2021 03:06:22.943,296.916,296.654,0.37,0.37
27.08.2021 03:06:56.411,296.926,296.654,0.37,0.37
27.08.2021 03:06:56.610,296.926,296.66400000000004,0.37,0.37
27.08.2021 03:07:01.178,296.936,296.66400000000004,0.37,0.37
27.08.2021 03:07:33.566,296.926,296.66400000000004,0.37,0.37
27.08.2021 03:07:33.766,296.926,296.654,0.37,0.37
27.08.2021 03:07:40.165,296.916,296.654,0.37,0.37
27.08.2021 03:08:09.521,296.926,296.654,0.37,0.37
27.08.2021 03:08:09.722,296.926,296.66400000000004,0.37,0.37
27.08.2021 03:08:31.151,296.926,296.654,0.37,0.37
27.08.2021 03:08:49.358,296.916,296.654,0.37,0.37
27.08.2021 03:09:17.221,296.926,296.654,0.37,0.37
27.08.2021 03:09:17.466,296.926,296.66400000000004,0.37,0.37
27.08.2021 03:09:25.110,296.926,296.654,0.37,0.37
27.08.2021 03:09:39.642,296.916,296.654,0.37,0.37
27.08.2021 03:11:04.656,296.926,296.654,0.37,0.37
27.08.2021 03:11:04.870,296.926,296.66400000000004,0.37,0.37
27.08.2021 03:11:05.072,296.926,296.654,0.37,0.37
27.08.2021 03:11:20.905,296.916,296.654,0.37,0.37
27.08.2021 03:12:02.137,296.916,296.644,0.37,0.37
27.08.2021 03:12:02.859,296.906,296.644,0.37,0.37
27.08.2021 03:12:53.948,296.906,296.634,0.37,0.37
27.08.2021 03:13:00.821,296.906,296.644,0.37,0.37
27.08.2021 03:13:01.021,296.906,296.634,0.37,0.37
27.08.2021 03:13:35.747,296.896,296.634,0.37,0.37
27.08.2021 03:13:35.951,296.906,296.634,0.37,0.37
27.08.2021 03:13:51.583,296.906,296.644,0.37,0.37
27.08.2021 03:14:04.480,296.964,296.644,1,0.37
27.08.2021 03:14:05.755,296.906,296.644,0.37,0.37
27.08.2021 03:14:43.610,296.96500000000003,296.654,1.5,0.37
27.08.2021 03:14:48.015,296.97,296.66400000000004,1,0.37
27.08.2021 03:14:48.580,296.97,296.654,1,0.37
27.08.2021 03:15:05.166,296.916,296.654,0.37,0.37
27.08.2021 03:15:09.563,296.97,296.654,1,0.37
27.08.2021 03:15:11.989,296.926,296.66400000000004,0.37,0.37
27.08.2021 03:16:28.594,296.926,296.654,0.37,0.37
27.08.2021 03:16:28.993,296.916,296.654,0.37,0.37
27.08.2021 03:16:30.997,296.926,296.654,0.37,0.37
27.08.2021 03:16:31.200,296.926,296.66400000000004,0.37,0.37
27.08.2021 03:16:32.421,296.926,296.654,0.37,0.37
27.08.2021 03:16:33.034,296.926,296.66400000000004,0.37,0.37
27.08.2021 03:16:48.733,296.936,296.67400000000004,0.37,0.37
27.08.2021 03:16:48.942,296.926,296.66400000000004,0.37,0.37
27.08.2021 03:16:53.278,296.936,296.66400000000004,0.37,0.37
27.08.2021 03:17:01.027,296.926,296.66400000000004,0.37,0.37
27.08.2021 03:17:27.877,296.926,296.654,0.37,0.37
27.08.2021 03:17:52.648,296.926,296.66400000000004,0.37,0.37
27.08.2021 03:17:56.715,296.926,296.654,0.37,0.37
27.08.2021 03:18:21.044,296.916,296.654,0.37,0.37
27.08.2021 03:18:41.186,296.926,296.654,0.37,0.37
27.08.2021 03:18:42.271,296.916,296.654,0.37,0.37
27.08.2021 03:18:46.093,296.916,296.644,0.37,0.37
27.08.2021 03:18:53.961,296.916,296.654,0.37,0.37
27.08.2021 03:19:24.336,296.926,296.66400000000004,0.37,0.37
27.08.2021 03:20:03.525,296.98,296.66400000000004,1,0.37
27.08.2021 03:20:03.726,296.936,296.67400000000004,0.37,0.37
27.08.2021 03:20:15.854,296.936,296.66400000000004,0.37,0.37
27.08.2021 03:20:20.814,296.936,296.67400000000004,0.37,0.37
27.08.2021 03:20:30.712,296.936,296.66400000000004,0.37,0.37
27.08.2021 03:20:30.914,296.936,296.67400000000004,0.37,0.37
27.08.2021 03:20:39.734,296.99,296.67400000000004,1.5,0.37
27.08.2021 03:20:39.936,296.936,296.67400000000004,0.37,0.37
27.08.2021 03:20:45.776,296.936,296.66400000000004,0.37,0.37
27.08.2021 03:20:46.834,296.926,296.66400000000004,0.37,0.37
27.08.2021 03:21:08.776,296.936,296.66400000000004,0.37,0.37
27.08.2021 03:21:08.979,296.926,296.66400000000004,0.37,0.37
27.08.2021 03:21:48.703,296.936,296.66400000000004,0.37,0.37
27.08.2021 03:22:03.414,296.936,296.67400000000004,0.37,0.37
27.08.2021 03:23:38.872,296.926,296.66400000000004,0.37,0.37
27.08.2021 03:23:39.368,296.936,296.66400000000004,0.37,0.37
27.08.2021 03:23:48.213,296.926,296.66400000000004,0.37,0.37
27.08.2021 03:24:00.973,296.936,296.66400000000004,0.37,0.37
27.08.2021 03:24:08.341,296.936,296.67400000000004,0.37,0.37
27.08.2021 03:24:08.796,296.993,296.67400000000004,1.5,0.37
27.08.2021 03:24:24.175,296.936,296.67400000000004,0.37,0.37
27.08.2021 03:24:31.045,296.993,296.67400000000004,1.5,0.37
27.08.2021 03:24:31.648,296.936,296.67400000000004,0.37,0.37
27.08.2021 03:24:32.916,296.993,296.67400000000004,1.5,0.37
27.08.2021 03:24:34.448,296.94599999999997,296.684,0.37,0.37
27.08.2021 03:25:09.318,296.94599999999997,296.67400000000004,0.37,0.37
27.08.2021 03:25:09.519,296.936,296.67400000000004,0.37,0.37
27.08.2021 03:25:11.290,296.94599999999997,296.684,0.37,0.37
27.08.2021 03:25:12.778,296.94599999999997,296.67400000000004,0.37,0.37
27.08.2021 03:25:16.979,296.936,296.67400000000004,0.37,0.37
27.08.2021 03:25:48.635,296.94599999999997,296.67400000000004,0.37,0.37
27.08.2021 03:25:51.499,296.936,296.67400000000004,0.37,0.37
27.08.2021 03:26:07.546,296.94599999999997,296.67400000000004,0.37,0.37
27.08.2021 03:26:17.404,296.936,296.67400000000004,0.37,0.37
27.08.2021 03:26:30.049,296.936,296.66400000000004,0.37,0.37
27.08.2021 03:26:30.250,296.926,296.66400000000004,0.37,0.37
27.08.2021 03:27:08.185,296.926,296.654,0.37,0.37
27.08.2021 03:27:08.368,296.926,296.66400000000004,0.37,0.37
27.08.2021 03:27:09.057,296.926,296.654,0.37,0.37
27.08.2021 03:27:10.585,296.926,296.66400000000004,0.37,0.37
27.08.2021 03:27:10.957,296.926,296.654,0.37,0.37
27.08.2021 03:27:12.949,296.926,296.66400000000004,0.37,0.37
27.08.2021 03:27:26.949,296.926,296.654,0.37,0.37
27.08.2021 03:27:30.632,296.926,296.66400000000004,0.37,0.37
27.08.2021 03:27:38.302,296.916,296.654,0.37,0.37
27.08.2021 03:27:41.256,296.926,296.66400000000004,0.37,0.37
27.08.2021 03:28:15.244,296.936,296.66400000000004,0.37,0.37
27.08.2021 03:28:27.051,296.936,296.67400000000004,0.37,0.37
27.08.2021 03:28:32.253,296.926,296.66400000000004,0.37,0.37
27.08.2021 03:28:41.832,296.936,296.66400000000004,0.37,0.37
27.08.2021 03:29:04.898,296.926,296.66400000000004,0.37,0.37
27.08.2021 03:29:43.433,296.916,296.59900000000005,0.37,1.5
27.08.2021 03:29:43.547,296.916,296.654,0.37,0.37
27.08.2021 03:29:59.307,296.916,296.59900000000005,0.37,1.25
27.08.2021 03:30:03.755,296.916,296.654,0.37,0.37
27.08.2021 03:30:15.033,296.926,296.654,0.37,0.37
27.08.2021 03:30:20.953,296.926,296.66400000000004,0.37,0.37
27.08.2021 03:30:21.253,296.926,296.654,0.37,0.37
27.08.2021 03:30:33.787,296.926,296.66400000000004,0.37,0.37
27.08.2021 03:31:06.006,296.926,296.654,0.37,0.37
27.08.2021 03:31:06.172,296.916,296.654,0.37,0.37
27.08.2021 03:31:21.997,296.926,296.654,0.37,0.37
27.08.2021 03:31:42.038,296.916,296.654,0.37,0.37
27.08.2021 03:33:28.150,296.916,296.644,0.37,0.37
27.08.2021 03:33:32.531,296.916,296.654,0.37,0.37
27.08.2021 03:33:32.735,296.916,296.644,0.37,0.37
27.08.2021 03:33:39.925,296.906,296.644,0.37,0.37
27.08.2021 03:33:41.836,296.916,296.644,0.37,0.37
27.08.2021 03:34:07.588,296.906,296.644,0.37,0.37
27.08.2021 03:34:10.132,296.906,296.587,0.37,1.5
27.08.2021 03:35:00.934,296.906,296.644,0.37,0.37
27.08.2021 03:35:01.135,296.962,296.654,1.5,0.37
27.08.2021 03:35:20.179,296.962,296.644,1.5,0.37
27.08.2021 03:35:20.230,296.906,296.644,0.37,0.37
27.08.2021 03:35:21.391,296.906,296.634,0.37,0.37
27.08.2021 03:35:22.199,296.896,296.634,0.37,0.37
27.08.2021 03:35:22.997,296.906,296.634,0.37,0.37
27.08.2021 03:35:23.424,296.906,296.644,0.37,0.37
27.08.2021 03:35:24.125,296.906,296.634,0.37,0.37
27.08.2021 03:35:27.444,296.906,296.644,0.37,0.37
27.08.2021 03:35:36.574,296.906,296.634,0.37,0.37
27.08.2021 03:35:39.146,296.906,296.644,0.37,0.37
27.08.2021 03:35:44.147,296.906,296.634,0.37,0.37
27.08.2021 03:37:24.393,296.906,296.644,0.37,0.37
27.08.2021 03:37:44.948,296.916,296.644,0.37,0.37
27.08.2021 03:37:53.499,296.916,296.654,0.37,0.37
27.08.2021 03:39:54.655,296.916,296.644,0.37,0.37
27.08.2021 03:39:55.017,296.906,296.644,0.37,0.37
27.08.2021 03:40:08.392,296.906,296.587,0.37,1.25
27.08.2021 03:41:47.877,296.896,296.634,0.37,0.37
27.08.2021 03:41:57.314,296.88599999999997,296.624,0.37,0.37
27.08.2021 03:42:47.374,296.896,296.634,0.37,0.37
27.08.2021 03:43:14.492,296.896,296.624,0.37,0.37
27.08.2021 03:43:15.292,296.88599999999997,296.624,0.37,0.37
27.08.2021 03:43:24.275,296.896,296.624,0.37,0.37
27.08.2021 03:43:24.476,296.88599999999997,296.624,0.37,0.37
27.08.2021 03:44:13.923,296.88599999999997,296.61400000000003,0.37,0.37
27.08.2021 03:44:14.173,296.88599999999997,296.624,0.37,0.37
27.08.2021 03:44:22.246,296.88599999999997,296.61400000000003,0.37,0.37
27.08.2021 03:44:22.402,296.88599999999997,296.624,0.37,0.37
27.08.2021 03:45:51.469,296.88599999999997,296.61400000000003,0.37,0.37
27.08.2021 03:45:54.469,296.88599999999997,296.624,0.37,0.37
27.08.2021 03:46:05.446,296.876,296.61400000000003,0.37,0.37
27.08.2021 03:46:38.668,296.876,296.60400000000004,0.37,0.37
27.08.2021 03:47:00.112,296.866,296.545,0.37,1.25
27.08.2021 03:47:57.354,296.866,296.60400000000004,0.37,0.37
27.08.2021 03:48:09.701,296.866,296.594,0.37,0.37
27.08.2021 03:48:23.347,296.856,296.594,0.37,0.37
27.08.2021 03:48:30.948,296.866,296.594,0.37,0.37
27.08.2021 03:49:20.448,296.856,296.594,0.37,0.37
27.08.2021 03:49:25.045,296.846,296.538,0.37,1.4
27.08.2021 03:50:45.257,296.903,296.538,1.7,1.7
27.08.2021 03:52:55.932,296.846,296.584,0.37,0.37
27.08.2021 03:53:05.054,296.846,296.528,0.37,1.7
27.08.2021 03:53:05.553,296.836,296.528,0.37,1.7
27.08.2021 03:53:34.450,296.836,296.528,0.37,1.7
27.08.2021 03:53:34.551,296.82599999999996,296.518,0.37,1.7
27.08.2021 03:54:04.573,296.82599999999996,296.518,0.37,1.4
27.08.2021 03:54:11.071,296.82599999999996,296.518,0.37,1.4
27.08.2021 03:54:11.273,296.883,296.518,1.7,1.7
27.08.2021 03:54:11.473,296.82599999999996,296.518,0.37,1.7
27.08.2021 03:54:55.223,296.82599999999996,296.508,0.37,1.4
27.08.2021 03:56:01.224,296.82599999999996,296.564,0.37,0.37
27.08.2021 03:56:20.743,296.836,296.564,0.37,0.37
27.08.2021 03:56:20.946,296.836,296.574,0.37,0.37
27.08.2021 03:57:09.183,296.893,296.574,1.7,0.37
27.08.2021 03:57:09.387,296.846,296.538,0.37,1.7
27.08.2021 03:57:10.492,296.846,296.538,0.37,1.7
27.08.2021 03:57:10.703,296.846,296.584,0.37,0.37
27.08.2021 03:57:15.085,296.836,296.574,0.37,0.37
27.08.2021 03:57:56.310,296.836,296.518,0.37,1.7
27.08.2021 03:57:56.524,296.82599999999996,296.518,0.37,1.7
27.08.2021 03:57:56.812,296.82599999999996,296.518,0.37,1.7
27.08.2021 03:59:22.398,296.816,296.54400000000004,0.37,0.37
27.08.2021 03:59:23.237,296.806,296.54400000000004,0.37,0.37
27.08.2021 03:59:33.308,296.863,296.54400000000004,1.7,0.37
27.08.2021 04:00:08.674,296.806,296.54400000000004,0.37,0.37
27.08.2021 04:01:10.287,296.816,296.498,0.37,1.4
27.08.2021 04:01:58.680,296.82599999999996,296.55400000000003,0.37,0.37
27.08.2021 04:01:59.339,296.816,296.55400000000003,0.37,0.37
27.08.2021 04:02:06.600,296.82599999999996,296.55400000000003,0.37,0.37
27.08.2021 04:02:06.801,296.82599999999996,296.564,0.37,0.37
27.08.2021 04:03:34.800,296.82599999999996,296.55400000000003,0.37,0.37
27.08.2021 04:03:35.041,296.816,296.55400000000003,0.37,0.37
27.08.2021 04:04:21.623,296.863,296.498,1.7,1.7
27.08.2021 04:04:40.311,296.853,296.485,1.7,1.5
27.08.2021 04:04:46.029,296.796,296.485,0.37,1.25
27.08.2021 04:04:48.645,296.853,296.485,1.4,1.25
27.08.2021 04:04:54.505,296.796,296.485,0.37,1.25
27.08.2021 04:05:18.951,296.853,296.53400000000005,1.7,0.37
27.08.2021 04:05:24.974,296.796,296.53400000000005,0.37,0.37
27.08.2021 04:05:43.238,296.853,296.53400000000005,1.7,0.37
27.08.2021 04:05:58.202,296.796,296.53400000000005,0.37,0.37
27.08.2021 04:06:41.543,296.806,296.488,0.37,1.4
27.08.2021 04:06:59.790,296.796,296.488,0.37,1.4
27.08.2021 04:08:06.119,296.796,296.478,0.37,1.7
27.08.2021 04:08:06.333,296.786,296.478,0.37,1.7
27.08.2021 04:08:12.583,296.796,296.478,0.37,1.7
27.08.2021 04:08:16.449,296.786,296.478,0.37,1.4
27.08.2021 04:08:51.949,296.843,296.524,1.7,0.37
27.08.2021 04:08:58.948,296.786,296.524,0.37,0.37
27.08.2021 04:09:01.971,296.843,296.524,1.7,0.37
27.08.2021 04:09:10.051,296.786,296.524,0.37,0.37
27.08.2021 04:09:37.721,296.843,296.524,1.4,0.37
27.08.2021 04:09:37.918,296.843,296.53400000000005,1.7,0.37
27.08.2021 04:09:38.980,296.853,296.488,1.7,1.4
27.08.2021 04:09:52.860,296.853,296.54400000000004,1.7,0.37
27.08.2021 04:09:55.255,296.853,296.488,1.7,1.7
27.08.2021 04:10:12.467,296.796,296.488,0.37,1.4
27.08.2021 04:11:21.125,296.853,296.53400000000005,1.7,0.37
27.08.2021 04:11:38.721,296.853,296.54400000000004,1.7,0.37
27.08.2021 04:11:38.922,296.86,296.54400000000004,1,0.37
27.08.2021 04:12:10.335,296.863,296.55400000000003,1.4,0.37
27.08.2021 04:12:10.537,296.873,296.508,1.7,1.4
27.08.2021 04:12:32.943,296.873,296.564,1.7,0.37
27.08.2021 04:13:10.467,296.836,296.574,0.37,0.37
27.08.2021 04:13:11.845,296.836,296.518,0.37,1.4
27.08.2021 04:13:12.064,296.82599999999996,296.518,0.37,1.4
27.08.2021 04:14:14.170,296.883,296.564,1.7,0.37
27.08.2021 04:14:14.220,296.82599999999996,296.564,0.37,0.37
27.08.2021 04:14:56.313,296.82599999999996,296.508,0.37,1.7
27.08.2021 04:14:56.517,296.82599999999996,296.564,0.37,0.37
27.08.2021 04:17:14.180,296.836,296.574,0.37,0.37
27.08.2021 04:17:14.377,296.82599999999996,296.564,0.37,0.37
27.08.2021 04:17:15.867,296.836,296.564,0.37,0.37
27.08.2021 04:17:16.070,296.82599999999996,296.564,0.37,0.37
27.08.2021 04:18:55.342,296.82599999999996,296.55400000000003,0.37,0.37
27.08.2021 04:18:55.544,296.82599999999996,296.564,0.37,0.37
27.08.2021 04:19:03.413,296.82599999999996,296.55400000000003,0.37,0.37
27.08.2021 04:19:03.616,296.82599999999996,296.564,0.37,0.37
27.08.2021 04:20:16.737,296.82599999999996,296.55400000000003,0.37,0.37
27.08.2021 04:20:16.942,296.816,296.55400000000003,0.37,0.37
27.08.2021 04:20:30.713,296.816,296.5,0.37,1.25
27.08.2021 04:20:51.546,296.806,296.498,0.37,1.7
27.08.2021 04:21:02.237,296.816,296.498,0.37,1.7
27.08.2021 04:21:10.439,296.853,296.488,1.7,1.4
27.08.2021 04:21:13.851,296.796,296.488,0.37,1.7
27.08.2021 04:21:17.795,296.853,296.488,1.7,1.7
27.08.2021 04:21:24.913,296.853,296.54400000000004,1.4,0.37
27.08.2021 04:21:31.073,296.853,296.488,1.7,1.7
27.08.2021 04:21:46.622,296.796,296.488,0.37,1.7
27.08.2021 04:22:12.534,296.853,296.488,1.4,1.4
27.08.2021 04:22:12.735,296.796,296.488,0.37,1.4
27.08.2021 04:22:32.093,296.853,296.488,1.7,1.4
27.08.2021 04:22:46.349,296.796,296.53400000000005,0.37,0.37
27.08.2021 04:23:43.922,296.806,296.53400000000005,0.37,0.37
27.08.2021 04:24:03.215,296.796,296.53400000000005,0.37,0.37
27.08.2021 04:24:08.967,296.796,296.524,0.37,0.37
27.08.2021 04:24:10.532,296.786,296.524,0.37,0.37
27.08.2021 04:24:16.701,296.843,296.524,1.7,0.37
27.08.2021 04:24:16.901,296.786,296.524,0.37,0.37
27.08.2021 04:24:49.519,296.776,296.468,0.37,1.7
27.08.2021 04:24:55.544,296.786,296.524,0.37,0.37
27.08.2021 04:25:49.650,296.776,296.468,0.37,1.7
27.08.2021 04:25:49.850,296.776,296.468,0.37,1.7
27.08.2021 04:26:17.373,296.766,296.458,0.37,1.7
27.08.2021 04:26:17.903,296.766,296.458,0.37,1.7
27.08.2021 04:26:30.250,296.823,296.458,1.7,1.7
27.08.2021 04:27:00.117,296.766,296.458,0.37,1.4
27.08.2021 04:27:05.331,296.766,296.458,0.37,1.4
27.08.2021 04:27:12.539,296.756,296.494,0.37,0.37
27.08.2021 04:27:12.837,296.756,296.439,0.37,1.5
27.08.2021 04:27:26.445,296.746,296.438,0.37,1.7
27.08.2021 04:27:36.118,296.756,296.494,0.37,0.37
27.08.2021 04:27:48.051,296.756,296.438,0.37,1.4
27.08.2021 04:27:49.484,296.756,296.494,0.37,0.37
27.08.2021 04:27:52.688,296.812,296.494,1.5,0.37
27.08.2021 04:27:55.820,296.766,296.504,0.37,0.37
27.08.2021 04:27:56.220,296.813,296.448,1.7,1.7
27.08.2021 04:28:53.572,296.813,296.504,1.4,0.37
27.08.2021 04:28:54.870,296.813,296.504,1.4,0.37
27.08.2021 04:29:30.175,296.813,296.514,1.7,0.37
27.08.2021 04:29:30.322,296.813,296.514,1.7,0.37
27.08.2021 04:29:30.534,296.813,296.524,1.7,0.37
27.08.2021 04:29:31.625,296.813,296.514,1.7,0.37
27.08.2021 04:29:40.587,296.813,296.514,1.7,0.37
27.08.2021 04:29:45.821,296.813,296.458,1.7,1.4
27.08.2021 04:29:59.653,296.813,296.458,1.7,1.7
27.08.2021 04:30:00.664,296.813,296.458,1.7,1.7
27.08.2021 04:30:42.625,296.813,296.448,1.7,1.4
27.08.2021 04:30:51.580,296.756,296.448,0.37,1.4
27.08.2021 04:30:54.997,296.793,296.439,1.7,1.5
27.08.2021 04:31:17.144,296.793,296.494,1.7,0.37
27.08.2021 04:31:17.361,296.793,296.494,1.7,0.37
27.08.2021 04:31:25.536,296.813,296.504,1.4,0.37
27.08.2021 04:31:32.254,296.756,296.448,0.37,1.7
27.08.2021 04:31:56.687,296.746,296.448,0.37,1.7
27.08.2021 04:32:19.452,296.793,296.438,1.7,1.7
27.08.2021 04:32:25.587,296.793,296.438,1.7,1.7
27.08.2021 04:32:40.174,296.793,296.438,1.7,1.7
27.08.2021 04:32:47.198,296.793,296.438,1.7,1.7
27.08.2021 04:33:28.156,296.756,296.448,0.37,1.7
27.08.2021 04:33:28.358,296.746,296.448,0.37,1.7
27.08.2021 04:34:29.204,296.746,296.448,0.37,1.7
27.08.2021 04:34:29.434,296.793,296.48400000000004,1.7,0.37
27.08.2021 04:34:29.897,296.793,296.48400000000004,1.7,0.37
27.08.2021 04:34:30.463,296.736,296.428,0.37,1.7
27.08.2021 04:35:26.572,296.783,296.47400000000005,1.4,0.37
27.08.2021 04:35:26.795,296.783,296.48400000000004,1.7,0.37
27.08.2021 04:35:27.365,296.726,296.438,0.37,1.7
27.08.2021 04:35:35.675,296.786,296.438,0.7,1.7
27.08.2021 04:35:35.860,296.786,296.438,0.7,1.7
27.08.2021 04:35:38.169,296.726,296.438,0.37,1.7
27.08.2021 04:36:11.823,296.773,296.48400000000004,1.7,0.37
27.08.2021 04:36:23.672,296.773,296.48400000000004,1.7,0.37
27.08.2021 04:36:24.141,296.773,296.494,1.4,0.37
27.08.2021 04:36:34.574,296.773,296.48400000000004,1.4,0.37
27.08.2021 04:36:36.305,296.773,296.48400000000004,1.4,0.37
27.08.2021 04:36:38.155,296.773,296.48400000000004,1.4,0.37
27.08.2021 04:36:41.382,296.773,296.48400000000004,1.4,0.37
27.08.2021 04:37:00.986,296.783,296.48400000000004,1.7,0.37
27.08.2021 04:37:10.045,296.783,296.428,1.7,1.7
27.08.2021 04:37:13.879,296.763,296.48400000000004,1.7,0.37
27.08.2021 04:37:22.951,296.783,296.428,1.7,1.7
27.08.2021 04:37:27.236,296.783,296.428,1.7,1.7
27.08.2021 04:37:27.438,296.763,296.427,1.7,2
27.08.2021 04:37:44.498,296.763,296.48400000000004,1.7,0.37
27.08.2021 04:37:44.702,296.763,296.427,1.7,2
27.08.2021 04:38:02.142,296.763,296.47400000000005,1.7,0.37
27.08.2021 04:38:33.124,296.769,296.47400000000005,1.7,0.37
27.08.2021 04:38:55.672,296.769,296.47400000000005,1.4,0.37
27.08.2021 04:39:16.878,296.769,296.416,0.7,2.07
27.08.2021 04:39:17.080,296.753,296.464,1.7,0.37
27.08.2021 04:39:18.701,296.753,296.40900000000005,1.7,1.5
27.08.2021 04:39:21.771,296.753,296.454,1.7,0.37
27.08.2021 04:39:30.638,296.753,296.464,1.7,0.37
27.08.2021 04:39:30.739,296.763,296.47400000000005,1.7,0.37
27.08.2021 04:40:03.309,296.763,296.464,1.7,0.37
27.08.2021 04:40:03.409,296.763,296.464,1.7,0.37
27.08.2021 04:40:03.566,296.763,296.41,1.7,1.5
27.08.2021 04:40:16.134,296.763,296.41,1.7,1.5
27.08.2021 04:40:34.421,296.743,296.454,1.7,0.37
27.08.2021 04:40:34.623,296.743,296.464,1.7,0.37
27.08.2021 04:40:34.927,296.743,296.454,1.7,0.37
27.08.2021 04:43:04.678,296.753,296.454,1.4,0.37
27.08.2021 04:43:12.742,296.753,296.454,1.7,0.37
27.08.2021 04:43:28.712,296.753,296.408,1.4,1.7
27.08.2021 04:43:31.659,296.753,296.464,1.4,0.37
27.08.2021 04:43:32.086,296.753,296.408,1.4,1.7
27.08.2021 04:45:22.839,296.726,296.464,0.37,0.37
27.08.2021 04:45:32.952,296.726,296.454,0.37,0.37
27.08.2021 04:45:51.429,296.753,296.454,1.4,0.37
27.08.2021 04:45:51.580,296.753,296.398,1.7,1.7
27.08.2021 04:45:53.489,296.733,296.454,1.7,0.37
27.08.2021 04:45:53.895,296.733,296.444,1.7,0.37
27.08.2021 04:46:50.432,296.743,296.444,1.7,0.37
27.08.2021 04:47:17.401,296.733,296.444,1.7,0.37
27.08.2021 04:47:17.937,296.733,296.454,1.7,0.37
27.08.2021 04:47:18.150,296.753,296.454,1.7,0.37
27.08.2021 04:47:21.051,296.753,296.464,1.7,0.37
27.08.2021 04:47:40.691,296.753,296.464,1.7,0.37
27.08.2021 04:47:40.891,296.753,296.464,1.7,0.37
27.08.2021 04:48:13.234,296.753,296.408,1.7,2.07
27.08.2021 04:48:40.637,296.726,296.464,0.37,0.37
27.08.2021 04:48:50.943,296.8,296.408,1.7,2.07
27.08.2021 04:49:08.570,296.759,296.464,0.7,0.37
27.08.2021 04:49:17.896,296.8,296.408,1.7,2.07
27.08.2021 04:49:18.098,296.8,296.464,1.7,0.37
27.08.2021 04:49:21.325,296.8,296.408,1.7,2.07
27.08.2021 04:49:30.860,296.759,296.464,1.7,0.37
27.08.2021 04:49:48.664,296.759,296.454,1.8,0.37
27.08.2021 04:49:48.890,296.733,296.395,1.7,1.5
27.08.2021 04:49:56.253,296.733,296.395,1.7,1.5
27.08.2021 04:49:56.498,296.733,296.395,1.7,1.5
27.08.2021 04:49:57.684,296.733,296.454,1.7,0.37
27.08.2021 04:50:16.245,296.743,296.398,1.8,1.7
27.08.2021 04:50:20.672,296.743,296.454,1.5,0.37
27.08.2021 04:50:31.655,296.743,296.454,1.7,0.37
27.08.2021 04:50:49.373,296.743,296.454,1.7,0.37
27.08.2021 04:50:52.670,296.743,296.454,1.7,0.37
27.08.2021 04:50:55.138,296.743,296.454,1.7,0.37
27.08.2021 04:51:04.337,296.754,296.464,0.7,0.37
27.08.2021 04:53:06.036,296.753,296.464,1.7,0.37
27.08.2021 04:53:06.220,296.753,296.464,1.7,0.37
27.08.2021 04:53:31.465,296.753,296.464,1.7,0.37
27.08.2021 04:53:34.204,296.753,296.47400000000005,1.7,0.37
27.08.2021 04:54:17.833,296.763,296.464,1.8,0.37
27.08.2021 04:54:29.165,296.763,296.47400000000005,1.5,0.37
27.08.2021 04:54:33.114,296.763,296.47400000000005,1.7,0.37
27.08.2021 04:54:45.126,296.763,296.47400000000005,1.7,0.37
27.08.2021 04:55:29.040,296.763,296.48400000000004,1.7,0.37
