Gmt time,Ask,Bid,AskVolume,BidVolume
19.08.2021 00:00:00.067,299.656,299.208,0.77,1.2
19.08.2021 00:00:00.331,299.656,299.208,0.57,1.2
19.08.2021 00:00:00.664,299.646,299.19,0.57,1.2
19.08.2021 00:00:00.715,299.646,299.188,0.57,1.2
19.08.2021 00:00:00.865,299.646,299.188,0.57,1.2
19.08.2021 00:00:00.916,299.646,299.188,0.57,1.2
19.08.2021 00:00:01.150,299.646,299.188,0.57,1.2
19.08.2021 00:00:01.259,299.646,299.188,0.57,1.2
19.08.2021 00:00:01.490,299.646,299.182,0.57,1.2
19.08.2021 00:00:01.590,299.646,299.16200000000003,0.57,1.5
19.08.2021 00:00:01.640,299.646,299.16200000000003,0.57,1.5
19.08.2021 00:00:01.741,299.646,299.16200000000003,0.57,1.5
19.08.2021 00:00:02.262,299.646,299.188,0.57,1.2
19.08.2021 00:00:02.741,299.646,299.188,0.57,1.2
19.08.2021 00:00:03.397,299.656,299.188,0.57,1.2
19.08.2021 00:00:04.002,299.646,299.188,0.57,1.2
19.08.2021 00:00:04.615,299.656,299.188,0.57,1.2
19.08.2021 00:00:07.599,299.646,299.188,0.57,1.2
19.08.2021 00:00:07.902,299.646,299.188,0.57,1.2
19.08.2021 00:00:08.003,299.66200000000003,299.188,1.79,1.2
19.08.2021 00:00:08.469,299.66200000000003,299.188,2.54,1.2
19.08.2021 00:00:08.728,299.66200000000003,299.188,2.54,1.2
19.08.2021 00:00:08.879,299.66200000000003,299.188,2.54,1.2
19.08.2021 00:00:08.979,299.66200000000003,299.168,2.54,1.7
19.08.2021 00:00:09.030,299.613,299.168,1.3,1.7
19.08.2021 00:00:09.080,299.606,299.168,0.57,1.7
19.08.2021 00:00:11.484,299.606,299.168,0.57,1.7
19.08.2021 00:00:12.617,299.606,299.168,0.57,1.7
19.08.2021 00:00:13.322,299.606,299.168,0.57,1.7
19.08.2021 00:00:13.373,299.66200000000003,299.168,2.54,1.7
19.08.2021 00:00:13.423,299.66200000000003,299.168,2.46,1.7
19.08.2021 00:00:13.473,299.66200000000003,299.168,2.54,1.7
19.08.2021 00:00:13.629,299.616,299.168,0.57,1.7
19.08.2021 00:00:13.729,299.616,299.168,0.57,1.7
19.08.2021 00:00:13.985,299.616,299.188,0.57,1.2
19.08.2021 00:00:14.146,299.616,299.188,0.57,1.2
19.08.2021 00:00:16.169,299.608,299.188,0.7,1.7
19.08.2021 00:00:21.660,299.606,299.188,0.95,1.7
19.08.2021 00:00:21.761,299.59700000000004,299.204,1.12,1
19.08.2021 00:00:21.862,299.606,299.199,0.7,1.85
19.08.2021 00:00:21.913,299.606,299.208,0.7,1.22
19.08.2021 00:00:22.318,299.603,299.188,0.85,1.5
19.08.2021 00:00:22.520,299.603,299.19599999999997,0.85,1
19.08.2021 00:00:23.506,299.59000000000003,299.189,1,1.35
19.08.2021 00:00:23.697,299.59900000000005,299.192,0.89,1.22
19.08.2021 00:00:23.898,299.588,299.244,1.12,0.37
19.08.2021 00:00:24.099,299.596,299.194,0.7,1.22
19.08.2021 00:00:24.250,299.585,299.202,1.12,1.12
19.08.2021 00:00:24.451,299.585,299.202,1.12,1.12
19.08.2021 00:00:24.501,299.585,299.202,1.12,1.12
19.08.2021 00:00:24.701,299.591,299.188,1.12,1.7
19.08.2021 00:00:24.802,299.596,299.199,0.7,1.22
19.08.2021 00:00:24.953,299.598,299.19,1.12,1.75
19.08.2021 00:00:26.757,299.598,299.194,0.7,1.22
19.08.2021 00:00:26.962,299.589,299.202,1.12,1.12
19.08.2021 00:00:27.167,299.526,299.194,0.37,1.22
19.08.2021 00:00:27.410,299.572,299.19599999999997,1.12,1.12
19.08.2021 00:00:32.220,299.583,299.208,1.12,1.25
19.08.2021 00:00:35.480,299.583,299.208,1.12,1.25
19.08.2021 00:00:37.579,299.583,299.205,1.12,1.25
19.08.2021 00:00:37.781,299.586,299.205,1.12,1.25
19.08.2021 00:00:38.136,299.603,299.22200000000004,1.12,1.25
19.08.2021 00:00:54.373,299.60200000000003,299.223,1.12,1.25
19.08.2021 00:01:00.859,299.596,299.23400000000004,1.35,1.25
19.08.2021 00:01:01.834,299.596,299.238,1.57,1.25
19.08.2021 00:01:02.031,299.596,299.24,1.35,1.25
19.08.2021 00:01:06.477,299.593,299.21500000000003,0.85,1.25
19.08.2021 00:01:11.192,299.595,299.216,0.85,1.25
19.08.2021 00:01:11.399,299.595,299.21700000000004,0.85,1.25
19.08.2021 00:01:12.089,299.593,299.21500000000003,0.85,1.25
19.08.2021 00:01:27.794,299.591,299.21500000000003,1.12,1.25
19.08.2021 00:01:30.241,299.60400000000004,299.231,1.12,1.12
19.08.2021 00:02:01.819,299.605,299.22400000000005,1.12,1.25
19.08.2021 00:02:38.868,299.606,299.23,1.12,1.25
19.08.2021 00:02:46.192,299.606,299.237,1.12,1.25
19.08.2021 00:02:47.253,299.621,299.244,1.12,1.25
19.08.2021 00:02:47.477,299.621,299.244,1.12,1.25
19.08.2021 00:02:48.050,299.625,299.244,1.5,1.25
19.08.2021 00:02:54.021,299.631,299.254,1.12,1.25
19.08.2021 00:02:54.265,299.631,299.254,1.12,1.25
19.08.2021 00:02:55.273,299.631,299.257,1.12,1.25
19.08.2021 00:02:58.387,299.61,299.274,1,1
19.08.2021 00:03:01.231,299.611,299.27500000000003,1,1
19.08.2021 00:03:02.035,299.61400000000003,299.278,1,1
19.08.2021 00:03:06.294,299.612,299.276,1,1
19.08.2021 00:03:09.044,299.613,299.277,1,1
19.08.2021 00:03:09.501,299.61400000000003,299.279,1,1
19.08.2021 00:03:11.538,299.613,299.277,1,1
19.08.2021 00:03:11.589,299.611,299.27500000000003,1,1
19.08.2021 00:03:23.069,299.629,299.248,1.12,1.25
19.08.2021 00:03:27.701,299.629,299.248,1.12,1.25
19.08.2021 00:03:33.274,299.629,299.248,1.12,1.25
19.08.2021 00:03:39.889,299.63599999999997,299.257,1.12,1.25
19.08.2021 00:03:39.939,299.63,299.251,1.12,1.25
19.08.2021 00:03:43.101,299.63599999999997,299.257,1.12,1.25
19.08.2021 00:04:12.745,299.641,299.262,1.12,1.25
19.08.2021 00:04:50.983,299.65500000000003,299.27500000000003,1.12,1.25
19.08.2021 00:05:48.795,299.652,299.274,1.12,1.75
19.08.2021 00:05:50.951,299.652,299.274,1.12,1.75
19.08.2021 00:05:54.402,299.654,299.27500000000003,1.12,1.25
19.08.2021 00:05:57.116,299.645,299.288,1.25,1.25
19.08.2021 00:06:00.370,299.639,299.28200000000004,1.35,1.25
19.08.2021 00:06:09.514,299.635,299.255,1.12,1.25
19.08.2021 00:06:09.788,299.63599999999997,299.257,1.12,1.25
19.08.2021 00:06:13.168,299.63599999999997,299.257,1.12,1.25
19.08.2021 00:06:26.099,299.626,299.247,1.12,1.25
19.08.2021 00:06:27.258,299.62,299.235,1.5,1.75
19.08.2021 00:06:30.240,299.612,299.235,1.12,1.75
19.08.2021 00:06:30.353,299.615,299.236,1.12,1.25
19.08.2021 00:07:01.899,299.607,299.22700000000003,0.97,1.25
19.08.2021 00:07:06.397,299.584,299.21,1.12,1.25
19.08.2021 00:07:07.837,299.584,299.21,1.12,1.25
19.08.2021 00:07:21.689,299.59000000000003,299.238,1.25,1.25
19.08.2021 00:07:21.940,299.612,299.252,1.75,1.25
19.08.2021 00:07:24.858,299.608,299.252,1.25,1.25
19.08.2021 00:07:43.239,299.61,299.257,1.25,1.25
19.08.2021 00:07:44.054,299.612,299.264,1.75,1.25
19.08.2021 00:08:02.774,299.612,299.242,1.5,1.25
19.08.2021 00:08:06.838,299.611,299.242,1.12,1.25
19.08.2021 00:08:07.242,299.605,299.242,1.12,1.25
19.08.2021 00:08:13.736,299.605,299.242,1.12,1.25
19.08.2021 00:08:13.936,299.612,299.256,1.75,1.25
19.08.2021 00:08:34.354,299.615,299.242,1.12,1.25
19.08.2021 00:08:45.888,299.60900000000004,299.242,1.12,1.25
19.08.2021 00:08:49.497,299.612,299.237,1.12,1.25
19.08.2021 00:08:51.622,299.61,299.235,1.12,1.25
19.08.2021 00:09:01.705,299.611,299.236,1.12,1.25
19.08.2021 00:09:01.878,299.615,299.238,1.12,1.75
19.08.2021 00:09:01.929,299.615,299.247,1.12,1.25
19.08.2021 00:09:02.088,299.626,299.24,1.12,1.75
19.08.2021 00:09:02.189,299.626,299.252,1.12,1.25
19.08.2021 00:09:02.355,299.633,299.252,1.12,1.25
19.08.2021 00:09:03.717,299.642,299.267,1.12,1.25
19.08.2021 00:09:19.392,299.644,299.273,1.12,1.75
19.08.2021 00:09:33.671,299.66200000000003,299.276,1.12,1.25
19.08.2021 00:09:47.496,299.646,299.276,1.12,1.25
19.08.2021 00:09:48.241,299.646,299.271,1.12,1.75
19.08.2021 00:09:53.064,299.651,299.271,1.12,1.25
19.08.2021 00:09:53.264,299.651,299.271,1.12,1.25
19.08.2021 00:10:09.967,299.646,299.271,1.12,1.25
19.08.2021 00:10:31.546,299.648,299.301,1.25,1.25
19.08.2021 00:10:34.826,299.651,299.303,1.25,1.25
19.08.2021 00:10:42.902,299.651,299.281,1.12,1.25
19.08.2021 00:10:43.815,299.651,299.281,1.12,1.25
19.08.2021 00:11:05.672,299.666,299.28700000000003,1.12,1.25
19.08.2021 00:11:06.042,299.665,299.29,1.12,1.25
19.08.2021 00:11:08.492,299.66400000000004,299.28900000000004,1.12,1.25
19.08.2021 00:11:25.973,299.66400000000004,299.28900000000004,1.12,1.25
19.08.2021 00:11:32.916,299.67,299.295,1.5,1.25
19.08.2021 00:11:33.677,299.682,299.307,1.12,1.25
19.08.2021 00:11:40.713,299.682,299.307,1.12,1.75
19.08.2021 00:11:57.875,299.704,299.329,1.5,1.25
19.08.2021 00:12:00.790,299.706,299.331,1.12,1.25
19.08.2021 00:12:10.113,299.726,299.333,1.5,1.75
19.08.2021 00:12:12.389,299.726,299.378,1.75,1.25
19.08.2021 00:12:13.329,299.726,299.35400000000004,1.5,1.25
19.08.2021 00:12:14.920,299.726,299.356,1.5,1.25
19.08.2021 00:12:15.930,299.73900000000003,299.361,1.5,1.25
19.08.2021 00:12:16.135,299.73900000000003,299.361,1.5,1.25
19.08.2021 00:12:16.539,299.73900000000003,299.361,1.5,1.25
19.08.2021 00:12:16.739,299.73400000000004,299.361,1.12,1.25
19.08.2021 00:12:19.343,299.73400000000004,299.361,1.12,1.25
19.08.2021 00:12:19.796,299.73400000000004,299.361,1.12,1.25
19.08.2021 00:12:20.066,299.736,299.361,1.12,1.25
19.08.2021 00:12:32.317,299.736,299.361,1.12,1.25
19.08.2021 00:12:33.770,299.72200000000004,299.361,1.12,1.25
19.08.2021 00:12:38.490,299.72200000000004,299.344,1.12,1.25
19.08.2021 00:12:38.728,299.71,299.344,1.12,1.25
19.08.2021 00:12:45.949,299.691,299.361,1,1
19.08.2021 00:12:46.157,299.697,299.367,1,1
19.08.2021 00:12:46.354,299.698,299.368,1,1
19.08.2021 00:12:46.921,299.69599999999997,299.366,1,1
19.08.2021 00:12:49.474,299.7,299.37,1,1
19.08.2021 00:12:49.675,299.703,299.373,1,1
19.08.2021 00:12:58.602,299.726,299.355,1.5,1.25
19.08.2021 00:13:01.744,299.72,299.345,1.12,1.25
19.08.2021 00:13:04.841,299.72,299.345,1.12,1.25
19.08.2021 00:13:16.127,299.726,299.357,1.5,1.25
19.08.2021 00:13:21.596,299.745,299.363,1.5,1.25
19.08.2021 00:13:23.849,299.736,299.363,1.12,1.25
19.08.2021 00:13:28.303,299.732,299.363,1.12,1.25
19.08.2021 00:13:31.807,299.708,299.378,1,1
19.08.2021 00:13:32.294,299.706,299.376,1,1
19.08.2021 00:13:32.407,299.708,299.378,1,1
19.08.2021 00:13:32.508,299.706,299.376,1,1
19.08.2021 00:13:35.732,299.72700000000003,299.363,1.12,1.25
19.08.2021 00:13:36.088,299.745,299.363,1.5,1.25
19.08.2021 00:13:36.289,299.745,299.363,1.5,1.25
19.08.2021 00:13:58.758,299.733,299.363,1.12,1.25
19.08.2021 00:13:59.364,299.712,299.382,1,1
19.08.2021 00:14:13.640,299.737,299.363,1.12,1.25
19.08.2021 00:14:14.229,299.735,299.363,1.12,1.25
19.08.2021 00:14:28.980,299.741,299.358,1.5,1.25
19.08.2021 00:14:29.183,299.737,299.362,1.12,1.25
19.08.2021 00:14:30.374,299.737,299.362,1.12,1.25
19.08.2021 00:14:31.301,299.741,299.358,1.5,1.25
19.08.2021 00:14:31.789,299.73400000000004,299.35900000000004,1.12,1.25
19.08.2021 00:14:33.292,299.741,299.368,1.5,1.25
19.08.2021 00:14:51.299,299.723,299.393,1,1
19.08.2021 00:15:01.633,299.741,299.371,1.5,1.25
19.08.2021 00:15:06.050,299.735,299.358,1.12,1.25
19.08.2021 00:15:13.539,299.741,299.358,1.5,1.25
19.08.2021 00:15:13.935,299.726,299.358,1.12,1.25
19.08.2021 00:15:52.109,299.726,299.35400000000004,1.12,1.25
19.08.2021 00:16:09.414,299.723,299.35400000000004,1.12,1.25
19.08.2021 00:16:09.986,299.73,299.355,1.12,1.25
19.08.2021 00:16:14.596,299.736,299.358,1.5,1.75
19.08.2021 00:16:26.088,299.754,299.392,1.12,1.25
19.08.2021 00:16:26.751,299.754,299.392,1.12,1.25
19.08.2021 00:16:27.000,299.754,299.384,1.12,1.25
19.08.2021 00:16:30.854,299.76,299.385,0.87,1.25
19.08.2021 00:16:31.055,299.716,299.385,0.37,1.25
19.08.2021 00:16:36.438,299.76,299.384,0.7,1.35
19.08.2021 00:16:37.866,299.809,299.384,2.51,1.35
19.08.2021 00:17:13.968,299.762,299.388,1.25,1.25
19.08.2021 00:17:15.178,299.773,299.41200000000003,1.75,0.69
19.08.2021 00:17:34.737,299.772,299.41200000000003,1.5,0.69
19.08.2021 00:17:34.938,299.759,299.384,1.12,1.25
19.08.2021 00:17:52.727,299.736,299.406,1.25,0.69
19.08.2021 00:17:52.882,299.741,299.389,1.25,1.25
19.08.2021 00:17:59.484,299.73400000000004,299.40500000000003,1,1
19.08.2021 00:17:59.646,299.73400000000004,299.40500000000003,1.25,0.69
19.08.2021 00:18:21.137,299.69599999999997,299.434,0.37,0.37
19.08.2021 00:18:22.940,299.758,299.35400000000004,1.5,1.75
19.08.2021 00:18:23.753,299.743,299.368,1.12,1.25
19.08.2021 00:18:27.231,299.74,299.365,1.25,1.25
19.08.2021 00:18:28.294,299.74,299.365,1.25,1.25
19.08.2021 00:18:55.183,299.744,299.331,1.5,1.75
19.08.2021 00:18:58.899,299.737,299.348,1.5,1.75
19.08.2021 00:19:06.307,299.72700000000003,299.35200000000003,1.12,1.25
19.08.2021 00:19:06.508,299.748,299.348,1.75,1.75
19.08.2021 00:19:26.476,299.743,299.368,1.12,1.75
19.08.2021 00:19:37.662,299.763,299.368,1.75,1.75
19.08.2021 00:19:37.864,299.78000000000003,299.388,1.75,1.75
19.08.2021 00:19:38.252,299.78000000000003,299.398,1.75,1.75
19.08.2021 00:19:42.204,299.78000000000003,299.398,1.75,1.75
19.08.2021 00:19:45.052,299.77,299.398,1.25,1.75
19.08.2021 00:19:45.260,299.779,299.404,1.25,1.25
19.08.2021 00:19:47.250,299.78000000000003,299.398,1.75,1.75
19.08.2021 00:20:02.947,299.8,299.398,1.5,1.75
19.08.2021 00:20:03.682,299.802,299.418,1.5,1.75
19.08.2021 00:20:03.884,299.80400000000003,299.418,1.5,1.75
19.08.2021 00:22:01.230,299.795,299.42,1.25,1.25
19.08.2021 00:22:02.332,299.807,299.408,1.75,1.75
19.08.2021 00:22:03.732,299.808,299.433,1.25,1.25
19.08.2021 00:22:12.877,299.817,299.438,1.75,1.75
19.08.2021 00:22:13.082,299.848,299.458,1.5,1.75
19.08.2021 00:22:13.239,299.844,299.458,1.5,1.75
19.08.2021 00:22:13.794,299.837,299.438,1.5,1.75
19.08.2021 00:22:17.737,299.82599999999996,299.438,1.5,1.75
19.08.2021 00:22:17.939,299.817,299.442,1.12,1.25
19.08.2021 00:22:25.735,299.82099999999997,299.44599999999997,1.12,1.25
19.08.2021 00:22:27.813,299.805,299.453,1.25,1.25
19.08.2021 00:22:30.313,299.817,299.45099999999996,2.62,1.25
19.08.2021 00:22:43.263,299.834,299.438,1.5,1.75
19.08.2021 00:22:44.839,299.831,299.456,1.12,1.25
19.08.2021 00:22:51.139,299.84000000000003,299.46500000000003,1.12,1.25
19.08.2021 00:22:52.778,299.84200000000004,299.46700000000004,1.12,1.25
19.08.2021 00:22:53.123,299.853,299.458,1.75,1.75
19.08.2021 00:22:53.391,299.86,299.485,1.25,1.25
19.08.2021 00:22:53.614,299.868,299.469,1.75,1.75
19.08.2021 00:22:54.336,299.873,299.469,1.75,1.75
19.08.2021 00:22:56.868,299.861,299.486,1.25,1.25
19.08.2021 00:22:58.028,299.861,299.486,1.25,1.25
19.08.2021 00:23:02.014,299.857,299.482,1.25,1.25
19.08.2021 00:23:02.216,299.857,299.482,1.25,1.25
19.08.2021 00:23:21.474,299.87,299.469,1.5,1.75
19.08.2021 00:23:23.363,299.86,299.485,1.25,1.25
19.08.2021 00:23:24.265,299.86400000000003,299.48900000000003,1.25,1.25
19.08.2021 00:23:31.330,299.866,299.491,1.25,1.25
19.08.2021 00:23:31.734,299.848,299.496,1.25,1.25
19.08.2021 00:23:37.679,299.89,299.498,1.75,1.75
19.08.2021 00:23:40.567,299.897,299.498,1.75,1.75
19.08.2021 00:23:40.741,299.902,299.498,1.75,1.75
19.08.2021 00:23:40.791,299.902,299.498,1.75,1.75
19.08.2021 00:23:41.043,299.90700000000004,299.518,1.75,1.75
19.08.2021 00:23:44.265,299.894,299.498,1.75,1.75
19.08.2021 00:23:46.218,299.894,299.498,1.75,1.75
19.08.2021 00:23:46.429,299.883,299.508,1.25,1.25
19.08.2021 00:24:14.471,299.903,299.498,1.75,1.75
19.08.2021 00:24:14.722,299.901,299.518,1.75,1.75
19.08.2021 00:24:15.126,299.91,299.518,1.5,1.75
19.08.2021 00:24:22.161,299.90000000000003,299.52500000000003,1.12,1.25
19.08.2021 00:24:28.002,299.903,299.527,1.25,1.25
19.08.2021 00:24:28.923,299.918,299.528,1.75,1.75
19.08.2021 00:24:29.740,299.91,299.535,1.25,1.25
19.08.2021 00:24:38.169,299.896,299.53900000000004,1.25,1.25
19.08.2021 00:24:43.094,299.893,299.563,1,1
19.08.2021 00:24:43.385,299.89,299.538,1.25,1.75
19.08.2021 00:24:58.808,299.915,299.54,1.25,1.25
19.08.2021 00:24:59.251,299.918,299.543,1.12,1.25
19.08.2021 00:25:02.103,299.926,299.543,1.12,1.25
19.08.2021 00:25:02.307,299.899,299.538,1.25,1.75
19.08.2021 00:25:02.496,299.898,299.538,1.25,1.75
19.08.2021 00:25:02.716,299.897,299.538,1.25,1.75
19.08.2021 00:25:04.865,299.894,299.538,1.25,1.75
19.08.2021 00:25:05.079,299.897,299.538,1.25,1.75
19.08.2021 00:25:06.278,299.895,299.543,1.25,1.25
19.08.2021 00:25:06.328,299.91,299.58,1,1
19.08.2021 00:25:07.213,299.945,299.568,1.5,1.75
19.08.2021 00:25:07.263,299.956,299.568,1.5,1.75
19.08.2021 00:25:07.364,299.97200000000004,299.578,1.5,1.75
19.08.2021 00:25:07.571,299.973,299.578,1.5,1.75
19.08.2021 00:25:07.769,299.973,299.578,1.75,1.75
19.08.2021 00:25:08.258,299.973,299.578,1.75,1.75
19.08.2021 00:25:08.379,299.978,299.588,1.75,1.75
19.08.2021 00:25:09.385,299.97400000000005,299.596,1.25,1.25
19.08.2021 00:25:09.846,299.973,299.578,1.75,1.75
19.08.2021 00:25:11.260,299.96,299.585,1.25,1.25
19.08.2021 00:25:13.048,299.96,299.568,1.75,1.75
19.08.2021 00:25:14.002,299.949,299.574,1.25,1.25
19.08.2021 00:25:15.813,299.949,299.574,1.25,1.25
19.08.2021 00:25:16.452,299.963,299.568,1.75,1.75
19.08.2021 00:25:18.630,299.954,299.578,1.25,1.25
19.08.2021 00:25:19.022,299.958,299.582,1.25,1.25
19.08.2021 00:25:20.249,299.954,299.579,1.25,1.25
19.08.2021 00:25:20.619,299.969,299.568,1.75,1.75
19.08.2021 00:25:20.669,299.969,299.594,1.25,1.25
19.08.2021 00:25:20.820,299.98,299.588,1.75,1.75
19.08.2021 00:25:24.227,299.976,299.601,1.25,1.25
19.08.2021 00:25:25.285,299.991,299.598,1.75,1.75
19.08.2021 00:25:26.772,299.985,299.61,1.25,1.25
19.08.2021 00:25:27.575,299.991,299.618,1.75,1.75
19.08.2021 00:25:28.118,300.012,299.61,1.5,1.75
19.08.2021 00:25:28.219,300.004,299.629,1.12,1.25
19.08.2021 00:25:30.119,299.999,299.624,1.12,1.25
19.08.2021 00:25:30.674,300.002,299.627,1.12,1.25
19.08.2021 00:25:30.825,300.009,299.634,1.5,1.25
19.08.2021 00:25:31.610,300.012,299.618,1.5,1.75
19.08.2021 00:25:33.952,300.01,299.635,1.12,1.25
19.08.2021 00:25:35.462,300.01,299.635,1.12,1.25
19.08.2021 00:25:38.800,300.059,299.648,1.75,2.25
19.08.2021 00:25:38.901,300.052,299.706,1.75,0.69
19.08.2021 00:25:39.059,300.068,299.67400000000004,1.75,1.75
19.08.2021 00:25:39.202,300.068,299.67400000000004,1.75,1.75
19.08.2021 00:25:39.478,300.068,299.67400000000004,1.75,1.75
19.08.2021 00:25:39.614,300.066,299.688,1.25,1.25
19.08.2021 00:25:40.325,300.066,299.67400000000004,1.75,1.75
19.08.2021 00:25:40.375,300.055,299.677,1.25,1.25
19.08.2021 00:25:40.513,300.053,299.675,1.25,1.25
19.08.2021 00:25:42.071,300.043,299.665,1.25,1.25
19.08.2021 00:25:42.223,300.056,299.658,1.75,1.75
19.08.2021 00:25:43.592,300.069,299.668,1.5,1.75
19.08.2021 00:25:43.747,300.069,299.668,1.75,1.75
19.08.2021 00:25:44.309,300.07099999999997,299.668,1.75,1.75
19.08.2021 00:25:44.360,300.063,299.685,1.12,1.25
19.08.2021 00:25:44.522,300.074,299.678,1.75,1.75
19.08.2021 00:25:46.042,300.078,299.694,1.25,1.25
19.08.2021 00:25:46.243,300.089,299.698,1.75,1.75
19.08.2021 00:25:46.294,300.091,299.698,1.75,1.75
19.08.2021 00:25:48.266,300.087,299.698,1.75,1.75
19.08.2021 00:25:48.855,300.078,299.698,1.25,1.75
19.08.2021 00:25:50.161,300.078,299.697,1.25,1.25
19.08.2021 00:25:50.314,300.088,299.698,1.75,1.75
19.08.2021 00:25:51.726,300.079,299.66700000000003,1.75,1.75
19.08.2021 00:25:51.978,300.058,299.685,1.12,1.25
19.08.2021 00:25:52.193,300.064,299.683,1.25,1.25
19.08.2021 00:25:55.338,300.065,299.685,1.12,1.25
19.08.2021 00:25:56.786,300.07099999999997,299.668,1.5,1.75
19.08.2021 00:25:56.938,300.074,299.668,1.75,1.75
19.08.2021 00:25:58.778,300.073,299.678,1.5,1.75
19.08.2021 00:25:59.845,300.077,299.678,1.75,1.75
19.08.2021 00:26:01.060,300.063,299.688,1.25,1.75
19.08.2021 00:26:01.298,300.063,299.688,1.25,1.75
19.08.2021 00:26:01.399,300.057,299.677,1.25,1.25
19.08.2021 00:26:01.929,300.062,299.693,1.75,1.12
19.08.2021 00:26:02.354,300.068,299.697,1.75,1.12
19.08.2021 00:26:02.561,300.065,299.668,1.75,1.75
19.08.2021 00:26:03.038,300.065,299.718,1.75,0.69
19.08.2021 00:26:03.239,300.072,299.72700000000003,1.75,0.69
19.08.2021 00:26:03.289,300.072,299.688,1.75,1.5
19.08.2021 00:26:05.743,300.083,299.716,1.95,1.12
19.08.2021 00:26:07.090,300.094,299.698,1.5,1.75
19.08.2021 00:26:07.292,300.091,299.698,1.75,1.75
19.08.2021 00:26:07.690,300.085,299.71500000000003,1.5,1.12
19.08.2021 00:26:08.361,300.081,299.716,1.75,1.12
19.08.2021 00:26:09.228,300.087,299.721,1.75,1.12
19.08.2021 00:26:09.909,300.088,299.698,1.75,1.75
19.08.2021 00:26:10.472,300.09000000000003,299.72200000000004,1.75,1.12
19.08.2021 00:26:11.206,300.085,299.719,1.75,1.12
19.08.2021 00:26:11.407,300.073,299.678,1.75,1.75
19.08.2021 00:26:11.604,300.073,299.705,1.75,1.25
19.08.2021 00:26:12.995,300.073,299.705,1.75,1.25
19.08.2021 00:26:13.368,300.077,299.732,1.5,0.69
19.08.2021 00:26:15.028,300.083,299.714,1.75,1.12
19.08.2021 00:26:17.007,300.075,299.697,1.25,1.25
19.08.2021 00:26:19.576,300.075,299.66700000000003,1.75,1.25
19.08.2021 00:26:19.626,300.069,299.692,1.12,1.25
19.08.2021 00:26:19.777,300.08,299.71700000000004,1.75,0.69
19.08.2021 00:26:24.381,300.074,299.69599999999997,1.25,1.25
19.08.2021 00:26:31.850,300.072,299.718,1.25,1.25
19.08.2021 00:26:32.458,300.072,299.716,1.25,1.25
19.08.2021 00:26:34.877,300.075,299.713,1.75,1.06
19.08.2021 00:26:35.575,300.08,299.71700000000004,1.75,1.06
19.08.2021 00:26:37.330,300.066,299.71,1.25,1.25
19.08.2021 00:26:39.019,300.063,299.707,1.25,1.25
19.08.2021 00:26:40.095,300.063,299.685,1.12,1.25
19.08.2021 00:26:40.392,300.063,299.685,1.12,1.25
19.08.2021 00:26:40.783,300.063,299.685,1.12,1.25
19.08.2021 00:26:41.186,300.062,299.685,1.12,1.25
19.08.2021 00:26:41.356,300.073,299.712,1.75,0.69
19.08.2021 00:26:41.564,300.081,299.718,1.75,0.69
19.08.2021 00:26:42.231,300.089,299.72700000000003,1.5,0.69
19.08.2021 00:26:43.470,300.093,299.73,1.75,0.69
19.08.2021 00:26:44.874,300.101,299.738,1.75,0.69
19.08.2021 00:26:45.787,300.10200000000003,299.738,1.75,0.69
19.08.2021 00:26:46.091,300.1,299.737,1.75,0.69
19.08.2021 00:26:48.745,300.093,299.731,1.75,0.69
19.08.2021 00:26:50.121,300.086,299.71,1.12,1.25
19.08.2021 00:26:53.775,300.086,299.71,1.12,1.25
19.08.2021 00:26:53.953,300.09000000000003,299.72900000000004,1.5,0.69
19.08.2021 00:26:54.643,300.074,299.699,1.12,1.25
19.08.2021 00:26:56.936,300.07599999999996,299.665,1.5,1.75
19.08.2021 00:26:57.154,300.065,299.712,1.25,1.25
19.08.2021 00:26:58.832,300.069,299.703,1.75,1.06
19.08.2021 00:27:00.359,300.048,299.672,1.25,1.25
19.08.2021 00:27:04.393,300.053,299.637,1.75,1.75
19.08.2021 00:27:05.738,300.035,299.65900000000005,1.25,1.25
19.08.2021 00:27:14.098,300.035,299.672,1.75,0.69
19.08.2021 00:27:14.299,300.035,299.66700000000003,1.5,1.12
19.08.2021 00:27:14.501,300.033,299.665,1.5,1.12
19.08.2021 00:27:15.071,300.024,299.665,1.5,1.25
19.08.2021 00:27:15.175,300.024,299.665,1.5,1.25
19.08.2021 00:27:18.163,300.022,299.658,1.75,1.25
19.08.2021 00:27:21.635,300.031,299.685,1.75,0.69
19.08.2021 00:27:32.811,300.019,299.66700000000003,1.25,1.12
19.08.2021 00:27:35.596,300.031,299.663,1.5,1.12
19.08.2021 00:27:38.927,300.031,299.7,1.44,0.69
19.08.2021 00:27:39.128,300.053,299.71,1.5,0.69
19.08.2021 00:27:39.295,300.053,299.71,1.75,0.69
19.08.2021 00:27:41.719,300.051,299.67900000000003,1.75,1.25
19.08.2021 00:27:42.048,300.043,299.666,1.95,1.75
19.08.2021 00:27:42.228,300.043,299.678,1.95,1.25
19.08.2021 00:27:44.119,300.043,299.695,1.7,1.25
19.08.2021 00:27:44.870,300.043,299.67900000000003,1.95,1.25
19.08.2021 00:27:54.137,300.033,299.673,1.95,1.25
19.08.2021 00:27:54.579,300.033,299.675,1.65,1.25
19.08.2021 00:28:02.395,300.043,299.681,1.65,1.25
19.08.2021 00:28:03.524,300.043,299.681,1.65,1.25
19.08.2021 00:28:11.404,300.043,299.68,1.65,1.25
19.08.2021 00:28:11.606,300.033,299.673,1.75,1.25
19.08.2021 00:28:11.807,300.033,299.665,1.75,1.25
19.08.2021 00:28:12.010,300.033,299.647,1.95,1.75
19.08.2021 00:28:16.138,300.043,299.672,1.75,1.25
19.08.2021 00:28:16.295,300.041,299.666,1.25,1.75
19.08.2021 00:28:18.425,300.013,299.652,1.65,1.25
19.08.2021 00:28:24.098,300.013,299.635,1.65,1.75
19.08.2021 00:28:24.257,300.013,299.638,1.65,1.75
19.08.2021 00:28:31.419,300.033,299.666,1.75,1.25
19.08.2021 00:28:32.175,300.033,299.66400000000004,1.5,1.25
19.08.2021 00:28:57.398,300.013,299.652,1.95,1.25
19.08.2021 00:28:59.320,300.013,299.652,1.95,1.25
19.08.2021 00:29:08.040,300.004,299.652,1.25,1.25
19.08.2021 00:29:08.253,300.013,299.652,1.65,1.25
19.08.2021 00:29:12.489,300.013,299.652,1.95,1.25
19.08.2021 00:29:12.900,300.013,299.65000000000003,1.95,1.25
19.08.2021 00:29:41.535,300.023,299.635,1.95,1.75
19.08.2021 00:29:41.692,300.023,299.64,1.95,1.75
19.08.2021 00:29:45.996,300.023,299.66,1.95,1.25
19.08.2021 00:29:48.745,300.023,299.65500000000003,1.5,1.25
19.08.2021 00:29:48.946,300.003,299.642,1.95,1.12
19.08.2021 00:29:49.349,300.003,299.638,1.75,1.25
19.08.2021 00:29:56.078,300.003,299.621,1.95,1.75
19.08.2021 00:29:56.523,300.003,299.623,1.95,1.75
19.08.2021 00:30:00.406,300.006,299.633,1.25,1.75
19.08.2021 00:30:05.385,300.023,299.66,1.65,1.25
19.08.2021 00:30:05.680,300.033,299.66200000000003,1.5,1.25
19.08.2021 00:30:05.908,300.033,299.649,1.75,1.75
19.08.2021 00:30:06.080,300.033,299.644,1.75,1.75
19.08.2021 00:30:07.959,300.033,299.647,1.95,1.75
19.08.2021 00:30:08.112,300.033,299.653,1.65,1.75
19.08.2021 00:30:10.813,300.031,299.65500000000003,1.25,1.25
19.08.2021 00:30:12.743,300.031,299.65500000000003,1.25,1.25
19.08.2021 00:30:14.758,300.02500000000003,299.653,1.25,1.75
19.08.2021 00:30:16.767,300.021,299.646,1.12,1.75
19.08.2021 00:30:19.994,300.033,299.67400000000004,1.95,1.12
19.08.2021 00:30:28.610,300.033,299.697,1.95,0.69
19.08.2021 00:30:34.974,300.033,299.675,1.95,1.12
19.08.2021 00:30:35.184,300.033,299.7,1.95,1.25
19.08.2021 00:30:40.198,300.033,299.66200000000003,1.5,1.25
19.08.2021 00:30:40.449,300.033,299.678,1.65,1.12
19.08.2021 00:30:46.088,300.033,299.647,1.65,1.75
19.08.2021 00:30:54.999,300.033,299.666,1.75,1.25
19.08.2021 00:30:55.200,300.021,299.645,1.25,1.25
19.08.2021 00:31:00.519,300.013,299.629,1.65,1.75
19.08.2021 00:31:10.566,300.013,299.628,1.65,1.75
19.08.2021 00:31:10.768,300.013,299.624,1.5,1.75
19.08.2021 00:31:12.252,300.003,299.648,1.65,1.25
19.08.2021 00:31:12.739,300.003,299.665,1.65,1.25
19.08.2021 00:31:12.941,300.003,299.639,1.95,1.25
19.08.2021 00:31:18.209,299.993,299.63599999999997,1.65,1.25
19.08.2021 00:31:20.335,299.993,299.63,1.65,1.25
19.08.2021 00:31:27.956,299.993,299.629,1.95,1.25
19.08.2021 00:31:28.110,299.993,299.629,1.95,1.25
19.08.2021 00:31:28.625,299.993,299.653,1.95,1.25
19.08.2021 00:31:30.738,299.993,299.63,1.95,1.25
19.08.2021 00:31:33.821,299.993,299.631,1.95,1.25
19.08.2021 00:31:35.529,299.993,299.631,1.95,1.25
19.08.2021 00:31:35.939,299.983,299.704,1.95,0.37
19.08.2021 00:31:36.101,299.983,299.624,1.65,1.25
19.08.2021 00:31:39.249,299.983,299.648,1.7,1.25
19.08.2021 00:31:39.431,299.983,299.648,1.7,1.35
19.08.2021 00:31:39.637,299.993,299.63,1.65,1.75
19.08.2021 00:31:44.345,300.003,299.624,1.95,1.75
19.08.2021 00:31:48.260,300.013,299.628,1.65,1.75
19.08.2021 00:31:52.089,300.023,299.65700000000004,1.5,1.25
19.08.2021 00:32:04.154,300.013,299.687,1.5,0.69
19.08.2021 00:32:05.071,300.023,299.653,1.5,1.25
19.08.2021 00:32:12.368,299.94599999999997,299.647,0.37,1.75
19.08.2021 00:32:12.525,300.013,299.649,1.95,1.25
19.08.2021 00:32:13.156,300.013,299.647,1.75,1.75
19.08.2021 00:32:13.543,300.013,299.647,1.75,1.75
19.08.2021 00:32:20.070,300.013,299.647,1.75,1.75
19.08.2021 00:32:20.271,300.013,299.647,1.75,1.75
19.08.2021 00:32:36.961,299.993,299.624,1.95,1.75
19.08.2021 00:32:52.660,299.993,299.634,1.65,1.25
19.08.2021 00:32:53.998,299.993,299.642,1.7,1.25
19.08.2021 00:33:04.595,299.993,299.642,1.7,1
19.08.2021 00:33:36.762,299.993,299.631,1.65,1.25
19.08.2021 00:33:49.536,299.993,299.632,1.95,1.25
19.08.2021 00:34:00.857,299.993,299.632,1.95,1.25
19.08.2021 00:34:05.891,299.993,299.631,1.65,1.25
19.08.2021 00:34:14.299,299.993,299.608,1.95,1.75
19.08.2021 00:34:15.900,299.993,299.608,1.95,1.75
19.08.2021 00:34:29.500,299.993,299.631,1.65,1.25
19.08.2021 00:34:39.319,299.993,299.635,1.65,1.25
19.08.2021 00:34:45.088,300.012,299.629,2.8,1.25
19.08.2021 00:34:45.289,299.999,299.613,1.65,1.75
19.08.2021 00:34:45.993,299.999,299.635,1.95,1.25
19.08.2021 00:34:47.781,299.999,299.613,1.95,1.75
19.08.2021 00:34:48.671,299.999,299.613,1.95,1.75
19.08.2021 00:34:50.654,300.01,299.605,2.8,1.75
19.08.2021 00:34:51.263,299.983,299.626,1.65,1.25
19.08.2021 00:35:08.474,299.993,299.647,1.75,1.25
19.08.2021 00:35:08.634,299.993,299.625,1.75,1.25
19.08.2021 00:35:09.130,299.973,299.643,1.75,1.25
19.08.2021 00:35:09.344,299.973,299.624,1.75,1.25
19.08.2021 00:35:13.633,299.971,299.613,1.75,1.25
19.08.2021 00:35:16.858,299.993,299.622,1.5,1.25
19.08.2021 00:35:17.060,299.993,299.62,1.5,1.25
19.08.2021 00:35:18.315,299.993,299.622,1.5,1.25
19.08.2021 00:35:18.521,299.98,299.623,1.75,1.25
19.08.2021 00:35:42.512,299.96700000000004,299.646,1.75,1.25
19.08.2021 00:35:42.926,299.96700000000004,299.63,1.75,1.75
19.08.2021 00:35:43.114,299.96700000000004,299.633,1.75,1.25
19.08.2021 00:35:44.619,299.985,299.628,1.75,1.25
19.08.2021 00:35:45.142,299.982,299.623,1.75,1.25
19.08.2021 00:35:45.762,299.982,299.626,1.75,1.25
19.08.2021 00:35:51.595,299.982,299.625,1.75,1.25
19.08.2021 00:35:52.266,299.982,299.62,1.75,1.25
19.08.2021 00:35:56.783,299.973,299.634,1.65,1.25
19.08.2021 00:35:56.941,299.973,299.60900000000004,1.65,1.25
19.08.2021 00:35:57.388,299.959,299.601,1.12,1.25
19.08.2021 00:35:57.629,299.963,299.603,1.65,1.25
19.08.2021 00:36:02.749,299.963,299.601,1.65,1.25
19.08.2021 00:36:08.704,299.947,299.59900000000005,1.75,1.25
19.08.2021 00:36:08.910,299.947,299.587,1.75,1.75
19.08.2021 00:36:21.135,299.947,299.59900000000005,1.75,1.25
19.08.2021 00:36:21.386,299.963,299.606,1.95,1.25
19.08.2021 00:36:25.649,299.963,299.587,1.65,1.75
19.08.2021 00:36:25.851,299.963,299.587,1.65,1.75
19.08.2021 00:36:28.471,299.963,299.607,1.59,1.25
19.08.2021 00:36:28.674,299.963,299.607,1.65,1.25
19.08.2021 00:36:29.108,299.963,299.607,1.59,1.25
19.08.2021 00:36:43.351,299.947,299.66400000000004,1.5,0.37
19.08.2021 00:36:44.082,299.947,299.607,1.75,1.25
19.08.2021 00:36:46.128,299.973,299.59000000000003,1.5,1.75
19.08.2021 00:37:13.585,299.947,299.585,1.75,1.75
19.08.2021 00:37:13.969,299.947,299.583,1.75,1.25
19.08.2021 00:37:26.039,299.957,299.579,1.12,1.25
19.08.2021 00:37:39.628,299.955,299.577,1.25,1.25
19.08.2021 00:37:42.943,299.955,299.577,1.25,1.25
19.08.2021 00:37:45.361,299.956,299.58,1.75,1.25
19.08.2021 00:37:46.060,299.954,299.577,1.05,1.25
19.08.2021 00:37:47.592,299.963,299.572,1.5,1.75
19.08.2021 00:37:54.637,299.963,299.6,1.8,1.35
19.08.2021 00:37:58.228,299.963,299.59700000000004,1.75,1.75
19.08.2021 00:37:58.458,299.962,299.59700000000004,1.16,1.75
19.08.2021 00:38:03.119,299.963,299.59700000000004,1.65,1.75
19.08.2021 00:38:05.214,299.962,299.59700000000004,1.05,1.75
19.08.2021 00:38:05.372,299.962,299.59700000000004,1.05,1.75
19.08.2021 00:38:13.745,299.962,299.59700000000004,1.15,1.75
19.08.2021 00:38:15.375,299.968,299.59700000000004,1.75,1.75
19.08.2021 00:38:16.084,299.983,299.59700000000004,1.5,1.75
19.08.2021 00:38:18.721,299.978,299.6,1.12,1.25
19.08.2021 00:38:26.073,299.983,299.61400000000003,1.5,1.75
19.08.2021 00:38:26.228,299.983,299.61400000000003,1.75,1.75
19.08.2021 00:38:32.240,299.993,299.61400000000003,1.5,1.75
19.08.2021 00:38:32.397,299.993,299.61400000000003,1.75,1.75
19.08.2021 00:38:33.088,299.993,299.61400000000003,1.75,1.75
19.08.2021 00:38:33.289,299.986,299.61400000000003,1.12,1.75
19.08.2021 00:38:36.059,299.981,299.61400000000003,1.25,1.75
19.08.2021 00:38:38.053,299.975,299.61400000000003,1.12,1.75
19.08.2021 00:38:56.685,299.973,299.61400000000003,1.5,1.75
19.08.2021 00:38:56.785,299.993,299.61400000000003,1.5,1.75
19.08.2021 00:38:56.936,299.988,299.61400000000003,0.97,1.75
19.08.2021 00:38:58.961,299.987,299.61400000000003,0.97,1.75
19.08.2021 00:39:03.166,300.005,299.61400000000003,1.6,1.75
19.08.2021 00:39:04.725,299.973,299.61400000000003,1.75,1.75
19.08.2021 00:39:14.549,299.982,299.61400000000003,1.25,1.75
19.08.2021 00:39:15.239,299.963,299.608,1.25,1.25
19.08.2021 00:39:17.782,299.97700000000003,299.622,1.25,1.25
19.08.2021 00:39:24.609,299.986,299.60900000000004,1.25,1.25
19.08.2021 00:39:26.219,299.993,299.603,1.75,1.75
19.08.2021 00:39:27.103,299.993,299.62,1.75,1.25
19.08.2021 00:39:31.027,300,299.626,1.75,1.25
19.08.2021 00:39:35.066,300.003,299.626,1.6,1.1
19.08.2021 00:39:36.066,300.003,299.626,1.6,1.1
19.08.2021 00:39:39.102,300.013,299.619,1.5,1.75
19.08.2021 00:39:39.258,300.013,299.641,1.5,1.25
19.08.2021 00:39:39.461,299.999,299.621,1.12,1.25
19.08.2021 00:39:41.157,300.013,299.643,1.5,1.25
19.08.2021 00:39:42.414,300.013,299.628,1.5,1.75
19.08.2021 00:39:42.854,300.013,299.644,1.5,1.25
19.08.2021 00:39:45.238,300.013,299.644,1.5,1.25
19.08.2021 00:39:45.448,300.013,299.644,1.5,1.25
19.08.2021 00:39:54.977,300.013,299.639,1.5,1.25
19.08.2021 00:39:55.260,300.01,299.632,1.25,1.75
19.08.2021 00:39:56.036,300.005,299.629,1.25,1.75
19.08.2021 00:39:58.683,299.987,299.629,1.12,1.75
19.08.2021 00:39:58.853,300.003,299.646,1.25,1.75
19.08.2021 00:39:59.864,299.987,299.625,1.12,1.75
19.08.2021 00:40:03.103,299.987,299.625,1.12,1.75
19.08.2021 00:40:07.576,299.987,299.625,1.12,1.75
19.08.2021 00:40:08.028,299.987,299.625,1.12,1.75
19.08.2021 00:40:08.230,299.993,299.60200000000003,1.5,1.75
19.08.2021 00:40:13.498,299.993,299.60200000000003,1.5,1.75
19.08.2021 00:40:13.599,299.926,299.654,0.37,0.62
19.08.2021 00:40:13.699,299.988,299.611,1.12,1.75
19.08.2021 00:40:14.142,300.003,299.626,1.75,1.75
19.08.2021 00:40:14.622,300.003,299.628,1.75,1.25
19.08.2021 00:40:19.522,300.003,299.629,1.5,1.25
19.08.2021 00:40:19.742,300.003,299.626,1.75,1.75
19.08.2021 00:40:20.893,299.993,299.626,1.75,1.75
19.08.2021 00:40:29.831,299.993,299.645,1.5,1.5
19.08.2021 00:40:31.127,299.993,299.622,1.5,1.75
19.08.2021 00:40:39.088,299.993,299.622,1.5,1.87
19.08.2021 00:40:39.952,299.981,299.622,1.12,1.75
19.08.2021 00:40:42.305,299.98400000000004,299.622,1.12,1.75
19.08.2021 00:40:42.457,299.993,299.622,1.75,1.75
19.08.2021 00:40:42.659,299.991,299.621,1.12,1.75
19.08.2021 00:40:43.119,299.98900000000003,299.621,1.12,1.75
19.08.2021 00:40:47.178,300.003,299.63,1.5,1.25
19.08.2021 00:40:47.338,299.987,299.621,1.12,1.75
19.08.2021 00:40:58.091,300.003,299.621,1.5,1.75
19.08.2021 00:40:58.519,299.97900000000004,299.621,1.25,1.75
19.08.2021 00:41:03.102,299.998,299.623,1.25,1.25
19.08.2021 00:41:03.258,299.998,299.623,1.25,1.25
19.08.2021 00:41:05.332,299.998,299.623,1.25,1.25
19.08.2021 00:41:16.540,300.003,299.621,1.5,1.75
19.08.2021 00:41:18.094,300.002,299.627,1.12,1.25
19.08.2021 00:41:22.408,300.003,299.621,1.5,1.75
19.08.2021 00:41:36.702,299.983,299.63599999999997,1.75,1.75
19.08.2021 00:41:46.465,299.99,299.63599999999997,1.12,1.75
19.08.2021 00:42:13.619,299.994,299.632,1.12,1.75
19.08.2021 00:42:14.751,299.995,299.629,1.12,1.75
19.08.2021 00:42:15.097,300.003,299.629,1.5,1.75
19.08.2021 00:42:16.499,299.98400000000004,299.629,1.12,1.75
19.08.2021 00:42:26.240,299.97900000000004,299.629,1.12,1.5
19.08.2021 00:43:38.334,299.963,299.60400000000004,1.25,1.75
19.08.2021 00:43:38.527,299.973,299.60400000000004,1.75,1.87
19.08.2021 00:44:26.839,299.96700000000004,299.601,1.25,1.75
19.08.2021 00:44:30.739,299.96500000000003,299.601,1.25,1.75
19.08.2021 00:44:51.449,299.963,299.601,1.75,1.75
19.08.2021 00:44:53.691,299.963,299.601,1.75,1.75
19.08.2021 00:44:54.679,299.963,299.607,1.95,1.25
19.08.2021 00:44:54.879,299.963,299.601,1.75,1.75
19.08.2021 00:44:56.681,299.963,299.607,1.95,1.25
19.08.2021 00:45:00.638,299.963,299.607,1.95,1.25
19.08.2021 00:45:00.889,299.963,299.601,1.7,1.75
19.08.2021 00:45:01.040,299.963,299.601,1.95,1.87
19.08.2021 00:45:15.136,299.976,299.601,1.25,1.87
19.08.2021 00:45:15.465,299.983,299.601,1.5,1.75
19.08.2021 00:45:24.255,299.983,299.601,1.75,1.75
19.08.2021 00:45:35.689,299.97700000000003,299.624,1.25,1.25
19.08.2021 00:45:35.906,299.98,299.601,1.35,1.75
19.08.2021 00:45:51.557,299.97700000000003,299.603,1.25,1.75
19.08.2021 00:45:51.728,299.97200000000004,299.603,1.25,1.75
19.08.2021 00:45:52.274,299.963,299.603,1.75,1.75
19.08.2021 00:45:53.367,299.963,299.623,1.75,1.5
19.08.2021 00:45:53.520,299.963,299.623,1.95,1.5
19.08.2021 00:45:54.032,299.963,299.623,1.75,1.5
19.08.2021 00:45:54.436,299.963,299.623,1.75,1.5
19.08.2021 00:45:54.616,299.963,299.623,1.95,1.5
19.08.2021 00:45:55.305,299.955,299.623,1.25,1.75
19.08.2021 00:46:05.727,299.983,299.607,1.5,1.75
19.08.2021 00:46:10.957,299.983,299.61,1.5,1.25
19.08.2021 00:46:16.767,299.983,299.61,1.75,1.25
19.08.2021 00:46:18.828,299.978,299.607,1.12,1.75
19.08.2021 00:46:25.089,299.978,299.607,1.25,1.75
19.08.2021 00:46:26.720,299.998,299.607,2.8,1.75
19.08.2021 00:46:26.821,299.97,299.607,1.25,1.75
19.08.2021 00:46:27.059,299.97,299.607,1.25,1.75
19.08.2021 00:46:28.201,299.998,299.607,1.6,1.75
19.08.2021 00:46:28.402,299.983,299.607,1.75,1.75
19.08.2021 00:46:28.557,299.983,299.607,1.75,1.75
19.08.2021 00:46:29.861,299.983,299.617,1.75,1.25
19.08.2021 00:46:32.975,299.993,299.629,1.95,1.25
19.08.2021 00:46:39.367,299.993,299.629,1.95,1.25
19.08.2021 00:46:39.618,300.003,299.644,1.75,1.25
19.08.2021 00:46:43.013,300.003,299.611,1.75,1.75
19.08.2021 00:46:44.126,300.009,299.635,1.27,1.25
19.08.2021 00:46:51.477,300.003,299.63,1.5,1.25
19.08.2021 00:46:54.561,299.999,299.624,1.12,1.25
19.08.2021 00:47:15.426,299.987,299.626,0.85,1.25
19.08.2021 00:47:51.589,299.986,299.611,1.12,1.25
19.08.2021 00:47:51.790,300.002,299.61400000000003,0.85,1.75
19.08.2021 00:47:51.991,300.007,299.638,0.85,1.25
19.08.2021 00:47:55.786,300.013,299.644,1.75,1.25
19.08.2021 00:47:56.195,300.035,299.665,1.6,0.69
19.08.2021 00:47:58.062,300.03200000000004,299.61400000000003,1.6,1.75
19.08.2021 00:47:59.176,300.03200000000004,299.632,2.8,1.25
19.08.2021 00:47:59.590,300.03200000000004,299.628,2.05,1.75
19.08.2021 00:48:00.797,300.03200000000004,299.635,1.6,1.75
19.08.2021 00:48:01.740,300.03200000000004,299.635,1.6,1.75
19.08.2021 00:48:03.043,299.993,299.694,1.75,0.37
19.08.2021 00:48:03.196,299.993,299.619,1.75,1.25
19.08.2021 00:48:03.490,300.03200000000004,299.613,1.6,1.75
19.08.2021 00:48:06.727,299.986,299.613,0.85,1.75
19.08.2021 00:48:11.605,299.98400000000004,299.607,1.25,1.25
19.08.2021 00:48:18.674,299.98400000000004,299.59700000000004,0.85,1.75
19.08.2021 00:48:18.842,299.976,299.59900000000005,1.25,1.25
19.08.2021 00:48:36.673,299.97400000000005,299.59700000000004,1.25,1.75
19.08.2021 00:48:36.856,299.97400000000005,299.626,1.35,1.25
19.08.2021 00:48:39.103,299.971,299.607,1.35,1.25
19.08.2021 00:48:44.474,299.973,299.59700000000004,0.85,1.75
19.08.2021 00:48:52.661,299.968,299.59700000000004,0.85,1.75
19.08.2021 00:48:53.206,299.966,299.598,0.85,1.75
19.08.2021 00:48:53.358,299.961,299.598,0.85,1.75
19.08.2021 00:48:56.356,299.95099999999996,299.598,0.79,1.75
19.08.2021 00:48:56.558,299.93,299.558,1.12,1.75
19.08.2021 00:48:56.753,299.945,299.569,0.85,1.25
19.08.2021 00:48:58.162,299.957,299.557,1.6,1.25
19.08.2021 00:49:17.995,299.944,299.579,0.85,1.25
19.08.2021 00:49:18.604,299.939,299.566,0.85,1.75
19.08.2021 00:49:20.787,299.934,299.566,0.85,1.75
19.08.2021 00:49:21.165,299.934,299.568,0.85,1.25
19.08.2021 00:49:40.011,299.94,299.563,1.12,1.25
19.08.2021 00:49:40.212,299.936,299.559,1.12,1.25
19.08.2021 00:49:42.561,299.935,299.541,1.6,1.75
19.08.2021 00:49:55.039,299.911,299.559,1.25,1.75
19.08.2021 00:49:56.065,299.918,299.559,1.35,1.75
19.08.2021 00:50:05.583,299.91200000000003,299.559,0.85,1.75
19.08.2021 00:50:05.752,299.91400000000004,299.559,0.85,1.75
19.08.2021 00:50:09.265,299.91400000000004,299.559,0.85,1.75
19.08.2021 00:50:09.426,299.91200000000003,299.559,0.85,1.75
19.08.2021 00:50:11.849,299.90900000000005,299.559,0.85,1.75
19.08.2021 00:50:16.872,299.935,299.559,2.8,1.75
19.08.2021 00:50:19.769,299.935,299.559,2.8,1.75
19.08.2021 00:50:21.272,299.93,299.559,1.12,1.75
19.08.2021 00:50:21.760,299.933,299.559,1.5,1.75
19.08.2021 00:50:27.349,299.933,299.559,1.5,1.75
19.08.2021 00:50:28.055,299.932,299.559,1.12,1.75
19.08.2021 00:50:31.592,299.903,299.559,1.25,1.75
19.08.2021 00:50:39.312,299.90500000000003,299.559,1.25,1.75
19.08.2021 00:50:45.245,299.926,299.559,1.25,1.75
19.08.2021 00:50:51.106,299.928,299.559,1.25,1.75
19.08.2021 00:50:53.326,299.933,299.559,1.75,1.75
19.08.2021 00:50:57.113,299.90900000000005,299.559,1.25,1.75
19.08.2021 00:51:24.437,299.928,299.559,1.25,1.75
19.08.2021 00:51:26.417,299.898,299.559,1.25,1.75
19.08.2021 00:51:37.789,299.933,299.528,1.75,1.75
19.08.2021 00:51:39.104,299.928,299.551,1.25,1.25
19.08.2021 00:51:40.798,299.925,299.547,1.25,1.25
19.08.2021 00:51:51.175,299.904,299.528,1.25,1.75
19.08.2021 00:51:52.198,299.903,299.624,1.25,0.37
19.08.2021 00:51:52.389,299.927,299.55,1.12,1.25
19.08.2021 00:51:58.150,299.92900000000003,299.551,1.12,1.25
19.08.2021 00:52:08.043,299.926,299.54900000000004,1.25,1.25
19.08.2021 00:52:10.693,299.921,299.548,1.25,1.75
19.08.2021 00:52:10.873,299.91700000000003,299.548,1.12,1.75
19.08.2021 00:52:13.230,299.90000000000003,299.548,0.69,1.75
19.08.2021 00:52:25.875,299.931,299.553,1.25,1.25
19.08.2021 00:52:26.076,299.937,299.559,1.12,1.25
19.08.2021 00:52:27.148,299.937,299.559,1.12,1.25
19.08.2021 00:52:29.487,299.95,299.558,1.5,1.75
19.08.2021 00:52:29.692,299.956,299.558,1.5,1.75
19.08.2021 00:52:29.857,299.963,299.558,1.75,1.75
19.08.2021 00:52:30.112,299.96700000000004,299.578,1.75,1.75
19.08.2021 00:52:30.313,299.955,299.578,1.25,1.75
19.08.2021 00:52:36.812,299.97400000000005,299.578,1.75,1.75
19.08.2021 00:52:37.190,299.959,299.585,1.75,1.25
19.08.2021 00:52:38.004,299.958,299.58,1.25,1.25
19.08.2021 00:52:45.519,299.934,299.588,1.25,1.75
19.08.2021 00:52:46.254,299.953,299.588,1.12,1.95
19.08.2021 00:53:02.126,299.935,299.603,1,1
19.08.2021 00:53:02.287,299.935,299.578,1.25,1.75
19.08.2021 00:53:03.919,299.931,299.578,1.25,1.75
19.08.2021 00:53:07.339,299.94599999999997,299.575,1.12,1.75
19.08.2021 00:53:07.541,299.958,299.558,1.75,1.75
19.08.2021 00:53:09.703,299.92,299.569,1.12,1.5
19.08.2021 00:53:09.903,299.936,299.569,1.75,1.75
19.08.2021 00:53:41.031,299.928,299.593,1.25,1.25
19.08.2021 00:53:45.380,299.923,299.558,1.35,1.75
19.08.2021 00:54:05.515,299.925,299.558,1.35,1.75
19.08.2021 00:54:07.229,299.925,299.557,1.35,1.75
19.08.2021 00:54:15.139,299.918,299.568,1.25,1.75
19.08.2021 00:54:15.424,299.935,299.568,1.35,1.75
19.08.2021 00:54:15.655,299.939,299.568,1.35,1.75
19.08.2021 00:54:15.804,299.939,299.569,1.35,1.25
19.08.2021 00:54:28.345,299.954,299.568,2.8,1.75
19.08.2021 00:54:31.947,299.952,299.588,0.85,1.75
19.08.2021 00:54:47.686,299.96,299.588,0.85,1.75
19.08.2021 00:54:48.610,299.963,299.589,0.85,1.25
19.08.2021 00:54:49.671,299.961,299.588,0.85,1.75
19.08.2021 00:54:50.838,299.961,299.588,0.85,1.75
19.08.2021 00:54:51.019,299.958,299.588,0.85,1.75
19.08.2021 00:54:52.177,299.958,299.588,0.85,1.75
19.08.2021 00:54:53.553,299.961,299.591,0.85,1.25
19.08.2021 00:54:53.754,299.96,299.588,0.85,1.75
19.08.2021 00:54:54.187,299.961,299.588,0.85,1.75
19.08.2021 00:54:55.383,299.961,299.589,0.85,1.25
19.08.2021 00:54:59.943,299.955,299.588,0.85,1.75
19.08.2021 00:55:02.942,299.982,299.588,2.05,1.75
19.08.2021 00:55:03.105,299.982,299.588,1.6,2.25
19.08.2021 00:55:03.340,299.982,299.588,1.6,2.25
19.08.2021 00:55:03.444,299.937,299.588,1.25,1.7
19.08.2021 00:55:03.595,299.982,299.588,1.6,1.75
19.08.2021 00:55:05.609,299.982,299.585,1.6,1.75
19.08.2021 00:55:09.413,299.944,299.585,0.85,1.75
19.08.2021 00:55:15.940,299.947,299.586,1.35,1.25
19.08.2021 00:55:21.765,299.94599999999997,299.591,1.25,1.25
19.08.2021 00:55:22.773,299.953,299.591,1.35,1.25
19.08.2021 00:55:23.742,299.95099999999996,299.613,1.35,1.25
19.08.2021 00:55:23.975,299.952,299.589,1.35,1.25
19.08.2021 00:55:27.263,299.95099999999996,299.578,1.35,1.75
19.08.2021 00:55:27.483,299.943,299.578,1.12,1.95
19.08.2021 00:55:30.369,299.943,299.579,0.85,1.25
19.08.2021 00:55:30.818,299.94,299.578,1.12,2.4
19.08.2021 00:55:47.147,299.923,299.578,1.25,1.75
19.08.2021 00:55:47.348,299.97200000000004,299.578,1.5,1.75
19.08.2021 00:55:51.550,299.975,299.578,1.5,1.75
19.08.2021 00:55:52.687,299.95,299.578,1.12,1.75
19.08.2021 00:55:53.428,299.973,299.578,1.5,1.75
19.08.2021 00:55:53.928,299.95,299.578,1.12,1.75
19.08.2021 00:56:03.155,299.945,299.57,1.25,1.25
19.08.2021 00:56:03.404,299.949,299.574,1.25,1.25
19.08.2021 00:56:11.154,299.97,299.568,1.75,1.75
19.08.2021 00:56:11.354,299.95,299.575,1.25,1.25
19.08.2021 00:56:17.000,299.928,299.598,1,1
19.08.2021 00:56:17.812,299.927,299.59700000000004,1,1
19.08.2021 00:56:20.559,299.927,299.59700000000004,1,1
19.08.2021 00:56:21.147,299.982,299.574,1.5,1.75
19.08.2021 00:56:28.866,299.961,299.586,1.12,1.25
19.08.2021 00:56:33.499,299.97700000000003,299.568,1.75,1.75
19.08.2021 00:56:40.507,299.958,299.583,1.25,1.25
19.08.2021 00:56:47.671,299.975,299.585,1.5,1.75
19.08.2021 00:56:47.847,299.97200000000004,299.585,1.5,1.75
19.08.2021 00:56:48.080,299.949,299.585,1.12,1.75
19.08.2021 00:56:48.281,299.949,299.585,1.12,1.75
19.08.2021 00:56:51.100,299.95099999999996,299.585,1.12,1.75
19.08.2021 00:56:51.302,299.949,299.585,1.12,1.75
19.08.2021 00:56:51.508,299.95099999999996,299.585,1.12,1.75
19.08.2021 00:56:59.599,299.959,299.585,1.12,1.75
19.08.2021 00:57:02.576,299.971,299.595,1.25,1.75
19.08.2021 00:57:02.794,299.959,299.595,1.25,1.75
19.08.2021 00:57:03.411,299.962,299.595,1.25,1.75
19.08.2021 00:57:05.112,299.96,299.595,1.25,1.75
19.08.2021 00:57:05.475,299.982,299.595,3.37,1.75
19.08.2021 00:57:13.073,299.959,299.611,1.12,1.5
19.08.2021 00:57:13.334,299.959,299.611,1.12,1.5
19.08.2021 00:57:17.521,299.97200000000004,299.593,1.12,1.75
19.08.2021 00:57:17.721,299.987,299.612,1.12,1.25
19.08.2021 00:57:19.057,299.993,299.618,1.5,1.25
19.08.2021 00:57:19.226,299.996,299.598,1.5,1.75
19.08.2021 00:57:24.629,299.969,299.59200000000004,1.25,1.75
19.08.2021 00:57:24.863,299.966,299.61400000000003,1.25,1.25
19.08.2021 00:57:28.215,299.993,299.613,1.5,1.75
19.08.2021 00:57:28.620,299.997,299.622,1.12,1.25
19.08.2021 00:57:38.747,299.997,299.622,1.12,1.25
19.08.2021 00:57:41.630,299.997,299.622,1.12,1.25
19.08.2021 00:58:10.518,299.981,299.65000000000003,1,1
19.08.2021 00:58:15.102,300.007,299.632,1.12,1.25
19.08.2021 00:58:29.944,300.03000000000003,299.61400000000003,1.5,2.25
19.08.2021 00:58:34.147,300.038,299.629,1.5,1.75
19.08.2021 00:58:34.348,300.041,299.629,1.5,1.75
19.08.2021 00:58:51.289,300.01099999999997,299.681,1,1
19.08.2021 00:58:51.531,300.014,299.684,1,1
19.08.2021 00:58:56.258,300.04200000000003,299.668,1.12,1.75
19.08.2021 00:59:00.188,300.03900000000004,299.66400000000004,1.12,1.25
19.08.2021 00:59:00.407,300.057,299.663,1.5,1.75
19.08.2021 00:59:00.537,300.036,299.663,1.12,1.75
19.08.2021 00:59:05.233,300.036,299.663,1.12,1.75
19.08.2021 00:59:05.435,300.02500000000003,299.663,1.12,1.75
19.08.2021 00:59:06.482,300.023,299.663,1.12,1.75
19.08.2021 00:59:09.399,300.026,299.663,1.12,1.75
19.08.2021 00:59:10.815,300.002,299.663,1.25,1.75
19.08.2021 00:59:11.770,300.002,299.663,1.25,1.75
19.08.2021 00:59:15.031,300.001,299.663,1.25,1.75
19.08.2021 00:59:17.523,300.005,299.663,1.25,1.75
19.08.2021 00:59:18.791,300.01,299.68,1,1
19.08.2021 00:59:20.835,300.014,299.684,1,1
19.08.2021 00:59:23.224,300.012,299.682,1,1
19.08.2021 00:59:24.173,300.005,299.675,0.87,1
19.08.2021 00:59:25.995,300.027,299.663,1.12,1.75
19.08.2021 00:59:42.334,300.009,299.663,0.69,1.75
19.08.2021 00:59:57.401,300.053,299.677,1.5,1.25
19.08.2021 00:59:58.186,300.03200000000004,299.663,1.12,1.75
19.08.2021 00:59:59.896,300.029,299.663,1.12,1.75
19.08.2021 01:00:01.696,300.046,299.671,1.12,1.25
19.08.2021 01:00:04.110,300.046,299.671,1.12,1.25
19.08.2021 01:00:05.417,300.055,299.663,1.5,1.75
19.08.2021 01:00:06.704,300.021,299.663,1.12,1.75
19.08.2021 01:00:06.857,299.997,299.663,1.25,1.75
19.08.2021 01:00:08.433,299.983,299.653,1,1
19.08.2021 01:00:08.534,299.97700000000003,299.635,0.69,1.75
19.08.2021 01:00:08.685,299.97700000000003,299.635,0.69,1.75
19.08.2021 01:00:10.031,299.971,299.635,0.69,1.75
19.08.2021 01:00:10.194,299.975,299.635,0.69,1.75
19.08.2021 01:00:18.428,300.001,299.635,1.12,1.75
19.08.2021 01:00:18.630,299.99,299.635,0.69,1.75
19.08.2021 01:00:23.081,300.015,299.64,1.12,1.25
19.08.2021 01:00:23.410,300.017,299.642,1.12,1.25
19.08.2021 01:00:27.097,300.029,299.635,1.12,1.75
19.08.2021 01:00:27.281,300.021,299.646,1.12,1.25
19.08.2021 01:00:27.573,300.019,299.644,1.12,1.25
19.08.2021 01:00:29.785,300.019,299.644,1.12,1.25
19.08.2021 01:00:30.529,299.998,299.63599999999997,0.69,1.75
19.08.2021 01:00:30.783,300.022,299.647,1.12,1.25
19.08.2021 01:00:33.319,299.999,299.638,0.69,1.75
19.08.2021 01:00:36.762,300.017,299.642,1.12,1.25
19.08.2021 01:00:38.192,300.048,299.687,1.5,0.69
19.08.2021 01:00:39.165,300.017,299.642,1.12,1.25
19.08.2021 01:00:45.574,300.015,299.64,1.12,1.25
19.08.2021 01:00:48.407,300.017,299.642,1.12,1.25
19.08.2021 01:00:48.599,299.997,299.645,1.25,1.25
19.08.2021 01:00:49.613,299.998,299.645,1.25,1.25
19.08.2021 01:00:49.764,299.996,299.645,1.25,1.25
19.08.2021 01:00:51.107,299.998,299.645,1.25,1.25
19.08.2021 01:00:52.083,300.003,299.65000000000003,1.25,1.25
19.08.2021 01:00:55.733,300.009,299.66,1.25,1.75
19.08.2021 01:00:59.100,300.009,299.66,0.69,1.75
19.08.2021 01:01:03.469,300.03000000000003,299.66,1.12,1.75
19.08.2021 01:01:09.236,300.024,299.66,1.12,1.75
19.08.2021 01:01:13.715,300.048,299.66,1.12,1.75
19.08.2021 01:01:15.081,300.01,299.66,0.69,1.75
19.08.2021 01:01:20.562,300.036,299.661,1.12,1.25
19.08.2021 01:01:22.505,300.041,299.666,1.12,1.25
19.08.2021 01:01:23.703,300.04,299.66400000000004,1.12,1.25
19.08.2021 01:01:23.902,300.04,299.66400000000004,1.12,1.25
19.08.2021 01:01:24.664,300.067,299.693,1.12,1.25
19.08.2021 01:01:24.867,300.051,299.66400000000004,1.12,1.75
19.08.2021 01:01:32.641,300.035,299.705,1,1
19.08.2021 01:01:34.137,300.057,299.72700000000003,1,1
19.08.2021 01:01:34.339,300.074,299.705,1.12,1.75
19.08.2021 01:01:36.057,300.07099999999997,299.705,1.12,1.75
19.08.2021 01:01:38.596,300.082,299.714,1.12,1.75
19.08.2021 01:01:39.355,300.086,299.726,1.12,1.5
19.08.2021 01:01:39.557,300.086,299.726,1.12,1.5
19.08.2021 01:01:41.020,300.084,299.726,1.12,1.5
19.08.2021 01:01:59.804,300.095,299.726,1.12,1.75
19.08.2021 01:02:04.300,300.081,299.736,1,1
19.08.2021 01:02:04.516,300.103,299.726,1.12,1.75
19.08.2021 01:02:25.169,300.103,299.71,1.5,1.5
19.08.2021 01:02:27.107,300.096,299.71,1.12,1.75
19.08.2021 01:02:27.310,300.096,299.71,1.12,1.75
19.08.2021 01:02:31.331,300.098,299.71,1.12,1.75
19.08.2021 01:02:35.398,300.103,299.71,1.5,1.75
19.08.2021 01:02:35.600,300.1,299.69,1.5,1.75
19.08.2021 01:02:39.466,300.089,299.69,1.5,1.75
19.08.2021 01:02:39.717,300.075,299.69,1.12,1.75
19.08.2021 01:02:39.902,300.078,299.69,1.12,1.75
19.08.2021 01:02:41.847,300.077,299.69,1.12,1.75
19.08.2021 01:02:44.365,300.077,299.69,1.12,1.75
19.08.2021 01:02:44.568,300.074,299.699,1.12,1.25
19.08.2021 01:02:46.575,300.074,299.699,1.12,1.25
19.08.2021 01:02:49.380,300.073,299.698,1.12,1.25
19.08.2021 01:02:56.049,300.082,299.69,1.5,1.75
19.08.2021 01:03:01.850,300.04200000000003,299.69,1.25,1.87
19.08.2021 01:03:02.287,300.04400000000004,299.691,1.25,1.25
19.08.2021 01:03:02.649,300.041,299.711,1,1
19.08.2021 01:03:04.571,300.047,299.71700000000004,1,1
19.08.2021 01:03:06.115,300.073,299.697,1.12,1.25
19.08.2021 01:03:21.733,300.05400000000003,299.69,1.12,1.75
19.08.2021 01:03:22.819,300.072,299.697,1.12,1.25
19.08.2021 01:03:24.423,300.077,299.702,1.12,1.25
19.08.2021 01:03:26.341,300.094,299.69,1.5,1.75
19.08.2021 01:03:38.419,300.086,299.711,1.12,1.25
19.08.2021 01:03:39.103,300.10400000000004,299.69,1.5,1.75
19.08.2021 01:03:43.461,300.089,299.714,1.12,1.25
19.08.2021 01:03:54.301,300.084,299.709,1.12,1.25
19.08.2021 01:03:54.454,300.084,299.709,1.12,1.25
19.08.2021 01:03:58.520,300.079,299.703,1.12,1.25
19.08.2021 01:04:01.070,300.088,299.69,1.5,1.75
19.08.2021 01:04:01.258,300.082,299.69,1.5,1.75
19.08.2021 01:04:02.887,300.07099999999997,299.69599999999997,1.12,1.25
19.08.2021 01:04:03.397,300.088,299.69,1.5,1.75
19.08.2021 01:04:07.283,300.096,299.69,1.5,1.75
19.08.2021 01:04:07.486,300.103,299.69,1.5,1.75
19.08.2021 01:04:07.687,300.107,299.71,1.5,1.75
19.08.2021 01:04:08.525,300.096,299.721,1.12,1.25
19.08.2021 01:04:09.148,300.111,299.71,1.5,1.75
19.08.2021 01:04:11.269,300.094,299.719,1.12,1.25
19.08.2021 01:04:12.636,300.108,299.71,1.5,1.75
19.08.2021 01:04:15.662,300.087,299.712,1.12,1.25
19.08.2021 01:04:26.307,300.084,299.709,1.12,1.25
19.08.2021 01:04:35.920,300.09000000000003,299.703,1.5,1.75
19.08.2021 01:04:49.106,300.07,299.721,1.12,1.5
19.08.2021 01:05:00.479,300.063,299.702,1.12,1.75
19.08.2021 01:05:00.905,300.07599999999996,299.702,1.5,1.75
19.08.2021 01:05:16.127,300.061,299.687,1.12,1.75
19.08.2021 01:05:17.596,300.059,299.687,1.12,1.75
19.08.2021 01:05:21.603,300.077,299.687,1.5,1.75
19.08.2021 01:05:21.759,300.085,299.687,1.5,1.75
19.08.2021 01:05:37.122,300.07099999999997,299.69599999999997,1.12,1.25
19.08.2021 01:05:40.065,300.094,299.687,1.5,1.75
19.08.2021 01:05:49.964,300.08,299.705,1.12,1.25
19.08.2021 01:05:58.127,300.093,299.676,1.5,1.75
19.08.2021 01:05:58.327,300.09000000000003,299.67400000000004,1.5,1.75
19.08.2021 01:06:00.947,300.085,299.66900000000004,1.5,1.75
19.08.2021 01:06:09.161,300.063,299.688,1.12,1.25
19.08.2021 01:06:21.432,300.066,299.691,1.12,1.25
19.08.2021 01:06:27.965,300.07099999999997,299.695,1.12,1.25
19.08.2021 01:06:32.349,300.07099999999997,299.69599999999997,1.12,1.25
19.08.2021 01:06:36.742,300.07099999999997,299.69599999999997,1.12,1.25
19.08.2021 01:06:38.891,300.07099999999997,299.69599999999997,1.12,1.25
19.08.2021 01:06:39.977,300.078,299.66200000000003,1.5,1.75
19.08.2021 01:06:42.100,300.075,299.65900000000005,1.5,1.75
19.08.2021 01:07:07.524,300.052,299.677,1.12,1.25
19.08.2021 01:07:08.937,300.072,299.656,1.5,1.75
19.08.2021 01:07:14.170,300.055,299.68,1.12,1.25
19.08.2021 01:07:14.941,300.05,299.67400000000004,1.12,1.25
19.08.2021 01:07:15.710,300.05,299.67400000000004,1.12,1.25
19.08.2021 01:07:16.915,300.05,299.67400000000004,1.12,1.25
19.08.2021 01:07:17.869,300.061,299.651,1.5,1.75
19.08.2021 01:07:20.166,300.055,299.651,1.5,1.75
19.08.2021 01:07:24.008,300.03400000000005,299.65900000000005,1.12,1.25
19.08.2021 01:07:30.467,300.045,299.628,1.5,1.75
19.08.2021 01:07:30.668,300.04200000000003,299.626,1.5,1.75
19.08.2021 01:07:31.286,300.036,299.637,1.12,1.25
19.08.2021 01:07:33.475,300.041,299.625,1.5,2.25
19.08.2021 01:07:34.533,300.03400000000005,299.625,1.5,1.75
19.08.2021 01:07:39.129,300.02,299.645,1.12,1.25
19.08.2021 01:07:42.131,300.036,299.625,1.5,1.75
19.08.2021 01:07:42.693,300.035,299.66,1.12,1.25
19.08.2021 01:07:47.245,300.035,299.66,1.12,1.25
19.08.2021 01:07:48.268,300.013,299.683,1,1
19.08.2021 01:07:52.054,300.015,299.66,1.25,1.25
19.08.2021 01:08:03.063,300.053,299.637,1.5,1.75
19.08.2021 01:08:03.265,300.053,299.646,1.5,1.75
19.08.2021 01:08:05.153,300.053,299.646,1.5,1.75
19.08.2021 01:08:07.037,300.002,299.644,0.69,1.75
19.08.2021 01:08:07.296,300.053,299.644,1.5,1.75
19.08.2021 01:08:07.457,300.031,299.656,1.12,1.25
19.08.2021 01:08:17.138,300.004,299.643,0.69,1.75
19.08.2021 01:08:19.719,300.056,299.64,1.5,1.75
19.08.2021 01:08:19.920,300.05400000000003,299.637,1.5,1.75
19.08.2021 01:08:22.109,300.04200000000003,299.656,1.5,1.75
19.08.2021 01:08:23.623,300.033,299.65700000000004,1.12,1.25
19.08.2021 01:08:27.105,300.052,299.656,1.5,1.75
19.08.2021 01:08:35.803,300.012,299.656,1.25,1.75
19.08.2021 01:08:39.410,300.014,299.661,1.25,1.25
19.08.2021 01:08:42.004,300.005,299.661,1.25,1.25
19.08.2021 01:08:42.297,300.022,299.67,1.25,1.25
19.08.2021 01:08:53.156,300.047,299.672,1.12,1.25
19.08.2021 01:08:53.361,300.053,299.678,1.12,1.25
19.08.2021 01:08:54.115,300.056,299.681,1.12,1.25
19.08.2021 01:08:54.319,300.03700000000003,299.66200000000003,1.12,1.25
19.08.2021 01:08:57.005,300.041,299.666,1.12,1.25
19.08.2021 01:09:05.246,300.041,299.666,1.12,1.25
19.08.2021 01:09:25.419,300.03900000000004,299.66400000000004,1.12,1.25
19.08.2021 01:09:25.670,300.028,299.67900000000003,0.69,1.75
19.08.2021 01:09:27.809,300.058,299.683,1.12,1.25
19.08.2021 01:09:28.048,300.03900000000004,299.683,0.69,1.75
19.08.2021 01:09:28.920,300.03900000000004,299.683,0.69,1.75
19.08.2021 01:09:31.073,300.03200000000004,299.67900000000003,0.69,1.75
19.08.2021 01:09:46.049,300.051,299.67900000000003,1.12,1.75
19.08.2021 01:09:46.254,300.043,299.67900000000003,1.12,1.75
19.08.2021 01:09:54.418,300.045,299.67900000000003,1.12,1.75
19.08.2021 01:10:00.148,300.046,299.67900000000003,1.12,1.75
19.08.2021 01:10:02.894,300.04,299.67900000000003,1.12,1.75
19.08.2021 01:10:03.095,300.04,299.67900000000003,1.12,1.75
19.08.2021 01:10:08.447,300.04,299.67900000000003,1.12,1.75
19.08.2021 01:10:13.903,300.004,299.67900000000003,0.69,1.5
19.08.2021 01:10:15.102,300.03200000000004,299.67900000000003,1.12,1.75
19.08.2021 01:10:15.710,300.03000000000003,299.67900000000003,1.12,1.5
19.08.2021 01:10:16.288,300.03200000000004,299.67900000000003,1.12,1.5
19.08.2021 01:10:18.885,300.03200000000004,299.67900000000003,1.12,1.5
19.08.2021 01:10:24.062,300.01,299.67900000000003,0.69,1.75
19.08.2021 01:10:25.560,300.03000000000003,299.67900000000003,1.12,1.5
19.08.2021 01:10:30.283,300.026,299.67900000000003,1.12,1.5
19.08.2021 01:10:55.136,300.007,299.67900000000003,0.69,1.5
19.08.2021 01:10:55.332,300.002,299.67900000000003,0.69,1.5
19.08.2021 01:10:55.768,299.997,299.67900000000003,0.69,1.5
19.08.2021 01:10:57.611,299.993,299.654,0.69,1.75
19.08.2021 01:10:59.215,299.983,299.654,0.69,1.5
19.08.2021 01:10:59.726,300.022,299.654,1.12,1.75
19.08.2021 01:11:06.091,300.045,299.654,1.5,1.75
19.08.2021 01:11:09.743,300.022,299.654,1.12,1.75
19.08.2021 01:11:11.086,299.997,299.654,1.25,1.75
19.08.2021 01:11:11.295,299.994,299.654,1.25,1.75
19.08.2021 01:11:12.386,300,299.654,1.25,1.75
19.08.2021 01:11:34.491,300.02500000000003,299.654,1.12,1.75
19.08.2021 01:11:35.105,300.024,299.654,1.12,1.75
19.08.2021 01:11:37.503,300.04400000000004,299.654,1.5,1.75
19.08.2021 01:11:42.736,300.019,299.654,1.12,1.75
19.08.2021 01:11:43.261,300.019,299.654,1.12,1.75
19.08.2021 01:11:44.455,300.022,299.654,1.12,1.75
19.08.2021 01:12:02.446,299.991,299.654,0.69,1.75
19.08.2021 01:12:11.441,300.013,299.654,1.12,1.75
19.08.2021 01:12:11.641,300.048,299.654,1.5,1.75
19.08.2021 01:12:27.871,300.005,299.654,0.69,1.75
19.08.2021 01:12:30.551,300,299.654,0.69,1.75
19.08.2021 01:12:38.280,300.053,299.654,1.5,1.75
19.08.2021 01:12:39.102,300.052,299.654,1.12,1.75
19.08.2021 01:12:39.258,300.052,299.654,1.5,1.75
19.08.2021 01:12:40.764,300.024,299.654,1.12,1.75
19.08.2021 01:12:45.692,300.026,299.651,1.12,1.25
19.08.2021 01:12:51.142,300.033,299.658,1.12,1.25
19.08.2021 01:12:51.355,300.06,299.644,1.5,1.75
19.08.2021 01:12:56.655,300.061,299.651,1.12,1.75
19.08.2021 01:12:56.845,300.04900000000004,299.67400000000004,1.12,1.12
19.08.2021 01:13:02.104,300.052,299.676,1.12,1.25
19.08.2021 01:13:02.871,300.083,299.666,1.5,1.75
19.08.2021 01:13:03.101,300.062,299.686,1.12,1.25
19.08.2021 01:13:03.924,300.09200000000004,299.676,1.5,1.75
19.08.2021 01:13:12.632,300.04,299.67400000000004,0.69,1.75
19.08.2021 01:13:14.743,300.061,299.685,1.12,1.25
19.08.2021 01:13:23.890,300.05400000000003,299.67900000000003,1.12,1.25
19.08.2021 01:13:25.725,300.056,299.681,1.12,1.25
19.08.2021 01:13:26.632,300.088,299.671,1.5,1.75
19.08.2021 01:13:28.415,300.03400000000005,299.66700000000003,0.69,1.75
19.08.2021 01:13:29.174,300.055,299.68,1.12,1.25
19.08.2021 01:13:33.091,300.052,299.676,1.12,1.25
19.08.2021 01:13:53.903,300.077,299.661,1.5,1.75
19.08.2021 01:13:59.973,300.051,299.675,1.12,1.25
19.08.2021 01:14:03.201,300.045,299.67,1.12,1.25
19.08.2021 01:14:03.416,300.045,299.67,1.12,1.25
19.08.2021 01:14:04.283,300.047,299.671,1.12,1.25
19.08.2021 01:14:06.451,300.038,299.663,1.12,1.25
19.08.2021 01:14:07.895,300.008,299.644,0.69,1.75
19.08.2021 01:14:15.153,300.008,299.642,0.69,1.75
19.08.2021 01:14:24.019,300.063,299.648,1.5,1.75
19.08.2021 01:14:31.821,300.04200000000003,299.66700000000003,1.12,1.25
19.08.2021 01:14:34.861,300.04200000000003,299.66,1.12,1.25
19.08.2021 01:14:42.477,300.04400000000004,299.66200000000003,1.12,1.25
19.08.2021 01:14:43.194,300.048,299.666,1.12,1.12
19.08.2021 01:14:43.395,300.047,299.66400000000004,1.12,1.25
19.08.2021 01:14:43.599,300.057,299.652,1.5,1.25
19.08.2021 01:15:01.646,300.014,299.676,1,1
19.08.2021 01:15:02.328,300.012,299.675,1,1
19.08.2021 01:15:12.088,300.045,299.64,1.5,1.25
19.08.2021 01:15:12.139,300.045,299.629,1.5,1.75
19.08.2021 01:15:16.161,300.045,299.629,1.5,1.75
19.08.2021 01:15:16.362,300.003,299.666,1,1
19.08.2021 01:15:19.794,300.02500000000003,299.643,1.12,1.25
19.08.2021 01:15:21.322,300.027,299.616,1.5,1.75
19.08.2021 01:15:21.509,300.027,299.616,1.5,1.75
19.08.2021 01:15:21.610,300.014,299.632,1.12,1.25
19.08.2021 01:15:21.971,300.02,299.637,1.12,1.25
19.08.2021 01:15:24.080,300.017,299.634,1.12,1.25
19.08.2021 01:15:30.300,300.02,299.638,1.12,1.25
19.08.2021 01:15:31.083,300.018,299.63599999999997,1.12,1.25
19.08.2021 01:15:32.306,300.018,299.635,1.12,1.25
19.08.2021 01:15:32.581,300.016,299.633,1.12,1.25
19.08.2021 01:15:32.781,300.018,299.635,1.12,1.25
19.08.2021 01:15:34.447,299.996,299.65900000000005,1,1
19.08.2021 01:15:42.744,299.994,299.65700000000004,1,1
19.08.2021 01:15:51.258,300.018,299.635,1.12,1.25
19.08.2021 01:15:54.786,300.018,299.635,1.12,1.25
19.08.2021 01:15:54.988,300.014,299.632,1.12,1.25
19.08.2021 01:17:14.418,300.01,299.627,1.12,1.25
19.08.2021 01:17:17.608,300.006,299.598,1.5,1.75
19.08.2021 01:17:20.205,300.008,299.598,1.5,1.75
19.08.2021 01:17:23.213,299.997,299.615,1.12,1.25
19.08.2021 01:17:23.410,299.995,299.613,1.12,1.25
19.08.2021 01:17:25.211,299.994,299.611,1.12,1.25
19.08.2021 01:17:25.456,300.008,299.598,1.5,1.75
19.08.2021 01:17:57.561,299.997,299.617,1.12,1.75
19.08.2021 01:17:57.938,300.006,299.617,1.5,1.75
19.08.2021 01:18:02.864,299.997,299.617,1.12,1.75
19.08.2021 01:18:11.414,299.987,299.617,1.12,1.75
19.08.2021 01:18:11.565,299.993,299.618,1.5,1.25
19.08.2021 01:18:13.982,299.993,299.621,1.5,1.25
19.08.2021 01:18:16.904,299.993,299.619,1.5,1.25
19.08.2021 01:18:17.106,299.988,299.617,0.85,1.75
19.08.2021 01:18:21.536,299.985,299.611,0.85,1.25
19.08.2021 01:18:27.298,299.97400000000005,299.606,0.85,1.25
19.08.2021 01:18:27.547,299.97200000000004,299.606,0.85,1.25
19.08.2021 01:18:27.844,299.97200000000004,299.606,0.85,1.25
19.08.2021 01:18:28.000,299.97200000000004,299.606,0.85,1.25
19.08.2021 01:18:30.963,299.97200000000004,299.606,0.85,1.25
19.08.2021 01:18:31.704,299.97200000000004,299.606,0.85,1.25
19.08.2021 01:18:48.590,299.983,299.613,1.5,1.25
19.08.2021 01:18:51.110,299.985,299.616,0.85,1.25
19.08.2021 01:18:57.446,299.988,299.591,0.85,1.75
19.08.2021 01:18:57.864,299.988,299.619,0.85,1.25
19.08.2021 01:19:17.738,299.993,299.621,0.85,1.25
19.08.2021 01:19:22.598,299.992,299.60900000000004,0.85,1.25
19.08.2021 01:19:25.944,299.99,299.594,0.85,1.75
19.08.2021 01:19:27.162,299.99,299.618,0.85,1.25
19.08.2021 01:19:30.682,299.992,299.59700000000004,0.85,1.75
19.08.2021 01:19:36.756,299.97400000000005,299.59900000000005,1.12,1.25
19.08.2021 01:19:37.794,300.016,299.598,0.57,1.35
19.08.2021 01:19:37.950,299.991,299.622,0.2,1.85
19.08.2021 01:19:38.597,299.991,299.63599999999997,0.2,1.22
19.08.2021 01:19:40.029,299.991,299.638,0.2,1.35
19.08.2021 01:19:40.080,299.991,299.638,0.2,1.35
19.08.2021 01:19:40.328,299.991,299.648,0.2,1.35
19.08.2021 01:19:40.736,299.991,299.624,0.2,1.35
19.08.2021 01:19:40.954,299.991,299.646,0.2,1.35
19.08.2021 01:19:41.120,300.023,299.704,1.2,0.37
19.08.2021 01:19:41.431,300.066,299.648,0.57,1.35
19.08.2021 01:19:41.932,300.066,299.648,0.57,1.35
19.08.2021 01:19:49.632,300.023,299.653,1.3,1.22
19.08.2021 01:19:51.057,300.023,299.653,1.3,1.22
19.08.2021 01:19:54.271,300.056,299.654,0.57,1.22
19.08.2021 01:20:00.347,300.091,299.652,1.79,1.22
19.08.2021 01:20:00.397,300.091,299.652,1.79,1.22
19.08.2021 01:20:03.093,300.046,299.652,0.57,1.22
19.08.2021 01:20:04.471,300.046,299.652,0.57,1.22
19.08.2021 01:20:07.482,300.036,299.652,0.57,1.22
19.08.2021 01:20:08.883,300.036,299.65000000000003,0.57,1.35
19.08.2021 01:20:10.719,300.036,299.622,0.57,1.85
19.08.2021 01:20:13.993,300.026,299.621,0.57,1.85
19.08.2021 01:20:14.144,300.026,299.67,0.77,1.1
19.08.2021 01:20:22.656,300.026,299.645,0.57,1.35
19.08.2021 01:20:22.757,300.026,299.645,0.57,1.35
19.08.2021 01:20:23.743,300.026,299.646,0.57,1.35
19.08.2021 01:20:24.742,300.026,299.648,0.57,1.35
19.08.2021 01:20:35.077,300.026,299.648,0.57,1.35
19.08.2021 01:20:36.296,300.026,299.65000000000003,0.57,1.35
19.08.2021 01:20:46.868,300.03200000000004,299.651,0.7,1.35
19.08.2021 01:20:50.338,300.038,299.627,0.7,1.85
19.08.2021 01:20:51.101,300.043,299.65900000000005,0.7,1.35
19.08.2021 01:20:56.913,300.046,299.677,0.85,1.1
19.08.2021 01:20:59.637,300.04400000000004,299.673,0.85,1.1
19.08.2021 01:22:28.994,300.031,299.649,0.7,1.35
19.08.2021 01:22:29.185,300.026,299.649,0.57,1.35
19.08.2021 01:22:29.992,300.026,299.649,0.57,1.35
19.08.2021 01:22:30.093,300.026,299.649,0.57,1.35
19.08.2021 01:22:41.936,300.026,299.649,0.55,1.35
19.08.2021 01:22:43.018,300.026,299.649,0.55,1.35
19.08.2021 01:22:44.174,300.026,299.649,0.57,1.35
19.08.2021 01:22:44.225,300.026,299.649,0.57,1.35
19.08.2021 01:22:44.416,300.036,299.65900000000005,0.57,1.22
19.08.2021 01:22:44.795,300.036,299.681,0.77,1.1
19.08.2021 01:22:44.948,300.053,299.68,1.7,1.1
19.08.2021 01:22:48.613,300.036,299.658,0.57,1.22
19.08.2021 01:22:48.892,300.036,299.658,0.57,1.35
19.08.2021 01:22:49.000,300.036,299.658,0.57,1.35
19.08.2021 01:22:49.714,300.036,299.658,0.57,1.35
19.08.2021 01:22:49.858,300.026,299.67400000000004,0.57,0.76
19.08.2021 01:22:49.969,300.026,299.67400000000004,0.57,0.76
19.08.2021 01:22:50.020,300.026,299.65000000000003,0.57,1.35
19.08.2021 01:22:50.070,300.026,299.65000000000003,0.57,1.35
19.08.2021 01:22:50.121,300.026,299.65000000000003,0.57,1.35
19.08.2021 01:22:50.257,300.026,299.65000000000003,0.57,1.35
19.08.2021 01:22:52.779,300.026,299.65000000000003,0.57,1.35
19.08.2021 01:22:54.942,300.053,299.65000000000003,1.7,1.35
19.08.2021 01:22:56.308,300.053,299.65000000000003,1.7,1.35
19.08.2021 01:22:58.450,300.053,299.656,1.7,1.25
19.08.2021 01:23:00.224,300.038,299.656,0.7,1.35
19.08.2021 01:23:01.009,300.036,299.656,0.57,1.35
19.08.2021 01:23:04.029,300.036,299.656,0.57,1.35
19.08.2021 01:23:04.572,300.036,299.656,0.57,1.35
19.08.2021 01:23:04.773,300.036,299.652,0.57,1.35
19.08.2021 01:23:07.037,300.036,299.65500000000003,0.57,1.35
19.08.2021 01:23:07.087,300.036,299.65500000000003,0.57,1.35
19.08.2021 01:23:19.956,300.038,299.682,0.85,1.1
19.08.2021 01:23:21.023,300.038,299.682,0.85,1.1
19.08.2021 01:23:25.660,300.036,299.682,0.77,1.1
19.08.2021 01:23:29.583,300.063,299.646,1.6,1.35
19.08.2021 01:23:29.683,300.063,299.645,1.7,1.75
19.08.2021 01:23:32.656,300.063,299.67400000000004,1.7,1.25
19.08.2021 01:23:35.473,300.063,299.67400000000004,1.7,1.25
19.08.2021 01:23:38.746,300.063,299.67400000000004,1.7,1.25
19.08.2021 01:23:39.096,300.063,299.67400000000004,1.7,1.25
19.08.2021 01:23:40.070,300.063,299.695,1.7,1
19.08.2021 01:24:00.288,300.063,299.67400000000004,1.7,1.12
19.08.2021 01:24:06.351,300.063,299.673,1.7,1.12
19.08.2021 01:24:55.287,300.093,299.694,1.77,1
19.08.2021 01:25:15.155,300.093,299.695,1.7,0.69
19.08.2021 01:25:43.450,300.083,299.645,1.7,1.75
19.08.2021 01:25:47.926,300.083,299.665,1.7,1.25
19.08.2021 01:25:51.107,300.083,299.663,1.7,1.25
19.08.2021 01:26:01.233,300.083,299.69599999999997,1.7,0.69
19.08.2021 01:26:12.094,300.073,299.689,1.7,1
19.08.2021 01:26:12.295,300.073,299.687,1.7,1
19.08.2021 01:26:26.056,300.073,299.69,1.7,1
19.08.2021 01:26:27.307,300.073,299.697,1.7,1
19.08.2021 01:26:27.458,300.073,299.699,1.7,1
19.08.2021 01:26:32.400,300.073,299.67400000000004,1.7,1.12
19.08.2021 01:26:42.702,300.073,299.698,1.7,1
19.08.2021 01:26:51.622,300.073,299.67400000000004,1.7,1.12
19.08.2021 01:27:18.442,300.093,299.67400000000004,1.7,1.12
19.08.2021 01:27:20.592,300.093,299.67400000000004,1.7,1.12
19.08.2021 01:27:47.637,300.093,299.694,1.77,1
19.08.2021 01:27:47.990,300.084,299.685,1,1
19.08.2021 01:28:03.561,300.093,299.66400000000004,1.59,1.12
19.08.2021 01:28:03.712,300.093,299.672,1.59,1.12
19.08.2021 01:28:20.304,300.083,299.67400000000004,1.7,1.12
19.08.2021 01:28:20.458,300.083,299.688,1.7,1
19.08.2021 01:28:32.813,300.083,299.714,1.65,0.37
19.08.2021 01:28:33.016,300.083,299.626,1.5,1.75
19.08.2021 01:28:45.793,300.083,299.654,1.65,1.12
19.08.2021 01:29:04.568,300.053,299.67900000000003,1.7,0.69
19.08.2021 01:29:08.796,300.053,299.656,1.7,1.12
19.08.2021 01:29:09.522,300.053,299.63,1.7,1.25
19.08.2021 01:29:14.212,300.053,299.684,1.7,0.69
19.08.2021 01:29:14.365,300.053,299.686,1.7,0.69
19.08.2021 01:29:17.260,300.068,299.694,1.5,0.69
19.08.2021 01:29:21.580,300.073,299.698,1.7,0.69
19.08.2021 01:29:23.700,300.073,299.678,1.7,1.12
19.08.2021 01:29:26.641,300.073,299.645,1.7,1.5
19.08.2021 01:29:40.302,300.073,299.65700000000004,1.7,1.12
19.08.2021 01:29:42.194,300.073,299.66700000000003,1.7,1.12
19.08.2021 01:29:51.419,300.073,299.678,1.7,1.12
19.08.2021 01:29:51.656,300.073,299.672,1.7,1.12
19.08.2021 01:29:54.394,300.073,299.661,1.7,1.12
19.08.2021 01:29:55.402,300.083,299.644,1.7,1.5
19.08.2021 01:29:56.991,300.083,299.66200000000003,1.59,1.12
19.08.2021 01:30:00.503,300.024,299.622,0.65,1.85
19.08.2021 01:30:00.604,300.019,299.616,0.7,1.85
19.08.2021 01:30:02.783,300.006,299.628,0.55,1.22
19.08.2021 01:30:03.563,300.008,299.627,0.7,1.22
19.08.2021 01:30:03.715,300.006,299.627,0.55,1.22
19.08.2021 01:30:03.911,300.008,299.627,0.7,1.22
19.08.2021 01:30:04.415,300.02500000000003,299.62,0.7,1.6
19.08.2021 01:30:04.665,300.036,299.704,0.57,0.37
19.08.2021 01:30:04.787,300.053,299.63,0.89,1.6
19.08.2021 01:30:04.887,300.03200000000004,299.694,0.6,0.37
19.08.2021 01:30:04.938,300.026,299.694,0.47,0.37
19.08.2021 01:30:05.066,300.026,299.624,0.57,1.6
19.08.2021 01:30:05.167,300.053,299.624,1.5,1.5
19.08.2021 01:30:05.271,300.026,299.624,0.57,1.6
19.08.2021 01:30:05.473,300.021,299.641,0.7,1.22
19.08.2021 01:30:06.299,300.016,299.639,0.55,1.22
19.08.2021 01:30:06.420,300.019,299.621,0.7,1.6
19.08.2021 01:30:07.081,300.016,299.638,0.55,1.22
19.08.2021 01:30:07.288,300.016,299.615,0.7,1.6
19.08.2021 01:30:08.939,300.006,299.631,0.55,1.22
19.08.2021 01:30:09.227,300.006,299.631,0.57,1.22
19.08.2021 01:30:09.667,300.006,299.631,0.55,1.22
19.08.2021 01:30:09.717,300.006,299.631,0.57,1.22
19.08.2021 01:30:10.066,300.006,299.631,0.57,1.22
19.08.2021 01:30:10.459,300.006,299.631,0.57,1.22
19.08.2021 01:30:11.310,300.006,299.628,0.57,1.22
19.08.2021 01:30:11.360,300.006,299.628,0.57,1.22
19.08.2021 01:30:11.603,300.007,299.61,0.7,1.6
19.08.2021 01:30:11.654,300.006,299.61,0.57,1.6
19.08.2021 01:30:11.881,300.006,299.628,0.57,1.22
19.08.2021 01:30:12.567,300.006,299.629,0.57,1.22
19.08.2021 01:30:13.018,300.006,299.629,0.57,1.22
19.08.2021 01:30:13.069,300.04900000000004,299.629,0.79,1.12
19.08.2021 01:30:13.124,300.006,299.629,0.57,1.22
19.08.2021 01:30:13.340,300.006,299.629,0.57,1.22
19.08.2021 01:30:13.745,300.006,299.629,0.57,1.22
19.08.2021 01:30:14.731,300.006,299.629,0.57,1.22
19.08.2021 01:30:15.104,300.016,299.634,0.57,1.22
19.08.2021 01:30:15.355,300.006,299.631,0.57,1.22
19.08.2021 01:30:15.406,300.006,299.631,0.57,1.22
19.08.2021 01:30:17.900,300.006,299.631,0.57,1.22
19.08.2021 01:30:18.941,300.006,299.63,0.57,1.22
19.08.2021 01:30:19.236,300.006,299.63,0.57,1.22
19.08.2021 01:30:19.369,300.016,299.618,0.57,1.22
19.08.2021 01:30:19.469,300.016,299.623,0.57,1.6
19.08.2021 01:30:19.630,300.017,299.642,0.7,1.22
19.08.2021 01:30:19.935,300.016,299.642,0.57,1.22
19.08.2021 01:30:19.985,300.016,299.642,0.57,1.22
19.08.2021 01:30:20.260,300.017,299.642,0.7,1.22
19.08.2021 01:30:20.660,300.016,299.642,0.57,1.22
19.08.2021 01:30:20.711,300.016,299.642,0.57,1.22
19.08.2021 01:30:21.565,300.017,299.642,0.7,1.22
19.08.2021 01:30:22.194,300.016,299.638,0.57,1.22
19.08.2021 01:30:27.084,300.062,299.638,0.79,1.12
19.08.2021 01:30:27.270,300.017,299.66400000000004,0.85,1.1
19.08.2021 01:30:28.161,300.02500000000003,299.66400000000004,0.85,1.1
19.08.2021 01:30:29.362,300.02,299.66400000000004,0.85,1.1
19.08.2021 01:30:30.839,300.017,299.65900000000005,0.85,1.1
19.08.2021 01:30:31.009,300.016,299.65900000000005,0.77,1.1
19.08.2021 01:30:31.059,300.017,299.65900000000005,0.85,1.1
19.08.2021 01:30:31.160,300.016,299.65900000000005,0.77,1.1
19.08.2021 01:30:31.321,300.016,299.658,0.77,1.1
19.08.2021 01:30:31.372,300.016,299.658,0.77,1.1
19.08.2021 01:30:33.688,300.012,299.65500000000003,0.85,1.1
19.08.2021 01:30:33.839,300.007,299.629,0.7,1.22
19.08.2021 01:30:33.939,300.006,299.629,0.57,1.22
19.08.2021 01:30:33.990,300.007,299.629,0.7,1.22
19.08.2021 01:30:34.182,300.014,299.629,0.7,1.22
19.08.2021 01:30:35.234,300.01,299.629,0.7,1.22
19.08.2021 01:30:35.659,300.006,299.629,0.57,1.22
19.08.2021 01:30:35.986,300.006,299.629,0.57,1.22
19.08.2021 01:30:36.354,300.006,299.629,0.57,1.22
19.08.2021 01:30:39.315,300.047,299.627,0.79,1.12
19.08.2021 01:30:39.365,300.006,299.627,0.57,1.22
19.08.2021 01:30:39.647,300.006,299.627,0.57,1.22
19.08.2021 01:30:41.089,300.007,299.611,0.7,1.6
19.08.2021 01:30:41.240,300.014,299.638,0.7,1.22
19.08.2021 01:30:41.290,300.016,299.638,0.57,1.22
19.08.2021 01:30:44.138,300.016,299.638,0.55,1.22
19.08.2021 01:30:44.189,300.02,299.638,0.7,1.22
19.08.2021 01:30:45.252,300.018,299.638,0.7,1.22
19.08.2021 01:30:45.660,300.016,299.638,0.57,1.22
19.08.2021 01:30:47.161,300.016,299.638,0.57,1.22
19.08.2021 01:30:47.344,300.017,299.663,0.85,1.1
19.08.2021 01:30:47.908,300.016,299.663,0.77,1.1
19.08.2021 01:30:51.102,300.017,299.663,0.85,1.1
19.08.2021 01:30:51.328,300.02,299.66400000000004,0.85,1.1
19.08.2021 01:30:51.490,300.02,299.66400000000004,0.85,1.1
19.08.2021 01:30:51.541,300.017,299.66400000000004,0.85,1.1
19.08.2021 01:30:52.543,300.016,299.66200000000003,0.77,1.1
19.08.2021 01:30:54.136,300.016,299.64,0.57,1.22
19.08.2021 01:30:54.237,300.016,299.64,0.57,1.22
19.08.2021 01:30:54.923,300.016,299.638,0.57,1.22
19.08.2021 01:30:55.024,300.016,299.638,0.57,1.22
19.08.2021 01:30:55.125,300.009,299.61400000000003,0.7,1.22
19.08.2021 01:30:55.176,300.006,299.61400000000003,0.57,1.22
19.08.2021 01:30:55.560,300.007,299.61400000000003,0.7,1.22
19.08.2021 01:30:55.671,300.006,299.61400000000003,0.57,1.22
19.08.2021 01:30:56.579,300.016,299.63599999999997,0.57,1.22
19.08.2021 01:30:57.496,300.016,299.639,0.57,1.22
19.08.2021 01:30:59.059,300.016,299.639,0.57,1.22
19.08.2021 01:30:59.373,300.016,299.639,0.57,1.22
19.08.2021 01:31:02.005,300.017,299.626,0.7,1.6
19.08.2021 01:31:02.114,300.02,299.646,0.7,1.22
19.08.2021 01:31:02.165,300.026,299.646,0.57,1.22
19.08.2021 01:31:02.265,300.026,299.646,0.57,1.22
19.08.2021 01:31:03.117,300.028,299.634,0.7,1.85
19.08.2021 01:31:03.167,300.026,299.634,0.57,1.85
19.08.2021 01:31:03.288,300.03000000000003,299.654,0.7,1.22
19.08.2021 01:31:03.418,300.036,299.654,0.57,1.22
19.08.2021 01:31:03.556,300.036,299.654,0.57,1.22
19.08.2021 01:31:03.857,300.036,299.654,0.57,1.22
19.08.2021 01:31:04.144,300.036,299.654,0.57,1.22
19.08.2021 01:31:04.266,300.036,299.638,0.57,1.6
19.08.2021 01:31:04.457,300.036,299.65700000000004,0.57,1.22
19.08.2021 01:31:04.838,300.036,299.65700000000004,0.57,1.22
19.08.2021 01:31:06.316,300.036,299.639,0.57,1.6
19.08.2021 01:31:06.882,300.036,299.66,0.55,1.22
19.08.2021 01:31:07.311,300.036,299.65500000000003,0.57,1.22
19.08.2021 01:31:07.412,300.036,299.65500000000003,0.57,1.22
19.08.2021 01:31:07.728,300.036,299.65500000000003,0.57,1.22
19.08.2021 01:31:07.778,300.036,299.65500000000003,0.57,1.22
19.08.2021 01:31:09.616,300.036,299.654,0.57,1.22
19.08.2021 01:31:09.667,300.036,299.654,0.57,1.22
19.08.2021 01:31:10.893,300.036,299.654,0.57,1.22
19.08.2021 01:31:11.132,300.036,299.654,0.57,1.22
19.08.2021 01:31:13.460,300.036,299.654,0.57,1.22
19.08.2021 01:31:13.627,300.036,299.654,0.57,1.22
19.08.2021 01:31:15.289,300.036,299.65500000000003,0.57,1.22
19.08.2021 01:31:15.369,300.036,299.65500000000003,0.57,1.22
19.08.2021 01:31:15.866,300.026,299.652,0.55,1.22
19.08.2021 01:31:16.321,300.026,299.646,0.57,1.22
19.08.2021 01:31:16.492,300.026,299.646,0.57,1.22
19.08.2021 01:31:16.762,300.026,299.634,0.55,1.35
19.08.2021 01:31:16.863,300.026,299.652,0.57,1.22
19.08.2021 01:31:16.913,300.026,299.652,0.55,1.22
19.08.2021 01:31:20.859,300.026,299.63,0.57,1.85
19.08.2021 01:31:20.959,300.026,299.645,0.57,1.22
19.08.2021 01:31:21.060,300.026,299.648,0.57,1.22
19.08.2021 01:31:21.183,300.026,299.63,0.57,1.85
19.08.2021 01:31:24.163,300.026,299.646,0.57,1.22
19.08.2021 01:31:27.101,300.026,299.67,0.72,1.1
19.08.2021 01:31:27.333,300.07,299.672,0.97,1
19.08.2021 01:31:27.774,300.029,299.672,0.85,1.1
19.08.2021 01:31:31.387,300.031,299.675,0.85,1.1
19.08.2021 01:31:31.585,300.036,299.677,0.72,1.1
19.08.2021 01:31:34.846,300.036,299.65500000000003,0.57,1.22
19.08.2021 01:31:35.116,300.036,299.654,0.57,1.22
19.08.2021 01:31:36.296,300.036,299.654,0.57,1.22
19.08.2021 01:31:36.346,300.036,299.654,0.57,1.22
19.08.2021 01:31:40.099,300.036,299.652,0.57,1.22
19.08.2021 01:31:41.056,300.028,299.652,0.7,1.22
19.08.2021 01:31:41.207,300.063,299.64,1.5,1.5
19.08.2021 01:31:41.308,300.036,299.644,0.55,1.6
19.08.2021 01:31:41.359,300.038,299.644,0.7,1.6
19.08.2021 01:31:45.408,300.046,299.665,0.57,1.22
19.08.2021 01:31:46.181,300.046,299.66900000000004,0.57,1.22
19.08.2021 01:31:47.076,300.046,299.66900000000004,0.57,1.22
19.08.2021 01:31:47.231,300.046,299.66900000000004,0.57,1.22
19.08.2021 01:31:56.919,300.046,299.66900000000004,0.57,1.22
19.08.2021 01:31:59.227,300.046,299.67,0.55,1.22
19.08.2021 01:32:00.660,300.046,299.67,0.57,1.22
19.08.2021 01:32:00.710,300.046,299.67,0.57,1.22
19.08.2021 01:32:01.716,300.046,299.66900000000004,0.55,1.22
19.08.2021 01:32:02.193,300.046,299.66900000000004,0.57,1.22
19.08.2021 01:32:02.244,300.046,299.66900000000004,0.57,1.22
19.08.2021 01:32:05.902,300.046,299.686,0.85,1.1
19.08.2021 01:32:06.227,300.036,299.641,0.55,1.6
19.08.2021 01:32:06.328,300.041,299.658,0.7,1.22
19.08.2021 01:32:06.428,300.036,299.658,0.55,1.22
19.08.2021 01:32:06.687,300.036,299.658,0.57,1.22
19.08.2021 01:32:13.984,300.033,299.66700000000003,1.2,1.22
19.08.2021 01:32:14.035,300.033,299.66700000000003,1.2,1.22
19.08.2021 01:32:26.246,300.033,299.66,1.2,1.5
19.08.2021 01:32:28.466,300.033,299.661,1.2,1.5
19.08.2021 01:32:34.263,300.033,299.66200000000003,1.2,1.5
19.08.2021 01:32:34.832,300.033,299.652,1.2,1.5
19.08.2021 01:32:38.093,300.033,299.653,1.2,1.5
19.08.2021 01:32:42.194,300.033,299.663,1.2,1.85
19.08.2021 01:32:42.351,300.053,299.67,1,1.5
19.08.2021 01:32:42.451,300.066,299.67,0.57,1.5
19.08.2021 01:32:42.581,300.066,299.668,0.57,1.5
19.08.2021 01:32:42.787,300.066,299.668,0.57,1.5
19.08.2021 01:32:42.906,300.066,299.666,0.57,1.5
19.08.2021 01:32:43.133,300.033,299.658,1.2,1.5
19.08.2021 01:32:43.816,300.056,299.65900000000005,0.57,1.5
19.08.2021 01:32:45.791,300.056,299.65900000000005,0.57,1.5
19.08.2021 01:32:48.915,300.056,299.651,0.77,1.5
19.08.2021 01:32:49.061,300.056,299.651,0.57,1.5
19.08.2021 01:32:49.112,300.046,299.649,0.57,1.5
19.08.2021 01:32:49.162,300.046,299.649,0.57,1.5
19.08.2021 01:32:49.325,300.046,299.649,0.57,1.5
19.08.2021 01:32:50.315,300.046,299.649,0.57,1.5
19.08.2021 01:32:51.053,300.046,299.649,0.57,1.5
19.08.2021 01:32:51.560,300.046,299.646,0.57,1.5
19.08.2021 01:32:52.345,300.036,299.642,0.57,1.5
19.08.2021 01:32:52.496,300.036,299.637,0.57,1.5
19.08.2021 01:32:52.724,300.036,299.637,0.57,1.5
19.08.2021 01:32:53.524,300.036,299.637,0.57,1.5
19.08.2021 01:32:53.634,300.036,299.628,0.57,1.5
19.08.2021 01:32:53.685,300.033,299.628,1.2,1.5
19.08.2021 01:32:53.850,300.033,299.628,1.7,1.5
19.08.2021 01:32:54.668,300.03000000000003,299.622,0.7,1.5
19.08.2021 01:32:55.411,300.02500000000003,299.611,0.7,1.5
19.08.2021 01:32:56.401,300.013,299.60200000000003,1.5,1.5
19.08.2021 01:32:57.311,299.996,299.59000000000003,0.57,1.5
19.08.2021 01:32:57.361,299.994,299.586,0.7,1.5
19.08.2021 01:32:58.065,299.986,299.582,0.55,1.5
19.08.2021 01:32:58.219,299.986,299.572,0.57,1.51
19.08.2021 01:32:58.320,299.978,299.572,0.7,1.5
19.08.2021 01:32:58.621,299.981,299.574,0.7,1.5
19.08.2021 01:32:58.853,299.973,299.57,1.2,1.5
19.08.2021 01:32:58.962,299.973,299.566,1.7,1.85
19.08.2021 01:33:00.022,300.019,299.567,0.79,1.75
19.08.2021 01:33:00.196,299.985,299.567,0.7,1.5
19.08.2021 01:33:00.246,299.98400000000004,299.577,0.7,1.5
19.08.2021 01:33:00.360,299.976,299.577,0.57,1.5
19.08.2021 01:33:00.413,299.966,299.577,0.57,1.5
19.08.2021 01:33:01.264,299.966,299.578,0.57,1.5
19.08.2021 01:33:01.365,299.976,299.581,0.57,1.5
19.08.2021 01:33:01.466,299.976,299.581,0.57,1.5
19.08.2021 01:33:02.319,299.976,299.582,0.57,1.5
19.08.2021 01:33:02.420,299.973,299.588,1.3,1.5
19.08.2021 01:33:02.471,299.976,299.588,0.57,1.5
19.08.2021 01:33:02.670,299.976,299.588,0.57,1.5
19.08.2021 01:33:04.569,299.973,299.595,1.2,1.5
19.08.2021 01:33:04.620,300.07099999999997,299.598,1.7,1.5
19.08.2021 01:33:04.721,300.07099999999997,299.598,1.6,1.5
19.08.2021 01:33:04.771,300.07099999999997,299.598,1.7,1.5
19.08.2021 01:33:05.056,299.996,299.601,0.57,1.5
19.08.2021 01:33:05.295,299.996,299.60200000000003,0.57,1.5
19.08.2021 01:33:05.909,299.996,299.60200000000003,0.57,1.5
19.08.2021 01:33:07.118,299.996,299.60200000000003,0.57,1.5
19.08.2021 01:33:07.219,299.996,299.611,0.57,1.5
19.08.2021 01:33:07.320,300.016,299.611,0.57,1.5
19.08.2021 01:33:07.481,300.006,299.616,0.57,1.5
19.08.2021 01:33:10.675,300.016,299.617,0.77,1.5
19.08.2021 01:33:10.826,300.016,299.621,0.57,1.5
19.08.2021 01:33:10.938,300.061,299.627,0.79,1.5
19.08.2021 01:33:11.038,300.016,299.627,0.57,1.5
19.08.2021 01:33:11.089,300.026,299.629,0.57,1.5
19.08.2021 01:33:11.958,300.026,299.629,0.57,1.5
19.08.2021 01:33:12.008,300.026,299.631,0.57,1.5
19.08.2021 01:33:12.125,300.026,299.631,0.57,1.5
19.08.2021 01:33:12.226,300.026,299.63599999999997,0.57,1.5
19.08.2021 01:33:12.326,300.026,299.63,0.57,1.5
19.08.2021 01:33:12.377,300.026,299.63,0.57,1.5
19.08.2021 01:33:12.516,300.026,299.63,0.57,1.5
19.08.2021 01:33:12.815,300.026,299.629,0.57,1.5
19.08.2021 01:33:13.401,300.026,299.629,0.57,1.5
19.08.2021 01:33:13.668,300.026,299.629,0.57,1.5
19.08.2021 01:33:13.719,300.026,299.629,0.57,1.5
19.08.2021 01:33:14.121,300.026,299.629,0.57,1.5
19.08.2021 01:33:14.325,300.026,299.629,0.57,1.5
19.08.2021 01:33:14.375,300.026,299.629,0.57,1.5
19.08.2021 01:33:15.430,300.026,299.629,0.57,1.5
19.08.2021 01:33:16.068,300.026,299.629,0.57,1.5
19.08.2021 01:33:16.118,300.026,299.629,0.57,1.5
19.08.2021 01:33:17.924,300.026,299.629,0.57,1.5
19.08.2021 01:33:18.278,300.026,299.631,0.57,1.5
19.08.2021 01:33:18.329,300.026,299.629,0.57,1.5
19.08.2021 01:33:19.145,300.026,299.631,0.57,1.5
19.08.2021 01:33:19.267,300.026,299.634,0.57,1.5
19.08.2021 01:33:19.402,300.026,299.634,0.57,1.5
19.08.2021 01:33:19.670,300.026,299.63599999999997,0.57,1.5
19.08.2021 01:33:19.842,300.026,299.64,0.57,1.5
19.08.2021 01:33:19.892,300.036,299.64,0.57,1.5
19.08.2021 01:33:22.258,300.036,299.641,0.57,1.5
19.08.2021 01:33:22.752,300.036,299.641,0.77,1.5
19.08.2021 01:33:22.903,300.026,299.631,0.77,1.5
19.08.2021 01:33:23.141,300.026,299.631,0.77,1.5
19.08.2021 01:33:23.439,300.026,299.633,0.77,1.5
19.08.2021 01:33:23.564,300.026,299.633,0.77,1.5
19.08.2021 01:33:27.105,300.036,299.63599999999997,0.77,1.5
19.08.2021 01:33:27.224,300.036,299.63599999999997,0.77,1.5
19.08.2021 01:33:27.466,300.036,299.64,0.77,1.5
19.08.2021 01:33:27.843,300.036,299.642,0.57,1.5
19.08.2021 01:33:27.962,300.036,299.642,0.57,1.5
19.08.2021 01:33:28.136,300.036,299.642,0.57,1.5
19.08.2021 01:33:28.600,300.036,299.642,0.57,1.5
19.08.2021 01:33:28.650,300.036,299.642,0.57,1.5
19.08.2021 01:33:28.768,300.036,299.642,0.57,1.5
19.08.2021 01:33:30.974,300.036,299.642,0.57,1.5
19.08.2021 01:33:31.363,300.036,299.64,0.57,1.5
19.08.2021 01:33:31.414,300.036,299.64,0.57,1.5
19.08.2021 01:33:36.980,300.036,299.64,0.57,1.5
19.08.2021 01:33:37.111,300.036,299.64,0.57,1.5
19.08.2021 01:33:37.162,300.036,299.64,0.57,1.5
19.08.2021 01:33:37.762,300.036,299.64,0.57,1.5
19.08.2021 01:33:37.812,300.036,299.64,0.57,1.5
19.08.2021 01:33:39.637,300.036,299.647,0.57,1.5
19.08.2021 01:33:39.759,300.036,299.644,0.57,1.5
19.08.2021 01:33:40.048,300.036,299.642,0.57,1.5
19.08.2021 01:33:41.439,300.046,299.646,0.57,1.5
19.08.2021 01:33:41.571,300.046,299.646,0.57,1.5
19.08.2021 01:33:41.621,300.046,299.646,0.57,1.5
19.08.2021 01:33:43.144,300.036,299.646,0.57,1.5
19.08.2021 01:33:43.390,300.036,299.644,0.57,1.5
19.08.2021 01:33:44.130,300.036,299.641,0.57,1.5
19.08.2021 01:33:45.659,300.036,299.641,0.57,1.5
19.08.2021 01:33:48.554,300.036,299.641,0.57,1.5
19.08.2021 01:33:48.617,300.036,299.641,0.57,1.5
19.08.2021 01:33:48.755,300.078,299.641,0.89,1.5
19.08.2021 01:33:50.288,300.036,299.641,0.57,1.5
19.08.2021 01:33:51.568,300.036,299.641,0.57,1.5
19.08.2021 01:33:52.383,300.036,299.641,0.57,1.5
19.08.2021 01:33:52.484,300.036,299.634,0.57,1.5
19.08.2021 01:33:52.586,300.026,299.634,0.57,1.5
19.08.2021 01:33:52.687,300.026,299.634,0.57,1.5
19.08.2021 01:33:52.861,300.026,299.631,0.57,1.5
19.08.2021 01:33:55.857,300.026,299.629,0.57,1.5
19.08.2021 01:33:55.990,300.026,299.629,0.57,1.5
19.08.2021 01:33:57.563,300.026,299.629,0.57,1.5
19.08.2021 01:33:57.745,300.026,299.629,0.57,1.5
19.08.2021 01:33:57.795,300.026,299.629,0.57,1.5
19.08.2021 01:33:57.899,300.026,299.629,0.57,1.5
19.08.2021 01:33:57.949,300.026,299.629,0.57,1.5
19.08.2021 01:34:00.354,300.026,299.629,0.57,1.5
19.08.2021 01:34:03.218,300.026,299.628,0.57,1.5
19.08.2021 01:34:05.704,300.026,299.628,0.57,1.5
19.08.2021 01:34:09.093,300.026,299.628,0.57,1.5
19.08.2021 01:34:09.302,300.026,299.628,0.57,1.5
19.08.2021 01:34:09.685,300.026,299.628,0.57,1.5
19.08.2021 01:34:25.826,300.026,299.627,0.47,1.5
19.08.2021 01:34:29.557,300.033,299.63,0.7,1.5
19.08.2021 01:34:29.838,300.026,299.629,0.57,1.5
19.08.2021 01:34:30.867,300.026,299.629,0.57,1.5
19.08.2021 01:34:32.226,300.026,299.627,0.57,1.5
19.08.2021 01:34:51.317,300.026,299.627,0.57,1.5
19.08.2021 01:34:52.448,300.026,299.627,0.57,1.5
19.08.2021 01:34:52.588,300.026,299.627,0.57,1.5
19.08.2021 01:34:53.394,300.026,299.627,0.57,1.5
19.08.2021 01:34:54.199,300.026,299.629,0.57,1.5
19.08.2021 01:34:54.300,300.026,299.629,0.57,1.5
19.08.2021 01:34:54.400,300.026,299.629,0.57,1.5
19.08.2021 01:34:54.642,300.026,299.629,0.57,1.5
19.08.2021 01:34:55.371,300.026,299.629,0.57,1.5
19.08.2021 01:34:55.574,300.026,299.629,0.57,1.5
19.08.2021 01:34:55.624,300.016,299.625,0.57,1.5
19.08.2021 01:34:55.789,300.016,299.625,0.57,1.5
19.08.2021 01:34:55.997,300.016,299.624,0.57,1.5
19.08.2021 01:35:07.774,300.016,299.619,0.77,1.5
19.08.2021 01:35:07.824,300.006,299.619,0.77,1.5
19.08.2021 01:35:07.943,300.006,299.619,0.77,1.5
19.08.2021 01:35:08.083,300.006,299.619,0.77,1.5
19.08.2021 01:35:08.395,300.016,299.616,0.77,1.5
19.08.2021 01:35:08.495,300.016,299.619,0.77,1.5
19.08.2021 01:35:08.752,300.016,299.622,0.77,1.5
19.08.2021 01:35:08.854,300.016,299.622,0.77,1.5
19.08.2021 01:35:08.904,300.016,299.622,0.77,1.5
19.08.2021 01:35:11.152,300.016,299.62,0.57,1.5
19.08.2021 01:35:11.302,300.006,299.62,0.57,1.5
19.08.2021 01:35:11.958,300.016,299.625,0.57,1.5
19.08.2021 01:35:12.049,300.016,299.625,0.57,1.5
19.08.2021 01:35:12.157,300.016,299.625,0.57,1.5
19.08.2021 01:35:12.604,300.006,299.622,0.57,1.5
19.08.2021 01:35:12.655,300.006,299.618,0.57,1.5
19.08.2021 01:35:12.769,300.006,299.618,0.57,1.5
19.08.2021 01:35:13.967,300.006,299.615,0.57,1.5
19.08.2021 01:35:16.098,300.006,299.615,0.57,1.5
19.08.2021 01:35:16.446,300.016,299.615,0.57,1.5
19.08.2021 01:35:16.677,300.006,299.617,0.57,1.5
19.08.2021 01:35:17.351,300.006,299.617,0.57,1.5
19.08.2021 01:35:19.287,300.006,299.617,0.57,1.5
19.08.2021 01:35:19.337,300.006,299.617,0.57,1.5
19.08.2021 01:35:19.993,300.006,299.617,0.57,1.5
19.08.2021 01:35:21.870,300.006,299.617,0.57,1.5
19.08.2021 01:35:21.920,300.006,299.617,0.57,1.5
19.08.2021 01:35:23.430,300.006,299.617,0.57,1.5
19.08.2021 01:35:23.750,300.016,299.617,0.57,1.5
19.08.2021 01:35:23.967,300.016,299.619,0.77,1.5
19.08.2021 01:35:26.720,300.016,299.621,0.77,1.5
19.08.2021 01:35:28.333,300.016,299.625,0.77,1.5
19.08.2021 01:35:35.862,300.026,299.629,0.57,1.5
19.08.2021 01:35:35.983,300.065,299.629,0.79,1.5
19.08.2021 01:35:36.034,300.026,299.629,0.57,1.5
19.08.2021 01:35:36.907,300.026,299.627,0.57,1.5
19.08.2021 01:35:38.194,300.026,299.627,0.57,1.5
19.08.2021 01:35:38.245,300.026,299.627,0.57,1.5
19.08.2021 01:35:39.103,300.026,299.629,0.57,1.5
19.08.2021 01:35:39.271,300.036,299.63599999999997,0.57,1.5
19.08.2021 01:35:39.423,300.036,299.639,0.57,1.5
19.08.2021 01:35:39.554,300.036,299.639,0.57,1.5
19.08.2021 01:35:39.716,300.036,299.639,0.57,1.5
19.08.2021 01:35:41.587,300.036,299.637,0.57,1.5
19.08.2021 01:35:41.638,300.036,299.637,0.57,1.5
19.08.2021 01:35:42.342,300.023,299.638,1.3,1.5
19.08.2021 01:35:43.407,300.036,299.634,0.57,1.5
19.08.2021 01:35:43.458,300.026,299.634,0.57,1.5
19.08.2021 01:35:43.508,300.026,299.634,0.57,1.5
19.08.2021 01:35:43.618,300.026,299.631,0.57,1.5
19.08.2021 01:35:43.762,300.026,299.629,0.57,1.5
19.08.2021 01:35:43.862,300.026,299.629,0.57,1.5
19.08.2021 01:35:43.999,300.016,299.629,0.57,1.5
19.08.2021 01:35:44.149,300.016,299.627,0.57,1.5
19.08.2021 01:35:44.412,300.016,299.627,0.57,1.5
19.08.2021 01:35:45.410,300.016,299.627,0.57,1.5
19.08.2021 01:35:50.836,300.026,299.629,0.57,1.5
19.08.2021 01:35:51.011,300.026,299.629,0.57,1.5
19.08.2021 01:35:51.112,300.026,299.629,0.57,1.5
19.08.2021 01:35:51.218,300.026,299.631,0.57,1.5
19.08.2021 01:35:51.375,300.026,299.634,0.57,1.5
19.08.2021 01:35:51.426,300.026,299.635,0.57,1.5
19.08.2021 01:35:51.527,300.026,299.635,0.57,1.5
19.08.2021 01:35:51.750,300.026,299.635,0.57,1.5
19.08.2021 01:35:51.801,300.026,299.635,0.57,1.5
19.08.2021 01:35:52.219,300.026,299.635,0.57,1.5
19.08.2021 01:35:53.267,300.012,299.635,0.2,1.5
19.08.2021 01:35:53.422,300.012,299.635,0.2,1.5
19.08.2021 01:35:59.113,300.017,299.635,0.1,1.5
19.08.2021 01:35:59.164,300.017,299.639,0.2,1.5
19.08.2021 01:35:59.267,300.017,299.639,0.2,1.5
19.08.2021 01:36:05.759,300.02,299.642,0.2,1.5
19.08.2021 01:36:15.890,300.02500000000003,299.643,0.2,1.5
19.08.2021 01:36:16.156,300.02500000000003,299.632,0.2,1.5
19.08.2021 01:36:16.207,300.014,299.632,0.2,1.5
19.08.2021 01:36:16.313,300.009,299.629,0.2,1.5
19.08.2021 01:36:16.519,300.01099999999997,299.629,0.2,1.5
19.08.2021 01:36:16.570,300.009,299.629,0.2,1.5
19.08.2021 01:36:20.909,300.016,299.625,0.57,1.5
19.08.2021 01:36:31.877,300.016,299.623,0.57,1.85
19.08.2021 01:36:31.978,300.026,299.629,0.57,1.5
19.08.2021 01:36:34.096,300.026,299.629,0.77,1.5
19.08.2021 01:36:38.921,300.016,299.629,0.57,1.5
19.08.2021 01:36:39.051,300.016,299.629,0.57,1.5
19.08.2021 01:36:39.152,300.026,299.633,0.57,1.5
19.08.2021 01:36:39.253,300.026,299.633,0.57,1.5
19.08.2021 01:36:39.485,300.026,299.633,0.57,1.5
19.08.2021 01:36:51.101,300.026,299.634,0.57,1.5
19.08.2021 01:37:00.356,300.026,299.633,0.57,1.5
19.08.2021 01:37:00.545,300.026,299.63,0.57,1.5
19.08.2021 01:37:00.596,300.026,299.63,0.57,1.5
19.08.2021 01:37:00.697,300.066,299.63,0.79,1.5
19.08.2021 01:37:00.748,300.026,299.63,0.57,1.5
19.08.2021 01:37:00.849,300.026,299.631,0.57,1.5
19.08.2021 01:37:02.660,300.016,299.63,0.57,1.5
19.08.2021 01:37:02.710,300.016,299.63,0.57,1.5
19.08.2021 01:37:02.822,300.016,299.626,0.77,1.5
19.08.2021 01:37:03.024,300.016,299.624,0.77,1.5
19.08.2021 01:37:05.659,300.016,299.624,0.77,1.5
19.08.2021 01:37:13.052,300.016,299.622,0.57,1.51
19.08.2021 01:37:14.825,300.026,299.628,0.57,1.5
19.08.2021 01:37:15.004,300.026,299.628,0.57,1.5
19.08.2021 01:37:15.105,300.031,299.631,0.7,1.5
19.08.2021 01:37:15.156,300.026,299.631,0.57,1.85
19.08.2021 01:37:15.257,300.026,299.634,0.57,1.5
19.08.2021 01:37:26.419,300.026,299.628,0.77,1.5
19.08.2021 01:37:26.469,300.016,299.627,0.77,1.1
19.08.2021 01:37:26.570,300.016,299.625,0.57,1.51
19.08.2021 01:37:29.649,300.016,299.625,0.57,1.5
19.08.2021 01:37:29.957,300.016,299.625,0.57,1.5
19.08.2021 01:37:30.160,300.016,299.622,0.57,1.5
19.08.2021 01:37:31.835,300.016,299.625,0.57,1.5
19.08.2021 01:37:32.012,300.016,299.625,0.57,1.5
19.08.2021 01:37:32.325,300.016,299.625,0.57,1.5
19.08.2021 01:37:33.854,300.016,299.626,0.57,1.5
19.08.2021 01:37:33.990,300.016,299.624,0.57,1.5
19.08.2021 01:37:42.959,300.016,299.624,0.57,1.5
19.08.2021 01:37:45.178,300.029,299.624,0.7,1.5
19.08.2021 01:37:45.229,300.016,299.624,0.57,1.5
19.08.2021 01:37:48.719,300.016,299.625,0.57,1.5
19.08.2021 01:37:49.120,300.016,299.625,0.57,1.5
19.08.2021 01:37:49.298,300.016,299.626,0.57,1.5
19.08.2021 01:37:49.406,300.016,299.626,0.57,1.5
19.08.2021 01:37:50.304,300.016,299.628,0.57,1.5
19.08.2021 01:37:50.354,300.016,299.628,0.77,1.5
19.08.2021 01:37:50.659,300.026,299.628,0.77,1.5
19.08.2021 01:37:51.056,300.026,299.63,0.77,1.1
19.08.2021 01:37:51.241,300.026,299.633,0.77,1.1
19.08.2021 01:37:51.420,300.026,299.63599999999997,0.77,1.5
19.08.2021 01:37:51.470,300.026,299.63599999999997,0.77,1.5
19.08.2021 01:37:51.601,300.026,299.63599999999997,0.77,1.5
19.08.2021 01:37:56.289,300.026,299.637,0.77,1.5
19.08.2021 01:37:56.340,300.026,299.637,0.77,1.5
19.08.2021 01:37:56.441,300.026,299.637,0.77,1.5
19.08.2021 01:37:56.610,300.026,299.637,0.77,1.5
19.08.2021 01:38:01.531,300.026,299.638,0.57,1.51
19.08.2021 01:38:01.632,300.036,299.641,0.57,1.5
19.08.2021 01:38:01.925,300.036,299.642,0.57,1.5
19.08.2021 01:38:03.203,300.036,299.645,0.57,1.5
19.08.2021 01:38:03.254,300.036,299.645,0.57,1.5
19.08.2021 01:38:03.356,300.036,299.645,0.57,1.5
19.08.2021 01:38:03.407,300.036,299.648,0.57,1.5
19.08.2021 01:38:04.301,300.036,299.648,0.57,1.5
19.08.2021 01:38:11.396,300.122,299.648,1.97,1.5
19.08.2021 01:38:11.698,300.046,299.649,0.57,1.5
19.08.2021 01:38:12.021,300.046,299.65000000000003,0.57,1.51
19.08.2021 01:38:13.731,300.033,299.653,1.3,1.5
19.08.2021 01:38:14.782,300.033,299.65500000000003,1.2,1.5
19.08.2021 01:38:16.015,300.033,299.65500000000003,1.3,1.5
19.08.2021 01:38:16.166,300.046,299.648,0.57,1.5
19.08.2021 01:38:16.267,300.036,299.644,0.57,1.5
19.08.2021 01:38:16.317,300.036,299.644,0.57,1.5
19.08.2021 01:38:16.715,300.036,299.644,0.57,1.5
19.08.2021 01:38:20.004,300.036,299.639,0.57,1.51
19.08.2021 01:38:20.105,300.026,299.63599999999997,0.57,1.5
19.08.2021 01:38:20.303,300.026,299.63599999999997,0.57,1.5
19.08.2021 01:38:20.483,300.026,299.63599999999997,0.57,1.5
19.08.2021 01:38:20.839,300.026,299.63599999999997,0.57,1.5
19.08.2021 01:38:28.465,300.026,299.632,0.57,1.85
19.08.2021 01:38:36.527,300.026,299.633,0.77,1.1
19.08.2021 01:38:44.453,300.026,299.63599999999997,0.57,1.85
19.08.2021 01:38:44.554,300.026,299.64,0.57,1.5
19.08.2021 01:38:44.655,300.036,299.642,0.57,1.5
19.08.2021 01:38:46.400,300.036,299.642,0.57,1.51
19.08.2021 01:38:46.551,300.036,299.645,0.57,1.51
19.08.2021 01:38:46.836,300.036,299.649,0.57,1.51
19.08.2021 01:38:46.960,300.046,299.652,0.57,1.5
19.08.2021 01:38:47.061,300.046,299.652,0.57,1.5
19.08.2021 01:38:47.248,300.046,299.652,0.57,1.5
19.08.2021 01:38:47.299,300.081,299.652,0.79,1.5
19.08.2021 01:38:47.450,300.036,299.647,0.82,1.5
19.08.2021 01:38:48.604,300.036,299.647,0.57,1.5
19.08.2021 01:39:00.203,300.046,299.65000000000003,0.57,1.5
19.08.2021 01:39:00.319,300.043,299.65500000000003,1.3,1.5
19.08.2021 01:39:00.419,300.046,299.65500000000003,0.57,1.5
19.08.2021 01:39:01.385,300.046,299.65500000000003,0.57,1.5
19.08.2021 01:39:02.032,300.056,299.658,0.57,1.5
19.08.2021 01:39:02.256,300.046,299.658,0.57,1.5
19.08.2021 01:39:02.366,300.046,299.654,0.57,1.5
19.08.2021 01:39:02.520,300.046,299.651,0.57,1.5
19.08.2021 01:39:02.570,300.046,299.651,0.57,1.5
19.08.2021 01:39:08.312,300.046,299.65000000000003,0.57,1.5
19.08.2021 01:39:08.532,300.046,299.65000000000003,0.57,1.5
19.08.2021 01:39:08.634,300.046,299.653,0.57,1.5
19.08.2021 01:39:08.815,300.046,299.653,0.57,1.5
19.08.2021 01:39:09.073,300.046,299.65000000000003,0.57,1.5
19.08.2021 01:39:09.397,300.046,299.65000000000003,0.57,1.5
19.08.2021 01:39:09.796,300.053,299.65000000000003,1.35,1.5
19.08.2021 01:39:09.896,300.046,299.648,0.57,1.5
19.08.2021 01:39:09.947,300.046,299.648,0.57,1.5
19.08.2021 01:39:11.463,300.046,299.648,0.57,1.5
19.08.2021 01:39:12.149,300.084,299.648,0.89,1.5
19.08.2021 01:39:12.200,300.046,299.648,0.57,1.5
19.08.2021 01:39:12.350,300.036,299.644,0.57,1.5
19.08.2021 01:39:16.540,300.036,299.642,0.57,1.5
19.08.2021 01:39:16.822,300.036,299.642,0.57,1.5
19.08.2021 01:39:16.978,300.036,299.641,0.57,1.5
19.08.2021 01:39:19.085,300.026,299.638,0.57,1.5
19.08.2021 01:39:19.135,300.026,299.638,0.57,1.5
19.08.2021 01:39:21.140,300.026,299.635,0.57,1.5
19.08.2021 01:39:24.882,300.026,299.635,0.57,1.5
19.08.2021 01:39:24.983,300.026,299.635,0.77,1.5
19.08.2021 01:39:33.163,300.026,299.635,0.57,1.5
19.08.2021 01:39:42.666,300.036,299.638,0.57,1.5
19.08.2021 01:39:47.215,300.036,299.643,0.57,1.5
19.08.2021 01:39:47.265,300.036,299.645,0.57,1.5
19.08.2021 01:39:47.315,300.036,299.645,0.57,1.5
19.08.2021 01:39:47.366,300.036,299.645,0.57,1.51
19.08.2021 01:39:47.828,300.036,299.648,0.57,1.5
19.08.2021 01:39:47.879,300.036,299.648,0.57,1.5
19.08.2021 01:39:53.389,300.077,299.638,0.79,1.75
19.08.2021 01:39:53.440,300.036,299.638,0.57,1.85
19.08.2021 01:39:53.542,300.026,299.638,0.57,1.5
19.08.2021 01:39:53.693,300.026,299.638,0.57,1.5
19.08.2021 01:39:54.129,300.026,299.638,0.57,1.5
19.08.2021 01:40:13.810,300.026,299.638,0.57,1.5
19.08.2021 01:40:13.969,300.026,299.638,0.57,1.5
19.08.2021 01:40:14.207,300.026,299.638,0.57,1.5
19.08.2021 01:40:14.258,300.026,299.638,0.57,1.5
19.08.2021 01:40:16.368,300.026,299.637,0.57,1.5
19.08.2021 01:40:16.419,300.026,299.637,0.57,1.5
19.08.2021 01:40:16.729,300.026,299.637,0.57,1.5
19.08.2021 01:40:17.838,300.026,299.637,0.57,1.5
19.08.2021 01:40:17.888,300.026,299.637,0.57,1.5
19.08.2021 01:40:17.938,300.026,299.637,0.57,1.5
19.08.2021 01:40:18.259,300.026,299.637,0.57,1.5
19.08.2021 01:40:18.808,300.072,299.637,0.89,1.5
19.08.2021 01:40:18.859,300.026,299.637,0.57,1.5
19.08.2021 01:40:19.042,300.026,299.637,0.57,1.5
19.08.2021 01:40:19.305,300.026,299.637,0.57,1.5
19.08.2021 01:40:19.499,300.026,299.637,0.55,1.5
19.08.2021 01:40:20.500,300.028,299.637,0.7,1.5
19.08.2021 01:40:33.339,300.036,299.645,0.57,1.5
19.08.2021 01:40:33.461,300.033,299.645,1.2,1.85
19.08.2021 01:40:46.618,300.036,299.648,0.55,1.5
19.08.2021 01:40:47.601,300.03900000000004,299.648,0.7,1.5
19.08.2021 01:40:56.432,300.046,299.649,0.57,1.5
19.08.2021 01:40:56.586,300.046,299.649,0.57,1.5
19.08.2021 01:40:56.719,300.046,299.649,0.57,1.5
19.08.2021 01:40:56.769,300.046,299.649,0.57,1.5
19.08.2021 01:40:57.334,300.046,299.65000000000003,0.57,1.5
19.08.2021 01:40:57.471,300.046,299.65000000000003,0.57,1.5
19.08.2021 01:40:57.522,300.046,299.65000000000003,0.57,1.5
19.08.2021 01:41:13.975,300.046,299.65000000000003,0.57,1.5
19.08.2021 01:41:18.908,300.03700000000003,299.647,0.7,1.51
19.08.2021 01:41:18.959,300.036,299.647,0.67,1.5
19.08.2021 01:41:19.067,300.036,299.647,0.77,1.5
19.08.2021 01:41:27.365,300.036,299.646,0.57,1.51
19.08.2021 01:41:28.015,300.036,299.646,0.57,1.51
19.08.2021 01:41:29.030,300.036,299.646,0.57,1.51
19.08.2021 01:41:29.993,300.036,299.646,0.57,1.5
19.08.2021 01:41:51.675,300.036,299.644,0.57,1.5
19.08.2021 01:41:58.907,300.033,299.644,1.2,1.5
19.08.2021 01:41:59.032,300.033,299.644,1.3,1.85
19.08.2021 01:42:01.483,300.033,299.649,1.2,1.5
19.08.2021 01:42:03.041,300.033,299.654,1.2,1.5
19.08.2021 01:42:20.912,300.056,299.656,0.77,1.7
19.08.2021 01:42:21.169,300.056,299.66,0.77,1.5
19.08.2021 01:42:22.381,300.056,299.66,0.57,1.5
19.08.2021 01:42:26.372,300.056,299.66,0.57,1.5
19.08.2021 01:42:26.591,300.047,299.661,0.7,1.5
19.08.2021 01:42:30.215,300.056,299.66700000000003,0.57,1.5
19.08.2021 01:42:30.366,300.057,299.67,0.7,1.5
19.08.2021 01:42:30.526,300.058,299.67,0.7,1.5
19.08.2021 01:42:30.627,300.057,299.67,0.7,1.5
19.08.2021 01:42:31.619,300.06,299.671,0.7,1.5
19.08.2021 01:42:33.013,300.066,299.67400000000004,0.57,1.5
19.08.2021 01:42:34.620,300.06,299.67400000000004,0.7,1.5
19.08.2021 01:42:36.638,300.057,299.67400000000004,0.7,1.5
19.08.2021 01:42:36.988,300.06,299.67400000000004,0.7,1.5
19.08.2021 01:42:37.038,300.066,299.67400000000004,0.57,1.5
19.08.2021 01:42:41.439,300.066,299.673,0.57,1.5
19.08.2021 01:42:41.926,300.066,299.673,0.77,1.5
