Gmt time,Ask,Bid,AskVolume,BidVolume
19.08.2021 00:00:00.385,7.78859,7.787760000000001,0.85,1.5
19.08.2021 00:00:00.508,7.78845,7.787760000000001,0.37,1.5
19.08.2021 00:00:00.671,7.78845,7.787739999999999,0.37,1.5
19.08.2021 00:00:02.301,7.7884899999999995,7.787739999999999,0.37,0.37
19.08.2021 00:00:03.302,7.788480000000001,7.787739999999999,0.37,0.37
19.08.2021 00:00:08.554,7.788480000000001,7.787730000000001,0.37,1.5
19.08.2021 00:00:08.705,7.788480000000001,7.787739999999999,0.37,1.5
19.08.2021 00:00:09.316,7.78847,7.787739999999999,0.37,1.5
19.08.2021 00:00:10.360,7.788460000000001,7.787739999999999,0.37,1.5
19.08.2021 00:00:11.556,7.788460000000001,7.7878300000000005,0.37,0.37
19.08.2021 00:00:31.357,7.78845,7.787810000000001,0.37,0.37
19.08.2021 00:00:52.403,7.78845,7.78779,0.37,0.37
19.08.2021 00:00:54.395,7.78847,7.78769,0.37,1.5
19.08.2021 00:01:19.788,7.78847,7.787739999999999,0.37,1.5
19.08.2021 00:01:20.468,7.788510000000001,7.787739999999999,0.37,1.5
19.08.2021 00:01:21.446,7.788460000000001,7.787739999999999,0.75,1.5
19.08.2021 00:01:21.606,7.788460000000001,7.78775,0.75,1.5
19.08.2021 00:01:21.876,7.78847,7.78775,0.75,1.5
19.08.2021 00:01:22.027,7.78847,7.78777,0.75,1.5
19.08.2021 00:01:22.251,7.788480000000001,7.78777,2.25,1.5
19.08.2021 00:01:22.352,7.788480000000001,7.787780000000001,2.25,1.5
19.08.2021 00:01:26.602,7.788480000000001,7.787800000000001,0.75,1.5
19.08.2021 00:01:27.950,7.788480000000001,7.7879000000000005,0.75,0.37
19.08.2021 00:01:31.442,7.788480000000001,7.78792,0.75,0.37
19.08.2021 00:01:32.943,7.788480000000001,7.7879700000000005,0.75,0.37
19.08.2021 00:01:36.442,7.788480000000001,7.78799,0.75,0.37
19.08.2021 00:01:36.543,7.788310000000001,7.788080000000001,0.75,0.75
19.08.2021 00:01:41.482,7.7883700000000005,7.78812,0.75,0.75
19.08.2021 00:01:46.494,7.78842,7.78817,0.75,0.75
19.08.2021 00:02:02.679,7.788550000000001,7.78812,0.75,0.37
19.08.2021 00:02:07.411,7.788560000000001,7.78812,0.75,0.37
19.08.2021 00:02:07.514,7.78842,7.78817,0.75,0.75
19.08.2021 00:02:46.493,7.788480000000001,7.78807,1.5,0.37
19.08.2021 00:02:46.543,7.788460000000001,7.78807,0.75,0.37
19.08.2021 00:02:47.038,7.788460000000001,7.787910000000001,0.75,0.37
19.08.2021 00:02:51.474,7.788480000000001,7.78793,2.25,0.37
19.08.2021 00:02:51.602,7.78847,7.78793,0.75,0.37
19.08.2021 00:02:51.805,7.788460000000001,7.78793,0.75,0.37
19.08.2021 00:02:53.829,7.788460000000001,7.787960000000001,0.75,0.37
19.08.2021 00:03:02.703,7.78847,7.787960000000001,0.75,0.37
19.08.2021 00:03:02.810,7.788480000000001,7.787960000000001,0.75,0.37
19.08.2021 00:03:04.727,7.78847,7.787960000000001,0.37,0.37
19.08.2021 00:03:17.565,7.788480000000001,7.787960000000001,0.75,0.37
19.08.2021 00:03:21.443,7.788480000000001,7.78799,0.75,0.37
19.08.2021 00:03:21.562,7.78832,7.78807,0.75,0.75
19.08.2021 00:03:26.478,7.7883700000000005,7.78812,0.75,0.75
19.08.2021 00:03:31.493,7.78842,7.78817,0.75,0.75
19.08.2021 00:03:36.493,7.78847,7.78807,0.75,0.37
19.08.2021 00:03:37.086,7.78847,7.787910000000001,0.75,0.37
19.08.2021 00:03:41.442,7.78847,7.78793,0.75,0.37
19.08.2021 00:03:41.568,7.788480000000001,7.78793,2.25,0.37
19.08.2021 00:03:42.034,7.78847,7.78793,0.75,0.37
19.08.2021 00:03:42.281,7.78847,7.78792,0.75,0.37
19.08.2021 00:03:43.739,7.78847,7.78793,0.75,0.37
19.08.2021 00:04:08.660,7.788480000000001,7.78793,2.25,0.37
19.08.2021 00:04:10.110,7.788480000000001,7.787960000000001,0.75,0.37
19.08.2021 00:05:10.410,7.788480000000001,7.78788,0.75,0.37
19.08.2021 00:05:10.982,7.788480000000001,7.78789,0.75,0.37
19.08.2021 00:05:12.990,7.788480000000001,7.78788,0.75,0.37
19.08.2021 00:05:13.990,7.788480000000001,7.78789,0.75,0.37
19.08.2021 00:05:24.984,7.788480000000001,7.78788,0.75,0.37
19.08.2021 00:05:25.974,7.788480000000001,7.78789,0.75,0.37
19.08.2021 00:05:28.959,7.788480000000001,7.78788,0.75,0.37
19.08.2021 00:05:29.975,7.788480000000001,7.78789,0.75,0.37
19.08.2021 00:05:31.968,7.788480000000001,7.78788,0.75,0.37
19.08.2021 00:05:32.987,7.788480000000001,7.78789,0.75,0.37
19.08.2021 00:05:35.976,7.788480000000001,7.78788,0.75,0.37
19.08.2021 00:05:36.982,7.788480000000001,7.78789,0.75,0.37
19.08.2021 00:05:39.050,7.788480000000001,7.78788,0.75,0.37
19.08.2021 00:05:39.912,7.788480000000001,7.787800000000001,0.75,0.47
19.08.2021 00:05:39.963,7.788480000000001,7.787800000000001,0.75,0.47
19.08.2021 00:05:49.741,7.788480000000001,7.787800000000001,0.75,0.47
19.08.2021 00:05:49.844,7.78847,7.787960000000001,0.75,0.37
19.08.2021 00:05:50.070,7.788480000000001,7.787960000000001,0.75,0.37
19.08.2021 00:06:09.443,7.788480000000001,7.78795,0.75,0.37
19.08.2021 00:06:17.061,7.788460000000001,7.78795,0.37,0.37
19.08.2021 00:06:18.899,7.78842,7.78795,0.37,0.37
19.08.2021 00:06:20.110,7.78844,7.78795,0.37,0.37
19.08.2021 00:06:21.100,7.788430000000001,7.78795,0.37,0.37
19.08.2021 00:06:27.943,7.78842,7.787910000000001,0.37,0.75
19.08.2021 00:06:28.044,7.78842,7.78792,0.37,0.75
19.08.2021 00:06:32.764,7.78842,7.7879000000000005,0.37,1.12
19.08.2021 00:06:33.312,7.78842,7.78795,0.75,0.37
19.08.2021 00:06:34.302,7.788360000000001,7.78795,0.37,0.37
19.08.2021 00:06:49.123,7.7883700000000005,7.78793,0.37,0.37
19.08.2021 00:06:50.166,7.7883700000000005,7.78792,0.37,0.37
19.08.2021 00:07:05.123,7.788410000000001,7.7879000000000005,0.75,0.37
19.08.2021 00:07:53.090,7.78842,7.7879000000000005,0.37,0.37
19.08.2021 00:08:02.719,7.788430000000001,7.787910000000001,0.37,0.37
19.08.2021 00:08:08.070,7.78844,7.78792,0.37,0.37
19.08.2021 00:08:09.886,7.788480000000001,7.788010000000001,0.75,0.37
19.08.2021 00:08:11.342,7.788480000000001,7.788,0.75,0.37
19.08.2021 00:08:11.496,7.78852,7.7880899999999995,1.12,0.75
19.08.2021 00:08:16.447,7.788539999999999,7.788139999999999,0.37,0.75
19.08.2021 00:08:16.754,7.788530000000001,7.788139999999999,0.37,0.75
19.08.2021 00:08:18.036,7.788530000000001,7.78819,0.37,0.75
19.08.2021 00:08:18.137,7.7885800000000005,7.788150000000001,0.75,0.37
19.08.2021 00:08:18.237,7.78867,7.788150000000001,0.37,0.37
19.08.2021 00:08:18.288,7.788780000000001,7.7881800000000005,0.75,0.75
19.08.2021 00:08:18.338,7.788780000000001,7.788260000000001,0.75,0.75
19.08.2021 00:08:18.389,7.789000000000001,7.78827,0.75,0.37
19.08.2021 00:08:18.489,7.78902,7.78828,0.75,0.37
19.08.2021 00:08:18.590,7.78904,7.7883000000000004,0.75,1.12
19.08.2021 00:08:18.779,7.78903,7.788310000000001,0.75,0.37
19.08.2021 00:08:18.989,7.78903,7.78832,0.75,0.37
19.08.2021 00:08:19.898,7.78904,7.78835,0.75,0.37
19.08.2021 00:08:19.999,7.78904,7.78839,0.75,0.37
19.08.2021 00:08:20.063,7.78904,7.7883700000000005,0.75,1.5
19.08.2021 00:08:20.923,7.78907,7.7883700000000005,0.75,1.5
19.08.2021 00:08:20.974,7.78907,7.788430000000001,0.75,0.37
19.08.2021 00:08:21.181,7.78909,7.788430000000001,0.75,0.37
19.08.2021 00:08:21.281,7.78914,7.7884899999999995,0.75,0.37
19.08.2021 00:08:21.382,7.78919,7.7885,0.75,0.37
19.08.2021 00:08:21.500,7.7892600000000005,7.7884899999999995,0.75,0.37
19.08.2021 00:08:21.600,7.7892600000000005,7.78862,0.75,0.37
19.08.2021 00:08:21.829,7.789280000000001,7.78862,1.12,0.37
19.08.2021 00:08:21.930,7.78927,7.78862,0.75,0.37
19.08.2021 00:08:22.031,7.78927,7.78859,0.75,0.37
19.08.2021 00:08:22.181,7.789289999999999,7.78863,0.75,0.37
19.08.2021 00:08:23.025,7.789310000000001,7.7886500000000005,0.75,0.37
19.08.2021 00:08:23.075,7.78934,7.7886500000000005,0.75,0.37
19.08.2021 00:08:23.126,7.7893300000000005,7.78868,0.75,0.37
19.08.2021 00:08:23.413,7.789350000000001,7.78868,0.75,0.37
19.08.2021 00:08:23.514,7.789350000000001,7.78869,0.75,0.37
19.08.2021 00:08:23.565,7.7893300000000005,7.78869,0.75,0.37
19.08.2021 00:08:23.615,7.7893300000000005,7.788660000000001,0.75,0.37
19.08.2021 00:08:23.716,7.7893300000000005,7.7886500000000005,0.75,0.37
19.08.2021 00:08:26.497,7.78934,7.7886500000000005,0.75,0.37
19.08.2021 00:08:26.547,7.78938,7.78869,0.75,0.37
19.08.2021 00:08:26.598,7.789410000000001,7.78869,0.75,0.37
19.08.2021 00:08:26.648,7.789410000000001,7.78875,0.75,0.37
19.08.2021 00:08:26.699,7.78943,7.78875,0.75,0.37
19.08.2021 00:08:26.802,7.78943,7.788760000000001,0.75,1.5
19.08.2021 00:08:27.009,7.78944,7.788760000000001,0.75,1.5
19.08.2021 00:08:27.060,7.789480000000001,7.78877,0.75,0.37
19.08.2021 00:08:27.161,7.789480000000001,7.78882,0.75,0.37
19.08.2021 00:08:27.261,7.789480000000001,7.78879,0.75,0.37
19.08.2021 00:08:27.375,7.789480000000001,7.788810000000001,0.75,0.37
19.08.2021 00:08:30.851,7.78952,7.78882,0.75,0.75
19.08.2021 00:08:30.952,7.789630000000001,7.78892,0.37,0.75
19.08.2021 00:08:31.053,7.7896399999999995,7.788950000000001,0.75,0.37
19.08.2021 00:08:31.349,7.78967,7.788950000000001,0.75,0.37
19.08.2021 00:08:31.449,7.789700000000001,7.789010000000001,0.85,0.37
19.08.2021 00:08:31.500,7.789700000000001,7.789010000000001,0.75,0.37
19.08.2021 00:08:37.435,7.789660000000001,7.789010000000001,0.75,0.37
19.08.2021 00:08:37.485,7.789660000000001,7.78897,0.75,0.37
19.08.2021 00:08:41.811,7.789660000000001,7.7889800000000005,0.75,0.37
19.08.2021 00:08:43.055,7.789660000000001,7.78897,0.75,0.37
19.08.2021 00:08:51.412,7.789660000000001,7.7889800000000005,0.75,0.37
19.08.2021 00:08:51.580,7.789660000000001,7.789000000000001,0.75,0.37
19.08.2021 00:08:52.305,7.78967,7.789000000000001,0.75,0.37
19.08.2021 00:08:52.424,7.78967,7.7889800000000005,0.75,0.37
19.08.2021 00:08:52.635,7.78967,7.78897,0.75,0.37
19.08.2021 00:08:55.435,7.789680000000001,7.789010000000001,2.7,0.75
19.08.2021 00:08:55.536,7.789680000000001,7.78904,0.75,0.75
19.08.2021 00:08:55.807,7.789680000000001,7.7890500000000005,0.75,0.75
19.08.2021 00:08:56.290,7.789680000000001,7.789060000000001,0.75,0.37
19.08.2021 00:08:56.500,7.789750000000001,7.789300000000001,0.85,0.75
19.08.2021 00:08:56.550,7.78977,7.7891200000000005,0.85,0.75
19.08.2021 00:08:56.651,7.78977,7.7891200000000005,0.75,0.75
19.08.2021 00:09:04.412,7.78977,7.789130000000001,0.75,0.37
19.08.2021 00:09:07.877,7.78977,7.7891200000000005,0.75,0.75
19.08.2021 00:09:10.390,7.78978,7.78927,0.47,0.75
19.08.2021 00:09:10.440,7.78977,7.7891,0.75,0.47
19.08.2021 00:09:10.541,7.78977,7.7891200000000005,0.75,1.12
19.08.2021 00:09:13.348,7.78977,7.789160000000001,0.75,0.37
19.08.2021 00:09:13.549,7.78977,7.789160000000001,1.22,0.37
19.08.2021 00:09:14.841,7.78977,7.78915,1.22,0.37
19.08.2021 00:09:17.760,7.789760000000001,7.78915,0.47,0.37
19.08.2021 00:09:17.811,7.789760000000001,7.7891200000000005,0.47,0.75
19.08.2021 00:09:20.283,7.789760000000001,7.789110000000001,0.47,0.37
19.08.2021 00:09:21.803,7.789760000000001,7.78915,0.47,0.37
19.08.2021 00:09:22.547,7.789760000000001,7.789350000000001,0.47,0.37
19.08.2021 00:09:22.648,7.7898000000000005,7.789350000000001,0.37,0.37
19.08.2021 00:09:22.869,7.7898000000000005,7.789460000000001,0.37,0.75
19.08.2021 00:09:22.970,7.78982,7.789460000000001,0.37,0.75
19.08.2021 00:09:24.261,7.789810000000001,7.789460000000001,0.37,0.75
19.08.2021 00:09:24.312,7.78978,7.789460000000001,0.75,0.75
19.08.2021 00:09:26.500,7.78978,7.789480000000001,0.75,0.75
19.08.2021 00:09:40.679,7.789810000000001,7.789480000000001,0.75,0.75
19.08.2021 00:09:44.593,7.78972,7.78947,0.75,0.75
19.08.2021 00:09:56.502,7.7897300000000005,7.78947,0.75,0.75
19.08.2021 00:10:00.685,7.78972,7.78947,0.75,2.25
19.08.2021 00:10:24.488,7.789710000000001,7.789360000000001,0.75,0.75
19.08.2021 00:10:24.613,7.78972,7.78947,0.75,0.75
19.08.2021 00:10:24.714,7.78967,7.78942,0.75,0.75
19.08.2021 00:10:31.676,7.789630000000001,7.78937,0.75,0.75
19.08.2021 00:10:31.928,7.7896,7.789230000000001,0.75,0.3
19.08.2021 00:10:31.979,7.789480000000001,7.789230000000001,0.75,0.3
19.08.2021 00:10:34.285,7.789480000000001,7.78922,0.75,0.75
19.08.2021 00:10:57.748,7.789480000000001,7.7892,0.75,0.75
19.08.2021 00:11:22.506,7.7896,7.7891,0.75,0.75
19.08.2021 00:11:22.556,7.789560000000001,7.78907,0.82,0.75
19.08.2021 00:11:22.657,7.789480000000001,7.789060000000001,0.75,0.37
19.08.2021 00:11:22.708,7.789480000000001,7.7888399999999995,0.75,1.12
19.08.2021 00:11:22.758,7.789480000000001,7.788860000000001,0.75,0.75
19.08.2021 00:11:22.859,7.7892600000000005,7.788830000000001,0.75,0.75
19.08.2021 00:11:22.909,7.7892399999999995,7.78874,0.75,0.75
19.08.2021 00:11:22.960,7.7892600000000005,7.78874,0.75,0.75
19.08.2021 00:11:23.061,7.78919,7.788539999999999,0.75,0.37
19.08.2021 00:11:23.161,7.789160000000001,7.788539999999999,0.75,0.37
19.08.2021 00:11:23.212,7.78919,7.78845,0.75,0.37
19.08.2021 00:11:23.262,7.7889,7.78845,0.75,0.37
19.08.2021 00:11:23.363,7.789289999999999,7.788330000000001,0.59,0.37
19.08.2021 00:11:23.413,7.78824,7.7876,0.37,0.75
19.08.2021 00:11:23.513,7.7883700000000005,7.787460000000001,0.37,0.37
19.08.2021 00:11:23.583,7.78842,7.787510000000001,0.37,0.37
19.08.2021 00:11:23.684,7.78877,7.787330000000001,0.37,0.37
19.08.2021 00:11:23.826,7.78877,7.78735,0.37,0.37
19.08.2021 00:11:24.094,7.78877,7.787330000000001,0.37,0.37
19.08.2021 00:11:24.504,7.78877,7.78737,0.37,0.75
19.08.2021 00:11:24.606,7.78877,7.7873399999999995,0.37,0.37
19.08.2021 00:11:25.276,7.78835,7.78753,0.75,0.75
19.08.2021 00:11:25.377,7.78835,7.78757,0.75,0.75
19.08.2021 00:11:25.478,7.78834,7.78762,0.75,0.75
19.08.2021 00:11:26.467,7.788330000000001,7.78764,0.75,0.75
19.08.2021 00:11:26.568,7.78832,7.78762,0.75,0.75
19.08.2021 00:11:30.026,7.78829,7.78762,0.75,0.75
19.08.2021 00:11:35.004,7.788310000000001,7.787630000000001,0.75,0.75
19.08.2021 00:11:35.055,7.78832,7.78765,0.75,0.75
19.08.2021 00:11:35.105,7.78834,7.78765,0.75,0.75
19.08.2021 00:11:35.155,7.788360000000001,7.78767,0.75,0.75
19.08.2021 00:11:35.206,7.7885,7.78759,1.12,0.37
19.08.2021 00:11:35.306,7.788410000000001,7.7877,0.75,0.75
19.08.2021 00:11:35.407,7.788380000000001,7.78767,0.75,0.75
19.08.2021 00:11:35.522,7.78845,7.78772,0.75,0.75
19.08.2021 00:11:35.573,7.7885,7.78779,0.75,1.12
19.08.2021 00:11:35.724,7.78863,7.78795,0.75,0.75
19.08.2021 00:11:35.824,7.7888,7.7879700000000005,0.37,0.37
19.08.2021 00:11:35.875,7.788830000000001,7.7879700000000005,0.75,0.37
19.08.2021 00:11:35.925,7.789000000000001,7.78832,0.37,0.75
19.08.2021 00:11:36.026,7.78899,7.788330000000001,0.37,0.37
19.08.2021 00:11:36.177,7.78899,7.788360000000001,0.37,0.75
19.08.2021 00:11:36.287,7.78899,7.78839,0.37,0.37
19.08.2021 00:11:37.114,7.78899,7.788410000000001,0.37,0.37
19.08.2021 00:11:37.214,7.78899,7.78839,0.37,0.37
19.08.2021 00:11:37.484,7.789180000000001,7.78839,2.25,0.37
19.08.2021 00:11:38.616,7.789180000000001,7.788380000000001,2.25,0.37
19.08.2021 00:11:39.207,7.788950000000001,7.788380000000001,0.75,0.37
19.08.2021 00:11:39.308,7.788880000000001,7.788380000000001,0.75,0.37
19.08.2021 00:11:39.358,7.788880000000001,7.788250000000001,0.75,0.37
19.08.2021 00:11:39.459,7.788889999999999,7.788250000000001,0.75,0.37
19.08.2021 00:11:40.349,7.788889999999999,7.788200000000001,0.75,0.75
19.08.2021 00:11:40.665,7.78892,7.788330000000001,0.75,0.75
19.08.2021 00:11:40.716,7.7889800000000005,7.78834,1.12,0.75
19.08.2021 00:11:40.766,7.788960000000001,7.78834,0.75,0.75
19.08.2021 00:11:40.969,7.78897,7.788330000000001,0.75,0.75
19.08.2021 00:11:41.143,7.78897,7.78834,0.75,0.75
19.08.2021 00:11:41.325,7.7889800000000005,7.78835,0.75,0.75
19.08.2021 00:11:41.514,7.78894,7.78835,0.37,0.75
19.08.2021 00:11:44.500,7.78894,7.78834,0.37,0.75
19.08.2021 00:11:44.652,7.78877,7.788510000000001,0.75,0.75
19.08.2021 00:11:47.384,7.78872,7.788460000000001,0.75,0.75
19.08.2021 00:11:47.434,7.78885,7.78832,0.37,0.37
19.08.2021 00:11:47.485,7.78872,7.788460000000001,0.75,0.75
19.08.2021 00:11:56.854,7.788830000000001,7.78834,0.37,0.37
19.08.2021 00:11:57.831,7.788830000000001,7.78835,0.37,0.37
19.08.2021 00:12:03.773,7.788830000000001,7.788360000000001,0.37,0.37
19.08.2021 00:12:15.847,7.78879,7.788360000000001,0.37,0.37
19.08.2021 00:12:16.268,7.78872,7.78844,0.75,0.75
19.08.2021 00:12:31.677,7.788780000000001,7.78842,0.75,0.75
19.08.2021 00:12:35.456,7.78872,7.78847,0.75,0.75
19.08.2021 00:12:35.622,7.78874,7.788480000000001,0.75,0.75
19.08.2021 00:12:35.672,7.788780000000001,7.788530000000001,0.75,0.75
19.08.2021 00:12:54.693,7.788780000000001,7.788539999999999,0.75,0.75
19.08.2021 00:13:06.211,7.788780000000001,7.788530000000001,0.75,0.75
19.08.2021 00:13:06.340,7.78894,7.788539999999999,0.37,0.75
19.08.2021 00:13:06.941,7.78887,7.788539999999999,0.37,0.75
19.08.2021 00:13:10.057,7.78887,7.78864,0.37,0.75
19.08.2021 00:13:10.108,7.789010000000001,7.78864,0.37,0.75
19.08.2021 00:13:10.208,7.7891200000000005,7.78864,0.75,0.37
19.08.2021 00:13:10.259,7.789210000000001,7.78864,0.75,0.75
19.08.2021 00:13:10.309,7.789210000000001,7.78868,0.75,0.75
19.08.2021 00:13:10.360,7.789350000000001,7.7887,0.75,0.75
19.08.2021 00:13:10.410,7.78938,7.78874,0.75,0.75
19.08.2021 00:13:10.611,7.789510000000001,7.78875,0.75,0.75
19.08.2021 00:13:10.661,7.78938,7.78875,0.75,0.75
19.08.2021 00:13:10.780,7.78939,7.78874,0.75,0.75
19.08.2021 00:13:10.881,7.78938,7.78874,0.75,0.75
19.08.2021 00:13:15.925,7.78937,7.78872,0.75,0.75
19.08.2021 00:13:15.975,7.78939,7.78874,0.75,0.75
19.08.2021 00:13:19.308,7.789410000000001,7.788780000000001,0.75,0.75
19.08.2021 00:13:19.409,7.78947,7.788860000000001,0.75,0.75
19.08.2021 00:13:19.459,7.7895,7.788860000000001,0.75,0.75
19.08.2021 00:13:19.559,7.78955,7.788889999999999,0.75,0.75
19.08.2021 00:13:24.710,7.789560000000001,7.788889999999999,0.75,0.75
19.08.2021 00:13:33.794,7.789560000000001,7.7889,0.75,0.75
19.08.2021 00:13:36.112,7.789560000000001,7.788950000000001,0.75,0.37
19.08.2021 00:13:40.977,7.789580000000001,7.788950000000001,0.75,0.37
19.08.2021 00:13:41.028,7.7896,7.788950000000001,0.75,0.37
19.08.2021 00:13:42.427,7.7896,7.78897,0.75,0.37
19.08.2021 00:13:53.337,7.7896,7.788930000000001,0.75,0.75
19.08.2021 00:13:53.387,7.78942,7.78899,0.75,0.75
19.08.2021 00:13:53.488,7.78934,7.78899,0.75,0.75
19.08.2021 00:14:04.542,7.789360000000001,7.7889,0.75,0.37
19.08.2021 00:14:05.901,7.789360000000001,7.788930000000001,0.75,0.37
19.08.2021 00:14:11.913,7.789360000000001,7.7889,0.75,0.37
19.08.2021 00:14:12.757,7.789360000000001,7.788889999999999,0.75,0.75
19.08.2021 00:14:12.807,7.78922,7.78897,0.75,0.75
19.08.2021 00:14:23.564,7.78917,7.78892,0.75,0.75
19.08.2021 00:14:41.501,7.78927,7.7888399999999995,0.37,0.37
19.08.2021 00:14:43.082,7.7892600000000005,7.7888399999999995,0.37,0.37
19.08.2021 00:14:44.085,7.78925,7.788860000000001,0.37,0.37
19.08.2021 00:14:45.097,7.789230000000001,7.788830000000001,0.37,0.37
19.08.2021 00:14:48.072,7.789300000000001,7.788830000000001,0.37,0.37
19.08.2021 00:14:48.125,7.78917,7.78892,0.75,0.75
19.08.2021 00:14:53.131,7.7891,7.7888399999999995,0.75,0.37
19.08.2021 00:14:53.182,7.7891,7.78882,0.75,0.75
19.08.2021 00:15:06.343,7.7889800000000005,7.788810000000001,0.75,0.37
19.08.2021 00:15:06.394,7.7889800000000005,7.7887,0.75,0.75
19.08.2021 00:15:15.827,7.78892,7.78867,0.75,0.75
19.08.2021 00:15:16.140,7.788930000000001,7.788660000000001,0.75,0.75
19.08.2021 00:15:16.241,7.78892,7.78867,0.75,0.75
19.08.2021 00:15:24.221,7.788880000000001,7.788600000000001,0.75,0.75
19.08.2021 00:15:40.197,7.78887,7.788600000000001,0.37,0.75
19.08.2021 00:15:42.230,7.788860000000001,7.788600000000001,0.37,0.75
19.08.2021 00:15:45.667,7.788780000000001,7.788530000000001,0.75,0.75
19.08.2021 00:15:45.717,7.788730000000001,7.78844,0.75,0.75
19.08.2021 00:15:45.768,7.78868,7.788430000000001,0.75,0.75
19.08.2021 00:15:45.869,7.78868,7.788410000000001,0.75,0.37
19.08.2021 00:15:46.241,7.78868,7.7884,0.75,0.75
19.08.2021 00:16:11.687,7.78868,7.78835,0.75,0.37
19.08.2021 00:16:11.738,7.78868,7.788430000000001,2.25,0.75
19.08.2021 00:16:22.142,7.78868,7.7884,0.75,0.37
19.08.2021 00:16:22.192,7.78872,7.78847,0.75,0.75
19.08.2021 00:16:22.293,7.788780000000001,7.788530000000001,0.75,0.75
19.08.2021 00:16:55.398,7.78879,7.788530000000001,0.75,0.75
19.08.2021 00:16:58.106,7.788780000000001,7.78852,0.75,0.75
19.08.2021 00:19:02.582,7.78892,7.78867,0.37,0.75
19.08.2021 00:19:02.734,7.788880000000001,7.78862,0.75,0.75
19.08.2021 00:19:02.784,7.788930000000001,7.78867,0.75,0.75
19.08.2021 00:19:11.592,7.7889800000000005,7.788730000000001,0.75,0.75
19.08.2021 00:19:21.597,7.789000000000001,7.788730000000001,0.75,0.75
19.08.2021 00:19:24.671,7.78899,7.788730000000001,0.37,0.75
19.08.2021 00:19:37.242,7.7890500000000005,7.788780000000001,0.75,0.75
19.08.2021 00:19:51.229,7.78907,7.788660000000001,0.37,0.37
19.08.2021 00:19:53.657,7.78907,7.7886500000000005,0.75,0.75
19.08.2021 00:19:53.708,7.788960000000001,7.78868,0.75,0.75
19.08.2021 00:19:53.875,7.788950000000001,7.78868,0.75,0.75
19.08.2021 00:20:10.934,7.789060000000001,7.788539999999999,0.37,0.37
19.08.2021 00:20:12.948,7.789010000000001,7.78857,0.37,0.37
19.08.2021 00:20:24.202,7.788950000000001,7.78868,0.75,0.75
19.08.2021 00:20:53.883,7.789060000000001,7.788539999999999,0.37,0.37
19.08.2021 00:20:54.361,7.788950000000001,7.78868,0.75,0.75
19.08.2021 00:21:38.034,7.788960000000001,7.78868,0.75,0.75
19.08.2021 00:21:52.354,7.78894,7.78868,0.75,0.75
19.08.2021 00:21:59.735,7.78892,7.78869,0.75,0.75
19.08.2021 00:24:36.575,7.78894,7.78868,0.75,0.75
19.08.2021 00:25:38.582,7.78892,7.78867,0.75,0.75
19.08.2021 00:25:57.992,7.788930000000001,7.78868,0.75,0.75
19.08.2021 00:26:01.027,7.789060000000001,7.7885800000000005,0.85,0.47
19.08.2021 00:26:01.133,7.789060000000001,7.7885800000000005,0.75,0.47
19.08.2021 00:26:01.234,7.78917,7.7889800000000005,0.37,0.75
19.08.2021 00:26:01.284,7.789280000000001,7.78903,0.75,0.75
19.08.2021 00:26:01.335,7.789360000000001,7.78899,0.37,0.82
19.08.2021 00:26:01.436,7.789480000000001,7.789000000000001,0.37,0.82
19.08.2021 00:26:01.537,7.789560000000001,7.7890500000000005,0.82,0.37
19.08.2021 00:26:01.843,7.78957,7.7890500000000005,0.75,0.37
19.08.2021 00:26:02.145,7.78957,7.78904,0.75,0.37
19.08.2021 00:26:03.561,7.78957,7.789000000000001,0.75,0.75
19.08.2021 00:26:03.612,7.78957,7.78894,0.75,0.85
19.08.2021 00:26:03.713,7.789630000000001,7.788960000000001,0.75,0.75
19.08.2021 00:26:23.688,7.78965,7.788910000000001,0.75,0.75
19.08.2021 00:26:24.949,7.78965,7.788889999999999,0.75,0.75
19.08.2021 00:26:24.999,7.78959,7.788910000000001,0.75,1.12
19.08.2021 00:26:25.482,7.7896399999999995,7.788889999999999,0.75,0.75
19.08.2021 00:26:25.533,7.789630000000001,7.788910000000001,0.37,0.37
19.08.2021 00:26:25.896,7.789630000000001,7.7889800000000005,0.37,0.37
19.08.2021 00:26:25.998,7.789580000000001,7.7889800000000005,0.75,0.37
19.08.2021 00:26:26.485,7.789630000000001,7.7889800000000005,0.37,0.37
19.08.2021 00:26:26.536,7.7896,7.7889800000000005,0.37,0.37
19.08.2021 00:26:26.984,7.789580000000001,7.7889800000000005,0.75,0.37
19.08.2021 00:26:27.484,7.7896,7.7889800000000005,0.37,0.37
19.08.2021 00:26:27.585,7.789580000000001,7.7889800000000005,0.37,0.37
19.08.2021 00:26:27.982,7.78957,7.7889800000000005,0.75,0.37
19.08.2021 00:26:28.481,7.789580000000001,7.7889800000000005,0.37,0.37
19.08.2021 00:26:28.983,7.78957,7.7889800000000005,0.75,0.37
19.08.2021 00:26:29.992,7.789530000000001,7.7889800000000005,0.37,0.37
19.08.2021 00:26:31.537,7.78955,7.7889800000000005,0.37,0.75
19.08.2021 00:26:34.585,7.78952,7.7889800000000005,0.37,0.37
19.08.2021 00:26:35.588,7.78954,7.7889800000000005,0.37,0.37
19.08.2021 00:26:37.037,7.789460000000001,7.78899,0.37,0.37
19.08.2021 00:26:38.028,7.789460000000001,7.789010000000001,0.37,0.37
19.08.2021 00:26:38.640,7.789530000000001,7.78899,0.37,0.37
19.08.2021 00:26:39.589,7.78955,7.7889800000000005,0.37,0.75
19.08.2021 00:26:42.730,7.789530000000001,7.78902,0.37,0.37
19.08.2021 00:26:43.417,7.789580000000001,7.78897,0.75,0.37
19.08.2021 00:27:19.073,7.789580000000001,7.788950000000001,0.75,0.37
19.08.2021 00:27:37.620,7.789580000000001,7.788950000000001,0.85,0.47
19.08.2021 00:27:58.605,7.789580000000001,7.788950000000001,0.85,0.47
19.08.2021 00:28:58.647,7.78965,7.788889999999999,0.75,0.75
19.08.2021 00:29:39.004,7.78957,7.788960000000001,0.37,0.37
19.08.2021 00:29:40.020,7.78957,7.78897,0.37,0.37
19.08.2021 00:30:02.943,7.789560000000001,7.78897,0.37,0.82
19.08.2021 00:30:03.945,7.789560000000001,7.78899,0.37,0.37
19.08.2021 00:30:04.878,7.7896399999999995,7.788950000000001,0.85,1.22
19.08.2021 00:30:05.269,7.789630000000001,7.7889800000000005,0.85,0.85
19.08.2021 00:30:05.370,7.7896399999999995,7.789000000000001,0.85,0.82
19.08.2021 00:30:05.595,7.7896399999999995,7.78908,0.85,0.37
19.08.2021 00:30:05.696,7.789580000000001,7.78908,0.75,0.37
19.08.2021 00:30:07.096,7.789580000000001,7.78909,0.75,0.37
19.08.2021 00:31:05.354,7.789580000000001,7.7891,0.75,0.37
19.08.2021 00:31:07.682,7.78957,7.7891,0.75,0.37
19.08.2021 00:31:07.833,7.7896,7.789130000000001,0.75,0.75
19.08.2021 00:31:07.934,7.789610000000001,7.78937,0.75,0.75
19.08.2021 00:31:08.035,7.789610000000001,7.78942,0.75,0.75
19.08.2021 00:31:08.136,7.789630000000001,7.78942,0.75,0.75
19.08.2021 00:31:09.274,7.78962,7.78942,0.75,0.75
19.08.2021 00:31:09.436,7.7896,7.78942,0.75,0.75
19.08.2021 00:31:09.662,7.7896399999999995,7.78942,0.75,0.75
19.08.2021 00:31:20.749,7.789660000000001,7.78942,0.75,0.75
19.08.2021 00:31:20.800,7.789660000000001,7.78947,0.75,0.75
19.08.2021 00:31:20.850,7.78969,7.78947,0.75,0.75
19.08.2021 00:31:20.951,7.789700000000001,7.78947,0.75,0.75
19.08.2021 00:31:21.074,7.789710000000001,7.78947,0.75,0.75
19.08.2021 00:31:21.184,7.78972,7.78947,0.75,0.75
19.08.2021 00:31:43.507,7.78977,7.78932,0.37,0.75
19.08.2021 00:31:43.608,7.78977,7.78927,0.37,0.75
19.08.2021 00:31:49.612,7.789810000000001,7.789360000000001,0.37,0.37
19.08.2021 00:31:49.777,7.789810000000001,7.78939,0.37,0.37
19.08.2021 00:31:49.828,7.789810000000001,7.789360000000001,0.37,0.37
19.08.2021 00:31:50.130,7.7899,7.78932,0.37,2.62
19.08.2021 00:31:50.437,7.7899,7.78934,0.45,0.75
19.08.2021 00:31:51.281,7.7899,7.78932,0.37,2.7
19.08.2021 00:31:51.432,7.7899,7.7893300000000005,0.37,0.75
19.08.2021 00:31:51.613,7.789880000000001,7.789360000000001,0.37,0.37
19.08.2021 00:31:53.133,7.78989,7.78937,0.37,0.37
19.08.2021 00:32:27.930,7.78982,7.78932,0.37,0.75
19.08.2021 00:32:29.384,7.78983,7.78932,0.37,2.25
19.08.2021 00:32:32.386,7.78984,7.78932,0.37,2.25
19.08.2021 00:32:36.969,7.78989,7.78937,0.45,0.37
19.08.2021 00:32:37.070,7.78989,7.78937,0.47,0.37
19.08.2021 00:32:37.221,7.789880000000001,7.78937,0.85,0.37
19.08.2021 00:32:39.064,7.78979,7.78937,0.37,0.37
19.08.2021 00:32:40.065,7.78979,7.789410000000001,0.37,0.37
19.08.2021 00:32:50.270,7.78978,7.78937,0.37,0.37
19.08.2021 00:32:50.473,7.78978,7.789360000000001,0.37,0.75
19.08.2021 00:32:51.027,7.78982,7.789360000000001,0.75,0.75
19.08.2021 00:32:51.184,7.78984,7.789360000000001,1.57,0.75
19.08.2021 00:32:52.029,7.78984,7.78937,1.2,0.37
19.08.2021 00:32:53.031,7.78984,7.78938,1.12,0.37
19.08.2021 00:32:54.423,7.78984,7.78938,0.47,0.37
19.08.2021 00:32:55.182,7.78984,7.789360000000001,0.47,0.37
19.08.2021 00:32:55.287,7.78984,7.789360000000001,0.45,0.37
19.08.2021 00:33:02.369,7.78984,7.789360000000001,0.47,0.37
19.08.2021 00:33:04.529,7.78983,7.789350000000001,0.82,0.75
19.08.2021 00:33:04.580,7.78972,7.78947,0.75,0.75
19.08.2021 00:33:04.778,7.78984,7.789350000000001,1.12,0.37
19.08.2021 00:33:05.537,7.78982,7.789350000000001,0.75,0.37
19.08.2021 00:33:05.982,7.78984,7.789350000000001,1.2,0.37
19.08.2021 00:33:06.163,7.78984,7.78934,1.12,0.37
19.08.2021 00:33:07.872,7.78984,7.78932,0.37,0.82
19.08.2021 00:33:08.876,7.78984,7.78932,1.12,0.85
19.08.2021 00:33:09.350,7.78984,7.78932,0.37,0.82
19.08.2021 00:33:09.400,7.78984,7.78934,0.37,0.37
19.08.2021 00:33:09.945,7.78983,7.78934,0.75,0.37
19.08.2021 00:33:10.446,7.78984,7.78934,1.12,0.37
19.08.2021 00:33:11.672,7.78984,7.789350000000001,1.12,0.37
19.08.2021 00:33:11.837,7.78972,7.78947,0.75,0.75
19.08.2021 00:33:13.874,7.78983,7.78945,0.75,0.37
19.08.2021 00:33:14.050,7.78983,7.78934,0.75,0.37
19.08.2021 00:33:14.385,7.78972,7.78947,0.75,0.75
19.08.2021 00:33:15.383,7.78984,7.78942,1.12,0.37
19.08.2021 00:33:15.570,7.78982,7.78932,0.37,0.82
19.08.2021 00:33:15.753,7.78972,7.78947,0.75,0.75
19.08.2021 00:33:16.701,7.78977,7.78952,1.12,0.75
19.08.2021 00:33:16.751,7.789760000000001,7.78932,0.37,0.75
19.08.2021 00:33:16.902,7.78972,7.78947,0.75,0.75
19.08.2021 00:33:17.870,7.78977,7.78952,0.75,0.75
19.08.2021 00:33:17.920,7.78983,7.78932,0.75,1.12
19.08.2021 00:33:17.971,7.78972,7.78947,0.75,0.75
19.08.2021 00:33:18.861,7.78977,7.78952,0.75,0.75
19.08.2021 00:33:19.403,7.78977,7.78932,0.37,0.85
19.08.2021 00:33:19.453,7.78972,7.78947,0.75,0.75
19.08.2021 00:33:20.371,7.78977,7.78952,0.75,0.75
19.08.2021 00:33:20.421,7.78977,7.78932,0.37,0.75
19.08.2021 00:33:20.522,7.78972,7.78947,0.75,0.75
19.08.2021 00:33:21.432,7.78977,7.78952,0.75,0.75
19.08.2021 00:33:21.482,7.78977,7.78932,0.37,0.75
19.08.2021 00:33:21.958,7.78972,7.78947,0.75,0.75
19.08.2021 00:33:22.911,7.78977,7.78952,0.75,0.75
19.08.2021 00:33:23.012,7.789760000000001,7.78932,0.37,0.75
19.08.2021 00:33:23.433,7.78972,7.78947,0.75,0.75
19.08.2021 00:33:24.403,7.78977,7.78952,0.75,0.75
19.08.2021 00:33:24.453,7.789750000000001,7.78932,0.37,1.12
19.08.2021 00:33:24.503,7.78972,7.78947,0.75,0.75
19.08.2021 00:33:25.441,7.78977,7.78952,0.75,0.75
19.08.2021 00:33:25.491,7.789810000000001,7.789360000000001,0.37,0.37
19.08.2021 00:33:25.859,7.78972,7.78947,0.75,0.75
19.08.2021 00:33:26.782,7.78977,7.78952,0.75,0.75
19.08.2021 00:33:26.833,7.78982,7.78937,1.12,0.37
19.08.2021 00:33:26.973,7.78972,7.78947,0.75,0.75
19.08.2021 00:33:27.994,7.78977,7.78952,0.75,0.75
19.08.2021 00:33:28.045,7.78982,7.78937,1.12,0.37
19.08.2021 00:33:28.095,7.78972,7.78947,0.75,0.75
19.08.2021 00:33:28.976,7.78977,7.78952,0.75,0.75
19.08.2021 00:33:29.027,7.78982,7.78937,0.75,0.37
19.08.2021 00:33:29.548,7.78972,7.78947,0.75,0.75
19.08.2021 00:33:30.500,7.78977,7.78952,0.75,0.75
19.08.2021 00:33:30.550,7.78982,7.78937,0.75,0.37
19.08.2021 00:33:30.922,7.78972,7.78947,0.75,0.75
19.08.2021 00:33:31.919,7.78977,7.78952,0.75,0.75
19.08.2021 00:33:31.969,7.78982,7.78945,0.75,0.37
19.08.2021 00:33:32.070,7.78972,7.78947,0.75,0.75
19.08.2021 00:33:33.114,7.78977,7.78952,0.75,0.75
19.08.2021 00:33:33.164,7.78984,7.78937,0.37,0.37
19.08.2021 00:33:33.568,7.78972,7.78947,0.75,0.75
19.08.2021 00:33:34.614,7.78977,7.78952,0.75,0.75
19.08.2021 00:33:34.664,7.78982,7.789360000000001,0.75,0.37
19.08.2021 00:33:34.948,7.78972,7.78947,0.75,0.75
19.08.2021 00:33:35.896,7.78977,7.78952,0.75,0.75
19.08.2021 00:33:35.946,7.78982,7.789360000000001,0.75,0.37
19.08.2021 00:33:36.226,7.78972,7.78947,0.75,0.75
19.08.2021 00:33:37.182,7.78977,7.78952,0.75,0.75
19.08.2021 00:33:37.233,7.78982,7.789360000000001,0.75,0.37
19.08.2021 00:33:37.656,7.78972,7.78947,0.75,0.75
19.08.2021 00:33:38.608,7.78977,7.78952,0.75,0.75
19.08.2021 00:33:38.658,7.78979,7.789360000000001,0.75,0.37
19.08.2021 00:33:38.709,7.789810000000001,7.789360000000001,0.75,0.37
19.08.2021 00:33:38.995,7.78972,7.78947,0.75,0.75
19.08.2021 00:33:39.986,7.78977,7.78952,0.75,0.75
19.08.2021 00:33:40.036,7.78979,7.789360000000001,0.75,0.37
19.08.2021 00:33:40.086,7.78972,7.78947,0.75,0.75
19.08.2021 00:33:41.014,7.78977,7.78952,0.75,0.75
19.08.2021 00:33:41.114,7.78979,7.789360000000001,0.75,0.37
19.08.2021 00:33:41.215,7.78972,7.78947,0.75,0.75
19.08.2021 00:33:57.810,7.78972,7.789350000000001,0.37,0.37
19.08.2021 00:33:57.861,7.789710000000001,7.78932,0.37,0.37
19.08.2021 00:33:58.247,7.789710000000001,7.78947,0.37,0.75
19.08.2021 00:33:59.314,7.78972,7.78947,1.12,0.75
19.08.2021 00:34:20.310,7.789760000000001,7.789350000000001,0.75,0.37
19.08.2021 00:34:20.522,7.78977,7.789350000000001,1.12,0.37
19.08.2021 00:34:21.250,7.789760000000001,7.789350000000001,0.37,0.37
19.08.2021 00:34:22.241,7.78977,7.789350000000001,1.12,0.37
19.08.2021 00:34:24.229,7.789760000000001,7.789350000000001,0.37,0.37
19.08.2021 00:34:25.233,7.78977,7.789350000000001,1.12,0.37
19.08.2021 00:34:25.400,7.7897300000000005,7.789350000000001,0.75,0.37
19.08.2021 00:34:25.501,7.789680000000001,7.789350000000001,0.37,0.37
19.08.2021 00:34:27.584,7.789680000000001,7.7893300000000005,0.37,0.37
19.08.2021 00:34:27.634,7.789680000000001,7.78939,0.37,0.75
19.08.2021 00:34:28.512,7.78967,7.78939,0.37,0.75
19.08.2021 00:34:29.892,7.78967,7.789360000000001,0.37,0.75
19.08.2021 00:34:29.943,7.789710000000001,7.789360000000001,1.12,0.75
19.08.2021 00:34:30.507,7.789710000000001,7.78938,0.75,0.37
19.08.2021 00:34:31.716,7.789710000000001,7.7894000000000005,0.75,0.37
19.08.2021 00:34:34.727,7.789710000000001,7.78942,0.75,0.37
19.08.2021 00:34:39.924,7.789710000000001,7.78937,0.75,0.37
19.08.2021 00:34:39.977,7.78977,7.78937,0.37,0.37
19.08.2021 00:34:40.459,7.78977,7.78942,0.37,0.37
19.08.2021 00:34:41.409,7.789760000000001,7.78942,0.37,0.37
19.08.2021 00:34:44.437,7.789750000000001,7.78942,0.37,0.37
19.08.2021 00:34:45.595,7.78977,7.789360000000001,0.37,0.37
19.08.2021 00:34:46.089,7.78977,7.78942,0.37,0.37
19.08.2021 00:34:47.083,7.789760000000001,7.78942,0.37,0.37
19.08.2021 00:34:47.278,7.789760000000001,7.789410000000001,0.37,0.37
19.08.2021 00:34:48.348,7.789710000000001,7.789410000000001,0.37,0.37
19.08.2021 00:34:48.399,7.7896399999999995,7.78927,0.75,0.75
19.08.2021 00:34:48.449,7.789610000000001,7.7892600000000005,0.75,2.62
19.08.2021 00:34:48.658,7.789610000000001,7.789280000000001,0.75,0.75
19.08.2021 00:34:54.253,7.7896,7.78919,0.75,0.75
19.08.2021 00:34:54.304,7.789610000000001,7.7891,0.37,0.82
19.08.2021 00:34:54.404,7.789580000000001,7.789060000000001,0.82,0.37
19.08.2021 00:34:54.455,7.78957,7.78903,0.82,0.37
19.08.2021 00:34:54.556,7.78957,7.78903,0.85,0.37
19.08.2021 00:34:54.707,7.78954,7.78897,0.37,0.37
19.08.2021 00:34:54.808,7.789480000000001,7.78892,2.32,0.85
19.08.2021 00:34:54.958,7.7894000000000005,7.78892,0.85,0.75
19.08.2021 00:34:55.110,7.7894000000000005,7.788889999999999,1.22,0.37
19.08.2021 00:34:55.211,7.7894000000000005,7.78882,0.47,1.12
19.08.2021 00:34:55.311,7.789300000000001,7.788780000000001,0.37,0.37
19.08.2021 00:34:55.412,7.789300000000001,7.788730000000001,0.37,0.85
19.08.2021 00:34:55.688,7.789300000000001,7.788710000000001,0.37,0.82
19.08.2021 00:34:55.890,7.789300000000001,7.7887,0.37,0.75
19.08.2021 00:34:56.406,7.789300000000001,7.78869,0.37,0.75
19.08.2021 00:34:56.456,7.789300000000001,7.78869,0.37,0.85
19.08.2021 00:34:56.670,7.789350000000001,7.788710000000001,0.85,0.82
19.08.2021 00:34:56.771,7.78937,7.7887,1.22,0.75
19.08.2021 00:34:56.872,7.78937,7.7887,2.72,0.75
19.08.2021 00:34:57.142,7.78934,7.788710000000001,0.85,0.75
19.08.2021 00:34:57.510,7.78934,7.788710000000001,0.85,0.75
19.08.2021 00:35:00.063,7.789360000000001,7.7887,0.85,0.75
19.08.2021 00:35:00.114,7.7893300000000005,7.78867,0.85,2.72
19.08.2021 00:35:07.858,7.7893300000000005,7.78867,0.85,0.85
19.08.2021 00:35:08.567,7.789289999999999,7.7886500000000005,0.85,1.22
19.08.2021 00:35:08.813,7.789289999999999,7.7886500000000005,0.85,0.45
19.08.2021 00:35:08.962,7.789289999999999,7.7886500000000005,0.82,0.37
19.08.2021 00:35:10.017,7.789289999999999,7.78863,0.82,0.75
19.08.2021 00:35:24.578,7.789300000000001,7.78862,0.85,0.85
19.08.2021 00:35:24.629,7.789300000000001,7.78862,0.85,0.82
19.08.2021 00:35:25.096,7.789310000000001,7.78863,2.72,0.75
19.08.2021 00:35:25.239,7.789310000000001,7.78863,2.72,0.85
19.08.2021 00:35:25.634,7.789280000000001,7.78863,0.85,0.85
19.08.2021 00:35:26.142,7.78925,7.78862,0.47,2.35
19.08.2021 00:35:33.725,7.789289999999999,7.78864,1.22,0.47
19.08.2021 00:35:47.579,7.789280000000001,7.78863,0.85,0.47
19.08.2021 00:35:47.737,7.789280000000001,7.78868,0.85,0.37
19.08.2021 00:35:49.719,7.7892399999999995,7.78867,0.47,0.37
19.08.2021 00:35:52.458,7.78919,7.78859,0.85,0.75
19.08.2021 00:35:52.559,7.78915,7.78857,0.85,0.47
19.08.2021 00:35:52.660,7.789110000000001,7.78857,0.75,0.37
19.08.2021 00:35:52.811,7.789130000000001,7.788460000000001,0.85,0.75
19.08.2021 00:35:52.911,7.78909,7.78845,0.75,0.45
19.08.2021 00:35:53.349,7.78909,7.78845,0.85,0.37
19.08.2021 00:35:53.853,7.78909,7.788430000000001,0.85,0.37
19.08.2021 00:35:54.339,7.78908,7.78842,0.85,0.75
19.08.2021 00:35:57.008,7.78907,7.788410000000001,2.35,1.2
19.08.2021 00:35:57.059,7.78902,7.788410000000001,0.75,0.47
19.08.2021 00:35:57.160,7.78902,7.788410000000001,0.82,0.37
19.08.2021 00:35:57.327,7.7889800000000005,7.788410000000001,0.82,0.37
19.08.2021 00:35:58.182,7.789010000000001,7.788360000000001,0.85,0.85
19.08.2021 00:35:58.283,7.789010000000001,7.788360000000001,0.85,0.85
19.08.2021 00:35:59.773,7.789010000000001,7.7883700000000005,0.47,0.85
19.08.2021 00:36:01.167,7.7889800000000005,7.78835,0.85,0.85
19.08.2021 00:36:01.410,7.7889800000000005,7.788330000000001,2.35,0.85
19.08.2021 00:36:01.707,7.788960000000001,7.788310000000001,1.2,0.85
19.08.2021 00:36:02.210,7.78897,7.788310000000001,0.85,0.47
19.08.2021 00:36:03.461,7.78897,7.788310000000001,0.85,0.47
19.08.2021 00:36:03.778,7.78902,7.788360000000001,0.85,0.82
19.08.2021 00:36:03.879,7.789010000000001,7.7883700000000005,0.85,0.75
19.08.2021 00:36:03.980,7.78902,7.788380000000001,0.85,0.75
19.08.2021 00:36:04.081,7.78902,7.788380000000001,0.85,0.85
19.08.2021 00:36:04.366,7.78904,7.78839,0.85,0.85
19.08.2021 00:36:04.491,7.78904,7.788410000000001,0.85,0.37
19.08.2021 00:36:04.872,7.7890500000000005,7.788410000000001,2.35,0.47
19.08.2021 00:36:05.372,7.7890500000000005,7.788410000000001,0.85,0.47
19.08.2021 00:36:05.573,7.7890500000000005,7.788410000000001,0.85,0.47
19.08.2021 00:36:08.413,7.78903,7.788410000000001,1.6,0.47
19.08.2021 00:36:08.915,7.78902,7.788410000000001,0.85,0.47
19.08.2021 00:36:13.750,7.789000000000001,7.78834,0.85,1.22
19.08.2021 00:36:13.991,7.789000000000001,7.78834,0.85,1.22
19.08.2021 00:36:14.753,7.789000000000001,7.78834,0.47,0.47
19.08.2021 00:36:17.433,7.789010000000001,7.788330000000001,0.85,0.85
19.08.2021 00:36:32.285,7.7889800000000005,7.78834,0.85,0.47
19.08.2021 00:36:32.498,7.7889800000000005,7.78834,0.85,0.47
19.08.2021 00:36:32.788,7.7889800000000005,7.78834,0.85,0.47
19.08.2021 00:36:34.100,7.789000000000001,7.7883700000000005,0.47,0.75
19.08.2021 00:36:34.150,7.789000000000001,7.7883700000000005,0.47,0.85
19.08.2021 00:36:34.201,7.789000000000001,7.78842,0.47,0.75
19.08.2021 00:36:34.251,7.789000000000001,7.78842,0.47,0.85
19.08.2021 00:36:34.418,7.789000000000001,7.78842,0.45,0.85
19.08.2021 00:36:34.787,7.78902,7.78844,0.85,0.45
19.08.2021 00:36:35.274,7.78902,7.78844,0.85,0.47
19.08.2021 00:36:36.670,7.78902,7.78844,0.85,0.45
19.08.2021 00:36:45.177,7.78902,7.78845,1.22,0.37
19.08.2021 00:36:45.227,7.78902,7.78845,1.22,0.37
19.08.2021 00:36:45.507,7.78902,7.78845,1.22,0.37
19.08.2021 00:36:45.741,7.78902,7.78845,1.22,0.37
19.08.2021 00:36:46.672,7.789010000000001,7.78842,0.47,1.22
19.08.2021 00:36:47.817,7.789010000000001,7.78842,0.47,1.22
19.08.2021 00:36:52.884,7.78899,7.78842,0.47,0.45
19.08.2021 00:37:48.980,7.789000000000001,7.78844,0.47,0.37
19.08.2021 00:37:49.093,7.789000000000001,7.78844,0.47,0.37
19.08.2021 00:37:49.212,7.789000000000001,7.78844,0.47,0.45
19.08.2021 00:37:49.589,7.789000000000001,7.78844,0.47,0.45
19.08.2021 00:38:26.975,7.78897,7.78844,0.37,0.45
19.08.2021 00:38:45.175,7.78897,7.78845,0.37,0.37
19.08.2021 00:39:05.602,7.78897,7.788330000000001,0.37,4.59
19.08.2021 00:39:05.703,7.7892,7.78872,1.12,0.85
19.08.2021 00:39:05.753,7.7891,7.78867,0.75,0.85
19.08.2021 00:39:05.854,7.78922,7.78902,0.75,0.75
19.08.2021 00:39:05.904,7.78942,7.78894,0.45,0.37
19.08.2021 00:39:06.005,7.78952,7.789060000000001,0.37,0.37
19.08.2021 00:39:06.055,7.789580000000001,7.789060000000001,0.85,0.37
19.08.2021 00:39:06.156,7.789580000000001,7.789060000000001,0.75,0.37
19.08.2021 00:39:06.366,7.789580000000001,7.788930000000001,0.75,0.85
19.08.2021 00:39:06.466,7.789630000000001,7.788930000000001,0.45,0.85
19.08.2021 00:39:06.567,7.789630000000001,7.78892,0.47,2.35
19.08.2021 00:39:07.065,7.789630000000001,7.78894,0.47,0.85
19.08.2021 00:39:08.038,7.789610000000001,7.788950000000001,0.85,0.85
19.08.2021 00:39:09.914,7.789610000000001,7.78894,1.22,0.85
19.08.2021 00:39:10.681,7.78959,7.788930000000001,0.85,0.85
19.08.2021 00:39:10.731,7.789580000000001,7.788910000000001,0.85,0.85
19.08.2021 00:39:11.039,7.789580000000001,7.788910000000001,0.85,0.85
19.08.2021 00:39:12.039,7.789580000000001,7.78892,0.85,0.85
19.08.2021 00:39:13.282,7.78957,7.788910000000001,0.85,0.85
19.08.2021 00:39:13.694,7.78959,7.788930000000001,0.85,0.85
19.08.2021 00:39:13.850,7.78959,7.788930000000001,0.85,0.85
19.08.2021 00:39:15.167,7.7896,7.788950000000001,0.85,0.85
19.08.2021 00:39:15.324,7.78962,7.78897,0.85,0.85
19.08.2021 00:39:15.434,7.78962,7.78897,0.85,0.85
19.08.2021 00:39:15.541,7.78962,7.78897,0.85,0.85
19.08.2021 00:39:18.312,7.789660000000001,7.7892600000000005,1.2,0.37
19.08.2021 00:39:18.363,7.789750000000001,7.78932,0.75,0.75
19.08.2021 00:39:18.413,7.7897300000000005,7.789300000000001,0.82,0.37
19.08.2021 00:39:18.464,7.789750000000001,7.789300000000001,0.75,0.37
19.08.2021 00:39:18.564,7.78982,7.78932,0.82,0.75
19.08.2021 00:39:18.665,7.78983,7.78932,0.75,0.75
19.08.2021 00:39:18.716,7.78983,7.78937,0.75,0.37
19.08.2021 00:39:18.832,7.78984,7.78937,0.75,0.37
19.08.2021 00:39:18.882,7.7898700000000005,7.78937,0.75,0.37
19.08.2021 00:39:18.983,7.78989,7.78937,0.75,0.37
19.08.2021 00:39:20.213,7.78989,7.78938,0.75,0.37
19.08.2021 00:39:23.267,7.78995,7.78938,0.37,0.37
19.08.2021 00:39:23.317,7.78995,7.78942,1.12,0.75
19.08.2021 00:39:23.418,7.78994,7.7896399999999995,0.75,0.37
19.08.2021 00:39:23.469,7.789960000000001,7.7896399999999995,0.75,0.37
19.08.2021 00:39:24.334,7.789960000000001,7.789660000000001,0.75,0.37
19.08.2021 00:39:25.824,7.789960000000001,7.78962,0.75,0.37
19.08.2021 00:39:27.304,7.789960000000001,7.7896399999999995,0.75,0.37
19.08.2021 00:39:34.803,7.789960000000001,7.789630000000001,0.75,0.37
19.08.2021 00:39:37.117,7.789960000000001,7.78965,0.75,0.37
19.08.2021 00:39:39.273,7.789960000000001,7.789660000000001,0.75,0.37
19.08.2021 00:39:40.560,7.79009,7.789660000000001,0.75,0.37
19.08.2021 00:39:44.138,7.79009,7.78965,0.75,0.37
19.08.2021 00:39:45.127,7.79009,7.78967,0.75,0.37
19.08.2021 00:39:45.577,7.79009,7.789630000000001,0.75,0.37
19.08.2021 00:39:48.139,7.79009,7.78962,0.75,0.37
19.08.2021 00:39:50.888,7.79009,7.789630000000001,0.75,0.75
19.08.2021 00:39:51.288,7.78994,7.78962,0.75,0.75
19.08.2021 00:39:51.339,7.79002,7.789610000000001,0.75,0.37
19.08.2021 00:39:51.440,7.78995,7.789610000000001,0.75,0.37
19.08.2021 00:39:51.591,7.789910000000001,7.789610000000001,0.75,0.37
19.08.2021 00:39:51.692,7.7899,7.789610000000001,0.75,0.37
19.08.2021 00:39:51.742,7.7899,7.789410000000001,0.75,0.75
19.08.2021 00:39:51.866,7.789910000000001,7.789410000000001,0.75,0.75
19.08.2021 00:39:54.865,7.789910000000001,7.78939,0.75,0.75
19.08.2021 00:39:57.389,7.789910000000001,7.789410000000001,0.75,0.75
19.08.2021 00:39:58.196,7.789910000000001,7.78939,0.75,0.75
19.08.2021 00:40:04.326,7.789910000000001,7.78937,0.75,0.75
19.08.2021 00:40:04.427,7.78992,7.78939,1.12,0.75
19.08.2021 00:40:05.164,7.78992,7.78943,0.75,0.37
19.08.2021 00:40:06.169,7.78992,7.78944,0.75,0.37
19.08.2021 00:40:08.171,7.78992,7.789460000000001,0.75,0.37
19.08.2021 00:40:11.569,7.7899,7.789460000000001,0.75,0.37
19.08.2021 00:40:12.195,7.7899,7.78947,0.75,0.37
19.08.2021 00:40:14.184,7.7899,7.789480000000001,0.75,0.37
19.08.2021 00:40:15.367,7.7899,7.78949,0.75,0.37
19.08.2021 00:40:16.900,7.789910000000001,7.78949,0.75,0.37
19.08.2021 00:40:20.199,7.789910000000001,7.7895,0.75,0.37
19.08.2021 00:40:22.406,7.789910000000001,7.789510000000001,0.75,0.37
19.08.2021 00:40:23.451,7.789910000000001,7.78952,0.75,0.37
19.08.2021 00:40:28.222,7.789910000000001,7.78949,0.75,0.37
19.08.2021 00:40:30.182,7.78995,7.78949,0.37,0.37
19.08.2021 00:40:31.235,7.78994,7.7895,0.37,0.37
19.08.2021 00:40:42.313,7.789930000000001,7.789510000000001,0.37,0.37
19.08.2021 00:40:52.277,7.78994,7.7895,0.37,0.37
19.08.2021 00:40:54.264,7.789930000000001,7.789510000000001,0.37,0.37
19.08.2021 00:41:13.022,7.7899,7.789510000000001,0.75,0.37
19.08.2021 00:41:13.322,7.7899,7.78952,0.75,0.37
19.08.2021 00:41:21.651,7.7898700000000005,7.78952,0.75,0.37
19.08.2021 00:41:22.680,7.7898700000000005,7.789510000000001,0.75,0.37
19.08.2021 00:41:26.557,7.7898700000000005,7.78943,0.75,0.75
19.08.2021 00:41:26.608,7.7898700000000005,7.789410000000001,0.75,0.75
19.08.2021 00:41:26.709,7.789860000000001,7.789350000000001,0.75,0.37
19.08.2021 00:41:26.809,7.789860000000001,7.78932,0.75,0.75
19.08.2021 00:41:28.268,7.789860000000001,7.78937,0.75,0.75
19.08.2021 00:41:29.334,7.78985,7.78937,0.37,0.75
19.08.2021 00:41:30.339,7.78984,7.78937,0.37,0.75
19.08.2021 00:41:37.394,7.789860000000001,7.78939,1.12,0.37
19.08.2021 00:41:42.944,7.78985,7.78945,0.37,0.37
19.08.2021 00:41:43.573,7.78983,7.78945,0.75,0.37
19.08.2021 00:41:43.623,7.78983,7.789350000000001,0.75,0.75
19.08.2021 00:41:45.367,7.7898000000000005,7.789350000000001,0.37,0.75
19.08.2021 00:41:45.650,7.78979,7.789350000000001,0.37,0.75
19.08.2021 00:41:57.153,7.78979,7.78937,0.37,0.75
19.08.2021 00:41:57.314,7.78979,7.78938,0.37,0.75
19.08.2021 00:41:57.415,7.789810000000001,7.78938,1.12,0.75
19.08.2021 00:41:58.396,7.78979,7.78938,0.37,0.75
19.08.2021 00:42:00.415,7.78978,7.78938,0.37,0.75
19.08.2021 00:42:02.418,7.78977,7.78938,0.37,0.75
19.08.2021 00:42:02.469,7.78977,7.789360000000001,0.37,0.75
19.08.2021 00:42:02.620,7.789760000000001,7.789360000000001,0.37,0.75
19.08.2021 00:42:02.947,7.789760000000001,7.78934,0.37,0.75
19.08.2021 00:42:02.998,7.789760000000001,7.78939,0.37,0.75
19.08.2021 00:42:03.048,7.789760000000001,7.78937,0.37,0.75
19.08.2021 00:42:03.099,7.789760000000001,7.7893300000000005,0.37,0.75
19.08.2021 00:42:03.149,7.789760000000001,7.789350000000001,0.37,0.75
19.08.2021 00:42:03.403,7.789760000000001,7.78937,0.37,0.75
19.08.2021 00:42:03.632,7.78978,7.78937,0.37,0.75
19.08.2021 00:42:03.859,7.78978,7.789360000000001,0.37,0.75
19.08.2021 00:42:03.959,7.78978,7.78938,0.37,0.75
19.08.2021 00:42:04.010,7.78978,7.789350000000001,0.37,0.75
19.08.2021 00:42:04.471,7.78978,7.789360000000001,0.37,0.75
19.08.2021 00:42:04.572,7.78978,7.789350000000001,0.37,0.75
19.08.2021 00:42:05.419,7.78979,7.789350000000001,0.37,0.75
19.08.2021 00:42:05.736,7.789810000000001,7.78938,0.37,0.75
19.08.2021 00:42:05.837,7.789810000000001,7.789360000000001,0.37,0.75
19.08.2021 00:42:05.888,7.789810000000001,7.78938,0.37,0.75
19.08.2021 00:42:06.038,7.789810000000001,7.78939,0.37,0.75
19.08.2021 00:42:06.139,7.789810000000001,7.78937,0.37,0.75
19.08.2021 00:42:06.780,7.78982,7.78937,0.37,0.75
19.08.2021 00:42:09.689,7.789860000000001,7.78937,0.37,0.75
19.08.2021 00:42:09.800,7.78985,7.78937,0.75,0.75
19.08.2021 00:42:10.864,7.78984,7.78937,0.37,0.75
19.08.2021 00:42:16.430,7.78985,7.78937,0.75,0.75
19.08.2021 00:42:24.539,7.7897300000000005,7.78937,0.37,0.75
19.08.2021 00:42:24.990,7.7897300000000005,7.78939,0.37,0.75
19.08.2021 00:42:25.990,7.78974,7.78939,0.37,0.75
19.08.2021 00:42:27.491,7.789750000000001,7.78939,0.37,0.75
19.08.2021 00:42:28.710,7.78977,7.78939,0.37,0.75
19.08.2021 00:42:31.711,7.78978,7.78939,0.37,0.75
19.08.2021 00:42:39.508,7.7898000000000005,7.78939,0.37,0.75
19.08.2021 00:42:39.921,7.78984,7.78939,0.37,0.75
19.08.2021 00:42:41.009,7.78982,7.78939,0.37,0.75
19.08.2021 00:42:47.711,7.78982,7.789410000000001,0.37,0.75
19.08.2021 00:42:47.762,7.78982,7.78938,0.37,0.75
19.08.2021 00:42:48.496,7.78982,7.78943,0.75,0.37
19.08.2021 00:42:49.720,7.789810000000001,7.78942,0.37,0.37
19.08.2021 00:42:55.741,7.7898000000000005,7.78943,0.37,0.37
19.08.2021 00:43:03.763,7.78977,7.78944,0.37,0.37
19.08.2021 00:43:04.766,7.78977,7.78945,0.37,0.37
19.08.2021 00:43:05.766,7.78977,7.789460000000001,0.37,0.37
19.08.2021 00:43:20.834,7.78978,7.789460000000001,0.37,0.37
19.08.2021 00:43:36.126,7.789860000000001,7.78934,2.7,0.75
19.08.2021 00:43:36.328,7.78984,7.78934,0.37,0.75
19.08.2021 00:43:38.100,7.78984,7.789350000000001,0.37,0.75
19.08.2021 00:43:38.201,7.78969,7.78943,0.75,0.75
19.08.2021 00:43:38.758,7.78962,7.78937,0.75,0.75
19.08.2021 00:43:40.154,7.78979,7.789300000000001,0.37,0.75
19.08.2021 00:43:40.204,7.78967,7.78942,0.75,0.75
19.08.2021 00:43:41.208,7.78962,7.78937,0.75,0.75
19.08.2021 00:43:41.738,7.78979,7.789289999999999,0.82,0.37
19.08.2021 00:43:42.163,7.78967,7.78942,0.75,0.75
19.08.2021 00:43:42.338,7.78962,7.78937,0.75,0.75
19.08.2021 00:43:42.561,7.78977,7.789280000000001,0.75,1.12
19.08.2021 00:43:42.683,7.78978,7.789280000000001,0.37,0.37
19.08.2021 00:43:43.321,7.78977,7.789280000000001,0.37,0.37
19.08.2021 00:43:43.613,7.78977,7.7892600000000005,0.37,0.75
19.08.2021 00:43:48.064,7.7898000000000005,7.7892600000000005,0.82,0.75
19.08.2021 00:44:04.508,7.7898000000000005,7.789280000000001,0.75,0.75
19.08.2021 00:44:05.521,7.7898000000000005,7.78937,0.75,0.37
19.08.2021 00:44:06.525,7.78972,7.78937,0.37,0.37
19.08.2021 00:45:06.641,7.7898000000000005,7.789280000000001,0.75,0.75
19.08.2021 00:45:40.213,7.78972,7.78947,0.75,0.75
19.08.2021 00:45:56.939,7.789810000000001,7.789360000000001,0.75,0.37
19.08.2021 00:45:59.830,7.78977,7.78952,0.75,0.75
19.08.2021 00:45:59.981,7.789810000000001,7.78957,0.37,0.75
19.08.2021 00:46:00.255,7.78982,7.78957,0.75,0.75
19.08.2021 00:46:06.698,7.78982,7.789460000000001,0.75,0.75
19.08.2021 00:46:07.142,7.78982,7.789510000000001,0.75,0.75
19.08.2021 00:46:12.663,7.78977,7.789460000000001,0.75,0.75
19.08.2021 00:46:12.763,7.78989,7.7894000000000005,0.75,0.75
19.08.2021 00:46:13.181,7.7899,7.78937,0.75,1.12
19.08.2021 00:46:42.808,7.789910000000001,7.789350000000001,0.37,0.45
19.08.2021 00:46:43.183,7.7899,7.78937,0.75,0.75
19.08.2021 00:47:11.502,7.789910000000001,7.789410000000001,0.37,0.75
19.08.2021 00:47:11.603,7.78994,7.78943,0.82,1.12
19.08.2021 00:47:11.855,7.789930000000001,7.78947,0.75,0.75
19.08.2021 00:47:12.876,7.78992,7.78947,0.37,0.75
19.08.2021 00:47:15.538,7.789930000000001,7.78947,1.12,0.75
19.08.2021 00:47:30.933,7.7898700000000005,7.789560000000001,0.75,0.75
19.08.2021 00:47:43.253,7.78982,7.789510000000001,0.75,0.75
19.08.2021 00:47:43.304,7.789910000000001,7.789480000000001,0.37,0.75
19.08.2021 00:47:43.405,7.789910000000001,7.78947,0.37,0.75
19.08.2021 00:47:44.163,7.78994,7.78947,0.75,0.75
19.08.2021 00:47:44.300,7.78992,7.78947,0.37,0.75
19.08.2021 00:47:45.305,7.789930000000001,7.78947,0.37,0.75
19.08.2021 00:47:51.006,7.789930000000001,7.78945,0.37,0.37
19.08.2021 00:47:52.058,7.78995,7.78943,0.37,0.75
19.08.2021 00:48:11.418,7.789910000000001,7.78942,0.37,1.2
19.08.2021 00:48:11.586,7.789910000000001,7.78939,0.37,0.47
19.08.2021 00:48:11.686,7.789910000000001,7.78939,0.37,0.37
19.08.2021 00:48:11.787,7.789880000000001,7.78939,0.85,0.37
19.08.2021 00:48:11.837,7.7898700000000005,7.789280000000001,0.82,0.47
19.08.2021 00:48:11.888,7.7898700000000005,7.789280000000001,0.85,0.47
19.08.2021 00:48:12.217,7.78985,7.789280000000001,0.85,0.37
19.08.2021 00:48:12.432,7.78985,7.789280000000001,0.85,0.37
19.08.2021 00:48:12.838,7.78985,7.78925,0.85,0.47
19.08.2021 00:48:13.241,7.78985,7.78925,0.85,0.47
19.08.2021 00:48:25.956,7.78985,7.789280000000001,0.85,0.37
19.08.2021 00:48:26.007,7.789860000000001,7.789280000000001,1.22,0.45
19.08.2021 00:48:27.457,7.78984,7.7892600000000005,0.37,0.47
19.08.2021 00:48:33.039,7.78984,7.789289999999999,0.37,0.37
19.08.2021 00:48:51.737,7.78985,7.789289999999999,0.45,0.37
19.08.2021 00:48:51.877,7.78985,7.78927,0.45,0.47
19.08.2021 00:48:52.835,7.78985,7.78927,0.45,0.47
19.08.2021 00:48:52.885,7.78985,7.78927,0.47,0.45
19.08.2021 00:49:35.759,7.78984,7.7892600000000005,0.47,0.45
19.08.2021 00:49:43.246,7.7898000000000005,7.78925,0.85,0.37
19.08.2021 00:49:43.412,7.78978,7.78925,0.82,0.37
19.08.2021 00:49:43.542,7.78978,7.78925,0.85,0.37
19.08.2021 00:49:43.593,7.789810000000001,7.78925,0.85,0.37
19.08.2021 00:49:44.581,7.78977,7.78919,0.37,0.45
19.08.2021 00:49:44.682,7.78977,7.78919,0.47,0.37
19.08.2021 00:49:46.081,7.789750000000001,7.78917,0.45,0.45
19.08.2021 00:50:13.634,7.789760000000001,7.789180000000001,0.47,0.37
19.08.2021 00:50:15.992,7.78974,7.789160000000001,0.37,0.47
19.08.2021 00:50:16.042,7.78952,7.78927,0.75,0.75
19.08.2021 00:50:16.093,7.789700000000001,7.789160000000001,0.85,0.37
19.08.2021 00:50:16.144,7.789680000000001,7.789160000000001,0.85,0.37
19.08.2021 00:50:16.194,7.789660000000001,7.789010000000001,1.2,0.47
19.08.2021 00:50:16.245,7.789610000000001,7.789010000000001,0.82,0.37
19.08.2021 00:50:16.346,7.78962,7.788950000000001,0.85,1.22
19.08.2021 00:50:16.506,7.789610000000001,7.788950000000001,0.85,0.37
19.08.2021 00:50:17.522,7.7896,7.788950000000001,0.47,0.45
19.08.2021 00:50:19.804,7.78957,7.78894,0.37,0.85
19.08.2021 00:50:19.909,7.78957,7.78892,0.37,1.22
19.08.2021 00:50:20.308,7.78957,7.78892,0.45,1.22
19.08.2021 00:50:24.223,7.78959,7.78894,0.47,0.47
19.08.2021 00:50:24.743,7.78959,7.78894,0.47,0.47
19.08.2021 00:50:28.670,7.789580000000001,7.78894,0.47,0.47
19.08.2021 00:50:28.771,7.78955,7.78894,1.22,0.45
19.08.2021 00:50:28.934,7.78955,7.788930000000001,1.22,0.82
19.08.2021 00:50:33.436,7.78954,7.78892,1.22,0.47
19.08.2021 00:50:33.956,7.78954,7.788930000000001,1.22,0.37
19.08.2021 00:51:02.658,7.789480000000001,7.788930000000001,0.37,0.37
19.08.2021 00:51:02.919,7.789480000000001,7.788880000000001,0.37,0.85
19.08.2021 00:51:03.160,7.789480000000001,7.788880000000001,0.37,0.85
19.08.2021 00:51:22.284,7.789560000000001,7.78892,0.47,0.75
19.08.2021 00:51:22.334,7.789560000000001,7.78892,0.47,2.35
19.08.2021 00:51:22.554,7.789560000000001,7.78892,0.45,2.35
19.08.2021 00:51:22.811,7.789560000000001,7.78892,0.45,2.35
19.08.2021 00:51:23.053,7.789560000000001,7.78892,0.47,2.35
19.08.2021 00:51:32.932,7.789510000000001,7.7889,0.85,0.47
19.08.2021 00:51:33.111,7.789480000000001,7.7889,0.45,0.45
19.08.2021 00:51:33.448,7.78944,7.788889999999999,0.37,0.47
19.08.2021 00:51:44.461,7.78943,7.78887,0.37,0.47
19.08.2021 00:51:58.959,7.78944,7.788860000000001,0.37,1.22
19.08.2021 00:52:03.352,7.78944,7.78892,0.37,0.75
19.08.2021 00:52:06.954,7.78944,7.788930000000001,0.37,0.37
19.08.2021 00:52:10.967,7.78937,7.788930000000001,0.37,0.37
19.08.2021 00:52:17.009,7.789360000000001,7.78894,0.37,0.37
19.08.2021 00:52:30.493,7.78943,7.78887,0.37,0.47
19.08.2021 00:52:32.963,7.78943,7.78887,0.37,0.45
19.08.2021 00:52:33.102,7.78942,7.78887,0.37,0.45
19.08.2021 00:52:34.126,7.78944,7.78887,0.37,0.82
19.08.2021 00:52:40.017,7.78944,7.788880000000001,0.37,0.75
19.08.2021 00:52:45.858,7.78944,7.78887,0.37,0.82
19.08.2021 00:52:48.319,7.78944,7.788880000000001,0.37,0.75
19.08.2021 00:52:49.326,7.78944,7.788930000000001,0.37,0.37
19.08.2021 00:52:52.332,7.789410000000001,7.788930000000001,0.37,0.37
19.08.2021 00:52:55.317,7.78943,7.78887,0.37,0.82
19.08.2021 00:52:56.724,7.78942,7.78887,0.37,1.2
19.08.2021 00:52:57.071,7.78942,7.788880000000001,0.37,0.75
19.08.2021 00:52:58.345,7.78939,7.788889999999999,0.37,0.37
19.08.2021 00:52:59.312,7.78939,7.788910000000001,0.37,0.37
19.08.2021 00:53:08.786,7.78943,7.788889999999999,0.37,0.75
19.08.2021 00:53:09.776,7.78942,7.788889999999999,0.37,0.75
19.08.2021 00:53:15.763,7.789460000000001,7.788889999999999,0.37,0.75
19.08.2021 00:53:16.262,7.789460000000001,7.788930000000001,0.37,0.37
19.08.2021 00:54:04.321,7.789460000000001,7.78892,0.37,0.37
19.08.2021 00:54:05.378,7.78942,7.78892,0.37,0.37
19.08.2021 00:54:07.358,7.789410000000001,7.78892,0.37,0.37
19.08.2021 00:54:13.882,7.78943,7.78892,0.37,1.12
19.08.2021 00:54:15.295,7.789410000000001,7.78892,0.37,1.12
19.08.2021 00:54:34.953,7.7894000000000005,7.78892,0.37,0.37
19.08.2021 00:54:48.683,7.78939,7.78894,0.37,0.37
19.08.2021 00:55:48.854,7.789580000000001,7.78892,0.75,0.75
19.08.2021 00:56:17.679,7.789580000000001,7.78882,0.75,0.75
19.08.2021 00:56:22.749,7.789580000000001,7.78892,0.75,0.75
19.08.2021 00:57:02.669,7.789580000000001,7.78882,0.75,0.75
19.08.2021 00:57:08.455,7.789580000000001,7.78892,0.75,0.75
19.08.2021 00:57:12.223,7.78954,7.78892,0.37,0.75
19.08.2021 00:57:12.365,7.78954,7.78892,0.47,0.75
19.08.2021 00:57:18.804,7.789480000000001,7.788889999999999,0.85,0.82
19.08.2021 00:57:21.072,7.78945,7.788889999999999,0.37,0.82
19.08.2021 00:57:30.027,7.78945,7.78897,0.37,0.37
19.08.2021 00:57:30.128,7.78934,7.78907,0.75,0.75
19.08.2021 00:57:30.229,7.78942,7.78917,0.75,0.75
19.08.2021 00:57:30.554,7.789530000000001,7.7892600000000005,0.75,0.75
19.08.2021 00:57:30.655,7.78952,7.78927,0.75,0.75
19.08.2021 00:57:30.907,7.789580000000001,7.789300000000001,0.75,0.75
19.08.2021 00:57:31.008,7.789580000000001,7.7893300000000005,0.75,0.75
19.08.2021 00:57:35.843,7.78962,7.78937,0.75,0.75
19.08.2021 00:57:40.908,7.78967,7.78942,0.75,0.75
19.08.2021 00:57:41.009,7.789700000000001,7.78942,0.75,0.75
19.08.2021 00:57:47.327,7.789700000000001,7.789460000000001,0.75,0.37
19.08.2021 00:57:48.090,7.789700000000001,7.78945,0.75,0.75
19.08.2021 00:57:51.204,7.789760000000001,7.789480000000001,0.75,2.25
19.08.2021 00:57:55.199,7.789760000000001,7.78949,0.75,0.37
19.08.2021 00:57:55.762,7.78982,7.78957,0.75,0.75
19.08.2021 00:57:55.863,7.78992,7.78967,0.75,0.75
19.08.2021 00:58:01.198,7.78997,7.78972,0.9,0.75
19.08.2021 00:58:14.509,7.78992,7.78967,0.75,0.75
19.08.2021 00:58:21.749,7.78997,7.78972,0.9,0.75
19.08.2021 00:58:26.995,7.78997,7.78977,0.2,0.75
19.08.2021 00:58:27.045,7.78997,7.78972,0.9,0.75
19.08.2021 00:58:31.772,7.79002,7.78977,0.75,0.75
19.08.2021 00:58:51.462,7.79002,7.78978,0.75,0.37
19.08.2021 00:58:52.454,7.79002,7.78979,0.75,0.37
19.08.2021 00:58:52.518,7.79002,7.78977,0.75,0.75
19.08.2021 00:58:55.377,7.790030000000001,7.78967,0.75,0.37
19.08.2021 00:58:56.839,7.790030000000001,7.789700000000001,0.75,0.37
19.08.2021 00:59:00.316,7.790030000000001,7.789710000000001,0.75,0.37
19.08.2021 00:59:02.600,7.790030000000001,7.789700000000001,0.75,0.75
19.08.2021 00:59:03.564,7.790030000000001,7.78972,0.75,0.37
19.08.2021 00:59:04.568,7.790030000000001,7.7897300000000005,0.75,0.37
19.08.2021 00:59:05.575,7.790030000000001,7.78974,0.75,0.37
19.08.2021 00:59:06.575,7.790030000000001,7.789750000000001,0.75,0.37
19.08.2021 00:59:09.487,7.790030000000001,7.7897300000000005,0.75,0.37
19.08.2021 00:59:10.179,7.79002,7.78977,0.75,0.75
19.08.2021 00:59:20.666,7.790080000000001,7.78978,0.75,0.75
19.08.2021 00:59:21.683,7.790030000000001,7.78978,0.75,0.75
19.08.2021 00:59:25.556,7.790030000000001,7.7897300000000005,2.25,1.12
19.08.2021 00:59:25.707,7.790030000000001,7.789760000000001,0.75,0.75
19.08.2021 00:59:25.808,7.790030000000001,7.78978,0.75,0.75
19.08.2021 00:59:43.017,7.790060000000001,7.78977,0.37,0.37
19.08.2021 00:59:43.172,7.790060000000001,7.789750000000001,0.37,0.37
19.08.2021 00:59:44.544,7.790080000000001,7.789760000000001,0.37,0.37
19.08.2021 00:59:45.605,7.790080000000001,7.78977,0.37,0.37
19.08.2021 00:59:46.597,7.79009,7.789760000000001,0.37,0.37
19.08.2021 00:59:47.587,7.79009,7.789750000000001,0.37,0.37
19.08.2021 00:59:49.569,7.790080000000001,7.789750000000001,0.37,0.37
19.08.2021 00:59:51.959,7.79007,7.789750000000001,0.37,0.37
19.08.2021 00:59:53.199,7.790060000000001,7.789760000000001,0.37,0.37
19.08.2021 00:59:56.051,7.790060000000001,7.78978,0.37,0.75
19.08.2021 00:59:59.480,7.79007,7.78978,0.37,0.75
19.08.2021 01:00:00.483,7.790080000000001,7.78978,0.37,0.75
19.08.2021 01:00:01.491,7.79007,7.78978,0.37,0.75
19.08.2021 01:00:03.582,7.790060000000001,7.78978,0.37,0.75
19.08.2021 01:00:09.855,7.790080000000001,7.78978,0.37,0.75
19.08.2021 01:00:13.774,7.790080000000001,7.789750000000001,0.37,1.12
19.08.2021 01:00:14.778,7.79007,7.789750000000001,0.37,1.12
19.08.2021 01:00:15.784,7.790060000000001,7.789750000000001,0.37,1.12
19.08.2021 01:00:26.566,7.790060000000001,7.78979,0.37,0.75
19.08.2021 01:00:26.717,7.790030000000001,7.78979,0.75,0.75
19.08.2021 01:00:28.192,7.79007,7.78984,0.37,0.75
19.08.2021 01:00:33.216,7.790080000000001,7.78984,0.37,0.75
19.08.2021 01:00:33.902,7.79007,7.78984,0.37,0.75
19.08.2021 01:00:34.310,7.790150000000001,7.78984,0.37,0.75
19.08.2021 01:00:36.308,7.790160000000001,7.78984,0.75,0.75
19.08.2021 01:00:37.256,7.790160000000001,7.78977,0.37,0.82
19.08.2021 01:00:37.518,7.790160000000001,7.78977,0.37,2.35
19.08.2021 01:00:37.569,7.790160000000001,7.789880000000001,0.37,0.75
19.08.2021 01:00:37.670,7.79019,7.789880000000001,0.37,0.75
19.08.2021 01:00:38.263,7.79018,7.789880000000001,0.37,0.75
19.08.2021 01:00:38.378,7.79018,7.78984,1.12,0.75
19.08.2021 01:00:38.938,7.7902000000000005,7.789880000000001,1.12,0.75
19.08.2021 01:00:39.255,7.790210000000001,7.789880000000001,0.37,0.75
19.08.2021 01:00:39.305,7.79018,7.78984,0.75,0.75
19.08.2021 01:00:39.406,7.79017,7.78984,0.37,0.75
19.08.2021 01:00:39.456,7.79017,7.789880000000001,0.37,0.75
19.08.2021 01:00:39.507,7.79017,7.78984,0.37,0.75
19.08.2021 01:00:39.758,7.790210000000001,7.789880000000001,0.37,0.75
19.08.2021 01:00:40.198,7.790210000000001,7.78992,0.37,0.75
19.08.2021 01:00:40.467,7.79018,7.78992,0.37,0.75
19.08.2021 01:00:40.518,7.79018,7.78984,0.37,0.75
19.08.2021 01:00:41.968,7.79017,7.78984,0.37,0.75
19.08.2021 01:00:49.142,7.79019,7.78984,0.37,0.75
19.08.2021 01:00:49.193,7.7902000000000005,7.78992,0.75,0.75
19.08.2021 01:00:49.895,7.79017,7.78984,0.37,0.75
19.08.2021 01:00:50.967,7.79019,7.78984,0.37,0.75
19.08.2021 01:00:52.952,7.79017,7.78984,0.37,0.75
19.08.2021 01:00:53.954,7.79019,7.78984,0.37,0.75
19.08.2021 01:00:54.312,7.79017,7.78984,0.37,0.75
19.08.2021 01:00:55.965,7.790160000000001,7.78984,0.37,0.75
19.08.2021 01:00:56.968,7.790150000000001,7.78984,0.37,0.75
19.08.2021 01:00:59.224,7.79017,7.78984,0.37,0.75
19.08.2021 01:00:59.699,7.79017,7.789860000000001,0.37,0.37
19.08.2021 01:01:00.771,7.79017,7.78984,0.37,1.12
19.08.2021 01:01:04.362,7.7902000000000005,7.78984,2.25,1.12
19.08.2021 01:01:04.412,7.7902000000000005,7.789880000000001,0.75,0.75
19.08.2021 01:01:04.968,7.7902000000000005,7.78985,2.25,0.37
19.08.2021 01:01:05.181,7.79017,7.78985,0.37,0.37
19.08.2021 01:01:05.713,7.79017,7.78984,0.37,0.75
19.08.2021 01:01:12.605,7.79019,7.78984,0.75,1.12
19.08.2021 01:01:13.283,7.790210000000001,7.789880000000001,0.37,0.75
19.08.2021 01:01:13.491,7.790210000000001,7.7899899999999995,0.37,0.75
19.08.2021 01:01:13.542,7.7902700000000005,7.7899899999999995,0.37,0.75
19.08.2021 01:01:13.593,7.790360000000001,7.7899899999999995,0.75,0.75
19.08.2021 01:01:13.643,7.7903899999999995,7.79009,0.37,0.75
19.08.2021 01:01:13.744,7.79057,7.79024,2.32,0.75
19.08.2021 01:01:14.738,7.79059,7.79029,0.37,0.75
19.08.2021 01:01:14.788,7.790660000000001,7.79029,2.35,0.75
19.08.2021 01:01:14.839,7.790660000000001,7.79029,2.32,0.75
19.08.2021 01:01:16.246,7.79065,7.79029,0.37,0.75
19.08.2021 01:01:17.708,7.79069,7.7903,0.45,0.75
19.08.2021 01:01:17.809,7.79069,7.7902700000000005,0.37,0.75
19.08.2021 01:01:18.192,7.7907399999999996,7.7902700000000005,0.75,0.75
19.08.2021 01:01:18.243,7.7908,7.79054,0.75,0.75
19.08.2021 01:01:18.293,7.790860000000001,7.79054,0.75,0.75
19.08.2021 01:01:18.394,7.79087,7.79054,0.37,0.75
19.08.2021 01:01:18.683,7.790850000000001,7.79053,0.75,0.75
19.08.2021 01:01:19.583,7.7909500000000005,7.790560000000001,2.25,1.12
19.08.2021 01:01:19.684,7.7909500000000005,7.79062,2.25,0.75
19.08.2021 01:01:20.789,7.7909500000000005,7.7906,0.75,0.75
19.08.2021 01:01:21.467,7.7909500000000005,7.790630000000001,0.75,0.75
19.08.2021 01:01:21.619,7.7909500000000005,7.79062,0.75,0.75
19.08.2021 01:01:21.720,7.790860000000001,7.79062,0.75,0.75
19.08.2021 01:01:21.771,7.790850000000001,7.79053,0.75,0.75
19.08.2021 01:01:22.149,7.79087,7.79054,0.75,0.75
19.08.2021 01:01:25.042,7.790910000000001,7.79054,0.45,0.75
19.08.2021 01:01:25.536,7.790910000000001,7.790560000000001,0.37,0.75
19.08.2021 01:01:25.739,7.790910000000001,7.79054,0.37,0.75
19.08.2021 01:01:26.138,7.79094,7.79054,1.2,0.75
19.08.2021 01:01:26.815,7.79093,7.79054,0.75,0.75
19.08.2021 01:01:28.007,7.790850000000001,7.79053,0.75,0.75
19.08.2021 01:01:29.693,7.790910000000001,7.79058,0.75,0.75
19.08.2021 01:01:29.844,7.790860000000001,7.79053,0.75,2.32
19.08.2021 01:01:39.903,7.790910000000001,7.79058,1.12,0.75
19.08.2021 01:01:40.014,7.790860000000001,7.79053,0.75,2.32
19.08.2021 01:01:50.123,7.790900000000001,7.790560000000001,2.62,0.75
19.08.2021 01:01:50.238,7.790850000000001,7.79053,0.75,0.75
19.08.2021 01:02:00.167,7.79087,7.79058,0.37,0.75
19.08.2021 01:02:01.456,7.790900000000001,7.79058,0.75,0.75
19.08.2021 01:02:01.996,7.790910000000001,7.790630000000001,0.37,0.75
19.08.2021 01:02:02.097,7.790960000000001,7.790630000000001,0.75,0.75
19.08.2021 01:02:10.396,7.791010000000001,7.79053,0.75,0.85
19.08.2021 01:02:10.497,7.791010000000001,7.79053,0.75,0.85
19.08.2021 01:02:10.832,7.791010000000001,7.79053,0.75,0.85
19.08.2021 01:02:11.290,7.79097,7.790630000000001,0.75,0.75
19.08.2021 01:02:16.973,7.79093,7.79058,0.75,0.75
19.08.2021 01:02:17.074,7.79092,7.79058,0.37,0.75
19.08.2021 01:02:17.998,7.79093,7.79058,0.75,0.75
19.08.2021 01:02:18.770,7.7908800000000005,7.79053,0.75,0.75
19.08.2021 01:02:18.879,7.790830000000001,7.7904800000000005,0.75,0.75
19.08.2021 01:02:20.949,7.7908800000000005,7.79054,1.12,0.75
19.08.2021 01:02:21.978,7.79089,7.79054,2.25,0.75
19.08.2021 01:02:25.503,7.79084,7.7904800000000005,0.75,0.75
19.08.2021 01:02:25.653,7.790850000000001,7.79049,1.12,0.75
19.08.2021 01:02:27.124,7.79087,7.79049,1.12,0.75
19.08.2021 01:02:27.247,7.790860000000001,7.79049,0.75,0.75
19.08.2021 01:02:35.891,7.790850000000001,7.79049,0.37,0.75
19.08.2021 01:02:36.938,7.79084,7.79049,0.37,0.75
19.08.2021 01:02:39.578,7.790850000000001,7.79049,0.37,0.75
19.08.2021 01:03:18.803,7.790830000000001,7.79049,0.37,0.75
19.08.2021 01:03:22.397,7.79082,7.79049,0.37,0.75
19.08.2021 01:03:34.057,7.790830000000001,7.79049,0.37,0.75
19.08.2021 01:03:43.810,7.79082,7.79049,0.75,0.75
19.08.2021 01:03:44.773,7.7907399999999996,7.79049,0.37,0.75
19.08.2021 01:03:55.078,7.79082,7.790560000000001,0.75,0.75
19.08.2021 01:03:55.280,7.790830000000001,7.790560000000001,0.75,0.75
19.08.2021 01:03:55.419,7.790830000000001,7.79049,0.75,0.75
19.08.2021 01:04:09.860,7.79082,7.79049,0.75,0.75
19.08.2021 01:04:09.963,7.79082,7.7904,0.75,0.47
19.08.2021 01:04:11.083,7.790810000000001,7.7904,0.37,0.47
19.08.2021 01:04:11.158,7.7907399999999996,7.7904,0.37,0.47
19.08.2021 01:04:13.168,7.7907399999999996,7.790430000000001,0.37,0.37
19.08.2021 01:04:16.399,7.7907399999999996,7.79049,0.37,0.75
19.08.2021 01:04:17.093,7.790730000000001,7.79049,0.37,0.75
19.08.2021 01:04:33.308,7.790730000000001,7.7904800000000005,0.37,0.75
19.08.2021 01:04:42.725,7.790780000000001,7.7904800000000005,0.37,0.75
19.08.2021 01:04:52.769,7.790789999999999,7.7904800000000005,0.75,0.75
19.08.2021 01:04:54.804,7.790780000000001,7.7904800000000005,0.75,0.75
19.08.2021 01:04:55.760,7.790730000000001,7.7904800000000005,0.37,0.75
19.08.2021 01:05:10.043,7.790780000000001,7.7904800000000005,0.75,0.75
19.08.2021 01:05:23.326,7.790710000000001,7.790330000000001,0.75,0.45
19.08.2021 01:05:23.376,7.79067,7.79042,0.75,0.75
19.08.2021 01:05:23.527,7.790780000000001,7.790330000000001,0.45,0.37
19.08.2021 01:05:23.577,7.79067,7.79042,0.75,0.75
19.08.2021 01:05:32.856,7.79072,7.7902700000000005,0.37,0.45
19.08.2021 01:05:33.271,7.79072,7.790260000000001,0.37,0.45
19.08.2021 01:05:33.558,7.79072,7.790260000000001,0.37,0.47
19.08.2021 01:05:34.306,7.790730000000001,7.790260000000001,0.37,0.47
19.08.2021 01:05:35.807,7.7907399999999996,7.790260000000001,0.37,0.47
19.08.2021 01:05:37.716,7.79067,7.79042,0.75,0.75
19.08.2021 01:06:22.328,7.79047,7.79024,0.75,0.37
19.08.2021 01:06:22.379,7.79047,7.79022,0.75,0.75
19.08.2021 01:06:23.642,7.79054,7.79024,0.37,0.75
19.08.2021 01:06:23.692,7.79047,7.79022,0.75,0.75
19.08.2021 01:06:40.186,7.7904800000000005,7.790150000000001,0.37,2.25
19.08.2021 01:06:40.345,7.79047,7.790210000000001,0.37,0.37
19.08.2021 01:06:41.389,7.790460000000001,7.7902000000000005,0.37,0.37
19.08.2021 01:06:42.411,7.79047,7.7902000000000005,0.37,0.37
19.08.2021 01:06:53.952,7.79047,7.79022,1.12,0.75
19.08.2021 01:07:09.318,7.79047,7.79024,0.37,0.75
19.08.2021 01:07:11.550,7.79047,7.79022,1.12,0.75
19.08.2021 01:07:12.467,7.790460000000001,7.79022,0.37,0.75
19.08.2021 01:07:32.809,7.79042,7.79017,0.75,0.75
19.08.2021 01:07:52.362,7.790380000000001,7.79013,0.75,2.25
19.08.2021 01:07:52.513,7.79032,7.790100000000001,0.75,0.37
19.08.2021 01:07:52.564,7.79032,7.79007,0.75,0.75
19.08.2021 01:07:54.385,7.790380000000001,7.790100000000001,0.75,0.75
19.08.2021 01:07:54.435,7.790380000000001,7.79013,0.75,0.75
19.08.2021 01:09:01.142,7.790430000000001,7.790160000000001,0.75,0.75
19.08.2021 01:09:01.248,7.79042,7.79017,0.75,0.75
19.08.2021 01:09:17.933,7.790439999999999,7.79018,0.75,0.75
19.08.2021 01:09:23.827,7.79042,7.79017,0.75,0.75
19.08.2021 01:12:03.264,7.790410000000001,7.79018,0.75,0.75
19.08.2021 01:12:10.822,7.79042,7.79017,0.75,0.75
19.08.2021 01:12:36.079,7.790280000000001,7.790039999999999,0.75,0.37
19.08.2021 01:12:36.129,7.790280000000001,7.79002,0.75,0.37
19.08.2021 01:12:36.336,7.790280000000001,7.79,0.75,0.75
19.08.2021 01:12:42.138,7.79017,7.78992,0.75,0.75
19.08.2021 01:12:42.189,7.79018,7.7899,0.75,0.75
19.08.2021 01:12:51.088,7.79002,7.789810000000001,0.75,0.37
19.08.2021 01:12:51.138,7.78997,7.78974,0.75,0.37
19.08.2021 01:12:51.239,7.78992,7.78967,0.75,0.75
19.08.2021 01:12:57.616,7.7898700000000005,7.78962,0.75,0.75
19.08.2021 01:12:57.767,7.78982,7.78957,0.75,0.75
19.08.2021 01:13:10.614,7.78997,7.78945,1.22,0.47
19.08.2021 01:13:10.664,7.7898700000000005,7.78962,0.75,0.75
19.08.2021 01:13:15.694,7.79002,7.78977,0.75,0.75
19.08.2021 01:13:17.714,7.79007,7.78982,0.75,0.75
19.08.2021 01:13:21.773,7.79017,7.78992,0.75,0.75
19.08.2021 01:13:24.567,7.79022,7.78997,0.75,0.75
19.08.2021 01:13:24.668,7.790280000000001,7.790030000000001,0.75,0.75
19.08.2021 01:13:26.471,7.79032,7.79007,0.75,0.75
19.08.2021 01:13:35.736,7.79049,7.79,0.47,0.37
19.08.2021 01:13:36.082,7.79042,7.79017,0.75,0.75
19.08.2021 01:13:36.518,7.79047,7.79022,0.75,0.75
19.08.2021 01:14:08.878,7.79052,7.7902700000000005,0.75,0.75
19.08.2021 01:14:16.475,7.79057,7.79032,0.75,0.75
19.08.2021 01:14:16.576,7.79052,7.7902700000000005,0.75,0.75
19.08.2021 01:14:38.050,7.79054,7.790280000000001,0.75,0.75
19.08.2021 01:14:45.636,7.79052,7.7902700000000005,0.75,0.75
19.08.2021 01:15:06.853,7.79047,7.79022,0.75,0.75
19.08.2021 01:15:11.985,7.79042,7.79017,0.75,0.75
19.08.2021 01:15:31.228,7.790430000000001,7.790160000000001,0.75,0.75
19.08.2021 01:15:31.363,7.79042,7.79017,0.75,0.75
19.08.2021 01:16:08.643,7.790439999999999,7.79017,0.75,0.75
19.08.2021 01:16:10.321,7.79042,7.79017,0.75,0.75
19.08.2021 01:16:55.108,7.79047,7.79022,0.75,0.75
19.08.2021 01:17:12.357,7.79054,7.79014,0.37,0.37
19.08.2021 01:17:12.457,7.79054,7.79012,0.37,0.45
19.08.2021 01:17:12.508,7.79047,7.79022,0.75,0.75
19.08.2021 01:18:08.148,7.79042,7.79017,0.75,0.75
19.08.2021 01:18:08.198,7.7904800000000005,7.79018,0.37,0.75
19.08.2021 01:18:08.249,7.7904800000000005,7.790230000000001,0.37,0.75
19.08.2021 01:18:08.451,7.79052,7.790230000000001,0.37,0.75
19.08.2021 01:18:11.782,7.79054,7.790230000000001,1.12,0.75
19.08.2021 01:19:39.361,7.79053,7.790230000000001,0.75,0.75
19.08.2021 01:19:54.743,7.790510000000001,7.790230000000001,0.75,0.75
19.08.2021 01:20:15.439,7.790560000000001,7.79014,0.37,0.82
19.08.2021 01:20:20.243,7.790560000000001,7.79014,0.37,0.47
19.08.2021 01:20:24.765,7.790510000000001,7.790230000000001,0.75,0.75
19.08.2021 01:20:26.569,7.790560000000001,7.7903,0.37,0.75
19.08.2021 01:20:26.676,7.7905500000000005,7.790330000000001,0.37,0.75
19.08.2021 01:20:26.778,7.79054,7.790330000000001,0.37,0.75
19.08.2021 01:20:27.055,7.79059,7.790330000000001,0.37,0.75
19.08.2021 01:20:28.057,7.7906,7.790330000000001,0.75,0.75
19.08.2021 01:20:58.119,7.79058,7.790330000000001,0.37,1.12
19.08.2021 01:20:59.521,7.7906,7.790330000000001,0.75,0.75
19.08.2021 01:20:59.572,7.79064,7.79032,0.75,0.75
19.08.2021 01:21:02.555,7.790610000000001,7.79032,0.75,0.75
19.08.2021 01:21:39.702,7.790610000000001,7.790310000000001,0.75,0.75
19.08.2021 01:21:50.852,7.79057,7.79032,0.75,0.75
19.08.2021 01:22:38.284,7.79062,7.790330000000001,0.75,0.75
19.08.2021 01:22:41.067,7.79064,7.790330000000001,0.75,0.75
19.08.2021 01:22:46.337,7.790560000000001,7.790330000000001,0.37,0.75
19.08.2021 01:23:18.713,7.79065,7.790380000000001,0.37,0.75
19.08.2021 01:23:18.814,7.79062,7.790330000000001,0.37,1.12
19.08.2021 01:23:18.865,7.79062,7.790430000000001,0.37,0.75
19.08.2021 01:23:18.966,7.79062,7.79042,0.37,0.75
19.08.2021 01:23:19.415,7.79067,7.79042,1.12,0.75
19.08.2021 01:23:40.773,7.790660000000001,7.79042,0.75,2.25
19.08.2021 01:23:57.086,7.79067,7.79042,1.12,0.75
19.08.2021 01:24:05.651,7.79062,7.79037,0.75,0.75
19.08.2021 01:24:05.752,7.79067,7.790439999999999,0.37,0.75
19.08.2021 01:24:05.803,7.7907,7.79037,0.75,0.85
19.08.2021 01:24:05.853,7.79064,7.79037,0.75,0.75
19.08.2021 01:24:05.954,7.7907399999999996,7.79047,0.37,0.75
19.08.2021 01:24:06.105,7.79072,7.79037,0.75,0.82
19.08.2021 01:24:06.155,7.79072,7.79047,0.75,0.75
19.08.2021 01:24:06.206,7.790760000000001,7.79037,2.62,1.22
19.08.2021 01:24:06.256,7.79064,7.79037,0.75,0.75
19.08.2021 01:24:06.306,7.79075,7.79047,0.75,0.75
19.08.2021 01:24:06.357,7.790760000000001,7.790380000000001,2.62,0.75
19.08.2021 01:24:06.407,7.790760000000001,7.7904800000000005,0.37,0.75
19.08.2021 01:24:06.508,7.79082,7.79058,0.37,0.75
19.08.2021 01:24:06.609,7.79087,7.79058,0.85,0.75
19.08.2021 01:24:06.760,7.79087,7.79058,0.75,0.75
19.08.2021 01:24:06.810,7.79082,7.79057,0.75,0.75
19.08.2021 01:24:11.704,7.79087,7.79062,0.75,0.75
19.08.2021 01:24:11.805,7.79092,7.79067,0.75,0.75
19.08.2021 01:24:33.820,7.79084,7.79057,0.75,0.75
19.08.2021 01:24:33.871,7.79082,7.79057,0.75,0.75
19.08.2021 01:25:21.456,7.790810000000001,7.79057,0.75,0.75
19.08.2021 01:26:07.068,7.79082,7.79057,0.75,0.75
19.08.2021 01:28:14.738,7.79082,7.79058,0.37,0.75
19.08.2021 01:28:26.823,7.79084,7.79058,0.75,0.75
19.08.2021 01:28:59.794,7.79082,7.79057,0.75,0.75
19.08.2021 01:29:37.714,7.790760000000001,7.79049,0.75,0.75
19.08.2021 01:29:37.765,7.79082,7.79057,0.75,0.75
19.08.2021 01:30:10.194,7.790789999999999,7.79057,0.37,0.75
19.08.2021 01:30:29.469,7.79082,7.79057,0.75,0.75
19.08.2021 01:30:35.404,7.79077,7.79052,0.75,0.75
19.08.2021 01:30:35.606,7.790760000000001,7.79042,0.75,0.82
19.08.2021 01:30:35.656,7.790710000000001,7.79052,0.37,0.75
19.08.2021 01:30:35.707,7.790710000000001,7.79042,0.37,0.75
19.08.2021 01:30:35.757,7.79062,7.79037,0.75,2.25
19.08.2021 01:30:35.908,7.79057,7.79032,0.75,0.75
19.08.2021 01:30:35.959,7.79064,7.79024,0.37,1.12
19.08.2021 01:30:37.291,7.79064,7.790230000000001,1.12,0.75
19.08.2021 01:30:38.177,7.790610000000001,7.79022,0.75,0.37
19.08.2021 01:30:38.278,7.7906,7.79022,0.75,0.37
19.08.2021 01:30:38.328,7.7906,7.7902000000000005,0.75,0.37
19.08.2021 01:30:38.429,7.790610000000001,7.7902000000000005,0.75,0.37
19.08.2021 01:31:01.358,7.790610000000001,7.790210000000001,0.75,0.37
19.08.2021 01:31:02.018,7.790630000000001,7.790210000000001,0.75,0.37
19.08.2021 01:31:02.349,7.790630000000001,7.7902000000000005,0.75,0.37
19.08.2021 01:31:03.351,7.79059,7.7902000000000005,0.37,0.37
19.08.2021 01:31:08.373,7.79052,7.790230000000001,0.37,0.37
19.08.2021 01:31:10.376,7.790500000000001,7.790210000000001,0.37,0.37
19.08.2021 01:31:11.362,7.790510000000001,7.79022,0.37,0.37
19.08.2021 01:31:19.166,7.79064,7.790230000000001,0.37,0.37
19.08.2021 01:31:20.129,7.790610000000001,7.790230000000001,0.75,0.37
19.08.2021 01:31:20.382,7.790610000000001,7.79024,0.75,0.37
19.08.2021 01:31:21.577,7.79058,7.79024,0.37,0.37
19.08.2021 01:31:23.651,7.790610000000001,7.79025,0.75,0.37
19.08.2021 01:31:24.387,7.79058,7.79025,0.37,0.37
19.08.2021 01:31:27.107,7.790610000000001,7.79025,0.75,0.37
19.08.2021 01:31:28.930,7.790630000000001,7.79025,0.37,0.37
19.08.2021 01:31:30.409,7.790560000000001,7.790210000000001,0.37,0.37
19.08.2021 01:31:32.404,7.79054,7.79019,0.37,0.37
19.08.2021 01:31:33.258,7.79064,7.79017,0.37,0.82
19.08.2021 01:31:47.653,7.790630000000001,7.79017,0.75,0.37
19.08.2021 01:31:47.852,7.790630000000001,7.79018,0.75,0.37
19.08.2021 01:31:56.484,7.79053,7.79024,0.37,0.37
19.08.2021 01:31:57.476,7.79052,7.79024,0.37,0.37
19.08.2021 01:31:58.467,7.790510000000001,7.790230000000001,0.37,0.37
19.08.2021 01:32:00.458,7.790500000000001,7.790230000000001,0.37,0.37
19.08.2021 01:32:02.461,7.790510000000001,7.790210000000001,0.37,0.37
19.08.2021 01:32:06.017,7.79064,7.79022,0.37,0.37
19.08.2021 01:32:06.159,7.79064,7.79018,0.37,0.45
19.08.2021 01:32:06.718,7.79064,7.79018,0.47,0.37
19.08.2021 01:32:07.221,7.79064,7.790150000000001,0.47,0.45
19.08.2021 01:32:07.417,7.7906,7.790150000000001,0.75,0.45
19.08.2021 01:32:07.568,7.79059,7.790150000000001,0.37,0.37
19.08.2021 01:32:08.106,7.79052,7.7902700000000005,0.75,0.75
19.08.2021 01:32:33.300,7.79053,7.790110000000001,0.37,0.85
19.08.2021 01:32:33.404,7.790560000000001,7.790110000000001,0.37,0.85
19.08.2021 01:32:38.159,7.79052,7.7902700000000005,0.75,0.75
19.08.2021 01:32:49.742,7.79047,7.79022,0.75,0.75
19.08.2021 01:32:49.894,7.790439999999999,7.79018,0.75,0.75
19.08.2021 01:32:50.124,7.79042,7.79017,0.75,0.75
19.08.2021 01:33:00.314,7.7904800000000005,7.790100000000001,0.75,0.37
19.08.2021 01:33:00.414,7.79042,7.79013,0.75,0.75
19.08.2021 01:33:10.388,7.79032,7.79002,0.75,0.75
19.08.2021 01:33:13.283,7.79024,7.78992,0.75,0.75
19.08.2021 01:33:13.333,7.79022,7.78992,0.75,0.75
19.08.2021 01:33:16.612,7.79017,7.7898700000000005,0.75,0.75
19.08.2021 01:33:26.633,7.79017,7.78989,0.75,0.37
19.08.2021 01:33:26.734,7.79017,7.78992,0.75,0.75
19.08.2021 01:33:33.058,7.79012,7.7898700000000005,0.75,0.75
19.08.2021 01:33:36.625,7.79007,7.78982,0.75,0.75
19.08.2021 01:33:36.993,7.78997,7.78972,0.75,0.75
19.08.2021 01:33:39.939,7.789910000000001,7.78972,0.37,0.75
19.08.2021 01:33:39.990,7.789880000000001,7.7896,0.75,0.75
19.08.2021 01:33:40.040,7.78977,7.78952,0.75,0.75
19.08.2021 01:33:40.141,7.789700000000001,7.789410000000001,0.75,0.75
19.08.2021 01:33:40.192,7.789680000000001,7.789410000000001,0.75,0.75
19.08.2021 01:33:43.393,7.7896,7.789410000000001,0.37,0.75
19.08.2021 01:33:43.443,7.789480000000001,7.789230000000001,0.75,0.75
19.08.2021 01:33:48.293,7.78942,7.78917,0.75,0.75
19.08.2021 01:33:48.484,7.789480000000001,7.789230000000001,0.75,0.75
19.08.2021 01:33:56.755,7.789580000000001,7.789300000000001,0.75,0.75
19.08.2021 01:33:56.806,7.7897300000000005,7.789210000000001,0.47,0.37
19.08.2021 01:33:56.906,7.78974,7.789180000000001,0.85,0.37
19.08.2021 01:33:57.039,7.78974,7.789180000000001,0.85,0.37
19.08.2021 01:33:57.106,7.789680000000001,7.789180000000001,0.75,0.37
19.08.2021 01:33:57.257,7.78974,7.789180000000001,0.85,0.37
19.08.2021 01:33:57.427,7.78974,7.789180000000001,0.85,0.37
19.08.2021 01:33:58.360,7.78974,7.78917,0.85,0.37
19.08.2021 01:33:58.464,7.78974,7.78917,0.85,0.37
19.08.2021 01:33:59.347,7.789680000000001,7.78917,0.75,0.37
19.08.2021 01:33:59.864,7.789680000000001,7.789130000000001,0.75,0.75
19.08.2021 01:34:01.129,7.789700000000001,7.789130000000001,0.85,0.75
19.08.2021 01:34:01.300,7.789680000000001,7.789130000000001,0.37,0.75
19.08.2021 01:34:02.718,7.789580000000001,7.7893300000000005,0.75,0.75
19.08.2021 01:34:04.899,7.78972,7.78942,0.85,0.75
19.08.2021 01:34:05.050,7.78972,7.78947,0.75,0.75
19.08.2021 01:34:21.981,7.789710000000001,7.789480000000001,0.37,0.37
19.08.2021 01:34:22.391,7.78972,7.78947,0.75,0.75
19.08.2021 01:34:23.377,7.78977,7.78952,0.75,0.75
19.08.2021 01:34:23.712,7.789880000000001,7.7896,0.75,0.75
19.08.2021 01:34:23.816,7.7898700000000005,7.78962,0.75,0.75
19.08.2021 01:34:29.051,7.78978,7.789530000000001,0.75,0.75
19.08.2021 01:34:29.152,7.78977,7.78952,0.75,0.75
19.08.2021 01:34:46.933,7.7898700000000005,7.78962,0.75,0.75
19.08.2021 01:35:02.845,7.789860000000001,7.78962,0.37,0.75
19.08.2021 01:35:04.063,7.78985,7.78962,0.37,0.75
19.08.2021 01:35:04.419,7.78985,7.789510000000001,0.37,0.37
19.08.2021 01:35:19.399,7.78985,7.78962,0.37,0.75
19.08.2021 01:35:32.224,7.78982,7.789560000000001,0.75,0.75
19.08.2021 01:35:45.494,7.78982,7.78957,0.75,0.75
19.08.2021 01:35:49.053,7.7898700000000005,7.78962,0.75,0.75
19.08.2021 01:35:50.017,7.78982,7.78957,0.75,0.75
19.08.2021 01:35:56.557,7.7898700000000005,7.78962,0.75,0.75
19.08.2021 01:35:57.568,7.78992,7.78967,0.75,0.75
19.08.2021 01:36:27.016,7.7898700000000005,7.78967,0.37,0.75
19.08.2021 01:36:28.002,7.789880000000001,7.78967,0.37,0.75
19.08.2021 01:36:39.454,7.78992,7.78967,0.75,0.75
19.08.2021 01:36:47.036,7.789880000000001,7.78967,0.37,0.75
19.08.2021 01:36:55.713,7.789860000000001,7.78967,0.37,0.75
19.08.2021 01:37:02.742,7.78982,7.78967,0.37,0.75
19.08.2021 01:37:09.511,7.78992,7.78967,0.75,0.75
19.08.2021 01:37:19.102,7.78989,7.78967,0.37,0.75
19.08.2021 01:37:23.848,7.7899,7.78967,0.37,0.75
19.08.2021 01:37:25.856,7.78989,7.78967,0.37,0.75
19.08.2021 01:37:26.860,7.7898700000000005,7.78967,0.37,0.75
19.08.2021 01:37:34.888,7.789810000000001,7.78967,0.37,0.75
19.08.2021 01:37:39.052,7.78977,7.7895,0.75,0.37
19.08.2021 01:37:39.153,7.78977,7.78949,0.75,0.75
19.08.2021 01:37:55.075,7.7897300000000005,7.78949,0.37,0.75
19.08.2021 01:37:56.077,7.7897300000000005,7.789510000000001,0.37,0.37
19.08.2021 01:37:58.181,7.78972,7.78949,0.37,0.37
19.08.2021 01:38:12.855,7.78972,7.78952,0.37,0.75
19.08.2021 01:38:15.487,7.78972,7.7895,0.37,0.75
19.08.2021 01:38:26.835,7.78972,7.78949,0.37,1.12
19.08.2021 01:38:36.681,7.789750000000001,7.789580000000001,0.37,0.75
19.08.2021 01:38:36.731,7.7898700000000005,7.789580000000001,0.75,0.75
19.08.2021 01:38:36.969,7.7898700000000005,7.78959,0.75,0.75
19.08.2021 01:38:37.471,7.7898000000000005,7.789510000000001,0.75,0.37
19.08.2021 01:38:37.522,7.7898000000000005,7.78949,0.75,0.75
19.08.2021 01:38:37.572,7.78977,7.78947,0.75,0.75
19.08.2021 01:38:54.288,7.7897300000000005,7.78947,0.37,1.12
19.08.2021 01:38:55.289,7.7897300000000005,7.789480000000001,0.37,0.37
19.08.2021 01:39:16.341,7.78974,7.789510000000001,0.37,0.37
19.08.2021 01:39:17.362,7.789750000000001,7.789510000000001,0.37,0.37
19.08.2021 01:39:18.363,7.78974,7.789510000000001,0.37,0.37
19.08.2021 01:39:20.244,7.789750000000001,7.789510000000001,0.37,0.37
19.08.2021 01:39:22.271,7.78974,7.789510000000001,0.37,0.37
19.08.2021 01:39:22.907,7.78977,7.789510000000001,1.12,0.37
19.08.2021 01:39:23.912,7.78977,7.78952,1.12,0.37
19.08.2021 01:39:31.943,7.78977,7.789530000000001,1.12,0.37
19.08.2021 01:39:38.987,7.789750000000001,7.78954,0.37,0.37
19.08.2021 01:39:44.362,7.78972,7.7895,0.75,0.37
19.08.2021 01:39:44.463,7.789710000000001,7.78944,0.75,0.37
19.08.2021 01:39:45.397,7.789710000000001,7.78945,0.75,0.37
19.08.2021 01:39:46.407,7.789710000000001,7.78944,0.75,0.37
19.08.2021 01:39:57.424,7.789750000000001,7.78944,0.37,0.37
19.08.2021 01:39:57.475,7.78974,7.78942,0.37,0.75
19.08.2021 01:39:58.489,7.7897300000000005,7.78942,0.37,0.75
19.08.2021 01:39:59.479,7.789710000000001,7.78942,0.37,0.75
19.08.2021 01:40:00.482,7.789700000000001,7.78942,0.37,0.75
19.08.2021 01:40:04.439,7.78972,7.78942,0.37,0.75
19.08.2021 01:40:14.747,7.789710000000001,7.78937,0.75,1.2
19.08.2021 01:40:15.782,7.789710000000001,7.78937,0.75,1.22
19.08.2021 01:40:16.313,7.789680000000001,7.789360000000001,0.37,2.32
19.08.2021 01:40:16.414,7.789610000000001,7.78927,0.75,0.85
19.08.2021 01:40:16.464,7.789680000000001,7.789360000000001,0.37,2.35
19.08.2021 01:40:16.515,7.789660000000001,7.78934,0.75,0.37
19.08.2021 01:40:16.566,7.789710000000001,7.789360000000001,0.75,0.75
19.08.2021 01:40:16.667,7.789710000000001,7.789360000000001,0.75,2.35
19.08.2021 01:40:16.907,7.789710000000001,7.789360000000001,0.75,0.85
19.08.2021 01:40:18.035,7.789710000000001,7.78937,0.75,0.47
19.08.2021 01:40:18.136,7.789710000000001,7.78937,0.75,0.37
19.08.2021 01:40:20.291,7.789710000000001,7.789360000000001,0.75,0.82
19.08.2021 01:40:20.392,7.789660000000001,7.789350000000001,0.75,0.47
19.08.2021 01:40:20.842,7.789660000000001,7.7893300000000005,0.75,0.45
19.08.2021 01:40:22.140,7.789660000000001,7.78934,0.75,0.75
19.08.2021 01:40:31.428,7.789660000000001,7.789350000000001,0.75,0.37
19.08.2021 01:40:32.503,7.789660000000001,7.789360000000001,0.75,0.37
19.08.2021 01:40:34.034,7.789660000000001,7.78937,0.75,0.37
19.08.2021 01:40:35.036,7.789660000000001,7.78944,0.75,0.37
19.08.2021 01:40:35.188,7.7897300000000005,7.78944,0.75,0.37
19.08.2021 01:40:36.187,7.7897300000000005,7.789410000000001,0.75,0.37
19.08.2021 01:40:37.188,7.789710000000001,7.789410000000001,0.37,0.37
19.08.2021 01:40:38.194,7.789710000000001,7.78942,0.37,0.37
19.08.2021 01:40:39.207,7.789700000000001,7.789410000000001,0.37,0.37
19.08.2021 01:40:39.880,7.789750000000001,7.78942,0.75,0.37
19.08.2021 01:40:40.527,7.789710000000001,7.78942,0.37,0.37
19.08.2021 01:40:40.905,7.789710000000001,7.789350000000001,0.37,1.22
19.08.2021 01:40:41.068,7.789710000000001,7.78938,0.37,0.75
19.08.2021 01:40:41.915,7.789680000000001,7.78938,0.37,0.75
19.08.2021 01:40:47.939,7.78967,7.78938,0.37,0.75
19.08.2021 01:40:50.448,7.789660000000001,7.78938,0.75,0.75
19.08.2021 01:40:53.764,7.789660000000001,7.78942,0.75,0.75
19.08.2021 01:40:56.585,7.78965,7.78942,0.37,0.75
19.08.2021 01:40:59.978,7.789660000000001,7.78942,1.12,0.75
19.08.2021 01:41:05.971,7.789660000000001,7.78944,0.75,0.37
19.08.2021 01:41:17.454,7.789660000000001,7.78942,0.75,0.75
19.08.2021 01:41:29.867,7.789660000000001,7.78938,0.75,0.37
19.08.2021 01:41:31.613,7.789660000000001,7.78939,0.75,0.37
19.08.2021 01:41:33.618,7.789660000000001,7.7894000000000005,0.75,0.37
19.08.2021 01:41:43.268,7.789660000000001,7.789350000000001,0.75,0.85
19.08.2021 01:41:43.385,7.789660000000001,7.789350000000001,0.75,0.82
19.08.2021 01:41:43.436,7.789710000000001,7.789350000000001,0.37,2.32
19.08.2021 01:41:43.597,7.789710000000001,7.789350000000001,0.37,2.35
19.08.2021 01:41:43.736,7.78972,7.789350000000001,0.37,2.35
19.08.2021 01:41:44.638,7.789710000000001,7.789350000000001,0.37,2.35
19.08.2021 01:41:44.815,7.789710000000001,7.78937,0.37,0.75
19.08.2021 01:41:47.297,7.78972,7.78937,0.37,1.12
19.08.2021 01:41:48.097,7.789660000000001,7.78937,0.75,1.12
19.08.2021 01:41:59.344,7.789660000000001,7.78943,0.75,0.37
19.08.2021 01:41:59.667,7.78965,7.78943,0.37,0.37
19.08.2021 01:42:00.869,7.789660000000001,7.78937,0.75,1.12
19.08.2021 01:42:00.920,7.789660000000001,7.78942,0.75,0.75
19.08.2021 01:42:11.007,7.789700000000001,7.78942,0.37,0.75
19.08.2021 01:42:18.306,7.789660000000001,7.78942,0.75,0.75
19.08.2021 01:42:36.792,7.789660000000001,7.78937,0.75,0.75
19.08.2021 01:42:36.944,7.789660000000001,7.78942,0.75,0.75
19.08.2021 01:43:30.772,7.78967,7.78942,0.75,0.37
19.08.2021 01:43:33.214,7.78967,7.789410000000001,0.75,0.37
19.08.2021 01:43:39.237,7.78967,7.78939,0.75,0.37
19.08.2021 01:43:46.284,7.78967,7.789410000000001,0.75,0.37
19.08.2021 01:43:58.283,7.789680000000001,7.789410000000001,0.37,0.37
19.08.2021 01:43:58.334,7.78972,7.78942,0.75,1.12
19.08.2021 01:43:58.384,7.78967,7.78942,0.75,0.75
19.08.2021 01:44:14.409,7.789660000000001,7.78942,0.37,2.25
19.08.2021 01:44:27.576,7.78967,7.78942,0.75,2.62
19.08.2021 01:44:32.504,7.789710000000001,7.789410000000001,0.37,0.37
19.08.2021 01:44:38.991,7.789700000000001,7.78942,0.37,0.37
19.08.2021 01:44:40.014,7.78969,7.789410000000001,0.37,0.37
19.08.2021 01:44:43.728,7.789660000000001,7.78942,0.37,0.37
19.08.2021 01:44:44.720,7.789660000000001,7.78943,0.37,0.37
19.08.2021 01:44:45.759,7.789660000000001,7.78944,0.37,0.37
19.08.2021 01:45:05.708,7.789760000000001,7.78944,0.45,0.37
19.08.2021 01:45:06.105,7.789750000000001,7.7894000000000005,0.37,0.37
19.08.2021 01:45:06.942,7.789750000000001,7.789410000000001,0.37,0.37
19.08.2021 01:45:07.201,7.7897300000000005,7.789410000000001,0.37,0.75
19.08.2021 01:45:10.138,7.78974,7.789410000000001,0.37,0.75
19.08.2021 01:45:11.128,7.7897300000000005,7.789410000000001,0.37,0.75
19.08.2021 01:45:13.133,7.78974,7.789410000000001,0.37,0.75
19.08.2021 01:45:15.143,7.7897300000000005,7.789410000000001,0.37,0.75
19.08.2021 01:45:17.152,7.78974,7.789410000000001,0.37,0.75
19.08.2021 01:45:18.155,7.7897300000000005,7.789410000000001,0.37,0.75
19.08.2021 01:45:20.158,7.78974,7.789410000000001,0.37,0.75
19.08.2021 01:45:21.162,7.7897300000000005,7.78942,0.37,0.37
19.08.2021 01:45:24.280,7.789760000000001,7.789410000000001,0.37,0.37
19.08.2021 01:45:26.109,7.789750000000001,7.789410000000001,0.37,0.37
19.08.2021 01:45:27.302,7.78972,7.78942,0.37,0.37
19.08.2021 01:45:43.028,7.78972,7.78947,1.12,0.75
19.08.2021 01:45:44.140,7.789710000000001,7.78947,0.37,0.75
19.08.2021 01:45:45.077,7.78972,7.78947,0.75,0.75
19.08.2021 01:45:57.112,7.78978,7.789580000000001,0.37,0.75
19.08.2021 01:45:57.163,7.7898700000000005,7.78962,0.75,0.75
19.08.2021 01:45:58.144,7.78992,7.78967,0.75,0.75
19.08.2021 01:46:05.613,7.78997,7.78972,0.75,0.75
19.08.2021 01:46:10.282,7.79002,7.78977,0.75,0.75
19.08.2021 01:46:11.296,7.79014,7.789680000000001,0.37,0.47
19.08.2021 01:46:11.600,7.79014,7.78972,0.37,0.37
19.08.2021 01:46:12.199,7.790110000000001,7.78972,0.37,0.37
19.08.2021 01:46:13.834,7.79002,7.78977,0.75,0.75
19.08.2021 01:46:21.072,7.79007,7.78982,0.75,0.75
19.08.2021 01:46:21.122,7.790100000000001,7.78982,0.75,0.75
19.08.2021 01:46:35.457,7.79002,7.78977,0.75,0.82
19.08.2021 01:46:35.608,7.78997,7.7897300000000005,0.75,0.37
19.08.2021 01:46:35.708,7.78994,7.78967,0.75,0.85
19.08.2021 01:46:35.809,7.78994,7.78967,0.75,0.75
19.08.2021 01:46:35.910,7.78992,7.78967,0.75,0.75
19.08.2021 01:46:48.637,7.78997,7.78972,0.75,0.75
19.08.2021 01:47:13.874,7.78997,7.7897300000000005,0.75,0.37
19.08.2021 01:47:23.629,7.78997,7.78972,0.75,0.75
19.08.2021 01:47:57.836,7.79002,7.78977,0.75,0.75
19.08.2021 01:49:41.029,7.790030000000001,7.78979,0.75,0.75
19.08.2021 01:49:43.034,7.79002,7.78977,0.75,0.75
19.08.2021 01:50:09.007,7.78994,7.78969,0.75,0.37
19.08.2021 01:50:09.116,7.78997,7.78972,0.75,0.75
19.08.2021 01:50:24.421,7.79012,7.78967,0.47,0.37
19.08.2021 01:50:37.035,7.78997,7.78972,0.75,0.75
19.08.2021 01:50:38.280,7.78997,7.7897300000000005,0.75,0.37
19.08.2021 01:51:38.313,7.78997,7.78972,0.75,0.75
19.08.2021 01:51:57.027,7.789980000000001,7.78974,0.75,0.75
19.08.2021 01:52:04.032,7.78997,7.78972,0.75,0.75
19.08.2021 01:52:18.283,7.78982,7.78965,0.75,0.37
19.08.2021 01:52:18.333,7.78982,7.78957,0.75,1.12
19.08.2021 01:52:18.384,7.7898000000000005,7.789580000000001,0.37,0.37
19.08.2021 01:52:18.434,7.78978,7.789530000000001,0.75,0.75
19.08.2021 01:52:18.582,7.78977,7.78952,0.75,0.75
19.08.2021 01:52:18.683,7.78985,7.789580000000001,0.37,0.75
19.08.2021 01:52:18.733,7.78977,7.78952,0.75,0.75
19.08.2021 01:52:47.234,7.789810000000001,7.789460000000001,0.37,0.37
19.08.2021 01:52:47.405,7.78984,7.789580000000001,0.75,0.75
19.08.2021 01:52:47.508,7.78977,7.78952,0.75,1.12
19.08.2021 01:52:50.073,7.789860000000001,7.78962,0.75,0.75
19.08.2021 01:52:50.174,7.789880000000001,7.789630000000001,0.75,0.75
19.08.2021 01:52:50.224,7.78992,7.78967,0.75,0.75
19.08.2021 01:53:26.025,7.78994,7.78967,0.75,0.75
19.08.2021 01:53:31.032,7.78992,7.78967,0.75,0.75
19.08.2021 01:54:36.527,7.78997,7.78972,0.75,0.75
19.08.2021 01:54:41.527,7.79002,7.78977,0.75,0.75
19.08.2021 01:54:46.527,7.79007,7.78982,1.12,0.75
19.08.2021 01:54:54.119,7.79009,7.78985,0.37,0.75
19.08.2021 01:54:54.251,7.79014,7.78985,0.37,0.75
19.08.2021 01:54:54.352,7.7902000000000005,7.78995,0.75,0.75
19.08.2021 01:54:54.503,7.79019,7.78985,2.25,0.75
19.08.2021 01:55:04.275,7.79019,7.789860000000001,2.25,0.37
19.08.2021 01:55:05.277,7.79019,7.789880000000001,2.25,0.37
19.08.2021 01:55:07.130,7.79029,7.78994,0.85,0.75
19.08.2021 01:55:07.181,7.790310000000001,7.7899899999999995,0.75,0.75
19.08.2021 01:55:07.282,7.790380000000001,7.790039999999999,0.47,0.75
19.08.2021 01:55:07.333,7.790380000000001,7.790039999999999,0.47,0.75
19.08.2021 01:55:07.434,7.790380000000001,7.790039999999999,0.37,0.75
19.08.2021 01:55:07.601,7.7904,7.790039999999999,0.85,0.75
19.08.2021 01:55:07.702,7.7904,7.790039999999999,0.75,0.75
19.08.2021 01:55:11.527,7.790450000000001,7.79009,0.85,0.75
19.08.2021 01:55:11.678,7.790450000000001,7.79009,0.85,0.75
19.08.2021 01:55:12.109,7.790450000000001,7.79009,0.82,0.75
19.08.2021 01:55:15.577,7.79049,7.79014,0.47,0.75
19.08.2021 01:55:16.484,7.790500000000001,7.79014,2.35,0.75
19.08.2021 01:55:18.193,7.7904800000000005,7.79019,0.75,0.75
19.08.2021 01:55:38.476,7.790460000000001,7.79019,0.37,0.75
19.08.2021 01:55:47.458,7.790460000000001,7.790100000000001,0.37,0.45
19.08.2021 01:55:48.187,7.790460000000001,7.79012,0.37,0.75
19.08.2021 01:55:48.334,7.790460000000001,7.79019,0.37,0.75
19.08.2021 01:55:48.525,7.7904800000000005,7.79019,0.75,0.75
19.08.2021 01:55:50.522,7.790280000000001,7.790110000000001,0.75,0.37
19.08.2021 01:55:50.573,7.79032,7.790110000000001,0.75,0.37
19.08.2021 01:55:50.624,7.790280000000001,7.790030000000001,0.75,0.75
19.08.2021 01:55:50.849,7.790439999999999,7.789960000000001,0.85,0.75
19.08.2021 01:55:50.900,7.790430000000001,7.789930000000001,0.85,0.37
19.08.2021 01:55:51.001,7.7904800000000005,7.7899899999999995,0.85,0.75
19.08.2021 01:55:51.122,7.79037,7.79012,0.75,0.75
19.08.2021 01:55:51.173,7.79042,7.79012,0.75,0.75
19.08.2021 01:55:51.324,7.790430000000001,7.790160000000001,0.75,0.75
19.08.2021 01:55:51.526,7.790380000000001,7.790100000000001,0.75,0.75
19.08.2021 01:55:53.400,7.790280000000001,7.79007,0.75,0.37
19.08.2021 01:55:53.501,7.790280000000001,7.790030000000001,0.75,0.75
19.08.2021 01:55:53.552,7.79022,7.78997,0.75,0.75
19.08.2021 01:55:53.602,7.790380000000001,7.78992,0.85,0.47
19.08.2021 01:55:53.703,7.790380000000001,7.78992,0.85,0.37
19.08.2021 01:55:53.804,7.79034,7.78992,0.85,0.37
19.08.2021 01:55:53.905,7.790380000000001,7.78997,0.85,0.75
19.08.2021 01:55:53.956,7.790380000000001,7.7898700000000005,0.85,0.85
19.08.2021 01:55:54.184,7.79037,7.78977,0.75,1.22
19.08.2021 01:55:54.235,7.790380000000001,7.789930000000001,0.85,0.37
19.08.2021 01:55:54.286,7.790380000000001,7.789930000000001,0.85,0.37
19.08.2021 01:55:54.336,7.790380000000001,7.79002,0.82,0.75
19.08.2021 01:55:54.538,7.790330000000001,7.790060000000001,0.75,0.75
19.08.2021 01:55:56.752,7.790380000000001,7.7898700000000005,2.35,0.47
19.08.2021 01:55:56.853,7.79037,7.7898700000000005,0.82,0.47
19.08.2021 01:55:56.954,7.790310000000001,7.7898700000000005,0.75,0.37
19.08.2021 01:55:57.004,7.790330000000001,7.7898700000000005,0.82,0.37
19.08.2021 01:55:57.105,7.79029,7.789710000000001,0.82,0.45
19.08.2021 01:55:57.155,7.790230000000001,7.789710000000001,0.75,0.45
19.08.2021 01:55:57.256,7.7902000000000005,7.789710000000001,0.75,0.37
19.08.2021 01:55:57.306,7.79022,7.789710000000001,0.82,0.37
19.08.2021 01:55:57.407,7.790330000000001,7.7898700000000005,0.47,0.75
19.08.2021 01:55:57.458,7.790330000000001,7.7898700000000005,0.45,0.75
19.08.2021 01:55:57.508,7.79032,7.78989,0.82,0.37
19.08.2021 01:55:57.609,7.7903899999999995,7.78989,0.85,0.37
19.08.2021 01:55:57.659,7.7903899999999995,7.78989,0.85,0.37
19.08.2021 01:55:57.710,7.79042,7.78989,1.22,0.37
19.08.2021 01:55:57.810,7.790360000000001,7.78979,0.85,0.47
19.08.2021 01:55:57.861,7.790410000000001,7.789880000000001,0.85,0.37
19.08.2021 01:55:58.038,7.790380000000001,7.789880000000001,0.85,0.37
19.08.2021 01:55:58.149,7.790380000000001,7.789880000000001,0.75,0.37
19.08.2021 01:55:58.199,7.790330000000001,7.790060000000001,0.75,0.75
19.08.2021 01:56:03.954,7.79032,7.79007,0.75,0.75
19.08.2021 01:56:05.350,7.790510000000001,7.7899899999999995,0.47,0.37
19.08.2021 01:56:10.563,7.790510000000001,7.7899899999999995,0.47,0.45
19.08.2021 01:56:13.663,7.790439999999999,7.7899899999999995,0.47,0.45
19.08.2021 01:56:15.590,7.79042,7.79,0.45,0.37
19.08.2021 01:56:19.407,7.790410000000001,7.79002,0.37,0.37
19.08.2021 01:56:20.407,7.790380000000001,7.79002,0.37,0.37
19.08.2021 01:56:28.426,7.7903899999999995,7.79,0.37,0.37
19.08.2021 01:56:29.425,7.7904,7.79,0.37,0.37
19.08.2021 01:56:48.632,7.7904,7.7899899999999995,0.37,0.45
19.08.2021 01:56:50.232,7.7903899999999995,7.7899899999999995,0.37,0.45
19.08.2021 01:56:54.247,7.7904,7.7899899999999995,0.37,0.82
19.08.2021 01:56:56.480,7.790439999999999,7.79,0.47,0.37
19.08.2021 01:56:57.482,7.790439999999999,7.79002,0.47,0.37
19.08.2021 01:57:00.489,7.790430000000001,7.790030000000001,0.45,0.37
19.08.2021 01:57:04.516,7.790430000000001,7.79002,0.45,0.37
19.08.2021 01:57:04.729,7.790430000000001,7.79002,0.47,0.37
19.08.2021 01:57:05.517,7.790430000000001,7.790030000000001,0.47,0.37
19.08.2021 01:57:07.503,7.79042,7.79002,0.45,0.37
19.08.2021 01:57:08.503,7.790410000000001,7.79002,0.37,0.37
19.08.2021 01:57:10.537,7.79042,7.79002,0.37,0.37
19.08.2021 01:57:12.531,7.790410000000001,7.79002,0.37,0.37
19.08.2021 01:57:13.763,7.79042,7.79002,0.37,0.37
19.08.2021 01:57:15.818,7.790410000000001,7.79002,0.37,0.37
19.08.2021 01:57:16.808,7.79042,7.79002,0.45,0.37
19.08.2021 01:57:18.789,7.790410000000001,7.79002,0.37,0.37
19.08.2021 01:57:19.788,7.79042,7.79002,0.45,0.37
19.08.2021 01:57:23.464,7.7904,7.79002,0.37,0.37
19.08.2021 01:57:25.470,7.7903899999999995,7.79002,0.37,0.37
19.08.2021 01:57:26.475,7.790380000000001,7.79002,0.37,0.37
19.08.2021 01:57:30.546,7.790410000000001,7.7899899999999995,0.37,0.82
19.08.2021 01:57:40.752,7.7904,7.7899899999999995,0.37,0.82
19.08.2021 01:57:43.576,7.7903899999999995,7.79,0.37,0.37
19.08.2021 01:57:45.581,7.790380000000001,7.7900100000000005,0.37,0.37
19.08.2021 01:57:56.825,7.79037,7.7899899999999995,0.37,0.47
19.08.2021 01:57:57.824,7.790360000000001,7.7899899999999995,0.37,0.47
19.08.2021 01:58:13.376,7.79032,7.79007,0.75,0.75
19.08.2021 01:58:23.839,7.79034,7.790080000000001,0.75,0.75
19.08.2021 01:58:24.119,7.79032,7.79007,0.75,0.75
19.08.2021 01:58:38.294,7.79037,7.7899899999999995,0.37,0.47
19.08.2021 01:58:43.825,7.79032,7.79007,0.75,0.75
19.08.2021 01:58:48.657,7.79037,7.7899899999999995,0.37,0.47
19.08.2021 01:58:49.117,7.79037,7.7899899999999995,0.37,0.45
19.08.2021 01:58:49.167,7.79037,7.79002,0.37,0.75
19.08.2021 01:58:49.710,7.790380000000001,7.79002,0.37,0.75
19.08.2021 01:58:55.165,7.79032,7.79007,0.75,0.75
19.08.2021 01:59:43.437,7.790360000000001,7.79013,0.37,0.75
19.08.2021 01:59:43.588,7.790380000000001,7.79013,0.75,0.75
19.08.2021 01:59:43.903,7.790380000000001,7.790100000000001,0.75,0.75
19.08.2021 01:59:44.004,7.79032,7.79007,0.75,0.75
19.08.2021 01:59:51.006,7.790380000000001,7.790100000000001,0.75,0.75
19.08.2021 01:59:55.345,7.79042,7.790100000000001,0.75,1.12
19.08.2021 01:59:55.396,7.790450000000001,7.7902000000000005,0.37,0.75
19.08.2021 01:59:55.876,7.7904800000000005,7.7902000000000005,0.75,0.75
19.08.2021 01:59:59.055,7.7904800000000005,7.7902000000000005,0.75,0.85
19.08.2021 01:59:59.886,7.79047,7.7902000000000005,0.37,0.85
19.08.2021 02:00:00.625,7.7904800000000005,7.7902000000000005,0.75,0.85
19.08.2021 02:00:07.889,7.790510000000001,7.79014,0.37,0.85
19.08.2021 02:00:08.126,7.790510000000001,7.79014,0.37,0.85
19.08.2021 02:00:12.632,7.790500000000001,7.790150000000001,0.37,0.47
19.08.2021 02:00:24.392,7.79049,7.790160000000001,0.37,0.47
19.08.2021 02:00:24.493,7.7904800000000005,7.7902000000000005,0.75,0.85
19.08.2021 02:00:24.782,7.7904800000000005,7.7902000000000005,0.75,0.85
19.08.2021 02:00:29.171,7.7904800000000005,7.79022,0.75,0.85
19.08.2021 02:00:29.272,7.79052,7.7902000000000005,0.75,2.35
19.08.2021 02:00:29.373,7.79053,7.79024,0.75,0.85
19.08.2021 02:00:29.429,7.79047,7.79022,0.75,0.85
19.08.2021 02:00:29.530,7.7904800000000005,7.7902000000000005,0.75,0.75
19.08.2021 02:00:29.581,7.7904800000000005,7.79022,0.75,0.75
19.08.2021 02:00:29.688,7.7904800000000005,7.7902000000000005,0.75,0.75
19.08.2021 02:00:30.332,7.7904800000000005,7.79022,0.75,0.75
19.08.2021 02:00:33.370,7.79047,7.79022,0.75,2.25
19.08.2021 02:00:33.471,7.790500000000001,7.790260000000001,0.37,0.75
19.08.2021 02:00:33.521,7.79053,7.790260000000001,0.75,0.75
19.08.2021 02:00:33.571,7.79057,7.7903,0.37,0.75
19.08.2021 02:00:34.539,7.79058,7.7903,0.75,0.75
19.08.2021 02:00:39.296,7.79052,7.7902700000000005,0.75,0.75
19.08.2021 02:00:39.447,7.79047,7.790230000000001,0.75,0.37
19.08.2021 02:00:40.038,7.79047,7.79022,0.75,0.75
19.08.2021 02:00:55.967,7.79047,7.790230000000001,1.12,0.37
19.08.2021 02:00:56.968,7.790460000000001,7.790230000000001,0.37,0.37
19.08.2021 02:00:57.482,7.79047,7.79022,0.75,0.75
19.08.2021 02:00:59.520,7.79049,7.790160000000001,0.37,0.37
