Gmt time,Ask,Bid,AskVolume,BidVolume
13.08.2021 00:00:05.339,300.793,300.618,1,1
13.08.2021 00:00:05.490,300.793,300.618,1.5,1
13.08.2021 00:00:06.015,300.803,300.618,1.5,1
13.08.2021 00:00:06.123,300.793,300.618,1.5,1
13.08.2021 00:00:06.224,300.793,300.618,1.5,1
13.08.2021 00:00:06.499,300.803,300.618,1.5,1
13.08.2021 00:00:06.598,300.803,300.618,1.5,1
13.08.2021 00:00:07.114,300.793,300.618,1.5,1
13.08.2021 00:00:07.610,300.803,300.618,1.5,1
13.08.2021 00:00:07.712,300.803,300.618,1.5,1
13.08.2021 00:00:08.658,300.793,300.618,1,1
13.08.2021 00:00:08.709,300.803,300.618,1.5,1
13.08.2021 00:00:09.297,300.793,300.618,1,1
13.08.2021 00:00:09.398,300.793,300.618,1.5,1
13.08.2021 00:00:09.848,300.803,300.618,1.5,1
13.08.2021 00:00:10.373,300.793,300.618,1,1
13.08.2021 00:00:10.474,300.793,300.608,1,1
13.08.2021 00:00:10.524,300.793,300.608,1.5,1
13.08.2021 00:00:10.625,300.783,300.608,1,1
13.08.2021 00:00:10.726,300.793,300.608,1.5,1
13.08.2021 00:00:23.072,300.783,300.608,1,1
13.08.2021 00:00:23.176,300.783,300.608,1.5,1
13.08.2021 00:00:24.512,300.793,300.608,1.5,1
13.08.2021 00:00:56.226,300.803,300.618,1.5,1
13.08.2021 00:00:56.276,300.793,300.618,1,1
13.08.2021 00:00:58.528,300.803,300.618,1.5,1
13.08.2021 00:01:00.619,300.793,300.618,1.5,1
13.08.2021 00:01:04.932,300.793,300.608,1.5,1
13.08.2021 00:01:15.178,300.793,300.608,1.5,1
13.08.2021 00:01:15.321,300.793,300.608,1,1
13.08.2021 00:01:15.982,300.793,300.608,1.5,1
13.08.2021 00:01:25.147,300.783,300.598,1,1
13.08.2021 00:01:25.248,300.733,300.583,1,1
13.08.2021 00:01:25.349,300.728,300.583,1.5,1
13.08.2021 00:01:25.964,300.73,300.579,1.5,1
13.08.2021 00:01:28.221,300.73,300.583,1,1
13.08.2021 00:01:30.249,300.73,300.579,1.5,1
13.08.2021 00:01:30.457,300.73,300.579,1,1
13.08.2021 00:01:34.469,300.735,300.579,1.12,1
13.08.2021 00:01:36.799,300.733,300.579,1,1
13.08.2021 00:01:36.916,300.733,300.579,1.5,1
13.08.2021 00:01:38.548,300.733,300.583,1.5,1
13.08.2021 00:01:38.958,300.733,300.583,1,1
13.08.2021 00:01:39.370,300.733,300.579,1,1
13.08.2021 00:01:39.662,300.735,300.579,1.12,1
13.08.2021 00:01:39.771,300.735,300.583,1.12,1
13.08.2021 00:01:40.679,300.735,300.579,1.12,1
13.08.2021 00:01:40.778,300.735,300.583,1.12,1
13.08.2021 00:01:42.418,300.735,300.587,1.12,1
13.08.2021 00:01:42.740,300.743,300.591,2,1
13.08.2021 00:01:43.111,300.743,300.587,2,1
13.08.2021 00:01:57.479,300.743,300.591,1.5,1
13.08.2021 00:01:58.088,300.743,300.587,1.5,1
13.08.2021 00:02:09.759,300.743,300.591,1.5,1
13.08.2021 00:02:10.051,300.743,300.595,1.5,1
13.08.2021 00:02:10.744,300.743,300.591,1.5,1
13.08.2021 00:02:12.218,300.743,300.587,2,1
13.08.2021 00:02:12.980,300.743,300.587,2,1
13.08.2021 00:02:13.089,300.743,300.587,2,1
13.08.2021 00:02:18.006,300.743,300.587,1,1
13.08.2021 00:02:18.712,300.743,300.587,1.5,1
13.08.2021 00:02:19.231,300.743,300.587,1.5,1
13.08.2021 00:02:20.763,300.743,300.591,1.5,1
13.08.2021 00:02:32.078,300.743,300.587,2,1
13.08.2021 00:02:36.290,300.743,300.587,2,1
13.08.2021 00:02:36.383,300.743,300.587,2,1
13.08.2021 00:02:37.691,300.743,300.587,2,1
13.08.2021 00:02:38.095,300.743,300.587,2,1
13.08.2021 00:02:38.246,300.743,300.587,1.5,1
13.08.2021 00:02:38.301,300.743,300.591,1.5,1
13.08.2021 00:02:38.402,300.743,300.587,1.5,1
13.08.2021 00:02:39.627,300.743,300.591,1.5,1
13.08.2021 00:02:40.275,300.743,300.587,2,1
13.08.2021 00:02:44.140,300.743,300.587,2,1
13.08.2021 00:02:44.267,300.743,300.587,2,1
13.08.2021 00:02:45.041,300.743,300.583,2,1
13.08.2021 00:03:01.896,300.732,300.579,1.5,1
13.08.2021 00:03:05.627,300.742,300.587,1.5,1
13.08.2021 00:03:06.806,300.742,300.591,1.5,1
13.08.2021 00:03:11.930,300.742,300.587,1.5,1
13.08.2021 00:03:17.405,300.742,300.587,1.5,1
13.08.2021 00:03:18.226,300.742,300.587,1.5,1
13.08.2021 00:03:19.870,300.742,300.587,1.5,1
13.08.2021 00:03:23.167,300.742,300.587,1.5,1
13.08.2021 00:03:27.099,300.743,300.587,1.5,1
13.08.2021 00:03:32.126,300.743,300.587,1.5,1
13.08.2021 00:03:49.271,300.743,300.587,1.5,1
13.08.2021 00:03:49.371,300.743,300.587,1.5,1
13.08.2021 00:03:49.674,300.743,300.587,1.5,1
13.08.2021 00:03:49.775,300.743,300.587,1.5,1
13.08.2021 00:03:52.661,300.75,300.591,1.5,1
13.08.2021 00:03:55.267,300.743,300.587,1.5,1
13.08.2021 00:03:58.823,300.75,300.591,1.5,1
13.08.2021 00:04:18.935,300.743,300.587,1.5,1
13.08.2021 00:04:35.451,300.75,300.591,1.5,1
13.08.2021 00:04:43.768,300.743,300.587,1.5,1
13.08.2021 00:04:43.869,300.743,300.587,1.5,1
13.08.2021 00:04:44.164,300.743,300.587,1.5,1
13.08.2021 00:04:44.264,300.743,300.587,1.5,1
13.08.2021 00:04:46.398,300.743,300.587,1.5,1
13.08.2021 00:04:49.667,300.743,300.587,1.5,1
13.08.2021 00:04:49.818,300.743,300.591,1.5,1
13.08.2021 00:05:03.810,300.75,300.595,1.5,1
13.08.2021 00:05:03.911,300.76099999999997,300.59900000000005,1.5,1
13.08.2021 00:05:04.011,300.76099999999997,300.59900000000005,1.5,1
13.08.2021 00:05:06.402,300.76099999999997,300.603,1.5,1
13.08.2021 00:05:10.181,300.76099999999997,300.59900000000005,1.5,1
13.08.2021 00:05:10.804,300.753,300.591,1.5,1
13.08.2021 00:05:10.885,300.753,300.595,1.5,1
13.08.2021 00:05:11.489,300.753,300.595,1.5,1
13.08.2021 00:05:14.534,300.753,300.591,1.5,1
13.08.2021 00:06:15.659,300.753,300.577,1.5,1
13.08.2021 00:06:19.359,300.753,300.582,1.5,1
13.08.2021 00:06:22.586,300.753,300.581,1.5,1
13.08.2021 00:06:22.645,300.753,300.577,1.5,1
13.08.2021 00:06:43.094,300.753,300.582,1.5,1
13.08.2021 00:06:43.524,300.76099999999997,300.59200000000004,1,1
13.08.2021 00:06:43.625,300.753,300.59900000000005,1.5,1
13.08.2021 00:06:50.724,300.76099999999997,300.587,1.5,1
13.08.2021 00:06:50.869,300.76099999999997,300.591,1.5,1
13.08.2021 00:07:04.299,300.753,300.595,1.5,1
13.08.2021 00:07:04.498,300.753,300.591,1.5,1
13.08.2021 00:07:49.872,300.753,300.595,1.5,1
13.08.2021 00:07:49.927,300.753,300.591,1.5,1
13.08.2021 00:08:02.692,300.76099999999997,300.59900000000005,1.5,1
13.08.2021 00:08:08.444,300.76099999999997,300.603,1.5,1
13.08.2021 00:08:15.902,300.76099999999997,300.607,1.5,1
13.08.2021 00:08:16.221,300.76099999999997,300.603,1.5,1
13.08.2021 00:08:29.872,300.76099999999997,300.607,1.5,1
13.08.2021 00:08:30.613,300.768,300.615,1.5,1
13.08.2021 00:08:30.777,300.773,300.615,1.5,1
13.08.2021 00:08:30.878,300.773,300.615,1.5,1
13.08.2021 00:08:30.976,300.773,300.619,1.5,1
13.08.2021 00:08:31.074,300.773,300.619,1.5,1
13.08.2021 00:08:31.379,300.773,300.615,1.5,1
13.08.2021 00:08:32.233,300.786,300.627,1.5,1
13.08.2021 00:08:32.334,300.786,300.627,1.5,1
13.08.2021 00:08:32.399,300.786,300.631,1.5,1
13.08.2021 00:08:32.599,300.786,300.627,1.5,1
13.08.2021 00:08:34.129,300.783,300.627,1.5,1
13.08.2021 00:08:35.358,300.783,300.627,1.5,1
13.08.2021 00:08:36.477,300.783,300.627,1.5,1
13.08.2021 00:08:36.578,300.783,300.627,1.5,1
13.08.2021 00:08:39.334,300.783,300.627,1.5,1
13.08.2021 00:08:39.436,300.783,300.627,1.5,1
13.08.2021 00:08:39.636,300.783,300.631,1.5,1
13.08.2021 00:08:44.115,300.783,300.627,1.5,1
13.08.2021 00:08:44.411,300.783,300.631,1.5,1
13.08.2021 00:08:49.308,300.783,300.627,1.5,1
13.08.2021 00:08:49.620,300.783,300.631,1.5,1
13.08.2021 00:09:01.533,300.783,300.627,1.5,1
13.08.2021 00:09:03.127,300.783,300.627,1.5,1
13.08.2021 00:09:03.251,300.783,300.627,1.5,1
13.08.2021 00:09:14.905,300.783,300.627,1.5,1
13.08.2021 00:09:14.999,300.783,300.631,1.5,1
13.08.2021 00:09:25.879,300.783,300.627,1.5,1
13.08.2021 00:09:31.529,300.773,300.627,1.5,1
13.08.2021 00:09:31.629,300.773,300.619,1.5,1
13.08.2021 00:09:32.484,300.773,300.623,1.5,1
13.08.2021 00:09:36.259,300.773,300.619,1.5,1
13.08.2021 00:09:36.481,300.783,300.619,1.5,1
13.08.2021 00:09:36.596,300.783,300.619,1,1
13.08.2021 00:09:36.763,300.783,300.623,1,1
13.08.2021 00:09:37.273,300.783,300.623,1.5,1
13.08.2021 00:09:53.840,300.773,300.619,1.5,1
13.08.2021 00:09:56.078,300.773,300.623,1.5,1
13.08.2021 00:09:56.182,300.773,300.619,1.5,1
13.08.2021 00:09:56.583,300.773,300.615,1.5,1
13.08.2021 00:09:56.683,300.773,300.619,1.5,1
13.08.2021 00:09:56.984,300.773,300.615,1.5,1
13.08.2021 00:09:57.087,300.773,300.619,1.5,1
13.08.2021 00:09:57.931,300.773,300.615,1.5,1
13.08.2021 00:09:58.032,300.773,300.611,1.5,1
13.08.2021 00:09:58.133,300.773,300.615,1.5,1
13.08.2021 00:10:03.415,300.763,300.603,1.5,1
13.08.2021 00:10:03.516,300.763,300.607,1.5,1
13.08.2021 00:10:05.221,300.763,300.611,1.5,1
13.08.2021 00:10:06.841,300.763,300.607,1.5,1
13.08.2021 00:10:07.247,300.763,300.611,1.5,1
13.08.2021 00:10:07.756,300.763,300.611,1.5,1
13.08.2021 00:10:13.826,300.763,300.607,1.5,1
13.08.2021 00:10:13.881,300.763,300.607,1.5,1
13.08.2021 00:10:14.988,300.763,300.607,1.5,1
13.08.2021 00:10:15.091,300.763,300.607,1.5,1
13.08.2021 00:10:16.845,300.756,300.607,1,1
13.08.2021 00:10:16.955,300.763,300.603,1,1
13.08.2021 00:10:17.056,300.753,300.59900000000005,1,1
13.08.2021 00:10:17.624,300.753,300.59900000000005,1.5,1
13.08.2021 00:10:21.787,300.763,300.607,1.5,1
13.08.2021 00:10:21.889,300.763,300.603,1.5,1
13.08.2021 00:10:31.320,300.763,300.607,1.5,1
13.08.2021 00:10:31.483,300.752,300.607,1.5,1
13.08.2021 00:10:31.588,300.763,300.607,1.5,1
13.08.2021 00:10:32.601,300.763,300.607,1.5,1
13.08.2021 00:10:51.321,300.763,300.607,1.5,1
13.08.2021 00:10:51.659,300.773,300.615,2,1
13.08.2021 00:10:51.760,300.76,300.615,1,1
13.08.2021 00:10:51.860,300.773,300.615,2,1
13.08.2021 00:10:57.346,300.773,300.615,2,1
13.08.2021 00:11:21.447,300.773,300.619,1.5,1
13.08.2021 00:11:57.193,300.773,300.615,2,1
13.08.2021 00:11:57.344,300.773,300.615,2,1
13.08.2021 00:11:57.503,300.773,300.615,2,1
13.08.2021 00:11:58.220,300.763,300.615,1.5,1
13.08.2021 00:11:58.322,300.763,300.611,1.5,1
13.08.2021 00:11:58.426,300.763,300.615,1.5,1
13.08.2021 00:12:47.776,300.773,300.615,2,1
13.08.2021 00:12:47.855,300.773,300.615,2,1
13.08.2021 00:12:56.304,300.773,300.615,1.5,1
13.08.2021 00:13:03.551,300.773,300.619,1.5,1
13.08.2021 00:13:08.947,300.773,300.619,1.5,1
13.08.2021 00:13:09.050,300.773,300.619,1.5,1
13.08.2021 00:13:14.348,300.773,300.615,1.5,1
13.08.2021 00:13:20.571,300.773,300.619,1.5,1
13.08.2021 00:13:20.874,300.773,300.619,1.5,1
13.08.2021 00:13:22.593,300.773,300.615,1.5,1
13.08.2021 00:13:33.845,300.773,300.619,1.5,1
13.08.2021 00:13:33.957,300.773,300.619,1.5,1
13.08.2021 00:13:48.435,300.783,300.627,1.5,1
13.08.2021 00:13:48.586,300.78900000000004,300.631,1.5,1
13.08.2021 00:13:48.686,300.783,300.627,1.5,1
13.08.2021 00:13:48.989,300.793,300.635,1.5,1
13.08.2021 00:13:49.093,300.793,300.643,1.5,1
13.08.2021 00:13:49.294,300.793,300.627,1.5,1.5
13.08.2021 00:13:49.395,300.793,300.639,1.5,1
13.08.2021 00:14:02.121,300.793,300.627,1.5,1.5
13.08.2021 00:14:02.290,300.793,300.639,1.5,1
13.08.2021 00:14:11.805,300.783,300.627,1.5,1
13.08.2021 00:14:11.906,300.783,300.627,2,1
13.08.2021 00:14:12.108,300.773,300.619,1.5,1
13.08.2021 00:14:12.882,300.773,300.615,1.5,1
13.08.2021 00:14:12.984,300.773,300.619,1.5,1
13.08.2021 00:14:18.104,300.773,300.615,1.5,1
13.08.2021 00:14:18.205,300.773,300.615,1.5,1
13.08.2021 00:14:18.308,300.773,300.615,1.5,1
13.08.2021 00:14:18.510,300.773,300.615,1.5,1
13.08.2021 00:14:18.612,300.773,300.615,1.5,1
13.08.2021 00:14:22.502,300.773,300.619,1.5,1
13.08.2021 00:14:23.620,300.773,300.615,1.5,1
13.08.2021 00:14:23.739,300.773,300.615,1.5,1
13.08.2021 00:14:24.142,300.763,300.611,1.5,1
13.08.2021 00:14:31.096,300.809,300.611,1.5,1
13.08.2021 00:14:31.197,300.824,300.611,1,1
13.08.2021 00:14:48.448,300.824,300.607,1,1
13.08.2021 00:14:50.901,300.824,300.615,1,1
13.08.2021 00:14:54.231,300.824,300.611,1,1
13.08.2021 00:14:54.465,300.824,300.615,1,1
13.08.2021 00:14:54.827,300.824,300.611,1,1
13.08.2021 00:14:54.929,300.824,300.615,1,1
13.08.2021 00:15:02.581,300.824,300.619,1,1
13.08.2021 00:15:02.871,300.824,300.615,1,1
13.08.2021 00:15:14.292,300.824,300.607,1,1
13.08.2021 00:15:15.198,300.824,300.59900000000005,1,1
13.08.2021 00:15:15.299,300.824,300.607,1,1
13.08.2021 00:15:17.523,300.824,300.615,1,1
13.08.2021 00:15:26.857,300.82599999999996,300.615,1,1
13.08.2021 00:15:49.348,300.829,300.615,1,1
13.08.2021 00:15:49.650,300.829,300.619,1,1
13.08.2021 00:16:00.535,300.829,300.615,1,1
13.08.2021 00:16:26.536,300.829,300.619,1,1
13.08.2021 00:16:27.270,300.829,300.615,1,1
13.08.2021 00:16:27.370,300.829,300.619,1,1
13.08.2021 00:16:56.895,300.829,300.615,1,1
13.08.2021 00:17:10.023,300.829,300.607,1,1
13.08.2021 00:17:23.843,300.829,300.615,1,1
13.08.2021 00:17:34.715,300.829,300.619,1,1
13.08.2021 00:17:35.425,300.829,300.615,1,1
13.08.2021 00:17:36.760,300.829,300.619,1,1
13.08.2021 00:17:36.902,300.829,300.615,1,1
13.08.2021 00:17:37.757,300.829,300.619,1,1
13.08.2021 00:17:47.727,300.837,300.627,1,1
13.08.2021 00:17:49.966,300.837,300.631,1,1
13.08.2021 00:17:50.083,300.837,300.627,1,1
13.08.2021 00:18:15.482,300.837,300.635,1,1
13.08.2021 00:18:20.130,300.837,300.627,1,1
13.08.2021 00:18:33.533,300.84700000000004,300.627,1,1.5
13.08.2021 00:18:33.583,300.84700000000004,300.635,1,1
13.08.2021 00:18:33.684,300.85400000000004,300.635,1,1
13.08.2021 00:18:33.785,300.85400000000004,300.643,1,1
13.08.2021 00:18:40.577,300.85400000000004,300.647,1,1
13.08.2021 00:18:40.678,300.85400000000004,300.643,1,1
13.08.2021 00:19:19.264,300.85400000000004,300.651,1,1
13.08.2021 00:19:20.726,300.865,300.651,1,1
13.08.2021 00:19:49.836,300.865,300.643,1,1
13.08.2021 00:19:49.887,300.85400000000004,300.643,1,1
13.08.2021 00:19:49.937,300.85400000000004,300.639,1,1
13.08.2021 00:20:00.355,300.85400000000004,300.643,1,1
13.08.2021 00:21:32.329,300.85400000000004,300.635,1,1
13.08.2021 00:21:32.430,300.85400000000004,300.639,1,1
13.08.2021 00:21:38.952,300.84700000000004,300.635,1,1
13.08.2021 00:22:21.982,300.84700000000004,300.639,1,1
13.08.2021 00:22:22.033,300.857,300.639,1,1
13.08.2021 00:22:22.183,300.857,300.643,1,1
13.08.2021 00:22:29.978,300.865,300.643,1,1
13.08.2021 00:22:42.262,300.85400000000004,300.643,1,1
13.08.2021 00:22:42.313,300.85400000000004,300.639,1,1
13.08.2021 00:22:42.414,300.85400000000004,300.628,1,1
13.08.2021 00:22:42.514,300.85400000000004,300.631,1,1
13.08.2021 00:22:42.806,300.85400000000004,300.628,1,1
13.08.2021 00:22:45.859,300.85400000000004,300.631,1,1
13.08.2021 00:22:46.068,300.85400000000004,300.635,1,1
13.08.2021 00:22:46.246,300.85400000000004,300.639,1,1
13.08.2021 00:22:52.358,300.85400000000004,300.635,1,1
13.08.2021 00:22:52.807,300.85400000000004,300.631,1,1
13.08.2021 00:23:02.199,300.85400000000004,300.628,1,1
13.08.2021 00:23:02.325,300.84900000000005,300.627,1,1
13.08.2021 00:23:02.650,300.84900000000005,300.631,1,1
13.08.2021 00:23:02.809,300.84900000000005,300.627,1,1
13.08.2021 00:23:03.417,300.84900000000005,300.631,1,1
13.08.2021 00:23:06.588,300.84200000000004,300.627,1,1
13.08.2021 00:23:06.689,300.84200000000004,300.623,1,1
13.08.2021 00:23:06.840,300.84200000000004,300.627,1,1
13.08.2021 00:23:12.874,300.84200000000004,300.619,1,1
13.08.2021 00:23:14.667,300.84200000000004,300.615,1,1.5
13.08.2021 00:23:20.277,300.84200000000004,300.619,1,1
13.08.2021 00:23:24.759,300.84200000000004,300.615,1,1.5
13.08.2021 00:23:28.712,300.831,300.615,1,1
13.08.2021 00:24:31.369,300.82099999999997,300.615,1,1
13.08.2021 00:24:42.400,300.82099999999997,300.607,1,1
13.08.2021 00:25:01.310,300.82099999999997,300.615,1,1
13.08.2021 00:25:01.489,300.82099999999997,300.611,1,1
13.08.2021 00:25:23.613,300.82099999999997,300.607,1,1
13.08.2021 00:26:25.327,300.82099999999997,300.59700000000004,1,1
13.08.2021 00:26:26.224,300.82099999999997,300.60200000000003,1,1
13.08.2021 00:26:26.350,300.82099999999997,300.615,1,1
13.08.2021 00:26:46.249,300.82099999999997,300.607,1,1
13.08.2021 00:27:04.053,300.82099999999997,300.615,1,1
13.08.2021 00:27:04.104,300.831,300.615,1,1
13.08.2021 00:27:04.632,300.831,300.619,1,1
13.08.2021 00:27:32.946,300.831,300.615,1,1
13.08.2021 00:27:33.047,300.831,300.611,1,1
13.08.2021 00:27:57.431,300.831,300.607,1,1.5
13.08.2021 00:27:57.780,300.824,300.607,1,1
13.08.2021 00:28:57.727,300.824,300.6,1,1
13.08.2021 00:29:04.369,300.824,300.60200000000003,1,1
13.08.2021 00:29:04.520,300.824,300.615,1,1
13.08.2021 00:29:36.506,300.824,300.611,1,1
13.08.2021 00:29:36.699,300.824,300.615,1,1
13.08.2021 00:29:36.965,300.829,300.615,1,1
13.08.2021 00:30:00.834,300.829,300.619,1,1
13.08.2021 00:30:19.351,300.829,300.615,1,1
13.08.2021 00:30:25.720,300.829,300.619,1,1
13.08.2021 00:30:35.710,300.829,300.615,1,1
13.08.2021 00:30:55.078,300.829,300.611,1,1
13.08.2021 00:30:57.919,300.823,300.59700000000004,1,1.5
13.08.2021 00:30:58.025,300.823,300.59700000000004,1,1.5
13.08.2021 00:30:58.133,300.823,300.607,1,1
13.08.2021 00:30:58.486,300.823,300.603,1,1
13.08.2021 00:31:01.443,300.823,300.607,1,1
13.08.2021 00:31:01.633,300.823,300.603,1,1
13.08.2021 00:31:06.432,300.823,300.611,1,1
13.08.2021 00:31:06.533,300.823,300.615,1,1
13.08.2021 00:31:06.883,300.825,300.615,1,1
13.08.2021 00:31:09.369,300.83,300.615,1,1
13.08.2021 00:31:11.855,300.823,300.615,1,1
13.08.2021 00:31:12.043,300.823,300.607,1,1
13.08.2021 00:31:19.983,300.823,300.611,1,1
13.08.2021 00:31:20.568,300.823,300.615,1,1
13.08.2021 00:31:20.896,300.824,300.615,1,1
13.08.2021 00:31:38.020,300.824,300.611,1,1
13.08.2021 00:31:38.121,300.824,300.607,1,1
13.08.2021 00:31:38.646,300.824,300.611,1,1
13.08.2021 00:31:43.678,300.824,300.603,1,1
13.08.2021 00:31:43.728,300.824,300.607,1,1
13.08.2021 00:32:22.930,300.816,300.59900000000005,1,1
13.08.2021 00:32:23.082,300.816,300.603,1,1
13.08.2021 00:32:23.133,300.816,300.594,1,1.5
13.08.2021 00:32:23.234,300.816,300.59900000000005,1,1
13.08.2021 00:32:25.082,300.82599999999996,300.59900000000005,1,1
13.08.2021 00:32:25.132,300.82599999999996,300.607,1,1
13.08.2021 00:33:07.249,300.818,300.59900000000005,1,1
13.08.2021 00:33:07.350,300.818,300.591,1,1
13.08.2021 00:33:07.451,300.818,300.59900000000005,1,1
13.08.2021 00:33:07.636,300.818,300.595,1,1
13.08.2021 00:33:07.841,300.818,300.59900000000005,1,1
13.08.2021 00:33:08.880,300.818,300.595,1,1
13.08.2021 00:33:18.610,300.818,300.591,1,1
13.08.2021 00:33:51.830,300.818,300.59200000000004,1,1
13.08.2021 00:33:51.881,300.818,300.59900000000005,1,1
13.08.2021 00:33:51.931,300.824,300.59900000000005,1,1
13.08.2021 00:33:51.982,300.824,300.603,1,1
13.08.2021 00:33:52.173,300.824,300.59900000000005,1,1
13.08.2021 00:33:52.279,300.824,300.607,1,1
13.08.2021 00:33:52.692,300.824,300.603,1,1
13.08.2021 00:33:56.022,300.824,300.607,1,1
13.08.2021 00:34:01.257,300.824,300.59900000000005,1,1
13.08.2021 00:34:09.214,300.813,300.59900000000005,1,1
13.08.2021 00:34:10.803,300.813,300.595,1,1
13.08.2021 00:34:19.304,300.813,300.59900000000005,1,1
13.08.2021 00:34:20.524,300.813,300.595,1,1
13.08.2021 00:34:22.849,300.813,300.591,1,1.5
13.08.2021 00:35:08.935,300.813,300.595,1,1
13.08.2021 00:35:09.086,300.813,300.59900000000005,1,1
13.08.2021 00:35:11.806,300.816,300.59900000000005,1,1
13.08.2021 00:35:11.857,300.816,300.603,1,1
13.08.2021 00:35:12.008,300.816,300.607,1,1
13.08.2021 00:35:21.294,300.816,300.603,1,1
13.08.2021 00:35:22.128,300.816,300.59900000000005,1,1
13.08.2021 00:35:22.280,300.808,300.59900000000005,1,1
13.08.2021 00:35:37.267,300.808,300.595,1,1
13.08.2021 00:35:38.250,300.808,300.59900000000005,1,1
13.08.2021 00:35:42.443,300.808,300.595,1,1
13.08.2021 00:35:49.883,300.808,300.59900000000005,1,1
13.08.2021 00:35:50.885,300.808,300.595,1,1
13.08.2021 00:35:51.804,300.808,300.59900000000005,1,1
13.08.2021 00:36:11.886,300.808,300.595,1,1
13.08.2021 00:36:24.016,300.808,300.59900000000005,1,1
13.08.2021 00:36:24.217,300.808,300.603,1,1
13.08.2021 00:36:24.410,300.808,300.59900000000005,1,1
13.08.2021 00:36:24.511,300.808,300.607,1,1
13.08.2021 00:36:25.355,300.808,300.59200000000004,1,1.5
13.08.2021 00:36:25.458,300.808,300.603,1,1
13.08.2021 00:36:25.559,300.808,300.59900000000005,1,1
13.08.2021 00:36:25.761,300.808,300.603,1,1
13.08.2021 00:36:25.927,300.808,300.59900000000005,1,1
13.08.2021 00:36:26.136,300.808,300.603,1,1
13.08.2021 00:36:26.237,300.808,300.59900000000005,1,1
13.08.2021 00:36:26.585,300.808,300.603,1,1
13.08.2021 00:36:26.774,300.808,300.59900000000005,1,1
13.08.2021 00:36:26.946,300.808,300.603,1,1
13.08.2021 00:36:27.097,300.808,300.59900000000005,1,1
13.08.2021 00:36:27.299,300.808,300.603,1,1
13.08.2021 00:36:27.466,300.808,300.59900000000005,1,1
13.08.2021 00:36:27.767,300.808,300.603,1,1
13.08.2021 00:36:27.969,300.808,300.59900000000005,1,1
13.08.2021 00:36:28.300,300.808,300.603,1,1
13.08.2021 00:36:28.574,300.808,300.59900000000005,1,1
13.08.2021 00:36:32.299,300.808,300.589,1,1.5
13.08.2021 00:36:32.432,300.808,300.591,1,1
13.08.2021 00:36:44.448,300.808,300.59900000000005,1,1
13.08.2021 00:36:44.649,300.808,300.603,1,1
13.08.2021 00:36:44.750,300.808,300.607,1,1
13.08.2021 00:36:45.311,300.808,300.603,1,1
13.08.2021 00:36:45.820,300.808,300.607,1,1
13.08.2021 00:36:47.164,300.808,300.59900000000005,1,1
13.08.2021 00:36:50.433,300.808,300.603,1,1
13.08.2021 00:37:00.059,300.808,300.59900000000005,1,1
13.08.2021 00:37:01.029,300.808,300.595,1,1
13.08.2021 00:37:01.136,300.808,300.591,1,1.5
13.08.2021 00:37:32.047,300.808,300.59900000000005,1,1
13.08.2021 00:37:35.394,300.808,300.595,1,1
13.08.2021 00:37:46.822,300.808,300.59900000000005,1,1
13.08.2021 00:37:47.962,300.808,300.591,1,1.5
13.08.2021 00:37:48.065,300.808,300.595,1,1
13.08.2021 00:37:49.123,300.808,300.59900000000005,1,1
13.08.2021 00:37:49.224,300.808,300.603,1,1
13.08.2021 00:38:40.289,300.808,300.59900000000005,1,1
13.08.2021 00:38:41.525,300.808,300.603,1,1
13.08.2021 00:38:41.821,300.808,300.59900000000005,1,1
13.08.2021 00:38:42.537,300.808,300.603,1,1
13.08.2021 00:38:42.886,300.808,300.59900000000005,1,1
13.08.2021 00:38:43.686,300.808,300.603,1,1
13.08.2021 00:38:43.969,300.808,300.59900000000005,1,1
13.08.2021 00:38:44.768,300.808,300.603,1,1
13.08.2021 00:38:45.073,300.808,300.59900000000005,1,1
13.08.2021 00:38:45.779,300.808,300.603,1,1
13.08.2021 00:38:46.084,300.808,300.59900000000005,1,1
13.08.2021 00:38:46.935,300.808,300.603,1,1
13.08.2021 00:38:47.216,300.808,300.59900000000005,1,1
13.08.2021 00:38:48.113,300.808,300.603,1,1
13.08.2021 00:38:48.319,300.808,300.59900000000005,1,1
13.08.2021 00:38:49.036,300.808,300.603,1,1
13.08.2021 00:38:49.383,300.808,300.59900000000005,1,1
13.08.2021 00:39:10.249,300.8,300.587,1,1
13.08.2021 00:39:10.351,300.8,300.591,1,1
13.08.2021 00:39:13.423,300.8,300.587,1,1
13.08.2021 00:39:45.249,300.8,300.583,1,1
13.08.2021 00:39:47.727,300.8,300.587,1,1
13.08.2021 00:39:56.245,300.8,300.591,1,1
13.08.2021 00:40:10.143,300.811,300.591,1,1
13.08.2021 00:40:10.244,300.811,300.59900000000005,1,1
13.08.2021 00:40:10.295,300.818,300.59900000000005,1,1
13.08.2021 00:40:10.345,300.818,300.607,1,1
13.08.2021 00:41:33.945,300.818,300.603,1,1
13.08.2021 00:41:35.764,300.818,300.607,1,1
13.08.2021 00:41:36.578,300.818,300.611,1,1
13.08.2021 00:41:37.012,300.818,300.607,1,1
13.08.2021 00:41:57.996,300.818,300.59900000000005,1,1
13.08.2021 00:41:58.047,300.811,300.59900000000005,1,1
13.08.2021 00:42:14.979,300.816,300.59900000000005,1,1
13.08.2021 00:42:15.080,300.816,300.607,1,1
13.08.2021 00:42:26.554,300.816,300.615,1,1
13.08.2021 00:42:26.655,300.829,300.615,1,1
13.08.2021 00:42:40.159,300.829,300.617,1,1
13.08.2021 00:42:40.209,300.836,300.616,1,1
13.08.2021 00:42:40.310,300.836,300.623,1,1
13.08.2021 00:42:40.461,300.836,300.627,1,1
13.08.2021 00:42:43.309,300.836,300.613,1,1.5
13.08.2021 00:42:43.439,300.836,300.623,1,1
13.08.2021 00:43:15.347,300.836,300.613,1,1.5
13.08.2021 00:43:15.498,300.836,300.615,1,1
13.08.2021 00:43:25.593,300.836,300.619,1,1
13.08.2021 00:43:30.541,300.836,300.623,1,1
13.08.2021 00:43:30.741,300.836,300.619,1,1
13.08.2021 00:44:19.898,300.836,300.623,1,1
13.08.2021 00:45:16.707,300.836,300.631,1,1
13.08.2021 00:45:29.579,300.84700000000004,300.631,1,1
13.08.2021 00:45:29.629,300.84700000000004,300.639,1,1
13.08.2021 00:45:29.680,300.857,300.639,1,1
13.08.2021 00:45:29.730,300.857,300.643,1,1
13.08.2021 00:45:31.378,300.857,300.647,1,1
13.08.2021 00:46:21.283,300.857,300.643,1,1
13.08.2021 00:46:27.372,300.857,300.639,1,1
13.08.2021 00:46:27.473,300.857,300.631,1,1
13.08.2021 00:46:27.574,300.857,300.635,1,1
13.08.2021 00:46:33.917,300.857,300.631,1,1
13.08.2021 00:46:47.420,300.839,300.631,1,1
13.08.2021 00:46:47.521,300.839,300.623,1,1
13.08.2021 00:46:57.059,300.839,300.619,1,1
13.08.2021 00:46:59.899,300.831,300.60900000000004,1,1.5
13.08.2021 00:47:00.000,300.831,300.60400000000004,1,1.5
13.08.2021 00:47:00.101,300.831,300.60400000000004,1,1.5
13.08.2021 00:47:00.202,300.831,300.611,1,1
13.08.2021 00:47:00.256,300.831,300.607,1,1
13.08.2021 00:47:01.162,300.831,300.611,1,1
13.08.2021 00:47:01.265,300.831,300.607,1,1
13.08.2021 00:47:03.247,300.824,300.607,1,1
13.08.2021 00:47:10.743,300.824,300.615,1,1
13.08.2021 00:47:10.793,300.833,300.615,1,1
13.08.2021 00:47:10.944,300.833,300.611,1,1
13.08.2021 00:47:11.045,300.833,300.615,1,1
13.08.2021 00:47:17.020,300.824,300.615,1,1
13.08.2021 00:47:17.071,300.824,300.611,1,1
13.08.2021 00:47:17.172,300.824,300.607,1,1
13.08.2021 00:47:41.380,300.824,300.603,1,1
13.08.2021 00:48:45.660,300.824,300.596,1,1
13.08.2021 00:49:17.882,300.824,300.59900000000005,1,1
13.08.2021 00:49:19.599,300.824,300.603,1,1
13.08.2021 00:49:57.104,300.824,300.59900000000005,1,1
13.08.2021 00:49:58.031,300.813,300.59900000000005,1,1
13.08.2021 00:50:11.993,300.813,300.603,1,1
13.08.2021 00:50:12.153,300.813,300.607,1,1
13.08.2021 00:50:12.453,300.813,300.603,1,1
13.08.2021 00:50:12.803,300.813,300.607,1,1
13.08.2021 00:50:12.989,300.813,300.603,1,1
13.08.2021 00:50:14.903,300.813,300.607,1,1
13.08.2021 00:50:15.103,300.813,300.603,1,1
13.08.2021 00:50:16.856,300.82099999999997,300.603,1,1
13.08.2021 00:50:22.835,300.82099999999997,300.607,1,1
13.08.2021 00:50:30.822,300.82099999999997,300.59900000000005,1,1
13.08.2021 00:50:30.923,300.82099999999997,300.603,1,1
13.08.2021 00:50:33.225,300.82099999999997,300.607,1,1
13.08.2021 00:50:37.504,300.828,300.607,1,1
13.08.2021 00:50:38.361,300.836,300.611,1,1
13.08.2021 00:50:38.429,300.836,300.615,1,1
13.08.2021 00:50:46.161,300.836,300.611,1,1
13.08.2021 00:50:47.190,300.836,300.607,1,1
13.08.2021 00:50:53.804,300.829,300.607,1,1
13.08.2021 00:50:53.905,300.829,300.603,1,1
13.08.2021 00:50:54.225,300.829,300.59900000000005,1,1
13.08.2021 00:51:00.442,300.829,300.607,1,1
13.08.2021 00:51:03.794,300.829,300.603,1,1
13.08.2021 00:51:05.928,300.829,300.607,1,1
13.08.2021 00:51:07.806,300.829,300.59900000000005,1,1
13.08.2021 00:51:09.305,300.829,300.603,1,1
13.08.2021 00:51:10.115,300.829,300.59900000000005,1,1
13.08.2021 00:51:16.283,300.82099999999997,300.59900000000005,1,1
13.08.2021 00:51:16.384,300.82099999999997,300.595,1,1
13.08.2021 00:51:16.986,300.82099999999997,300.59900000000005,1,1
13.08.2021 00:51:22.552,300.82099999999997,300.595,1,1
13.08.2021 00:51:22.753,300.82099999999997,300.59900000000005,1,1
13.08.2021 00:51:31.329,300.82099999999997,300.595,1,1
13.08.2021 00:51:32.769,300.82099999999997,300.59900000000005,1,1
13.08.2021 00:51:55.933,300.82099999999997,300.591,1,1.5
13.08.2021 00:51:56.444,300.82099999999997,300.59900000000005,1,1
13.08.2021 00:52:08.039,300.82099999999997,300.595,1,1
13.08.2021 00:52:08.140,300.82099999999997,300.591,1,1.5
13.08.2021 00:52:08.316,300.82099999999997,300.595,1,1
13.08.2021 00:52:17.211,300.82099999999997,300.591,1,1.5
13.08.2021 00:53:04.432,300.816,300.591,1,1
13.08.2021 00:53:34.168,300.82099999999997,300.591,1,1.5
13.08.2021 00:53:34.218,300.82099999999997,300.59900000000005,1,1
13.08.2021 00:53:55.096,300.82099999999997,300.607,1,1
13.08.2021 00:54:00.388,300.831,300.607,1,1
13.08.2021 00:54:00.489,300.831,300.615,1,1
13.08.2021 00:54:00.719,300.831,300.619,1,1
13.08.2021 00:54:00.900,300.836,300.619,1,1
13.08.2021 00:54:01.036,300.836,300.615,1,1
13.08.2021 00:54:01.137,300.836,300.619,1,1
13.08.2021 00:54:01.229,300.836,300.615,1,1
13.08.2021 00:54:01.536,300.836,300.619,1,1
13.08.2021 00:54:01.788,300.836,300.615,1,1
13.08.2021 00:54:03.262,300.836,300.619,1,1
13.08.2021 00:54:03.469,300.836,300.615,1,1
13.08.2021 00:54:03.765,300.836,300.619,1,1
13.08.2021 00:54:03.885,300.836,300.615,1,1
13.08.2021 00:54:04.279,300.836,300.619,1,1
13.08.2021 00:54:04.385,300.836,300.615,1,1
13.08.2021 00:54:07.360,300.836,300.619,1,1
13.08.2021 00:54:07.701,300.84700000000004,300.619,1,1
13.08.2021 00:54:07.802,300.84700000000004,300.627,1,1
13.08.2021 00:54:08.009,300.84700000000004,300.631,1,1
13.08.2021 00:54:08.110,300.84700000000004,300.623,1,1
13.08.2021 00:54:14.701,300.84700000000004,300.631,1,1
13.08.2021 00:54:14.895,300.84700000000004,300.623,1,1.5
13.08.2021 00:54:15.346,300.84700000000004,300.631,1,1
13.08.2021 00:54:15.806,300.84700000000004,300.623,1,1
13.08.2021 00:54:17.841,300.84700000000004,300.631,1,1
13.08.2021 00:54:19.278,300.84700000000004,300.623,1,1
13.08.2021 00:54:19.802,300.84700000000004,300.631,1,1
13.08.2021 00:54:25.795,300.84700000000004,300.635,1,1
13.08.2021 00:54:25.846,300.856,300.635,1,1
13.08.2021 00:54:25.896,300.856,300.639,1,1
13.08.2021 00:54:25.997,300.856,300.643,1,1
13.08.2021 00:54:26.047,300.865,300.643,1,1
13.08.2021 00:54:27.820,300.865,300.647,1,1
13.08.2021 00:54:27.934,300.865,300.643,1,1
13.08.2021 00:54:37.275,300.865,300.647,1,1
13.08.2021 00:54:37.783,300.865,300.643,1,1
13.08.2021 00:54:38.979,300.87,300.643,1,1
13.08.2021 00:54:39.030,300.87,300.651,1,1
13.08.2021 00:54:39.181,300.87,300.65500000000003,1,1
13.08.2021 00:54:41.669,300.87,300.65700000000004,1,1
13.08.2021 00:54:41.720,300.87,300.65500000000003,1,1
13.08.2021 00:54:41.770,300.87,300.663,1,1
13.08.2021 00:54:41.827,300.87,300.65500000000003,1,1
13.08.2021 00:54:41.877,300.87,300.65700000000004,1,1
13.08.2021 00:54:41.978,300.87,300.663,1,1
13.08.2021 00:54:42.029,300.87,300.651,1,1
13.08.2021 00:54:42.079,300.87,300.65700000000004,1,1
13.08.2021 00:54:42.130,300.87,300.65500000000003,1,1
13.08.2021 00:54:42.231,300.87,300.65700000000004,1,1
13.08.2021 00:54:42.281,300.87,300.65500000000003,1,1
13.08.2021 00:54:42.332,300.87,300.647,1,1.5
13.08.2021 00:54:42.477,300.87,300.65500000000003,1,1.5
13.08.2021 00:54:43.346,300.87,300.647,1,1.5
13.08.2021 00:54:44.360,300.87,300.66,1,1
13.08.2021 00:54:46.679,300.87,300.663,1,1
13.08.2021 00:54:46.830,300.875,300.663,1,1
13.08.2021 00:54:46.982,300.875,300.66,1,1
13.08.2021 00:54:47.083,300.875,300.663,1,1
13.08.2021 00:54:47.184,300.875,300.66,1,1
13.08.2021 00:54:49.143,300.867,300.651,1,1
13.08.2021 00:54:49.294,300.867,300.65500000000003,1,1
13.08.2021 00:54:59.720,300.875,300.65700000000004,1,1
13.08.2021 00:54:59.820,300.875,300.663,1,1
13.08.2021 00:54:59.871,300.875,300.65900000000005,1,1
13.08.2021 00:54:59.972,300.875,300.65700000000004,1,1
13.08.2021 00:55:00.072,300.875,300.65500000000003,1,1
13.08.2021 00:55:00.123,300.875,300.65700000000004,1,1
13.08.2021 00:55:00.274,300.875,300.65500000000003,1,1
13.08.2021 00:55:00.375,300.875,300.652,1,1.5
13.08.2021 00:55:00.576,300.875,300.663,1,1
13.08.2021 00:55:00.677,300.875,300.65900000000005,1,1.12
13.08.2021 00:55:00.777,300.875,300.663,1,1
13.08.2021 00:55:00.917,300.875,300.652,1,1.5
13.08.2021 00:55:01.397,300.875,300.66,1,1
13.08.2021 00:55:02.425,300.875,300.652,1,1
13.08.2021 00:55:02.525,300.875,300.65500000000003,1,1
13.08.2021 00:55:04.138,300.867,300.65500000000003,1,1
13.08.2021 00:55:04.238,300.867,300.651,1,1
13.08.2021 00:55:04.504,300.867,300.647,1,1
13.08.2021 00:55:04.562,300.85900000000004,300.647,1,1
13.08.2021 00:55:04.612,300.85900000000004,300.639,1,1
13.08.2021 00:55:04.727,300.85900000000004,300.643,1,1
13.08.2021 00:55:04.940,300.85900000000004,300.647,1,1
13.08.2021 00:55:05.105,300.85900000000004,300.643,1,1
13.08.2021 00:55:05.449,300.85900000000004,300.647,1,1
13.08.2021 00:55:05.609,300.85900000000004,300.643,1,1
13.08.2021 00:55:06.016,300.85900000000004,300.647,1,1
13.08.2021 00:55:06.322,300.85900000000004,300.643,1,1
13.08.2021 00:55:07.338,300.85900000000004,300.647,1,1
13.08.2021 00:55:07.460,300.85900000000004,300.643,1,1
13.08.2021 00:55:07.780,300.85900000000004,300.647,1,1
13.08.2021 00:55:07.883,300.85900000000004,300.643,1,1
13.08.2021 00:55:08.753,300.85900000000004,300.647,1,1
13.08.2021 00:55:08.957,300.85900000000004,300.643,1,1
13.08.2021 00:55:09.161,300.85900000000004,300.647,1,1
13.08.2021 00:55:11.510,300.85900000000004,300.643,1,1
13.08.2021 00:55:12.900,300.857,300.643,1,1
13.08.2021 00:55:13.051,300.857,300.639,1,1
13.08.2021 00:55:13.434,300.857,300.635,1,1
13.08.2021 00:55:13.628,300.857,300.639,1,1
13.08.2021 00:55:13.813,300.857,300.643,1,1
13.08.2021 00:55:15.678,300.857,300.625,1,1.5
13.08.2021 00:55:15.788,300.857,300.635,1,1
13.08.2021 00:55:16.852,300.857,300.631,1,1
13.08.2021 00:55:16.902,300.84700000000004,300.631,1,1
13.08.2021 00:55:17.006,300.84700000000004,300.635,1,1
13.08.2021 00:55:17.394,300.84700000000004,300.631,1,1
13.08.2021 00:55:17.499,300.84700000000004,300.635,1,1
13.08.2021 00:55:18.621,300.84700000000004,300.631,1,1
13.08.2021 00:55:18.925,300.836,300.627,1,1
13.08.2021 00:55:19.025,300.836,300.623,1,1
13.08.2021 00:55:20.097,300.836,300.619,1,1.5
13.08.2021 00:55:32.224,300.82599999999996,300.619,1,1
13.08.2021 00:55:32.275,300.82599999999996,300.615,1,1
13.08.2021 00:55:32.375,300.82599999999996,300.60200000000003,1,1
13.08.2021 00:55:32.480,300.82599999999996,300.607,1,1
13.08.2021 00:55:33.114,300.82599999999996,300.611,1,1
13.08.2021 00:55:33.280,300.82599999999996,300.607,1,1
13.08.2021 00:55:39.398,300.82599999999996,300.611,1,1
13.08.2021 00:55:39.499,300.82599999999996,300.607,1,1
13.08.2021 00:55:40.266,300.82099999999997,300.607,1,1
13.08.2021 00:55:40.316,300.82099999999997,300.59900000000005,1,1
13.08.2021 00:55:40.467,300.813,300.59900000000005,1,1
13.08.2021 00:55:41.398,300.808,300.59900000000005,1,1
13.08.2021 00:55:41.449,300.808,300.595,1,1
13.08.2021 00:55:41.805,300.808,300.59900000000005,1,1
13.08.2021 00:55:42.454,300.813,300.59900000000005,1,1
13.08.2021 00:55:42.505,300.813,300.603,1,1
13.08.2021 00:55:42.802,300.813,300.607,1,1
13.08.2021 00:55:42.902,300.813,300.603,1,1
13.08.2021 00:55:44.275,300.813,300.591,1,1
13.08.2021 00:55:44.325,300.813,300.595,1,1
13.08.2021 00:55:44.426,300.813,300.59900000000005,1,1
13.08.2021 00:55:45.158,300.813,300.591,1,1
13.08.2021 00:55:45.259,300.813,300.59900000000005,1,1
13.08.2021 00:55:46.148,300.813,300.603,1,1
13.08.2021 00:55:47.093,300.813,300.59900000000005,1,1
13.08.2021 00:55:54.554,300.813,300.603,1,1
13.08.2021 00:55:54.709,300.813,300.59900000000005,1,1
13.08.2021 00:56:13.480,300.813,300.603,1,1
13.08.2021 00:56:13.674,300.813,300.607,1,1
13.08.2021 00:56:13.775,300.813,300.603,1,1
13.08.2021 00:56:13.954,300.813,300.607,1,1
13.08.2021 00:56:14.472,300.813,300.603,1,1
13.08.2021 00:56:18.064,300.813,300.59900000000005,1,1
13.08.2021 00:56:18.380,300.813,300.603,1,1
13.08.2021 00:56:18.969,300.813,300.59900000000005,1,1
13.08.2021 00:56:19.174,300.813,300.603,1,1
13.08.2021 00:56:19.275,300.813,300.59900000000005,1,1
13.08.2021 00:56:19.998,300.813,300.603,1,1
13.08.2021 00:56:20.290,300.813,300.59900000000005,1,1
13.08.2021 00:56:21.001,300.813,300.603,1,1
13.08.2021 00:56:21.813,300.813,300.59900000000005,1,1
13.08.2021 00:56:22.220,300.813,300.603,1,1
13.08.2021 00:56:24.603,300.813,300.607,1,1
13.08.2021 00:56:25.983,300.813,300.603,1,1
13.08.2021 00:56:26.186,300.813,300.607,1,1
13.08.2021 00:56:26.505,300.813,300.603,1,1
13.08.2021 00:56:26.795,300.813,300.607,1,1
13.08.2021 00:56:28.026,300.813,300.603,1,1
13.08.2021 00:56:28.324,300.813,300.607,1,1
13.08.2021 00:56:28.539,300.813,300.587,1,1.5
13.08.2021 00:56:28.642,300.813,300.603,1,1
13.08.2021 00:56:29.136,300.813,300.607,1,1
13.08.2021 00:56:31.170,300.813,300.603,1,1
13.08.2021 00:56:31.375,300.813,300.607,1,1
13.08.2021 00:56:33.125,300.813,300.603,1,1
13.08.2021 00:56:34.167,300.813,300.607,1,1
13.08.2021 00:57:20.146,300.813,300.603,1,1
13.08.2021 00:57:20.359,300.816,300.603,1,1
13.08.2021 00:57:20.496,300.813,300.59900000000005,1,1
13.08.2021 00:57:53.682,300.813,300.595,1,1
13.08.2021 00:57:53.809,300.813,300.591,1,1
13.08.2021 00:57:53.941,300.813,300.595,1,1
13.08.2021 00:58:03.060,300.813,300.59900000000005,1,1
13.08.2021 00:58:04.608,300.813,300.595,1,1
13.08.2021 00:58:14.977,300.813,300.591,1,1
13.08.2021 00:58:23.100,300.813,300.595,1,1
13.08.2021 00:58:25.227,300.813,300.591,1,1
13.08.2021 00:58:31.375,300.813,300.595,1,1
13.08.2021 00:58:37.251,300.813,300.591,1,1
13.08.2021 00:58:38.725,300.803,300.591,1,1
13.08.2021 00:58:38.876,300.803,300.587,1,1
13.08.2021 00:58:40.092,300.803,300.591,1,1
13.08.2021 00:58:44.365,300.803,300.587,1,1
13.08.2021 00:58:46.398,300.803,300.591,1,1
13.08.2021 00:58:47.389,300.798,300.591,1,1
13.08.2021 00:58:47.440,300.798,300.587,1,1
13.08.2021 00:58:47.540,300.798,300.583,1,1
13.08.2021 00:58:48.554,300.798,300.587,1,1
13.08.2021 00:58:53.170,300.798,300.583,1,1
13.08.2021 00:58:53.224,300.798,300.587,1,1
13.08.2021 00:58:53.630,300.798,300.583,1,1
13.08.2021 00:58:57.600,300.798,300.587,1,1
13.08.2021 00:58:57.701,300.798,300.591,1,1
13.08.2021 00:58:57.819,300.798,300.583,1,1
13.08.2021 00:59:13.760,300.798,300.579,1,1
13.08.2021 00:59:20.867,300.798,300.583,1,1
13.08.2021 00:59:28.125,300.798,300.579,1,1
13.08.2021 00:59:28.750,300.798,300.575,1,1
13.08.2021 00:59:28.854,300.798,300.579,1,1
13.08.2021 00:59:32.023,300.798,300.575,1,1
13.08.2021 00:59:32.080,300.798,300.579,1,1
13.08.2021 00:59:39.352,300.798,300.575,1,1
13.08.2021 00:59:39.454,300.798,300.579,1,1
13.08.2021 00:59:41.793,300.788,300.567,1,1.5
13.08.2021 00:59:41.944,300.788,300.575,1,1
13.08.2021 00:59:41.994,300.788,300.57099999999997,1,1
13.08.2021 00:59:42.278,300.788,300.575,1,1
13.08.2021 00:59:44.061,300.788,300.57099999999997,1,1
13.08.2021 00:59:48.824,300.788,300.575,1,1
13.08.2021 00:59:49.001,300.788,300.57099999999997,1,1
13.08.2021 00:59:51.154,300.788,300.575,1,1
13.08.2021 00:59:51.570,300.788,300.579,1,1
13.08.2021 00:59:54.329,300.788,300.575,1,1
13.08.2021 00:59:54.430,300.788,300.579,1,1
13.08.2021 01:00:00.632,300.788,300.567,1,1.5
13.08.2021 01:00:00.733,300.788,300.575,1,1
13.08.2021 01:00:00.834,300.788,300.57099999999997,1,1
13.08.2021 01:00:01.136,300.788,300.567,1,1
13.08.2021 01:00:01.237,300.788,300.57099999999997,1,1
13.08.2021 01:00:03.051,300.788,300.575,1,1
13.08.2021 01:00:04.502,300.788,300.57099999999997,1,1
13.08.2021 01:00:04.603,300.788,300.567,1,1
13.08.2021 01:00:04.704,300.788,300.57099999999997,1,1
13.08.2021 01:00:05.508,300.788,300.567,1,1
13.08.2021 01:00:05.915,300.788,300.57099999999997,1,1
13.08.2021 01:00:06.573,300.777,300.567,1,1
13.08.2021 01:00:06.679,300.777,300.563,1,1
13.08.2021 01:00:07.677,300.77,300.563,1,1
13.08.2021 01:00:08.181,300.77,300.555,1,1
13.08.2021 01:00:08.285,300.77,300.563,1,1
13.08.2021 01:00:11.524,300.77,300.54200000000003,1,1.5
13.08.2021 01:00:11.652,300.77,300.555,1,1
13.08.2021 01:00:18.324,300.77,300.551,1,1
13.08.2021 01:00:18.424,300.772,300.552,1,1
13.08.2021 01:00:18.475,300.772,300.563,1,1
13.08.2021 01:00:18.626,300.772,300.567,1,1
13.08.2021 01:00:18.827,300.772,300.563,1,1
13.08.2021 01:00:27.700,300.772,300.559,1,1
13.08.2021 01:00:27.801,300.772,300.555,1,1
13.08.2021 01:00:48.058,300.772,300.551,1,1
13.08.2021 01:00:48.108,300.764,300.551,1,1
13.08.2021 01:00:48.259,300.764,300.543,1,1
13.08.2021 01:00:48.460,300.754,300.543,1,1
13.08.2021 01:00:48.631,300.754,300.547,1,1
13.08.2021 01:00:50.221,300.754,300.551,1,1
13.08.2021 01:00:50.472,300.762,300.551,1,1
13.08.2021 01:00:50.724,300.762,300.555,1,1
13.08.2021 01:00:50.824,300.762,300.551,1,1
13.08.2021 01:00:50.986,300.762,300.555,1,1
13.08.2021 01:01:43.215,300.767,300.555,1,1
13.08.2021 01:01:43.266,300.767,300.563,1,1
13.08.2021 01:02:03.578,300.777,300.563,1,1
13.08.2021 01:02:03.679,300.777,300.567,1,1
13.08.2021 01:02:03.788,300.777,300.57099999999997,1,1
13.08.2021 01:02:15.170,300.777,300.563,1,1
13.08.2021 01:02:15.321,300.777,300.567,1,1
13.08.2021 01:02:15.516,300.777,300.57099999999997,1,1
13.08.2021 01:02:15.567,300.777,300.567,1,1
13.08.2021 01:02:15.670,300.777,300.57099999999997,1,1
13.08.2021 01:02:15.771,300.777,300.567,1,1
13.08.2021 01:02:15.871,300.777,300.57099999999997,1,1
13.08.2021 01:02:15.972,300.777,300.567,1,1
13.08.2021 01:02:16.073,300.777,300.57099999999997,1,1
13.08.2021 01:02:18.366,300.777,300.567,1,1
13.08.2021 01:02:18.417,300.777,300.57099999999997,1,1
13.08.2021 01:02:20.991,300.777,300.567,1,1
13.08.2021 01:02:25.644,300.777,300.563,1,1
13.08.2021 01:02:26.662,300.777,300.567,1,1
13.08.2021 01:02:41.687,300.777,300.57099999999997,1,1
13.08.2021 01:02:47.146,300.785,300.57099999999997,1,1
13.08.2021 01:02:47.197,300.785,300.575,1,1
13.08.2021 01:02:49.741,300.785,300.57099999999997,1,1
13.08.2021 01:02:51.973,300.785,300.567,1,1
13.08.2021 01:02:52.032,300.785,300.575,1,1
13.08.2021 01:03:01.374,300.785,300.579,1,1
13.08.2021 01:03:02.610,300.795,300.579,1,1
13.08.2021 01:03:19.077,300.795,300.583,1,1
13.08.2021 01:03:19.263,300.803,300.583,1,1
13.08.2021 01:03:29.793,300.803,300.587,1,1
13.08.2021 01:03:32.208,300.803,300.583,1,1
13.08.2021 01:04:03.455,300.803,300.591,1,1
13.08.2021 01:04:33.699,300.803,300.575,1,1
13.08.2021 01:04:33.804,300.803,300.583,1,1
13.08.2021 01:05:18.649,300.803,300.587,1,1
13.08.2021 01:05:21.444,300.803,300.579,1,1
13.08.2021 01:05:21.544,300.803,300.583,1,1
13.08.2021 01:05:43.517,300.803,300.575,1,1
13.08.2021 01:05:43.568,300.793,300.575,1,1
13.08.2021 01:05:45.959,300.793,300.579,1,1
13.08.2021 01:05:48.215,300.793,300.575,1,1
13.08.2021 01:05:48.269,300.793,300.579,1,1
13.08.2021 01:05:51.184,300.793,300.575,1,1
13.08.2021 01:05:51.288,300.793,300.579,1,1
13.08.2021 01:05:52.679,300.793,300.583,1,1
13.08.2021 01:06:01.066,300.793,300.579,1,1
13.08.2021 01:06:05.191,300.793,300.583,1,1
13.08.2021 01:06:05.292,300.793,300.579,1,1
13.08.2021 01:06:05.393,300.793,300.583,1,1
13.08.2021 01:06:05.527,300.793,300.579,1,1
13.08.2021 01:06:05.631,300.793,300.583,1,1
13.08.2021 01:06:09.514,300.793,300.579,1,1
13.08.2021 01:06:09.677,300.793,300.583,1,1
13.08.2021 01:06:12.953,300.793,300.579,1,1
13.08.2021 01:06:13.467,300.793,300.583,1,1
13.08.2021 01:06:14.607,300.793,300.575,1,1
13.08.2021 01:06:14.708,300.793,300.579,1,1
13.08.2021 01:06:18.508,300.793,300.575,1,1
13.08.2021 01:06:18.612,300.793,300.579,1,1
13.08.2021 01:06:34.518,300.793,300.575,1,1
13.08.2021 01:06:34.621,300.793,300.579,1,1
13.08.2021 01:06:35.827,300.793,300.575,1,1
13.08.2021 01:06:35.928,300.793,300.579,1,1
13.08.2021 01:06:38.623,300.793,300.583,1,1
13.08.2021 01:06:48.791,300.793,300.579,1,1
13.08.2021 01:06:49.072,300.793,300.583,1,1
13.08.2021 01:06:50.193,300.793,300.579,1,1
13.08.2021 01:06:50.344,300.793,300.583,1,1
13.08.2021 01:06:50.613,300.793,300.579,1,1
13.08.2021 01:06:50.846,300.793,300.583,1,1
13.08.2021 01:07:01.603,300.793,300.579,1,1
13.08.2021 01:07:01.822,300.793,300.583,1,1
13.08.2021 01:07:02.774,300.793,300.579,1,1
13.08.2021 01:07:03.956,300.793,300.583,1,1
13.08.2021 01:07:04.056,300.793,300.579,1,1
13.08.2021 01:07:07.052,300.793,300.583,1,1
13.08.2021 01:07:16.971,300.793,300.579,1,1
13.08.2021 01:07:17.074,300.793,300.583,1,1
13.08.2021 01:07:28.356,300.793,300.579,1,1
13.08.2021 01:07:28.459,300.793,300.583,1,1
13.08.2021 01:07:28.563,300.793,300.579,1,1
13.08.2021 01:07:28.616,300.793,300.583,1,1
13.08.2021 01:07:29.978,300.793,300.579,1,1
13.08.2021 01:07:30.081,300.793,300.583,1,1
13.08.2021 01:07:33.447,300.793,300.579,1,1
13.08.2021 01:07:33.548,300.793,300.583,1,1
13.08.2021 01:07:34.466,300.793,300.579,1,1
13.08.2021 01:07:34.570,300.793,300.583,1,1
13.08.2021 01:07:36.277,300.793,300.579,1,1
13.08.2021 01:07:36.663,300.793,300.583,1,1
13.08.2021 01:07:40.361,300.793,300.579,1,1
13.08.2021 01:07:40.462,300.793,300.583,1,1
13.08.2021 01:08:11.578,300.8,300.583,1,1
13.08.2021 01:08:11.679,300.8,300.591,1,1
13.08.2021 01:08:11.869,300.8,300.587,1,1
13.08.2021 01:08:26.402,300.8,300.591,1,1
13.08.2021 01:08:26.577,300.8,300.595,1,1
13.08.2021 01:08:27.187,300.8,300.59900000000005,1,1
13.08.2021 01:08:27.440,300.8,300.595,1,1
13.08.2021 01:08:30.450,300.8,300.59900000000005,1,1
13.08.2021 01:08:30.984,300.8,300.591,1,1
13.08.2021 01:08:31.087,300.8,300.595,1,1
13.08.2021 01:08:31.483,300.8,300.59900000000005,1,1
13.08.2021 01:08:31.534,300.808,300.59900000000005,1,1
13.08.2021 01:08:31.785,300.808,300.607,1,1
13.08.2021 01:08:31.886,300.808,300.59900000000005,1,1
13.08.2021 01:08:42.189,300.808,300.603,1,1
13.08.2021 01:08:43.814,300.808,300.59900000000005,1,1
13.08.2021 01:09:13.440,300.815,300.59900000000005,1,1
13.08.2021 01:09:13.605,300.815,300.603,1,1
13.08.2021 01:09:17.995,300.815,300.607,1,1
13.08.2021 01:09:18.201,300.815,300.59900000000005,1,1
13.08.2021 01:09:18.321,300.815,300.603,1,1
13.08.2021 01:09:18.599,300.815,300.607,1,1
13.08.2021 01:09:18.699,300.815,300.603,1,1
13.08.2021 01:09:18.798,300.815,300.607,1,1
13.08.2021 01:09:20.938,300.815,300.603,1,1
13.08.2021 01:09:21.039,300.815,300.607,1,1
13.08.2021 01:09:30.909,300.82599999999996,300.607,1,1
13.08.2021 01:09:31.010,300.82599999999996,300.615,1,1
13.08.2021 01:09:31.164,300.82599999999996,300.611,1,1
13.08.2021 01:09:31.264,300.82599999999996,300.615,1,1
13.08.2021 01:09:31.379,300.82599999999996,300.619,1,1
13.08.2021 01:09:31.596,300.82599999999996,300.615,1,1
13.08.2021 01:09:31.898,300.82599999999996,300.619,1,1
13.08.2021 01:09:31.999,300.82599999999996,300.615,1,1
13.08.2021 01:09:32.100,300.82599999999996,300.619,1,1
13.08.2021 01:09:32.201,300.82599999999996,300.615,1,1
13.08.2021 01:09:32.302,300.82599999999996,300.619,1,1
13.08.2021 01:09:32.774,300.82599999999996,300.615,1,1
13.08.2021 01:09:33.070,300.82599999999996,300.619,1,1
13.08.2021 01:09:34.088,300.82599999999996,300.615,1,1
13.08.2021 01:09:34.694,300.82599999999996,300.619,1,1
13.08.2021 01:09:34.806,300.82599999999996,300.615,1,1
13.08.2021 01:09:35.099,300.82599999999996,300.619,1,1
13.08.2021 01:09:37.055,300.82599999999996,300.615,1,1
13.08.2021 01:09:41.257,300.82599999999996,300.619,1,1
13.08.2021 01:09:41.463,300.82599999999996,300.615,1,1
13.08.2021 01:09:41.906,300.82599999999996,300.619,1,1
13.08.2021 01:09:42.009,300.82599999999996,300.615,1,1
13.08.2021 01:09:42.513,300.82599999999996,300.619,1,1
13.08.2021 01:09:42.697,300.82599999999996,300.615,1,1
13.08.2021 01:09:43.003,300.82599999999996,300.619,1,1
13.08.2021 01:09:43.510,300.82599999999996,300.615,1,1
13.08.2021 01:09:44.842,300.82599999999996,300.619,1,1
13.08.2021 01:09:45.079,300.82599999999996,300.615,1,1
13.08.2021 01:09:45.760,300.82599999999996,300.619,1,1
13.08.2021 01:09:46.157,300.82599999999996,300.623,1,1
13.08.2021 01:09:46.259,300.82599999999996,300.619,1,1
13.08.2021 01:09:46.566,300.82599999999996,300.623,1,1
13.08.2021 01:09:48.399,300.82599999999996,300.619,1,1
13.08.2021 01:09:56.924,300.82599999999996,300.623,1,1
13.08.2021 01:09:57.127,300.82599999999996,300.619,1,1
13.08.2021 01:09:57.436,300.82599999999996,300.623,1,1
13.08.2021 01:09:57.747,300.82599999999996,300.619,1,1
13.08.2021 01:09:58.055,300.82599999999996,300.623,1,1
13.08.2021 01:09:58.262,300.82599999999996,300.619,1,1
13.08.2021 01:09:58.567,300.82599999999996,300.623,1,1
13.08.2021 01:09:58.872,300.82599999999996,300.619,1,1
13.08.2021 01:09:59.177,300.82599999999996,300.623,1,1
13.08.2021 01:10:00.293,300.82599999999996,300.619,1,1
13.08.2021 01:10:00.494,300.82599999999996,300.623,1,1
13.08.2021 01:10:01.503,300.82599999999996,300.619,1,1
13.08.2021 01:10:01.805,300.82599999999996,300.623,1,1
13.08.2021 01:10:02.006,300.82599999999996,300.619,1,1
13.08.2021 01:10:02.744,300.82599999999996,300.615,1,1
13.08.2021 01:10:02.913,300.82599999999996,300.611,1,1
13.08.2021 01:10:16.305,300.82599999999996,300.615,1,1
13.08.2021 01:10:21.073,300.82599999999996,300.619,1,1
13.08.2021 01:10:24.803,300.82599999999996,300.615,1,1
13.08.2021 01:10:25.099,300.82599999999996,300.619,1,1
13.08.2021 01:10:27.765,300.82599999999996,300.615,1,1
13.08.2021 01:10:28.083,300.82599999999996,300.619,1,1
13.08.2021 01:10:28.884,300.82599999999996,300.615,1,1
13.08.2021 01:10:29.502,300.82599999999996,300.619,1,1
13.08.2021 01:10:29.701,300.82599999999996,300.615,1,1
13.08.2021 01:10:43.674,300.82599999999996,300.619,1,1
13.08.2021 01:10:43.787,300.82599999999996,300.615,1,1
13.08.2021 01:10:44.739,300.82599999999996,300.619,1,1
13.08.2021 01:10:44.910,300.82599999999996,300.615,1,1
13.08.2021 01:10:45.115,300.82599999999996,300.619,1,1
13.08.2021 01:10:46.244,300.82599999999996,300.615,1,1
13.08.2021 01:10:47.584,300.82599999999996,300.619,1,1
13.08.2021 01:10:47.791,300.82599999999996,300.615,1,1
13.08.2021 01:10:48.041,300.82599999999996,300.619,1,1
13.08.2021 01:10:48.202,300.82599999999996,300.615,1,1
13.08.2021 01:10:48.560,300.82599999999996,300.619,1,1
13.08.2021 01:10:48.770,300.82599999999996,300.615,1,1
13.08.2021 01:10:49.046,300.82599999999996,300.619,1,1
13.08.2021 01:10:49.234,300.82599999999996,300.615,1,1
13.08.2021 01:10:49.849,300.82599999999996,300.619,1,1
13.08.2021 01:10:52.508,300.82599999999996,300.615,1,1
13.08.2021 01:10:52.692,300.82599999999996,300.619,1,1
13.08.2021 01:10:54.982,300.82599999999996,300.615,1,1
13.08.2021 01:10:55.967,300.82599999999996,300.619,1,1
13.08.2021 01:10:56.376,300.82599999999996,300.615,1,1
13.08.2021 01:10:56.613,300.82599999999996,300.619,1,1
13.08.2021 01:10:57.099,300.82599999999996,300.615,1,1
13.08.2021 01:11:18.458,300.82599999999996,300.619,1,1
13.08.2021 01:11:20.272,300.82599999999996,300.615,1,1
13.08.2021 01:11:48.766,300.82599999999996,300.607,1,1
13.08.2021 01:11:57.119,300.82599999999996,300.596,1,1.5
13.08.2021 01:11:57.232,300.82599999999996,300.607,1,1
13.08.2021 01:12:22.030,300.82099999999997,300.607,1,1
13.08.2021 01:12:35.402,300.82099999999997,300.603,1,1
13.08.2021 01:12:35.505,300.82099999999997,300.607,1,1
13.08.2021 01:12:37.256,300.82099999999997,300.603,1,1
13.08.2021 01:12:37.461,300.82099999999997,300.607,1,1
13.08.2021 01:12:37.994,300.82099999999997,300.594,1,1.5
13.08.2021 01:12:38.119,300.82099999999997,300.603,1,1
13.08.2021 01:12:38.320,300.82099999999997,300.607,1,1
13.08.2021 01:12:44.719,300.82099999999997,300.615,1,1
13.08.2021 01:12:59.378,300.82599999999996,300.615,1,1
13.08.2021 01:13:00.567,300.82599999999996,300.607,1,1
13.08.2021 01:13:06.669,300.82599999999996,300.603,1,1
13.08.2021 01:13:06.871,300.82599999999996,300.607,1,1
13.08.2021 01:13:07.024,300.82099999999997,300.607,1,1
13.08.2021 01:13:07.619,300.82099999999997,300.59900000000005,1,1
13.08.2021 01:13:07.681,300.82099999999997,300.603,1,1
13.08.2021 01:13:07.881,300.82099999999997,300.607,1,1
13.08.2021 01:13:09.428,300.82099999999997,300.603,1,1
13.08.2021 01:13:10.566,300.82099999999997,300.607,1,1
13.08.2021 01:13:11.000,300.82099999999997,300.59200000000004,1,1.5
13.08.2021 01:13:11.101,300.82099999999997,300.603,1,1
13.08.2021 01:13:11.205,300.82099999999997,300.607,1,1
13.08.2021 01:13:14.058,300.82099999999997,300.611,1,1
13.08.2021 01:13:14.256,300.82099999999997,300.607,1,1
13.08.2021 01:13:22.251,300.82099999999997,300.615,1,1
13.08.2021 01:13:37.132,300.824,300.615,1,1
13.08.2021 01:13:38.438,300.824,300.59900000000005,1,1
13.08.2021 01:13:38.540,300.824,300.603,1,1
13.08.2021 01:13:38.691,300.813,300.603,1,1
13.08.2021 01:13:38.741,300.813,300.59900000000005,1,1
13.08.2021 01:13:49.776,300.813,300.603,1,1
13.08.2021 01:13:50.644,300.813,300.603,1,1.5
13.08.2021 01:13:50.978,300.813,300.607,1,1
13.08.2021 01:13:51.289,300.82099999999997,300.607,1,1.5
13.08.2021 01:13:51.440,300.829,300.615,1,1
13.08.2021 01:13:51.927,300.829,300.619,1,1
13.08.2021 01:13:52.030,300.829,300.615,1,1
13.08.2021 01:13:52.133,300.829,300.619,1,1
13.08.2021 01:13:58.524,300.829,300.619,1,1.5
13.08.2021 01:14:24.542,300.829,300.615,1,1
13.08.2021 01:14:47.773,300.838,300.615,1,1
13.08.2021 01:15:02.316,300.838,300.619,1,1
13.08.2021 01:15:02.366,300.838,300.615,1,1
13.08.2021 01:15:02.618,300.838,300.619,1,1
13.08.2021 01:15:08.209,300.838,300.615,1,1
13.08.2021 01:15:54.071,300.828,300.615,1,1
13.08.2021 01:15:54.121,300.828,300.59900000000005,1,2
13.08.2021 01:15:54.726,300.815,300.59900000000005,1,1.5
13.08.2021 01:15:57.848,300.815,300.591,1,1.5
13.08.2021 01:16:04.261,300.807,300.587,1,1.5
13.08.2021 01:16:04.423,300.807,300.583,1,1.5
13.08.2021 01:16:16.363,300.807,300.587,1,1
13.08.2021 01:16:28.497,300.807,300.587,1,1.5
13.08.2021 01:16:28.915,300.817,300.591,1,1.5
13.08.2021 01:16:32.678,300.817,300.595,1,1
13.08.2021 01:16:32.881,300.817,300.591,1,1.5
13.08.2021 01:16:34.315,300.817,300.595,1,1
13.08.2021 01:16:34.453,300.817,300.591,1,1.5
13.08.2021 01:16:47.309,300.817,300.591,1,1
13.08.2021 01:16:47.425,300.817,300.587,1,1
13.08.2021 01:16:47.874,300.817,300.587,1,1.5
13.08.2021 01:17:10.563,300.817,300.581,1,1
13.08.2021 01:17:24.578,300.805,300.583,1,1.5
13.08.2021 01:17:28.308,300.79400000000004,300.579,1,1.75
13.08.2021 01:17:28.409,300.79400000000004,300.579,1,1.25
13.08.2021 01:17:30.290,300.79400000000004,300.579,1,1.75
13.08.2021 01:17:44.473,300.805,300.583,1,1.5
13.08.2021 01:17:44.578,300.805,300.587,1,1
13.08.2021 01:17:47.952,300.805,300.583,1,1.5
13.08.2021 01:17:48.052,300.805,300.587,1,1
13.08.2021 01:17:53.782,300.805,300.583,1,1.5
13.08.2021 01:17:54.188,300.805,300.587,1,1
13.08.2021 01:18:01.723,300.805,300.583,1,1.5
13.08.2021 01:18:04.069,300.805,300.587,1,1
13.08.2021 01:18:54.804,300.79400000000004,300.577,1,1.25
13.08.2021 01:19:05.948,300.8,300.579,1,1.25
13.08.2021 01:19:06.048,300.8,300.581,1,1
13.08.2021 01:19:38.912,300.8,300.579,1,1
13.08.2021 01:19:55.997,300.8,300.581,1,1
13.08.2021 01:21:15.209,300.8,300.579,1,1
13.08.2021 01:21:15.950,300.8,300.581,1,1
13.08.2021 01:21:34.449,300.795,300.569,1,1
13.08.2021 01:21:35.108,300.788,300.563,1,1
13.08.2021 01:21:35.258,300.788,300.562,1,1.5
13.08.2021 01:21:35.409,300.788,300.563,1,1
13.08.2021 01:21:36.250,300.788,300.563,1,1.5
13.08.2021 01:22:01.095,300.788,300.567,1,1
13.08.2021 01:22:01.212,300.793,300.569,1,1
13.08.2021 01:22:02.601,300.793,300.57099999999997,1,1
13.08.2021 01:22:02.753,300.793,300.569,1,1
13.08.2021 01:22:58.249,300.793,300.57099999999997,1,1
13.08.2021 01:23:00.942,300.793,300.57099999999997,1,1.5
13.08.2021 01:23:09.322,300.793,300.57099999999997,1,1
13.08.2021 01:24:09.325,300.793,300.569,1,1
13.08.2021 01:24:11.843,300.793,300.57099999999997,1,1
13.08.2021 01:24:11.946,300.793,300.569,1,1
13.08.2021 01:24:12.046,300.793,300.57599999999996,1,1
13.08.2021 01:24:12.353,300.803,300.58,1,1
13.08.2021 01:24:30.318,300.793,300.574,1,1
13.08.2021 01:24:32.042,300.793,300.57599999999996,1,1
13.08.2021 01:24:58.282,300.793,300.574,1,1
13.08.2021 01:24:58.383,300.793,300.569,1,1
13.08.2021 01:25:09.396,300.78200000000004,300.563,1,1
13.08.2021 01:25:09.447,300.78200000000004,300.559,1,1.5
13.08.2021 01:25:09.497,300.77500000000003,300.553,1,1
13.08.2021 01:25:09.547,300.77500000000003,300.54900000000004,1,1.5
13.08.2021 01:25:24.955,300.77500000000003,300.551,1,1
13.08.2021 01:25:25.379,300.77500000000003,300.551,1,1.5
13.08.2021 01:25:25.430,300.78200000000004,300.559,1,1
13.08.2021 01:25:31.137,300.77500000000003,300.559,1,1
13.08.2021 01:25:37.761,300.77500000000003,300.552,1,1
13.08.2021 01:25:41.021,300.77,300.547,1,1
13.08.2021 01:25:48.851,300.762,300.53700000000003,1,1
13.08.2021 01:25:50.490,300.762,300.543,1,1
13.08.2021 01:25:50.628,300.762,300.543,1,1.5
13.08.2021 01:25:58.505,300.762,300.53700000000003,1,1
13.08.2021 01:26:00.950,300.762,300.536,1,1
13.08.2021 01:26:05.822,300.762,300.53900000000004,1,1
13.08.2021 01:26:07.866,300.762,300.536,1,1
13.08.2021 01:26:08.849,300.762,300.53700000000003,1,1
13.08.2021 01:26:14.894,300.762,300.53900000000004,1,1
13.08.2021 01:26:15.009,300.762,300.53900000000004,1,1.5
13.08.2021 01:26:18.989,300.762,300.543,1,1
13.08.2021 01:26:19.290,300.762,300.53900000000004,1,1
13.08.2021 01:26:19.393,300.762,300.543,1,1
13.08.2021 01:26:19.895,300.762,300.53700000000003,1,1
13.08.2021 01:26:19.997,300.762,300.543,1,1
13.08.2021 01:26:20.099,300.762,300.53900000000004,1,1
13.08.2021 01:26:20.306,300.762,300.543,1,1
13.08.2021 01:26:21.760,300.762,300.536,1,1
13.08.2021 01:26:22.135,300.762,300.53900000000004,1,1
13.08.2021 01:26:22.337,300.762,300.536,1,1
13.08.2021 01:26:22.745,300.762,300.53900000000004,1,1
13.08.2021 01:26:23.050,300.762,300.536,1,1
13.08.2021 01:26:24.713,300.762,300.543,1,1
13.08.2021 01:26:25.285,300.762,300.547,1,1
13.08.2021 01:26:27.040,300.762,300.543,1,1
13.08.2021 01:26:27.935,300.762,300.547,1,1
13.08.2021 01:26:28.645,300.762,300.543,1,1
13.08.2021 01:26:28.948,300.762,300.547,1,1
13.08.2021 01:26:31.735,300.762,300.543,1,1
13.08.2021 01:26:32.106,300.762,300.547,1,1
13.08.2021 01:26:32.311,300.762,300.543,1,1
13.08.2021 01:26:42.589,300.762,300.543,1,1.5
13.08.2021 01:26:43.308,300.772,300.543,1,1.5
13.08.2021 01:26:43.459,300.772,300.547,1,1
13.08.2021 01:26:43.618,300.772,300.543,1,2
13.08.2021 01:26:49.089,300.772,300.551,1,1
13.08.2021 01:27:04.232,300.777,300.552,1,1
13.08.2021 01:27:04.337,300.777,300.555,1,1
13.08.2021 01:27:16.464,300.777,300.553,1,1.5
13.08.2021 01:27:34.326,300.777,300.555,1,1
13.08.2021 01:27:48.519,300.777,300.553,1,1
13.08.2021 01:27:48.613,300.77,300.553,1,1
13.08.2021 01:27:48.664,300.77,300.54200000000003,1,1.5
13.08.2021 01:27:48.979,300.77,300.551,1,1
13.08.2021 01:27:52.861,300.77,300.54200000000003,1,1.5
13.08.2021 01:28:01.848,300.77,300.541,1,1
13.08.2021 01:28:08.616,300.77,300.54200000000003,1,1
13.08.2021 01:28:14.946,300.77,300.54200000000003,1,1.5
13.08.2021 01:28:46.398,300.77,300.54200000000003,1,1
13.08.2021 01:28:46.601,300.77,300.543,1,1
13.08.2021 01:28:48.359,300.77,300.543,1,1.5
13.08.2021 01:28:54.463,300.77,300.547,1,1
13.08.2021 01:28:55.073,300.77,300.543,1,1.5
13.08.2021 01:28:58.372,300.77,300.547,1,1
13.08.2021 01:28:58.533,300.77,300.543,1,1.5
13.08.2021 01:29:10.477,300.77,300.54200000000003,1,1
13.08.2021 01:29:12.666,300.77,300.54200000000003,1,1.5
13.08.2021 01:29:18.272,300.77,300.54200000000003,1,1
13.08.2021 01:29:23.823,300.77,300.54200000000003,1,1.5
13.08.2021 01:29:25.701,300.77,300.54200000000003,1,1
13.08.2021 01:29:33.571,300.77,300.543,1,1
13.08.2021 01:29:33.732,300.77,300.543,1,1.5
13.08.2021 01:29:38.341,300.77,300.54200000000003,1,1
13.08.2021 01:29:38.544,300.77,300.541,1,1
13.08.2021 01:29:38.594,300.762,300.54,1,1
13.08.2021 01:29:44.995,300.762,300.543,1,1
13.08.2021 01:29:45.144,300.762,300.543,1,1.5
13.08.2021 01:29:51.712,300.762,300.54200000000003,1,1
13.08.2021 01:30:02.384,300.762,300.54,1,1
13.08.2021 01:30:09.692,300.762,300.536,1,1
13.08.2021 01:30:27.823,300.762,300.53000000000003,1,1.5
13.08.2021 01:30:28.226,300.762,300.535,1,1
13.08.2021 01:30:31.489,300.762,300.53200000000004,1,1.5
13.08.2021 01:30:31.539,300.752,300.53200000000004,1,1.5
13.08.2021 01:30:31.590,300.752,300.53200000000004,1,1
13.08.2021 01:30:31.741,300.752,300.526,1,1
13.08.2021 01:30:34.267,300.741,300.521,1,1
13.08.2021 01:30:34.874,300.741,300.516,1,1.5
13.08.2021 01:30:46.837,300.733,300.51099999999997,1,1
13.08.2021 01:30:46.887,300.733,300.508,1,1
13.08.2021 01:30:56.929,300.726,300.503,1,1.5
13.08.2021 01:30:57.080,300.726,300.501,1,1
13.08.2021 01:30:57.450,300.726,300.499,1,1.5
13.08.2021 01:30:57.500,300.726,300.509,1,1
13.08.2021 01:30:57.601,300.726,300.507,1,1
13.08.2021 01:30:58.468,300.726,300.506,1,1
13.08.2021 01:31:00.379,300.716,300.506,1,1
13.08.2021 01:31:00.429,300.716,300.499,1,1
13.08.2021 01:31:00.606,300.711,300.499,1,1
13.08.2021 01:31:01.458,300.711,300.497,1,1
13.08.2021 01:31:02.419,300.711,300.496,1,1
13.08.2021 01:31:31.896,300.71500000000003,300.496,1,1
13.08.2021 01:31:35.283,300.71500000000003,300.5,1,1
13.08.2021 01:31:35.384,300.71500000000003,300.501,1,1
13.08.2021 01:31:38.648,300.71500000000003,300.497,1,1
13.08.2021 01:31:39.455,300.71500000000003,300.496,1,1
13.08.2021 01:32:02.019,300.709,300.496,1,1
13.08.2021 01:32:26.039,300.709,300.492,1,1
13.08.2021 01:32:26.442,300.709,300.491,1,1
13.08.2021 01:32:39.694,300.702,300.491,1,1
13.08.2021 01:32:40.982,300.707,300.491,1,1
13.08.2021 01:32:43.946,300.707,300.491,1,1.5
13.08.2021 01:32:44.372,300.707,300.491,1,1.5
13.08.2021 01:32:44.564,300.707,300.491,1,2
13.08.2021 01:32:47.003,300.707,300.495,1,1
13.08.2021 01:32:47.469,300.707,300.496,1,1
13.08.2021 01:34:25.664,300.707,300.482,1,1.5
13.08.2021 01:34:35.499,300.707,300.48,1,2
13.08.2021 01:34:39.747,300.707,300.48900000000003,1,1
13.08.2021 01:34:40.507,300.707,300.487,1,1.5
13.08.2021 01:34:45.274,300.702,300.487,1,1
13.08.2021 01:34:45.425,300.702,300.486,1,1
13.08.2021 01:34:46.392,300.702,300.48400000000004,1,1.12
13.08.2021 01:34:51.322,300.702,300.483,1,1
13.08.2021 01:35:04.434,300.704,300.483,1,1.5
13.08.2021 01:35:04.484,300.704,300.491,1,1
13.08.2021 01:35:04.585,300.704,300.492,1,1
13.08.2021 01:35:05.559,300.704,300.492,1,1.5
13.08.2021 01:35:48.023,300.704,300.492,1,1
13.08.2021 01:35:48.217,300.704,300.486,1,1
13.08.2021 01:35:48.597,300.704,300.485,1,1
13.08.2021 01:35:49.525,300.704,300.48400000000004,1,1
13.08.2021 01:36:00.482,300.704,300.487,1,1
13.08.2021 01:36:00.984,300.704,300.49,1,1
13.08.2021 01:36:01.602,300.704,300.492,1,1
13.08.2021 01:36:13.261,300.704,300.486,1,1
13.08.2021 01:36:13.567,300.704,300.485,1,1
13.08.2021 01:36:14.584,300.704,300.48400000000004,1,1
13.08.2021 01:36:15.958,300.704,300.49,1,1
13.08.2021 01:36:16.514,300.704,300.492,1,1
13.08.2021 01:36:25.180,300.704,300.503,1,1
13.08.2021 01:36:25.231,300.714,300.503,1,1
13.08.2021 01:36:25.332,300.719,300.501,1,1
13.08.2021 01:36:25.469,300.719,300.503,1,1
13.08.2021 01:36:26.579,300.719,300.504,1,1
13.08.2021 01:36:27.594,300.72200000000004,300.504,1,1
13.08.2021 01:36:31.060,300.72200000000004,300.506,1,1
13.08.2021 01:36:40.797,300.719,300.506,1,1
13.08.2021 01:36:40.847,300.719,300.499,1,1.5
13.08.2021 01:36:40.948,300.714,300.499,1,1
13.08.2021 01:36:41.049,300.714,300.496,1,1
13.08.2021 01:36:41.150,300.714,300.499,1,1
13.08.2021 01:36:41.250,300.714,300.496,1,1
13.08.2021 01:36:41.474,300.719,300.502,1,1
13.08.2021 01:36:41.625,300.719,300.504,1,1
13.08.2021 01:36:46.641,300.719,300.507,1,1
13.08.2021 01:36:47.049,300.719,300.504,1,1
13.08.2021 01:36:47.459,300.719,300.507,1,1
13.08.2021 01:36:51.287,300.719,300.504,1,1
13.08.2021 01:36:51.543,300.719,300.507,1,1
13.08.2021 01:36:51.745,300.719,300.504,1,1
13.08.2021 01:37:01.117,300.71700000000004,300.504,1,1
13.08.2021 01:37:01.899,300.709,300.504,1,1
13.08.2021 01:37:01.950,300.709,300.496,1,1
13.08.2021 01:37:02.618,300.709,300.494,1,1
13.08.2021 01:37:03.630,300.709,300.493,1,1
13.08.2021 01:37:04.531,300.707,300.493,1,1
13.08.2021 01:37:04.581,300.707,300.488,1,1
13.08.2021 01:37:05.592,300.707,300.487,1,1
13.08.2021 01:37:07.406,300.707,300.482,1,1
13.08.2021 01:37:07.613,300.707,300.481,1,1
13.08.2021 01:37:08.642,300.707,300.48,1,1
13.08.2021 01:37:21.077,300.694,300.48,1,1
13.08.2021 01:37:27.817,300.707,300.486,1,1
13.08.2021 01:37:28.023,300.707,300.483,1,1
13.08.2021 01:37:28.603,300.707,300.482,1,1
13.08.2021 01:37:30.289,300.69599999999997,300.482,1,1
13.08.2021 01:37:50.978,300.69599999999997,300.487,1,1
13.08.2021 01:37:51.029,300.704,300.487,1,1
13.08.2021 01:37:51.079,300.704,300.48900000000003,1,1
13.08.2021 01:37:51.702,300.704,300.491,1,1
13.08.2021 01:38:02.478,300.714,300.501,1,1
13.08.2021 01:38:02.679,300.714,300.503,1,1
13.08.2021 01:38:03.643,300.714,300.504,1,1
13.08.2021 01:38:06.869,300.719,300.504,1,1
13.08.2021 01:38:14.062,300.719,300.492,1,1.5
13.08.2021 01:38:14.675,300.719,300.509,1,1
13.08.2021 01:38:42.461,300.719,300.505,1,1
13.08.2021 01:38:42.636,300.719,300.504,1,1
13.08.2021 01:38:43.599,300.712,300.504,1,1
13.08.2021 01:38:44.862,300.712,300.503,1,1
13.08.2021 01:38:44.978,300.712,300.496,1,1
13.08.2021 01:38:45.686,300.712,300.494,1,1
13.08.2021 01:38:46.695,300.712,300.493,1,1
13.08.2021 01:39:12.426,300.704,300.488,1,1
13.08.2021 01:39:12.704,300.704,300.487,1,1
13.08.2021 01:39:13.613,300.704,300.486,1,1
13.08.2021 01:39:17.087,300.704,300.492,1,1
13.08.2021 01:39:17.702,300.704,300.493,1,1
13.08.2021 01:39:23.626,300.712,300.493,1,1
13.08.2021 01:39:31.263,300.72,300.495,1,1
13.08.2021 01:39:31.368,300.72,300.499,1,1
13.08.2021 01:39:31.631,300.72,300.501,1,1
13.08.2021 01:39:32.643,300.72200000000004,300.501,1,1
13.08.2021 01:39:45.601,300.72200000000004,300.508,1,1
13.08.2021 01:39:45.702,300.72200000000004,300.51,1,1
13.08.2021 01:39:51.188,300.73,300.51099999999997,1,1
13.08.2021 01:39:51.537,300.736,300.51099999999997,1,1
13.08.2021 01:39:51.649,300.736,300.519,1,1
13.08.2021 01:39:52.713,300.737,300.521,1,1
13.08.2021 01:39:55.683,300.73,300.521,1,1
13.08.2021 01:39:55.784,300.73,300.516,1,1
13.08.2021 01:39:56.684,300.73,300.515,1,1
13.08.2021 01:39:57.697,300.73,300.514,1,1
13.08.2021 01:40:12.115,300.72200000000004,300.514,1,1
13.08.2021 01:40:12.216,300.72200000000004,300.506,1,1
13.08.2021 01:40:12.722,300.72200000000004,300.504,1,1
13.08.2021 01:40:13.639,300.72200000000004,300.503,1,1
13.08.2021 01:40:26.097,300.72200000000004,300.503,1,1.5
13.08.2021 01:40:26.824,300.72200000000004,300.503,1,1.5
13.08.2021 01:40:36.135,300.72200000000004,300.503,1,1
13.08.2021 01:40:51.339,300.714,300.503,1,1
13.08.2021 01:41:15.660,300.714,300.496,1,1
13.08.2021 01:41:20.972,300.714,300.494,1,1
13.08.2021 01:41:28.158,300.714,300.503,1,1
13.08.2021 01:41:40.770,300.704,300.503,1,1
13.08.2021 01:41:40.821,300.704,300.495,1,1
13.08.2021 01:41:41.742,300.704,300.493,1,1
13.08.2021 01:41:42.727,300.704,300.492,1,1
13.08.2021 01:41:47.969,300.704,300.49,1,1
13.08.2021 01:41:48.720,300.704,300.491,1,1
13.08.2021 01:41:52.698,300.704,300.48400000000004,1,1.5
13.08.2021 01:41:52.799,300.704,300.486,1,1
13.08.2021 01:42:21.026,300.704,300.485,1,1
13.08.2021 01:42:21.797,300.704,300.48400000000004,1,1
13.08.2021 01:42:28.456,300.704,300.483,1,1
13.08.2021 01:42:31.860,300.69599999999997,300.483,1,1
13.08.2021 01:42:52.235,300.69599999999997,300.47900000000004,1,1
13.08.2021 01:42:52.805,300.69599999999997,300.478,1,1
13.08.2021 01:43:37.499,300.689,300.47200000000004,1,1
13.08.2021 01:43:37.794,300.689,300.471,1,1
13.08.2021 01:43:38.819,300.689,300.47,1,1
13.08.2021 01:43:49.483,300.689,300.47400000000005,1,1
13.08.2021 01:43:49.832,300.689,300.475,1,1
13.08.2021 01:44:31.274,300.689,300.47200000000004,1,1
13.08.2021 01:44:31.786,300.689,300.471,1,1
13.08.2021 01:45:09.331,300.681,300.471,1,1
13.08.2021 01:45:09.482,300.681,300.46700000000004,1,1
13.08.2021 01:45:09.836,300.681,300.466,1,1
13.08.2021 01:45:10.857,300.681,300.46500000000003,1,1
13.08.2021 01:45:34.874,300.686,300.46500000000003,1,1
13.08.2021 01:45:34.943,300.686,300.459,1,1.5
13.08.2021 01:45:35.865,300.686,300.47,1,1
13.08.2021 01:46:02.721,300.694,300.47700000000003,1,1
13.08.2021 01:46:02.923,300.694,300.47900000000004,1,1
13.08.2021 01:46:44.545,300.685,300.47900000000004,1,1
13.08.2021 01:47:08.940,300.678,300.47900000000004,1,1
13.08.2021 01:47:14.196,300.678,300.47200000000004,1,1
13.08.2021 01:47:14.878,300.678,300.471,1,1
13.08.2021 01:47:15.902,300.678,300.47,1,1
13.08.2021 01:48:00.157,300.678,300.471,1,1
13.08.2021 01:48:02.238,300.67,300.471,1,1
13.08.2021 01:48:05.440,300.67,300.46700000000004,1,1
13.08.2021 01:48:05.945,300.67,300.466,1,1
13.08.2021 01:48:06.958,300.67,300.46500000000003,1,1
13.08.2021 01:49:12.238,300.67,300.458,1,1
13.08.2021 01:49:30.333,300.67,300.459,1,1
13.08.2021 01:49:30.434,300.68,300.471,1,1.5
13.08.2021 01:49:30.638,300.684,300.476,1,1
13.08.2021 01:49:30.793,300.684,300.47900000000004,1,1
13.08.2021 01:49:31.618,300.684,300.476,1,1
13.08.2021 01:49:31.919,300.685,300.476,1.5,1
13.08.2021 01:49:34.499,300.678,300.473,1,1
13.08.2021 01:49:46.372,300.678,300.468,1,1.5
13.08.2021 01:49:46.941,300.678,300.468,1,1.5
13.08.2021 01:49:57.048,300.678,300.471,1,1
13.08.2021 01:49:57.149,300.678,300.468,1,1
13.08.2021 01:49:57.656,300.678,300.471,1,1
13.08.2021 01:49:58.188,300.678,300.468,1,1
13.08.2021 01:50:16.370,300.682,300.473,1,1
13.08.2021 01:50:16.472,300.685,300.473,1,1
13.08.2021 01:50:26.033,300.685,300.47900000000004,1,1
13.08.2021 01:50:26.133,300.685,300.473,1,1
13.08.2021 01:50:26.833,300.685,300.475,1,1
13.08.2021 01:50:33.951,300.685,300.47900000000004,1,1
13.08.2021 01:50:34.052,300.685,300.475,1,1.5
13.08.2021 01:50:34.557,300.685,300.47900000000004,1,1
13.08.2021 01:50:38.478,300.693,300.481,1,1
13.08.2021 01:50:38.552,300.693,300.487,1,1
13.08.2021 01:50:38.602,300.698,300.48900000000003,1,1
13.08.2021 01:50:40.590,300.705,300.48900000000003,1,1
13.08.2021 01:50:40.979,300.706,300.48900000000003,1,1
13.08.2021 01:50:42.003,300.707,300.48900000000003,1,1
13.08.2021 01:51:40.428,300.7,300.487,1,1
13.08.2021 01:51:46.248,300.7,300.493,1,1
13.08.2021 01:51:47.063,300.7,300.495,1,1
13.08.2021 01:51:48.111,300.711,300.495,1,1
13.08.2021 01:52:08.219,300.712,300.499,1,1
13.08.2021 01:52:09.083,300.712,300.5,1,1
13.08.2021 01:52:16.686,300.72,300.501,1.5,1
13.08.2021 01:52:18.211,300.72,300.506,1,1
13.08.2021 01:52:19.004,300.72,300.508,1,1
13.08.2021 01:52:20.453,300.72,300.51099999999997,1,1
13.08.2021 01:52:20.655,300.725,300.51099999999997,1,1
13.08.2021 01:52:20.755,300.725,300.508,1,1
13.08.2021 01:52:20.878,300.725,300.51099999999997,1,1
13.08.2021 01:52:20.979,300.725,300.508,1,1
13.08.2021 01:52:21.079,300.725,300.51099999999997,1,1
13.08.2021 01:52:21.291,300.725,300.508,1,1
13.08.2021 01:52:21.445,300.725,300.51099999999997,1,1
13.08.2021 01:52:22.664,300.725,300.508,1,1
13.08.2021 01:53:01.166,300.718,300.508,1,1
13.08.2021 01:53:01.217,300.718,300.501,1,1
13.08.2021 01:53:02.085,300.718,300.5,1,1
13.08.2021 01:53:03.089,300.718,300.499,1,1
13.08.2021 01:54:05.011,300.718,300.497,1,1
13.08.2021 01:54:24.957,300.718,300.499,1,1.5
13.08.2021 01:55:25.660,300.718,300.497,1,1
13.08.2021 01:55:40.728,300.718,300.499,1,1
13.08.2021 01:56:23.493,300.721,300.504,1,1
13.08.2021 01:56:23.590,300.725,300.504,1,1.5
13.08.2021 01:56:24.198,300.725,300.505,1,1
13.08.2021 01:57:14.351,300.725,300.504,1,1
13.08.2021 01:57:14.452,300.71700000000004,300.499,1,1.5
13.08.2021 01:57:15.212,300.71700000000004,300.498,1,1
13.08.2021 01:57:16.221,300.71700000000004,300.497,1,1
13.08.2021 01:57:49.759,300.71700000000004,300.499,1,1
13.08.2021 01:57:49.862,300.71700000000004,300.497,1,1
13.08.2021 01:57:49.963,300.71700000000004,300.499,1,1
13.08.2021 01:57:50.166,300.71700000000004,300.497,1,1
13.08.2021 01:58:02.353,300.71700000000004,300.499,1,1
13.08.2021 01:58:02.555,300.71700000000004,300.497,1,1
13.08.2021 01:58:02.722,300.71700000000004,300.499,1,1
13.08.2021 01:58:03.027,300.71700000000004,300.497,1,1
13.08.2021 01:58:08.655,300.71700000000004,300.499,1,1
13.08.2021 01:58:10.091,300.71700000000004,300.497,1,1
13.08.2021 01:58:10.192,300.71700000000004,300.499,1,1
13.08.2021 01:58:10.293,300.71700000000004,300.497,1,1
13.08.2021 01:58:10.393,300.71700000000004,300.499,1,1
13.08.2021 01:58:10.494,300.71700000000004,300.497,1,1
13.08.2021 01:58:12.831,300.71700000000004,300.499,1,1
13.08.2021 01:58:12.932,300.71700000000004,300.497,1,1
13.08.2021 01:58:13.138,300.71700000000004,300.499,1,1
13.08.2021 01:58:13.338,300.71700000000004,300.497,1,1
13.08.2021 01:58:14.255,300.71700000000004,300.499,1,1
13.08.2021 01:58:16.369,300.71700000000004,300.497,1,1
13.08.2021 01:58:39.254,300.716,300.496,1,1
13.08.2021 01:58:40.258,300.714,300.496,1,1
13.08.2021 01:59:19.725,300.71700000000004,300.499,1,1
13.08.2021 01:59:19.828,300.71700000000004,300.496,1,1
13.08.2021 01:59:20.031,300.71700000000004,300.499,1,1
13.08.2021 01:59:22.398,300.71700000000004,300.496,1,1
13.08.2021 01:59:23.968,300.71700000000004,300.499,1,1
13.08.2021 01:59:25.008,300.72,300.501,1,1
13.08.2021 01:59:25.109,300.725,300.503,1,1
13.08.2021 01:59:26.293,300.725,300.504,1,1
13.08.2021 01:59:40.310,300.725,300.501,1,1
13.08.2021 01:59:43.274,300.72200000000004,300.501,1,1
13.08.2021 01:59:44.282,300.72,300.501,1,1
13.08.2021 01:59:45.439,300.71500000000003,300.496,1,1
13.08.2021 02:00:11.903,300.71500000000003,300.499,1,1
13.08.2021 02:00:12.011,300.71500000000003,300.496,1,1
13.08.2021 02:00:36.649,300.71500000000003,300.499,1,1
13.08.2021 02:00:36.931,300.71500000000003,300.496,1,1
13.08.2021 02:00:37.171,300.71500000000003,300.499,1,1
13.08.2021 02:00:37.340,300.71500000000003,300.496,1,1
13.08.2021 02:00:56.542,300.71500000000003,300.499,1,1
13.08.2021 02:00:56.743,300.71500000000003,300.496,1,1
13.08.2021 02:01:07.690,300.718,300.496,1,1.5
13.08.2021 02:02:10.159,300.72,300.499,1.5,1
13.08.2021 02:04:40.873,300.719,300.499,1,1.5
13.08.2021 02:06:05.659,300.72,300.499,1,1
13.08.2021 02:06:33.587,300.719,300.499,1,1.5
13.08.2021 02:09:18.360,300.72,300.499,1,1
13.08.2021 02:09:30.121,300.713,300.495,1,1
13.08.2021 02:10:33.769,300.713,300.499,1,1
13.08.2021 02:10:33.870,300.713,300.495,1,1.5
13.08.2021 02:10:34.054,300.713,300.499,1,1
13.08.2021 02:10:34.219,300.713,300.495,1,1.5
13.08.2021 02:10:34.322,300.713,300.499,1,1
13.08.2021 02:10:34.528,300.713,300.495,1,1.5
13.08.2021 02:10:34.631,300.713,300.499,1,1
13.08.2021 02:10:43.649,300.713,300.495,1,1.5
13.08.2021 02:11:07.428,300.713,300.499,1,1
13.08.2021 02:11:07.632,300.713,300.495,1,1.5
13.08.2021 02:12:12.118,300.713,300.491,1,1
13.08.2021 02:12:12.169,300.713,300.495,1.5,1
13.08.2021 02:12:12.642,300.711,300.495,1,1
13.08.2021 02:12:13.098,300.702,300.495,1,1
13.08.2021 02:12:13.300,300.702,300.48900000000003,1,1
13.08.2021 02:12:13.657,300.702,300.488,1,1
13.08.2021 02:12:14.680,300.702,300.487,1,1.5
13.08.2021 02:13:17.249,300.702,300.485,1,1
13.08.2021 02:13:44.680,300.702,300.487,1,1
13.08.2021 02:14:45.660,300.702,300.485,1,1
13.08.2021 02:15:42.305,300.702,300.487,1,1
13.08.2021 02:16:15.211,300.694,300.478,1,1
13.08.2021 02:16:15.362,300.694,300.47900000000004,1,1
13.08.2021 02:16:15.412,300.697,300.483,1,1.5
13.08.2021 02:16:15.771,300.697,300.48400000000004,1,1
13.08.2021 02:16:16.775,300.704,300.48400000000004,1.5,1
13.08.2021 02:16:33.484,300.695,300.48400000000004,1,1
13.08.2021 02:17:09.271,300.695,300.487,1,1
13.08.2021 02:17:09.374,300.695,300.48400000000004,1,1
13.08.2021 02:17:24.917,300.695,300.487,1,1
13.08.2021 02:17:25.165,300.695,300.48400000000004,1,1
13.08.2021 02:17:25.429,300.695,300.487,1,1
13.08.2021 02:17:25.529,300.695,300.48400000000004,1,1
13.08.2021 02:17:25.933,300.695,300.487,1,1
13.08.2021 02:17:26.177,300.695,300.48400000000004,1,1
13.08.2021 02:17:26.543,300.695,300.487,1,1
13.08.2021 02:17:26.747,300.695,300.48400000000004,1,1
13.08.2021 02:17:33.056,300.695,300.487,1,1
13.08.2021 02:17:33.196,300.695,300.48400000000004,1,1
13.08.2021 02:17:33.568,300.695,300.487,1,1
13.08.2021 02:17:33.773,300.695,300.48400000000004,1,1
13.08.2021 02:17:34.074,300.695,300.487,1,1
13.08.2021 02:17:34.280,300.695,300.48400000000004,1,1
13.08.2021 02:17:34.584,300.695,300.487,1,1
13.08.2021 02:17:34.789,300.695,300.48400000000004,1,1
13.08.2021 02:17:35.190,300.695,300.487,1,1
13.08.2021 02:17:35.295,300.695,300.48400000000004,1,1
13.08.2021 02:17:35.711,300.695,300.487,1,1
13.08.2021 02:17:35.817,300.695,300.48400000000004,1,1
13.08.2021 02:17:36.211,300.695,300.487,1,1
13.08.2021 02:17:36.461,300.695,300.48400000000004,1,1
13.08.2021 02:17:36.719,300.695,300.487,1,1
13.08.2021 02:17:36.923,300.695,300.48400000000004,1,1
13.08.2021 02:17:37.330,300.695,300.487,1,1
13.08.2021 02:17:37.434,300.695,300.48400000000004,1,1
13.08.2021 02:17:37.835,300.695,300.487,1,1
13.08.2021 02:17:37.984,300.695,300.48400000000004,1,1
13.08.2021 02:17:38.239,300.695,300.487,1,1
13.08.2021 02:17:38.554,300.695,300.48400000000004,1,1
13.08.2021 02:17:44.379,300.695,300.487,1,1
13.08.2021 02:17:44.688,300.695,300.48400000000004,1,1
13.08.2021 02:17:44.895,300.695,300.487,1,1
13.08.2021 02:17:45.110,300.695,300.48400000000004,1,1
13.08.2021 02:18:22.613,300.695,300.487,1,1
13.08.2021 02:18:22.749,300.695,300.48400000000004,1,1
13.08.2021 02:18:23.630,300.695,300.487,1,1
13.08.2021 02:18:23.834,300.695,300.48400000000004,1,1
13.08.2021 02:18:24.342,300.695,300.487,1,1
13.08.2021 02:18:24.947,300.695,300.48400000000004,1,1
13.08.2021 02:18:25.254,300.695,300.487,1,1
13.08.2021 02:18:25.459,300.695,300.48400000000004,1,1
13.08.2021 02:18:25.769,300.695,300.487,1,1
13.08.2021 02:18:25.983,300.695,300.48400000000004,1,1
13.08.2021 02:18:26.384,300.695,300.487,1,1
13.08.2021 02:18:26.486,300.695,300.48400000000004,1,1
13.08.2021 02:19:02.476,300.687,300.48400000000004,1,1
13.08.2021 02:19:02.577,300.687,300.48,1,1
13.08.2021 02:19:02.842,300.687,300.47900000000004,1,1
13.08.2021 02:19:04.756,300.67400000000004,300.47900000000004,1,1
13.08.2021 02:19:04.807,300.67400000000004,300.473,1,1
13.08.2021 02:19:04.958,300.67400000000004,300.47200000000004,1,1
13.08.2021 02:19:05.058,300.67400000000004,300.466,1,1
13.08.2021 02:19:05.885,300.67400000000004,300.46500000000003,1,1
13.08.2021 02:19:06.903,300.67400000000004,300.464,1,1
13.08.2021 02:19:27.044,300.678,300.46500000000003,1,1
13.08.2021 02:19:27.095,300.684,300.471,1,1
13.08.2021 02:20:51.864,300.689,300.471,1,1.5
13.08.2021 02:22:00.371,300.687,300.471,1,1
13.08.2021 02:22:23.500,300.687,300.46700000000004,1,1
13.08.2021 02:22:23.991,300.677,300.46700000000004,1,1
13.08.2021 02:22:24.041,300.677,300.463,1,1
13.08.2021 02:22:24.142,300.677,300.462,1,1
13.08.2021 02:22:24.243,300.677,300.463,1,1
13.08.2021 02:22:25.221,300.66700000000003,300.459,1,1
13.08.2021 02:23:35.172,300.66700000000003,300.449,1,1
13.08.2021 02:23:42.730,300.66700000000003,300.438,1,2
13.08.2021 02:23:42.834,300.66700000000003,300.449,1,1
13.08.2021 02:24:59.616,300.66700000000003,300.438,1,1.5
13.08.2021 02:24:59.666,300.661,300.447,1,1
13.08.2021 02:24:59.767,300.651,300.443,1,1
13.08.2021 02:24:59.868,300.651,300.435,1,1
13.08.2021 02:25:18.288,300.651,300.435,1,1.5
13.08.2021 02:25:18.490,300.651,300.435,1,1
13.08.2021 02:25:59.888,300.644,300.435,1,1
13.08.2021 02:25:59.995,300.644,300.426,1,1
13.08.2021 02:26:00.115,300.644,300.425,1,1
13.08.2021 02:26:01.034,300.644,300.42400000000004,1,1.12
13.08.2021 02:26:01.697,300.633,300.42400000000004,1,1.12
13.08.2021 02:26:01.900,300.633,300.41700000000003,1,1
13.08.2021 02:26:02.061,300.633,300.416,1,1
13.08.2021 02:26:03.059,300.633,300.415,1,1.5
13.08.2021 02:26:06.339,300.633,300.423,1,1
13.08.2021 02:26:06.539,300.633,300.416,1,1
13.08.2021 02:26:09.644,300.633,300.415,1,1.5
13.08.2021 02:26:18.189,300.633,300.423,1,1
13.08.2021 02:26:18.318,300.633,300.423,1,1.5
13.08.2021 02:26:18.419,300.633,300.427,1,1
13.08.2021 02:26:29.129,300.633,300.423,1,1.5
13.08.2021 02:26:40.913,300.633,300.427,1,1
13.08.2021 02:26:47.923,300.633,300.423,1,1.5
13.08.2021 02:26:55.351,300.644,300.423,1,1.5
13.08.2021 02:26:55.401,300.644,300.427,1,1
13.08.2021 02:26:55.502,300.644,300.427,1,1.5
13.08.2021 02:27:32.463,300.651,300.435,1,1
13.08.2021 02:27:32.971,300.651,300.439,1,1
13.08.2021 02:27:33.418,300.651,300.439,1,1.5
13.08.2021 02:27:36.496,300.65900000000005,300.439,1,1.5
13.08.2021 02:27:47.800,300.66700000000003,300.439,1,1.5
13.08.2021 02:27:47.851,300.66700000000003,300.447,1,1
13.08.2021 02:27:47.951,300.66700000000003,300.443,1,1.5
13.08.2021 02:27:48.143,300.66700000000003,300.447,1,1
13.08.2021 02:28:02.037,300.66700000000003,300.447,1,1.5
13.08.2021 02:28:32.382,300.66700000000003,300.447,1,1
13.08.2021 02:28:40.771,300.66700000000003,300.447,1,1.5
13.08.2021 02:28:40.930,300.66900000000004,300.45099999999996,1,1.5
13.08.2021 02:28:43.393,300.66900000000004,300.459,1,1
13.08.2021 02:28:43.494,300.66900000000004,300.455,1,1.5
13.08.2021 02:28:46.481,300.66900000000004,300.455,1,1
13.08.2021 02:28:59.559,300.66900000000004,300.45099999999996,1,1.5
13.08.2021 02:29:02.881,300.66900000000004,300.455,1,1
13.08.2021 02:29:34.024,300.66900000000004,300.459,1,1
13.08.2021 02:29:34.125,300.66900000000004,300.455,1,1.5
13.08.2021 02:29:34.175,300.67900000000003,300.455,1,1.5
13.08.2021 02:30:00.090,300.67900000000003,300.455,1,1
13.08.2021 02:30:00.241,300.67900000000003,300.45099999999996,1,1.5
13.08.2021 02:30:01.727,300.67900000000003,300.455,1,1
13.08.2021 02:30:01.777,300.67900000000003,300.459,1,1.5
13.08.2021 02:30:21.550,300.67900000000003,300.46700000000004,1,1
13.08.2021 02:30:24.142,300.682,300.46700000000004,1,1
13.08.2021 02:30:25.233,300.682,300.471,1,1
13.08.2021 02:30:25.347,300.682,300.471,1,1.5
13.08.2021 02:30:26.966,300.69,300.471,1,1.5
13.08.2021 02:30:27.070,300.69,300.475,1,1
13.08.2021 02:30:28.591,300.69,300.47900000000004,1,1
13.08.2021 02:30:31.184,300.69,300.47900000000004,1,1.5
13.08.2021 02:31:00.115,300.702,300.47900000000004,1,1.5
13.08.2021 02:31:00.669,300.702,300.487,1,1
13.08.2021 02:31:01.375,300.702,300.47900000000004,1,1.5
13.08.2021 02:31:02.702,300.702,300.487,1,1
13.08.2021 02:31:04.652,300.702,300.47900000000004,1,1.5
13.08.2021 02:31:06.465,300.702,300.487,1,1
13.08.2021 02:31:08.216,300.702,300.47900000000004,1,1.5
13.08.2021 02:32:38.472,300.695,300.475,1,1.5
13.08.2021 02:32:38.642,300.695,300.471,1,1.5
13.08.2021 02:32:39.767,300.695,300.475,1,1
13.08.2021 02:32:39.868,300.695,300.471,1,1.5
13.08.2021 02:32:50.053,300.695,300.471,1,1.5
13.08.2021 02:33:03.977,300.695,300.487,1,1
13.08.2021 02:33:04.079,300.695,300.483,1,1.5
13.08.2021 02:33:04.248,300.695,300.487,1,1
13.08.2021 02:33:04.298,300.702,300.487,1,1
13.08.2021 02:33:45.063,300.702,300.487,1,1.5
13.08.2021 02:34:19.840,300.71,300.491,1,1.5
13.08.2021 02:34:19.992,300.71,300.499,1,1
13.08.2021 02:34:20.092,300.71,300.491,1,1.5
13.08.2021 02:34:20.981,300.71,300.495,1,1
13.08.2021 02:34:28.762,300.71,300.491,1,1.5
13.08.2021 02:34:43.549,300.71,300.495,1,1
13.08.2021 02:34:47.700,300.71,300.491,1,1.5
13.08.2021 02:34:58.037,300.71,300.495,1,1
13.08.2021 02:34:59.892,300.71,300.491,1,1.5
13.08.2021 02:35:12.751,300.702,300.487,1,1
13.08.2021 02:35:12.952,300.702,300.47900000000004,1,1.5
13.08.2021 02:35:13.239,300.702,300.487,1,1
13.08.2021 02:35:14.685,300.702,300.47900000000004,1,2
13.08.2021 02:35:15.288,300.702,300.487,1,1
13.08.2021 02:35:15.388,300.702,300.47900000000004,1,1.5
13.08.2021 02:35:15.660,300.702,300.487,1,1
13.08.2021 02:35:20.185,300.702,300.47900000000004,1,1.5
13.08.2021 02:35:42.364,300.702,300.487,1,1
13.08.2021 02:35:43.891,300.707,300.487,1,1
13.08.2021 02:36:17.351,300.707,300.491,1,1
13.08.2021 02:36:17.456,300.707,300.491,1,1.5
13.08.2021 02:36:27.294,300.714,300.491,1,1.5
13.08.2021 02:36:27.546,300.714,300.495,1,1
13.08.2021 02:36:27.674,300.714,300.495,1,1.5
13.08.2021 02:36:52.431,300.714,300.499,1,1
13.08.2021 02:36:52.547,300.714,300.491,1,1.5
13.08.2021 02:38:39.659,300.704,300.487,1,1.5
13.08.2021 02:38:39.710,300.704,300.487,1,1
13.08.2021 02:38:39.865,300.704,300.482,1,1
13.08.2021 02:38:39.966,300.704,300.487,1,1
13.08.2021 02:38:41.180,300.704,300.47900000000004,1,1.5
13.08.2021 02:39:08.721,300.704,300.487,1,1
13.08.2021 02:39:21.301,300.704,300.47900000000004,1,1.5
13.08.2021 02:39:51.290,300.704,300.487,1,1
13.08.2021 02:39:51.394,300.704,300.491,1,1.5
13.08.2021 02:39:51.445,300.712,300.491,1,1.5
13.08.2021 02:39:51.971,300.712,300.495,1,1
13.08.2021 02:39:53.380,300.712,300.491,1,1.5
13.08.2021 02:39:54.299,300.712,300.495,1,1
13.08.2021 02:39:55.926,300.712,300.491,1,1.5
13.08.2021 02:39:56.126,300.712,300.495,1,1
13.08.2021 02:39:57.238,300.712,300.491,1,1.5
13.08.2021 02:39:59.269,300.712,300.495,1,1
13.08.2021 02:39:59.475,300.712,300.491,1,1.5
13.08.2021 02:39:59.783,300.712,300.495,1,1
13.08.2021 02:40:01.114,300.712,300.491,1,1.5
13.08.2021 02:40:02.329,300.712,300.495,1,1
13.08.2021 02:40:08.820,300.712,300.499,1,1
13.08.2021 02:40:12.261,300.712,300.495,1,1
13.08.2021 02:40:27.121,300.712,300.487,1,1.5
13.08.2021 02:40:27.225,300.712,300.495,1,1
13.08.2021 02:40:27.425,300.712,300.499,1,1
13.08.2021 02:40:30.583,300.712,300.494,1,1
13.08.2021 02:40:30.692,300.712,300.495,1,1
13.08.2021 02:40:34.496,300.712,300.499,1,1
13.08.2021 02:40:34.778,300.712,300.495,1,1
13.08.2021 02:40:58.731,300.712,300.491,1,1.5
13.08.2021 02:40:59.248,300.712,300.495,1,1
13.08.2021 02:40:59.477,300.712,300.491,1,1.5
13.08.2021 02:40:59.661,300.712,300.495,1,1
13.08.2021 02:41:01.609,300.712,300.499,1,1
13.08.2021 02:41:01.810,300.712,300.495,1,1
13.08.2021 02:41:02.127,300.712,300.499,1,1
13.08.2021 02:41:02.221,300.712,300.491,1,1.5
13.08.2021 02:41:02.323,300.712,300.495,1,1
13.08.2021 02:41:11.565,300.712,300.499,1,1
13.08.2021 02:41:12.101,300.712,300.495,1,1
13.08.2021 02:41:18.262,300.712,300.491,1,1.5
13.08.2021 02:41:18.559,300.712,300.495,1,1
13.08.2021 02:41:18.660,300.712,300.491,1,1.5
13.08.2021 02:41:19.171,300.712,300.495,1,1
13.08.2021 02:41:36.476,300.712,300.499,1,1
13.08.2021 02:41:36.533,300.712,300.491,1,1.5
13.08.2021 02:41:36.636,300.712,300.495,1,1
13.08.2021 02:41:36.946,300.712,300.499,1,1
13.08.2021 02:41:37.147,300.712,300.495,1,1
13.08.2021 02:41:41.742,300.712,300.491,1,1.5
13.08.2021 02:41:43.874,300.712,300.495,1,1
13.08.2021 02:41:44.080,300.712,300.491,1,1.5
13.08.2021 02:41:45.347,300.712,300.487,1,1
13.08.2021 02:41:45.397,300.712,300.491,1,1
13.08.2021 02:41:45.602,300.712,300.47700000000003,1,1.5
13.08.2021 02:41:45.709,300.712,300.491,1,1
13.08.2021 02:41:45.901,300.712,300.495,1,1
13.08.2021 02:41:46.243,300.712,300.491,1,1
13.08.2021 02:41:46.405,300.712,300.495,1,1
13.08.2021 02:41:48.841,300.712,300.499,1,1
13.08.2021 02:41:49.148,300.712,300.495,1,1
13.08.2021 02:41:50.268,300.712,300.499,1,1
13.08.2021 02:41:50.470,300.712,300.492,1,1
13.08.2021 02:41:50.574,300.712,300.495,1,1
13.08.2021 02:41:55.187,300.712,300.491,1,1
13.08.2021 02:41:57.025,300.712,300.487,1,1
13.08.2021 02:41:57.149,300.712,300.491,1,1
13.08.2021 02:41:57.563,300.712,300.491,1,1.5
13.08.2021 02:41:57.812,300.712,300.487,1,1
13.08.2021 02:41:57.913,300.712,300.483,1,1.5
13.08.2021 02:42:00.546,300.712,300.487,1,1
13.08.2021 02:42:00.773,300.712,300.483,1,1.5
13.08.2021 02:42:01.199,300.712,300.487,1,1
13.08.2021 02:42:04.927,300.70099999999996,300.487,1,1
13.08.2021 02:42:05.008,300.70099999999996,300.47900000000004,1,1.5
13.08.2021 02:42:38.710,300.698,300.483,1,1.5
13.08.2021 02:43:11.292,300.698,300.487,1,1
13.08.2021 02:43:11.496,300.698,300.483,1,1.5
13.08.2021 02:43:11.701,300.698,300.487,1,1
13.08.2021 02:43:11.906,300.698,300.47900000000004,1,1.5
13.08.2021 02:43:13.749,300.698,300.487,1,1
13.08.2021 02:43:13.947,300.698,300.483,1,1.5
13.08.2021 02:43:29.931,300.698,300.487,1,1
13.08.2021 02:43:30.311,300.698,300.491,1,1
13.08.2021 02:43:30.716,300.698,300.487,1,1
13.08.2021 02:43:35.286,300.698,300.487,1,1.5
13.08.2021 02:43:36.094,300.703,300.491,1,1.5
13.08.2021 02:43:36.195,300.703,300.495,1,1
13.08.2021 02:43:36.246,300.703,300.499,1,1
13.08.2021 02:43:36.528,300.703,300.491,1,1.5
13.08.2021 02:43:45.659,300.703,300.495,1,1
13.08.2021 02:43:47.815,300.703,300.499,1,1
13.08.2021 02:43:48.018,300.703,300.495,1,1
13.08.2021 02:43:48.324,300.703,300.491,1,1.5
13.08.2021 02:43:49.341,300.703,300.495,1,1
13.08.2021 02:43:54.142,300.703,300.491,1,1.5
13.08.2021 02:44:05.967,300.703,300.487,1,1
13.08.2021 02:44:06.168,300.703,300.487,1,1.5
13.08.2021 02:44:12.261,300.703,300.495,1,1
13.08.2021 02:44:12.466,300.703,300.491,1,1.5
13.08.2021 02:44:43.278,300.703,300.495,1,1
13.08.2021 02:44:45.230,300.703,300.487,1,1.5
13.08.2021 02:45:07.337,300.693,300.487,1,1.5
13.08.2021 02:45:07.388,300.693,300.475,1,1.5
13.08.2021 02:45:29.538,300.693,300.487,1,1
13.08.2021 02:45:29.700,300.693,300.47900000000004,1,1.5
13.08.2021 02:45:37.139,300.693,300.47900000000004,1,1
13.08.2021 02:45:37.560,300.693,300.47900000000004,1,1.5
13.08.2021 02:45:38.216,300.693,300.471,1,1.5
13.08.2021 02:45:38.267,300.683,300.46500000000003,1,1
13.08.2021 02:45:57.417,300.683,300.46700000000004,1,1
13.08.2021 02:45:57.468,300.67,300.46700000000004,1,1
13.08.2021 02:45:57.519,300.67,300.459,1,1.5
13.08.2021 02:45:57.771,300.67,300.455,1,1
13.08.2021 02:46:17.565,300.67,300.459,1,1
13.08.2021 02:46:17.792,300.67,300.455,1,1
13.08.2021 02:46:17.914,300.67,300.459,1,1
13.08.2021 02:46:18.015,300.67,300.46700000000004,1,1
13.08.2021 02:46:18.167,300.67,300.463,1,1
13.08.2021 02:46:18.369,300.67,300.46700000000004,1,1
13.08.2021 02:46:18.573,300.67,300.463,1,1
13.08.2021 02:46:19.283,300.67,300.46700000000004,1,1
13.08.2021 02:46:20.352,300.67,300.463,1,1
13.08.2021 02:46:32.998,300.683,300.463,1,1
13.08.2021 02:46:33.116,300.683,300.471,1,1
13.08.2021 02:46:41.220,300.683,300.454,1,1
13.08.2021 02:46:41.324,300.683,300.46700000000004,1,1
13.08.2021 02:46:42.348,300.683,300.471,1,1
13.08.2021 02:47:02.950,300.683,300.471,1,1.5
13.08.2021 02:47:03.065,300.683,300.475,1,1
13.08.2021 02:47:03.198,300.683,300.47900000000004,1,1
13.08.2021 02:47:07.828,300.683,300.47900000000004,1,1.5
13.08.2021 02:47:29.570,300.693,300.475,1,1.5
13.08.2021 02:47:29.759,300.693,300.487,1,1
13.08.2021 02:47:30.140,300.693,300.483,1,1.5
13.08.2021 02:48:02.288,300.693,300.487,1,1
13.08.2021 02:48:02.427,300.70099999999996,300.487,1,1
13.08.2021 02:48:02.578,300.70099999999996,300.47400000000005,1,1
13.08.2021 02:48:02.679,300.70099999999996,300.487,1,1
13.08.2021 02:48:02.781,300.70099999999996,300.483,1,1.5
13.08.2021 02:48:02.882,300.70099999999996,300.487,1,1
13.08.2021 02:48:03.175,300.70099999999996,300.47900000000004,1,1.5
13.08.2021 02:48:03.710,300.70099999999996,300.487,1,1
13.08.2021 02:48:03.873,300.70099999999996,300.487,1,1.5
13.08.2021 02:48:07.528,300.70099999999996,300.495,1,1
13.08.2021 02:48:07.732,300.70099999999996,300.491,1,1.5
13.08.2021 02:48:07.933,300.70099999999996,300.495,1,1
13.08.2021 02:48:08.543,300.70099999999996,300.491,1,1.5
13.08.2021 02:48:58.416,300.70099999999996,300.491,1,1
13.08.2021 02:48:58.530,300.70099999999996,300.487,1,1
13.08.2021 02:48:58.581,300.70099999999996,300.47900000000004,1,1.5
13.08.2021 02:49:30.416,300.69,300.47900000000004,1,1.5
13.08.2021 02:49:40.124,300.69,300.47900000000004,1,1
13.08.2021 02:49:40.275,300.69,300.471,1,1.5
13.08.2021 02:50:04.195,300.69,300.475,1,1
13.08.2021 02:50:08.783,300.69,300.471,1,1.5
13.08.2021 02:50:08.934,300.678,300.471,1,1.5
13.08.2021 02:50:38.734,300.67,300.459,1,1.5
13.08.2021 02:50:48.406,300.67,300.443,1,2
13.08.2021 02:50:48.640,300.67,300.455,1,1
13.08.2021 02:50:52.277,300.67,300.459,1,1
13.08.2021 02:50:52.783,300.67,300.455,1,1
13.08.2021 02:50:52.987,300.67,300.45099999999996,1,1.5
13.08.2021 02:50:53.090,300.67,300.455,1,1
13.08.2021 02:50:54.108,300.67,300.455,1,1.5
13.08.2021 02:51:02.489,300.67,300.455,1,1
13.08.2021 02:51:02.604,300.67,300.45099999999996,1,1.5
13.08.2021 02:51:16.090,300.65700000000004,300.447,1,1.5
13.08.2021 02:51:42.700,300.65700000000004,300.455,1,1
13.08.2021 02:51:42.825,300.65700000000004,300.45099999999996,1,1.5
13.08.2021 02:51:43.287,300.65700000000004,300.455,1,1
13.08.2021 02:51:47.450,300.65700000000004,300.459,1,1
13.08.2021 02:51:48.354,300.67,300.459,1,1
13.08.2021 02:51:48.828,300.67,300.459,1,1.5
13.08.2021 02:52:05.068,300.67,300.455,1,1
13.08.2021 02:53:05.025,300.67,300.437,1,1.5
13.08.2021 02:53:18.653,300.67,300.437,1,1.5
13.08.2021 02:54:18.659,300.67,300.455,1,1
13.08.2021 02:54:27.596,300.67,300.45099999999996,1,1.5
13.08.2021 02:54:27.697,300.67,300.455,1,1
13.08.2021 02:54:34.107,300.67,300.455,1,1.5
13.08.2021 02:55:04.291,300.67,300.463,1,1.5
13.08.2021 02:55:20.104,300.678,300.463,1,1.5
13.08.2021 02:56:04.879,300.678,300.471,1,1.5
13.08.2021 02:56:05.639,300.678,300.471,1,1.5
13.08.2021 02:56:40.641,300.678,300.463,1,1.5
13.08.2021 02:56:40.742,300.66700000000003,300.459,1,1.5
13.08.2021 02:56:40.843,300.66700000000003,300.45099999999996,1,1.5
13.08.2021 02:56:48.567,300.66700000000003,300.443,1,1.5
13.08.2021 02:56:48.769,300.66700000000003,300.443,1,1.5
13.08.2021 02:56:55.838,300.65500000000003,300.443,1,1.5
13.08.2021 02:56:56.663,300.65500000000003,300.443,1,1.5
13.08.2021 02:57:54.710,300.65500000000003,300.435,1,1
13.08.2021 02:58:00.431,300.65500000000003,300.435,1,1.5
13.08.2021 02:58:05.386,300.65500000000003,300.447,1,1
13.08.2021 02:58:05.487,300.65500000000003,300.447,1,1.5
13.08.2021 02:58:09.946,300.65500000000003,300.443,1,1.5
13.08.2021 02:58:10.119,300.65500000000003,300.443,1,1.5
13.08.2021 02:58:18.420,300.65500000000003,300.443,1,1.5
13.08.2021 02:58:32.603,300.65500000000003,300.435,1,1
13.08.2021 02:58:32.839,300.65500000000003,300.435,1,1.5
13.08.2021 02:59:03.556,300.65500000000003,300.447,1,1
13.08.2021 02:59:04.271,300.66200000000003,300.447,1,1
13.08.2021 02:59:04.371,300.66200000000003,300.45099999999996,1,1
13.08.2021 02:59:04.472,300.66200000000003,300.45099999999996,1,1.5
13.08.2021 02:59:14.640,300.652,300.447,1,1
13.08.2021 02:59:14.791,300.652,300.435,1,1.5
13.08.2021 02:59:21.904,300.652,300.447,1,1.5
13.08.2021 02:59:30.597,300.652,300.443,1,1.5
13.08.2021 02:59:30.950,300.652,300.443,1,1.5
13.08.2021 02:59:35.537,300.66200000000003,300.45099999999996,1,1.5
13.08.2021 02:59:38.639,300.66200000000003,300.455,1,1
13.08.2021 02:59:39.114,300.66200000000003,300.455,1,1.5
13.08.2021 02:59:55.356,300.66200000000003,300.455,1,1
13.08.2021 02:59:57.706,300.66200000000003,300.455,1,1.5
13.08.2021 03:00:04.551,300.675,300.459,1,1.5
13.08.2021 03:00:10.699,300.665,300.45099999999996,1,1.5
13.08.2021 03:00:10.749,300.665,300.45099999999996,1,1.5
13.08.2021 03:00:25.127,300.665,300.455,1,1
13.08.2021 03:00:26.657,300.665,300.45099999999996,1,1.5
13.08.2021 03:02:33.477,300.665,300.45099999999996,1,1.5
13.08.2021 03:02:33.893,300.665,300.447,1,1.5
13.08.2021 03:04:56.420,300.665,300.443,1,1.5
13.08.2021 03:04:59.167,300.65700000000004,300.439,1,1.5
13.08.2021 03:05:04.640,300.65700000000004,300.439,1,1.5
13.08.2021 03:05:06.145,300.66700000000003,300.447,1,1.5
13.08.2021 03:06:11.722,300.66700000000003,300.447,1,1
13.08.2021 03:06:11.946,300.66700000000003,300.437,1,1.5
13.08.2021 03:06:12.217,300.65700000000004,300.439,1,1.5
13.08.2021 03:07:04.439,300.665,300.443,1,1.5
13.08.2021 03:07:04.489,300.665,300.443,1,1.5
13.08.2021 03:07:10.298,300.665,300.443,1,1.5
13.08.2021 03:07:10.824,300.665,300.447,1,1
13.08.2021 03:07:11.137,300.665,300.447,1,1.5
13.08.2021 03:08:21.466,300.665,300.439,1,1.5
13.08.2021 03:08:27.156,300.665,300.447,1,1
13.08.2021 03:08:27.266,300.665,300.447,1,1.5
13.08.2021 03:09:01.097,300.665,300.45099999999996,1,1.5
13.08.2021 03:09:03.931,300.665,300.455,1,1
13.08.2021 03:09:06.330,300.665,300.455,1,1.5
13.08.2021 03:09:31.115,300.665,300.455,1,1
13.08.2021 03:09:31.294,300.665,300.45099999999996,1,1.5
13.08.2021 03:10:07.607,300.665,300.45099999999996,1,1.5
13.08.2021 03:10:17.550,300.665,300.455,1,1
13.08.2021 03:10:17.822,300.665,300.455,1,1.5
13.08.2021 03:10:31.385,300.665,300.455,1,1
13.08.2021 03:10:31.800,300.665,300.455,1,1.5
13.08.2021 03:10:32.429,300.665,300.455,1,1
13.08.2021 03:10:37.198,300.665,300.455,1,1.5
13.08.2021 03:10:41.543,300.673,300.459,1,1.5
13.08.2021 03:10:41.694,300.673,300.455,1,1
13.08.2021 03:10:42.121,300.673,300.455,1,1.5
13.08.2021 03:12:16.430,300.673,300.459,1,1.5
13.08.2021 03:14:48.354,300.673,300.475,1,1
13.08.2021 03:14:51.906,300.683,300.475,1,1
13.08.2021 03:14:52.007,300.683,300.471,1,1.5
13.08.2021 03:14:55.491,300.683,300.475,1,1
13.08.2021 03:14:56.306,300.683,300.47900000000004,1,1
13.08.2021 03:14:56.605,300.683,300.47900000000004,1,1.5
13.08.2021 03:14:56.901,300.683,300.47900000000004,1,1
13.08.2021 03:14:57.707,300.683,300.47900000000004,1,1.5
13.08.2021 03:15:40.282,300.683,300.47900000000004,1,1
13.08.2021 03:15:40.333,300.683,300.471,1,1.5
13.08.2021 03:16:50.285,300.683,300.475,1,1
13.08.2021 03:16:50.336,300.683,300.475,1,1.5
13.08.2021 03:16:50.386,300.695,300.47900000000004,1,1.5
13.08.2021 03:17:14.803,300.695,300.487,1,1
13.08.2021 03:17:14.854,300.7,300.487,1,1
13.08.2021 03:17:15.178,300.7,300.483,1,1.5
13.08.2021 03:17:15.376,300.7,300.487,1,1
13.08.2021 03:17:15.880,300.7,300.483,1,1.5
13.08.2021 03:17:29.869,300.7,300.487,1,1
13.08.2021 03:17:30.883,300.7,300.47900000000004,1,1.5
13.08.2021 03:17:31.907,300.7,300.487,1,1
13.08.2021 03:17:33.036,300.7,300.483,1,1.5
13.08.2021 03:17:35.373,300.7,300.487,1,1
13.08.2021 03:17:37.425,300.7,300.483,1,1.5
13.08.2021 03:17:37.833,300.7,300.487,1,1
13.08.2021 03:17:38.059,300.7,300.487,1,1.5
13.08.2021 03:17:38.109,300.711,300.487,1,1.5
13.08.2021 03:17:45.709,300.711,300.491,1,1
13.08.2021 03:17:46.879,300.711,300.491,1,1.5
13.08.2021 03:17:47.316,300.711,300.491,1,1
13.08.2021 03:17:49.199,300.711,300.491,1,1.5
13.08.2021 03:18:44.728,300.703,300.487,1,1.5
13.08.2021 03:18:44.879,300.703,300.487,1,1
13.08.2021 03:18:44.930,300.703,300.47900000000004,1,1.5
13.08.2021 03:19:38.897,300.703,300.487,1,1
13.08.2021 03:19:39.068,300.703,300.487,1,1.5
13.08.2021 03:20:06.418,300.714,300.491,1,1.5
13.08.2021 03:20:06.469,300.714,300.499,1,1
13.08.2021 03:20:06.776,300.714,300.491,1,1.5
13.08.2021 03:20:24.735,300.714,300.491,1,1.5
13.08.2021 03:20:38.673,300.721,300.499,1,1.5
13.08.2021 03:20:45.019,300.721,300.507,1,1.5
13.08.2021 03:21:08.912,300.721,300.503,1,1.5
13.08.2021 03:21:23.039,300.721,300.503,1,1.5
13.08.2021 03:21:41.851,300.721,300.507,1,1
13.08.2021 03:21:42.578,300.721,300.507,1,1.5
13.08.2021 03:21:47.999,300.721,300.507,1,1
13.08.2021 03:21:48.050,300.721,300.503,1,1.5
13.08.2021 03:21:50.782,300.721,300.503,1,1.5
13.08.2021 03:21:56.033,300.721,300.503,1,1.5
13.08.2021 03:21:56.285,300.721,300.499,1,1.5
13.08.2021 03:22:03.367,300.721,300.499,1,1.5
13.08.2021 03:22:27.602,300.708,300.499,1,1.5
13.08.2021 03:22:30.191,300.708,300.499,1,1
13.08.2021 03:22:37.442,300.708,300.499,1,1.5
13.08.2021 03:22:46.071,300.708,300.503,1,1.5
13.08.2021 03:23:23.846,300.721,300.507,1,1.5
13.08.2021 03:23:46.044,300.721,300.507,1,1
13.08.2021 03:23:46.105,300.721,300.507,1,1.5
13.08.2021 03:24:37.441,300.721,300.503,1,1.5
13.08.2021 03:24:37.619,300.721,300.507,1,1
13.08.2021 03:24:37.808,300.721,300.503,1,1.5
13.08.2021 03:24:38.108,300.721,300.507,1,1
13.08.2021 03:24:38.312,300.721,300.503,1,1.5
13.08.2021 03:24:38.413,300.721,300.507,1,1
13.08.2021 03:24:39.208,300.721,300.507,1,1.5
13.08.2021 03:25:02.161,300.721,300.507,1,1
13.08.2021 03:25:05.832,300.721,300.507,1,1.5
13.08.2021 03:27:36.843,300.721,300.515,1,1
13.08.2021 03:27:36.894,300.731,300.515,1,1
13.08.2021 03:27:37.021,300.731,300.519,1,1
13.08.2021 03:27:37.225,300.731,300.519,1,1.5
13.08.2021 03:28:29.230,300.731,300.519,1,1
13.08.2021 03:28:29.331,300.731,300.51099999999997,1,1.5
13.08.2021 03:28:29.472,300.731,300.515,1,1
13.08.2021 03:28:29.523,300.731,300.515,1,1.5
13.08.2021 03:28:51.832,300.731,300.515,1,1
13.08.2021 03:29:02.887,300.731,300.519,1,1
13.08.2021 03:29:02.989,300.731,300.519,1,1.5
13.08.2021 03:29:51.876,300.731,300.66400000000004,1,0.37
13.08.2021 03:29:52.081,300.731,300.622,1,0.37
13.08.2021 03:29:52.999,300.731,300.631,1,0.37
13.08.2021 03:29:54.024,300.731,300.595,1,0.75
13.08.2021 03:29:55.038,300.731,300.626,1,0.37
13.08.2021 03:29:56.063,300.731,300.665,1,0.37
13.08.2021 03:29:57.075,300.731,300.613,1,0.75
13.08.2021 03:29:58.095,300.731,300.648,1,0.37
13.08.2021 03:29:59.017,300.731,300.62,1,0.37
13.08.2021 03:30:00.043,300.731,300.63,1,0.37
13.08.2021 03:30:00.249,300.731,300.65500000000003,1,0.37
13.08.2021 03:30:00.448,300.731,300.661,1,0.37
13.08.2021 03:30:00.648,300.731,300.66,1,0.37
13.08.2021 03:30:00.751,300.731,300.639,1,0.37
13.08.2021 03:30:00.849,300.731,300.654,1,0.37
13.08.2021 03:30:01.051,300.731,300.616,1,0.75
13.08.2021 03:30:01.400,300.731,300.653,1,0.37
13.08.2021 03:30:01.501,300.731,300.646,1,0.37
13.08.2021 03:30:02.059,300.731,300.575,1,0.75
13.08.2021 03:30:03.079,300.731,300.629,1,0.37
13.08.2021 03:30:04.004,300.731,300.624,1,0.75
13.08.2021 03:30:07.085,300.731,300.627,1,0.75
13.08.2021 03:30:08.103,300.731,300.626,1,0.75
13.08.2021 03:30:09.031,300.731,300.629,1,0.37
13.08.2021 03:30:10.063,300.731,300.648,1,0.37
13.08.2021 03:30:11.087,300.731,300.642,1,0.37
13.08.2021 03:30:12.006,300.731,300.626,1,0.75
13.08.2021 03:30:12.516,300.731,300.593,1,0.75
13.08.2021 03:30:13.020,300.731,300.585,1,0.75
13.08.2021 03:30:14.035,300.731,300.622,1,0.75
13.08.2021 03:30:15.057,300.731,300.63,1,0.75
13.08.2021 03:30:17.100,300.731,300.6,1,0.75
13.08.2021 03:30:18.020,300.731,300.63,1,0.75
13.08.2021 03:30:19.037,300.731,300.617,1,0.75
