Gmt time,Ask,Bid,AskVolume,BidVolume
03.08.2021 00:00:00.054,301.079,300.057,1.12,1.12
03.08.2021 00:00:01.078,301.046,300.094,1.12,1.12
03.08.2021 00:00:01.179,300.99,300.094,1.25,1.12
03.08.2021 00:00:01.289,300.99,300.444,1.25,0.94
03.08.2021 00:00:03.436,300.953,300.444,1,0.94
03.08.2021 00:00:03.587,300.953,300.444,1.5,0.94
03.08.2021 00:00:03.697,300.953,300.444,1.5,0.94
03.08.2021 00:00:04.944,300.91900000000004,300.444,1.5,0.94
03.08.2021 00:00:05.160,300.903,300.444,1.5,0.94
03.08.2021 00:00:06.201,300.885,300.444,1.12,0.94
03.08.2021 00:00:06.402,300.857,300.444,1,0.94
03.08.2021 00:00:06.553,300.801,300.444,1,0.94
03.08.2021 00:00:06.654,300.801,300.444,1.5,0.94
03.08.2021 00:00:06.758,300.801,300.285,1.5,0.94
03.08.2021 00:00:06.809,300.801,300.285,1.5,0.94
03.08.2021 00:00:07.010,300.769,300.285,1.5,0.94
03.08.2021 00:00:07.178,300.769,300.285,1.5,0.94
03.08.2021 00:00:07.379,300.759,300.285,1.5,0.94
03.08.2021 00:00:07.587,300.769,300.285,0.69,0.94
03.08.2021 00:00:09.276,300.77500000000003,300.285,0.69,0.94
03.08.2021 00:00:09.540,300.756,300.285,1.5,0.94
03.08.2021 00:00:09.942,300.772,300.285,0.69,0.94
03.08.2021 00:00:10.143,300.756,300.285,1.5,0.94
03.08.2021 00:00:10.395,300.756,300.285,1.5,0.94
03.08.2021 00:00:10.596,300.756,300.285,1.5,0.94
03.08.2021 00:00:10.797,300.771,300.285,0.69,0.94
03.08.2021 00:00:10.898,300.73900000000003,300.285,1.5,0.94
03.08.2021 00:00:11.053,300.73900000000003,300.285,1.5,0.94
03.08.2021 00:00:11.234,300.676,300.285,0.37,0.94
03.08.2021 00:00:11.397,300.665,300.285,1,0.94
03.08.2021 00:00:11.548,300.641,300.285,1,0.94
03.08.2021 00:00:11.649,300.619,300.285,1,0.94
03.08.2021 00:00:16.254,300.619,300.285,1.25,0.94
03.08.2021 00:00:16.355,300.589,300.141,1.5,1.12
03.08.2021 00:00:18.093,300.589,300.148,1.5,1
03.08.2021 00:00:19.761,300.589,300.148,1,1
03.08.2021 00:00:19.885,300.589,300.147,1,1
03.08.2021 00:00:24.660,300.589,300.148,1,1
03.08.2021 00:00:24.939,300.589,300.153,1,1
03.08.2021 00:00:28.864,300.589,300.153,1.5,1.25
03.08.2021 00:00:32.223,300.589,300.153,1.5,1.5
03.08.2021 00:00:32.424,300.589,300.15500000000003,1,1.5
03.08.2021 00:00:33.524,300.589,300.16,1,1
03.08.2021 00:00:36.914,300.589,300.285,1,0.94
03.08.2021 00:00:48.768,300.589,300.15900000000005,1,1
03.08.2021 00:00:51.571,300.589,300.15700000000004,1,1
03.08.2021 00:00:51.723,300.589,300.15700000000004,1.5,0.75
03.08.2021 00:00:51.929,300.589,300.153,1.5,1
03.08.2021 00:00:53.550,300.589,300.153,1.5,1
03.08.2021 00:00:53.701,300.589,300.152,1.5,1
03.08.2021 00:00:53.751,300.589,300.152,1,1
03.08.2021 00:00:53.950,300.589,300.151,1,1
03.08.2021 00:00:56.077,300.589,300.152,1,1
03.08.2021 00:01:00.191,300.589,300.151,1,1
03.08.2021 00:01:00.544,300.589,300.147,1,1
03.08.2021 00:01:01.532,300.58,300.147,1,1
03.08.2021 00:01:07.020,300.58,300.285,1,0.94
03.08.2021 00:01:25.640,300.58,300.146,1,1
03.08.2021 00:01:25.691,300.58,300.142,1,1
03.08.2021 00:01:26.007,300.58,300.145,1,1
03.08.2021 00:01:26.406,300.58,300.13599999999997,1,1
03.08.2021 00:01:27.091,300.58,300.135,1,1
03.08.2021 00:01:30.006,300.58,300.133,1,1
03.08.2021 00:01:35.680,300.58,300.135,1,1
03.08.2021 00:01:37.151,300.58,300.285,1,0.94
03.08.2021 00:01:50.383,300.58,300.134,1.25,1.5
03.08.2021 00:01:50.453,300.58,300.134,1,1.5
03.08.2021 00:01:50.536,300.58,300.134,1.5,1.12
03.08.2021 00:01:50.587,300.58,300.134,1.75,1.12
03.08.2021 00:01:50.641,300.58,300.134,1.5,1.12
03.08.2021 00:01:51.146,300.58,300.134,1,1.12
03.08.2021 00:01:51.398,300.58,300.134,1.5,1.12
03.08.2021 00:01:52.085,300.58,300.13,1.5,1
03.08.2021 00:01:52.234,300.58,300.13,1.5,1
03.08.2021 00:01:52.435,300.58,300.13,1.5,1.5
03.08.2021 00:01:52.844,300.58,300.132,1,1
03.08.2021 00:01:54.618,300.58,300.134,1,1
03.08.2021 00:02:06.277,300.58,300.13599999999997,1,1
03.08.2021 00:02:06.645,300.58,300.14,1,1
03.08.2021 00:02:07.369,300.58,300.285,1,0.94
03.08.2021 00:02:08.588,300.58,300.285,1.5,0.94
03.08.2021 00:02:08.789,300.58,300.285,1,0.94
03.08.2021 00:02:12.544,300.58,300.285,1.5,0.94
03.08.2021 00:02:16.397,300.58,300.285,1,0.94
03.08.2021 00:02:21.483,300.58,300.16200000000003,1,1
03.08.2021 00:02:23.448,300.58,300.163,1,1
03.08.2021 00:02:23.800,300.58,300.16700000000003,1,1
03.08.2021 00:02:25.068,300.58,300.16400000000004,1,1
03.08.2021 00:02:25.466,300.58,300.163,1,1
03.08.2021 00:02:25.882,300.58,300.168,1,1
03.08.2021 00:02:26.282,300.58,300.171,1,1
03.08.2021 00:02:37.377,300.58,300.285,1,0.94
03.08.2021 00:02:45.218,300.58,300.17,1,1
03.08.2021 00:02:45.268,300.58,300.17,1.5,1
03.08.2021 00:02:47.842,300.58,300.17,1,1
03.08.2021 00:02:48.043,300.58,300.17,1.5,1
03.08.2021 00:02:59.584,300.58,300.17,1,1
03.08.2021 00:02:59.789,300.58,300.17,1.5,1
03.08.2021 00:03:01.975,300.58,300.168,1.5,1
03.08.2021 00:03:02.084,300.58,300.168,1.5,1
03.08.2021 00:03:02.430,300.58,300.16,1.5,1
03.08.2021 00:03:07.481,300.58,300.285,1.5,0.94
03.08.2021 00:03:17.792,300.58,300.285,1.5,0.94
03.08.2021 00:03:19.311,300.58,300.166,1.5,1
03.08.2021 00:03:20.359,300.58,300.166,1.5,1
03.08.2021 00:03:20.465,300.58,300.163,1.5,1
03.08.2021 00:03:20.764,300.58,300.161,1.5,1
03.08.2021 00:03:31.268,300.58,300.161,1,1
03.08.2021 00:03:31.488,300.58,300.161,1.5,1
03.08.2021 00:03:32.411,300.58,300.15900000000005,1.5,1
03.08.2021 00:03:37.496,300.58,300.285,1.5,0.94
03.08.2021 00:03:42.908,300.58,300.285,1,0.94
03.08.2021 00:03:43.009,300.58,300.285,1.5,0.94
03.08.2021 00:03:55.131,300.58,300.15900000000005,1.5,1
03.08.2021 00:03:55.718,300.58,300.15900000000005,1,1
03.08.2021 00:03:55.874,300.58,300.15900000000005,1.5,1
03.08.2021 00:04:06.658,300.58,300.15900000000005,1,1
03.08.2021 00:04:06.875,300.58,300.15900000000005,1.5,1
03.08.2021 00:04:07.705,300.58,300.285,1.5,0.94
03.08.2021 00:04:13.140,300.58,300.285,1.5,0.94
03.08.2021 00:04:24.600,300.58,300.15500000000003,1.5,1
03.08.2021 00:04:24.701,300.58,300.15700000000004,1.5,1
03.08.2021 00:04:24.993,300.58,300.158,1.5,1
03.08.2021 00:04:26.448,300.58,300.15900000000005,1.5,1
03.08.2021 00:04:27.642,300.58,300.16200000000003,1.5,1
03.08.2021 00:04:28.005,300.58,300.16,1.5,1
03.08.2021 00:04:28.408,300.58,300.16400000000004,1.5,1
03.08.2021 00:04:31.787,300.58,300.16200000000003,1.5,1
03.08.2021 00:04:32.958,300.58,300.16200000000003,1,1
03.08.2021 00:04:33.008,300.58,300.16200000000003,1.5,1
03.08.2021 00:04:34.422,300.58,300.16,1.5,1
03.08.2021 00:04:37.925,300.58,300.285,1.5,0.94
03.08.2021 00:04:47.434,300.58,300.285,1.5,0.94
03.08.2021 00:04:48.407,300.58,300.285,1.5,0.94
03.08.2021 00:04:49.199,300.58,300.285,1.5,0.94
03.08.2021 00:04:49.470,300.58,300.17,1.5,1
03.08.2021 00:04:49.908,300.58,300.168,1.5,1
03.08.2021 00:04:53.983,300.58,300.16700000000003,1.5,1
03.08.2021 00:05:02.518,300.58,300.16900000000004,1,1
03.08.2021 00:05:02.569,300.58,300.16900000000004,1.5,1
03.08.2021 00:05:02.867,300.58,300.172,1.5,1
03.08.2021 00:05:08.038,300.58,300.285,1.5,0.94
03.08.2021 00:05:15.234,300.58,300.285,1,0.94
03.08.2021 00:05:15.349,300.58,300.16700000000003,1,1
03.08.2021 00:05:15.450,300.58,300.16700000000003,1.5,1
03.08.2021 00:05:18.543,300.58,300.16700000000003,1,1
03.08.2021 00:05:18.699,300.58,300.16700000000003,1.5,1
03.08.2021 00:05:29.019,300.531,300.163,1,1.5
03.08.2021 00:05:29.120,300.476,300.271,1,0.94
03.08.2021 00:05:29.220,300.47900000000004,300.271,1,0.94
03.08.2021 00:05:29.433,300.44599999999997,300.271,1,0.94
03.08.2021 00:05:29.484,300.455,300.271,1,0.94
03.08.2021 00:05:29.534,300.443,300.271,1,0.94
03.08.2021 00:05:29.640,300.443,300.271,1.5,0.94
03.08.2021 00:05:29.892,300.443,300.271,1.5,0.94
03.08.2021 00:05:30.071,300.443,300.271,1.5,0.94
03.08.2021 00:05:34.111,300.443,300.271,1.5,0.94
03.08.2021 00:05:34.230,300.416,300.271,1.5,0.94
03.08.2021 00:05:35.765,300.416,300.271,1.12,0.94
03.08.2021 00:05:36.618,300.416,300.09000000000003,1.5,1.5
03.08.2021 00:05:36.719,300.416,300.134,1.75,0.37
03.08.2021 00:05:36.769,300.416,300.124,1.75,0.37
03.08.2021 00:05:40.076,300.393,300.074,1,1.12
03.08.2021 00:05:40.277,300.393,300.07099999999997,1.5,1.5
03.08.2021 00:05:40.965,300.382,300.11400000000003,1.5,0.37
03.08.2021 00:05:41.169,300.382,299.986,1,1.12
03.08.2021 00:05:41.300,300.376,299.986,1,1.12
03.08.2021 00:05:41.401,300.374,300.124,1,0.75
03.08.2021 00:05:43.425,300.375,300.124,1,0.75
03.08.2021 00:05:43.476,300.378,300.124,1,0.75
03.08.2021 00:05:44.138,300.38,300.124,1,0.94
03.08.2021 00:05:48.145,300.38,300.124,1.5,0.94
03.08.2021 00:05:51.483,300.38,300.01099999999997,1.5,1.5
03.08.2021 00:05:51.943,300.38,300.124,1.5,0.94
03.08.2021 00:05:52.044,300.38,300.01,1.5,1.5
03.08.2021 00:05:52.311,300.38,300.01099999999997,1.5,1.5
03.08.2021 00:05:58.685,300.38,300.03400000000005,1,1.25
03.08.2021 00:05:58.736,300.34700000000004,300.03400000000005,1,1.25
03.08.2021 00:05:58.887,300.34700000000004,300.043,1.5,1.25
03.08.2021 00:06:01.736,300.34700000000004,300.02,1,1.25
03.08.2021 00:06:01.788,300.34700000000004,300.02,1.5,1.5
03.08.2021 00:06:01.839,300.34700000000004,300.02,1.5,1.5
03.08.2021 00:06:01.889,300.339,300.007,1,1.5
03.08.2021 00:06:01.990,300.34200000000004,300.074,1,0.37
03.08.2021 00:06:02.644,300.34200000000004,299.998,1,1.12
03.08.2021 00:06:11.463,300.34200000000004,300.124,1,0.94
03.08.2021 00:06:17.954,300.34200000000004,300.124,1.5,0.94
03.08.2021 00:06:18.107,300.34200000000004,300.124,1.5,0.94
03.08.2021 00:06:18.328,300.34200000000004,300.124,1.75,0.94
03.08.2021 00:06:21.711,300.34200000000004,300.124,1,0.94
03.08.2021 00:06:21.762,300.302,300.124,1,0.94
03.08.2021 00:06:21.862,300.305,300.124,1,0.94
03.08.2021 00:06:22.776,300.305,300.124,1.5,0.94
03.08.2021 00:06:23.680,300.305,300.124,1,0.94
03.08.2021 00:06:23.795,300.305,300.007,1,1.25
03.08.2021 00:06:28.579,300.305,299.98400000000004,1,1.25
03.08.2021 00:06:28.629,300.291,299.98400000000004,1,1.25
03.08.2021 00:06:28.680,300.291,299.964,1,1.5
03.08.2021 00:06:28.730,300.291,300.024,1.5,0.37
03.08.2021 00:06:29.435,300.291,299.97,1,1.12
03.08.2021 00:06:29.527,300.291,299.97,1,1
03.08.2021 00:06:29.578,300.291,299.97900000000004,1,1.12
03.08.2021 00:06:29.702,300.291,299.97,1,1.5
03.08.2021 00:06:29.903,300.291,299.964,1,1.5
03.08.2021 00:06:29.954,300.291,299.971,1,1.12
03.08.2021 00:06:35.424,300.291,299.964,1.5,1.5
03.08.2021 00:06:36.927,300.291,299.958,1,1.5
03.08.2021 00:06:40.361,300.291,299.958,1,1.5
03.08.2021 00:06:40.512,300.291,299.963,1.5,1.5
03.08.2021 00:06:41.395,300.291,300.124,1.5,0.94
03.08.2021 00:06:43.117,300.291,300.124,1,0.94
03.08.2021 00:06:43.688,300.291,300.124,1.5,0.94
03.08.2021 00:06:47.119,300.291,300.124,1,0.94
03.08.2021 00:06:55.399,300.291,300.124,1.5,0.94
03.08.2021 00:06:58.585,300.291,300.124,1,0.94
03.08.2021 00:06:58.736,300.291,299.962,1,1.5
03.08.2021 00:06:58.787,300.291,299.962,1.5,1.5
03.08.2021 00:06:58.969,300.291,299.97400000000005,1.5,1
03.08.2021 00:07:01.040,300.291,300.03400000000005,1,0.37
03.08.2021 00:07:01.091,300.291,299.966,1.5,1.12
03.08.2021 00:07:03.344,300.291,299.966,1,1.12
03.08.2021 00:07:03.395,300.291,300.024,1.5,0.37
03.08.2021 00:07:10.345,300.291,299.964,1,1.12
03.08.2021 00:07:10.455,300.291,299.96500000000003,1,1.12
03.08.2021 00:07:10.547,300.291,299.96500000000003,1.5,1.12
03.08.2021 00:07:11.399,300.291,300.124,1.5,0.94
03.08.2021 00:07:14.102,300.291,300.124,1,0.94
03.08.2021 00:07:14.313,300.291,300.124,1.5,0.94
03.08.2021 00:07:14.524,300.291,300.124,1,0.94
03.08.2021 00:07:18.237,300.291,300.124,1.5,0.94
03.08.2021 00:07:18.655,300.291,299.966,1.5,1.12
03.08.2021 00:07:28.637,300.291,299.966,1,1
03.08.2021 00:07:28.705,300.291,299.966,1,1.12
03.08.2021 00:07:28.843,300.291,299.966,1.5,1.12
03.08.2021 00:07:29.483,300.291,299.962,1,1.5
03.08.2021 00:07:29.685,300.291,299.966,1.5,1.12
03.08.2021 00:07:34.937,300.291,299.988,1.5,1
03.08.2021 00:07:40.480,300.291,299.962,1.5,1.5
03.08.2021 00:07:41.713,300.291,300.124,1.5,0.94
03.08.2021 00:07:43.452,300.291,300.124,1,0.94
03.08.2021 00:07:43.655,300.291,300.124,1.5,0.94
03.08.2021 00:08:08.623,300.291,299.958,1.5,1.5
03.08.2021 00:08:11.725,300.291,300.124,1.5,0.94
03.08.2021 00:08:28.624,300.291,299.958,1.5,1.5
03.08.2021 00:08:31.541,300.316,299.958,1.75,1.5
03.08.2021 00:08:31.834,300.316,300.078,1.75,0.94
03.08.2021 00:08:32.985,300.316,300.078,1.5,1.25
03.08.2021 00:08:33.844,300.316,300.078,1.5,0.94
03.08.2021 00:08:34.035,300.316,300.078,1.5,1.25
03.08.2021 00:08:48.624,300.316,299.978,1.5,1.12
03.08.2021 00:09:01.551,300.316,299.97400000000005,1.5,1.12
03.08.2021 00:09:01.988,300.316,300.078,1.5,0.94
03.08.2021 00:09:18.624,300.316,299.969,1.5,1.12
03.08.2021 00:09:31.713,300.316,299.988,1,1.5
03.08.2021 00:09:31.895,300.316,299.988,1,1.5
03.08.2021 00:09:32.094,300.316,300.078,1.12,0.94
03.08.2021 00:09:35.212,300.316,300.078,1.5,0.94
03.08.2021 00:09:39.244,300.316,300.078,1.12,1.25
03.08.2021 00:09:39.502,300.316,299.988,1.12,1.5
03.08.2021 00:09:46.063,300.316,299.988,1.5,1.5
03.08.2021 00:09:47.267,300.316,299.988,1,1.5
03.08.2021 00:10:02.109,300.316,300.078,1,0.94
03.08.2021 00:10:03.061,300.316,300.078,1.5,0.94
03.08.2021 00:10:10.088,300.316,299.988,1.5,1.5
03.08.2021 00:10:10.227,300.316,299.988,1.5,1.5
03.08.2021 00:10:32.218,300.316,300.078,1.5,1.25
03.08.2021 00:10:38.564,300.316,300.078,1.12,0.94
03.08.2021 00:10:38.765,300.316,300.078,1.5,1.25
03.08.2021 00:10:43.648,300.316,299.987,1.5,1.12
03.08.2021 00:10:43.900,300.316,299.988,1.12,1.12
03.08.2021 00:10:44.050,300.316,299.988,1.12,1.12
03.08.2021 00:10:48.339,300.316,299.978,1.5,1.5
03.08.2021 00:10:48.493,300.316,299.978,1.75,1.5
03.08.2021 00:10:48.743,300.316,299.978,1.5,1.5
03.08.2021 00:10:48.905,300.316,299.968,1.5,1.5
03.08.2021 00:10:49.018,300.316,299.96500000000003,1.5,1.12
03.08.2021 00:10:49.119,300.316,300.082,1.5,0.94
03.08.2021 00:10:50.782,300.316,300.082,1.5,0.94
03.08.2021 00:10:50.948,300.316,300.082,1.5,0.94
03.08.2021 00:10:53.159,300.316,300.082,1.5,0.94
03.08.2021 00:10:53.560,300.316,300.082,1.5,0.94
03.08.2021 00:10:58.770,300.316,299.958,1.5,1.12
03.08.2021 00:10:58.966,300.316,299.955,1.5,1.12
03.08.2021 00:10:59.148,300.291,299.948,1.5,1.5
03.08.2021 00:10:59.318,300.291,299.948,1.5,1.5
03.08.2021 00:10:59.720,300.291,299.948,1.5,1.5
03.08.2021 00:11:04.550,300.291,299.948,1.5,1.5
03.08.2021 00:11:04.753,300.291,299.952,1.5,1.12
03.08.2021 00:11:09.452,300.291,299.948,1.5,1.5
03.08.2021 00:11:10.019,300.291,299.948,1.5,1.5
03.08.2021 00:11:17.098,300.291,299.948,1.5,1.5
03.08.2021 00:11:19.289,300.291,300.082,1.75,0.94
03.08.2021 00:11:22.995,300.291,300.082,1.5,0.94
03.08.2021 00:11:23.202,300.291,300.082,1.5,0.94
03.08.2021 00:11:26.618,300.291,300.082,1.5,0.94
03.08.2021 00:11:26.770,300.291,300.082,1.5,0.94
03.08.2021 00:11:28.638,300.291,299.949,1.5,1.12
03.08.2021 00:11:38.537,300.291,300.074,1.5,0.94
03.08.2021 00:11:46.723,300.291,300.074,1.5,0.94
03.08.2021 00:11:46.792,300.291,300.074,1.5,0.94
03.08.2021 00:11:48.452,300.291,300.055,1.5,0.94
03.08.2021 00:11:48.553,300.291,300.055,1.5,0.94
03.08.2021 00:11:49.567,300.291,300.058,1.5,0.94
03.08.2021 00:11:54.311,300.291,300.058,1.5,0.94
03.08.2021 00:11:58.898,300.291,299.932,1.5,1.12
03.08.2021 00:12:06.378,300.291,299.934,1.5,1.12
03.08.2021 00:12:18.999,300.291,299.949,1.5,1.12
03.08.2021 00:12:19.722,300.291,300.058,1.5,0.94
03.08.2021 00:12:21.949,300.291,300.058,1.5,0.94
03.08.2021 00:12:22.154,300.291,300.058,1.5,0.94
03.08.2021 00:12:31.865,300.291,299.97200000000004,1.5,1
03.08.2021 00:12:32.016,300.291,299.948,1.5,1
03.08.2021 00:12:32.066,300.291,299.97400000000005,1.5,1
03.08.2021 00:12:34.378,300.291,299.96700000000004,1.5,1
03.08.2021 00:12:34.583,300.291,299.966,1.5,1
03.08.2021 00:12:38.131,300.29,299.964,1,1
03.08.2021 00:12:38.564,300.291,299.96500000000003,1.5,1
03.08.2021 00:12:44.464,300.291,300.053,1.5,0.94
03.08.2021 00:12:44.514,300.291,300.053,1.5,0.94
03.08.2021 00:12:50.449,300.291,300.053,1.5,0.94
03.08.2021 00:12:50.600,300.291,300.056,1.5,0.94
03.08.2021 00:12:58.852,300.291,299.91700000000003,1.5,1.12
03.08.2021 00:13:04.409,300.291,299.911,1.75,1.12
03.08.2021 00:13:20.758,300.26099999999997,300.056,1.5,0.94
03.08.2021 00:13:23.396,300.26099999999997,299.964,1.5,0.37
03.08.2021 00:13:23.446,300.26099999999997,300.056,1.5,0.94
03.08.2021 00:13:48.156,300.26099999999997,299.91200000000003,1.5,1.12
03.08.2021 00:13:51.032,300.26099999999997,300.056,1.5,0.94
03.08.2021 00:13:53.868,300.26099999999997,300.056,1.5,0.94
03.08.2021 00:14:01.035,300.26099999999997,299.899,1.5,1.12
03.08.2021 00:14:01.281,300.26099999999997,299.888,1.5,1.5
03.08.2021 00:14:04.168,300.26099999999997,299.888,1.5,1.5
03.08.2021 00:14:05.024,300.26099999999997,299.888,1.5,1.5
03.08.2021 00:14:05.226,300.26099999999997,299.893,1.75,1.12
03.08.2021 00:14:05.381,300.26099999999997,299.91200000000003,1.75,1.12
03.08.2021 00:14:05.580,300.26099999999997,299.911,1.5,1.12
03.08.2021 00:14:05.782,300.26099999999997,299.91200000000003,1.75,1.12
03.08.2021 00:14:06.393,300.26099999999997,299.91200000000003,1.5,1
03.08.2021 00:14:06.590,300.26099999999997,299.913,1.5,1.12
03.08.2021 00:14:06.996,300.26099999999997,299.913,1.5,1.12
03.08.2021 00:14:19.935,300.26099999999997,299.888,1.5,1.5
03.08.2021 00:14:19.997,300.26099999999997,299.888,1.5,1.5
03.08.2021 00:14:20.098,300.26099999999997,299.894,1.5,1.5
03.08.2021 00:14:20.148,300.26099999999997,299.894,1.5,1.5
03.08.2021 00:14:20.318,300.26099999999997,299.91400000000004,1.5,1.12
03.08.2021 00:14:21.152,300.26099999999997,300.056,1.5,0.94
03.08.2021 00:14:21.437,300.26099999999997,300.056,1.5,0.94
03.08.2021 00:14:21.639,300.26099999999997,300.056,1.5,0.94
03.08.2021 00:14:21.794,300.26099999999997,300.056,1.5,0.94
03.08.2021 00:14:22.046,300.26099999999997,300.056,1.5,0.94
03.08.2021 00:14:27.719,300.26099999999997,300.056,1.5,0.94
03.08.2021 00:14:28.243,300.26099999999997,300.056,1.5,0.94
03.08.2021 00:14:36.118,300.26099999999997,299.908,1.5,1.12
03.08.2021 00:14:37.802,300.26099999999997,299.91,1.5,1.12
03.08.2021 00:14:37.976,300.26099999999997,299.898,1.5,1.12
03.08.2021 00:14:41.037,300.26099999999997,299.913,1.5,1.12
03.08.2021 00:14:43.360,300.26099999999997,299.913,1.5,1.12
03.08.2021 00:14:43.562,300.26099999999997,299.908,1.5,1.5
03.08.2021 00:14:43.809,300.26099999999997,299.91,1.5,1.5
03.08.2021 00:14:43.960,300.26099999999997,299.97400000000005,1.5,0.37
03.08.2021 00:14:45.250,300.26099999999997,299.916,1.5,1.12
03.08.2021 00:14:51.288,300.26099999999997,300.056,1.5,0.94
03.08.2021 00:14:53.376,300.26099999999997,300.056,1.5,0.94
03.08.2021 00:15:00.562,300.26099999999997,299.896,1.5,1.12
03.08.2021 00:15:05.638,300.26099999999997,299.91,1.75,1.12
03.08.2021 00:15:11.012,300.253,299.926,1,1
03.08.2021 00:15:12.048,300.26099999999997,299.954,1.5,0.37
03.08.2021 00:15:12.242,300.26,299.90700000000004,1,1
03.08.2021 00:15:13.903,300.252,299.927,1,1
03.08.2021 00:15:15.820,300.26099999999997,299.897,1.62,1
03.08.2021 00:15:16.005,300.25,299.90700000000004,1,1
03.08.2021 00:15:16.205,300.26099999999997,299.902,1.75,1.12
03.08.2021 00:15:19.257,300.26099999999997,299.902,1.75,1.12
03.08.2021 00:15:21.303,300.26099999999997,300.056,1.75,0.94
03.08.2021 00:15:23.373,300.26099999999997,300.056,1.75,0.94
03.08.2021 00:15:24.340,300.26099999999997,300.056,1.75,0.94
03.08.2021 00:15:36.118,300.26099999999997,299.908,1.75,1.12
03.08.2021 00:15:36.169,300.26099999999997,299.908,1.75,1.12
03.08.2021 00:15:36.371,300.26099999999997,299.901,1.75,1.12
03.08.2021 00:15:36.758,300.26099999999997,299.882,1.75,1.12
03.08.2021 00:15:36.971,300.26099999999997,299.901,1.75,1.12
03.08.2021 00:15:39.091,300.26099999999997,299.901,1.75,1.12
03.08.2021 00:15:39.592,300.26099999999997,299.88599999999997,1.5,1.12
03.08.2021 00:15:39.649,300.26099999999997,299.88599999999997,1.5,1.12
03.08.2021 00:15:39.747,300.26099999999997,299.88599999999997,1.5,1.12
03.08.2021 00:15:39.855,300.26099999999997,299.90500000000003,1.75,1.12
03.08.2021 00:15:40.545,300.26099999999997,299.885,1.75,1.12
03.08.2021 00:15:40.605,300.26099999999997,299.885,1.75,1.12
03.08.2021 00:15:40.749,300.26099999999997,299.903,1.75,1.12
03.08.2021 00:15:40.903,300.26099999999997,299.903,1.75,1.12
03.08.2021 00:15:41.891,300.26099999999997,299.903,1.75,1.12
03.08.2021 00:15:50.838,300.26099999999997,299.893,1.75,1.12
03.08.2021 00:15:50.992,300.26099999999997,299.893,1.5,1.12
03.08.2021 00:15:51.430,300.26099999999997,300.056,1.5,0.94
03.08.2021 00:15:55.188,300.26099999999997,300.056,1.75,0.94
03.08.2021 00:15:59.420,300.26099999999997,300.056,1.5,0.94
03.08.2021 00:15:59.476,300.26099999999997,299.91,1.75,1.12
03.08.2021 00:15:59.624,300.26099999999997,299.91,1.75,1.12
03.08.2021 00:15:59.779,300.26099999999997,299.91,1.75,1.12
03.08.2021 00:16:02.690,300.26099999999997,299.893,1.5,1.12
03.08.2021 00:16:02.915,300.26099999999997,299.91200000000003,1.5,1.12
03.08.2021 00:16:03.148,300.26099999999997,299.888,1.5,1.12
03.08.2021 00:16:03.317,300.26099999999997,299.898,1.5,1.5
03.08.2021 00:16:03.519,300.26099999999997,299.91200000000003,1.75,1.12
03.08.2021 00:16:05.470,300.26099999999997,299.891,1.75,1.12
03.08.2021 00:16:05.625,300.26099999999997,299.891,1.75,1.12
03.08.2021 00:16:08.958,300.26099999999997,299.937,1.5,1
03.08.2021 00:16:09.162,300.26099999999997,299.944,1.5,1
03.08.2021 00:16:09.316,300.26099999999997,299.944,1.5,1
03.08.2021 00:16:11.727,300.26,299.934,1,1
03.08.2021 00:16:11.900,300.26099999999997,299.908,1.5,1
03.08.2021 00:16:12.084,300.26099999999997,299.906,1.5,1
03.08.2021 00:16:21.445,300.26099999999997,300.056,1.5,0.94
03.08.2021 00:16:36.118,300.26099999999997,299.881,1.5,1.12
03.08.2021 00:16:51.460,300.26099999999997,300.056,1.5,0.94
03.08.2021 00:16:52.611,300.26099999999997,300.056,1.5,0.94
03.08.2021 00:17:03.341,300.23,299.878,1.5,1.5
03.08.2021 00:17:18.652,300.23,299.897,1.5,1
03.08.2021 00:17:21.567,300.23,300.056,1.5,0.94
03.08.2021 00:17:33.671,300.23,299.878,1.5,1.5
03.08.2021 00:17:40.023,300.23,299.878,1.5,1.5
03.08.2021 00:17:40.652,300.23,299.887,1.5,1
03.08.2021 00:17:51.187,300.23,299.868,1.5,1.5
03.08.2021 00:17:51.679,300.23,300.056,1.5,0.94
03.08.2021 00:18:05.747,300.23,299.878,1.5,1.25
03.08.2021 00:18:05.798,300.23,299.878,1.5,1.25
03.08.2021 00:18:05.953,300.23,299.88,1.5,1.25
03.08.2021 00:18:06.203,300.23,299.889,1.5,1.25
03.08.2021 00:18:13.451,300.23,299.87,1.5,1.12
03.08.2021 00:18:13.662,300.23,299.872,1.5,1.5
03.08.2021 00:18:21.983,300.23,300.056,1.5,0.94
03.08.2021 00:18:27.331,300.23,300.056,1.5,0.94
03.08.2021 00:18:36.118,300.23,299.868,1.5,1.5
03.08.2021 00:18:50.503,300.23,299.858,1.5,1.5
03.08.2021 00:18:51.191,300.23,299.879,1.5,1.25
03.08.2021 00:18:52.098,300.23,300.056,1.5,0.94
03.08.2021 00:19:03.828,300.23,299.858,1.5,1.5
03.08.2021 00:19:03.929,300.23,299.848,1.75,1.5
03.08.2021 00:19:09.447,300.2,299.848,1.5,1.5
03.08.2021 00:19:09.693,300.2,299.848,1.5,1.5
03.08.2021 00:19:19.188,300.2,299.857,1.5,1.25
03.08.2021 00:19:21.794,300.2,299.858,1.5,1.25
03.08.2021 00:19:21.994,300.2,299.858,1.5,1.25
03.08.2021 00:19:22.304,300.2,300.056,1.5,0.94
03.08.2021 00:19:36.564,300.2,299.848,1.5,1.5
03.08.2021 00:19:48.490,300.172,299.848,1.5,1.5
03.08.2021 00:19:48.605,300.145,299.848,1,1.5
03.08.2021 00:19:48.655,300.145,299.822,1.5,1.5
03.08.2021 00:19:48.857,300.145,299.818,1,1.5
03.08.2021 00:19:49.089,300.145,299.828,1.5,1.44
03.08.2021 00:19:52.426,300.145,300.027,1.5,0.94
03.08.2021 00:19:54.503,300.145,299.828,1.5,1.5
03.08.2021 00:19:54.659,300.145,299.828,1,1.5
03.08.2021 00:19:54.710,300.145,300.029,1.25,0.94
03.08.2021 00:19:54.911,300.145,300.027,1.5,1.01
03.08.2021 00:19:55.062,300.145,300.024,1.5,0.94
03.08.2021 00:19:56.245,300.145,299.828,1.5,1.5
03.08.2021 00:19:59.260,300.145,299.828,1.5,1.5
03.08.2021 00:19:59.361,300.127,299.92,1.5,0.94
03.08.2021 00:20:04.025,300.127,299.92,1.5,0.94
03.08.2021 00:20:04.231,300.127,299.92,1.5,0.94
03.08.2021 00:20:06.118,300.127,299.92,1,0.94
03.08.2021 00:20:07.409,300.127,299.92,1.5,0.94
03.08.2021 00:20:07.767,300.127,299.92,1,1.25
03.08.2021 00:20:08.560,300.127,299.838,1,1.5
03.08.2021 00:20:29.428,300.127,299.92,1,1.25
03.08.2021 00:20:33.639,300.154,299.92,1.5,1.25
03.08.2021 00:20:33.740,300.154,299.92,1.5,1.25
03.08.2021 00:20:49.155,300.154,299.868,1.5,1.5
03.08.2021 00:20:57.018,300.154,299.868,1.5,1.5
03.08.2021 00:20:59.530,300.154,299.92,1.5,1.25
03.08.2021 00:21:00.494,300.154,299.92,1.5,1.25
03.08.2021 00:21:07.534,300.154,299.92,1,1.25
03.08.2021 00:21:07.734,300.154,299.92,1.5,1.25
03.08.2021 00:21:09.852,300.154,299.868,1.5,1.5
03.08.2021 00:21:29.657,300.154,299.92,1.5,1.25
03.08.2021 00:21:48.564,300.154,299.858,1.5,1.5
03.08.2021 00:21:49.433,300.154,299.858,1.5,1.5
03.08.2021 00:21:50.022,300.154,299.858,1.5,1.5
03.08.2021 00:21:59.863,300.154,299.92,1.5,1.25
03.08.2021 00:22:06.217,300.154,299.92,1.5,1.25
03.08.2021 00:22:14.250,300.154,299.848,1.5,1.5
03.08.2021 00:22:14.693,300.154,299.848,1.5,1.5
03.08.2021 00:22:30.076,300.154,299.92,1.75,0.94
03.08.2021 00:22:34.512,300.154,299.92,1.75,0.94
03.08.2021 00:22:38.564,300.154,299.818,1.75,1.5
03.08.2021 00:22:48.192,300.127,299.808,1.5,1.5
03.08.2021 00:22:55.942,300.127,299.811,1.5,1.25
03.08.2021 00:23:00.279,300.127,299.92,1.5,0.94
03.08.2021 00:23:08.563,300.127,299.808,1.5,1.5
03.08.2021 00:23:30.293,300.127,299.92,1.5,0.94
03.08.2021 00:23:44.184,300.127,299.92,1.5,0.94
03.08.2021 00:23:44.236,300.127,299.81,1.5,1.25
03.08.2021 00:24:00.512,300.127,299.92,1.5,0.82
03.08.2021 00:24:19.509,300.127,299.78900000000004,1.5,1.12
03.08.2021 00:24:23.606,300.127,299.78900000000004,1.5,1.12
03.08.2021 00:24:27.511,300.127,299.78900000000004,1.5,1.12
03.08.2021 00:24:27.712,300.127,299.818,1.5,1.5
03.08.2021 00:24:30.530,300.127,299.92,1.5,0.94
03.08.2021 00:24:36.061,300.127,299.92,1.5,0.94
03.08.2021 00:24:36.458,300.127,299.92,1.5,0.94
03.08.2021 00:24:36.995,300.127,299.92,1.5,0.94
03.08.2021 00:24:37.979,300.127,299.92,1.5,0.94
03.08.2021 00:24:38.542,300.127,299.92,1.5,0.94
03.08.2021 00:24:41.392,300.127,299.92,1,0.94
03.08.2021 00:24:47.563,300.127,299.839,1,1.25
03.08.2021 00:24:51.017,300.127,299.838,1,1.44
03.08.2021 00:24:52.288,300.127,299.838,1,1.5
03.08.2021 00:25:00.543,300.127,299.92,1,1.25
03.08.2021 00:25:03.220,300.127,299.92,1.5,0.94
03.08.2021 00:25:08.292,300.127,299.92,1.5,0.94
03.08.2021 00:25:13.277,300.127,299.92,1.5,0.94
03.08.2021 00:25:19.510,300.127,299.828,1.5,1.44
03.08.2021 00:25:24.669,300.127,299.828,1.5,1.44
03.08.2021 00:25:24.922,300.127,299.828,1.5,1.44
03.08.2021 00:25:30.569,300.127,299.92,1.5,0.94
03.08.2021 00:25:35.887,300.127,299.92,1.5,0.94
03.08.2021 00:25:38.639,300.127,299.92,1.5,0.94
03.08.2021 00:25:43.958,300.127,299.816,1.5,1.25
03.08.2021 00:25:44.053,300.127,299.816,1.5,1.25
03.08.2021 00:25:45.453,300.127,299.817,1.5,1.25
03.08.2021 00:25:45.943,300.127,299.92,1.5,0.94
03.08.2021 00:25:46.150,300.127,299.828,1.5,1.5
03.08.2021 00:25:51.127,300.127,299.828,1.5,1.5
03.08.2021 00:25:57.475,300.127,299.828,1,1.5
03.08.2021 00:26:00.598,300.127,299.92,1,0.94
03.08.2021 00:26:09.123,300.127,299.92,1.5,0.94
03.08.2021 00:26:09.576,300.127,299.828,1.5,1.44
03.08.2021 00:26:20.421,300.127,299.828,1.5,1.44
03.08.2021 00:26:21.823,300.127,299.828,1.5,1.44
03.08.2021 00:26:26.050,300.127,299.828,1.5,1.5
03.08.2021 00:26:26.255,300.127,299.828,1.5,1.5
03.08.2021 00:26:30.808,300.127,299.92,1.5,0.94
03.08.2021 00:26:32.311,300.127,299.92,1.5,0.94
03.08.2021 00:26:40.514,300.127,299.828,1.5,1.5
03.08.2021 00:26:55.851,300.127,299.828,1.5,1.5
03.08.2021 00:26:57.291,300.127,299.828,1.5,1.5
03.08.2021 00:27:01.124,300.127,299.92,1.5,0.94
03.08.2021 00:27:09.192,300.127,299.92,1.5,0.94
03.08.2021 00:27:11.790,300.127,299.829,1.5,1.25
03.08.2021 00:27:29.112,300.127,299.838,1,1.44
03.08.2021 00:27:29.632,300.127,299.838,1.5,1.44
03.08.2021 00:27:31.348,300.127,299.92,1.5,0.94
03.08.2021 00:27:43.932,300.127,299.828,1.5,1.81
03.08.2021 00:27:56.173,300.127,299.828,1,1.5
03.08.2021 00:28:01.467,300.127,299.92,1,1.25
03.08.2021 00:28:10.119,300.127,299.838,1,1.5
03.08.2021 00:28:19.101,300.127,299.838,1.5,1.44
03.08.2021 00:28:28.651,300.127,299.833,1,1.25
03.08.2021 00:28:28.854,300.127,299.835,1,1.25
03.08.2021 00:28:31.449,300.127,299.828,1,1.5
03.08.2021 00:28:31.557,300.127,299.92,1,0.94
03.08.2021 00:28:31.703,300.127,299.92,1.5,0.94
03.08.2021 00:28:32.213,300.127,299.92,1,0.94
03.08.2021 00:28:32.415,300.127,299.92,1.5,0.94
03.08.2021 00:28:37.105,300.127,299.92,1,1.25
03.08.2021 00:28:39.019,300.127,299.92,1.5,0.94
03.08.2021 00:28:44.024,300.127,299.92,1,1.25
03.08.2021 00:28:44.075,300.127,299.839,1,1.25
03.08.2021 00:28:56.225,300.127,299.844,1,1.25
03.08.2021 00:28:56.342,300.127,299.844,1,1.25
03.08.2021 00:29:01.701,300.127,299.92,1,1.25
03.08.2021 00:29:02.493,300.154,299.92,1.5,1.25
03.08.2021 00:29:09.697,300.154,299.941,1.5,0.94
03.08.2021 00:29:09.747,300.154,299.941,1,1.25
03.08.2021 00:29:12.406,300.154,299.943,1,1.25
03.08.2021 00:29:12.507,300.154,299.943,1.5,0.94
03.08.2021 00:29:18.306,300.154,299.943,1,1.25
03.08.2021 00:29:25.163,300.154,299.867,1,1.25
03.08.2021 00:29:26.618,300.154,299.943,1,1.25
03.08.2021 00:29:26.719,300.154,299.867,1,1.25
03.08.2021 00:29:42.565,300.154,299.858,1,1.5
03.08.2021 00:29:42.674,300.154,299.943,1,1.25
03.08.2021 00:29:59.513,300.154,299.858,1,1.5
03.08.2021 00:30:03.031,300.154,299.858,1,1.5
03.08.2021 00:30:03.553,300.154,299.858,1,1.5
03.08.2021 00:30:13.863,300.154,299.943,1,1.25
03.08.2021 00:30:32.132,300.154,299.858,1,1.25
03.08.2021 00:30:44.084,300.154,299.943,1,1.1
03.08.2021 00:31:12.906,300.154,299.858,1,1.25
03.08.2021 00:31:14.210,300.154,299.943,1,1.1
03.08.2021 00:31:29.512,300.154,299.868,1,0.69
03.08.2021 00:31:31.906,300.154,299.845,1,1.12
03.08.2021 00:31:35.994,300.154,299.845,1,1.12
03.08.2021 00:31:36.335,300.154,299.843,1,1.12
03.08.2021 00:31:36.689,300.154,299.845,1,1.12
03.08.2021 00:31:39.577,300.154,299.853,1,1.12
03.08.2021 00:31:41.060,300.154,299.878,1,1.5
03.08.2021 00:31:42.875,300.154,299.878,1,1.5
03.08.2021 00:31:44.230,300.154,299.943,1,1.25
03.08.2021 00:31:59.512,300.154,299.878,1,1.5
03.08.2021 00:32:04.885,300.187,299.878,1.5,1.5
03.08.2021 00:32:14.744,300.187,299.943,1.5,1.25
03.08.2021 00:32:16.671,300.187,299.943,1.5,1.25
03.08.2021 00:32:30.250,300.187,299.898,1.5,1.5
03.08.2021 00:32:36.885,300.187,299.898,1,1.5
03.08.2021 00:32:37.084,300.187,299.898,1.5,1.5
03.08.2021 00:32:44.765,300.187,299.943,1.5,1.25
03.08.2021 00:32:45.380,300.187,299.943,1,1.25
03.08.2021 00:33:00.120,300.187,299.908,1,1.25
03.08.2021 00:33:14.769,300.187,299.943,1,1.25
03.08.2021 00:33:16.903,300.187,299.943,1,1.75
03.08.2021 00:33:27.244,300.187,299.943,1,1.25
03.08.2021 00:33:27.901,300.187,299.908,1,1.5
03.08.2021 00:33:29.170,300.187,299.908,1,1.44
03.08.2021 00:33:29.220,300.21700000000004,299.908,1.5,1.44
03.08.2021 00:33:33.839,300.21700000000004,299.916,1.5,1.25
03.08.2021 00:33:34.189,300.21700000000004,299.93,1,1.25
03.08.2021 00:33:35.634,300.213,299.931,1,1.25
03.08.2021 00:33:37.477,300.24,299.936,1.5,1.25
03.08.2021 00:33:37.628,300.24,299.938,1.5,1.5
03.08.2021 00:33:40.440,300.24,299.938,1,1.5
03.08.2021 00:33:40.600,300.24,299.938,1.5,1.5
03.08.2021 00:33:40.840,300.24,299.938,1,1.5
03.08.2021 00:33:44.305,300.24,299.938,1.5,1.5
03.08.2021 00:33:44.511,300.24,299.928,1.5,1.5
03.08.2021 00:33:57.770,300.24,299.943,1.5,1.75
03.08.2021 00:34:16.155,300.24,299.943,1.5,1.75
03.08.2021 00:34:17.576,300.24,299.943,1.5,1.75
03.08.2021 00:35:01.541,300.24,299.928,1.5,1.5
03.08.2021 00:35:14.728,300.219,299.928,1,1.5
03.08.2021 00:35:15.019,300.219,299.928,1.5,1.5
03.08.2021 00:35:30.470,300.219,299.925,1,1.25
03.08.2021 00:36:01.571,300.219,299.93,1.5,1.25
03.08.2021 00:36:02.482,300.219,299.92,1.5,1.25
03.08.2021 00:36:05.350,300.219,299.908,1.5,1.5
03.08.2021 00:36:14.886,300.219,299.908,1.5,1.5
03.08.2021 00:36:15.088,300.219,299.908,1.5,1.5
03.08.2021 00:36:15.514,300.219,299.943,1.5,1.25
03.08.2021 00:36:20.841,300.193,299.943,1,1.25
03.08.2021 00:36:20.972,300.193,299.943,1.5,1.25
03.08.2021 00:36:22.421,300.193,299.943,1,1.25
03.08.2021 00:36:27.437,300.193,299.898,1,1.44
03.08.2021 00:36:31.921,300.193,299.898,1.5,1.44
03.08.2021 00:36:32.848,300.193,299.898,1,1.5
03.08.2021 00:36:35.210,300.193,299.888,1.5,1.5
03.08.2021 00:36:39.028,300.193,299.888,1,1.5
03.08.2021 00:36:40.112,300.193,299.888,1,1.5
03.08.2021 00:36:44.258,300.193,299.898,1,1.25
03.08.2021 00:36:45.465,300.193,299.943,1,1.25
03.08.2021 00:36:47.053,300.193,299.943,1.5,1.25
03.08.2021 00:36:57.439,300.193,299.888,1.5,1.5
03.08.2021 00:36:57.841,300.193,299.888,1,1.5
03.08.2021 00:37:07.765,300.193,299.888,1,1.5
03.08.2021 00:37:24.263,300.193,299.997,1,0.94
03.08.2021 00:37:35.050,300.193,299.92,1,1.25
03.08.2021 00:37:39.951,300.193,299.92,1,1.25
03.08.2021 00:37:44.793,300.193,299.918,1,1.81
03.08.2021 00:37:49.347,300.193,299.918,1,1.44
03.08.2021 00:37:54.553,300.193,299.997,1,0.94
03.08.2021 00:38:07.437,300.193,299.918,1,1.44
03.08.2021 00:38:19.364,300.193,299.918,1,1.44
03.08.2021 00:38:21.431,300.214,299.918,1,1.5
03.08.2021 00:38:24.766,300.214,299.997,1,1.25
03.08.2021 00:38:36.383,300.214,299.928,1,1.5
03.08.2021 00:38:54.883,300.214,299.997,1,1.25
03.08.2021 00:39:14.081,300.214,299.938,1,1.5
03.08.2021 00:39:14.131,300.214,299.938,1,1.5
03.08.2021 00:39:14.233,300.214,300.014,1,1.25
03.08.2021 00:39:16.771,300.214,300.019,1,1.25
03.08.2021 00:39:27.440,300.214,299.938,1,1.5
03.08.2021 00:39:32.947,300.214,300.022,1,1.25
03.08.2021 00:39:57.438,300.214,299.938,1,1.5
03.08.2021 00:40:03.194,300.214,300.022,1,1.25
03.08.2021 00:40:08.350,300.23900000000003,300.022,1,1.25
03.08.2021 00:40:08.640,300.23900000000003,300.022,1.5,1.25
03.08.2021 00:40:08.794,300.23900000000003,300.022,1,1.25
03.08.2021 00:40:09.495,300.23900000000003,300.022,1.5,1.25
03.08.2021 00:40:27.436,300.23900000000003,299.908,1.5,1.5
03.08.2021 00:40:33.523,300.23900000000003,300.022,1.5,1.25
03.08.2021 00:40:43.204,300.23900000000003,300.02500000000003,1.5,0.94
03.08.2021 00:40:59.744,300.23900000000003,299.92,1.5,1.12
03.08.2021 00:41:02.711,300.23900000000003,299.942,1.5,1
03.08.2021 00:41:02.912,300.23900000000003,299.934,1.5,1
03.08.2021 00:41:06.616,300.23900000000003,299.934,1.5,1
03.08.2021 00:41:08.506,300.23900000000003,299.923,1.5,1.5
03.08.2021 00:41:11.613,300.23900000000003,299.923,1.5,1.5
03.08.2021 00:41:13.389,300.23900000000003,300.02500000000003,1.5,0.94
03.08.2021 00:41:21.432,300.23900000000003,300.013,1.5,1.25
03.08.2021 00:41:30.016,300.23900000000003,299.921,1.5,1.12
03.08.2021 00:41:44.406,300.23900000000003,299.921,1,1.12
03.08.2021 00:41:44.609,300.23900000000003,299.921,1.5,1.12
03.08.2021 00:41:51.471,300.23900000000003,300.013,1.5,1.25
03.08.2021 00:42:10.447,300.23900000000003,300.013,1,1.25
03.08.2021 00:42:10.501,300.23900000000003,299.948,1,1.5
03.08.2021 00:42:10.834,300.23900000000003,299.948,1,1.5
03.08.2021 00:42:15.633,300.23900000000003,299.948,1.5,1.62
03.08.2021 00:42:21.686,300.23900000000003,300.013,1.5,1.25
03.08.2021 00:42:22.083,300.23900000000003,300.014,1.5,1.25
03.08.2021 00:42:22.184,300.23900000000003,300.014,1.5,0.94
03.08.2021 00:42:28.204,300.23900000000003,300.014,1.5,0.94
03.08.2021 00:42:37.437,300.23900000000003,299.948,1.5,1.5
03.08.2021 00:42:44.548,300.23900000000003,299.948,1,1.5
03.08.2021 00:42:44.750,300.23900000000003,299.948,1.5,1.5
03.08.2021 00:42:52.209,300.23900000000003,300.014,1.5,1.25
03.08.2021 00:43:22.218,300.23900000000003,299.948,1.5,1.5
03.08.2021 00:43:22.431,300.23900000000003,300.014,1.5,1.25
03.08.2021 00:43:30.759,300.23900000000003,299.948,1.5,1.5
03.08.2021 00:43:46.271,300.23900000000003,299.948,1,1
03.08.2021 00:43:52.252,300.23900000000003,299.938,1.5,1.5
03.08.2021 00:43:52.658,300.23900000000003,300.014,1.5,1.25
03.08.2021 00:44:06.792,300.23900000000003,300.014,1,1.25
03.08.2021 00:44:07.401,300.23900000000003,299.947,1,1
03.08.2021 00:44:08.945,300.23900000000003,299.938,1.5,1.5
03.08.2021 00:44:15.202,300.23900000000003,299.938,1,1.5
03.08.2021 00:44:15.402,300.23900000000003,299.938,1,1.5
03.08.2021 00:44:15.603,300.23900000000003,299.938,1.5,1.5
03.08.2021 00:44:22.881,300.23900000000003,300.014,1.5,1.25
03.08.2021 00:44:43.799,300.23900000000003,299.948,1.5,1.44
03.08.2021 00:44:43.928,300.23900000000003,299.948,1,1.44
03.08.2021 00:44:44.131,300.23900000000003,299.948,1.5,1.5
03.08.2021 00:44:45.037,300.23900000000003,299.948,1,1.5
03.08.2021 00:44:46.029,300.23900000000003,299.948,1.5,1.44
03.08.2021 00:44:53.101,300.23900000000003,300.014,1.5,1.25
03.08.2021 00:45:01.201,300.23900000000003,300.014,1,1.25
03.08.2021 00:45:02.856,300.23900000000003,300.014,1.5,1.25
03.08.2021 00:45:03.058,300.23900000000003,300.014,1,1.25
03.08.2021 00:45:03.398,300.23900000000003,300.019,1,1.25
03.08.2021 00:45:18.157,300.23900000000003,300.019,1.5,1.25
03.08.2021 00:45:18.207,300.23900000000003,299.948,1.5,1.5
03.08.2021 00:45:18.941,300.23900000000003,299.948,1,1.5
03.08.2021 00:45:19.545,300.23900000000003,299.948,1.5,1.5
03.08.2021 00:45:32.745,300.23900000000003,299.948,1,1.5
03.08.2021 00:45:33.694,300.23900000000003,300.019,1,1.25
03.08.2021 00:45:39.486,300.23900000000003,300.019,1.5,1.25
03.08.2021 00:45:39.663,300.23900000000003,300.02500000000003,1.5,0.94
03.08.2021 00:45:42.743,300.23900000000003,300.02500000000003,1.5,0.94
03.08.2021 00:45:44.298,300.23900000000003,300.003,1.5,1.25
03.08.2021 00:46:02.034,300.23900000000003,299.938,1.5,1.5
03.08.2021 00:46:14.562,300.23900000000003,300.003,1.5,1.25
03.08.2021 00:46:37.438,300.23900000000003,299.938,1.5,1.5
03.08.2021 00:46:44.978,300.23900000000003,300.003,1.5,1.25
03.08.2021 00:47:02.776,300.23900000000003,299.938,1.5,1.5
03.08.2021 00:47:15.079,300.23900000000003,300.003,1.5,1.25
03.08.2021 00:47:27.437,300.23900000000003,299.938,1.5,1.5
03.08.2021 00:47:28.100,300.23900000000003,299.938,1.5,1.5
03.08.2021 00:47:31.559,300.23900000000003,299.938,1.5,1.44
03.08.2021 00:47:31.762,300.23900000000003,299.938,1.5,1.5
03.08.2021 00:47:32.373,300.23900000000003,299.938,1.5,1.5
03.08.2021 00:47:33.288,300.23900000000003,299.938,1.5,1.44
03.08.2021 00:47:45.279,300.23900000000003,300.003,1.5,1.25
03.08.2021 00:47:50.655,300.23900000000003,300.003,1.5,1.25
03.08.2021 00:47:58.031,300.23900000000003,299.923,1.5,1.5
03.08.2021 00:47:58.664,300.23900000000003,299.923,1.5,1.5
03.08.2021 00:48:00.808,300.23900000000003,299.935,1.5,1
03.08.2021 00:48:04.205,300.23900000000003,299.935,1.5,1
03.08.2021 00:48:05.505,300.23900000000003,299.939,1.5,1
03.08.2021 00:48:12.989,300.23900000000003,299.918,1,1.72
03.08.2021 00:48:15.285,300.23900000000003,300.003,1,1.25
03.08.2021 00:48:28.284,300.23900000000003,300.003,1.5,1.25
03.08.2021 00:48:28.335,300.23900000000003,299.958,1.5,1.5
03.08.2021 00:48:37.320,300.23900000000003,299.958,1,1.5
03.08.2021 00:48:39.793,300.23900000000003,299.958,1.5,1.5
03.08.2021 00:48:45.309,300.23900000000003,300.003,1.5,1.25
03.08.2021 00:48:47.801,300.23900000000003,300.003,1,1.25
03.08.2021 00:48:50.044,300.23900000000003,300.003,1.5,1.25
03.08.2021 00:48:51.814,300.23900000000003,300.003,1,1.25
03.08.2021 00:48:53.008,300.23900000000003,300.003,1.5,1.25
03.08.2021 00:48:55.921,300.23900000000003,299.958,1.5,1.5
03.08.2021 00:49:06.581,300.23900000000003,299.958,1,1.5
03.08.2021 00:49:06.735,300.23900000000003,299.958,1,1.5
03.08.2021 00:49:07.811,300.23900000000003,299.958,1,1.5
03.08.2021 00:49:15.442,300.23900000000003,300.003,1,1.25
03.08.2021 00:49:37.437,300.23900000000003,299.948,1,1.5
03.08.2021 00:49:45.565,300.23900000000003,300.003,1,1.25
03.08.2021 00:49:59.639,300.23900000000003,299.958,1,1.5
03.08.2021 00:50:00.441,300.23900000000003,299.953,1,1
03.08.2021 00:50:05.742,300.23900000000003,299.948,1.5,1.5
03.08.2021 00:50:13.246,300.242,299.948,1,1.5
03.08.2021 00:50:15.785,300.242,300.003,1,1.25
03.08.2021 00:50:37.437,300.242,299.948,1,1.5
03.08.2021 00:50:45.804,300.242,300.003,1,1.25
03.08.2021 00:50:47.403,300.242,300.003,1.5,1.25
03.08.2021 00:50:47.554,300.242,300.003,1,1.25
03.08.2021 00:50:49.890,300.242,300.003,1.5,1.25
03.08.2021 00:50:50.090,300.242,300.003,1,1.25
03.08.2021 00:50:54.264,300.242,300.003,1.5,1.25
03.08.2021 00:51:00.785,300.242,299.944,1.5,1
03.08.2021 00:51:01.429,300.242,299.938,1.5,1.5
03.08.2021 00:51:14.361,300.242,299.938,1.5,1.5
03.08.2021 00:51:15.819,300.242,300.003,1.5,1.25
03.08.2021 00:51:27.440,300.242,299.938,1.5,1.5
03.08.2021 00:51:46.037,300.242,300.003,1.5,1.25
03.08.2021 00:51:59.632,300.242,300.003,1,1.25
03.08.2021 00:51:59.834,300.242,299.938,1.5,1.5
03.08.2021 00:52:00.233,300.242,299.938,1,1.5
03.08.2021 00:52:16.150,300.242,300.003,1,1.25
03.08.2021 00:52:40.514,300.242,299.949,1,1
03.08.2021 00:52:40.706,300.242,299.949,1.5,1
03.08.2021 00:52:46.470,300.242,300.003,1.5,1.25
03.08.2021 00:53:10.196,300.242,299.945,1.5,1
03.08.2021 00:53:16.497,300.242,300.003,1.5,1.25
03.08.2021 00:53:19.744,300.242,300.003,1,0.94
03.08.2021 00:53:28.335,300.242,299.948,1,1
03.08.2021 00:53:46.500,300.242,300.003,1,0.94
03.08.2021 00:53:59.130,300.242,299.948,1,1
03.08.2021 00:54:02.923,300.242,299.958,1,1
03.08.2021 00:54:03.024,300.27,299.958,1,1
03.08.2021 00:54:03.124,300.27,299.978,1,1
03.08.2021 00:54:13.590,300.27,299.958,1,1
03.08.2021 00:54:16.724,300.27,299.978,1,1
03.08.2021 00:54:16.836,300.27,300.003,1,1.25
03.08.2021 00:54:32.902,300.27,299.978,1,1
03.08.2021 00:54:46.906,300.27,300.003,1,1.25
03.08.2021 00:54:57.440,300.27,299.978,1,1
03.08.2021 00:55:00.287,300.27,299.998,1,1
03.08.2021 00:55:06.108,300.27,299.998,1,1.25
03.08.2021 00:55:06.263,300.27,299.998,1,1.5
03.08.2021 00:55:13.691,300.298,299.998,1.5,1.44
03.08.2021 00:55:13.849,300.298,300.018,1.5,1.5
03.08.2021 00:55:46.401,300.298,299.998,1.5,1.44
03.08.2021 00:55:48.286,300.298,300.003,1.5,1.75
03.08.2021 00:55:49.469,300.298,300.003,1.5,1.75
03.08.2021 00:55:50.255,300.27500000000003,300.003,1,1.75
03.08.2021 00:55:54.938,300.27500000000003,300.003,1,1.75
03.08.2021 00:56:01.420,300.27500000000003,299.988,1.5,1.5
03.08.2021 00:56:01.621,300.27500000000003,299.988,1,1.5
03.08.2021 00:56:11.368,300.27500000000003,299.988,1.5,1.5
03.08.2021 00:56:19.183,300.27500000000003,300.003,1,1.75
03.08.2021 00:56:19.796,300.27500000000003,300.003,1.5,1.75
03.08.2021 00:56:20.919,300.27500000000003,300.003,1,1.75
03.08.2021 00:56:29.275,300.27500000000003,300.003,1,1.75
03.08.2021 00:56:29.804,300.27500000000003,300.003,1,1.75
03.08.2021 00:56:33.755,300.27500000000003,299.98900000000003,1,1
03.08.2021 00:56:34.267,300.27500000000003,299.988,1,1.5
03.08.2021 00:57:14.683,300.27500000000003,299.998,1,1.5
03.08.2021 00:57:26.481,300.301,300.008,1.5,1.5
03.08.2021 00:57:26.531,300.301,300.008,1.5,1.5
03.08.2021 00:57:54.576,300.301,300.008,1.5,1.5
03.08.2021 00:57:54.677,300.301,300.008,1.5,1.5
03.08.2021 00:58:38.865,300.301,299.998,1.5,1.5
03.08.2021 00:58:40.595,300.301,299.998,1.5,1.5
03.08.2021 00:58:42.163,300.301,299.998,1.5,1.5
03.08.2021 00:58:44.075,300.301,299.988,1.5,1.5
03.08.2021 00:58:44.278,300.301,299.988,1.5,1.5
03.08.2021 00:58:51.494,300.301,300.003,1.5,1.75
03.08.2021 00:58:59.455,300.301,300.003,1.5,1.75
03.08.2021 00:59:20.702,300.301,300.003,1.5,1.75
03.08.2021 00:59:21.407,300.301,300.003,1.5,1.75
03.08.2021 00:59:34.123,300.301,299.988,1.5,1.5
03.08.2021 00:59:38.200,300.301,299.988,1.5,1.5
03.08.2021 01:00:00.618,300.27,300.003,1.5,1.25
03.08.2021 01:00:01.374,300.27,300.003,1.5,1.25
03.08.2021 01:00:02.671,300.27,300.003,1.5,1.25
03.08.2021 01:00:03.688,300.27,300.003,1.5,1.25
03.08.2021 01:00:03.739,300.27,299.958,1.5,1.5
03.08.2021 01:00:06.609,300.27,299.958,1.5,1.5
03.08.2021 01:00:06.779,300.27,299.958,1.5,1.5
03.08.2021 01:00:07.324,300.256,299.958,1,1.5
03.08.2021 01:00:08.483,300.259,299.958,1.5,1.5
03.08.2021 01:00:11.132,300.259,299.958,1.5,1.5
03.08.2021 01:00:11.536,300.259,299.958,1.5,1.5
03.08.2021 01:00:11.971,300.259,299.958,1.5,1.5
03.08.2021 01:00:13.056,300.259,299.958,1.5,1.5
03.08.2021 01:00:14.030,300.259,299.958,1.5,1.44
03.08.2021 01:00:16.664,300.259,299.958,1.5,1.5
03.08.2021 01:00:19.019,300.259,300.003,1.5,1.25
03.08.2021 01:00:22.366,300.259,300.003,1.5,1.25
03.08.2021 01:00:30.256,300.259,299.948,1.5,1.5
03.08.2021 01:00:34.398,300.259,299.948,1.5,1.5
03.08.2021 01:00:36.279,300.259,299.948,1.5,1.5
03.08.2021 01:00:49.139,300.259,300.003,1.5,1.25
03.08.2021 01:00:58.515,300.259,300.003,1.5,1.25
03.08.2021 01:01:00.744,300.259,299.948,1.5,1.5
03.08.2021 01:01:01.016,300.259,299.948,1.5,1.5
03.08.2021 01:01:03.537,300.259,299.948,1.5,1.5
03.08.2021 01:01:08.074,300.259,299.959,1.5,1
03.08.2021 01:01:08.326,300.259,299.958,1.5,1
03.08.2021 01:01:17.379,300.259,299.957,1.5,1
03.08.2021 01:01:17.580,300.259,299.959,1.5,1
03.08.2021 01:01:19.256,300.259,300.003,1.5,1.25
03.08.2021 01:01:33.983,300.259,299.934,1.5,1.12
03.08.2021 01:01:41.138,300.259,299.943,1,1.12
03.08.2021 01:01:45.844,300.259,299.958,1,1.5
03.08.2021 01:01:52.624,300.259,300.003,1,1.25
03.08.2021 01:01:52.826,300.259,300.003,1,1.75
03.08.2021 01:01:53.734,300.259,300.003,1,1.75
03.08.2021 01:01:53.886,300.259,300.003,1,1.75
03.08.2021 01:01:54.802,300.259,300.003,1,1.75
03.08.2021 01:01:55.251,300.259,300.003,1,1.75
03.08.2021 01:01:59.910,300.259,300.003,1,1.75
03.08.2021 01:02:01.136,300.259,299.968,1,1.5
03.08.2021 01:02:07.621,300.259,299.968,1,1.5
03.08.2021 01:02:08.575,300.259,299.968,1,1.5
03.08.2021 01:02:10.129,300.259,299.968,1,1.5
03.08.2021 01:02:23.730,300.259,300.003,1,1.25
03.08.2021 01:02:24.015,300.259,300.003,1,1.75
03.08.2021 01:02:34.900,300.259,299.968,1,1.44
03.08.2021 01:02:36.487,300.259,299.968,1,1.62
03.08.2021 01:02:51.093,300.259,300.003,1,1.75
03.08.2021 01:03:03.715,300.259,300.003,1,1.75
03.08.2021 01:03:05.898,300.259,299.968,1.5,1.5
03.08.2021 01:03:19.883,300.259,300.003,1.5,1.25
03.08.2021 01:03:23.242,300.259,300.003,1,1.25
03.08.2021 01:03:26.389,300.259,300.003,1,1.75
03.08.2021 01:03:26.590,300.259,300.003,1,1.25
03.08.2021 01:03:28.750,300.259,300.003,1.5,1.25
03.08.2021 01:03:30.260,300.259,299.968,1.5,1.5
03.08.2021 01:03:31.862,300.259,299.968,1,1.5
03.08.2021 01:03:32.254,300.259,299.968,1,1.5
03.08.2021 01:03:34.082,300.259,299.968,1.5,1.44
03.08.2021 01:03:36.169,300.259,299.968,1,1.5
03.08.2021 01:03:40.355,300.259,299.968,1.5,1.5
03.08.2021 01:03:42.490,300.259,299.968,1,1.5
03.08.2021 01:03:45.489,300.259,299.968,1,1.5
03.08.2021 01:03:55.032,300.259,300.003,1,1.75
03.08.2021 01:03:56.177,300.259,300.003,1,1.75
03.08.2021 01:04:02.304,300.259,299.968,1,0.9
03.08.2021 01:04:02.967,300.259,299.988,1,1.5
03.08.2021 01:04:11.409,300.259,299.988,1,1.44
03.08.2021 01:04:11.613,300.28200000000004,299.988,1,1.5
03.08.2021 01:04:22.029,300.28200000000004,300.003,1,1.75
03.08.2021 01:04:22.928,300.28200000000004,300.003,1,1.75
03.08.2021 01:04:23.129,300.28200000000004,300.003,1,1.75
03.08.2021 01:04:26.248,300.28200000000004,300.003,1,1.75
03.08.2021 01:04:30.188,300.28200000000004,300.003,1,1.75
03.08.2021 01:04:33.271,300.28200000000004,299.998,1,1.44
03.08.2021 01:05:01.721,300.28200000000004,300.003,1,1.75
03.08.2021 01:05:04.472,300.28200000000004,299.998,1,1.62
03.08.2021 01:05:04.921,300.28200000000004,299.998,1,1.62
03.08.2021 01:05:05.492,300.28200000000004,299.998,1,1.5
03.08.2021 01:05:05.697,300.28200000000004,299.998,1,1.62
03.08.2021 01:05:16.574,300.28200000000004,299.998,1,1.44
03.08.2021 01:05:31.694,300.28200000000004,300.003,1.5,1.75
03.08.2021 01:05:35.742,300.28200000000004,299.998,1,1.5
03.08.2021 01:05:36.247,300.28200000000004,299.998,1.5,1.5
03.08.2021 01:05:36.668,300.28200000000004,299.998,1,1.5
03.08.2021 01:05:37.352,300.28200000000004,299.998,1.5,1.5
03.08.2021 01:05:46.191,300.28200000000004,299.998,1.5,1.5
03.08.2021 01:05:46.398,300.28200000000004,299.988,1.5,1.5
03.08.2021 01:05:49.211,300.28200000000004,299.988,1,1.44
03.08.2021 01:05:50.793,300.28200000000004,300.003,1.5,1.75
03.08.2021 01:05:55.379,300.28200000000004,300.003,1,1.75
03.08.2021 01:05:56.407,300.28200000000004,300.003,1.5,1.75
03.08.2021 01:06:03.407,300.28200000000004,300.003,1,1.75
03.08.2021 01:06:46.710,300.28200000000004,300.008,1,1.5
03.08.2021 01:06:46.912,300.28200000000004,300.008,1,1.5
03.08.2021 01:07:06.284,300.28200000000004,300.008,1,1.5
03.08.2021 01:07:06.469,300.28200000000004,300.008,1,1.5
03.08.2021 01:07:09.019,300.28200000000004,300.008,1,1.5
03.08.2021 01:07:21.185,300.28200000000004,300.018,1,1.5
03.08.2021 01:07:25.868,300.28200000000004,300.018,1,1.5
03.08.2021 01:07:32.488,300.28200000000004,300.018,1,1.5
03.08.2021 01:07:37.769,300.307,300.028,1.5,1.5
03.08.2021 01:07:38.743,300.307,300.028,1,1.5
03.08.2021 01:07:42.801,300.307,300.028,1,1.5
03.08.2021 01:08:13.592,300.307,300.038,1,1.5
03.08.2021 01:08:13.794,300.307,300.028,1.5,1.5
03.08.2021 01:08:13.996,300.307,300.028,1.5,1.5
03.08.2021 01:08:21.048,300.307,300.018,1.5,1.5
03.08.2021 01:08:21.742,300.307,300.018,1.5,1.5
03.08.2021 01:08:23.977,300.307,300.018,1.5,1.5
03.08.2021 01:08:25.283,300.28200000000004,300.018,1,1.5
03.08.2021 01:08:27.094,300.28200000000004,300.003,1.5,1.75
03.08.2021 01:08:31.953,300.28200000000004,299.998,1,1.5
03.08.2021 01:08:39.612,300.28200000000004,299.998,1,1.5
03.08.2021 01:08:42.767,300.28200000000004,299.998,1.5,1.5
03.08.2021 01:09:24.918,300.259,300.003,1,1.75
03.08.2021 01:09:24.969,300.259,300.003,1,1.75
03.08.2021 01:09:26.259,300.259,300.003,1,1.25
03.08.2021 01:09:27.794,300.259,300.003,1.5,1.25
03.08.2021 01:09:44.439,300.259,300.003,1,1.75
03.08.2021 01:09:52.868,300.259,300.003,1.5,1.25
03.08.2021 01:09:53.209,300.259,300.003,1,1.75
03.08.2021 01:10:04.413,300.259,299.988,1,1.5
03.08.2021 01:10:06.978,300.259,299.988,1.5,1
03.08.2021 01:10:07.179,300.259,299.988,1.5,1.5
03.08.2021 01:10:09.623,300.259,300.008,1.5,1
03.08.2021 01:10:10.387,300.259,300.008,1,1
03.08.2021 01:10:12.962,300.285,300.008,1.5,1
03.08.2021 01:10:24.903,300.285,300.008,1,1.5
03.08.2021 01:10:29.328,300.285,300.018,1,1.5
03.08.2021 01:10:31.323,300.285,300.018,1,1.5
03.08.2021 01:10:51.443,300.285,300.018,1,1.5
03.08.2021 01:10:52.643,300.285,300.018,1,1.5
03.08.2021 01:12:44.685,300.285,300.008,1,1.5
03.08.2021 01:13:04.346,300.285,300.018,1,1.5
03.08.2021 01:13:47.548,300.285,300.028,1,1.5
03.08.2021 01:13:47.989,300.285,300.028,1,1.5
03.08.2021 01:14:03.149,300.285,300.028,1,1.5
03.08.2021 01:14:06.781,300.285,300.028,1,1.5
03.08.2021 01:14:14.954,300.31,300.048,1.5,1
03.08.2021 01:14:15.004,300.31,300.048,1,1.5
03.08.2021 01:14:56.167,300.31,300.028,1.5,1.5
03.08.2021 01:15:00.701,300.31,300.028,1,1.5
03.08.2021 01:15:01.169,300.31,300.028,1,1.5
03.08.2021 01:15:17.088,300.31,300.048,1,1.5
03.08.2021 01:15:18.764,300.31,300.068,1,1
03.08.2021 01:15:22.318,300.31,300.068,1,1.5
03.08.2021 01:15:32.348,300.31,300.068,1,1.5
03.08.2021 01:15:36.004,300.31,300.078,1,1.5
03.08.2021 01:15:37.369,300.31,300.078,1,1.5
03.08.2021 01:15:40.101,300.31,300.068,1,1.5
03.08.2021 01:15:40.785,300.31,300.068,1,1.5
03.08.2021 01:15:45.115,300.31,300.068,1,1.5
03.08.2021 01:15:47.496,300.31,300.068,1,1.5
03.08.2021 01:16:07.599,300.31,300.068,1,1.5
03.08.2021 01:16:22.239,300.31,300.068,1,1
03.08.2021 01:16:23.597,300.31,300.068,1,1.5
03.08.2021 01:16:24.393,300.31,300.068,1.5,1
03.08.2021 01:16:24.595,300.31,300.068,1,1
03.08.2021 01:16:39.974,300.31,300.058,1,1.5
03.08.2021 01:16:52.674,300.31,300.058,1,1
03.08.2021 01:16:53.012,300.31,300.058,1,1.5
03.08.2021 01:16:56.205,300.31,300.058,1,1
03.08.2021 01:17:05.806,300.31,300.058,1,1.5
03.08.2021 01:17:06.239,300.31,300.058,1,1
03.08.2021 01:17:07.788,300.31,300.048,1,1
03.08.2021 01:17:08.447,300.31,300.048,1.5,1
03.08.2021 01:17:12.067,300.31,300.048,1,1.5
03.08.2021 01:17:16.132,300.31,300.048,1,1
03.08.2021 01:17:16.418,300.31,300.048,1.5,1
03.08.2021 01:17:17.240,300.31,300.048,1.5,1
03.08.2021 01:17:19.200,300.31,300.048,1,1.25
03.08.2021 01:17:28.517,300.285,300.033,1,1.5
03.08.2021 01:17:28.618,300.285,300.028,1,1.5
03.08.2021 01:17:35.893,300.285,300.028,1,1.5
03.08.2021 01:17:43.045,300.285,300.028,1,1.5
03.08.2021 01:18:03.007,300.285,300.028,1,1.5
03.08.2021 01:18:04.080,300.285,300.048,1,1
03.08.2021 01:18:04.190,300.285,300.028,1,1.5
03.08.2021 01:18:09.324,300.285,300.028,1,1
03.08.2021 01:18:37.401,300.285,300.028,1,1.5
03.08.2021 01:18:37.502,300.285,300.038,1,1
03.08.2021 01:19:03.644,300.285,300.038,1,1.5
03.08.2021 01:19:06.797,300.285,300.038,1,1.5
03.08.2021 01:19:07.017,300.285,300.038,1,1
03.08.2021 01:19:07.225,300.307,300.038,1.5,1
03.08.2021 01:19:07.416,300.307,300.038,1.5,1.5
03.08.2021 01:19:07.971,300.285,300.028,1,1.5
03.08.2021 01:19:08.071,300.285,300.028,1,1
03.08.2021 01:19:10.635,300.285,300.028,1,1.5
03.08.2021 01:19:10.836,300.285,300.028,1,1
03.08.2021 01:19:13.227,300.285,300.028,1,1.5
03.08.2021 01:19:14.030,300.285,300.028,1,1.5
03.08.2021 01:19:43.968,300.285,300.048,1,1.5
03.08.2021 01:19:57.856,300.312,300.048,1,1.5
03.08.2021 01:19:57.907,300.312,300.048,1,1.5
03.08.2021 01:19:58.438,300.312,300.058,1,1
03.08.2021 01:20:03.924,300.312,300.058,1,1.5
03.08.2021 01:20:08.462,300.312,300.068,1,1
03.08.2021 01:20:16.924,300.312,300.058,1,1
03.08.2021 01:20:23.093,300.312,300.058,1,1.5
03.08.2021 01:20:24.705,300.312,300.058,1,1
03.08.2021 01:20:25.665,300.312,300.058,1.5,1
03.08.2021 01:20:36.505,300.312,300.058,1,1
03.08.2021 01:20:36.708,300.312,300.058,1.5,1
03.08.2021 01:20:42.685,300.312,300.058,1,1
03.08.2021 01:20:42.828,300.312,300.058,1.5,1
03.08.2021 01:21:01.461,300.312,300.048,1.5,1
03.08.2021 01:21:01.805,300.312,300.048,1.5,1
03.08.2021 01:21:43.527,300.312,300.048,1.5,1
03.08.2021 01:21:51.400,300.312,300.048,1.5,1
03.08.2021 01:21:53.335,300.312,300.048,1.5,1
03.08.2021 01:21:56.742,300.312,300.048,1.5,1
03.08.2021 01:22:22.866,300.312,300.048,1.5,1
03.08.2021 01:22:23.152,300.312,300.048,1.5,1
03.08.2021 01:22:33.241,300.312,300.048,1.5,1
03.08.2021 01:22:35.680,300.312,300.048,1.5,1
03.08.2021 01:22:45.289,300.312,300.048,1.5,1
03.08.2021 01:22:46.497,300.312,300.048,1.5,1
03.08.2021 01:22:48.976,300.312,300.048,1.5,1
03.08.2021 01:22:49.473,300.312,300.048,1.5,1
03.08.2021 01:22:51.504,300.312,300.048,1.5,1
03.08.2021 01:22:52.193,300.312,300.048,1.5,1
03.08.2021 01:22:55.898,300.312,300.048,1.5,1
03.08.2021 01:22:57.211,300.312,300.048,1.5,1
03.08.2021 01:22:58.934,300.312,300.048,1,1.5
03.08.2021 01:22:59.128,300.312,300.048,1.5,1
03.08.2021 01:23:01.087,300.312,300.048,1.5,1
03.08.2021 01:23:01.584,300.312,300.033,1.5,1.5
03.08.2021 01:23:01.634,300.334,300.033,1.5,1.5
03.08.2021 01:23:02.871,300.334,300.033,1.75,1.5
03.08.2021 01:23:16.726,300.357,300.033,1.25,1.5
03.08.2021 01:23:17.786,300.37,300.033,1.75,1.5
03.08.2021 01:23:22.247,300.35900000000004,300.033,1.25,1.5
03.08.2021 01:23:27.310,300.343,300.033,1.25,1.5
03.08.2021 01:23:30.838,300.341,300.033,1.25,1.5
03.08.2021 01:23:31.246,300.34900000000005,300.058,1.25,1
03.08.2021 01:23:39.711,300.344,300.058,1.25,1
03.08.2021 01:23:45.678,300.344,300.058,1.25,1
03.08.2021 01:23:53.589,300.379,300.058,1.75,1
03.08.2021 01:24:08.021,300.382,300.078,1.75,1
03.08.2021 01:24:42.964,300.365,300.078,1.25,1
03.08.2021 01:24:43.224,300.362,300.078,1.25,1
03.08.2021 01:24:44.486,300.362,300.078,1.25,1
03.08.2021 01:24:44.536,300.361,300.058,1.25,1
03.08.2021 01:24:50.397,300.382,300.078,1.75,1
03.08.2021 01:24:50.447,300.363,300.078,1.25,1
03.08.2021 01:25:07.012,300.365,300.078,1.25,1
03.08.2021 01:25:07.196,300.365,300.078,1.25,1
03.08.2021 01:25:07.320,300.365,300.058,1.25,1.5
03.08.2021 01:25:07.421,300.374,300.058,1.25,1
03.08.2021 01:25:08.213,300.35900000000004,300.038,1.25,1.5
03.08.2021 01:25:08.961,300.35900000000004,300.058,1.25,1
03.08.2021 01:25:19.965,300.382,300.058,1.75,1
03.08.2021 01:25:20.721,300.382,300.058,1.75,1
03.08.2021 01:25:25.933,300.353,300.058,1.25,1
03.08.2021 01:25:37.965,300.35200000000003,300.058,1.25,1
03.08.2021 01:26:00.481,300.355,300.015,1.25,1.25
03.08.2021 01:26:00.582,300.375,300.068,1.25,1
03.08.2021 01:26:00.785,300.378,300.003,1.25,2.07
03.08.2021 01:26:00.835,300.378,300.058,1.25,1
03.08.2021 01:26:10.097,300.37,300.058,1.25,1
03.08.2021 01:26:12.597,300.348,300.038,1.25,1.5
03.08.2021 01:26:12.698,300.34700000000004,300.038,1.25,1
03.08.2021 01:26:13.816,300.344,300.038,1.25,1.5
03.08.2021 01:26:28.046,300.346,300.038,1.25,1
03.08.2021 01:26:28.299,300.343,300.038,1.25,1
03.08.2021 01:26:33.483,300.355,300.003,1.25,1.75
03.08.2021 01:26:34.181,300.357,300.038,1.25,1
03.08.2021 01:26:55.058,300.366,300.038,1.87,1.5
03.08.2021 01:27:17.313,300.368,300.038,1.75,1
03.08.2021 01:27:19.509,300.356,300.038,1.25,1.5
03.08.2021 01:27:34.298,300.361,300.048,1.25,1
03.08.2021 01:27:38.779,300.365,300.048,1.25,1.5
03.08.2021 01:27:54.917,300.382,300.048,1.75,1.5
03.08.2021 01:28:00.486,300.382,300.048,1.75,1.5
03.08.2021 01:28:42.108,300.382,300.048,1.75,1.5
03.08.2021 01:28:48.117,300.382,300.048,1.75,1.5
03.08.2021 01:29:04.562,300.373,300.048,1.25,1.5
03.08.2021 01:29:05.267,300.373,300.048,1.25,1.5
03.08.2021 01:29:12.532,300.373,300.048,1.25,1
03.08.2021 01:29:12.633,300.373,300.038,1.75,1.5
03.08.2021 01:29:12.746,300.35900000000004,300.038,1.25,1.5
03.08.2021 01:29:13.329,300.35900000000004,300.038,1.25,1
03.08.2021 01:29:18.922,300.367,300.038,1.75,1.5
03.08.2021 01:29:30.261,300.371,300.038,1.25,1.5
03.08.2021 01:29:31.501,300.371,300.038,1.25,1.5
03.08.2021 01:29:48.032,300.371,300.038,1.25,1.5
03.08.2021 01:29:58.029,300.368,300.038,1.25,1.5
03.08.2021 01:29:58.147,300.368,300.038,1.25,1.5
03.08.2021 01:29:58.247,300.379,300.048,1.75,1
03.08.2021 01:29:58.388,300.379,300.048,1.75,1.5
03.08.2021 01:29:59.476,300.379,300.048,1.75,1
03.08.2021 01:30:01.136,300.34700000000004,300.038,1.25,1.5
03.08.2021 01:30:10.322,300.346,300.048,1.25,1
03.08.2021 01:30:10.476,300.379,300.048,1.75,1.5
03.08.2021 01:30:28.532,300.375,300.068,1.25,1
03.08.2021 01:30:28.966,300.38,300.068,1.25,1
03.08.2021 01:30:30.956,300.38,300.048,1.25,1.5
03.08.2021 01:30:31.406,300.38,300.006,1.25,1.25
03.08.2021 01:30:32.715,300.379,300.058,1.25,1.5
03.08.2021 01:30:36.020,300.382,300.068,1.75,1
03.08.2021 01:30:37.324,300.382,300.068,1.75,1.5
03.08.2021 01:30:38.738,300.36400000000003,300.068,1.25,1.5
03.08.2021 01:30:38.891,300.40000000000003,300.078,1.75,1
03.08.2021 01:30:41.978,300.395,300.028,1.25,1.5
03.08.2021 01:30:42.717,300.395,300.088,1.25,1
03.08.2021 01:30:43.485,300.395,300.068,1.25,1.5
03.08.2021 01:30:44.249,300.37,300.078,1.25,1
03.08.2021 01:30:45.451,300.395,300.078,1.25,1.5
03.08.2021 01:30:45.602,300.402,300.098,1.75,1
03.08.2021 01:30:47.370,300.398,300.098,1.25,1
03.08.2021 01:30:47.603,300.402,300.078,1.75,1.5
03.08.2021 01:30:48.600,300.402,300.078,1.75,1
03.08.2021 01:30:50.176,300.402,300.078,1.75,1.5
03.08.2021 01:30:50.377,300.402,300.078,1.75,1.5
03.08.2021 01:30:53.290,300.40000000000003,300.088,1.25,1
03.08.2021 01:30:54.986,300.40000000000003,300.033,1.25,1.5
03.08.2021 01:30:55.683,300.40000000000003,300.088,1.25,1
03.08.2021 01:31:02.748,300.402,300.088,1.87,1
03.08.2021 01:31:04.169,300.402,300.088,1.87,1
03.08.2021 01:31:25.487,300.402,300.068,1.75,1.5
03.08.2021 01:31:26.279,300.402,300.059,1.75,1.66
03.08.2021 01:31:38.021,300.402,300.088,1.75,1.5
03.08.2021 01:31:41.089,300.416,300.053,1.25,1.5
03.08.2021 01:31:41.268,300.418,300.04400000000004,1.25,1.12
03.08.2021 01:31:42.487,300.41700000000003,300.088,1.25,1.5
03.08.2021 01:31:42.941,300.428,300.088,2.25,1.5
03.08.2021 01:31:44.166,300.416,300.088,1.25,1.5
03.08.2021 01:31:46.558,300.416,300.088,1.25,1.5
03.08.2021 01:31:48.556,300.41900000000004,300.088,1.25,1.5
03.08.2021 01:31:52.428,300.415,300.098,1.25,1
03.08.2021 01:31:52.633,300.415,300.083,1.25,1.5
03.08.2021 01:31:54.522,300.42,300.088,1.75,1
03.08.2021 01:31:55.261,300.408,300.088,1.25,1
03.08.2021 01:31:57.245,300.383,300.088,1.25,1.5
03.08.2021 01:32:03.968,300.418,300.088,1.75,1
03.08.2021 01:32:08.403,300.406,300.088,1.25,1
03.08.2021 01:32:08.757,300.40500000000003,300.068,1.75,1.5
03.08.2021 01:32:08.807,300.40500000000003,300.068,1.75,1.5
03.08.2021 01:32:15.453,300.389,300.068,1.25,1
03.08.2021 01:32:15.656,300.389,300.068,1.25,1.5
03.08.2021 01:32:27.671,300.394,300.078,1.25,1
03.08.2021 01:32:33.204,300.394,300.058,1.25,1.8
03.08.2021 01:32:37.355,300.40500000000003,300.068,1.75,1.5
03.08.2021 01:32:37.826,300.397,300.068,1.25,1.5
03.08.2021 01:32:41.654,300.394,300.078,1.25,1
03.08.2021 01:33:02.893,300.40500000000003,300.078,1.75,1
03.08.2021 01:33:03.110,300.396,300.078,1.25,1
03.08.2021 01:33:05.924,300.395,300.058,1.25,1.5
03.08.2021 01:33:06.714,300.393,300.078,1.25,1
03.08.2021 01:33:31.189,300.398,300.078,1.75,1
03.08.2021 01:33:31.403,300.391,300.078,1.25,1
03.08.2021 01:34:03.690,300.387,300.078,1.25,1
03.08.2021 01:34:05.772,300.389,300.078,1.25,1
03.08.2021 01:34:06.714,300.387,300.068,1.25,1
03.08.2021 01:34:14.262,300.387,300.068,1.25,1
03.08.2021 01:34:15.653,300.383,300.031,1.25,2.05
03.08.2021 01:34:46.528,300.376,300.058,1.25,1
03.08.2021 01:34:47.304,300.376,300.058,1.25,1
03.08.2021 01:34:47.554,300.378,300.058,1.25,1.5
03.08.2021 01:34:58.015,300.392,300.058,1.75,1.5
03.08.2021 01:34:58.218,300.383,300.058,1.25,1.5
03.08.2021 01:34:59.266,300.387,300.058,1.25,1.5
03.08.2021 01:34:59.417,300.387,300.058,1.25,1.5
03.08.2021 01:34:59.864,300.387,300.058,1.25,1.5
03.08.2021 01:35:00.269,300.387,300.058,1.25,1.5
03.08.2021 01:35:02.453,300.387,300.058,1.25,1.5
03.08.2021 01:35:02.865,300.387,300.058,1.25,1.5
03.08.2021 01:35:03.304,300.391,300.058,1.25,1.5
03.08.2021 01:35:06.279,300.389,300.058,1.25,1.5
03.08.2021 01:35:11.562,300.381,300.058,1.25,1
03.08.2021 01:35:13.055,300.388,300.058,1.75,1.5
03.08.2021 01:35:16.353,300.383,300.068,1.25,1
03.08.2021 01:35:59.140,300.376,300.068,1.25,1
03.08.2021 01:36:00.452,300.374,300.053,1.25,1.5
03.08.2021 01:36:23.817,300.371,300.048,1.25,1
03.08.2021 01:36:24.376,300.367,300.038,1.25,1.5
03.08.2021 01:36:24.449,300.367,300.038,1.25,1.5
03.08.2021 01:36:30.245,300.367,300.038,2.25,1
03.08.2021 01:36:32.340,300.361,300.038,1.25,1.5
03.08.2021 01:36:39.541,300.357,300.038,1.25,1
03.08.2021 01:36:40.111,300.35900000000004,300.038,1.25,1.5
03.08.2021 01:36:41.291,300.353,300.038,1.25,1
03.08.2021 01:36:49.492,300.365,300.038,1.25,1.5
03.08.2021 01:36:49.691,300.351,300.038,1.25,1
03.08.2021 01:36:53.628,300.368,300.038,1.75,1.5
03.08.2021 01:36:55.322,300.286,300.038,0.37,1
03.08.2021 01:36:56.203,300.368,300.038,1.25,1.5
03.08.2021 01:36:56.543,300.338,300.038,1,1.5
03.08.2021 01:36:58.181,300.338,300.038,1,1.5
03.08.2021 01:37:09.199,300.366,300.038,1.75,1.5
03.08.2021 01:37:11.995,300.366,300.038,1.75,1.5
03.08.2021 01:37:13.580,300.368,300.038,1.75,1.5
03.08.2021 01:37:17.244,300.368,300.038,1.75,1.5
03.08.2021 01:37:22.344,300.368,300.038,1.75,1.5
03.08.2021 01:37:22.594,300.367,300.038,1.25,1.5
03.08.2021 01:37:24.225,300.366,300.038,1.75,1.5
03.08.2021 01:37:50.498,300.343,300.038,1.25,1
03.08.2021 01:37:53.208,300.343,300.038,1.25,1.5
03.08.2021 01:37:56.248,300.367,300.038,1.75,1.5
03.08.2021 01:37:58.553,300.367,300.038,1.75,1.5
03.08.2021 01:39:24.322,300.368,300.028,1.75,1.5
03.08.2021 01:39:30.198,300.367,300.048,1.75,1
03.08.2021 01:39:30.301,300.365,300.028,1.25,1.5
03.08.2021 01:39:32.686,300.365,300.028,1.25,1.5
03.08.2021 01:39:41.294,300.369,300.028,1.75,1.5
03.08.2021 01:39:43.171,300.369,300.028,1.75,1.5
03.08.2021 01:39:49.815,300.369,300.028,1.75,1.5
03.08.2021 01:39:59.553,300.369,300.028,1.75,1.5
03.08.2021 01:39:59.806,300.367,300.028,1.75,1.5
03.08.2021 01:40:05.623,300.365,300.028,1.75,1.5
03.08.2021 01:40:06.260,300.365,300.028,1.75,1.5
03.08.2021 01:40:06.841,300.339,300.028,1.25,1.5
03.08.2021 01:40:07.041,300.355,300.028,1.25,1.5
03.08.2021 01:40:11.964,300.353,300.048,1.25,1
03.08.2021 01:40:23.342,300.356,300.048,1.25,1
03.08.2021 01:40:35.454,300.367,300.048,1.25,1
03.08.2021 01:40:42.120,300.367,300.048,1.25,1
03.08.2021 01:40:44.198,300.367,300.048,1.25,1
03.08.2021 01:40:44.299,300.367,300.048,1.25,1
03.08.2021 01:40:45.858,300.367,300.048,1.25,1
03.08.2021 01:40:47.748,300.367,300.048,1.25,1
03.08.2021 01:40:51.713,300.34200000000004,300.048,1,1.5
03.08.2021 01:40:55.298,300.367,300.048,1.25,1
03.08.2021 01:41:03.300,300.367,300.048,1.25,1
03.08.2021 01:41:08.255,300.37,300.048,1.75,1
03.08.2021 01:41:12.004,300.353,300.038,1.25,1
03.08.2021 01:41:20.161,300.35900000000004,300.038,1.25,1.5
03.08.2021 01:41:40.526,300.365,300.048,1.25,1
03.08.2021 01:41:46.851,300.337,300.038,1,1.5
03.08.2021 01:41:48.630,300.333,300.038,1,1
03.08.2021 01:41:49.128,300.332,300.038,1,1
03.08.2021 01:41:49.280,300.332,300.038,1,1.5
03.08.2021 01:41:49.530,300.332,300.038,1,1
03.08.2021 01:41:53.620,300.331,300.038,1,1.5
03.08.2021 01:42:04.527,300.36,300.038,1.25,1
03.08.2021 01:42:15.759,300.369,300.038,1.75,1
03.08.2021 01:42:15.966,300.35900000000004,300.038,1.25,1.5
03.08.2021 01:42:31.653,300.35900000000004,300.038,1.25,1
03.08.2021 01:42:34.798,300.35900000000004,300.038,1.25,1
03.08.2021 01:42:40.362,300.35900000000004,300.038,1.25,1.5
03.08.2021 01:42:54.948,300.366,300.038,1.25,1.5
03.08.2021 01:42:56.558,300.368,300.038,1.25,1.5
03.08.2021 01:43:03.790,300.367,300.048,1.25,1
03.08.2021 01:43:12.413,300.367,300.048,1.25,1
03.08.2021 01:43:15.126,300.367,300.048,1.25,1
03.08.2021 01:43:50.550,300.34200000000004,300.048,1,1
03.08.2021 01:43:53.828,300.34200000000004,300.048,1,1
03.08.2021 01:43:57.461,300.345,300.048,1.25,1
03.08.2021 01:44:03.791,300.353,300.038,1.25,1
03.08.2021 01:44:10.298,300.357,300.038,1.25,1
03.08.2021 01:44:12.153,300.357,300.038,1.25,1.5
03.08.2021 01:44:16.908,300.365,300.048,1.25,1
03.08.2021 01:44:45.392,300.348,300.038,1,1
03.08.2021 01:44:45.548,300.345,300.038,1,1.5
03.08.2021 01:44:56.914,300.306,300.048,0.37,1
03.08.2021 01:44:57.015,300.36400000000003,300.048,1,1.25
03.08.2021 01:44:58.021,300.316,300.048,0.37,1
03.08.2021 01:44:58.223,300.316,300.048,0.37,1.25
03.08.2021 01:44:59.448,300.37,300.048,1.5,1.25
03.08.2021 01:45:01.470,300.32599999999996,300.068,0.37,1
03.08.2021 01:45:27.363,300.316,300.068,0.37,1
03.08.2021 01:45:30.938,300.316,300.053,0.37,1.25
03.08.2021 01:45:32.477,300.35400000000004,300.048,1,1.5
03.08.2021 01:45:32.704,300.35400000000004,300.048,1,1.5
03.08.2021 01:45:33.719,300.358,300.048,1,1.5
03.08.2021 01:45:33.972,300.355,300.048,1,1.5
03.08.2021 01:46:12.427,300.316,300.048,0.37,1.25
03.08.2021 01:46:12.802,300.316,300.048,0.37,1
03.08.2021 01:46:12.853,300.316,300.038,0.37,1.25
03.08.2021 01:46:13.003,300.345,300.038,1,1.5
03.08.2021 01:46:15.954,300.34000000000003,300.038,1.25,1
03.08.2021 01:46:23.299,300.332,300.038,1,1
03.08.2021 01:46:46.624,300.35200000000003,300.018,1.25,1.5
03.08.2021 01:47:10.410,300.35200000000003,300.028,1.25,1
03.08.2021 01:47:10.572,300.35,300.028,1.75,1
03.08.2021 01:47:15.492,300.33,300.028,1.25,1
03.08.2021 01:47:30.235,300.329,300.028,1.25,1
03.08.2021 01:47:30.412,300.302,300.028,0.87,1
03.08.2021 01:47:40.119,300.33,300.028,1.25,1
03.08.2021 01:47:40.169,300.33,300.018,1.25,1
03.08.2021 01:47:46.503,300.319,300.018,1.25,1
03.08.2021 01:47:46.753,300.34200000000004,300.018,1.75,1.5
03.08.2021 01:48:04.452,300.327,299.998,1.75,1.5
03.08.2021 01:48:06.499,300.307,299.998,1.25,1
03.08.2021 01:48:07.507,300.307,299.998,1.25,1
03.08.2021 01:48:07.974,300.307,299.988,1.25,1
03.08.2021 01:48:09.936,300.30400000000003,299.988,1.25,1.5
03.08.2021 01:48:16.914,300.317,299.988,1.25,1.5
03.08.2021 01:48:25.472,300.305,299.978,1.75,1.5
03.08.2021 01:48:26.719,300.277,299.978,1.25,1
03.08.2021 01:48:27.518,300.258,299.978,0.69,1
03.08.2021 01:48:27.908,300.307,299.978,1.25,1.5
03.08.2021 01:48:33.647,300.305,299.978,1.25,1.5
03.08.2021 01:48:45.765,300.306,299.958,1.75,1.5
03.08.2021 01:48:47.103,300.311,299.978,1.75,1.5
03.08.2021 01:48:50.532,300.312,299.978,1.75,1.5
03.08.2021 01:48:51.113,300.305,299.978,1.75,1.5
03.08.2021 01:48:56.071,300.306,299.978,1.75,1.5
03.08.2021 01:49:00.556,300.308,299.978,1.75,1.5
03.08.2021 01:49:01.113,300.308,299.978,1.25,1.5
03.08.2021 01:49:01.511,300.308,299.978,1.75,1.5
03.08.2021 01:49:02.938,300.307,299.978,1.75,1.5
03.08.2021 01:49:21.621,300.236,299.978,0.37,1
03.08.2021 01:49:24.399,300.315,299.978,1.75,1.5
03.08.2021 01:49:25.401,300.315,299.978,1.75,1.5
03.08.2021 01:49:32.742,300.291,299.978,1,1.5
03.08.2021 01:49:35.103,300.291,299.978,1,1.5
03.08.2021 01:49:45.748,300.315,299.978,1.75,1.5
03.08.2021 01:49:55.496,300.315,299.978,1.75,1.5
03.08.2021 01:50:01.884,300.315,299.978,1.75,1.5
03.08.2021 01:50:02.368,300.29200000000003,299.978,1,1.5
03.08.2021 01:50:09.108,300.315,299.988,1.75,1.5
03.08.2021 01:50:10.338,300.315,299.988,1.75,1.5
03.08.2021 01:50:36.275,300.315,299.942,1.75,1.12
03.08.2021 01:50:44.895,300.306,299.959,1.75,0.69
03.08.2021 01:51:03.172,300.28000000000003,299.906,1.25,1.5
03.08.2021 01:51:12.474,300.303,299.93,1.75,1.25
03.08.2021 01:51:13.074,300.295,299.921,1.25,1.25
03.08.2021 01:51:42.109,300.288,299.90000000000003,2.25,1.87
03.08.2021 01:51:43.385,300.285,299.91,1.25,1.25
03.08.2021 01:51:45.596,300.286,299.913,1.75,1.25
03.08.2021 01:51:54.407,300.288,299.92400000000004,1.75,1.12
03.08.2021 01:51:54.609,300.288,299.954,1.75,0.69
03.08.2021 01:51:54.809,300.288,299.955,1.75,0.69
03.08.2021 01:51:58.262,300.255,299.92900000000003,1,1
03.08.2021 01:51:59.915,300.257,299.98400000000004,1,0.37
03.08.2021 01:52:00.676,300.28200000000004,299.956,1,1
03.08.2021 01:52:03.539,300.313,299.962,1.75,0.69
03.08.2021 01:52:05.201,300.313,299.945,1.75,1.12
03.08.2021 01:52:06.432,300.313,299.945,1.75,1.12
03.08.2021 01:52:06.633,300.313,299.945,1.75,1.12
03.08.2021 01:52:06.832,300.313,299.945,1.75,1.12
03.08.2021 01:52:09.496,300.313,299.945,1.75,1.25
03.08.2021 01:52:13.932,300.313,299.966,1.75,0.69
03.08.2021 01:52:18.930,300.313,299.968,1.75,0.69
03.08.2021 01:52:26.364,300.313,299.96700000000004,1.75,0.69
03.08.2021 01:52:41.428,300.313,299.94599999999997,1.75,1.25
03.08.2021 01:52:42.288,300.313,299.943,1.75,1.25
03.08.2021 01:52:45.500,300.313,299.97,1.75,0.69
03.08.2021 01:52:53.122,300.246,299.976,0.37,0.69
03.08.2021 01:52:55.103,300.29200000000003,299.96700000000004,1,1
03.08.2021 01:52:57.932,300.308,299.983,1,1
03.08.2021 01:52:59.893,300.28000000000003,299.955,1,1
03.08.2021 01:53:14.560,300.297,299.923,1.25,1.25
03.08.2021 01:53:23.667,300.312,299.901,1.75,1.5
03.08.2021 01:53:27.638,300.281,299.98400000000004,1.25,0.37
03.08.2021 01:53:43.327,300.307,299.933,1.75,1.25
03.08.2021 01:53:44.353,300.305,299.933,1.75,1.25
03.08.2021 01:53:45.200,300.306,299.931,1.25,1.25
03.08.2021 01:53:48.086,300.316,299.942,1.87,1.25
03.08.2021 01:53:53.425,300.316,299.968,1.75,0.69
03.08.2021 01:53:54.718,300.226,299.936,0.37,1.12
03.08.2021 01:53:56.087,300.279,299.98400000000004,1.25,0.37
03.08.2021 01:54:04.581,300.274,299.948,1,1
03.08.2021 01:54:04.786,300.272,299.947,1,1
03.08.2021 01:54:04.982,300.216,299.945,0.37,1
03.08.2021 01:54:06.082,300.251,299.926,1,1
03.08.2021 01:54:07.077,300.271,299.94599999999997,1,0.87
03.08.2021 01:54:07.281,300.272,299.947,1,1
03.08.2021 01:54:08.271,300.272,299.947,1,1
03.08.2021 01:54:09.465,300.272,299.947,1,1
03.08.2021 01:54:25.076,300.28900000000004,299.916,1.75,1.12
03.08.2021 01:54:25.300,300.285,299.937,1.75,0.69
03.08.2021 01:54:30.161,300.288,299.937,1.75,0.69
03.08.2021 01:54:40.767,300.29,299.91700000000003,1.75,1.25
03.08.2021 01:54:40.971,300.286,299.91200000000003,1.25,1.25
03.08.2021 01:54:41.778,300.288,299.91400000000004,1.75,1.25
03.08.2021 01:54:42.182,300.288,299.91400000000004,1.75,1.25
03.08.2021 01:54:43.897,300.286,299.91200000000003,1.75,1.25
03.08.2021 01:54:59.949,300.29,299.915,1.25,1.25
03.08.2021 01:55:06.753,300.273,299.97400000000005,1.25,0.37
03.08.2021 01:55:18.179,300.279,299.90000000000003,1.25,1.87
03.08.2021 01:55:28.855,300.278,299.904,1.25,1.25
03.08.2021 01:55:50.449,300.27,299.90000000000003,1.25,1.75
03.08.2021 01:55:52.442,300.267,299.90000000000003,1.25,1.87
03.08.2021 01:55:53.388,300.267,299.90000000000003,1.25,1.87
03.08.2021 01:56:00.723,300.271,299.897,1.25,1.12
03.08.2021 01:56:08.782,300.281,299.90700000000004,1.75,1.12
03.08.2021 01:56:33.633,300.278,299.903,1.25,1.12
03.08.2021 01:56:34.656,300.255,299.93,1,1
03.08.2021 01:56:43.937,300.276,299.90500000000003,1.75,1.25
03.08.2021 01:56:44.847,300.268,299.90000000000003,1.25,1.75
03.08.2021 01:56:45.034,300.268,299.90000000000003,1.25,1.75
03.08.2021 01:56:57.123,300.233,299.908,1,0.87
03.08.2021 01:56:59.905,300.203,299.878,1,1
03.08.2021 01:57:01.764,300.228,299.85400000000004,1.25,1.25
03.08.2021 01:57:03.113,300.246,299.92400000000004,1.75,0.37
03.08.2021 01:57:03.315,300.23900000000003,299.865,1.25,1.25
03.08.2021 01:57:05.946,300.238,299.863,1.25,1.25
03.08.2021 01:57:06.364,300.248,299.887,1.75,0.69
03.08.2021 01:57:07.833,300.236,299.862,1.25,1.25
03.08.2021 01:57:09.307,300.242,299.835,1.75,1.75
03.08.2021 01:57:10.191,300.237,299.863,1.25,1.25
03.08.2021 01:57:15.952,300.237,299.863,1.25,1.25
03.08.2021 01:57:16.356,300.237,299.863,1.25,1.25
03.08.2021 01:57:28.389,300.212,299.88599999999997,1,1
03.08.2021 01:57:28.792,300.213,299.888,1,1
03.08.2021 01:57:47.562,300.206,299.88,1,1
03.08.2021 01:57:49.107,300.2,299.875,1,1
03.08.2021 01:57:49.359,300.204,299.878,1,1
03.08.2021 01:57:50.628,300.205,299.88,1,1
03.08.2021 01:57:50.878,300.199,299.874,1,1
03.08.2021 01:58:04.055,300.223,299.848,1.25,1.25
03.08.2021 01:58:07.167,300.22900000000004,299.855,1.25,1.25
03.08.2021 01:58:07.469,300.225,299.851,1.25,1.25
03.08.2021 01:58:52.664,300.219,299.845,1.25,1.12
03.08.2021 01:58:52.867,300.219,299.845,1.25,1.12
03.08.2021 01:59:02.679,300.238,299.827,1.75,1.75
03.08.2021 01:59:14.359,300.242,299.887,1.75,0.69
03.08.2021 01:59:15.249,300.242,299.887,1.75,0.69
03.08.2021 01:59:15.727,300.23900000000003,299.865,1.25,1.25
03.08.2021 01:59:21.270,300.235,299.86,1.25,1.12
03.08.2021 01:59:21.593,300.238,299.86400000000003,1.25,1.12
03.08.2021 01:59:38.723,300.242,299.888,1.75,0.69
03.08.2021 01:59:43.104,300.242,299.888,1.75,0.69
03.08.2021 01:59:48.069,300.242,299.885,1.75,0.69
03.08.2021 01:59:55.778,300.256,299.896,1.75,0.69
03.08.2021 02:00:00.922,300.254,299.896,1.75,0.69
03.08.2021 02:00:06.872,300.248,299.873,1.25,1.12
03.08.2021 02:00:10.384,300.248,299.873,1.25,1.12
03.08.2021 02:00:11.544,300.22900000000004,299.855,1.25,1.25
03.08.2021 02:00:17.801,300.22900000000004,299.855,1.25,1.12
03.08.2021 02:00:22.586,300.22900000000004,299.855,1.25,1.12
03.08.2021 02:00:35.474,300.22900000000004,299.855,1.25,1.25
03.08.2021 02:00:36.820,300.207,299.84900000000005,0.69,1.75
03.08.2021 02:00:36.968,300.207,299.944,0.69,0.37
03.08.2021 02:00:41.251,300.257,299.884,1.75,1.12
03.08.2021 02:00:41.703,300.256,299.882,1.25,1.12
03.08.2021 02:01:02.605,300.255,299.883,1.75,1.12
03.08.2021 02:01:23.034,300.257,299.893,1.75,1.12
03.08.2021 02:01:23.718,300.257,299.893,1.75,1.12
03.08.2021 02:01:30.842,300.257,299.91,2.25,0.69
03.08.2021 02:01:34.826,300.176,299.904,0.37,0.69
03.08.2021 02:01:40.324,300.253,299.88,1.75,1.12
03.08.2021 02:01:56.044,300.257,299.90700000000004,2.25,0.69
03.08.2021 02:01:58.807,300.257,299.883,1.87,1.12
03.08.2021 02:02:09.686,300.257,299.884,1.75,1.12
03.08.2021 02:02:09.922,300.257,299.884,1.75,1.12
03.08.2021 02:02:11.648,300.257,299.91200000000003,1.75,0.69
03.08.2021 02:02:13.842,300.256,299.882,1.75,1.12
03.08.2021 02:02:14.045,300.257,299.908,1.75,0.69
03.08.2021 02:02:14.229,300.257,299.90900000000005,1.75,0.69
03.08.2021 02:02:15.347,300.256,299.883,1.75,1.12
03.08.2021 02:02:16.773,300.257,299.90700000000004,1.75,0.69
03.08.2021 02:02:16.951,300.255,299.881,1.25,1.12
03.08.2021 02:02:17.127,300.255,299.881,1.25,1.12
03.08.2021 02:02:17.326,300.257,299.883,1.75,1.12
03.08.2021 02:02:21.966,300.257,299.893,1.75,1.12
03.08.2021 02:02:24.102,300.257,299.893,1.75,1.12
03.08.2021 02:02:24.453,300.257,299.893,1.75,1.12
03.08.2021 02:02:28.830,300.257,299.893,1.75,1.12
03.08.2021 02:02:29.786,300.257,299.893,1.75,1.12
03.08.2021 02:02:30.037,300.22200000000004,299.897,1,1
03.08.2021 02:02:32.142,300.22200000000004,299.897,1,1
03.08.2021 02:02:35.134,300.245,299.92,1,1
03.08.2021 02:02:35.828,300.245,299.92,1,1
03.08.2021 02:02:36.139,300.243,299.918,1,1
03.08.2021 02:02:36.340,300.257,299.921,1.75,0.69
03.08.2021 02:02:37.063,300.257,299.92900000000003,1.75,0.69
03.08.2021 02:02:37.764,300.257,299.926,1.75,0.69
03.08.2021 02:02:38.016,300.257,299.92900000000003,1.75,0.69
03.08.2021 02:02:50.072,300.257,299.92900000000003,1.75,0.69
03.08.2021 02:02:51.062,300.257,299.91900000000004,1.75,0.69
03.08.2021 02:02:57.167,300.257,299.893,1.75,1.12
03.08.2021 02:02:57.217,300.244,299.91900000000004,1,0.87
03.08.2021 02:02:57.369,300.24,299.915,1,1
03.08.2021 02:02:57.539,300.24,299.915,1,1
03.08.2021 02:03:00.023,300.242,299.91700000000003,1,1
03.08.2021 02:03:07.130,300.257,299.895,1.75,1.12
03.08.2021 02:03:10.010,300.257,299.91700000000003,1.75,0.69
03.08.2021 02:03:25.369,300.243,299.918,1,1
03.08.2021 02:03:25.882,300.242,299.916,1,1
03.08.2021 02:03:27.231,300.243,299.918,1,1
03.08.2021 02:03:28.822,300.241,299.915,1,1
03.08.2021 02:03:29.025,300.241,299.915,1,1
03.08.2021 02:03:31.993,300.241,299.915,1,1
03.08.2021 02:03:32.223,300.257,299.892,1.75,1.12
03.08.2021 02:03:33.971,300.257,299.892,1.75,1.12
03.08.2021 02:03:34.171,300.257,299.892,1.75,1.12
03.08.2021 02:03:46.044,300.257,299.892,1.75,1.12
03.08.2021 02:03:47.816,300.276,299.926,1.75,0.69
03.08.2021 02:03:48.016,300.276,299.928,1.75,0.69
03.08.2021 02:03:57.528,300.252,299.927,1,1
03.08.2021 02:03:58.139,300.252,299.927,1,0.87
03.08.2021 02:03:59.520,300.255,299.93,1,0.87
03.08.2021 02:04:00.262,300.253,299.928,1,0.87
03.08.2021 02:04:01.358,300.251,299.926,1,1
03.08.2021 02:04:01.561,300.253,299.928,1,0.87
03.08.2021 02:04:02.001,300.254,299.92900000000003,1,0.87
03.08.2021 02:04:08.429,300.27500000000003,299.901,1.25,1.12
03.08.2021 02:04:08.833,300.277,299.904,1.75,1.12
03.08.2021 02:04:09.035,300.277,299.904,1.75,1.12
03.08.2021 02:04:13.521,300.276,299.901,1.75,1.12
03.08.2021 02:04:13.721,300.276,299.901,1.75,1.12
03.08.2021 02:04:14.542,300.276,299.903,1.75,1.12
03.08.2021 02:04:15.052,300.276,299.903,1.75,1.12
03.08.2021 02:04:15.813,300.276,299.903,1.75,1.12
03.08.2021 02:04:16.056,300.276,299.901,1.75,1.12
03.08.2021 02:04:16.238,300.276,299.901,1.75,1.12
03.08.2021 02:04:18.394,300.276,299.901,1.75,1.12
03.08.2021 02:04:23.453,300.254,299.92900000000003,1,0.87
03.08.2021 02:04:26.148,300.253,299.928,1,1
03.08.2021 02:04:26.676,300.252,299.926,1,1
03.08.2021 02:04:27.915,300.253,299.928,1,1
03.08.2021 02:04:28.528,300.252,299.926,1,1
03.08.2021 02:04:28.915,300.253,299.928,1,1
03.08.2021 02:04:31.042,300.19599999999997,299.932,0.37,1
03.08.2021 02:04:37.459,300.256,299.964,1.25,0.37
03.08.2021 02:04:52.000,300.254,299.92900000000003,1,1
03.08.2021 02:04:55.669,300.186,299.91900000000004,0.37,0.69
03.08.2021 02:04:55.905,300.259,299.885,1.25,1.12
03.08.2021 02:04:57.645,300.258,299.885,1.75,1.12
03.08.2021 02:04:58.470,300.257,299.885,1.75,1.12
03.08.2021 02:04:59.269,300.255,299.881,1.75,1.12
03.08.2021 02:05:01.000,300.256,299.90500000000003,1.75,0.69
03.08.2021 02:05:01.621,300.257,299.90500000000003,1.75,0.69
03.08.2021 02:05:18.531,300.23400000000004,299.90900000000005,1,0.87
03.08.2021 02:05:27.346,300.256,299.881,1.25,1.12
03.08.2021 02:05:28.220,300.176,299.908,0.37,0.69
03.08.2021 02:05:31.439,300.237,299.863,1.25,1.75
03.08.2021 02:05:33.187,300.237,299.863,1.25,1.75
03.08.2021 02:05:39.318,300.231,299.934,1.25,0.37
03.08.2021 02:05:44.749,300.255,299.884,1.75,1.12
03.08.2021 02:05:45.427,300.254,299.884,1.75,1.12
03.08.2021 02:05:45.628,300.254,299.884,1.75,1.12
03.08.2021 02:05:49.058,300.254,299.884,1.75,1.12
03.08.2021 02:05:49.833,300.256,299.908,1.75,0.69
03.08.2021 02:05:55.262,300.257,299.883,1.75,1.12
03.08.2021 02:05:55.465,300.257,299.883,1.25,1.12
03.08.2021 02:06:03.354,300.256,299.884,1.75,1.12
03.08.2021 02:06:05.812,300.255,299.884,1.75,1.12
03.08.2021 02:06:07.944,300.255,299.884,1.75,1.12
03.08.2021 02:06:08.950,300.255,299.884,1.75,1.12
03.08.2021 02:06:09.772,300.255,299.884,1.75,1.12
03.08.2021 02:06:13.719,300.221,299.872,1.25,1.12
03.08.2021 02:06:20.339,300.22,299.872,1.25,1.12
03.08.2021 02:06:23.270,300.228,299.85400000000004,1.25,1.12
03.08.2021 02:06:24.034,300.228,299.85400000000004,1.25,1.12
03.08.2021 02:06:25.414,300.24,299.868,1.75,1.12
03.08.2021 02:06:50.548,300.232,299.903,1.75,0.69
03.08.2021 02:07:00.623,300.232,299.90000000000003,1.75,0.69
03.08.2021 02:07:07.694,300.232,299.873,1.75,1.25
03.08.2021 02:07:07.860,300.232,299.902,1.75,0.69
03.08.2021 02:07:35.679,300.232,299.866,1.75,1.12
03.08.2021 02:07:35.880,300.23,299.887,1.75,0.69
03.08.2021 02:07:43.358,300.22900000000004,299.858,1.75,1.12
03.08.2021 02:07:44.185,300.232,299.863,1.75,1.12
03.08.2021 02:08:11.569,300.232,299.887,1.75,0.69
03.08.2021 02:08:54.655,300.232,299.868,1.75,1.12
03.08.2021 02:09:50.203,300.22700000000003,299.879,1.75,0.69
03.08.2021 02:09:50.404,300.204,299.879,1,0.87
03.08.2021 02:09:57.972,300.21700000000004,299.845,1.75,1.12
03.08.2021 02:09:59.655,300.216,299.844,1.75,1.12
03.08.2021 02:10:18.751,300.21500000000003,299.84200000000004,1.75,1.12
03.08.2021 02:10:39.169,300.214,299.865,1.75,0.69
03.08.2021 02:10:41.802,300.214,299.843,1.75,1.12
03.08.2021 02:10:45.420,300.218,299.818,1.75,1.5
03.08.2021 02:10:47.377,300.22200000000004,299.815,1.75,1.5
03.08.2021 02:11:39.329,300.205,299.88,1,1
03.08.2021 02:12:01.555,300.231,299.862,1.75,1.12
03.08.2021 02:12:02.305,300.231,299.862,1.75,1.12
03.08.2021 02:12:14.024,300.231,299.862,1.75,1.12
03.08.2021 02:12:30.955,300.232,299.873,1.75,1.12
03.08.2021 02:12:31.601,300.232,299.873,1.75,1.12
03.08.2021 02:12:31.803,300.232,299.866,1.75,1.12
03.08.2021 02:12:32.818,300.232,299.872,1.75,1.12
03.08.2021 02:12:34.488,300.232,299.872,1.75,1.12
03.08.2021 02:12:34.714,300.232,299.872,1.75,1.12
03.08.2021 02:12:48.280,300.187,299.862,1,1
03.08.2021 02:12:53.855,300.232,299.91400000000004,2.25,0.37
03.08.2021 02:12:59.238,300.232,299.883,1.75,0.69
03.08.2021 02:12:59.448,300.232,299.887,1.75,0.69
03.08.2021 02:13:31.179,300.232,299.872,1.75,1.12
03.08.2021 02:13:31.430,300.232,299.872,1.75,1.12
03.08.2021 02:13:43.231,300.166,299.895,0.37,0.69
03.08.2021 02:13:44.994,300.22,299.84700000000004,1.25,1.5
03.08.2021 02:13:45.727,300.232,299.828,1.75,1.5
03.08.2021 02:13:55.087,300.211,299.92400000000004,1.25,0.37
03.08.2021 02:13:55.468,300.232,299.862,1.75,1.12
03.08.2021 02:14:00.655,300.232,299.862,1.75,1.12
03.08.2021 02:14:00.907,300.232,299.862,1.75,1.12
03.08.2021 02:14:02.941,300.232,299.891,1.75,0.69
03.08.2021 02:14:04.544,300.232,299.866,1.75,1.12
03.08.2021 02:14:04.760,300.232,299.888,1.75,0.69
03.08.2021 02:14:07.976,300.232,299.862,1.75,1.12
03.08.2021 02:14:08.197,300.231,299.85900000000004,1.75,1.12
03.08.2021 02:14:15.572,300.232,299.892,1.75,0.69
03.08.2021 02:14:38.232,300.156,299.891,0.37,1
03.08.2021 02:14:40.569,300.216,299.92400000000004,1.25,0.37
03.08.2021 02:14:46.453,300.23,299.865,1.75,1.25
03.08.2021 02:14:55.096,300.232,299.862,1.75,1.25
03.08.2021 02:14:56.010,300.213,299.888,1,1
03.08.2021 02:14:59.303,300.212,299.887,1,1
03.08.2021 02:15:02.406,300.212,299.887,1,1
03.08.2021 02:15:04.818,300.211,299.88599999999997,1,1
03.08.2021 02:15:10.956,300.156,299.858,0.37,1.12
03.08.2021 02:15:13.060,300.23,299.824,1.75,1.75
03.08.2021 02:15:13.315,300.21700000000004,299.843,1.25,1.25
03.08.2021 02:15:13.649,300.21700000000004,299.843,1.25,1.25
03.08.2021 02:15:13.851,300.231,299.824,1.75,1.75
03.08.2021 02:15:15.212,300.218,299.844,1.25,1.25
03.08.2021 02:15:17.096,300.216,299.84200000000004,1.25,1.25
03.08.2021 02:15:20.254,300.22900000000004,299.86400000000003,1.75,1.25
03.08.2021 02:15:29.455,300.214,299.889,1,1
03.08.2021 02:15:33.283,300.206,299.833,1.25,1.12
03.08.2021 02:15:33.484,300.211,299.837,1.25,1.12
03.08.2021 02:15:34.476,300.231,299.857,1.75,1.12
03.08.2021 02:15:40.452,300.232,299.88599999999997,1.75,0.69
03.08.2021 02:15:45.738,300.232,299.86400000000003,1.75,1.25
03.08.2021 02:15:51.526,300.232,299.89,1.75,0.69
03.08.2021 02:15:51.777,300.232,299.865,1.75,1.12
03.08.2021 02:15:53.005,300.232,299.865,1.75,1.12
03.08.2021 02:15:53.754,300.232,299.863,1.75,1.12
03.08.2021 02:16:00.467,300.232,299.851,1.75,1.12
03.08.2021 02:16:02.772,300.231,299.856,1.25,1.12
03.08.2021 02:16:03.018,300.232,299.865,1.75,1.12
03.08.2021 02:16:08.664,300.213,299.888,1,0.87
03.08.2021 02:16:28.285,300.181,299.856,1,1
03.08.2021 02:16:28.484,300.185,299.86,1,1
03.08.2021 02:16:29.221,300.185,299.91400000000004,1,0.37
03.08.2021 02:16:29.999,300.206,299.881,1,1
03.08.2021 02:16:30.474,300.203,299.878,1,0.87
03.08.2021 02:16:44.190,300.232,299.888,1.75,0.69
03.08.2021 02:16:44.349,300.232,299.888,1.75,0.69
03.08.2021 02:17:02.166,300.232,299.86400000000003,1.75,1.12
03.08.2021 02:17:18.999,300.232,299.874,1.75,1.12
03.08.2021 02:17:23.284,300.223,299.85,1.25,1.12
03.08.2021 02:17:38.486,300.226,299.85200000000003,1.25,1.12
03.08.2021 02:17:49.874,300.232,299.879,1.75,1.12
03.08.2021 02:17:58.375,300.225,299.899,1,0.87
03.08.2021 02:17:58.625,300.22200000000004,299.897,1,1
03.08.2021 02:18:00.700,300.22200000000004,299.897,1,1
03.08.2021 02:18:00.902,300.221,299.896,1,1
03.08.2021 02:18:06.303,300.232,299.90700000000004,1,1
03.08.2021 02:18:09.559,300.232,299.90700000000004,1,1
03.08.2021 02:18:32.725,300.23,299.90500000000003,1,1
03.08.2021 02:18:41.196,300.243,299.918,1,1
03.08.2021 02:18:55.871,300.252,299.927,1,1
03.08.2021 02:18:56.846,300.267,299.942,1,0.87
03.08.2021 02:19:26.771,300.279,299.943,1.75,0.69
03.08.2021 02:19:33.562,300.303,299.93,2.25,1.12
03.08.2021 02:19:33.764,300.29200000000003,299.91700000000003,1.25,1.12
03.08.2021 02:20:13.568,300.216,299.91700000000003,0.37,1.12
03.08.2021 02:20:13.769,300.186,299.876,0.37,1.5
03.08.2021 02:20:13.819,300.221,299.876,0.69,1.5
03.08.2021 02:20:13.968,300.221,299.876,0.69,1.5
03.08.2021 02:20:14.169,300.267,299.893,1.25,1.12
03.08.2021 02:20:18.470,300.277,299.91200000000003,1.75,1.12
03.08.2021 02:20:18.670,300.277,299.915,1.75,1.12
03.08.2021 02:20:48.610,300.274,299.898,1.25,1.12
03.08.2021 02:20:52.776,300.268,299.892,1.25,1.12
03.08.2021 02:20:55.505,300.265,299.889,1.25,1.12
03.08.2021 02:21:01.666,300.242,299.916,1,1
03.08.2021 02:21:03.291,300.225,299.90000000000003,1,1
03.08.2021 02:21:05.150,300.245,299.92,1,1
03.08.2021 02:21:21.182,300.277,299.875,1.75,1.5
03.08.2021 02:21:21.384,300.277,299.903,1.87,1.12
03.08.2021 02:21:26.693,300.276,299.901,1.25,1.12
03.08.2021 02:21:30.263,300.252,299.927,1,1
03.08.2021 02:22:25.319,300.276,299.901,1.25,1.12
03.08.2021 02:22:28.380,300.277,299.904,1.75,1.12
03.08.2021 02:22:28.631,300.253,299.928,1,1
03.08.2021 02:22:31.482,300.253,299.928,1,1
03.08.2021 02:22:31.685,300.253,299.928,1,1
03.08.2021 02:22:41.223,300.277,299.904,1.75,1.12
03.08.2021 02:22:41.670,300.277,299.931,1.75,0.69
03.08.2021 02:23:06.190,300.253,299.928,1,1
03.08.2021 02:23:06.723,300.277,299.869,1.75,1.5
03.08.2021 02:23:10.457,300.277,299.867,1.75,1.5
03.08.2021 02:23:11.282,300.268,299.893,1.25,1.12
03.08.2021 02:23:17.839,300.277,299.867,1.75,1.75
03.08.2021 02:23:26.254,300.268,299.894,1.25,1.12
03.08.2021 02:23:33.754,300.268,299.894,1.25,1.12
03.08.2021 02:23:41.804,300.266,299.892,1.25,1.12
03.08.2021 02:23:48.293,300.249,299.874,1.25,1.5
03.08.2021 02:23:50.977,300.22400000000005,299.899,1,1
03.08.2021 02:23:54.064,300.238,299.91200000000003,1,1
03.08.2021 02:24:03.644,300.256,299.882,1.25,1.12
03.08.2021 02:24:10.988,300.257,299.882,1.25,1.12
03.08.2021 02:24:37.493,300.254,299.879,1.25,1.12
03.08.2021 02:24:44.184,300.264,299.89,1.25,1.12
03.08.2021 02:24:44.385,300.257,299.883,1.25,1.12
03.08.2021 02:24:44.644,300.257,299.883,1.25,1.12
03.08.2021 02:24:51.755,300.257,299.883,1.25,1.12
03.08.2021 02:24:57.209,300.265,299.891,1.25,1.12
03.08.2021 02:24:57.455,300.268,299.894,1.25,1.12
03.08.2021 02:25:12.017,300.266,299.892,1.25,1.12
03.08.2021 02:25:19.755,300.281,299.87,1.75,1.5
03.08.2021 02:25:28.038,300.266,299.892,1.25,1.12
03.08.2021 02:25:28.288,300.264,299.89,1.25,1.12
03.08.2021 02:25:38.357,300.259,299.885,1.25,1.12
03.08.2021 02:25:39.882,300.272,299.861,1.75,1.5
03.08.2021 02:25:40.124,300.258,299.884,1.25,1.12
03.08.2021 02:25:49.944,300.258,299.884,1.25,1.12
03.08.2021 02:25:54.532,300.258,299.884,1.25,1.12
03.08.2021 02:25:55.371,300.254,299.88,1.25,1.12
03.08.2021 02:26:00.879,300.257,299.883,1.25,1.12
03.08.2021 02:26:04.078,300.258,299.884,1.25,1.12
03.08.2021 02:26:40.698,300.253,299.878,1.25,1.12
03.08.2021 02:27:10.880,300.245,299.871,1.25,1.12
03.08.2021 02:27:36.614,300.255,299.881,1.25,1.12
03.08.2021 02:27:46.925,300.263,299.893,1.75,1.12
03.08.2021 02:27:54.116,300.263,299.893,1.75,1.12
03.08.2021 02:27:55.383,300.233,299.908,1,1
03.08.2021 02:28:01.230,300.233,299.908,1,1
03.08.2021 02:28:23.552,300.246,299.92,1,1
03.08.2021 02:28:56.068,300.263,299.896,1.75,1.12
03.08.2021 02:28:56.269,300.242,299.91700000000003,1,1
03.08.2021 02:28:59.611,300.241,299.916,1,1
03.08.2021 02:29:09.942,300.263,299.902,1.75,1.12
03.08.2021 02:29:25.003,300.263,299.896,1.75,1.12
03.08.2021 02:29:26.624,300.263,299.896,1.75,1.12
03.08.2021 02:29:28.143,300.263,299.892,1.75,1.12
03.08.2021 02:29:28.857,300.263,299.918,1.75,0.69
03.08.2021 02:29:36.380,300.263,299.893,1.75,1.12
03.08.2021 02:30:11.592,300.263,299.964,1.75,0.37
03.08.2021 02:30:34.973,300.28000000000003,299.913,1.75,1.12
03.08.2021 02:30:35.507,300.28200000000004,299.913,1.75,1.12
03.08.2021 02:30:37.881,300.28200000000004,299.936,1.75,0.69
03.08.2021 02:30:38.246,300.28200000000004,299.913,1.75,1.25
03.08.2021 02:30:38.447,300.283,299.913,1.75,1.25
03.08.2021 02:30:40.545,300.286,299.913,2.25,1.25
03.08.2021 02:30:41.237,300.283,299.91400000000004,1.75,1.25
03.08.2021 02:30:44.218,300.285,299.91400000000004,1.75,1.25
03.08.2021 02:31:18.487,300.28200000000004,299.918,1.75,1.25
03.08.2021 02:31:44.151,300.28000000000003,299.964,1.5,0.37
03.08.2021 02:31:49.485,300.281,299.913,1.75,1.25
03.08.2021 02:32:10.529,300.28000000000003,299.911,1.75,1.25
03.08.2021 02:32:12.292,300.283,299.938,1.75,0.69
03.08.2021 02:32:13.625,300.28400000000005,299.915,1.75,1.25
03.08.2021 02:32:14.731,300.27,299.882,1.75,1.75
03.08.2021 02:32:18.754,300.26,299.918,1.75,0.69
03.08.2021 02:32:21.671,300.263,299.893,1.75,1.12
03.08.2021 02:32:21.871,300.26,299.893,1.75,1.12
03.08.2021 02:32:27.484,300.243,299.918,1,1
03.08.2021 02:32:27.637,300.243,299.918,1,1
03.08.2021 02:32:55.305,300.243,299.918,1,1
03.08.2021 02:32:58.304,300.223,299.898,1,1
03.08.2021 02:32:58.456,300.223,299.898,1,1
03.08.2021 02:33:36.761,300.255,299.906,1.75,0.69
03.08.2021 02:33:36.970,300.255,299.885,1.75,1.12
03.08.2021 02:33:46.168,300.255,299.885,1.75,1.12
03.08.2021 02:33:53.336,300.254,299.885,1.75,1.12
03.08.2021 02:33:53.539,300.254,299.885,1.75,1.12
03.08.2021 02:33:55.105,300.254,299.885,1.75,1.12
03.08.2021 02:34:02.474,300.256,299.887,1.75,1.12
03.08.2021 02:34:02.824,300.256,299.884,1.75,1.12
03.08.2021 02:34:06.927,300.253,299.884,1.75,1.12
03.08.2021 02:34:11.706,300.254,299.882,1.75,1.12
03.08.2021 02:34:21.337,300.253,299.885,1.75,1.12
03.08.2021 02:34:35.477,300.253,299.883,1.75,1.12
03.08.2021 02:34:35.677,300.246,299.906,1.75,0.69
03.08.2021 02:35:05.146,300.236,299.867,1.75,1.12
03.08.2021 02:35:06.191,300.233,299.887,1.75,0.69
03.08.2021 02:35:39.074,300.243,299.896,1.75,0.69
03.08.2021 02:35:41.250,300.246,299.873,1.75,1.12
03.08.2021 02:35:41.402,300.246,299.873,1.75,1.12
03.08.2021 02:35:43.259,300.166,299.899,0.37,0.69
03.08.2021 02:35:47.486,300.223,299.92400000000004,1.25,0.37
03.08.2021 02:36:16.916,300.238,299.867,1.75,1.12
03.08.2021 02:36:17.364,300.238,299.863,1.75,1.12
03.08.2021 02:36:38.308,300.19,299.865,1,1
03.08.2021 02:36:48.100,300.21500000000003,299.841,1.25,1.12
03.08.2021 02:36:49.626,300.192,299.833,0.69,1.5
03.08.2021 02:36:57.108,300.2,299.934,0.87,0.37
03.08.2021 02:37:07.524,300.249,299.875,1.75,1.12
03.08.2021 02:37:33.310,300.228,299.85400000000004,1.25,1.12
03.08.2021 02:37:35.165,300.228,299.85400000000004,1.25,1.12
03.08.2021 02:37:49.820,300.232,299.934,1.25,0.37
03.08.2021 02:38:09.803,300.256,299.90900000000005,1.75,0.69
03.08.2021 02:38:28.310,300.236,299.862,1.25,1.5
03.08.2021 02:38:36.052,300.21,299.885,0.87,1
03.08.2021 02:38:36.509,300.212,299.88599999999997,1,1
03.08.2021 02:38:36.661,300.212,299.88599999999997,1,1
03.08.2021 02:38:37.564,300.213,299.888,1,1
03.08.2021 02:38:38.339,300.212,299.887,1,1
03.08.2021 02:38:42.128,300.24,299.944,1.25,0.37
03.08.2021 02:38:45.915,300.263,299.91700000000003,1.75,0.69
03.08.2021 02:39:07.850,300.244,299.91900000000004,1,1
03.08.2021 02:39:10.796,300.263,299.91700000000003,1.75,0.69
03.08.2021 02:39:26.253,300.263,299.894,1.75,1.12
03.08.2021 02:39:26.485,300.231,299.906,1,1
03.08.2021 02:39:26.929,300.231,299.906,1,1
03.08.2021 02:39:27.129,300.231,299.906,1,1
03.08.2021 02:39:27.640,300.231,299.906,1,1
03.08.2021 02:39:31.261,300.232,299.90700000000004,1,1
03.08.2021 02:39:31.866,300.26,299.88599999999997,1.25,1.12
03.08.2021 02:39:33.363,300.263,299.90500000000003,1.75,1.12
03.08.2021 02:39:33.566,300.263,299.902,1.75,1.12
03.08.2021 02:39:50.729,300.263,299.90500000000003,1.75,1.12
03.08.2021 02:40:00.784,300.26,299.935,1,0.87
03.08.2021 02:40:16.538,300.258,299.933,1,1
03.08.2021 02:40:18.356,300.22900000000004,299.904,1,1
03.08.2021 02:40:21.727,300.23,299.964,1,0.37
03.08.2021 02:40:33.584,300.279,299.926,1.75,0.69
03.08.2021 02:40:36.577,300.276,299.902,1.25,1.12
03.08.2021 02:40:56.910,300.278,299.927,1.75,0.69
03.08.2021 02:40:59.257,300.254,299.92900000000003,1,1
03.08.2021 02:41:00.339,300.255,299.93,1,1
03.08.2021 02:41:13.343,300.23,299.90500000000003,1,1
03.08.2021 02:41:13.907,300.254,299.928,1,1
03.08.2021 02:41:52.179,300.286,299.913,1.75,1.12
03.08.2021 02:41:52.404,300.286,299.916,1.75,1.12
03.08.2021 02:42:08.315,300.273,299.899,1.25,1.12
03.08.2021 02:42:09.599,300.251,299.889,0.69,1.5
03.08.2021 02:42:09.850,300.301,299.928,1.75,1.12
03.08.2021 02:42:33.141,300.305,299.932,1.75,1.12
03.08.2021 02:42:33.343,300.306,299.959,1.75,0.69
03.08.2021 02:42:33.593,300.306,299.932,2.25,1.12
03.08.2021 02:42:42.992,300.306,299.932,2.25,1.12
03.08.2021 02:42:52.530,300.283,299.957,1,0.87
03.08.2021 02:43:03.316,300.298,299.92400000000004,1.25,1.12
03.08.2021 02:43:05.112,300.301,300.004,1.25,0.37
03.08.2021 02:43:11.643,300.317,299.945,1.75,1.12
03.08.2021 02:43:17.142,300.293,299.968,1,1
03.08.2021 02:43:18.248,300.293,299.968,1,1
03.08.2021 02:43:25.789,300.317,299.945,1.75,1.12
03.08.2021 02:43:31.587,300.317,299.945,1.75,1.12
03.08.2021 02:43:36.355,300.307,299.934,1.75,1.12
03.08.2021 02:43:36.517,300.307,299.932,1.75,1.12
03.08.2021 02:44:02.943,300.28200000000004,299.957,1,1
03.08.2021 02:44:09.968,300.305,299.932,1.75,1.12
03.08.2021 02:44:38.843,300.307,299.933,1.25,1.12
03.08.2021 02:44:53.454,300.236,299.94,0.37,1.12
03.08.2021 02:45:00.639,300.26099999999997,299.935,1,1
03.08.2021 02:45:16.763,300.258,299.90000000000003,0.69,1.5
03.08.2021 02:45:16.954,300.309,299.90000000000003,1.75,1.5
03.08.2021 02:45:17.161,300.288,299.91400000000004,1.25,1.12
03.08.2021 02:45:17.797,300.288,299.91400000000004,1.25,1.12
03.08.2021 02:45:18.202,300.288,299.91400000000004,1.25,1.12
03.08.2021 02:45:18.655,300.288,299.994,1.25,0.37
03.08.2021 02:45:18.905,300.303,299.93,1.25,1.5
03.08.2021 02:46:27.171,300.29400000000004,299.92,1.25,1.12
03.08.2021 02:47:10.771,300.297,299.922,1.25,1.25
03.08.2021 02:47:20.406,300.3,299.926,1.25,1.25
03.08.2021 02:47:52.468,300.301,299.927,1.25,1.12
03.08.2021 02:48:14.532,300.305,299.931,1.25,1.12
03.08.2021 02:48:55.978,300.308,299.933,1.25,1.12
03.08.2021 02:48:56.129,300.308,299.933,1.25,1.12
03.08.2021 02:48:56.332,300.308,299.933,1.25,1.12
03.08.2021 02:48:57.560,300.308,299.933,1.25,1.12
03.08.2021 02:48:57.984,300.308,299.933,1.25,1.12
03.08.2021 02:48:59.136,300.308,299.933,1.25,1.12
03.08.2021 02:49:10.945,300.308,299.934,1.25,1.12
03.08.2021 02:49:12.702,300.308,299.934,1.25,1.12
03.08.2021 02:49:20.557,300.317,299.943,1.25,1.12
03.08.2021 02:49:43.547,300.325,299.95099999999996,1.25,1.12
03.08.2021 02:49:43.748,300.329,299.978,1.75,0.69
03.08.2021 02:50:11.120,300.322,299.948,1.25,1.87
03.08.2021 02:50:12.119,300.329,299.97400000000005,1.75,1.12
03.08.2021 02:50:12.321,300.329,299.958,1.75,1.12
03.08.2021 02:50:51.780,300.35,299.938,1.75,1.5
03.08.2021 02:50:53.664,300.341,299.96700000000004,1.25,1.12
03.08.2021 02:50:54.991,300.338,299.964,1.25,1.12
03.08.2021 02:51:00.601,300.338,299.964,1.25,1.12
03.08.2021 02:51:00.804,300.336,299.962,1.25,1.12
03.08.2021 02:51:02.772,300.336,299.962,1.25,1.12
03.08.2021 02:51:03.476,300.336,299.962,1.25,1.12
03.08.2021 02:51:32.199,300.355,299.993,1.75,0.69
03.08.2021 02:51:32.401,300.338,299.964,1.25,1.12
03.08.2021 02:51:50.437,300.334,299.928,1.75,1.5
03.08.2021 02:52:09.019,300.317,299.943,1.25,1.12
03.08.2021 02:52:09.070,300.317,299.943,1.25,1.12
03.08.2021 02:52:13.889,300.283,299.958,1,0.87
03.08.2021 02:52:15.409,300.281,299.956,1,1
03.08.2021 02:52:20.615,300.28200000000004,299.957,1,1
03.08.2021 02:52:21.205,300.291,299.96500000000003,1,1
03.08.2021 02:53:01.050,300.266,300.004,0.37,0.37
03.08.2021 02:53:01.665,300.319,299.944,1.25,1.12
03.08.2021 02:53:09.747,300.316,299.942,1.25,1.12
03.08.2021 02:53:10.151,300.318,299.943,1.25,1.12
03.08.2021 02:53:10.929,300.29200000000003,299.96700000000004,1,0.87
03.08.2021 02:53:20.303,300.293,299.968,1,1
03.08.2021 02:53:35.402,300.256,299.994,0.37,0.37
03.08.2021 02:53:36.728,300.318,299.943,1.25,1.12
03.08.2021 02:53:39.290,300.318,299.943,1.25,1.12
03.08.2021 02:53:40.201,300.318,299.943,1.25,1.12
03.08.2021 02:53:40.691,300.318,299.943,1.25,1.12
03.08.2021 02:53:55.640,300.317,299.943,1.25,1.12
03.08.2021 02:53:55.791,300.317,299.943,1.25,1.12
03.08.2021 02:54:05.296,300.322,299.947,1.25,1.12
03.08.2021 02:54:14.375,300.32599999999996,299.95099999999996,1.25,1.12
03.08.2021 02:54:36.890,300.337,299.97900000000004,1.75,0.69
03.08.2021 02:54:37.414,300.328,299.954,1.25,1.12
03.08.2021 02:54:39.820,300.33,299.955,1.25,1.12
03.08.2021 02:54:41.723,300.33,299.955,1.25,1.12
03.08.2021 02:56:02.686,300.328,299.954,1.25,1.12
03.08.2021 02:56:03.090,300.323,299.949,1.25,1.12
03.08.2021 02:56:03.191,300.328,299.954,1.25,1.12
03.08.2021 02:56:03.369,300.328,299.954,1.25,1.12
03.08.2021 02:56:05.237,300.328,299.954,1.25,1.12
03.08.2021 02:56:26.479,300.337,299.988,1.75,0.69
03.08.2021 02:56:36.964,300.35200000000003,299.986,1.75,1.12
03.08.2021 02:56:41.611,300.32599999999996,299.958,1.25,1.12
03.08.2021 02:56:43.687,300.32599999999996,300.03400000000005,1.25,0.37
03.08.2021 02:56:46.214,300.348,299.973,1.25,1.12
03.08.2021 02:56:48.821,300.266,299.973,0.37,1.12
03.08.2021 02:56:51.952,300.327,300.03400000000005,1.25,0.37
03.08.2021 02:57:10.984,300.34000000000003,299.966,1.25,1.12
03.08.2021 02:57:30.306,300.319,299.993,1,1
03.08.2021 02:58:26.643,300.351,299.955,1.75,1.5
03.08.2021 02:58:26.792,300.337,299.955,1.25,1.5
03.08.2021 02:58:33.266,300.351,299.982,1.75,1.12
03.08.2021 02:58:33.520,300.351,299.959,1.75,1.5
03.08.2021 02:58:46.257,300.351,299.981,1.75,1.12
03.08.2021 02:58:48.666,300.333,300.007,1,1
03.08.2021 02:59:19.477,300.351,299.981,1.75,1.12
03.08.2021 02:59:20.640,300.335,300.009,1,1
03.08.2021 02:59:20.842,300.351,300.007,1.75,0.69
03.08.2021 02:59:27.573,300.34700000000004,299.973,1.25,1.12
03.08.2021 02:59:53.107,300.344,299.97,1.25,1.12
03.08.2021 02:59:53.356,300.35,299.976,1.25,1.12
03.08.2021 02:59:53.508,300.35,299.976,1.25,1.12
03.08.2021 03:00:00.315,300.34700000000004,299.97200000000004,1.25,1.12
03.08.2021 03:00:15.628,300.332,300.007,1,1
03.08.2021 03:00:21.255,300.332,300.007,1,1
03.08.2021 03:00:51.883,300.333,300.008,1,1
03.08.2021 03:00:53.461,300.337,300.012,1,1
03.08.2021 03:01:11.015,300.34700000000004,299.997,1.25,1.25
03.08.2021 03:01:20.523,300.34700000000004,299.997,1.25,1.25
03.08.2021 03:01:21.145,300.34700000000004,299.997,1.25,1.25
03.08.2021 03:01:22.964,300.358,299.998,1.35,1.25
03.08.2021 03:02:18.073,300.34000000000003,299.96500000000003,1.25,1.12
03.08.2021 03:02:18.365,300.348,299.988,1.85,0.69
03.08.2021 03:02:24.056,300.335,299.961,1.25,1.12
03.08.2021 03:02:24.307,300.336,299.962,1.25,1.12
