Gmt time,Ask,Bid,AskVolume,BidVolume
04.08.2021 00:00:21.843,7.77752,7.77714,0.37,0.37
04.08.2021 00:00:23.295,7.77752,7.7771300000000005,0.37,0.37
04.08.2021 00:00:24.795,7.77752,7.77712,0.37,0.37
04.08.2021 00:00:25.840,7.77739,7.77712,0.75,0.37
04.08.2021 00:00:26.296,7.77739,7.777110000000001,0.75,0.37
04.08.2021 00:00:27.797,7.77739,7.777100000000001,0.75,1.5
04.08.2021 00:00:31.577,7.777360000000001,7.777100000000001,0.37,0.75
04.08.2021 00:00:36.193,7.777360000000001,7.777200000000001,0.37,0.75
04.08.2021 00:00:36.243,7.77762,7.777030000000001,2.25,0.75
04.08.2021 00:00:36.294,7.77762,7.77705,2.25,0.75
04.08.2021 00:00:36.344,7.777730000000001,7.777030000000001,0.75,1.12
04.08.2021 00:00:36.445,7.7778,7.777089999999999,0.75,0.75
04.08.2021 00:00:36.545,7.77785,7.77712,0.75,0.75
04.08.2021 00:00:36.596,7.77782,7.7771300000000005,0.75,0.75
04.08.2021 00:00:37.595,7.777830000000001,7.77712,0.75,0.75
04.08.2021 00:00:53.731,7.777950000000001,7.77707,0.75,0.37
04.08.2021 00:00:55.039,7.777950000000001,7.7770600000000005,0.75,0.37
04.08.2021 00:00:55.170,7.777950000000001,7.77702,0.75,0.45
04.08.2021 00:00:58.263,7.777839999999999,7.777110000000001,0.75,0.75
04.08.2021 00:01:18.832,7.777960000000001,7.7770399999999995,0.75,0.37
04.08.2021 00:01:28.260,7.777960000000001,7.777030000000001,0.75,0.37
04.08.2021 00:01:38.380,7.77785,7.777080000000001,0.75,0.75
04.08.2021 00:01:38.430,7.777880000000001,7.777080000000001,0.75,0.75
04.08.2021 00:02:00.151,7.777880000000001,7.77725,0.75,0.37
04.08.2021 00:02:04.839,7.777860000000001,7.77725,0.75,0.37
04.08.2021 00:02:04.890,7.777860000000001,7.77714,0.75,0.37
04.08.2021 00:02:06.671,7.777860000000001,7.77712,0.75,0.37
04.08.2021 00:02:09.678,7.777860000000001,7.7771300000000005,0.75,0.37
04.08.2021 00:02:10.397,7.777880000000001,7.7771300000000005,0.75,0.37
04.08.2021 00:02:11.002,7.77787,7.7771300000000005,0.75,0.37
04.08.2021 00:02:16.689,7.77787,7.77725,0.75,0.37
04.08.2021 00:02:30.434,7.777960000000001,7.77725,0.47,0.37
04.08.2021 00:02:58.968,7.777960000000001,7.77725,0.37,0.37
04.08.2021 00:03:18.967,7.77799,7.777,1,0.49
04.08.2021 00:03:58.341,7.77799,7.77699,1,0.49
04.08.2021 00:04:43.983,7.777950000000001,7.77714,0.37,0.37
04.08.2021 00:04:44.519,7.777880000000001,7.77714,0.75,0.37
04.08.2021 00:04:45.037,7.777880000000001,7.777110000000001,0.75,0.37
04.08.2021 00:05:04.492,7.777960000000001,7.777110000000001,0.37,0.37
04.08.2021 00:05:04.890,7.777880000000001,7.777110000000001,0.75,0.37
04.08.2021 00:05:05.041,7.777880000000001,7.777160000000001,0.75,0.37
04.08.2021 00:05:05.189,7.77787,7.777160000000001,0.75,0.37
04.08.2021 00:05:06.032,7.77787,7.7771300000000005,0.75,0.37
04.08.2021 00:05:10.990,7.777880000000001,7.7771300000000005,0.75,0.37
04.08.2021 00:05:17.053,7.777880000000001,7.77723,2.25,0.37
04.08.2021 00:05:17.355,7.77787,7.77723,0.75,0.37
04.08.2021 00:05:17.631,7.77787,7.77712,0.75,0.37
04.08.2021 00:05:23.637,7.777900000000001,7.77712,0.75,0.37
04.08.2021 00:05:30.082,7.777900000000001,7.777100000000001,0.75,0.37
04.08.2021 00:05:49.793,7.77792,7.777100000000001,0.37,0.37
04.08.2021 00:05:54.849,7.77804,7.77702,0.75,0.37
04.08.2021 00:05:56.017,7.77804,7.777010000000001,0.75,0.37
04.08.2021 00:05:58.138,7.777960000000001,7.777010000000001,0.37,0.37
04.08.2021 00:05:59.138,7.777960000000001,7.777030000000001,0.37,0.37
04.08.2021 00:06:04.057,7.777960000000001,7.7770399999999995,0.37,0.37
04.08.2021 00:06:05.058,7.777960000000001,7.777210000000001,0.37,0.37
04.08.2021 00:06:06.156,7.777950000000001,7.77714,0.37,0.37
04.08.2021 00:06:08.022,7.777950000000001,7.77722,0.37,0.37
04.08.2021 00:06:46.176,7.777960000000001,7.77722,0.37,0.37
04.08.2021 00:07:15.294,7.777960000000001,7.77723,0.37,0.37
04.08.2021 00:07:22.310,7.777960000000001,7.77722,0.37,0.37
04.08.2021 00:07:34.352,7.777960000000001,7.77723,0.37,0.37
04.08.2021 00:08:00.384,7.77798,7.777210000000001,0.37,0.37
04.08.2021 00:08:05.398,7.77798,7.777200000000001,0.37,0.37
04.08.2021 00:08:18.444,7.77797,7.777210000000001,0.37,0.37
04.08.2021 00:08:22.434,7.777960000000001,7.77722,0.37,0.37
04.08.2021 00:09:08.527,7.777950000000001,7.777210000000001,0.49,0.49
04.08.2021 00:09:09.542,7.777900000000001,7.777210000000001,0.75,0.37
04.08.2021 00:09:19.595,7.777900000000001,7.777200000000001,0.75,0.37
04.08.2021 00:09:44.736,7.777900000000001,7.77707,0.75,0.75
04.08.2021 00:10:16.946,7.777900000000001,7.777089999999999,0.75,0.37
04.08.2021 00:10:40.712,7.777900000000001,7.77707,0.75,0.75
04.08.2021 00:10:48.809,7.777900000000001,7.777080000000001,0.75,0.75
04.08.2021 00:10:52.827,7.777900000000001,7.777210000000001,0.75,0.37
04.08.2021 00:11:04.923,7.777900000000001,7.77712,0.75,0.37
04.08.2021 00:11:16.790,7.777900000000001,7.777210000000001,0.75,0.37
04.08.2021 00:11:35.823,7.777900000000001,7.77722,0.75,0.37
04.08.2021 00:12:08.916,7.777830000000001,7.77722,0.75,0.37
04.08.2021 00:12:09.037,7.777830000000001,7.777210000000001,0.75,0.37
04.08.2021 00:12:10.895,7.777830000000001,7.7771300000000005,0.75,0.37
04.08.2021 00:12:38.869,7.777950000000001,7.7771300000000005,0.47,0.37
04.08.2021 00:12:59.017,7.77794,7.77714,0.45,0.37
04.08.2021 00:13:33.197,7.77792,7.77714,0.75,0.37
04.08.2021 00:13:33.298,7.777830000000001,7.77714,0.75,0.37
04.08.2021 00:13:34.060,7.777830000000001,7.77725,0.75,0.37
04.08.2021 00:13:52.111,7.77789,7.77725,0.37,0.37
04.08.2021 00:13:59.114,7.777900000000001,7.77724,0.37,0.37
04.08.2021 00:14:00.960,7.777910000000001,7.77723,0.75,0.37
04.08.2021 00:14:01.076,7.7779300000000005,7.77723,2.25,0.37
04.08.2021 00:14:02.116,7.7779300000000005,7.77725,2.25,0.37
04.08.2021 00:14:03.121,7.7779300000000005,7.777260000000001,1.5,0.37
04.08.2021 00:14:04.494,7.7779300000000005,7.7773200000000005,1.5,0.37
04.08.2021 00:14:24.635,7.7779300000000005,7.777310000000001,2.25,0.37
04.08.2021 00:14:32.690,7.77798,7.777310000000001,0.37,0.37
04.08.2021 00:14:32.823,7.7779300000000005,7.777310000000001,0.75,0.37
04.08.2021 00:14:36.469,7.7779300000000005,7.7773200000000005,0.75,0.37
04.08.2021 00:14:38.190,7.77792,7.777330000000001,0.37,0.37
04.08.2021 00:14:45.208,7.7779300000000005,7.77734,0.75,0.37
04.08.2021 00:15:02.901,7.77797,7.77734,0.37,0.37
04.08.2021 00:15:08.250,7.77797,7.7773200000000005,0.37,0.37
04.08.2021 00:15:44.329,7.77802,7.7773200000000005,0.37,0.37
04.08.2021 00:15:46.329,7.77802,7.777310000000001,0.37,0.37
04.08.2021 00:15:52.345,7.778010000000001,7.7773200000000005,0.37,0.37
04.08.2021 00:15:53.716,7.7780000000000005,7.777310000000001,0.37,0.37
04.08.2021 00:15:54.997,7.777880000000001,7.777310000000001,2.25,0.37
04.08.2021 00:15:55.047,7.777880000000001,7.77724,0.75,0.37
04.08.2021 00:15:55.098,7.777900000000001,7.77724,0.75,0.37
04.08.2021 00:15:55.198,7.77775,7.77745,0.75,0.75
04.08.2021 00:16:19.629,7.777950000000001,7.777330000000001,0.37,0.37
04.08.2021 00:16:23.835,7.77794,7.777330000000001,0.37,0.37
04.08.2021 00:16:25.555,7.77775,7.77745,0.75,0.75
04.08.2021 00:18:17.984,7.777900000000001,7.777260000000001,0.75,1.5
04.08.2021 00:18:19.964,7.777900000000001,7.7773,1.12,0.37
04.08.2021 00:18:20.677,7.777900000000001,7.777360000000001,1.12,0.37
04.08.2021 00:18:20.778,7.777880000000001,7.777360000000001,2.25,0.37
04.08.2021 00:18:22.136,7.777880000000001,7.77737,2.25,0.37
04.08.2021 00:18:23.636,7.777880000000001,7.777380000000001,2.25,0.37
04.08.2021 00:18:26.418,7.77775,7.77745,0.75,0.75
04.08.2021 00:18:34.137,7.77769,7.77745,0.37,0.75
04.08.2021 00:18:36.037,7.777710000000001,7.77745,0.37,0.75
04.08.2021 00:18:37.538,7.77772,7.77745,0.37,0.75
04.08.2021 00:18:40.539,7.777730000000001,7.77745,0.37,0.75
04.08.2021 00:18:43.013,7.777730000000001,7.7773,0.37,0.47
04.08.2021 00:18:43.114,7.7778,7.777310000000001,0.37,0.47
04.08.2021 00:18:43.268,7.7778,7.777310000000001,0.37,0.47
04.08.2021 00:18:43.978,7.7778,7.777330000000001,0.37,0.47
04.08.2021 00:18:50.526,7.777810000000001,7.777330000000001,0.37,0.47
04.08.2021 00:18:56.642,7.77775,7.77745,0.75,0.75
04.08.2021 00:18:57.348,7.77769,7.7774,0.75,0.75
04.08.2021 00:19:15.920,7.77772,7.77729,0.37,0.45
04.08.2021 00:19:22.726,7.77772,7.77735,0.37,0.37
04.08.2021 00:19:27.458,7.77769,7.7774,0.75,0.75
04.08.2021 00:19:58.364,7.77769,7.77745,0.75,0.37
04.08.2021 00:20:28.459,7.77769,7.7774,0.75,0.75
04.08.2021 00:21:23.494,7.7777899999999995,7.777460000000001,0.37,0.75
04.08.2021 00:21:28.578,7.77769,7.777460000000001,0.75,0.37
04.08.2021 00:21:28.629,7.77769,7.7774,0.75,0.75
04.08.2021 00:21:53.668,7.7777899999999995,7.7773200000000005,0.37,0.37
04.08.2021 00:21:58.832,7.77769,7.7774,0.75,0.75
04.08.2021 00:21:59.509,7.7777899999999995,7.777460000000001,1.12,0.75
04.08.2021 00:22:15.811,7.777900000000001,7.777430000000001,0.47,0.37
04.08.2021 00:22:15.862,7.777910000000001,7.77745,0.47,0.37
04.08.2021 00:22:29.641,7.7777899999999995,7.777460000000001,0.75,0.75
04.08.2021 00:22:32.003,7.777780000000001,7.777460000000001,0.75,0.75
04.08.2021 00:22:47.591,7.777839999999999,7.777460000000001,0.75,0.75
04.08.2021 00:22:47.641,7.77787,7.7776000000000005,0.75,0.75
04.08.2021 00:22:47.742,7.77797,7.7777,0.37,0.75
04.08.2021 00:22:47.793,7.77814,7.77759,0.75,0.75
04.08.2021 00:22:47.843,7.778010000000001,7.77757,0.75,0.37
04.08.2021 00:22:48.166,7.77789,7.7776000000000005,0.75,0.75
04.08.2021 00:22:52.126,7.777839999999999,7.777550000000001,0.75,0.75
04.08.2021 00:22:52.176,7.777950000000001,7.777480000000001,0.37,0.37
04.08.2021 00:22:52.761,7.777960000000001,7.777410000000001,0.75,0.37
04.08.2021 00:22:53.756,7.777950000000001,7.777410000000001,0.75,0.37
04.08.2021 00:22:59.616,7.77797,7.777410000000001,0.82,0.37
04.08.2021 00:23:05.958,7.777950000000001,7.777410000000001,0.75,0.37
04.08.2021 00:23:06.109,7.777839999999999,7.777550000000001,0.75,0.75
04.08.2021 00:24:24.033,7.77789,7.7776000000000005,0.75,0.75
04.08.2021 00:24:39.403,7.777880000000001,7.7776000000000005,0.37,0.75
04.08.2021 00:24:40.409,7.777860000000001,7.7776000000000005,0.37,0.75
04.08.2021 00:24:40.468,7.77789,7.7776000000000005,0.75,0.75
04.08.2021 00:24:40.519,7.77798,7.777510000000001,0.45,0.37
04.08.2021 00:24:46.251,7.77798,7.777510000000001,0.47,0.37
04.08.2021 00:24:53.124,7.77798,7.777510000000001,0.37,0.37
04.08.2021 00:24:54.468,7.77789,7.7776000000000005,0.75,0.75
04.08.2021 00:25:17.321,7.77798,7.77754,0.75,0.37
04.08.2021 00:25:17.372,7.77794,7.77765,0.75,0.75
04.08.2021 00:25:23.586,7.77794,7.777680000000001,0.75,0.37
04.08.2021 00:25:25.089,7.77794,7.7777,0.75,0.37
04.08.2021 00:25:26.590,7.77794,7.777680000000001,0.75,0.37
04.08.2021 00:25:28.091,7.77794,7.777660000000001,0.75,0.37
04.08.2021 00:25:29.598,7.77794,7.77765,0.75,1.12
04.08.2021 00:25:43.634,7.778160000000001,7.777610000000001,0.85,0.37
04.08.2021 00:25:47.518,7.77794,7.77765,0.75,0.75
04.08.2021 00:28:04.440,7.77799,7.7777,0.75,0.75
04.08.2021 00:29:53.982,7.77794,7.77765,0.75,0.75
04.08.2021 00:30:28.620,7.77799,7.7777,0.75,0.75
04.08.2021 00:30:49.871,7.778060000000001,7.777660000000001,0.47,0.37
04.08.2021 00:30:50.023,7.7780700000000005,7.777660000000001,0.85,0.37
04.08.2021 00:30:58.606,7.77799,7.7777,0.75,0.75
04.08.2021 00:31:08.724,7.77804,7.77775,0.75,0.75
04.08.2021 00:31:09.666,7.77804,7.777810000000001,0.75,0.37
04.08.2021 00:31:09.717,7.778160000000001,7.777900000000001,0.37,0.75
04.08.2021 00:31:09.817,7.7781899999999995,7.777900000000001,0.75,0.75
04.08.2021 00:31:09.868,7.77829,7.7780000000000005,0.75,0.75
04.08.2021 00:31:09.969,7.778410000000001,7.77802,0.85,0.37
04.08.2021 00:31:10.069,7.778430000000001,7.77802,0.75,0.37
04.08.2021 00:31:10.585,7.778430000000001,7.77797,0.75,0.37
04.08.2021 00:31:12.086,7.778430000000001,7.77798,0.75,0.37
04.08.2021 00:31:13.587,7.778430000000001,7.777950000000001,0.75,0.37
04.08.2021 00:31:15.087,7.778430000000001,7.77794,0.75,0.37
04.08.2021 00:31:16.588,7.778430000000001,7.777960000000001,0.75,0.37
04.08.2021 00:31:18.088,7.778430000000001,7.777950000000001,0.75,0.37
04.08.2021 00:31:18.906,7.778430000000001,7.7779300000000005,0.75,0.37
04.08.2021 00:31:20.400,7.778430000000001,7.77794,0.75,0.37
04.08.2021 00:31:21.900,7.778430000000001,7.777950000000001,0.75,0.37
04.08.2021 00:31:23.402,7.778430000000001,7.777960000000001,0.75,0.37
04.08.2021 00:31:26.401,7.778430000000001,7.77797,0.75,0.37
04.08.2021 00:31:27.223,7.77844,7.77797,0.82,0.37
04.08.2021 00:31:27.273,7.77839,7.7781,0.75,0.75
04.08.2021 00:31:27.324,7.778510000000001,7.778080000000001,0.85,0.37
04.08.2021 00:31:27.375,7.778530000000001,7.778080000000001,0.82,0.37
04.08.2021 00:31:28.247,7.778530000000001,7.7780700000000005,0.82,0.37
04.08.2021 00:31:28.841,7.77854,7.778250000000001,0.75,0.75
04.08.2021 00:31:49.253,7.77864,7.7781899999999995,0.85,0.37
04.08.2021 00:31:49.943,7.77844,7.7781899999999995,0.75,0.37
04.08.2021 00:31:49.993,7.77862,7.77814,0.47,0.37
04.08.2021 00:31:50.094,7.778580000000001,7.77814,0.75,0.37
04.08.2021 00:31:50.195,7.77857,7.77814,0.75,0.37
04.08.2021 00:31:50.296,7.778580000000001,7.77814,0.75,0.37
04.08.2021 00:31:50.649,7.778580000000001,7.778060000000001,0.75,0.37
04.08.2021 00:31:54.477,7.77857,7.778060000000001,0.82,0.37
04.08.2021 00:31:54.753,7.77857,7.7780700000000005,0.82,0.37
04.08.2021 00:32:03.649,7.77849,7.7782,0.75,0.75
04.08.2021 00:32:09.464,7.77854,7.778250000000001,0.75,0.75
04.08.2021 00:32:22.265,7.7785,7.778250000000001,0.37,0.75
04.08.2021 00:32:22.427,7.7785,7.778080000000001,0.37,0.47
04.08.2021 00:32:23.270,7.77864,7.77817,0.47,0.37
04.08.2021 00:32:24.914,7.77864,7.77817,0.47,0.37
04.08.2021 00:32:25.732,7.77864,7.77817,0.47,0.37
04.08.2021 00:32:30.414,7.7785899999999994,7.778300000000001,0.75,0.75
04.08.2021 00:32:50.113,7.778660000000001,7.778250000000001,0.47,0.75
04.08.2021 00:32:51.159,7.778610000000001,7.7782100000000005,0.37,0.75
04.08.2021 00:32:52.745,7.778610000000001,7.778250000000001,0.37,0.37
04.08.2021 00:32:53.162,7.7786,7.778250000000001,0.37,0.37
04.08.2021 00:32:54.167,7.7785899999999994,7.778250000000001,0.37,0.37
04.08.2021 00:32:54.374,7.77854,7.778250000000001,0.75,1.12
04.08.2021 00:32:54.575,7.77852,7.778250000000001,0.75,0.75
04.08.2021 00:33:10.439,7.77849,7.778250000000001,0.37,0.75
04.08.2021 00:33:13.445,7.778480000000001,7.778250000000001,0.37,0.75
04.08.2021 00:33:18.284,7.778480000000001,7.7782800000000005,0.37,0.75
04.08.2021 00:33:18.334,7.778560000000001,7.7782800000000005,0.37,0.75
04.08.2021 00:33:18.435,7.77857,7.7782800000000005,0.75,0.75
04.08.2021 00:33:18.816,7.778580000000001,7.778300000000001,0.75,0.75
04.08.2021 00:33:45.995,7.7785899999999994,7.778300000000001,0.75,0.75
04.08.2021 00:34:14.643,7.778560000000001,7.778300000000001,0.37,0.75
04.08.2021 00:34:32.606,7.7785899999999994,7.778300000000001,1.12,0.75
04.08.2021 00:34:37.619,7.778580000000001,7.778300000000001,0.37,0.75
04.08.2021 00:34:38.844,7.778560000000001,7.778300000000001,0.37,0.75
04.08.2021 00:34:40.857,7.77857,7.778300000000001,0.37,0.75
04.08.2021 00:34:41.861,7.778560000000001,7.778300000000001,0.37,0.75
04.08.2021 00:34:44.874,7.77857,7.778300000000001,0.37,0.75
04.08.2021 00:34:45.104,7.778580000000001,7.778260000000001,0.75,0.37
04.08.2021 00:34:46.369,7.778580000000001,7.778300000000001,0.75,0.75
04.08.2021 00:34:54.245,7.778580000000001,7.77834,0.75,0.75
04.08.2021 00:34:54.346,7.77869,7.7784,0.75,0.75
04.08.2021 00:35:10.648,7.77874,7.77845,0.75,0.75
04.08.2021 00:35:12.841,7.77878,7.7785,0.75,0.75
04.08.2021 00:35:33.012,7.7788200000000005,7.77842,0.75,0.37
04.08.2021 00:35:33.063,7.7788200000000005,7.77845,0.75,0.37
04.08.2021 00:35:33.164,7.778830000000001,7.77845,0.82,0.37
04.08.2021 00:35:33.314,7.77878,7.77845,0.75,0.37
04.08.2021 00:35:34.328,7.77878,7.77842,0.75,0.37
04.08.2021 00:35:43.010,7.77878,7.7785,0.75,0.75
04.08.2021 00:35:50.861,7.778760000000001,7.7785,0.37,0.75
04.08.2021 00:35:53.775,7.77878,7.7785,0.75,0.75
04.08.2021 00:36:14.839,7.77877,7.7785,0.37,0.75
04.08.2021 00:36:20.798,7.778760000000001,7.7785,0.37,0.75
04.08.2021 00:36:23.574,7.77878,7.7785,0.75,0.75
04.08.2021 00:36:28.552,7.77878,7.77844,0.75,1.12
04.08.2021 00:36:28.602,7.77874,7.77845,0.75,0.75
04.08.2021 00:36:28.753,7.77869,7.77842,0.75,0.37
04.08.2021 00:36:29.004,7.77869,7.7784,0.75,0.75
04.08.2021 00:36:29.379,7.77864,7.7783500000000005,0.75,0.75
04.08.2021 00:36:36.090,7.7786800000000005,7.77829,0.75,0.37
04.08.2021 00:36:38.350,7.7785899999999994,7.778300000000001,0.75,0.75
04.08.2021 00:36:38.552,7.77854,7.778250000000001,0.75,0.75
04.08.2021 00:36:39.377,7.77849,7.778230000000001,0.75,0.22
04.08.2021 00:36:39.528,7.77844,7.77815,0.75,0.75
04.08.2021 00:36:41.546,7.77839,7.7781,0.75,0.75
04.08.2021 00:36:41.597,7.77847,7.77799,0.75,0.37
04.08.2021 00:36:41.647,7.77839,7.7781,0.75,0.75
04.08.2021 00:36:44.431,7.77834,7.77805,0.75,0.75
04.08.2021 00:36:55.887,7.77844,7.77797,0.47,0.47
04.08.2021 00:36:56.649,7.77844,7.77797,0.47,0.47
04.08.2021 00:36:56.800,7.77844,7.77797,0.47,0.47
04.08.2021 00:36:56.930,7.77844,7.77797,0.47,0.47
04.08.2021 00:36:57.154,7.77844,7.77797,0.47,0.47
04.08.2021 00:37:02.625,7.77844,7.77797,0.47,0.47
04.08.2021 00:37:02.775,7.77844,7.77797,1.22,0.47
04.08.2021 00:37:08.649,7.77844,7.77797,1.22,0.45
04.08.2021 00:37:14.005,7.77844,7.77797,1.22,0.47
04.08.2021 00:37:14.105,7.77838,7.777960000000001,0.75,0.47
04.08.2021 00:37:14.381,7.77829,7.7780000000000005,0.75,0.75
04.08.2021 00:37:27.695,7.77827,7.7780000000000005,0.37,0.75
04.08.2021 00:37:32.679,7.77829,7.7780000000000005,0.75,0.75
04.08.2021 00:37:36.933,7.7784,7.7779300000000005,0.47,0.75
04.08.2021 00:37:38.946,7.77833,7.7779300000000005,0.37,0.37
04.08.2021 00:37:44.599,7.7782800000000005,7.7780000000000005,0.75,0.75
04.08.2021 00:38:14.777,7.77829,7.7780000000000005,0.75,0.75
04.08.2021 00:38:40.394,7.77833,7.7780000000000005,0.75,0.75
04.08.2021 00:38:40.813,7.77833,7.77805,0.75,0.75
04.08.2021 00:38:56.244,7.778230000000001,7.77797,0.75,0.37
04.08.2021 00:38:56.294,7.778230000000001,7.777950000000001,0.75,1.12
04.08.2021 00:38:56.664,7.7782100000000005,7.777950000000001,0.75,1.12
04.08.2021 00:38:57.947,7.778310000000001,7.77798,0.85,0.75
04.08.2021 00:38:57.997,7.778110000000001,7.77792,0.75,0.52
04.08.2021 00:38:58.199,7.778260000000001,7.77789,0.82,0.75
04.08.2021 00:38:58.249,7.778230000000001,7.777950000000001,0.75,0.75
04.08.2021 00:38:58.350,7.7782800000000005,7.7780000000000005,0.75,0.75
04.08.2021 00:39:01.064,7.77833,7.77805,0.75,0.75
04.08.2021 00:39:02.181,7.77838,7.7781,2.25,0.75
04.08.2021 00:39:11.173,7.778310000000001,7.77809,0.75,0.75
04.08.2021 00:39:22.300,7.778360000000001,7.7781,0.75,0.75
04.08.2021 00:39:40.250,7.77827,7.77804,0.75,0.75
04.08.2021 00:39:40.512,7.77822,7.77799,0.75,0.75
04.08.2021 00:39:40.764,7.7782100000000005,7.77799,0.75,0.75
04.08.2021 00:40:01.848,7.778310000000001,7.7779300000000005,0.37,0.75
04.08.2021 00:40:01.899,7.778260000000001,7.77804,0.75,0.75
04.08.2021 00:40:04.429,7.778310000000001,7.77809,0.75,0.75
04.08.2021 00:40:17.250,7.778260000000001,7.77804,0.75,0.75
04.08.2021 00:40:37.530,7.7783500000000005,7.778010000000001,0.37,0.37
04.08.2021 00:40:37.817,7.778260000000001,7.77804,0.75,0.75
04.08.2021 00:41:42.172,7.778260000000001,7.77802,0.75,1.12
04.08.2021 00:41:42.273,7.778160000000001,7.777950000000001,0.75,0.37
04.08.2021 00:41:42.424,7.778160000000001,7.77794,0.75,0.75
04.08.2021 00:41:51.199,7.7782100000000005,7.77799,0.75,0.75
04.08.2021 00:41:51.250,7.778260000000001,7.77799,0.75,0.75
04.08.2021 00:42:00.810,7.778260000000001,7.778010000000001,0.75,0.37
04.08.2021 00:42:04.787,7.778160000000001,7.77794,0.75,0.75
04.08.2021 00:42:18.156,7.77815,7.77794,0.75,0.75
04.08.2021 00:42:26.386,7.778160000000001,7.77794,0.75,0.75
04.08.2021 00:42:34.481,7.778260000000001,7.77799,0.75,0.75
04.08.2021 00:42:34.582,7.778260000000001,7.778010000000001,0.75,0.37
04.08.2021 00:42:34.632,7.778260000000001,7.77799,0.75,0.75
04.08.2021 00:42:40.847,7.778310000000001,7.77809,0.75,0.75
04.08.2021 00:42:53.387,7.77838,7.77802,0.75,0.75
04.08.2021 00:42:56.175,7.77838,7.77803,0.75,0.37
04.08.2021 00:42:56.464,7.778310000000001,7.77809,0.75,0.75
04.08.2021 00:43:29.947,7.77832,7.77809,0.75,0.75
04.08.2021 00:43:35.444,7.778310000000001,7.77809,0.75,0.75
04.08.2021 00:45:28.260,7.778360000000001,7.7781,1.12,0.75
04.08.2021 00:45:28.310,7.778310000000001,7.778080000000001,0.75,0.75
04.08.2021 00:45:28.666,7.778310000000001,7.7780700000000005,0.75,0.75
04.08.2021 00:45:50.006,7.77837,7.77798,0.47,1.12
04.08.2021 00:45:50.107,7.77837,7.77798,0.47,0.85
04.08.2021 00:45:59.017,7.778310000000001,7.7780700000000005,0.75,0.75
04.08.2021 00:46:33.099,7.778360000000001,7.778130000000001,1.22,0.75
04.08.2021 00:46:33.213,7.778360000000001,7.778130000000001,0.75,0.75
04.08.2021 00:46:34.468,7.778310000000001,7.7780700000000005,0.75,0.75
04.08.2021 00:46:51.208,7.778260000000001,7.7780000000000005,0.75,0.37
04.08.2021 00:46:51.259,7.778260000000001,7.777960000000001,2.25,0.37
04.08.2021 00:46:51.309,7.778160000000001,7.777960000000001,0.75,0.37
04.08.2021 00:46:51.410,7.778160000000001,7.77792,0.75,0.75
04.08.2021 00:46:53.691,7.778110000000001,7.77787,0.75,0.75
04.08.2021 00:46:53.892,7.778060000000001,7.7778,0.75,0.75
04.08.2021 00:46:53.943,7.777960000000001,7.77777,0.75,0.37
04.08.2021 00:46:54.062,7.777960000000001,7.777760000000001,0.75,0.75
04.08.2021 00:46:55.631,7.778010000000001,7.77777,0.75,0.75
04.08.2021 00:46:55.732,7.778010000000001,7.7777899999999995,0.75,0.75
04.08.2021 00:46:56.053,7.778010000000001,7.777780000000001,0.75,0.75
04.08.2021 00:46:56.364,7.778010000000001,7.77777,0.75,0.75
04.08.2021 00:46:56.465,7.777960000000001,7.777730000000001,0.75,0.75
04.08.2021 00:46:56.624,7.7780000000000005,7.777780000000001,0.75,0.75
04.08.2021 00:46:57.649,7.778010000000001,7.77777,0.75,0.75
04.08.2021 00:47:17.534,7.778080000000001,7.77774,0.82,0.75
04.08.2021 00:47:20.779,7.778060000000001,7.77774,0.37,1.12
04.08.2021 00:47:26.195,7.778080000000001,7.777730000000001,0.82,1.57
04.08.2021 00:47:26.918,7.777960000000001,7.777730000000001,0.75,0.82
04.08.2021 00:47:27.019,7.777910000000001,7.77767,0.75,0.75
04.08.2021 00:47:27.170,7.777860000000001,7.77762,0.75,0.75
04.08.2021 00:47:36.909,7.77785,7.7776000000000005,0.75,0.75
04.08.2021 00:47:45.150,7.7778,7.777550000000001,0.75,0.75
04.08.2021 00:48:43.594,7.777810000000001,7.77754,0.75,0.75
04.08.2021 00:51:23.707,7.7778,7.7775300000000005,0.75,0.75
04.08.2021 00:52:42.422,7.7778,7.777380000000001,0.37,0.47
04.08.2021 00:52:44.649,7.7778,7.777380000000001,0.37,0.45
04.08.2021 00:52:46.876,7.7778,7.777510000000001,1.12,0.75
04.08.2021 00:54:34.842,7.77764,7.7774,0.75,0.37
04.08.2021 00:54:34.943,7.777500000000001,7.77727,0.75,0.37
04.08.2021 00:54:34.994,7.777500000000001,7.777200000000001,0.75,0.75
04.08.2021 00:54:35.044,7.77752,7.77725,0.37,0.75
04.08.2021 00:54:35.379,7.777550000000001,7.77725,0.75,0.75
04.08.2021 00:54:45.574,7.777610000000001,7.77723,0.37,0.75
04.08.2021 00:54:49.539,7.777500000000001,7.777210000000001,0.75,0.37
04.08.2021 00:54:49.690,7.7774399999999995,7.77717,0.75,0.75
04.08.2021 00:54:49.792,7.77747,7.77722,0.37,0.75
04.08.2021 00:54:50.136,7.777489999999999,7.77722,0.75,0.75
04.08.2021 00:54:56.417,7.7774399999999995,7.77722,0.75,0.37
04.08.2021 00:54:56.467,7.777500000000001,7.777200000000001,0.75,0.75
04.08.2021 00:54:56.568,7.777489999999999,7.77722,0.75,0.75
04.08.2021 00:54:58.852,7.7774399999999995,7.77718,0.75,0.37
04.08.2021 00:54:58.953,7.7774399999999995,7.77717,0.75,0.75
04.08.2021 00:55:04.455,7.7774399999999995,7.77722,0.75,0.75
04.08.2021 00:55:04.840,7.7774399999999995,7.77717,0.75,1.12
04.08.2021 00:55:07.486,7.7774399999999995,7.77719,0.75,0.37
04.08.2021 00:55:08.189,7.7774399999999995,7.77722,0.75,0.75
04.08.2021 00:55:11.875,7.777510000000001,7.77722,0.37,0.75
04.08.2021 00:55:11.926,7.77745,7.777150000000001,0.75,0.75
04.08.2021 00:55:33.217,7.777510000000001,7.77712,0.37,0.75
04.08.2021 00:55:37.254,7.7774,7.77712,0.75,0.75
04.08.2021 00:55:37.305,7.77745,7.777150000000001,0.75,0.75
04.08.2021 00:57:30.081,7.7774,7.777100000000001,0.75,0.75
04.08.2021 00:57:39.641,7.777460000000001,7.77705,0.37,0.75
04.08.2021 00:57:41.416,7.777460000000001,7.7770600000000005,0.37,0.37
04.08.2021 00:57:42.417,7.777460000000001,7.77707,0.37,0.37
04.08.2021 00:57:49.956,7.77735,7.77707,0.75,0.37
04.08.2021 00:57:50.057,7.77735,7.777100000000001,0.75,0.37
04.08.2021 00:57:50.108,7.77735,7.7770600000000005,0.75,0.37
04.08.2021 00:57:50.809,7.7773200000000005,7.7770600000000005,0.37,0.37
04.08.2021 00:57:50.860,7.7773,7.777,0.75,0.75
04.08.2021 00:57:54.385,7.77725,7.77697,0.75,0.37
04.08.2021 00:57:54.486,7.77724,7.77697,0.75,1.12
04.08.2021 00:57:59.945,7.77719,7.776930000000001,0.75,0.37
04.08.2021 00:58:00.047,7.777200000000001,7.77697,0.75,0.75
04.08.2021 00:58:04.385,7.777150000000001,7.77697,0.75,0.75
04.08.2021 00:58:04.436,7.777150000000001,7.77688,0.75,1.87
04.08.2021 00:58:04.537,7.777150000000001,7.7768500000000005,0.75,2.25
04.08.2021 00:58:12.481,7.777150000000001,7.7769,0.75,0.37
04.08.2021 00:58:14.340,7.777210000000001,7.7769,0.37,1.12
04.08.2021 00:58:14.449,7.77724,7.7769,0.75,0.75
04.08.2021 00:58:15.845,7.77723,7.7769,0.37,0.75
04.08.2021 00:58:16.037,7.77723,7.77694,0.37,0.75
04.08.2021 00:58:24.031,7.77719,7.7769,0.75,0.75
04.08.2021 00:58:24.081,7.77717,7.77684,0.75,0.75
04.08.2021 00:58:24.232,7.777200000000001,7.77684,0.85,2.25
04.08.2021 00:58:24.333,7.77722,7.776860000000001,0.75,0.75
04.08.2021 00:58:24.499,7.77723,7.776860000000001,0.37,0.75
04.08.2021 00:58:24.852,7.77722,7.7769,0.75,0.75
04.08.2021 00:58:26.365,7.77722,7.77694,0.75,0.75
04.08.2021 00:58:38.679,7.77719,7.7769,0.75,0.75
04.08.2021 00:58:38.730,7.777160000000001,7.77684,0.75,0.75
04.08.2021 00:58:38.932,7.77719,7.7768500000000005,0.75,0.75
04.08.2021 00:58:38.983,7.777210000000001,7.776860000000001,0.37,0.75
04.08.2021 00:58:39.266,7.777210000000001,7.7769,0.37,0.75
04.08.2021 00:58:39.950,7.77723,7.7769,1.12,0.75
04.08.2021 00:58:41.994,7.77722,7.7769,0.37,0.75
04.08.2021 00:58:51.370,7.777160000000001,7.7769,0.75,0.75
04.08.2021 00:58:51.420,7.777160000000001,7.77684,0.75,0.75
04.08.2021 00:58:55.568,7.777160000000001,7.77688,0.75,0.37
04.08.2021 00:58:58.665,7.77714,7.77688,0.37,0.37
04.08.2021 00:58:59.584,7.77714,7.77684,1.12,1.12
04.08.2021 00:59:04.396,7.77714,7.77677,1.12,0.75
04.08.2021 00:59:06.458,7.77714,7.776800000000001,0.75,0.75
04.08.2021 00:59:07.381,7.77718,7.776800000000001,0.75,0.75
04.08.2021 00:59:12.145,7.77718,7.77684,1.57,0.75
04.08.2021 00:59:12.246,7.77717,7.7769,0.37,0.75
04.08.2021 00:59:12.397,7.77734,7.77705,0.85,0.75
04.08.2021 00:59:12.447,7.77734,7.77705,0.82,0.75
04.08.2021 00:59:13.776,7.777330000000001,7.77705,0.37,0.75
04.08.2021 00:59:18.069,7.77735,7.777100000000001,0.37,0.75
04.08.2021 00:59:18.949,7.77739,7.777100000000001,0.9,0.75
04.08.2021 00:59:32.308,7.77734,7.77705,0.75,0.75
04.08.2021 00:59:46.336,7.777310000000001,7.77705,0.37,0.75
04.08.2021 00:59:46.386,7.77729,7.777,0.75,0.75
04.08.2021 00:59:47.593,7.777310000000001,7.77705,0.37,0.75
04.08.2021 00:59:47.644,7.77734,7.77705,0.82,0.75
04.08.2021 00:59:57.761,7.777310000000001,7.77705,0.37,0.75
04.08.2021 00:59:57.811,7.77729,7.777,0.75,0.75
04.08.2021 00:59:58.668,7.777310000000001,7.77705,0.45,0.75
04.08.2021 00:59:58.718,7.77734,7.77705,0.85,0.75
04.08.2021 01:00:06.746,7.77734,7.77705,0.75,0.75
04.08.2021 01:00:09.352,7.77729,7.77705,0.37,0.75
04.08.2021 01:00:09.402,7.77729,7.777,1.12,0.75
04.08.2021 01:00:10.146,7.777280000000001,7.777,0.37,0.75
04.08.2021 01:00:13.514,7.77729,7.777,1.5,0.75
04.08.2021 01:00:15.524,7.777280000000001,7.777,0.37,0.75
04.08.2021 01:00:17.532,7.77729,7.777,1.5,0.75
04.08.2021 01:00:18.534,7.777280000000001,7.777,0.37,0.75
04.08.2021 01:00:21.550,7.77729,7.777,1.5,0.75
04.08.2021 01:00:22.550,7.777280000000001,7.777,0.37,0.75
04.08.2021 01:00:24.565,7.77729,7.777,1.5,0.75
04.08.2021 01:00:26.572,7.777280000000001,7.777,0.37,0.75
04.08.2021 01:00:28.239,7.777280000000001,7.77695,0.37,0.37
04.08.2021 01:00:28.752,7.777280000000001,7.77694,0.37,0.37
04.08.2021 01:00:29.754,7.77727,7.77694,0.37,0.37
04.08.2021 01:00:30.762,7.777260000000001,7.77694,0.37,0.37
04.08.2021 01:00:39.390,7.777260000000001,7.777,0.37,0.75
04.08.2021 01:00:39.614,7.77729,7.777,1.12,0.75
04.08.2021 01:01:03.982,7.777310000000001,7.7770399999999995,0.37,0.75
04.08.2021 01:01:04.582,7.777330000000001,7.7770399999999995,0.37,0.75
04.08.2021 01:01:04.826,7.77734,7.7770399999999995,0.75,0.75
04.08.2021 01:01:07.732,7.77734,7.77705,0.75,0.75
04.08.2021 01:01:08.857,7.7773200000000005,7.77705,0.37,0.75
04.08.2021 01:01:10.941,7.77729,7.777,0.75,0.75
04.08.2021 01:01:14.970,7.777280000000001,7.777,0.37,0.75
04.08.2021 01:01:38.509,7.777280000000001,7.77694,0.37,0.37
04.08.2021 01:01:39.584,7.77727,7.77695,0.37,0.37
04.08.2021 01:01:41.016,7.77727,7.777,0.37,0.75
04.08.2021 01:01:42.090,7.7773200000000005,7.7770399999999995,0.45,0.75
04.08.2021 01:01:42.191,7.777330000000001,7.7770399999999995,1.12,0.75
04.08.2021 01:02:05.266,7.777280000000001,7.777,0.75,0.75
04.08.2021 01:02:11.680,7.77729,7.7770399999999995,0.37,0.75
04.08.2021 01:02:11.731,7.777310000000001,7.7770399999999995,0.37,0.75
04.08.2021 01:02:12.233,7.777330000000001,7.7770399999999995,0.75,0.75
04.08.2021 01:02:16.367,7.777330000000001,7.77705,0.75,0.75
04.08.2021 01:02:21.621,7.777330000000001,7.77705,0.85,0.75
04.08.2021 01:02:21.672,7.7773,7.7770399999999995,0.85,0.75
04.08.2021 01:02:26.103,7.7773,7.7770399999999995,0.75,0.75
04.08.2021 01:02:41.792,7.77734,7.776930000000001,0.45,0.37
04.08.2021 01:02:41.893,7.7773200000000005,7.776930000000001,0.2,0.37
04.08.2021 01:02:42.812,7.7773200000000005,7.7769200000000005,0.2,1.12
04.08.2021 01:02:43.159,7.777280000000001,7.7770399999999995,0.75,0.75
04.08.2021 01:04:21.883,7.77727,7.7770399999999995,0.75,0.75
04.08.2021 01:06:57.867,7.77734,7.77705,0.75,0.75
04.08.2021 01:07:01.263,7.77739,7.777100000000001,0.75,0.75
04.08.2021 01:07:01.364,7.77739,7.777100000000001,0.85,0.75
04.08.2021 01:07:01.514,7.77739,7.777100000000001,0.82,0.75
04.08.2021 01:07:04.432,7.77734,7.7770600000000005,0.75,0.37
04.08.2021 01:07:05.514,7.77734,7.77705,0.75,0.75
04.08.2021 01:07:32.181,7.777410000000001,7.77699,0.47,0.37
04.08.2021 01:07:32.231,7.7774399999999995,7.777100000000001,0.82,0.75
04.08.2021 01:07:34.266,7.7774399999999995,7.777110000000001,0.75,0.37
04.08.2021 01:07:38.672,7.7774399999999995,7.7771300000000005,0.75,0.37
04.08.2021 01:07:41.624,7.7774399999999995,7.777100000000001,0.75,0.75
04.08.2021 01:08:09.223,7.7774399999999995,7.77712,0.75,0.75
04.08.2021 01:08:10.709,7.7774399999999995,7.7771300000000005,0.75,0.37
04.08.2021 01:08:41.645,7.7774399999999995,7.777110000000001,0.75,0.37
04.08.2021 01:08:56.779,7.7774399999999995,7.77712,0.75,0.37
04.08.2021 01:08:57.785,7.7774399999999995,7.77714,0.75,0.37
04.08.2021 01:09:01.988,7.7774399999999995,7.777110000000001,0.75,0.37
04.08.2021 01:09:48.967,7.7774399999999995,7.777100000000001,0.75,0.75
04.08.2021 01:10:29.782,7.77734,7.777110000000001,0.75,0.37
04.08.2021 01:10:31.242,7.77734,7.777089999999999,0.75,0.37
04.08.2021 01:11:38.967,7.77734,7.77707,0.75,0.75
04.08.2021 01:12:00.634,7.77734,7.77705,0.75,0.75
04.08.2021 01:13:06.136,7.77734,7.77714,0.75,0.37
04.08.2021 01:13:06.187,7.7775300000000005,7.77714,0.75,0.37
04.08.2021 01:13:06.338,7.777560000000001,7.777160000000001,0.37,0.75
04.08.2021 01:13:06.388,7.777550000000001,7.77724,0.75,0.75
04.08.2021 01:13:06.439,7.777550000000001,7.777200000000001,0.75,0.75
04.08.2021 01:13:06.490,7.777550000000001,7.77722,0.75,0.75
04.08.2021 01:13:06.604,7.777550000000001,7.77723,0.75,0.37
04.08.2021 01:13:06.770,7.777550000000001,7.77724,0.75,0.75
04.08.2021 01:13:31.747,7.77758,7.777210000000001,2.25,0.37
04.08.2021 01:13:34.522,7.77757,7.777210000000001,0.75,0.37
04.08.2021 01:13:34.572,7.77757,7.77723,0.75,0.37
04.08.2021 01:13:34.673,7.777550000000001,7.77723,0.75,0.37
04.08.2021 01:13:49.367,7.777550000000001,7.77722,0.75,0.75
04.08.2021 01:13:49.809,7.777550000000001,7.777210000000001,0.75,0.37
04.08.2021 01:13:50.867,7.777550000000001,7.77722,0.75,0.37
04.08.2021 01:14:00.853,7.77757,7.77722,0.75,0.75
04.08.2021 01:14:04.705,7.777550000000001,7.77722,0.75,0.75
04.08.2021 01:14:15.118,7.777550000000001,7.77723,0.75,0.37
04.08.2021 01:14:16.577,7.777550000000001,7.77722,0.75,0.75
04.08.2021 01:14:30.019,7.777550000000001,7.777210000000001,0.75,0.37
04.08.2021 01:14:37.039,7.777550000000001,7.77723,0.75,0.37
04.08.2021 01:14:38.148,7.777550000000001,7.777200000000001,1.12,0.75
04.08.2021 01:14:45.065,7.777550000000001,7.77723,0.75,0.37
04.08.2021 01:14:47.267,7.777550000000001,7.777200000000001,0.75,0.75
04.08.2021 01:14:47.388,7.77754,7.777200000000001,0.37,0.75
04.08.2021 01:14:55.052,7.77765,7.77735,0.75,0.75
04.08.2021 01:14:55.153,7.77772,7.77737,0.75,0.37
04.08.2021 01:14:55.203,7.7777,7.7774,0.75,0.75
04.08.2021 01:14:55.304,7.777780000000001,7.77737,2.25,0.37
04.08.2021 01:14:55.355,7.77775,7.77745,0.75,0.75
04.08.2021 01:14:55.456,7.7777,7.7774,0.75,0.75
04.08.2021 01:14:55.506,7.777780000000001,7.77737,0.75,0.37
04.08.2021 01:14:55.557,7.7777,7.7774,0.75,0.75
04.08.2021 01:15:00.678,7.77775,7.77745,0.75,0.75
04.08.2021 01:15:14.710,7.77777,7.777410000000001,0.37,0.47
04.08.2021 01:15:15.545,7.77782,7.777410000000001,0.37,0.47
04.08.2021 01:15:21.559,7.7778,7.777410000000001,0.37,0.47
04.08.2021 01:15:24.565,7.77782,7.777410000000001,0.37,0.47
04.08.2021 01:15:26.570,7.777839999999999,7.777410000000001,0.37,0.47
04.08.2021 01:15:30.670,7.777839999999999,7.777410000000001,0.37,0.45
04.08.2021 01:15:30.757,7.77775,7.77745,0.75,0.75
04.08.2021 01:17:02.376,7.7778,7.777500000000001,1.12,0.75
04.08.2021 01:17:02.580,7.77785,7.777550000000001,0.75,0.75
04.08.2021 01:17:18.088,7.77798,7.777500000000001,0.37,0.45
04.08.2021 01:17:21.094,7.77799,7.777500000000001,0.37,0.45
04.08.2021 01:17:22.149,7.77799,7.777510000000001,0.37,0.37
04.08.2021 01:17:24.957,7.7778,7.777510000000001,0.75,0.45
04.08.2021 01:17:25.065,7.7778,7.777500000000001,0.75,0.75
04.08.2021 01:17:38.464,7.77794,7.77762,0.37,0.75
04.08.2021 01:17:38.565,7.77794,7.77765,0.37,0.75
04.08.2021 01:17:39.516,7.777950000000001,7.77765,0.75,0.75
04.08.2021 01:18:01.778,7.77799,7.77754,0.82,0.37
04.08.2021 01:18:08.730,7.777950000000001,7.77765,0.75,0.75
04.08.2021 01:18:32.674,7.77785,7.77765,0.37,0.75
04.08.2021 01:18:39.510,7.777950000000001,7.77765,0.75,0.75
04.08.2021 01:22:00.444,7.77804,7.77772,0.75,0.75
04.08.2021 01:22:00.545,7.77802,7.77775,0.37,0.75
04.08.2021 01:22:01.637,7.77804,7.77775,0.75,0.75
04.08.2021 01:22:02.829,7.77803,7.77775,0.37,0.75
04.08.2021 01:22:07.330,7.77804,7.77775,1.12,0.75
04.08.2021 01:22:15.227,7.77803,7.77775,0.37,0.75
04.08.2021 01:22:21.263,7.77803,7.77764,0.37,0.85
04.08.2021 01:22:21.331,7.778060000000001,7.77764,0.75,0.85
04.08.2021 01:22:30.695,7.77804,7.77775,0.75,0.75
04.08.2021 01:23:14.160,7.77803,7.77775,0.37,0.75
04.08.2021 01:23:15.537,7.77804,7.77775,1.12,0.75
04.08.2021 01:24:02.677,7.77802,7.77775,0.37,0.75
04.08.2021 01:24:05.624,7.77803,7.77775,0.37,0.75
04.08.2021 01:24:09.094,7.77804,7.77775,1.12,0.75
04.08.2021 01:27:29.022,7.778110000000001,7.7778,0.75,0.75
04.08.2021 01:27:29.072,7.7780700000000005,7.7778,0.37,0.75
04.08.2021 01:27:29.648,7.778130000000001,7.7778,2.62,0.75
04.08.2021 01:27:30.613,7.77812,7.7778,0.37,0.75
04.08.2021 01:27:31.609,7.77809,7.7778,0.75,0.75
04.08.2021 01:27:33.635,7.778080000000001,7.7778,0.37,0.75
04.08.2021 01:27:38.727,7.7780700000000005,7.7778,0.37,0.75
04.08.2021 01:27:39.731,7.778060000000001,7.7778,0.37,0.75
04.08.2021 01:27:52.837,7.778060000000001,7.777680000000001,0.37,0.85
04.08.2021 01:28:01.757,7.778060000000001,7.7778,0.37,0.75
04.08.2021 01:28:07.045,7.778060000000001,7.777760000000001,0.37,0.75
04.08.2021 01:28:13.700,7.77805,7.777760000000001,0.37,0.75
04.08.2021 01:28:14.801,7.778060000000001,7.777760000000001,0.37,0.75
04.08.2021 01:28:22.743,7.77809,7.777760000000001,0.75,0.75
04.08.2021 01:28:24.156,7.77809,7.7778,0.75,0.75
04.08.2021 01:28:35.021,7.77803,7.77774,0.75,0.75
04.08.2021 01:29:54.819,7.77799,7.7777,0.75,0.75
04.08.2021 01:29:54.987,7.77799,7.77772,0.75,0.75
04.08.2021 01:29:55.087,7.77804,7.77775,0.75,0.75
04.08.2021 01:29:56.814,7.7780700000000005,7.7778,0.37,0.75
04.08.2021 01:29:56.893,7.77809,7.7778,0.75,0.75
04.08.2021 01:30:05.065,7.7780700000000005,7.7778,0.37,0.75
04.08.2021 01:30:10.149,7.778060000000001,7.7778,0.37,0.75
04.08.2021 01:30:12.380,7.77809,7.7778,1.12,0.75
04.08.2021 01:30:52.790,7.7780700000000005,7.7778,0.37,0.75
04.08.2021 01:30:52.996,7.77803,7.7778,0.37,0.75
04.08.2021 01:30:54.497,7.77804,7.7778,0.37,0.75
04.08.2021 01:30:57.498,7.77805,7.7778,0.37,0.75
04.08.2021 01:30:58.461,7.778060000000001,7.7778,0.37,0.75
04.08.2021 01:31:00.558,7.77803,7.77774,0.75,0.75
04.08.2021 01:31:04.373,7.77805,7.7778,0.37,0.75
04.08.2021 01:31:04.424,7.7780700000000005,7.7778,0.37,0.75
04.08.2021 01:31:04.830,7.778060000000001,7.7778,0.37,0.75
04.08.2021 01:31:05.469,7.7780700000000005,7.7778,0.37,0.75
04.08.2021 01:31:07.474,7.778060000000001,7.7778,0.37,0.75
04.08.2021 01:31:11.841,7.7780700000000005,7.7778,0.75,0.75
04.08.2021 01:31:12.841,7.778060000000001,7.7778,0.37,0.75
04.08.2021 01:31:24.513,7.7780000000000005,7.777730000000001,0.75,0.75
04.08.2021 01:31:36.939,7.778060000000001,7.77772,0.37,0.37
04.08.2021 01:31:36.989,7.778060000000001,7.77774,0.37,0.37
04.08.2021 01:31:37.495,7.7780000000000005,7.77774,0.75,0.37
04.08.2021 01:31:38.071,7.77799,7.77774,0.75,0.37
04.08.2021 01:32:03.635,7.778060000000001,7.77774,0.75,0.37
04.08.2021 01:32:08.327,7.77799,7.77774,0.75,0.37
04.08.2021 01:32:09.601,7.77799,7.777730000000001,0.75,0.37
04.08.2021 01:32:35.335,7.77799,7.77772,0.75,0.75
04.08.2021 01:32:35.436,7.778060000000001,7.77772,0.75,0.75
04.08.2021 01:32:35.537,7.77804,7.77772,0.75,2.25
04.08.2021 01:32:36.315,7.77799,7.77772,0.75,0.75
04.08.2021 01:32:44.437,7.77799,7.777660000000001,0.75,2.35
04.08.2021 01:32:44.549,7.77799,7.77767,0.75,0.82
04.08.2021 01:32:45.383,7.77799,7.77774,0.75,0.37
04.08.2021 01:33:04.376,7.77805,7.77774,0.37,0.37
04.08.2021 01:33:06.679,7.77799,7.77774,0.75,0.37
04.08.2021 01:33:09.572,7.77799,7.77772,0.75,0.75
04.08.2021 01:33:09.865,7.777960000000001,7.77772,0.75,0.75
04.08.2021 01:33:09.916,7.777960000000001,7.7777,0.75,0.37
04.08.2021 01:33:10.017,7.77794,7.77762,0.75,1.12
04.08.2021 01:33:10.067,7.77789,7.77762,0.75,1.12
04.08.2021 01:33:16.339,7.77794,7.77762,0.75,0.75
04.08.2021 01:33:16.446,7.77794,7.777610000000001,0.75,0.75
04.08.2021 01:33:16.547,7.77794,7.77763,0.75,0.75
04.08.2021 01:33:16.698,7.77794,7.77762,0.75,0.82
04.08.2021 01:33:17.496,7.77794,7.77763,0.75,0.37
04.08.2021 01:33:18.745,7.77794,7.777610000000001,0.75,2.35
04.08.2021 01:33:20.079,7.77789,7.77762,0.75,0.75
04.08.2021 01:33:24.397,7.777839999999999,7.77762,0.75,0.75
04.08.2021 01:33:24.448,7.777839999999999,7.77758,0.75,0.37
04.08.2021 01:33:24.548,7.777839999999999,7.7775300000000005,0.75,0.82
04.08.2021 01:33:24.904,7.777839999999999,7.777510000000001,0.75,2.32
04.08.2021 01:33:25.554,7.777839999999999,7.77752,0.75,0.37
04.08.2021 01:33:26.570,7.777839999999999,7.777510000000001,0.75,2.32
04.08.2021 01:33:30.205,7.7777,7.777500000000001,0.75,0.37
04.08.2021 01:33:30.255,7.7777,7.7774,0.75,0.45
04.08.2021 01:33:30.356,7.7777,7.777360000000001,0.75,0.75
04.08.2021 01:33:30.406,7.77764,7.777330000000001,0.75,0.45
04.08.2021 01:33:30.507,7.77759,7.777260000000001,0.75,0.85
04.08.2021 01:33:30.890,7.77759,7.777260000000001,0.75,0.85
04.08.2021 01:33:39.449,7.77754,7.77724,0.75,0.47
04.08.2021 01:33:39.642,7.77754,7.77724,0.75,0.45
04.08.2021 01:33:41.172,7.77759,7.777310000000001,0.37,0.75
04.08.2021 01:33:41.222,7.77764,7.7773200000000005,0.75,0.75
04.08.2021 01:33:41.323,7.77764,7.777330000000001,0.75,0.75
04.08.2021 01:33:42.489,7.77759,7.777330000000001,0.75,0.75
04.08.2021 01:33:42.539,7.77759,7.777280000000001,0.75,0.47
04.08.2021 01:33:42.640,7.77759,7.77727,0.75,0.82
04.08.2021 01:33:43.503,7.77759,7.77727,0.75,0.85
04.08.2021 01:33:52.693,7.77754,7.77725,0.75,0.47
04.08.2021 01:33:52.794,7.77739,7.77725,0.75,0.37
04.08.2021 01:33:52.844,7.77739,7.77718,0.75,0.37
04.08.2021 01:33:52.895,7.7774399999999995,7.77718,0.75,0.37
04.08.2021 01:33:53.035,7.7774399999999995,7.77714,0.75,0.75
04.08.2021 01:33:56.161,7.7774399999999995,7.777150000000001,0.75,0.75
04.08.2021 01:33:57.798,7.7774399999999995,7.77714,0.75,0.37
04.08.2021 01:33:58.809,7.7774399999999995,7.77717,0.75,0.37
04.08.2021 01:34:00.827,7.7774399999999995,7.777210000000001,0.75,0.37
04.08.2021 01:34:08.013,7.7774399999999995,7.77722,0.75,0.37
04.08.2021 01:34:08.159,7.7774399999999995,7.77723,0.75,0.37
04.08.2021 01:34:09.204,7.7774399999999995,7.77718,0.75,0.37
04.08.2021 01:34:13.925,7.777510000000001,7.77718,0.37,1.12
04.08.2021 01:34:13.976,7.7775300000000005,7.77718,0.45,1.12
04.08.2021 01:34:14.077,7.7775300000000005,7.77719,0.37,0.75
04.08.2021 01:34:14.394,7.7775300000000005,7.777210000000001,0.37,0.75
04.08.2021 01:34:14.495,7.7775300000000005,7.77722,0.37,0.75
04.08.2021 01:34:14.596,7.77754,7.77722,0.75,0.75
04.08.2021 01:34:15.419,7.77759,7.777260000000001,0.75,0.75
04.08.2021 01:34:17.958,7.777660000000001,7.777360000000001,0.37,0.75
04.08.2021 01:34:18.008,7.77769,7.777360000000001,0.75,0.75
04.08.2021 01:34:18.059,7.77769,7.77742,0.75,0.75
04.08.2021 01:34:19.397,7.777660000000001,7.77742,0.75,0.75
04.08.2021 01:34:19.447,7.777660000000001,7.77735,0.75,0.75
04.08.2021 01:34:19.498,7.77764,7.777360000000001,0.75,0.75
04.08.2021 01:34:20.332,7.77764,7.77735,0.75,0.75
04.08.2021 01:34:33.512,7.77762,7.7773200000000005,0.75,0.37
04.08.2021 01:34:33.563,7.77762,7.77724,0.75,1.22
04.08.2021 01:34:33.664,7.77754,7.77724,0.75,0.37
04.08.2021 01:34:34.060,7.77754,7.77723,0.75,0.75
04.08.2021 01:34:58.173,7.777610000000001,7.77722,0.37,1.12
04.08.2021 01:34:58.274,7.7776000000000005,7.77722,0.37,1.12
04.08.2021 01:34:59.946,7.7776000000000005,7.777260000000001,0.37,0.37
04.08.2021 01:35:03.766,7.77754,7.777260000000001,0.75,0.37
04.08.2021 01:35:04.834,7.77754,7.77727,0.75,0.37
04.08.2021 01:36:08.967,7.77754,7.777210000000001,0.75,0.75
04.08.2021 01:36:18.900,7.77759,7.777260000000001,0.75,0.75
04.08.2021 01:36:19.019,7.77754,7.77724,0.75,1.12
04.08.2021 01:36:19.989,7.77754,7.77725,0.75,0.37
04.08.2021 01:36:21.105,7.77754,7.777260000000001,0.75,0.37
04.08.2021 01:36:22.138,7.77754,7.77727,0.75,0.37
04.08.2021 01:36:34.357,7.77757,7.777210000000001,0.37,0.82
04.08.2021 01:36:35.646,7.7776000000000005,7.777200000000001,0.37,0.85
04.08.2021 01:36:49.250,7.77754,7.777210000000001,0.75,0.82
04.08.2021 01:36:51.272,7.77759,7.777260000000001,0.75,2.25
04.08.2021 01:36:51.373,7.77759,7.7773,0.75,0.37
04.08.2021 01:36:52.178,7.77759,7.77729,0.75,0.37
04.08.2021 01:36:54.279,7.77759,7.7773,0.75,0.37
04.08.2021 01:36:54.400,7.77754,7.7773,0.75,0.37
04.08.2021 01:36:54.551,7.77754,7.777260000000001,0.75,0.75
04.08.2021 01:36:55.070,7.77754,7.77727,0.75,0.75
04.08.2021 01:37:33.082,7.77754,7.7773200000000005,0.75,0.75
04.08.2021 01:37:53.290,7.77759,7.777310000000001,0.37,0.75
04.08.2021 01:37:53.390,7.77764,7.7773200000000005,1.12,0.75
04.08.2021 01:37:53.441,7.77764,7.777360000000001,0.37,0.75
04.08.2021 01:37:53.542,7.77764,7.7773200000000005,1.12,0.75
04.08.2021 01:38:10.039,7.77764,7.777310000000001,0.75,1.12
04.08.2021 01:38:18.049,7.777660000000001,7.777310000000001,0.37,0.37
04.08.2021 01:38:23.783,7.77764,7.777310000000001,0.75,1.12
04.08.2021 01:38:30.469,7.77764,7.7773200000000005,0.75,0.37
04.08.2021 01:38:33.376,7.77764,7.777310000000001,0.75,0.75
04.08.2021 01:38:39.755,7.77759,7.77727,0.75,1.2
04.08.2021 01:38:40.853,7.77759,7.777260000000001,0.75,2.62
04.08.2021 01:38:42.396,7.77759,7.77727,0.75,0.37
04.08.2021 01:38:43.825,7.77759,7.77729,0.75,0.37
04.08.2021 01:38:44.441,7.77754,7.77729,0.75,0.37
04.08.2021 01:38:45.399,7.77754,7.77724,0.75,0.37
04.08.2021 01:38:46.401,7.77754,7.777260000000001,0.75,0.37
04.08.2021 01:38:48.619,7.77754,7.77725,0.75,0.37
04.08.2021 01:38:50.625,7.77754,7.777260000000001,0.75,0.37
04.08.2021 01:38:51.629,7.77754,7.77725,0.75,0.37
04.08.2021 01:38:55.333,7.77754,7.777260000000001,0.75,0.75
04.08.2021 01:39:01.419,7.77754,7.777310000000001,0.75,0.37
04.08.2021 01:39:04.599,7.777550000000001,7.777310000000001,0.37,0.37
04.08.2021 01:39:04.650,7.777560000000001,7.777260000000001,0.37,0.75
04.08.2021 01:39:05.329,7.777560000000001,7.77724,0.37,1.12
04.08.2021 01:39:05.605,7.77757,7.77725,0.37,0.37
04.08.2021 01:39:06.609,7.77757,7.777260000000001,0.37,0.37
04.08.2021 01:39:11.637,7.77759,7.777260000000001,0.37,0.37
04.08.2021 01:39:14.456,7.77754,7.777260000000001,0.75,0.37
04.08.2021 01:39:15.911,7.77754,7.7773200000000005,0.75,0.75
04.08.2021 01:39:27.979,7.77758,7.7773200000000005,0.37,0.75
04.08.2021 01:39:28.140,7.777610000000001,7.7773200000000005,0.45,0.75
04.08.2021 01:39:28.321,7.77754,7.7773200000000005,0.75,0.75
04.08.2021 01:39:28.884,7.77754,7.777260000000001,0.75,0.37
04.08.2021 01:39:29.487,7.77754,7.77724,0.75,0.37
04.08.2021 01:39:31.491,7.77754,7.77723,0.75,0.75
04.08.2021 01:39:32.918,7.77754,7.77722,0.75,0.75
04.08.2021 01:39:33.069,7.777489999999999,7.77722,0.75,0.75
04.08.2021 01:39:43.843,7.777489999999999,7.77717,0.75,0.37
04.08.2021 01:39:44.698,7.777500000000001,7.77717,0.3,0.37
04.08.2021 01:39:44.749,7.777500000000001,7.777150000000001,0.3,0.75
04.08.2021 01:39:44.799,7.7774399999999995,7.777150000000001,0.3,0.75
04.08.2021 01:39:51.702,7.777360000000001,7.777089999999999,0.37,0.37
04.08.2021 01:39:51.803,7.7773,7.7770399999999995,0.75,0.37
04.08.2021 01:39:52.343,7.7773,7.777,0.75,0.37
04.08.2021 01:39:53.539,7.7773,7.77702,0.75,0.37
04.08.2021 01:39:57.805,7.7773,7.777030000000001,0.75,0.37
04.08.2021 01:39:59.157,7.7773,7.77697,0.75,1.12
04.08.2021 01:39:59.362,7.77724,7.77697,0.75,1.12
04.08.2021 01:40:00.479,7.77724,7.77694,0.75,2.25
04.08.2021 01:40:07.978,7.77724,7.77695,0.75,0.37
04.08.2021 01:40:09.018,7.77724,7.77699,0.75,0.37
04.08.2021 01:40:12.576,7.77724,7.777,0.75,0.37
04.08.2021 01:40:15.474,7.77724,7.77702,0.75,0.37
04.08.2021 01:40:15.994,7.77724,7.77697,0.75,0.37
04.08.2021 01:40:16.967,7.77724,7.776980000000001,0.75,0.37
04.08.2021 01:40:18.167,7.77724,7.77697,0.75,0.37
04.08.2021 01:40:19.465,7.777160000000001,7.77697,0.75,0.37
04.08.2021 01:40:19.515,7.777160000000001,7.77694,0.75,0.37
04.08.2021 01:40:20.535,7.777160000000001,7.7769200000000005,0.75,0.37
04.08.2021 01:40:22.123,7.77714,7.7769200000000005,0.75,0.37
04.08.2021 01:40:22.596,7.77714,7.7769,0.75,0.37
04.08.2021 01:40:27.606,7.77714,7.776910000000001,0.75,0.37
04.08.2021 01:40:30.401,7.77714,7.7769200000000005,0.75,0.75
04.08.2021 01:40:30.561,7.77719,7.7769200000000005,0.75,2.25
04.08.2021 01:40:30.664,7.777260000000001,7.7769200000000005,0.75,2.25
04.08.2021 01:40:30.979,7.777260000000001,7.776930000000001,0.75,0.75
04.08.2021 01:40:31.258,7.77727,7.776960000000001,0.37,0.75
04.08.2021 01:40:31.409,7.77729,7.77702,0.75,0.75
04.08.2021 01:40:32.637,7.77729,7.776960000000001,0.75,2.62
04.08.2021 01:40:33.530,7.77729,7.77702,0.75,0.75
04.08.2021 01:41:01.551,7.77729,7.77699,0.75,0.37
04.08.2021 01:41:06.685,7.77729,7.777,0.75,0.37
04.08.2021 01:41:12.698,7.77729,7.777010000000001,0.75,0.37
04.08.2021 01:41:14.072,7.77729,7.7770399999999995,0.75,0.37
04.08.2021 01:41:23.383,7.77729,7.777010000000001,0.75,0.37
04.08.2021 01:41:40.755,7.77729,7.77702,0.75,0.37
04.08.2021 01:41:41.760,7.77729,7.7770399999999995,0.75,0.37
04.08.2021 01:42:51.898,7.77729,7.77705,0.75,0.37
04.08.2021 01:42:52.912,7.77729,7.7770600000000005,0.75,0.37
04.08.2021 01:43:35.237,7.77734,7.7770600000000005,1.12,1.12
04.08.2021 01:43:35.338,7.77737,7.777110000000001,0.37,0.75
04.08.2021 01:43:35.438,7.777489999999999,7.77717,0.75,0.75
04.08.2021 01:43:35.489,7.7774399999999995,7.77712,0.75,0.75
04.08.2021 01:43:35.640,7.7774399999999995,7.777110000000001,0.75,0.75
04.08.2021 01:43:35.818,7.7774399999999995,7.77712,0.75,0.75
04.08.2021 01:43:56.930,7.777489999999999,7.7770600000000005,0.47,0.75
04.08.2021 01:44:05.827,7.7774399999999995,7.777110000000001,0.75,0.75
04.08.2021 01:45:19.684,7.777489999999999,7.777110000000001,0.47,0.75
04.08.2021 01:45:21.627,7.777489999999999,7.777160000000001,0.47,0.37
04.08.2021 01:45:22.650,7.777489999999999,7.77717,0.47,0.37
04.08.2021 01:45:24.932,7.777489999999999,7.77717,0.45,0.37
04.08.2021 01:45:26.209,7.777489999999999,7.77714,0.45,0.37
04.08.2021 01:45:27.211,7.777489999999999,7.777150000000001,0.45,0.37
04.08.2021 01:45:36.383,7.7774399999999995,7.777150000000001,0.75,0.37
04.08.2021 01:45:50.258,7.7774399999999995,7.77714,0.75,0.37
04.08.2021 01:45:53.102,7.777489999999999,7.777210000000001,0.45,0.75
04.08.2021 01:45:53.202,7.77759,7.777260000000001,0.75,0.75
04.08.2021 01:45:53.253,7.77764,7.77725,1.5,0.75
04.08.2021 01:45:53.382,7.777660000000001,7.77725,0.75,0.75
04.08.2021 01:45:53.551,7.777660000000001,7.77727,0.75,0.75
04.08.2021 01:45:53.652,7.777660000000001,7.7773,0.37,0.75
04.08.2021 01:45:53.785,7.77764,7.777310000000001,0.75,0.75
04.08.2021 01:45:57.936,7.77764,7.7773200000000005,0.75,0.75
04.08.2021 01:45:58.277,7.77764,7.777360000000001,0.75,0.37
04.08.2021 01:46:04.081,7.77769,7.777380000000001,1.2,0.75
04.08.2021 01:46:05.291,7.77769,7.77739,0.75,0.37
04.08.2021 01:46:05.807,7.77769,7.7774,0.75,0.75
04.08.2021 01:46:06.197,7.77769,7.77742,0.75,0.75
04.08.2021 01:46:12.037,7.77769,7.777460000000001,0.75,0.37
04.08.2021 01:46:13.275,7.77774,7.777460000000001,0.75,0.37
04.08.2021 01:46:13.376,7.77777,7.777510000000001,0.37,0.75
04.08.2021 01:46:13.477,7.777839999999999,7.777510000000001,0.75,0.75
04.08.2021 01:46:18.088,7.77789,7.777560000000001,0.82,0.75
04.08.2021 01:46:18.215,7.777839999999999,7.77752,0.75,0.75
04.08.2021 01:46:19.113,7.777839999999999,7.777510000000001,0.75,1.12
04.08.2021 01:46:19.634,7.777839999999999,7.77752,0.75,0.75
04.08.2021 01:46:24.511,7.7778,7.77752,0.75,0.75
04.08.2021 01:46:24.562,7.7778,7.777460000000001,0.75,0.75
04.08.2021 01:46:24.663,7.7777899999999995,7.777460000000001,0.37,0.75
04.08.2021 01:46:26.080,7.7778,7.777460000000001,0.75,0.75
04.08.2021 01:46:29.400,7.77774,7.777460000000001,0.75,0.37
04.08.2021 01:46:30.341,7.77774,7.77745,0.75,0.37
04.08.2021 01:46:36.959,7.77774,7.777410000000001,0.75,0.75
04.08.2021 01:46:39.979,7.7777899999999995,7.777410000000001,0.47,0.37
04.08.2021 01:46:40.080,7.7777899999999995,7.77742,0.47,0.75
04.08.2021 01:46:40.369,7.77764,7.777410000000001,0.75,0.37
04.08.2021 01:46:40.419,7.77764,7.777380000000001,0.75,0.37
04.08.2021 01:46:40.534,7.77764,7.77737,0.75,0.37
04.08.2021 01:46:42.369,7.77764,7.777380000000001,0.75,0.37
04.08.2021 01:46:44.601,7.77759,7.77734,0.75,0.37
04.08.2021 01:46:45.863,7.77759,7.77735,0.75,0.37
04.08.2021 01:46:46.383,7.777560000000001,7.77735,0.75,0.37
04.08.2021 01:46:46.958,7.77754,7.7773,0.75,0.37
04.08.2021 01:46:47.009,7.77754,7.777260000000001,0.75,0.37
04.08.2021 01:46:47.059,7.7774399999999995,7.777260000000001,0.75,0.37
04.08.2021 01:46:47.110,7.7774399999999995,7.77718,0.75,0.37
04.08.2021 01:46:47.730,7.7774399999999995,7.777110000000001,1.12,1.12
04.08.2021 01:46:48.265,7.7774399999999995,7.77712,1.12,0.75
04.08.2021 01:46:49.657,7.7774,7.77712,0.75,0.37
04.08.2021 01:46:50.384,7.7774,7.777089999999999,0.75,0.37
04.08.2021 01:46:53.117,7.77739,7.777089999999999,0.75,0.37
04.08.2021 01:46:54.391,7.77739,7.777080000000001,0.75,1.12
04.08.2021 01:46:55.392,7.77739,7.777089999999999,0.75,0.37
04.08.2021 01:47:00.695,7.77739,7.777080000000001,0.75,1.12
04.08.2021 01:47:01.828,7.77739,7.77707,0.75,1.12
04.08.2021 01:47:01.950,7.77734,7.77707,0.75,0.37
04.08.2021 01:47:02.969,7.77734,7.7770600000000005,0.75,0.37
04.08.2021 01:47:03.268,7.77739,7.77707,0.75,0.75
04.08.2021 01:47:03.319,7.77739,7.777100000000001,0.75,0.75
04.08.2021 01:47:03.369,7.77739,7.777080000000001,0.75,0.75
04.08.2021 01:47:04.355,7.77739,7.777100000000001,0.75,0.37
04.08.2021 01:47:08.466,7.77739,7.77712,0.75,0.75
04.08.2021 01:47:10.447,7.77739,7.7771300000000005,0.75,0.37
04.08.2021 01:47:17.337,7.77739,7.77714,0.75,0.37
04.08.2021 01:47:17.881,7.777460000000001,7.777080000000001,0.47,0.37
04.08.2021 01:47:17.932,7.77742,7.777080000000001,0.37,0.37
04.08.2021 01:47:18.884,7.77742,7.777089999999999,0.37,0.37
04.08.2021 01:47:19.057,7.777460000000001,7.777089999999999,0.47,0.37
04.08.2021 01:47:19.888,7.777460000000001,7.777100000000001,0.47,0.37
04.08.2021 01:47:35.364,7.77739,7.777100000000001,0.75,0.37
04.08.2021 01:47:39.480,7.77739,7.777089999999999,0.75,0.37
04.08.2021 01:47:53.249,7.7774399999999995,7.77712,0.75,2.25
04.08.2021 01:48:17.712,7.777510000000001,7.777100000000001,0.47,0.75
04.08.2021 01:48:17.816,7.777510000000001,7.777110000000001,0.47,0.75
04.08.2021 01:48:18.560,7.777510000000001,7.77712,0.47,0.75
04.08.2021 01:48:18.669,7.777410000000001,7.77712,0.37,1.12
04.08.2021 01:48:45.228,7.77747,7.777110000000001,0.37,0.37
04.08.2021 01:48:45.592,7.777500000000001,7.777089999999999,0.47,0.45
04.08.2021 01:48:53.522,7.7774399999999995,7.77712,0.75,0.75
04.08.2021 01:50:27.822,7.777489999999999,7.77717,1.22,0.75
04.08.2021 01:50:27.923,7.777489999999999,7.77717,0.75,0.75
04.08.2021 01:50:28.124,7.77762,7.7773200000000005,0.47,2.25
04.08.2021 01:50:28.174,7.77769,7.77737,0.75,0.75
04.08.2021 01:50:28.225,7.77769,7.77739,0.75,0.75
04.08.2021 01:50:28.275,7.77774,7.77742,0.75,0.75
04.08.2021 01:50:30.111,7.7777899999999995,7.77747,0.75,0.75
04.08.2021 01:50:41.999,7.77774,7.77742,0.75,2.25
04.08.2021 01:50:54.880,7.77774,7.777430000000001,0.75,0.37
04.08.2021 01:51:01.253,7.7777,7.777430000000001,0.75,0.37
04.08.2021 01:51:01.354,7.77764,7.77734,0.75,0.37
04.08.2021 01:51:02.338,7.77764,7.7773200000000005,0.75,1.12
04.08.2021 01:51:02.714,7.77764,7.777330000000001,0.75,0.75
04.08.2021 01:51:08.217,7.77764,7.77734,0.75,0.37
04.08.2021 01:51:10.187,7.77764,7.77735,0.75,0.37
04.08.2021 01:51:11.189,7.77764,7.7774,0.75,0.37
04.08.2021 01:51:37.900,7.77772,7.77742,0.37,0.75
04.08.2021 01:51:38.306,7.77774,7.77742,0.75,2.25
04.08.2021 01:51:40.011,7.7777,7.77742,0.75,0.75
04.08.2021 01:51:44.825,7.7777,7.77737,0.75,1.12
04.08.2021 01:52:05.197,7.77774,7.77734,0.37,0.45
04.08.2021 01:52:10.166,7.7777,7.77737,0.75,0.75
04.08.2021 01:52:53.657,7.77764,7.77735,0.75,0.75
04.08.2021 01:52:53.757,7.77769,7.77737,0.75,2.25
04.08.2021 01:53:08.880,7.77764,7.777360000000001,0.75,0.37
04.08.2021 01:53:08.930,7.77759,7.77727,0.75,0.85
04.08.2021 01:53:09.031,7.77759,7.77727,0.75,0.75
04.08.2021 01:53:29.958,7.77764,7.777160000000001,0.37,0.47
04.08.2021 01:53:39.133,7.77759,7.77727,0.75,0.75
04.08.2021 01:53:56.174,7.777489999999999,7.777200000000001,0.75,0.85
04.08.2021 01:53:56.224,7.777489999999999,7.77718,0.75,0.85
04.08.2021 01:53:56.325,7.777489999999999,7.77717,0.75,0.75
04.08.2021 01:54:07.539,7.777510000000001,7.77714,0.37,0.45
04.08.2021 01:54:08.914,7.777500000000001,7.77714,0.37,0.37
04.08.2021 01:54:09.269,7.777500000000001,7.7771300000000005,0.37,0.45
04.08.2021 01:54:11.219,7.77754,7.7771300000000005,0.37,0.45
04.08.2021 01:54:18.379,7.77754,7.77712,0.37,0.82
04.08.2021 01:54:18.429,7.7774399999999995,7.77712,0.75,0.75
04.08.2021 01:54:27.237,7.777380000000001,7.77705,0.75,0.47
04.08.2021 01:54:27.288,7.777380000000001,7.77705,0.75,0.37
04.08.2021 01:54:27.338,7.77734,7.77705,0.75,0.37
04.08.2021 01:54:27.389,7.77734,7.77702,0.75,1.12
04.08.2021 01:54:34.058,7.77734,7.777030000000001,0.75,0.37
04.08.2021 01:54:38.075,7.7773,7.77697,0.75,0.82
04.08.2021 01:54:39.268,7.77727,7.77697,0.37,0.82
04.08.2021 01:54:48.630,7.7773,7.77697,0.75,0.75
04.08.2021 01:54:48.794,7.77724,7.77694,0.75,0.37
04.08.2021 01:54:48.939,7.77724,7.7769200000000005,0.75,0.75
04.08.2021 01:55:01.158,7.77724,7.7769,0.37,0.45
04.08.2021 01:55:02.226,7.77724,7.776910000000001,0.37,0.37
04.08.2021 01:55:02.659,7.777260000000001,7.776910000000001,0.37,0.37
04.08.2021 01:55:12.987,7.777260000000001,7.7769200000000005,0.37,0.37
04.08.2021 01:55:14.993,7.777260000000001,7.776930000000001,0.37,0.37
04.08.2021 01:55:16.072,7.777260000000001,7.77688,0.37,0.75
04.08.2021 01:55:16.324,7.777260000000001,7.77687,0.37,1.2
04.08.2021 01:55:16.374,7.77722,7.77687,0.37,1.2
04.08.2021 01:55:18.923,7.77722,7.7769200000000005,0.37,0.75
04.08.2021 01:55:22.725,7.77724,7.7769200000000005,0.75,0.75
04.08.2021 01:55:34.336,7.777200000000001,7.77687,0.75,0.82
04.08.2021 01:55:34.437,7.77714,7.77683,0.75,0.45
04.08.2021 01:55:34.538,7.777100000000001,7.7767800000000005,0.75,0.37
04.08.2021 01:55:34.768,7.777080000000001,7.7767800000000005,0.37,0.37
04.08.2021 01:55:35.550,7.777080000000001,7.77677,0.37,0.75
04.08.2021 01:55:36.269,7.777100000000001,7.77677,0.75,0.75
04.08.2021 01:55:49.071,7.777110000000001,7.77674,0.37,0.37
04.08.2021 01:55:58.254,7.777100000000001,7.77674,0.37,0.37
04.08.2021 01:55:58.304,7.777,7.776730000000001,0.75,0.37
04.08.2021 01:55:59.301,7.777,7.77672,0.75,0.37
04.08.2021 01:56:00.334,7.777,7.776710000000001,0.75,0.37
04.08.2021 01:56:01.094,7.77699,7.776710000000001,0.37,0.37
04.08.2021 01:56:05.926,7.777,7.776710000000001,0.75,0.37
04.08.2021 01:56:06.506,7.777,7.77672,0.75,0.37
04.08.2021 01:56:07.511,7.777,7.776710000000001,0.75,0.37
04.08.2021 01:56:08.513,7.777,7.77672,1.12,0.37
04.08.2021 01:56:09.635,7.777030000000001,7.77672,0.37,0.37
04.08.2021 01:56:11.516,7.777030000000001,7.776730000000001,0.37,0.37
04.08.2021 01:56:12.520,7.777030000000001,7.77674,0.37,0.37
04.08.2021 01:56:14.310,7.77699,7.77674,0.37,0.37
04.08.2021 01:56:14.717,7.77699,7.77667,0.37,0.37
04.08.2021 01:56:17.133,7.77694,7.77667,0.75,0.37
04.08.2021 01:56:17.234,7.77687,7.77659,0.37,0.37
04.08.2021 01:56:17.284,7.77679,7.77659,0.75,0.37
04.08.2021 01:56:17.335,7.77679,7.77648,0.75,0.37
04.08.2021 01:56:17.385,7.77674,7.77648,0.75,0.37
04.08.2021 01:56:17.436,7.77674,7.77642,0.75,0.75
04.08.2021 01:56:17.487,7.77688,7.776330000000001,0.85,0.75
04.08.2021 01:56:17.537,7.77674,7.77642,0.75,0.75
04.08.2021 01:56:22.197,7.776689999999999,7.77637,0.75,0.75
04.08.2021 01:56:34.943,7.7766399999999996,7.776350000000001,0.75,0.37
04.08.2021 01:56:35.569,7.7766399999999996,7.776339999999999,0.75,0.37
04.08.2021 01:56:37.039,7.7766399999999996,7.776350000000001,0.75,0.37
04.08.2021 01:56:41.160,7.77659,7.776350000000001,0.75,0.37
04.08.2021 01:56:41.260,7.77659,7.776310000000001,0.75,0.37
04.08.2021 01:56:42.219,7.7766399999999996,7.77632,0.75,2.25
04.08.2021 01:56:43.583,7.7766399999999996,7.776350000000001,0.75,0.37
04.08.2021 01:56:48.164,7.7766399999999996,7.776360000000001,0.75,0.37
04.08.2021 01:56:49.168,7.7766399999999996,7.776350000000001,0.75,0.37
04.08.2021 01:56:50.719,7.7766399999999996,7.77632,0.75,2.25
04.08.2021 01:56:53.662,7.7766399999999996,7.776330000000001,0.75,0.37
04.08.2021 01:56:54.736,7.7766399999999996,7.77637,0.75,0.37
04.08.2021 01:56:56.746,7.7766399999999996,7.7763800000000005,0.75,0.37
04.08.2021 01:56:57.734,7.7766399999999996,7.77632,0.75,2.62
04.08.2021 01:56:58.403,7.77659,7.77632,0.75,0.37
04.08.2021 01:56:58.504,7.776560000000001,7.776180000000001,0.75,0.37
04.08.2021 01:56:58.555,7.77649,7.776180000000001,0.75,0.37
04.08.2021 01:56:58.605,7.77654,7.776130000000001,0.37,0.75
04.08.2021 01:56:58.655,7.77649,7.7761700000000005,0.75,0.75
04.08.2021 01:57:15.890,7.77654,7.77609,0.37,0.82
04.08.2021 01:57:16.041,7.77654,7.77608,0.37,0.82
04.08.2021 01:57:17.579,7.77644,7.77612,0.75,0.75
04.08.2021 01:57:17.680,7.77639,7.77608,0.75,0.37
04.08.2021 01:57:17.816,7.77639,7.77607,0.75,0.75
04.08.2021 01:57:20.855,7.776339999999999,7.77602,0.75,1.12
04.08.2021 01:57:22.036,7.7763,7.77599,0.75,0.37
04.08.2021 01:57:22.187,7.7763,7.776010000000001,0.75,0.37
04.08.2021 01:57:23.199,7.7763,7.77602,0.75,0.37
04.08.2021 01:57:24.314,7.776280000000001,7.77602,0.37,0.37
04.08.2021 01:57:24.415,7.776260000000001,7.77602,0.75,0.37
04.08.2021 01:57:24.833,7.77624,7.77602,0.75,0.37
04.08.2021 01:57:25.400,7.77624,7.77599,0.75,0.37
04.08.2021 01:57:26.406,7.77624,7.775980000000001,0.75,0.37
04.08.2021 01:57:27.408,7.77624,7.77599,0.75,0.37
04.08.2021 01:57:28.802,7.77624,7.776000000000001,0.75,0.37
04.08.2021 01:57:29.775,7.77624,7.775950000000001,0.75,1.12
04.08.2021 01:57:33.683,7.77624,7.77597,0.75,0.37
04.08.2021 01:57:33.986,7.77624,7.775950000000001,0.75,0.75
04.08.2021 01:57:40.713,7.77624,7.775960000000001,0.75,0.37
04.08.2021 01:57:42.378,7.77624,7.77599,0.75,0.75
04.08.2021 01:57:42.428,7.7762899999999995,7.77602,0.75,0.75
04.08.2021 01:57:42.479,7.7762899999999995,7.77604,0.75,0.37
04.08.2021 01:57:43.492,7.7762899999999995,7.776050000000001,0.75,0.37
04.08.2021 01:57:44.708,7.7762899999999995,7.77603,0.75,1.12
04.08.2021 01:57:45.708,7.7762899999999995,7.77604,0.75,0.37
04.08.2021 01:57:46.708,7.7762899999999995,7.776060000000001,0.75,0.37
04.08.2021 01:57:46.836,7.7762899999999995,7.77599,0.75,0.37
04.08.2021 01:57:48.714,7.7762899999999995,7.776000000000001,0.75,0.37
04.08.2021 01:57:49.302,7.7762,7.776000000000001,0.75,0.37
04.08.2021 01:57:49.403,7.77614,7.7759100000000005,0.75,1.12
04.08.2021 01:57:49.714,7.77614,7.77584,0.75,1.12
04.08.2021 01:57:50.718,7.77614,7.77582,0.75,1.12
04.08.2021 01:57:51.719,7.77614,7.775830000000001,0.75,0.37
04.08.2021 01:57:51.837,7.7762,7.7759,0.75,0.75
04.08.2021 01:57:51.988,7.77622,7.775950000000001,0.37,0.75
04.08.2021 01:57:52.089,7.77625,7.775950000000001,0.75,0.75
04.08.2021 01:58:03.064,7.7762899999999995,7.775860000000001,0.37,0.75
04.08.2021 01:58:16.752,7.7762899999999995,7.7758899999999995,0.37,0.37
04.08.2021 01:58:18.778,7.7762899999999995,7.775860000000001,0.37,0.75
04.08.2021 01:58:22.161,7.77625,7.775950000000001,0.75,0.75
04.08.2021 01:58:44.869,7.7762,7.7759,0.75,0.75
04.08.2021 01:58:56.287,7.77615,7.775860000000001,0.75,0.37
04.08.2021 01:58:56.869,7.77615,7.77587,0.75,0.37
04.08.2021 01:59:02.408,7.7761000000000005,7.77587,0.75,0.37
04.08.2021 01:59:02.458,7.7761000000000005,7.77584,0.75,0.75
04.08.2021 01:59:03.245,7.7761000000000005,7.77582,0.75,0.75
04.08.2021 01:59:10.599,7.7761000000000005,7.775860000000001,0.75,0.37
04.08.2021 01:59:12.801,7.776060000000001,7.775860000000001,0.75,0.37
04.08.2021 01:59:12.852,7.776060000000001,7.775780000000001,0.75,0.75
04.08.2021 01:59:12.952,7.776060000000001,7.775760000000001,0.75,0.75
04.08.2021 01:59:13.053,7.776050000000001,7.775760000000001,0.75,0.75
04.08.2021 01:59:14.888,7.776050000000001,7.7757700000000005,0.75,0.37
04.08.2021 01:59:16.284,7.775950000000001,7.7757700000000005,0.75,0.37
04.08.2021 01:59:16.334,7.775950000000001,7.77572,0.75,0.75
04.08.2021 01:59:16.613,7.775980000000001,7.77574,0.37,2.25
04.08.2021 01:59:16.714,7.776050000000001,7.77575,0.75,0.75
04.08.2021 01:59:16.815,7.776050000000001,7.775760000000001,0.75,0.75
04.08.2021 01:59:17.893,7.776050000000001,7.7757700000000005,0.75,0.37
04.08.2021 01:59:18.895,7.776050000000001,7.775760000000001,0.75,1.12
04.08.2021 01:59:19.073,7.776050000000001,7.7757700000000005,0.75,0.75
04.08.2021 01:59:19.431,7.7761000000000005,7.7758,1.12,0.75
04.08.2021 01:59:25.403,7.7761000000000005,7.77582,0.75,0.75
04.08.2021 01:59:29.633,7.77615,7.77582,0.37,0.75
04.08.2021 01:59:37.752,7.776160000000001,7.77582,0.37,1.12
04.08.2021 01:59:39.437,7.776160000000001,7.775830000000001,0.37,0.37
04.08.2021 01:59:41.258,7.77612,7.77582,0.37,0.75
04.08.2021 01:59:41.308,7.77612,7.77579,0.37,0.37
04.08.2021 01:59:42.230,7.7761000000000005,7.77582,0.75,0.75
04.08.2021 02:00:01.987,7.7761000000000005,7.775830000000001,0.75,0.37
04.08.2021 02:00:06.049,7.776110000000001,7.775830000000001,0.37,0.37
04.08.2021 02:00:06.191,7.7761000000000005,7.77584,0.37,0.37
04.08.2021 02:00:10.658,7.77615,7.775780000000001,0.37,0.75
04.08.2021 02:00:11.661,7.776160000000001,7.775780000000001,1.12,0.75
04.08.2021 02:00:12.430,7.7761000000000005,7.77582,0.75,0.75
04.08.2021 02:00:27.035,7.7761000000000005,7.775830000000001,0.75,0.37
04.08.2021 02:00:28.215,7.7761000000000005,7.77582,0.75,0.75
04.08.2021 02:00:38.700,7.77615,7.775780000000001,0.37,0.75
04.08.2021 02:00:40.021,7.77612,7.77579,0.37,0.37
04.08.2021 02:00:40.279,7.776050000000001,7.775780000000001,0.75,2.62
04.08.2021 02:00:40.388,7.7761000000000005,7.775830000000001,0.75,0.75
04.08.2021 02:00:48.997,7.77614,7.7758,1.12,0.37
04.08.2021 02:00:51.083,7.776130000000001,7.77579,0.37,1.12
04.08.2021 02:00:55.093,7.77614,7.77579,0.37,1.12
04.08.2021 02:00:56.431,7.776130000000001,7.77579,0.37,1.12
04.08.2021 02:00:56.668,7.776050000000001,7.77579,0.75,1.12
04.08.2021 02:00:56.769,7.776050000000001,7.775780000000001,0.75,0.75
04.08.2021 02:00:56.870,7.7761000000000005,7.775830000000001,0.75,0.75
04.08.2021 02:01:01.821,7.7761000000000005,7.77584,0.75,0.37
04.08.2021 02:01:05.112,7.7761000000000005,7.77585,0.75,0.37
04.08.2021 02:01:13.131,7.7761000000000005,7.775860000000001,1.12,0.37
04.08.2021 02:01:18.397,7.776110000000001,7.77579,0.37,0.37
04.08.2021 02:01:19.400,7.776160000000001,7.7757700000000005,0.75,0.37
04.08.2021 02:01:22.132,7.776160000000001,7.775780000000001,0.37,0.37
04.08.2021 02:01:22.283,7.776180000000001,7.77582,1.2,0.75
04.08.2021 02:01:22.443,7.776180000000001,7.77582,1.22,0.75
04.08.2021 02:01:23.548,7.77615,7.775860000000001,0.75,0.75
04.08.2021 02:01:23.598,7.7762,7.77582,0.45,0.75
04.08.2021 02:01:24.150,7.776210000000001,7.77582,0.37,0.75
04.08.2021 02:01:25.069,7.77622,7.77582,0.37,0.75
04.08.2021 02:01:25.636,7.77622,7.775780000000001,0.37,0.37
04.08.2021 02:01:25.687,7.77622,7.77582,0.37,0.75
04.08.2021 02:01:26.570,7.776210000000001,7.77582,0.37,0.75
04.08.2021 02:01:27.392,7.776210000000001,7.77584,0.37,0.75
04.08.2021 02:01:27.493,7.7762,7.775930000000001,0.75,0.75
04.08.2021 02:01:32.211,7.776160000000001,7.7758899999999995,0.75,0.37
04.08.2021 02:01:32.262,7.776160000000001,7.77587,0.75,0.75
04.08.2021 02:01:32.808,7.77625,7.77582,0.45,0.75
04.08.2021 02:01:33.053,7.77625,7.77582,0.47,0.75
04.08.2021 02:01:33.469,7.776210000000001,7.77582,0.37,0.75
04.08.2021 02:01:39.141,7.776210000000001,7.775810000000001,0.37,0.37
04.08.2021 02:01:39.192,7.776210000000001,7.775760000000001,0.37,0.37
04.08.2021 02:01:40.549,7.776180000000001,7.775760000000001,0.37,0.37
04.08.2021 02:01:41.107,7.776180000000001,7.77575,0.37,0.37
04.08.2021 02:01:42.111,7.776180000000001,7.77574,0.37,1.12
04.08.2021 02:02:01.332,7.776180000000001,7.77579,0.37,0.75
04.08.2021 02:02:01.483,7.77615,7.775880000000001,0.75,0.75
04.08.2021 02:02:10.346,7.776210000000001,7.77582,0.37,0.75
04.08.2021 02:02:10.447,7.776210000000001,7.77579,0.37,1.12
04.08.2021 02:02:10.899,7.776230000000001,7.77579,0.37,1.12
04.08.2021 02:02:12.304,7.776230000000001,7.7758,0.37,0.37
04.08.2021 02:02:15.691,7.77624,7.7758,0.37,0.37
04.08.2021 02:02:19.677,7.77622,7.7758,0.37,0.37
04.08.2021 02:02:25.509,7.77622,7.775810000000001,0.37,0.37
04.08.2021 02:02:26.517,7.77622,7.77582,0.37,0.37
04.08.2021 02:02:27.524,7.77622,7.77584,0.37,0.37
04.08.2021 02:02:30.826,7.776210000000001,7.77585,0.37,0.37
04.08.2021 02:02:31.421,7.77615,7.775880000000001,0.75,0.75
04.08.2021 02:02:37.236,7.7761000000000005,7.77584,0.75,0.75
04.08.2021 02:02:40.779,7.776060000000001,7.7758,0.75,0.37
04.08.2021 02:02:40.935,7.776050000000001,7.77579,0.75,0.75
04.08.2021 02:02:52.987,7.776110000000001,7.7757700000000005,0.45,0.37
04.08.2021 02:02:53.486,7.776000000000001,7.7757700000000005,0.75,1.12
04.08.2021 02:02:53.706,7.775950000000001,7.77573,0.75,0.37
04.08.2021 02:02:55.335,7.775950000000001,7.77572,0.75,0.37
04.08.2021 02:02:57.343,7.775950000000001,7.77573,0.75,0.37
04.08.2021 02:02:59.296,7.776000000000001,7.77574,0.75,0.75
04.08.2021 02:03:08.728,7.776000000000001,7.7757700000000005,0.75,0.75
04.08.2021 02:03:29.941,7.77604,7.77572,0.37,0.37
04.08.2021 02:03:30.046,7.776060000000001,7.77572,0.82,0.75
04.08.2021 02:03:30.949,7.776050000000001,7.77572,0.37,0.75
04.08.2021 02:03:37.826,7.775950000000001,7.77569,0.75,1.12
04.08.2021 02:03:41.943,7.775950000000001,7.775710000000001,0.75,0.37
04.08.2021 02:03:44.160,7.7759,7.77567,0.75,0.37
04.08.2021 02:03:44.466,7.7759,7.775660000000001,0.75,0.75
04.08.2021 02:03:48.378,7.77585,7.77562,0.75,1.12
04.08.2021 02:03:48.529,7.77585,7.77559,0.75,0.75
04.08.2021 02:03:50.861,7.7758,7.7755399999999995,0.75,0.75
04.08.2021 02:03:51.499,7.77575,7.77549,0.75,0.75
04.08.2021 02:03:58.733,7.7757000000000005,7.77544,0.75,0.75
04.08.2021 02:03:59.123,7.7757000000000005,7.775460000000001,0.75,0.37
04.08.2021 02:04:02.065,7.7757000000000005,7.77545,0.75,0.37
04.08.2021 02:04:05.066,7.7757000000000005,7.77544,0.75,1.12
04.08.2021 02:04:13.101,7.775660000000001,7.77544,0.75,0.37
04.08.2021 02:04:13.217,7.775650000000001,7.77544,0.75,0.37
04.08.2021 02:04:13.623,7.775650000000001,7.775410000000001,0.75,0.75
04.08.2021 02:04:38.902,7.775650000000001,7.77542,0.75,0.75
04.08.2021 02:05:07.675,7.775710000000001,7.775510000000001,0.37,0.75
04.08.2021 02:05:07.776,7.775710000000001,7.775430000000001,0.37,0.75
04.08.2021 02:05:07.826,7.77585,7.77559,0.75,0.75
04.08.2021 02:05:13.144,7.7758,7.77555,0.75,0.75
04.08.2021 02:05:27.401,7.77585,7.77549,0.37,0.37
04.08.2021 02:05:27.642,7.7758,7.775530000000001,0.37,0.37
04.08.2021 02:05:36.839,7.775760000000001,7.775530000000001,0.75,0.37
04.08.2021 02:05:37.041,7.775760000000001,7.77552,0.75,0.75
04.08.2021 02:05:37.550,7.77575,7.77552,0.75,0.75
04.08.2021 02:05:37.651,7.77575,7.775510000000001,0.75,0.75
04.08.2021 02:05:38.890,7.77575,7.77552,0.75,0.75
04.08.2021 02:05:48.788,7.775780000000001,7.77557,0.75,0.75
04.08.2021 02:05:48.839,7.7758,7.77557,0.75,0.75
04.08.2021 02:05:49.002,7.7758,7.775560000000001,0.75,0.75
04.08.2021 02:06:03.053,7.775810000000001,7.775560000000001,0.37,0.37
04.08.2021 02:06:06.719,7.775830000000001,7.7755399999999995,0.37,0.37
04.08.2021 02:06:07.721,7.77585,7.7755399999999995,0.75,0.37
04.08.2021 02:06:09.728,7.77585,7.77555,0.75,0.37
04.08.2021 02:06:11.728,7.775830000000001,7.775560000000001,0.37,0.37
04.08.2021 02:06:12.731,7.775810000000001,7.775580000000001,0.37,0.37
04.08.2021 02:06:14.614,7.77585,7.775510000000001,0.37,0.37
04.08.2021 02:06:17.052,7.77585,7.7755,0.37,0.37
04.08.2021 02:06:18.745,7.77585,7.77549,0.37,0.75
04.08.2021 02:06:19.098,7.7758,7.775560000000001,0.75,0.75
04.08.2021 02:07:01.213,7.7758,7.77552,0.75,0.75
04.08.2021 02:07:03.836,7.7758,7.775530000000001,0.75,0.37
04.08.2021 02:07:09.848,7.7758,7.7755399999999995,1.12,0.37
04.08.2021 02:07:13.461,7.77584,7.7755399999999995,0.75,0.37
04.08.2021 02:07:13.857,7.775830000000001,7.77555,0.37,0.37
04.08.2021 02:07:14.919,7.775810000000001,7.77555,0.37,0.37
04.08.2021 02:07:15.757,7.775830000000001,7.77555,0.37,0.37
04.08.2021 02:07:15.864,7.775830000000001,7.775560000000001,0.37,0.37
04.08.2021 02:07:20.873,7.77585,7.7755399999999995,0.37,0.37
04.08.2021 02:07:21.874,7.77585,7.77555,0.37,0.37
04.08.2021 02:07:23.710,7.775860000000001,7.77552,0.45,2.25
04.08.2021 02:07:27.888,7.775860000000001,7.775530000000001,0.45,0.37
04.08.2021 02:07:29.263,7.77585,7.775530000000001,0.37,0.37
04.08.2021 02:07:31.304,7.7758,7.775530000000001,0.75,0.37
04.08.2021 02:07:35.319,7.7758,7.77552,0.75,2.25
04.08.2021 02:07:43.404,7.7758,7.7755399999999995,0.75,0.37
04.08.2021 02:07:54.043,7.775810000000001,7.775580000000001,0.75,0.75
04.08.2021 02:08:17.640,7.775810000000001,7.775560000000001,0.75,0.75
04.08.2021 02:08:25.230,7.775760000000001,7.775510000000001,0.75,0.75
04.08.2021 02:08:26.806,7.775710000000001,7.775460000000001,0.75,0.75
04.08.2021 02:08:29.917,7.775660000000001,7.775430000000001,0.75,0.37
04.08.2021 02:08:30.018,7.775660000000001,7.77544,0.75,0.37
04.08.2021 02:08:30.120,7.775650000000001,7.77544,0.75,0.37
04.08.2021 02:08:31.047,7.775660000000001,7.775410000000001,0.75,0.75
04.08.2021 02:08:33.311,7.775610000000001,7.775360000000001,0.75,0.75
04.08.2021 02:08:33.412,7.77555,7.77535,0.75,0.37
04.08.2021 02:08:33.463,7.775600000000001,7.77537,0.75,0.75
04.08.2021 02:08:34.701,7.77555,7.77532,0.75,0.75
04.08.2021 02:08:43.268,7.77555,7.7753000000000005,0.75,0.75
04.08.2021 02:08:44.130,7.77545,7.775210000000001,0.75,0.75
04.08.2021 02:08:47.149,7.775460000000001,7.7752300000000005,0.75,0.75
04.08.2021 02:08:47.244,7.77545,7.775210000000001,0.75,0.75
04.08.2021 02:09:02.223,7.775410000000001,7.77517,0.75,0.75
04.08.2021 02:09:02.324,7.7754,7.77517,0.37,0.75
04.08.2021 02:09:03.640,7.775410000000001,7.77517,0.75,0.75
04.08.2021 02:09:12.573,7.775360000000001,7.77512,0.75,0.75
04.08.2021 02:09:23.316,7.77535,7.77512,0.37,0.75
04.08.2021 02:09:24.323,7.77534,7.77512,0.37,0.75
04.08.2021 02:09:25.326,7.77535,7.77512,0.37,0.75
04.08.2021 02:09:32.438,7.775360000000001,7.77512,0.75,0.75
04.08.2021 02:09:38.288,7.775380000000001,7.77507,0.75,0.37
04.08.2021 02:09:42.702,7.775360000000001,7.77512,0.75,0.75
04.08.2021 02:09:48.112,7.77534,7.77512,0.37,0.75
04.08.2021 02:09:49.112,7.77532,7.77512,0.37,0.75
04.08.2021 02:09:55.930,7.775360000000001,7.77512,1.12,0.75
04.08.2021 02:10:11.675,7.775380000000001,7.775060000000001,0.75,0.75
04.08.2021 02:10:17.996,7.775360000000001,7.77512,0.75,0.75
04.08.2021 02:10:33.266,7.77535,7.77512,0.37,0.75
04.08.2021 02:10:34.834,7.775360000000001,7.77512,0.75,0.75
04.08.2021 02:10:37.985,7.77535,7.77512,0.75,0.75
04.08.2021 02:10:42.914,7.775360000000001,7.775130000000001,0.75,0.75
04.08.2021 02:10:48.080,7.77545,7.77524,0.37,0.75
04.08.2021 02:10:49.237,7.775460000000001,7.77524,0.75,0.75
04.08.2021 02:10:51.823,7.7755,7.775260000000001,0.37,0.75
04.08.2021 02:10:51.873,7.775510000000001,7.77529,1.12,0.75
04.08.2021 02:11:11.632,7.775560000000001,7.77534,0.75,0.75
04.08.2021 02:11:11.752,7.775610000000001,7.77539,0.75,0.75
04.08.2021 02:11:13.033,7.775650000000001,7.7754,0.75,0.75
04.08.2021 02:11:13.804,7.775600000000001,7.77535,0.75,0.75
04.08.2021 02:11:16.171,7.77564,7.77535,1.12,0.75
04.08.2021 02:11:25.666,7.77564,7.77529,0.37,0.37
04.08.2021 02:11:26.368,7.775660000000001,7.77529,0.37,0.37
04.08.2021 02:11:27.372,7.77569,7.77529,0.47,0.37
04.08.2021 02:11:29.992,7.77569,7.77529,0.45,0.37
04.08.2021 02:11:30.093,7.77568,7.77528,0.75,0.37
04.08.2021 02:11:30.798,7.77569,7.77528,0.45,0.37
04.08.2021 02:11:30.902,7.77569,7.77528,1.22,0.37
04.08.2021 02:11:32.635,7.77569,7.77528,0.45,0.37
04.08.2021 02:11:35.107,7.77569,7.77528,0.47,0.37
04.08.2021 02:11:37.282,7.77567,7.77524,0.75,0.37
04.08.2021 02:11:37.433,7.77567,7.775250000000001,0.37,0.37
04.08.2021 02:11:38.394,7.77567,7.77524,0.37,0.75
04.08.2021 02:11:40.396,7.77567,7.775250000000001,0.37,0.37
04.08.2021 02:11:41.402,7.77567,7.775260000000001,0.75,0.37
04.08.2021 02:11:42.402,7.775660000000001,7.775260000000001,0.37,0.37
04.08.2021 02:11:45.407,7.77567,7.77528,0.75,0.37
04.08.2021 02:11:46.126,7.77564,7.77535,0.75,0.75
04.08.2021 02:11:55.254,7.7756300000000005,7.77535,0.37,0.75
04.08.2021 02:12:01.097,7.77564,7.77535,0.75,0.75
04.08.2021 02:12:31.954,7.775660000000001,7.7754,0.75,0.75
04.08.2021 02:12:34.790,7.77569,7.77544,0.75,0.75
04.08.2021 02:12:34.896,7.775710000000001,7.775460000000001,0.75,0.75
04.08.2021 02:12:46.392,7.77572,7.7755,0.75,0.75
04.08.2021 02:12:46.493,7.77574,7.7755,0.75,0.75
04.08.2021 02:12:46.593,7.775780000000001,7.775610000000001,0.75,0.75
04.08.2021 02:12:46.644,7.7758,7.775610000000001,0.75,0.75
04.08.2021 02:12:46.745,7.775830000000001,7.775610000000001,0.75,0.75
04.08.2021 02:12:47.018,7.77585,7.775610000000001,0.37,0.75
04.08.2021 02:12:47.754,7.775860000000001,7.775610000000001,0.75,0.75
04.08.2021 02:12:52.774,7.77585,7.775610000000001,0.37,0.75
04.08.2021 02:12:53.764,7.775860000000001,7.775610000000001,0.75,0.75
04.08.2021 02:12:56.723,7.77587,7.775650000000001,0.75,0.75
04.08.2021 02:12:56.774,7.7759,7.775650000000001,0.75,0.75
04.08.2021 02:12:56.825,7.775930000000001,7.775650000000001,2.62,0.75
04.08.2021 02:13:07.057,7.775960000000001,7.77555,0.37,0.47
04.08.2021 02:13:07.576,7.775950000000001,7.7755399999999995,0.37,0.47
04.08.2021 02:13:08.576,7.77597,7.7755399999999995,0.37,0.47
04.08.2021 02:13:10.897,7.775950000000001,7.7755399999999995,0.37,0.47
04.08.2021 02:13:11.143,7.7759,7.77552,0.37,2.72
04.08.2021 02:13:12.331,7.7759,7.77552,0.37,1.22
04.08.2021 02:13:12.610,7.7759100000000005,7.77552,0.37,1.22
04.08.2021 02:13:15.216,7.7759100000000005,7.775650000000001,0.37,0.75
04.08.2021 02:13:17.111,7.77592,7.775650000000001,1.12,0.75
04.08.2021 02:13:20.951,7.7759,7.775650000000001,0.75,0.75
04.08.2021 02:13:37.002,7.775880000000001,7.775650000000001,0.37,0.75
04.08.2021 02:13:40.003,7.7758899999999995,7.775650000000001,0.37,0.75
04.08.2021 02:13:43.003,7.7759,7.775650000000001,1.12,0.75
04.08.2021 02:13:50.683,7.77585,7.775600000000001,0.75,0.75
04.08.2021 02:13:54.411,7.7758,7.77555,0.75,0.75
04.08.2021 02:13:54.512,7.7758,7.7755399999999995,0.75,0.75
04.08.2021 02:13:54.897,7.7758,7.7755,0.75,0.75
04.08.2021 02:13:55.851,7.775760000000001,7.7755,0.75,0.75
04.08.2021 02:13:57.955,7.775710000000001,7.77549,0.75,0.75
04.08.2021 02:13:59.413,7.775660000000001,7.77544,0.75,0.75
04.08.2021 02:14:01.611,7.775660000000001,7.7754,0.75,0.75
04.08.2021 02:14:03.214,7.775560000000001,7.77534,0.75,0.75
04.08.2021 02:14:03.315,7.775510000000001,7.77529,0.75,0.75
04.08.2021 02:14:03.483,7.775460000000001,7.77524,0.75,0.75
04.08.2021 02:14:09.465,7.775410000000001,7.775189999999999,0.75,0.75
04.08.2021 02:14:14.412,7.775360000000001,7.7751399999999995,0.75,0.75
04.08.2021 02:14:15.667,7.77537,7.7751399999999995,0.75,0.75
04.08.2021 02:14:30.969,7.77535,7.77512,0.75,0.75
04.08.2021 02:14:32.740,7.77534,7.77512,0.37,0.75
04.08.2021 02:14:33.744,7.77535,7.77512,1.12,0.75
04.08.2021 02:14:45.078,7.775260000000001,7.7750200000000005,0.75,0.75
04.08.2021 02:14:45.229,7.77528,7.775080000000001,0.75,0.75
04.08.2021 02:14:45.279,7.775250000000001,7.775030000000001,0.75,0.75
04.08.2021 02:14:45.395,7.7753000000000005,7.775080000000001,0.75,0.75
04.08.2021 02:14:45.496,7.775250000000001,7.775030000000001,0.75,0.75
04.08.2021 02:15:05.126,7.775250000000001,7.77504,0.75,0.37
04.08.2021 02:15:05.227,7.775250000000001,7.7750200000000005,0.75,2.25
04.08.2021 02:15:30.611,7.775250000000001,7.77504,0.75,0.37
04.08.2021 02:15:33.623,7.775250000000001,7.77505,0.75,0.37
04.08.2021 02:15:40.527,7.775250000000001,7.7750200000000005,0.75,0.75
04.08.2021 02:15:56.914,7.775250000000001,7.775030000000001,0.75,0.37
04.08.2021 02:15:59.920,7.775250000000001,7.7750200000000005,0.75,2.25
04.08.2021 02:16:03.891,7.775250000000001,7.77504,0.75,0.37
04.08.2021 02:16:04.934,7.775250000000001,7.775030000000001,0.75,0.37
04.08.2021 02:16:05.935,7.775250000000001,7.77504,0.75,0.37
04.08.2021 02:16:06.937,7.775250000000001,7.77505,0.75,0.37
04.08.2021 02:16:10.453,7.775250000000001,7.7750200000000005,0.75,0.75
04.08.2021 02:16:27.494,7.77524,7.7750200000000005,0.37,1.12
04.08.2021 02:16:38.543,7.7752300000000005,7.7750200000000005,0.37,1.12
04.08.2021 02:16:45.823,7.775250000000001,7.7750200000000005,0.75,1.12
04.08.2021 02:17:07.063,7.775250000000001,7.77505,0.75,0.37
04.08.2021 02:17:08.268,7.775250000000001,7.77504,0.75,0.37
04.08.2021 02:17:24.035,7.775250000000001,7.77505,1.12,0.37
04.08.2021 02:17:24.085,7.775250000000001,7.7750200000000005,1.12,2.62
04.08.2021 02:17:42.129,7.77524,7.775030000000001,0.37,0.37
04.08.2021 02:17:43.185,7.77524,7.7750200000000005,0.37,1.12
04.08.2021 02:17:52.207,7.7752300000000005,7.7750200000000005,0.37,1.12
04.08.2021 02:18:10.186,7.775250000000001,7.775030000000001,0.75,0.37
04.08.2021 02:18:14.310,7.775250000000001,7.77504,0.75,0.37
04.08.2021 02:18:15.414,7.775250000000001,7.775030000000001,0.75,0.37
04.08.2021 02:18:16.415,7.775250000000001,7.77504,0.75,0.37
04.08.2021 02:18:17.416,7.775250000000001,7.775030000000001,0.75,0.37
04.08.2021 02:18:19.426,7.775250000000001,7.77504,0.75,0.37
04.08.2021 02:18:21.436,7.775250000000001,7.775030000000001,0.75,0.37
04.08.2021 02:18:23.438,7.775250000000001,7.77504,0.75,0.37
04.08.2021 02:18:24.443,7.775250000000001,7.775030000000001,0.75,0.37
04.08.2021 02:18:27.456,7.775250000000001,7.77504,0.75,0.37
04.08.2021 02:18:28.461,7.775250000000001,7.775030000000001,0.75,0.37
04.08.2021 02:18:30.473,7.775250000000001,7.77504,0.75,0.37
04.08.2021 02:18:32.478,7.775250000000001,7.775030000000001,0.75,0.37
04.08.2021 02:18:34.488,7.775250000000001,7.77504,0.75,0.37
04.08.2021 02:18:35.493,7.775250000000001,7.775030000000001,0.75,0.37
04.08.2021 02:18:37.682,7.775250000000001,7.77504,0.75,0.37
04.08.2021 02:18:39.706,7.775250000000001,7.775030000000001,0.75,0.37
04.08.2021 02:18:41.728,7.775250000000001,7.77504,0.75,0.37
04.08.2021 02:18:42.736,7.775250000000001,7.775030000000001,0.75,0.37
04.08.2021 02:18:45.769,7.775250000000001,7.77504,0.75,0.37
04.08.2021 02:18:46.783,7.775250000000001,7.775030000000001,0.75,0.37
04.08.2021 02:18:48.803,7.775250000000001,7.77504,0.75,0.37
04.08.2021 02:18:50.826,7.775250000000001,7.775030000000001,0.75,0.37
04.08.2021 02:18:52.850,7.775250000000001,7.77504,0.75,0.37
04.08.2021 02:18:54.319,7.775250000000001,7.775010000000001,0.75,0.75
04.08.2021 02:19:21.335,7.775250000000001,7.775030000000001,0.75,0.37
04.08.2021 02:19:27.269,7.775250000000001,7.77504,0.75,0.37
04.08.2021 02:19:38.038,7.775250000000001,7.775010000000001,0.75,0.75
04.08.2021 02:19:54.110,7.775250000000001,7.77505,0.75,0.37
04.08.2021 02:20:03.554,7.775250000000001,7.7750200000000005,1.12,0.75
04.08.2021 02:20:13.148,7.7753000000000005,7.775060000000001,0.75,0.75
04.08.2021 02:20:13.199,7.77532,7.77509,0.37,0.75
04.08.2021 02:20:13.313,7.7754,7.7751399999999995,1.12,0.75
04.08.2021 02:20:13.364,7.77545,7.775189999999999,0.75,0.75
04.08.2021 02:20:28.931,7.7755,7.77512,0.37,0.82
04.08.2021 02:20:29.032,7.7755,7.7751,0.37,0.85
04.08.2021 02:20:33.584,7.775480000000001,7.7751,0.75,0.85
04.08.2021 02:20:33.788,7.775480000000001,7.77515,0.75,0.37
04.08.2021 02:20:41.551,7.775480000000001,7.7751,0.75,0.85
04.08.2021 02:20:42.512,7.775480000000001,7.7751,0.75,0.85
04.08.2021 02:20:43.397,7.77545,7.775189999999999,0.75,0.75
04.08.2021 02:21:03.544,7.7754,7.7751399999999995,0.75,0.75
04.08.2021 02:21:31.798,7.775410000000001,7.775110000000001,0.37,0.37
04.08.2021 02:21:31.849,7.775460000000001,7.77505,0.37,0.85
04.08.2021 02:21:33.559,7.7754,7.7751399999999995,0.75,0.75
04.08.2021 02:22:52.254,7.77545,7.775180000000001,1.12,0.75
04.08.2021 02:23:06.242,7.77545,7.7751600000000005,0.37,0.37
04.08.2021 02:23:06.343,7.775510000000001,7.77509,0.37,1.22
04.08.2021 02:23:12.988,7.775510000000001,7.7751,0.37,0.45
04.08.2021 02:23:13.338,7.775510000000001,7.775110000000001,0.37,0.37
04.08.2021 02:23:16.471,7.77552,7.775110000000001,0.37,0.37
04.08.2021 02:23:17.418,7.77552,7.77509,0.75,0.47
04.08.2021 02:23:17.971,7.775510000000001,7.77509,0.37,0.47
04.08.2021 02:23:18.419,7.775510000000001,7.77512,0.37,0.37
04.08.2021 02:23:22.436,7.77545,7.775180000000001,0.75,0.75
04.08.2021 02:23:49.811,7.775430000000001,7.775180000000001,0.37,0.75
04.08.2021 02:23:51.325,7.775430000000001,7.775130000000001,0.37,0.37
04.08.2021 02:23:51.874,7.77544,7.7751600000000005,0.37,0.37
04.08.2021 02:23:52.878,7.775430000000001,7.77515,0.37,0.37
04.08.2021 02:23:55.873,7.77549,7.7751399999999995,0.75,0.37
04.08.2021 02:23:58.144,7.77545,7.775180000000001,0.75,0.75
04.08.2021 02:25:49.114,7.77544,7.775180000000001,0.37,0.75
04.08.2021 02:25:51.121,7.775430000000001,7.775180000000001,0.37,0.75
04.08.2021 02:26:04.143,7.77542,7.775180000000001,0.37,0.75
04.08.2021 02:26:06.165,7.775410000000001,7.775180000000001,0.37,1.12
04.08.2021 02:27:07.478,7.77545,7.77517,0.75,0.75
04.08.2021 02:27:11.282,7.77542,7.77517,0.37,1.12
04.08.2021 02:27:35.680,7.77545,7.77517,0.75,0.75
04.08.2021 02:27:41.435,7.77544,7.77517,0.37,0.75
04.08.2021 02:27:41.486,7.77535,7.77515,0.75,0.37
04.08.2021 02:27:41.637,7.77535,7.7751,0.75,0.37
04.08.2021 02:27:42.986,7.77535,7.775110000000001,0.75,0.37
04.08.2021 02:27:46.460,7.77532,7.775110000000001,0.75,0.37
04.08.2021 02:27:46.510,7.77532,7.77505,0.75,0.37
04.08.2021 02:27:46.561,7.7753000000000005,7.77505,0.75,0.37
04.08.2021 02:27:46.827,7.775260000000001,7.77505,0.75,0.37
04.08.2021 02:27:46.962,7.775250000000001,7.77505,0.75,0.37
04.08.2021 02:27:47.012,7.775250000000001,7.775010000000001,0.75,0.37
04.08.2021 02:27:48.358,7.775250000000001,7.77499,0.75,0.75
04.08.2021 02:27:49.207,7.77528,7.77504,0.37,0.75
04.08.2021 02:27:49.258,7.7753000000000005,7.77504,0.75,0.75
04.08.2021 02:27:49.409,7.7753000000000005,7.7750200000000005,0.75,0.75
04.08.2021 02:27:51.473,7.775260000000001,7.7750200000000005,0.75,0.37
04.08.2021 02:27:51.523,7.775260000000001,7.77497,0.75,2.25
04.08.2021 02:27:51.624,7.77515,7.7748800000000005,0.75,1.12
04.08.2021 02:27:51.775,7.77515,7.77487,0.75,0.75
04.08.2021 02:28:07.076,7.775210000000001,7.774830000000001,0.37,0.75
04.08.2021 02:28:08.094,7.775189999999999,7.774830000000001,0.37,0.75
04.08.2021 02:28:10.102,7.775189999999999,7.774910000000001,0.37,0.37
04.08.2021 02:28:21.715,7.775180000000001,7.774910000000001,0.75,0.37
04.08.2021 02:28:21.889,7.77515,7.774910000000001,0.75,0.37
04.08.2021 02:28:23.430,7.77515,7.77493,0.75,0.37
04.08.2021 02:28:24.338,7.77515,7.77487,0.75,0.75
04.08.2021 02:28:24.388,7.77515,7.77492,0.75,0.75
04.08.2021 02:28:25.343,7.7751399999999995,7.77492,0.37,0.75
04.08.2021 02:28:38.028,7.77515,7.77492,0.75,0.75
04.08.2021 02:28:39.522,7.77515,7.77487,0.75,0.75
04.08.2021 02:28:39.623,7.77515,7.77492,0.75,0.75
04.08.2021 02:28:50.280,7.7751600000000005,7.77492,0.37,0.75
04.08.2021 02:28:50.484,7.77515,7.77492,0.37,0.75
04.08.2021 02:28:51.436,7.77515,7.774830000000001,0.37,1.5
04.08.2021 02:28:51.912,7.77515,7.77487,1.12,0.75
04.08.2021 02:28:58.457,7.7751399999999995,7.7748800000000005,0.37,0.37
04.08.2021 02:28:59.257,7.7751,7.7748800000000005,0.75,0.37
04.08.2021 02:28:59.307,7.7751,7.77482,0.75,2.25
04.08.2021 02:29:14.780,7.7751,7.774830000000001,0.75,0.37
04.08.2021 02:29:18.088,7.77515,7.774830000000001,1.12,0.37
04.08.2021 02:29:18.537,7.775080000000001,7.77484,0.37,0.37
04.08.2021 02:29:19.919,7.77515,7.77484,0.75,0.37
04.08.2021 02:29:20.545,7.77515,7.77489,0.75,0.37
04.08.2021 02:29:23.647,7.77515,7.774810000000001,0.75,1.12
04.08.2021 02:29:24.171,7.77517,7.77482,0.75,0.75
04.08.2021 02:29:24.317,7.775080000000001,7.774810000000001,0.75,0.37
04.08.2021 02:29:24.611,7.775080000000001,7.774789999999999,0.75,0.37
04.08.2021 02:29:25.278,7.775080000000001,7.7748,0.75,0.37
04.08.2021 02:29:26.431,7.775080000000001,7.774850000000001,0.75,0.37
04.08.2021 02:29:34.531,7.775080000000001,7.774860000000001,0.75,0.37
04.08.2021 02:29:36.560,7.775080000000001,7.7748800000000005,0.75,0.37
04.08.2021 02:29:39.580,7.775080000000001,7.77489,0.75,0.37
04.08.2021 02:29:40.583,7.775080000000001,7.774900000000001,0.75,0.37
04.08.2021 02:29:42.749,7.7751,7.77484,0.75,0.37
04.08.2021 02:29:58.792,7.7751,7.77487,0.75,0.37
04.08.2021 02:30:17.840,7.7751,7.7748800000000005,0.75,0.37
04.08.2021 02:30:29.125,7.7751,7.77484,0.75,0.75
04.08.2021 02:30:29.229,7.77509,7.77484,0.37,0.75
04.08.2021 02:30:29.709,7.7751,7.774830000000001,0.75,0.75
04.08.2021 02:30:35.262,7.7751,7.77492,1.12,0.37
04.08.2021 02:30:36.716,7.7751,7.774910000000001,1.12,0.37
04.08.2021 02:30:38.216,7.7751,7.774900000000001,1.12,0.37
04.08.2021 02:30:40.400,7.77515,7.774900000000001,0.37,0.37
04.08.2021 02:30:41.366,7.7751600000000005,7.774900000000001,0.37,0.37
04.08.2021 02:30:42.717,7.7751600000000005,7.77489,0.37,0.37
04.08.2021 02:30:44.217,7.7751600000000005,7.774900000000001,0.37,0.37
04.08.2021 02:30:45.570,7.7751,7.774900000000001,0.37,0.37
04.08.2021 02:30:46.351,7.7751,7.77484,0.37,0.37
04.08.2021 02:30:47.952,7.775189999999999,7.77492,0.37,0.75
04.08.2021 02:30:48.053,7.775200000000001,7.77492,0.75,2.25
04.08.2021 02:30:48.104,7.775250000000001,7.77497,0.75,0.75
04.08.2021 02:30:48.205,7.77537,7.77498,0.37,0.75
04.08.2021 02:30:48.306,7.77537,7.77499,0.37,0.75
04.08.2021 02:30:48.487,7.7754,7.77499,0.37,0.75
04.08.2021 02:30:48.537,7.7754,7.7750200000000005,0.37,0.75
04.08.2021 02:30:48.638,7.7753000000000005,7.7750200000000005,0.75,0.75
04.08.2021 02:30:48.742,7.7754,7.77512,1.12,0.75
04.08.2021 02:31:06.269,7.7755,7.77507,0.47,1.22
04.08.2021 02:31:06.319,7.77547,7.77507,0.37,0.85
04.08.2021 02:31:06.827,7.77547,7.77507,0.37,0.85
04.08.2021 02:31:06.965,7.77547,7.77507,0.37,0.85
04.08.2021 02:31:07.423,7.7755,7.77507,0.47,1.22
04.08.2021 02:31:10.050,7.775510000000001,7.77507,0.82,0.85
04.08.2021 02:31:10.134,7.7754,7.77507,0.75,2.35
04.08.2021 02:31:12.511,7.775360000000001,7.77504,0.75,0.47
04.08.2021 02:31:12.612,7.775360000000001,7.77504,0.75,0.47
04.08.2021 02:31:17.654,7.775360000000001,7.77504,0.75,0.45
04.08.2021 02:31:19.282,7.775360000000001,7.775060000000001,0.75,0.75
04.08.2021 02:31:19.782,7.775360000000001,7.775080000000001,0.75,0.37
04.08.2021 02:31:21.791,7.775360000000001,7.775060000000001,0.75,0.37
04.08.2021 02:31:23.794,7.775360000000001,7.77507,0.75,0.37
04.08.2021 02:31:25.324,7.775360000000001,7.775030000000001,0.75,1.22
04.08.2021 02:31:28.473,7.77542,7.775030000000001,0.37,0.47
04.08.2021 02:31:28.623,7.77542,7.775030000000001,0.37,0.82
04.08.2021 02:31:29.804,7.7754,7.77505,0.37,0.37
04.08.2021 02:31:30.806,7.775410000000001,7.77505,0.37,0.37
04.08.2021 02:31:31.810,7.775410000000001,7.775060000000001,0.37,0.37
04.08.2021 02:31:32.722,7.775410000000001,7.775130000000001,0.37,0.37
04.08.2021 02:31:32.863,7.7754,7.775130000000001,0.37,0.37
04.08.2021 02:31:33.483,7.7754,7.77512,0.37,0.37
04.08.2021 02:31:34.816,7.77539,7.77512,0.37,0.37
04.08.2021 02:31:34.941,7.775360000000001,7.77512,0.75,0.37
04.08.2021 02:31:36.485,7.775360000000001,7.775110000000001,0.75,0.37
04.08.2021 02:31:39.486,7.775360000000001,7.7751,0.75,0.37
04.08.2021 02:31:43.622,7.775360000000001,7.77509,0.75,0.37
04.08.2021 02:31:44.210,7.775360000000001,7.775060000000001,0.75,0.75
04.08.2021 02:31:48.484,7.775360000000001,7.77507,0.75,0.37
04.08.2021 02:31:48.534,7.775360000000001,7.7751399999999995,0.75,0.37
04.08.2021 02:31:49.289,7.775360000000001,7.775130000000001,0.75,0.37
04.08.2021 02:31:50.789,7.775360000000001,7.77512,0.75,0.37
04.08.2021 02:31:53.790,7.775360000000001,7.775110000000001,0.75,0.37
04.08.2021 02:31:54.159,7.775360000000001,7.7751,0.75,0.37
04.08.2021 02:31:54.891,7.775360000000001,7.775080000000001,0.75,0.37
04.08.2021 02:31:55.458,7.775380000000001,7.775080000000001,0.37,0.37
04.08.2021 02:31:56.860,7.77537,7.7751,0.37,0.37
04.08.2021 02:31:57.864,7.775360000000001,7.7751,0.37,0.37
04.08.2021 02:32:02.736,7.77542,7.77507,0.37,0.37
04.08.2021 02:32:02.887,7.775410000000001,7.77507,0.75,0.37
04.08.2021 02:32:03.833,7.7754,7.775060000000001,0.37,0.37
04.08.2021 02:32:05.169,7.775360000000001,7.775060000000001,0.75,1.12
04.08.2021 02:32:45.797,7.775360000000001,7.77512,0.75,0.37
04.08.2021 02:32:47.250,7.775360000000001,7.775110000000001,0.75,0.37
04.08.2021 02:32:50.250,7.775360000000001,7.7751,0.75,0.37
04.08.2021 02:33:06.755,7.775360000000001,7.77509,0.75,0.37
04.08.2021 02:33:23.660,7.775310000000001,7.77509,0.75,0.37
04.08.2021 02:33:23.710,7.775310000000001,7.775,0.75,0.75
04.08.2021 02:33:25.161,7.775310000000001,7.7750200000000005,0.75,0.37
04.08.2021 02:33:26.662,7.775310000000001,7.77504,0.75,0.37
04.08.2021 02:33:34.695,7.775430000000001,7.77504,0.45,0.37
04.08.2021 02:33:35.713,7.775360000000001,7.77504,0.37,0.37
04.08.2021 02:33:36.145,7.775360000000001,7.775010000000001,0.37,0.37
04.08.2021 02:33:37.722,7.775360000000001,7.77507,0.37,0.37
04.08.2021 02:33:53.769,7.775310000000001,7.77507,0.75,0.37
04.08.2021 02:34:11.715,7.775310000000001,7.775010000000001,0.75,0.37
04.08.2021 02:34:25.235,7.775310000000001,7.77509,0.75,0.37
04.08.2021 02:35:16.262,7.775310000000001,7.77507,0.75,0.37
04.08.2021 02:35:48.698,7.77535,7.7751,0.37,0.75
04.08.2021 02:35:48.749,7.775410000000001,7.7751,0.75,0.75
04.08.2021 02:35:49.017,7.775410000000001,7.77515,0.75,0.37
04.08.2021 02:36:09.150,7.77552,7.77515,1.2,0.37
04.08.2021 02:36:18.840,7.775410000000001,7.77515,0.75,0.37
04.08.2021 02:36:29.874,7.775410000000001,7.77512,0.75,0.37
04.08.2021 02:36:30.108,7.775410000000001,7.775110000000001,0.75,1.12
04.08.2021 02:36:30.292,7.775410000000001,7.775180000000001,0.75,0.37
04.08.2021 02:36:31.417,7.775410000000001,7.77517,0.75,0.37
04.08.2021 02:36:32.418,7.775410000000001,7.7751600000000005,0.75,0.37
04.08.2021 02:36:51.455,7.775410000000001,7.77517,0.75,0.37
04.08.2021 02:37:07.065,7.775410000000001,7.775189999999999,0.75,0.37
04.08.2021 02:37:17.620,7.775410000000001,7.775110000000001,0.75,0.37
04.08.2021 02:37:17.721,7.775430000000001,7.775110000000001,0.37,0.37
04.08.2021 02:37:19.078,7.775410000000001,7.775110000000001,0.75,0.37
04.08.2021 02:37:19.517,7.775410000000001,7.7751,0.75,0.75
04.08.2021 02:37:36.444,7.775360000000001,7.775080000000001,0.75,0.75
04.08.2021 02:37:36.545,7.775360000000001,7.77507,0.75,0.37
04.08.2021 02:37:36.595,7.775410000000001,7.77509,0.75,0.75
04.08.2021 02:37:36.646,7.77559,7.7751,0.82,1.12
04.08.2021 02:37:36.697,7.775510000000001,7.775189999999999,0.75,0.75
04.08.2021 02:37:36.798,7.77562,7.77522,0.37,0.75
04.08.2021 02:37:36.848,7.775660000000001,7.77534,0.75,0.75
04.08.2021 02:37:36.899,7.7757000000000005,7.77527,0.37,0.37
04.08.2021 02:37:36.999,7.7757000000000005,7.77529,0.37,0.75
04.08.2021 02:37:37.050,7.7758,7.77529,0.75,0.75
04.08.2021 02:37:37.152,7.775810000000001,7.7753000000000005,0.75,0.82
04.08.2021 02:37:39.216,7.77582,7.77529,1.12,0.85
04.08.2021 02:37:39.317,7.77582,7.77532,0.37,0.75
04.08.2021 02:37:39.806,7.77582,7.77537,0.37,0.75
04.08.2021 02:37:39.857,7.77587,7.77537,1.22,0.75
04.08.2021 02:37:39.907,7.77587,7.7754,0.37,0.75
04.08.2021 02:37:40.028,7.775760000000001,7.77544,0.75,0.75
04.08.2021 02:37:49.031,7.7758899999999995,7.77544,0.45,0.75
04.08.2021 02:37:49.233,7.775710000000001,7.775410000000001,0.75,0.85
04.08.2021 02:37:49.283,7.775710000000001,7.77539,0.75,2.35
04.08.2021 02:37:49.499,7.775710000000001,7.77539,0.75,2.32
04.08.2021 02:37:49.724,7.775710000000001,7.77544,0.75,0.75
04.08.2021 02:37:50.392,7.775710000000001,7.7754,0.75,1.5
04.08.2021 02:37:50.604,7.775710000000001,7.77539,0.75,0.75
04.08.2021 02:38:01.586,7.775780000000001,7.77537,0.75,0.45
04.08.2021 02:38:02.488,7.775780000000001,7.775380000000001,0.75,0.37
04.08.2021 02:38:04.450,7.775780000000001,7.77537,0.75,0.45
04.08.2021 02:38:10.168,7.7758,7.77539,1.12,0.75
04.08.2021 02:38:10.580,7.7758,7.77537,1.12,0.45
04.08.2021 02:38:19.593,7.775710000000001,7.77539,0.75,0.75
04.08.2021 02:38:25.948,7.775710000000001,7.77542,0.75,0.37
04.08.2021 02:38:26.148,7.775710000000001,7.77539,0.75,2.25
04.08.2021 02:38:29.591,7.775760000000001,7.77544,0.75,0.75
04.08.2021 02:38:29.742,7.775760000000001,7.775460000000001,0.75,0.75
04.08.2021 02:38:30.717,7.775760000000001,7.775480000000001,0.75,0.37
04.08.2021 02:38:32.160,7.775760000000001,7.77547,0.75,0.37
04.08.2021 02:38:41.681,7.775760000000001,7.775480000000001,0.75,0.37
04.08.2021 02:38:42.687,7.775760000000001,7.77549,0.75,0.37
04.08.2021 02:38:44.912,7.775760000000001,7.7755,0.75,0.37
04.08.2021 02:38:45.919,7.775760000000001,7.775510000000001,0.75,0.37
04.08.2021 02:38:47.640,7.775760000000001,7.77544,0.75,0.75
04.08.2021 02:38:47.741,7.7757700000000005,7.775430000000001,0.37,0.37
04.08.2021 02:38:48.635,7.775780000000001,7.77542,0.37,0.75
04.08.2021 02:38:59.683,7.775760000000001,7.77544,0.75,0.75
04.08.2021 02:39:35.931,7.775710000000001,7.775430000000001,0.75,0.37
04.08.2021 02:39:36.432,7.775710000000001,7.77539,0.75,1.12
04.08.2021 02:39:52.451,7.7757700000000005,7.77534,0.37,0.82
04.08.2021 02:39:57.790,7.775760000000001,7.77544,0.75,0.75
04.08.2021 02:40:03.059,7.775710000000001,7.775430000000001,0.75,0.37
04.08.2021 02:40:03.109,7.775760000000001,7.77544,0.75,0.75
04.08.2021 02:40:03.160,7.775710000000001,7.77539,0.75,1.12
04.08.2021 02:41:28.817,7.77575,7.77534,0.75,1.12
04.08.2021 02:41:29.829,7.77575,7.775410000000001,0.75,0.37
04.08.2021 02:41:32.838,7.77569,7.775410000000001,0.37,0.37
04.08.2021 02:41:33.579,7.77569,7.77545,0.37,0.75
04.08.2021 02:41:33.629,7.775760000000001,7.77545,1.12,0.75
04.08.2021 02:41:37.724,7.775710000000001,7.77544,0.75,0.37
04.08.2021 02:41:37.774,7.775710000000001,7.775410000000001,0.75,0.37
04.08.2021 02:41:38.008,7.77564,7.775410000000001,0.75,0.37
04.08.2021 02:41:38.059,7.77564,7.775360000000001,0.75,0.37
04.08.2021 02:41:38.109,7.775560000000001,7.775310000000001,0.75,0.37
04.08.2021 02:41:38.160,7.775560000000001,7.775250000000001,0.75,0.75
04.08.2021 02:41:38.211,7.775510000000001,7.77524,0.75,0.37
04.08.2021 02:41:39.050,7.775510000000001,7.775200000000001,0.75,0.75
04.08.2021 02:41:54.113,7.775610000000001,7.775180000000001,0.37,0.37
04.08.2021 02:42:01.884,7.775560000000001,7.775250000000001,0.75,0.75
04.08.2021 02:42:12.528,7.775510000000001,7.775210000000001,0.75,1.2
04.08.2021 02:42:36.906,7.775560000000001,7.775180000000001,0.37,0.37
04.08.2021 02:42:38.156,7.77555,7.775180000000001,0.37,0.75
04.08.2021 02:42:39.160,7.77555,7.775210000000001,0.37,0.37
04.08.2021 02:42:42.652,7.775510000000001,7.775210000000001,0.75,1.12
04.08.2021 02:42:43.170,7.775510000000001,7.77522,0.75,0.37
04.08.2021 02:42:43.355,7.775510000000001,7.775210000000001,0.75,0.75
04.08.2021 02:43:24.980,7.77552,7.77524,0.75,0.75
04.08.2021 02:43:53.703,7.77552,7.775250000000001,0.75,0.75
04.08.2021 02:43:54.391,7.775530000000001,7.77524,2.25,0.75
04.08.2021 02:44:17.914,7.775530000000001,7.77522,2.25,0.75
04.08.2021 02:44:20.624,7.775430000000001,7.775210000000001,0.75,0.37
04.08.2021 02:44:20.725,7.775430000000001,7.775200000000001,0.75,0.37
04.08.2021 02:44:21.832,7.775430000000001,7.7751600000000005,0.75,0.37
04.08.2021 02:44:22.616,7.775430000000001,7.7751399999999995,0.75,0.37
04.08.2021 02:44:22.716,7.775430000000001,7.77512,2.25,0.75
04.08.2021 02:44:32.019,7.77547,7.7751399999999995,0.37,0.75
04.08.2021 02:44:32.069,7.77547,7.7751600000000005,0.37,0.37
04.08.2021 02:44:32.170,7.77547,7.77517,0.37,0.75
04.08.2021 02:44:32.390,7.775480000000001,7.77517,0.75,0.75
04.08.2021 02:44:40.407,7.77547,7.77517,0.37,0.75
04.08.2021 02:44:58.924,7.77547,7.7751600000000005,0.37,0.37
04.08.2021 02:44:59.449,7.77549,7.775210000000001,0.37,0.37
04.08.2021 02:45:07.092,7.775430000000001,7.775210000000001,0.75,0.37
04.08.2021 02:45:07.142,7.775430000000001,7.7751600000000005,0.75,0.37
04.08.2021 02:45:07.403,7.775430000000001,7.775130000000001,0.75,0.37
04.08.2021 02:45:07.717,7.77533,7.77504,0.75,0.47
04.08.2021 02:45:07.818,7.77533,7.77504,0.75,0.37
04.08.2021 02:45:09.230,7.77533,7.7750200000000005,0.75,2.25
04.08.2021 02:45:13.003,7.775380000000001,7.77507,0.75,0.75
04.08.2021 02:45:22.748,7.77545,7.77507,0.37,0.37
04.08.2021 02:45:22.851,7.775460000000001,7.775030000000001,0.37,0.45
04.08.2021 02:45:23.765,7.77545,7.775030000000001,0.37,0.45
04.08.2021 02:45:24.767,7.77545,7.775060000000001,0.37,0.37
04.08.2021 02:45:37.838,7.775460000000001,7.77504,0.37,0.37
04.08.2021 02:45:43.018,7.775380000000001,7.77507,0.75,0.75
04.08.2021 02:45:47.908,7.775380000000001,7.775110000000001,0.75,0.75
04.08.2021 02:46:16.441,7.775380000000001,7.775080000000001,0.75,0.75
04.08.2021 02:47:59.143,7.77533,7.77505,0.75,0.37
04.08.2021 02:47:59.244,7.77533,7.775030000000001,0.75,0.75
04.08.2021 02:48:04.670,7.775380000000001,7.775080000000001,0.75,0.75
04.08.2021 02:48:22.506,7.77545,7.77505,1.12,0.37
04.08.2021 02:48:23.740,7.77544,7.7751,0.37,0.37
04.08.2021 02:48:24.743,7.775430000000001,7.7751,0.37,0.37
04.08.2021 02:48:25.748,7.77542,7.7751,0.37,0.37
04.08.2021 02:48:26.752,7.77539,7.7751,0.37,0.37
04.08.2021 02:48:30.512,7.7754,7.775060000000001,0.37,0.37
04.08.2021 02:48:31.503,7.775410000000001,7.775060000000001,0.37,0.37
04.08.2021 02:48:35.037,7.775380000000001,7.775080000000001,0.75,0.75
04.08.2021 02:48:43.709,7.775410000000001,7.775060000000001,0.37,0.37
04.08.2021 02:48:43.945,7.7754,7.775080000000001,0.37,0.37
04.08.2021 02:48:44.237,7.775380000000001,7.775110000000001,0.75,0.75
04.08.2021 02:48:44.957,7.775380000000001,7.77512,0.75,0.37
04.08.2021 02:48:55.874,7.775380000000001,7.775110000000001,0.75,0.75
04.08.2021 02:49:11.734,7.775360000000001,7.77504,0.75,0.75
04.08.2021 02:49:13.906,7.775360000000001,7.775060000000001,0.75,0.75
04.08.2021 02:49:16.732,7.775360000000001,7.77504,0.75,0.37
04.08.2021 02:49:16.963,7.775360000000001,7.77505,0.75,0.37
