Gmt time,Ask,Bid,AskVolume,BidVolume
11.08.2021 00:00:00.090,301.954,301.382,1.5,1.12
11.08.2021 00:00:01.759,301.952,301.356,1.5,1.25
11.08.2021 00:00:01.810,301.92400000000004,301.344,1,1.75
11.08.2021 00:00:01.966,301.92400000000004,301.355,1,1.25
11.08.2021 00:00:02.138,301.92,301.35200000000003,1,1.25
11.08.2021 00:00:05.300,301.91700000000003,301.35200000000003,1,1.25
11.08.2021 00:00:05.710,301.91900000000004,301.35200000000003,1,1.25
11.08.2021 00:00:07.009,301.91700000000003,301.34900000000005,1,1.25
11.08.2021 00:00:10.659,301.913,301.345,1,1.25
11.08.2021 00:00:11.411,301.91400000000004,301.345,1,1.25
11.08.2021 00:00:15.501,301.915,301.353,1,1.75
11.08.2021 00:00:16.518,301.91700000000003,301.353,1,1.75
11.08.2021 00:00:17.121,301.918,301.353,1,1.75
11.08.2021 00:00:18.024,301.91900000000004,301.353,1,1.75
11.08.2021 00:00:23.018,301.91200000000003,301.363,1.12,1.75
11.08.2021 00:00:23.228,301.894,301.40700000000004,1.5,1.5
11.08.2021 00:00:23.329,301.92900000000003,301.416,1.5,1
11.08.2021 00:00:23.451,301.92900000000003,301.416,1.5,1.5
11.08.2021 00:00:23.745,301.885,301.387,1,1.75
11.08.2021 00:00:23.846,301.934,301.406,1.5,1.25
11.08.2021 00:00:24.021,301.913,301.42,1.5,1.5
11.08.2021 00:00:24.122,301.88599999999997,301.391,1.12,1.75
11.08.2021 00:00:24.563,301.91400000000004,301.41900000000004,1.5,1.75
11.08.2021 00:00:24.798,301.897,301.41900000000004,1.5,1.5
11.08.2021 00:00:25.166,301.933,301.41900000000004,1.5,1.75
11.08.2021 00:00:25.270,301.884,301.41900000000004,1,1.75
11.08.2021 00:00:25.324,301.922,301.41900000000004,1.5,1.75
11.08.2021 00:00:25.452,301.883,301.41900000000004,1,1.5
11.08.2021 00:00:25.502,301.883,301.41900000000004,1,1.75
11.08.2021 00:00:25.552,301.921,301.41900000000004,1.5,1.75
11.08.2021 00:00:25.603,301.884,301.41900000000004,1,1.75
11.08.2021 00:00:25.653,301.922,301.41900000000004,1.5,1.75
11.08.2021 00:00:25.704,301.932,301.41900000000004,1.5,1
11.08.2021 00:00:25.908,301.931,301.41900000000004,1.5,1.5
11.08.2021 00:00:26.110,301.916,301.39,1.5,1.5
11.08.2021 00:00:26.459,301.931,301.39,1.5,1.75
11.08.2021 00:00:26.560,301.88,301.39,1,1.75
11.08.2021 00:00:26.610,301.918,301.39,1.5,1.75
11.08.2021 00:00:26.661,301.931,301.39,1.5,1.75
11.08.2021 00:00:26.851,301.878,301.39,1,1.75
11.08.2021 00:00:26.901,301.878,301.39,1,1.5
11.08.2021 00:00:27.002,301.93,301.39,1.5,1.5
11.08.2021 00:00:27.102,301.90500000000003,301.39,1.12,1.5
11.08.2021 00:00:27.304,301.902,301.39,1.12,1.75
11.08.2021 00:00:27.504,301.884,301.39,1,2.25
11.08.2021 00:00:27.555,301.878,301.39,1,1.75
11.08.2021 00:00:27.605,301.92900000000003,301.406,1.5,1.75
11.08.2021 00:00:27.656,301.877,301.406,1,1.75
11.08.2021 00:00:27.839,301.879,301.406,1,1.75
11.08.2021 00:00:27.889,301.879,301.406,1,1.75
11.08.2021 00:00:27.939,301.92900000000003,301.406,1.5,1.75
11.08.2021 00:00:28.181,301.928,301.406,1.5,1.5
11.08.2021 00:00:28.308,301.903,301.406,1.12,1.75
11.08.2021 00:00:28.426,301.885,301.406,1.25,1.75
11.08.2021 00:00:28.527,301.88599999999997,301.406,1.37,1.75
11.08.2021 00:00:28.712,301.88599999999997,301.406,1.37,1.5
11.08.2021 00:00:28.873,301.883,301.406,1,1.5
11.08.2021 00:00:28.923,301.874,301.406,1,1.5
11.08.2021 00:00:29.024,301.846,301.406,0.37,1.5
11.08.2021 00:00:29.175,301.90500000000003,301.421,1.12,1
11.08.2021 00:00:29.234,301.90500000000003,301.397,1.12,1.5
11.08.2021 00:00:29.285,301.846,301.423,0.37,1
11.08.2021 00:00:29.386,301.883,301.41700000000003,1.5,1.75
11.08.2021 00:00:29.543,301.927,301.41700000000003,1.5,1.5
11.08.2021 00:00:29.654,301.927,301.41900000000004,1.5,1
11.08.2021 00:00:29.768,301.91400000000004,301.418,1.5,1
11.08.2021 00:00:29.819,301.875,301.418,1.5,1.75
11.08.2021 00:00:30.056,301.875,301.452,1,1
11.08.2021 00:00:30.166,301.879,301.452,1,1
11.08.2021 00:00:30.217,301.879,301.433,1.5,1.5
11.08.2021 00:00:30.459,301.928,301.433,1.5,1.5
11.08.2021 00:00:30.660,301.883,301.433,1,1.75
11.08.2021 00:00:30.760,301.884,301.433,1,1.5
11.08.2021 00:00:30.811,301.887,301.433,1.5,1.5
11.08.2021 00:00:30.971,301.887,301.463,1.5,1
11.08.2021 00:00:31.022,301.887,301.45,1.5,1
11.08.2021 00:00:31.148,301.904,301.45099999999996,1.5,1
11.08.2021 00:00:31.575,301.876,301.45099999999996,1,1
11.08.2021 00:00:31.705,301.91400000000004,301.45099999999996,1.5,1
11.08.2021 00:00:31.974,301.902,301.45099999999996,1.12,1.5
11.08.2021 00:00:32.130,301.902,301.45099999999996,1.12,1
11.08.2021 00:00:32.333,301.89,301.45099999999996,1.5,1
11.08.2021 00:00:32.384,301.89,301.45099999999996,1.5,1
11.08.2021 00:00:32.500,301.872,301.45099999999996,1,1
11.08.2021 00:00:32.601,301.902,301.45099999999996,1.12,1.5
11.08.2021 00:00:32.752,301.911,301.455,1.5,1
11.08.2021 00:00:32.853,301.91700000000003,301.447,1.5,1
11.08.2021 00:00:32.943,301.884,301.447,1,1
11.08.2021 00:00:33.044,301.871,301.447,1,1
11.08.2021 00:00:33.095,301.91700000000003,301.447,1.5,1
11.08.2021 00:00:33.145,301.92400000000004,301.447,1.5,1.5
11.08.2021 00:00:33.580,301.906,301.447,1.12,1.5
11.08.2021 00:00:33.747,301.906,301.447,1.12,1
11.08.2021 00:00:33.963,301.913,301.447,1.5,1.5
11.08.2021 00:00:34.179,301.923,301.448,1.5,1
11.08.2021 00:00:34.229,301.923,301.464,1.5,1
11.08.2021 00:00:34.355,301.846,301.464,0.37,1
11.08.2021 00:00:34.405,301.90000000000003,301.449,1.12,1.5
11.08.2021 00:00:34.520,301.877,301.471,1.5,1
11.08.2021 00:00:34.571,301.877,301.471,1,1.5
11.08.2021 00:00:34.672,301.882,301.447,1,1.5
11.08.2021 00:00:34.773,301.922,301.454,1.5,1
11.08.2021 00:00:34.823,301.872,301.454,1,1
11.08.2021 00:00:34.874,301.884,301.454,1,1
11.08.2021 00:00:34.975,301.884,301.454,1.5,1
11.08.2021 00:00:35.175,301.878,301.454,1.5,1.5
11.08.2021 00:00:35.407,301.904,301.454,1.12,1
11.08.2021 00:00:35.562,301.904,301.454,1.12,1.5
11.08.2021 00:00:35.784,301.846,301.46500000000003,0.37,1
11.08.2021 00:00:35.995,301.92,301.46500000000003,1.5,1
11.08.2021 00:00:36.120,301.899,301.46500000000003,1.12,1
11.08.2021 00:00:36.221,301.87,301.46500000000003,1.5,1
11.08.2021 00:00:36.378,301.91,301.46500000000003,1.12,1.5
11.08.2021 00:00:36.578,301.91,301.456,1.12,1
11.08.2021 00:00:36.729,301.91,301.47900000000004,1.5,1
11.08.2021 00:00:36.844,301.869,301.47900000000004,1.5,1
11.08.2021 00:00:36.995,301.868,301.47900000000004,1,1
11.08.2021 00:00:37.049,301.874,301.47900000000004,1,1
11.08.2021 00:00:37.100,301.878,301.47900000000004,1.5,1
11.08.2021 00:00:37.200,301.878,301.463,1.5,1.5
11.08.2021 00:00:37.382,301.878,301.463,1.5,1.5
11.08.2021 00:00:37.584,301.869,301.463,1.5,1
11.08.2021 00:00:38.594,301.901,301.463,1.5,1.5
11.08.2021 00:00:38.748,301.91,301.463,1.12,1.5
11.08.2021 00:00:38.876,301.91,301.492,1.12,1
11.08.2021 00:00:38.977,301.884,301.448,1.5,1.5
11.08.2021 00:00:39.194,301.884,301.469,1,1
11.08.2021 00:00:39.266,301.887,301.469,1.5,1
11.08.2021 00:00:39.317,301.882,301.469,1,1
11.08.2021 00:00:39.418,301.874,301.473,1.5,1
11.08.2021 00:00:39.584,301.926,301.481,1.5,1
11.08.2021 00:00:39.667,301.926,301.47700000000003,1.5,1
11.08.2021 00:00:39.768,301.877,301.47700000000003,1.5,1.5
11.08.2021 00:00:39.905,301.90900000000005,301.499,1.12,1
11.08.2021 00:00:40.006,301.893,301.471,1.5,1
11.08.2021 00:00:40.209,301.887,301.475,1.5,1
11.08.2021 00:00:40.384,301.926,301.47900000000004,1.5,1
11.08.2021 00:00:40.538,301.878,301.47900000000004,1,1
11.08.2021 00:00:40.639,301.877,301.47,1.5,1.5
11.08.2021 00:00:40.790,301.876,301.47,1.5,1.5
11.08.2021 00:00:40.991,301.89,301.47,1.5,1
11.08.2021 00:00:41.183,301.90700000000004,301.47,1.12,1.5
11.08.2021 00:00:41.351,301.88,301.481,1.5,1
11.08.2021 00:00:41.402,301.88,301.447,1.5,1
11.08.2021 00:00:41.452,301.88,301.481,1.5,1.5
11.08.2021 00:00:41.654,301.891,301.481,1.5,1
11.08.2021 00:00:41.754,301.872,301.481,1,1
11.08.2021 00:00:41.805,301.922,301.481,1.5,1
11.08.2021 00:00:41.855,301.895,301.515,1.12,1
11.08.2021 00:00:41.974,301.878,301.487,1.5,1
11.08.2021 00:00:42.024,301.875,301.468,1.5,1.5
11.08.2021 00:00:42.175,301.908,301.51099999999997,1.12,1
11.08.2021 00:00:42.276,301.888,301.494,1.12,1.12
11.08.2021 00:00:42.427,301.884,301.494,1.5,1
11.08.2021 00:00:42.595,301.82599999999996,301.494,0.37,1
11.08.2021 00:00:42.695,301.887,301.47400000000005,1.12,1
11.08.2021 00:00:42.746,301.887,301.48900000000003,1.12,1
11.08.2021 00:00:42.796,301.896,301.48900000000003,1.5,1
11.08.2021 00:00:42.993,301.89,301.505,1.12,1
11.08.2021 00:00:43.043,301.89,301.491,1.12,1
11.08.2021 00:00:43.148,301.89,301.46,1.12,1
11.08.2021 00:00:43.198,301.899,301.46,1.5,1.75
11.08.2021 00:00:43.424,301.897,301.485,1.5,1
11.08.2021 00:00:43.525,301.876,301.491,1,1
11.08.2021 00:00:43.676,301.904,301.485,1.12,1
11.08.2021 00:00:43.826,301.901,301.498,1.5,1
11.08.2021 00:00:43.877,301.894,301.47,1.5,1.5
11.08.2021 00:00:43.927,301.894,301.47,1.5,1.5
11.08.2021 00:00:44.191,301.887,301.508,1.12,1
11.08.2021 00:00:44.292,301.887,301.47900000000004,1.12,1
11.08.2021 00:00:44.342,301.887,301.453,1.12,1.5
11.08.2021 00:00:44.443,301.88,301.47400000000005,1.12,1
11.08.2021 00:00:44.544,301.896,301.488,1.5,1.5
11.08.2021 00:00:44.594,301.896,301.488,1.5,1
11.08.2021 00:00:44.695,301.874,301.488,1,1
11.08.2021 00:00:44.796,301.86400000000003,301.488,1.5,1.5
11.08.2021 00:00:44.984,301.86400000000003,301.488,1.5,1
11.08.2021 00:00:45.135,301.904,301.488,1.12,1.5
11.08.2021 00:00:45.236,301.862,301.51,1.5,1
11.08.2021 00:00:45.286,301.889,301.47400000000005,1.5,1.5
11.08.2021 00:00:45.337,301.889,301.47,1.5,1
11.08.2021 00:00:45.387,301.889,301.507,1.5,1
11.08.2021 00:00:45.646,301.868,301.471,1.5,1.5
11.08.2021 00:00:45.746,301.913,301.494,1.5,1
11.08.2021 00:00:45.957,301.879,301.494,1.12,1.12
11.08.2021 00:00:46.148,301.871,301.494,1.5,1
11.08.2021 00:00:46.199,301.899,301.486,1.12,1
11.08.2021 00:00:46.300,301.876,301.485,1.5,1
11.08.2021 00:00:46.753,301.875,301.485,1,1
11.08.2021 00:00:46.872,301.875,301.466,1,1.5
11.08.2021 00:00:46.922,301.875,301.49,1,1
11.08.2021 00:00:47.023,301.865,301.49,1.5,1.5
11.08.2021 00:00:47.225,301.867,301.473,1.5,1
11.08.2021 00:00:47.426,301.865,301.473,1.5,1
11.08.2021 00:00:47.622,301.86,301.473,1.5,1.5
11.08.2021 00:00:47.823,301.862,301.473,1.5,1
11.08.2021 00:00:48.078,301.873,301.498,1.5,1
11.08.2021 00:00:48.229,301.867,301.498,1.5,1
11.08.2021 00:00:48.388,301.883,301.452,1.5,1.25
11.08.2021 00:00:48.439,301.894,301.492,1.12,1
11.08.2021 00:00:48.555,301.894,301.492,1.12,1.5
11.08.2021 00:00:48.800,301.862,301.455,1.5,1.5
11.08.2021 00:00:48.850,301.862,301.476,1.5,1
11.08.2021 00:00:49.004,301.881,301.476,1.5,1.5
11.08.2021 00:00:49.197,301.873,301.486,1.5,1.5
11.08.2021 00:00:49.362,301.865,301.486,1.5,1
11.08.2021 00:00:49.562,301.904,301.486,1.5,1.5
11.08.2021 00:00:49.765,301.91200000000003,301.502,1.5,1.5
11.08.2021 00:00:49.866,301.866,301.502,1,1.5
11.08.2021 00:00:50.016,301.866,301.502,1.5,1
11.08.2021 00:00:50.117,301.865,301.501,1.5,1
11.08.2021 00:00:50.218,301.867,301.466,1,1.75
11.08.2021 00:00:50.369,301.877,301.473,1.5,1.5
11.08.2021 00:00:50.419,301.877,301.503,1.5,1
11.08.2021 00:00:50.580,301.86,301.503,1.5,1.5
11.08.2021 00:00:50.731,301.884,301.509,1.12,1
11.08.2021 00:00:50.781,301.904,301.473,1.12,1.5
11.08.2021 00:00:50.915,301.904,301.5,1.12,1
11.08.2021 00:00:51.016,301.865,301.5,1.5,1
11.08.2021 00:00:51.167,301.895,301.507,1.12,1
11.08.2021 00:00:51.218,301.879,301.496,1.12,1.5
11.08.2021 00:00:51.268,301.879,301.509,1.12,1
11.08.2021 00:00:51.367,301.879,301.509,1.12,1
11.08.2021 00:00:51.568,301.871,301.47400000000005,1.5,1
11.08.2021 00:00:51.668,301.867,301.47400000000005,1.5,1
11.08.2021 00:00:51.772,301.867,301.47400000000005,1.5,1.5
11.08.2021 00:00:51.997,301.865,301.47400000000005,1,1
11.08.2021 00:00:52.047,301.857,301.47400000000005,1,1
11.08.2021 00:00:52.196,301.857,301.499,1.5,1
11.08.2021 00:00:52.355,301.857,301.47,1.5,1.5
11.08.2021 00:00:52.455,301.85900000000004,301.495,1.5,1
11.08.2021 00:00:52.575,301.85900000000004,301.473,1.5,1
11.08.2021 00:00:52.625,301.85900000000004,301.499,1,1.5
11.08.2021 00:00:52.864,301.86400000000003,301.471,1.5,1
11.08.2021 00:00:52.954,301.86400000000003,301.471,1,1.5
11.08.2021 00:00:53.196,301.86400000000003,301.499,1.5,1.5
11.08.2021 00:00:53.397,301.87,301.493,1.5,1
11.08.2021 00:00:53.550,301.87,301.471,1.5,1
11.08.2021 00:00:53.651,301.853,301.471,1,1
11.08.2021 00:00:53.765,301.853,301.471,1,1.5
11.08.2021 00:00:53.866,301.86400000000003,301.492,1,1
11.08.2021 00:00:53.967,301.86400000000003,301.492,1.5,1.5
11.08.2021 00:00:54.170,301.86400000000003,301.492,1,1.5
11.08.2021 00:00:54.371,301.86400000000003,301.492,1.5,1.5
11.08.2021 00:00:54.573,301.86400000000003,301.492,1.5,1.5
11.08.2021 00:00:54.750,301.85400000000004,301.492,1,1.5
11.08.2021 00:00:54.851,301.82599999999996,301.492,0.37,1
11.08.2021 00:00:54.902,301.82599999999996,301.464,0.37,1.37
11.08.2021 00:00:54.954,301.82599999999996,301.48900000000003,0.37,1
11.08.2021 00:00:55.004,301.901,301.48900000000003,1.5,1.5
11.08.2021 00:00:55.209,301.866,301.48900000000003,1.5,1.5
11.08.2021 00:00:55.379,301.866,301.48900000000003,1.12,1.5
11.08.2021 00:00:55.557,301.86,301.48900000000003,1,1.5
11.08.2021 00:00:55.607,301.86,301.48900000000003,1.5,1
11.08.2021 00:00:55.813,301.861,301.48900000000003,1,1.5
11.08.2021 00:00:55.914,301.863,301.48900000000003,1,1.5
11.08.2021 00:00:55.964,301.861,301.48900000000003,1,1.5
11.08.2021 00:00:56.065,301.861,301.48900000000003,1.5,1
11.08.2021 00:00:56.186,301.861,301.48900000000003,1,1
11.08.2021 00:00:56.320,301.857,301.48900000000003,1,1
11.08.2021 00:00:56.472,301.857,301.48900000000003,1.5,1
11.08.2021 00:00:56.589,301.857,301.48900000000003,1,1
11.08.2021 00:00:56.792,301.857,301.48900000000003,1.5,1
11.08.2021 00:00:56.992,301.857,301.48900000000003,1,1
11.08.2021 00:00:57.194,301.857,301.48900000000003,1.5,1
11.08.2021 00:00:57.396,301.857,301.48900000000003,1,1
11.08.2021 00:00:57.597,301.857,301.48900000000003,1.5,1
11.08.2021 00:00:57.798,301.857,301.48900000000003,1,1
11.08.2021 00:00:57.960,301.857,301.48900000000003,1.5,1
11.08.2021 00:00:58.166,301.857,301.48900000000003,1,1
11.08.2021 00:00:58.367,301.857,301.48900000000003,1.5,1
11.08.2021 00:00:58.570,301.857,301.48900000000003,1,1
11.08.2021 00:00:58.770,301.857,301.48900000000003,1.5,1
11.08.2021 00:00:58.973,301.857,301.48900000000003,1.5,1
11.08.2021 00:00:59.175,301.857,301.48900000000003,1.5,1
11.08.2021 00:00:59.376,301.857,301.48900000000003,1.5,1
11.08.2021 00:00:59.577,301.857,301.48900000000003,1.5,1
11.08.2021 00:00:59.779,301.857,301.48900000000003,1.5,1
11.08.2021 00:00:59.981,301.857,301.48900000000003,1.5,1
11.08.2021 00:01:00.181,301.857,301.48900000000003,1.5,1
11.08.2021 00:01:00.382,301.857,301.48900000000003,1.5,1
11.08.2021 00:01:00.585,301.857,301.48900000000003,1.5,1
11.08.2021 00:01:00.785,301.857,301.48900000000003,1.5,1
11.08.2021 00:01:00.859,301.857,301.48900000000003,1.5,1
11.08.2021 00:01:01.061,301.857,301.48900000000003,1.5,1
11.08.2021 00:01:01.264,301.857,301.48900000000003,1.5,1
11.08.2021 00:01:01.715,301.857,301.48900000000003,1.5,1
11.08.2021 00:01:01.866,301.857,301.48900000000003,1.5,1
11.08.2021 00:01:12.256,301.858,301.48900000000003,1.5,1
11.08.2021 00:01:12.706,301.845,301.48900000000003,1,1
11.08.2021 00:01:13.103,301.843,301.48900000000003,1,1
11.08.2021 00:01:14.709,301.844,301.48900000000003,1,1
11.08.2021 00:01:15.713,301.844,301.48900000000003,1.5,1
11.08.2021 00:01:16.649,301.843,301.48900000000003,1,1
11.08.2021 00:01:17.001,301.844,301.48900000000003,1,1
11.08.2021 00:01:18.133,301.843,301.48900000000003,1,1
11.08.2021 00:01:39.693,301.845,301.48900000000003,1,1
11.08.2021 00:01:39.989,301.843,301.48900000000003,1,1
11.08.2021 00:01:45.922,301.845,301.48900000000003,1,1
11.08.2021 00:01:48.838,301.846,301.48900000000003,1.12,1
11.08.2021 00:01:49.351,301.857,301.48900000000003,1.5,1
11.08.2021 00:01:50.534,301.863,301.48900000000003,1,1
11.08.2021 00:01:50.703,301.865,301.48900000000003,1,1
11.08.2021 00:01:50.831,301.865,301.52,1,1
11.08.2021 00:01:50.953,301.876,301.52,1.12,1
11.08.2021 00:01:52.539,301.874,301.52,1,1
11.08.2021 00:01:52.728,301.872,301.52,1,1
11.08.2021 00:01:54.221,301.874,301.52,1,1
11.08.2021 00:01:54.378,301.881,301.52,1.5,1
11.08.2021 00:01:54.429,301.881,301.52,1,1
11.08.2021 00:01:54.604,301.883,301.52,1,1
11.08.2021 00:01:55.081,301.88599999999997,301.52,1.12,1
11.08.2021 00:01:55.354,301.892,301.52,1,1
11.08.2021 00:01:57.315,301.895,301.52,1,1
11.08.2021 00:01:57.449,301.899,301.52,1.5,1
11.08.2021 00:01:57.715,301.901,301.52,1,1
11.08.2021 00:01:57.966,301.90500000000003,301.52,1,1
11.08.2021 00:01:58.330,301.903,301.52,1,1
11.08.2021 00:02:01.223,301.901,301.52,1,1
11.08.2021 00:02:01.345,301.901,301.52,1.5,1
11.08.2021 00:02:04.104,301.894,301.52,1,1
11.08.2021 00:02:04.560,301.895,301.52,1,1
11.08.2021 00:02:05.205,301.897,301.52,1.5,1
11.08.2021 00:02:10.222,301.892,301.52,1.5,1
11.08.2021 00:02:10.396,301.885,301.52,1,1
11.08.2021 00:02:12.391,301.885,301.526,1,1
11.08.2021 00:02:12.588,301.884,301.526,1,1.5
11.08.2021 00:02:12.738,301.85900000000004,301.526,1,1.5
11.08.2021 00:02:46.515,301.884,301.526,1.5,1.5
11.08.2021 00:02:57.694,301.88599999999997,301.55400000000003,1.5,1
11.08.2021 00:02:58.002,301.871,301.55400000000003,1.12,1
11.08.2021 00:02:59.732,301.861,301.55400000000003,1.12,1
11.08.2021 00:03:05.909,301.858,301.524,1.5,1.12
11.08.2021 00:03:07.812,301.855,301.524,1.5,1
11.08.2021 00:03:11.339,301.856,301.524,1.5,1.12
11.08.2021 00:03:11.554,301.843,301.524,1,1.12
11.08.2021 00:03:11.753,301.844,301.524,1,1.5
11.08.2021 00:03:21.392,301.871,301.548,1.5,1
11.08.2021 00:03:54.820,301.873,301.548,1.5,1
11.08.2021 00:03:55.001,301.891,301.548,1.5,1.5
11.08.2021 00:03:55.183,301.891,301.548,1.5,1
11.08.2021 00:04:34.738,301.863,301.548,1,1
11.08.2021 00:04:35.236,301.863,301.548,1,1
11.08.2021 00:04:35.858,301.862,301.548,1,1
11.08.2021 00:04:40.323,301.884,301.548,1.5,1
11.08.2021 00:04:52.640,301.88599999999997,301.548,1.5,1.5
11.08.2021 00:04:57.556,301.885,301.548,1.12,1
11.08.2021 00:04:58.722,301.885,301.523,1.5,1.5
11.08.2021 00:05:00.070,301.887,301.523,1.12,1.5
11.08.2021 00:05:17.768,301.87,301.52500000000003,1,1
11.08.2021 00:05:17.970,301.873,301.528,1,1
11.08.2021 00:05:38.712,301.88599999999997,301.551,1,1.5
11.08.2021 00:05:47.211,301.91200000000003,301.551,1.12,1.5
11.08.2021 00:05:48.154,301.91700000000003,301.551,1.5,1.5
11.08.2021 00:05:49.333,301.913,301.551,1.5,1.5
11.08.2021 00:05:49.583,301.91400000000004,301.551,1.5,1.5
11.08.2021 00:06:19.821,301.91700000000003,301.538,1.5,1.75
11.08.2021 00:06:47.799,301.89,301.545,1,1
11.08.2021 00:06:48.138,301.88599999999997,301.541,1,1
11.08.2021 00:07:57.128,301.899,301.538,1.5,1.5
11.08.2021 00:07:57.279,301.893,301.515,1.12,1.75
11.08.2021 00:08:12.343,301.881,301.515,1.5,1.5
11.08.2021 00:08:53.501,301.879,301.515,1.5,1.5
11.08.2021 00:09:20.475,301.816,301.515,0.37,1.5
11.08.2021 00:09:22.314,301.88,301.515,1.5,1.5
11.08.2021 00:09:37.185,301.887,301.515,1.5,1.75
11.08.2021 00:09:47.525,301.885,301.515,1.5,1.75
11.08.2021 00:09:58.944,301.885,301.515,1.5,1.75
11.08.2021 00:10:05.373,301.896,301.515,1.5,1.75
11.08.2021 00:10:34.793,301.897,301.515,1.5,1.75
11.08.2021 00:10:41.974,301.897,301.515,1.5,1.75
11.08.2021 00:12:46.308,301.896,301.53200000000004,1.5,1.5
11.08.2021 00:13:05.900,301.896,301.53200000000004,1.5,1.5
11.08.2021 00:13:39.902,301.908,301.56,1.5,1.5
11.08.2021 00:13:43.971,301.90900000000005,301.56,1.5,1.5
11.08.2021 00:14:20.475,301.90700000000004,301.56,1.12,1.5
11.08.2021 00:14:28.704,301.90700000000004,301.56,1.12,1.5
11.08.2021 00:14:49.712,301.90700000000004,301.56,1.5,1.5
11.08.2021 00:15:06.704,301.90000000000003,301.56,1.12,1.5
11.08.2021 00:15:33.283,301.90000000000003,301.56,1.12,1.5
11.08.2021 00:15:53.978,301.911,301.56,1.5,1.5
11.08.2021 00:15:54.194,301.908,301.56,1.12,1.5
11.08.2021 00:16:36.935,301.901,301.56,1.5,1.5
11.08.2021 00:16:43.418,301.906,301.56,1.5,1.5
11.08.2021 00:16:56.475,301.898,301.535,1.5,1.5
11.08.2021 00:17:08.376,301.88599999999997,301.535,1.12,1.5
11.08.2021 00:17:11.873,301.88599999999997,301.535,1.5,1.5
11.08.2021 00:17:12.097,301.88599999999997,301.535,1.5,1.5
11.08.2021 00:17:24.877,301.887,301.535,1.5,1.5
11.08.2021 00:17:27.524,301.898,301.535,1.5,1.5
11.08.2021 00:17:34.045,301.895,301.535,1.5,1.5
11.08.2021 00:17:37.094,301.887,301.535,1.5,1.5
11.08.2021 00:18:09.160,301.88599999999997,301.535,1.5,1.5
11.08.2021 00:18:09.361,301.88599999999997,301.535,1.5,1.5
11.08.2021 00:18:23.660,301.887,301.535,1.5,1.5
11.08.2021 00:19:18.667,301.872,301.535,1,1.5
11.08.2021 00:19:18.918,301.898,301.535,1.5,1.75
11.08.2021 00:19:52.861,301.908,301.535,1.5,1.5
11.08.2021 00:20:35.978,301.902,301.535,1.5,1.75
11.08.2021 00:21:33.754,301.908,301.56,1.5,1.5
11.08.2021 00:21:35.968,301.906,301.56,1.12,1.5
11.08.2021 00:22:23.943,301.90900000000005,301.56,1.5,1.5
11.08.2021 00:23:27.164,301.897,301.56,1.12,1
11.08.2021 00:23:27.564,301.897,301.56,1.12,1.5
11.08.2021 00:23:34.176,301.903,301.56,1.5,1.5
11.08.2021 00:23:35.104,301.911,301.56,1.5,1.5
11.08.2021 00:23:40.618,301.922,301.56,1.5,1.75
11.08.2021 00:23:42.139,301.937,301.583,1.12,1.5
11.08.2021 00:23:43.356,301.939,301.565,1.5,1.75
11.08.2021 00:25:29.620,301.91900000000004,301.606,1,1
11.08.2021 00:26:18.026,301.937,301.606,1.5,1
11.08.2021 00:26:36.689,301.938,301.606,1.12,1
11.08.2021 00:26:50.534,301.922,301.62,1,1
11.08.2021 00:26:57.025,301.948,301.62,1.5,1
11.08.2021 00:27:00.070,301.948,301.62,1.5,1
11.08.2021 00:28:02.781,301.876,301.62,0.37,1
11.08.2021 00:28:11.358,301.937,301.572,1.5,1.5
11.08.2021 00:28:26.841,301.937,301.624,1.5,1
11.08.2021 00:28:27.438,301.926,301.624,1.12,1
11.08.2021 00:30:03.072,301.923,301.624,0.87,1
11.08.2021 00:30:03.672,301.927,301.624,1.5,1
11.08.2021 00:30:12.857,301.921,301.603,1.5,1
11.08.2021 00:30:13.757,301.921,301.603,1.5,1
11.08.2021 00:30:19.819,301.911,301.584,1.12,1
11.08.2021 00:31:31.547,301.856,301.595,0.37,1
11.08.2021 00:32:20.099,301.856,301.572,0.37,1.5
11.08.2021 00:32:21.266,301.856,301.595,0.37,1
11.08.2021 00:32:45.252,301.856,301.569,0.37,1.5
11.08.2021 00:32:49.291,301.856,301.593,0.37,1
11.08.2021 00:33:28.532,301.91200000000003,301.57599999999996,1.5,1
11.08.2021 00:34:19.543,301.91400000000004,301.57599999999996,1.12,1.5
11.08.2021 00:34:29.473,301.91700000000003,301.57599999999996,1.5,1
11.08.2021 00:34:47.518,301.91,301.57599999999996,1.5,1
11.08.2021 00:34:52.976,301.90700000000004,301.57599999999996,1.12,1
11.08.2021 00:35:02.732,301.91200000000003,301.57599999999996,1.12,1.5
11.08.2021 00:35:08.476,301.91700000000003,301.57599999999996,1.5,1
11.08.2021 00:35:35.583,301.91700000000003,301.57599999999996,1.5,1.5
11.08.2021 00:37:09.793,301.916,301.57599999999996,1.12,1
11.08.2021 00:37:53.547,301.91400000000004,301.59700000000004,1.5,1
11.08.2021 00:37:59.309,301.91400000000004,301.574,1.5,1.12
11.08.2021 00:38:06.981,301.91400000000004,301.598,1.5,1
11.08.2021 00:38:13.720,301.91400000000004,301.598,1.5,1
11.08.2021 00:38:15.314,301.921,301.579,1.5,1.5
11.08.2021 00:38:19.423,301.91700000000003,301.579,1.12,1
11.08.2021 00:38:19.801,301.91400000000004,301.579,1.5,1.5
11.08.2021 00:38:24.965,301.918,301.579,1.5,1
11.08.2021 00:39:10.269,301.856,301.574,0.37,1.12
11.08.2021 00:39:15.323,301.916,301.574,1.12,1.5
11.08.2021 00:39:31.302,301.92400000000004,301.574,1.5,1.5
11.08.2021 00:39:34.145,301.927,301.574,1.12,1.5
11.08.2021 00:39:34.346,301.927,301.574,1.12,1.5
11.08.2021 00:39:34.514,301.928,301.574,1.5,1.5
11.08.2021 00:40:05.027,301.92400000000004,301.581,1.5,1.5
11.08.2021 00:40:07.979,301.926,301.581,1.12,1.5
11.08.2021 00:40:23.465,301.937,301.60400000000004,1.12,1
11.08.2021 00:40:57.243,301.937,301.60400000000004,1.12,1.12
11.08.2021 00:40:57.444,301.958,301.60400000000004,1.5,1.5
11.08.2021 00:41:04.502,301.956,301.623,1.12,1
11.08.2021 00:41:26.877,301.966,301.623,1.5,1
11.08.2021 00:42:18.840,301.876,301.623,0.37,1
11.08.2021 00:42:19.082,301.952,301.623,1.5,1
11.08.2021 00:42:19.242,301.934,301.623,1.12,1
11.08.2021 00:42:55.981,301.906,301.595,1,1
11.08.2021 00:42:56.130,301.895,301.595,1,1
11.08.2021 00:43:15.256,301.922,301.552,1.12,1.75
11.08.2021 00:43:15.458,301.922,301.607,1.12,1
11.08.2021 00:43:16.303,301.922,301.583,1.12,1.5
11.08.2021 00:43:16.354,301.928,301.58,1.12,1.5
11.08.2021 00:43:16.731,301.928,301.60400000000004,1.12,1
11.08.2021 00:43:25.962,301.928,301.60400000000004,1.12,1
11.08.2021 00:43:36.127,301.928,301.60400000000004,1.12,1
11.08.2021 00:43:47.238,301.926,301.60400000000004,1.12,1
11.08.2021 00:43:48.497,301.926,301.589,1.12,1.5
11.08.2021 00:43:50.113,301.928,301.589,1.12,1.5
11.08.2021 00:43:50.485,301.921,301.589,1.12,1
11.08.2021 00:43:51.095,301.921,301.589,1.12,1.5
11.08.2021 00:43:51.746,301.921,301.589,1.12,1
11.08.2021 00:43:58.830,301.921,301.589,1.12,1.5
11.08.2021 00:43:59.280,301.921,301.589,1.12,1
11.08.2021 00:44:01.211,301.921,301.589,1.12,1.5
11.08.2021 00:44:03.502,301.923,301.589,1.12,1.5
11.08.2021 00:44:23.411,301.93,301.589,1.12,1.5
11.08.2021 00:44:34.875,301.91400000000004,301.589,0.69,1.5
11.08.2021 00:44:34.925,301.91400000000004,301.589,0.69,1.5
11.08.2021 00:44:35.026,301.918,301.619,0.69,1
11.08.2021 00:44:41.541,301.938,301.619,1.12,1
11.08.2021 00:44:47.471,301.938,301.64,1.12,1
11.08.2021 00:45:34.727,301.913,301.64,1,1
11.08.2021 00:46:00.255,301.936,301.64,1.12,1
11.08.2021 00:46:00.882,301.91700000000003,301.64,1,1
11.08.2021 00:46:01.078,301.93,301.64,1,1
11.08.2021 00:46:04.456,301.932,301.64,1,1
11.08.2021 00:46:05.998,301.935,301.64,1,1.5
11.08.2021 00:46:14.749,301.968,301.619,1.12,1.5
11.08.2021 00:46:15.011,301.959,301.619,1.12,1.5
11.08.2021 00:46:19.578,301.959,301.619,1.12,1.5
11.08.2021 00:46:29.691,301.935,301.619,1,1.5
11.08.2021 00:46:45.610,301.961,301.619,1.12,1.5
11.08.2021 00:47:09.376,301.964,301.63599999999997,1.12,1.5
11.08.2021 00:47:28.255,301.971,301.63599999999997,1.12,1.5
11.08.2021 00:47:28.459,301.971,301.63599999999997,1.12,1.5
11.08.2021 00:47:32.529,301.982,301.63599999999997,1.12,1.5
11.08.2021 00:47:37.131,301.982,301.63599999999997,1.12,1.5
11.08.2021 00:47:57.478,301.982,301.63599999999997,1.12,1.5
11.08.2021 00:47:57.529,301.996,301.66700000000003,1.5,1
11.08.2021 00:47:57.678,301.996,301.66700000000003,1.5,1.5
11.08.2021 00:48:54.330,301.994,301.65500000000003,1.12,1.5
11.08.2021 00:49:00.253,301.985,301.65500000000003,1.12,1.5
11.08.2021 00:49:12.943,301.991,301.65500000000003,1.12,1.5
11.08.2021 00:49:13.093,301.991,301.65500000000003,1.12,1.5
11.08.2021 00:49:18.944,301.993,301.65500000000003,1.12,1.5
11.08.2021 00:49:19.145,301.986,301.65500000000003,1.12,1.5
11.08.2021 00:49:19.851,301.986,301.65500000000003,1.12,1.5
11.08.2021 00:49:24.250,301.992,301.65500000000003,1.12,1.5
11.08.2021 00:49:24.449,301.987,301.65500000000003,1.12,1.5
11.08.2021 00:49:24.876,301.987,301.65500000000003,1.12,1.5
11.08.2021 00:49:46.671,301.926,301.65500000000003,0.37,1.5
11.08.2021 00:49:46.919,301.981,301.65500000000003,1.12,1
11.08.2021 00:49:49.978,301.981,301.65500000000003,1.12,1.5
11.08.2021 00:50:18.582,301.916,301.65500000000003,0.37,1
11.08.2021 00:50:18.785,301.978,301.65500000000003,1.5,1
11.08.2021 00:50:19.036,301.969,301.65500000000003,1.12,1
11.08.2021 00:50:20.485,301.966,301.65500000000003,1.12,1
11.08.2021 00:50:33.629,301.961,301.625,1.12,1.5
11.08.2021 00:50:33.783,301.959,301.625,1.12,1.5
11.08.2021 00:50:34.143,301.959,301.625,1.12,1.5
11.08.2021 00:50:41.295,301.961,301.625,1.12,1.5
11.08.2021 00:50:42.215,301.961,301.625,1.12,1.5
11.08.2021 00:51:40.316,301.934,301.625,1,1.5
11.08.2021 00:52:06.819,301.959,301.625,1.12,1.5
11.08.2021 00:52:18.024,301.957,301.625,1.12,1.5
11.08.2021 00:52:28.175,301.957,301.625,1.12,1.5
11.08.2021 00:52:28.884,301.957,301.625,1.12,1.5
11.08.2021 00:52:49.756,301.957,301.625,1.12,1.5
11.08.2021 00:53:13.251,301.896,301.625,0.37,1.5
11.08.2021 00:53:15.199,301.955,301.625,1.12,1
11.08.2021 00:53:25.029,301.948,301.625,1.12,1
11.08.2021 00:53:27.073,301.948,301.625,1.12,1
11.08.2021 00:53:37.870,301.95,301.625,1.12,1.5
11.08.2021 00:53:44.027,301.933,301.625,1,1.5
11.08.2021 00:54:03.106,301.958,301.625,1.12,1.5
11.08.2021 00:54:03.308,301.96,301.625,1.12,1.5
11.08.2021 00:54:05.714,301.936,301.625,1,1.5
11.08.2021 00:54:08.427,301.944,301.625,1,1.5
11.08.2021 00:54:15.028,301.971,301.625,1.12,1.5
11.08.2021 00:54:22.978,301.971,301.625,1.12,1.5
11.08.2021 00:54:46.094,301.968,301.625,1.12,1.5
11.08.2021 00:54:54.026,301.968,301.625,1.12,1.5
11.08.2021 00:55:00.557,301.97200000000004,301.625,1.12,1.5
11.08.2021 00:55:00.957,301.97200000000004,301.625,1.12,1.5
11.08.2021 00:55:01.120,301.97400000000005,301.625,1.12,1.5
11.08.2021 00:55:03.075,301.97200000000004,301.625,1.12,1.5
11.08.2021 00:55:17.680,301.94599999999997,301.625,1,1.5
11.08.2021 00:55:19.723,301.98400000000004,301.625,1.12,1.75
11.08.2021 00:55:28.051,301.978,301.625,1.12,1.5
11.08.2021 00:55:41.401,301.959,301.653,1,1.5
11.08.2021 00:55:41.957,301.962,301.653,1,1.5
11.08.2021 00:55:43.631,301.96,301.653,1,1.5
11.08.2021 00:56:16.917,301.985,301.653,1.12,1.5
11.08.2021 00:57:02.510,301.996,301.653,1.12,1.5
11.08.2021 00:57:02.712,302.007,301.653,1.87,1.75
11.08.2021 00:57:05.847,302.009,301.653,1.12,1.75
11.08.2021 00:57:09.708,302.009,301.653,1.12,1.75
11.08.2021 00:57:21.945,302.012,301.653,1.12,1.75
11.08.2021 00:57:25.910,302.01,301.681,1.12,1.5
11.08.2021 00:57:26.949,302.012,301.681,1.12,1.5
11.08.2021 00:57:28.882,302.012,301.681,1.12,1.5
11.08.2021 00:57:29.133,302,301.681,1.12,1
11.08.2021 00:57:30.501,302.002,301.681,1.12,1.5
11.08.2021 00:57:35.103,301.998,301.681,1.12,1
11.08.2021 00:57:58.309,301.999,301.681,1.12,1.5
11.08.2021 00:57:58.558,301.999,301.681,1.12,1
11.08.2021 00:58:02.025,301.994,301.681,1.12,1
11.08.2021 00:58:23.875,301.996,301.681,1.12,1
11.08.2021 00:58:44.026,301.978,301.681,1,1.5
11.08.2021 00:58:48.338,301.98400000000004,301.681,1,1.5
11.08.2021 00:58:48.551,301.991,301.681,1,1.5
11.08.2021 00:58:48.950,301.995,301.681,1,1.5
11.08.2021 00:58:49.153,302.003,301.681,1,1.5
11.08.2021 00:58:49.564,302.008,301.699,1,1.5
11.08.2021 00:59:09.681,302.033,301.699,1.12,1.5
11.08.2021 00:59:09.883,302.006,301.699,1.25,1.5
11.08.2021 00:59:10.553,302.005,301.699,1.25,1.5
11.08.2021 00:59:13.570,302.031,301.699,1.12,1.5
11.08.2021 00:59:26.927,302.035,301.699,1.12,1.5
11.08.2021 00:59:27.128,302.035,301.699,1.12,1.5
11.08.2021 00:59:38.139,302.041,301.699,1.5,1.5
11.08.2021 00:59:52.674,302.03000000000003,301.699,1.12,1.5
11.08.2021 01:00:00.252,302.036,301.699,1.12,1.5
11.08.2021 01:00:00.384,302.041,301.699,1.12,1.5
11.08.2021 01:00:03.578,302.03000000000003,301.699,1.12,1.5
11.08.2021 01:00:03.776,302.033,301.699,1.12,1.5
11.08.2021 01:00:07.842,302.033,301.699,1.12,1.5
11.08.2021 01:00:08.043,302.03000000000003,301.699,1.12,1.5
11.08.2021 01:00:18.429,302.004,301.699,1.25,1.5
11.08.2021 01:00:18.882,302.004,301.699,1.25,1.5
11.08.2021 01:00:20.872,302.01099999999997,301.699,1.25,1.5
11.08.2021 01:00:21.880,302.014,301.699,1,1.5
11.08.2021 01:00:37.681,302.036,301.699,1.12,1.5
11.08.2021 01:00:37.930,302.022,301.699,1.12,1.5
11.08.2021 01:00:46.032,302.022,301.699,1.12,1
11.08.2021 01:00:46.730,301.993,301.67900000000003,1.25,1.5
11.08.2021 01:00:46.907,301.991,301.67900000000003,1.25,1.5
11.08.2021 01:00:49.410,301.986,301.67900000000003,1,1.5
11.08.2021 01:00:49.510,301.986,301.70099999999996,1.25,1
11.08.2021 01:00:49.641,302.02,301.70099999999996,1.12,1.5
11.08.2021 01:00:49.742,302.028,301.71700000000004,1.12,1
11.08.2021 01:00:49.813,302.028,301.71700000000004,1.12,1
11.08.2021 01:00:51.274,302.048,301.71700000000004,1.12,1
11.08.2021 01:00:51.524,302.046,301.71700000000004,1.12,1
11.08.2021 01:00:51.728,302.046,301.71700000000004,1.12,1
11.08.2021 01:00:54.115,302.068,301.71700000000004,1.5,1
11.08.2021 01:00:55.444,302.066,301.71700000000004,1.5,1
11.08.2021 01:00:57.330,302.066,301.71700000000004,1.5,1
11.08.2021 01:00:57.382,302.066,301.74,1.5,1
11.08.2021 01:00:57.528,302.066,301.74,1.5,1
11.08.2021 01:00:57.710,302.066,301.74,1.5,1
11.08.2021 01:01:06.097,302.073,301.74,1.12,1.5
11.08.2021 01:01:06.334,302.067,301.74,1.12,1.5
11.08.2021 01:01:08.130,302.079,301.74,1.12,1
11.08.2021 01:01:08.330,302.069,301.74,1.12,1.5
11.08.2021 01:01:09.536,302.07099999999997,301.74,1.12,1.5
11.08.2021 01:01:10.228,302.07599999999996,301.74,1.12,1
11.08.2021 01:01:10.428,302.072,301.74,1.12,1.5
11.08.2021 01:01:10.627,302.089,301.74,1.12,1
11.08.2021 01:01:15.379,302.088,301.74,1.12,1
11.08.2021 01:01:15.569,302.088,301.747,1.12,1
11.08.2021 01:01:19.511,302.094,301.747,1.12,1
11.08.2021 01:01:22.660,302.093,301.747,1.12,1.5
11.08.2021 01:01:22.860,302.093,301.747,1.12,1
11.08.2021 01:01:23.063,302.094,301.747,1.12,1.5
11.08.2021 01:01:23.264,302.093,301.747,1.12,1
11.08.2021 01:01:23.639,302.09200000000004,301.747,1.12,1.5
11.08.2021 01:01:23.869,302.096,301.747,1.12,1
11.08.2021 01:01:24.021,302.096,301.747,1.12,1.5
11.08.2021 01:01:24.825,302.095,301.747,1.12,1
11.08.2021 01:01:25.028,302.1,301.747,1.12,1.5
11.08.2021 01:01:25.259,302.1,301.747,1.12,1
11.08.2021 01:01:25.465,302.09700000000004,301.747,1.12,1.5
11.08.2021 01:01:25.666,302.101,301.747,1.12,1
11.08.2021 01:01:25.862,302.09700000000004,301.747,1.12,1.5
11.08.2021 01:01:26.039,302.09000000000003,301.747,1.12,1.5
11.08.2021 01:01:26.263,302.09000000000003,301.747,1.12,1
11.08.2021 01:01:26.471,302.098,301.747,1.12,1.5
11.08.2021 01:01:26.670,302.098,301.747,1.12,1.5
11.08.2021 01:01:27.114,302.098,301.747,1.12,1.5
11.08.2021 01:01:27.266,302.11,301.747,1.5,1.75
11.08.2021 01:01:27.518,302.11,301.747,1.5,1.75
11.08.2021 01:01:27.669,302.098,301.747,1.12,1.5
11.08.2021 01:01:27.871,302.098,301.747,1.12,1.5
11.08.2021 01:01:28.478,302.11,301.747,1.12,1.5
11.08.2021 01:01:28.681,302.112,301.747,1.12,1.75
11.08.2021 01:01:29.086,302.09700000000004,301.747,1.12,1.5
11.08.2021 01:01:29.286,302.11400000000003,301.747,1.12,1.75
11.08.2021 01:01:29.488,302.09900000000005,301.747,1.12,1.5
11.08.2021 01:01:33.583,302.09700000000004,301.747,1.12,1.5
11.08.2021 01:01:39.478,302.09700000000004,301.747,1.12,1.5
11.08.2021 01:01:44.949,302.09700000000004,301.747,1.12,1.5
11.08.2021 01:01:45.198,302.083,301.754,1,1
11.08.2021 01:01:54.268,302.108,301.747,1.12,1.75
11.08.2021 01:01:54.472,302.108,301.747,1.12,1.75
11.08.2021 01:02:07.571,302.088,301.759,1,1
11.08.2021 01:02:07.802,302.138,301.78000000000003,1.5,1.5
11.08.2021 01:02:11.694,302.122,301.78000000000003,1.12,1.5
11.08.2021 01:02:38.501,302.123,301.78000000000003,1.12,1.5
11.08.2021 01:02:49.979,302.12,301.78000000000003,1.12,1.5
11.08.2021 01:03:31.848,302.12,301.78000000000003,1.12,1.5
11.08.2021 01:04:00.454,302.12,301.78000000000003,1.12,1.5
11.08.2021 01:04:07.452,302.096,301.78000000000003,1,1.5
11.08.2021 01:04:13.644,302.115,301.78000000000003,1.12,1.5
11.08.2021 01:04:15.293,302.111,301.78000000000003,1.12,1.5
11.08.2021 01:04:17.166,302.111,301.78000000000003,1.12,1.5
11.08.2021 01:04:20.214,302.113,301.78000000000003,1.12,1.5
11.08.2021 01:04:20.416,302.12,301.78000000000003,1.12,1.5
11.08.2021 01:04:21.366,302.125,301.78000000000003,1.12,1.5
11.08.2021 01:04:25.232,302.105,301.78000000000003,1,1.5
11.08.2021 01:04:25.385,302.105,301.78000000000003,1,1.5
11.08.2021 01:04:25.568,302.108,301.78000000000003,1,1.5
11.08.2021 01:04:29.243,302.108,301.78000000000003,1,1.5
11.08.2021 01:04:42.288,302.137,301.78000000000003,1.12,1.75
11.08.2021 01:04:43.301,302.137,301.78000000000003,1.12,1.75
11.08.2021 01:04:55.954,302.13599999999997,301.78000000000003,1.12,1.75
11.08.2021 01:04:58.845,302.10900000000004,301.78000000000003,1,1.62
11.08.2021 01:05:15.738,302.134,301.78000000000003,1.12,1.75
11.08.2021 01:05:15.940,302.134,301.78000000000003,1.12,1.75
11.08.2021 01:05:26.514,302.134,301.78000000000003,1.12,1.75
11.08.2021 01:05:28.226,302.09900000000005,301.78000000000003,1,1.5
11.08.2021 01:05:34.016,302.143,301.78000000000003,1.5,1.5
11.08.2021 01:05:37.751,302.13,301.78000000000003,1.12,1.5
11.08.2021 01:06:29.629,302.112,301.783,1,1
11.08.2021 01:06:43.980,302.137,301.78000000000003,1.12,1.75
11.08.2021 01:08:06.741,302.135,301.928,1.12,0.82
11.08.2021 01:08:06.792,302.15500000000003,301.958,1.5,0.75
11.08.2021 01:08:07.164,302.178,302.008,0.75,1
11.08.2021 01:08:07.215,302.232,302.04200000000003,1,1
11.08.2021 01:08:07.265,302.236,302.058,1,1
11.08.2021 01:08:07.367,302.266,302.074,1,1
11.08.2021 01:08:07.417,302.285,302.074,1.5,1
11.08.2021 01:08:07.468,302.285,302.084,1.5,1
11.08.2021 01:08:08.030,302.285,302.084,1,1
11.08.2021 01:08:08.418,302.283,302.084,1,1
11.08.2021 01:08:09.362,302.283,302.09700000000004,1,1
11.08.2021 01:08:10.505,302.283,302.09700000000004,1.5,1
11.08.2021 01:08:10.606,302.277,302.09700000000004,1,1
11.08.2021 01:08:10.707,302.273,302.09700000000004,1,1
11.08.2021 01:08:10.968,302.277,302.09700000000004,1,1
11.08.2021 01:08:11.310,302.277,302.101,1,1
11.08.2021 01:08:12.290,302.273,302.101,1,1
11.08.2021 01:08:31.993,302.263,302.101,1,1
11.08.2021 01:08:41.310,302.263,302.098,1,1
11.08.2021 01:09:32.061,302.269,302.098,1,1
11.08.2021 01:09:32.801,302.263,302.086,1,1
11.08.2021 01:09:58.869,302.269,302.086,1,1
11.08.2021 01:09:59.019,302.281,302.086,1,1
11.08.2021 01:09:59.120,302.283,302.086,1,1
11.08.2021 01:09:59.376,302.283,302.10400000000004,1,1
11.08.2021 01:09:59.654,302.283,302.062,1.5,1
11.08.2021 01:09:59.705,302.283,302.079,1.5,1
11.08.2021 01:09:59.855,302.273,302.079,1,1
11.08.2021 01:10:00.486,302.273,302.079,1.5,1
11.08.2021 01:10:00.857,302.273,302.079,1,1
11.08.2021 01:10:02.876,302.273,302.09200000000004,1,1
11.08.2021 01:10:39.699,302.263,302.082,1,1
11.08.2021 01:10:42.141,302.253,302.082,1,1
11.08.2021 01:10:42.227,302.253,302.069,1,1
11.08.2021 01:10:42.328,302.253,302.068,1,1
11.08.2021 01:10:43.976,302.253,302.074,1,1
11.08.2021 01:10:45.335,302.243,302.074,1,1
11.08.2021 01:10:47.726,302.233,302.074,1,1
11.08.2021 01:10:47.878,302.233,302.062,1,1
11.08.2021 01:11:43.343,302.223,302.062,1,1
11.08.2021 01:11:43.582,302.233,302.062,1,1
11.08.2021 01:12:09.319,302.241,302.062,1,1
11.08.2021 01:12:09.531,302.237,302.062,1,1
11.08.2021 01:12:09.582,302.237,302.046,1,1
11.08.2021 01:12:10.061,302.223,302.046,1,1
11.08.2021 01:12:57.234,302.233,302.046,1,1
11.08.2021 01:12:57.971,302.232,302.046,1.2,1
11.08.2021 01:12:58.022,302.213,302.046,1,1
11.08.2021 01:13:00.343,302.203,302.046,1,1
11.08.2021 01:13:00.393,302.213,302.046,1,1
11.08.2021 01:13:36.859,302.223,302.046,1,1
11.08.2021 01:13:40.263,302.213,302.046,1,1
11.08.2021 01:14:07.111,302.213,302.036,1,1
11.08.2021 01:14:50.674,302.223,302.036,1,1
11.08.2021 01:15:16.494,302.213,302.036,1,1
11.08.2021 01:15:23.013,302.203,302.02,1,1
11.08.2021 01:15:23.063,302.203,302.028,1,1
11.08.2021 01:15:24.726,302.203,302.036,1,1
11.08.2021 01:15:53.140,302.21700000000004,302.036,1,1
11.08.2021 01:15:53.930,302.203,302.036,1,1
11.08.2021 01:15:55.546,302.21700000000004,302.036,1,1
11.08.2021 01:15:56.340,302.203,302.036,1,1
11.08.2021 01:16:32.465,302.203,302.02,1,1
11.08.2021 01:16:33.151,302.20099999999996,302.02,1,1
11.08.2021 01:16:33.252,302.193,302.02,1,1
11.08.2021 01:16:51.078,302.193,302.028,1,1
11.08.2021 01:16:53.802,302.183,302.028,1,1
11.08.2021 01:16:53.902,302.183,302.012,1,1
11.08.2021 01:17:08.546,302.183,302.008,1,1
11.08.2021 01:17:53.935,302.193,302.008,1,1
11.08.2021 01:18:02.148,302.183,302.008,1,1
11.08.2021 01:18:28.163,302.173,302.008,1,1
11.08.2021 01:18:28.213,302.173,301.991,1,1
11.08.2021 01:18:29.959,302.173,301.995,1,1
11.08.2021 01:18:58.495,302.183,301.995,1,1
11.08.2021 01:18:58.553,302.183,302.01,1,1
11.08.2021 01:19:00.047,302.189,302.01,1,1
11.08.2021 01:19:00.828,302.183,302.01,1,1
11.08.2021 01:19:11.136,302.173,301.97900000000004,1,1
11.08.2021 01:19:11.187,302.173,302.001,1,1
11.08.2021 01:19:11.237,302.173,301.991,1,1
11.08.2021 01:19:16.406,302.173,301.994,1,1
11.08.2021 01:19:21.838,302.192,301.994,1,1
11.08.2021 01:19:22.184,302.193,301.994,1,1
11.08.2021 01:19:22.624,302.183,301.994,1,1
11.08.2021 01:19:22.711,302.193,301.994,1,1
11.08.2021 01:19:23.496,302.173,301.994,1,1
11.08.2021 01:19:55.849,302.192,301.994,1.2,1
11.08.2021 01:19:55.950,302.193,301.994,1,1
11.08.2021 01:20:00.625,302.193,302.002,1,1
11.08.2021 01:20:03.192,302.183,302.002,1,1
11.08.2021 01:20:08.116,302.193,302.002,1,1
11.08.2021 01:20:09.626,302.183,302.002,1,1
11.08.2021 01:20:53.153,302.163,302.002,1,1
11.08.2021 01:20:53.304,302.163,301.98900000000003,1,1
11.08.2021 01:21:19.040,302.153,301.98900000000003,1,1
11.08.2021 01:21:19.090,302.153,301.985,1,1
11.08.2021 01:21:19.141,302.153,301.966,1,1
11.08.2021 01:21:19.191,302.153,301.968,1,1
11.08.2021 01:21:20.809,302.153,301.97700000000003,1,1
11.08.2021 01:21:21.817,302.153,301.976,1,1
11.08.2021 01:21:23.819,302.153,301.97700000000003,1,1
11.08.2021 01:21:24.822,302.153,301.976,1,1
11.08.2021 01:21:25.059,302.153,301.97700000000003,1,1
11.08.2021 01:21:25.296,302.153,301.976,1,1
11.08.2021 01:21:35.712,302.143,301.976,1,1
11.08.2021 01:21:39.193,302.153,301.976,1,1
11.08.2021 01:21:40.122,302.143,301.976,1,1
11.08.2021 01:21:43.453,302.133,301.964,1,1
11.08.2021 01:22:01.205,302.133,301.948,1,1
11.08.2021 01:22:01.256,302.133,301.958,1,1
11.08.2021 01:22:19.113,302.133,301.942,1,1
11.08.2021 01:22:26.469,302.133,301.961,1,1
11.08.2021 01:22:26.659,302.123,301.961,1,1
11.08.2021 01:22:26.742,302.133,301.961,1,1
11.08.2021 01:22:27.712,302.123,301.961,1,1
11.08.2021 01:22:27.975,302.133,301.961,1,1
11.08.2021 01:22:28.190,302.123,301.961,1,1
11.08.2021 01:22:28.323,302.133,301.961,1,1
11.08.2021 01:22:28.748,302.123,301.961,1,1
11.08.2021 01:22:28.987,302.133,301.961,1,1
11.08.2021 01:22:46.103,302.15700000000004,301.961,2.15,1
11.08.2021 01:22:46.884,302.133,301.961,1,1
11.08.2021 01:23:10.200,302.123,301.961,1,1
11.08.2021 01:23:20.777,302.133,301.961,1,1
11.08.2021 01:23:44.812,302.123,301.961,1,1
11.08.2021 01:23:45.318,302.133,301.961,1,1
11.08.2021 01:24:01.095,302.123,301.961,1,1
11.08.2021 01:24:16.522,302.133,301.961,1,1
11.08.2021 01:24:17.388,302.123,301.961,1,1
11.08.2021 01:24:18.478,302.133,301.961,1,1
11.08.2021 01:24:28.500,302.153,301.961,1.5,1
11.08.2021 01:24:29.201,302.133,301.961,1,1
11.08.2021 01:24:29.824,302.153,301.961,1.5,1
11.08.2021 01:24:30.532,302.133,301.961,1,1
11.08.2021 01:24:39.519,302.123,301.961,1,1
11.08.2021 01:24:48.535,302.133,301.961,1,1
11.08.2021 01:24:48.586,302.133,301.942,1,1
11.08.2021 01:24:48.636,302.133,301.962,1,1
11.08.2021 01:25:07.502,302.133,301.968,1,1
11.08.2021 01:25:07.957,302.143,301.968,1,1
11.08.2021 01:25:13.437,302.143,301.96,1,1
11.08.2021 01:25:20.585,302.143,301.941,1,1
11.08.2021 01:25:20.636,302.133,301.949,1,1
11.08.2021 01:25:20.888,302.133,301.939,1,1
11.08.2021 01:25:29.737,302.133,301.94599999999997,1,1
11.08.2021 01:26:36.605,302.143,301.94599999999997,1,1
11.08.2021 01:26:45.998,302.143,301.957,1,1
11.08.2021 01:27:00.067,302.133,301.957,1,1
11.08.2021 01:27:10.998,302.133,301.937,1,1
11.08.2021 01:27:11.049,302.133,301.948,1,1
11.08.2021 01:27:33.337,302.132,301.948,1.2,1
11.08.2021 01:27:33.806,302.113,301.948,1,1
11.08.2021 01:27:34.768,302.113,301.938,1,1
11.08.2021 01:27:40.729,302.132,301.938,1,1
11.08.2021 01:27:40.780,302.145,301.938,1,1
11.08.2021 01:27:40.935,302.137,301.938,1,1
11.08.2021 01:27:41.473,302.132,301.938,1.2,1
11.08.2021 01:27:44.060,302.113,301.938,1,1
11.08.2021 01:27:44.110,302.113,301.92400000000004,1,1
11.08.2021 01:27:44.161,302.113,301.933,1,1
11.08.2021 01:27:52.528,302.113,301.934,1,1
11.08.2021 01:27:55.385,302.103,301.934,1,1
11.08.2021 01:27:55.441,302.103,301.92400000000004,1,1
11.08.2021 01:27:55.597,302.103,301.921,1,1
11.08.2021 01:27:55.664,302.122,301.921,1,1
11.08.2021 01:27:55.715,302.133,301.921,1.5,1
11.08.2021 01:27:56.399,302.122,301.921,1.2,1
11.08.2021 01:27:56.894,302.103,301.921,1,1
11.08.2021 01:27:58.443,302.103,301.908,1,1
11.08.2021 01:27:58.493,302.093,301.908,1,1
11.08.2021 01:28:24.854,302.083,301.895,1,1
11.08.2021 01:28:26.104,302.083,301.901,1,1
11.08.2021 01:28:34.699,302.073,301.901,1,1
11.08.2021 01:28:38.148,302.083,301.901,1,1
11.08.2021 01:28:51.751,302.093,301.901,1,1
11.08.2021 01:29:43.129,302.09200000000004,301.901,1.2,1
11.08.2021 01:29:43.179,302.073,301.901,1,1
11.08.2021 01:29:49.452,302.063,301.901,1,1
11.08.2021 01:29:49.503,302.063,301.887,1,1
11.08.2021 01:30:00.413,302.082,301.902,1.2,1
11.08.2021 01:30:00.514,302.105,301.902,1.5,1
11.08.2021 01:30:01.133,302.063,301.868,1,1
11.08.2021 01:30:01.184,302.063,301.861,1,1.5
11.08.2021 01:30:01.234,302.063,301.874,1,1
11.08.2021 01:30:01.435,302.063,301.883,1,1
11.08.2021 01:30:01.586,302.063,301.895,1,1
11.08.2021 01:30:03.080,302.063,301.887,1,1
11.08.2021 01:30:07.172,302.063,301.888,1,1
11.08.2021 01:30:23.243,302.073,301.888,1,1
11.08.2021 01:30:38.056,302.073,301.887,1,1
11.08.2021 01:30:54.529,302.063,301.887,1,1
11.08.2021 01:30:54.580,302.063,301.879,1,1
11.08.2021 01:30:54.680,302.063,301.89,1,1
11.08.2021 01:30:57.676,302.073,301.89,1,1
11.08.2021 01:31:00.210,302.063,301.89,1,1
11.08.2021 01:31:09.967,302.073,301.89,1,1
11.08.2021 01:31:11.861,302.09700000000004,301.89,1.2,1
11.08.2021 01:31:11.962,302.10900000000004,301.89,1,1
11.08.2021 01:31:12.616,302.073,301.89,1,1
11.08.2021 01:31:12.717,302.083,301.89,1,1
11.08.2021 01:31:12.767,302.083,301.903,1,1
11.08.2021 01:31:14.502,302.107,301.903,1.2,1
11.08.2021 01:31:14.553,302.113,301.903,1,1
11.08.2021 01:31:15.245,302.10200000000003,301.903,1.2,1
11.08.2021 01:31:15.537,302.083,301.903,1,1
11.08.2021 01:31:15.638,302.073,301.903,1,1
11.08.2021 01:31:16.471,302.09700000000004,301.903,1.2,1
11.08.2021 01:31:16.571,302.10900000000004,301.903,1,1
11.08.2021 01:31:17.211,302.09200000000004,301.903,1.2,1
11.08.2021 01:31:17.312,302.09700000000004,301.903,1.2,1
11.08.2021 01:31:17.363,302.10900000000004,301.903,1,1
11.08.2021 01:31:17.901,302.10900000000004,301.91200000000003,1,1
11.08.2021 01:31:18.050,302.10200000000003,301.91200000000003,1.2,1
11.08.2021 01:31:18.528,302.10900000000004,301.91200000000003,1,1
11.08.2021 01:31:19.216,302.10200000000003,301.91200000000003,1.2,1
11.08.2021 01:31:19.881,302.083,301.91200000000003,1,1
11.08.2021 01:31:21.012,302.10200000000003,301.91200000000003,1,1
11.08.2021 01:31:21.063,302.113,301.91200000000003,1,1
11.08.2021 01:31:21.756,302.112,301.91200000000003,1.2,1
11.08.2021 01:31:21.807,302.093,301.91200000000003,1,1
11.08.2021 01:31:27.326,302.112,301.91200000000003,1,1
11.08.2021 01:31:27.427,302.113,301.91200000000003,1.5,1
11.08.2021 01:31:28.072,302.112,301.91200000000003,1.2,1
11.08.2021 01:31:28.122,302.093,301.91200000000003,1,1
11.08.2021 01:31:38.553,302.112,301.91200000000003,1,1
11.08.2021 01:31:38.654,302.113,301.91200000000003,1,1
11.08.2021 01:31:39.296,302.112,301.91200000000003,1.2,1
11.08.2021 01:31:39.347,302.093,301.91200000000003,1,1
11.08.2021 01:31:43.349,302.10900000000004,301.91200000000003,1,1
11.08.2021 01:31:44.147,302.093,301.91200000000003,1,1
11.08.2021 01:31:44.389,302.10900000000004,301.91200000000003,1,1
11.08.2021 01:31:45.137,302.093,301.91200000000003,1,1
11.08.2021 01:31:45.187,302.10900000000004,301.91200000000003,1,1
11.08.2021 01:31:45.957,302.093,301.91200000000003,1,1
11.08.2021 01:31:46.461,302.083,301.91200000000003,1,1
11.08.2021 01:31:51.484,302.10200000000003,301.91200000000003,1,1
11.08.2021 01:31:51.535,302.10900000000004,301.91200000000003,1.5,1
11.08.2021 01:31:52.228,302.10200000000003,301.91200000000003,1.2,1
11.08.2021 01:31:52.354,302.083,301.91200000000003,1,1
11.08.2021 01:31:52.474,302.107,301.91200000000003,1.7,1
11.08.2021 01:31:53.221,302.10200000000003,301.91200000000003,1.2,1
11.08.2021 01:31:53.322,302.083,301.91200000000003,1,1
11.08.2021 01:31:54.694,302.073,301.903,1,1
11.08.2021 01:31:54.795,302.073,301.897,1,1
11.08.2021 01:31:54.941,302.073,301.90700000000004,1,1
11.08.2021 01:31:55.103,302.083,301.90700000000004,1,1
11.08.2021 01:31:55.204,302.083,301.918,1,1
11.08.2021 01:31:59.509,302.105,301.918,1,1
11.08.2021 01:32:00.250,302.10200000000003,301.918,1.2,1
11.08.2021 01:32:02.437,302.073,301.918,1,1
11.08.2021 01:32:02.488,302.073,301.90000000000003,1,1
11.08.2021 01:32:02.588,302.073,301.908,1,1
11.08.2021 01:32:03.272,302.073,301.913,1,1
11.08.2021 01:32:04.080,302.073,301.915,1,1
11.08.2021 01:32:06.583,302.073,301.903,1,1
11.08.2021 01:32:07.596,302.09700000000004,301.903,1.2,1
11.08.2021 01:32:07.647,302.105,301.903,1,1
11.08.2021 01:32:08.337,302.09200000000004,301.903,1.2,1
11.08.2021 01:32:08.387,302.105,301.903,1,1
11.08.2021 01:32:08.870,302.101,301.903,1,1
11.08.2021 01:32:09.103,302.09200000000004,301.903,1.2,1
11.08.2021 01:32:09.204,302.073,301.903,1,1
11.08.2021 01:32:18.411,302.083,301.903,1,1
11.08.2021 01:32:25.051,302.093,301.903,1,1
11.08.2021 01:33:06.546,302.093,301.911,1,1
11.08.2021 01:33:59.397,302.093,301.927,1,1
11.08.2021 01:33:59.447,302.103,301.927,1,1
11.08.2021 01:34:00.478,302.093,301.927,1,1
11.08.2021 01:34:20.152,302.103,301.927,1,1
11.08.2021 01:34:20.531,302.113,301.927,1.5,1
11.08.2021 01:34:21.182,302.121,301.927,1,1
11.08.2021 01:34:23.123,302.113,301.927,1,1
11.08.2021 01:34:23.690,302.103,301.927,1,1
11.08.2021 01:34:27.230,302.103,301.913,1,1
11.08.2021 01:34:27.331,302.103,301.922,1,1
11.08.2021 01:34:32.188,302.093,301.922,1,1
11.08.2021 01:34:56.423,302.093,301.926,1,1
11.08.2021 01:35:00.622,302.083,301.926,1,1
11.08.2021 01:35:00.672,302.083,301.90500000000003,1,1
11.08.2021 01:35:29.247,302.083,301.913,1,1
11.08.2021 01:35:29.398,302.073,301.913,1,1
11.08.2021 01:35:30.164,302.073,301.898,1,1
11.08.2021 01:35:33.241,302.09200000000004,301.898,1.2,1
11.08.2021 01:35:33.291,302.09200000000004,301.91,1,1
11.08.2021 01:35:33.392,302.093,301.91,1,1
11.08.2021 01:35:34.617,302.103,301.91,1,1
11.08.2021 01:35:35.695,302.093,301.91,1,1
11.08.2021 01:35:45.279,302.083,301.91,1,1
11.08.2021 01:35:45.388,302.083,301.90000000000003,1,1
11.08.2021 01:35:45.494,302.083,301.908,1,1
11.08.2021 01:36:15.944,302.103,301.908,1,1
11.08.2021 01:36:24.904,302.093,301.908,1,1
11.08.2021 01:36:56.585,302.113,301.908,1,1
11.08.2021 01:36:57.327,302.112,301.908,1.2,1
11.08.2021 01:36:57.377,302.093,301.908,1,1
11.08.2021 01:36:57.603,302.112,301.908,1,1
11.08.2021 01:36:57.704,302.113,301.908,1,1
11.08.2021 01:36:58.346,302.112,301.908,1.2,1
11.08.2021 01:36:58.396,302.093,301.908,1,1
11.08.2021 01:37:00.052,302.113,301.908,1,1
11.08.2021 01:37:00.794,302.112,301.908,1.2,1
11.08.2021 01:37:00.844,302.093,301.908,1,1
11.08.2021 01:37:29.864,302.093,301.918,1,1
11.08.2021 01:37:47.742,302.083,301.903,1,1
11.08.2021 01:38:01.949,302.073,301.892,1,1
11.08.2021 01:38:05.553,302.063,301.892,1,1
11.08.2021 01:38:07.033,302.063,301.877,1,1
11.08.2021 01:38:11.142,302.053,301.877,1,1
11.08.2021 01:38:11.192,302.053,301.866,1,1
11.08.2021 01:38:29.216,302.043,301.866,1,1
11.08.2021 01:38:30.088,302.043,301.86,1,1
11.08.2021 01:38:33.199,302.053,301.86,1,1
11.08.2021 01:39:02.342,302.063,301.86,1,1
11.08.2021 01:39:02.463,302.053,301.86,1,1
11.08.2021 01:39:03.974,302.063,301.875,1,1
11.08.2021 01:39:08.816,302.073,301.875,1,1
11.08.2021 01:39:17.258,302.073,301.888,1,1
11.08.2021 01:39:21.612,302.073,301.897,1,1
11.08.2021 01:39:31.570,302.073,301.884,1,1
11.08.2021 01:39:49.413,302.063,301.884,1,1
11.08.2021 01:39:51.581,302.063,301.872,1,1
11.08.2021 01:39:55.470,302.073,301.872,1,1
11.08.2021 01:39:55.634,302.073,301.882,1,1
11.08.2021 01:40:01.267,302.063,301.882,1,1
11.08.2021 01:40:02.320,302.063,301.881,1,1
11.08.2021 01:40:04.336,302.073,301.881,1,1
11.08.2021 01:40:09.088,302.063,301.881,1,1
11.08.2021 01:40:28.591,302.073,301.881,1,1
11.08.2021 01:40:30.408,302.063,301.881,1,1
11.08.2021 01:41:30.665,302.089,301.881,1.5,1
11.08.2021 01:41:32.371,302.082,301.881,1.2,1
11.08.2021 01:41:43.246,302.073,301.881,1,1
11.08.2021 01:41:47.817,302.073,301.891,1,1
11.08.2021 01:42:44.222,302.089,301.891,1.5,1
11.08.2021 01:42:59.946,302.073,301.891,1,1
11.08.2021 01:42:59.999,302.073,301.871,1,1
11.08.2021 01:43:00.099,302.073,301.889,1,1
11.08.2021 01:43:09.447,302.063,301.889,1,1
11.08.2021 01:43:09.584,302.063,301.898,1,1
11.08.2021 01:43:20.846,302.087,301.898,1.7,1
11.08.2021 01:43:21.585,302.082,301.898,1.2,1
11.08.2021 01:43:25.659,302.063,301.898,1,1
11.08.2021 01:44:04.816,302.063,301.888,1,1
11.08.2021 01:44:22.870,302.053,301.888,1,1
11.08.2021 01:44:27.417,302.053,301.87,1,1
11.08.2021 01:44:40.948,302.063,301.87,1,1
11.08.2021 01:44:40.999,302.063,301.885,1,1
11.08.2021 01:44:49.254,302.073,301.885,1,1
11.08.2021 01:44:58.603,302.063,301.885,1,1
11.08.2021 01:44:58.654,302.073,301.885,1,1
11.08.2021 01:45:02.507,302.063,301.885,1,1
11.08.2021 01:45:54.703,302.063,301.893,1,1
11.08.2021 01:46:55.057,302.053,301.893,1,1
11.08.2021 01:47:42.560,302.063,301.893,1,1
11.08.2021 01:48:10.208,302.073,301.893,1,1
11.08.2021 01:48:16.100,302.073,301.88,1,1
11.08.2021 01:48:19.474,302.083,301.88,1,1
11.08.2021 01:48:19.524,302.083,301.891,1,1
11.08.2021 01:48:23.875,302.083,301.901,1,1
11.08.2021 01:48:24.083,302.093,301.901,1,1
11.08.2021 01:48:34.573,302.113,301.901,1,1
11.08.2021 01:48:35.316,302.112,301.901,1.2,1
11.08.2021 01:48:35.367,302.093,301.901,1,1
11.08.2021 01:48:43.735,302.093,301.906,1,1
11.08.2021 01:48:52.843,302.093,301.916,1,1
11.08.2021 01:49:06.751,302.103,301.916,1,1
11.08.2021 01:49:12.666,302.093,301.916,1,1
11.08.2021 01:49:20.502,302.117,301.916,2.15,1
11.08.2021 01:49:21.242,302.112,301.916,1.2,1
11.08.2021 01:49:24.039,302.093,301.916,1,1
11.08.2021 01:50:24.039,302.103,301.916,1,1
11.08.2021 01:50:27.167,302.103,301.923,1,1
11.08.2021 01:50:41.518,302.103,301.913,1,1
11.08.2021 01:50:59.925,302.093,301.913,1,1
11.08.2021 01:51:00.464,302.083,301.90500000000003,1,1
11.08.2021 01:51:16.418,302.093,301.90500000000003,1,1
11.08.2021 01:51:17.673,302.083,301.90500000000003,1,1
11.08.2021 01:51:18.054,302.093,301.90500000000003,1,1
11.08.2021 01:51:34.254,302.083,301.90500000000003,1,1
11.08.2021 01:51:34.355,302.083,301.893,1,1
11.08.2021 01:51:34.508,302.083,301.892,1,1
11.08.2021 01:52:31.039,302.073,301.883,1,1
11.08.2021 01:52:31.140,302.073,301.898,1,1
11.08.2021 01:52:31.336,302.063,301.898,1,1
11.08.2021 01:52:31.631,302.063,301.883,1,1
11.08.2021 01:52:32.086,302.043,301.863,1,1
11.08.2021 01:52:32.136,302.043,301.835,1,1.12
11.08.2021 01:52:32.237,302.043,301.833,1,1
11.08.2021 01:52:34.036,302.033,301.833,0.75,1
11.08.2021 01:52:34.156,302.033,301.84000000000003,1,1
11.08.2021 01:52:49.483,302.033,301.848,1,1
11.08.2021 01:53:11.178,302.023,301.848,1,1
11.08.2021 01:53:13.565,302.023,301.861,1,1
11.08.2021 01:53:19.710,302.023,301.843,1,1
11.08.2021 01:53:29.308,302.04200000000003,301.843,1,1
11.08.2021 01:53:30.101,302.023,301.843,1,1
11.08.2021 01:53:30.763,302.013,301.843,1,1
11.08.2021 01:53:30.864,302.013,301.83,1,1
11.08.2021 01:53:30.914,302.013,301.836,1,1
11.08.2021 01:54:10.371,302.013,301.843,1,1
11.08.2021 01:54:30.001,302.013,301.84700000000004,1,1
11.08.2021 01:54:30.993,302.013,301.844,1,1
11.08.2021 01:54:34.618,302.023,301.844,1,1
11.08.2021 01:54:48.751,302.023,301.828,1,1
11.08.2021 01:54:48.852,302.023,301.836,1,1
11.08.2021 01:54:54.272,302.013,301.836,1,1
11.08.2021 01:55:02.598,302.013,301.82599999999996,1,1
11.08.2021 01:55:02.648,302.003,301.82599999999996,1,1
11.08.2021 01:55:06.875,302.003,301.829,1,1
11.08.2021 01:55:06.976,301.993,301.829,1,1
11.08.2021 01:55:08.020,301.993,301.836,1,1
11.08.2021 01:55:49.636,302.012,301.836,1.2,1
11.08.2021 01:55:49.766,302.013,301.836,1,1
11.08.2021 01:55:50.358,302.023,301.836,1,1
11.08.2021 01:55:50.409,302.023,301.84200000000004,1,1
11.08.2021 01:55:50.828,302.013,301.84200000000004,1,1
11.08.2021 01:56:05.398,302.03200000000004,301.84200000000004,1,1
11.08.2021 01:56:05.449,302.068,301.84200000000004,1.7,1
11.08.2021 01:56:06.142,302.03200000000004,301.84200000000004,1.2,1
11.08.2021 01:56:07.078,302.013,301.84200000000004,1,1
11.08.2021 01:56:07.129,302.023,301.84200000000004,1,1
11.08.2021 01:56:17.458,302.033,301.843,1,1
11.08.2021 01:56:25.203,302.052,301.843,1,1
11.08.2021 01:56:25.304,302.077,301.843,1.5,1
11.08.2021 01:56:25.943,302.052,301.843,1.2,1
11.08.2021 01:56:27.636,302.077,301.843,1.5,1
11.08.2021 01:56:28.269,302.077,301.85900000000004,1.5,1
11.08.2021 01:56:28.420,302.043,301.85900000000004,1,1
11.08.2021 01:56:34.115,302.04200000000003,301.85900000000004,1.2,1
11.08.2021 01:56:34.311,302.023,301.85900000000004,0.75,1
11.08.2021 01:56:43.727,302.033,301.85400000000004,0.75,1
11.08.2021 01:56:50.136,302.043,301.869,1,1
11.08.2021 01:56:50.237,302.043,301.879,1,1
11.08.2021 01:57:03.202,302.033,301.879,0.75,1
11.08.2021 01:57:03.253,302.033,301.869,0.75,1
11.08.2021 01:57:03.978,302.033,301.85400000000004,1,1
11.08.2021 01:57:05.626,302.033,301.85900000000004,1,1
11.08.2021 01:57:06.166,302.023,301.85900000000004,0.75,1
11.08.2021 01:57:19.441,302.059,301.85900000000004,1.2,1
11.08.2021 01:57:19.542,302.089,301.85900000000004,1.5,1
11.08.2021 01:57:20.161,302.04200000000003,301.85900000000004,1.2,1
11.08.2021 01:57:20.615,302.023,301.85900000000004,0.75,1
11.08.2021 01:57:31.070,302.033,301.85900000000004,1,1
11.08.2021 01:57:31.129,302.033,301.866,1,1
11.08.2021 01:57:35.223,302.023,301.866,0.75,1
11.08.2021 01:57:40.613,302.023,301.85,1,1
11.08.2021 01:57:41.823,302.022,301.85,1.2,1
11.08.2021 01:57:41.874,302.003,301.836,1,1
11.08.2021 01:57:42.206,302.003,301.851,0.75,1
11.08.2021 01:58:12.967,302.013,301.851,1,1
11.08.2021 01:58:29.776,302.013,301.858,1,1
11.08.2021 01:58:32.761,302.003,301.858,1,1
11.08.2021 01:58:32.812,302.003,301.843,1,1
11.08.2021 01:58:46.415,301.993,301.843,0.75,1
11.08.2021 01:58:46.519,301.993,301.845,0.75,1
11.08.2021 01:58:49.252,302.003,301.845,0.75,1
11.08.2021 01:59:07.516,301.993,301.837,0.75,1
11.08.2021 01:59:08.161,301.993,301.843,1,1
11.08.2021 01:59:09.580,301.993,301.831,1,1
11.08.2021 01:59:18.732,301.993,301.818,1,1
11.08.2021 01:59:19.190,301.983,301.79900000000004,1,1
11.08.2021 01:59:19.291,301.983,301.809,0.75,1
11.08.2021 01:59:21.715,301.973,301.809,1,1
11.08.2021 01:59:49.173,301.973,301.814,1,1
11.08.2021 01:59:49.274,301.973,301.806,1,1
11.08.2021 01:59:49.324,301.973,301.808,1,1
11.08.2021 01:59:49.634,301.973,301.82599999999996,1,1
11.08.2021 02:00:03.215,301.992,301.82599999999996,1.2,1
11.08.2021 02:00:03.266,301.997,301.82599999999996,1.2,1
11.08.2021 02:00:03.366,302.04900000000004,301.82599999999996,1.5,1
11.08.2021 02:00:03.959,301.973,301.82599999999996,0.75,1
11.08.2021 02:00:08.755,301.983,301.82599999999996,0.75,1
11.08.2021 02:00:08.856,301.993,301.82599999999996,1,1
11.08.2021 02:00:22.445,301.983,301.82599999999996,0.75,1
11.08.2021 02:00:24.754,301.983,301.838,1,1
11.08.2021 02:00:24.854,301.993,301.838,1,1
11.08.2021 02:00:29.635,302.017,301.838,1.2,1
11.08.2021 02:00:29.685,302.019,301.838,1.5,1
11.08.2021 02:00:30.373,302.012,301.838,1.2,1
11.08.2021 02:00:30.804,301.993,301.838,1,1
11.08.2021 02:00:32.331,301.993,301.82,0.75,1
11.08.2021 02:00:32.382,301.993,301.832,0.75,1
11.08.2021 02:00:34.383,302.003,301.832,0.75,1
11.08.2021 02:00:42.280,302.003,301.845,0.75,1
11.08.2021 02:00:57.853,301.993,301.816,1,1
11.08.2021 02:00:57.903,301.993,301.824,1,1
11.08.2021 02:00:58.004,301.993,301.835,1,1
11.08.2021 02:00:58.276,301.993,301.841,1,1
11.08.2021 02:01:01.170,302.003,301.841,1,1
11.08.2021 02:01:21.927,302.003,301.857,1,1
11.08.2021 02:01:32.867,302.003,301.84200000000004,1,1
11.08.2021 02:01:32.917,301.993,301.84200000000004,0.75,1
11.08.2021 02:01:34.241,301.983,301.84200000000004,0.75,1
11.08.2021 02:01:34.292,301.983,301.822,0.75,1
11.08.2021 02:01:41.655,301.983,301.809,0.75,1
11.08.2021 02:01:42.698,301.973,301.809,0.75,1
11.08.2021 02:01:45.242,301.973,301.825,0.75,1
11.08.2021 02:02:01.969,301.983,301.825,0.75,1
11.08.2021 02:02:02.120,301.983,301.816,0.75,1
11.08.2021 02:02:12.133,301.993,301.816,1,1
11.08.2021 02:02:18.842,301.983,301.816,0.75,1
11.08.2021 02:02:36.165,301.993,301.816,1,1
11.08.2021 02:02:42.346,302.003,301.816,1,1
11.08.2021 02:02:49.269,302.003,301.832,1,1
11.08.2021 02:02:50.132,302.013,301.832,1,1
11.08.2021 02:03:33.501,302.003,301.832,1,1
11.08.2021 02:04:24.507,302.027,301.832,1.2,1
11.08.2021 02:04:24.608,302.061,301.832,1.5,1
11.08.2021 02:04:25.249,302.03200000000004,301.832,1.2,1
11.08.2021 02:04:25.659,302.013,301.832,1,1
11.08.2021 02:04:34.441,302.013,301.84000000000003,1,1
11.08.2021 02:04:48.143,302.03200000000004,301.84000000000003,1,1
11.08.2021 02:04:48.244,302.069,301.84000000000003,1.5,1
11.08.2021 02:04:48.885,302.03200000000004,301.84000000000003,1.2,1
11.08.2021 02:04:49.208,302.013,301.84000000000003,1,1
11.08.2021 02:04:51.524,302.03200000000004,301.84000000000003,1,1
11.08.2021 02:04:51.625,302.03900000000004,301.84000000000003,1.5,1
11.08.2021 02:04:52.192,302.046,301.84000000000003,1,1
11.08.2021 02:04:52.251,302.067,301.84000000000003,1,1
11.08.2021 02:04:52.301,302.013,301.84000000000003,1,1
11.08.2021 02:04:52.536,302.03200000000004,301.84000000000003,1,1
11.08.2021 02:04:52.637,302.065,301.84000000000003,1.5,1
11.08.2021 02:04:52.859,302.03900000000004,301.84000000000003,1.5,1
11.08.2021 02:04:53.278,302.03200000000004,301.84000000000003,1.2,1
11.08.2021 02:04:54.579,302.03900000000004,301.84000000000003,1.5,1
11.08.2021 02:04:55.271,302.03200000000004,301.84000000000003,1.2,1
11.08.2021 02:04:55.372,302.013,301.84000000000003,1,1
11.08.2021 02:04:55.547,302.03200000000004,301.84000000000003,1,1
11.08.2021 02:04:55.647,302.03900000000004,301.84000000000003,1.5,1
11.08.2021 02:04:56.296,302.03200000000004,301.84000000000003,1.2,1
11.08.2021 02:05:01.010,302.013,301.84000000000003,1,1
11.08.2021 02:05:31.585,302.023,301.84000000000003,1,1
11.08.2021 02:05:31.635,302.023,301.855,1,1
11.08.2021 02:05:32.091,302.033,301.855,1,1
11.08.2021 02:05:32.142,302.033,301.833,1,1
11.08.2021 02:05:32.192,302.04200000000003,301.846,1.5,1
11.08.2021 02:05:32.329,302.043,301.846,1,1
11.08.2021 02:05:32.850,302.043,301.844,1,1
11.08.2021 02:05:34.566,302.033,301.844,1,1
11.08.2021 02:05:36.715,302.023,301.844,1,1
11.08.2021 02:05:36.801,302.023,301.828,1,1
11.08.2021 02:05:37.723,302.013,301.828,1,1
11.08.2021 02:05:58.698,302.013,301.831,1,1
11.08.2021 02:06:03.245,302.023,301.831,1,1
11.08.2021 02:06:04.113,302.013,301.831,1,1
11.08.2021 02:06:12.103,302.013,301.82599999999996,1,1
11.08.2021 02:06:15.904,302.013,301.838,1,1
11.08.2021 02:06:48.458,302.003,301.838,1,1
11.08.2021 02:06:48.508,302.003,301.828,1,1
11.08.2021 02:06:48.559,302.003,301.817,1,1
11.08.2021 02:06:48.609,301.993,301.844,1,1
11.08.2021 02:06:49.079,301.993,301.834,1,1
11.08.2021 02:06:58.675,301.993,301.819,1,1
11.08.2021 02:07:30.547,301.993,301.82599999999996,1,1
11.08.2021 02:07:35.446,301.993,301.829,1,1
11.08.2021 02:08:23.373,301.993,301.827,1,1
11.08.2021 02:08:37.127,301.993,301.837,1,1
11.08.2021 02:09:11.369,301.993,301.83,1,1
11.08.2021 02:09:17.333,301.983,301.83,0.75,1
11.08.2021 02:09:17.383,301.983,301.81,0.75,1
11.08.2021 02:09:17.484,301.983,301.812,0.75,1
11.08.2021 02:09:20.006,301.983,301.815,0.75,1
11.08.2021 02:09:20.514,301.983,301.816,0.75,1
11.08.2021 02:09:21.327,301.983,301.824,0.75,1
11.08.2021 02:09:30.505,301.983,301.823,0.75,1
11.08.2021 02:09:32.836,301.983,301.818,1,1
11.08.2021 02:09:44.605,301.973,301.818,0.75,1
11.08.2021 02:10:02.502,301.973,301.808,1,1
11.08.2021 02:10:02.838,301.963,301.773,0.75,1
11.08.2021 02:10:02.889,301.973,301.78700000000003,1,1
11.08.2021 02:10:02.990,301.973,301.802,1,1
11.08.2021 02:10:03.091,301.973,301.819,1,1
11.08.2021 02:10:08.191,301.973,301.812,1,1
11.08.2021 02:10:28.648,301.997,301.812,1.2,1
11.08.2021 02:10:28.748,302.03700000000003,301.812,1.5,1
11.08.2021 02:10:29.387,301.992,301.812,1.2,1
11.08.2021 02:10:30.356,301.973,301.812,1,1
11.08.2021 02:10:30.829,301.983,301.812,1,1
11.08.2021 02:10:30.879,301.983,301.82,1,1
11.08.2021 02:10:54.699,301.983,301.813,1,1
11.08.2021 02:11:06.707,301.993,301.813,1,1
11.08.2021 02:11:06.758,301.993,301.825,1,1
11.08.2021 02:11:06.858,302.003,301.825,1,1
11.08.2021 02:11:12.837,301.993,301.825,0.75,1
11.08.2021 02:11:20.806,301.993,301.832,1,1
11.08.2021 02:11:40.038,301.983,301.822,1,1
11.08.2021 02:11:45.200,301.973,301.822,0.75,1
11.08.2021 02:11:45.250,301.992,301.822,1,1
11.08.2021 02:11:45.301,302.035,301.801,1.7,1
11.08.2021 02:11:45.351,301.997,301.801,1.5,1
11.08.2021 02:11:45.412,301.999,301.801,1.5,1
11.08.2021 02:11:45.580,301.999,301.79200000000003,1.5,1
11.08.2021 02:11:45.986,301.992,301.79200000000003,1.2,1
11.08.2021 02:11:46.126,301.973,301.79200000000003,1,1
11.08.2021 02:12:30.166,301.992,301.79200000000003,1,1
11.08.2021 02:12:30.267,302.03700000000003,301.79200000000003,1.5,1
11.08.2021 02:12:30.908,301.992,301.79200000000003,1.2,1
11.08.2021 02:12:33.013,301.973,301.79200000000003,1,1
11.08.2021 02:12:33.786,301.973,301.781,1,1
11.08.2021 02:12:56.422,301.963,301.779,0.75,1
11.08.2021 02:13:12.473,301.973,301.779,1,1
11.08.2021 02:13:19.143,301.992,301.779,1,1
11.08.2021 02:13:19.194,302.016,301.779,1.27,1
11.08.2021 02:13:19.887,301.992,301.779,1.2,1
11.08.2021 02:13:21.658,301.973,301.779,1,1
11.08.2021 02:13:27.829,301.963,301.779,0.75,1
11.08.2021 02:13:36.514,301.963,301.735,1,1.5
11.08.2021 02:13:36.615,301.963,301.742,1,1
11.08.2021 02:13:36.729,301.963,301.738,1,1
11.08.2021 02:13:37.012,301.963,301.728,0.75,1
11.08.2021 02:13:37.215,301.963,301.744,0.75,1
11.08.2021 02:13:37.705,301.963,301.757,0.75,1
11.08.2021 02:13:37.806,301.973,301.783,1,1
11.08.2021 02:13:37.909,301.973,301.79200000000003,1,1
11.08.2021 02:13:45.470,301.963,301.79200000000003,0.75,1
11.08.2021 02:13:51.187,301.982,301.79200000000003,1,1
11.08.2021 02:13:51.238,302.018,301.79200000000003,1.7,1
11.08.2021 02:13:51.359,301.98900000000003,301.79200000000003,1.5,1
11.08.2021 02:13:51.923,301.982,301.79200000000003,1.2,1
11.08.2021 02:13:52.156,301.963,301.79200000000003,1,1
11.08.2021 02:14:08.069,301.963,301.803,0.75,1
11.08.2021 02:14:08.900,301.982,301.803,1,1
11.08.2021 02:14:08.951,302.018,301.803,1.7,1
11.08.2021 02:14:09.483,302.03700000000003,301.786,1.5,1
11.08.2021 02:14:09.583,302.03700000000003,301.795,1.5,1
11.08.2021 02:14:09.684,301.963,301.795,1,1
11.08.2021 02:14:10.686,301.953,301.795,1,1
11.08.2021 02:14:53.315,301.953,301.78400000000005,1,1
11.08.2021 02:16:01.565,301.943,301.78400000000005,1,1
11.08.2021 02:16:01.634,301.943,301.767,1,1
11.08.2021 02:16:02.806,301.943,301.776,1,1
11.08.2021 02:16:13.276,301.953,301.776,1,1
11.08.2021 02:16:29.362,301.943,301.776,1,1
11.08.2021 02:16:49.229,301.943,301.774,1,1
11.08.2021 02:16:49.768,301.943,301.779,1,1
11.08.2021 02:16:52.049,301.953,301.779,1,1
11.08.2021 02:16:52.100,301.953,301.788,1,1
11.08.2021 02:16:55.250,301.943,301.788,1,1
11.08.2021 02:17:22.423,301.943,301.78200000000004,1,1
11.08.2021 02:17:26.411,301.943,301.764,1,1
11.08.2021 02:17:26.461,301.943,301.774,1,1
11.08.2021 02:17:32.179,301.953,301.774,1,1
11.08.2021 02:18:04.504,301.953,301.777,0.75,1
11.08.2021 02:18:28.464,301.943,301.777,0.75,1
11.08.2021 02:18:45.454,301.953,301.777,1,1
11.08.2021 02:18:45.505,301.953,301.783,1,1
11.08.2021 02:18:45.555,301.953,301.778,1,1
11.08.2021 02:18:47.598,301.943,301.778,0.75,1
11.08.2021 02:18:57.281,301.953,301.778,0.75,1
11.08.2021 02:18:57.382,301.943,301.778,0.75,1
11.08.2021 02:19:24.255,301.943,301.78000000000003,1,1
11.08.2021 02:19:30.852,301.943,301.778,1,1
11.08.2021 02:19:31.478,301.943,301.779,1,1
11.08.2021 02:19:33.288,301.943,301.777,1,1
11.08.2021 02:19:35.860,301.943,301.78000000000003,1,1
11.08.2021 02:19:36.855,301.943,301.779,1,1
11.08.2021 02:19:40.857,301.943,301.78000000000003,1,1
11.08.2021 02:20:21.890,301.943,301.786,0.75,1
11.08.2021 02:20:33.177,301.943,301.773,1,1
11.08.2021 02:21:21.902,301.933,301.773,0.75,1
11.08.2021 02:21:21.953,301.933,301.753,0.75,1
11.08.2021 02:21:22.003,301.933,301.764,0.75,1
11.08.2021 02:21:49.221,301.943,301.764,1,1
11.08.2021 02:21:49.322,301.943,301.778,1,1
11.08.2021 02:22:00.662,301.933,301.778,0.75,1
11.08.2021 02:22:10.543,301.923,301.778,0.75,1
11.08.2021 02:22:11.360,301.923,301.76099999999997,1,1
11.08.2021 02:22:12.494,301.923,301.75,1,1
11.08.2021 02:22:12.840,301.913,301.75,1,1
11.08.2021 02:22:12.890,301.903,301.731,1,1
11.08.2021 02:22:12.941,301.903,301.74,1,1
11.08.2021 02:22:15.358,301.893,301.74,0.75,1
11.08.2021 02:22:15.421,301.893,301.72400000000005,0.75,1
11.08.2021 02:22:15.522,301.883,301.704,0.75,1
11.08.2021 02:22:20.163,301.883,301.713,0.75,1
11.08.2021 02:22:20.763,301.893,301.713,0.75,1
11.08.2021 02:22:21.113,301.883,301.713,0.75,1
11.08.2021 02:22:21.501,301.893,301.713,0.75,1
11.08.2021 02:22:32.881,301.883,301.713,0.75,1
11.08.2021 02:22:32.932,301.893,301.713,0.75,1
11.08.2021 02:22:36.989,301.883,301.713,1,1
11.08.2021 02:22:40.294,301.893,301.713,1,1
11.08.2021 02:22:40.398,301.883,301.713,0.75,1
11.08.2021 02:23:01.283,301.902,301.713,1,1
11.08.2021 02:23:01.383,301.90700000000004,301.713,1.5,1
11.08.2021 02:23:01.434,301.925,301.713,1.2,1
11.08.2021 02:23:01.534,301.948,301.713,1.7,1
11.08.2021 02:23:01.735,301.94599999999997,301.713,1,1
11.08.2021 02:23:02.023,301.902,301.713,1.2,1
11.08.2021 02:23:02.523,301.883,301.713,1,1
11.08.2021 02:23:12.707,301.893,301.713,1,1
11.08.2021 02:23:15.490,301.883,301.713,0.75,1
11.08.2021 02:23:15.709,301.893,301.713,0.75,1
11.08.2021 02:23:18.268,301.883,301.713,0.75,1
11.08.2021 02:23:18.318,301.893,301.713,0.75,1
11.08.2021 02:23:21.106,301.883,301.713,0.75,1
11.08.2021 02:23:24.129,301.893,301.713,0.75,1
11.08.2021 02:23:24.395,301.883,301.713,0.75,1
11.08.2021 02:23:26.155,301.893,301.713,0.75,1
11.08.2021 02:23:46.226,301.883,301.713,0.75,1
11.08.2021 02:23:55.170,301.883,301.716,0.75,1
11.08.2021 02:23:55.221,301.883,301.693,0.75,1
11.08.2021 02:23:57.671,301.883,301.69599999999997,0.75,1
11.08.2021 02:23:57.772,301.873,301.712,0.75,1
11.08.2021 02:23:57.882,301.897,301.712,1.2,1
11.08.2021 02:23:57.983,301.961,301.712,1.5,1
11.08.2021 02:23:58.619,301.892,301.712,1.2,1
11.08.2021 02:24:00.909,301.873,301.712,0.75,1
11.08.2021 02:24:16.137,301.883,301.712,0.75,1
11.08.2021 02:24:33.296,301.883,301.71500000000003,0.75,1
11.08.2021 02:24:34.137,301.893,301.71500000000003,1,1
11.08.2021 02:24:46.663,301.903,301.71500000000003,0.75,1
11.08.2021 02:24:53.240,301.903,301.735,0.75,1
11.08.2021 02:24:57.255,301.913,301.735,1,1
11.08.2021 02:25:01.590,301.903,301.735,0.75,1
11.08.2021 02:25:05.887,301.903,301.743,0.75,1
11.08.2021 02:25:07.683,301.903,301.733,1,1
11.08.2021 02:25:12.071,301.893,301.733,0.75,1
11.08.2021 02:25:12.122,301.903,301.733,0.75,1
11.08.2021 02:25:15.647,301.893,301.733,0.75,1
11.08.2021 02:25:18.717,301.903,301.733,1,1
11.08.2021 02:25:19.569,301.893,301.733,1,1
11.08.2021 02:25:26.711,301.893,301.738,0.75,1
11.08.2021 02:25:38.052,301.893,301.745,1,1
11.08.2021 02:25:38.153,301.893,301.746,1,1
11.08.2021 02:25:40.071,301.893,301.751,1,1
11.08.2021 02:25:41.069,301.893,301.749,1,1
11.08.2021 02:25:43.086,301.893,301.751,1,1
11.08.2021 02:26:06.452,301.893,301.753,1,1
11.08.2021 02:26:08.658,301.893,301.732,0.75,1
11.08.2021 02:26:10.029,301.893,301.741,1,1
11.08.2021 02:26:11.711,301.903,301.741,0.75,1
11.08.2021 02:26:27.303,301.893,301.741,1,1
11.08.2021 02:26:27.353,301.893,301.72400000000005,1,1
11.08.2021 02:26:43.605,301.883,301.72400000000005,0.75,1
11.08.2021 02:26:43.757,301.883,301.72200000000004,1,1
11.08.2021 02:26:44.100,301.883,301.728,1,1
11.08.2021 02:26:44.201,301.883,301.735,0.75,1
11.08.2021 02:27:18.573,301.893,301.735,0.75,1
11.08.2021 02:27:18.624,301.893,301.72,1,1
11.08.2021 02:27:29.258,301.893,301.73,1,1
11.08.2021 02:27:30.583,301.893,301.746,0.75,1
11.08.2021 02:28:00.275,301.893,301.742,0.75,1
11.08.2021 02:28:00.407,301.893,301.728,0.75,1
11.08.2021 02:28:01.610,301.893,301.73400000000004,0.75,1
11.08.2021 02:28:01.711,301.893,301.745,0.75,1
11.08.2021 02:28:41.855,301.893,301.742,0.75,1
11.08.2021 02:28:41.906,301.893,301.72700000000003,1,1
11.08.2021 02:28:43.160,301.893,301.73400000000004,1,1
11.08.2021 02:28:49.069,301.893,301.749,0.75,1
11.08.2021 02:28:56.005,301.903,301.749,0.75,1
11.08.2021 02:28:56.055,301.903,301.764,0.75,1
11.08.2021 02:28:56.206,301.913,301.764,1,1
11.08.2021 02:29:06.657,301.923,301.764,0.75,1
11.08.2021 02:29:31.186,301.923,301.772,0.75,1
11.08.2021 02:30:00.302,301.933,301.785,1,1
11.08.2021 02:30:33.644,301.943,301.785,1,1
11.08.2021 02:30:33.806,301.933,301.785,0.75,1
11.08.2021 02:30:34.507,301.943,301.785,1,1
11.08.2021 02:30:34.630,301.933,301.785,0.75,1
11.08.2021 02:30:34.832,301.943,301.785,0.75,1
11.08.2021 02:30:34.963,301.933,301.785,0.75,1
11.08.2021 02:31:26.461,301.943,301.785,1,1
11.08.2021 02:32:35.659,301.997,301.785,1.5,1
11.08.2021 02:32:39.532,301.997,301.785,1.5,1
11.08.2021 02:32:42.847,301.959,301.785,1.5,1
11.08.2021 02:32:43.154,301.997,301.785,1.5,1
11.08.2021 02:32:49.706,301.959,301.785,1.5,1
11.08.2021 02:32:55.134,301.962,301.785,1.2,1
11.08.2021 02:32:58.220,301.933,301.785,0.75,1
11.08.2021 02:32:58.321,301.933,301.795,1,1
11.08.2021 02:32:59.183,301.933,301.78200000000004,1,1
11.08.2021 02:33:16.748,301.933,301.776,1,1
11.08.2021 02:33:17.319,301.933,301.777,1,1
11.08.2021 02:33:23.898,301.933,301.785,1,1
11.08.2021 02:34:05.759,301.933,301.78000000000003,1,1
11.08.2021 02:34:06.912,301.933,301.753,1,1
11.08.2021 02:34:21.009,301.923,301.753,1,1
11.08.2021 02:34:23.559,301.923,301.776,1,1
11.08.2021 02:34:23.709,301.903,301.757,0.75,1
11.08.2021 02:34:27.972,301.903,301.764,0.75,1
11.08.2021 02:34:28.285,301.903,301.748,1,1
11.08.2021 02:34:28.632,301.903,301.72400000000005,1,1
11.08.2021 02:34:28.733,301.903,301.725,1,1
11.08.2021 02:34:31.375,301.893,301.725,1,1
11.08.2021 02:34:31.525,301.893,301.743,0.75,1
11.08.2021 02:35:01.685,301.903,301.743,1,1
11.08.2021 02:35:04.130,301.913,301.743,0.75,1
11.08.2021 02:35:07.813,301.913,301.754,1,1
11.08.2021 02:35:29.064,301.923,301.754,1,1
11.08.2021 02:35:34.973,301.913,301.754,1,1
11.08.2021 02:35:40.545,301.913,301.76099999999997,1,1
11.08.2021 02:35:43.414,301.913,301.766,1,1
11.08.2021 02:36:24.803,301.903,301.766,0.75,1
11.08.2021 02:36:24.997,301.903,301.754,0.75,1
11.08.2021 02:36:39.209,301.893,301.743,0.75,1
11.08.2021 02:36:39.309,301.893,301.678,0.75,1.5
11.08.2021 02:36:39.360,301.893,301.71700000000004,1,1
11.08.2021 02:36:39.895,301.883,301.71700000000004,1,1
11.08.2021 02:36:39.945,301.883,301.702,1,1
11.08.2021 02:36:56.292,301.883,301.707,1,1
11.08.2021 02:37:02.613,301.883,301.72700000000003,1,1
11.08.2021 02:37:02.663,301.902,301.72700000000003,1.2,1
11.08.2021 02:37:02.764,301.903,301.72700000000003,1,1
11.08.2021 02:37:17.364,301.903,301.743,1,1
11.08.2021 02:37:17.414,301.913,301.743,1,1
11.08.2021 02:37:17.816,301.913,301.757,1,1
11.08.2021 02:37:17.967,301.913,301.769,0.75,1
11.08.2021 02:37:18.262,301.923,301.769,0.75,1
11.08.2021 02:37:18.705,301.933,301.769,0.75,1
11.08.2021 02:37:32.426,301.933,301.78700000000003,1,1
11.08.2021 02:37:58.600,301.933,301.788,1,1
11.08.2021 02:38:17.925,301.923,301.772,0.75,1
11.08.2021 02:38:20.290,301.913,301.772,0.75,1
11.08.2021 02:38:44.141,301.913,301.757,0.75,1
11.08.2021 02:39:01.513,301.893,301.757,0.75,1
11.08.2021 02:39:01.664,301.903,301.757,0.75,1
11.08.2021 02:39:02.858,301.903,301.742,1,1
11.08.2021 02:39:02.909,301.903,301.749,0.75,1
11.08.2021 02:39:02.959,301.903,301.73,1,1
11.08.2021 02:39:03.523,301.903,301.743,1,1
11.08.2021 02:39:03.574,301.903,301.74,1,1
11.08.2021 02:39:14.134,301.903,301.746,1,1
11.08.2021 02:39:14.524,301.903,301.745,1,1
11.08.2021 02:39:21.510,301.903,301.749,1,1
11.08.2021 02:39:33.300,301.913,301.749,0.75,1
11.08.2021 02:39:46.593,301.913,301.759,0.75,1
11.08.2021 02:39:46.913,301.913,301.743,0.75,1
11.08.2021 02:40:00.219,301.903,301.743,0.75,1
11.08.2021 02:40:15.363,301.903,301.753,1,1
11.08.2021 02:40:25.578,301.903,301.748,1,1
11.08.2021 02:40:44.120,301.893,301.748,1,1
11.08.2021 02:41:01.707,301.903,301.748,0.75,1
11.08.2021 02:41:24.307,301.903,301.731,0.75,1
11.08.2021 02:41:34.258,301.903,301.745,1,1
11.08.2021 02:41:35.605,301.893,301.745,0.75,1
11.08.2021 02:42:00.992,301.903,301.745,1,1
11.08.2021 02:42:28.964,301.903,301.732,0.75,1
11.08.2021 02:42:29.606,301.903,301.733,0.75,1
11.08.2021 02:42:37.098,301.903,301.749,0.75,1
11.08.2021 02:42:54.598,301.913,301.749,0.75,1
11.08.2021 02:43:19.009,301.923,301.749,0.75,1
11.08.2021 02:43:19.059,301.923,301.752,0.75,1
11.08.2021 02:43:38.746,301.923,301.763,0.75,1
11.08.2021 02:43:43.909,301.923,301.746,0.75,1
11.08.2021 02:43:43.959,301.913,301.746,0.75,1
11.08.2021 02:43:44.065,301.913,301.751,1,1
11.08.2021 02:44:15.876,301.932,301.751,1,1
11.08.2021 02:44:15.976,301.985,301.751,1.5,1
11.08.2021 02:44:16.617,301.932,301.751,1.2,1
11.08.2021 02:44:17.792,301.913,301.751,0.75,1
11.08.2021 02:45:35.846,301.923,301.751,0.75,1
11.08.2021 02:46:10.007,301.923,301.766,0.75,1
11.08.2021 02:46:10.731,301.923,301.779,0.75,1
11.08.2021 02:46:28.124,301.923,301.78000000000003,0.75,1
11.08.2021 02:46:31.747,301.923,301.78200000000004,0.75,1
11.08.2021 02:46:35.672,301.943,301.78200000000004,1,1
11.08.2021 02:46:35.772,301.943,301.795,1,1
11.08.2021 02:46:48.370,301.933,301.795,1,1
11.08.2021 02:46:51.200,301.943,301.795,1,1
11.08.2021 02:48:06.459,301.943,301.79900000000004,1,1
11.08.2021 02:48:06.848,301.943,301.801,1,1
11.08.2021 02:49:01.252,301.943,301.79900000000004,1,1
11.08.2021 02:49:04.844,301.943,301.802,1,1
11.08.2021 02:49:05.831,301.943,301.801,1,1
11.08.2021 02:49:09.832,301.943,301.803,1,1
11.08.2021 02:49:10.642,301.943,301.802,1,1
11.08.2021 02:49:56.322,301.96700000000004,301.802,1.5,1
11.08.2021 02:50:02.091,302.006,301.802,0.87,1
11.08.2021 02:50:02.194,301.997,301.802,1,1
11.08.2021 02:50:06.275,301.969,301.802,1.5,1
11.08.2021 02:50:06.980,302.006,301.802,0.87,1
11.08.2021 02:50:07.083,301.997,301.802,1,1
11.08.2021 02:50:07.544,301.997,301.79900000000004,1,1
11.08.2021 02:50:11.305,301.962,301.79900000000004,1.2,1
11.08.2021 02:51:12.509,301.997,301.79900000000004,1,1
11.08.2021 02:51:22.680,301.96700000000004,301.79900000000004,1.2,1
11.08.2021 02:51:22.781,301.953,301.79900000000004,1,1
11.08.2021 02:51:43.956,301.953,301.772,1,1
11.08.2021 02:52:02.320,301.943,301.772,0.75,1
11.08.2021 02:52:02.421,301.933,301.772,0.75,1
11.08.2021 02:52:46.501,301.923,301.772,0.75,1
11.08.2021 02:52:46.552,301.923,301.757,0.75,1
11.08.2021 02:52:46.653,301.923,301.765,0.75,1
11.08.2021 02:52:46.854,301.913,301.765,1,1
11.08.2021 02:52:46.955,301.913,301.753,0.75,1
11.08.2021 02:52:47.006,301.913,301.768,0.75,1
11.08.2021 02:52:49.379,301.923,301.768,1,1
11.08.2021 02:52:54.737,301.913,301.768,0.75,1
11.08.2021 02:53:20.435,301.932,301.768,1,1
11.08.2021 02:53:20.486,301.96,301.768,1.7,1
11.08.2021 02:53:21.176,301.932,301.768,1.2,1
11.08.2021 02:53:23.507,301.913,301.768,1,1
11.08.2021 02:53:58.416,301.903,301.768,0.75,1
11.08.2021 02:54:09.661,301.903,301.78000000000003,1,1
11.08.2021 02:54:10.399,301.913,301.78000000000003,0.75,1
11.08.2021 02:54:12.330,301.913,301.778,0.75,1
11.08.2021 02:54:18.489,301.913,301.77500000000003,0.75,1
11.08.2021 02:54:28.151,301.913,301.746,1,1
11.08.2021 02:54:29.014,301.903,301.746,0.75,1
11.08.2021 02:54:29.376,301.903,301.764,1,1
11.08.2021 02:54:33.020,301.913,301.764,1,1
11.08.2021 02:54:33.070,301.913,301.778,1,1
11.08.2021 02:55:10.188,301.903,301.778,1,1
11.08.2021 02:55:21.453,301.903,301.77500000000003,1,1
11.08.2021 02:55:45.066,301.903,301.777,1,1
11.08.2021 02:56:14.810,301.969,301.777,1.5,1
11.08.2021 02:56:14.860,301.922,301.777,1.2,1
11.08.2021 02:56:30.318,301.893,301.759,0.75,1
11.08.2021 02:56:47.595,301.883,301.745,0.75,1
11.08.2021 02:56:47.646,301.883,301.73,0.75,1
11.08.2021 02:57:09.814,301.883,301.735,0.75,1
11.08.2021 02:57:09.915,301.883,301.749,1,1
11.08.2021 02:57:10.394,301.893,301.749,0.75,1
11.08.2021 02:57:39.905,301.883,301.749,0.75,1
11.08.2021 02:57:39.955,301.883,301.73400000000004,0.75,1
11.08.2021 02:57:40.066,301.883,301.747,1,1
11.08.2021 02:57:40.116,301.883,301.736,1,1
11.08.2021 02:57:40.166,301.883,301.74,1,1
11.08.2021 02:57:40.987,301.883,301.745,1,1
11.08.2021 02:57:41.037,301.883,301.738,1,1
11.08.2021 02:57:42.104,301.883,301.736,1,1
11.08.2021 02:57:42.650,301.883,301.742,1,1
11.08.2021 02:57:42.751,301.883,301.736,1,1
11.08.2021 02:57:43.098,301.883,301.73400000000004,1,1
11.08.2021 02:57:43.662,301.883,301.74,1,1
11.08.2021 02:57:44.102,301.883,301.73400000000004,1,1
11.08.2021 02:57:46.103,301.883,301.741,1,1
11.08.2021 02:57:46.154,301.883,301.738,1,1
11.08.2021 02:57:46.440,301.883,301.73400000000004,1,1
11.08.2021 02:57:46.973,301.883,301.73900000000003,1,1
11.08.2021 02:57:47.103,301.883,301.732,1,1
11.08.2021 02:57:48.103,301.883,301.74,1,1
11.08.2021 02:57:49.102,301.883,301.73400000000004,1,1
11.08.2021 02:57:57.120,301.883,301.74,1,1
11.08.2021 02:57:57.170,301.883,301.735,1,1
11.08.2021 02:57:59.242,301.883,301.72700000000003,1,1
11.08.2021 02:57:59.293,301.873,301.72700000000003,1,1
11.08.2021 02:57:59.394,301.873,301.732,1,1
11.08.2021 02:58:03.443,301.873,301.719,0.75,1
11.08.2021 02:58:03.494,301.873,301.711,1,1
11.08.2021 02:58:03.594,301.873,301.703,0.75,1
11.08.2021 02:58:08.497,301.873,301.712,1,1
11.08.2021 02:58:15.897,301.863,301.712,0.75,1
11.08.2021 02:58:31.405,301.853,301.704,1,1
11.08.2021 02:59:17.655,301.863,301.704,1,1
11.08.2021 02:59:18.197,301.853,301.704,0.75,1
11.08.2021 02:59:18.371,301.863,301.704,0.75,1
11.08.2021 02:59:23.346,301.853,301.704,0.75,1
11.08.2021 03:00:16.073,301.853,301.70099999999996,0.75,1
11.08.2021 03:00:16.174,301.853,301.698,0.75,1
11.08.2021 03:00:16.826,301.853,301.686,1,1
11.08.2021 03:00:17.194,301.843,301.686,0.75,1
11.08.2021 03:00:21.330,301.833,301.686,1,1
11.08.2021 03:00:24.536,301.833,301.691,0.75,1
11.08.2021 03:00:25.317,301.833,301.68,0.75,1
11.08.2021 03:00:26.669,301.833,301.688,0.75,1
11.08.2021 03:00:42.215,301.833,301.692,1,1
11.08.2021 03:00:49.205,301.833,301.691,0.75,1
11.08.2021 03:00:54.804,301.833,301.692,0.75,1
11.08.2021 03:01:11.656,301.833,301.67400000000004,0.75,1
11.08.2021 03:02:11.783,301.833,301.65700000000004,1,1
11.08.2021 03:02:11.834,301.833,301.651,1,1
11.08.2021 03:02:13.535,301.823,301.651,0.75,1
11.08.2021 03:02:30.907,301.833,301.651,0.75,1
11.08.2021 03:02:30.957,301.833,301.66700000000003,0.75,1
11.08.2021 03:02:31.058,301.843,301.66700000000003,0.75,1
11.08.2021 03:02:31.271,301.843,301.685,0.75,1
11.08.2021 03:02:31.377,301.853,301.685,0.75,1
11.08.2021 03:02:31.428,301.843,301.685,0.75,1
11.08.2021 03:02:31.756,301.853,301.685,0.75,1
11.08.2021 03:02:51.246,301.853,301.7,0.75,1
11.08.2021 03:03:03.683,301.863,301.713,0.75,1
11.08.2021 03:03:21.879,301.873,301.713,1,1
11.08.2021 03:03:22.030,301.883,301.72900000000004,0.75,1
11.08.2021 03:03:22.181,301.883,301.703,0.75,1
11.08.2021 03:03:22.282,301.883,301.702,1,1
11.08.2021 03:03:26.793,301.873,301.719,1,1
11.08.2021 03:04:01.888,301.873,301.728,1,1
11.08.2021 03:04:27.103,301.899,301.728,1.5,1
11.08.2021 03:04:28.226,301.892,301.728,1.2,1
11.08.2021 03:05:26.819,301.883,301.728,0.75,1
11.08.2021 03:05:49.378,301.873,301.728,0.75,1
11.08.2021 03:05:49.572,301.883,301.728,1,1
11.08.2021 03:05:50.007,301.873,301.728,0.75,1
11.08.2021 03:05:50.057,301.883,301.733,0.75,1
11.08.2021 03:06:23.176,301.902,301.733,1,1
11.08.2021 03:06:23.227,301.91900000000004,301.733,1.5,1
11.08.2021 03:06:23.919,301.902,301.733,1.2,1
11.08.2021 03:06:25.659,301.883,301.733,1,1
11.08.2021 03:06:50.423,301.902,301.733,1,1
11.08.2021 03:06:50.524,301.90900000000005,301.733,1.5,1
11.08.2021 03:06:51.166,301.902,301.733,1.2,1
11.08.2021 03:06:51.861,301.883,301.733,1,1
11.08.2021 03:06:58.699,301.883,301.72400000000005,1,1
11.08.2021 03:07:00.434,301.883,301.72700000000003,1,1
11.08.2021 03:07:06.099,301.893,301.745,0.75,1
11.08.2021 03:07:06.322,301.913,301.745,1,1
11.08.2021 03:07:06.423,301.913,301.749,1,1
11.08.2021 03:07:08.926,301.913,301.758,1,1
11.08.2021 03:07:12.092,301.903,301.758,1,1
11.08.2021 03:07:12.193,301.903,301.748,1,1
11.08.2021 03:07:15.518,301.913,301.748,1,1
11.08.2021 03:07:15.569,301.903,301.748,1,1
11.08.2021 03:07:27.292,301.893,301.748,1,1
11.08.2021 03:07:27.453,301.893,301.758,1,1
11.08.2021 03:07:30.795,301.91700000000003,301.758,1.2,1
11.08.2021 03:07:30.846,301.936,301.758,1,1
11.08.2021 03:07:31.537,301.91200000000003,301.758,1.2,1
11.08.2021 03:07:35.660,301.893,301.758,0.75,1
11.08.2021 03:07:41.740,301.893,301.765,0.75,1
11.08.2021 03:08:16.346,301.903,301.765,1,1
11.08.2021 03:08:16.544,301.903,301.769,1,1
11.08.2021 03:08:32.280,301.893,301.769,0.75,1
11.08.2021 03:09:20.951,301.893,301.756,0.75,1
11.08.2021 03:09:21.004,301.883,301.756,0.75,1
11.08.2021 03:10:40.916,301.902,301.756,1.2,1
11.08.2021 03:10:45.577,301.902,301.744,1.2,1
11.08.2021 03:10:46.911,301.902,301.745,1.2,1
11.08.2021 03:10:49.060,301.938,301.745,1.7,1
11.08.2021 03:10:49.755,301.902,301.745,1.2,1
11.08.2021 03:10:51.671,301.935,301.745,1.2,1
11.08.2021 03:10:52.162,301.941,301.745,1.5,1
11.08.2021 03:10:52.398,301.883,301.745,0.75,1
11.08.2021 03:11:03.152,301.883,301.74,0.75,1
11.08.2021 03:11:03.315,301.903,301.74,1,1
11.08.2021 03:11:08.024,301.893,301.74,1,1
11.08.2021 03:11:12.298,301.893,301.75,1,1
11.08.2021 03:11:12.590,301.903,301.75,1,1
11.08.2021 03:11:12.735,301.913,301.735,1,1
11.08.2021 03:11:19.888,301.913,301.732,1,1
11.08.2021 03:11:19.938,301.913,301.74,1,1
11.08.2021 03:11:24.635,301.913,301.755,1,1
11.08.2021 03:11:52.548,301.923,301.755,1,1
11.08.2021 03:12:00.113,301.913,301.755,1,1
11.08.2021 03:12:03.036,301.923,301.755,1,1
11.08.2021 03:12:18.085,301.913,301.755,1,1
11.08.2021 03:12:18.186,301.913,301.766,1,1
11.08.2021 03:12:36.033,301.923,301.766,1,1
11.08.2021 03:12:46.939,301.923,301.768,1,1
11.08.2021 03:13:37.153,301.913,301.768,1,1
11.08.2021 03:13:37.203,301.913,301.751,1,1
11.08.2021 03:13:37.254,301.913,301.753,1,1
11.08.2021 03:13:44.364,301.913,301.769,1,1
11.08.2021 03:13:52.499,301.903,301.759,1,1
11.08.2021 03:13:52.550,301.913,301.759,1,1
11.08.2021 03:14:07.177,301.903,301.759,1,1
11.08.2021 03:14:07.229,301.903,301.752,1,1
11.08.2021 03:14:07.330,301.903,301.748,1,1
11.08.2021 03:14:17.622,301.903,301.74,1,1
11.08.2021 03:14:17.672,301.893,301.749,0.75,1
11.08.2021 03:14:23.875,301.903,301.749,1,1
11.08.2021 03:14:37.205,301.893,301.749,1,1
11.08.2021 03:14:37.478,301.903,301.749,1,1
11.08.2021 03:15:06.525,301.913,301.749,1,1
11.08.2021 03:15:06.575,301.913,301.759,1,1
11.08.2021 03:15:06.676,301.913,301.745,1,1
11.08.2021 03:15:06.902,301.913,301.754,1,1
11.08.2021 03:15:23.066,301.923,301.767,1,1
11.08.2021 03:15:23.117,301.932,301.769,1,1
11.08.2021 03:15:23.167,301.933,301.783,1,1
11.08.2021 03:15:23.218,301.933,301.763,1,1
11.08.2021 03:15:23.318,301.945,301.763,1,1
11.08.2021 03:15:24.009,301.933,301.763,1,1
11.08.2021 03:15:29.169,301.923,301.763,1,1
11.08.2021 03:15:29.219,301.923,301.752,1,1
11.08.2021 03:15:29.320,301.923,301.753,1,1
11.08.2021 03:15:32.834,301.933,301.753,1,1
11.08.2021 03:15:42.088,301.933,301.764,1,1
11.08.2021 03:15:42.239,301.933,301.774,1,1
11.08.2021 03:15:42.490,301.943,301.774,1,1
11.08.2021 03:15:42.541,301.943,301.79200000000003,1,1
11.08.2021 03:15:42.737,301.943,301.8,1,1
11.08.2021 03:15:42.814,301.953,301.8,1,1
11.08.2021 03:15:42.870,301.943,301.8,1,1
11.08.2021 03:16:11.874,301.933,301.762,1,1
11.08.2021 03:16:11.925,301.943,301.777,1,1
11.08.2021 03:16:12.212,301.943,301.78900000000004,1,1
11.08.2021 03:16:42.370,301.933,301.753,1,1.5
11.08.2021 03:16:42.420,301.943,301.765,1,1
11.08.2021 03:16:42.521,301.943,301.788,1,1
11.08.2021 03:16:48.558,301.943,301.778,1,1
11.08.2021 03:16:48.608,301.933,301.778,1,1
11.08.2021 03:17:11.732,301.933,301.78200000000004,1,1
11.08.2021 03:17:27.740,301.933,301.764,1,1
11.08.2021 03:17:27.791,301.933,301.773,1,1
11.08.2021 03:17:30.323,301.933,301.781,1,1
11.08.2021 03:17:38.144,301.943,301.781,1,1
11.08.2021 03:17:42.225,301.933,301.749,1,1.5
11.08.2021 03:17:42.326,301.933,301.752,1,1
11.08.2021 03:17:42.376,301.933,301.763,1,1
11.08.2021 03:17:42.477,301.933,301.772,1,1
11.08.2021 03:17:43.986,301.943,301.772,1,1
11.08.2021 03:17:52.374,301.943,301.755,1,1.5
11.08.2021 03:17:52.475,301.943,301.766,1,1
11.08.2021 03:17:57.166,301.933,301.771,1,1
11.08.2021 03:18:16.438,301.933,301.759,1,1
11.08.2021 03:19:16.381,301.923,301.759,0.75,1
11.08.2021 03:19:16.879,301.913,301.756,1,1
11.08.2021 03:19:22.224,301.923,301.756,0.75,1
11.08.2021 03:19:30.463,301.923,301.76099999999997,0.75,1
11.08.2021 03:19:37.426,301.933,301.76099999999997,1,1
11.08.2021 03:19:57.212,301.933,301.777,1,1
11.08.2021 03:19:57.413,301.943,301.777,1,1
11.08.2021 03:19:59.715,301.962,301.777,1,1
11.08.2021 03:19:59.766,301.969,301.777,1.5,1
11.08.2021 03:20:00.047,301.97700000000003,301.777,1.5,1
11.08.2021 03:20:00.458,301.962,301.777,1.2,1
11.08.2021 03:20:01.286,301.943,301.777,1,1
11.08.2021 03:20:24.496,301.933,301.777,1,1
11.08.2021 03:20:55.462,301.933,301.781,1,1
11.08.2021 03:20:56.868,301.933,301.779,1,1
11.08.2021 03:21:39.098,301.943,301.779,1,1
11.08.2021 03:21:39.238,301.933,301.779,1,1
11.08.2021 03:21:50.682,301.943,301.779,1,1
11.08.2021 03:21:54.544,301.943,301.78200000000004,1,1
11.08.2021 03:22:02.103,301.933,301.78200000000004,1,1
11.08.2021 03:22:02.204,301.933,301.793,1,1
11.08.2021 03:22:02.393,301.933,301.78900000000004,1,1
11.08.2021 03:22:02.494,301.933,301.774,1,1
11.08.2021 03:22:35.192,301.933,301.78400000000005,1,1
11.08.2021 03:23:07.144,301.943,301.78400000000005,1,1
11.08.2021 03:23:37.032,301.953,301.78400000000005,1,1
11.08.2021 03:23:45.665,301.953,301.785,1,1
11.08.2021 03:23:55.301,301.943,301.785,1,1
11.08.2021 03:23:56.398,301.943,301.79200000000003,1,1
11.08.2021 03:24:04.630,301.943,301.773,1,1
11.08.2021 03:24:04.781,301.943,301.777,1,1
11.08.2021 03:24:22.692,301.943,301.795,1,1
11.08.2021 03:24:56.496,301.943,301.767,1,1
11.08.2021 03:24:56.547,301.943,301.758,1,1
11.08.2021 03:24:56.597,301.943,301.767,1,1
11.08.2021 03:25:08.719,301.943,301.778,1,1
11.08.2021 03:25:14.540,301.943,301.79200000000003,1,1
11.08.2021 03:25:23.371,301.943,301.78700000000003,1,1
11.08.2021 03:25:45.402,301.933,301.78700000000003,1,1
11.08.2021 03:25:46.118,301.933,301.777,1,1
11.08.2021 03:25:47.481,301.933,301.772,1,1
11.08.2021 03:25:47.950,301.923,301.772,0.75,1
11.08.2021 03:26:53.551,301.942,301.772,1.2,1
11.08.2021 03:27:40.432,301.933,301.772,1,1
11.08.2021 03:27:42.117,301.933,301.773,1,1
11.08.2021 03:28:25.172,301.943,301.773,1,1
11.08.2021 03:28:39.710,301.953,301.78900000000004,1,1
11.08.2021 03:28:39.811,301.953,301.791,1,1
11.08.2021 03:29:23.149,301.953,301.796,1,1
11.08.2021 03:29:25.164,301.963,301.796,1,1
11.08.2021 03:29:25.215,301.963,301.806,1,1
11.08.2021 03:29:25.366,301.963,301.819,1,1
11.08.2021 03:29:26.041,301.973,301.819,1,1
11.08.2021 03:29:47.908,301.992,301.819,1,1
11.08.2021 03:29:48.009,301.999,301.819,1.5,1
11.08.2021 03:29:48.657,301.973,301.819,1,1
11.08.2021 03:30:02.225,301.973,301.82599999999996,1,1
11.08.2021 03:30:06.703,301.983,301.82599999999996,1,1
11.08.2021 03:30:16.552,301.983,301.829,1,1
11.08.2021 03:30:16.653,301.983,301.836,1,1
11.08.2021 03:30:21.160,301.993,301.836,1,1
11.08.2021 03:31:11.544,301.983,301.836,1,1
11.08.2021 03:31:11.600,301.983,301.817,1,1
11.08.2021 03:31:11.650,301.983,301.819,1,1
11.08.2021 03:31:11.751,301.983,301.82599999999996,1,1
11.08.2021 03:32:08.395,302.002,301.82599999999996,1,1
11.08.2021 03:32:08.446,302.005,301.82599999999996,1,1
11.08.2021 03:32:09.133,302.002,301.82599999999996,1.2,1
11.08.2021 03:32:09.491,301.983,301.82599999999996,1,1
11.08.2021 03:33:04.875,301.993,301.82599999999996,1,1
11.08.2021 03:33:30.671,301.983,301.82599999999996,1,1
11.08.2021 03:33:40.122,301.983,301.837,1,1
11.08.2021 03:34:40.006,302.005,301.837,1,1
11.08.2021 03:34:44.431,302.002,301.837,1.2,1
11.08.2021 03:35:00.770,302.01099999999997,301.837,1.8,1
11.08.2021 03:35:00.821,301.993,301.837,1,1
11.08.2021 03:35:07.975,301.993,301.816,1,1
11.08.2021 03:35:08.075,301.993,301.825,1,1
11.08.2021 03:35:25.157,301.983,301.825,1,1
11.08.2021 03:35:49.535,301.983,301.834,1,1
11.08.2021 03:36:45.541,302.002,301.834,1,1
11.08.2021 03:36:45.642,302.009,301.834,1,1
11.08.2021 03:36:46.283,302.002,301.834,1.2,1
11.08.2021 03:36:49.535,301.983,301.834,1,1
11.08.2021 03:37:49.080,302.009,301.834,1,1
11.08.2021 03:37:55.181,302.009,301.82099999999997,1,1
11.08.2021 03:37:55.231,301.983,301.82099999999997,1,1
11.08.2021 03:37:55.355,301.973,301.82099999999997,1,1
11.08.2021 03:37:55.506,301.963,301.82099999999997,1,1
11.08.2021 03:37:55.557,301.973,301.82099999999997,1,1
11.08.2021 03:38:08.868,301.983,301.82099999999997,1,1
11.08.2021 03:38:42.779,301.997,301.82099999999997,1,1
11.08.2021 03:38:43.522,301.992,301.82099999999997,1.2,1
11.08.2021 03:38:45.168,301.973,301.82099999999997,1,1
11.08.2021 03:39:43.520,301.983,301.82099999999997,1,1
11.08.2021 03:40:01.668,301.983,301.831,1,1
11.08.2021 03:40:01.799,301.993,301.831,1,1
11.08.2021 03:40:03.591,301.993,301.786,1,1.5
11.08.2021 03:40:03.691,301.993,301.732,1,1.5
11.08.2021 03:40:03.742,301.993,301.732,1,1
11.08.2021 03:40:03.893,301.993,301.723,1,1
11.08.2021 03:40:04.076,301.993,301.73400000000004,1,1
11.08.2021 03:40:04.879,301.982,301.73400000000004,1.2,1
11.08.2021 03:40:05.901,301.963,301.73400000000004,0.75,1
11.08.2021 03:41:01.434,301.963,301.73400000000004,1.5,1
11.08.2021 03:41:01.545,301.953,301.73400000000004,1,1
11.08.2021 03:41:01.675,301.953,301.73400000000004,1.5,1
11.08.2021 03:41:20.954,301.953,301.73400000000004,1,1
11.08.2021 03:41:41.488,301.953,301.73400000000004,1.5,1
11.08.2021 03:42:01.512,301.943,301.73400000000004,1,1
11.08.2021 03:43:01.572,301.953,301.73400000000004,1,1
11.08.2021 03:43:17.361,301.953,301.73400000000004,1.5,1
11.08.2021 03:44:01.511,301.943,301.73400000000004,1,1
11.08.2021 03:44:03.912,301.953,301.73400000000004,1,1
11.08.2021 03:44:34.178,302,301.73400000000004,1.65,1
11.08.2021 03:44:34.913,301.953,301.73400000000004,1,1
11.08.2021 03:44:39.626,301.943,301.73400000000004,1,1
11.08.2021 03:44:39.730,301.953,301.73400000000004,1,1
11.08.2021 03:45:11.377,301.963,301.73400000000004,1.5,1
11.08.2021 03:45:21.892,301.953,301.73400000000004,1,1
11.08.2021 03:45:50.047,301.973,301.73400000000004,1.5,1
11.08.2021 03:45:50.147,301.973,301.73400000000004,1,1
11.08.2021 03:45:50.566,301.973,301.752,1,1
11.08.2021 03:45:58.583,301.983,301.752,1,1
11.08.2021 03:46:00.693,301.983,301.742,1,1
11.08.2021 03:46:05.847,301.973,301.742,1,1
11.08.2021 03:46:55.894,301.992,301.742,1.25,1
11.08.2021 03:46:56.682,301.973,301.742,1,1
11.08.2021 03:47:56.632,301.983,301.742,1.5,1
11.08.2021 03:47:57.935,301.983,301.742,1,1
11.08.2021 03:48:07.920,302.002,301.742,1.5,1
11.08.2021 03:48:57.727,301.993,301.768,1.25,1
11.08.2021 03:48:57.777,302.003,301.768,1.5,1
11.08.2021 03:48:58.217,302.003,301.768,1.5,1
11.08.2021 03:49:09.007,301.973,301.768,1,1
11.08.2021 03:49:17.427,301.983,301.768,1,1
11.08.2021 03:49:22.965,301.993,301.768,1,1
11.08.2021 03:50:03.362,302.012,301.768,1.25,1
11.08.2021 03:50:04.154,301.993,301.768,1,1
11.08.2021 03:50:11.662,302.012,301.768,1.25,1
11.08.2021 03:50:12.456,301.993,301.768,1,1
11.08.2021 03:51:13.936,302.012,301.768,1.7,1
11.08.2021 03:51:34.577,302.012,301.768,1.7,1
11.08.2021 03:51:41.475,302.003,301.768,1,1
11.08.2021 03:52:08.288,302.013,301.768,1,1
11.08.2021 03:52:09.666,302.003,301.768,1,1
11.08.2021 03:52:22.966,302.013,301.768,1,1
11.08.2021 03:52:30.170,302.013,301.791,1,1
11.08.2021 03:52:58.107,302.023,301.791,1,1
11.08.2021 03:54:00.704,302.04200000000003,301.791,1.7,1
11.08.2021 03:54:01.492,302.023,301.791,1,1
11.08.2021 03:54:57.870,302.033,301.791,1.5,1
11.08.2021 03:54:58.059,302.033,301.791,1,1
11.08.2021 03:54:59.263,302.033,301.791,1.5,1
11.08.2021 03:54:59.413,302.023,301.791,1,1
11.08.2021 03:55:18.178,302.04200000000003,301.791,1.5,1
11.08.2021 03:55:18.968,302.023,301.791,1,1
11.08.2021 03:55:30.105,302.023,301.791,1.5,1
11.08.2021 03:55:36.609,302.013,301.791,1,1
11.08.2021 03:55:39.764,302.03200000000004,301.791,1.5,1
11.08.2021 03:55:40.553,302.013,301.791,1,1
11.08.2021 03:55:49.637,302.013,301.776,1,1
11.08.2021 03:56:25.395,302.003,301.776,1,1
11.08.2021 03:57:09.926,302.013,301.793,1,1
11.08.2021 03:57:43.595,302.023,301.793,1,1
11.08.2021 03:58:52.778,302.058,301.793,0.69,1
11.08.2021 03:59:12.191,302.023,301.793,1,1
11.08.2021 03:59:47.416,302.013,301.793,1,1
11.08.2021 03:59:48.832,302.003,301.793,1,1
11.08.2021 04:00:08.361,302.013,301.793,1,1
11.08.2021 04:00:08.427,302.003,301.793,1,1
11.08.2021 04:00:12.526,302.013,301.793,1,1
11.08.2021 04:00:22.964,302.023,301.793,1,1
11.08.2021 04:00:51.000,302.023,301.793,1.5,1
11.08.2021 04:00:56.764,302.023,301.793,1,1
11.08.2021 04:00:58.817,302.023,301.793,1.5,1
11.08.2021 04:00:59.020,302.023,301.793,1,1
11.08.2021 04:00:59.521,302.023,301.793,1.5,1
11.08.2021 04:00:59.837,302.023,301.793,1,1
11.08.2021 04:01:19.104,302.023,301.793,1.5,1
11.08.2021 04:01:31.583,302.013,301.793,1.5,1
11.08.2021 04:01:56.630,302.013,301.793,1,1
11.08.2021 04:02:07.636,302.023,301.793,1.5,1
11.08.2021 04:02:12.517,302.003,301.793,1,1
11.08.2021 04:02:12.568,302.013,301.793,1.5,1
11.08.2021 04:02:12.641,302.013,301.771,1.5,1
11.08.2021 04:02:14.833,302.013,301.771,1.5,1
11.08.2021 04:02:22.964,301.993,301.771,1,1
11.08.2021 04:02:54.715,302.012,301.771,1.5,1
11.08.2021 04:02:55.506,301.993,301.771,1,1
11.08.2021 04:03:55.659,302.03200000000004,301.771,0.69,1
11.08.2021 04:06:34.357,302.03200000000004,301.772,2.19,1
11.08.2021 04:07:20.765,302.003,301.772,1,1
11.08.2021 04:07:20.881,302.013,301.772,1.25,1
11.08.2021 04:07:20.932,302.013,301.772,1,1
11.08.2021 04:07:23.145,302.013,301.795,1,1
11.08.2021 04:07:23.196,302.023,301.795,1.5,1
11.08.2021 04:07:23.247,302.023,301.795,1,1
11.08.2021 04:07:28.064,302.013,301.795,1,1
11.08.2021 04:07:28.235,302.023,301.795,1,1
11.08.2021 04:07:28.410,302.013,301.795,1,1
11.08.2021 04:07:28.557,302.023,301.795,1,1
11.08.2021 04:08:03.204,302.023,301.796,1,1
11.08.2021 04:09:02.969,302.013,301.796,1,1
11.08.2021 04:10:03.164,302.086,301.796,1.87,1
11.08.2021 04:10:40.625,302.03200000000004,301.796,1.4,1
11.08.2021 04:10:40.804,302.023,301.796,1,1
11.08.2021 04:10:41.110,302.013,301.796,1,1
11.08.2021 04:11:41.385,302.045,301.796,0.69,1
11.08.2021 04:12:42.590,302.03200000000004,301.796,1.7,1
11.08.2021 04:12:57.461,302.003,301.796,1,1
11.08.2021 04:12:57.566,301.993,301.77,1,1
11.08.2021 04:13:02.480,302.003,301.77,1.5,1
11.08.2021 04:13:17.367,301.993,301.77,1,1
11.08.2021 04:13:57.081,302.003,301.77,1.5,1
11.08.2021 04:14:26.987,302.003,301.77,1,1
11.08.2021 04:14:34.270,301.993,301.77,1,1
11.08.2021 04:14:39.956,302.003,301.77,1.5,1
11.08.2021 04:14:44.455,301.993,301.77,1,1
11.08.2021 04:14:58.285,302.003,301.77,1,1
11.08.2021 04:15:04.578,301.993,301.77,1,1
11.08.2021 04:15:17.805,302.003,301.77,1.5,1
11.08.2021 04:15:17.856,301.993,301.77,1,1
11.08.2021 04:16:03.425,302.003,301.77,1.5,1
11.08.2021 04:16:05.574,301.993,301.77,1,1
11.08.2021 04:16:38.172,301.993,301.77,1.5,1
11.08.2021 04:16:38.273,301.983,301.77,1,1
11.08.2021 04:16:56.316,301.973,301.77,1,1
11.08.2021 04:16:59.150,301.983,301.77,1,1
11.08.2021 04:18:23.993,301.973,301.77,1,1
11.08.2021 04:18:27.296,301.983,301.77,1,1
11.08.2021 04:18:27.367,301.973,301.77,1,1
11.08.2021 04:18:27.417,301.983,301.77,1,1
11.08.2021 04:18:37.690,301.993,301.77,1,1
11.08.2021 04:19:10.392,301.983,301.77,1,1
11.08.2021 04:20:10.444,302.019,301.77,0.69,1
11.08.2021 04:20:17.039,301.983,301.755,1.5,1
11.08.2021 04:20:17.089,301.973,301.755,1,1
11.08.2021 04:21:01.072,301.997,301.755,1.4,1
11.08.2021 04:21:01.866,301.973,301.755,1,1
11.08.2021 04:21:28.642,301.983,301.755,1,1
11.08.2021 04:21:28.743,301.973,301.755,1,1
11.08.2021 04:21:29.554,301.983,301.755,1,1
11.08.2021 04:21:31.612,301.973,301.755,1,1
11.08.2021 04:21:31.911,301.983,301.755,1,1
11.08.2021 04:21:34.088,301.973,301.755,1,1
11.08.2021 04:21:34.138,301.983,301.755,1.5,1
11.08.2021 04:21:34.201,301.973,301.755,1,1
11.08.2021 04:21:34.251,301.983,301.755,1.5,1
11.08.2021 04:21:34.352,301.983,301.755,1,1
11.08.2021 04:22:26.921,301.973,301.755,1,1
11.08.2021 04:22:26.971,301.983,301.755,1,1
11.08.2021 04:22:27.021,301.973,301.755,1,1
