Gmt time,Ask,Bid,AskVolume,BidVolume
09.08.2021 00:00:00.962,7.780880000000001,7.78002,0.82,0.75
09.08.2021 00:00:01.639,7.780930000000001,7.779980000000001,0.85,0.37
09.08.2021 00:00:01.982,7.780930000000001,7.77995,0.85,0.37
09.08.2021 00:00:02.989,7.780930000000001,7.779960000000001,0.85,0.37
09.08.2021 00:00:03.994,7.780930000000001,7.7799700000000005,0.85,0.37
09.08.2021 00:00:08.427,7.780880000000001,7.78002,0.82,0.75
09.08.2021 00:00:14.450,7.78075,7.78002,0.37,0.75
09.08.2021 00:00:20.462,7.78074,7.78002,0.37,0.75
09.08.2021 00:00:21.464,7.780660000000001,7.78002,0.37,0.75
09.08.2021 00:00:23.469,7.780660000000001,7.7800899999999995,0.37,0.37
09.08.2021 00:00:31.119,7.780930000000001,7.7801,0.47,0.37
09.08.2021 00:00:31.479,7.78094,7.779960000000001,1.59,0.37
09.08.2021 00:00:31.659,7.780830000000001,7.78002,0.75,0.75
09.08.2021 00:00:31.710,7.78094,7.779960000000001,1.59,0.37
09.08.2021 00:00:31.868,7.780830000000001,7.78002,0.75,0.75
09.08.2021 00:00:41.134,7.780930000000001,7.779850000000001,0.85,0.37
09.08.2021 00:00:41.498,7.78094,7.779910000000001,0.85,0.37
09.08.2021 00:00:42.500,7.78094,7.7799000000000005,0.85,0.37
09.08.2021 00:00:48.539,7.78085,7.7799000000000005,0.37,0.37
09.08.2021 00:00:49.524,7.78085,7.77988,0.37,0.37
09.08.2021 00:00:50.542,7.7808399999999995,7.77988,0.37,0.37
09.08.2021 00:01:01.551,7.7808399999999995,7.77989,0.37,0.37
09.08.2021 00:01:02.068,7.7806500000000005,7.7799000000000005,0.37,0.37
09.08.2021 00:01:03.074,7.7806500000000005,7.779910000000001,0.37,0.37
09.08.2021 00:01:05.080,7.7806500000000005,7.780080000000001,0.37,0.37
09.08.2021 00:01:07.333,7.78092,7.7800899999999995,0.47,0.37
09.08.2021 00:01:08.564,7.780910000000001,7.78007,0.47,0.37
09.08.2021 00:01:15.594,7.780900000000001,7.780080000000001,0.47,0.37
09.08.2021 00:01:17.931,7.780660000000001,7.780080000000001,0.37,0.37
09.08.2021 00:01:20.939,7.7806500000000005,7.780080000000001,0.37,0.37
09.08.2021 00:01:32.672,7.780880000000001,7.77982,0.37,0.37
09.08.2021 00:01:33.671,7.78087,7.7798300000000005,0.37,0.37
09.08.2021 00:01:36.620,7.780810000000001,7.7798300000000005,0.37,0.37
09.08.2021 00:01:37.622,7.780810000000001,7.779910000000001,0.37,0.37
09.08.2021 00:01:38.623,7.78087,7.779850000000001,0.37,0.37
09.08.2021 00:01:40.628,7.7808600000000006,7.77989,0.37,0.37
09.08.2021 00:01:41.648,7.78085,7.77989,0.37,0.37
09.08.2021 00:01:42.632,7.7808399999999995,7.77989,0.37,0.37
09.08.2021 00:01:43.632,7.780830000000001,7.77989,0.37,0.37
09.08.2021 00:01:44.653,7.7807200000000005,7.779910000000001,0.37,0.37
09.08.2021 00:01:46.642,7.7807200000000005,7.77992,0.37,0.37
09.08.2021 00:01:47.641,7.7807200000000005,7.77993,0.37,0.37
09.08.2021 00:01:47.806,7.7807200000000005,7.78007,0.37,0.37
09.08.2021 00:02:01.117,7.78094,7.78007,0.85,0.37
09.08.2021 00:02:01.168,7.780830000000001,7.78007,0.75,1.12
09.08.2021 00:02:01.269,7.78094,7.78007,0.85,0.37
09.08.2021 00:02:01.324,7.78094,7.78007,0.85,0.37
09.08.2021 00:02:01.374,7.78094,7.779980000000001,0.85,0.37
09.08.2021 00:02:01.631,7.780830000000001,7.78002,0.75,0.75
09.08.2021 00:02:01.731,7.780830000000001,7.779980000000001,0.75,0.37
09.08.2021 00:02:04.676,7.780830000000001,7.77999,0.75,0.37
09.08.2021 00:02:05.708,7.780830000000001,7.78,0.75,0.37
09.08.2021 00:02:06.682,7.780830000000001,7.780010000000001,0.75,0.37
09.08.2021 00:02:09.886,7.780830000000001,7.78,0.75,0.37
09.08.2021 00:02:10.893,7.780830000000001,7.780010000000001,0.75,0.37
09.08.2021 00:02:11.289,7.78094,7.780010000000001,0.85,0.37
09.08.2021 00:02:12.243,7.78094,7.77988,0.85,0.37
09.08.2021 00:02:13.695,7.78094,7.77989,0.85,0.37
09.08.2021 00:02:14.696,7.78094,7.7799000000000005,0.85,0.37
09.08.2021 00:02:16.700,7.78094,7.779910000000001,0.85,0.37
09.08.2021 00:02:17.386,7.78094,7.78005,1.59,0.37
09.08.2021 00:02:20.094,7.7807200000000005,7.7800899999999995,0.37,0.37
09.08.2021 00:02:21.298,7.78094,7.7801,0.85,0.37
09.08.2021 00:02:21.453,7.78094,7.77989,0.85,0.37
09.08.2021 00:02:21.692,7.780830000000001,7.7799700000000005,0.75,0.75
09.08.2021 00:02:28.554,7.78082,7.7799700000000005,0.37,0.75
09.08.2021 00:02:29.553,7.78082,7.780030000000001,0.37,0.37
09.08.2021 00:02:30.728,7.780810000000001,7.78004,0.37,0.37
09.08.2021 00:02:31.734,7.78075,7.78004,0.37,0.37
09.08.2021 00:02:31.859,7.78075,7.78007,0.37,0.75
09.08.2021 00:02:31.909,7.780880000000001,7.78007,0.75,0.75
09.08.2021 00:02:31.959,7.780880000000001,7.78023,0.75,0.37
09.08.2021 00:02:32.965,7.780880000000001,7.780160000000001,0.75,0.37
09.08.2021 00:02:34.736,7.780880000000001,7.780139999999999,1.12,0.37
09.08.2021 00:02:35.738,7.78087,7.780130000000001,0.37,0.37
09.08.2021 00:02:37.747,7.7808,7.780130000000001,0.37,0.37
09.08.2021 00:02:40.873,7.7808,7.780139999999999,0.37,0.37
09.08.2021 00:02:41.877,7.7808,7.780130000000001,0.37,0.37
09.08.2021 00:02:44.883,7.7808,7.780139999999999,0.37,0.37
09.08.2021 00:02:45.892,7.7808,7.780130000000001,0.37,0.37
09.08.2021 00:02:48.045,7.78079,7.78012,0.37,0.37
09.08.2021 00:02:49.049,7.780780000000001,7.78012,0.37,0.37
09.08.2021 00:02:50.056,7.78077,7.7801100000000005,0.37,0.37
09.08.2021 00:02:51.061,7.780760000000001,7.7801100000000005,0.37,0.37
09.08.2021 00:02:52.111,7.78068,7.7801100000000005,0.37,0.37
09.08.2021 00:03:01.108,7.78094,7.78012,0.85,0.37
09.08.2021 00:03:01.227,7.78094,7.77988,0.85,0.37
09.08.2021 00:03:01.526,7.78094,7.77988,0.85,0.47
09.08.2021 00:03:17.894,7.78094,7.780139999999999,0.85,0.37
09.08.2021 00:03:19.897,7.780710000000001,7.780139999999999,0.37,0.37
09.08.2021 00:04:01.140,7.78094,7.780150000000001,1.59,0.37
09.08.2021 00:04:01.574,7.780930000000001,7.779910000000001,0.37,0.75
09.08.2021 00:04:01.686,7.780930000000001,7.7799000000000005,0.37,0.75
09.08.2021 00:04:01.788,7.780930000000001,7.77989,0.37,1.49
09.08.2021 00:04:02.922,7.78094,7.7799000000000005,1.49,0.37
09.08.2021 00:04:03.943,7.78094,7.779910000000001,1.49,0.37
09.08.2021 00:04:04.931,7.78094,7.77992,1.49,0.37
09.08.2021 00:04:06.538,7.78094,7.77993,1.49,0.37
09.08.2021 00:04:08.601,7.780930000000001,7.77994,0.37,0.37
09.08.2021 00:04:09.385,7.780910000000001,7.77995,0.75,0.75
09.08.2021 00:04:11.203,7.780910000000001,7.7802500000000006,0.75,0.37
09.08.2021 00:04:11.304,7.780930000000001,7.7802500000000006,0.75,0.37
09.08.2021 00:04:11.407,7.78092,7.77995,0.75,1.49
09.08.2021 00:04:11.468,7.780910000000001,7.780200000000001,0.37,0.37
09.08.2021 00:04:11.569,7.780900000000001,7.78005,0.75,0.37
09.08.2021 00:04:11.915,7.780900000000001,7.77995,0.75,0.75
09.08.2021 00:04:18.958,7.780900000000001,7.779960000000001,0.75,0.37
09.08.2021 00:04:19.958,7.780900000000001,7.77995,0.75,1.49
09.08.2021 00:04:21.932,7.780830000000001,7.78007,0.75,0.75
09.08.2021 00:04:22.074,7.780830000000001,7.780200000000001,0.75,0.37
09.08.2021 00:04:32.615,7.78085,7.780200000000001,0.37,0.37
09.08.2021 00:04:50.959,7.78085,7.7801100000000005,0.37,0.37
09.08.2021 00:04:51.241,7.780830000000001,7.7801100000000005,0.75,0.37
09.08.2021 00:04:51.292,7.780830000000001,7.7799700000000005,0.75,0.75
09.08.2021 00:04:57.606,7.78077,7.7799700000000005,0.37,0.75
09.08.2021 00:04:58.609,7.78077,7.7800899999999995,0.37,0.37
09.08.2021 00:05:05.052,7.780760000000001,7.7801,0.37,0.37
09.08.2021 00:05:06.054,7.78075,7.780139999999999,0.37,0.37
09.08.2021 00:05:08.059,7.78074,7.780139999999999,0.37,0.37
09.08.2021 00:05:09.060,7.780730000000001,7.780139999999999,0.37,0.37
09.08.2021 00:05:10.060,7.7807200000000005,7.780139999999999,0.37,0.37
09.08.2021 00:05:11.064,7.780710000000001,7.780139999999999,0.37,0.37
09.08.2021 00:05:51.337,7.78094,7.780150000000001,0.75,0.37
09.08.2021 00:05:51.465,7.780930000000001,7.78007,0.75,0.75
09.08.2021 00:05:51.615,7.78094,7.77989,0.85,0.47
09.08.2021 00:05:51.666,7.780930000000001,7.78007,0.85,0.75
09.08.2021 00:05:51.716,7.78094,7.77989,0.85,0.47
09.08.2021 00:05:57.157,7.78094,7.7799700000000005,0.85,0.37
09.08.2021 00:05:58.158,7.780880000000001,7.779980000000001,0.47,0.37
09.08.2021 00:06:00.164,7.780880000000001,7.7799700000000005,0.47,0.37
09.08.2021 00:06:01.551,7.780880000000001,7.779980000000001,0.47,0.37
09.08.2021 00:06:01.933,7.780880000000001,7.779980000000001,0.45,0.37
09.08.2021 00:06:02.142,7.78094,7.7799000000000005,0.85,0.47
09.08.2021 00:06:02.202,7.780830000000001,7.7799700000000005,0.75,0.75
09.08.2021 00:06:02.252,7.78094,7.7799000000000005,0.85,0.47
09.08.2021 00:06:02.303,7.780880000000001,7.78017,0.45,0.37
09.08.2021 00:06:02.403,7.78094,7.7799000000000005,0.85,0.47
09.08.2021 00:06:11.284,7.78094,7.78017,0.85,0.37
09.08.2021 00:06:11.335,7.78094,7.7799000000000005,0.85,0.47
09.08.2021 00:06:18.370,7.78094,7.7801,0.85,0.37
09.08.2021 00:06:20.377,7.780760000000001,7.7801,0.37,0.37
09.08.2021 00:06:21.345,7.78094,7.7801,0.85,0.37
09.08.2021 00:06:21.644,7.78094,7.78,0.85,0.37
09.08.2021 00:06:23.088,7.780930000000001,7.779980000000001,0.47,0.37
09.08.2021 00:06:29.229,7.78092,7.77999,0.47,0.37
09.08.2021 00:06:30.228,7.780910000000001,7.78,0.47,0.37
09.08.2021 00:06:31.228,7.780910000000001,7.780010000000001,0.47,0.37
09.08.2021 00:06:31.795,7.78094,7.77988,0.85,1.59
09.08.2021 00:06:40.844,7.780730000000001,7.7799000000000005,0.37,0.47
09.08.2021 00:06:41.849,7.780730000000001,7.78012,0.37,0.37
09.08.2021 00:06:44.253,7.7807200000000005,7.780130000000001,0.37,0.37
09.08.2021 00:06:45.255,7.780710000000001,7.780139999999999,0.37,0.37
09.08.2021 00:06:47.067,7.78087,7.77989,0.37,0.47
09.08.2021 00:06:48.075,7.780880000000001,7.7799000000000005,0.45,0.47
09.08.2021 00:06:58.154,7.780889999999999,7.780200000000001,0.47,0.37
09.08.2021 00:07:02.850,7.780889999999999,7.7801100000000005,0.37,0.37
09.08.2021 00:07:03.295,7.780730000000001,7.7800899999999995,0.37,0.37
09.08.2021 00:07:09.325,7.780710000000001,7.780080000000001,0.37,0.37
09.08.2021 00:07:11.551,7.78094,7.77988,0.85,1.59
09.08.2021 00:07:11.671,7.78075,7.7799700000000005,0.75,0.75
09.08.2021 00:07:11.810,7.78075,7.779960000000001,0.75,0.75
09.08.2021 00:07:32.063,7.780880000000001,7.779850000000001,0.85,0.47
09.08.2021 00:07:40.824,7.78075,7.7799700000000005,0.75,0.75
09.08.2021 00:07:40.925,7.7807200000000005,7.7799700000000005,0.75,0.75
09.08.2021 00:07:40.976,7.7807200000000005,7.77995,0.75,0.75
09.08.2021 00:07:41.076,7.780710000000001,7.77993,0.75,0.75
09.08.2021 00:07:41.177,7.780710000000001,7.77994,0.75,0.75
09.08.2021 00:07:41.717,7.7807200000000005,7.779960000000001,0.75,0.75
09.08.2021 00:07:41.775,7.7807200000000005,7.77994,0.75,0.75
09.08.2021 00:07:41.876,7.7807200000000005,7.77993,0.75,0.75
09.08.2021 00:07:42.136,7.7807200000000005,7.77994,0.75,0.75
09.08.2021 00:07:44.596,7.7807200000000005,7.7799700000000005,0.75,0.75
09.08.2021 00:07:44.785,7.7807200000000005,7.779960000000001,0.75,0.75
09.08.2021 00:07:44.938,7.7807200000000005,7.77995,0.75,0.75
09.08.2021 00:07:49.873,7.7807200000000005,7.77993,0.75,0.75
09.08.2021 00:07:50.174,7.7807200000000005,7.77994,0.75,0.75
09.08.2021 00:07:50.311,7.7807200000000005,7.779960000000001,0.75,0.75
09.08.2021 00:07:50.412,7.7807200000000005,7.7799700000000005,0.75,0.75
09.08.2021 00:07:50.553,7.780730000000001,7.7799700000000005,0.75,0.75
09.08.2021 00:08:00.753,7.780730000000001,7.779980000000001,0.75,0.75
09.08.2021 00:08:00.857,7.780730000000001,7.7799700000000005,0.75,0.75
09.08.2021 00:08:00.908,7.780730000000001,7.77992,0.75,0.75
09.08.2021 00:08:01.009,7.780730000000001,7.77995,0.75,0.75
09.08.2021 00:08:26.272,7.780830000000001,7.77989,0.85,1.12
09.08.2021 00:08:27.581,7.780830000000001,7.78002,0.85,0.37
09.08.2021 00:08:28.586,7.7807,7.78002,0.37,0.37
09.08.2021 00:08:31.558,7.780830000000001,7.77989,0.85,0.75
09.08.2021 00:08:39.709,7.7808600000000006,7.779850000000001,0.85,0.85
09.08.2021 00:08:40.649,7.7808600000000006,7.780060000000001,0.85,0.37
09.08.2021 00:08:42.656,7.780830000000001,7.78007,0.85,0.37
09.08.2021 00:08:44.662,7.78064,7.78007,0.37,0.37
09.08.2021 00:09:01.173,7.780730000000001,7.779960000000001,0.75,0.75
09.08.2021 00:09:01.279,7.780730000000001,7.7799700000000005,0.75,0.75
09.08.2021 00:09:09.555,7.780730000000001,7.780030000000001,0.75,0.37
09.08.2021 00:09:13.256,7.78068,7.780030000000001,0.37,0.37
09.08.2021 00:09:15.568,7.78068,7.78004,0.37,0.37
09.08.2021 00:09:16.568,7.78067,7.78007,0.37,0.37
09.08.2021 00:09:17.575,7.780660000000001,7.78007,0.37,0.37
09.08.2021 00:09:18.574,7.7806500000000005,7.78007,0.37,0.37
09.08.2021 00:09:19.576,7.78064,7.78007,0.37,0.37
09.08.2021 00:09:53.647,7.780660000000001,7.78005,0.37,0.37
09.08.2021 00:10:01.109,7.780730000000001,7.7799700000000005,0.82,0.75
09.08.2021 00:10:01.772,7.781080000000001,7.779810000000001,0.59,0.59
09.08.2021 00:10:26.834,7.780730000000001,7.7799700000000005,0.82,0.75
09.08.2021 00:10:31.619,7.78109,7.779710000000001,0.59,0.59
09.08.2021 00:10:52.783,7.781080000000001,7.779780000000001,0.49,0.49
09.08.2021 00:10:53.766,7.78097,7.779780000000001,0.49,0.49
09.08.2021 00:11:31.906,7.7808399999999995,7.7799000000000005,0.75,0.75
09.08.2021 00:11:51.682,7.78085,7.77992,0.75,0.75
09.08.2021 00:12:19.204,7.7808600000000006,7.779860000000001,0.75,0.75
09.08.2021 00:12:19.308,7.7808600000000006,7.779850000000001,0.75,0.75
09.08.2021 00:12:20.176,7.78068,7.780030000000001,0.37,0.37
09.08.2021 00:12:21.244,7.7808600000000006,7.779860000000001,0.75,0.37
09.08.2021 00:12:22.341,7.7808600000000006,7.779850000000001,0.75,0.75
09.08.2021 00:12:42.088,7.7808600000000006,7.78004,0.75,0.37
09.08.2021 00:12:43.095,7.780660000000001,7.78004,0.37,0.37
09.08.2021 00:12:51.104,7.7808600000000006,7.779850000000001,0.75,0.75
09.08.2021 00:12:53.908,7.780730000000001,7.7799700000000005,0.75,0.75
09.08.2021 00:12:54.058,7.780730000000001,7.77995,0.75,0.75
09.08.2021 00:12:54.165,7.7807200000000005,7.77995,0.75,0.75
09.08.2021 00:13:01.723,7.78085,7.7798300000000005,0.85,0.75
09.08.2021 00:13:03.923,7.78085,7.780010000000001,0.85,0.37
09.08.2021 00:13:04.531,7.78085,7.779860000000001,0.85,0.37
09.08.2021 00:13:05.840,7.78085,7.7798300000000005,0.85,0.75
09.08.2021 00:13:39.228,7.780660000000001,7.78004,0.37,0.37
09.08.2021 00:13:51.126,7.78085,7.7798300000000005,0.85,0.75
09.08.2021 00:13:55.658,7.780950000000001,7.779800000000001,0.59,0.37
09.08.2021 00:14:01.620,7.781080000000001,7.779810000000001,0.49,0.49
09.08.2021 00:14:01.671,7.7807200000000005,7.7799700000000005,0.75,0.75
09.08.2021 00:14:49.582,7.78085,7.779850000000001,0.75,0.75
09.08.2021 00:15:02.303,7.78097,7.77979,0.59,0.37
09.08.2021 00:15:12.226,7.78109,7.779710000000001,0.59,0.59
09.08.2021 00:15:28.641,7.78074,7.7799700000000005,0.75,0.75
09.08.2021 00:15:29.640,7.780730000000001,7.7799700000000005,0.75,0.75
09.08.2021 00:15:29.793,7.7807200000000005,7.7799700000000005,0.75,0.75
09.08.2021 00:15:37.004,7.7807200000000005,7.77999,0.75,0.37
09.08.2021 00:15:38.007,7.780710000000001,7.77999,0.37,0.37
09.08.2021 00:15:40.073,7.7807200000000005,7.7799700000000005,0.75,0.75
09.08.2021 00:15:48.539,7.7807200000000005,7.78002,0.75,0.37
09.08.2021 00:15:50.551,7.78067,7.780030000000001,0.37,0.37
09.08.2021 00:15:52.559,7.780660000000001,7.78004,0.37,0.37
09.08.2021 00:16:11.168,7.7807200000000005,7.7799700000000005,0.75,0.75
09.08.2021 00:16:32.865,7.7807200000000005,7.78004,0.75,0.37
09.08.2021 00:16:34.756,7.780660000000001,7.78004,0.37,0.37
09.08.2021 00:16:51.120,7.78109,7.779810000000001,0.49,0.49
09.08.2021 00:16:52.332,7.78109,7.779710000000001,0.49,0.49
09.08.2021 00:16:58.544,7.78099,7.779760000000001,0.49,0.49
09.08.2021 00:17:05.545,7.78085,7.779910000000001,1.5,0.75
09.08.2021 00:17:05.986,7.78077,7.77993,0.37,0.37
09.08.2021 00:17:06.108,7.78085,7.779910000000001,1.5,0.75
09.08.2021 00:17:12.059,7.7808399999999995,7.7799000000000005,0.75,0.75
09.08.2021 00:17:13.043,7.7808399999999995,7.78,0.75,0.37
09.08.2021 00:17:14.044,7.780710000000001,7.78,0.37,0.37
09.08.2021 00:17:31.165,7.7808399999999995,7.7799000000000005,0.75,0.75
09.08.2021 00:17:33.205,7.78085,7.779860000000001,0.75,0.75
09.08.2021 00:17:33.309,7.78085,7.779850000000001,0.75,0.75
09.08.2021 00:17:38.615,7.78085,7.779980000000001,0.75,0.37
09.08.2021 00:17:39.618,7.780730000000001,7.779980000000001,0.37,0.37
09.08.2021 00:17:41.137,7.78085,7.779850000000001,0.75,0.75
09.08.2021 00:18:05.708,7.78085,7.779860000000001,0.75,0.37
09.08.2021 00:18:05.758,7.78085,7.78002,0.75,0.37
09.08.2021 00:18:07.724,7.78068,7.78002,0.37,0.37
09.08.2021 00:18:11.674,7.78067,7.780030000000001,0.37,0.37
09.08.2021 00:18:12.676,7.78067,7.78004,0.37,0.37
09.08.2021 00:18:13.678,7.780660000000001,7.78004,0.37,0.37
09.08.2021 00:18:21.109,7.78085,7.779850000000001,0.75,0.75
09.08.2021 00:18:35.658,7.780950000000001,7.779800000000001,0.49,0.49
09.08.2021 00:18:43.395,7.78094,7.78004,0.49,0.49
09.08.2021 00:18:45.401,7.780660000000001,7.78004,0.49,0.49
09.08.2021 00:19:11.127,7.78109,7.779810000000001,0.49,0.49
09.08.2021 00:19:12.802,7.78109,7.779710000000001,0.49,0.49
09.08.2021 00:19:25.841,7.781080000000001,7.77987,0.49,0.49
09.08.2021 00:19:26.827,7.78107,7.77987,0.49,0.49
09.08.2021 00:19:27.829,7.781060000000001,7.77987,0.49,0.49
09.08.2021 00:19:28.241,7.7808600000000006,7.77987,0.49,0.49
09.08.2021 00:19:29.834,7.78085,7.77987,0.49,0.49
09.08.2021 00:19:30.246,7.7808399999999995,7.780010000000001,0.49,0.49
09.08.2021 00:19:31.252,7.78069,7.780010000000001,0.49,0.49
09.08.2021 00:19:31.776,7.78103,7.77984,0.49,0.49
09.08.2021 00:19:32.839,7.78104,7.779739999999999,0.49,0.49
09.08.2021 00:19:37.910,7.78104,7.77975,0.49,0.49
09.08.2021 00:19:38.910,7.78103,7.779980000000001,0.49,0.49
09.08.2021 00:19:39.915,7.780730000000001,7.779980000000001,0.49,0.49
09.08.2021 00:19:44.864,7.7807200000000005,7.77999,0.49,0.49
09.08.2021 00:19:45.869,7.780710000000001,7.78004,0.49,0.49
09.08.2021 00:19:46.871,7.7807,7.78004,0.49,0.49
09.08.2021 00:19:48.872,7.780660000000001,7.78004,0.49,0.49
09.08.2021 00:20:01.124,7.781010000000001,7.77984,0.49,0.49
09.08.2021 00:20:02.229,7.78103,7.77975,0.49,0.49
09.08.2021 00:20:34.965,7.78102,7.77975,0.49,0.49
09.08.2021 00:20:38.973,7.78087,7.7798300000000005,0.49,0.49
09.08.2021 00:20:43.728,7.780830000000001,7.7799700000000005,0.75,0.75
09.08.2021 00:20:43.857,7.7807200000000005,7.779980000000001,0.75,0.75
09.08.2021 00:20:44.150,7.78085,7.779860000000001,0.85,0.75
09.08.2021 00:20:47.733,7.7807200000000005,7.779980000000001,0.75,0.75
09.08.2021 00:20:47.881,7.780730000000001,7.77999,0.75,0.75
09.08.2021 00:20:47.982,7.78074,7.78,0.75,0.75
09.08.2021 00:21:07.835,7.780730000000001,7.77999,0.75,0.75
09.08.2021 00:21:07.936,7.7807200000000005,7.779980000000001,0.75,0.75
09.08.2021 00:21:08.037,7.7807200000000005,7.7799700000000005,0.75,0.75
09.08.2021 00:21:27.072,7.7807200000000005,7.77999,0.75,0.75
09.08.2021 00:21:37.081,7.7807200000000005,7.779980000000001,0.75,0.75
09.08.2021 00:22:07.141,7.78085,7.779860000000001,0.85,0.75
09.08.2021 00:22:35.658,7.78085,7.779860000000001,0.75,0.75
09.08.2021 00:22:45.658,7.78107,7.7798300000000005,0.49,0.49
09.08.2021 00:23:11.605,7.780730000000001,7.77999,0.75,0.75
09.08.2021 00:23:11.655,7.780730000000001,7.77995,0.75,0.75
09.08.2021 00:23:11.756,7.78074,7.77999,0.75,0.75
09.08.2021 00:23:11.857,7.780730000000001,7.779980000000001,0.75,0.75
09.08.2021 00:23:11.908,7.7807200000000005,7.77995,0.75,0.75
09.08.2021 00:23:12.009,7.780730000000001,7.7799700000000005,0.75,0.75
09.08.2021 00:23:12.110,7.78074,7.78,0.75,0.75
09.08.2021 00:23:12.406,7.780730000000001,7.77999,0.75,0.75
09.08.2021 00:23:12.456,7.780730000000001,7.77995,0.75,0.75
09.08.2021 00:23:12.557,7.780730000000001,7.779980000000001,0.75,0.75
09.08.2021 00:23:12.658,7.780730000000001,7.77999,0.75,0.75
09.08.2021 00:23:12.907,7.78074,7.78,0.75,0.75
09.08.2021 00:23:23.307,7.78074,7.77999,0.75,0.75
09.08.2021 00:23:23.465,7.780730000000001,7.779980000000001,0.75,0.75
09.08.2021 00:23:23.567,7.780730000000001,7.7799700000000005,0.75,2.25
09.08.2021 00:23:30.800,7.780730000000001,7.77999,0.75,0.37
09.08.2021 00:23:33.810,7.780730000000001,7.7799700000000005,0.75,2.25
09.08.2021 00:23:53.468,7.7808600000000006,7.779850000000001,0.85,0.75
09.08.2021 00:24:07.748,7.780730000000001,7.77999,0.75,0.75
09.08.2021 00:24:16.556,7.7807200000000005,7.779980000000001,0.75,0.75
09.08.2021 00:24:30.946,7.7807200000000005,7.78005,0.75,0.37
09.08.2021 00:24:32.955,7.78067,7.78005,0.37,0.37
09.08.2021 00:24:46.145,7.7807200000000005,7.779980000000001,0.75,0.75
09.08.2021 00:24:46.246,7.780730000000001,7.77995,0.75,0.75
09.08.2021 00:24:46.296,7.78074,7.77999,0.75,0.75
09.08.2021 00:24:46.401,7.780730000000001,7.779980000000001,0.75,0.75
09.08.2021 00:24:46.451,7.780730000000001,7.77995,0.75,0.75
09.08.2021 00:24:46.552,7.780730000000001,7.7799700000000005,0.75,0.75
09.08.2021 00:24:46.907,7.78074,7.77999,0.75,0.75
09.08.2021 00:24:47.033,7.78074,7.78,0.75,0.75
09.08.2021 00:24:53.898,7.78062,7.77995,0.75,0.75
09.08.2021 00:24:53.948,7.780600000000001,7.77988,0.75,0.75
09.08.2021 00:24:54.049,7.78059,7.77987,0.75,0.75
09.08.2021 00:24:54.221,7.7805800000000005,7.779860000000001,0.75,0.75
09.08.2021 00:24:54.607,7.7805800000000005,7.77993,0.75,0.37
09.08.2021 00:24:58.787,7.7805800000000005,7.779910000000001,0.75,0.37
09.08.2021 00:24:58.888,7.78057,7.779910000000001,0.75,0.37
09.08.2021 00:24:59.015,7.780560000000001,7.779910000000001,0.75,0.37
09.08.2021 00:24:59.116,7.78057,7.779910000000001,0.75,0.37
09.08.2021 00:24:59.267,7.780560000000001,7.779910000000001,0.75,0.37
09.08.2021 00:24:59.392,7.78057,7.779910000000001,0.75,0.37
09.08.2021 00:24:59.526,7.780560000000001,7.779910000000001,0.75,0.37
09.08.2021 00:24:59.770,7.78057,7.779910000000001,0.75,0.37
09.08.2021 00:25:00.095,7.780560000000001,7.779910000000001,0.75,0.37
09.08.2021 00:25:00.287,7.780560000000001,7.77988,0.75,0.37
09.08.2021 00:25:10.107,7.78057,7.77988,0.75,0.37
09.08.2021 00:25:10.276,7.780560000000001,7.77988,0.75,0.37
09.08.2021 00:25:11.215,7.78054,7.77988,0.37,0.37
09.08.2021 00:25:11.607,7.78054,7.77987,0.37,0.37
09.08.2021 00:25:21.097,7.78054,7.77988,0.37,0.37
09.08.2021 00:25:21.545,7.780560000000001,7.77988,1.12,0.37
09.08.2021 00:25:22.549,7.780550000000001,7.77988,0.37,0.37
09.08.2021 00:25:25.658,7.780550000000001,7.77987,0.37,0.37
09.08.2021 00:25:51.111,7.780550000000001,7.77988,0.37,0.37
09.08.2021 00:25:52.611,7.780530000000001,7.77988,0.37,0.37
09.08.2021 00:26:02.647,7.780530000000001,7.77989,0.37,0.37
09.08.2021 00:26:19.146,7.78057,7.77989,0.75,0.37
09.08.2021 00:26:37.580,7.78068,7.77989,0.37,0.37
09.08.2021 00:26:51.211,7.780560000000001,7.77989,0.75,0.37
09.08.2021 00:26:51.715,7.78057,7.77989,0.37,0.37
09.08.2021 00:26:51.820,7.780560000000001,7.77989,0.75,0.37
09.08.2021 00:26:52.617,7.780560000000001,7.77987,0.75,0.37
09.08.2021 00:26:53.954,7.780550000000001,7.77987,0.37,0.37
09.08.2021 00:26:55.959,7.78054,7.77987,0.37,0.37
09.08.2021 00:26:56.964,7.780550000000001,7.77987,0.37,0.37
09.08.2021 00:27:01.966,7.780550000000001,7.77988,0.37,0.37
09.08.2021 00:27:02.067,7.780560000000001,7.77988,0.37,0.37
09.08.2021 00:27:03.087,7.78052,7.77988,0.37,0.37
09.08.2021 00:27:04.492,7.780510000000001,7.77988,0.37,0.37
09.08.2021 00:27:06.502,7.7805,7.77988,0.37,0.37
09.08.2021 00:27:07.509,7.780510000000001,7.77988,0.37,0.37
09.08.2021 00:27:09.515,7.7805,7.77988,0.37,0.37
09.08.2021 00:27:10.521,7.780510000000001,7.77988,0.37,0.37
09.08.2021 00:27:13.532,7.7805,7.77988,0.37,0.37
09.08.2021 00:27:14.535,7.780510000000001,7.77988,0.37,0.37
09.08.2021 00:27:20.555,7.7805,7.77988,0.37,0.37
09.08.2021 00:27:21.561,7.780510000000001,7.77988,0.37,0.37
09.08.2021 00:27:24.577,7.7805,7.77988,0.37,0.37
09.08.2021 00:27:25.581,7.780510000000001,7.77988,0.37,0.37
09.08.2021 00:27:31.631,7.780560000000001,7.77988,0.75,0.37
09.08.2021 00:27:49.550,7.780550000000001,7.77992,0.37,0.37
09.08.2021 00:27:50.558,7.78054,7.77992,0.37,0.37
09.08.2021 00:28:26.799,7.780560000000001,7.77988,0.75,0.37
09.08.2021 00:28:32.960,7.780560000000001,7.7798300000000005,0.75,0.75
09.08.2021 00:28:34.944,7.780560000000001,7.77984,0.75,0.37
09.08.2021 00:28:40.803,7.780560000000001,7.779850000000001,0.75,0.37
09.08.2021 00:28:41.805,7.780560000000001,7.77984,0.75,0.37
09.08.2021 00:28:44.817,7.780560000000001,7.779850000000001,0.75,0.37
09.08.2021 00:28:45.822,7.780560000000001,7.77984,0.75,0.37
09.08.2021 00:28:45.936,7.780560000000001,7.77988,0.75,0.37
09.08.2021 00:28:51.182,7.78057,7.77988,0.75,0.37
09.08.2021 00:28:51.296,7.780560000000001,7.77988,0.75,0.37
09.08.2021 00:28:51.622,7.78063,7.77988,0.37,0.37
09.08.2021 00:28:51.673,7.780560000000001,7.77988,0.75,0.37
09.08.2021 00:28:51.774,7.78057,7.77988,0.75,0.37
09.08.2021 00:28:51.875,7.780560000000001,7.77988,0.75,0.37
09.08.2021 00:28:52.632,7.780560000000001,7.77987,0.75,0.37
09.08.2021 00:29:02.281,7.780560000000001,7.77988,0.75,0.37
09.08.2021 00:29:03.732,7.780560000000001,7.77987,0.75,0.37
09.08.2021 00:29:04.004,7.78054,7.77987,0.37,0.37
09.08.2021 00:29:05.006,7.780530000000001,7.77987,0.37,0.37
09.08.2021 00:29:07.013,7.78054,7.77987,0.37,0.37
09.08.2021 00:29:08.355,7.780530000000001,7.77987,0.37,0.37
09.08.2021 00:29:09.356,7.78054,7.77987,0.37,0.37
09.08.2021 00:29:11.362,7.780530000000001,7.77987,0.37,0.37
09.08.2021 00:29:13.369,7.78054,7.77987,0.37,0.37
09.08.2021 00:29:14.370,7.780530000000001,7.77987,0.37,0.37
09.08.2021 00:29:17.385,7.78054,7.77987,0.37,0.37
09.08.2021 00:29:18.392,7.780530000000001,7.77987,0.37,0.37
09.08.2021 00:29:20.402,7.78054,7.77987,0.37,0.37
09.08.2021 00:29:22.409,7.780530000000001,7.77987,0.37,0.37
09.08.2021 00:29:24.415,7.78054,7.77987,0.37,0.37
09.08.2021 00:29:25.274,7.780560000000001,7.77987,0.75,0.37
09.08.2021 00:29:31.180,7.780560000000001,7.77988,0.75,0.37
09.08.2021 00:29:31.331,7.780550000000001,7.77988,0.37,0.37
09.08.2021 00:29:32.565,7.780560000000001,7.77988,0.75,0.37
09.08.2021 00:29:33.568,7.780560000000001,7.77987,0.75,0.37
09.08.2021 00:30:07.376,7.78052,7.7799000000000005,0.37,0.37
09.08.2021 00:30:13.144,7.780510000000001,7.779910000000001,0.37,0.37
09.08.2021 00:30:16.152,7.780530000000001,7.779910000000001,0.37,0.37
09.08.2021 00:30:31.264,7.780560000000001,7.77988,0.37,0.37
09.08.2021 00:30:31.365,7.780550000000001,7.77988,0.37,0.37
09.08.2021 00:30:31.496,7.780530000000001,7.77988,0.37,0.75
09.08.2021 00:30:31.546,7.780550000000001,7.77988,0.37,0.37
09.08.2021 00:30:31.660,7.780530000000001,7.77988,0.37,0.75
09.08.2021 00:30:31.761,7.78054,7.77988,0.37,0.37
09.08.2021 00:30:32.612,7.78054,7.77987,0.37,0.37
09.08.2021 00:30:32.876,7.780530000000001,7.77987,0.37,0.37
09.08.2021 00:30:34.878,7.78052,7.77987,0.37,0.37
09.08.2021 00:30:35.880,7.780530000000001,7.77987,0.37,0.37
09.08.2021 00:30:38.888,7.78052,7.77987,0.37,0.37
09.08.2021 00:30:39.891,7.780530000000001,7.77987,0.37,0.37
09.08.2021 00:30:41.117,7.780530000000001,7.77988,0.37,0.37
09.08.2021 00:30:41.268,7.780560000000001,7.77988,0.75,0.37
09.08.2021 00:30:42.617,7.780560000000001,7.77987,0.75,0.37
09.08.2021 00:30:51.321,7.780560000000001,7.77988,0.75,0.37
09.08.2021 00:30:52.615,7.780530000000001,7.77988,0.37,0.37
09.08.2021 00:30:52.822,7.780530000000001,7.779860000000001,0.37,0.37
09.08.2021 00:30:55.621,7.78052,7.779860000000001,0.37,0.37
09.08.2021 00:30:56.626,7.780530000000001,7.779860000000001,0.37,0.37
09.08.2021 00:31:02.649,7.78052,7.779860000000001,0.37,0.37
09.08.2021 00:31:03.660,7.780530000000001,7.779860000000001,0.37,0.37
09.08.2021 00:31:06.662,7.78052,7.779860000000001,0.37,0.37
09.08.2021 00:31:07.666,7.780530000000001,7.779860000000001,0.37,0.37
09.08.2021 00:31:13.687,7.78052,7.779860000000001,0.37,0.37
09.08.2021 00:31:14.689,7.780530000000001,7.779860000000001,0.37,0.37
09.08.2021 00:31:15.877,7.780530000000001,7.779910000000001,0.37,0.37
09.08.2021 00:31:17.881,7.780530000000001,7.77992,0.37,0.37
09.08.2021 00:31:31.165,7.780560000000001,7.779860000000001,0.75,0.37
09.08.2021 00:31:31.266,7.78057,7.779860000000001,1.12,0.37
09.08.2021 00:31:31.416,7.780560000000001,7.779860000000001,0.75,0.37
09.08.2021 00:31:31.620,7.78057,7.779860000000001,0.37,0.37
09.08.2021 00:31:32.234,7.78052,7.779860000000001,0.37,0.37
09.08.2021 00:31:32.656,7.78052,7.77987,0.37,0.37
09.08.2021 00:31:33.314,7.780530000000001,7.77987,0.37,0.37
09.08.2021 00:31:35.453,7.78052,7.77987,0.37,0.37
09.08.2021 00:31:36.454,7.780530000000001,7.77987,0.37,0.37
09.08.2021 00:31:38.465,7.78052,7.77987,0.37,0.37
09.08.2021 00:31:40.474,7.780530000000001,7.77987,0.37,0.37
09.08.2021 00:31:42.485,7.78052,7.77987,0.37,0.37
09.08.2021 00:31:44.330,7.780530000000001,7.77987,0.37,0.37
09.08.2021 00:31:47.336,7.78052,7.77987,0.37,0.37
09.08.2021 00:31:48.338,7.780530000000001,7.77987,0.37,0.37
09.08.2021 00:31:52.726,7.780560000000001,7.77987,0.75,0.37
09.08.2021 00:31:53.733,7.780530000000001,7.77987,0.37,0.37
09.08.2021 00:31:55.738,7.780530000000001,7.779910000000001,0.37,0.37
09.08.2021 00:31:59.361,7.780530000000001,7.77992,0.37,0.37
09.08.2021 00:32:25.414,7.780560000000001,7.7799700000000005,1.12,0.37
09.08.2021 00:32:26.981,7.780550000000001,7.779980000000001,0.37,0.37
09.08.2021 00:32:28.420,7.780560000000001,7.779960000000001,0.37,0.37
09.08.2021 00:32:30.422,7.780550000000001,7.779960000000001,0.37,0.37
09.08.2021 00:33:30.722,7.78068,7.7798300000000005,0.75,0.75
09.08.2021 00:33:30.859,7.78062,7.77988,0.75,0.75
09.08.2021 00:33:31.105,7.780560000000001,7.77988,0.75,0.75
09.08.2021 00:33:31.259,7.780550000000001,7.7799000000000005,0.37,0.75
09.08.2021 00:33:31.414,7.780550000000001,7.77988,0.37,0.37
09.08.2021 00:33:31.798,7.78054,7.779910000000001,0.37,0.37
09.08.2021 00:33:31.899,7.780550000000001,7.77988,0.37,0.37
09.08.2021 00:33:33.550,7.780560000000001,7.77988,0.75,0.37
09.08.2021 00:33:41.148,7.78057,7.77988,0.75,0.37
09.08.2021 00:33:41.251,7.780560000000001,7.77988,0.75,0.37
09.08.2021 00:33:51.581,7.78057,7.77988,0.75,0.37
09.08.2021 00:33:51.742,7.780560000000001,7.77988,0.75,0.37
09.08.2021 00:33:51.853,7.780550000000001,7.77988,0.37,0.37
09.08.2021 00:33:51.903,7.78054,7.779910000000001,0.37,0.37
09.08.2021 00:33:52.004,7.78054,7.77988,0.37,0.37
09.08.2021 00:33:52.962,7.780530000000001,7.77988,0.37,0.37
09.08.2021 00:33:55.658,7.780530000000001,7.77987,0.37,0.37
09.08.2021 00:34:02.012,7.780530000000001,7.77988,0.37,0.37
09.08.2021 00:34:02.066,7.780560000000001,7.77988,0.75,0.37
09.08.2021 00:34:02.267,7.78057,7.77988,1.12,0.37
09.08.2021 00:34:11.185,7.78057,7.77989,0.75,0.37
09.08.2021 00:34:11.286,7.780560000000001,7.77989,0.75,0.37
09.08.2021 00:34:11.929,7.78057,7.77989,0.75,0.37
09.08.2021 00:34:12.030,7.780560000000001,7.77989,0.75,0.37
09.08.2021 00:34:12.686,7.780560000000001,7.779850000000001,0.75,0.37
09.08.2021 00:34:21.933,7.78057,7.779860000000001,0.75,0.37
09.08.2021 00:34:22.034,7.780560000000001,7.779860000000001,0.75,0.37
09.08.2021 00:34:22.235,7.78054,7.779860000000001,0.37,0.37
09.08.2021 00:34:23.387,7.78054,7.77987,0.37,0.37
09.08.2021 00:34:32.345,7.78054,7.77988,0.37,0.37
09.08.2021 00:34:33.404,7.780560000000001,7.77988,1.12,0.37
09.08.2021 00:34:33.796,7.780560000000001,7.77987,1.12,0.37
09.08.2021 00:34:46.642,7.780560000000001,7.77988,1.12,0.37
09.08.2021 00:34:48.142,7.780560000000001,7.77989,0.75,0.37
09.08.2021 00:34:56.981,7.780560000000001,7.7799000000000005,0.75,0.37
09.08.2021 00:34:57.082,7.78057,7.7799000000000005,0.75,0.37
09.08.2021 00:35:07.485,7.78063,7.7799000000000005,0.37,0.37
09.08.2021 00:35:07.635,7.78063,7.779910000000001,0.37,1.5
09.08.2021 00:35:07.750,7.78062,7.779910000000001,0.37,1.5
09.08.2021 00:35:08.749,7.78063,7.779910000000001,0.37,0.75
09.08.2021 00:35:09.482,7.78063,7.780139999999999,0.37,0.37
09.08.2021 00:35:29.791,7.78062,7.780139999999999,0.37,0.37
09.08.2021 00:35:37.210,7.780610000000001,7.780139999999999,0.75,0.37
09.08.2021 00:35:37.310,7.7805800000000005,7.780010000000001,0.75,1.5
09.08.2021 00:35:37.418,7.78057,7.780010000000001,0.75,1.5
09.08.2021 00:35:38.216,7.78057,7.78,0.75,0.75
09.08.2021 00:35:38.267,7.7805800000000005,7.779980000000001,0.75,1.5
09.08.2021 00:35:38.468,7.78057,7.779980000000001,0.75,0.75
09.08.2021 00:35:38.657,7.7805800000000005,7.779980000000001,0.75,0.75
09.08.2021 00:35:38.769,7.78057,7.77999,0.75,0.75
09.08.2021 00:35:39.304,7.78059,7.780030000000001,0.75,0.75
09.08.2021 00:35:39.455,7.780600000000001,7.78004,0.37,0.75
09.08.2021 00:35:40.815,7.78059,7.78004,0.37,0.75
09.08.2021 00:35:44.417,7.780600000000001,7.78004,0.37,1.12
09.08.2021 00:35:46.418,7.78059,7.78004,0.37,1.12
09.08.2021 00:35:48.426,7.780600000000001,7.78004,0.37,1.12
09.08.2021 00:35:49.434,7.78059,7.78004,0.37,1.12
09.08.2021 00:35:52.141,7.7805800000000005,7.78004,0.37,0.75
09.08.2021 00:35:53.142,7.78057,7.78004,0.37,0.75
09.08.2021 00:36:21.642,7.78057,7.780030000000001,0.37,0.75
09.08.2021 00:36:21.895,7.780560000000001,7.780030000000001,0.37,0.75
09.08.2021 00:36:22.281,7.780560000000001,7.78005,0.37,0.75
09.08.2021 00:36:23.293,7.780550000000001,7.7801,0.37,0.37
09.08.2021 00:36:24.295,7.78054,7.7801,0.37,0.37
09.08.2021 00:36:25.296,7.780530000000001,7.7801,0.37,0.37
09.08.2021 00:36:25.629,7.78057,7.78005,0.37,0.75
09.08.2021 00:36:26.453,7.78057,7.780030000000001,0.37,0.75
09.08.2021 00:36:26.553,7.78057,7.78,0.75,0.37
09.08.2021 00:36:26.604,7.7805800000000005,7.77994,0.75,0.37
09.08.2021 00:36:26.705,7.78057,7.77994,0.75,0.37
09.08.2021 00:36:26.812,7.7805800000000005,7.7799000000000005,0.75,0.37
09.08.2021 00:36:26.958,7.78057,7.7799000000000005,0.75,0.37
09.08.2021 00:36:27.108,7.7805800000000005,7.7799000000000005,0.75,0.37
09.08.2021 00:36:28.087,7.7805800000000005,7.77995,0.75,0.37
09.08.2021 00:36:31.008,7.780560000000001,7.77995,0.75,0.37
09.08.2021 00:36:31.059,7.780560000000001,7.77993,0.75,0.37
09.08.2021 00:36:31.160,7.78057,7.77993,0.75,0.37
09.08.2021 00:36:31.691,7.780550000000001,7.77993,0.75,0.37
09.08.2021 00:36:32.509,7.780550000000001,7.77988,0.75,0.37
09.08.2021 00:36:36.097,7.780550000000001,7.77999,0.75,0.37
09.08.2021 00:36:37.303,7.78057,7.77999,0.75,0.37
09.08.2021 00:36:37.406,7.78057,7.77989,0.75,0.37
09.08.2021 00:36:37.557,7.780560000000001,7.77989,0.75,0.37
09.08.2021 00:36:38.807,7.780560000000001,7.77988,0.75,0.37
09.08.2021 00:36:43.299,7.780550000000001,7.77988,0.75,0.37
09.08.2021 00:36:44.255,7.780550000000001,7.780030000000001,0.75,0.37
09.08.2021 00:36:51.105,7.78057,7.780030000000001,0.75,0.37
09.08.2021 00:36:51.156,7.78057,7.77987,0.75,0.37
09.08.2021 00:36:51.256,7.780560000000001,7.779980000000001,0.75,0.37
09.08.2021 00:36:51.357,7.780560000000001,7.77987,0.75,0.37
09.08.2021 00:36:51.458,7.78057,7.77987,0.75,0.37
09.08.2021 00:36:51.559,7.780560000000001,7.77987,0.75,0.37
09.08.2021 00:36:52.666,7.780560000000001,7.77988,0.75,0.37
09.08.2021 00:37:01.593,7.78057,7.77988,0.75,0.37
09.08.2021 00:37:01.747,7.780560000000001,7.77988,0.75,0.37
09.08.2021 00:37:02.556,7.78057,7.77988,0.75,0.37
09.08.2021 00:37:02.703,7.780560000000001,7.77988,0.75,0.37
09.08.2021 00:37:11.111,7.78063,7.77988,0.75,0.37
09.08.2021 00:37:11.161,7.78063,7.77992,0.75,0.37
09.08.2021 00:37:11.262,7.78062,7.77992,0.75,0.37
09.08.2021 00:37:12.613,7.78062,7.779860000000001,0.75,0.75
09.08.2021 00:37:21.232,7.78063,7.77988,2.25,0.75
09.08.2021 00:37:21.352,7.78063,7.77987,2.25,0.75
09.08.2021 00:37:22.335,7.78059,7.77987,0.37,0.75
09.08.2021 00:37:41.680,7.78059,7.77977,0.37,0.37
09.08.2021 00:37:51.101,7.78059,7.77987,0.37,0.75
09.08.2021 00:37:51.205,7.78059,7.779860000000001,0.37,0.75
09.08.2021 00:37:53.083,7.7805800000000005,7.779860000000001,0.37,0.75
09.08.2021 00:38:08.110,7.78057,7.779860000000001,0.37,0.75
09.08.2021 00:38:09.111,7.78054,7.779860000000001,0.37,0.75
09.08.2021 00:38:10.001,7.78054,7.77992,0.37,0.37
09.08.2021 00:38:33.086,7.7805800000000005,7.77988,0.37,0.37
09.08.2021 00:38:51.174,7.7805800000000005,7.779850000000001,0.37,0.75
09.08.2021 00:38:51.275,7.7805800000000005,7.77984,0.37,0.75
09.08.2021 00:38:51.602,7.7805800000000005,7.7798300000000005,0.37,0.37
09.08.2021 00:38:52.217,7.78059,7.77984,0.37,0.75
09.08.2021 00:39:01.578,7.78059,7.779850000000001,0.37,0.75
09.08.2021 00:39:01.705,7.7805800000000005,7.77984,0.37,0.75
09.08.2021 00:39:01.755,7.7805800000000005,7.779860000000001,0.37,0.75
09.08.2021 00:39:01.806,7.7805800000000005,7.77984,0.37,0.75
09.08.2021 00:39:09.233,7.780600000000001,7.77984,0.37,0.75
09.08.2021 00:39:09.575,7.780600000000001,7.77988,0.37,0.37
09.08.2021 00:39:11.275,7.780610000000001,7.77984,0.37,0.75
09.08.2021 00:39:12.130,7.780610000000001,7.779850000000001,0.37,0.75
09.08.2021 00:39:12.270,7.780610000000001,7.77984,0.37,0.75
09.08.2021 00:39:13.295,7.780600000000001,7.77984,0.37,0.75
09.08.2021 00:39:17.250,7.780610000000001,7.77984,0.37,0.75
09.08.2021 00:39:18.250,7.780600000000001,7.77984,0.37,0.75
09.08.2021 00:39:21.528,7.7806500000000005,7.77984,0.75,0.75
09.08.2021 00:39:31.659,7.780660000000001,7.779850000000001,0.75,0.75
09.08.2021 00:39:31.764,7.7806500000000005,7.77984,0.75,0.75
09.08.2021 00:39:32.279,7.780610000000001,7.77984,0.37,0.75
09.08.2021 00:39:33.283,7.780600000000001,7.77984,0.37,0.75
09.08.2021 00:39:36.288,7.780610000000001,7.77984,0.37,0.75
09.08.2021 00:40:01.140,7.780610000000001,7.779850000000001,0.37,0.75
09.08.2021 00:40:01.269,7.780610000000001,7.77984,0.37,1.12
09.08.2021 00:40:01.423,7.780610000000001,7.779850000000001,0.37,0.75
09.08.2021 00:40:01.629,7.780610000000001,7.77984,0.37,0.37
09.08.2021 00:40:02.359,7.7807,7.779800000000001,0.75,0.37
09.08.2021 00:40:03.865,7.780660000000001,7.77984,0.75,0.75
09.08.2021 00:40:11.115,7.780660000000001,7.779850000000001,0.75,0.75
09.08.2021 00:40:11.227,7.7806500000000005,7.77984,0.75,0.75
09.08.2021 00:40:21.233,7.78067,7.779850000000001,0.75,0.75
09.08.2021 00:40:21.340,7.780660000000001,7.77984,0.75,0.75
09.08.2021 00:40:31.682,7.78069,7.779800000000001,0.75,0.37
09.08.2021 00:40:34.077,7.780660000000001,7.77984,0.75,0.75
09.08.2021 00:40:39.414,7.78063,7.77984,0.37,0.75
09.08.2021 00:40:41.422,7.78063,7.779860000000001,0.37,0.37
09.08.2021 00:40:41.862,7.780660000000001,7.77984,0.75,0.75
09.08.2021 00:40:42.210,7.780660000000001,7.7798300000000005,0.75,0.37
09.08.2021 00:40:42.912,7.780660000000001,7.77984,0.75,0.37
09.08.2021 00:40:47.549,7.78067,7.77984,0.75,0.37
09.08.2021 00:40:52.229,7.78068,7.779850000000001,0.75,0.75
09.08.2021 00:40:52.342,7.7805800000000005,7.77984,0.37,1.12
09.08.2021 00:40:52.392,7.780610000000001,7.77984,0.37,0.75
09.08.2021 00:40:52.522,7.780610000000001,7.7798300000000005,0.37,0.75
09.08.2021 00:41:08.496,7.780600000000001,7.7798300000000005,0.37,0.75
09.08.2021 00:41:09.494,7.78059,7.7798300000000005,0.37,0.75
09.08.2021 00:41:10.485,7.78059,7.77988,0.37,0.37
09.08.2021 00:41:41.345,7.780610000000001,7.77984,0.37,0.75
09.08.2021 00:41:41.447,7.780600000000001,7.77987,0.37,0.37
09.08.2021 00:41:41.548,7.780610000000001,7.77984,0.37,0.75
09.08.2021 00:41:41.650,7.780610000000001,7.779850000000001,0.37,0.75
09.08.2021 00:41:42.527,7.780600000000001,7.77984,0.37,0.75
09.08.2021 00:41:43.565,7.78059,7.77984,0.37,0.75
09.08.2021 00:41:44.626,7.7805800000000005,7.77984,0.37,0.75
09.08.2021 00:41:51.607,7.7805800000000005,7.779850000000001,0.37,0.75
09.08.2021 00:41:51.714,7.780600000000001,7.77984,0.37,0.75
09.08.2021 00:41:57.545,7.780600000000001,7.7798300000000005,0.37,0.75
09.08.2021 00:42:21.105,7.780600000000001,7.779850000000001,0.37,0.75
09.08.2021 00:42:21.259,7.780600000000001,7.77984,0.37,0.75
09.08.2021 00:42:22.213,7.780610000000001,7.77984,0.37,0.75
09.08.2021 00:42:23.218,7.780600000000001,7.77984,0.37,0.75
09.08.2021 00:42:32.899,7.780600000000001,7.779850000000001,0.37,0.75
09.08.2021 00:42:33.000,7.780600000000001,7.779860000000001,0.37,0.75
09.08.2021 00:42:33.649,7.7806500000000005,7.779860000000001,0.37,0.75
09.08.2021 00:42:35.924,7.7806500000000005,7.77994,0.37,0.37
09.08.2021 00:42:49.691,7.780710000000001,7.77993,0.75,0.75
09.08.2021 00:42:49.742,7.78074,7.77994,0.75,0.75
09.08.2021 00:42:49.842,7.780710000000001,7.77992,0.75,1.12
09.08.2021 00:42:56.859,7.780710000000001,7.7799700000000005,0.75,0.75
09.08.2021 00:42:56.909,7.780710000000001,7.77993,0.75,0.75
09.08.2021 00:42:57.696,7.780730000000001,7.77993,0.37,0.75
09.08.2021 00:42:58.698,7.7807200000000005,7.77993,0.37,0.75
09.08.2021 00:43:02.706,7.780710000000001,7.77993,0.37,0.75
09.08.2021 00:43:05.722,7.780710000000001,7.779980000000001,0.37,0.37
09.08.2021 00:43:17.738,7.7807,7.77999,0.37,0.37
09.08.2021 00:43:18.741,7.78069,7.78,0.37,0.37
09.08.2021 00:43:21.760,7.78069,7.78002,0.37,0.75
09.08.2021 00:43:21.861,7.78069,7.780010000000001,0.37,0.75
09.08.2021 00:43:21.965,7.78069,7.78002,0.37,0.75
09.08.2021 00:43:22.068,7.78069,7.780010000000001,0.37,0.75
09.08.2021 00:43:22.127,7.780730000000001,7.780010000000001,0.37,1.12
09.08.2021 00:43:22.415,7.780730000000001,7.780060000000001,0.37,0.37
09.08.2021 00:43:23.751,7.78074,7.780060000000001,0.37,0.37
09.08.2021 00:43:24.768,7.780730000000001,7.780060000000001,0.37,0.37
09.08.2021 00:43:25.752,7.7807200000000005,7.780060000000001,0.37,0.37
09.08.2021 00:43:32.316,7.7807200000000005,7.78007,0.37,0.37
09.08.2021 00:43:32.458,7.7807200000000005,7.7800899999999995,0.37,0.37
09.08.2021 00:43:33.772,7.78074,7.7800899999999995,0.37,0.37
09.08.2021 00:43:35.226,7.780730000000001,7.7800899999999995,0.37,0.37
09.08.2021 00:43:58.380,7.780780000000001,7.7800899999999995,1.5,0.37
09.08.2021 00:43:59.823,7.7807200000000005,7.7800899999999995,0.37,0.37
09.08.2021 00:44:00.843,7.780710000000001,7.7800899999999995,0.37,0.37
09.08.2021 00:44:22.629,7.78062,7.7800899999999995,0.75,0.37
09.08.2021 00:44:22.730,7.780600000000001,7.7800899999999995,0.75,0.37
09.08.2021 00:44:30.677,7.78062,7.7800899999999995,0.75,0.37
09.08.2021 00:44:31.138,7.780600000000001,7.7800899999999995,0.75,0.37
09.08.2021 00:44:37.677,7.7806500000000005,7.7800899999999995,0.37,0.37
09.08.2021 00:44:37.728,7.78062,7.7803,0.75,0.75
09.08.2021 00:44:49.631,7.78064,7.78023,0.75,0.37
09.08.2021 00:44:52.455,7.780660000000001,7.78023,0.75,0.37
09.08.2021 00:44:52.606,7.78064,7.78023,0.75,0.37
09.08.2021 00:45:07.970,7.78063,7.78023,0.75,0.37
09.08.2021 00:45:08.120,7.78062,7.7803,0.75,0.75
09.08.2021 00:45:14.084,7.780560000000001,7.7803,0.37,0.75
09.08.2021 00:45:19.082,7.78062,7.7803,0.75,0.75
09.08.2021 00:46:21.390,7.78063,7.78022,0.75,0.75
09.08.2021 00:46:21.593,7.78063,7.780139999999999,0.75,0.37
09.08.2021 00:46:21.897,7.78063,7.780150000000001,0.75,0.75
09.08.2021 00:46:21.999,7.78063,7.780139999999999,0.75,0.37
09.08.2021 00:46:23.814,7.78063,7.780150000000001,0.75,0.37
09.08.2021 00:46:33.093,7.78063,7.78023,0.75,0.37
09.08.2021 00:46:33.244,7.78063,7.780139999999999,0.75,0.37
09.08.2021 00:46:35.138,7.78063,7.780150000000001,0.75,0.37
09.08.2021 00:46:37.144,7.78063,7.780160000000001,0.75,0.37
09.08.2021 00:46:38.147,7.78063,7.78017,0.75,0.37
09.08.2021 00:46:38.962,7.78062,7.7803,0.75,0.75
09.08.2021 00:47:01.094,7.78064,7.780139999999999,0.75,0.75
09.08.2021 00:47:01.245,7.78063,7.78022,2.25,0.75
09.08.2021 00:47:01.396,7.78063,7.780130000000001,2.62,0.75
09.08.2021 00:47:06.404,7.78063,7.78017,2.25,0.37
09.08.2021 00:47:09.073,7.78062,7.7803,0.75,0.75
09.08.2021 00:48:01.217,7.78063,7.78022,2.25,0.75
09.08.2021 00:48:01.395,7.78063,7.78023,2.25,0.37
09.08.2021 00:48:01.546,7.78063,7.78022,2.25,0.75
09.08.2021 00:48:01.597,7.78067,7.780150000000001,0.37,0.37
09.08.2021 00:48:01.647,7.78063,7.780150000000001,2.25,0.37
09.08.2021 00:48:02.563,7.78063,7.78019,2.25,0.37
09.08.2021 00:48:09.298,7.78062,7.7803,0.75,0.75
09.08.2021 00:48:37.352,7.780660000000001,7.78035,0.75,0.75
09.08.2021 00:48:38.332,7.7806500000000005,7.78035,0.75,0.75
09.08.2021 00:49:07.535,7.78068,7.78035,0.75,0.75
09.08.2021 00:49:09.528,7.78063,7.78035,0.75,0.75
09.08.2021 00:49:11.455,7.78057,7.78035,0.37,0.75
09.08.2021 00:49:26.488,7.780560000000001,7.78035,0.37,0.75
09.08.2021 00:50:35.658,7.78068,7.78035,0.75,0.75
09.08.2021 00:51:01.116,7.7806500000000005,7.78035,0.75,0.75
09.08.2021 00:52:45.894,7.780610000000001,7.78035,0.37,0.75
09.08.2021 00:52:52.909,7.78059,7.78035,0.37,0.75
09.08.2021 00:52:53.913,7.7805800000000005,7.78035,0.37,0.75
09.08.2021 00:52:55.915,7.78057,7.78035,0.37,0.75
09.08.2021 00:52:58.921,7.780560000000001,7.78035,0.37,0.75
09.08.2021 00:53:08.940,7.780550000000001,7.78035,0.37,1.12
09.08.2021 00:53:53.133,7.780550000000001,7.7804,0.37,0.75
09.08.2021 00:53:53.183,7.780730000000001,7.78042,0.75,0.75
09.08.2021 00:53:53.284,7.780880000000001,7.780550000000001,0.85,0.75
09.08.2021 00:53:53.428,7.780880000000001,7.780550000000001,0.82,0.75
09.08.2021 00:54:21.526,7.780889999999999,7.7805,0.75,0.37
09.08.2021 00:54:22.902,7.780889999999999,7.78052,0.75,0.37
09.08.2021 00:54:23.317,7.780880000000001,7.780550000000001,0.75,0.75
09.08.2021 00:54:31.973,7.78087,7.780550000000001,0.75,0.75
09.08.2021 00:54:32.023,7.780830000000001,7.7805,0.75,1.12
09.08.2021 00:54:41.241,7.7808600000000006,7.780430000000001,0.82,0.37
09.08.2021 00:54:48.978,7.780780000000001,7.78045,0.75,0.75
09.08.2021 00:54:53.504,7.780830000000001,7.7805,0.85,0.75
09.08.2021 00:54:53.555,7.780830000000001,7.7805,0.82,0.75
09.08.2021 00:55:10.353,7.78085,7.780430000000001,0.45,0.37
09.08.2021 00:55:10.403,7.780880000000001,7.78047,1.22,0.37
09.08.2021 00:55:10.454,7.780880000000001,7.78047,1.22,0.37
09.08.2021 00:55:10.504,7.780880000000001,7.780550000000001,2.35,0.75
09.08.2021 00:55:10.605,7.780880000000001,7.780550000000001,0.75,0.75
09.08.2021 00:55:30.254,7.780900000000001,7.78052,0.82,0.37
09.08.2021 00:55:31.665,7.780900000000001,7.780480000000001,0.82,0.37
09.08.2021 00:55:40.779,7.780880000000001,7.780550000000001,0.75,0.75
09.08.2021 00:55:55.461,7.7808600000000006,7.780550000000001,0.37,0.75
09.08.2021 00:56:37.980,7.780880000000001,7.780550000000001,0.75,0.75
09.08.2021 00:57:33.750,7.78082,7.7805,0.75,0.75
09.08.2021 00:57:50.190,7.7808399999999995,7.780430000000001,0.75,0.37
09.08.2021 00:57:51.097,7.7808399999999995,7.78044,0.75,0.37
09.08.2021 00:57:53.131,7.780760000000001,7.78044,0.37,0.37
09.08.2021 00:58:03.780,7.780760000000001,7.7805,0.37,0.75
09.08.2021 00:58:07.680,7.78087,7.78054,2.25,0.75
09.08.2021 00:58:12.090,7.7808600000000006,7.78054,0.37,0.75
09.08.2021 00:58:13.096,7.78085,7.78054,0.37,0.75
09.08.2021 00:58:14.102,7.7808399999999995,7.78054,0.37,0.75
09.08.2021 00:58:19.582,7.78087,7.78054,2.62,0.75
09.08.2021 00:58:21.136,7.7808600000000006,7.78054,0.37,0.75
09.08.2021 00:58:27.401,7.78087,7.78054,2.25,0.75
09.08.2021 00:58:37.729,7.780830000000001,7.78054,0.75,0.75
09.08.2021 00:58:51.622,7.7808600000000006,7.78054,0.37,0.37
09.08.2021 00:58:51.672,7.780830000000001,7.78054,0.75,1.12
09.08.2021 00:59:30.982,7.7808600000000006,7.78054,0.37,0.75
09.08.2021 00:59:31.033,7.7808600000000006,7.780600000000001,0.37,0.75
09.08.2021 00:59:32.163,7.780889999999999,7.780600000000001,0.37,0.75
09.08.2021 00:59:40.763,7.780900000000001,7.780600000000001,0.37,0.75
09.08.2021 00:59:42.748,7.780910000000001,7.780600000000001,0.37,0.75
09.08.2021 00:59:46.519,7.78087,7.780550000000001,0.75,0.75
09.08.2021 00:59:46.687,7.780910000000001,7.780600000000001,0.37,0.75
09.08.2021 00:59:46.737,7.780880000000001,7.780550000000001,0.75,0.75
09.08.2021 00:59:46.888,7.780780000000001,7.7805,0.75,0.37
09.08.2021 00:59:46.939,7.78074,7.78045,0.75,0.75
09.08.2021 00:59:48.672,7.780760000000001,7.780480000000001,0.75,0.75
09.08.2021 00:59:48.773,7.78077,7.780550000000001,0.37,0.75
09.08.2021 00:59:48.823,7.7808600000000006,7.780550000000001,0.37,0.75
09.08.2021 00:59:49.765,7.780880000000001,7.780550000000001,2.7,0.75
09.08.2021 01:00:10.078,7.780889999999999,7.78052,0.85,0.37
09.08.2021 01:00:10.582,7.780889999999999,7.78052,0.82,0.37
09.08.2021 01:00:12.076,7.780900000000001,7.78052,0.82,0.37
09.08.2021 01:00:12.127,7.780900000000001,7.780480000000001,0.82,0.37
09.08.2021 01:00:19.104,7.780880000000001,7.780550000000001,0.75,0.75
09.08.2021 01:00:28.008,7.78087,7.780550000000001,0.37,0.75
09.08.2021 01:00:36.410,7.780880000000001,7.780550000000001,0.75,0.75
09.08.2021 01:00:43.521,7.78087,7.780550000000001,0.37,0.75
09.08.2021 01:00:48.002,7.78087,7.78044,0.75,0.37
09.08.2021 01:00:48.053,7.78087,7.780480000000001,0.37,0.37
09.08.2021 01:00:48.888,7.780900000000001,7.780480000000001,1.2,0.37
09.08.2021 01:00:49.315,7.780880000000001,7.780550000000001,0.75,0.75
09.08.2021 01:01:00.129,7.78087,7.780550000000001,0.37,0.75
09.08.2021 01:01:16.934,7.7808399999999995,7.780550000000001,0.37,0.75
09.08.2021 01:01:17.903,7.7808399999999995,7.780460000000001,0.37,0.37
09.08.2021 01:01:17.954,7.7808399999999995,7.780480000000001,0.37,0.37
09.08.2021 01:01:18.942,7.780830000000001,7.780480000000001,0.37,0.37
09.08.2021 01:01:19.527,7.780830000000001,7.780550000000001,0.37,0.75
09.08.2021 01:01:19.945,7.78082,7.780550000000001,0.37,0.75
09.08.2021 01:01:24.457,7.780810000000001,7.780550000000001,0.37,0.75
09.08.2021 01:01:25.937,7.78082,7.780550000000001,0.37,0.75
09.08.2021 01:01:37.281,7.7808600000000006,7.780550000000001,0.75,0.75
09.08.2021 01:01:37.332,7.780880000000001,7.780550000000001,2.25,0.75
09.08.2021 01:01:37.441,7.78087,7.780550000000001,0.37,0.75
09.08.2021 01:01:50.101,7.7808600000000006,7.780550000000001,0.75,0.75
09.08.2021 01:01:50.319,7.780880000000001,7.780550000000001,2.25,0.75
09.08.2021 01:01:50.789,7.78087,7.780550000000001,0.37,0.75
09.08.2021 01:02:01.032,7.780880000000001,7.780550000000001,2.62,0.75
09.08.2021 01:02:01.612,7.78087,7.780550000000001,0.37,0.75
09.08.2021 01:02:02.712,7.7808600000000006,7.780550000000001,0.37,0.75
09.08.2021 01:02:06.037,7.78087,7.780550000000001,0.75,0.75
09.08.2021 01:02:19.886,7.7808600000000006,7.780550000000001,0.75,0.75
09.08.2021 01:02:22.071,7.7808399999999995,7.780550000000001,0.75,0.75
09.08.2021 01:02:24.117,7.7808600000000006,7.780550000000001,0.37,0.75
09.08.2021 01:02:24.218,7.78087,7.780550000000001,0.45,0.75
09.08.2021 01:02:25.455,7.78085,7.780550000000001,0.75,0.75
09.08.2021 01:02:26.791,7.78087,7.780550000000001,0.37,0.75
09.08.2021 01:02:26.905,7.780880000000001,7.780550000000001,2.32,0.75
09.08.2021 01:02:27.789,7.78087,7.780550000000001,0.37,0.75
09.08.2021 01:03:09.165,7.780830000000001,7.780550000000001,0.37,0.75
09.08.2021 01:03:11.646,7.780830000000001,7.7805,0.37,0.37
09.08.2021 01:03:16.532,7.78082,7.780510000000001,0.37,0.37
09.08.2021 01:03:19.907,7.78082,7.780550000000001,0.37,0.75
09.08.2021 01:03:21.552,7.780810000000001,7.780550000000001,0.37,0.75
09.08.2021 01:03:39.063,7.78087,7.780550000000001,0.37,0.75
09.08.2021 01:03:41.635,7.78077,7.78045,0.75,1.12
09.08.2021 01:03:41.937,7.780760000000001,7.78045,0.37,0.75
09.08.2021 01:03:46.060,7.78075,7.78045,0.37,0.75
09.08.2021 01:03:46.636,7.78075,7.780480000000001,0.37,0.75
09.08.2021 01:03:46.740,7.78077,7.78045,0.75,0.75
09.08.2021 01:03:46.790,7.78079,7.780480000000001,0.37,0.75
09.08.2021 01:03:46.891,7.78077,7.780460000000001,0.75,0.75
09.08.2021 01:03:46.993,7.780780000000001,7.780560000000001,0.75,0.75
09.08.2021 01:03:47.043,7.78077,7.780460000000001,0.75,1.12
09.08.2021 01:03:47.159,7.780760000000001,7.780460000000001,0.75,1.12
09.08.2021 01:03:48.728,7.780780000000001,7.780480000000001,0.37,0.75
09.08.2021 01:03:48.829,7.78079,7.780550000000001,0.37,0.75
09.08.2021 01:03:48.929,7.7808600000000006,7.780550000000001,2.25,0.75
09.08.2021 01:03:55.974,7.7808600000000006,7.780600000000001,0.37,0.75
09.08.2021 01:03:56.075,7.780900000000001,7.7806500000000005,0.75,0.75
09.08.2021 01:03:56.126,7.78092,7.7806500000000005,0.75,0.75
09.08.2021 01:03:58.204,7.780930000000001,7.7806500000000005,2.25,0.75
09.08.2021 01:04:11.730,7.7808600000000006,7.78057,0.75,0.37
09.08.2021 01:04:11.781,7.7808600000000006,7.780550000000001,0.75,0.75
09.08.2021 01:04:11.832,7.780900000000001,7.780600000000001,2.25,0.75
09.08.2021 01:04:11.883,7.7808600000000006,7.780550000000001,0.75,0.75
09.08.2021 01:04:11.983,7.78085,7.780600000000001,0.37,0.75
09.08.2021 01:04:12.034,7.78085,7.780550000000001,0.37,0.75
09.08.2021 01:04:12.084,7.780900000000001,7.780600000000001,0.75,0.75
09.08.2021 01:04:12.185,7.780930000000001,7.7806500000000005,0.75,0.75
09.08.2021 01:04:23.319,7.780930000000001,7.780530000000001,0.75,0.37
09.08.2021 01:04:24.082,7.780950000000001,7.78054,0.75,0.75
09.08.2021 01:04:24.132,7.780950000000001,7.78057,0.75,0.37
09.08.2021 01:04:25.241,7.780950000000001,7.78054,0.75,0.75
09.08.2021 01:04:37.222,7.78092,7.78054,0.37,0.75
09.08.2021 01:04:37.346,7.78092,7.7805800000000005,0.37,0.37
09.08.2021 01:04:40.231,7.780910000000001,7.78063,0.37,0.37
09.08.2021 01:04:41.232,7.780900000000001,7.78063,0.37,0.37
09.08.2021 01:04:42.174,7.780900000000001,7.7806500000000005,0.37,0.75
09.08.2021 01:04:43.452,7.78087,7.7806500000000005,0.37,0.75
09.08.2021 01:04:51.135,7.780930000000001,7.7806500000000005,0.75,0.75
09.08.2021 01:04:51.611,7.780960000000001,7.780530000000001,0.37,0.37
09.08.2021 01:04:51.685,7.780930000000001,7.780530000000001,2.25,0.37
09.08.2021 01:05:02.364,7.780910000000001,7.780560000000001,0.75,0.75
09.08.2021 01:05:02.415,7.780930000000001,7.780560000000001,0.75,0.75
09.08.2021 01:05:04.299,7.78092,7.780560000000001,0.37,0.75
09.08.2021 01:05:04.398,7.78092,7.7805800000000005,0.37,0.37
09.08.2021 01:05:06.405,7.780910000000001,7.78059,0.37,0.37
09.08.2021 01:05:08.319,7.780889999999999,7.780610000000001,0.37,0.37
09.08.2021 01:05:09.322,7.780880000000001,7.780610000000001,0.37,0.37
09.08.2021 01:05:11.329,7.78087,7.780610000000001,0.37,0.37
09.08.2021 01:05:12.202,7.78087,7.7806500000000005,0.37,0.75
09.08.2021 01:05:12.331,7.7808600000000006,7.7806500000000005,0.37,0.75
09.08.2021 01:05:16.434,7.7808600000000006,7.780550000000001,0.75,0.75
09.08.2021 01:05:16.485,7.780889999999999,7.780600000000001,0.75,0.75
09.08.2021 01:05:16.586,7.7808600000000006,7.780550000000001,0.75,0.75
09.08.2021 01:05:16.636,7.78092,7.7806500000000005,1.12,0.75
09.08.2021 01:05:44.562,7.780930000000001,7.78054,0.75,1.12
09.08.2021 01:05:45.482,7.780930000000001,7.780550000000001,0.75,0.37
09.08.2021 01:05:46.863,7.780930000000001,7.78062,2.25,0.37
09.08.2021 01:05:48.804,7.780930000000001,7.7806500000000005,2.25,0.75
09.08.2021 01:05:51.236,7.780950000000001,7.7806500000000005,2.25,0.75
09.08.2021 01:05:51.353,7.78094,7.7806500000000005,0.37,0.75
09.08.2021 01:05:51.525,7.780930000000001,7.7806500000000005,0.75,0.75
09.08.2021 01:06:02.290,7.780930000000001,7.78062,0.75,0.75
09.08.2021 01:06:06.530,7.78092,7.78062,0.37,0.75
09.08.2021 01:06:07.458,7.780930000000001,7.78062,0.75,0.75
09.08.2021 01:06:18.904,7.78094,7.7806500000000005,0.75,0.75
09.08.2021 01:06:29.089,7.780930000000001,7.7806500000000005,0.75,0.75
09.08.2021 01:06:29.190,7.780930000000001,7.78057,2.25,0.75
09.08.2021 01:06:38.287,7.780930000000001,7.78059,0.75,0.75
09.08.2021 01:06:38.390,7.780930000000001,7.78062,0.75,0.75
09.08.2021 01:06:48.928,7.780930000000001,7.7806500000000005,0.75,0.75
09.08.2021 01:06:58.263,7.780950000000001,7.7806500000000005,0.85,0.75
09.08.2021 01:06:59.113,7.78085,7.780550000000001,0.75,0.75
09.08.2021 01:06:59.214,7.78092,7.78067,0.37,0.75
09.08.2021 01:06:59.315,7.7809800000000005,7.7808,0.37,0.75
09.08.2021 01:06:59.365,7.781080000000001,7.7808399999999995,0.85,0.75
09.08.2021 01:06:59.416,7.7811200000000005,7.78075,0.75,0.37
09.08.2021 01:06:59.466,7.781130000000001,7.78085,0.75,0.75
09.08.2021 01:06:59.567,7.7810500000000005,7.780830000000001,0.75,0.75
09.08.2021 01:06:59.668,7.781060000000001,7.780830000000001,0.75,0.75
09.08.2021 01:07:00.093,7.7811200000000005,7.780889999999999,0.75,0.75
09.08.2021 01:07:00.496,7.7811,7.780889999999999,0.75,0.75
09.08.2021 01:07:00.647,7.781110000000001,7.780889999999999,0.75,0.75
09.08.2021 01:07:00.785,7.7811,7.780889999999999,0.75,0.75
09.08.2021 01:07:00.987,7.7811,7.780830000000001,0.75,0.75
09.08.2021 01:07:01.114,7.781110000000001,7.780830000000001,2.25,0.75
09.08.2021 01:07:01.619,7.781210000000001,7.780780000000001,0.37,0.37
09.08.2021 01:07:01.670,7.781110000000001,7.780830000000001,0.75,0.75
09.08.2021 01:07:21.115,7.781210000000001,7.780780000000001,0.37,0.37
09.08.2021 01:07:31.203,7.781110000000001,7.780830000000001,0.75,0.75
09.08.2021 01:07:59.116,7.781210000000001,7.780780000000001,0.37,0.37
09.08.2021 01:07:59.167,7.781210000000001,7.780780000000001,0.47,0.37
09.08.2021 01:07:59.268,7.78114,7.780780000000001,0.82,0.37
09.08.2021 01:07:59.380,7.78114,7.780780000000001,0.85,0.37
09.08.2021 01:07:59.688,7.78114,7.780780000000001,0.82,0.37
09.08.2021 01:07:59.738,7.781180000000001,7.780780000000001,0.45,0.37
09.08.2021 01:07:59.789,7.781210000000001,7.780780000000001,0.47,0.37
09.08.2021 01:08:00.193,7.781210000000001,7.780780000000001,0.37,0.37
09.08.2021 01:08:00.621,7.78122,7.78079,0.37,0.37
09.08.2021 01:08:04.092,7.781110000000001,7.780830000000001,0.75,0.75
09.08.2021 01:08:06.379,7.7812,7.78092,0.75,0.75
09.08.2021 01:08:06.480,7.78125,7.78097,0.75,0.75
09.08.2021 01:08:06.581,7.781300000000001,7.78102,0.75,0.75
09.08.2021 01:08:06.632,7.78139,7.78092,0.37,0.75
09.08.2021 01:08:06.682,7.781300000000001,7.78102,0.75,0.75
09.08.2021 01:08:06.783,7.78149,7.781000000000001,0.82,0.37
09.08.2021 01:08:06.984,7.78149,7.78103,0.37,0.75
09.08.2021 01:08:07.035,7.78149,7.781000000000001,0.37,1.12
09.08.2021 01:08:07.186,7.78149,7.78102,0.37,0.75
09.08.2021 01:08:07.293,7.781580000000001,7.78103,1.6,0.75
09.08.2021 01:08:07.487,7.781580000000001,7.78103,1.6,0.75
09.08.2021 01:08:08.347,7.781580000000001,7.78103,2.72,0.75
09.08.2021 01:08:10.417,7.781580000000001,7.78103,2.72,0.75
09.08.2021 01:08:13.474,7.781580000000001,7.78102,1.22,1.2
09.08.2021 01:08:13.575,7.781580000000001,7.78104,0.37,0.75
09.08.2021 01:08:13.744,7.781580000000001,7.781080000000001,0.37,0.75
09.08.2021 01:08:13.794,7.78172,7.781080000000001,0.85,0.75
09.08.2021 01:08:13.959,7.78172,7.781080000000001,0.82,0.75
09.08.2021 01:08:15.964,7.78172,7.781080000000001,0.85,0.75
09.08.2021 01:08:17.774,7.7817300000000005,7.78107,0.85,0.45
09.08.2021 01:08:17.828,7.78169,7.78107,0.75,0.37
09.08.2021 01:08:17.929,7.781680000000001,7.78107,0.75,0.37
09.08.2021 01:08:17.980,7.781750000000001,7.78109,2.35,0.75
09.08.2021 01:08:18.095,7.7817300000000005,7.78107,0.82,1.12
09.08.2021 01:08:19.734,7.7817300000000005,7.78107,0.85,1.12
09.08.2021 01:08:20.728,7.7817300000000005,7.781080000000001,0.85,0.37
09.08.2021 01:08:25.069,7.78174,7.78109,0.85,0.75
09.08.2021 01:08:26.948,7.781750000000001,7.781080000000001,0.85,0.75
09.08.2021 01:08:26.999,7.781750000000001,7.781080000000001,0.75,0.75
09.08.2021 01:08:27.324,7.78174,7.78107,0.75,0.75
09.08.2021 01:08:27.642,7.78174,7.78107,0.85,0.75
09.08.2021 01:08:28.071,7.78174,7.781080000000001,0.85,0.37
09.08.2021 01:08:29.774,7.781680000000001,7.78109,0.26,0.37
09.08.2021 01:08:29.886,7.78152,7.78102,0.37,0.75
09.08.2021 01:08:29.987,7.781510000000001,7.781010000000001,0.75,0.37
09.08.2021 01:08:30.088,7.781480000000001,7.781010000000001,0.75,0.37
09.08.2021 01:08:30.138,7.781480000000001,7.78092,0.75,0.75
09.08.2021 01:08:30.295,7.78147,7.780910000000001,0.75,0.37
09.08.2021 01:08:30.345,7.781310000000001,7.78103,0.75,0.75
09.08.2021 01:08:31.635,7.78147,7.78092,0.37,0.37
09.08.2021 01:08:31.816,7.781510000000001,7.780930000000001,0.37,0.37
09.08.2021 01:08:32.573,7.781510000000001,7.780950000000001,0.37,0.75
09.08.2021 01:08:32.688,7.781510000000001,7.78094,0.37,0.75
09.08.2021 01:08:32.826,7.781530000000001,7.780950000000001,0.37,0.37
09.08.2021 01:08:33.316,7.781530000000001,7.78097,0.75,0.37
09.08.2021 01:08:37.934,7.78152,7.78097,0.75,1.12
09.08.2021 01:08:38.035,7.781530000000001,7.78102,0.37,0.75
09.08.2021 01:08:38.435,7.781530000000001,7.781010000000001,0.37,0.75
09.08.2021 01:08:39.326,7.781560000000001,7.781010000000001,1.12,0.75
09.08.2021 01:08:39.782,7.781560000000001,7.78103,0.37,0.75
09.08.2021 01:08:39.883,7.78157,7.78103,0.75,0.75
09.08.2021 01:08:41.162,7.781580000000001,7.78102,0.37,0.75
09.08.2021 01:08:44.845,7.78157,7.78103,0.37,0.37
09.08.2021 01:08:45.846,7.781560000000001,7.78104,0.37,0.37
09.08.2021 01:08:46.177,7.78155,7.78104,0.75,0.37
09.08.2021 01:08:46.430,7.781530000000001,7.78104,0.37,0.37
09.08.2021 01:08:46.848,7.781530000000001,7.78099,0.37,0.37
09.08.2021 01:08:51.859,7.781530000000001,7.7809800000000005,0.37,0.37
09.08.2021 01:08:53.042,7.781530000000001,7.78102,0.37,0.37
09.08.2021 01:09:03.718,7.781410000000001,7.78114,0.75,0.75
09.08.2021 01:09:03.919,7.7814000000000005,7.7811200000000005,0.75,0.75
09.08.2021 01:09:17.309,7.78152,7.781060000000001,0.37,0.37
09.08.2021 01:09:18.084,7.78147,7.781110000000001,0.37,0.37
09.08.2021 01:09:19.916,7.781460000000001,7.781110000000001,0.37,0.37
09.08.2021 01:09:21.264,7.781530000000001,7.7810500000000005,0.37,0.37
09.08.2021 01:09:22.344,7.78154,7.7810500000000005,1.2,0.75
09.08.2021 01:09:22.445,7.781610000000001,7.78103,0.37,0.37
09.08.2021 01:09:22.646,7.781630000000001,7.7811200000000005,0.75,0.75
09.08.2021 01:09:22.747,7.781350000000001,7.78107,0.75,0.75
09.08.2021 01:09:31.606,7.78149,7.781000000000001,0.47,0.37
09.08.2021 01:09:32.385,7.781350000000001,7.78107,0.75,0.75
09.08.2021 01:09:35.208,7.7814000000000005,7.7811200000000005,0.75,0.75
09.08.2021 01:09:35.523,7.78165,7.78137,1.12,0.37
09.08.2021 01:09:35.573,7.78177,7.781180000000001,0.85,0.47
09.08.2021 01:09:35.624,7.78179,7.7812399999999995,0.85,0.37
09.08.2021 01:09:35.675,7.781810000000001,7.78125,0.75,0.37
09.08.2021 01:09:35.775,7.78162,7.78125,0.37,0.37
09.08.2021 01:09:35.876,7.781880000000001,7.78144,0.37,0.75
09.08.2021 01:09:35.977,7.781980000000001,7.78137,0.47,0.82
09.08.2021 01:09:36.027,7.781980000000001,7.78157,0.47,0.75
09.08.2021 01:09:36.078,7.781980000000001,7.78157,0.37,0.75
09.08.2021 01:09:36.788,7.782030000000001,7.78157,0.85,0.75
09.08.2021 01:09:38.072,7.782030000000001,7.78157,0.82,0.75
09.08.2021 01:09:52.234,7.78207,7.7815,0.55,0.75
09.08.2021 01:09:52.284,7.7819,7.78162,0.75,0.75
09.08.2021 01:11:30.081,7.7818000000000005,7.78152,0.75,0.75
09.08.2021 01:11:39.200,7.7818000000000005,7.781530000000001,0.75,0.37
09.08.2021 01:11:55.055,7.7818000000000005,7.78152,0.75,0.75
09.08.2021 01:11:57.193,7.781860000000001,7.78147,0.37,0.75
09.08.2021 01:11:57.244,7.781860000000001,7.78157,0.37,0.75
09.08.2021 01:12:00.131,7.7818000000000005,7.78157,0.75,0.75
09.08.2021 01:12:06.438,7.7818000000000005,7.78152,0.75,0.75
09.08.2021 01:12:07.259,7.7818000000000005,7.78155,0.75,0.37
09.08.2021 01:12:10.264,7.7818000000000005,7.781560000000001,0.75,0.37
09.08.2021 01:12:42.727,7.781750000000001,7.781560000000001,0.75,0.37
09.08.2021 01:12:42.777,7.781750000000001,7.78149,0.75,0.75
09.08.2021 01:13:00.758,7.781760000000001,7.781480000000001,0.75,0.75
09.08.2021 01:13:04.447,7.781710000000001,7.78143,0.75,2.25
09.08.2021 01:13:04.548,7.781710000000001,7.78144,0.75,0.37
09.08.2021 01:13:04.649,7.781710000000001,7.78143,0.75,2.25
09.08.2021 01:13:11.659,7.781660000000001,7.78138,0.75,1.5
09.08.2021 01:13:11.760,7.781710000000001,7.78143,0.75,0.75
09.08.2021 01:13:15.986,7.781660000000001,7.7813300000000005,0.75,0.75
09.08.2021 01:13:16.036,7.781610000000001,7.7813300000000005,0.75,0.75
09.08.2021 01:13:16.797,7.781560000000001,7.781280000000001,0.75,0.75
09.08.2021 01:13:16.898,7.781510000000001,7.781230000000001,0.75,0.75
09.08.2021 01:13:18.900,7.78144,7.781130000000001,0.75,0.82
09.08.2021 01:13:18.950,7.781360000000001,7.781080000000001,0.75,0.75
09.08.2021 01:13:28.935,7.781310000000001,7.78103,0.75,0.75
09.08.2021 01:13:32.613,7.781260000000001,7.7809800000000005,0.75,0.75
09.08.2021 01:13:37.511,7.781360000000001,7.781080000000001,0.75,0.75
09.08.2021 01:13:37.662,7.78137,7.781130000000001,0.37,0.75
09.08.2021 01:13:37.712,7.781410000000001,7.781130000000001,0.75,0.75
09.08.2021 01:13:37.813,7.781460000000001,7.781180000000001,0.75,0.75
09.08.2021 01:13:47.284,7.781410000000001,7.78114,0.75,0.75
09.08.2021 01:13:53.986,7.78149,7.781230000000001,0.37,0.75
09.08.2021 01:13:54.238,7.781510000000001,7.781230000000001,0.75,0.75
09.08.2021 01:14:08.155,7.7816,7.78119,0.75,0.37
09.08.2021 01:14:08.205,7.781610000000001,7.7813300000000005,0.75,0.75
09.08.2021 01:14:08.407,7.781580000000001,7.781280000000001,0.75,0.75
09.08.2021 01:14:08.457,7.781560000000001,7.781280000000001,0.75,0.75
09.08.2021 01:14:30.125,7.7816399999999994,7.781230000000001,0.75,0.37
09.08.2021 01:14:31.553,7.7816399999999994,7.7812399999999995,0.37,0.37
09.08.2021 01:14:32.555,7.7816399999999994,7.781230000000001,0.37,0.37
09.08.2021 01:14:38.706,7.781560000000001,7.781280000000001,0.75,0.75
09.08.2021 01:15:50.203,7.781560000000001,7.7813300000000005,0.75,0.75
09.08.2021 01:16:06.354,7.781610000000001,7.78138,0.75,0.75
09.08.2021 01:16:11.804,7.781710000000001,7.781280000000001,0.45,0.37
09.08.2021 01:16:11.928,7.781610000000001,7.78138,0.75,0.75
09.08.2021 01:16:17.155,7.781660000000001,7.78143,0.75,0.75
09.08.2021 01:16:17.256,7.781610000000001,7.78138,0.75,0.75
09.08.2021 01:16:17.671,7.78167,7.78142,0.75,0.75
09.08.2021 01:16:17.790,7.781710000000001,7.78145,0.75,0.75
09.08.2021 01:16:17.890,7.781700000000001,7.781410000000001,0.75,0.75
09.08.2021 01:16:18.684,7.781660000000001,7.78137,0.75,0.37
09.08.2021 01:16:18.785,7.7816,7.781310000000001,0.75,0.75
09.08.2021 01:16:19.043,7.781580000000001,7.781260000000001,0.75,0.75
09.08.2021 01:16:19.093,7.78155,7.781260000000001,0.75,0.75
09.08.2021 01:16:19.208,7.78155,7.78127,0.75,0.75
09.08.2021 01:16:19.309,7.78155,7.781260000000001,0.75,0.75
09.08.2021 01:16:19.481,7.78162,7.7812399999999995,0.37,0.37
09.08.2021 01:16:19.531,7.78155,7.78139,0.75,0.37
09.08.2021 01:16:19.633,7.78155,7.78127,0.75,0.75
09.08.2021 01:16:19.683,7.78155,7.78138,0.75,0.75
09.08.2021 01:16:19.784,7.78155,7.781360000000001,0.75,0.37
09.08.2021 01:16:20.767,7.78155,7.78137,0.75,0.37
09.08.2021 01:16:21.756,7.781700000000001,7.78147,0.75,0.75
09.08.2021 01:16:21.807,7.78185,7.781560000000001,0.82,0.75
09.08.2021 01:16:21.857,7.78167,7.781410000000001,0.75,0.75
09.08.2021 01:16:21.958,7.78155,7.78138,0.75,1.5
09.08.2021 01:16:22.410,7.78185,7.781560000000001,0.85,0.75
09.08.2021 01:16:22.461,7.7819,7.7816,0.82,0.75
09.08.2021 01:16:22.612,7.78192,7.78167,0.37,0.75
09.08.2021 01:16:22.763,7.78195,7.78167,0.75,0.75
09.08.2021 01:16:22.863,7.78185,7.781560000000001,0.75,0.75
09.08.2021 01:16:31.042,7.7819,7.781610000000001,0.75,0.75
09.08.2021 01:16:31.623,7.782030000000001,7.78154,0.47,0.37
09.08.2021 01:16:31.673,7.7819,7.781610000000001,0.75,0.75
09.08.2021 01:16:41.129,7.782,7.78157,0.47,0.37
09.08.2021 01:16:41.230,7.782,7.78157,0.45,0.37
09.08.2021 01:16:45.414,7.782,7.78157,0.47,0.37
09.08.2021 01:16:48.238,7.781960000000001,7.78157,0.75,0.37
09.08.2021 01:16:49.838,7.781960000000001,7.78159,0.75,0.37
09.08.2021 01:16:50.620,7.781980000000001,7.781760000000001,0.75,0.75
09.08.2021 01:16:50.671,7.782,7.781760000000001,1.5,0.75
09.08.2021 01:16:50.771,7.782050000000001,7.781760000000001,0.75,0.75
09.08.2021 01:16:50.876,7.78202,7.781700000000001,0.75,0.37
09.08.2021 01:16:50.926,7.78195,7.781700000000001,0.75,0.37
09.08.2021 01:16:50.977,7.78195,7.781660000000001,0.75,1.5
09.08.2021 01:16:51.077,7.7819,7.78165,0.75,0.37
09.08.2021 01:16:51.128,7.7819,7.781610000000001,0.75,2.25
09.08.2021 01:17:09.023,7.781980000000001,7.781530000000001,0.37,0.37
09.08.2021 01:17:21.143,7.781980000000001,7.78154,0.37,0.37
09.08.2021 01:17:21.243,7.7819,7.781610000000001,0.75,0.75
09.08.2021 01:17:31.606,7.78197,7.7815,0.37,0.37
09.08.2021 01:17:34.094,7.7819,7.781610000000001,0.75,0.75
09.08.2021 01:17:41.857,7.78189,7.7816,0.75,0.75
09.08.2021 01:17:47.334,7.78185,7.781560000000001,0.75,0.75
09.08.2021 01:17:47.536,7.7818000000000005,7.781510000000001,0.75,0.75
09.08.2021 01:17:56.340,7.781880000000001,7.781410000000001,0.37,0.37
09.08.2021 01:17:58.113,7.781750000000001,7.781460000000001,0.75,0.75
09.08.2021 01:17:58.265,7.78182,7.781410000000001,0.37,0.37
09.08.2021 01:17:58.316,7.78182,7.78132,0.37,2.62
09.08.2021 01:17:58.366,7.781700000000001,7.781410000000001,0.75,0.75
09.08.2021 01:17:58.467,7.78182,7.78134,0.37,0.37
09.08.2021 01:17:58.904,7.781700000000001,7.781410000000001,0.75,0.75
09.08.2021 01:18:01.921,7.781750000000001,7.781510000000001,0.37,0.75
09.08.2021 01:18:02.180,7.7818000000000005,7.781510000000001,0.75,0.75
09.08.2021 01:18:27.326,7.781880000000001,7.78145,1.12,0.37
09.08.2021 01:18:27.557,7.781880000000001,7.7814000000000005,1.5,0.75
09.08.2021 01:18:29.561,7.7818700000000005,7.7814000000000005,0.37,0.75
09.08.2021 01:18:30.567,7.781860000000001,7.7814000000000005,0.37,0.75
09.08.2021 01:18:31.948,7.7818000000000005,7.781510000000001,0.75,0.75
09.08.2021 01:19:45.623,7.7818000000000005,7.78152,0.75,0.75
09.08.2021 01:19:48.501,7.781700000000001,7.78142,0.75,0.75
09.08.2021 01:19:53.596,7.781700000000001,7.781460000000001,0.75,0.37
09.08.2021 01:20:00.622,7.781700000000001,7.78147,0.75,0.37
09.08.2021 01:20:01.130,7.781700000000001,7.78142,0.75,0.75
09.08.2021 01:20:01.881,7.7818000000000005,7.781510000000001,0.75,0.75
09.08.2021 01:20:02.496,7.781700000000001,7.781410000000001,0.75,0.75
09.08.2021 01:20:02.597,7.781700000000001,7.78142,0.75,0.75
09.08.2021 01:20:02.748,7.78182,7.781560000000001,0.37,0.75
09.08.2021 01:20:02.982,7.78185,7.781560000000001,0.75,0.75
09.08.2021 01:20:03.562,7.7818000000000005,7.781510000000001,0.75,0.75
09.08.2021 01:20:13.165,7.7819,7.78147,0.37,1.12
09.08.2021 01:20:15.090,7.78189,7.78147,0.37,0.37
09.08.2021 01:20:15.255,7.78189,7.7815,0.37,0.37
09.08.2021 01:20:17.263,7.781880000000001,7.7815,0.37,0.37
09.08.2021 01:20:18.265,7.7818700000000005,7.781510000000001,0.37,0.37
09.08.2021 01:20:21.143,7.7819,7.78147,0.37,0.37
09.08.2021 01:20:27.989,7.78185,7.781560000000001,0.75,0.75
09.08.2021 01:20:28.140,7.7818000000000005,7.781530000000001,0.75,0.37
09.08.2021 01:20:28.190,7.78185,7.781560000000001,0.75,0.75
09.08.2021 01:20:30.424,7.7818000000000005,7.781510000000001,0.75,0.75
09.08.2021 01:20:30.560,7.78185,7.781560000000001,0.75,0.75
09.08.2021 01:20:30.661,7.7819,7.781610000000001,0.75,0.75
09.08.2021 01:20:41.190,7.782,7.78157,0.37,0.37
09.08.2021 01:21:00.813,7.7819,7.781610000000001,0.75,0.75
09.08.2021 01:21:11.613,7.782,7.78157,0.37,0.37
09.08.2021 01:21:21.177,7.7819,7.781610000000001,0.75,0.75
09.08.2021 01:21:21.458,7.782,7.78157,0.37,0.37
09.08.2021 01:21:30.831,7.7819,7.781610000000001,0.75,0.75
09.08.2021 01:21:51.605,7.782,7.78157,0.37,0.37
09.08.2021 01:22:00.941,7.7819,7.781610000000001,0.75,0.75
09.08.2021 01:23:01.598,7.782,7.78157,0.37,0.37
09.08.2021 01:23:02.571,7.7819,7.781610000000001,0.75,0.75
09.08.2021 01:23:52.560,7.78185,7.78155,0.75,0.75
09.08.2021 01:26:28.694,7.781860000000001,7.781560000000001,0.75,0.75
09.08.2021 01:26:41.977,7.781960000000001,7.781530000000001,0.37,0.37
09.08.2021 01:26:49.156,7.78195,7.781530000000001,0.37,0.37
09.08.2021 01:26:50.115,7.781960000000001,7.781530000000001,0.75,0.37
09.08.2021 01:26:58.795,7.781860000000001,7.781560000000001,0.75,0.75
09.08.2021 01:27:21.462,7.781960000000001,7.781530000000001,0.75,0.37
09.08.2021 01:27:28.919,7.781860000000001,7.781560000000001,0.75,0.75
09.08.2021 01:27:42.607,7.7818000000000005,7.781510000000001,0.75,0.75
09.08.2021 01:27:43.595,7.7818000000000005,7.78152,0.75,0.37
09.08.2021 01:28:05.463,7.78185,7.781560000000001,0.75,0.75
09.08.2021 01:28:17.422,7.781860000000001,7.781580000000001,0.75,0.75
09.08.2021 01:30:11.784,7.781860000000001,7.7816,0.75,0.75
09.08.2021 01:30:30.505,7.781860000000001,7.781610000000001,0.75,0.37
09.08.2021 01:30:39.724,7.781860000000001,7.7816,0.75,0.75
09.08.2021 01:30:46.931,7.781860000000001,7.78162,0.75,0.75
09.08.2021 01:30:47.219,7.781810000000001,7.781580000000001,0.75,0.75
09.08.2021 01:31:01.583,7.78195,7.78152,0.37,0.37
09.08.2021 01:31:01.633,7.781810000000001,7.781580000000001,0.75,0.75
09.08.2021 01:31:15.860,7.78182,7.781580000000001,0.75,0.75
09.08.2021 01:32:15.357,7.7818000000000005,7.781580000000001,0.75,0.75
09.08.2021 01:32:16.060,7.7818700000000005,7.781630000000001,0.75,0.75
09.08.2021 01:32:24.616,7.78197,7.78155,0.37,0.37
09.08.2021 01:32:25.743,7.781960000000001,7.781560000000001,0.37,0.37
09.08.2021 01:32:26.747,7.78195,7.7816,0.37,0.37
09.08.2021 01:32:27.748,7.78194,7.7816,0.37,0.37
09.08.2021 01:32:28.748,7.781910000000001,7.7816,0.37,0.37
09.08.2021 01:32:38.466,7.7818700000000005,7.781630000000001,0.75,0.75
09.08.2021 01:35:07.094,7.781860000000001,7.781630000000001,0.75,0.75
09.08.2021 01:35:13.263,7.78182,7.78159,0.75,0.75
09.08.2021 01:35:13.994,7.781860000000001,7.781630000000001,0.75,0.75
09.08.2021 01:35:35.384,7.78195,7.781560000000001,0.37,0.37
09.08.2021 01:35:36.005,7.78195,7.78165,0.75,0.75
09.08.2021 01:35:37.857,7.78195,7.78167,0.75,0.37
09.08.2021 01:35:39.863,7.78189,7.78167,0.37,0.37
09.08.2021 01:35:40.377,7.78195,7.78165,0.75,0.75
09.08.2021 01:35:41.623,7.781960000000001,7.78162,0.37,0.37
09.08.2021 01:35:42.144,7.7820100000000005,7.78162,0.45,0.37
09.08.2021 01:35:42.667,7.7820100000000005,7.781610000000001,0.45,0.37
09.08.2021 01:35:43.163,7.7819899999999995,7.781610000000001,0.37,0.37
09.08.2021 01:35:44.197,7.7819899999999995,7.7816,0.37,0.37
09.08.2021 01:35:44.606,7.78195,7.78165,0.75,0.75
09.08.2021 01:35:44.710,7.7819899999999995,7.7816,0.37,0.37
09.08.2021 01:35:45.147,7.781960000000001,7.78165,0.37,0.37
09.08.2021 01:35:46.152,7.78197,7.78165,0.37,0.37
09.08.2021 01:35:49.123,7.78197,7.781660000000001,0.37,0.75
09.08.2021 01:35:49.273,7.782,7.781700000000001,1.12,0.75
09.08.2021 01:35:56.178,7.78202,7.781700000000001,0.75,0.75
09.08.2021 01:36:08.194,7.78202,7.781760000000001,0.75,0.37
09.08.2021 01:36:09.201,7.78202,7.78177,0.75,0.37
09.08.2021 01:36:12.699,7.78202,7.781700000000001,0.75,0.75
09.08.2021 01:36:12.802,7.782060000000001,7.781750000000001,0.37,0.75
09.08.2021 01:36:12.875,7.78202,7.781700000000001,0.75,2.25
09.08.2021 01:36:18.287,7.78207,7.781750000000001,0.75,0.75
09.08.2021 01:36:18.388,7.782030000000001,7.781750000000001,0.75,0.75
09.08.2021 01:36:21.767,7.78207,7.781750000000001,0.75,0.75
09.08.2021 01:36:21.968,7.782150000000001,7.7817300000000005,0.45,0.37
09.08.2021 01:36:22.019,7.7822700000000005,7.781810000000001,1.6,0.75
09.08.2021 01:36:22.069,7.7822700000000005,7.78185,1.5,0.75
09.08.2021 01:36:22.119,7.782280000000001,7.782060000000001,0.37,0.75
09.08.2021 01:36:22.170,7.78237,7.78207,0.75,0.37
09.08.2021 01:36:22.271,7.782560000000001,7.78207,0.85,0.37
09.08.2021 01:36:22.371,7.78257,7.78207,1.6,0.37
09.08.2021 01:36:22.750,7.78258,7.78202,2.35,0.75
09.08.2021 01:36:24.038,7.78258,7.78202,2.35,0.75
09.08.2021 01:36:29.475,7.78252,7.7822000000000005,0.75,0.75
09.08.2021 01:36:38.645,7.78262,7.78222,2.72,0.75
09.08.2021 01:36:38.696,7.78262,7.7823,2.35,0.75
09.08.2021 01:36:38.797,7.78262,7.7823,0.75,0.75
09.08.2021 01:36:55.105,7.782630000000001,7.782230000000001,0.37,0.37
09.08.2021 01:36:55.156,7.78269,7.78224,1.12,0.37
09.08.2021 01:36:56.142,7.78269,7.78225,1.12,0.37
09.08.2021 01:36:56.488,7.78267,7.78225,0.75,0.37
09.08.2021 01:36:56.591,7.782660000000001,7.78225,0.75,0.37
09.08.2021 01:36:57.295,7.782660000000001,7.782280000000001,0.75,0.37
09.08.2021 01:36:59.300,7.782660000000001,7.78225,0.75,0.37
09.08.2021 01:37:00.854,7.782660000000001,7.782260000000001,0.75,0.37
09.08.2021 01:37:06.329,7.782660000000001,7.782230000000001,0.75,0.37
09.08.2021 01:37:08.316,7.782660000000001,7.78224,0.75,0.37
09.08.2021 01:37:08.756,7.78262,7.7823,0.75,0.75
09.08.2021 01:38:22.754,7.782610000000001,7.7823,0.75,0.75
09.08.2021 01:38:22.891,7.78262,7.7823,0.75,0.75
09.08.2021 01:38:24.485,7.782610000000001,7.7823,0.37,0.75
09.08.2021 01:38:26.471,7.78259,7.782310000000001,0.37,0.37
09.08.2021 01:38:27.473,7.78258,7.78232,0.37,0.37
09.08.2021 01:38:28.291,7.78262,7.7823,0.75,0.75
09.08.2021 01:39:29.491,7.78267,7.78225,0.75,0.37
09.08.2021 01:39:29.592,7.78267,7.7822700000000005,0.75,0.37
09.08.2021 01:39:33.607,7.78267,7.78225,0.75,0.37
09.08.2021 01:39:37.616,7.78267,7.78224,0.75,0.37
09.08.2021 01:39:39.432,7.78262,7.7823,0.75,0.75
09.08.2021 01:39:46.683,7.78262,7.782330000000001,0.75,0.37
09.08.2021 01:39:49.140,7.78262,7.7823,0.75,0.75
09.08.2021 01:40:05.438,7.78262,7.78232,0.75,0.37
09.08.2021 01:40:24.302,7.78262,7.78232,0.75,0.47
09.08.2021 01:40:24.403,7.78282,7.782460000000001,1.12,0.75
09.08.2021 01:40:24.454,7.78282,7.782510000000001,1.12,0.75
09.08.2021 01:40:24.906,7.78287,7.782560000000001,0.75,0.75
09.08.2021 01:40:37.164,7.78282,7.782510000000001,0.75,0.75
09.08.2021 01:40:37.884,7.782780000000001,7.782510000000001,0.75,0.75
09.08.2021 01:40:44.626,7.782830000000001,7.78254,0.37,0.75
09.08.2021 01:40:44.676,7.782830000000001,7.782560000000001,0.37,0.75
09.08.2021 01:40:44.727,7.78287,7.782560000000001,0.75,0.75
09.08.2021 01:41:14.746,7.7828800000000005,7.78249,0.75,0.37
09.08.2021 01:41:14.796,7.7828800000000005,7.7826,0.75,0.75
09.08.2021 01:41:24.897,7.78292,7.7826,1.12,0.75
09.08.2021 01:41:24.998,7.78292,7.78252,0.37,0.37
09.08.2021 01:41:25.653,7.7829500000000005,7.782560000000001,0.75,0.37
09.08.2021 01:41:26.660,7.7829500000000005,7.7825500000000005,0.75,0.37
09.08.2021 01:41:29.841,7.7829500000000005,7.78253,0.75,0.37
09.08.2021 01:41:32.077,7.78289,7.7826,0.75,0.75
09.08.2021 01:41:35.119,7.7828800000000005,7.7826,0.75,0.75
09.08.2021 01:41:54.505,7.7828800000000005,7.78254,0.75,0.37
09.08.2021 01:41:54.895,7.78287,7.78253,0.37,0.37
09.08.2021 01:42:02.221,7.78287,7.7826,0.37,0.75
09.08.2021 01:42:03.051,7.7828800000000005,7.7826,0.75,0.75
09.08.2021 01:42:03.101,7.78284,7.7825500000000005,0.75,0.75
09.08.2021 01:42:03.270,7.78284,7.78252,0.75,0.75
09.08.2021 01:42:03.605,7.78284,7.7825500000000005,0.75,0.75
09.08.2021 01:42:20.164,7.78293,7.782500000000001,0.75,0.37
09.08.2021 01:42:20.330,7.78293,7.782439999999999,0.75,0.45
09.08.2021 01:42:24.193,7.782860000000001,7.782439999999999,0.37,0.45
09.08.2021 01:42:27.364,7.782860000000001,7.782439999999999,0.37,0.47
09.08.2021 01:42:33.982,7.78284,7.7825500000000005,0.75,0.75
09.08.2021 01:42:37.001,7.78284,7.7826,0.75,0.37
09.08.2021 01:42:52.858,7.78284,7.782610000000001,0.75,0.37
09.08.2021 01:43:07.770,7.78284,7.7825500000000005,0.75,0.75
09.08.2021 01:43:14.703,7.7827399999999995,7.782500000000001,0.75,0.37
09.08.2021 01:43:14.804,7.78269,7.782450000000001,0.75,0.37
09.08.2021 01:43:14.905,7.78265,7.782430000000001,0.75,0.37
09.08.2021 01:43:17.171,7.7827,7.782430000000001,0.75,0.37
09.08.2021 01:43:34.098,7.7827,7.782450000000001,0.75,0.37
09.08.2021 01:43:38.109,7.7827,7.782460000000001,0.75,0.37
09.08.2021 01:43:39.041,7.782810000000001,7.782460000000001,0.75,0.37
09.08.2021 01:43:39.943,7.782810000000001,7.78247,0.75,0.37
09.08.2021 01:43:40.116,7.782810000000001,7.782430000000001,0.75,1.5
09.08.2021 01:43:40.243,7.782810000000001,7.782439999999999,0.75,0.75
09.08.2021 01:43:40.710,7.782810000000001,7.782430000000001,0.75,0.75
09.08.2021 01:43:41.117,7.782810000000001,7.782439999999999,0.75,0.37
09.08.2021 01:43:43.976,7.7828,7.782460000000001,0.37,0.37
09.08.2021 01:43:44.981,7.7828,7.78247,0.37,0.37
09.08.2021 01:43:45.984,7.7828,7.78249,0.37,0.37
09.08.2021 01:43:47.346,7.7827,7.78249,0.75,0.37
09.08.2021 01:43:47.996,7.7827,7.782500000000001,0.75,0.37
09.08.2021 01:43:57.145,7.7827,7.782510000000001,0.75,0.37
09.08.2021 01:43:59.149,7.7827,7.78253,0.75,0.37
09.08.2021 01:44:00.214,7.7827,7.782500000000001,0.75,0.37
09.08.2021 01:44:04.893,7.7827,7.782430000000001,0.75,0.37
09.08.2021 01:44:26.273,7.7827,7.782439999999999,0.75,0.37
09.08.2021 01:44:27.916,7.7827,7.782460000000001,0.75,0.37
09.08.2021 01:44:29.721,7.7827,7.782430000000001,0.75,0.37
09.08.2021 01:44:53.272,7.7827,7.782450000000001,0.75,0.37
09.08.2021 01:44:56.265,7.7827,7.782460000000001,0.75,0.37
09.08.2021 01:44:57.317,7.7827,7.78249,0.75,0.37
09.08.2021 01:44:58.408,7.7827,7.7824800000000005,0.75,0.37
09.08.2021 01:45:08.443,7.7827,7.78254,0.75,0.37
09.08.2021 01:45:08.663,7.7827,7.782430000000001,0.75,0.37
09.08.2021 01:45:15.306,7.7827,7.782439999999999,0.75,0.37
09.08.2021 01:45:25.003,7.7827,7.78249,0.75,0.37
09.08.2021 01:45:26.006,7.7827,7.7824800000000005,0.75,0.37
09.08.2021 01:45:27.008,7.7827,7.78249,0.75,0.37
09.08.2021 01:45:27.719,7.7827,7.782430000000001,0.75,0.37
09.08.2021 01:45:36.046,7.78265,7.782430000000001,0.75,0.37
09.08.2021 01:45:40.796,7.7826,7.782430000000001,0.75,0.37
09.08.2021 01:45:40.947,7.7826,7.7823,0.75,0.75
09.08.2021 01:45:44.168,7.78262,7.78234,0.37,0.75
09.08.2021 01:45:44.219,7.78264,7.78234,0.37,0.75
09.08.2021 01:45:44.269,7.7826,7.7823,0.75,0.75
09.08.2021 01:45:44.806,7.78265,7.78235,0.75,0.75
09.08.2021 01:45:44.978,7.7827,7.7824,1.12,0.75
09.08.2021 01:47:07.520,7.78265,7.78235,0.75,0.75
09.08.2021 01:47:30.640,7.782660000000001,7.7823,0.37,1.2
09.08.2021 01:47:37.590,7.78265,7.78235,0.75,0.75
09.08.2021 01:47:40.150,7.78265,7.7824,0.75,0.37
09.08.2021 01:47:47.350,7.7826,7.7823,0.75,0.75
09.08.2021 01:47:58.269,7.78262,7.782260000000001,0.37,0.75
09.08.2021 01:47:59.589,7.78262,7.78229,0.37,0.75
09.08.2021 01:48:03.628,7.78262,7.782310000000001,0.37,0.75
09.08.2021 01:48:04.635,7.782610000000001,7.782360000000001,0.37,0.37
09.08.2021 01:48:08.023,7.78262,7.782310000000001,0.37,0.75
09.08.2021 01:48:10.102,7.78262,7.78232,0.37,0.37
09.08.2021 01:48:15.708,7.7826,7.78232,0.37,0.37
09.08.2021 01:48:16.345,7.7826,7.782330000000001,0.37,0.37
09.08.2021 01:48:17.349,7.7826,7.78234,0.37,0.37
09.08.2021 01:48:18.350,7.7826,7.78235,1.12,0.37
09.08.2021 01:48:21.099,7.7826,7.7823,1.12,0.75
09.08.2021 01:48:27.601,7.7826,7.782330000000001,1.12,0.37
09.08.2021 01:49:06.425,7.7826,7.7823,1.12,0.75
09.08.2021 01:49:08.722,7.78257,7.7823,0.37,0.75
09.08.2021 01:49:11.107,7.7826,7.7823,1.12,0.75
09.08.2021 01:49:17.040,7.782500000000001,7.78225,0.75,0.37
09.08.2021 01:49:17.799,7.782500000000001,7.78222,0.75,1.12
09.08.2021 01:49:21.648,7.782500000000001,7.782230000000001,0.75,0.37
09.08.2021 01:49:22.651,7.782500000000001,7.78224,0.75,0.37
09.08.2021 01:49:37.908,7.782500000000001,7.78225,0.75,0.37
09.08.2021 01:49:50.984,7.782500000000001,7.78224,0.75,0.37
09.08.2021 01:49:54.634,7.782500000000001,7.78225,0.75,0.37
09.08.2021 01:50:11.693,7.782500000000001,7.78224,0.75,0.37
09.08.2021 01:50:29.042,7.782500000000001,7.7822700000000005,0.75,0.75
09.08.2021 01:50:29.945,7.782500000000001,7.7823,0.75,0.37
09.08.2021 01:50:30.736,7.782500000000001,7.782260000000001,0.75,0.37
09.08.2021 01:50:31.377,7.782500000000001,7.78222,0.75,0.75
09.08.2021 01:50:31.635,7.782450000000001,7.78218,0.75,0.37
09.08.2021 01:50:32.647,7.782450000000001,7.782160000000001,0.75,1.12
09.08.2021 01:50:41.974,7.782450000000001,7.78217,0.75,0.37
09.08.2021 01:50:42.975,7.782450000000001,7.78218,0.75,0.37
09.08.2021 01:50:43.979,7.782450000000001,7.78219,0.75,0.37
09.08.2021 01:50:45.867,7.78254,7.78219,0.37,0.37
09.08.2021 01:50:47.003,7.78254,7.7822000000000005,0.37,0.37
09.08.2021 01:50:48.701,7.78254,7.782210000000001,0.37,0.37
09.08.2021 01:50:48.834,7.78252,7.782210000000001,0.37,0.37
09.08.2021 01:50:49.988,7.782510000000001,7.78224,0.37,0.37
09.08.2021 01:50:50.996,7.78249,7.782260000000001,0.37,0.37
09.08.2021 01:50:55.483,7.78252,7.782150000000001,0.37,1.12
09.08.2021 01:50:56.700,7.78252,7.78218,0.75,0.37
09.08.2021 01:50:59.010,7.78252,7.78217,0.37,0.37
09.08.2021 01:51:00.010,7.78252,7.782160000000001,0.37,0.37
09.08.2021 01:51:01.012,7.78252,7.782150000000001,0.37,0.37
09.08.2021 01:51:01.394,7.782460000000001,7.782230000000001,0.75,0.75
09.08.2021 01:51:21.933,7.782560000000001,7.78214,0.82,0.37
09.08.2021 01:51:22.084,7.782560000000001,7.78214,0.75,0.47
09.08.2021 01:51:22.134,7.78254,7.782150000000001,0.37,0.45
09.08.2021 01:51:23.035,7.782460000000001,7.782230000000001,0.75,0.75
09.08.2021 01:51:27.935,7.78247,7.782230000000001,0.75,0.75
09.08.2021 01:51:57.029,7.782460000000001,7.782230000000001,0.75,0.75
09.08.2021 01:54:02.351,7.782460000000001,7.78222,0.75,0.75
09.08.2021 01:54:05.033,7.782460000000001,7.782230000000001,0.75,0.75
09.08.2021 01:57:33.633,7.782410000000001,7.78218,0.75,0.75
09.08.2021 01:58:22.592,7.78242,7.78218,0.75,0.75
09.08.2021 01:59:10.028,7.782410000000001,7.78218,0.75,0.75
09.08.2021 02:00:40.932,7.78242,7.78218,0.75,0.75
09.08.2021 02:00:49.427,7.782410000000001,7.78218,0.75,0.75
09.08.2021 02:02:27.587,7.7824,7.78214,0.75,0.75
09.08.2021 02:02:36.641,7.78247,7.78209,0.45,0.37
09.08.2021 02:02:36.744,7.782460000000001,7.78209,0.37,0.37
09.08.2021 02:02:37.020,7.782310000000001,7.78209,0.75,0.37
09.08.2021 02:02:37.121,7.782310000000001,7.7820800000000006,0.75,0.75
09.08.2021 02:02:40.150,7.782280000000001,7.78202,0.75,0.37
09.08.2021 02:02:40.200,7.782210000000001,7.781980000000001,0.75,0.75
09.08.2021 02:03:00.155,7.78229,7.78192,0.37,0.75
09.08.2021 02:03:03.354,7.782260000000001,7.782030000000001,0.75,0.75
09.08.2021 02:03:17.132,7.782360000000001,7.781960000000001,0.37,0.47
09.08.2021 02:03:17.235,7.782360000000001,7.781960000000001,0.37,0.45
09.08.2021 02:03:17.515,7.782360000000001,7.781980000000001,0.37,0.37
09.08.2021 02:03:19.227,7.782360000000001,7.781960000000001,0.37,0.45
09.08.2021 02:03:29.533,7.782360000000001,7.78197,0.37,0.37
09.08.2021 02:03:30.554,7.782360000000001,7.7820100000000005,0.37,0.37
09.08.2021 02:03:33.831,7.782260000000001,7.782030000000001,0.75,0.75
09.08.2021 02:06:47.119,7.78225,7.782030000000001,0.75,0.75
09.08.2021 02:06:48.118,7.782260000000001,7.782030000000001,0.75,0.75
09.08.2021 02:08:51.492,7.78225,7.782030000000001,0.75,0.75
09.08.2021 02:09:41.436,7.7822700000000005,7.782030000000001,0.75,0.75
09.08.2021 02:11:14.893,7.782260000000001,7.7820100000000005,0.75,0.75
09.08.2021 02:12:02.111,7.782260000000001,7.782030000000001,0.75,0.75
09.08.2021 02:13:04.238,7.78232,7.78192,0.37,0.37
09.08.2021 02:13:04.289,7.78232,7.78192,0.47,0.37
09.08.2021 02:13:05.128,7.782330000000001,7.78194,0.85,0.37
09.08.2021 02:13:13.718,7.782330000000001,7.781910000000001,1.22,0.37
09.08.2021 02:13:16.122,7.782330000000001,7.781910000000001,0.47,0.37
09.08.2021 02:13:16.722,7.782330000000001,7.78192,0.47,0.37
09.08.2021 02:13:17.725,7.78232,7.781930000000001,0.47,0.37
09.08.2021 02:13:18.928,7.78232,7.781930000000001,0.47,0.37
09.08.2021 02:13:19.951,7.782260000000001,7.782030000000001,0.75,0.75
09.08.2021 02:13:48.070,7.782210000000001,7.781980000000001,0.75,0.75
09.08.2021 02:14:05.548,7.782360000000001,7.7819,0.47,0.37
09.08.2021 02:14:09.272,7.78222,7.782,0.75,0.75
09.08.2021 02:14:09.767,7.782210000000001,7.781980000000001,0.75,0.75
09.08.2021 02:14:30.787,7.78225,7.78182,0.37,0.75
09.08.2021 02:14:30.937,7.78225,7.781810000000001,0.37,0.75
09.08.2021 02:14:31.597,7.78225,7.78179,0.37,0.37
09.08.2021 02:14:31.894,7.78225,7.78184,0.37,0.37
09.08.2021 02:14:32.216,7.782260000000001,7.78184,0.45,0.37
09.08.2021 02:14:36.118,7.7822700000000005,7.78185,0.47,0.37
09.08.2021 02:14:37.117,7.7822700000000005,7.78184,0.47,0.37
09.08.2021 02:14:39.131,7.7822700000000005,7.78185,0.47,0.37
09.08.2021 02:14:39.822,7.782210000000001,7.781980000000001,0.75,0.75
09.08.2021 02:15:41.644,7.782280000000001,7.781860000000001,0.47,0.37
09.08.2021 02:15:41.695,7.782210000000001,7.781980000000001,0.75,0.75
09.08.2021 02:15:43.069,7.782210000000001,7.78195,0.75,0.75
09.08.2021 02:15:55.316,7.782160000000001,7.78189,0.75,0.75
09.08.2021 02:15:55.367,7.782110000000001,7.78184,0.75,0.75
09.08.2021 02:16:10.189,7.78217,7.78174,0.47,0.37
09.08.2021 02:16:11.078,7.78217,7.7817300000000005,0.47,0.37
09.08.2021 02:16:13.081,7.78217,7.78174,0.47,0.37
09.08.2021 02:16:14.083,7.78217,7.7817300000000005,0.47,0.37
09.08.2021 02:16:16.090,7.78217,7.78174,0.47,0.37
09.08.2021 02:16:17.840,7.78217,7.78179,0.47,0.37
09.08.2021 02:16:18.842,7.78217,7.7818000000000005,0.47,0.37
09.08.2021 02:16:22.693,7.78217,7.7817300000000005,0.47,0.75
09.08.2021 02:16:22.823,7.782039999999999,7.78174,0.75,0.75
09.08.2021 02:16:22.924,7.78202,7.78174,0.75,0.75
09.08.2021 02:16:38.286,7.781960000000001,7.78169,0.75,2.25
09.08.2021 02:16:53.597,7.782,7.781660000000001,0.37,0.37
09.08.2021 02:16:55.169,7.7820100000000005,7.781660000000001,0.37,0.37
09.08.2021 02:16:56.465,7.7820100000000005,7.78167,0.37,0.37
09.08.2021 02:17:00.177,7.7820100000000005,7.781660000000001,0.37,0.37
09.08.2021 02:17:01.184,7.782,7.781660000000001,0.37,0.37
09.08.2021 02:17:02.183,7.7819899999999995,7.781660000000001,0.37,0.37
09.08.2021 02:17:03.192,7.781980000000001,7.781660000000001,0.37,0.37
09.08.2021 02:17:03.814,7.7820100000000005,7.78162,0.37,0.37
09.08.2021 02:17:03.977,7.7820100000000005,7.78162,0.47,0.75
09.08.2021 02:17:04.107,7.781910000000001,7.7816399999999994,0.75,0.75
09.08.2021 02:17:12.087,7.781910000000001,7.78162,0.75,0.75
09.08.2021 02:17:30.111,7.781980000000001,7.78157,0.47,0.75
09.08.2021 02:17:32.706,7.781980000000001,7.78157,0.47,0.75
09.08.2021 02:17:38.406,7.781960000000001,7.781680000000001,0.85,0.75
09.08.2021 02:17:38.457,7.781910000000001,7.781630000000001,0.75,0.75
09.08.2021 02:17:39.351,7.781960000000001,7.781680000000001,0.85,0.75
09.08.2021 02:17:39.452,7.781960000000001,7.781680000000001,0.75,0.75
09.08.2021 02:17:39.585,7.781910000000001,7.781630000000001,0.75,0.75
09.08.2021 02:17:48.398,7.78184,7.781530000000001,0.75,0.37
09.08.2021 02:17:48.499,7.781810000000001,7.781530000000001,0.75,1.12
09.08.2021 02:17:48.600,7.7818000000000005,7.781530000000001,0.75,0.37
09.08.2021 02:17:49.021,7.78177,7.78143,0.37,0.37
09.08.2021 02:17:49.122,7.781760000000001,7.781480000000001,0.75,0.75
09.08.2021 02:17:49.223,7.78177,7.78147,0.37,0.75
09.08.2021 02:17:50.528,7.78179,7.78147,0.37,0.75
09.08.2021 02:17:52.018,7.7818000000000005,7.78147,1.12,0.75
09.08.2021 02:18:09.227,7.781760000000001,7.78147,0.37,0.75
09.08.2021 02:18:10.162,7.781760000000001,7.78142,0.37,0.75
09.08.2021 02:18:10.263,7.781750000000001,7.78142,0.37,0.75
09.08.2021 02:18:10.313,7.781710000000001,7.78142,0.75,2.25
09.08.2021 02:18:24.866,7.781660000000001,7.78138,0.75,0.75
09.08.2021 02:18:24.967,7.781610000000001,7.7813300000000005,0.75,0.75
09.08.2021 02:18:28.911,7.781460000000001,7.781180000000001,0.75,0.75
09.08.2021 02:18:29.062,7.781410000000001,7.781130000000001,0.75,0.75
09.08.2021 02:18:35.574,7.781360000000001,7.781080000000001,0.75,0.75
09.08.2021 02:18:49.025,7.781310000000001,7.78104,0.75,0.37
09.08.2021 02:18:51.401,7.781310000000001,7.7810500000000005,0.75,0.37
09.08.2021 02:18:53.808,7.781310000000001,7.78103,0.75,1.12
09.08.2021 02:18:59.322,7.781310000000001,7.78104,0.75,0.37
09.08.2021 02:19:01.424,7.781310000000001,7.7810500000000005,0.75,0.37
09.08.2021 02:19:01.692,7.781310000000001,7.781060000000001,0.75,0.37
09.08.2021 02:19:06.183,7.781310000000001,7.78104,0.75,0.75
09.08.2021 02:19:26.117,7.781260000000001,7.781010000000001,0.75,0.37
09.08.2021 02:19:26.168,7.781260000000001,7.78099,0.75,0.75
09.08.2021 02:19:26.218,7.781210000000001,7.780960000000001,0.75,0.37
09.08.2021 02:19:26.269,7.78137,7.780960000000001,0.85,0.37
09.08.2021 02:19:26.369,7.7813300000000005,7.7808399999999995,0.85,0.75
09.08.2021 02:19:26.420,7.7813300000000005,7.78082,0.85,0.37
09.08.2021 02:19:26.728,7.78127,7.7807200000000005,0.47,0.37
09.08.2021 02:19:26.913,7.78127,7.7807200000000005,0.47,0.37
09.08.2021 02:19:28.674,7.781280000000001,7.780730000000001,0.47,1.12
09.08.2021 02:19:28.725,7.781160000000001,7.780889999999999,0.75,0.75
09.08.2021 02:19:30.674,7.781080000000001,7.7808,0.75,0.37
09.08.2021 02:19:30.725,7.781060000000001,7.78079,0.75,0.75
09.08.2021 02:19:39.184,7.781160000000001,7.780760000000001,0.37,0.75
09.08.2021 02:19:39.489,7.781160000000001,7.780730000000001,0.37,1.12
09.08.2021 02:19:39.539,7.781060000000001,7.780780000000001,0.75,0.75
09.08.2021 02:19:39.640,7.781010000000001,7.780730000000001,0.75,0.75
09.08.2021 02:19:39.691,7.7811,7.7807,0.37,0.37
09.08.2021 02:19:39.791,7.7811,7.780560000000001,0.37,0.75
09.08.2021 02:19:40.158,7.780960000000001,7.78052,0.37,0.75
09.08.2021 02:19:40.262,7.780810000000001,7.780530000000001,0.75,0.75
09.08.2021 02:19:40.363,7.780760000000001,7.7805,0.75,0.75
09.08.2021 02:19:46.838,7.780760000000001,7.780480000000001,0.75,0.75
09.08.2021 02:19:46.889,7.78087,7.78044,0.47,0.37
09.08.2021 02:19:46.939,7.78087,7.78044,0.47,0.37
09.08.2021 02:19:47.040,7.780710000000001,7.78044,0.75,0.37
09.08.2021 02:19:47.191,7.780710000000001,7.780430000000001,0.75,0.75
09.08.2021 02:19:51.225,7.780760000000001,7.780480000000001,0.75,0.75
09.08.2021 02:19:51.614,7.780830000000001,7.780330000000001,0.37,0.81
09.08.2021 02:19:51.665,7.780760000000001,7.780480000000001,0.75,0.75
09.08.2021 02:19:53.927,7.780710000000001,7.780430000000001,0.75,0.75
09.08.2021 02:20:02.788,7.780660000000001,7.7803700000000005,0.75,0.75
09.08.2021 02:20:02.888,7.780730000000001,7.780330000000001,0.37,0.34
09.08.2021 02:20:03.039,7.780660000000001,7.7803700000000005,0.75,0.75
09.08.2021 02:20:12.421,7.780710000000001,7.78023,0.45,0.37
09.08.2021 02:20:12.472,7.780710000000001,7.78019,0.45,0.82
09.08.2021 02:20:12.871,7.780710000000001,7.7801800000000005,0.37,1.12
09.08.2021 02:20:13.473,7.780710000000001,7.78022,0.37,0.75
09.08.2021 02:20:13.607,7.780660000000001,7.7803700000000005,0.75,0.75
09.08.2021 02:20:25.040,7.7808,7.78028,0.47,0.37
09.08.2021 02:20:25.240,7.7808,7.78028,0.47,0.37
09.08.2021 02:20:26.196,7.78079,7.78027,0.47,0.37
09.08.2021 02:20:35.721,7.780710000000001,7.78042,0.75,0.75
09.08.2021 02:20:35.825,7.780830000000001,7.78029,0.47,0.75
09.08.2021 02:20:35.875,7.780830000000001,7.78032,0.37,0.37
09.08.2021 02:20:35.977,7.780760000000001,7.78047,0.75,0.75
09.08.2021 02:20:48.419,7.780760000000001,7.780480000000001,0.75,0.75
09.08.2021 02:21:35.794,7.780810000000001,7.78052,0.75,0.75
09.08.2021 02:21:35.894,7.780900000000001,7.78042,0.37,0.75
09.08.2021 02:21:35.995,7.780900000000001,7.780480000000001,0.37,0.75
09.08.2021 02:21:36.046,7.780900000000001,7.780460000000001,0.37,0.75
09.08.2021 02:21:36.097,7.781060000000001,7.78052,0.37,0.75
09.08.2021 02:21:36.197,7.781060000000001,7.780550000000001,0.37,0.75
09.08.2021 02:21:36.298,7.781060000000001,7.7805800000000005,0.37,0.75
09.08.2021 02:21:36.348,7.7812399999999995,7.780610000000001,0.85,0.75
09.08.2021 02:21:36.399,7.7812399999999995,7.7806500000000005,0.85,0.75
09.08.2021 02:21:36.450,7.78125,7.780660000000001,0.37,0.75
09.08.2021 02:21:36.968,7.78125,7.78067,0.37,0.75
09.08.2021 02:21:37.657,7.781310000000001,7.78067,0.47,0.75
09.08.2021 02:21:39.048,7.781310000000001,7.78068,0.47,0.75
09.08.2021 02:21:41.049,7.781310000000001,7.78067,0.37,0.75
09.08.2021 02:21:41.447,7.781310000000001,7.780660000000001,0.47,0.75
09.08.2021 02:21:41.497,7.781310000000001,7.78067,0.37,0.75
09.08.2021 02:21:41.624,7.781310000000001,7.7807,0.37,0.75
09.08.2021 02:21:42.364,7.781310000000001,7.7807,0.47,0.75
09.08.2021 02:21:42.569,7.78132,7.78069,0.47,0.75
09.08.2021 02:21:42.947,7.781310000000001,7.780730000000001,0.85,0.75
09.08.2021 02:21:43.263,7.781310000000001,7.780730000000001,0.85,0.75
09.08.2021 02:22:36.560,7.781300000000001,7.78075,0.85,0.75
09.08.2021 02:22:37.968,7.781300000000001,7.78075,1.2,0.75
09.08.2021 02:22:38.069,7.781300000000001,7.780760000000001,0.45,0.75
09.08.2021 02:22:39.743,7.78122,7.780760000000001,0.37,0.75
09.08.2021 02:22:59.172,7.78122,7.78074,0.37,0.75
09.08.2021 02:22:59.273,7.781260000000001,7.780810000000001,0.37,0.37
09.08.2021 02:22:59.323,7.781310000000001,7.780710000000001,0.85,0.75
09.08.2021 02:22:59.734,7.781310000000001,7.7807,0.85,0.75
09.08.2021 02:22:59.854,7.781310000000001,7.78069,0.85,0.75
09.08.2021 02:23:13.019,7.78132,7.78068,0.47,1.5
09.08.2021 02:23:13.069,7.78132,7.7807,0.47,0.75
09.08.2021 02:23:13.127,7.78132,7.7807,0.37,0.75
09.08.2021 02:23:13.227,7.78132,7.7807200000000005,0.37,0.75
09.08.2021 02:23:13.378,7.78132,7.780730000000001,0.37,0.75
09.08.2021 02:23:13.479,7.78132,7.78075,0.37,0.75
09.08.2021 02:23:13.529,7.781510000000001,7.780760000000001,0.75,0.75
09.08.2021 02:23:13.580,7.781510000000001,7.780760000000001,0.85,0.75
09.08.2021 02:23:13.630,7.7815,7.78077,0.82,0.75
09.08.2021 02:23:13.681,7.78154,7.78079,0.85,0.75
09.08.2021 02:23:13.731,7.78152,7.78077,0.85,0.75
09.08.2021 02:23:13.781,7.781460000000001,7.78075,0.37,0.75
09.08.2021 02:23:13.917,7.781460000000001,7.78077,0.37,0.75
09.08.2021 02:23:23.085,7.781460000000001,7.780780000000001,0.45,0.75
09.08.2021 02:23:23.186,7.78147,7.7808,0.37,0.75
09.08.2021 02:23:23.307,7.78147,7.780810000000001,0.37,0.75
09.08.2021 02:23:23.456,7.78147,7.7808,0.37,0.75
09.08.2021 02:23:23.658,7.78147,7.780810000000001,0.37,0.75
09.08.2021 02:23:24.586,7.78155,7.780810000000001,0.82,0.75
09.08.2021 02:23:33.364,7.78155,7.780810000000001,0.85,0.75
09.08.2021 02:23:38.018,7.78155,7.7808,0.85,0.75
09.08.2021 02:23:43.556,7.781560000000001,7.78079,0.85,0.75
09.08.2021 02:23:59.466,7.781560000000001,7.78077,0.85,0.75
09.08.2021 02:23:59.516,7.781560000000001,7.78079,0.85,0.75
09.08.2021 02:24:14.466,7.781560000000001,7.780780000000001,0.85,0.75
09.08.2021 02:24:20.929,7.781410000000001,7.780780000000001,0.37,0.75
09.08.2021 02:24:22.940,7.781410000000001,7.780960000000001,0.37,0.37
09.08.2021 02:24:38.367,7.781560000000001,7.780780000000001,0.75,0.75
09.08.2021 02:24:47.589,7.78157,7.780780000000001,0.75,0.75
09.08.2021 02:24:48.610,7.781530000000001,7.780780000000001,0.37,0.75
09.08.2021 02:24:49.045,7.7813300000000005,7.780710000000001,0.75,0.37
09.08.2021 02:24:49.096,7.78139,7.780710000000001,0.47,0.37
09.08.2021 02:24:49.196,7.78139,7.78068,0.47,0.75
09.08.2021 02:24:49.247,7.78139,7.78068,0.47,0.75
09.08.2021 02:24:49.297,7.7812,7.78067,0.37,0.75
09.08.2021 02:24:49.398,7.781010000000001,7.780780000000001,0.75,0.75
09.08.2021 02:25:08.152,7.781110000000001,7.78069,0.37,0.37
09.08.2021 02:25:19.573,7.781010000000001,7.780780000000001,0.75,0.75
09.08.2021 02:25:21.244,7.780960000000001,7.780730000000001,0.75,0.75
09.08.2021 02:25:24.290,7.78094,7.78068,0.75,0.75
09.08.2021 02:25:24.417,7.780910000000001,7.78068,0.75,0.75
09.08.2021 02:25:52.307,7.780900000000001,7.78062,0.75,0.37
09.08.2021 02:25:52.357,7.780810000000001,7.7805800000000005,0.75,0.75
09.08.2021 02:26:30.684,7.78092,7.780460000000001,0.37,0.37
09.08.2021 02:26:31.620,7.78092,7.78047,0.37,0.37
09.08.2021 02:26:33.367,7.780810000000001,7.7805800000000005,0.75,0.75
09.08.2021 02:26:57.321,7.7808,7.7805800000000005,0.75,0.75
09.08.2021 02:26:59.942,7.780810000000001,7.7805800000000005,0.75,0.75
09.08.2021 02:27:18.838,7.780910000000001,7.78068,0.75,0.75
09.08.2021 02:27:18.939,7.7808600000000006,7.78063,0.75,0.75
09.08.2021 02:27:54.236,7.78102,7.7805800000000005,0.37,0.75
09.08.2021 02:27:54.437,7.781210000000001,7.7805800000000005,0.85,0.75
09.08.2021 02:27:54.488,7.781230000000001,7.78063,1.97,0.75
09.08.2021 02:27:54.538,7.781230000000001,7.7806500000000005,0.47,0.75
09.08.2021 02:27:54.589,7.781230000000001,7.7807,0.37,0.75
09.08.2021 02:27:54.690,7.781230000000001,7.78067,0.37,0.75
09.08.2021 02:27:54.741,7.781230000000001,7.78069,0.37,0.75
09.08.2021 02:27:54.855,7.78143,7.780780000000001,0.47,0.75
09.08.2021 02:27:54.956,7.78138,7.78082,0.85,0.75
09.08.2021 02:27:55.057,7.78143,7.780830000000001,0.37,0.75
09.08.2021 02:27:55.158,7.78143,7.780880000000001,0.37,0.75
09.08.2021 02:27:55.259,7.78143,7.780889999999999,0.37,0.75
09.08.2021 02:27:55.410,7.7816399999999994,7.780930000000001,0.47,0.75
09.08.2021 02:27:55.510,7.7816399999999994,7.78094,0.37,0.75
09.08.2021 02:27:55.614,7.78162,7.780930000000001,0.75,0.75
09.08.2021 02:27:55.715,7.78162,7.780930000000001,0.85,0.75
09.08.2021 02:27:55.822,7.7816399999999994,7.780960000000001,1.22,0.75
09.08.2021 02:27:55.872,7.7816399999999994,7.78099,0.37,0.75
09.08.2021 02:27:55.973,7.7816399999999994,7.78097,0.75,0.75
09.08.2021 02:27:56.074,7.781660000000001,7.7809800000000005,0.85,0.75
09.08.2021 02:27:56.426,7.781610000000001,7.7809800000000005,0.37,0.75
09.08.2021 02:27:56.541,7.781610000000001,7.78099,0.37,0.75
09.08.2021 02:27:56.642,7.781610000000001,7.781010000000001,0.37,0.75
09.08.2021 02:27:56.743,7.781610000000001,7.781060000000001,0.37,0.75
09.08.2021 02:27:56.793,7.781610000000001,7.78103,0.37,0.75
09.08.2021 02:27:56.844,7.781610000000001,7.781060000000001,0.37,0.75
09.08.2021 02:27:56.945,7.781610000000001,7.78107,0.37,0.75
09.08.2021 02:27:57.140,7.781610000000001,7.7811,0.37,0.75
09.08.2021 02:27:57.191,7.78177,7.781080000000001,0.37,0.75
09.08.2021 02:27:57.258,7.78177,7.781110000000001,0.37,0.75
09.08.2021 02:27:57.359,7.78177,7.7811200000000005,0.37,0.75
