Gmt time,Ask,Bid,AskVolume,BidVolume
10.08.2021 00:00:00.268,7.7838899999999995,7.782730000000001,1.59,0.37
10.08.2021 00:00:01.024,7.783880000000001,7.782730000000001,0.59,0.37
10.08.2021 00:00:01.317,7.78374,7.782810000000001,0.75,0.75
10.08.2021 00:00:01.376,7.783880000000001,7.782730000000001,0.6,0.37
10.08.2021 00:00:01.990,7.783880000000001,7.782730000000001,0.59,0.37
10.08.2021 00:00:02.183,7.783860000000001,7.7827,1.59,0.37
10.08.2021 00:00:08.061,7.78385,7.782680000000001,0.47,0.37
10.08.2021 00:00:35.792,7.78385,7.782680000000001,0.47,0.37
10.08.2021 00:00:35.864,7.78385,7.782680000000001,0.47,0.37
10.08.2021 00:00:37.664,7.78384,7.782660000000001,0.47,0.47
10.08.2021 00:00:45.189,7.783860000000001,7.782680000000001,1.22,0.37
10.08.2021 00:01:05.749,7.783860000000001,7.78267,1.22,0.45
10.08.2021 00:01:05.873,7.783860000000001,7.78267,1.22,0.37
10.08.2021 00:01:47.799,7.78385,7.78267,0.59,0.37
10.08.2021 00:02:07.977,7.78399,7.782410000000001,0.59,0.59
10.08.2021 00:02:08.078,7.78384,7.782660000000001,0.85,0.47
10.08.2021 00:02:15.367,7.78384,7.782660000000001,0.75,0.47
10.08.2021 00:02:30.060,7.783780000000001,7.7829500000000005,0.75,0.75
10.08.2021 00:02:30.211,7.783830000000001,7.783010000000001,0.75,0.85
10.08.2021 00:02:30.613,7.783780000000001,7.78293,0.75,0.75
10.08.2021 00:02:30.663,7.783830000000001,7.7831,0.75,0.75
10.08.2021 00:02:30.764,7.783880000000001,7.783130000000001,0.75,0.85
10.08.2021 00:02:31.102,7.783880000000001,7.78307,0.75,0.75
10.08.2021 00:02:31.152,7.783780000000001,7.78299,0.75,0.75
10.08.2021 00:02:31.253,7.783880000000001,7.783110000000001,0.75,0.85
10.08.2021 00:02:32.285,7.783939999999999,7.783110000000001,0.75,0.85
10.08.2021 00:02:47.796,7.783930000000001,7.7831399999999995,0.75,0.85
10.08.2021 00:03:00.109,7.783830000000001,7.783180000000001,0.75,0.47
10.08.2021 00:03:00.159,7.783830000000001,7.78312,0.75,0.75
10.08.2021 00:03:00.210,7.783830000000001,7.78307,0.75,0.75
10.08.2021 00:03:00.339,7.783830000000001,7.783010000000001,0.75,0.75
10.08.2021 00:03:00.390,7.78387,7.78307,0.75,0.75
10.08.2021 00:03:00.490,7.783830000000001,7.783010000000001,0.75,0.75
10.08.2021 00:03:00.541,7.783830000000001,7.78307,0.75,0.75
10.08.2021 00:03:00.641,7.783860000000001,7.783010000000001,0.75,0.75
10.08.2021 00:03:00.742,7.783780000000001,7.78307,0.75,0.75
10.08.2021 00:03:02.941,7.78387,7.78307,0.75,0.75
10.08.2021 00:03:03.015,7.783830000000001,7.78307,0.75,0.75
10.08.2021 00:03:03.123,7.783830000000001,7.783030000000001,0.75,0.75
10.08.2021 00:03:03.939,7.783830000000001,7.7830200000000005,0.75,0.75
10.08.2021 00:03:04.050,7.783830000000001,7.783030000000001,0.75,0.75
10.08.2021 00:03:13.317,7.78387,7.78304,0.75,0.75
10.08.2021 00:03:13.418,7.78387,7.78312,0.75,0.75
10.08.2021 00:03:13.765,7.783780000000001,7.783,0.75,0.75
10.08.2021 00:03:13.815,7.783760000000001,7.7830200000000005,0.75,0.75
10.08.2021 00:03:18.172,7.78373,7.78297,0.75,0.75
10.08.2021 00:03:19.653,7.7836300000000005,7.78292,0.75,2.25
10.08.2021 00:03:19.703,7.783610000000001,7.78289,0.75,0.75
10.08.2021 00:03:19.804,7.783610000000001,7.782860000000001,0.75,0.75
10.08.2021 00:03:20.250,7.783610000000001,7.78294,0.75,0.37
10.08.2021 00:03:31.508,7.783610000000001,7.78293,0.75,0.37
10.08.2021 00:03:31.609,7.783530000000001,7.78293,0.75,0.37
10.08.2021 00:03:31.659,7.783580000000001,7.78293,0.75,0.37
10.08.2021 00:03:33.008,7.783580000000001,7.78292,0.75,0.75
10.08.2021 00:03:35.400,7.783600000000001,7.78292,0.75,0.75
10.08.2021 00:03:35.501,7.783560000000001,7.78292,0.75,0.75
10.08.2021 00:03:35.551,7.783480000000001,7.782680000000001,0.75,0.75
10.08.2021 00:03:35.652,7.783480000000001,7.78267,0.75,0.75
10.08.2021 00:03:36.073,7.78345,7.78267,0.75,0.75
10.08.2021 00:03:36.123,7.783480000000001,7.78267,2.25,0.75
10.08.2021 00:03:36.274,7.78357,7.78257,0.75,0.45
10.08.2021 00:03:36.335,7.783610000000001,7.78257,0.75,0.45
10.08.2021 00:03:37.029,7.783610000000001,7.78254,0.75,0.37
10.08.2021 00:03:37.246,7.783580000000001,7.78254,0.75,0.37
10.08.2021 00:03:38.151,7.783580000000001,7.78253,0.75,0.37
10.08.2021 00:03:48.659,7.783430000000001,7.78257,0.75,0.75
10.08.2021 00:03:48.760,7.78333,7.78257,0.75,0.75
10.08.2021 00:03:49.192,7.78333,7.78253,0.75,0.75
10.08.2021 00:03:49.243,7.78333,7.78257,0.75,0.75
10.08.2021 00:03:49.429,7.78333,7.78253,0.75,0.75
10.08.2021 00:03:49.533,7.78333,7.78257,0.75,0.75
10.08.2021 00:03:50.420,7.78333,7.78252,0.75,0.75
10.08.2021 00:03:50.471,7.7835,7.782430000000001,0.37,0.75
10.08.2021 00:03:50.521,7.78332,7.78252,0.75,0.75
10.08.2021 00:03:50.572,7.7835,7.782430000000001,0.37,0.75
10.08.2021 00:03:50.622,7.78333,7.78247,0.75,0.75
10.08.2021 00:03:50.673,7.783460000000001,7.782360000000001,0.75,0.47
10.08.2021 00:03:50.723,7.7833000000000006,7.78247,0.75,0.75
10.08.2021 00:03:50.824,7.78345,7.782330000000001,0.75,0.47
10.08.2021 00:03:50.876,7.78335,7.78252,0.75,0.75
10.08.2021 00:03:52.309,7.78333,7.78252,0.75,0.75
10.08.2021 00:03:52.455,7.783480000000001,7.78234,0.75,0.47
10.08.2021 00:03:52.506,7.78332,7.78247,0.75,0.75
10.08.2021 00:03:52.607,7.783260000000001,7.78242,0.75,0.75
10.08.2021 00:03:52.708,7.783250000000001,7.78242,0.75,0.75
10.08.2021 00:04:03.933,7.7832300000000005,7.78242,0.75,0.75
10.08.2021 00:04:05.437,7.783250000000001,7.78242,0.75,0.75
10.08.2021 00:04:08.382,7.78339,7.7822700000000005,0.75,0.45
10.08.2021 00:04:10.899,7.783180000000001,7.78232,0.75,0.75
10.08.2021 00:04:10.949,7.783310000000001,7.78222,0.75,0.7
10.08.2021 00:04:11.055,7.78333,7.78222,0.75,0.7
10.08.2021 00:04:11.306,7.783189999999999,7.78237,0.75,0.75
10.08.2021 00:04:11.457,7.78333,7.78222,0.75,0.2
10.08.2021 00:04:11.507,7.78317,7.78232,0.75,0.75
10.08.2021 00:04:11.558,7.78337,7.78222,0.75,0.2
10.08.2021 00:04:11.658,7.78333,7.78229,0.75,0.37
10.08.2021 00:04:11.735,7.78333,7.78222,0.75,0.2
10.08.2021 00:04:12.036,7.78333,7.78225,0.75,0.37
10.08.2021 00:04:12.338,7.78332,7.78222,0.75,0.2
10.08.2021 00:04:13.523,7.783130000000001,7.78229,0.75,0.75
10.08.2021 00:04:14.792,7.78332,7.78217,1.5,0.2
10.08.2021 00:04:20.943,7.783130000000001,7.7822700000000005,0.75,2.25
10.08.2021 00:04:21.044,7.783080000000001,7.78232,0.75,0.75
10.08.2021 00:04:21.145,7.78307,7.78232,0.75,0.75
10.08.2021 00:04:25.034,7.78305,7.78232,0.75,0.75
10.08.2021 00:04:25.084,7.78305,7.7822700000000005,0.75,0.75
10.08.2021 00:04:25.134,7.783010000000001,7.7822700000000005,0.75,0.75
10.08.2021 00:04:41.077,7.783030000000001,7.78222,0.75,0.85
10.08.2021 00:04:41.178,7.78298,7.782160000000001,0.75,0.85
10.08.2021 00:04:42.462,7.78297,7.78222,0.75,0.85
10.08.2021 00:04:48.058,7.7829500000000005,7.78222,0.75,0.85
10.08.2021 00:04:50.665,7.78294,7.78222,0.75,0.85
10.08.2021 00:04:50.769,7.78293,7.78222,0.75,0.85
10.08.2021 00:04:51.056,7.7828800000000005,7.78212,0.75,0.85
10.08.2021 00:04:51.572,7.78287,7.78202,0.75,0.85
10.08.2021 00:04:51.673,7.782830000000001,7.78202,0.75,0.85
10.08.2021 00:04:51.774,7.78282,7.78202,0.75,0.85
10.08.2021 00:05:20.150,7.782789999999999,7.78202,0.75,0.85
10.08.2021 00:05:20.256,7.782780000000001,7.78197,0.75,0.2
10.08.2021 00:05:20.470,7.782760000000001,7.78197,0.75,0.2
10.08.2021 00:05:20.621,7.782730000000001,7.78202,0.75,0.85
10.08.2021 00:05:38.333,7.7829500000000005,7.78197,0.85,0.2
10.08.2021 00:05:51.813,7.782830000000001,7.7822700000000005,0.75,0.75
10.08.2021 00:05:51.864,7.7829500000000005,7.7823,0.75,0.75
10.08.2021 00:05:51.914,7.7829500000000005,7.78237,0.75,0.75
10.08.2021 00:05:51.964,7.78317,7.782230000000001,0.75,0.2
10.08.2021 00:05:52.015,7.78317,7.782230000000001,0.75,0.2
10.08.2021 00:05:52.116,7.78328,7.7824800000000005,0.85,0.75
10.08.2021 00:05:52.217,7.78344,7.7824,0.2,0.47
10.08.2021 00:05:52.388,7.78349,7.7824800000000005,0.2,0.47
10.08.2021 00:05:52.489,7.783430000000001,7.78264,0.85,0.75
10.08.2021 00:05:52.540,7.783430000000001,7.782660000000001,0.75,0.85
10.08.2021 00:05:52.641,7.783530000000001,7.7827,0.75,0.85
10.08.2021 00:05:52.793,7.783530000000001,7.7827,0.75,1.22
10.08.2021 00:05:54.085,7.78387,7.7827,0.47,0.47
10.08.2021 00:05:54.136,7.78387,7.7827,0.47,0.47
10.08.2021 00:05:54.241,7.783650000000001,7.7828,0.75,0.75
10.08.2021 00:05:54.291,7.783760000000001,7.782660000000001,0.85,0.47
10.08.2021 00:05:55.082,7.783760000000001,7.78269,0.75,0.47
10.08.2021 00:05:56.081,7.783760000000001,7.78269,0.75,0.37
10.08.2021 00:06:02.322,7.78368,7.78287,0.75,0.75
10.08.2021 00:06:02.423,7.783760000000001,7.782910000000001,0.75,0.75
10.08.2021 00:06:02.474,7.78373,7.7829500000000005,0.75,0.75
10.08.2021 00:06:02.524,7.78373,7.78293,0.75,0.75
10.08.2021 00:06:11.614,7.78373,7.78297,0.75,0.75
10.08.2021 00:06:11.664,7.783810000000001,7.78299,0.75,0.75
10.08.2021 00:06:11.715,7.783830000000001,7.783010000000001,2.25,0.75
10.08.2021 00:06:11.765,7.783830000000001,7.78299,2.25,0.75
10.08.2021 00:06:21.818,7.783780000000001,7.78305,0.75,0.75
10.08.2021 00:06:22.123,7.783860000000001,7.78307,0.75,0.75
10.08.2021 00:06:22.224,7.78387,7.7831,0.75,0.75
10.08.2021 00:06:34.692,7.783830000000001,7.78309,0.75,0.37
10.08.2021 00:06:34.742,7.783830000000001,7.78298,0.75,0.75
10.08.2021 00:06:34.793,7.783780000000001,7.78297,0.75,2.25
10.08.2021 00:06:34.843,7.783810000000001,7.78297,0.75,0.75
10.08.2021 00:06:34.893,7.783780000000001,7.78297,0.75,0.75
10.08.2021 00:06:34.994,7.78373,7.78297,0.75,0.75
10.08.2021 00:06:35.217,7.783760000000001,7.78297,0.75,0.75
10.08.2021 00:06:35.317,7.78368,7.78297,0.75,0.75
10.08.2021 00:06:35.418,7.78368,7.78292,0.75,0.75
10.08.2021 00:06:35.519,7.7836300000000005,7.78292,0.75,0.75
10.08.2021 00:07:05.492,7.78384,7.782760000000001,1.12,0.37
10.08.2021 00:07:08.026,7.78384,7.782780000000001,1.12,0.37
10.08.2021 00:07:14.081,7.78384,7.782780000000001,1.12,0.47
10.08.2021 00:07:37.519,7.783830000000001,7.7827399999999995,0.37,1.1
10.08.2021 00:08:15.042,7.783830000000001,7.78275,0.37,0.47
10.08.2021 00:08:15.223,7.7836300000000005,7.78292,0.75,0.75
10.08.2021 00:08:16.104,7.78368,7.78292,0.75,0.75
10.08.2021 00:08:37.972,7.78385,7.78272,0.75,0.47
10.08.2021 00:08:41.646,7.78385,7.782789999999999,1.12,0.37
10.08.2021 00:08:43.457,7.78385,7.782730000000001,0.75,0.47
10.08.2021 00:08:59.818,7.78385,7.782730000000001,0.75,0.37
10.08.2021 00:08:59.868,7.78385,7.782730000000001,0.75,0.47
10.08.2021 00:09:03.832,7.78385,7.782789999999999,1.2,0.37
10.08.2021 00:09:04.276,7.78385,7.782730000000001,0.82,0.59
10.08.2021 00:09:52.082,7.78385,7.782730000000001,0.92,0.47
10.08.2021 00:10:55.658,7.78385,7.78277,1.6,0.37
10.08.2021 00:11:15.658,7.78385,7.782680000000001,1.09,2.49
10.08.2021 00:11:25.247,7.78385,7.78269,0.82,0.37
10.08.2021 00:11:32.992,7.78385,7.7827,0.82,0.37
10.08.2021 00:11:46.606,7.78373,7.78292,0.75,0.75
10.08.2021 00:11:46.876,7.78385,7.782710000000001,1.09,0.49
10.08.2021 00:12:17.134,7.78385,7.782710000000001,0.92,0.47
10.08.2021 00:13:17.801,7.784010000000001,7.782560000000001,0.49,0.49
10.08.2021 00:13:18.266,7.7839,7.782660000000001,0.49,0.49
10.08.2021 00:13:25.782,7.7839,7.782660000000001,0.59,0.59
10.08.2021 00:13:53.785,7.7838899999999995,7.78267,0.59,0.59
10.08.2021 00:14:18.368,7.78385,7.7827,0.92,0.47
10.08.2021 00:14:23.786,7.78385,7.7827,0.92,0.47
10.08.2021 00:14:47.410,7.78374,7.78292,0.75,0.75
10.08.2021 00:15:16.088,7.783780000000001,7.78292,0.75,0.75
10.08.2021 00:15:16.139,7.783780000000001,7.7830200000000005,0.75,0.75
10.08.2021 00:15:16.189,7.78387,7.78304,0.85,0.75
10.08.2021 00:15:16.818,7.7839,7.78305,0.85,0.75
10.08.2021 00:15:35.167,7.7839100000000006,7.78305,0.85,0.85
10.08.2021 00:15:37.834,7.783930000000001,7.78317,2.35,0.75
10.08.2021 00:15:37.935,7.783930000000001,7.78322,0.85,0.75
10.08.2021 00:15:37.985,7.783960000000001,7.78322,0.37,0.75
10.08.2021 00:15:38.036,7.784000000000001,7.78327,0.75,0.75
10.08.2021 00:15:40.799,7.7840300000000004,7.78337,0.75,0.75
10.08.2021 00:15:40.850,7.784000000000001,7.78327,0.75,0.75
10.08.2021 00:15:40.951,7.78399,7.7832300000000005,0.75,0.75
10.08.2021 00:15:42.912,7.783980000000001,7.78328,0.75,0.75
10.08.2021 00:15:43.013,7.784000000000001,7.78329,0.75,0.75
10.08.2021 00:15:43.164,7.784000000000001,7.7834200000000004,0.75,0.37
10.08.2021 00:15:43.780,7.78399,7.7834200000000004,0.75,0.37
10.08.2021 00:15:43.881,7.784000000000001,7.7834200000000004,0.75,0.37
10.08.2021 00:15:44.662,7.784000000000001,7.783460000000001,0.75,0.37
10.08.2021 00:15:46.939,7.784010000000001,7.783460000000001,0.75,0.37
10.08.2021 00:15:47.090,7.783939999999999,7.783600000000001,0.75,0.75
10.08.2021 00:16:06.528,7.784060000000001,7.78355,0.75,0.37
10.08.2021 00:16:07.979,7.78407,7.783560000000001,0.75,0.37
10.08.2021 00:16:12.480,7.78407,7.78357,0.37,0.37
10.08.2021 00:16:12.531,7.7839,7.78359,0.75,0.75
10.08.2021 00:16:21.524,7.78392,7.78364,0.37,0.75
10.08.2021 00:16:21.575,7.783950000000001,7.78364,0.75,0.75
10.08.2021 00:16:22.120,7.7839100000000006,7.7836300000000005,0.75,0.75
10.08.2021 00:17:13.037,7.78387,7.78362,0.75,0.75
10.08.2021 00:17:18.417,7.78384,7.78357,0.75,0.75
10.08.2021 00:17:18.518,7.78382,7.78357,0.75,0.75
10.08.2021 00:18:25.708,7.78392,7.78367,0.75,0.75
10.08.2021 00:18:25.859,7.78402,7.7837700000000005,0.75,0.75
10.08.2021 00:18:25.909,7.78408,7.783650000000001,0.75,0.37
10.08.2021 00:18:26.010,7.78415,7.783650000000001,0.85,0.37
10.08.2021 00:18:26.234,7.78397,7.78372,0.75,0.75
10.08.2021 00:18:26.478,7.78412,7.783650000000001,0.82,0.37
10.08.2021 00:18:26.602,7.78414,7.78357,1.6,0.37
10.08.2021 00:18:26.653,7.7842,7.78357,1.22,0.37
10.08.2021 00:18:26.772,7.784160000000001,7.78357,0.85,1.12
10.08.2021 00:18:26.873,7.784180000000001,7.78357,0.85,0.37
10.08.2021 00:18:26.974,7.78397,7.78372,0.75,0.75
10.08.2021 00:18:37.307,7.784130000000001,7.7837000000000005,1.22,0.37
10.08.2021 00:18:37.579,7.784130000000001,7.7837000000000005,0.85,0.37
10.08.2021 00:18:38.206,7.784160000000001,7.783610000000001,1.6,0.37
10.08.2021 00:18:43.354,7.78414,7.783610000000001,0.47,0.37
10.08.2021 00:18:49.038,7.78414,7.783610000000001,0.47,0.37
10.08.2021 00:18:49.633,7.78414,7.783610000000001,0.47,0.37
10.08.2021 00:18:49.684,7.784160000000001,7.783610000000001,0.85,0.37
10.08.2021 00:18:49.734,7.784160000000001,7.7836300000000005,0.82,0.37
10.08.2021 00:18:49.835,7.784180000000001,7.7836300000000005,0.85,0.37
10.08.2021 00:18:49.959,7.784180000000001,7.7836300000000005,0.82,0.37
10.08.2021 00:18:50.165,7.7841700000000005,7.7836300000000005,0.75,0.37
10.08.2021 00:18:50.290,7.784180000000001,7.7836300000000005,0.82,0.37
10.08.2021 00:18:50.459,7.78419,7.7836300000000005,1.6,0.37
10.08.2021 00:18:51.191,7.78419,7.783650000000001,1.6,0.37
10.08.2021 00:18:53.866,7.78419,7.78364,1.6,0.37
10.08.2021 00:18:53.967,7.78414,7.78364,0.82,0.37
10.08.2021 00:18:54.128,7.78414,7.78364,0.85,0.37
10.08.2021 00:18:55.144,7.78414,7.783580000000001,0.85,0.37
10.08.2021 00:18:55.973,7.78414,7.783580000000001,0.85,0.37
10.08.2021 00:18:56.074,7.78414,7.783580000000001,0.85,0.37
10.08.2021 00:18:56.645,7.78414,7.783560000000001,0.85,0.75
10.08.2021 00:18:58.434,7.78414,7.783560000000001,0.85,0.75
10.08.2021 00:19:01.910,7.78414,7.783560000000001,0.85,0.75
10.08.2021 00:19:02.302,7.78414,7.783560000000001,0.85,0.37
10.08.2021 00:19:02.759,7.784130000000001,7.78355,1.6,0.37
10.08.2021 00:19:03.751,7.784130000000001,7.78359,1.6,0.37
10.08.2021 00:19:06.367,7.784130000000001,7.78359,1.6,0.37
10.08.2021 00:19:12.366,7.784130000000001,7.78359,1.6,0.37
10.08.2021 00:19:17.791,7.784130000000001,7.78359,1.6,0.37
10.08.2021 00:19:26.657,7.78412,7.78359,0.85,0.37
10.08.2021 00:19:26.867,7.78412,7.78359,0.85,0.37
10.08.2021 00:19:38.045,7.78412,7.783600000000001,0.85,0.37
10.08.2021 00:19:38.146,7.78397,7.78369,0.75,0.75
10.08.2021 00:19:41.239,7.783960000000001,7.783650000000001,0.75,0.75
10.08.2021 00:19:59.144,7.7839100000000006,7.783600000000001,0.75,0.75
10.08.2021 00:20:20.729,7.784000000000001,7.783460000000001,0.47,0.75
10.08.2021 00:20:20.832,7.784000000000001,7.783460000000001,0.47,2.25
10.08.2021 00:20:21.233,7.784000000000001,7.783460000000001,0.47,2.25
10.08.2021 00:20:22.746,7.784000000000001,7.78349,0.47,0.37
10.08.2021 00:20:27.069,7.784000000000001,7.7835,0.47,0.37
10.08.2021 00:20:28.073,7.784000000000001,7.783560000000001,0.47,0.37
10.08.2021 00:20:29.380,7.7839100000000006,7.783600000000001,0.75,0.75
10.08.2021 00:22:32.958,7.783960000000001,7.783660000000001,0.75,0.75
10.08.2021 00:22:53.210,7.78404,7.783580000000001,0.47,0.37
10.08.2021 00:23:03.016,7.783960000000001,7.783660000000001,0.75,0.75
10.08.2021 00:27:21.767,7.78397,7.78367,0.75,0.75
10.08.2021 00:28:39.774,7.783880000000001,7.78357,0.75,0.75
10.08.2021 00:28:39.875,7.783980000000001,7.783380000000001,0.47,0.75
10.08.2021 00:28:39.975,7.783980000000001,7.78335,0.47,0.75
10.08.2021 00:28:40.076,7.783980000000001,7.78335,0.47,0.75
10.08.2021 00:28:40.126,7.783980000000001,7.78332,0.47,0.75
10.08.2021 00:28:40.177,7.783980000000001,7.78334,0.47,0.75
10.08.2021 00:28:40.278,7.783980000000001,7.78335,0.47,0.75
10.08.2021 00:28:40.328,7.783980000000001,7.78332,0.47,0.75
10.08.2021 00:28:40.429,7.783980000000001,7.783310000000001,1.22,0.75
10.08.2021 00:28:40.644,7.783950000000001,7.78332,0.47,0.75
10.08.2021 00:28:40.754,7.783950000000001,7.783310000000001,0.47,0.75
10.08.2021 00:28:40.854,7.783880000000001,7.783180000000001,0.85,0.75
10.08.2021 00:28:40.955,7.783830000000001,7.7831399999999995,0.85,0.75
10.08.2021 00:28:41.056,7.7838,7.78312,0.85,0.75
10.08.2021 00:28:41.157,7.78379,7.78312,0.85,0.75
10.08.2021 00:28:47.539,7.7838,7.78312,0.85,0.75
10.08.2021 00:28:47.681,7.7837700000000005,7.7831,0.85,0.75
10.08.2021 00:28:47.732,7.78375,7.783060000000001,0.85,0.75
10.08.2021 00:28:47.832,7.783710000000001,7.7830200000000005,0.85,0.75
10.08.2021 00:28:47.933,7.783710000000001,7.7830200000000005,0.85,0.75
10.08.2021 00:28:50.028,7.7837000000000005,7.783010000000001,0.85,0.75
10.08.2021 00:28:50.129,7.7837000000000005,7.783,0.85,0.75
10.08.2021 00:28:50.237,7.78369,7.783010000000001,0.85,0.75
10.08.2021 00:28:55.201,7.78369,7.7830200000000005,0.85,0.75
10.08.2021 00:28:55.302,7.783710000000001,7.783030000000001,0.85,0.75
10.08.2021 00:28:55.453,7.78369,7.78307,0.47,0.75
10.08.2021 00:28:55.503,7.78369,7.78305,0.47,0.75
10.08.2021 00:28:55.697,7.78369,7.783060000000001,0.47,0.75
10.08.2021 00:28:55.799,7.78369,7.78305,0.47,0.75
10.08.2021 00:28:55.900,7.78369,7.78307,0.47,0.75
10.08.2021 00:28:59.493,7.78368,7.78307,0.47,0.75
10.08.2021 00:28:59.743,7.78368,7.78307,0.47,0.75
10.08.2021 00:29:02.223,7.78368,7.78307,0.47,0.75
10.08.2021 00:29:07.976,7.78368,7.78307,0.47,0.75
10.08.2021 00:29:13.733,7.78368,7.782960000000001,0.47,0.37
10.08.2021 00:29:20.011,7.78368,7.78309,0.85,0.37
10.08.2021 00:30:07.910,7.783780000000001,7.7829500000000005,0.47,0.75
10.08.2021 00:30:13.839,7.783780000000001,7.7829500000000005,0.47,0.75
10.08.2021 00:30:14.984,7.78367,7.783060000000001,0.47,0.75
10.08.2021 00:30:15.034,7.78367,7.78304,0.47,0.75
10.08.2021 00:30:15.085,7.78367,7.783010000000001,0.47,0.75
10.08.2021 00:30:15.135,7.78367,7.783030000000001,0.47,0.75
10.08.2021 00:30:16.012,7.78367,7.78304,0.47,0.75
10.08.2021 00:30:18.695,7.783660000000001,7.7830200000000005,0.47,0.75
10.08.2021 00:30:46.289,7.783660000000001,7.7830200000000005,0.47,0.75
10.08.2021 00:30:46.390,7.783660000000001,7.783,0.47,0.75
10.08.2021 00:30:46.440,7.783660000000001,7.783,0.47,0.75
10.08.2021 00:30:48.256,7.78362,7.7830200000000005,0.47,0.37
10.08.2021 00:30:49.259,7.783530000000001,7.7830200000000005,0.37,0.37
10.08.2021 00:31:02.353,7.7835399999999995,7.782960000000001,0.37,0.37
10.08.2021 00:31:03.356,7.78357,7.782960000000001,0.47,0.37
10.08.2021 00:31:22.594,7.78357,7.782960000000001,0.37,0.37
10.08.2021 00:31:22.895,7.78362,7.78299,0.47,0.37
10.08.2021 00:31:23.092,7.783610000000001,7.7830200000000005,0.47,0.75
10.08.2021 00:31:29.309,7.783600000000001,7.7830200000000005,0.47,1.12
10.08.2021 00:31:29.519,7.783600000000001,7.7830200000000005,0.47,0.75
10.08.2021 00:31:29.621,7.783600000000001,7.7830200000000005,0.37,0.75
10.08.2021 00:31:30.483,7.78362,7.7830200000000005,0.47,0.75
10.08.2021 00:31:34.564,7.783600000000001,7.7830200000000005,0.37,0.75
10.08.2021 00:31:34.698,7.783600000000001,7.7830200000000005,0.47,0.75
10.08.2021 00:31:34.956,7.783600000000001,7.7830200000000005,0.45,0.75
10.08.2021 00:31:36.750,7.78362,7.7830200000000005,0.75,2.62
10.08.2021 00:31:37.290,7.78362,7.7830200000000005,0.85,2.62
10.08.2021 00:31:37.426,7.78362,7.78304,0.85,0.37
10.08.2021 00:31:37.828,7.783600000000001,7.78304,0.47,0.37
10.08.2021 00:31:38.428,7.783600000000001,7.7830200000000005,0.47,0.75
10.08.2021 00:31:39.270,7.78362,7.78309,0.47,0.37
10.08.2021 00:31:41.034,7.783460000000001,7.7831399999999995,0.75,0.75
10.08.2021 00:31:53.520,7.7835399999999995,7.78305,0.47,0.37
10.08.2021 00:31:56.763,7.783430000000001,7.78305,0.37,0.37
10.08.2021 00:31:58.304,7.7835399999999995,7.78305,0.85,0.37
10.08.2021 00:32:08.927,7.7835399999999995,7.78305,0.85,0.37
10.08.2021 00:32:11.062,7.783460000000001,7.7831399999999995,0.75,0.75
10.08.2021 00:32:11.938,7.783380000000001,7.7831399999999995,0.37,0.75
10.08.2021 00:32:12.337,7.783460000000001,7.7831399999999995,0.75,0.75
10.08.2021 00:32:53.258,7.783380000000001,7.783,0.75,0.37
10.08.2021 00:32:53.308,7.78324,7.78293,0.75,0.75
10.08.2021 00:32:53.359,7.78324,7.78289,0.75,1.12
10.08.2021 00:33:23.320,7.783260000000001,7.7828800000000005,0.37,0.37
10.08.2021 00:33:23.853,7.78324,7.78289,0.75,0.75
10.08.2021 00:34:03.275,7.783210000000001,7.78287,0.37,0.37
10.08.2021 00:34:04.208,7.783210000000001,7.782830000000001,0.37,0.75
10.08.2021 00:34:04.720,7.7832300000000005,7.782830000000001,0.37,0.37
10.08.2021 00:34:16.747,7.78322,7.782830000000001,0.37,0.37
10.08.2021 00:34:17.748,7.783200000000001,7.782830000000001,0.37,0.75
10.08.2021 00:34:18.750,7.783200000000001,7.78284,0.37,0.37
10.08.2021 00:34:19.750,7.783200000000001,7.78287,0.37,0.37
10.08.2021 00:34:32.515,7.783250000000001,7.782760000000001,0.37,0.75
10.08.2021 00:34:32.616,7.783250000000001,7.782680000000001,1.22,1.12
10.08.2021 00:34:32.716,7.7831600000000005,7.78259,0.85,0.37
10.08.2021 00:34:32.767,7.78305,7.78249,0.37,0.75
10.08.2021 00:34:32.817,7.78305,7.78253,0.37,0.75
10.08.2021 00:34:32.975,7.78305,7.78253,0.47,0.75
10.08.2021 00:34:33.685,7.78305,7.7825500000000005,0.47,0.75
10.08.2021 00:34:33.786,7.78305,7.782560000000001,0.47,0.75
10.08.2021 00:34:34.001,7.78305,7.782560000000001,0.45,0.75
10.08.2021 00:34:37.489,7.783130000000001,7.782560000000001,0.47,0.75
10.08.2021 00:34:53.851,7.78312,7.782439999999999,0.47,0.75
10.08.2021 00:35:00.364,7.78312,7.782439999999999,0.47,0.75
10.08.2021 00:35:00.591,7.78312,7.7825500000000005,0.47,0.75
10.08.2021 00:35:00.692,7.78312,7.78253,0.47,0.75
10.08.2021 00:35:02.559,7.78309,7.78254,0.47,0.75
10.08.2021 00:35:02.749,7.78312,7.78254,0.47,0.75
10.08.2021 00:35:03.826,7.78312,7.78254,0.47,0.75
10.08.2021 00:35:05.947,7.78312,7.78254,0.47,0.75
10.08.2021 00:35:06.917,7.78312,7.78254,0.47,0.75
10.08.2021 00:35:07.026,7.78312,7.78254,0.47,0.75
10.08.2021 00:35:09.153,7.78312,7.78254,0.47,0.75
10.08.2021 00:35:09.425,7.78312,7.78254,0.47,0.75
10.08.2021 00:35:10.226,7.78312,7.78254,0.47,0.75
10.08.2021 00:35:12.348,7.78312,7.78254,0.47,0.75
10.08.2021 00:35:12.625,7.78312,7.78254,0.47,0.75
10.08.2021 00:35:13.425,7.78312,7.78254,0.47,0.75
10.08.2021 00:35:15.549,7.78312,7.78254,0.47,0.75
10.08.2021 00:35:15.824,7.78312,7.78254,0.47,0.75
10.08.2021 00:35:16.624,7.78312,7.78254,0.47,0.75
10.08.2021 00:35:18.749,7.78312,7.78254,0.47,0.75
10.08.2021 00:35:18.951,7.78312,7.782560000000001,0.47,0.75
10.08.2021 00:35:19.052,7.78312,7.7825500000000005,0.47,0.75
10.08.2021 00:35:19.824,7.78312,7.7825500000000005,0.47,0.75
10.08.2021 00:35:20.379,7.7831,7.78252,0.47,0.75
10.08.2021 00:35:20.812,7.7831,7.78253,0.47,0.75
10.08.2021 00:35:20.862,7.7831,7.78253,0.47,0.75
10.08.2021 00:35:21.947,7.78309,7.7825500000000005,0.47,0.75
10.08.2021 00:35:22.048,7.78309,7.782560000000001,0.47,0.75
10.08.2021 00:35:22.149,7.78309,7.782560000000001,0.47,0.75
10.08.2021 00:35:22.250,7.78309,7.782560000000001,0.47,0.75
10.08.2021 00:35:22.981,7.78315,7.78254,0.47,0.75
10.08.2021 00:35:23.032,7.78315,7.78254,0.47,0.75
10.08.2021 00:35:23.082,7.78315,7.78252,0.47,2.25
10.08.2021 00:35:23.305,7.78315,7.78252,0.47,0.75
10.08.2021 00:35:23.406,7.7831399999999995,7.78253,0.85,0.75
10.08.2021 00:35:25.149,7.783080000000001,7.782510000000001,0.47,0.75
10.08.2021 00:35:25.199,7.783080000000001,7.78253,0.47,0.75
10.08.2021 00:35:25.302,7.783080000000001,7.78254,0.47,0.75
10.08.2021 00:35:25.413,7.783080000000001,7.78254,0.47,0.75
10.08.2021 00:35:26.172,7.783130000000001,7.78253,0.47,0.75
10.08.2021 00:35:26.223,7.783130000000001,7.78253,0.47,0.75
10.08.2021 00:35:26.274,7.783130000000001,7.782510000000001,0.47,0.75
10.08.2021 00:35:26.425,7.783130000000001,7.782510000000001,0.47,0.75
10.08.2021 00:35:26.526,7.783130000000001,7.782510000000001,0.47,0.75
10.08.2021 00:35:27.583,7.783080000000001,7.78252,0.47,0.75
10.08.2021 00:35:27.684,7.783080000000001,7.78252,0.47,0.75
10.08.2021 00:35:28.299,7.783080000000001,7.782510000000001,0.47,0.75
10.08.2021 00:35:28.455,7.783080000000001,7.782510000000001,0.47,0.75
10.08.2021 00:35:29.428,7.783110000000001,7.78252,0.47,0.75
10.08.2021 00:35:29.529,7.783110000000001,7.782510000000001,0.47,0.75
10.08.2021 00:35:31.549,7.783080000000001,7.782510000000001,0.47,0.75
10.08.2021 00:35:31.821,7.783080000000001,7.782510000000001,0.47,0.75
10.08.2021 00:35:32.584,7.783080000000001,7.78252,0.47,0.75
10.08.2021 00:35:32.748,7.783080000000001,7.782510000000001,0.47,0.75
10.08.2021 00:35:33.440,7.78309,7.78252,0.47,0.75
10.08.2021 00:35:34.720,7.78309,7.78252,0.47,0.75
10.08.2021 00:35:34.871,7.78309,7.78254,0.47,0.75
10.08.2021 00:35:35.820,7.78309,7.78254,0.47,0.75
10.08.2021 00:35:35.874,7.78309,7.78252,0.47,0.75
10.08.2021 00:35:36.425,7.783080000000001,7.782510000000001,0.47,0.75
10.08.2021 00:35:36.548,7.783080000000001,7.78252,0.47,0.75
10.08.2021 00:35:36.662,7.783080000000001,7.78252,0.47,0.75
10.08.2021 00:35:37.949,7.78309,7.78252,0.47,0.75
10.08.2021 00:35:38.078,7.78309,7.78253,0.47,0.75
10.08.2021 00:35:38.530,7.78309,7.78253,0.47,0.75
10.08.2021 00:35:39.022,7.78312,7.78253,0.47,0.75
10.08.2021 00:35:39.073,7.78312,7.782510000000001,0.47,0.75
10.08.2021 00:35:39.174,7.78312,7.78252,0.47,0.75
10.08.2021 00:35:39.297,7.78312,7.78252,0.47,0.75
10.08.2021 00:35:39.398,7.78312,7.782510000000001,0.47,0.75
10.08.2021 00:35:39.499,7.78312,7.78252,0.47,0.75
10.08.2021 00:35:41.120,7.783080000000001,7.78252,0.47,0.75
10.08.2021 00:35:41.251,7.783080000000001,7.78253,0.47,0.75
10.08.2021 00:35:41.417,7.783080000000001,7.78253,0.47,0.75
10.08.2021 00:35:42.168,7.78312,7.78253,0.47,0.75
10.08.2021 00:35:42.220,7.78312,7.78253,0.47,0.75
10.08.2021 00:35:42.325,7.78312,7.782510000000001,0.47,0.75
10.08.2021 00:35:42.622,7.78312,7.782510000000001,0.47,0.75
10.08.2021 00:35:42.794,7.78312,7.78252,0.47,0.75
10.08.2021 00:35:42.944,7.78312,7.78252,0.47,0.75
10.08.2021 00:35:43.297,7.78312,7.78252,0.47,0.75
10.08.2021 00:35:44.320,7.78309,7.78252,0.47,0.75
10.08.2021 00:35:44.421,7.78309,7.78253,0.47,0.75
10.08.2021 00:35:44.639,7.78309,7.78253,0.47,0.75
10.08.2021 00:35:45.421,7.78312,7.78253,0.47,0.75
10.08.2021 00:35:45.873,7.78312,7.782510000000001,0.47,0.75
10.08.2021 00:35:45.974,7.78312,7.78252,0.47,0.75
10.08.2021 00:35:46.434,7.7831,7.782510000000001,0.47,0.75
10.08.2021 00:35:46.560,7.7831,7.78252,0.47,0.75
10.08.2021 00:35:46.991,7.7831,7.78252,0.47,0.75
10.08.2021 00:35:47.564,7.7831,7.782510000000001,0.47,0.75
10.08.2021 00:35:48.584,7.7831,7.78252,0.47,0.75
10.08.2021 00:35:48.684,7.78309,7.782500000000001,0.47,0.75
10.08.2021 00:35:49.187,7.78309,7.782500000000001,0.47,0.75
10.08.2021 00:35:49.440,7.78309,7.782500000000001,0.47,0.75
10.08.2021 00:35:50.751,7.783080000000001,7.782500000000001,0.47,0.75
10.08.2021 00:35:51.321,7.783080000000001,7.782500000000001,0.47,0.75
10.08.2021 00:35:51.830,7.7831,7.782500000000001,0.47,0.75
10.08.2021 00:35:53.948,7.783080000000001,7.782500000000001,0.47,0.75
10.08.2021 00:35:54.461,7.7831,7.782500000000001,0.47,0.75
10.08.2021 00:35:55.029,7.7831,7.782500000000001,0.47,0.75
10.08.2021 00:35:57.151,7.7831,7.782500000000001,0.47,0.75
10.08.2021 00:35:57.417,7.7831,7.782500000000001,0.47,0.75
10.08.2021 00:35:58.232,7.7831,7.782500000000001,0.47,0.75
10.08.2021 00:36:00.346,7.7831,7.782500000000001,0.47,0.75
10.08.2021 00:36:00.617,7.7831,7.782500000000001,0.47,0.75
10.08.2021 00:36:01.469,7.7831,7.782500000000001,0.47,0.75
10.08.2021 00:36:03.502,7.783080000000001,7.782439999999999,0.47,0.37
10.08.2021 00:36:03.553,7.7831,7.78242,0.47,0.75
10.08.2021 00:36:03.604,7.7831,7.782380000000001,0.47,0.75
10.08.2021 00:36:04.621,7.7831,7.782380000000001,0.47,0.37
10.08.2021 00:36:04.857,7.783080000000001,7.782439999999999,0.47,0.37
10.08.2021 00:36:06.748,7.7831,7.78242,0.47,0.75
10.08.2021 00:36:06.849,7.7831,7.782380000000001,0.47,0.75
10.08.2021 00:36:07.019,7.7831,7.782380000000001,0.47,0.75
10.08.2021 00:36:07.822,7.7831,7.782380000000001,0.47,0.37
10.08.2021 00:36:08.056,7.783080000000001,7.782439999999999,0.47,0.37
10.08.2021 00:36:09.947,7.7831,7.78242,0.47,0.75
10.08.2021 00:36:10.001,7.7831,7.782380000000001,0.47,0.75
10.08.2021 00:36:10.217,7.7831,7.782380000000001,0.47,0.75
10.08.2021 00:36:11.020,7.7831,7.782380000000001,0.47,0.37
10.08.2021 00:36:11.256,7.783080000000001,7.782439999999999,0.47,0.37
10.08.2021 00:36:13.148,7.7831,7.78242,0.47,0.75
10.08.2021 00:36:13.444,7.7831,7.782380000000001,0.47,0.75
10.08.2021 00:36:14.221,7.7831,7.782380000000001,0.47,0.37
10.08.2021 00:36:14.387,7.7831,7.78242,0.47,0.75
10.08.2021 00:36:14.982,7.783080000000001,7.782439999999999,0.47,0.37
10.08.2021 00:36:16.313,7.7831,7.78242,0.47,0.75
10.08.2021 00:36:16.364,7.7831,7.782380000000001,0.47,0.75
10.08.2021 00:36:16.617,7.7831,7.782380000000001,0.47,0.75
10.08.2021 00:36:16.994,7.7831,7.7823899999999995,0.47,0.37
10.08.2021 00:36:17.420,7.7831,7.7823899999999995,0.47,0.37
10.08.2021 00:36:17.656,7.783080000000001,7.782439999999999,0.47,0.37
10.08.2021 00:36:19.553,7.7831,7.78242,0.47,1.12
10.08.2021 00:36:20.620,7.7831,7.78242,0.47,0.37
10.08.2021 00:36:20.856,7.783080000000001,7.782439999999999,0.47,0.37
10.08.2021 00:36:22.714,7.7831,7.78242,0.47,0.75
10.08.2021 00:36:22.814,7.7831,7.7823899999999995,0.47,0.37
10.08.2021 00:36:23.820,7.7831,7.7823899999999995,0.47,0.37
10.08.2021 00:36:24.056,7.783080000000001,7.782439999999999,0.47,0.37
10.08.2021 00:36:25.913,7.7831,7.78242,0.47,0.75
10.08.2021 00:36:25.964,7.7831,7.78242,0.47,0.75
10.08.2021 00:36:26.064,7.7831,7.7824,0.47,0.37
10.08.2021 00:36:26.225,7.7831,7.7824,0.47,0.37
10.08.2021 00:36:26.910,7.7831,7.782410000000001,0.47,0.37
10.08.2021 00:36:27.020,7.7831,7.782410000000001,0.47,0.37
10.08.2021 00:36:27.256,7.783080000000001,7.782439999999999,0.47,0.37
10.08.2021 00:36:29.124,7.783080000000001,7.782439999999999,0.47,0.37
10.08.2021 00:36:29.175,7.7831,7.78242,0.47,0.75
10.08.2021 00:36:30.012,7.7831,7.7824,0.47,0.37
10.08.2021 00:36:30.220,7.7831,7.7824,0.47,0.37
10.08.2021 00:36:30.328,7.7831,7.78242,0.47,0.75
10.08.2021 00:36:30.456,7.783080000000001,7.782439999999999,0.47,0.37
10.08.2021 00:36:32.353,7.7831,7.78242,0.47,0.37
10.08.2021 00:36:33.420,7.7831,7.78242,0.47,0.37
10.08.2021 00:36:33.656,7.783080000000001,7.782439999999999,0.47,0.37
10.08.2021 00:36:35.558,7.7831,7.782439999999999,0.47,0.37
10.08.2021 00:36:36.631,7.7831,7.782439999999999,0.47,0.37
10.08.2021 00:36:38.046,7.783080000000001,7.782439999999999,0.47,0.75
10.08.2021 00:36:38.547,7.783080000000001,7.782510000000001,0.47,0.75
10.08.2021 00:36:38.699,7.783080000000001,7.782500000000001,0.47,0.75
10.08.2021 00:36:38.809,7.783080000000001,7.782500000000001,0.47,0.75
10.08.2021 00:36:39.047,7.783080000000001,7.782500000000001,0.47,0.75
10.08.2021 00:36:39.834,7.7831,7.782500000000001,0.47,0.75
10.08.2021 00:36:41.927,7.783080000000001,7.782500000000001,0.47,0.75
10.08.2021 00:36:43.027,7.7831,7.782500000000001,0.47,0.75
10.08.2021 00:36:44.429,7.783080000000001,7.782510000000001,0.47,0.75
10.08.2021 00:36:44.480,7.783080000000001,7.782510000000001,0.47,0.75
10.08.2021 00:36:44.936,7.783080000000001,7.782510000000001,0.47,0.75
10.08.2021 00:36:45.098,7.783080000000001,7.782500000000001,0.47,0.75
10.08.2021 00:36:45.201,7.7831,7.782500000000001,0.47,0.75
10.08.2021 00:36:45.485,7.7831,7.782500000000001,0.47,0.75
10.08.2021 00:36:46.232,7.7831,7.782500000000001,0.47,0.75
10.08.2021 00:36:48.364,7.7831,7.782500000000001,0.47,0.75
10.08.2021 00:36:49.420,7.7831,7.782500000000001,0.47,0.75
10.08.2021 00:36:50.236,7.783080000000001,7.782510000000001,0.47,0.75
10.08.2021 00:36:50.339,7.783080000000001,7.782510000000001,0.47,0.75
10.08.2021 00:36:51.500,7.783080000000001,7.782500000000001,0.47,0.75
10.08.2021 00:36:51.601,7.783080000000001,7.782500000000001,0.47,0.75
10.08.2021 00:36:52.621,7.7831,7.782500000000001,0.47,0.75
10.08.2021 00:36:54.753,7.783080000000001,7.782500000000001,0.47,0.75
10.08.2021 00:36:55.820,7.7831,7.782500000000001,0.47,0.75
10.08.2021 00:36:56.964,7.783080000000001,7.782510000000001,0.47,0.75
10.08.2021 00:36:57.065,7.783080000000001,7.782510000000001,0.47,0.75
10.08.2021 00:36:57.932,7.7831,7.782500000000001,0.47,0.75
10.08.2021 00:36:58.467,7.7831,7.782500000000001,0.47,0.75
10.08.2021 00:36:59.020,7.7831,7.782500000000001,0.47,0.75
10.08.2021 00:37:01.164,7.7831,7.782500000000001,0.47,0.75
10.08.2021 00:37:02.220,7.7831,7.782500000000001,0.47,0.75
10.08.2021 00:37:04.299,7.783080000000001,7.78249,0.47,0.75
10.08.2021 00:37:04.349,7.7831,7.78249,0.47,0.75
10.08.2021 00:37:05.436,7.7831,7.78249,0.47,0.75
10.08.2021 00:37:07.552,7.7831,7.78249,0.47,0.75
10.08.2021 00:37:08.067,7.7831,7.78249,0.47,0.75
10.08.2021 00:37:08.620,7.7831,7.78249,0.47,0.75
10.08.2021 00:37:08.671,7.7831,7.782510000000001,0.47,0.75
10.08.2021 00:37:08.906,7.783080000000001,7.782510000000001,0.47,0.75
10.08.2021 00:37:09.184,7.783080000000001,7.78249,0.47,0.75
10.08.2021 00:37:09.313,7.783080000000001,7.78249,0.47,0.75
10.08.2021 00:37:09.619,7.783080000000001,7.78249,0.47,0.75
10.08.2021 00:37:10.720,7.783080000000001,7.78249,0.47,0.75
10.08.2021 00:37:11.820,7.783110000000001,7.78249,0.47,0.75
10.08.2021 00:37:13.953,7.783080000000001,7.78249,0.47,0.75
10.08.2021 00:37:15.020,7.783110000000001,7.78249,0.47,0.75
10.08.2021 00:37:17.151,7.783110000000001,7.78249,0.47,0.75
10.08.2021 00:37:18.220,7.783110000000001,7.78249,0.47,0.75
10.08.2021 00:37:20.352,7.783110000000001,7.78249,0.47,0.75
10.08.2021 00:37:21.420,7.783110000000001,7.78249,0.47,0.75
10.08.2021 00:37:23.520,7.783080000000001,7.78249,0.47,0.75
10.08.2021 00:37:23.845,7.783080000000001,7.78249,0.47,0.75
10.08.2021 00:37:24.620,7.7831,7.78249,0.47,0.75
10.08.2021 00:37:25.151,7.7831,7.78249,0.47,0.75
10.08.2021 00:37:25.651,7.7831,7.78249,0.47,0.75
10.08.2021 00:37:26.752,7.783080000000001,7.78249,0.47,0.75
10.08.2021 00:37:27.821,7.7831,7.78249,0.47,0.75
10.08.2021 00:37:29.956,7.7831,7.78249,0.47,0.75
10.08.2021 00:37:31.020,7.7831,7.78249,0.47,0.75
10.08.2021 00:37:33.164,7.7831,7.78249,0.47,0.75
10.08.2021 00:37:34.220,7.7831,7.78249,0.47,0.75
10.08.2021 00:37:36.364,7.7831,7.782450000000001,0.47,0.37
10.08.2021 00:37:37.148,7.7831,7.78247,0.47,0.37
10.08.2021 00:37:37.420,7.7831,7.78247,0.47,0.37
10.08.2021 00:37:39.152,7.783080000000001,7.782460000000001,0.47,0.37
10.08.2021 00:37:39.564,7.7831,7.782460000000001,0.47,0.37
10.08.2021 00:37:40.154,7.7831,7.78247,0.47,0.37
10.08.2021 00:37:40.620,7.7831,7.78247,0.47,0.37
10.08.2021 00:37:42.764,7.7831,7.78247,0.47,0.37
10.08.2021 00:37:43.705,7.7831,7.7824800000000005,0.47,0.37
10.08.2021 00:37:43.820,7.7831,7.7824800000000005,0.47,0.37
10.08.2021 00:37:44.858,7.783080000000001,7.782439999999999,0.47,0.37
10.08.2021 00:37:45.971,7.7831,7.78242,0.47,1.12
10.08.2021 00:37:46.071,7.7831,7.782430000000001,0.47,0.37
10.08.2021 00:37:46.907,7.7831,7.782439999999999,0.47,0.37
10.08.2021 00:37:47.020,7.7831,7.782439999999999,0.47,0.37
10.08.2021 00:37:47.981,7.783080000000001,7.782450000000001,0.47,0.37
10.08.2021 00:37:49.123,7.783080000000001,7.782450000000001,0.47,0.37
10.08.2021 00:37:49.224,7.7831,7.782460000000001,0.47,0.37
10.08.2021 00:37:50.107,7.7831,7.78247,0.47,0.37
10.08.2021 00:37:50.220,7.7831,7.78247,0.47,0.37
10.08.2021 00:37:51.180,7.783080000000001,7.782460000000001,0.47,0.37
10.08.2021 00:37:52.238,7.783080000000001,7.78247,0.47,0.37
10.08.2021 00:37:52.364,7.7831,7.78247,0.47,0.37
10.08.2021 00:37:53.310,7.7831,7.7824800000000005,0.47,0.37
10.08.2021 00:37:53.420,7.7831,7.7824800000000005,0.47,0.37
10.08.2021 00:37:54.389,7.783080000000001,7.78247,0.47,0.37
10.08.2021 00:37:55.563,7.7831,7.78247,0.47,0.37
10.08.2021 00:37:56.504,7.7831,7.7824800000000005,0.47,0.37
10.08.2021 00:37:56.621,7.7831,7.7824800000000005,0.47,0.37
10.08.2021 00:37:57.582,7.783080000000001,7.78247,0.47,0.37
10.08.2021 00:37:58.764,7.7831,7.78247,0.47,0.37
10.08.2021 00:37:59.705,7.7831,7.7824800000000005,0.47,0.37
10.08.2021 00:37:59.820,7.7831,7.7824800000000005,0.47,0.37
10.08.2021 00:38:00.790,7.783080000000001,7.78247,0.47,0.37
10.08.2021 00:38:01.963,7.7831,7.78247,0.47,0.37
10.08.2021 00:38:02.908,7.7831,7.7824800000000005,0.47,0.37
10.08.2021 00:38:03.020,7.7831,7.7824800000000005,0.47,0.37
10.08.2021 00:38:03.986,7.783080000000001,7.78247,0.47,0.37
10.08.2021 00:38:04.990,7.783080000000001,7.7824800000000005,0.47,0.37
10.08.2021 00:38:05.164,7.7831,7.7824800000000005,0.47,0.37
10.08.2021 00:38:06.220,7.7831,7.7824800000000005,0.47,0.37
10.08.2021 00:38:07.191,7.783080000000001,7.78247,0.47,0.37
10.08.2021 00:38:08.363,7.7831,7.78247,0.47,0.37
10.08.2021 00:38:09.420,7.7831,7.78247,0.47,0.37
10.08.2021 00:38:09.737,7.783080000000001,7.78247,0.47,0.37
10.08.2021 00:38:11.563,7.7831,7.78247,0.47,0.37
10.08.2021 00:38:12.506,7.7831,7.7824800000000005,0.47,0.37
10.08.2021 00:38:12.620,7.7831,7.7824800000000005,0.47,0.37
10.08.2021 00:38:12.937,7.783080000000001,7.7824800000000005,0.47,0.37
10.08.2021 00:38:13.588,7.783080000000001,7.78247,0.47,0.37
10.08.2021 00:38:14.588,7.783080000000001,7.7824800000000005,0.47,0.37
10.08.2021 00:38:14.763,7.7831,7.7824800000000005,0.47,0.37
10.08.2021 00:38:15.820,7.7831,7.7824800000000005,0.47,0.37
10.08.2021 00:38:16.137,7.783080000000001,7.7824800000000005,0.47,0.37
10.08.2021 00:38:16.784,7.783080000000001,7.78247,0.47,0.37
10.08.2021 00:38:17.788,7.783080000000001,7.7824800000000005,0.47,0.37
10.08.2021 00:38:17.963,7.7831,7.7824800000000005,0.47,0.37
10.08.2021 00:38:19.020,7.7831,7.7824800000000005,0.47,0.37
10.08.2021 00:38:19.378,7.783080000000001,7.7824800000000005,0.47,0.37
10.08.2021 00:38:19.987,7.783080000000001,7.78247,0.47,0.37
10.08.2021 00:38:20.990,7.783080000000001,7.7824800000000005,0.47,0.37
10.08.2021 00:38:21.164,7.7831,7.7824800000000005,0.47,0.37
10.08.2021 00:38:22.220,7.7831,7.7824800000000005,0.47,0.37
10.08.2021 00:38:23.189,7.783080000000001,7.78247,0.47,0.37
10.08.2021 00:38:24.193,7.783080000000001,7.7824800000000005,0.47,0.37
10.08.2021 00:38:24.364,7.7831,7.7824800000000005,0.47,0.37
10.08.2021 00:38:24.479,7.7831,7.7824800000000005,0.47,0.37
10.08.2021 00:38:25.243,7.7831,7.782430000000001,0.47,0.37
10.08.2021 00:38:25.420,7.7831,7.782430000000001,0.47,0.37
10.08.2021 00:38:25.656,7.783080000000001,7.782439999999999,0.47,0.37
10.08.2021 00:38:27.513,7.7831,7.782430000000001,0.47,0.37
10.08.2021 00:38:27.564,7.7831,7.782430000000001,0.47,0.37
10.08.2021 00:38:28.251,7.7831,7.782450000000001,0.47,0.37
10.08.2021 00:38:28.620,7.7831,7.782450000000001,0.47,0.37
10.08.2021 00:38:29.254,7.783080000000001,7.782460000000001,0.47,0.37
10.08.2021 00:38:30.592,7.783080000000001,7.78247,0.47,0.37
10.08.2021 00:38:30.764,7.7831,7.78247,0.47,0.37
10.08.2021 00:38:31.704,7.7831,7.7824800000000005,0.47,0.37
10.08.2021 00:38:31.820,7.7831,7.7824800000000005,0.47,0.37
10.08.2021 00:38:32.778,7.783080000000001,7.782460000000001,0.47,0.37
10.08.2021 00:38:33.784,7.783080000000001,7.78247,0.47,0.37
10.08.2021 00:38:33.901,7.783080000000001,7.7824800000000005,0.47,0.75
10.08.2021 00:38:33.952,7.7831,7.7824800000000005,0.47,0.75
10.08.2021 00:38:35.020,7.7831,7.7824800000000005,0.47,0.75
10.08.2021 00:38:37.155,7.7831,7.7824800000000005,0.47,0.75
10.08.2021 00:38:38.220,7.7831,7.7824800000000005,0.47,0.75
10.08.2021 00:38:40.363,7.7831,7.7824800000000005,0.47,0.75
10.08.2021 00:38:41.420,7.7831,7.7824800000000005,0.47,0.75
10.08.2021 00:38:43.563,7.7831,7.7824800000000005,0.47,0.75
10.08.2021 00:38:44.620,7.7831,7.7824800000000005,0.47,0.75
10.08.2021 00:38:46.763,7.7831,7.7824800000000005,0.47,0.75
10.08.2021 00:38:47.820,7.7831,7.7824800000000005,0.47,0.75
10.08.2021 00:38:49.963,7.7831,7.7824800000000005,0.47,0.75
10.08.2021 00:38:51.020,7.7831,7.7824800000000005,0.47,0.75
10.08.2021 00:38:53.164,7.7831,7.7824800000000005,0.47,0.75
10.08.2021 00:38:54.220,7.7831,7.7824800000000005,0.47,1.12
10.08.2021 00:38:56.353,7.7831,7.7824800000000005,0.47,0.75
10.08.2021 00:38:57.420,7.7831,7.7824800000000005,0.47,1.12
10.08.2021 00:38:59.563,7.7831,7.7824800000000005,0.47,0.75
10.08.2021 00:39:00.621,7.7831,7.7824800000000005,0.47,0.75
10.08.2021 00:39:02.764,7.7831,7.7824800000000005,0.47,0.75
10.08.2021 00:39:03.820,7.7831,7.7824800000000005,0.47,1.12
10.08.2021 00:39:05.964,7.7831,7.7824800000000005,0.47,1.12
10.08.2021 00:39:07.020,7.7831,7.7824800000000005,0.47,0.75
10.08.2021 00:39:09.164,7.7831,7.7824800000000005,0.47,0.75
10.08.2021 00:39:10.246,7.7831,7.7824800000000005,0.47,1.12
10.08.2021 00:39:12.364,7.7831,7.7824800000000005,0.47,0.75
10.08.2021 00:39:13.420,7.7831,7.7824800000000005,0.47,1.12
10.08.2021 00:39:15.563,7.7831,7.7824800000000005,0.47,1.12
10.08.2021 00:39:16.620,7.7831,7.7824800000000005,0.47,1.12
10.08.2021 00:39:18.763,7.7831,7.7824800000000005,0.47,1.12
10.08.2021 00:39:19.820,7.7831,7.7824800000000005,0.47,1.12
10.08.2021 00:39:21.964,7.7831,7.7824800000000005,0.47,1.12
10.08.2021 00:39:23.020,7.7831,7.7824800000000005,0.47,1.12
10.08.2021 00:39:25.164,7.7831,7.7824800000000005,0.47,0.75
10.08.2021 00:39:26.223,7.7831,7.7824800000000005,0.47,0.75
10.08.2021 00:39:28.352,7.7831,7.7824800000000005,0.47,0.75
10.08.2021 00:39:29.420,7.7831,7.7824800000000005,0.47,0.75
10.08.2021 00:39:31.564,7.7831,7.7824800000000005,0.47,0.75
10.08.2021 00:39:32.620,7.7831,7.7824800000000005,0.47,1.12
10.08.2021 00:39:34.764,7.7831,7.7824800000000005,0.47,0.75
10.08.2021 00:39:35.820,7.7831,7.7824800000000005,0.47,1.12
10.08.2021 00:39:37.963,7.7831,7.7824800000000005,0.47,0.75
10.08.2021 00:39:39.020,7.7831,7.7824800000000005,0.47,1.12
10.08.2021 00:39:41.163,7.7831,7.7824800000000005,0.47,0.75
10.08.2021 00:39:42.220,7.7831,7.7824800000000005,0.47,1.12
10.08.2021 00:39:44.364,7.7831,7.7824800000000005,0.47,0.75
10.08.2021 00:39:45.420,7.7831,7.7824800000000005,0.47,1.12
10.08.2021 00:39:46.872,7.783080000000001,7.78247,0.47,1.12
10.08.2021 00:39:46.973,7.783080000000001,7.78247,0.47,0.75
10.08.2021 00:39:47.125,7.783080000000001,7.78249,0.47,0.75
10.08.2021 00:39:47.178,7.783080000000001,7.78247,0.47,0.75
10.08.2021 00:39:47.332,7.783080000000001,7.78247,0.47,0.75
10.08.2021 00:39:48.465,7.78307,7.782450000000001,0.47,0.75
10.08.2021 00:39:48.565,7.783060000000001,7.7824,0.85,0.75
10.08.2021 00:39:48.616,7.783060000000001,7.78242,0.85,0.75
10.08.2021 00:39:49.467,7.783060000000001,7.78242,0.85,0.75
10.08.2021 00:39:50.686,7.78304,7.782410000000001,0.47,0.75
10.08.2021 00:39:50.787,7.783030000000001,7.7824,0.47,0.75
10.08.2021 00:39:50.887,7.783030000000001,7.782380000000001,0.47,0.75
10.08.2021 00:39:50.938,7.783030000000001,7.78237,1.22,0.75
10.08.2021 00:39:50.988,7.783010000000001,7.782330000000001,0.85,0.75
10.08.2021 00:39:51.103,7.78299,7.7823,0.85,0.75
10.08.2021 00:39:51.254,7.7829500000000005,7.7822700000000005,0.85,2.25
10.08.2021 00:39:51.356,7.7829500000000005,7.7822700000000005,0.85,2.25
10.08.2021 00:39:57.364,7.78294,7.7822700000000005,0.85,0.75
10.08.2021 00:39:57.589,7.78294,7.7822700000000005,0.85,2.25
10.08.2021 00:39:57.690,7.78293,7.782260000000001,0.85,0.75
10.08.2021 00:39:57.740,7.78293,7.782280000000001,0.85,0.75
10.08.2021 00:40:00.098,7.78294,7.78229,0.85,0.75
10.08.2021 00:40:00.199,7.782900000000001,7.782280000000001,0.47,0.75
10.08.2021 00:40:00.350,7.782900000000001,7.782280000000001,0.47,0.75
10.08.2021 00:40:03.330,7.78287,7.782260000000001,0.47,0.75
10.08.2021 00:40:03.480,7.78287,7.78225,0.47,0.75
10.08.2021 00:40:03.581,7.78287,7.78222,0.47,0.85
10.08.2021 00:40:03.850,7.78287,7.78222,0.47,0.85
10.08.2021 00:40:04.252,7.78287,7.78222,0.47,0.85
10.08.2021 00:40:04.371,7.78287,7.78222,0.47,0.85
10.08.2021 00:40:04.494,7.782860000000001,7.7822700000000005,0.47,0.75
10.08.2021 00:40:04.545,7.782860000000001,7.7822700000000005,0.47,0.75
10.08.2021 00:40:04.596,7.782860000000001,7.782310000000001,0.45,0.75
10.08.2021 00:40:05.969,7.782910000000001,7.782310000000001,0.47,0.75
10.08.2021 00:40:07.969,7.782910000000001,7.782310000000001,0.47,0.75
10.08.2021 00:40:08.240,7.782910000000001,7.78229,0.47,0.75
10.08.2021 00:40:09.541,7.782910000000001,7.78229,0.47,0.75
10.08.2021 00:40:14.036,7.782910000000001,7.7823,0.47,0.75
10.08.2021 00:40:14.881,7.782910000000001,7.7823,0.47,0.75
10.08.2021 00:40:19.477,7.782910000000001,7.78229,0.47,0.37
10.08.2021 00:40:20.479,7.782910000000001,7.782280000000001,0.85,1.12
10.08.2021 00:40:22.666,7.78282,7.782280000000001,0.37,1.12
10.08.2021 00:40:24.696,7.7828,7.7823,0.37,0.37
10.08.2021 00:40:25.701,7.782730000000001,7.7823,0.37,0.37
10.08.2021 00:40:29.721,7.78272,7.78229,0.37,0.37
10.08.2021 00:40:29.813,7.782900000000001,7.782280000000001,0.47,0.75
10.08.2021 00:40:29.914,7.7828800000000005,7.7822700000000005,0.47,0.75
10.08.2021 00:40:30.137,7.7828800000000005,7.7822700000000005,0.47,0.75
10.08.2021 00:40:31.830,7.782830000000001,7.7822700000000005,0.37,0.75
10.08.2021 00:40:37.511,7.78282,7.7822700000000005,0.37,0.75
10.08.2021 00:40:37.721,7.78272,7.7822700000000005,0.37,0.75
10.08.2021 00:40:39.886,7.78272,7.78235,0.37,0.37
10.08.2021 00:40:41.387,7.78272,7.78234,0.37,0.37
10.08.2021 00:40:42.520,7.7827,7.78234,0.37,0.37
10.08.2021 00:40:43.522,7.78269,7.78234,0.37,0.37
10.08.2021 00:40:45.529,7.782680000000001,7.78234,0.37,0.37
10.08.2021 00:40:47.392,7.78284,7.7824,0.37,0.37
10.08.2021 00:40:47.668,7.78292,7.7824,0.47,0.37
10.08.2021 00:40:47.834,7.78292,7.7824,0.47,0.37
10.08.2021 00:40:54.966,7.78294,7.7824,0.47,0.37
10.08.2021 00:40:55.759,7.78293,7.782410000000001,0.47,0.37
10.08.2021 00:40:56.481,7.78293,7.78234,0.47,0.37
10.08.2021 00:41:00.417,7.7829500000000005,7.78234,0.47,0.37
10.08.2021 00:41:23.602,7.782850000000001,7.78234,0.37,0.37
10.08.2021 00:41:32.847,7.782850000000001,7.782330000000001,0.37,0.37
10.08.2021 00:41:34.627,7.78284,7.782330000000001,0.37,0.37
10.08.2021 00:41:38.252,7.782830000000001,7.782330000000001,0.37,0.37
10.08.2021 00:42:18.716,7.7828,7.782330000000001,0.37,0.37
10.08.2021 00:42:21.272,7.78294,7.782330000000001,0.47,0.37
10.08.2021 00:42:28.796,7.782830000000001,7.782330000000001,0.37,0.37
10.08.2021 00:42:35.658,7.782830000000001,7.782230000000001,0.37,0.45
10.08.2021 00:42:36.810,7.783030000000001,7.78222,0.85,1.22
10.08.2021 00:42:47.018,7.7829500000000005,7.78234,0.47,0.37
10.08.2021 00:42:47.119,7.7829500000000005,7.78234,0.47,0.37
10.08.2021 00:42:47.479,7.7829500000000005,7.78234,0.47,0.37
10.08.2021 00:42:47.801,7.7829500000000005,7.78234,0.47,0.37
10.08.2021 00:42:47.961,7.7829500000000005,7.78234,0.47,0.37
10.08.2021 00:42:48.519,7.78294,7.782330000000001,0.47,0.37
10.08.2021 00:42:52.900,7.78294,7.782330000000001,0.47,0.37
10.08.2021 00:42:54.350,7.7829500000000005,7.78234,0.47,0.37
10.08.2021 00:42:59.132,7.7829500000000005,7.78234,0.47,0.37
10.08.2021 00:43:02.364,7.78294,7.782330000000001,0.47,0.37
10.08.2021 00:43:03.446,7.78294,7.782330000000001,0.47,0.37
10.08.2021 00:43:08.267,7.78284,7.782330000000001,0.37,0.37
10.08.2021 00:43:10.276,7.782830000000001,7.782330000000001,0.37,0.37
10.08.2021 00:43:28.096,7.78294,7.782330000000001,0.47,0.37
10.08.2021 00:43:33.762,7.782860000000001,7.782330000000001,0.37,0.37
10.08.2021 00:43:38.875,7.782850000000001,7.782330000000001,0.37,0.37
10.08.2021 00:43:39.878,7.78284,7.782330000000001,0.37,0.37
10.08.2021 00:43:41.881,7.782830000000001,7.782330000000001,0.37,0.37
10.08.2021 00:43:43.003,7.7828,7.782330000000001,0.37,0.37
10.08.2021 00:43:47.843,7.782789999999999,7.782330000000001,0.37,0.37
10.08.2021 00:43:59.848,7.782789999999999,7.78234,0.37,0.37
10.08.2021 00:44:01.349,7.782789999999999,7.782330000000001,0.37,0.37
10.08.2021 00:44:01.932,7.782780000000001,7.782330000000001,0.37,0.37
10.08.2021 00:44:07.315,7.782780000000001,7.78234,0.37,0.37
10.08.2021 00:44:07.624,7.782910000000001,7.78234,0.85,0.37
10.08.2021 00:44:07.775,7.782910000000001,7.78234,0.85,0.37
10.08.2021 00:44:08.294,7.7828800000000005,7.782330000000001,1.22,0.37
10.08.2021 00:44:09.639,7.78284,7.782330000000001,0.37,0.37
10.08.2021 00:44:13.308,7.782830000000001,7.782330000000001,0.75,0.37
10.08.2021 00:44:13.428,7.782830000000001,7.782330000000001,0.85,0.37
10.08.2021 00:44:13.715,7.78284,7.782330000000001,0.47,0.37
10.08.2021 00:44:14.313,7.78289,7.782280000000001,1.22,0.37
10.08.2021 00:44:59.005,7.78289,7.782280000000001,0.47,0.37
10.08.2021 00:45:15.658,7.782900000000001,7.78222,0.47,1.12
10.08.2021 00:45:48.241,7.782910000000001,7.78222,0.85,0.75
10.08.2021 00:46:04.925,7.78293,7.782210000000001,2.35,0.75
10.08.2021 00:46:04.999,7.78293,7.782210000000001,2.35,0.85
10.08.2021 00:46:24.364,7.782910000000001,7.782230000000001,0.85,0.82
10.08.2021 00:47:25.126,7.782910000000001,7.782230000000001,0.75,0.75
10.08.2021 00:47:26.203,7.7828800000000005,7.7822700000000005,0.37,0.37
10.08.2021 00:47:26.304,7.78287,7.7822700000000005,0.75,0.37
10.08.2021 00:47:26.455,7.78287,7.7822700000000005,0.85,0.37
10.08.2021 00:47:26.747,7.78287,7.7822700000000005,0.85,0.37
10.08.2021 00:47:27.704,7.78284,7.782230000000001,0.47,0.45
10.08.2021 00:48:20.013,7.78284,7.782230000000001,0.47,0.45
10.08.2021 00:48:28.464,7.782910000000001,7.7822000000000005,0.85,0.75
10.08.2021 00:48:55.557,7.782910000000001,7.7823,1.22,0.37
10.08.2021 00:48:55.658,7.782910000000001,7.782410000000001,0.37,0.75
10.08.2021 00:48:55.759,7.782960000000001,7.78247,0.45,1.12
10.08.2021 00:48:55.910,7.782960000000001,7.782510000000001,0.37,0.37
10.08.2021 00:48:56.643,7.78298,7.782510000000001,0.82,0.37
10.08.2021 00:48:56.694,7.78299,7.782460000000001,0.85,0.75
10.08.2021 00:48:56.794,7.7830200000000005,7.782430000000001,0.85,0.75
10.08.2021 00:48:57.187,7.7830200000000005,7.782430000000001,0.85,0.75
10.08.2021 00:49:09.276,7.7830200000000005,7.782460000000001,0.85,0.75
10.08.2021 00:49:09.327,7.7830200000000005,7.782460000000001,0.85,0.75
10.08.2021 00:49:09.811,7.7830200000000005,7.782460000000001,0.85,0.75
10.08.2021 00:49:10.302,7.7830200000000005,7.78249,0.85,0.37
10.08.2021 00:49:12.304,7.7830200000000005,7.782500000000001,1.22,0.37
10.08.2021 00:49:13.310,7.7830200000000005,7.782510000000001,1.22,0.37
10.08.2021 00:49:14.315,7.7830200000000005,7.78252,1.22,0.37
10.08.2021 00:49:14.764,7.7830200000000005,7.78252,1.22,0.37
10.08.2021 00:49:15.119,7.7830200000000005,7.78252,0.47,0.37
10.08.2021 00:49:16.561,7.7830200000000005,7.78253,0.85,0.37
10.08.2021 00:49:32.490,7.7830200000000005,7.78254,0.47,0.37
10.08.2021 00:49:36.364,7.7830200000000005,7.78254,0.47,0.37
10.08.2021 00:49:45.048,7.78297,7.78254,0.37,0.37
10.08.2021 00:49:45.098,7.78297,7.78242,0.47,0.37
10.08.2021 00:49:45.249,7.78297,7.78242,1.22,0.37
10.08.2021 00:49:45.350,7.78297,7.78242,1.22,0.37
10.08.2021 00:49:45.592,7.78293,7.782330000000001,0.47,1.2
10.08.2021 00:49:45.693,7.78293,7.782330000000001,0.47,1.2
10.08.2021 00:49:46.137,7.78293,7.782330000000001,0.47,1.2
10.08.2021 00:49:53.382,7.78293,7.78232,0.47,0.47
10.08.2021 00:49:53.483,7.78293,7.78232,1.22,0.47
10.08.2021 00:49:54.883,7.782900000000001,7.78229,1.22,0.47
10.08.2021 00:49:57.363,7.782900000000001,7.78229,1.22,0.47
10.08.2021 00:49:59.216,7.782900000000001,7.78229,1.22,0.47
10.08.2021 00:50:05.008,7.78287,7.782260000000001,0.47,0.47
10.08.2021 00:50:05.136,7.78287,7.782260000000001,0.47,0.47
10.08.2021 00:50:05.514,7.78287,7.782260000000001,1.22,0.47
10.08.2021 00:50:10.819,7.78282,7.78225,0.47,0.47
10.08.2021 00:50:12.778,7.782860000000001,7.78225,0.47,0.47
10.08.2021 00:50:13.771,7.782860000000001,7.78225,0.85,0.47
10.08.2021 00:50:32.840,7.7828,7.782260000000001,0.47,0.47
10.08.2021 00:50:33.808,7.78272,7.782260000000001,0.37,0.47
10.08.2021 00:50:44.739,7.782710000000001,7.78225,0.37,0.47
10.08.2021 00:50:58.695,7.78284,7.78234,0.47,0.37
10.08.2021 00:50:58.796,7.78284,7.782280000000001,0.45,0.47
10.08.2021 00:51:17.157,7.782850000000001,7.782260000000001,0.47,0.47
10.08.2021 00:51:26.406,7.7827,7.782260000000001,0.37,0.47
10.08.2021 00:51:38.847,7.78269,7.78225,0.37,0.85
10.08.2021 00:52:03.106,7.782860000000001,7.78225,0.47,0.47
10.08.2021 00:52:37.672,7.782710000000001,7.782260000000001,0.37,0.47
10.08.2021 00:52:38.965,7.7827,7.78225,0.37,0.47
10.08.2021 00:52:44.980,7.78269,7.78225,0.37,0.47
10.08.2021 00:53:08.873,7.782830000000001,7.78222,0.47,0.47
10.08.2021 00:53:28.326,7.782760000000001,7.78222,0.37,0.47
10.08.2021 00:53:30.184,7.782830000000001,7.78222,0.47,0.47
10.08.2021 00:53:33.906,7.7827399999999995,7.78222,0.37,0.47
10.08.2021 00:53:33.956,7.782830000000001,7.78222,0.47,0.47
10.08.2021 00:53:38.567,7.78282,7.78222,0.47,0.85
10.08.2021 00:53:40.021,7.78282,7.782210000000001,1.6,0.47
10.08.2021 00:53:41.019,7.782780000000001,7.782230000000001,1.22,0.47
10.08.2021 00:53:41.224,7.78272,7.78217,0.45,0.85
10.08.2021 00:53:42.307,7.782710000000001,7.78217,0.37,0.47
10.08.2021 00:53:44.080,7.782730000000001,7.78212,0.47,0.47
10.08.2021 00:53:44.181,7.782730000000001,7.78212,0.45,0.47
10.08.2021 00:53:44.426,7.782730000000001,7.78212,0.47,0.47
10.08.2021 00:54:07.144,7.782730000000001,7.782160000000001,0.45,0.85
10.08.2021 00:54:37.719,7.782730000000001,7.782150000000001,0.85,0.85
10.08.2021 00:54:38.756,7.78265,7.782160000000001,0.37,0.47
10.08.2021 00:54:39.793,7.78265,7.782160000000001,1.12,0.37
10.08.2021 00:54:40.169,7.782610000000001,7.78214,0.37,0.37
10.08.2021 00:54:40.219,7.782610000000001,7.78212,0.37,0.37
10.08.2021 00:54:55.502,7.782610000000001,7.78217,1.12,0.37
10.08.2021 00:54:57.510,7.78249,7.78217,0.37,0.37
10.08.2021 00:54:57.898,7.782160000000001,7.78197,0.75,0.37
10.08.2021 00:54:58.049,7.782160000000001,7.7819,0.75,0.37
10.08.2021 00:54:58.288,7.782160000000001,7.7818700000000005,0.75,0.75
10.08.2021 00:55:03.048,7.78212,7.78182,0.75,0.75
10.08.2021 00:55:03.099,7.782060000000001,7.78182,0.75,0.75
10.08.2021 00:55:03.149,7.782060000000001,7.78178,0.75,0.37
10.08.2021 00:55:03.690,7.782060000000001,7.781750000000001,0.75,0.75
10.08.2021 00:55:05.140,7.782230000000001,7.781760000000001,0.82,0.37
10.08.2021 00:55:05.241,7.782230000000001,7.781750000000001,0.75,0.37
10.08.2021 00:55:05.343,7.78235,7.781750000000001,0.47,0.37
10.08.2021 00:55:05.449,7.78235,7.781750000000001,0.47,0.37
10.08.2021 00:55:05.600,7.78235,7.781750000000001,0.47,1.12
10.08.2021 00:55:05.993,7.78235,7.781750000000001,0.47,1.12
10.08.2021 00:55:06.132,7.78235,7.781750000000001,0.47,1.12
10.08.2021 00:55:07.994,7.7823899999999995,7.781750000000001,0.85,0.75
10.08.2021 00:55:10.663,7.7823899999999995,7.781750000000001,0.85,1.12
10.08.2021 00:55:11.098,7.78234,7.78179,0.47,0.37
10.08.2021 00:55:11.199,7.78234,7.78179,0.47,0.37
10.08.2021 00:55:11.636,7.782330000000001,7.78179,0.85,0.37
10.08.2021 00:55:12.096,7.782310000000001,7.78179,0.85,0.37
10.08.2021 00:55:12.619,7.78229,7.78177,0.47,0.37
10.08.2021 00:55:14.286,7.7822700000000005,7.78177,0.37,0.37
10.08.2021 00:55:18.291,7.7822000000000005,7.7818000000000005,0.37,0.37
10.08.2021 00:55:19.351,7.78219,7.78179,0.37,0.37
10.08.2021 00:55:20.353,7.78218,7.78179,0.37,0.37
10.08.2021 00:55:21.950,7.78218,7.781810000000001,0.37,0.37
10.08.2021 00:55:22.225,7.78217,7.781810000000001,0.37,0.37
10.08.2021 00:55:22.836,7.782310000000001,7.781810000000001,0.85,0.37
10.08.2021 00:55:23.091,7.78232,7.78184,0.85,0.37
10.08.2021 00:55:23.142,7.782330000000001,7.78179,0.47,0.37
10.08.2021 00:55:24.166,7.78232,7.78179,0.85,0.37
10.08.2021 00:55:24.632,7.78232,7.78178,0.85,0.37
10.08.2021 00:55:26.612,7.78232,7.78185,0.85,0.37
10.08.2021 00:55:28.112,7.78232,7.78184,0.47,0.37
10.08.2021 00:55:31.113,7.78229,7.78183,0.45,0.37
10.08.2021 00:55:32.614,7.782230000000001,7.78182,0.37,0.37
10.08.2021 00:55:34.114,7.782230000000001,7.781810000000001,0.37,0.37
10.08.2021 00:55:34.216,7.782280000000001,7.781810000000001,0.45,0.37
10.08.2021 00:55:35.614,7.782280000000001,7.7818000000000005,0.45,0.37
10.08.2021 00:55:35.781,7.782280000000001,7.781750000000001,0.37,0.37
10.08.2021 00:55:36.462,7.782260000000001,7.781750000000001,0.37,0.37
10.08.2021 00:55:38.327,7.78225,7.781750000000001,0.37,0.37
10.08.2021 00:55:39.336,7.78224,7.78178,0.37,0.37
10.08.2021 00:55:40.189,7.78217,7.78178,0.37,0.37
10.08.2021 00:55:50.687,7.782280000000001,7.781750000000001,0.75,0.37
10.08.2021 00:55:50.986,7.7823,7.781750000000001,1.22,0.37
10.08.2021 00:55:51.086,7.782360000000001,7.7817300000000005,0.85,0.37
10.08.2021 00:55:51.742,7.782360000000001,7.78172,0.85,2.25
10.08.2021 00:55:55.541,7.78234,7.78169,0.85,2.62
10.08.2021 00:56:00.022,7.78234,7.78169,0.85,2.25
10.08.2021 00:56:01.309,7.78234,7.78182,0.85,0.37
10.08.2021 00:56:10.805,7.78234,7.7818000000000005,0.85,0.37
10.08.2021 00:56:13.821,7.78219,7.7818000000000005,0.37,0.37
10.08.2021 00:56:44.521,7.782380000000001,7.7818000000000005,2.35,0.37
10.08.2021 00:56:44.752,7.782110000000001,7.7818000000000005,0.75,1.12
10.08.2021 00:57:10.853,7.78213,7.7818000000000005,0.37,0.75
10.08.2021 00:57:15.043,7.782110000000001,7.7818000000000005,0.75,1.5
10.08.2021 00:57:44.500,7.782160000000001,7.78185,0.75,0.75
10.08.2021 00:57:44.551,7.782280000000001,7.78184,0.75,0.37
10.08.2021 00:57:44.651,7.7823,7.78184,0.75,0.37
10.08.2021 00:57:44.977,7.782310000000001,7.78184,0.82,0.37
10.08.2021 00:57:45.111,7.78234,7.78184,0.85,0.37
10.08.2021 00:57:45.572,7.78229,7.78184,0.37,0.37
10.08.2021 00:57:45.704,7.78229,7.781810000000001,0.37,0.37
10.08.2021 00:57:49.791,7.78229,7.7818000000000005,0.37,0.37
10.08.2021 00:57:50.667,7.78229,7.78194,0.37,0.37
10.08.2021 00:57:50.718,7.78235,7.78194,0.82,0.37
10.08.2021 00:57:50.768,7.782260000000001,7.78195,0.75,0.75
10.08.2021 00:58:43.747,7.782230000000001,7.781930000000001,0.75,0.37
10.08.2021 00:58:44.206,7.782260000000001,7.781930000000001,0.75,0.37
10.08.2021 00:58:45.197,7.782260000000001,7.78194,0.75,0.37
10.08.2021 00:58:51.178,7.782260000000001,7.78195,2.25,0.75
10.08.2021 00:59:06.083,7.78217,7.781910000000001,0.25,0.37
10.08.2021 00:59:06.183,7.782160000000001,7.78185,0.75,0.75
10.08.2021 00:59:06.234,7.782110000000001,7.78184,0.75,0.37
10.08.2021 00:59:07.019,7.782110000000001,7.7818000000000005,0.75,0.75
10.08.2021 00:59:22.336,7.782039999999999,7.7818000000000005,0.37,0.75
10.08.2021 00:59:24.612,7.782039999999999,7.78177,0.37,0.37
10.08.2021 00:59:34.360,7.78217,7.78177,0.25,0.37
10.08.2021 00:59:36.251,7.782110000000001,7.7818000000000005,0.75,0.75
10.08.2021 01:00:10.082,7.78217,7.78178,0.25,0.37
10.08.2021 01:00:10.182,7.782260000000001,7.78178,1.12,0.37
10.08.2021 01:00:10.344,7.782260000000001,7.78184,0.37,0.37
10.08.2021 01:00:11.159,7.78229,7.78184,0.37,0.37
10.08.2021 01:00:11.823,7.78229,7.7818000000000005,0.37,0.37
10.08.2021 01:00:15.982,7.78232,7.7818000000000005,0.85,0.37
10.08.2021 01:00:16.876,7.78235,7.78183,0.85,0.37
10.08.2021 01:00:17.893,7.782260000000001,7.78183,0.37,0.37
10.08.2021 01:00:18.376,7.782260000000001,7.78182,0.37,0.37
10.08.2021 01:00:18.896,7.78225,7.78182,0.37,0.37
10.08.2021 01:00:23.598,7.78225,7.781810000000001,0.37,0.37
10.08.2021 01:00:25.099,7.78225,7.78182,0.37,0.37
10.08.2021 01:01:25.658,7.78232,7.7817300000000005,0.75,0.75
10.08.2021 01:01:40.335,7.78232,7.781810000000001,0.75,0.37
10.08.2021 01:01:40.486,7.782360000000001,7.781810000000001,2.35,0.37
10.08.2021 01:01:41.057,7.782260000000001,7.781810000000001,0.37,0.37
10.08.2021 01:01:41.835,7.782260000000001,7.78182,0.37,0.37
10.08.2021 01:01:42.062,7.7822700000000005,7.78182,0.37,0.37
10.08.2021 01:01:43.062,7.782260000000001,7.78182,0.37,0.37
10.08.2021 01:01:44.065,7.78225,7.78182,0.37,0.37
10.08.2021 01:01:46.753,7.78225,7.7818000000000005,0.37,0.37
10.08.2021 01:01:48.253,7.78225,7.78182,0.37,0.37
10.08.2021 01:01:51.646,7.78232,7.78182,0.82,0.37
10.08.2021 01:01:51.763,7.782110000000001,7.78182,0.75,0.75
10.08.2021 01:01:58.078,7.782110000000001,7.78184,0.75,0.37
10.08.2021 01:01:58.128,7.782260000000001,7.78184,0.85,0.37
10.08.2021 01:01:58.231,7.782280000000001,7.78184,0.82,0.37
10.08.2021 01:01:59.578,7.782280000000001,7.7818000000000005,1.2,0.37
10.08.2021 01:02:01.999,7.782280000000001,7.7818000000000005,1.22,0.37
10.08.2021 01:02:25.317,7.782280000000001,7.78179,0.85,0.37
10.08.2021 01:02:25.417,7.7823,7.78179,0.85,0.37
10.08.2021 01:02:26.817,7.78229,7.7818000000000005,0.45,0.37
10.08.2021 01:02:30.210,7.78229,7.78182,0.37,0.37
10.08.2021 01:02:30.261,7.782310000000001,7.78183,0.37,0.2
10.08.2021 01:02:30.412,7.782210000000001,7.781910000000001,0.75,0.75
10.08.2021 01:02:30.463,7.78218,7.781860000000001,0.75,0.75
10.08.2021 01:02:30.563,7.7823899999999995,7.78185,1.2,0.75
10.08.2021 01:02:30.614,7.782210000000001,7.781910000000001,0.75,0.75
10.08.2021 01:02:30.715,7.782210000000001,7.781930000000001,0.75,0.2
10.08.2021 01:02:43.580,7.7824,7.781930000000001,1.6,0.2
10.08.2021 01:02:44.732,7.782310000000001,7.781930000000001,0.37,0.2
10.08.2021 01:02:45.733,7.782310000000001,7.78197,0.37,0.37
10.08.2021 01:02:46.735,7.78229,7.7819899999999995,0.37,0.37
10.08.2021 01:02:47.738,7.782280000000001,7.7819899999999995,0.37,0.37
10.08.2021 01:02:59.602,7.7824,7.781930000000001,0.85,0.2
10.08.2021 01:03:00.055,7.782360000000001,7.781930000000001,0.75,0.2
10.08.2021 01:03:00.155,7.782360000000001,7.781860000000001,0.82,0.37
10.08.2021 01:03:00.206,7.78234,7.781860000000001,0.37,0.37
10.08.2021 01:03:00.481,7.78234,7.78182,0.37,0.37
10.08.2021 01:03:19.256,7.78235,7.78182,0.82,0.37
10.08.2021 01:03:23.189,7.78234,7.78182,0.82,0.37
10.08.2021 01:03:26.157,7.78219,7.78182,0.37,0.37
10.08.2021 01:03:27.215,7.782330000000001,7.78182,0.37,0.37
10.08.2021 01:03:28.276,7.78234,7.78182,0.37,0.37
10.08.2021 01:03:29.280,7.782330000000001,7.78182,0.37,0.37
10.08.2021 01:03:33.048,7.782330000000001,7.781810000000001,0.37,0.37
10.08.2021 01:03:33.286,7.78232,7.781810000000001,0.37,0.37
10.08.2021 01:03:34.286,7.782310000000001,7.781810000000001,0.37,0.37
10.08.2021 01:03:34.548,7.782310000000001,7.78182,0.37,0.37
10.08.2021 01:03:35.208,7.7823,7.78183,0.37,0.37
10.08.2021 01:03:37.216,7.78222,7.78183,0.37,0.37
10.08.2021 01:03:39.298,7.782210000000001,7.78184,0.37,0.37
10.08.2021 01:03:40.301,7.7822000000000005,7.78184,0.37,0.37
10.08.2021 01:03:41.305,7.78219,7.78184,0.37,0.37
10.08.2021 01:03:43.237,7.78218,7.78184,0.37,0.37
10.08.2021 01:03:49.455,7.78235,7.78182,0.85,0.37
10.08.2021 01:03:49.581,7.782360000000001,7.781810000000001,0.85,0.37
10.08.2021 01:03:50.971,7.782360000000001,7.78182,0.85,0.37
10.08.2021 01:04:14.553,7.78235,7.78174,0.85,0.85
10.08.2021 01:04:15.613,7.78235,7.78174,0.85,0.85
10.08.2021 01:04:16.112,7.78235,7.78174,0.85,0.85
10.08.2021 01:05:08.034,7.782380000000001,7.78172,0.85,2.35
10.08.2021 01:05:08.998,7.78234,7.78172,0.37,2.72
10.08.2021 01:05:09.998,7.782330000000001,7.78172,0.37,2.72
10.08.2021 01:05:10.862,7.782330000000001,7.78172,0.37,2.72
10.08.2021 01:05:12.009,7.78234,7.78172,0.37,1.22
10.08.2021 01:05:14.018,7.782330000000001,7.78172,0.37,1.22
10.08.2021 01:05:16.024,7.78234,7.78172,0.37,1.22
10.08.2021 01:05:17.030,7.782330000000001,7.78172,0.37,1.22
10.08.2021 01:05:19.043,7.78234,7.78172,0.37,1.22
10.08.2021 01:05:21.051,7.782330000000001,7.78172,0.37,1.22
10.08.2021 01:05:23.057,7.78234,7.78172,0.37,1.22
10.08.2021 01:05:25.063,7.782330000000001,7.78172,0.37,1.22
10.08.2021 01:05:26.065,7.78234,7.78172,0.37,1.22
10.08.2021 01:05:27.516,7.782330000000001,7.7817300000000005,0.37,1.22
10.08.2021 01:05:27.637,7.782330000000001,7.7817300000000005,0.37,1.22
10.08.2021 01:05:27.765,7.78222,7.781760000000001,0.37,0.37
10.08.2021 01:05:28.714,7.78222,7.78177,0.37,0.37
10.08.2021 01:05:39.594,7.78222,7.78174,0.37,0.47
10.08.2021 01:05:40.581,7.78224,7.78174,0.37,0.47
10.08.2021 01:05:46.563,7.78224,7.78174,0.37,0.45
10.08.2021 01:05:52.586,7.78224,7.78174,0.37,0.47
10.08.2021 01:05:53.636,7.78224,7.78174,0.37,0.45
10.08.2021 01:05:55.583,7.78224,7.781750000000001,0.37,0.37
10.08.2021 01:06:52.690,7.78225,7.78174,0.37,0.37
10.08.2021 01:07:14.733,7.78224,7.78174,0.37,0.45
10.08.2021 01:08:15.658,7.782450000000001,7.78167,0.85,0.85
10.08.2021 01:08:28.728,7.7824,7.7817300000000005,0.85,0.85
10.08.2021 01:08:28.829,7.7824,7.7817300000000005,0.85,0.85
10.08.2021 01:08:35.172,7.7824,7.7817300000000005,0.85,0.85
10.08.2021 01:08:35.273,7.782310000000001,7.781750000000001,0.37,0.37
10.08.2021 01:08:35.374,7.782310000000001,7.78177,0.37,0.75
10.08.2021 01:08:36.301,7.78237,7.78177,0.45,0.75
10.08.2021 01:08:42.947,7.782439999999999,7.78177,0.85,0.75
10.08.2021 01:08:43.906,7.78237,7.78177,0.37,0.75
10.08.2021 01:08:48.926,7.782360000000001,7.78177,0.37,0.75
10.08.2021 01:08:49.929,7.78235,7.78178,0.37,0.37
10.08.2021 01:08:50.931,7.78234,7.78178,0.37,0.37
10.08.2021 01:08:52.509,7.7822700000000005,7.78178,0.37,0.37
10.08.2021 01:09:05.444,7.782380000000001,7.78177,0.45,0.75
10.08.2021 01:09:19.394,7.782380000000001,7.781750000000001,0.45,0.45
10.08.2021 01:09:43.099,7.782380000000001,7.781760000000001,0.45,0.37
10.08.2021 01:09:59.197,7.782380000000001,7.78177,0.45,0.75
10.08.2021 01:10:00.067,7.782410000000001,7.78177,0.47,0.75
10.08.2021 01:10:19.661,7.782410000000001,7.7817300000000005,0.47,1.22
10.08.2021 01:10:19.771,7.782410000000001,7.78177,0.47,0.75
10.08.2021 01:10:29.266,7.782410000000001,7.781760000000001,0.47,0.82
10.08.2021 01:10:29.367,7.7824,7.781750000000001,0.85,0.82
10.08.2021 01:10:29.518,7.78237,7.781750000000001,0.45,0.37
10.08.2021 01:10:29.621,7.78237,7.781750000000001,0.45,0.47
10.08.2021 01:10:29.814,7.78237,7.781750000000001,0.47,0.37
10.08.2021 01:10:30.521,7.78234,7.7817300000000005,0.37,1.2
10.08.2021 01:10:38.922,7.782330000000001,7.78182,0.37,0.37
10.08.2021 01:10:39.925,7.78222,7.78182,0.37,0.37
10.08.2021 01:11:07.262,7.7823899999999995,7.781710000000001,0.85,1.6
10.08.2021 01:11:33.351,7.7823899999999995,7.781710000000001,0.75,0.75
10.08.2021 01:11:40.137,7.7823899999999995,7.7817300000000005,0.75,0.75
10.08.2021 01:11:40.288,7.78237,7.7817300000000005,0.85,0.85
10.08.2021 01:11:40.728,7.78237,7.7817300000000005,0.85,0.85
10.08.2021 01:11:42.319,7.78237,7.7817300000000005,0.85,0.82
10.08.2021 01:11:43.430,7.78237,7.7817300000000005,0.85,0.82
10.08.2021 01:11:44.403,7.78237,7.7817300000000005,1.6,0.75
10.08.2021 01:11:45.547,7.78235,7.7817300000000005,0.45,0.85
10.08.2021 01:11:45.913,7.78235,7.7817300000000005,0.47,0.82
10.08.2021 01:11:46.420,7.782360000000001,7.7817300000000005,0.47,0.85
10.08.2021 01:11:46.920,7.782360000000001,7.7817300000000005,0.47,0.75
10.08.2021 01:11:47.075,7.782360000000001,7.78184,0.47,0.37
10.08.2021 01:11:50.108,7.782360000000001,7.78182,0.47,0.37
10.08.2021 01:11:51.609,7.78235,7.78183,0.45,0.37
10.08.2021 01:11:52.296,7.78234,7.78183,0.37,0.37
10.08.2021 01:11:54.609,7.78234,7.78184,0.37,0.37
10.08.2021 01:11:55.608,7.78234,7.78183,0.37,0.37
10.08.2021 01:11:56.304,7.782360000000001,7.78183,0.45,0.37
10.08.2021 01:12:08.275,7.782360000000001,7.78183,0.47,0.37
10.08.2021 01:12:09.114,7.782360000000001,7.78182,0.47,0.37
10.08.2021 01:12:09.503,7.7823,7.781750000000001,0.37,0.37
10.08.2021 01:12:11.004,7.782310000000001,7.781760000000001,0.37,0.37
10.08.2021 01:12:13.337,7.782310000000001,7.78182,0.37,0.37
10.08.2021 01:12:16.485,7.782310000000001,7.781760000000001,0.37,0.37
10.08.2021 01:12:17.005,7.78235,7.78174,0.37,0.47
10.08.2021 01:12:17.136,7.78235,7.78174,0.47,0.37
10.08.2021 01:12:17.586,7.78235,7.78174,0.45,0.45
10.08.2021 01:12:18.505,7.782360000000001,7.781750000000001,0.47,0.37
10.08.2021 01:12:27.508,7.78234,7.7817300000000005,0.37,1.6
10.08.2021 01:12:33.510,7.78235,7.78174,0.45,0.45
10.08.2021 01:12:40.572,7.78235,7.78174,0.37,0.47
10.08.2021 01:12:41.076,7.78235,7.78174,0.75,1.57
10.08.2021 01:12:42.525,7.78235,7.781760000000001,0.37,0.37
10.08.2021 01:12:48.144,7.78235,7.781750000000001,0.37,0.45
10.08.2021 01:13:24.800,7.78235,7.781750000000001,0.37,1.22
10.08.2021 01:13:24.901,7.78235,7.78184,1.12,0.37
10.08.2021 01:13:44.840,7.782330000000001,7.78184,0.75,0.37
10.08.2021 01:13:45.519,7.782330000000001,7.78185,0.75,0.37
10.08.2021 01:13:47.532,7.782330000000001,7.78184,1.12,0.37
10.08.2021 01:13:50.226,7.782330000000001,7.78179,0.75,0.37
10.08.2021 01:13:51.538,7.782330000000001,7.7818000000000005,0.75,0.37
10.08.2021 01:14:00.166,7.78224,7.78182,0.37,0.37
10.08.2021 01:14:05.080,7.78235,7.78174,1.2,0.37
10.08.2021 01:14:05.548,7.78235,7.78174,1.22,0.45
10.08.2021 01:14:12.362,7.78235,7.78174,1.2,0.45
10.08.2021 01:14:14.173,7.782330000000001,7.78174,0.75,1.2
10.08.2021 01:14:30.073,7.782330000000001,7.781750000000001,0.75,0.37
10.08.2021 01:14:31.298,7.78235,7.781750000000001,0.82,0.37
10.08.2021 01:14:31.543,7.78235,7.78174,1.22,0.37
10.08.2021 01:14:34.172,7.782330000000001,7.78174,0.75,1.12
10.08.2021 01:14:37.543,7.782330000000001,7.781750000000001,0.75,0.37
10.08.2021 01:14:37.594,7.78235,7.781750000000001,0.75,0.45
10.08.2021 01:14:37.745,7.782360000000001,7.781750000000001,0.45,0.45
10.08.2021 01:14:38.902,7.782310000000001,7.781760000000001,0.37,0.37
10.08.2021 01:14:40.260,7.782360000000001,7.781750000000001,0.45,0.37
10.08.2021 01:14:44.307,7.782360000000001,7.78179,0.45,0.37
10.08.2021 01:14:45.647,7.782360000000001,7.7818000000000005,0.37,0.37
10.08.2021 01:14:46.726,7.782360000000001,7.78182,0.45,0.37
10.08.2021 01:14:49.714,7.782360000000001,7.78184,0.75,0.37
10.08.2021 01:14:50.715,7.782360000000001,7.7818700000000005,0.75,0.37
10.08.2021 01:14:51.723,7.782360000000001,7.78182,0.82,0.37
10.08.2021 01:14:53.785,7.78235,7.78183,0.37,0.37
10.08.2021 01:14:54.786,7.78235,7.7818700000000005,0.37,0.37
10.08.2021 01:14:55.865,7.78235,7.78182,0.37,0.37
10.08.2021 01:14:56.948,7.78235,7.781860000000001,0.37,0.37
10.08.2021 01:14:59.675,7.78235,7.78182,0.37,0.37
10.08.2021 01:15:02.685,7.78235,7.78183,0.37,0.37
10.08.2021 01:15:04.192,7.78235,7.78182,0.37,0.37
10.08.2021 01:15:05.689,7.78235,7.78178,0.37,0.37
10.08.2021 01:15:06.472,7.782360000000001,7.78178,0.75,0.37
10.08.2021 01:15:06.989,7.78235,7.78179,0.37,0.37
10.08.2021 01:15:07.995,7.78235,7.781810000000001,0.37,0.37
10.08.2021 01:15:08.750,7.782360000000001,7.781750000000001,0.45,0.45
10.08.2021 01:15:16.872,7.78235,7.78174,0.37,0.47
10.08.2021 01:15:16.973,7.78235,7.78174,0.45,0.45
10.08.2021 01:15:17.438,7.78235,7.78174,0.37,0.47
10.08.2021 01:15:19.034,7.78235,7.78177,0.37,0.37
10.08.2021 01:15:20.030,7.78232,7.78177,0.37,0.37
10.08.2021 01:15:34.317,7.782330000000001,7.78177,0.37,0.37
10.08.2021 01:15:39.105,7.78235,7.78174,0.37,0.85
10.08.2021 01:15:47.521,7.78235,7.781810000000001,0.75,0.37
10.08.2021 01:15:48.559,7.782280000000001,7.781810000000001,0.37,0.37
10.08.2021 01:15:55.406,7.78235,7.781810000000001,0.75,0.37
10.08.2021 01:16:13.916,7.78235,7.78174,0.37,0.47
10.08.2021 01:16:39.708,7.78237,7.7817300000000005,0.75,0.37
10.08.2021 01:16:40.384,7.7823,7.78179,0.75,0.75
10.08.2021 01:16:40.540,7.78229,7.781810000000001,0.37,0.37
10.08.2021 01:16:41.494,7.7823,7.78179,0.75,0.75
10.08.2021 01:17:02.519,7.782330000000001,7.78177,0.75,0.75
10.08.2021 01:17:02.625,7.78235,7.78174,0.37,0.75
10.08.2021 01:17:02.967,7.78235,7.781750000000001,0.82,0.37
10.08.2021 01:17:15.875,7.78235,7.78174,0.45,0.45
10.08.2021 01:17:29.361,7.78234,7.781750000000001,0.75,0.75
10.08.2021 01:17:31.231,7.78234,7.78184,0.75,0.37
10.08.2021 01:17:32.234,7.78225,7.78184,0.37,0.37
10.08.2021 01:18:00.039,7.7822700000000005,7.78182,0.37,0.37
10.08.2021 01:18:24.206,7.78235,7.78178,0.45,0.37
10.08.2021 01:18:25.219,7.78235,7.78174,0.45,0.82
10.08.2021 01:18:26.178,7.78235,7.781750000000001,0.45,0.37
10.08.2021 01:18:36.581,7.78234,7.781750000000001,0.37,0.37
10.08.2021 01:18:36.632,7.782310000000001,7.781750000000001,0.37,0.37
10.08.2021 01:18:39.120,7.782310000000001,7.78179,0.37,0.37
10.08.2021 01:18:41.083,7.78232,7.78179,0.37,0.37
10.08.2021 01:18:55.595,7.78232,7.781710000000001,0.37,0.85
10.08.2021 01:18:55.695,7.782230000000001,7.78169,0.37,0.85
10.08.2021 01:18:55.746,7.782230000000001,7.781660000000001,0.37,0.85
10.08.2021 01:18:55.847,7.782230000000001,7.7816,0.37,0.85
10.08.2021 01:18:55.947,7.782230000000001,7.7816,0.37,0.85
10.08.2021 01:18:56.305,7.782230000000001,7.78157,1.22,2.35
10.08.2021 01:18:57.206,7.78218,7.78157,0.37,2.35
10.08.2021 01:19:02.800,7.78218,7.78157,0.37,2.35
10.08.2021 01:19:04.170,7.78218,7.781610000000001,0.37,0.37
10.08.2021 01:19:05.291,7.782150000000001,7.781610000000001,0.37,0.37
10.08.2021 01:19:17.515,7.78219,7.78162,0.37,0.37
10.08.2021 01:19:18.519,7.78219,7.781630000000001,0.37,0.37
10.08.2021 01:19:19.522,7.78219,7.78162,0.37,0.37
10.08.2021 01:19:20.546,7.78219,7.7816,0.37,0.45
10.08.2021 01:19:20.597,7.78217,7.7816,0.37,0.47
10.08.2021 01:19:21.448,7.781960000000001,7.781630000000001,0.75,0.75
10.08.2021 01:19:42.058,7.782050000000001,7.78155,0.37,0.75
10.08.2021 01:19:51.593,7.781960000000001,7.781630000000001,0.75,0.75
10.08.2021 01:20:14.827,7.782039999999999,7.78152,0.37,0.75
10.08.2021 01:20:21.703,7.781960000000001,7.781630000000001,0.75,0.75
10.08.2021 01:20:42.558,7.781910000000001,7.781580000000001,0.75,0.75
10.08.2021 01:20:42.608,7.781960000000001,7.78143,0.37,0.85
10.08.2021 01:20:42.709,7.781960000000001,7.78142,0.37,0.85
10.08.2021 01:20:42.810,7.781980000000001,7.78138,0.37,0.85
10.08.2021 01:20:42.919,7.781980000000001,7.781350000000001,0.37,0.85
10.08.2021 01:20:43.020,7.781980000000001,7.78132,2.72,0.85
10.08.2021 01:20:43.120,7.781930000000001,7.781310000000001,0.75,0.85
10.08.2021 01:20:43.221,7.78195,7.781300000000001,0.85,0.85
10.08.2021 01:20:43.701,7.78189,7.781289999999999,0.37,0.85
10.08.2021 01:20:44.985,7.78189,7.781260000000001,0.37,0.85
10.08.2021 01:20:45.085,7.78183,7.78122,0.37,0.85
10.08.2021 01:20:45.192,7.78183,7.781260000000001,0.37,0.75
10.08.2021 01:20:45.460,7.78179,7.78125,0.75,0.75
10.08.2021 01:20:45.511,7.78179,7.78122,0.75,2.32
10.08.2021 01:20:45.937,7.781810000000001,7.78122,0.75,0.75
10.08.2021 01:20:49.170,7.78182,7.78122,1.12,0.75
10.08.2021 01:20:49.220,7.78182,7.7812399999999995,1.12,0.75
10.08.2021 01:20:49.270,7.78182,7.781210000000001,0.37,0.75
10.08.2021 01:20:49.321,7.78182,7.781230000000001,0.37,0.82
10.08.2021 01:20:49.657,7.7818000000000005,7.781230000000001,0.75,0.82
10.08.2021 01:20:58.386,7.781810000000001,7.781210000000001,1.12,0.82
10.08.2021 01:20:58.487,7.781810000000001,7.7812,0.37,0.82
10.08.2021 01:20:59.470,7.781810000000001,7.78122,0.37,0.75
10.08.2021 01:20:59.571,7.781810000000001,7.781230000000001,0.37,0.82
10.08.2021 01:20:59.722,7.781810000000001,7.781260000000001,0.37,0.82
10.08.2021 01:20:59.992,7.781810000000001,7.781260000000001,0.37,0.85
10.08.2021 01:21:00.227,7.78182,7.781260000000001,0.37,0.85
10.08.2021 01:21:15.339,7.78182,7.78117,0.37,0.85
10.08.2021 01:21:17.800,7.78182,7.781180000000001,0.37,0.47
10.08.2021 01:21:27.751,7.78182,7.78117,0.37,1.22
10.08.2021 01:22:03.852,7.78195,7.78122,0.85,1.22
10.08.2021 01:22:52.875,7.78195,7.78122,0.85,0.85
10.08.2021 01:23:02.655,7.781860000000001,7.78125,0.37,0.45
10.08.2021 01:23:11.457,7.78182,7.78125,0.37,0.45
10.08.2021 01:23:11.558,7.78182,7.781210000000001,0.37,0.85
10.08.2021 01:23:12.486,7.78183,7.781230000000001,0.37,0.75
10.08.2021 01:23:33.682,7.78182,7.781230000000001,0.37,0.75
10.08.2021 01:23:33.783,7.78182,7.7812399999999995,0.37,0.75
10.08.2021 01:23:34.315,7.78182,7.7812399999999995,0.37,0.85
10.08.2021 01:23:34.669,7.781810000000001,7.781230000000001,0.37,0.85
10.08.2021 01:23:38.007,7.781810000000001,7.781230000000001,0.37,0.85
10.08.2021 01:23:38.896,7.7818000000000005,7.781230000000001,0.37,0.85
10.08.2021 01:23:40.211,7.7818000000000005,7.781230000000001,0.37,0.85
10.08.2021 01:23:47.012,7.781810000000001,7.781230000000001,0.37,0.85
10.08.2021 01:23:48.512,7.7818000000000005,7.7812399999999995,0.37,0.47
10.08.2021 01:23:50.138,7.781810000000001,7.7812399999999995,0.37,0.47
10.08.2021 01:23:51.507,7.781810000000001,7.78127,0.37,0.75
10.08.2021 01:23:52.672,7.781810000000001,7.781350000000001,0.37,0.37
10.08.2021 01:23:53.110,7.781810000000001,7.78127,0.37,0.75
10.08.2021 01:23:54.118,7.781810000000001,7.781310000000001,0.37,0.75
10.08.2021 01:23:54.168,7.781810000000001,7.781289999999999,0.37,0.75
10.08.2021 01:23:54.718,7.781810000000001,7.781280000000001,0.37,0.75
10.08.2021 01:23:54.864,7.781810000000001,7.78125,0.37,0.82
10.08.2021 01:23:55.148,7.781810000000001,7.781289999999999,1.12,0.75
10.08.2021 01:23:56.169,7.781810000000001,7.781300000000001,0.75,0.37
10.08.2021 01:23:57.113,7.78183,7.781300000000001,1.5,0.37
10.08.2021 01:24:04.689,7.78184,7.781300000000001,0.75,0.37
10.08.2021 01:24:04.790,7.78184,7.781289999999999,0.75,0.37
10.08.2021 01:24:34.800,7.78184,7.781300000000001,0.37,0.75
10.08.2021 01:24:36.340,7.78184,7.78139,0.37,0.37
10.08.2021 01:24:38.347,7.78177,7.78139,0.37,0.37
10.08.2021 01:24:44.891,7.78184,7.7813300000000005,0.37,0.37
10.08.2021 01:24:44.992,7.78185,7.781300000000001,0.37,0.37
10.08.2021 01:24:46.291,7.781860000000001,7.781310000000001,0.37,0.37
10.08.2021 01:25:04.902,7.78185,7.781310000000001,0.37,0.37
10.08.2021 01:25:09.396,7.78182,7.7813300000000005,0.75,0.75
10.08.2021 01:25:09.913,7.78182,7.78134,0.75,0.37
10.08.2021 01:25:13.077,7.78183,7.78134,0.37,0.37
10.08.2021 01:25:13.179,7.781860000000001,7.781310000000001,0.37,0.37
10.08.2021 01:25:23.994,7.781880000000001,7.7813300000000005,0.37,0.37
10.08.2021 01:25:24.095,7.781910000000001,7.78138,0.47,0.37
10.08.2021 01:25:24.296,7.781910000000001,7.78138,0.37,0.37
10.08.2021 01:25:24.941,7.781930000000001,7.78138,0.85,0.37
10.08.2021 01:25:25.501,7.781930000000001,7.78139,0.85,0.37
10.08.2021 01:25:30.017,7.781930000000001,7.78138,0.85,0.37
10.08.2021 01:25:30.327,7.781930000000001,7.78138,0.85,0.37
10.08.2021 01:25:39.790,7.781930000000001,7.78138,0.85,0.37
10.08.2021 01:25:40.506,7.781930000000001,7.78139,0.85,0.37
10.08.2021 01:25:44.786,7.781880000000001,7.78139,0.75,0.37
10.08.2021 01:25:45.909,7.78182,7.78139,0.37,0.37
10.08.2021 01:25:47.918,7.78182,7.7814000000000005,0.37,0.37
10.08.2021 01:25:49.725,7.7818700000000005,7.78139,0.75,0.37
10.08.2021 01:25:57.110,7.78189,7.78139,0.75,0.37
10.08.2021 01:25:58.111,7.78189,7.781460000000001,0.75,0.37
10.08.2021 01:25:59.118,7.781810000000001,7.781460000000001,0.37,0.37
10.08.2021 01:26:04.202,7.781880000000001,7.7814000000000005,0.37,0.37
10.08.2021 01:26:05.552,7.781880000000001,7.78144,0.37,0.37
10.08.2021 01:26:18.636,7.78189,7.78144,0.37,0.37
10.08.2021 01:26:44.332,7.781980000000001,7.78144,2.35,0.37
10.08.2021 01:26:46.662,7.781980000000001,7.78144,2.35,0.37
10.08.2021 01:26:46.955,7.78195,7.78144,0.37,0.37
10.08.2021 01:26:47.965,7.78194,7.78144,0.37,0.37
10.08.2021 01:26:57.131,7.781960000000001,7.78144,0.47,0.37
10.08.2021 01:27:06.319,7.78192,7.78137,0.37,0.37
10.08.2021 01:27:07.840,7.7819,7.781350000000001,0.37,0.37
10.08.2021 01:27:13.797,7.781910000000001,7.781360000000001,0.37,0.37
10.08.2021 01:28:00.084,7.7819,7.781410000000001,0.37,0.37
10.08.2021 01:28:54.277,7.78189,7.7814000000000005,0.37,0.37
10.08.2021 01:28:54.378,7.781810000000001,7.781480000000001,0.75,0.75
10.08.2021 01:28:54.428,7.78189,7.7814000000000005,0.37,0.37
10.08.2021 01:28:54.479,7.78189,7.7814000000000005,0.37,0.47
10.08.2021 01:28:54.580,7.7820100000000005,7.781460000000001,0.37,0.37
10.08.2021 01:28:56.044,7.78202,7.78147,0.37,0.37
10.08.2021 01:29:11.068,7.782030000000001,7.781480000000001,0.37,0.37
10.08.2021 01:29:11.624,7.782030000000001,7.781480000000001,0.37,0.47
10.08.2021 01:29:12.568,7.782060000000001,7.781510000000001,0.37,0.37
10.08.2021 01:29:38.247,7.782060000000001,7.781510000000001,0.37,0.47
10.08.2021 01:29:38.452,7.78217,7.781580000000001,0.47,0.37
10.08.2021 01:29:38.503,7.78219,7.781580000000001,0.47,0.37
10.08.2021 01:29:38.603,7.78219,7.781580000000001,0.37,0.37
10.08.2021 01:29:39.696,7.78224,7.781580000000001,0.82,0.45
10.08.2021 01:29:40.503,7.78225,7.78159,1.22,0.75
10.08.2021 01:29:45.775,7.782260000000001,7.7816,1.2,0.85
10.08.2021 01:29:45.876,7.78224,7.78159,0.75,0.37
10.08.2021 01:29:45.977,7.78224,7.78159,0.82,0.47
10.08.2021 01:29:46.433,7.78225,7.78159,0.85,0.45
10.08.2021 01:29:46.914,7.78224,7.78159,0.75,0.47
10.08.2021 01:29:47.225,7.782230000000001,7.78162,0.37,0.45
10.08.2021 01:29:51.527,7.78224,7.781630000000001,1.12,0.37
10.08.2021 01:29:56.103,7.78224,7.781630000000001,1.22,0.37
10.08.2021 01:29:56.153,7.78224,7.781630000000001,1.12,0.37
10.08.2021 01:29:57.360,7.78219,7.7816399999999994,0.37,0.37
10.08.2021 01:29:59.102,7.781960000000001,7.7816399999999994,0.75,1.12
10.08.2021 01:29:59.153,7.78218,7.7816399999999994,0.75,0.37
10.08.2021 01:29:59.254,7.78217,7.7816399999999994,0.75,0.37
10.08.2021 01:29:59.405,7.78218,7.7816399999999994,0.75,0.37
10.08.2021 01:29:59.590,7.78217,7.7816399999999994,0.75,0.37
10.08.2021 01:30:00.209,7.78214,7.78159,0.37,0.37
10.08.2021 01:30:10.689,7.78213,7.781580000000001,0.37,0.37
10.08.2021 01:30:11.538,7.7822000000000005,7.78159,0.47,0.37
10.08.2021 01:30:11.639,7.7822000000000005,7.78159,0.47,0.37
10.08.2021 01:30:11.740,7.7822000000000005,7.78159,0.37,0.37
10.08.2021 01:30:11.991,7.7822000000000005,7.781610000000001,0.37,0.75
10.08.2021 01:30:13.020,7.78224,7.781630000000001,0.37,0.37
10.08.2021 01:30:14.521,7.782230000000001,7.78162,0.37,0.47
10.08.2021 01:30:14.682,7.782230000000001,7.78162,0.37,0.37
10.08.2021 01:30:25.287,7.782230000000001,7.78162,0.47,0.37
10.08.2021 01:30:25.388,7.782230000000001,7.78162,0.37,0.37
10.08.2021 01:30:25.735,7.782230000000001,7.78162,0.47,0.45
10.08.2021 01:30:26.737,7.7822000000000005,7.78165,0.37,0.37
10.08.2021 01:30:34.571,7.78217,7.78165,0.37,0.75
10.08.2021 01:30:37.197,7.78217,7.78169,0.37,0.37
10.08.2021 01:30:38.041,7.7822000000000005,7.78169,0.37,0.37
10.08.2021 01:30:38.697,7.7822000000000005,7.781680000000001,0.37,0.37
10.08.2021 01:30:39.016,7.782230000000001,7.781680000000001,0.47,0.37
10.08.2021 01:30:44.699,7.782230000000001,7.78167,0.47,0.37
10.08.2021 01:30:49.252,7.78222,7.78167,0.47,0.37
10.08.2021 01:30:49.303,7.78222,7.78167,0.47,0.37
10.08.2021 01:30:49.354,7.78222,7.78167,1.22,0.37
10.08.2021 01:30:49.704,7.78218,7.78167,0.75,0.37
10.08.2021 01:30:50.218,7.78218,7.78167,0.85,0.37
10.08.2021 01:30:50.502,7.78218,7.78162,0.85,0.37
10.08.2021 01:30:50.786,7.78218,7.78162,0.82,0.37
10.08.2021 01:31:20.775,7.78218,7.78159,0.75,0.37
10.08.2021 01:31:21.326,7.782230000000001,7.78159,0.85,0.37
10.08.2021 01:31:22.262,7.782210000000001,7.7816,0.85,0.37
10.08.2021 01:31:36.775,7.782230000000001,7.781610000000001,0.85,0.37
10.08.2021 01:32:15.362,7.782230000000001,7.781610000000001,0.85,0.37
10.08.2021 01:32:43.382,7.7822700000000005,7.781610000000001,0.47,0.37
10.08.2021 01:32:43.483,7.78225,7.78162,0.85,0.37
10.08.2021 01:32:43.615,7.782260000000001,7.78162,0.85,0.37
10.08.2021 01:32:43.720,7.782280000000001,7.78162,1.22,0.45
10.08.2021 01:32:43.872,7.782280000000001,7.78162,1.22,0.47
10.08.2021 01:32:44.885,7.782280000000001,7.78167,0.85,0.37
10.08.2021 01:32:52.815,7.782280000000001,7.781680000000001,0.85,0.37
10.08.2021 01:33:03.209,7.782280000000001,7.78167,0.85,0.37
10.08.2021 01:33:03.361,7.78225,7.78167,0.75,0.37
10.08.2021 01:33:03.462,7.78219,7.78167,0.75,0.37
10.08.2021 01:33:03.563,7.782160000000001,7.78167,0.75,0.37
10.08.2021 01:33:03.663,7.782150000000001,7.7815,0.75,0.45
10.08.2021 01:33:03.714,7.782150000000001,7.78152,0.75,0.75
10.08.2021 01:33:04.308,7.78217,7.78152,0.75,2.25
10.08.2021 01:33:04.409,7.78218,7.781530000000001,0.85,0.75
10.08.2021 01:33:04.510,7.7822000000000005,7.78159,0.85,0.37
10.08.2021 01:33:04.611,7.78222,7.78159,1.22,0.37
10.08.2021 01:33:05.998,7.782210000000001,7.781610000000001,0.47,0.37
10.08.2021 01:33:21.362,7.782230000000001,7.781610000000001,2.72,0.37
10.08.2021 01:33:29.059,7.782230000000001,7.78159,0.47,0.37
10.08.2021 01:33:29.160,7.78219,7.78159,0.85,0.37
10.08.2021 01:33:29.418,7.78219,7.78159,0.85,0.37
10.08.2021 01:33:42.553,7.78219,7.781630000000001,0.85,0.37
10.08.2021 01:33:42.604,7.782230000000001,7.781630000000001,2.35,0.37
10.08.2021 01:33:42.705,7.782260000000001,7.781630000000001,0.45,0.37
10.08.2021 01:33:42.755,7.782260000000001,7.78165,0.37,0.82
10.08.2021 01:33:42.856,7.782260000000001,7.781660000000001,0.37,0.75
10.08.2021 01:33:42.907,7.78235,7.7816399999999994,1.22,0.75
10.08.2021 01:33:42.958,7.78235,7.781660000000001,1.22,0.75
10.08.2021 01:33:43.183,7.78235,7.781750000000001,0.85,0.37
10.08.2021 01:33:43.288,7.78235,7.781750000000001,0.75,0.37
10.08.2021 01:33:43.607,7.782330000000001,7.781750000000001,0.85,0.37
10.08.2021 01:33:43.758,7.7822700000000005,7.781750000000001,0.75,0.37
10.08.2021 01:33:43.960,7.782260000000001,7.781750000000001,0.82,0.37
10.08.2021 01:33:44.156,7.782260000000001,7.78167,0.82,0.37
10.08.2021 01:33:49.629,7.782260000000001,7.781680000000001,0.82,0.37
10.08.2021 01:33:54.714,7.782280000000001,7.781680000000001,0.85,0.37
10.08.2021 01:33:58.014,7.782280000000001,7.781680000000001,0.85,0.37
10.08.2021 01:33:59.608,7.782210000000001,7.781680000000001,0.37,0.37
10.08.2021 01:34:00.918,7.782210000000001,7.781710000000001,0.37,0.37
10.08.2021 01:34:02.989,7.78225,7.781680000000001,0.37,0.37
10.08.2021 01:34:15.011,7.78224,7.781680000000001,0.37,0.75
10.08.2021 01:34:16.014,7.782260000000001,7.781680000000001,0.82,0.37
10.08.2021 01:34:16.495,7.782260000000001,7.78172,0.37,0.37
10.08.2021 01:34:17.016,7.78229,7.78172,0.37,0.37
10.08.2021 01:34:17.259,7.78229,7.78172,0.47,0.37
10.08.2021 01:34:17.426,7.782260000000001,7.78165,0.37,0.47
10.08.2021 01:34:22.582,7.782260000000001,7.78165,0.37,0.45
10.08.2021 01:34:31.694,7.78225,7.7816399999999994,0.37,0.47
10.08.2021 01:34:36.089,7.782210000000001,7.78167,0.75,0.75
10.08.2021 01:34:37.061,7.78212,7.78167,0.37,0.75
10.08.2021 01:34:38.120,7.78212,7.781750000000001,0.37,0.37
10.08.2021 01:34:49.084,7.782110000000001,7.781760000000001,0.37,0.37
10.08.2021 01:34:58.265,7.782210000000001,7.78167,0.75,0.75
10.08.2021 01:35:05.174,7.78222,7.781680000000001,0.75,0.75
10.08.2021 01:35:05.658,7.782230000000001,7.781680000000001,0.75,0.75
10.08.2021 01:35:07.542,7.782210000000001,7.781680000000001,0.37,1.5
10.08.2021 01:35:10.126,7.782210000000001,7.78169,0.37,0.37
10.08.2021 01:35:11.201,7.782210000000001,7.781700000000001,0.37,0.37
10.08.2021 01:35:13.688,7.782230000000001,7.78167,0.37,0.37
10.08.2021 01:35:25.116,7.782280000000001,7.781680000000001,0.85,0.37
10.08.2021 01:35:30.204,7.782280000000001,7.78167,0.85,0.37
10.08.2021 01:35:32.758,7.782260000000001,7.781680000000001,0.45,0.37
10.08.2021 01:35:34.500,7.782280000000001,7.78167,2.35,0.37
10.08.2021 01:35:38.712,7.782280000000001,7.781680000000001,2.35,0.37
10.08.2021 01:35:46.584,7.78229,7.781680000000001,0.85,0.37
10.08.2021 01:35:46.635,7.78229,7.781680000000001,0.85,0.54
10.08.2021 01:36:46.733,7.782280000000001,7.781660000000001,0.47,0.27
10.08.2021 01:36:52.677,7.7822700000000005,7.781750000000001,0.47,0.37
10.08.2021 01:36:57.363,7.7822700000000005,7.781750000000001,0.45,0.37
10.08.2021 01:36:59.888,7.782260000000001,7.781750000000001,0.75,1.12
10.08.2021 01:37:02.341,7.78225,7.781750000000001,0.75,0.37
10.08.2021 01:37:02.442,7.782260000000001,7.78178,0.37,0.75
10.08.2021 01:37:03.411,7.78225,7.78178,0.37,0.75
10.08.2021 01:37:05.518,7.78225,7.78179,0.37,0.75
10.08.2021 01:37:06.484,7.7822700000000005,7.78179,0.37,0.75
10.08.2021 01:37:23.727,7.78222,7.78179,0.37,0.75
10.08.2021 01:37:24.733,7.78222,7.781860000000001,0.37,0.37
10.08.2021 01:37:25.449,7.78224,7.781700000000001,0.37,1.87
10.08.2021 01:37:25.550,7.78225,7.781700000000001,0.75,1.12
10.08.2021 01:37:29.084,7.7822700000000005,7.78169,0.85,0.75
10.08.2021 01:37:29.189,7.78225,7.781630000000001,0.75,0.37
10.08.2021 01:37:30.639,7.78225,7.781610000000001,0.75,0.45
10.08.2021 01:37:47.800,7.782310000000001,7.781610000000001,0.47,0.45
10.08.2021 01:37:47.904,7.782310000000001,7.781610000000001,0.47,0.37
10.08.2021 01:37:53.161,7.782310000000001,7.781610000000001,0.47,0.37
10.08.2021 01:38:10.211,7.782310000000001,7.78167,0.47,0.37
10.08.2021 01:38:11.711,7.782310000000001,7.781660000000001,0.47,0.37
10.08.2021 01:38:17.713,7.782310000000001,7.78165,1.22,0.37
10.08.2021 01:38:18.800,7.782310000000001,7.78165,1.22,0.37
10.08.2021 01:38:18.850,7.7823,7.78167,1.22,0.37
10.08.2021 01:38:38.487,7.78229,7.78167,0.85,0.37
10.08.2021 01:38:38.588,7.78229,7.78167,0.85,0.37
10.08.2021 01:38:55.853,7.78229,7.78167,0.85,0.45
10.08.2021 01:38:56.322,7.78229,7.78167,0.85,0.45
10.08.2021 01:38:57.092,7.7822700000000005,7.78167,0.82,0.45
10.08.2021 01:38:57.304,7.7822700000000005,7.78169,0.82,0.37
10.08.2021 01:39:00.588,7.7822700000000005,7.7817300000000005,0.82,0.37
10.08.2021 01:39:00.837,7.78229,7.781680000000001,0.85,0.37
10.08.2021 01:39:00.888,7.78232,7.78169,2.35,0.75
10.08.2021 01:39:00.989,7.78232,7.78169,0.85,0.85
10.08.2021 01:39:01.140,7.782330000000001,7.7817300000000005,0.85,0.75
10.08.2021 01:39:01.190,7.782330000000001,7.7817300000000005,0.85,0.75
10.08.2021 01:39:01.611,7.782330000000001,7.78178,0.85,0.37
10.08.2021 01:39:01.782,7.782330000000001,7.78178,0.82,0.37
10.08.2021 01:39:04.013,7.782330000000001,7.7818000000000005,0.75,0.37
10.08.2021 01:39:04.114,7.78234,7.7818000000000005,0.82,0.37
10.08.2021 01:39:04.793,7.78235,7.7818000000000005,0.75,1.12
10.08.2021 01:39:05.387,7.78235,7.78183,0.75,0.37
10.08.2021 01:39:07.265,7.782360000000001,7.78183,0.75,1.12
10.08.2021 01:39:09.608,7.78235,7.78183,0.37,1.12
10.08.2021 01:39:17.624,7.78229,7.781980000000001,0.37,0.37
10.08.2021 01:39:19.630,7.782280000000001,7.7819899999999995,0.37,0.37
10.08.2021 01:39:46.580,7.78229,7.78184,0.37,0.75
10.08.2021 01:39:48.873,7.78225,7.78184,0.37,0.75
10.08.2021 01:39:48.982,7.78225,7.78185,0.37,0.75
10.08.2021 01:39:49.926,7.78225,7.781860000000001,0.37,0.37
10.08.2021 01:39:50.373,7.782260000000001,7.781860000000001,0.37,0.37
10.08.2021 01:39:51.007,7.782260000000001,7.7819,0.37,0.75
10.08.2021 01:39:51.874,7.78225,7.7819,0.37,0.75
10.08.2021 01:39:53.374,7.782260000000001,7.7819,0.37,0.75
10.08.2021 01:39:59.375,7.78225,7.7819,0.37,0.37
10.08.2021 01:39:59.707,7.78225,7.78192,0.37,0.37
10.08.2021 01:40:00.714,7.78225,7.78194,0.37,0.37
10.08.2021 01:40:01.714,7.78225,7.78195,0.37,0.37
10.08.2021 01:40:02.713,7.78224,7.781980000000001,0.37,0.37
10.08.2021 01:40:04.720,7.782230000000001,7.7819899999999995,0.37,0.37
10.08.2021 01:40:38.139,7.78224,7.782,0.37,0.37
10.08.2021 01:40:45.709,7.782260000000001,7.781880000000001,0.37,1.12
10.08.2021 01:40:48.031,7.782280000000001,7.781880000000001,0.37,1.12
10.08.2021 01:40:48.082,7.7823,7.781880000000001,1.12,1.12
10.08.2021 01:40:51.032,7.78229,7.781880000000001,0.37,0.75
10.08.2021 01:40:55.709,7.78225,7.781880000000001,0.37,0.75
10.08.2021 01:40:57.004,7.78225,7.781860000000001,0.37,0.37
10.08.2021 01:40:57.367,7.782260000000001,7.781860000000001,0.37,0.37
10.08.2021 01:41:00.857,7.782260000000001,7.7818700000000005,0.37,0.37
10.08.2021 01:41:01.691,7.7822700000000005,7.7818700000000005,0.37,0.37
10.08.2021 01:41:01.835,7.782260000000001,7.781880000000001,0.37,0.37
10.08.2021 01:41:03.230,7.782110000000001,7.78185,0.75,0.75
10.08.2021 01:41:03.280,7.782110000000001,7.78182,0.75,1.5
10.08.2021 01:41:03.736,7.782110000000001,7.78185,0.75,0.75
10.08.2021 01:41:04.102,7.782110000000001,7.781880000000001,0.75,0.75
10.08.2021 01:41:17.262,7.78217,7.781880000000001,0.37,0.75
10.08.2021 01:41:18.570,7.78214,7.781880000000001,0.37,0.75
10.08.2021 01:41:23.182,7.78214,7.781860000000001,0.37,0.37
10.08.2021 01:41:23.882,7.78214,7.78194,0.37,0.37
10.08.2021 01:41:25.143,7.78214,7.78192,0.37,0.37
10.08.2021 01:41:26.073,7.782150000000001,7.78192,0.37,0.37
10.08.2021 01:41:27.803,7.78218,7.78192,0.37,0.37
10.08.2021 01:41:27.933,7.78218,7.781930000000001,0.37,0.37
10.08.2021 01:41:28.187,7.78218,7.78189,0.37,0.75
10.08.2021 01:41:28.314,7.782060000000001,7.7818700000000005,0.75,0.75
10.08.2021 01:41:28.415,7.782060000000001,7.781860000000001,0.75,1.12
10.08.2021 01:41:28.515,7.782060000000001,7.78183,0.75,0.75
10.08.2021 01:41:30.438,7.7820100000000005,7.78182,0.75,0.75
10.08.2021 01:41:36.276,7.7820100000000005,7.781760000000001,0.75,0.75
10.08.2021 01:41:36.377,7.7820100000000005,7.781750000000001,0.75,1.12
10.08.2021 01:41:37.285,7.7820100000000005,7.7817300000000005,0.75,1.12
10.08.2021 01:41:40.533,7.781960000000001,7.78172,0.75,0.37
10.08.2021 01:41:41.219,7.781960000000001,7.781680000000001,0.75,0.37
10.08.2021 01:41:41.795,7.781960000000001,7.781660000000001,0.75,0.37
10.08.2021 01:41:42.691,7.781910000000001,7.781660000000001,0.75,0.37
10.08.2021 01:41:42.741,7.781910000000001,7.781610000000001,0.75,0.37
10.08.2021 01:41:42.892,7.781860000000001,7.781610000000001,0.75,0.37
10.08.2021 01:41:42.993,7.781810000000001,7.781510000000001,0.75,0.37
10.08.2021 01:41:44.049,7.781810000000001,7.7815,0.75,0.75
10.08.2021 01:41:44.473,7.781810000000001,7.78152,0.75,0.37
10.08.2021 01:41:45.878,7.781810000000001,7.7815,0.75,0.75
10.08.2021 01:41:45.928,7.781760000000001,7.781480000000001,0.75,0.37
10.08.2021 01:41:46.079,7.781760000000001,7.78149,0.75,0.37
10.08.2021 01:41:48.090,7.781760000000001,7.781460000000001,0.75,0.37
10.08.2021 01:41:48.191,7.781710000000001,7.78142,0.75,0.37
10.08.2021 01:41:49.148,7.781710000000001,7.7814000000000005,0.75,0.75
10.08.2021 01:41:49.425,7.781710000000001,7.78142,0.75,0.37
10.08.2021 01:41:50.997,7.78172,7.78147,0.75,0.75
10.08.2021 01:41:53.353,7.78172,7.7815,0.75,0.37
10.08.2021 01:41:53.404,7.781860000000001,7.7815,0.37,1.12
10.08.2021 01:41:53.505,7.781930000000001,7.7815,0.75,0.37
10.08.2021 01:41:53.605,7.78195,7.7815,0.37,0.37
10.08.2021 01:41:53.706,7.78195,7.78149,0.37,0.75
10.08.2021 01:41:53.757,7.782039999999999,7.7815,3.1,0.75
10.08.2021 01:41:53.807,7.781880000000001,7.781630000000001,0.75,0.75
10.08.2021 01:42:03.462,7.78197,7.78172,0.75,0.75
10.08.2021 01:42:03.563,7.78202,7.78177,0.75,0.75
10.08.2021 01:42:03.666,7.782039999999999,7.7817300000000005,0.37,0.75
10.08.2021 01:42:03.717,7.782039999999999,7.781710000000001,0.37,0.75
10.08.2021 01:42:03.818,7.7822000000000005,7.78172,0.37,0.75
10.08.2021 01:42:03.868,7.7822000000000005,7.781750000000001,0.37,0.75
10.08.2021 01:42:03.969,7.7822000000000005,7.78177,0.37,0.75
10.08.2021 01:42:04.070,7.7822000000000005,7.781750000000001,0.37,0.75
10.08.2021 01:42:04.201,7.782230000000001,7.781750000000001,0.37,0.75
10.08.2021 01:42:04.252,7.782230000000001,7.7818000000000005,0.37,0.75
10.08.2021 01:42:04.453,7.782230000000001,7.78182,0.37,0.75
10.08.2021 01:42:04.732,7.782230000000001,7.78183,0.37,0.75
10.08.2021 01:42:05.368,7.782230000000001,7.78182,0.37,0.75
10.08.2021 01:42:05.701,7.78225,7.78182,0.37,0.75
10.08.2021 01:42:11.704,7.782260000000001,7.78182,0.37,0.75
10.08.2021 01:42:14.705,7.78225,7.78182,0.37,0.75
10.08.2021 01:42:18.822,7.78225,7.78178,0.37,0.75
10.08.2021 01:42:19.206,7.782260000000001,7.78178,0.37,0.75
10.08.2021 01:42:20.142,7.782260000000001,7.78182,0.37,0.75
10.08.2021 01:42:20.293,7.782260000000001,7.7818000000000005,0.37,0.75
10.08.2021 01:42:26.301,7.782260000000001,7.78184,1.12,0.75
10.08.2021 01:42:35.708,7.7822700000000005,7.7818000000000005,0.37,0.75
10.08.2021 01:42:35.809,7.7822700000000005,7.781750000000001,0.37,1.22
10.08.2021 01:42:43.862,7.7822700000000005,7.781750000000001,0.37,0.85
10.08.2021 01:42:46.047,7.7822700000000005,7.781750000000001,0.37,0.85
10.08.2021 01:42:46.173,7.782280000000001,7.781750000000001,0.37,0.85
10.08.2021 01:42:49.589,7.782280000000001,7.781760000000001,0.37,0.45
10.08.2021 01:42:51.857,7.782260000000001,7.781750000000001,0.37,0.47
10.08.2021 01:42:51.967,7.782260000000001,7.78183,0.37,0.75
10.08.2021 01:43:04.975,7.782260000000001,7.78179,0.37,0.75
10.08.2021 01:43:11.862,7.782260000000001,7.78183,0.37,0.75
10.08.2021 01:43:12.015,7.782260000000001,7.781860000000001,0.37,0.37
10.08.2021 01:43:15.708,7.782260000000001,7.78185,0.37,0.75
10.08.2021 01:43:22.278,7.782260000000001,7.781860000000001,0.37,0.75
10.08.2021 01:43:29.142,7.782230000000001,7.78197,0.37,0.37
10.08.2021 01:43:36.084,7.78224,7.78197,0.37,0.37
10.08.2021 01:43:40.153,7.782260000000001,7.7819899999999995,0.75,0.37
10.08.2021 01:43:41.156,7.782260000000001,7.781980000000001,0.75,0.37
10.08.2021 01:43:49.419,7.782260000000001,7.7818700000000005,0.37,0.37
10.08.2021 01:43:53.239,7.782260000000001,7.781750000000001,0.37,0.47
10.08.2021 01:43:54.240,7.78237,7.781750000000001,0.47,0.47
10.08.2021 01:43:57.441,7.78237,7.781750000000001,0.47,0.47
10.08.2021 01:43:58.400,7.782380000000001,7.78182,1.6,0.37
10.08.2021 01:44:20.482,7.782380000000001,7.78183,2.35,0.37
10.08.2021 01:44:22.193,7.78229,7.78183,0.37,0.37
10.08.2021 01:44:25.119,7.78229,7.78183,0.37,0.47
10.08.2021 01:44:27.249,7.78229,7.78185,0.37,0.37
10.08.2021 01:44:32.047,7.78229,7.7818000000000005,0.37,0.47
10.08.2021 01:44:35.567,7.78229,7.781880000000001,0.37,0.37
10.08.2021 01:44:36.708,7.78229,7.7818000000000005,0.37,0.47
10.08.2021 01:44:42.800,7.78229,7.78183,0.37,0.37
10.08.2021 01:44:42.901,7.78229,7.78184,0.37,0.37
10.08.2021 01:44:44.284,7.78229,7.78185,0.37,0.37
10.08.2021 01:44:46.290,7.78229,7.781860000000001,0.37,0.37
10.08.2021 01:44:47.291,7.78229,7.78192,0.37,0.37
10.08.2021 01:44:52.304,7.78229,7.78194,0.37,0.37
10.08.2021 01:44:53.109,7.782230000000001,7.78183,0.37,0.85
10.08.2021 01:44:53.552,7.782230000000001,7.7818000000000005,0.37,0.47
10.08.2021 01:44:54.102,7.782230000000001,7.7818000000000005,0.37,0.45
10.08.2021 01:44:54.601,7.78224,7.781760000000001,0.37,0.47
10.08.2021 01:44:57.597,7.78225,7.781750000000001,0.37,0.47
10.08.2021 01:45:02.098,7.782260000000001,7.781750000000001,0.37,0.47
10.08.2021 01:45:11.985,7.782260000000001,7.78169,0.37,0.47
10.08.2021 01:45:12.086,7.78225,7.7816399999999994,0.37,0.85
10.08.2021 01:45:12.237,7.78225,7.781630000000001,0.37,1.22
10.08.2021 01:45:13.512,7.782230000000001,7.781630000000001,0.37,0.85
10.08.2021 01:45:16.904,7.782030000000001,7.78169,0.75,0.75
10.08.2021 01:45:17.055,7.781980000000001,7.7816399999999994,0.75,0.75
10.08.2021 01:45:26.088,7.7819,7.7816399999999994,0.37,0.75
10.08.2021 01:45:26.139,7.781880000000001,7.78154,0.75,0.75
10.08.2021 01:45:27.188,7.7818700000000005,7.78154,0.75,0.75
10.08.2021 01:45:27.589,7.78185,7.78154,0.37,0.75
10.08.2021 01:45:35.076,7.78183,7.78154,0.37,0.75
10.08.2021 01:45:39.092,7.78182,7.78154,0.37,0.75
10.08.2021 01:45:47.415,7.781810000000001,7.78154,0.37,0.75
10.08.2021 01:45:48.943,7.7818000000000005,7.78154,0.37,0.75
10.08.2021 01:45:49.414,7.7818000000000005,7.78155,0.37,0.37
10.08.2021 01:45:55.913,7.78185,7.781510000000001,0.37,0.37
10.08.2021 01:45:56.014,7.781880000000001,7.781510000000001,0.75,0.37
10.08.2021 01:45:56.335,7.781880000000001,7.78154,2.25,0.75
10.08.2021 01:46:26.487,7.7818700000000005,7.78154,0.37,0.75
10.08.2021 01:46:26.537,7.78183,7.78149,0.75,0.75
10.08.2021 01:46:36.012,7.781810000000001,7.78149,0.37,0.75
10.08.2021 01:46:53.974,7.781810000000001,7.78147,0.37,0.37
10.08.2021 01:46:56.766,7.781810000000001,7.78149,0.37,0.75
10.08.2021 01:47:25.038,7.78183,7.78149,1.12,0.75
10.08.2021 01:47:29.718,7.78183,7.78154,0.37,0.75
10.08.2021 01:47:29.819,7.781880000000001,7.78154,0.75,0.75
10.08.2021 01:47:34.926,7.781930000000001,7.78159,1.12,0.75
10.08.2021 01:47:35.077,7.782030000000001,7.78169,0.75,0.75
10.08.2021 01:47:35.178,7.78207,7.781580000000001,0.37,0.47
10.08.2021 01:47:35.279,7.782210000000001,7.7816,0.37,0.37
10.08.2021 01:47:44.258,7.78222,7.781610000000001,0.37,0.37
10.08.2021 01:47:47.196,7.78222,7.781630000000001,0.37,1.5
