Gmt time,Ask,Bid,AskVolume,BidVolume
03.08.2021 00:00:00.243,7.774560000000001,7.773280000000001,0.85,0.75
03.08.2021 00:00:00.438,7.774560000000001,7.773280000000001,0.85,0.75
03.08.2021 00:00:00.961,7.774560000000001,7.773280000000001,0.85,1.5
03.08.2021 00:00:01.252,7.77452,7.773280000000001,0.85,2.25
03.08.2021 00:00:07.453,7.77453,7.773280000000001,0.47,1.87
03.08.2021 00:00:09.661,7.77454,7.773280000000001,0.47,1.5
03.08.2021 00:00:21.126,7.774500000000001,7.77327,0.47,0.75
03.08.2021 00:00:23.054,7.774500000000001,7.773260000000001,0.47,0.75
03.08.2021 00:00:29.651,7.77449,7.77325,0.59,0.75
03.08.2021 00:00:48.016,7.774500000000001,7.773260000000001,0.47,0.75
03.08.2021 00:00:48.221,7.774500000000001,7.77325,0.47,0.75
03.08.2021 00:00:54.004,7.774500000000001,7.77325,0.47,0.75
03.08.2021 00:00:54.054,7.7744800000000005,7.773210000000001,0.47,0.37
03.08.2021 00:00:54.587,7.77442,7.77309,0.47,0.37
03.08.2021 00:01:01.987,7.77442,7.773110000000001,0.47,0.37
03.08.2021 00:01:03.990,7.77442,7.7731200000000005,0.47,0.37
03.08.2021 00:01:04.996,7.77442,7.7732,0.47,0.37
03.08.2021 00:01:05.672,7.77442,7.7732,0.47,0.37
03.08.2021 00:01:05.722,7.77442,7.773080000000001,0.59,0.37
03.08.2021 00:01:05.823,7.774410000000001,7.77322,0.59,0.75
03.08.2021 00:01:07.115,7.774460000000001,7.773230000000001,0.47,0.75
03.08.2021 00:01:08.372,7.774460000000001,7.773230000000001,0.47,0.75
03.08.2021 00:01:11.410,7.774450000000001,7.773210000000001,0.47,0.75
03.08.2021 00:01:16.698,7.774450000000001,7.773210000000001,0.47,0.75
03.08.2021 00:01:32.942,7.774410000000001,7.77319,0.47,0.75
03.08.2021 00:02:06.566,7.774430000000001,7.7732,0.47,0.75
03.08.2021 00:02:12.343,7.77442,7.77319,0.47,0.75
03.08.2021 00:02:18.967,7.77442,7.77319,0.37,0.75
03.08.2021 00:03:08.417,7.77442,7.77319,0.47,0.75
03.08.2021 00:03:18.968,7.774560000000001,7.7731,0.59,0.37
03.08.2021 00:03:19.338,7.77442,7.773180000000001,0.47,1.5
03.08.2021 00:03:35.827,7.77442,7.77319,0.59,0.75
03.08.2021 00:03:53.891,7.77442,7.773180000000001,0.47,1.5
03.08.2021 00:03:54.092,7.77442,7.77319,0.47,0.75
03.08.2021 00:03:59.794,7.77442,7.773180000000001,0.47,1.5
03.08.2021 00:04:00.200,7.77442,7.77319,0.47,0.75
03.08.2021 00:04:08.545,7.77442,7.77319,0.37,0.75
03.08.2021 00:04:12.204,7.77442,7.773180000000001,0.37,1.5
03.08.2021 00:04:12.510,7.77442,7.77319,0.37,0.75
03.08.2021 00:05:08.419,7.774430000000001,7.77319,0.37,0.75
03.08.2021 00:05:08.775,7.774430000000001,7.77319,0.47,0.75
03.08.2021 00:05:17.979,7.774430000000001,7.773180000000001,0.47,1.5
03.08.2021 00:05:23.691,7.774430000000001,7.77319,0.47,0.75
03.08.2021 00:06:08.902,7.774439999999999,7.773180000000001,0.47,0.75
03.08.2021 00:06:09.205,7.774439999999999,7.77319,0.47,0.75
03.08.2021 00:06:53.498,7.774439999999999,7.773180000000001,0.47,0.75
03.08.2021 00:06:53.801,7.774439999999999,7.77319,0.47,0.75
03.08.2021 00:06:59.285,7.774439999999999,7.773180000000001,0.47,0.75
03.08.2021 00:06:59.588,7.774439999999999,7.77319,0.47,0.75
03.08.2021 00:07:05.064,7.774439999999999,7.773180000000001,0.47,0.75
03.08.2021 00:07:06.185,7.774439999999999,7.77319,0.47,0.75
03.08.2021 00:07:11.770,7.774430000000001,7.773180000000001,0.47,0.75
03.08.2021 00:07:38.666,7.774460000000001,7.77319,0.47,0.75
03.08.2021 00:07:44.565,7.774460000000001,7.773180000000001,0.47,0.75
03.08.2021 00:07:44.913,7.774460000000001,7.77319,0.47,0.75
03.08.2021 00:08:48.967,7.774460000000001,7.77319,1,0.75
03.08.2021 00:08:52.865,7.774460000000001,7.77319,1.1,0.75
03.08.2021 00:09:08.520,7.774439999999999,7.77319,0.47,0.75
03.08.2021 00:09:08.677,7.774439999999999,7.773180000000001,0.47,0.75
03.08.2021 00:09:08.921,7.774439999999999,7.773180000000001,0.47,0.75
03.08.2021 00:09:09.722,7.774439999999999,7.773180000000001,0.47,0.75
03.08.2021 00:09:17.938,7.774439999999999,7.773180000000001,0.47,0.75
03.08.2021 00:09:18.454,7.774450000000001,7.77319,0.47,0.75
03.08.2021 00:09:24.067,7.774450000000001,7.773180000000001,0.47,0.75
03.08.2021 00:10:08.387,7.774450000000001,7.77319,0.47,0.75
03.08.2021 00:11:08.967,7.774460000000001,7.773180000000001,0.49,0.49
03.08.2021 00:11:18.402,7.77459,7.773110000000001,0.49,0.49
03.08.2021 00:11:18.504,7.774439999999999,7.77317,0.37,0.75
03.08.2021 00:11:18.813,7.774439999999999,7.773180000000001,0.37,1.5
03.08.2021 00:11:19.320,7.774439999999999,7.773160000000001,0.37,0.75
03.08.2021 00:11:19.465,7.774439999999999,7.77317,0.37,0.37
03.08.2021 00:11:25.530,7.774439999999999,7.773160000000001,0.37,1.49
03.08.2021 00:11:38.419,7.774430000000001,7.773160000000001,0.37,1.49
03.08.2021 00:11:47.916,7.774430000000001,7.77317,0.37,0.37
03.08.2021 00:11:48.399,7.774430000000001,7.77317,0.47,0.37
03.08.2021 00:11:48.916,7.774430000000001,7.77319,0.47,0.37
03.08.2021 00:12:48.967,7.774450000000001,7.77319,0.37,0.37
03.08.2021 00:12:53.137,7.774450000000001,7.77319,0.47,0.37
03.08.2021 00:13:09.815,7.774439999999999,7.77319,0.59,0.37
03.08.2021 00:13:10.077,7.7744,7.77319,0.47,0.37
03.08.2021 00:13:10.184,7.7744,7.77319,0.47,0.37
03.08.2021 00:13:10.295,7.774439999999999,7.7733300000000005,0.47,0.75
03.08.2021 00:13:10.784,7.774439999999999,7.77334,0.47,0.75
03.08.2021 00:13:20.607,7.77459,7.77337,0.47,0.37
03.08.2021 00:13:21.200,7.77459,7.77334,0.59,0.75
03.08.2021 00:13:32.858,7.77459,7.77334,0.47,0.75
03.08.2021 00:13:33.008,7.7746,7.7733300000000005,0.47,1.5
03.08.2021 00:13:33.213,7.7746,7.77334,0.47,0.75
03.08.2021 00:13:33.315,7.7746,7.773350000000001,0.47,0.75
03.08.2021 00:13:38.737,7.774380000000001,7.77362,0.85,0.75
03.08.2021 00:13:38.788,7.774380000000001,7.77362,0.85,0.75
03.08.2021 00:13:44.450,7.774380000000001,7.77362,0.85,0.75
03.08.2021 00:14:04.208,7.7745500000000005,7.773410000000001,0.47,0.37
03.08.2021 00:14:12.879,7.774560000000001,7.773350000000001,0.47,0.75
03.08.2021 00:14:13.882,7.774560000000001,7.773360000000001,0.47,0.37
03.08.2021 00:14:17.505,7.774560000000001,7.773360000000001,0.47,0.37
03.08.2021 00:14:18.216,7.774560000000001,7.773350000000001,0.47,0.75
03.08.2021 00:14:21.221,7.77457,7.773360000000001,0.47,0.37
03.08.2021 00:14:22.224,7.77457,7.77337,0.47,0.37
03.08.2021 00:14:23.229,7.77457,7.77338,0.47,0.37
03.08.2021 00:14:24.283,7.77458,7.7734000000000005,1.1,0.37
03.08.2021 00:14:26.293,7.77458,7.773410000000001,1.1,0.37
03.08.2021 00:14:26.567,7.77458,7.773410000000001,1.1,0.37
03.08.2021 00:14:27.623,7.77459,7.773360000000001,0.47,0.37
03.08.2021 00:14:33.242,7.77459,7.77337,0.47,0.37
03.08.2021 00:14:34.244,7.77459,7.77338,1.1,0.37
03.08.2021 00:14:35.248,7.77459,7.773410000000001,1.1,0.37
03.08.2021 00:14:59.297,7.7746,7.77343,0.47,0.37
03.08.2021 00:15:00.300,7.7746,7.77344,0.47,0.37
03.08.2021 00:15:03.305,7.77462,7.77345,0.47,0.37
03.08.2021 00:15:04.308,7.77462,7.773460000000001,0.47,0.37
03.08.2021 00:15:05.314,7.77465,7.773410000000001,1.22,0.37
03.08.2021 00:15:06.319,7.77465,7.77342,1.22,0.37
03.08.2021 00:15:28.967,7.77458,7.77342,0.37,0.37
03.08.2021 00:15:48.396,7.77462,7.77342,0.37,0.37
03.08.2021 00:15:49.326,7.77462,7.77342,0.47,0.37
03.08.2021 00:15:55.197,7.77462,7.77343,0.47,0.37
03.08.2021 00:16:08.411,7.774610000000001,7.773480000000001,0.59,0.37
03.08.2021 00:16:38.497,7.7746,7.77337,0.47,0.37
03.08.2021 00:16:39.501,7.774560000000001,7.77338,0.47,0.37
03.08.2021 00:16:56.287,7.77452,7.77338,0.37,0.37
03.08.2021 00:16:56.389,7.774560000000001,7.77338,1,0.37
03.08.2021 00:16:56.440,7.774430000000001,7.773610000000001,0.75,0.75
03.08.2021 00:16:56.541,7.774430000000001,7.77372,0.85,0.75
03.08.2021 00:16:56.742,7.774430000000001,7.77372,0.85,0.75
03.08.2021 00:17:11.755,7.77458,7.773530000000001,0.47,0.37
03.08.2021 00:17:17.313,7.77458,7.77377,1.22,0.75
03.08.2021 00:17:17.363,7.77458,7.77384,2.72,0.75
03.08.2021 00:17:17.414,7.77458,7.7738700000000005,1.22,0.75
03.08.2021 00:17:17.645,7.77458,7.7738700000000005,0.85,0.75
03.08.2021 00:17:21.430,7.7746,7.77385,0.85,0.75
03.08.2021 00:17:25.100,7.7746,7.773860000000001,0.85,0.75
03.08.2021 00:17:30.301,7.77458,7.773860000000001,2.35,0.75
03.08.2021 00:17:32.263,7.774560000000001,7.773860000000001,0.37,0.75
03.08.2021 00:17:32.724,7.774560000000001,7.77385,0.37,0.75
03.08.2021 00:17:33.088,7.774560000000001,7.773860000000001,0.37,0.75
03.08.2021 00:17:33.609,7.77458,7.773860000000001,1.22,0.75
03.08.2021 00:17:34.862,7.77458,7.77385,0.85,0.75
03.08.2021 00:17:38.831,7.77457,7.773860000000001,0.45,0.75
03.08.2021 00:17:38.882,7.77457,7.77392,0.45,0.75
03.08.2021 00:17:41.319,7.77458,7.773860000000001,0.47,0.75
03.08.2021 00:17:41.465,7.77458,7.77385,1.22,0.75
03.08.2021 00:17:46.587,7.77458,7.773860000000001,1.22,0.75
03.08.2021 00:17:51.646,7.774560000000001,7.773860000000001,0.37,0.75
03.08.2021 00:17:52.477,7.774560000000001,7.77385,0.37,0.75
03.08.2021 00:17:52.681,7.7745500000000005,7.77385,0.37,0.75
03.08.2021 00:17:52.841,7.7745500000000005,7.773860000000001,0.37,0.75
03.08.2021 00:17:53.647,7.77458,7.773860000000001,1.22,0.75
03.08.2021 00:17:57.730,7.77458,7.773860000000001,2.62,0.75
03.08.2021 00:17:58.722,7.774560000000001,7.773860000000001,0.37,0.75
03.08.2021 00:17:59.726,7.77454,7.773860000000001,0.37,0.75
03.08.2021 00:18:04.640,7.77454,7.77382,0.37,0.37
03.08.2021 00:18:06.673,7.77453,7.77382,0.37,0.37
03.08.2021 00:18:07.682,7.774500000000001,7.77383,0.37,0.37
03.08.2021 00:18:08.792,7.774500000000001,7.773860000000001,0.37,0.37
03.08.2021 00:18:09.771,7.77458,7.77377,1.12,0.75
03.08.2021 00:18:10.776,7.77457,7.77377,0.37,0.75
03.08.2021 00:18:13.455,7.77457,7.77385,0.37,0.75
03.08.2021 00:18:13.768,7.77457,7.773860000000001,0.37,0.75
03.08.2021 00:18:14.691,7.77458,7.773860000000001,0.45,0.75
03.08.2021 00:18:15.693,7.77457,7.773860000000001,0.37,0.75
03.08.2021 00:18:16.949,7.77457,7.7738700000000005,0.37,0.75
03.08.2021 00:18:18.701,7.77458,7.7738700000000005,1.2,0.75
03.08.2021 00:18:26.239,7.77457,7.7738700000000005,0.37,0.75
03.08.2021 00:18:27.313,7.77457,7.773860000000001,0.37,0.75
03.08.2021 00:18:27.414,7.77457,7.7738700000000005,0.37,0.75
03.08.2021 00:18:28.378,7.774610000000001,7.7738700000000005,0.85,0.75
03.08.2021 00:18:29.429,7.7746,7.773860000000001,0.85,0.37
03.08.2021 00:18:30.685,7.77458,7.77385,0.82,0.75
03.08.2021 00:18:35.748,7.77458,7.77385,2.35,0.75
03.08.2021 00:18:37.770,7.77454,7.77385,0.37,0.75
03.08.2021 00:18:44.740,7.77454,7.773860000000001,0.37,0.75
03.08.2021 00:18:45.714,7.77457,7.773860000000001,0.45,0.75
03.08.2021 00:19:01.608,7.77457,7.77389,1.12,0.75
03.08.2021 00:19:01.759,7.77437,7.773980000000001,0.75,0.75
03.08.2021 00:22:15.254,7.77437,7.773960000000001,0.75,0.75
03.08.2021 00:23:11.017,7.774330000000001,7.773960000000001,0.75,0.75
03.08.2021 00:23:29.665,7.77432,7.773960000000001,0.37,0.75
03.08.2021 00:23:42.149,7.774330000000001,7.773960000000001,0.75,0.75
03.08.2021 00:23:43.650,7.77432,7.773960000000001,0.37,0.75
03.08.2021 00:23:45.150,7.774330000000001,7.773960000000001,0.75,0.75
03.08.2021 00:24:21.431,7.774330000000001,7.77397,0.37,0.37
03.08.2021 00:24:27.447,7.774330000000001,7.773960000000001,0.75,0.75
03.08.2021 00:24:28.146,7.77432,7.773960000000001,0.75,0.75
03.08.2021 00:24:48.063,7.774310000000001,7.773960000000001,0.37,0.75
03.08.2021 00:24:55.845,7.77429,7.773960000000001,0.37,0.75
03.08.2021 00:24:55.896,7.77429,7.7739,0.37,0.75
03.08.2021 00:24:55.997,7.7742700000000005,7.77385,0.75,0.75
03.08.2021 00:24:57.230,7.77422,7.77385,0.37,0.75
03.08.2021 00:25:08.560,7.774230000000001,7.77385,0.75,0.75
03.08.2021 00:25:08.661,7.774230000000001,7.7739,0.75,1.12
03.08.2021 00:25:08.931,7.774280000000001,7.7739,0.75,1.12
03.08.2021 00:25:16.750,7.774280000000001,7.773930000000001,0.75,0.37
03.08.2021 00:25:18.553,7.774280000000001,7.77392,0.75,0.37
03.08.2021 00:25:22.555,7.774280000000001,7.773930000000001,0.75,0.37
03.08.2021 00:25:25.696,7.774280000000001,7.77392,0.75,0.37
03.08.2021 00:25:31.713,7.774280000000001,7.773910000000001,0.75,0.37
03.08.2021 00:25:38.620,7.774280000000001,7.77392,0.75,0.75
03.08.2021 00:25:40.742,7.774280000000001,7.77394,0.75,0.37
03.08.2021 00:26:01.811,7.774280000000001,7.77392,0.75,0.75
03.08.2021 00:26:07.722,7.774280000000001,7.773910000000001,0.75,0.37
03.08.2021 00:26:08.651,7.774280000000001,7.77392,0.75,0.37
03.08.2021 00:26:08.968,7.7744800000000005,7.77392,0.47,0.37
03.08.2021 00:26:09.018,7.77432,7.77392,0.75,0.37
03.08.2021 00:26:09.376,7.77424,7.77392,0.75,0.37
03.08.2021 00:26:09.654,7.77424,7.77394,0.75,0.37
03.08.2021 00:27:10.905,7.77432,7.7739,0.75,0.75
03.08.2021 00:27:11.777,7.77432,7.773930000000001,0.75,0.37
03.08.2021 00:28:17.369,7.77425,7.7739,0.75,0.75
03.08.2021 00:28:17.470,7.77425,7.774039999999999,0.75,0.37
03.08.2021 00:28:18.108,7.77435,7.774039999999999,0.75,0.37
03.08.2021 00:28:18.646,7.77435,7.7739899999999995,0.75,1.12
03.08.2021 00:28:19.609,7.77432,7.7739899999999995,0.75,1.12
03.08.2021 00:28:30.884,7.774330000000001,7.7739899999999995,0.75,1.12
03.08.2021 00:28:30.994,7.774330000000001,7.77402,0.75,0.75
03.08.2021 00:28:31.044,7.774330000000001,7.7739899999999995,0.75,1.12
03.08.2021 00:28:32.385,7.77435,7.7739899999999995,0.75,1.12
03.08.2021 00:28:35.129,7.77432,7.7739899999999995,0.75,0.75
03.08.2021 00:28:38.309,7.774360000000001,7.7739899999999995,0.75,0.75
03.08.2021 00:28:38.540,7.774360000000001,7.77397,0.75,0.37
03.08.2021 00:28:38.648,7.774360000000001,7.77395,0.75,0.75
03.08.2021 00:28:44.263,7.77435,7.77395,0.75,0.75
03.08.2021 00:28:44.314,7.77435,7.77402,0.75,0.75
03.08.2021 00:28:44.364,7.77435,7.77395,0.75,0.75
03.08.2021 00:28:44.793,7.77435,7.773980000000001,0.75,0.75
03.08.2021 00:28:44.944,7.77435,7.77402,0.75,0.75
03.08.2021 00:28:45.764,7.774360000000001,7.77402,0.75,0.75
03.08.2021 00:28:48.730,7.77437,7.77402,0.75,0.75
03.08.2021 00:28:50.231,7.774360000000001,7.77402,0.75,0.75
03.08.2021 00:28:53.237,7.77437,7.77402,0.75,0.75
03.08.2021 00:28:58.960,7.77437,7.774030000000001,0.75,0.37
03.08.2021 00:29:03.403,7.77435,7.774030000000001,0.75,0.37
03.08.2021 00:29:04.903,7.774360000000001,7.774030000000001,0.75,0.37
03.08.2021 00:29:05.014,7.774360000000001,7.774039999999999,0.75,0.37
03.08.2021 00:29:06.404,7.77437,7.774039999999999,0.75,0.37
03.08.2021 00:29:11.239,7.77437,7.77402,0.75,0.75
03.08.2021 00:29:24.565,7.77437,7.774050000000001,0.75,0.75
03.08.2021 00:29:24.615,7.77437,7.774,0.75,0.75
03.08.2021 00:29:33.063,7.77437,7.774030000000001,0.75,0.37
03.08.2021 00:29:38.448,7.77437,7.774050000000001,0.75,0.75
03.08.2021 00:29:38.548,7.77437,7.774030000000001,0.75,0.37
03.08.2021 00:29:38.649,7.77437,7.774,0.75,0.75
03.08.2021 00:29:39.909,7.774360000000001,7.774,0.75,0.75
03.08.2021 00:29:44.633,7.77435,7.774,0.25,0.75
03.08.2021 00:29:46.694,7.7742700000000005,7.77385,0.75,0.75
03.08.2021 00:29:46.745,7.77419,7.77385,0.75,0.75
03.08.2021 00:29:47.315,7.77419,7.77382,0.75,0.75
03.08.2021 00:29:47.415,7.77435,7.7737300000000005,1.04,0.75
03.08.2021 00:29:47.466,7.7743,7.773630000000001,0.85,0.75
03.08.2021 00:29:47.633,7.77429,7.77362,1.22,0.75
03.08.2021 00:29:47.757,7.77429,7.773630000000001,0.47,0.75
03.08.2021 00:29:47.928,7.7743,7.773630000000001,0.85,0.75
03.08.2021 00:29:48.057,7.774310000000001,7.773639999999999,0.85,0.75
03.08.2021 00:29:48.217,7.774310000000001,7.773639999999999,0.85,0.75
03.08.2021 00:29:48.528,7.774360000000001,7.77365,0.85,0.75
03.08.2021 00:29:48.628,7.774360000000001,7.77365,0.85,0.75
03.08.2021 00:29:48.841,7.774360000000001,7.773639999999999,0.85,0.75
03.08.2021 00:29:50.047,7.774380000000001,7.77365,2.35,0.75
03.08.2021 00:29:52.515,7.774380000000001,7.773639999999999,2.35,0.75
03.08.2021 00:29:55.822,7.774380000000001,7.773639999999999,2.35,0.75
03.08.2021 00:29:59.875,7.774380000000001,7.773630000000001,0.85,0.75
03.08.2021 00:29:59.976,7.774330000000001,7.77362,1.6,1.5
03.08.2021 00:30:00.127,7.774310000000001,7.77362,0.85,2.25
03.08.2021 00:30:00.278,7.77424,7.77362,0.85,0.75
03.08.2021 00:30:00.429,7.774230000000001,7.77362,0.85,0.75
03.08.2021 00:30:01.364,7.7739899999999995,7.77362,0.75,0.75
03.08.2021 00:30:01.503,7.7739899999999995,7.773580000000001,0.75,0.37
03.08.2021 00:30:01.554,7.77397,7.773580000000001,0.75,0.37
03.08.2021 00:30:01.656,7.7739899999999995,7.773480000000001,0.75,0.37
03.08.2021 00:30:01.761,7.774160000000001,7.773480000000001,0.85,0.37
03.08.2021 00:30:01.873,7.774160000000001,7.773480000000001,0.85,0.37
03.08.2021 00:30:02.105,7.774160000000001,7.773480000000001,0.85,0.37
03.08.2021 00:30:02.816,7.77414,7.77347,0.47,0.75
03.08.2021 00:30:05.818,7.774150000000001,7.77347,0.47,0.75
03.08.2021 00:30:18.156,7.774150000000001,7.77347,0.47,1.12
03.08.2021 00:30:18.257,7.77397,7.77355,0.75,0.75
03.08.2021 00:30:18.716,7.77413,7.77347,0.85,0.37
03.08.2021 00:30:19.017,7.77413,7.77347,0.85,0.37
03.08.2021 00:30:19.169,7.77392,7.7735,0.75,0.75
03.08.2021 00:30:19.649,7.7738700000000005,7.7735,0.37,0.75
03.08.2021 00:30:33.049,7.77392,7.7735,0.75,0.75
03.08.2021 00:30:33.150,7.77397,7.773560000000001,1.5,0.75
03.08.2021 00:30:33.251,7.77397,7.77355,1.5,0.75
03.08.2021 00:30:33.502,7.77418,7.77352,2.35,0.75
03.08.2021 00:30:33.710,7.77417,7.77352,0.85,0.75
03.08.2021 00:30:41.870,7.77413,7.77352,0.85,0.75
03.08.2021 00:30:41.920,7.774160000000001,7.77349,0.47,0.37
03.08.2021 00:30:41.984,7.774160000000001,7.77352,0.47,0.75
03.08.2021 00:30:42.373,7.773910000000001,7.77352,0.75,0.75
03.08.2021 00:30:42.437,7.773910000000001,7.77349,0.75,1.12
03.08.2021 00:30:43.265,7.773880000000001,7.77349,0.75,0.75
03.08.2021 00:30:43.380,7.773880000000001,7.773480000000001,0.75,0.37
03.08.2021 00:30:43.531,7.773880000000001,7.77349,0.75,0.75
03.08.2021 00:30:44.479,7.773880000000001,7.77354,0.75,0.75
03.08.2021 00:30:44.530,7.773880000000001,7.773460000000001,0.75,1.12
03.08.2021 00:30:44.782,7.77412,7.773460000000001,0.47,1.12
03.08.2021 00:30:44.883,7.773910000000001,7.77349,0.75,0.75
03.08.2021 00:30:45.860,7.773960000000001,7.77354,0.75,0.75
03.08.2021 00:30:45.961,7.77392,7.77354,0.37,0.75
03.08.2021 00:30:46.111,7.77392,7.7735899999999996,0.37,0.75
03.08.2021 00:30:46.315,7.77397,7.7735899999999996,0.75,0.75
03.08.2021 00:30:59.759,7.77397,7.773580000000001,0.75,0.75
03.08.2021 00:31:00.266,7.77397,7.77362,0.75,0.37
03.08.2021 00:31:01.229,7.77397,7.773630000000001,0.75,0.37
03.08.2021 00:31:04.240,7.77397,7.773639999999999,0.75,0.37
03.08.2021 00:31:13.075,7.77394,7.773639999999999,0.75,0.37
03.08.2021 00:31:14.575,7.77397,7.773639999999999,0.75,0.37
03.08.2021 00:31:27.324,7.773980000000001,7.773639999999999,0.75,0.37
03.08.2021 00:31:28.753,7.774030000000001,7.773639999999999,0.75,2.25
03.08.2021 00:31:34.815,7.774030000000001,7.77365,0.75,0.37
03.08.2021 00:31:35.817,7.774030000000001,7.773660000000001,0.75,0.37
03.08.2021 00:31:36.819,7.774030000000001,7.77372,0.75,0.37
03.08.2021 00:31:41.709,7.774,7.7737300000000005,0.75,0.37
03.08.2021 00:31:41.759,7.774,7.77369,0.75,0.75
03.08.2021 00:31:42.294,7.774,7.77372,0.75,0.75
03.08.2021 00:31:42.565,7.7740800000000005,7.77372,0.75,0.75
03.08.2021 00:31:54.675,7.774039999999999,7.77372,0.75,0.75
03.08.2021 00:31:56.176,7.7740800000000005,7.77372,0.75,0.75
03.08.2021 00:31:58.360,7.7740800000000005,7.77374,0.75,0.37
03.08.2021 00:32:08.443,7.774039999999999,7.77374,0.75,0.37
03.08.2021 00:32:09.383,7.774039999999999,7.77372,0.75,0.37
03.08.2021 00:32:09.900,7.7740800000000005,7.77372,0.75,0.37
03.08.2021 00:32:10.972,7.7740800000000005,7.77374,0.75,0.37
03.08.2021 00:32:23.408,7.7740800000000005,7.773700000000001,0.75,0.37
03.08.2021 00:32:24.413,7.7740800000000005,7.77369,0.75,2.62
03.08.2021 00:32:35.748,7.7740800000000005,7.773700000000001,0.75,0.75
03.08.2021 00:32:37.439,7.7740800000000005,7.773710000000001,0.75,0.37
03.08.2021 00:32:38.442,7.7740800000000005,7.77372,0.75,0.37
03.08.2021 00:32:39.444,7.7740800000000005,7.77374,0.75,0.37
03.08.2021 00:32:44.056,7.7740800000000005,7.773700000000001,0.75,0.75
03.08.2021 00:32:55.480,7.7740800000000005,7.773710000000001,0.75,0.37
03.08.2021 00:32:57.097,7.7740800000000005,7.7737300000000005,0.75,0.37
03.08.2021 00:33:04.122,7.7740800000000005,7.77374,0.75,0.37
03.08.2021 00:33:08.744,7.774050000000001,7.77374,0.75,0.37
03.08.2021 00:33:08.795,7.774050000000001,7.77365,0.75,0.75
03.08.2021 00:33:08.902,7.77402,7.773639999999999,0.75,0.37
03.08.2021 00:33:08.952,7.77418,7.773530000000001,2.35,0.75
03.08.2021 00:33:09.056,7.77418,7.77352,1.6,1.87
03.08.2021 00:33:09.158,7.77413,7.77352,0.85,0.37
03.08.2021 00:33:09.422,7.77413,7.77352,0.85,0.37
03.08.2021 00:33:09.473,7.77413,7.77343,0.85,0.75
03.08.2021 00:33:09.579,7.77413,7.77344,0.85,0.75
03.08.2021 00:33:09.651,7.77413,7.77342,0.85,2.25
03.08.2021 00:33:09.702,7.774110000000001,7.77342,0.85,2.25
03.08.2021 00:33:10.684,7.774110000000001,7.77343,0.47,0.75
03.08.2021 00:33:10.734,7.774110000000001,7.77343,0.47,0.75
03.08.2021 00:33:11.021,7.774110000000001,7.77342,0.47,0.75
03.08.2021 00:33:11.408,7.7740800000000005,7.77339,2.35,0.37
03.08.2021 00:33:11.559,7.7740800000000005,7.77338,2.35,1.12
03.08.2021 00:33:11.974,7.7740800000000005,7.7734000000000005,0.85,0.75
03.08.2021 00:33:12.025,7.7740800000000005,7.7734000000000005,0.85,0.75
03.08.2021 00:33:12.076,7.77413,7.77343,2.35,0.75
03.08.2021 00:33:12.362,7.774100000000001,7.77342,0.85,0.75
03.08.2021 00:33:12.463,7.774100000000001,7.773410000000001,0.85,0.75
03.08.2021 00:33:13.290,7.7740800000000005,7.77342,0.85,0.75
03.08.2021 00:33:13.398,7.7740800000000005,7.773410000000001,0.85,0.75
03.08.2021 00:33:13.499,7.77413,7.77343,2.35,0.75
03.08.2021 00:33:13.649,7.77413,7.77343,2.35,0.75
03.08.2021 00:33:14.292,7.7740800000000005,7.77339,0.85,0.75
03.08.2021 00:33:14.385,7.7740800000000005,7.77342,0.85,0.75
03.08.2021 00:33:14.539,7.7740800000000005,7.77342,0.85,0.75
03.08.2021 00:33:14.640,7.7740800000000005,7.773410000000001,0.85,0.75
03.08.2021 00:33:14.908,7.7740800000000005,7.77342,0.85,0.75
03.08.2021 00:33:15.119,7.774100000000001,7.7734000000000005,0.85,0.75
03.08.2021 00:33:15.292,7.7740800000000005,7.77342,2.35,0.75
03.08.2021 00:33:15.359,7.7740800000000005,7.77338,2.35,0.75
03.08.2021 00:33:16.030,7.7740800000000005,7.7734000000000005,0.85,0.75
03.08.2021 00:33:16.131,7.7740800000000005,7.77338,2.35,1.12
03.08.2021 00:33:16.181,7.7740800000000005,7.77342,2.35,0.75
03.08.2021 00:33:16.394,7.7740800000000005,7.77342,2.35,0.75
03.08.2021 00:33:17.106,7.77413,7.77342,1.6,1.5
03.08.2021 00:33:17.307,7.7740800000000005,7.77342,2.35,0.75
03.08.2021 00:33:17.359,7.7740800000000005,7.77338,2.35,0.75
03.08.2021 00:33:17.465,7.7740800000000005,7.77338,2.35,0.75
03.08.2021 00:33:17.897,7.7740800000000005,7.77338,2.35,0.75
03.08.2021 00:33:18.078,7.7740800000000005,7.7734000000000005,0.85,0.75
03.08.2021 00:33:18.229,7.774100000000001,7.77342,0.85,0.75
03.08.2021 00:33:18.329,7.7740800000000005,7.77338,2.35,1.12
03.08.2021 00:33:18.398,7.7740800000000005,7.77342,2.35,0.75
03.08.2021 00:33:19.150,7.7740800000000005,7.77342,0.85,0.75
03.08.2021 00:33:19.250,7.7740800000000005,7.7734000000000005,0.85,0.75
03.08.2021 00:33:19.301,7.77413,7.77342,2.35,0.75
03.08.2021 00:33:19.425,7.77414,7.77343,1.22,0.75
03.08.2021 00:33:19.526,7.774100000000001,7.77342,0.85,0.75
03.08.2021 00:33:20.344,7.7740800000000005,7.77342,0.85,0.75
03.08.2021 00:33:20.445,7.7740800000000005,7.77342,0.85,0.75
03.08.2021 00:33:20.495,7.7740800000000005,7.77342,0.85,0.75
03.08.2021 00:33:20.985,7.774100000000001,7.77342,0.85,0.75
03.08.2021 00:33:22.232,7.774100000000001,7.77342,0.85,0.75
03.08.2021 00:33:22.332,7.7740800000000005,7.77342,0.85,0.75
03.08.2021 00:33:23.245,7.7740800000000005,7.77342,0.85,0.75
03.08.2021 00:33:23.396,7.77412,7.77343,0.47,0.75
03.08.2021 00:33:23.721,7.774110000000001,7.77342,0.85,0.75
03.08.2021 00:33:23.771,7.7740800000000005,7.77342,0.85,0.75
03.08.2021 00:33:24.756,7.7740800000000005,7.77342,0.85,0.75
03.08.2021 00:33:24.807,7.7740800000000005,7.7734000000000005,0.85,0.75
03.08.2021 00:33:24.857,7.7740800000000005,7.77342,0.85,0.75
03.08.2021 00:33:25.198,7.774100000000001,7.77342,0.85,0.75
03.08.2021 00:33:26.256,7.774100000000001,7.77342,0.85,0.75
03.08.2021 00:33:26.357,7.7740800000000005,7.77342,0.85,0.75
03.08.2021 00:33:27.269,7.7740800000000005,7.77342,0.85,0.75
03.08.2021 00:33:27.579,7.77413,7.77342,1.6,1.5
03.08.2021 00:33:27.680,7.7740800000000005,7.77338,2.35,1.12
03.08.2021 00:33:27.823,7.7740800000000005,7.77342,2.35,0.75
03.08.2021 00:33:28.588,7.7740800000000005,7.77342,0.85,0.75
03.08.2021 00:33:29.294,7.77413,7.77342,2.35,0.75
03.08.2021 00:33:29.395,7.7740800000000005,7.77338,0.85,0.75
03.08.2021 00:33:29.771,7.7740800000000005,7.77338,0.85,1.12
03.08.2021 00:33:29.821,7.7740800000000005,7.773410000000001,0.85,0.75
03.08.2021 00:33:29.927,7.7740800000000005,7.77342,0.85,0.75
03.08.2021 00:33:30.306,7.7740800000000005,7.77342,0.85,0.75
03.08.2021 00:33:30.600,7.7740800000000005,7.77338,0.85,0.75
03.08.2021 00:33:31.263,7.7740800000000005,7.7734000000000005,0.85,0.75
03.08.2021 00:33:31.314,7.77413,7.77342,0.47,0.75
03.08.2021 00:33:31.496,7.77413,7.77344,0.47,0.75
03.08.2021 00:33:31.779,7.77412,7.773410000000001,0.85,0.75
03.08.2021 00:33:31.880,7.7740800000000005,7.77342,0.85,0.75
03.08.2021 00:33:32.000,7.7740800000000005,7.77339,0.85,0.75
03.08.2021 00:33:32.101,7.7740800000000005,7.77339,0.85,0.75
03.08.2021 00:33:34.453,7.7740800000000005,7.7734000000000005,0.85,0.37
03.08.2021 00:33:46.470,7.7740800000000005,7.7734000000000005,0.85,0.37
03.08.2021 00:33:46.571,7.77413,7.773410000000001,0.85,0.75
03.08.2021 00:33:46.985,7.77414,7.77342,0.85,0.75
03.08.2021 00:33:47.086,7.77413,7.773410000000001,0.85,0.75
03.08.2021 00:33:47.294,7.77413,7.773410000000001,0.85,0.75
03.08.2021 00:33:47.344,7.7740800000000005,7.77339,0.85,0.75
03.08.2021 00:33:47.991,7.7740800000000005,7.77342,0.85,0.75
03.08.2021 00:33:48.042,7.7740800000000005,7.77342,0.85,0.75
03.08.2021 00:33:48.340,7.774160000000001,7.77343,0.47,0.75
03.08.2021 00:33:48.443,7.774160000000001,7.77342,1.22,0.75
03.08.2021 00:33:48.594,7.77413,7.773410000000001,0.47,0.75
03.08.2021 00:33:49.293,7.77413,7.773410000000001,0.47,0.75
03.08.2021 00:33:49.344,7.7740800000000005,7.77339,0.85,1.12
03.08.2021 00:33:49.394,7.7740800000000005,7.773410000000001,0.85,0.75
03.08.2021 00:33:49.444,7.7740800000000005,7.773410000000001,0.85,0.75
03.08.2021 00:33:49.896,7.77413,7.77342,0.47,0.75
03.08.2021 00:33:49.997,7.77413,7.773410000000001,1.22,0.75
03.08.2021 00:33:50.292,7.7740800000000005,7.77339,0.85,0.75
03.08.2021 00:33:50.343,7.7740800000000005,7.77339,0.85,0.75
03.08.2021 00:33:50.904,7.7740800000000005,7.77342,0.85,0.75
03.08.2021 00:33:50.954,7.7740800000000005,7.77342,0.85,0.75
03.08.2021 00:33:51.312,7.77414,7.77343,0.47,0.75
03.08.2021 00:33:51.420,7.77413,7.773410000000001,0.85,0.75
03.08.2021 00:33:51.964,7.7740800000000005,7.77339,0.85,1.12
03.08.2021 00:33:52.441,7.7740800000000005,7.77342,0.85,0.75
03.08.2021 00:33:52.752,7.77414,7.77343,0.47,0.75
03.08.2021 00:33:53.293,7.7740800000000005,7.77339,0.85,1.12
03.08.2021 00:33:53.343,7.7740800000000005,7.77339,0.85,1.12
03.08.2021 00:33:53.768,7.7740800000000005,7.773410000000001,0.85,0.75
03.08.2021 00:33:53.979,7.77413,7.77343,0.47,0.75
03.08.2021 00:33:54.295,7.77413,7.77343,0.47,0.75
03.08.2021 00:33:54.346,7.7740800000000005,7.77339,0.85,0.75
03.08.2021 00:33:54.936,7.7740800000000005,7.773410000000001,0.85,0.75
03.08.2021 00:33:54.987,7.7740800000000005,7.773410000000001,0.85,0.75
03.08.2021 00:33:55.377,7.77413,7.77343,0.47,0.75
03.08.2021 00:33:55.478,7.77413,7.773410000000001,0.47,0.75
03.08.2021 00:33:55.578,7.7740800000000005,7.77339,0.85,1.12
03.08.2021 00:33:56.440,7.7740800000000005,7.773410000000001,0.85,0.75
03.08.2021 00:33:56.823,7.77414,7.77343,0.47,0.75
03.08.2021 00:33:57.294,7.77414,7.77343,0.47,0.75
03.08.2021 00:33:57.344,7.7740800000000005,7.77339,0.85,0.75
03.08.2021 00:33:57.783,7.7740800000000005,7.773410000000001,0.85,0.75
03.08.2021 00:33:58.281,7.7740800000000005,7.773410000000001,0.85,0.75
03.08.2021 00:33:58.852,7.77413,7.773410000000001,1.22,0.75
03.08.2021 00:33:59.064,7.77384,7.773410000000001,0.75,0.75
03.08.2021 00:33:59.178,7.77384,7.77345,0.75,0.75
03.08.2021 00:33:59.286,7.77384,7.7735,0.75,0.75
03.08.2021 00:33:59.337,7.77384,7.77344,0.75,0.75
03.08.2021 00:33:59.721,7.77384,7.77345,0.75,0.75
03.08.2021 00:34:00.564,7.77382,7.77345,0.37,0.75
03.08.2021 00:34:00.668,7.77382,7.7735,0.37,0.75
03.08.2021 00:34:00.819,7.77382,7.77344,0.37,0.75
03.08.2021 00:34:01.178,7.77382,7.77342,0.37,2.62
03.08.2021 00:34:01.229,7.77382,7.77345,0.37,0.75
03.08.2021 00:34:02.232,7.77382,7.77344,0.37,0.75
03.08.2021 00:34:02.578,7.77382,7.77345,0.37,0.75
03.08.2021 00:34:03.528,7.77382,7.7735,0.37,0.75
03.08.2021 00:34:03.579,7.77413,7.77344,0.85,0.75
03.08.2021 00:34:03.635,7.77413,7.77344,0.85,0.75
03.08.2021 00:34:04.008,7.77413,7.77342,1.6,1.87
03.08.2021 00:34:04.059,7.7738700000000005,7.77345,0.75,0.75
03.08.2021 00:34:05.004,7.773860000000001,7.77345,0.75,0.75
03.08.2021 00:34:05.127,7.773860000000001,7.77344,0.75,0.75
03.08.2021 00:34:05.789,7.773860000000001,7.77342,0.75,1.87
03.08.2021 00:34:05.839,7.773860000000001,7.77345,0.75,0.75
03.08.2021 00:34:06.341,7.77378,7.77345,0.37,0.75
03.08.2021 00:34:06.847,7.77378,7.77344,0.37,0.75
03.08.2021 00:34:07.336,7.77378,7.77342,0.37,1.87
03.08.2021 00:34:07.386,7.77378,7.77345,0.37,0.75
03.08.2021 00:34:07.841,7.77382,7.77345,0.37,0.75
03.08.2021 00:34:08.334,7.77382,7.7735,0.37,0.75
03.08.2021 00:34:08.385,7.77382,7.77344,0.37,0.75
03.08.2021 00:34:09.391,7.774150000000001,7.77344,0.47,0.75
03.08.2021 00:34:09.694,7.77413,7.77343,0.85,0.37
03.08.2021 00:34:09.745,7.7738700000000005,7.77345,0.75,0.75
03.08.2021 00:34:10.694,7.773860000000001,7.77345,0.75,0.75
03.08.2021 00:34:10.822,7.773860000000001,7.77344,0.75,0.75
03.08.2021 00:34:11.216,7.773860000000001,7.77343,0.75,0.37
03.08.2021 00:34:11.317,7.773860000000001,7.77345,0.75,0.75
03.08.2021 00:34:12.030,7.77378,7.77345,0.37,0.75
03.08.2021 00:34:12.270,7.77378,7.7735,0.37,0.75
03.08.2021 00:34:12.371,7.77378,7.77344,0.37,0.75
03.08.2021 00:34:12.684,7.77378,7.77345,0.37,0.75
03.08.2021 00:34:13.531,7.77382,7.77345,0.37,0.75
03.08.2021 00:34:13.636,7.77382,7.7735,0.37,0.75
03.08.2021 00:34:13.737,7.77382,7.77355,0.37,0.75
03.08.2021 00:34:14.004,7.77382,7.7735,0.37,0.75
03.08.2021 00:34:14.227,7.77382,7.77345,0.37,0.75
03.08.2021 00:34:14.964,7.7738700000000005,7.77345,0.75,0.75
03.08.2021 00:34:15.014,7.77392,7.7735,0.75,0.75
03.08.2021 00:34:15.166,7.77413,7.77343,1.22,1.12
03.08.2021 00:34:15.216,7.7738700000000005,7.77345,0.75,0.75
03.08.2021 00:34:15.810,7.77382,7.77345,0.37,0.75
03.08.2021 00:34:16.187,7.77382,7.7735,0.37,0.75
03.08.2021 00:34:16.330,7.77382,7.77355,0.37,0.75
03.08.2021 00:34:16.632,7.77382,7.7735,0.37,0.75
03.08.2021 00:34:17.311,7.77384,7.7735,0.75,0.75
03.08.2021 00:34:17.692,7.77384,7.77344,0.75,0.75
03.08.2021 00:34:17.830,7.77384,7.77345,0.75,0.75
03.08.2021 00:34:18.698,7.77384,7.7735,0.75,0.75
03.08.2021 00:34:18.799,7.77384,7.77355,0.75,0.75
03.08.2021 00:34:18.850,7.773910000000001,7.77355,0.75,0.75
03.08.2021 00:34:19.116,7.773910000000001,7.7735,0.75,0.75
03.08.2021 00:34:19.764,7.773880000000001,7.7735,0.75,0.75
03.08.2021 00:34:20.069,7.773880000000001,7.77355,0.75,0.75
03.08.2021 00:34:20.535,7.77389,7.77355,0.75,0.75
03.08.2021 00:34:22.026,7.773930000000001,7.77355,0.75,0.75
03.08.2021 00:34:38.705,7.773930000000001,7.77352,0.75,0.37
03.08.2021 00:34:41.349,7.773960000000001,7.77352,0.37,0.37
03.08.2021 00:34:41.399,7.773960000000001,7.7736,0.37,0.75
03.08.2021 00:34:41.907,7.773980000000001,7.7736,0.75,0.75
03.08.2021 00:34:45.440,7.773980000000001,7.773610000000001,0.75,0.37
03.08.2021 00:34:50.458,7.773980000000001,7.77362,0.75,0.37
03.08.2021 00:34:51.735,7.77397,7.77362,0.75,0.37
03.08.2021 00:34:53.235,7.773930000000001,7.77362,0.75,0.37
03.08.2021 00:34:55.624,7.77394,7.77362,0.75,0.37
03.08.2021 00:34:55.725,7.77394,7.77372,0.75,0.75
03.08.2021 00:34:55.875,7.77394,7.773750000000001,0.75,0.75
03.08.2021 00:34:56.077,7.774100000000001,7.773750000000001,0.75,0.75
03.08.2021 00:34:57.551,7.77413,7.773750000000001,0.75,0.75
03.08.2021 00:35:10.414,7.77409,7.773750000000001,0.75,0.75
03.08.2021 00:35:10.515,7.77409,7.77379,0.75,0.37
03.08.2021 00:35:11.769,7.77409,7.773760000000001,0.75,0.75
03.08.2021 00:35:11.914,7.77413,7.773760000000001,0.75,0.75
03.08.2021 00:35:24.164,7.77413,7.77377,0.75,0.75
03.08.2021 00:35:24.265,7.77413,7.773810000000001,0.75,0.37
03.08.2021 00:35:39.813,7.77413,7.77382,0.75,0.37
03.08.2021 00:35:40.813,7.77413,7.77383,0.75,0.37
03.08.2021 00:35:41.815,7.77413,7.77384,0.75,0.37
03.08.2021 00:35:52.194,7.774100000000001,7.77384,0.75,0.37
03.08.2021 00:35:53.694,7.77413,7.77384,0.75,0.37
03.08.2021 00:36:07.870,7.77413,7.77382,0.75,0.75
03.08.2021 00:36:24.920,7.77413,7.77383,0.75,0.37
03.08.2021 00:36:30.431,7.77413,7.77384,0.75,0.37
03.08.2021 00:36:56.534,7.77417,7.77384,0.75,0.37
03.08.2021 00:36:56.650,7.77417,7.77377,0.75,0.37
03.08.2021 00:37:04.035,7.77417,7.77378,0.75,0.37
03.08.2021 00:37:05.041,7.77417,7.77379,0.75,0.37
03.08.2021 00:37:06.568,7.77417,7.77384,0.75,0.37
03.08.2021 00:37:16.720,7.77417,7.77377,0.75,0.37
03.08.2021 00:37:21.016,7.77417,7.77378,0.75,0.37
03.08.2021 00:37:22.634,7.77417,7.7738000000000005,0.75,0.37
03.08.2021 00:37:23.635,7.77417,7.773810000000001,0.75,0.37
03.08.2021 00:37:24.641,7.77417,7.77382,0.75,0.37
03.08.2021 00:37:33.354,7.77417,7.7738700000000005,0.75,0.75
03.08.2021 00:37:33.458,7.77417,7.77382,0.75,0.37
03.08.2021 00:37:34.061,7.77417,7.773810000000001,0.75,0.37
03.08.2021 00:37:34.336,7.77417,7.7738700000000005,0.75,0.75
03.08.2021 00:37:34.386,7.77417,7.773810000000001,0.75,0.37
03.08.2021 00:37:35.042,7.77417,7.7738000000000005,0.75,0.37
03.08.2021 00:37:36.400,7.77417,7.7738700000000005,0.75,0.75
03.08.2021 00:37:36.450,7.77417,7.7738000000000005,0.75,0.37
03.08.2021 00:37:38.114,7.77417,7.77377,0.75,0.37
03.08.2021 00:37:39.524,7.77417,7.7738700000000005,0.75,0.75
03.08.2021 00:37:39.574,7.77417,7.77377,0.75,0.37
03.08.2021 00:37:40.126,7.77417,7.773760000000001,0.75,0.37
03.08.2021 00:37:40.177,7.77417,7.7738700000000005,0.75,0.75
03.08.2021 00:38:00.129,7.77417,7.77378,0.75,1.12
03.08.2021 00:38:00.707,7.77417,7.7738700000000005,0.75,0.75
03.08.2021 00:38:00.758,7.77417,7.77378,0.75,0.37
03.08.2021 00:38:01.094,7.77417,7.77379,0.75,0.37
03.08.2021 00:38:02.114,7.77417,7.773750000000001,0.75,0.75
03.08.2021 00:38:03.223,7.77417,7.7738700000000005,0.75,0.75
03.08.2021 00:38:03.273,7.77417,7.773750000000001,0.75,1.12
03.08.2021 00:38:03.922,7.77417,7.7738700000000005,0.75,0.75
03.08.2021 00:38:03.972,7.77417,7.773750000000001,0.75,1.12
03.08.2021 00:38:04.206,7.77417,7.77382,0.75,0.75
03.08.2021 00:38:04.256,7.77417,7.773750000000001,0.75,0.75
03.08.2021 00:38:05.720,7.77417,7.77378,0.75,0.75
03.08.2021 00:38:05.822,7.77417,7.773750000000001,0.75,0.75
03.08.2021 00:38:07.945,7.77417,7.77382,0.75,0.75
03.08.2021 00:38:07.995,7.77417,7.773750000000001,0.75,0.75
03.08.2021 00:38:08.905,7.77417,7.7738700000000005,0.75,0.75
03.08.2021 00:38:08.956,7.77417,7.773750000000001,0.75,0.75
03.08.2021 00:38:09.066,7.77417,7.77378,0.75,0.75
03.08.2021 00:38:09.170,7.77417,7.773750000000001,0.75,0.75
03.08.2021 00:38:10.499,7.77417,7.7738700000000005,0.75,0.75
03.08.2021 00:38:10.549,7.77417,7.773750000000001,0.75,0.75
03.08.2021 00:38:11.113,7.77417,7.7738700000000005,0.75,0.75
03.08.2021 00:38:11.163,7.77417,7.773750000000001,0.75,0.75
03.08.2021 00:38:12.876,7.77417,7.7738700000000005,0.75,0.75
03.08.2021 00:38:12.926,7.77417,7.773750000000001,0.75,0.75
03.08.2021 00:38:14.013,7.77417,7.7738700000000005,0.75,0.75
03.08.2021 00:38:14.063,7.77417,7.773750000000001,0.75,0.75
03.08.2021 00:38:14.700,7.77417,7.7738700000000005,0.75,0.75
03.08.2021 00:38:14.751,7.77417,7.773750000000001,0.75,0.75
03.08.2021 00:38:15.623,7.77417,7.7738700000000005,0.75,0.75
03.08.2021 00:38:15.673,7.77417,7.773750000000001,0.75,0.75
03.08.2021 00:38:16.610,7.77417,7.77378,0.75,0.75
03.08.2021 00:38:16.714,7.77417,7.773750000000001,0.75,1.5
03.08.2021 00:38:16.764,7.77417,7.77382,0.75,0.75
03.08.2021 00:38:16.814,7.77417,7.773750000000001,0.75,1.5
03.08.2021 00:38:16.865,7.77417,7.77382,0.75,0.75
03.08.2021 00:38:16.915,7.77417,7.773750000000001,0.75,1.5
03.08.2021 00:38:17.362,7.77417,7.7738700000000005,0.75,0.75
03.08.2021 00:38:17.412,7.77417,7.773750000000001,0.75,1.5
03.08.2021 00:38:18.258,7.77417,7.77382,0.75,0.75
03.08.2021 00:38:18.308,7.77417,7.773750000000001,0.75,1.5
03.08.2021 00:38:21.579,7.77417,7.77382,0.75,0.75
03.08.2021 00:38:21.630,7.77417,7.773750000000001,0.75,1.5
03.08.2021 00:38:22.104,7.77417,7.77382,0.75,0.75
03.08.2021 00:38:22.154,7.77417,7.773750000000001,0.75,1.5
03.08.2021 00:38:22.698,7.77417,7.77378,0.75,0.75
03.08.2021 00:38:22.803,7.77417,7.773750000000001,0.75,1.5
03.08.2021 00:38:23.682,7.77417,7.77382,0.75,0.75
03.08.2021 00:38:23.826,7.77417,7.773750000000001,0.75,1.5
03.08.2021 00:38:23.950,7.77417,7.77382,0.75,0.75
03.08.2021 00:38:24.001,7.77417,7.773750000000001,0.75,1.5
03.08.2021 00:38:24.078,7.77417,7.77382,0.75,0.75
03.08.2021 00:38:24.128,7.77417,7.773750000000001,0.75,1.5
03.08.2021 00:38:24.209,7.77417,7.77382,0.75,0.75
03.08.2021 00:38:24.260,7.77417,7.773750000000001,0.75,1.5
03.08.2021 00:38:25.571,7.77417,7.77382,0.75,0.75
03.08.2021 00:38:25.621,7.77417,7.773750000000001,0.75,1.5
03.08.2021 00:38:25.842,7.77417,7.77382,0.75,0.75
03.08.2021 00:38:25.893,7.77417,7.773750000000001,0.75,1.5
03.08.2021 00:38:26.722,7.77417,7.77378,0.75,0.75
03.08.2021 00:38:26.823,7.77417,7.773750000000001,0.75,1.5
03.08.2021 00:38:27.382,7.77417,7.7738700000000005,0.75,0.75
03.08.2021 00:38:27.433,7.77417,7.773750000000001,0.75,1.5
03.08.2021 00:38:28.179,7.77417,7.77382,0.75,0.75
03.08.2021 00:38:28.230,7.77417,7.773750000000001,0.75,1.5
03.08.2021 00:38:28.375,7.77417,7.77378,0.75,0.75
03.08.2021 00:38:28.479,7.77417,7.773750000000001,0.75,1.5
03.08.2021 00:38:29.052,7.77417,7.7738700000000005,0.75,0.75
03.08.2021 00:38:29.157,7.77417,7.773750000000001,0.75,1.5
03.08.2021 00:38:29.672,7.77417,7.77378,0.75,0.75
03.08.2021 00:38:29.823,7.77417,7.773750000000001,0.75,1.5
03.08.2021 00:38:30.244,7.77417,7.7738700000000005,0.75,0.75
03.08.2021 00:38:30.347,7.77417,7.773750000000001,0.75,1.5
03.08.2021 00:38:30.726,7.77417,7.7738700000000005,0.75,0.75
03.08.2021 00:38:30.777,7.77417,7.773750000000001,0.75,1.5
03.08.2021 00:38:30.943,7.77417,7.77382,0.75,0.75
03.08.2021 00:38:31.048,7.77417,7.773750000000001,0.75,1.5
03.08.2021 00:38:31.514,7.77417,7.77382,0.75,0.75
03.08.2021 00:38:32.712,7.77417,7.773750000000001,0.75,1.5
03.08.2021 00:38:32.843,7.77417,7.7738700000000005,0.75,0.75
03.08.2021 00:38:32.894,7.77417,7.773750000000001,0.75,1.5
03.08.2021 00:38:33.215,7.77417,7.7738700000000005,0.75,0.75
03.08.2021 00:38:33.265,7.77417,7.773750000000001,0.75,1.5
03.08.2021 00:38:35.244,7.77417,7.7738700000000005,0.75,0.75
03.08.2021 00:38:35.353,7.77417,7.773750000000001,0.75,1.5
03.08.2021 00:38:35.709,7.77417,7.77382,0.75,0.75
03.08.2021 00:38:41.686,7.77417,7.773750000000001,0.75,1.5
03.08.2021 00:38:42.070,7.77417,7.7738700000000005,0.75,0.75
03.08.2021 00:38:42.121,7.77417,7.773750000000001,0.75,1.5
03.08.2021 00:38:42.233,7.77417,7.77378,0.75,0.75
03.08.2021 00:38:42.337,7.77417,7.773750000000001,0.75,1.5
03.08.2021 00:38:43.276,7.77417,7.77382,0.75,0.75
03.08.2021 00:38:43.326,7.77417,7.773750000000001,0.75,1.5
03.08.2021 00:38:43.377,7.77417,7.7738700000000005,0.75,0.75
03.08.2021 00:38:43.427,7.77417,7.77382,0.75,0.75
03.08.2021 00:38:43.559,7.77417,7.773750000000001,0.75,1.5
03.08.2021 00:38:43.913,7.77417,7.77382,0.75,0.75
03.08.2021 00:38:45.860,7.77417,7.773750000000001,0.75,1.5
03.08.2021 00:38:45.960,7.77417,7.77378,0.75,0.75
03.08.2021 00:38:46.180,7.77414,7.77378,0.75,0.75
03.08.2021 00:38:46.281,7.77414,7.77379,0.75,0.75
03.08.2021 00:38:46.481,7.77414,7.77382,0.75,0.75
03.08.2021 00:38:47.680,7.77413,7.77382,0.75,0.75
03.08.2021 00:38:58.310,7.77413,7.77378,0.75,0.75
03.08.2021 00:39:00.904,7.77413,7.7738000000000005,0.75,0.75
03.08.2021 00:39:01.025,7.77413,7.7738700000000005,0.75,0.75
03.08.2021 00:39:01.075,7.77413,7.77378,0.75,0.75
03.08.2021 00:39:01.179,7.77413,7.77377,0.75,1.12
03.08.2021 00:39:01.399,7.77413,7.7738700000000005,0.75,0.75
03.08.2021 00:39:02.354,7.77409,7.7738700000000005,0.75,0.75
03.08.2021 00:39:02.652,7.77409,7.77378,0.75,0.75
03.08.2021 00:39:02.781,7.77409,7.77377,0.75,0.75
03.08.2021 00:39:04.454,7.77409,7.77378,0.75,0.75
03.08.2021 00:39:04.504,7.77409,7.77382,0.75,0.75
03.08.2021 00:39:04.605,7.77409,7.77377,0.75,0.75
03.08.2021 00:39:05.247,7.77409,7.7738700000000005,0.75,0.75
03.08.2021 00:39:05.298,7.77409,7.77377,0.75,0.75
03.08.2021 00:39:06.093,7.77409,7.7738700000000005,0.75,0.75
03.08.2021 00:39:06.143,7.77409,7.77377,0.75,0.75
03.08.2021 00:39:06.894,7.77409,7.77378,0.75,0.75
03.08.2021 00:39:06.997,7.77409,7.77377,0.75,0.75
03.08.2021 00:39:07.311,7.77409,7.7738700000000005,0.75,0.75
03.08.2021 00:39:07.362,7.77409,7.77377,0.75,0.75
03.08.2021 00:39:08.425,7.77409,7.77378,0.75,0.75
03.08.2021 00:39:08.526,7.77409,7.77377,0.75,0.75
03.08.2021 00:39:09.291,7.77409,7.7738700000000005,0.75,0.75
03.08.2021 00:39:15.229,7.774100000000001,7.7738700000000005,0.75,0.75
03.08.2021 00:39:15.279,7.774100000000001,7.77383,0.75,0.75
03.08.2021 00:39:15.330,7.774100000000001,7.773880000000001,0.75,0.37
03.08.2021 00:39:16.129,7.77418,7.773880000000001,0.75,0.37
03.08.2021 00:39:17.300,7.77418,7.77389,0.75,0.37
03.08.2021 00:39:25.264,7.77418,7.7739,0.75,0.37
03.08.2021 00:39:26.288,7.77418,7.773910000000001,0.75,0.37
03.08.2021 00:39:30.066,7.774160000000001,7.773910000000001,0.75,0.37
03.08.2021 00:39:31.279,7.774160000000001,7.77392,0.75,0.37
03.08.2021 00:39:32.337,7.774160000000001,7.77394,0.75,0.37
03.08.2021 00:39:45.392,7.77418,7.77394,0.75,0.37
03.08.2021 00:39:58.654,7.774160000000001,7.77394,2.25,0.37
03.08.2021 00:39:58.755,7.774160000000001,7.77384,2.25,0.37
03.08.2021 00:39:59.216,7.774160000000001,7.77378,2.25,0.37
03.08.2021 00:40:00.170,7.774100000000001,7.77377,0.75,1.12
03.08.2021 00:40:01.133,7.774100000000001,7.77379,0.75,0.37
03.08.2021 00:40:01.405,7.77414,7.773810000000001,0.37,0.75
03.08.2021 00:40:02.203,7.77413,7.773810000000001,0.75,0.37
03.08.2021 00:40:08.754,7.77413,7.77378,0.75,0.37
03.08.2021 00:40:09.734,7.77413,7.773760000000001,0.75,1.12
03.08.2021 00:40:14.759,7.77413,7.77383,0.75,0.75
03.08.2021 00:40:16.209,7.774160000000001,7.77383,2.25,1.12
03.08.2021 00:40:18.644,7.77419,7.77383,0.75,0.75
03.08.2021 00:40:18.695,7.77419,7.773860000000001,0.75,0.75
03.08.2021 00:40:18.816,7.77419,7.773910000000001,0.75,0.75
03.08.2021 00:40:19.577,7.7742700000000005,7.773910000000001,0.75,0.75
03.08.2021 00:40:25.257,7.77429,7.773910000000001,0.75,0.75
03.08.2021 00:40:26.757,7.774280000000001,7.773910000000001,0.75,0.75
03.08.2021 00:40:30.327,7.774280000000001,7.7738700000000005,0.75,0.75
03.08.2021 00:40:31.335,7.774280000000001,7.773910000000001,0.75,0.37
03.08.2021 00:40:39.434,7.774280000000001,7.77389,0.75,0.37
03.08.2021 00:40:44.119,7.774330000000001,7.77395,0.75,0.75
03.08.2021 00:40:44.689,7.774330000000001,7.773960000000001,0.75,0.75
03.08.2021 00:40:44.801,7.774330000000001,7.774,0.75,0.75
03.08.2021 00:40:45.225,7.7743899999999995,7.774,0.75,0.75
03.08.2021 00:40:46.718,7.774380000000001,7.774,0.75,0.75
03.08.2021 00:40:48.793,7.7744,7.774,0.37,0.75
03.08.2021 00:40:57.399,7.7743899999999995,7.774,0.75,0.75
03.08.2021 00:40:57.449,7.77434,7.77397,0.75,0.45
03.08.2021 00:40:57.550,7.77434,7.77394,0.75,0.47
03.08.2021 00:40:57.934,7.774310000000001,7.77394,0.75,0.47
03.08.2021 00:41:02.189,7.77425,7.773960000000001,0.75,1.2
03.08.2021 00:41:02.391,7.77425,7.77397,0.75,0.37
03.08.2021 00:41:03.689,7.774260000000001,7.77397,0.75,0.37
03.08.2021 00:41:04.473,7.774260000000001,7.77395,0.75,0.37
03.08.2021 00:41:04.574,7.7742700000000005,7.77395,0.75,1.12
03.08.2021 00:41:05.603,7.7742700000000005,7.77397,0.75,0.37
03.08.2021 00:41:07.052,7.77437,7.773980000000001,0.75,0.37
03.08.2021 00:41:08.523,7.774360000000001,7.773980000000001,0.37,1.12
03.08.2021 00:41:12.385,7.77437,7.774030000000001,0.75,0.37
03.08.2021 00:41:12.436,7.774460000000001,7.774030000000001,0.75,0.47
03.08.2021 00:41:12.537,7.77442,7.774039999999999,0.75,0.37
03.08.2021 00:41:12.767,7.7744,7.77402,0.37,0.47
03.08.2021 00:41:12.959,7.7744,7.77402,0.37,0.45
03.08.2021 00:41:13.887,7.77442,7.774,0.75,0.85
03.08.2021 00:41:14.800,7.77442,7.774,0.75,0.85
03.08.2021 00:41:15.542,7.77442,7.774,0.75,0.82
03.08.2021 00:41:18.496,7.77442,7.7740100000000005,0.75,0.37
03.08.2021 00:41:19.497,7.77442,7.774,0.75,0.82
03.08.2021 00:41:25.660,7.7743899999999995,7.774,0.37,0.82
03.08.2021 00:41:26.509,7.7743899999999995,7.774030000000001,0.37,0.37
03.08.2021 00:41:30.138,7.7744,7.774030000000001,0.37,0.37
03.08.2021 00:41:30.239,7.7744,7.774030000000001,0.37,0.47
03.08.2021 00:41:31.639,7.77442,7.774,1.12,0.85
03.08.2021 00:41:32.280,7.77442,7.774,1.12,0.82
03.08.2021 00:41:47.555,7.77442,7.774039999999999,0.75,0.37
03.08.2021 00:41:56.372,7.77442,7.774,0.75,0.82
03.08.2021 00:41:56.473,7.774430000000001,7.77397,0.37,0.47
03.08.2021 00:42:00.244,7.77442,7.774,0.75,0.82
03.08.2021 00:42:11.654,7.77442,7.774,0.75,1.22
03.08.2021 00:42:13.607,7.77442,7.77402,0.75,0.37
03.08.2021 00:42:14.607,7.77442,7.774030000000001,0.75,0.37
03.08.2021 00:42:17.491,7.77442,7.774039999999999,0.75,0.37
03.08.2021 00:42:30.423,7.774430000000001,7.774050000000001,0.37,0.82
03.08.2021 00:42:30.524,7.77442,7.774,0.75,0.85
03.08.2021 00:42:30.695,7.77442,7.774,0.75,0.85
03.08.2021 00:42:30.945,7.77442,7.774,0.75,0.85
03.08.2021 00:42:31.335,7.7743899999999995,7.774,0.37,0.85
03.08.2021 00:42:41.666,7.7743899999999995,7.774,0.37,0.85
03.08.2021 00:42:44.918,7.7743899999999995,7.774050000000001,0.37,0.75
03.08.2021 00:42:45.040,7.7743899999999995,7.774050000000001,0.37,0.85
03.08.2021 00:42:45.176,7.77447,7.774050000000001,0.75,0.85
03.08.2021 00:42:45.292,7.77447,7.774050000000001,0.75,0.85
03.08.2021 00:42:56.574,7.774439999999999,7.774050000000001,0.37,0.85
03.08.2021 00:42:56.675,7.77442,7.774039999999999,0.75,0.47
03.08.2021 00:42:56.775,7.77442,7.774,0.75,0.85
03.08.2021 00:42:56.926,7.77442,7.774,0.75,0.85
03.08.2021 00:43:00.253,7.774430000000001,7.774050000000001,0.37,0.75
03.08.2021 00:43:00.354,7.774430000000001,7.774050000000001,0.37,0.85
03.08.2021 00:43:00.525,7.774430000000001,7.774050000000001,0.37,0.85
03.08.2021 00:43:00.896,7.77447,7.774050000000001,0.75,0.85
03.08.2021 00:43:03.954,7.77442,7.7740100000000005,0.75,0.47
03.08.2021 00:43:04.223,7.77442,7.7740100000000005,0.75,0.47
03.08.2021 00:43:15.533,7.774430000000001,7.774050000000001,0.37,0.85
03.08.2021 00:43:15.805,7.774430000000001,7.774050000000001,0.37,0.85
03.08.2021 00:43:16.053,7.774430000000001,7.774050000000001,0.37,0.85
03.08.2021 00:43:16.281,7.77447,7.774050000000001,0.75,0.85
03.08.2021 00:43:22.566,7.77447,7.774050000000001,1.12,0.85
03.08.2021 00:43:23.220,7.77447,7.774050000000001,1.12,0.82
03.08.2021 00:43:23.270,7.77442,7.7740100000000005,0.75,0.47
03.08.2021 00:43:23.371,7.77442,7.7740100000000005,0.75,0.47
03.08.2021 00:43:30.908,7.774460000000001,7.774050000000001,0.37,0.75
03.08.2021 00:43:30.958,7.77447,7.77407,0.75,0.37
03.08.2021 00:43:31.222,7.77447,7.77407,0.75,0.47
03.08.2021 00:43:47.177,7.77447,7.774100000000001,0.75,0.37
03.08.2021 00:43:47.227,7.774500000000001,7.774100000000001,0.37,0.37
03.08.2021 00:43:48.147,7.774500000000001,7.774110000000001,0.37,0.37
03.08.2021 00:43:49.151,7.77453,7.77412,0.37,0.37
03.08.2021 00:43:50.154,7.77453,7.77413,0.37,0.37
03.08.2021 00:43:51.179,7.77453,7.77414,0.37,0.37
03.08.2021 00:43:56.267,7.774510000000001,7.77414,0.37,0.37
03.08.2021 00:44:01.234,7.77447,7.77414,0.75,0.37
03.08.2021 00:44:17.444,7.77453,7.77414,0.37,0.37
03.08.2021 00:44:18.443,7.77454,7.774150000000001,0.37,0.37
03.08.2021 00:44:31.460,7.77447,7.774150000000001,0.75,0.37
03.08.2021 00:44:33.503,7.77447,7.774160000000001,0.75,0.37
03.08.2021 00:44:48.559,7.77447,7.77414,0.75,0.37
03.08.2021 00:45:48.968,7.77447,7.77409,0.75,0.85
03.08.2021 00:46:22.617,7.77454,7.77418,0.37,0.75
03.08.2021 00:46:27.733,7.7745500000000005,7.77418,0.37,1.12
03.08.2021 00:46:27.834,7.77452,7.7742,0.75,0.82
03.08.2021 00:46:29.755,7.77452,7.774260000000001,0.75,0.37
03.08.2021 00:46:31.335,7.77452,7.77418,0.75,0.47
03.08.2021 00:46:36.437,7.77452,7.77418,0.75,0.45
03.08.2021 00:46:37.825,7.77457,7.77422,0.75,0.75
03.08.2021 00:46:42.148,7.77457,7.774230000000001,0.75,0.37
03.08.2021 00:46:43.185,7.77457,7.774260000000001,0.75,0.37
03.08.2021 00:46:44.720,7.77457,7.77422,0.75,0.75
03.08.2021 00:46:54.444,7.774630000000001,7.774230000000001,0.37,0.75
03.08.2021 00:46:54.495,7.774610000000001,7.774230000000001,0.37,0.75
03.08.2021 00:46:55.949,7.77462,7.774230000000001,0.37,0.75
03.08.2021 00:46:56.270,7.77462,7.77425,0.37,0.75
03.08.2021 00:46:56.529,7.774610000000001,7.77425,0.37,0.75
03.08.2021 00:46:57.528,7.77454,7.77425,0.37,0.75
03.08.2021 00:46:58.094,7.7745500000000005,7.77425,0.37,0.75
03.08.2021 00:46:59.242,7.77452,7.77425,0.75,0.37
03.08.2021 00:46:59.343,7.77449,7.77418,0.37,0.82
03.08.2021 00:47:05.266,7.774500000000001,7.77418,0.75,0.82
03.08.2021 00:47:05.741,7.77452,7.77418,0.75,0.82
03.08.2021 00:47:09.840,7.77457,7.774230000000001,0.75,0.75
03.08.2021 00:47:12.037,7.77457,7.77425,0.75,0.75
03.08.2021 00:47:15.599,7.774560000000001,7.77425,0.37,0.75
03.08.2021 00:47:15.649,7.77452,7.7742,0.75,0.37
03.08.2021 00:47:16.235,7.77452,7.77419,0.75,0.75
03.08.2021 00:47:21.268,7.77457,7.77425,0.75,0.75
03.08.2021 00:47:25.851,7.77457,7.774260000000001,0.75,0.75
03.08.2021 00:47:26.959,7.77457,7.7742700000000005,0.75,0.37
03.08.2021 00:47:42.274,7.77457,7.774330000000001,1.12,0.37
03.08.2021 00:47:45.870,7.7746,7.774330000000001,0.37,0.37
03.08.2021 00:47:51.466,7.77457,7.774330000000001,0.75,0.37
03.08.2021 00:47:58.305,7.77457,7.774310000000001,0.75,0.37
03.08.2021 00:48:07.562,7.77457,7.77417,0.75,0.47
03.08.2021 00:48:09.293,7.77457,7.77425,0.75,0.75
03.08.2021 00:48:13.515,7.7746,7.774260000000001,0.37,0.75
03.08.2021 00:48:21.566,7.77457,7.774260000000001,0.75,0.75
03.08.2021 00:48:31.634,7.7745500000000005,7.774260000000001,0.37,0.75
03.08.2021 00:48:32.372,7.7745500000000005,7.77435,0.37,0.37
03.08.2021 00:49:34.266,7.77457,7.77418,0.75,0.85
03.08.2021 00:49:34.881,7.77457,7.77418,0.75,0.85
03.08.2021 00:49:34.932,7.77457,7.774310000000001,0.75,0.82
03.08.2021 00:49:50.990,7.7746,7.774310000000001,0.37,0.82
03.08.2021 00:49:51.748,7.77457,7.774310000000001,0.75,0.82
03.08.2021 00:50:08.348,7.77457,7.774310000000001,0.75,0.85
03.08.2021 00:50:09.439,7.77457,7.774330000000001,0.75,0.37
03.08.2021 00:50:24.189,7.77457,7.77434,0.75,0.37
03.08.2021 00:50:25.143,7.77457,7.774310000000001,0.75,0.47
03.08.2021 00:50:38.353,7.77457,7.774310000000001,0.75,0.47
03.08.2021 00:50:47.447,7.77457,7.77429,0.75,0.47
03.08.2021 00:50:53.653,7.77457,7.7743,0.75,0.47
03.08.2021 00:50:54.312,7.77457,7.7743,0.75,0.47
03.08.2021 00:51:02.817,7.77457,7.774330000000001,1.12,0.37
03.08.2021 00:51:12.935,7.774560000000001,7.77434,0.37,0.37
03.08.2021 00:51:14.334,7.7746,7.774280000000001,0.37,0.47
03.08.2021 00:51:14.392,7.77458,7.774280000000001,0.75,0.47
03.08.2021 00:51:14.537,7.77458,7.774280000000001,0.75,0.45
03.08.2021 00:51:22.604,7.77457,7.7742700000000005,0.75,1.22
03.08.2021 00:51:31.653,7.77457,7.77429,0.75,0.37
03.08.2021 00:51:32.659,7.77457,7.7743,0.75,0.37
03.08.2021 00:51:33.659,7.77457,7.77434,0.75,0.37
03.08.2021 00:51:47.766,7.77457,7.774280000000001,0.75,0.45
03.08.2021 00:51:47.859,7.7746,7.774280000000001,0.37,0.45
03.08.2021 00:51:48.773,7.7746,7.7742700000000005,0.37,0.82
03.08.2021 00:51:52.719,7.77457,7.774260000000001,0.75,0.47
03.08.2021 00:51:53.757,7.7746,7.77434,0.37,0.75
03.08.2021 00:51:53.858,7.77472,7.77437,0.75,0.75
03.08.2021 00:51:53.958,7.77472,7.7744,0.75,0.75
03.08.2021 00:52:01.043,7.77477,7.774439999999999,0.75,0.75
03.08.2021 00:52:04.163,7.774810000000001,7.77447,0.37,0.75
03.08.2021 00:52:04.478,7.774810000000001,7.7744800000000005,0.37,0.75
03.08.2021 00:52:05.040,7.77482,7.7744800000000005,0.75,0.82
03.08.2021 00:52:05.140,7.7748800000000005,7.774510000000001,1.12,0.75
03.08.2021 00:52:08.569,7.774860000000001,7.774510000000001,0.37,0.75
03.08.2021 00:52:09.687,7.7748800000000005,7.774510000000001,0.75,0.75
03.08.2021 00:52:10.888,7.774860000000001,7.774510000000001,0.37,0.75
03.08.2021 00:52:12.388,7.7748800000000005,7.774510000000001,0.75,0.75
03.08.2021 00:52:14.108,7.77489,7.77453,0.37,0.75
03.08.2021 00:52:14.283,7.77489,7.774510000000001,0.37,0.75
03.08.2021 00:52:15.558,7.774900000000001,7.774510000000001,0.37,0.75
03.08.2021 00:52:18.383,7.774910000000001,7.774510000000001,0.37,0.75
03.08.2021 00:52:18.434,7.774910000000001,7.77457,0.37,0.75
03.08.2021 00:52:18.484,7.774910000000001,7.77453,0.37,0.75
03.08.2021 00:52:18.588,7.774910000000001,7.77454,0.37,0.75
03.08.2021 00:52:18.742,7.774910000000001,7.7745500000000005,0.37,0.75
03.08.2021 00:52:19.887,7.77492,7.7745500000000005,0.75,0.75
03.08.2021 00:52:20.934,7.77497,7.7746,0.75,0.75
03.08.2021 00:52:40.978,7.775,7.77453,0.37,0.47
03.08.2021 00:52:41.709,7.775,7.77453,0.37,0.47
03.08.2021 00:52:47.653,7.775,7.77457,0.37,0.85
03.08.2021 00:52:51.158,7.77497,7.77457,0.75,0.85
03.08.2021 00:52:54.253,7.775010000000001,7.77464,0.37,0.75
03.08.2021 00:52:54.523,7.775010000000001,7.77464,0.37,1.22
03.08.2021 00:52:55.121,7.7750200000000005,7.77464,0.75,1.22
03.08.2021 00:52:55.345,7.7750200000000005,7.77464,0.75,1.2
03.08.2021 00:53:07.878,7.775,7.77464,0.37,0.75
03.08.2021 00:53:07.979,7.775,7.774630000000001,1.12,0.37
03.08.2021 00:53:08.030,7.775,7.77458,1.12,0.75
03.08.2021 00:53:09.379,7.77499,7.77458,0.37,0.75
03.08.2021 00:53:11.738,7.77499,7.77464,0.37,0.75
03.08.2021 00:53:12.552,7.7750200000000005,7.77464,0.75,0.75
03.08.2021 00:53:28.314,7.7750200000000005,7.774660000000001,0.37,0.75
03.08.2021 00:53:28.429,7.7750200000000005,7.77467,0.37,0.75
03.08.2021 00:53:29.764,7.77504,7.77467,0.37,0.75
03.08.2021 00:53:41.716,7.7750200000000005,7.77467,0.75,0.75
03.08.2021 00:53:43.863,7.774960000000001,7.77464,0.75,0.37
03.08.2021 00:53:43.982,7.77487,7.77454,1.12,0.37
03.08.2021 00:53:44.335,7.77482,7.77454,0.75,0.37
03.08.2021 00:53:44.385,7.77482,7.7744800000000005,0.75,0.47
03.08.2021 00:53:44.486,7.77482,7.7744800000000005,0.75,0.37
03.08.2021 00:53:45.043,7.774810000000001,7.7744800000000005,0.37,0.37
03.08.2021 00:53:46.005,7.774810000000001,7.77447,0.37,1.12
03.08.2021 00:53:46.393,7.77482,7.77447,0.75,1.12
03.08.2021 00:53:47.774,7.77482,7.77449,0.75,0.37
03.08.2021 00:54:02.869,7.77484,7.77449,0.37,0.37
03.08.2021 00:54:03.639,7.77484,7.774500000000001,0.37,0.37
03.08.2021 00:54:05.046,7.77484,7.774510000000001,0.37,0.37
03.08.2021 00:54:06.049,7.77484,7.77454,0.37,0.37
03.08.2021 00:54:13.945,7.77484,7.7744800000000005,0.37,0.37
03.08.2021 00:54:14.498,7.77482,7.7744800000000005,0.75,0.37
03.08.2021 00:54:20.450,7.77482,7.77452,0.75,0.75
03.08.2021 00:54:24.082,7.77482,7.77454,0.75,0.37
03.08.2021 00:54:37.494,7.77482,7.7745500000000005,0.75,0.37
03.08.2021 00:54:40.384,7.77484,7.7745500000000005,0.37,0.37
03.08.2021 00:54:44.516,7.77482,7.7745500000000005,0.75,0.37
03.08.2021 00:54:44.848,7.77482,7.77452,0.75,0.75
03.08.2021 00:54:56.041,7.77482,7.77453,0.75,0.37
03.08.2021 00:55:01.161,7.77482,7.77454,0.75,0.37
03.08.2021 00:55:02.385,7.77482,7.77452,0.75,1.12
03.08.2021 00:55:13.184,7.77482,7.77453,0.75,0.37
03.08.2021 00:55:14.187,7.77482,7.77454,0.75,0.37
03.08.2021 00:55:22.658,7.77477,7.77454,0.75,0.37
03.08.2021 00:55:22.708,7.77477,7.7744800000000005,0.75,0.75
03.08.2021 00:55:22.759,7.7748,7.774460000000001,0.37,2.32
03.08.2021 00:55:23.858,7.77482,7.774460000000001,0.75,0.75
03.08.2021 00:55:31.090,7.77482,7.77453,0.75,0.37
03.08.2021 00:55:32.794,7.77484,7.77447,0.37,0.75
03.08.2021 00:55:46.789,7.77484,7.774460000000001,0.37,0.75
03.08.2021 00:55:47.271,7.77484,7.7744800000000005,0.37,0.37
03.08.2021 00:55:52.719,7.77484,7.77447,0.37,0.75
03.08.2021 00:55:52.899,7.77482,7.77447,0.75,0.75
03.08.2021 00:56:04.808,7.77482,7.774410000000001,0.75,1.6
03.08.2021 00:56:06.475,7.77482,7.77452,0.75,0.75
03.08.2021 00:56:40.212,7.77482,7.77447,0.75,0.82
03.08.2021 00:56:40.269,7.77482,7.77452,0.75,0.75
03.08.2021 00:56:52.734,7.77487,7.77452,0.37,0.75
03.08.2021 00:56:53.221,7.77482,7.77452,0.75,0.75
03.08.2021 00:56:53.392,7.77482,7.77453,0.75,0.37
03.08.2021 00:56:54.071,7.77482,7.77452,0.75,0.75
03.08.2021 00:57:14.941,7.77482,7.7744800000000005,0.75,0.85
03.08.2021 00:57:15.146,7.77482,7.7744800000000005,0.75,0.85
03.08.2021 00:58:09.621,7.77482,7.77454,0.75,0.37
03.08.2021 00:58:17.505,7.77482,7.77447,0.75,0.85
03.08.2021 00:58:45.610,7.77482,7.77453,0.75,0.37
03.08.2021 00:58:47.616,7.77482,7.77454,0.75,0.37
03.08.2021 00:59:01.769,7.77482,7.77457,0.75,0.75
03.08.2021 00:59:04.588,7.77482,7.77449,0.75,0.47
03.08.2021 00:59:31.311,7.77482,7.77454,0.75,0.37
03.08.2021 00:59:32.878,7.77482,7.77449,0.75,0.85
03.08.2021 00:59:41.127,7.7748800000000005,7.774500000000001,0.37,0.85
03.08.2021 00:59:43.841,7.7748800000000005,7.774500000000001,0.37,0.85
03.08.2021 00:59:54.585,7.77482,7.774500000000001,0.75,0.85
03.08.2021 00:59:59.764,7.77482,7.77454,0.75,0.37
03.08.2021 01:00:00.036,7.77482,7.77449,0.75,0.85
03.08.2021 01:00:00.137,7.774830000000001,7.77449,0.75,0.85
03.08.2021 01:00:18.111,7.774830000000001,7.77454,0.75,0.37
03.08.2021 01:00:23.425,7.774860000000001,7.77454,0.37,0.37
03.08.2021 01:00:30.287,7.774830000000001,7.77454,0.75,0.37
03.08.2021 01:00:33.148,7.774830000000001,7.774500000000001,0.75,0.85
03.08.2021 01:00:52.648,7.7748800000000005,7.77454,0.75,0.82
03.08.2021 01:01:14.283,7.774860000000001,7.77454,0.37,0.45
03.08.2021 01:01:29.588,7.774860000000001,7.77457,0.37,0.75
03.08.2021 01:01:30.247,7.7748800000000005,7.77457,2.25,0.75
03.08.2021 01:01:50.398,7.774860000000001,7.77457,0.37,0.75
03.08.2021 01:02:02.886,7.7748800000000005,7.77457,2.25,0.75
03.08.2021 01:02:04.776,7.7748800000000005,7.77454,0.75,0.82
03.08.2021 01:02:15.036,7.77487,7.77454,0.37,0.45
03.08.2021 01:02:19.778,7.77487,7.7745500000000005,0.37,0.75
03.08.2021 01:02:22.011,7.77494,7.7745500000000005,0.37,0.82
03.08.2021 01:02:22.114,7.77494,7.77457,0.37,0.75
03.08.2021 01:02:22.691,7.77494,7.774560000000001,0.37,0.75
03.08.2021 01:02:23.158,7.7748800000000005,7.774560000000001,0.75,0.75
03.08.2021 01:02:25.164,7.7748800000000005,7.77457,2.25,0.75
03.08.2021 01:02:30.066,7.7748800000000005,7.774560000000001,2.25,0.75
03.08.2021 01:02:40.816,7.7748800000000005,7.77464,2.25,0.37
03.08.2021 01:02:45.119,7.7748800000000005,7.774560000000001,2.25,0.82
03.08.2021 01:03:00.066,7.7748800000000005,7.77453,2.25,0.2
03.08.2021 01:03:00.167,7.7748800000000005,7.77452,2.25,0.85
03.08.2021 01:03:01.147,7.77487,7.77454,0.37,0.47
03.08.2021 01:03:02.202,7.774860000000001,7.77454,0.37,0.47
03.08.2021 01:03:04.331,7.7748800000000005,7.7745500000000005,0.75,0.47
03.08.2021 01:03:21.167,7.7748800000000005,7.77457,0.75,0.37
03.08.2021 01:03:22.169,7.7748800000000005,7.774560000000001,0.75,0.45
03.08.2021 01:03:24.584,7.774860000000001,7.77454,0.37,0.47
03.08.2021 01:03:25.298,7.7749500000000005,7.774680000000001,0.37,0.75
03.08.2021 01:03:25.399,7.775030000000001,7.774680000000001,2.25,0.85
03.08.2021 01:03:25.500,7.775030000000001,7.774680000000001,2.25,0.85
03.08.2021 01:03:25.629,7.775030000000001,7.774680000000001,2.25,0.85
03.08.2021 01:03:29.653,7.775030000000001,7.774680000000001,2.25,0.85
03.08.2021 01:03:30.039,7.775030000000001,7.774680000000001,2.25,0.85
03.08.2021 01:03:30.310,7.775030000000001,7.774680000000001,2.25,0.85
03.08.2021 01:03:31.554,7.775,7.77467,0.75,0.85
03.08.2021 01:03:31.605,7.775,7.77465,0.75,0.47
03.08.2021 01:03:31.655,7.77498,7.77465,0.75,0.47
03.08.2021 01:03:31.868,7.77498,7.77465,0.75,0.47
03.08.2021 01:03:32.118,7.77498,7.77465,0.75,0.45
03.08.2021 01:03:33.279,7.77498,7.77462,0.75,2.35
03.08.2021 01:03:35.059,7.77498,7.77462,0.75,2.35
03.08.2021 01:03:42.294,7.77499,7.77469,0.75,0.85
03.08.2021 01:03:42.445,7.775,7.774710000000001,0.75,0.85
03.08.2021 01:03:43.562,7.775,7.774710000000001,0.75,0.85
03.08.2021 01:03:55.889,7.775,7.774710000000001,0.75,0.75
03.08.2021 01:04:02.418,7.775030000000001,7.77475,0.75,0.75
03.08.2021 01:04:03.446,7.77504,7.77475,0.75,0.75
03.08.2021 01:04:05.655,7.775030000000001,7.77475,0.75,0.75
03.08.2021 01:04:05.769,7.77504,7.77475,0.75,0.75
03.08.2021 01:04:07.489,7.775030000000001,7.77475,0.75,0.75
03.08.2021 01:04:07.603,7.77504,7.77475,0.75,0.75
03.08.2021 01:04:08.415,7.775030000000001,7.77475,0.75,0.75
03.08.2021 01:04:08.654,7.77504,7.77475,0.75,0.75
03.08.2021 01:04:09.189,7.775030000000001,7.77475,0.75,0.75
03.08.2021 01:04:09.294,7.77504,7.77475,0.75,0.75
03.08.2021 01:04:10.482,7.775030000000001,7.77475,0.75,0.75
03.08.2021 01:04:10.592,7.77504,7.77475,0.75,0.75
03.08.2021 01:04:12.476,7.775030000000001,7.77475,0.75,0.75
03.08.2021 01:04:12.589,7.77504,7.77475,0.75,0.75
03.08.2021 01:04:12.852,7.775030000000001,7.77475,0.75,0.75
03.08.2021 01:04:12.966,7.77504,7.77475,0.75,0.75
03.08.2021 01:04:13.163,7.775030000000001,7.77475,0.75,0.75
03.08.2021 01:04:13.289,7.77504,7.77475,0.75,0.75
03.08.2021 01:04:15.002,7.77509,7.77465,0.37,0.85
03.08.2021 01:04:15.431,7.77507,7.77465,0.37,0.85
03.08.2021 01:04:15.805,7.775030000000001,7.77465,0.75,0.85
03.08.2021 01:04:15.855,7.77507,7.77465,0.37,0.85
03.08.2021 01:04:16.478,7.77507,7.77472,0.37,0.37
03.08.2021 01:04:19.290,7.775060000000001,7.774730000000001,0.37,0.37
03.08.2021 01:04:20.499,7.775060000000001,7.7747399999999995,0.37,0.37
03.08.2021 01:04:21.348,7.775060000000001,7.7747,0.37,0.47
03.08.2021 01:04:22.411,7.77504,7.77475,0.75,0.75
03.08.2021 01:04:26.125,7.775030000000001,7.77475,0.75,0.75
03.08.2021 01:04:26.238,7.77504,7.77475,0.75,0.75
03.08.2021 01:04:30.716,7.775030000000001,7.77475,0.75,0.75
03.08.2021 01:04:48.137,7.775030000000001,7.7747399999999995,0.75,0.37
03.08.2021 01:04:54.428,7.77504,7.77475,0.75,0.75
03.08.2021 01:05:00.209,7.77504,7.77475,0.75,0.85
03.08.2021 01:05:00.310,7.77504,7.77475,0.75,0.85
03.08.2021 01:05:00.442,7.77504,7.77475,0.75,0.85
03.08.2021 01:05:14.501,7.77504,7.774789999999999,0.75,0.45
03.08.2021 01:05:18.349,7.77504,7.774780000000001,0.75,0.45
03.08.2021 01:05:19.981,7.775060000000001,7.774760000000001,0.37,0.47
03.08.2021 01:05:20.452,7.775080000000001,7.77477,0.37,0.47
03.08.2021 01:05:21.414,7.77507,7.774780000000001,0.37,0.45
03.08.2021 01:05:30.617,7.77504,7.774780000000001,0.75,0.45
03.08.2021 01:05:36.501,7.775030000000001,7.77475,0.75,0.82
03.08.2021 01:05:41.703,7.775030000000001,7.77472,0.75,1.2
03.08.2021 01:05:54.057,7.775030000000001,7.77475,0.75,0.75
03.08.2021 01:05:59.034,7.77504,7.77475,0.75,0.75
03.08.2021 01:06:18.789,7.775030000000001,7.774810000000001,0.75,0.75
03.08.2021 01:06:57.665,7.7751,7.774810000000001,0.75,0.75
03.08.2021 01:06:57.715,7.775080000000001,7.774810000000001,0.75,0.75
03.08.2021 01:06:57.766,7.7751,7.774810000000001,0.75,0.75
03.08.2021 01:06:58.346,7.775030000000001,7.774810000000001,0.75,0.75
03.08.2021 01:07:20.654,7.775030000000001,7.77482,0.75,0.37
03.08.2021 01:07:22.656,7.775030000000001,7.774830000000001,0.75,0.37
03.08.2021 01:07:23.658,7.775030000000001,7.77484,0.75,0.37
03.08.2021 01:07:25.507,7.775060000000001,7.77484,0.37,0.37
03.08.2021 01:07:30.963,7.775060000000001,7.774710000000001,0.37,1.57
03.08.2021 01:07:31.014,7.775,7.774710000000001,0.75,1.5
03.08.2021 01:07:33.303,7.77497,7.7747,0.75,0.75
03.08.2021 01:07:34.058,7.775,7.774710000000001,0.75,0.75
03.08.2021 01:07:39.018,7.775030000000001,7.77475,0.75,0.75
03.08.2021 01:07:58.824,7.775030000000001,7.7747399999999995,0.75,0.37
03.08.2021 01:07:59.073,7.775030000000001,7.77475,0.75,0.37
03.08.2021 01:08:09.191,7.77504,7.77475,0.75,1.12
03.08.2021 01:08:19.228,7.775060000000001,7.774810000000001,0.37,0.75
03.08.2021 01:08:20.775,7.77507,7.774810000000001,0.37,0.75
03.08.2021 01:08:25.786,7.775080000000001,7.774810000000001,0.37,1.12
03.08.2021 01:08:27.880,7.77509,7.77482,0.37,0.37
03.08.2021 01:08:28.178,7.775080000000001,7.774810000000001,0.37,0.75
03.08.2021 01:08:28.501,7.775080000000001,7.774789999999999,0.37,0.37
03.08.2021 01:08:29.195,7.77507,7.774789999999999,0.37,0.37
03.08.2021 01:08:33.371,7.775060000000001,7.77475,0.37,1.22
03.08.2021 01:08:38.653,7.775060000000001,7.77475,0.37,1.22
03.08.2021 01:08:40.140,7.775080000000001,7.77482,0.37,0.37
03.08.2021 01:08:41.814,7.77509,7.774810000000001,0.37,0.37
03.08.2021 01:08:43.819,7.775080000000001,7.774810000000001,0.37,0.37
03.08.2021 01:08:50.835,7.775080000000001,7.77482,1.12,0.37
03.08.2021 01:08:55.845,7.77507,7.774830000000001,0.37,0.37
03.08.2021 01:08:57.851,7.775060000000001,7.77484,0.37,0.37
03.08.2021 01:09:00.938,7.775080000000001,7.77482,0.37,1.12
03.08.2021 01:09:06.865,7.7751,7.77482,1.12,0.75
03.08.2021 01:09:22.837,7.775060000000001,7.77482,0.37,0.75
03.08.2021 01:09:22.948,7.7751,7.77482,0.75,0.75
03.08.2021 01:09:25.918,7.7751,7.774810000000001,0.75,0.75
03.08.2021 01:09:32.979,7.775080000000001,7.774810000000001,0.37,0.75
03.08.2021 01:09:33.978,7.77507,7.774810000000001,0.37,0.75
03.08.2021 01:09:34.982,7.775060000000001,7.774810000000001,0.37,0.75
03.08.2021 01:09:36.177,7.7751,7.774810000000001,0.75,0.75
03.08.2021 01:09:46.558,7.7751399999999995,7.774850000000001,0.75,0.75
03.08.2021 01:09:46.659,7.77524,7.774960000000001,0.75,0.75
03.08.2021 01:09:46.762,7.775200000000001,7.774850000000001,0.75,2.35
03.08.2021 01:09:46.981,7.7751600000000005,7.774860000000001,0.75,0.85
03.08.2021 01:09:47.132,7.7751600000000005,7.774860000000001,0.75,0.85
03.08.2021 01:09:48.090,7.7751600000000005,7.774860000000001,0.75,1.22
03.08.2021 01:09:49.007,7.7751600000000005,7.774860000000001,0.75,0.82
03.08.2021 01:09:49.297,7.77528,7.775,0.37,0.75
03.08.2021 01:09:49.398,7.77534,7.77505,0.75,0.75
03.08.2021 01:10:00.695,7.775410000000001,7.77498,0.37,0.45
03.08.2021 01:10:00.955,7.775410000000001,7.77498,0.37,0.47
03.08.2021 01:10:02.552,7.775430000000001,7.775,0.45,0.37
03.08.2021 01:10:08.517,7.77524,7.77497,0.75,0.45
03.08.2021 01:10:08.865,7.77524,7.7749500000000005,0.75,0.75
03.08.2021 01:10:09.498,7.77529,7.775,0.75,0.75
03.08.2021 01:10:23.138,7.77534,7.77505,0.75,0.75
03.08.2021 01:10:23.339,7.77529,7.775,0.75,0.85
03.08.2021 01:10:23.389,7.77529,7.775,0.75,0.75
03.08.2021 01:10:37.502,7.77529,7.775010000000001,1.12,0.37
03.08.2021 01:10:39.506,7.775260000000001,7.775030000000001,0.37,0.37
03.08.2021 01:10:40.514,7.775260000000001,7.77504,0.37,0.37
03.08.2021 01:10:44.378,7.775310000000001,7.775060000000001,0.37,0.75
03.08.2021 01:10:44.429,7.775360000000001,7.775060000000001,0.75,0.75
03.08.2021 01:10:44.859,7.775310000000001,7.775060000000001,0.37,0.75
03.08.2021 01:10:46.326,7.77532,7.77507,0.37,0.75
03.08.2021 01:10:47.827,7.77533,7.77507,0.37,0.75
03.08.2021 01:10:50.124,7.77533,7.775110000000001,0.37,0.75
03.08.2021 01:10:50.524,7.775380000000001,7.775110000000001,1.12,0.75
03.08.2021 01:10:57.003,7.77539,7.7751600000000005,0.37,0.75
03.08.2021 01:10:57.788,7.775430000000001,7.7751600000000005,0.37,0.75
03.08.2021 01:10:59.289,7.77544,7.7751600000000005,0.37,0.75
03.08.2021 01:11:06.194,7.775460000000001,7.7751600000000005,0.75,0.75
03.08.2021 01:11:06.244,7.7755,7.775210000000001,0.37,0.75
03.08.2021 01:11:07.694,7.77549,7.775210000000001,0.37,0.75
03.08.2021 01:11:30.602,7.775510000000001,7.775210000000001,0.75,0.75
03.08.2021 01:11:30.653,7.775530000000001,7.775260000000001,0.37,0.75
03.08.2021 01:11:32.103,7.7755399999999995,7.775260000000001,0.37,0.75
03.08.2021 01:11:41.285,7.775530000000001,7.775260000000001,0.37,0.75
03.08.2021 01:11:42.587,7.775530000000001,7.77528,0.37,0.75
03.08.2021 01:11:42.740,7.775530000000001,7.775260000000001,0.37,0.75
03.08.2021 01:11:52.362,7.77547,7.775260000000001,0.37,0.75
03.08.2021 01:11:52.470,7.77547,7.775250000000001,0.37,0.75
03.08.2021 01:11:53.334,7.775530000000001,7.775250000000001,0.37,0.75
03.08.2021 01:12:53.834,7.7755399999999995,7.775250000000001,0.75,0.75
03.08.2021 01:14:19.383,7.77547,7.775250000000001,0.37,0.75
03.08.2021 01:14:19.433,7.77547,7.775200000000001,0.37,0.75
03.08.2021 01:14:19.635,7.77544,7.77515,0.75,0.75
03.08.2021 01:14:20.735,7.775430000000001,7.77515,0.37,0.75
03.08.2021 01:14:23.002,7.77544,7.77515,0.75,0.75
03.08.2021 01:14:23.052,7.775480000000001,7.775200000000001,0.47,0.75
03.08.2021 01:14:23.153,7.775480000000001,7.775200000000001,1.12,0.75
03.08.2021 01:14:24.059,7.77544,7.77515,0.75,0.75
03.08.2021 01:14:24.206,7.775430000000001,7.77515,0.37,0.75
03.08.2021 01:14:42.834,7.77544,7.77515,1.12,0.75
03.08.2021 01:15:09.287,7.77544,7.77509,0.37,0.37
03.08.2021 01:15:09.767,7.77544,7.77512,0.37,0.75
03.08.2021 01:15:13.679,7.77544,7.77515,1.12,0.75
03.08.2021 01:15:25.047,7.775430000000001,7.77515,0.37,0.75
03.08.2021 01:15:58.284,7.775430000000001,7.7751600000000005,0.37,0.75
03.08.2021 01:16:15.487,7.7754,7.7751600000000005,0.37,0.75
03.08.2021 01:16:15.537,7.77532,7.775030000000001,0.75,0.75
03.08.2021 01:16:15.638,7.77532,7.775010000000001,0.85,0.75
03.08.2021 01:16:15.979,7.7753000000000005,7.775010000000001,0.37,0.75
03.08.2021 01:16:32.735,7.7753000000000005,7.775,0.37,0.37
03.08.2021 01:16:35.229,7.77533,7.7750200000000005,0.45,0.37
03.08.2021 01:16:36.629,7.77529,7.7750200000000005,0.37,0.37
03.08.2021 01:16:36.779,7.77529,7.775030000000001,0.37,0.37
03.08.2021 01:16:38.154,7.77529,7.77504,0.37,0.37
03.08.2021 01:16:55.816,7.77529,7.775010000000001,0.37,1.12
03.08.2021 01:17:00.204,7.77529,7.77499,0.37,0.37
03.08.2021 01:17:01.831,7.77529,7.775,0.37,0.37
03.08.2021 01:17:03.833,7.77529,7.775010000000001,0.37,0.37
03.08.2021 01:17:11.500,7.77529,7.7750200000000005,0.37,0.37
03.08.2021 01:17:17.900,7.77528,7.7750200000000005,0.75,0.37
03.08.2021 01:17:22.872,7.77528,7.77504,0.75,0.37
03.08.2021 01:17:23.797,7.77528,7.77505,0.75,0.37
03.08.2021 01:17:24.759,7.77528,7.775010000000001,0.75,0.75
03.08.2021 01:17:25.071,7.77529,7.775010000000001,0.37,0.75
03.08.2021 01:17:26.275,7.77528,7.775010000000001,0.75,0.75
03.08.2021 01:17:27.684,7.77527,7.775010000000001,0.37,0.75
03.08.2021 01:17:27.735,7.77527,7.774960000000001,1.12,0.75
03.08.2021 01:17:29.185,7.77524,7.774960000000001,0.37,0.75
03.08.2021 01:17:36.763,7.77524,7.7749500000000005,0.37,0.37
03.08.2021 01:17:36.813,7.77524,7.77493,0.37,0.37
03.08.2021 01:17:38.905,7.77524,7.77492,0.37,0.37
03.08.2021 01:17:44.907,7.775250000000001,7.77492,0.37,0.37
03.08.2021 01:17:44.957,7.775250000000001,7.775010000000001,0.37,0.75
03.08.2021 01:17:46.407,7.77528,7.775010000000001,0.37,0.75
03.08.2021 01:18:07.913,7.77528,7.775,0.37,0.37
03.08.2021 01:18:08.016,7.77529,7.775010000000001,0.37,0.37
03.08.2021 01:18:08.963,7.77529,7.775,0.37,0.37
03.08.2021 01:18:11.025,7.77529,7.775010000000001,0.37,0.37
03.08.2021 01:18:12.969,7.77529,7.7750200000000005,0.37,0.37
03.08.2021 01:18:13.971,7.77529,7.775010000000001,0.75,0.37
03.08.2021 01:18:23.051,7.77527,7.7750200000000005,0.37,0.37
03.08.2021 01:18:24.052,7.775260000000001,7.77504,0.37,0.37
03.08.2021 01:18:28.549,7.775260000000001,7.775010000000001,0.37,0.75
03.08.2021 01:18:28.650,7.775260000000001,7.77497,0.37,0.75
03.08.2021 01:18:29.018,7.775260000000001,7.77499,0.37,0.37
03.08.2021 01:18:33.015,7.77528,7.775010000000001,0.37,0.37
03.08.2021 01:18:40.178,7.77529,7.775010000000001,0.75,0.37
03.08.2021 01:18:44.195,7.77527,7.775030000000001,0.37,0.37
03.08.2021 01:18:45.196,7.775260000000001,7.775030000000001,0.37,0.37
03.08.2021 01:18:48.202,7.775260000000001,7.77504,0.37,0.37
03.08.2021 01:18:57.065,7.775250000000001,7.77505,0.37,0.37
03.08.2021 01:19:43.074,7.775250000000001,7.775110000000001,0.37,0.75
03.08.2021 01:19:43.124,7.77533,7.775110000000001,0.37,0.75
03.08.2021 01:19:43.225,7.775310000000001,7.775010000000001,0.75,0.75
03.08.2021 01:19:44.376,7.77529,7.775010000000001,0.37,0.75
03.08.2021 01:20:03.590,7.77529,7.77497,0.37,0.37
03.08.2021 01:20:07.377,7.7753000000000005,7.77497,0.37,0.37
03.08.2021 01:20:07.428,7.7753000000000005,7.775060000000001,0.37,0.75
03.08.2021 01:20:07.579,7.7753000000000005,7.77507,0.37,0.75
03.08.2021 01:20:08.394,7.775360000000001,7.77507,1.12,0.75
03.08.2021 01:20:22.451,7.77537,7.775110000000001,0.37,0.75
03.08.2021 01:20:23.901,7.77539,7.775110000000001,0.37,0.75
03.08.2021 01:20:35.270,7.77535,7.775110000000001,0.37,0.75
03.08.2021 01:20:35.320,7.77535,7.775060000000001,0.37,1.12
03.08.2021 01:20:35.623,7.7753000000000005,7.7750200000000005,0.75,0.37
03.08.2021 01:20:36.214,7.77529,7.7750200000000005,0.37,0.37
03.08.2021 01:20:37.762,7.77529,7.775010000000001,0.37,0.75
03.08.2021 01:20:47.730,7.77529,7.7750200000000005,0.37,0.37
03.08.2021 01:20:51.744,7.77529,7.775030000000001,0.75,0.37
03.08.2021 01:20:53.716,7.77529,7.775010000000001,0.37,0.75
03.08.2021 01:21:08.254,7.77528,7.775010000000001,0.75,0.37
03.08.2021 01:21:09.907,7.775250000000001,7.775010000000001,0.75,0.37
03.08.2021 01:21:10.871,7.775250000000001,7.775,0.75,0.37
03.08.2021 01:21:11.882,7.775250000000001,7.775010000000001,0.75,0.37
03.08.2021 01:21:20.980,7.775250000000001,7.775,0.75,0.37
03.08.2021 01:21:24.421,7.775250000000001,7.77497,2.25,0.37
03.08.2021 01:21:42.733,7.775200000000001,7.77497,0.75,0.37
03.08.2021 01:21:42.783,7.775200000000001,7.774910000000001,1.12,0.75
03.08.2021 01:21:43.219,7.775189999999999,7.774910000000001,0.37,0.75
03.08.2021 01:21:45.066,7.775180000000001,7.774910000000001,0.75,1.12
03.08.2021 01:21:45.406,7.775180000000001,7.77492,0.75,0.37
03.08.2021 01:21:46.853,7.775180000000001,7.77493,0.75,0.37
03.08.2021 01:21:51.462,7.7751600000000005,7.77493,0.37,0.37
03.08.2021 01:21:51.512,7.77515,7.774860000000001,0.75,1.12
03.08.2021 01:21:51.613,7.77515,7.774900000000001,0.75,0.37
03.08.2021 01:21:52.743,7.77515,7.77487,0.75,0.37
03.08.2021 01:21:52.962,7.7751399999999995,7.77487,0.37,0.37
03.08.2021 01:21:54.762,7.7751399999999995,7.7748800000000005,0.37,0.37
03.08.2021 01:21:58.813,7.7751399999999995,7.774900000000001,0.37,0.37
03.08.2021 01:21:59.018,7.775080000000001,7.774860000000001,0.75,0.75
03.08.2021 01:22:00.507,7.77509,7.774860000000001,0.37,0.75
03.08.2021 01:22:09.912,7.775130000000001,7.774860000000001,0.37,0.75
03.08.2021 01:22:10.013,7.775130000000001,7.774789999999999,0.37,0.37
03.08.2021 01:22:10.063,7.775080000000001,7.774789999999999,0.75,0.47
03.08.2021 01:22:10.787,7.775130000000001,7.774789999999999,0.37,0.47
03.08.2021 01:22:10.888,7.775130000000001,7.774789999999999,0.37,0.45
03.08.2021 01:22:10.938,7.775130000000001,7.77482,0.37,0.75
03.08.2021 01:22:19.998,7.775080000000001,7.77482,0.75,0.75
03.08.2021 01:22:20.149,7.775080000000001,7.774810000000001,1.5,0.75
03.08.2021 01:22:23.177,7.77505,7.77477,1.12,0.37
03.08.2021 01:22:23.346,7.77505,7.774760000000001,1.12,0.75
03.08.2021 01:22:24.632,7.77504,7.774760000000001,0.37,0.75
03.08.2021 01:22:34.917,7.77505,7.774760000000001,1.12,0.75
03.08.2021 01:22:34.968,7.77505,7.774810000000001,0.37,0.75
03.08.2021 01:22:35.069,7.77505,7.774760000000001,1.12,0.75
03.08.2021 01:22:36.417,7.77504,7.774760000000001,0.37,0.75
03.08.2021 01:22:59.627,7.77504,7.774810000000001,0.37,0.75
03.08.2021 01:22:59.728,7.77505,7.774810000000001,0.37,0.75
03.08.2021 01:23:00.569,7.77505,7.774760000000001,1.12,0.75
03.08.2021 01:23:00.619,7.77505,7.774810000000001,0.37,0.75
03.08.2021 01:23:01.078,7.7751,7.774810000000001,0.75,0.75
03.08.2021 01:23:13.497,7.775,7.774710000000001,0.75,0.75
03.08.2021 01:23:13.769,7.77499,7.774710000000001,0.37,0.75
03.08.2021 01:23:21.008,7.775,7.774710000000001,0.75,0.75
03.08.2021 01:23:21.120,7.775030000000001,7.774760000000001,0.37,0.75
03.08.2021 01:23:22.509,7.77504,7.774760000000001,0.37,0.75
03.08.2021 01:23:25.937,7.77504,7.7748,0.37,0.75
03.08.2021 01:23:25.988,7.77504,7.77475,0.37,0.75
03.08.2021 01:23:27.388,7.77505,7.77475,0.75,0.75
03.08.2021 01:23:38.331,7.77504,7.77475,0.37,0.75
03.08.2021 01:23:48.612,7.77504,7.774680000000001,0.37,0.85
03.08.2021 01:23:51.094,7.77504,7.77469,0.37,0.37
03.08.2021 01:23:56.020,7.77504,7.77475,0.37,0.75
03.08.2021 01:24:11.471,7.77504,7.774760000000001,0.37,0.75
03.08.2021 01:24:36.303,7.77498,7.774760000000001,0.37,0.75
03.08.2021 01:24:36.354,7.77498,7.774710000000001,0.37,0.75
03.08.2021 01:24:37.804,7.77499,7.774710000000001,0.37,0.75
03.08.2021 01:24:54.015,7.77499,7.774680000000001,0.37,0.75
03.08.2021 01:25:00.504,7.77499,7.774710000000001,0.37,0.75
03.08.2021 01:25:11.247,7.77492,7.774630000000001,0.75,0.85
03.08.2021 01:25:11.298,7.77492,7.774630000000001,0.75,0.82
03.08.2021 01:25:11.770,7.77487,7.774630000000001,0.75,0.75
03.08.2021 01:25:11.920,7.77482,7.774510000000001,0.75,0.75
03.08.2021 01:25:12.071,7.774780000000001,7.774510000000001,0.37,0.75
03.08.2021 01:25:13.000,7.774780000000001,7.774500000000001,0.37,0.75
03.08.2021 01:25:13.598,7.77477,7.774500000000001,0.37,0.75
03.08.2021 01:25:18.922,7.774780000000001,7.774500000000001,0.37,0.75
03.08.2021 01:25:24.592,7.774780000000001,7.7743899999999995,0.37,0.75
03.08.2021 01:25:28.548,7.7747399999999995,7.774430000000001,0.75,0.75
03.08.2021 01:25:30.042,7.774730000000001,7.774430000000001,0.37,0.75
03.08.2021 01:25:33.912,7.77469,7.774380000000001,0.75,0.75
03.08.2021 01:25:37.248,7.77467,7.774380000000001,0.37,0.75
03.08.2021 01:25:38.702,7.77469,7.774380000000001,1.12,0.75
03.08.2021 01:25:45.468,7.77464,7.774380000000001,0.37,0.75
03.08.2021 01:25:45.518,7.77459,7.774280000000001,0.75,0.75
03.08.2021 01:25:46.268,7.77458,7.774280000000001,0.37,0.75
03.08.2021 01:25:46.936,7.77459,7.774280000000001,1.12,0.75
03.08.2021 01:25:51.112,7.77458,7.774280000000001,0.37,0.75
03.08.2021 01:25:51.213,7.77454,7.774230000000001,0.75,1.12
03.08.2021 01:25:59.342,7.77449,7.77418,0.75,1.12
03.08.2021 01:26:00.006,7.7744800000000005,7.77418,0.37,0.75
03.08.2021 01:26:01.495,7.77449,7.77418,0.75,0.75
03.08.2021 01:26:03.191,7.7744800000000005,7.77418,0.37,0.75
03.08.2021 01:26:03.242,7.77442,7.7740800000000005,0.75,0.75
03.08.2021 01:26:03.292,7.7743899999999995,7.7740800000000005,0.75,0.75
03.08.2021 01:26:03.393,7.774310000000001,7.774030000000001,0.37,1.12
03.08.2021 01:26:04.688,7.77434,7.774030000000001,1.12,0.75
03.08.2021 01:26:07.567,7.77429,7.773980000000001,0.75,0.75
03.08.2021 01:26:08.080,7.77424,7.773930000000001,0.75,0.75
03.08.2021 01:26:12.402,7.774260000000001,7.773980000000001,0.37,0.75
03.08.2021 01:26:13.255,7.77429,7.773980000000001,0.75,0.75
03.08.2021 01:26:13.355,7.774310000000001,7.774030000000001,0.37,0.75
03.08.2021 01:26:14.011,7.77434,7.774030000000001,0.75,0.75
03.08.2021 01:26:21.057,7.77437,7.7740800000000005,0.37,0.75
03.08.2021 01:26:22.151,7.7743899999999995,7.7740800000000005,0.75,0.75
03.08.2021 01:26:22.927,7.774410000000001,7.77418,0.37,0.75
03.08.2021 01:26:22.978,7.77449,7.77418,0.75,0.75
03.08.2021 01:26:33.491,7.77452,7.774230000000001,0.37,0.75
03.08.2021 01:26:34.973,7.77454,7.774230000000001,0.75,0.75
03.08.2021 01:26:35.284,7.77449,7.77418,0.75,0.75
03.08.2021 01:26:53.970,7.77447,7.7742,0.75,0.75
03.08.2021 01:26:55.827,7.774439999999999,7.774150000000001,0.75,0.75
03.08.2021 01:27:11.829,7.77449,7.7742,0.37,0.75
03.08.2021 01:27:13.279,7.774500000000001,7.7742,0.75,0.75
03.08.2021 01:27:33.816,7.774510000000001,7.77414,0.37,0.37
03.08.2021 01:27:41.977,7.774500000000001,7.7742,0.75,0.75
03.08.2021 01:27:53.142,7.77452,7.77425,0.37,0.75
03.08.2021 01:27:54.236,7.7745500000000005,7.77425,0.75,0.75
03.08.2021 01:28:10.737,7.774560000000001,7.77417,0.37,0.37
03.08.2021 01:28:10.838,7.77452,7.77417,0.37,0.37
03.08.2021 01:28:10.995,7.774500000000001,7.7742,0.75,0.75
03.08.2021 01:28:16.937,7.77449,7.7742,0.37,0.75
03.08.2021 01:28:16.988,7.774450000000001,7.774150000000001,0.75,0.75
03.08.2021 01:29:11.337,7.774439999999999,7.77414,0.75,0.75
03.08.2021 01:29:11.388,7.774460000000001,7.77419,0.37,0.75
03.08.2021 01:29:11.589,7.774460000000001,7.774060000000001,0.37,0.75
03.08.2021 01:29:12.209,7.77452,7.774060000000001,0.37,0.75
03.08.2021 01:29:16.910,7.77452,7.774050000000001,0.37,0.75
03.08.2021 01:29:41.645,7.77452,7.774030000000001,0.37,0.37
03.08.2021 01:30:03.158,7.77452,7.774039999999999,0.37,0.75
03.08.2021 01:30:04.428,7.77452,7.77407,0.37,0.37
03.08.2021 01:30:05.412,7.77452,7.774039999999999,0.37,1.12
03.08.2021 01:30:15.156,7.77452,7.774060000000001,0.37,0.37
03.08.2021 01:30:16.163,7.77452,7.774050000000001,0.37,0.37
03.08.2021 01:30:18.455,7.774630000000001,7.774050000000001,0.47,0.37
03.08.2021 01:30:19.437,7.77462,7.774039999999999,0.47,1.12
03.08.2021 01:30:20.443,7.774610000000001,7.774050000000001,0.45,0.37
03.08.2021 01:30:22.187,7.774610000000001,7.774039999999999,0.45,1.12
03.08.2021 01:30:24.195,7.774610000000001,7.774050000000001,0.45,0.37
03.08.2021 01:30:25.200,7.774610000000001,7.774039999999999,0.45,1.12
03.08.2021 01:30:28.212,7.774610000000001,7.774050000000001,0.45,0.37
03.08.2021 01:30:29.214,7.774610000000001,7.774039999999999,0.45,1.12
03.08.2021 01:30:31.217,7.774610000000001,7.774050000000001,0.45,0.37
03.08.2021 01:30:33.219,7.774610000000001,7.774039999999999,0.45,1.12
03.08.2021 01:30:35.231,7.774610000000001,7.774050000000001,0.45,0.37
03.08.2021 01:30:35.744,7.774610000000001,7.774050000000001,0.47,0.37
03.08.2021 01:30:36.238,7.774610000000001,7.774039999999999,0.47,1.12
03.08.2021 01:30:38.203,7.774610000000001,7.774039999999999,0.45,0.37
03.08.2021 01:30:38.453,7.774610000000001,7.774039999999999,0.47,0.37
03.08.2021 01:30:39.243,7.774610000000001,7.774050000000001,0.47,0.37
03.08.2021 01:30:40.247,7.774610000000001,7.774039999999999,0.47,0.37
03.08.2021 01:30:42.256,7.774610000000001,7.774050000000001,0.47,0.37
03.08.2021 01:30:44.266,7.774610000000001,7.774039999999999,0.47,0.37
03.08.2021 01:30:46.205,7.774610000000001,7.774039999999999,0.45,0.37
03.08.2021 01:30:46.494,7.77467,7.774030000000001,0.47,0.37
03.08.2021 01:31:08.673,7.77467,7.774030000000001,0.47,0.47
03.08.2021 01:31:12.803,7.77453,7.774030000000001,0.37,0.47
03.08.2021 01:31:14.222,7.77453,7.774030000000001,0.37,0.45
03.08.2021 01:31:22.318,7.77453,7.77409,0.37,0.37
03.08.2021 01:31:24.573,7.77453,7.774100000000001,0.75,0.37
03.08.2021 01:31:28.756,7.77453,7.77409,0.37,0.37
03.08.2021 01:31:32.762,7.77453,7.774039999999999,0.37,0.37
03.08.2021 01:31:39.392,7.77454,7.77407,0.37,0.75
03.08.2021 01:31:39.544,7.77454,7.774060000000001,0.37,0.75
03.08.2021 01:31:40.835,7.77459,7.774060000000001,0.37,0.75
03.08.2021 01:31:44.566,7.774610000000001,7.774060000000001,0.37,0.75
03.08.2021 01:31:44.617,7.774610000000001,7.77417,0.37,0.75
03.08.2021 01:31:44.718,7.774610000000001,7.7743,0.37,0.75
03.08.2021 01:31:44.834,7.774630000000001,7.7743,0.75,0.75
03.08.2021 01:31:45.458,7.77459,7.7743,0.37,0.75
03.08.2021 01:31:45.508,7.77458,7.77425,0.75,0.75
03.08.2021 01:31:45.559,7.77459,7.7743,0.37,0.75
03.08.2021 01:31:45.811,7.774630000000001,7.7743,0.75,0.75
03.08.2021 01:31:50.789,7.77464,7.77434,0.75,0.75
03.08.2021 01:31:56.955,7.77464,7.774310000000001,0.75,0.75
03.08.2021 01:32:15.566,7.77469,7.7743899999999995,0.37,0.75
03.08.2021 01:32:15.872,7.774730000000001,7.7743899999999995,0.75,0.75
03.08.2021 01:32:28.002,7.77477,7.774330000000001,0.37,0.75
03.08.2021 01:32:28.203,7.774789999999999,7.77449,0.37,0.75
03.08.2021 01:32:28.304,7.7748800000000005,7.77454,0.75,0.75
03.08.2021 01:32:28.414,7.77493,7.77459,0.75,0.75
03.08.2021 01:32:28.565,7.7749500000000005,7.77447,0.37,0.75
03.08.2021 01:32:28.716,7.7749500000000005,7.774460000000001,0.37,0.75
03.08.2021 01:32:28.783,7.7749500000000005,7.7744800000000005,0.37,0.75
03.08.2021 01:32:28.912,7.775030000000001,7.7744800000000005,0.37,0.75
03.08.2021 01:32:39.367,7.775030000000001,7.77447,0.37,1.5
03.08.2021 01:32:41.192,7.775030000000001,7.7744800000000005,0.37,0.75
03.08.2021 01:32:41.243,7.77493,7.77458,0.75,0.75
03.08.2021 01:32:56.937,7.7748800000000005,7.77454,0.75,0.37
03.08.2021 01:32:57.131,7.7748800000000005,7.77453,0.75,0.75
03.08.2021 01:33:16.687,7.774960000000001,7.77453,0.37,0.37
03.08.2021 01:33:27.161,7.7748800000000005,7.77453,0.75,1.12
03.08.2021 01:33:51.064,7.7748800000000005,7.774560000000001,0.75,0.37
03.08.2021 01:33:51.821,7.77498,7.77462,1.12,0.75
03.08.2021 01:33:52.079,7.77498,7.774630000000001,0.75,0.37
03.08.2021 01:33:59.359,7.77498,7.774660000000001,0.75,0.37
03.08.2021 01:34:02.373,7.77498,7.77467,0.75,0.37
03.08.2021 01:34:03.377,7.77498,7.774660000000001,0.75,0.37
03.08.2021 01:34:05.387,7.77498,7.77467,0.75,0.37
03.08.2021 01:34:06.390,7.77498,7.774660000000001,0.75,0.37
03.08.2021 01:34:09.403,7.77498,7.77467,0.75,0.37
03.08.2021 01:34:10.406,7.77498,7.774660000000001,0.75,0.37
03.08.2021 01:34:13.417,7.77498,7.77467,0.75,0.37
03.08.2021 01:34:14.419,7.77498,7.774660000000001,0.75,0.37
03.08.2021 01:34:16.776,7.775,7.774660000000001,0.37,0.37
03.08.2021 01:34:16.924,7.775,7.77462,0.37,0.37
03.08.2021 01:34:18.194,7.775,7.77464,0.37,0.37
03.08.2021 01:34:20.398,7.775010000000001,7.77464,0.37,0.37
03.08.2021 01:34:22.000,7.77498,7.77464,0.75,0.37
03.08.2021 01:34:27.254,7.77498,7.77465,2.25,0.37
03.08.2021 01:34:30.112,7.77498,7.77462,2.25,0.75
03.08.2021 01:34:31.083,7.77497,7.77462,0.37,0.75
03.08.2021 01:34:31.137,7.77497,7.77465,0.37,0.75
03.08.2021 01:34:52.113,7.774960000000001,7.77465,0.37,0.75
03.08.2021 01:34:52.611,7.77498,7.77465,0.75,0.75
03.08.2021 01:35:00.134,7.77498,7.77462,0.75,0.75
03.08.2021 01:35:01.359,7.77498,7.77465,0.75,0.75
03.08.2021 01:35:27.206,7.77498,7.774630000000001,1.5,0.37
03.08.2021 01:35:28.064,7.77498,7.77464,2.25,0.37
03.08.2021 01:35:29.079,7.77498,7.774660000000001,2.25,0.37
03.08.2021 01:35:38.107,7.77498,7.774630000000001,2.62,0.75
03.08.2021 01:35:39.150,7.77497,7.774630000000001,0.37,0.75
03.08.2021 01:35:40.254,7.77498,7.774630000000001,2.25,0.75
03.08.2021 01:35:41.327,7.77498,7.77465,2.25,0.75
03.08.2021 01:35:41.636,7.77498,7.77467,2.25,0.75
03.08.2021 01:35:48.431,7.77497,7.77467,0.37,0.75
03.08.2021 01:35:51.393,7.77497,7.774660000000001,0.37,0.75
03.08.2021 01:35:51.494,7.77498,7.77472,0.75,0.75
03.08.2021 01:35:51.544,7.775030000000001,7.77472,0.75,0.75
03.08.2021 01:36:03.602,7.775080000000001,7.77475,0.75,2.25
03.08.2021 01:36:03.652,7.775080000000001,7.77482,0.75,0.37
03.08.2021 01:36:03.753,7.77509,7.77482,0.37,0.37
03.08.2021 01:36:04.134,7.77509,7.77477,0.37,0.37
03.08.2021 01:36:04.536,7.7751,7.77477,0.75,0.37
03.08.2021 01:36:08.149,7.7751,7.774789999999999,0.75,0.37
03.08.2021 01:36:18.164,7.7751,7.774780000000001,0.75,0.37
03.08.2021 01:36:19.172,7.7751,7.774789999999999,0.75,0.37
03.08.2021 01:36:20.696,7.7751,7.774830000000001,0.75,0.37
03.08.2021 01:36:27.722,7.7751,7.774810000000001,0.75,0.37
03.08.2021 01:36:28.941,7.775130000000001,7.774910000000001,0.75,0.75
03.08.2021 01:36:29.070,7.7751399999999995,7.77492,0.75,0.75
03.08.2021 01:36:35.514,7.775200000000001,7.77492,0.75,0.75
03.08.2021 01:36:36.932,7.77528,7.77493,1.12,2.25
03.08.2021 01:36:36.983,7.7753000000000005,7.77498,0.37,0.75
03.08.2021 01:36:37.294,7.77533,7.77498,0.75,0.75
03.08.2021 01:36:40.327,7.775380000000001,7.775030000000001,0.75,0.75
03.08.2021 01:36:41.186,7.775380000000001,7.775,0.75,0.75
03.08.2021 01:36:41.237,7.775380000000001,7.77498,0.75,0.75
03.08.2021 01:36:41.287,7.77533,7.77498,0.75,0.75
03.08.2021 01:36:53.122,7.77537,7.7749500000000005,0.37,0.82
03.08.2021 01:36:54.572,7.775380000000001,7.7749500000000005,0.37,0.82
03.08.2021 01:36:58.726,7.77539,7.7749500000000005,0.37,0.82
03.08.2021 01:36:58.776,7.77534,7.7750200000000005,0.75,0.75
03.08.2021 01:37:08.667,7.77529,7.77497,0.75,0.75
03.08.2021 01:37:29.526,7.77524,7.77492,0.75,0.75
03.08.2021 01:37:29.675,7.775189999999999,7.77487,0.75,0.75
03.08.2021 01:37:29.776,7.775200000000001,7.77492,0.37,0.75
03.08.2021 01:37:30.050,7.77524,7.77492,0.75,0.75
03.08.2021 01:37:40.727,7.775189999999999,7.77487,0.75,0.75
03.08.2021 01:37:41.365,7.775189999999999,7.774900000000001,0.75,0.37
03.08.2021 01:37:42.332,7.775189999999999,7.77489,0.75,0.37
03.08.2021 01:37:44.339,7.775189999999999,7.7748800000000005,0.75,0.37
03.08.2021 01:37:45.372,7.775189999999999,7.77487,0.75,0.75
03.08.2021 01:37:46.343,7.775189999999999,7.7748800000000005,0.75,0.37
03.08.2021 01:37:47.229,7.77524,7.77492,0.75,0.75
03.08.2021 01:37:49.333,7.77529,7.77497,1.12,0.75
03.08.2021 01:37:55.364,7.77527,7.77497,0.37,0.75
03.08.2021 01:37:56.724,7.775260000000001,7.77497,0.37,0.75
03.08.2021 01:37:59.562,7.77524,7.77492,0.75,0.75
03.08.2021 01:37:59.612,7.77529,7.77497,1.12,0.75
03.08.2021 01:38:08.966,7.77524,7.77492,0.75,0.75
03.08.2021 01:38:12.422,7.775189999999999,7.77487,0.75,0.75
03.08.2021 01:38:12.573,7.77524,7.77492,0.75,0.75
03.08.2021 01:38:15.477,7.775189999999999,7.77487,0.75,0.75
03.08.2021 01:38:17.523,7.7751399999999995,7.77482,0.75,0.75
03.08.2021 01:38:19.094,7.775189999999999,7.77487,0.75,0.75
03.08.2021 01:38:24.787,7.7751399999999995,7.77482,0.75,0.75
03.08.2021 01:38:34.795,7.7751399999999995,7.774830000000001,0.75,0.37
03.08.2021 01:38:37.497,7.77509,7.774830000000001,0.75,0.37
03.08.2021 01:38:37.548,7.77509,7.77475,0.75,0.75
03.08.2021 01:38:45.415,7.77509,7.77477,0.75,0.37
03.08.2021 01:38:46.417,7.77509,7.774789999999999,0.75,0.37
03.08.2021 01:38:57.904,7.775130000000001,7.774789999999999,0.37,0.37
03.08.2021 01:38:58.488,7.775130000000001,7.7748,0.37,0.37
03.08.2021 01:39:02.308,7.775130000000001,7.77472,0.37,0.75
03.08.2021 01:39:05.954,7.7751,7.77472,0.37,0.37
03.08.2021 01:39:06.546,7.7751,7.774730000000001,0.37,0.37
03.08.2021 01:39:07.506,7.7751,7.77475,0.37,0.37
03.08.2021 01:39:07.627,7.77509,7.77475,0.75,1.12
03.08.2021 01:39:18.531,7.77509,7.774760000000001,0.75,0.37
03.08.2021 01:39:30.553,7.77509,7.77475,1.12,0.75
03.08.2021 01:40:00.762,7.7751399999999995,7.7748,1.12,0.75
03.08.2021 01:40:08.325,7.775180000000001,7.774850000000001,0.37,0.75
03.08.2021 01:40:08.476,7.775189999999999,7.774850000000001,0.75,0.75
03.08.2021 01:40:13.639,7.775189999999999,7.774860000000001,1.12,0.37
03.08.2021 01:40:16.645,7.775180000000001,7.774860000000001,0.37,0.37
03.08.2021 01:40:18.926,7.7752300000000005,7.774900000000001,0.37,0.75
03.08.2021 01:40:19.777,7.77524,7.774900000000001,0.75,2.25
03.08.2021 01:40:35.882,7.775189999999999,7.774850000000001,0.75,0.75
03.08.2021 01:40:55.007,7.7751399999999995,7.7748,0.75,0.75
03.08.2021 01:41:18.879,7.77515,7.774780000000001,0.37,0.37
03.08.2021 01:41:19.773,7.77515,7.774789999999999,0.37,0.37
03.08.2021 01:41:25.125,7.7751399999999995,7.7748,0.75,0.75
03.08.2021 01:41:42.121,7.775180000000001,7.774900000000001,0.37,0.75
03.08.2021 01:41:42.313,7.77524,7.774900000000001,0.75,0.75
03.08.2021 01:41:42.584,7.77528,7.77494,1.12,0.75
03.08.2021 01:41:42.685,7.77533,7.77499,0.75,0.75
03.08.2021 01:41:42.736,7.7754,7.774960000000001,1.5,0.75
03.08.2021 01:41:42.786,7.775380000000001,7.77504,0.75,0.75
03.08.2021 01:41:48.042,7.77539,7.77509,0.37,0.75
03.08.2021 01:41:48.092,7.775430000000001,7.77509,0.75,0.75
03.08.2021 01:41:49.545,7.77542,7.77509,0.37,0.75
03.08.2021 01:41:51.046,7.775410000000001,7.77509,0.37,0.75
03.08.2021 01:41:52.168,7.775430000000001,7.77509,0.75,0.75
03.08.2021 01:42:03.953,7.775480000000001,7.775080000000001,0.37,0.37
03.08.2021 01:42:18.062,7.775430000000001,7.77509,0.75,0.75
03.08.2021 01:43:07.317,7.775380000000001,7.77505,0.75,1.12
03.08.2021 01:43:07.467,7.77533,7.77505,0.75,0.37
03.08.2021 01:43:07.683,7.77533,7.77504,0.75,0.37
03.08.2021 01:43:08.434,7.77533,7.775010000000001,0.75,0.75
03.08.2021 01:43:12.643,7.77533,7.775,0.75,0.75
03.08.2021 01:43:13.001,7.77533,7.77507,0.75,0.37
03.08.2021 01:43:13.338,7.77533,7.7750200000000005,0.75,0.37
03.08.2021 01:43:14.280,7.77533,7.775,0.75,1.12
03.08.2021 01:43:15.283,7.77533,7.775010000000001,0.75,0.37
03.08.2021 01:43:17.292,7.77533,7.775,0.75,0.75
03.08.2021 01:43:23.482,7.77528,7.77498,0.75,0.75
03.08.2021 01:43:23.533,7.77528,7.774960000000001,0.75,0.75
03.08.2021 01:43:23.653,7.77528,7.77494,0.75,2.25
03.08.2021 01:43:53.497,7.775360000000001,7.77494,0.37,0.75
03.08.2021 01:43:53.801,7.77528,7.77494,0.75,2.25
03.08.2021 01:44:41.406,7.77535,7.77492,0.37,0.37
03.08.2021 01:44:53.205,7.77533,7.77492,0.37,0.37
03.08.2021 01:44:55.037,7.77533,7.775,0.37,0.37
03.08.2021 01:45:11.243,7.77535,7.77498,0.75,0.37
03.08.2021 01:45:39.272,7.775310000000001,7.77498,0.37,0.37
03.08.2021 01:45:39.322,7.775310000000001,7.7748800000000005,0.37,0.37
03.08.2021 01:45:42.901,7.775310000000001,7.77494,0.37,0.37
03.08.2021 01:45:43.903,7.775310000000001,7.7749500000000005,0.37,0.37
03.08.2021 01:45:45.230,7.775200000000001,7.7749500000000005,0.37,0.37
03.08.2021 01:45:46.314,7.775200000000001,7.77494,0.37,0.37
03.08.2021 01:45:49.379,7.775200000000001,7.77493,0.37,0.37
03.08.2021 01:45:52.341,7.775200000000001,7.77494,0.37,0.37
03.08.2021 01:45:53.327,7.775200000000001,7.7749500000000005,0.37,0.37
03.08.2021 01:45:54.377,7.77524,7.7749500000000005,0.37,0.37
03.08.2021 01:45:56.989,7.77528,7.7749500000000005,0.37,0.37
03.08.2021 01:45:57.039,7.77524,7.7749500000000005,0.75,0.37
03.08.2021 01:46:11.669,7.77528,7.7749500000000005,0.37,0.37
03.08.2021 01:46:19.881,7.77528,7.77484,0.37,0.47
03.08.2021 01:46:30.041,7.77524,7.7749500000000005,0.75,0.75
03.08.2021 01:46:44.777,7.77529,7.775,0.75,0.75
03.08.2021 01:46:44.968,7.77524,7.7749500000000005,0.75,0.75
03.08.2021 01:46:45.206,7.775250000000001,7.775,0.37,0.75
03.08.2021 01:46:46.058,7.77529,7.775,0.75,0.75
03.08.2021 01:47:04.169,7.7753000000000005,7.77493,0.37,0.37
03.08.2021 01:47:08.734,7.77529,7.77499,0.75,0.75
03.08.2021 01:47:42.092,7.7753000000000005,7.77492,0.37,0.37
03.08.2021 01:47:43.547,7.7753000000000005,7.774910000000001,0.37,0.37
03.08.2021 01:47:43.936,7.77529,7.77499,0.75,0.75
03.08.2021 01:47:51.564,7.775260000000001,7.77499,0.37,0.75
03.08.2021 01:47:54.259,7.77529,7.77499,0.75,0.75
03.08.2021 01:48:00.464,7.77522,7.77499,0.37,0.75
03.08.2021 01:48:04.589,7.775210000000001,7.77499,0.37,0.75
03.08.2021 01:48:43.210,7.77527,7.77499,0.37,0.75
03.08.2021 01:48:44.674,7.775260000000001,7.77499,0.37,0.75
03.08.2021 01:49:04.060,7.775260000000001,7.77498,0.37,0.75
03.08.2021 01:49:06.817,7.775250000000001,7.77498,0.37,0.75
03.08.2021 01:49:06.867,7.775200000000001,7.77498,0.37,0.75
03.08.2021 01:49:11.534,7.77529,7.77498,0.75,0.75
03.08.2021 01:49:28.032,7.77529,7.775,0.75,0.75
03.08.2021 01:49:59.251,7.77533,7.77505,0.75,0.75
03.08.2021 01:49:59.359,7.77534,7.77505,0.75,0.75
03.08.2021 01:50:00.311,7.77533,7.77505,0.37,0.75
03.08.2021 01:50:08.963,7.77534,7.77505,0.75,0.75
03.08.2021 01:50:09.262,7.77533,7.77499,0.75,1.12
03.08.2021 01:50:10.970,7.77533,7.7750200000000005,0.75,0.37
03.08.2021 01:50:17.793,7.77533,7.77499,0.75,1.12
03.08.2021 01:50:18.392,7.77533,7.77497,0.75,0.75
03.08.2021 01:50:18.443,7.77533,7.775,0.75,0.75
03.08.2021 01:50:18.946,7.77533,7.775010000000001,0.75,0.37
03.08.2021 01:50:23.139,7.77533,7.77499,0.75,0.37
03.08.2021 01:50:25.281,7.77533,7.775010000000001,0.75,0.37
03.08.2021 01:50:25.331,7.775380000000001,7.775010000000001,0.75,0.37
03.08.2021 01:50:26.781,7.775380000000001,7.775030000000001,0.75,0.37
03.08.2021 01:50:30.466,7.775380000000001,7.77505,0.75,0.37
03.08.2021 01:50:30.516,7.775430000000001,7.77505,0.75,2.62
03.08.2021 01:50:30.617,7.775430000000001,7.77507,0.75,0.75
03.08.2021 01:50:31.214,7.775430000000001,7.775110000000001,0.75,0.37
03.08.2021 01:50:36.051,7.775430000000001,7.77515,0.75,0.37
03.08.2021 01:50:36.102,7.775480000000001,7.77515,0.75,0.37
03.08.2021 01:50:37.551,7.775480000000001,7.775130000000001,0.75,0.37
03.08.2021 01:50:40.197,7.775480000000001,7.77512,1.12,0.37
03.08.2021 01:50:40.550,7.775480000000001,7.7751,1.12,2.25
03.08.2021 01:50:41.795,7.77547,7.7751,0.37,2.25
03.08.2021 01:50:46.822,7.775460000000001,7.7751,0.37,2.62
03.08.2021 01:50:47.018,7.77542,7.7751,0.75,0.37
03.08.2021 01:50:48.009,7.77542,7.775080000000001,0.75,0.37
03.08.2021 01:50:55.097,7.77542,7.77507,0.75,0.75
03.08.2021 01:50:55.197,7.77542,7.77505,0.75,1.12
03.08.2021 01:50:56.705,7.77545,7.77504,0.37,1.12
03.08.2021 01:50:56.810,7.77545,7.77507,0.37,0.75
03.08.2021 01:50:57.122,7.77542,7.77507,0.37,0.75
03.08.2021 01:50:58.883,7.775480000000001,7.775080000000001,1.12,0.37
03.08.2021 01:50:59.867,7.775480000000001,7.77507,0.75,1.12
03.08.2021 01:51:06.960,7.77547,7.77507,0.37,1.12
03.08.2021 01:51:08.007,7.775460000000001,7.775080000000001,0.37,0.37
03.08.2021 01:51:08.963,7.77544,7.77512,0.37,0.37
03.08.2021 01:51:09.966,7.775430000000001,7.775110000000001,0.37,0.37
03.08.2021 01:51:10.967,7.775430000000001,7.77512,0.37,0.37
03.08.2021 01:51:13.974,7.775430000000001,7.775130000000001,0.37,0.37
03.08.2021 01:51:14.979,7.775430000000001,7.77515,0.37,0.37
03.08.2021 01:51:15.979,7.77542,7.7751399999999995,0.37,0.37
03.08.2021 01:51:19.017,7.775410000000001,7.77512,0.37,0.37
03.08.2021 01:51:21.992,7.7754,7.775130000000001,0.37,0.37
03.08.2021 01:51:23.995,7.7754,7.7751399999999995,0.37,0.37
03.08.2021 01:51:25.565,7.77539,7.77515,0.37,0.37
03.08.2021 01:51:39.025,7.775360000000001,7.7751399999999995,0.37,0.37
03.08.2021 01:51:46.744,7.77545,7.775060000000001,0.37,1.12
03.08.2021 01:51:46.794,7.77542,7.775060000000001,0.75,1.12
03.08.2021 01:51:46.912,7.77542,7.77507,0.75,0.75
03.08.2021 01:51:49.758,7.77542,7.775080000000001,0.75,0.37
03.08.2021 01:51:51.906,7.77542,7.77507,0.75,0.75
03.08.2021 01:52:01.589,7.775460000000001,7.77509,0.37,0.75
03.08.2021 01:52:02.951,7.775480000000001,7.77509,0.75,1.12
03.08.2021 01:52:03.671,7.77547,7.775080000000001,0.37,0.75
03.08.2021 01:52:11.298,7.775460000000001,7.77509,0.37,0.37
03.08.2021 01:52:12.303,7.775380000000001,7.77509,0.37,0.37
03.08.2021 01:52:13.309,7.775380000000001,7.775110000000001,0.37,0.37
03.08.2021 01:52:13.865,7.775480000000001,7.775080000000001,1.12,0.75
03.08.2021 01:52:16.813,7.77542,7.77507,0.75,0.75
03.08.2021 01:52:17.105,7.77542,7.775080000000001,0.75,0.37
03.08.2021 01:52:18.107,7.77542,7.77505,0.75,0.47
03.08.2021 01:52:21.346,7.775380000000001,7.775060000000001,0.75,0.37
03.08.2021 01:52:23.317,7.775380000000001,7.77509,0.75,0.37
03.08.2021 01:52:24.323,7.775380000000001,7.7751,0.75,0.37
03.08.2021 01:52:27.921,7.77542,7.7751,0.75,0.37
03.08.2021 01:52:27.972,7.775380000000001,7.7751,0.75,0.37
03.08.2021 01:52:28.173,7.77542,7.7751,0.75,0.37
03.08.2021 01:52:28.274,7.77547,7.7751399999999995,0.75,0.75
03.08.2021 01:52:28.375,7.7755,7.77517,1.12,0.75
03.08.2021 01:52:28.689,7.7755,7.775200000000001,0.75,0.37
03.08.2021 01:52:31.137,7.7755,7.775210000000001,0.75,0.37
03.08.2021 01:52:31.534,7.77542,7.77517,0.75,0.75
03.08.2021 01:52:31.584,7.77542,7.775110000000001,0.75,0.37
03.08.2021 01:52:37.498,7.77542,7.775080000000001,0.75,2.25
03.08.2021 01:52:59.482,7.775480000000001,7.775080000000001,0.37,0.75
03.08.2021 01:53:00.598,7.775480000000001,7.77515,0.37,0.37
03.08.2021 01:53:01.580,7.77542,7.77515,0.75,0.37
03.08.2021 01:53:12.843,7.77544,7.77515,0.75,1.12
03.08.2021 01:53:39.682,7.77547,7.7751600000000005,0.75,0.75
03.08.2021 01:54:39.030,7.775480000000001,7.7751600000000005,0.75,0.75
03.08.2021 01:54:45.357,7.77547,7.7751600000000005,0.75,0.75
03.08.2021 01:54:51.311,7.77547,7.77524,0.75,0.75
03.08.2021 01:54:54.276,7.77547,7.7752300000000005,0.75,0.75
03.08.2021 01:54:57.277,7.77547,7.77522,0.75,0.75
03.08.2021 01:55:03.279,7.77547,7.775210000000001,0.75,0.75
03.08.2021 01:55:31.419,7.77547,7.77524,0.75,0.75
03.08.2021 01:55:34.638,7.77547,7.7752300000000005,0.75,0.75
03.08.2021 01:55:39.139,7.77547,7.77522,0.75,0.75
03.08.2021 01:55:41.064,7.77555,7.775260000000001,0.37,0.75
03.08.2021 01:55:41.215,7.77552,7.77522,0.75,0.75
03.08.2021 01:55:41.514,7.77552,7.7752300000000005,0.75,0.37
03.08.2021 01:55:42.140,7.77552,7.77527,0.75,0.75
03.08.2021 01:55:49.642,7.77552,7.775260000000001,0.75,0.75
03.08.2021 01:56:07.410,7.77555,7.775260000000001,0.37,0.75
03.08.2021 01:56:07.593,7.7755399999999995,7.775260000000001,0.37,0.75
03.08.2021 01:56:08.551,7.77552,7.775260000000001,0.37,0.75
03.08.2021 01:56:14.531,7.77552,7.775310000000001,1.12,0.75
03.08.2021 01:56:14.632,7.77555,7.775310000000001,0.37,0.75
03.08.2021 01:56:14.733,7.77552,7.775310000000001,0.75,0.75
03.08.2021 01:56:16.031,7.77552,7.77527,0.75,0.75
03.08.2021 01:56:20.377,7.77552,7.77528,0.75,0.75
