Gmt time,Ask,Bid,AskVolume,BidVolume
13.08.2021 00:00:00.267,7.78219,7.781310000000001,0.75,0.37
13.08.2021 00:00:01.017,7.78219,7.781310000000001,0.85,0.47
13.08.2021 00:00:01.288,7.78219,7.781310000000001,0.85,0.47
13.08.2021 00:00:03.751,7.782050000000001,7.7814000000000005,0.75,0.75
13.08.2021 00:00:04.960,7.782030000000001,7.7814000000000005,0.37,0.75
13.08.2021 00:01:03.761,7.782030000000001,7.781410000000001,0.37,0.75
13.08.2021 00:01:05.043,7.78202,7.781410000000001,0.37,0.75
13.08.2021 00:01:08.828,7.78202,7.7814000000000005,0.37,0.75
13.08.2021 00:01:09.029,7.782050000000001,7.7814000000000005,0.75,0.75
13.08.2021 00:01:39.359,7.782050000000001,7.7814000000000005,0.85,0.75
13.08.2021 00:01:51.359,7.782050000000001,7.7814000000000005,0.82,0.75
13.08.2021 00:01:52.255,7.782050000000001,7.7814000000000005,0.85,0.75
13.08.2021 00:02:14.040,7.782050000000001,7.7814000000000005,0.82,0.82
13.08.2021 00:02:15.043,7.782050000000001,7.7814000000000005,0.85,0.75
13.08.2021 00:02:23.872,7.782050000000001,7.78144,0.85,0.37
13.08.2021 00:02:48.603,7.78213,7.78127,0.85,0.85
13.08.2021 00:03:09.360,7.78213,7.78127,0.85,0.85
13.08.2021 00:03:45.029,7.78213,7.781300000000001,0.85,0.47
13.08.2021 00:04:22.221,7.78213,7.781310000000001,0.85,0.47
13.08.2021 00:04:45.256,7.78213,7.781310000000001,0.85,0.47
13.08.2021 00:05:22.361,7.78217,7.781310000000001,1.1,1.59
13.08.2021 00:06:03.768,7.78217,7.781310000000001,1.1,1.59
13.08.2021 00:06:03.869,7.782050000000001,7.781410000000001,0.82,0.75
13.08.2021 00:06:07.937,7.7819899999999995,7.781410000000001,0.37,0.75
13.08.2021 00:06:09.640,7.782039999999999,7.781410000000001,0.37,0.75
13.08.2021 00:06:24.052,7.782050000000001,7.781410000000001,0.82,0.75
13.08.2021 00:07:22.332,7.782050000000001,7.781410000000001,0.85,0.75
13.08.2021 00:07:30.152,7.782050000000001,7.781410000000001,0.82,0.82
13.08.2021 00:08:03.822,7.782060000000001,7.781410000000001,1.2,0.82
13.08.2021 00:08:03.982,7.782050000000001,7.781410000000001,1.12,0.82
13.08.2021 00:08:04.930,7.7819899999999995,7.781410000000001,0.37,0.82
13.08.2021 00:08:09.881,7.782039999999999,7.7814000000000005,0.37,0.85
13.08.2021 00:08:10.885,7.782030000000001,7.7814000000000005,0.37,0.85
13.08.2021 00:08:15.452,7.782030000000001,7.7814000000000005,0.37,0.85
13.08.2021 00:08:15.552,7.78219,7.7815,0.85,0.75
13.08.2021 00:08:15.603,7.7822000000000005,7.781510000000001,0.75,0.75
13.08.2021 00:08:15.653,7.78224,7.78154,0.85,0.75
13.08.2021 00:08:15.754,7.78224,7.78155,0.85,0.75
13.08.2021 00:08:15.911,7.78225,7.781560000000001,0.85,0.75
13.08.2021 00:08:16.052,7.782260000000001,7.78157,0.85,0.75
13.08.2021 00:08:16.103,7.782260000000001,7.781580000000001,0.75,0.75
13.08.2021 00:08:17.129,7.782260000000001,7.781580000000001,0.85,0.75
13.08.2021 00:08:22.245,7.782260000000001,7.781580000000001,0.85,0.75
13.08.2021 00:08:34.518,7.782260000000001,7.781580000000001,0.85,0.82
13.08.2021 00:08:34.619,7.78229,7.78159,1.22,0.75
13.08.2021 00:08:39.669,7.7822700000000005,7.78159,0.47,1.22
13.08.2021 00:09:45.658,7.7822700000000005,7.781530000000001,0.49,0.49
13.08.2021 00:10:22.266,7.7822700000000005,7.781530000000001,0.47,0.47
13.08.2021 00:10:24.360,7.7822700000000005,7.781530000000001,0.47,0.47
13.08.2021 00:10:33.360,7.7822700000000005,7.781530000000001,0.47,0.47
13.08.2021 00:10:33.915,7.7822700000000005,7.781530000000001,0.47,0.47
13.08.2021 00:10:45.360,7.78242,7.78152,1.1,0.59
13.08.2021 00:11:15.360,7.78242,7.78152,1.1,0.59
13.08.2021 00:11:44.060,7.782330000000001,7.78139,0.6,0.59
13.08.2021 00:11:44.572,7.7822700000000005,7.781530000000001,0.37,0.6
13.08.2021 00:12:30.309,7.7822700000000005,7.78157,0.37,0.75
13.08.2021 00:12:30.410,7.78229,7.781560000000001,0.85,0.75
13.08.2021 00:12:45.708,7.78229,7.781560000000001,0.75,0.75
13.08.2021 00:12:52.266,7.78229,7.781560000000001,0.85,0.75
13.08.2021 00:13:54.594,7.78229,7.781560000000001,0.75,0.75
13.08.2021 00:14:42.196,7.78229,7.781530000000001,0.49,0.49
13.08.2021 00:14:46.688,7.782280000000001,7.78154,0.49,0.49
13.08.2021 00:15:00.277,7.78229,7.78155,1.12,1.12
13.08.2021 00:15:01.728,7.782280000000001,7.78157,0.37,0.37
13.08.2021 00:16:05.658,7.782280000000001,7.78154,0.82,0.75
13.08.2021 00:16:12.153,7.782410000000001,7.78144,1.1,0.59
13.08.2021 00:16:22.141,7.782410000000001,7.78144,1.1,0.59
13.08.2021 00:16:22.964,7.78232,7.781560000000001,0.75,0.75
13.08.2021 00:16:23.115,7.782330000000001,7.78157,0.82,0.75
13.08.2021 00:16:40.199,7.78234,7.781580000000001,0.85,0.75
13.08.2021 00:16:40.300,7.782360000000001,7.78159,0.85,0.75
13.08.2021 00:16:40.703,7.782360000000001,7.78159,0.85,0.85
13.08.2021 00:17:14.985,7.78237,7.781530000000001,0.47,0.47
13.08.2021 00:18:22.320,7.78247,7.78147,0.49,1
13.08.2021 00:18:33.459,7.7823899999999995,7.781630000000001,0.75,0.75
13.08.2021 00:18:33.610,7.782430000000001,7.78169,2.35,0.75
13.08.2021 00:18:33.710,7.782430000000001,7.78169,2.32,0.75
13.08.2021 00:18:35.691,7.782410000000001,7.781680000000001,0.75,0.75
13.08.2021 00:18:35.792,7.7824,7.7816399999999994,0.75,0.75
13.08.2021 00:18:41.367,7.7823899999999995,7.781630000000001,0.85,0.75
13.08.2021 00:19:24.092,7.7823899999999995,7.781630000000001,0.37,0.37
13.08.2021 00:19:37.462,7.7823899999999995,7.781630000000001,0.47,0.37
13.08.2021 00:19:42.179,7.7824,7.781530000000001,0.47,0.47
13.08.2021 00:20:45.658,7.78253,7.78152,1,0.49
13.08.2021 00:21:22.324,7.78253,7.781510000000001,1,1
13.08.2021 00:21:22.530,7.78252,7.781510000000001,0.49,1.49
13.08.2021 00:21:43.193,7.7823899999999995,7.781510000000001,0.37,1.12
13.08.2021 00:21:43.701,7.782380000000001,7.78157,0.37,0.37
13.08.2021 00:21:57.312,7.78252,7.781510000000001,0.37,1.12
13.08.2021 00:22:03.568,7.782430000000001,7.781510000000001,0.37,1.12
13.08.2021 00:22:05.594,7.782430000000001,7.781580000000001,0.37,0.37
13.08.2021 00:22:23.333,7.782430000000001,7.781580000000001,0.47,0.47
13.08.2021 00:22:45.094,7.782430000000001,7.781580000000001,0.47,0.45
13.08.2021 00:23:40.289,7.78253,7.78154,1.1,0.59
13.08.2021 00:23:42.767,7.782380000000001,7.78159,0.45,0.37
13.08.2021 00:24:45.937,7.78237,7.781710000000001,0.37,0.75
13.08.2021 00:24:45.988,7.782439999999999,7.781710000000001,0.85,0.75
13.08.2021 00:24:46.038,7.782439999999999,7.7817300000000005,0.85,0.75
13.08.2021 00:25:06.167,7.78247,7.7816,0.47,1.1
13.08.2021 00:25:09.501,7.78247,7.781610000000001,0.47,0.47
13.08.2021 00:25:10.949,7.782430000000001,7.7817300000000005,0.82,0.75
13.08.2021 00:25:22.020,7.7823899999999995,7.78167,0.75,0.75
13.08.2021 00:25:22.121,7.78237,7.7816399999999994,0.75,0.75
13.08.2021 00:25:26.523,7.7824,7.78167,0.85,0.75
13.08.2021 00:25:27.406,7.7824,7.78167,0.75,0.75
13.08.2021 00:25:27.456,7.782439999999999,7.78179,0.75,0.75
13.08.2021 00:25:27.557,7.782450000000001,7.7818000000000005,0.37,0.75
13.08.2021 00:25:27.658,7.782450000000001,7.78182,0.37,0.75
13.08.2021 00:25:27.987,7.7824800000000005,7.78182,0.75,0.75
13.08.2021 00:25:28.199,7.7824800000000005,7.781880000000001,0.75,0.37
13.08.2021 00:25:38.002,7.78242,7.781880000000001,0.37,0.37
13.08.2021 00:25:45.014,7.782410000000001,7.781880000000001,0.37,0.37
13.08.2021 00:26:24.367,7.7824800000000005,7.781880000000001,0.75,0.37
13.08.2021 00:26:28.731,7.7824800000000005,7.78185,0.75,0.75
13.08.2021 00:26:59.046,7.7824800000000005,7.78177,0.37,1.12
13.08.2021 00:27:01.173,7.782410000000001,7.78177,0.37,0.75
13.08.2021 00:27:26.809,7.782410000000001,7.781760000000001,0.37,0.37
13.08.2021 00:27:27.177,7.782410000000001,7.781860000000001,0.37,0.75
13.08.2021 00:27:47.264,7.7824,7.781860000000001,0.37,0.75
13.08.2021 00:28:12.786,7.78247,7.781860000000001,0.75,0.75
13.08.2021 00:28:17.155,7.78257,7.78177,0.47,0.85
13.08.2021 00:28:33.361,7.78257,7.78177,0.47,0.85
13.08.2021 00:29:22.256,7.782630000000001,7.78177,0.85,0.85
13.08.2021 00:30:39.613,7.782560000000001,7.78174,0.59,0.59
13.08.2021 00:31:05.658,7.782560000000001,7.78174,0.49,0.49
13.08.2021 00:31:06.463,7.782560000000001,7.78174,0.59,0.59
13.08.2021 00:31:06.604,7.782460000000001,7.78184,0.75,0.75
13.08.2021 00:31:10.959,7.782460000000001,7.781860000000001,0.75,0.75
13.08.2021 00:32:27.060,7.78253,7.78179,0.85,0.47
13.08.2021 00:32:58.058,7.78257,7.7818700000000005,0.47,0.37
13.08.2021 00:33:04.349,7.78259,7.7818700000000005,0.37,0.37
13.08.2021 00:33:04.509,7.7824800000000005,7.78185,0.75,0.37
13.08.2021 00:33:04.657,7.782439999999999,7.781860000000001,0.75,0.75
13.08.2021 00:33:51.164,7.78249,7.78185,0.47,0.37
13.08.2021 00:34:02.391,7.782460000000001,7.781860000000001,0.75,0.75
13.08.2021 00:34:02.491,7.7824,7.781860000000001,0.37,0.75
13.08.2021 00:34:02.703,7.782460000000001,7.781860000000001,0.75,0.75
13.08.2021 00:34:13.043,7.78242,7.781860000000001,0.37,0.75
13.08.2021 00:34:34.912,7.78242,7.78182,0.37,0.47
13.08.2021 00:34:56.363,7.782410000000001,7.78182,0.37,0.47
13.08.2021 00:35:05.658,7.782410000000001,7.78182,0.49,0.49
13.08.2021 00:35:10.157,7.782460000000001,7.78182,0.49,0.49
13.08.2021 00:35:12.164,7.782460000000001,7.781810000000001,0.37,0.37
13.08.2021 00:35:41.009,7.782460000000001,7.781860000000001,0.37,0.75
13.08.2021 00:35:41.521,7.782460000000001,7.78192,0.37,0.75
13.08.2021 00:35:42.023,7.782360000000001,7.78192,0.37,0.75
13.08.2021 00:36:42.248,7.78237,7.781980000000001,0.37,0.37
13.08.2021 00:36:44.407,7.78253,7.78192,0.75,0.75
13.08.2021 00:36:48.044,7.782439999999999,7.78192,0.37,0.75
13.08.2021 00:37:54.313,7.78253,7.78192,0.85,0.75
13.08.2021 00:37:54.364,7.78258,7.78183,0.85,0.85
13.08.2021 00:37:55.492,7.782439999999999,7.78189,0.37,0.37
13.08.2021 00:38:49.600,7.78237,7.781930000000001,0.37,0.37
13.08.2021 00:39:12.648,7.782360000000001,7.781930000000001,0.37,0.37
13.08.2021 00:39:30.471,7.78259,7.78182,1.6,1.6
13.08.2021 00:39:55.658,7.78259,7.78182,0.75,0.75
13.08.2021 00:41:27.337,7.78254,7.78184,0.75,0.75
13.08.2021 00:41:27.487,7.782510000000001,7.781860000000001,0.75,0.75
13.08.2021 00:41:30.296,7.782510000000001,7.78195,0.75,0.37
13.08.2021 00:41:32.310,7.78234,7.78195,0.37,0.37
13.08.2021 00:41:40.348,7.78234,7.781960000000001,0.37,0.37
13.08.2021 00:42:22.504,7.78235,7.781930000000001,0.37,0.37
13.08.2021 00:43:25.658,7.782510000000001,7.781860000000001,0.85,0.82
13.08.2021 00:44:22.219,7.78257,7.78183,0.75,0.75
13.08.2021 00:45:10.285,7.78257,7.78185,0.75,0.75
13.08.2021 00:45:10.401,7.782380000000001,7.78194,0.37,0.37
13.08.2021 00:45:39.432,7.7823899999999995,7.78195,0.37,0.37
13.08.2021 00:45:52.489,7.7823899999999995,7.78194,0.37,0.37
13.08.2021 00:46:55.658,7.78257,7.78185,0.75,0.75
13.08.2021 00:46:58.029,7.7825500000000005,7.78189,0.75,0.75
13.08.2021 00:46:58.294,7.7825500000000005,7.78189,0.85,0.75
13.08.2021 00:46:58.590,7.782380000000001,7.78195,0.37,0.37
13.08.2021 00:46:59.594,7.78237,7.782,0.37,0.37
13.08.2021 00:47:00.205,7.78237,7.78194,0.37,0.37
13.08.2021 00:47:01.159,7.782360000000001,7.781930000000001,0.37,0.37
13.08.2021 00:47:04.092,7.782439999999999,7.78192,0.37,0.75
13.08.2021 00:47:04.143,7.782439999999999,7.7819,0.45,0.37
13.08.2021 00:47:04.294,7.782439999999999,7.7819,0.47,0.37
13.08.2021 00:47:04.395,7.782439999999999,7.7819,0.47,0.37
13.08.2021 00:47:05.567,7.782439999999999,7.781880000000001,0.47,0.37
13.08.2021 00:47:06.114,7.782430000000001,7.781880000000001,0.47,0.37
13.08.2021 00:47:06.165,7.782410000000001,7.781860000000001,0.47,0.37
13.08.2021 00:47:09.122,7.7824,7.7818700000000005,0.45,0.37
13.08.2021 00:47:09.613,7.782360000000001,7.7818700000000005,0.37,0.37
13.08.2021 00:47:33.051,7.78237,7.78182,0.75,0.37
13.08.2021 00:47:33.101,7.78237,7.78182,0.85,0.37
13.08.2021 00:47:33.238,7.78237,7.78182,0.85,0.37
13.08.2021 00:47:33.391,7.78237,7.78182,0.85,0.37
13.08.2021 00:47:33.623,7.78237,7.78182,0.85,0.37
13.08.2021 00:47:33.802,7.78237,7.7817300000000005,0.47,0.37
13.08.2021 00:47:33.909,7.78237,7.7817300000000005,0.47,0.37
13.08.2021 00:47:42.359,7.782330000000001,7.7817300000000005,0.45,0.37
13.08.2021 00:47:42.680,7.78232,7.7817300000000005,0.37,0.37
13.08.2021 00:47:43.680,7.782280000000001,7.7817300000000005,0.37,0.37
13.08.2021 00:47:49.405,7.782380000000001,7.7817300000000005,0.85,0.37
13.08.2021 00:48:21.467,7.782380000000001,7.781750000000001,0.85,0.37
13.08.2021 00:48:35.679,7.7822700000000005,7.781750000000001,0.37,0.37
13.08.2021 00:49:13.867,7.782410000000001,7.78174,0.47,0.37
13.08.2021 00:49:13.918,7.782410000000001,7.78174,0.47,0.37
13.08.2021 00:49:15.319,7.782410000000001,7.781710000000001,0.85,1.12
13.08.2021 00:49:18.360,7.78237,7.781710000000001,0.47,1.12
13.08.2021 00:49:24.360,7.78237,7.781710000000001,0.47,1.2
13.08.2021 00:49:27.539,7.78237,7.781700000000001,0.47,0.45
13.08.2021 00:49:27.745,7.78237,7.781700000000001,0.47,0.47
13.08.2021 00:49:28.106,7.78237,7.781700000000001,0.47,1.2
13.08.2021 00:49:28.993,7.78237,7.781710000000001,0.47,0.37
13.08.2021 00:49:34.715,7.782360000000001,7.78169,0.85,0.47
13.08.2021 00:49:36.360,7.78235,7.78169,0.47,0.45
13.08.2021 00:49:36.909,7.78229,7.78169,0.37,0.45
13.08.2021 00:49:37.910,7.782280000000001,7.78169,0.37,0.37
13.08.2021 00:49:38.912,7.7822700000000005,7.78169,0.37,0.37
13.08.2021 00:50:45.658,7.7822700000000005,7.78165,0.37,0.47
13.08.2021 00:50:52.258,7.7822700000000005,7.78169,0.37,0.37
13.08.2021 00:50:57.462,7.7822700000000005,7.781700000000001,0.37,0.37
13.08.2021 00:50:59.073,7.782260000000001,7.781700000000001,0.37,0.37
13.08.2021 00:51:22.310,7.7823,7.781700000000001,0.37,0.37
13.08.2021 00:51:24.128,7.78229,7.781700000000001,0.37,0.37
13.08.2021 00:51:39.425,7.78229,7.7817300000000005,0.37,0.37
13.08.2021 00:51:56.278,7.78229,7.78172,0.37,0.37
13.08.2021 00:51:57.778,7.78229,7.781700000000001,0.37,0.37
13.08.2021 00:52:19.598,7.78229,7.78169,0.37,0.37
13.08.2021 00:52:22.324,7.78224,7.78169,0.37,0.37
13.08.2021 00:52:31.443,7.78224,7.781700000000001,0.37,0.37
13.08.2021 00:52:32.740,7.782230000000001,7.781700000000001,0.37,1.12
13.08.2021 00:52:32.943,7.782230000000001,7.781710000000001,0.37,0.37
13.08.2021 00:52:40.046,7.78234,7.7817300000000005,0.45,1.12
13.08.2021 00:52:41.146,7.782360000000001,7.7817300000000005,0.45,0.37
13.08.2021 00:52:41.497,7.782360000000001,7.781750000000001,0.45,0.37
13.08.2021 00:52:42.155,7.78235,7.781750000000001,0.37,0.37
13.08.2021 00:52:47.291,7.78234,7.781750000000001,0.37,0.37
13.08.2021 00:52:48.295,7.782330000000001,7.781750000000001,0.37,0.37
13.08.2021 00:52:49.295,7.782280000000001,7.781750000000001,0.37,0.37
13.08.2021 00:52:51.519,7.782280000000001,7.781760000000001,0.37,0.37
13.08.2021 00:52:52.316,7.782430000000001,7.781760000000001,1.22,0.37
13.08.2021 00:52:52.440,7.782430000000001,7.781760000000001,0.47,0.37
13.08.2021 00:52:52.541,7.78235,7.78174,0.47,0.37
13.08.2021 00:52:52.765,7.78235,7.78174,0.47,0.37
13.08.2021 00:52:53.037,7.78235,7.78174,0.47,0.37
13.08.2021 00:52:53.250,7.78235,7.78174,0.47,0.37
13.08.2021 00:52:57.279,7.78235,7.78174,0.45,0.37
13.08.2021 00:53:54.602,7.78235,7.781660000000001,0.45,0.85
13.08.2021 00:53:54.652,7.782380000000001,7.781760000000001,0.85,0.37
13.08.2021 00:53:54.776,7.782430000000001,7.781760000000001,1.22,0.37
13.08.2021 00:53:55.178,7.782410000000001,7.781760000000001,0.85,0.37
13.08.2021 00:53:55.494,7.782430000000001,7.781760000000001,1.22,0.37
13.08.2021 00:53:55.705,7.78242,7.781760000000001,0.85,0.37
13.08.2021 00:53:55.858,7.782430000000001,7.781760000000001,2.72,0.37
13.08.2021 00:53:57.396,7.782360000000001,7.781760000000001,0.45,0.37
13.08.2021 00:54:02.900,7.782360000000001,7.78178,0.45,0.37
13.08.2021 00:54:14.628,7.782360000000001,7.78177,0.37,0.37
13.08.2021 00:54:15.479,7.78235,7.78177,0.37,0.37
13.08.2021 00:54:17.474,7.78234,7.78177,0.37,0.37
13.08.2021 00:54:18.476,7.782260000000001,7.78177,0.37,0.37
13.08.2021 00:54:24.537,7.782260000000001,7.78178,0.37,0.37
13.08.2021 00:54:24.588,7.782430000000001,7.78178,0.85,0.37
13.08.2021 00:54:25.609,7.782360000000001,7.78178,0.37,0.37
13.08.2021 00:54:27.189,7.782360000000001,7.78177,0.37,0.37
13.08.2021 00:54:31.303,7.782360000000001,7.78178,0.37,0.37
13.08.2021 00:54:32.265,7.78234,7.78178,0.37,0.37
13.08.2021 00:54:33.308,7.7823899999999995,7.78178,0.47,0.37
13.08.2021 00:54:34.758,7.78237,7.781760000000001,0.37,0.37
13.08.2021 00:54:36.259,7.782360000000001,7.781750000000001,0.37,0.37
13.08.2021 00:54:36.309,7.78234,7.781750000000001,0.37,0.37
13.08.2021 00:54:38.664,7.78234,7.781760000000001,0.37,0.37
13.08.2021 00:54:39.292,7.78235,7.781760000000001,0.37,0.37
13.08.2021 00:54:40.227,7.78235,7.781750000000001,0.37,0.37
13.08.2021 00:54:40.328,7.782330000000001,7.78179,0.37,0.37
13.08.2021 00:54:41.521,7.78232,7.78179,0.37,0.37
13.08.2021 00:54:43.527,7.782310000000001,7.78179,0.37,0.37
13.08.2021 00:54:44.260,7.782210000000001,7.78179,0.37,0.37
13.08.2021 00:54:49.286,7.7822000000000005,7.78179,0.37,0.37
13.08.2021 00:55:12.177,7.78229,7.78178,0.37,0.37
13.08.2021 00:55:12.405,7.78237,7.78178,0.47,0.37
13.08.2021 00:55:13.627,7.78237,7.78174,0.47,0.37
13.08.2021 00:55:27.360,7.782360000000001,7.78174,0.47,0.37
13.08.2021 00:55:30.360,7.782360000000001,7.78174,0.47,0.37
13.08.2021 00:55:36.359,7.782360000000001,7.78174,0.47,0.37
13.08.2021 00:55:57.130,7.782360000000001,7.78174,0.47,0.37
13.08.2021 00:55:57.678,7.78235,7.781750000000001,0.45,0.37
13.08.2021 00:56:02.439,7.78235,7.781750000000001,0.47,0.37
13.08.2021 00:56:07.083,7.78235,7.78174,0.47,0.37
13.08.2021 00:56:07.233,7.78235,7.78174,0.47,0.37
13.08.2021 00:56:08.583,7.782360000000001,7.7817300000000005,0.47,0.75
13.08.2021 00:56:12.930,7.782360000000001,7.78174,0.47,0.75
13.08.2021 00:56:13.080,7.782360000000001,7.781750000000001,0.47,0.75
13.08.2021 00:56:13.181,7.782360000000001,7.78174,0.47,0.82
13.08.2021 00:56:13.438,7.78235,7.781750000000001,0.47,0.75
13.08.2021 00:56:13.934,7.78235,7.7818000000000005,0.47,0.37
13.08.2021 00:56:18.101,7.782280000000001,7.7818000000000005,0.37,0.37
13.08.2021 00:56:18.584,7.782280000000001,7.78179,0.37,0.37
13.08.2021 00:56:22.258,7.782280000000001,7.78177,0.37,0.37
13.08.2021 00:56:22.309,7.782360000000001,7.78177,0.47,0.37
13.08.2021 00:56:23.779,7.782360000000001,7.781760000000001,0.47,0.37
13.08.2021 00:56:28.591,7.782360000000001,7.781760000000001,0.47,0.37
13.08.2021 00:56:35.208,7.782360000000001,7.781750000000001,0.47,0.37
13.08.2021 00:56:35.409,7.782360000000001,7.781750000000001,0.47,0.37
13.08.2021 00:56:35.650,7.782360000000001,7.781750000000001,0.47,0.37
13.08.2021 00:56:36.180,7.782360000000001,7.781750000000001,0.47,0.37
13.08.2021 00:56:36.658,7.78235,7.781700000000001,0.47,0.37
13.08.2021 00:56:53.790,7.78224,7.781700000000001,0.37,0.37
13.08.2021 00:56:55.294,7.782360000000001,7.781700000000001,0.47,0.37
13.08.2021 00:56:56.693,7.782360000000001,7.78169,0.85,0.37
13.08.2021 00:57:30.084,7.78234,7.781760000000001,0.47,0.75
13.08.2021 00:57:30.185,7.78234,7.78183,0.37,0.75
13.08.2021 00:57:30.291,7.78234,7.78182,0.37,0.75
13.08.2021 00:57:30.392,7.78234,7.78184,0.37,0.75
13.08.2021 00:57:30.496,7.78234,7.7818700000000005,0.37,0.37
13.08.2021 00:57:31.547,7.782360000000001,7.7818700000000005,0.37,0.37
13.08.2021 00:57:31.926,7.782360000000001,7.781880000000001,0.37,0.37
13.08.2021 00:57:35.708,7.782360000000001,7.7819,0.37,0.37
13.08.2021 00:57:35.809,7.7823899999999995,7.78195,0.37,0.75
13.08.2021 00:57:35.934,7.782380000000001,7.78195,0.75,0.75
13.08.2021 00:57:36.066,7.78222,7.78197,0.75,0.75
13.08.2021 00:57:42.938,7.78222,7.7819899999999995,0.75,0.37
13.08.2021 00:57:45.954,7.78222,7.782,0.75,0.37
13.08.2021 00:57:52.943,7.782280000000001,7.782039999999999,0.75,0.75
13.08.2021 00:57:53.262,7.7822700000000005,7.78202,0.75,0.75
13.08.2021 00:58:01.927,7.7822700000000005,7.782030000000001,0.75,0.37
13.08.2021 00:58:02.929,7.7822700000000005,7.782060000000001,0.75,0.37
13.08.2021 00:58:10.576,7.7822700000000005,7.78207,0.75,0.37
13.08.2021 00:58:11.537,7.7822700000000005,7.7820800000000006,0.75,0.37
13.08.2021 00:58:12.515,7.7822700000000005,7.782030000000001,0.75,2.25
13.08.2021 00:58:17.465,7.7822700000000005,7.78202,0.75,0.75
13.08.2021 00:58:17.565,7.78242,7.7819899999999995,0.37,0.37
13.08.2021 00:58:17.666,7.782410000000001,7.7819899999999995,0.37,0.37
13.08.2021 00:58:17.723,7.782410000000001,7.78189,0.37,0.37
13.08.2021 00:58:18.613,7.78242,7.78189,0.37,0.37
13.08.2021 00:58:19.224,7.78242,7.7818700000000005,0.75,0.37
13.08.2021 00:58:31.103,7.782410000000001,7.78197,0.37,0.75
13.08.2021 00:58:31.254,7.782410000000001,7.7819899999999995,0.37,0.75
13.08.2021 00:58:31.399,7.7822700000000005,7.782030000000001,0.75,0.37
13.08.2021 00:58:32.349,7.7822700000000005,7.78202,0.75,0.75
13.08.2021 00:58:48.865,7.7822700000000005,7.78209,0.75,0.75
13.08.2021 00:58:48.916,7.78232,7.78209,0.75,0.75
13.08.2021 00:58:48.966,7.78232,7.782110000000001,0.75,0.75
13.08.2021 00:58:49.067,7.78232,7.782100000000001,0.75,0.75
13.08.2021 00:59:02.727,7.78232,7.782110000000001,0.75,0.75
13.08.2021 00:59:06.642,7.78249,7.782150000000001,0.37,0.75
13.08.2021 00:59:06.751,7.78249,7.7820800000000006,0.37,0.37
13.08.2021 00:59:06.802,7.7824800000000005,7.782060000000001,0.37,0.37
13.08.2021 00:59:06.903,7.7823,7.782060000000001,0.75,0.37
13.08.2021 00:59:06.953,7.782360000000001,7.782060000000001,0.75,0.37
13.08.2021 00:59:07.004,7.7822700000000005,7.782060000000001,0.75,0.75
13.08.2021 00:59:07.105,7.7822700000000005,7.782030000000001,0.75,1.87
13.08.2021 00:59:07.256,7.78232,7.78207,0.75,0.75
13.08.2021 00:59:18.111,7.78232,7.78209,0.75,0.37
13.08.2021 00:59:20.089,7.78232,7.782110000000001,0.75,0.37
13.08.2021 00:59:21.419,7.78234,7.782110000000001,0.75,0.37
13.08.2021 00:59:22.232,7.78234,7.78212,0.75,0.37
13.08.2021 00:59:24.674,7.78234,7.78213,0.75,0.75
13.08.2021 00:59:42.191,7.78234,7.782160000000001,0.75,0.37
13.08.2021 00:59:57.078,7.78234,7.782150000000001,0.75,0.75
13.08.2021 01:00:04.969,7.7823,7.782060000000001,0.75,0.37
13.08.2021 01:00:05.020,7.78229,7.782030000000001,0.75,1.12
13.08.2021 01:00:05.070,7.78224,7.781980000000001,0.75,1.5
13.08.2021 01:00:18.566,7.78229,7.782030000000001,0.75,0.75
13.08.2021 01:00:36.284,7.782330000000001,7.7820800000000006,0.75,0.75
13.08.2021 01:00:37.461,7.782280000000001,7.782030000000001,0.75,0.75
13.08.2021 01:00:37.567,7.78225,7.781980000000001,0.75,0.75
13.08.2021 01:00:47.658,7.782380000000001,7.7818700000000005,0.47,0.85
13.08.2021 01:00:47.928,7.782380000000001,7.7818700000000005,0.47,0.85
13.08.2021 01:00:48.103,7.782380000000001,7.7818700000000005,0.47,0.85
13.08.2021 01:00:48.430,7.782380000000001,7.7818700000000005,0.47,0.85
13.08.2021 01:00:48.664,7.782380000000001,7.7819,0.47,0.37
13.08.2021 01:00:54.205,7.7823,7.782030000000001,0.75,0.75
13.08.2021 01:01:10.181,7.782410000000001,7.781910000000001,0.47,0.85
13.08.2021 01:01:11.801,7.78235,7.7820800000000006,0.75,0.75
13.08.2021 01:01:12.894,7.7823,7.782030000000001,0.75,0.75
13.08.2021 01:01:12.995,7.78237,7.7820800000000006,0.75,0.75
13.08.2021 01:01:39.714,7.782360000000001,7.7820800000000006,0.75,0.75
13.08.2021 01:01:50.986,7.782460000000001,7.782160000000001,0.85,0.75
13.08.2021 01:01:51.037,7.782460000000001,7.782160000000001,0.75,0.75
13.08.2021 01:01:51.188,7.782460000000001,7.78218,0.75,0.75
13.08.2021 01:02:06.786,7.78247,7.782110000000001,0.37,0.37
13.08.2021 01:02:16.287,7.782380000000001,7.782110000000001,0.75,0.37
13.08.2021 01:02:16.337,7.782380000000001,7.7820800000000006,0.75,0.75
13.08.2021 01:02:26.397,7.78252,7.782030000000001,0.47,1.2
13.08.2021 01:02:26.447,7.78249,7.782030000000001,0.47,0.82
13.08.2021 01:02:28.137,7.78247,7.78202,0.47,0.82
13.08.2021 01:02:28.240,7.78247,7.7819899999999995,0.47,1.22
13.08.2021 01:02:28.394,7.78247,7.7819899999999995,0.47,1.22
13.08.2021 01:02:28.970,7.78247,7.782,0.47,0.37
13.08.2021 01:02:29.145,7.78247,7.782,0.47,0.37
13.08.2021 01:02:29.945,7.782439999999999,7.781980000000001,0.47,0.45
13.08.2021 01:02:32.336,7.782439999999999,7.781980000000001,0.47,0.47
13.08.2021 01:02:32.441,7.782439999999999,7.782,0.47,0.37
13.08.2021 01:02:32.592,7.782439999999999,7.782,0.47,0.37
13.08.2021 01:02:32.775,7.782439999999999,7.782,0.47,0.37
13.08.2021 01:02:46.598,7.782380000000001,7.7820800000000006,0.75,0.75
13.08.2021 01:03:07.087,7.78235,7.7820800000000006,0.37,0.75
13.08.2021 01:03:08.093,7.782360000000001,7.7820800000000006,0.37,0.75
13.08.2021 01:03:08.194,7.782360000000001,7.782050000000001,0.37,0.37
13.08.2021 01:03:08.327,7.782430000000001,7.782030000000001,0.45,0.37
13.08.2021 01:03:09.328,7.782430000000001,7.7820100000000005,0.37,0.37
13.08.2021 01:03:10.668,7.78249,7.782,0.47,0.37
13.08.2021 01:03:11.304,7.782500000000001,7.7820100000000005,1.97,0.37
13.08.2021 01:03:14.496,7.782500000000001,7.7820100000000005,2.35,0.37
13.08.2021 01:03:16.613,7.782380000000001,7.7820800000000006,0.75,0.75
13.08.2021 01:03:36.832,7.7823899999999995,7.7820800000000006,0.75,0.75
13.08.2021 01:04:18.708,7.782439999999999,7.78213,0.82,0.75
13.08.2021 01:04:44.712,7.7823899999999995,7.7820800000000006,0.75,0.75
13.08.2021 01:05:07.446,7.78249,7.782,0.47,0.37
13.08.2021 01:05:14.703,7.7823899999999995,7.7820800000000006,0.75,0.75
13.08.2021 01:05:43.873,7.78249,7.782,0.47,0.37
13.08.2021 01:05:44.226,7.78249,7.782,0.47,0.47
13.08.2021 01:05:44.714,7.7823899999999995,7.7820800000000006,0.75,0.75
13.08.2021 01:06:08.747,7.7824,7.7820800000000006,0.75,0.75
13.08.2021 01:06:22.362,7.782510000000001,7.78202,0.47,0.37
13.08.2021 01:06:35.708,7.782500000000001,7.7820100000000005,1.22,0.37
13.08.2021 01:06:36.153,7.782500000000001,7.7820100000000005,1.22,0.37
13.08.2021 01:06:38.855,7.7824,7.7820800000000006,0.75,0.75
13.08.2021 01:07:46.169,7.782360000000001,7.78202,0.75,0.75
13.08.2021 01:12:56.667,7.7824800000000005,7.78218,0.37,0.75
13.08.2021 01:12:56.768,7.7824,7.7820800000000006,0.75,0.75
13.08.2021 01:12:56.819,7.78235,7.782030000000001,0.75,0.75
13.08.2021 01:13:22.306,7.78242,7.781910000000001,0.45,0.85
13.08.2021 01:13:27.049,7.78235,7.782030000000001,0.75,0.75
13.08.2021 01:14:44.826,7.7823,7.781980000000001,0.75,0.75
13.08.2021 01:14:44.927,7.7824,7.7820800000000006,0.75,0.75
13.08.2021 01:14:45.039,7.78235,7.782030000000001,0.75,0.75
13.08.2021 01:15:04.934,7.7824,7.781910000000001,0.37,0.75
13.08.2021 01:15:09.752,7.7824,7.78192,0.37,0.75
13.08.2021 01:15:15.038,7.7824,7.78192,0.37,1.22
13.08.2021 01:15:15.088,7.78235,7.782030000000001,0.75,0.75
13.08.2021 01:23:00.053,7.78242,7.78192,0.45,0.82
13.08.2021 01:23:00.273,7.78232,7.782050000000001,0.75,0.75
13.08.2021 01:24:48.381,7.78232,7.782039999999999,0.75,0.75
13.08.2021 01:27:41.036,7.78234,7.782050000000001,1.12,0.75
13.08.2021 01:29:22.118,7.782310000000001,7.782039999999999,0.75,0.75
13.08.2021 01:31:39.427,7.782280000000001,7.782039999999999,0.75,0.75
13.08.2021 01:31:40.882,7.78229,7.782039999999999,0.75,0.75
13.08.2021 01:31:42.532,7.7823,7.782039999999999,0.75,0.75
13.08.2021 01:33:23.215,7.7823,7.782050000000001,0.75,0.37
13.08.2021 01:33:24.215,7.7823,7.782060000000001,0.75,0.37
13.08.2021 01:33:50.472,7.7823,7.782039999999999,0.75,0.75
13.08.2021 01:34:32.926,7.7822700000000005,7.782039999999999,0.75,1.12
13.08.2021 01:34:58.014,7.78237,7.78194,0.37,0.37
13.08.2021 01:35:43.092,7.78247,7.781910000000001,0.37,0.37
13.08.2021 01:35:53.300,7.78247,7.781930000000001,0.37,0.75
13.08.2021 01:35:54.521,7.782380000000001,7.78194,0.37,0.37
13.08.2021 01:36:06.499,7.78229,7.782039999999999,0.75,0.75
13.08.2021 01:36:23.211,7.782380000000001,7.781960000000001,0.37,0.75
13.08.2021 01:36:26.226,7.78229,7.782039999999999,0.75,0.75
13.08.2021 01:36:53.210,7.782380000000001,7.781960000000001,0.37,0.75
13.08.2021 01:36:55.658,7.78247,7.781960000000001,0.75,0.75
13.08.2021 01:36:57.055,7.78229,7.782039999999999,0.75,0.75
13.08.2021 01:37:03.175,7.782280000000001,7.782039999999999,0.75,0.75
13.08.2021 01:37:23.211,7.78247,7.781960000000001,0.75,0.75
13.08.2021 01:37:25.781,7.782500000000001,7.78194,0.75,0.75
13.08.2021 01:37:26.726,7.782510000000001,7.78192,0.75,0.75
13.08.2021 01:37:26.777,7.782430000000001,7.78192,0.75,0.75
13.08.2021 01:37:27.042,7.782430000000001,7.781910000000001,0.75,1.2
13.08.2021 01:37:28.711,7.78242,7.78192,0.37,0.37
13.08.2021 01:37:29.713,7.78242,7.781930000000001,0.37,0.37
13.08.2021 01:37:31.719,7.78242,7.78195,0.37,0.37
13.08.2021 01:37:33.439,7.782280000000001,7.782039999999999,0.75,0.75
13.08.2021 01:37:56.833,7.78242,7.78195,0.37,0.37
13.08.2021 01:38:02.886,7.782280000000001,7.782039999999999,0.75,0.75
13.08.2021 01:38:13.031,7.7823,7.782039999999999,0.75,0.75
13.08.2021 01:38:23.874,7.78237,7.78195,0.37,0.37
13.08.2021 01:38:24.824,7.78237,7.781960000000001,0.37,0.37
13.08.2021 01:38:26.745,7.782410000000001,7.781960000000001,0.75,0.37
13.08.2021 01:38:27.678,7.7824,7.782030000000001,0.37,0.37
13.08.2021 01:38:43.136,7.7823,7.782039999999999,0.75,0.75
13.08.2021 01:39:06.543,7.7824,7.782039999999999,0.37,0.37
13.08.2021 01:39:06.910,7.782360000000001,7.782100000000001,0.37,0.37
13.08.2021 01:39:07.911,7.782360000000001,7.782110000000001,0.37,0.37
13.08.2021 01:39:13.463,7.7823,7.782110000000001,0.75,0.37
13.08.2021 01:39:16.649,7.7823,7.782039999999999,0.75,0.75
13.08.2021 01:39:19.328,7.7823,7.782050000000001,0.75,0.75
13.08.2021 01:39:25.814,7.782260000000001,7.782030000000001,0.75,0.75
13.08.2021 01:41:13.541,7.782260000000001,7.782039999999999,0.75,0.75
13.08.2021 01:41:52.236,7.782260000000001,7.78202,0.75,0.75
13.08.2021 01:42:37.009,7.782360000000001,7.78194,0.37,0.37
13.08.2021 01:42:47.988,7.782260000000001,7.7820100000000005,0.75,0.75
13.08.2021 01:42:52.049,7.782260000000001,7.782030000000001,0.75,0.75
13.08.2021 01:43:00.584,7.782260000000001,7.7820100000000005,0.75,0.75
13.08.2021 01:43:10.185,7.78237,7.78195,0.37,0.37
13.08.2021 01:43:13.409,7.78237,7.781960000000001,0.37,0.37
13.08.2021 01:43:20.424,7.78237,7.78194,0.37,0.37
13.08.2021 01:43:24.181,7.782360000000001,7.78194,0.37,0.37
13.08.2021 01:43:30.611,7.782260000000001,7.7820100000000005,0.75,0.75
13.08.2021 01:43:47.487,7.782260000000001,7.782,0.75,0.75
13.08.2021 01:44:15.825,7.782360000000001,7.78189,0.37,0.37
13.08.2021 01:44:15.926,7.782360000000001,7.78183,0.47,1.2
13.08.2021 01:44:15.977,7.782360000000001,7.78183,0.47,0.37
13.08.2021 01:44:16.078,7.78235,7.78183,0.85,0.37
13.08.2021 01:44:16.179,7.782280000000001,7.78183,0.75,0.37
13.08.2021 01:44:16.330,7.781810000000001,7.78155,0.75,0.75
13.08.2021 01:44:16.538,7.782050000000001,7.781530000000001,0.47,0.75
13.08.2021 01:44:16.589,7.78209,7.78154,0.47,0.75
13.08.2021 01:44:16.690,7.78213,7.78159,0.37,0.75
13.08.2021 01:44:16.790,7.78217,7.78159,0.37,0.75
13.08.2021 01:44:19.373,7.78224,7.78159,0.85,0.75
13.08.2021 01:44:19.509,7.78225,7.7816,0.85,0.75
13.08.2021 01:44:19.609,7.78224,7.781610000000001,0.47,0.75
13.08.2021 01:44:19.710,7.78224,7.7816,0.47,0.75
13.08.2021 01:44:19.811,7.78224,7.78159,1.22,0.75
13.08.2021 01:44:21.015,7.78218,7.78159,0.37,0.75
13.08.2021 01:44:28.890,7.78218,7.7816,0.47,0.75
13.08.2021 01:44:29.120,7.78218,7.78159,0.45,0.75
13.08.2021 01:44:29.478,7.78222,7.78159,0.47,0.75
13.08.2021 01:44:29.985,7.78222,7.78159,0.47,0.75
13.08.2021 01:44:33.359,7.78222,7.78159,0.85,0.75
13.08.2021 01:44:35.012,7.78222,7.78159,0.85,0.75
13.08.2021 01:44:40.859,7.78222,7.78159,0.85,0.75
13.08.2021 01:44:44.359,7.78218,7.78172,0.47,0.37
13.08.2021 01:44:44.950,7.78218,7.78159,0.47,0.75
13.08.2021 01:44:45.349,7.78218,7.78159,0.47,0.75
13.08.2021 01:44:47.851,7.78218,7.78159,0.47,0.75
13.08.2021 01:44:53.354,7.78219,7.78159,0.47,0.75
13.08.2021 01:44:59.609,7.78213,7.781530000000001,0.75,0.85
13.08.2021 01:44:59.659,7.7820800000000006,7.78147,0.45,1.6
13.08.2021 01:44:59.710,7.782030000000001,7.781510000000001,0.45,0.37
13.08.2021 01:44:59.861,7.781860000000001,7.7816,0.75,0.75
13.08.2021 01:45:18.771,7.781810000000001,7.78155,0.75,0.75
13.08.2021 01:45:20.039,7.78184,7.78144,0.37,0.37
13.08.2021 01:45:20.319,7.781910000000001,7.78144,0.47,0.37
13.08.2021 01:45:21.590,7.781910000000001,7.78142,0.47,0.37
13.08.2021 01:45:21.820,7.781880000000001,7.7814000000000005,0.45,0.37
13.08.2021 01:45:24.359,7.781880000000001,7.7814000000000005,0.47,0.37
13.08.2021 01:45:27.681,7.781880000000001,7.78139,0.47,0.37
13.08.2021 01:45:27.822,7.7819,7.781410000000001,0.47,0.37
13.08.2021 01:45:32.592,7.7819,7.78142,0.47,0.75
13.08.2021 01:45:44.370,7.78185,7.78142,0.37,0.75
13.08.2021 01:45:44.421,7.78185,7.781360000000001,0.37,1.12
13.08.2021 01:45:44.715,7.78185,7.78137,0.45,0.37
13.08.2021 01:45:44.900,7.78185,7.78137,0.47,0.37
13.08.2021 01:45:45.719,7.78185,7.78138,0.47,0.37
13.08.2021 01:45:46.719,7.78185,7.78139,0.47,0.37
13.08.2021 01:45:57.705,7.7819,7.78144,1.22,0.37
13.08.2021 01:45:57.755,7.781930000000001,7.78144,0.47,0.37
13.08.2021 01:45:57.806,7.781930000000001,7.78144,0.47,0.37
13.08.2021 01:45:57.992,7.781930000000001,7.78144,0.47,0.37
13.08.2021 01:45:58.207,7.781930000000001,7.78144,0.47,0.37
13.08.2021 01:45:59.021,7.781960000000001,7.78147,0.47,0.37
13.08.2021 01:45:59.233,7.781960000000001,7.78147,0.47,0.37
13.08.2021 01:46:04.336,7.7818000000000005,7.78154,0.75,0.75
13.08.2021 01:46:04.468,7.78185,7.78159,0.75,0.75
13.08.2021 01:46:11.085,7.78194,7.78145,0.37,0.45
13.08.2021 01:46:11.135,7.782,7.781510000000001,0.47,0.37
13.08.2021 01:46:11.236,7.782,7.781510000000001,0.47,0.37
13.08.2021 01:46:17.053,7.78197,7.781510000000001,0.47,0.37
13.08.2021 01:46:17.819,7.7819,7.781510000000001,0.37,0.37
13.08.2021 01:46:18.827,7.781860000000001,7.781510000000001,0.37,0.37
13.08.2021 01:46:23.028,7.781860000000001,7.78147,0.37,0.75
13.08.2021 01:46:23.651,7.78185,7.78147,0.37,0.75
13.08.2021 01:46:24.801,7.78184,7.781480000000001,0.37,0.37
13.08.2021 01:46:25.803,7.78183,7.78149,0.37,0.37
13.08.2021 01:46:26.817,7.781860000000001,7.78149,0.37,0.37
13.08.2021 01:46:27.853,7.781860000000001,7.78147,0.37,0.75
13.08.2021 01:46:27.953,7.781960000000001,7.78147,0.47,0.37
13.08.2021 01:46:30.008,7.78194,7.78147,0.37,0.37
13.08.2021 01:46:32.000,7.781930000000001,7.78147,0.37,0.75
13.08.2021 01:46:33.815,7.781910000000001,7.78147,0.37,0.75
13.08.2021 01:46:34.667,7.78185,7.78159,0.75,0.75
13.08.2021 01:47:01.377,7.78195,7.78149,1.2,0.75
13.08.2021 01:47:01.535,7.78195,7.78149,1.22,0.75
13.08.2021 01:47:01.873,7.781930000000001,7.78149,0.37,0.75
13.08.2021 01:47:03.900,7.781930000000001,7.781510000000001,0.37,0.37
13.08.2021 01:47:04.721,7.78185,7.78159,0.75,0.75
13.08.2021 01:47:06.683,7.78185,7.781580000000001,0.75,0.75
13.08.2021 01:47:26.597,7.78183,7.781580000000001,0.37,0.75
13.08.2021 01:47:26.844,7.78185,7.78159,0.75,0.37
13.08.2021 01:47:27.872,7.78185,7.781610000000001,0.75,0.37
13.08.2021 01:47:27.973,7.781860000000001,7.781610000000001,0.75,1.12
13.08.2021 01:47:37.653,7.781860000000001,7.781630000000001,0.75,0.75
13.08.2021 01:49:46.149,7.781880000000001,7.7816399999999994,0.75,0.75
13.08.2021 01:51:11.909,7.781880000000001,7.78165,0.75,0.37
13.08.2021 01:51:12.071,7.781880000000001,7.7816399999999994,0.75,0.75
13.08.2021 01:51:14.432,7.781860000000001,7.7816399999999994,0.75,0.75
13.08.2021 01:51:27.707,7.781860000000001,7.781630000000001,0.75,0.75
13.08.2021 01:51:28.086,7.781860000000001,7.78162,0.75,0.75
13.08.2021 01:51:29.230,7.78192,7.78145,0.37,0.37
13.08.2021 01:51:29.280,7.781860000000001,7.781610000000001,0.75,0.75
13.08.2021 01:51:29.331,7.78192,7.78142,0.37,1.12
13.08.2021 01:51:29.381,7.781860000000001,7.781610000000001,0.75,0.75
13.08.2021 01:51:29.432,7.78192,7.78142,0.37,1.12
13.08.2021 01:51:29.482,7.781860000000001,7.781610000000001,0.75,0.75
13.08.2021 01:51:29.533,7.78192,7.78142,0.37,2.62
13.08.2021 01:51:29.583,7.781860000000001,7.781610000000001,0.75,0.75
13.08.2021 01:51:29.634,7.78192,7.78142,0.37,1.12
13.08.2021 01:51:29.684,7.781860000000001,7.781610000000001,0.75,0.75
13.08.2021 01:51:29.735,7.78192,7.78142,0.37,2.62
13.08.2021 01:51:29.785,7.781860000000001,7.781610000000001,0.75,0.75
13.08.2021 01:51:29.835,7.78192,7.78142,0.37,2.7
13.08.2021 01:51:29.886,7.781860000000001,7.781610000000001,0.75,0.75
13.08.2021 01:51:29.936,7.78194,7.78142,0.37,2.7
13.08.2021 01:51:29.987,7.781860000000001,7.781610000000001,0.75,0.75
13.08.2021 01:51:30.037,7.78194,7.78143,0.37,0.75
13.08.2021 01:51:30.088,7.781860000000001,7.781610000000001,0.75,0.75
13.08.2021 01:51:30.138,7.78194,7.78142,0.37,2.62
13.08.2021 01:51:30.189,7.781860000000001,7.781610000000001,0.75,0.75
13.08.2021 01:51:33.841,7.78194,7.78142,0.37,2.35
13.08.2021 01:51:34.007,7.78194,7.78143,0.37,0.85
13.08.2021 01:51:34.129,7.781860000000001,7.781610000000001,0.75,0.75
13.08.2021 01:51:50.616,7.78192,7.781460000000001,0.37,0.37
13.08.2021 01:51:51.124,7.78195,7.78144,0.45,0.37
13.08.2021 01:51:53.469,7.78195,7.78145,0.45,0.37
13.08.2021 01:51:54.099,7.78197,7.78143,0.47,0.82
13.08.2021 01:51:54.664,7.78197,7.78142,0.47,0.75
13.08.2021 01:51:55.116,7.78197,7.78142,0.45,0.82
13.08.2021 01:52:02.537,7.781980000000001,7.78142,0.37,0.82
13.08.2021 01:52:03.405,7.781980000000001,7.78142,0.37,0.85
13.08.2021 01:52:06.815,7.781980000000001,7.78142,0.37,0.85
13.08.2021 01:52:06.866,7.781860000000001,7.781610000000001,0.75,0.75
13.08.2021 01:52:17.969,7.781860000000001,7.7816,0.75,0.75
13.08.2021 01:52:18.019,7.781930000000001,7.78149,0.37,0.37
13.08.2021 01:52:18.120,7.781930000000001,7.78144,0.37,0.37
13.08.2021 01:52:18.703,7.78195,7.78144,0.37,0.37
13.08.2021 01:52:19.160,7.78195,7.78142,0.37,0.37
13.08.2021 01:52:27.705,7.781960000000001,7.78142,0.37,0.37
13.08.2021 01:52:34.547,7.781960000000001,7.78144,0.37,0.37
13.08.2021 01:52:35.212,7.781960000000001,7.78144,0.47,0.37
13.08.2021 01:52:35.548,7.781960000000001,7.78143,0.47,0.37
13.08.2021 01:52:49.060,7.781960000000001,7.781410000000001,0.47,0.82
13.08.2021 01:52:52.233,7.781960000000001,7.781410000000001,0.47,0.82
13.08.2021 01:52:57.928,7.78195,7.78142,0.47,0.75
13.08.2021 01:52:58.087,7.78195,7.78142,0.37,0.75
13.08.2021 01:52:58.888,7.7818700000000005,7.78147,0.37,0.37
13.08.2021 01:53:33.664,7.781860000000001,7.781480000000001,0.37,0.37
13.08.2021 01:53:35.050,7.781960000000001,7.78144,0.47,0.37
13.08.2021 01:53:39.822,7.781960000000001,7.78144,0.37,0.37
13.08.2021 01:53:40.581,7.781910000000001,7.781460000000001,0.37,0.37
13.08.2021 01:53:42.595,7.78192,7.781460000000001,0.37,0.37
13.08.2021 01:53:44.688,7.781910000000001,7.781460000000001,0.37,0.37
13.08.2021 01:53:45.708,7.78192,7.781460000000001,0.37,0.37
13.08.2021 01:53:47.694,7.781910000000001,7.781460000000001,0.37,0.37
13.08.2021 01:53:48.710,7.7818700000000005,7.78145,0.37,0.37
13.08.2021 01:53:50.697,7.7818700000000005,7.781460000000001,0.37,0.37
13.08.2021 01:53:51.700,7.781860000000001,7.78147,0.37,0.37
13.08.2021 01:53:52.703,7.78185,7.78147,0.37,0.37
13.08.2021 01:53:54.710,7.781880000000001,7.78147,0.37,0.37
13.08.2021 01:54:50.973,7.781880000000001,7.78157,0.37,0.37
13.08.2021 01:54:51.073,7.78194,7.78157,0.37,0.37
13.08.2021 01:54:52.430,7.78194,7.781560000000001,0.37,0.37
13.08.2021 01:54:53.931,7.78194,7.78155,0.37,0.37
13.08.2021 01:54:54.931,7.78194,7.781480000000001,0.37,0.37
13.08.2021 01:54:55.829,7.781930000000001,7.7815,0.37,0.37
13.08.2021 01:55:07.507,7.781930000000001,7.781480000000001,0.37,0.37
13.08.2021 01:55:50.940,7.78192,7.781480000000001,0.37,0.37
13.08.2021 01:55:52.947,7.781910000000001,7.781480000000001,0.37,0.37
13.08.2021 01:56:18.562,7.782,7.78144,0.37,0.75
13.08.2021 01:56:24.199,7.782,7.78143,0.37,1.12
13.08.2021 01:56:24.249,7.781760000000001,7.781510000000001,0.75,0.75
13.08.2021 01:56:36.424,7.78185,7.78137,0.37,0.75
13.08.2021 01:56:37.468,7.78185,7.78139,0.37,0.37
13.08.2021 01:56:40.475,7.78185,7.7814000000000005,0.75,0.37
13.08.2021 01:56:54.523,7.781760000000001,7.781510000000001,0.75,0.75
13.08.2021 01:57:02.897,7.781710000000001,7.781510000000001,0.37,0.75
13.08.2021 01:57:22.157,7.781700000000001,7.781510000000001,0.37,0.75
13.08.2021 01:57:28.552,7.7817300000000005,7.781510000000001,0.37,0.75
13.08.2021 01:57:29.687,7.78174,7.781510000000001,0.37,0.75
13.08.2021 01:57:29.788,7.7817300000000005,7.781510000000001,0.37,0.75
13.08.2021 01:57:29.889,7.7817300000000005,7.78137,0.37,2.62
13.08.2021 01:57:31.142,7.781760000000001,7.78138,0.37,0.37
13.08.2021 01:57:36.839,7.781760000000001,7.781510000000001,0.75,0.75
13.08.2021 01:57:47.770,7.78185,7.78139,0.37,0.37
13.08.2021 01:57:48.065,7.78185,7.78142,0.37,0.75
13.08.2021 01:57:54.243,7.781760000000001,7.78152,0.75,0.75
13.08.2021 01:57:57.198,7.78174,7.78152,0.37,0.75
13.08.2021 01:57:58.199,7.781760000000001,7.78152,1.12,0.75
13.08.2021 01:58:00.204,7.781750000000001,7.78152,0.37,0.75
13.08.2021 01:58:00.891,7.781760000000001,7.78152,0.75,0.75
13.08.2021 02:00:15.267,7.781750000000001,7.78147,0.75,0.75
13.08.2021 02:00:16.479,7.78172,7.78147,0.37,0.75
13.08.2021 02:01:01.247,7.781700000000001,7.78143,0.75,0.75
13.08.2021 02:01:01.298,7.781750000000001,7.781480000000001,0.75,0.75
13.08.2021 02:01:01.526,7.781750000000001,7.78149,0.75,0.37
13.08.2021 02:01:01.682,7.781750000000001,7.781480000000001,0.75,0.75
13.08.2021 02:02:49.786,7.7817300000000005,7.781480000000001,0.37,0.75
13.08.2021 02:02:50.790,7.78174,7.781480000000001,0.37,0.75
13.08.2021 02:03:52.701,7.781750000000001,7.781480000000001,0.75,0.75
13.08.2021 02:05:25.630,7.78182,7.78145,0.37,0.37
13.08.2021 02:05:32.200,7.781750000000001,7.781480000000001,0.75,0.75
13.08.2021 02:06:25.712,7.781750000000001,7.78149,0.75,0.37
13.08.2021 02:07:28.639,7.7818000000000005,7.781530000000001,0.75,0.75
13.08.2021 02:07:28.690,7.781750000000001,7.781480000000001,0.75,0.75
13.08.2021 02:07:42.517,7.78179,7.781480000000001,0.37,0.37
13.08.2021 02:07:43.381,7.78177,7.781460000000001,0.37,0.37
13.08.2021 02:07:44.383,7.781750000000001,7.781460000000001,0.37,0.37
13.08.2021 02:07:45.484,7.78174,7.78147,0.37,0.37
13.08.2021 02:07:58.781,7.78174,7.781480000000001,0.37,0.75
13.08.2021 02:08:31.314,7.781700000000001,7.78144,0.75,0.75
13.08.2021 02:08:33.482,7.781700000000001,7.781460000000001,0.75,0.37
13.08.2021 02:08:46.507,7.781700000000001,7.78144,0.75,1.12
13.08.2021 02:08:52.891,7.781700000000001,7.78145,0.75,0.37
13.08.2021 02:09:07.938,7.781700000000001,7.78144,0.75,0.75
13.08.2021 02:09:08.068,7.781810000000001,7.78138,1.12,0.37
13.08.2021 02:09:08.958,7.781810000000001,7.7814000000000005,1.2,0.37
13.08.2021 02:09:09.964,7.78178,7.78139,0.37,0.37
13.08.2021 02:09:11.556,7.78177,7.7814000000000005,0.37,0.37
13.08.2021 02:09:12.560,7.781760000000001,7.7814000000000005,0.37,0.37
13.08.2021 02:09:13.562,7.781750000000001,7.7814000000000005,0.37,0.37
13.08.2021 02:09:13.995,7.78165,7.78139,0.75,0.75
13.08.2021 02:09:27.459,7.781660000000001,7.7814000000000005,0.37,0.75
13.08.2021 02:09:27.510,7.781750000000001,7.7814000000000005,0.75,0.75
13.08.2021 02:09:27.560,7.781750000000001,7.78149,0.75,0.75
13.08.2021 02:09:49.009,7.78185,7.78143,0.45,0.37
13.08.2021 02:09:49.110,7.78185,7.78143,0.47,0.37
13.08.2021 02:09:49.211,7.7816,7.78134,0.75,0.75
13.08.2021 02:09:49.465,7.7816,7.78139,0.75,0.37
13.08.2021 02:09:49.515,7.781750000000001,7.78149,1.12,0.75
13.08.2021 02:09:49.566,7.781750000000001,7.781510000000001,0.75,0.37
13.08.2021 02:09:51.036,7.781750000000001,7.7815,0.75,0.37
13.08.2021 02:09:54.037,7.781750000000001,7.78149,0.75,1.12
13.08.2021 02:10:17.282,7.781860000000001,7.78144,0.75,0.37
13.08.2021 02:10:18.691,7.78185,7.78145,0.37,0.37
13.08.2021 02:10:19.693,7.78184,7.781460000000001,0.37,0.37
13.08.2021 02:10:19.802,7.781750000000001,7.78149,0.75,0.75
13.08.2021 02:11:24.056,7.781750000000001,7.7815,0.75,0.75
13.08.2021 02:11:29.359,7.781750000000001,7.78149,0.75,0.75
13.08.2021 02:12:00.011,7.7818000000000005,7.78154,0.75,0.75
13.08.2021 02:12:00.212,7.78185,7.78159,0.75,0.75
13.08.2021 02:12:20.201,7.78194,7.78149,2.35,0.37
13.08.2021 02:12:30.947,7.78185,7.78159,0.75,0.75
13.08.2021 02:12:40.038,7.78183,7.78159,0.37,0.75
13.08.2021 02:12:43.986,7.78182,7.78159,0.37,0.75
13.08.2021 02:12:44.988,7.78183,7.78159,0.37,0.75
13.08.2021 02:12:52.477,7.78185,7.78159,0.75,0.75
13.08.2021 02:12:57.011,7.78184,7.78159,0.37,0.75
13.08.2021 02:12:58.307,7.78185,7.78159,0.75,0.75
13.08.2021 02:13:09.038,7.78184,7.78159,0.37,0.75
13.08.2021 02:13:10.046,7.78185,7.78159,0.75,0.75
13.08.2021 02:13:10.247,7.7818000000000005,7.78154,0.75,0.75
13.08.2021 02:13:14.133,7.781810000000001,7.781560000000001,0.75,0.75
13.08.2021 02:13:20.912,7.781810000000001,7.781580000000001,0.75,0.75
13.08.2021 02:13:22.772,7.781810000000001,7.78159,0.75,0.75
13.08.2021 02:13:40.911,7.781980000000001,7.78152,0.85,0.37
13.08.2021 02:13:46.908,7.78192,7.78149,0.37,0.45
13.08.2021 02:13:48.893,7.781880000000001,7.78149,0.37,1.2
13.08.2021 02:13:49.023,7.781880000000001,7.7815,0.37,0.37
13.08.2021 02:13:49.899,7.781880000000001,7.781560000000001,0.37,0.37
13.08.2021 02:13:53.776,7.781810000000001,7.78159,0.75,0.75
13.08.2021 02:14:10.361,7.781910000000001,7.781660000000001,0.75,0.75
13.08.2021 02:14:10.411,7.781910000000001,7.78169,0.75,0.75
13.08.2021 02:14:33.630,7.782,7.78162,0.75,0.75
13.08.2021 02:14:36.587,7.781910000000001,7.78169,0.75,0.75
13.08.2021 02:14:45.890,7.781960000000001,7.78174,0.75,0.75
13.08.2021 02:14:45.991,7.78195,7.781750000000001,0.75,0.75
13.08.2021 02:15:18.226,7.781860000000001,7.781660000000001,0.75,0.75
13.08.2021 02:15:18.277,7.781860000000001,7.7816399999999994,0.75,1.5
13.08.2021 02:15:35.045,7.781810000000001,7.78159,0.75,0.75
13.08.2021 02:16:20.651,7.781860000000001,7.7816399999999994,0.75,0.75
13.08.2021 02:16:38.871,7.78197,7.78154,0.37,1.22
13.08.2021 02:16:38.932,7.78197,7.78154,0.37,1.2
13.08.2021 02:16:39.033,7.78197,7.78157,0.37,0.37
13.08.2021 02:16:39.875,7.781860000000001,7.7816399999999994,0.75,0.75
13.08.2021 02:16:56.539,7.78185,7.7816399999999994,0.75,0.75
13.08.2021 02:17:06.537,7.781860000000001,7.7816399999999994,0.75,0.75
13.08.2021 02:19:06.538,7.781860000000001,7.78165,0.75,0.75
13.08.2021 02:19:36.538,7.781860000000001,7.7816399999999994,0.75,0.75
13.08.2021 02:19:52.191,7.781910000000001,7.78169,0.75,0.75
13.08.2021 02:19:52.393,7.781860000000001,7.7816399999999994,0.75,0.75
13.08.2021 02:20:04.019,7.781910000000001,7.78169,0.75,0.75
13.08.2021 02:20:26.462,7.782039999999999,7.78162,0.75,0.37
13.08.2021 02:20:26.566,7.781910000000001,7.78169,0.75,0.75
13.08.2021 02:21:08.206,7.781980000000001,7.781680000000001,0.37,0.37
13.08.2021 02:21:08.357,7.78207,7.781610000000001,0.37,0.45
13.08.2021 02:21:08.599,7.78207,7.781610000000001,0.37,0.47
13.08.2021 02:21:08.658,7.78202,7.781610000000001,0.75,1.22
13.08.2021 02:21:08.761,7.782030000000001,7.7816399999999994,0.75,0.75
13.08.2021 02:21:10.393,7.78202,7.781630000000001,0.75,0.75
13.08.2021 02:21:16.540,7.781910000000001,7.78169,0.75,0.75
13.08.2021 02:22:07.244,7.781910000000001,7.781700000000001,0.75,0.37
13.08.2021 02:22:08.186,7.781910000000001,7.78169,0.75,0.75
13.08.2021 02:23:50.337,7.781910000000001,7.781710000000001,0.75,0.37
13.08.2021 02:24:05.367,7.781910000000001,7.78172,0.75,0.37
13.08.2021 02:24:24.953,7.78192,7.78172,0.75,0.37
13.08.2021 02:24:27.227,7.78192,7.78169,0.75,1.12
13.08.2021 02:24:54.056,7.781910000000001,7.78169,0.75,0.75
13.08.2021 02:25:02.581,7.781960000000001,7.781700000000001,0.75,0.75
13.08.2021 02:25:49.459,7.781930000000001,7.781700000000001,0.37,0.75
13.08.2021 02:26:04.402,7.781960000000001,7.781700000000001,0.75,0.75
13.08.2021 02:27:32.498,7.7819899999999995,7.78167,0.75,0.75
13.08.2021 02:27:33.079,7.781960000000001,7.781700000000001,0.75,0.75
13.08.2021 02:28:17.889,7.7820100000000005,7.78165,0.75,0.37
13.08.2021 02:28:19.182,7.7820100000000005,7.7816399999999994,0.75,0.75
13.08.2021 02:28:33.488,7.781960000000001,7.781700000000001,0.75,0.75
13.08.2021 02:29:26.478,7.78195,7.781700000000001,0.75,0.75
13.08.2021 02:30:31.861,7.78194,7.781700000000001,0.75,0.75
13.08.2021 02:30:48.665,7.7819899999999995,7.78174,0.75,0.75
13.08.2021 02:30:48.766,7.78194,7.781700000000001,0.75,0.75
13.08.2021 02:31:37.825,7.781930000000001,7.781680000000001,0.75,0.75
13.08.2021 02:31:39.324,7.78194,7.781700000000001,0.75,0.75
13.08.2021 02:33:01.703,7.7819899999999995,7.78174,0.75,0.75
13.08.2021 02:33:02.061,7.78195,7.781700000000001,0.75,0.75
13.08.2021 02:33:11.802,7.782,7.78162,0.75,0.37
13.08.2021 02:33:12.692,7.78194,7.781660000000001,0.37,0.37
13.08.2021 02:33:15.196,7.782,7.781610000000001,0.75,0.75
13.08.2021 02:33:32.348,7.78195,7.781700000000001,0.75,0.75
13.08.2021 02:33:36.274,7.781930000000001,7.78169,0.75,0.75
13.08.2021 02:34:46.480,7.78194,7.781700000000001,0.75,0.75
13.08.2021 02:34:47.827,7.781960000000001,7.781700000000001,0.75,0.75
13.08.2021 02:41:19.153,7.78195,7.781710000000001,0.75,0.75
13.08.2021 02:41:56.448,7.78194,7.781700000000001,0.75,0.75
13.08.2021 02:43:16.447,7.781930000000001,7.78169,0.75,0.75
13.08.2021 02:43:45.902,7.78195,7.781700000000001,0.75,0.75
13.08.2021 02:43:45.952,7.78195,7.78172,0.75,0.37
13.08.2021 02:44:01.020,7.78195,7.781700000000001,0.75,0.75
13.08.2021 02:45:18.261,7.781930000000001,7.78169,0.75,0.75
13.08.2021 02:45:18.474,7.78192,7.78169,0.75,0.75
13.08.2021 02:46:57.285,7.78197,7.78174,0.75,0.75
13.08.2021 02:46:57.436,7.78192,7.78169,0.75,0.75
13.08.2021 02:47:23.128,7.78189,7.78162,0.75,0.37
13.08.2021 02:47:24.189,7.78189,7.781610000000001,0.75,1.12
13.08.2021 02:47:50.311,7.782030000000001,7.78162,0.75,0.75
13.08.2021 02:47:53.224,7.78189,7.78162,0.75,0.75
13.08.2021 02:48:46.456,7.7819,7.78162,0.75,2.25
13.08.2021 02:48:50.864,7.7819,7.78165,0.75,0.37
13.08.2021 02:48:52.368,7.7819,7.781660000000001,0.75,0.37
13.08.2021 02:49:55.658,7.7819,7.78162,0.75,1.12
13.08.2021 02:50:14.542,7.7819,7.78167,0.75,0.37
13.08.2021 02:50:17.300,7.7819,7.781710000000001,0.75,0.37
13.08.2021 02:51:23.658,7.7819,7.78162,0.75,2.25
13.08.2021 02:52:36.409,7.7819,7.7816399999999994,0.75,0.75
13.08.2021 02:53:20.218,7.78195,7.78169,0.75,0.75
13.08.2021 02:53:20.322,7.7819,7.7816399999999994,0.75,0.75
13.08.2021 02:53:49.561,7.7819,7.781630000000001,0.75,0.75
13.08.2021 02:54:04.647,7.7819,7.7816399999999994,0.75,0.75
13.08.2021 02:54:05.658,7.7819,7.781710000000001,0.75,0.37
13.08.2021 02:54:25.935,7.78195,7.781810000000001,0.37,0.75
13.08.2021 02:54:25.985,7.782039999999999,7.781810000000001,0.75,0.75
13.08.2021 02:54:26.086,7.782100000000001,7.78184,0.75,0.75
13.08.2021 02:54:33.269,7.782100000000001,7.78185,0.75,0.75
13.08.2021 02:54:37.391,7.782100000000001,7.78184,0.75,2.25
13.08.2021 02:54:37.883,7.782100000000001,7.781860000000001,0.75,0.75
13.08.2021 02:54:41.705,7.78219,7.78185,0.37,0.75
13.08.2021 02:54:42.148,7.78219,7.781860000000001,0.37,0.75
13.08.2021 02:54:43.917,7.782150000000001,7.78189,0.75,2.25
13.08.2021 02:54:44.018,7.7822000000000005,7.78194,0.75,0.75
13.08.2021 02:54:56.375,7.78229,7.782039999999999,0.75,0.75
13.08.2021 02:54:56.476,7.7823,7.782039999999999,0.75,0.75
13.08.2021 02:54:59.412,7.78229,7.782039999999999,0.75,0.75
13.08.2021 02:54:59.862,7.7823,7.782039999999999,2.25,0.75
13.08.2021 02:55:01.467,7.78229,7.782039999999999,0.75,0.75
13.08.2021 02:55:01.953,7.7823,7.782039999999999,2.25,0.75
13.08.2021 02:55:55.962,7.78225,7.782039999999999,0.75,0.37
13.08.2021 02:55:56.013,7.78225,7.7819899999999995,0.75,0.75
13.08.2021 02:55:56.063,7.7822000000000005,7.78194,0.75,0.82
13.08.2021 02:55:56.297,7.782150000000001,7.78189,0.75,1.22
13.08.2021 02:55:56.348,7.782360000000001,7.781880000000001,0.85,0.47
13.08.2021 02:55:56.476,7.78234,7.781880000000001,0.85,0.37
13.08.2021 02:55:57.522,7.78234,7.78183,0.85,1.22
13.08.2021 02:56:00.411,7.78234,7.78185,0.85,0.85
13.08.2021 02:56:02.328,7.78234,7.781880000000001,0.85,0.37
13.08.2021 02:56:02.892,7.78234,7.781880000000001,0.85,0.37
13.08.2021 02:56:06.586,7.78232,7.781880000000001,0.37,0.37
13.08.2021 02:56:08.252,7.782310000000001,7.78189,0.37,0.37
13.08.2021 02:56:09.254,7.7823,7.7819,0.37,0.37
13.08.2021 02:56:10.361,7.7823,7.781910000000001,0.37,0.37
13.08.2021 02:56:11.364,7.7823,7.78192,0.37,0.37
13.08.2021 02:56:14.911,7.78235,7.78184,0.85,0.85
13.08.2021 02:56:17.159,7.78235,7.78183,0.85,0.47
13.08.2021 02:56:22.413,7.78237,7.78185,0.39,1.22
13.08.2021 02:56:22.463,7.782260000000001,7.7820100000000005,0.75,0.75
13.08.2021 02:56:28.368,7.782310000000001,7.782060000000001,0.75,0.75
13.08.2021 02:56:29.576,7.782360000000001,7.782110000000001,0.75,0.75
13.08.2021 02:56:31.871,7.7823,7.782050000000001,0.75,1.12
13.08.2021 02:56:48.650,7.78225,7.782,0.75,0.82
13.08.2021 02:57:22.886,7.7822700000000005,7.78192,0.37,0.37
13.08.2021 02:57:22.937,7.7822700000000005,7.78185,0.37,0.47
13.08.2021 02:57:23.037,7.7822700000000005,7.78178,0.37,0.47
13.08.2021 02:57:24.352,7.78224,7.78178,0.37,0.47
13.08.2021 02:57:25.322,7.78224,7.78178,0.37,0.47
13.08.2021 02:57:25.473,7.78224,7.78178,0.37,1.22
13.08.2021 02:57:25.853,7.78225,7.78178,0.37,1.22
13.08.2021 02:57:29.504,7.78225,7.781810000000001,0.37,0.47
13.08.2021 02:57:29.990,7.78225,7.78185,0.37,0.37
13.08.2021 02:57:33.424,7.78225,7.78183,0.37,0.45
13.08.2021 02:57:37.351,7.78225,7.78182,0.37,0.45
13.08.2021 02:57:37.909,7.78225,7.78184,0.37,0.37
13.08.2021 02:57:38.876,7.78225,7.78185,0.37,0.37
13.08.2021 02:57:39.918,7.78225,7.781860000000001,0.75,0.37
13.08.2021 02:57:40.859,7.78222,7.781860000000001,0.37,0.37
13.08.2021 02:57:41.346,7.78222,7.781910000000001,0.37,0.37
13.08.2021 02:57:44.444,7.78222,7.78194,0.37,0.37
13.08.2021 02:57:46.861,7.782230000000001,7.78194,0.37,0.37
13.08.2021 02:58:12.581,7.78222,7.78194,0.37,0.37
13.08.2021 02:58:12.631,7.78222,7.781750000000001,0.37,0.85
13.08.2021 02:58:15.359,7.78222,7.781750000000001,0.37,0.85
13.08.2021 02:58:35.883,7.782210000000001,7.781750000000001,0.37,0.85
13.08.2021 02:58:50.910,7.782210000000001,7.78184,0.37,0.37
13.08.2021 02:59:24.576,7.782210000000001,7.781750000000001,0.37,0.85
13.08.2021 02:59:26.025,7.78225,7.781750000000001,0.37,0.85
13.08.2021 02:59:42.358,7.78225,7.781750000000001,0.37,0.85
13.08.2021 02:59:59.557,7.78224,7.781750000000001,0.37,0.85
13.08.2021 03:00:05.658,7.78224,7.781750000000001,0.37,0.82
13.08.2021 03:00:23.333,7.78224,7.781930000000001,0.37,0.37
13.08.2021 03:00:23.584,7.7822700000000005,7.781930000000001,0.37,0.37
13.08.2021 03:00:23.812,7.78218,7.781930000000001,0.37,0.37
13.08.2021 03:00:24.240,7.78218,7.781880000000001,0.37,0.37
13.08.2021 03:00:25.294,7.78219,7.781880000000001,0.37,0.37
13.08.2021 03:00:32.797,7.7822000000000005,7.781880000000001,0.37,0.37
13.08.2021 03:00:33.836,7.7822000000000005,7.78189,0.37,0.37
13.08.2021 03:00:37.298,7.782210000000001,7.78189,0.37,0.37
13.08.2021 03:01:03.097,7.782210000000001,7.78189,0.47,0.37
13.08.2021 03:01:03.148,7.782210000000001,7.7818000000000005,0.47,0.37
13.08.2021 03:01:03.831,7.782210000000001,7.7818000000000005,0.37,0.37
13.08.2021 03:01:04.848,7.782210000000001,7.78178,0.37,0.37
13.08.2021 03:01:08.857,7.782210000000001,7.78179,0.37,0.37
13.08.2021 03:01:09.860,7.782210000000001,7.7818000000000005,0.37,0.37
13.08.2021 03:01:10.861,7.782210000000001,7.781860000000001,0.37,0.37
13.08.2021 03:01:21.187,7.78222,7.781860000000001,0.37,0.37
13.08.2021 03:01:32.615,7.782230000000001,7.781860000000001,0.37,0.37
13.08.2021 03:01:35.941,7.782210000000001,7.781860000000001,0.37,0.37
13.08.2021 03:01:38.867,7.7822000000000005,7.781860000000001,0.37,0.37
13.08.2021 03:01:41.868,7.782210000000001,7.781860000000001,0.37,0.37
13.08.2021 03:01:49.371,7.78222,7.781860000000001,0.37,0.37
13.08.2021 03:01:50.648,7.782210000000001,7.7819899999999995,0.75,0.75
13.08.2021 03:02:02.971,7.782210000000001,7.78202,0.75,0.37
13.08.2021 03:02:07.794,7.782210000000001,7.7819899999999995,0.75,1.12
13.08.2021 03:02:08.797,7.782210000000001,7.782,0.75,0.37
13.08.2021 03:02:14.651,7.782210000000001,7.7819899999999995,0.75,0.75
13.08.2021 03:02:14.752,7.7822000000000005,7.7819899999999995,0.75,0.75
13.08.2021 03:02:16.348,7.782210000000001,7.7819899999999995,0.75,0.75
13.08.2021 03:02:41.898,7.7822700000000005,7.78189,0.37,0.37
13.08.2021 03:02:46.563,7.782210000000001,7.7819899999999995,0.75,0.75
13.08.2021 03:03:15.040,7.782160000000001,7.78194,0.75,0.75
13.08.2021 03:03:15.191,7.782210000000001,7.7819899999999995,0.75,0.75
13.08.2021 03:03:48.816,7.782210000000001,7.781980000000001,0.75,0.75
13.08.2021 03:04:06.346,7.782210000000001,7.7819899999999995,0.75,0.75
13.08.2021 03:05:54.552,7.782210000000001,7.782,0.75,0.37
13.08.2021 03:05:58.747,7.782210000000001,7.7819899999999995,0.75,0.75
13.08.2021 03:06:39.794,7.782210000000001,7.78197,0.75,0.75
13.08.2021 03:06:39.906,7.782160000000001,7.78192,0.75,0.75
13.08.2021 03:06:39.957,7.7822000000000005,7.78184,0.37,1.22
13.08.2021 03:06:40.108,7.7822000000000005,7.78184,0.37,0.47
13.08.2021 03:06:40.258,7.7822000000000005,7.78184,0.37,0.37
13.08.2021 03:06:40.528,7.7822000000000005,7.78179,0.37,0.47
13.08.2021 03:06:40.754,7.7822000000000005,7.78179,0.37,0.45
13.08.2021 03:06:41.204,7.7822000000000005,7.78179,0.37,0.47
13.08.2021 03:06:41.371,7.78225,7.78179,0.37,0.47
13.08.2021 03:06:43.307,7.78225,7.78178,0.37,0.47
13.08.2021 03:06:44.291,7.78225,7.78178,0.37,0.47
13.08.2021 03:06:45.238,7.78225,7.78178,0.37,0.47
13.08.2021 03:06:47.186,7.78229,7.781880000000001,0.85,0.37
13.08.2021 03:06:47.288,7.782260000000001,7.781880000000001,0.37,0.37
13.08.2021 03:06:47.398,7.782260000000001,7.781910000000001,0.37,0.75
13.08.2021 03:06:47.499,7.7823,7.781910000000001,0.85,0.75
13.08.2021 03:06:47.902,7.7823,7.78189,0.85,1.12
13.08.2021 03:06:54.623,7.78229,7.7819,0.82,0.75
13.08.2021 03:06:56.230,7.782260000000001,7.781930000000001,0.75,0.75
13.08.2021 03:07:09.916,7.782210000000001,7.78197,0.75,0.75
13.08.2021 03:07:26.839,7.782310000000001,7.781880000000001,0.37,0.47
13.08.2021 03:07:36.352,7.7822700000000005,7.78184,0.37,0.47
13.08.2021 03:07:40.420,7.782210000000001,7.78197,0.75,0.75
13.08.2021 03:07:51.011,7.782210000000001,7.7820100000000005,0.75,0.37
13.08.2021 03:08:14.961,7.7822700000000005,7.782060000000001,0.37,0.75
13.08.2021 03:08:15.062,7.782360000000001,7.782110000000001,0.75,0.75
13.08.2021 03:08:29.066,7.782310000000001,7.782060000000001,0.75,0.75
13.08.2021 03:08:29.326,7.782360000000001,7.782110000000001,0.75,0.75
13.08.2021 03:08:47.278,7.782460000000001,7.782039999999999,0.85,0.45
13.08.2021 03:08:48.859,7.7824,7.782150000000001,0.75,0.75
13.08.2021 03:09:05.209,7.782460000000001,7.782110000000001,0.85,0.75
13.08.2021 03:09:05.822,7.782410000000001,7.782160000000001,0.37,0.37
13.08.2021 03:09:10.153,7.7824,7.782160000000001,0.37,0.37
13.08.2021 03:09:12.161,7.782410000000001,7.782160000000001,0.37,0.37
13.08.2021 03:09:13.165,7.7824,7.78217,0.37,0.37
13.08.2021 03:09:14.382,7.782430000000001,7.78214,0.37,0.37
13.08.2021 03:09:17.181,7.782439999999999,7.782150000000001,0.37,0.37
13.08.2021 03:09:18.950,7.7824,7.782150000000001,0.75,1.12
13.08.2021 03:09:45.904,7.7824,7.782160000000001,0.75,0.37
13.08.2021 03:09:46.457,7.782360000000001,7.782160000000001,0.75,0.37
13.08.2021 03:09:46.507,7.782360000000001,7.782100000000001,0.75,0.75
13.08.2021 03:09:46.608,7.78235,7.782100000000001,0.75,0.75
13.08.2021 03:09:55.217,7.7823,7.78207,0.75,0.37
13.08.2021 03:09:55.318,7.78224,7.782030000000001,0.75,0.37
13.08.2021 03:09:55.419,7.78224,7.78202,0.75,0.75
13.08.2021 03:10:00.703,7.78224,7.782030000000001,0.75,0.75
13.08.2021 03:10:15.622,7.78225,7.782039999999999,0.75,0.75
13.08.2021 03:10:35.785,7.7823,7.78202,0.37,0.75
13.08.2021 03:10:45.805,7.78225,7.782039999999999,0.75,0.75
13.08.2021 03:11:55.692,7.78225,7.782050000000001,0.75,0.37
13.08.2021 03:11:56.169,7.78225,7.782039999999999,0.75,0.75
13.08.2021 03:12:04.891,7.78225,7.78207,0.75,0.37
13.08.2021 03:12:09.113,7.782330000000001,7.78207,0.45,0.37
13.08.2021 03:12:09.164,7.782330000000001,7.78202,0.47,0.75
13.08.2021 03:12:09.272,7.782330000000001,7.78202,0.47,0.75
13.08.2021 03:12:16.291,7.78225,7.782039999999999,0.75,0.75
13.08.2021 03:13:04.392,7.78225,7.782050000000001,0.75,0.37
13.08.2021 03:13:17.331,7.78225,7.782060000000001,0.75,0.37
13.08.2021 03:14:00.419,7.78225,7.782050000000001,0.75,0.37
13.08.2021 03:14:56.301,7.782260000000001,7.782050000000001,0.75,0.75
13.08.2021 03:14:56.717,7.78225,7.782050000000001,0.75,0.75
13.08.2021 03:15:41.267,7.78222,7.782050000000001,0.75,0.37
13.08.2021 03:15:41.317,7.782160000000001,7.78194,0.75,0.82
13.08.2021 03:15:41.433,7.782160000000001,7.781930000000001,0.75,0.75
13.08.2021 03:15:41.690,7.782110000000001,7.781880000000001,0.75,0.75
13.08.2021 03:15:53.948,7.782060000000001,7.78183,0.75,0.75
13.08.2021 03:15:54.049,7.7820100000000005,7.78178,0.75,0.75
13.08.2021 03:15:54.322,7.781960000000001,7.7817300000000005,0.75,0.82
13.08.2021 03:15:56.077,7.781910000000001,7.781680000000001,0.75,0.75
13.08.2021 03:16:05.926,7.781910000000001,7.78169,0.75,0.75
13.08.2021 03:16:07.478,7.781860000000001,7.7816399999999994,0.75,0.75
13.08.2021 03:16:15.021,7.781880000000001,7.78165,0.75,0.75
13.08.2021 03:16:16.312,7.781860000000001,7.7816399999999994,0.75,0.75
13.08.2021 03:16:18.001,7.781880000000001,7.7816399999999994,0.75,0.75
13.08.2021 03:16:20.868,7.7818700000000005,7.7816399999999994,0.75,0.75
13.08.2021 03:16:35.803,7.7818700000000005,7.781680000000001,0.75,0.37
13.08.2021 03:16:37.696,7.78197,7.78169,0.45,0.37
13.08.2021 03:16:38.902,7.78197,7.78157,0.45,0.47
13.08.2021 03:16:38.952,7.7818700000000005,7.78165,0.75,0.75
13.08.2021 03:16:44.492,7.7818700000000005,7.7816399999999994,0.75,0.75
13.08.2021 03:17:19.971,7.78189,7.7816399999999994,0.75,1.12
13.08.2021 03:17:26.256,7.7818700000000005,7.7816399999999994,0.75,1.12
13.08.2021 03:17:30.846,7.7818700000000005,7.78165,0.75,0.37
13.08.2021 03:17:42.170,7.7818700000000005,7.78169,0.75,0.37
13.08.2021 03:18:03.773,7.78189,7.78169,0.75,0.37
13.08.2021 03:18:45.188,7.78189,7.78165,0.75,0.75
13.08.2021 03:18:56.256,7.78189,7.7816399999999994,0.75,0.75
13.08.2021 03:19:27.303,7.7819,7.78165,0.75,0.75
13.08.2021 03:20:26.257,7.78189,7.7816399999999994,0.75,0.75
13.08.2021 03:20:47.678,7.7819,7.78165,0.75,0.75
13.08.2021 03:21:29.597,7.78195,7.781660000000001,0.75,0.75
13.08.2021 03:21:29.698,7.7819,7.78165,0.75,0.75
13.08.2021 03:21:39.046,7.78195,7.781660000000001,0.75,0.75
13.08.2021 03:21:39.265,7.78195,7.781700000000001,0.75,0.75
13.08.2021 03:21:39.695,7.782,7.78174,0.75,0.75
13.08.2021 03:21:39.947,7.782,7.781750000000001,0.75,0.75
13.08.2021 03:21:56.578,7.7820100000000005,7.781750000000001,0.75,0.75
13.08.2021 03:22:14.337,7.782060000000001,7.7818000000000005,0.75,0.75
13.08.2021 03:22:14.488,7.782060000000001,7.781810000000001,0.75,0.37
13.08.2021 03:22:14.667,7.782060000000001,7.7818000000000005,0.75,0.75
13.08.2021 03:23:03.664,7.782060000000001,7.781810000000001,0.75,0.37
13.08.2021 03:23:05.231,7.782060000000001,7.78182,0.75,0.37
13.08.2021 03:23:11.538,7.782060000000001,7.78185,0.75,0.37
13.08.2021 03:23:13.356,7.782060000000001,7.781860000000001,0.75,0.37
13.08.2021 03:23:14.360,7.782060000000001,7.7818700000000005,0.75,0.37
13.08.2021 03:23:17.884,7.782060000000001,7.7818000000000005,0.75,0.75
13.08.2021 03:23:18.775,7.78212,7.78185,0.75,0.75
13.08.2021 03:23:25.409,7.78207,7.7818000000000005,0.75,0.75
13.08.2021 03:23:41.189,7.78217,7.78174,1.22,0.45
13.08.2021 03:23:51.360,7.78217,7.78174,1.22,0.47
13.08.2021 03:23:53.955,7.78217,7.78174,1.22,0.47
13.08.2021 03:23:55.423,7.78207,7.7818000000000005,0.75,0.75
13.08.2021 03:24:34.361,7.78218,7.781750000000001,0.85,0.47
13.08.2021 03:24:35.241,7.78218,7.78177,0.47,0.37
13.08.2021 03:24:42.091,7.78207,7.7818000000000005,0.75,0.75
13.08.2021 03:26:24.844,7.78212,7.78185,0.75,0.75
13.08.2021 03:26:24.945,7.78217,7.7819,0.75,0.75
13.08.2021 03:26:52.805,7.78224,7.78184,0.37,0.85
13.08.2021 03:26:55.426,7.78217,7.7819,0.75,0.75
13.08.2021 03:27:20.736,7.78219,7.781910000000001,0.75,0.75
13.08.2021 03:27:21.598,7.78213,7.781910000000001,0.37,0.75
13.08.2021 03:27:21.699,7.781980000000001,7.781700000000001,0.75,0.75
13.08.2021 03:27:21.850,7.781980000000001,7.7818000000000005,0.37,0.75
13.08.2021 03:27:21.900,7.781980000000001,7.781700000000001,1.6,0.75
13.08.2021 03:27:22.887,7.781980000000001,7.781700000000001,1.2,0.75
13.08.2021 03:27:23.219,7.78195,7.781700000000001,0.37,0.75
13.08.2021 03:27:24.720,7.781960000000001,7.781700000000001,0.37,0.75
13.08.2021 03:27:27.722,7.78197,7.781700000000001,0.37,0.75
13.08.2021 03:27:29.058,7.7820100000000005,7.78174,1.22,0.75
13.08.2021 03:27:29.209,7.7820100000000005,7.7818000000000005,0.37,0.75
13.08.2021 03:27:29.550,7.7820800000000006,7.7818000000000005,0.75,0.75
13.08.2021 03:27:44.747,7.78213,7.78172,0.45,0.85
13.08.2021 03:27:45.074,7.78213,7.781700000000001,0.45,1.97
13.08.2021 03:27:45.385,7.781960000000001,7.7818000000000005,0.75,0.75
13.08.2021 03:27:45.436,7.781880000000001,7.78165,0.75,0.75
13.08.2021 03:27:45.587,7.78194,7.781680000000001,0.37,0.75
13.08.2021 03:27:45.637,7.78194,7.781750000000001,0.37,0.75
13.08.2021 03:27:45.688,7.78194,7.78157,0.37,0.47
13.08.2021 03:27:45.739,7.782060000000001,7.7818000000000005,0.75,0.75
13.08.2021 03:27:55.156,7.78218,7.78169,0.47,0.47
13.08.2021 03:27:55.207,7.78218,7.78169,0.47,0.47
13.08.2021 03:27:55.977,7.78213,7.7817300000000005,0.47,0.37
13.08.2021 03:27:58.644,7.78213,7.78177,0.47,0.37
13.08.2021 03:27:58.745,7.782160000000001,7.78177,0.47,0.37
13.08.2021 03:27:59.875,7.78219,7.7817300000000005,0.47,0.37
13.08.2021 03:28:03.485,7.782160000000001,7.781710000000001,0.85,0.47
13.08.2021 03:28:06.359,7.782160000000001,7.781710000000001,0.85,0.47
13.08.2021 03:28:15.790,7.782060000000001,7.7818000000000005,0.75,0.75
13.08.2021 03:28:36.235,7.782050000000001,7.7818000000000005,0.75,0.75
13.08.2021 03:28:39.269,7.782060000000001,7.7818000000000005,0.75,0.75
13.08.2021 03:29:06.776,7.782160000000001,7.781760000000001,0.85,0.37
13.08.2021 03:29:06.934,7.782160000000001,7.781760000000001,0.85,0.37
13.08.2021 03:29:07.920,7.782160000000001,7.78172,0.85,0.47
13.08.2021 03:29:09.339,7.782060000000001,7.7818000000000005,0.75,0.75
13.08.2021 03:31:09.111,7.782110000000001,7.78185,0.75,0.75
13.08.2021 03:31:09.212,7.782160000000001,7.7819,0.75,0.75
13.08.2021 03:31:09.549,7.78214,7.7819,0.37,0.75
13.08.2021 03:31:11.010,7.782150000000001,7.7819,0.37,0.75
13.08.2021 03:31:14.011,7.782160000000001,7.7819,1.12,0.75
13.08.2021 03:31:24.863,7.782150000000001,7.7819,0.37,0.75
13.08.2021 03:31:32.499,7.782150000000001,7.78194,0.37,0.75
13.08.2021 03:31:32.549,7.78218,7.78194,0.37,0.75
13.08.2021 03:31:33.450,7.782210000000001,7.78194,0.75,0.75
13.08.2021 03:31:48.587,7.782230000000001,7.78183,1.12,0.85
13.08.2021 03:32:02.751,7.782210000000001,7.78194,0.75,0.75
13.08.2021 03:33:39.463,7.78217,7.7819,0.75,0.75
13.08.2021 03:34:00.334,7.78219,7.78174,0.37,0.47
13.08.2021 03:34:06.359,7.78219,7.78177,0.37,0.47
13.08.2021 03:34:10.286,7.78217,7.7819,0.75,0.75
13.08.2021 03:34:19.295,7.782150000000001,7.7819,0.75,0.75
13.08.2021 03:37:46.214,7.78214,7.7819,0.75,0.75
13.08.2021 03:39:06.216,7.78214,7.78189,0.75,0.75
13.08.2021 03:39:16.213,7.78213,7.78189,0.75,0.75
13.08.2021 03:39:24.332,7.78214,7.7819,0.75,0.75
13.08.2021 03:39:45.065,7.78209,7.78185,0.75,0.75
13.08.2021 03:40:05.709,7.782210000000001,7.78172,0.47,0.47
13.08.2021 03:40:15.104,7.78209,7.78185,0.75,0.75
13.08.2021 03:41:02.688,7.782100000000001,7.78185,0.75,0.75
13.08.2021 03:41:26.066,7.782110000000001,7.78185,0.75,0.75
13.08.2021 03:46:16.171,7.782100000000001,7.78183,0.75,0.75
13.08.2021 03:49:16.080,7.782100000000001,7.78184,0.75,0.37
13.08.2021 03:49:18.300,7.782110000000001,7.78185,0.75,0.75
13.08.2021 03:52:52.705,7.78209,7.78185,0.75,0.75
13.08.2021 03:54:32.171,7.7820800000000006,7.78184,0.75,0.75
13.08.2021 03:55:02.042,7.78209,7.78185,0.75,0.75
13.08.2021 03:55:09.232,7.782100000000001,7.78185,0.75,0.75
13.08.2021 03:55:27.141,7.782150000000001,7.7819,0.75,0.75
13.08.2021 03:55:37.303,7.782160000000001,7.7819,0.75,0.75
13.08.2021 03:55:57.190,7.78222,7.7819,0.37,0.37
13.08.2021 03:56:07.384,7.782160000000001,7.7819,0.75,1.12
13.08.2021 03:56:30.848,7.78222,7.7819,0.37,0.37
13.08.2021 03:56:37.400,7.782160000000001,7.7819,0.75,1.12
13.08.2021 03:57:06.676,7.782260000000001,7.781910000000001,0.47,0.37
13.08.2021 03:57:06.777,7.78222,7.781910000000001,0.37,0.37
13.08.2021 03:57:07.726,7.782160000000001,7.781910000000001,0.75,0.37
13.08.2021 03:57:09.661,7.782160000000001,7.7819,0.75,1.12
13.08.2021 03:57:30.177,7.78224,7.78184,0.37,0.37
13.08.2021 03:57:30.670,7.78224,7.7818700000000005,0.37,0.37
13.08.2021 03:57:31.089,7.782210000000001,7.7818700000000005,0.37,0.37
13.08.2021 03:57:34.097,7.782210000000001,7.78189,0.37,0.37
13.08.2021 03:57:34.708,7.782260000000001,7.7818700000000005,0.45,0.37
13.08.2021 03:57:35.709,7.78224,7.7818700000000005,0.37,0.37
13.08.2021 03:57:36.676,7.782210000000001,7.7818700000000005,0.37,0.37
13.08.2021 03:57:38.145,7.782160000000001,7.7819,0.75,0.75
13.08.2021 03:59:37.686,7.782110000000001,7.78185,0.75,0.75
13.08.2021 03:59:37.843,7.782160000000001,7.7819,0.75,0.75
13.08.2021 04:00:00.449,7.78225,7.781880000000001,0.45,0.37
13.08.2021 04:00:01.767,7.78225,7.781860000000001,0.45,0.75
13.08.2021 04:00:17.072,7.7822700000000005,7.781930000000001,0.85,0.37
13.08.2021 04:00:17.178,7.7822700000000005,7.781860000000001,1.22,0.75
13.08.2021 04:00:23.663,7.782260000000001,7.78183,0.37,0.45
13.08.2021 04:00:26.533,7.782260000000001,7.7818700000000005,0.37,0.75
13.08.2021 04:01:25.658,7.7822700000000005,7.7818700000000005,0.82,0.75
13.08.2021 04:01:40.236,7.782260000000001,7.781930000000001,0.37,0.37
13.08.2021 04:01:40.759,7.7822700000000005,7.78183,1.2,0.85
13.08.2021 04:01:40.966,7.7822700000000005,7.78183,1.2,0.82
13.08.2021 04:01:53.960,7.7822700000000005,7.78182,1.2,1.22
13.08.2021 04:01:56.034,7.782260000000001,7.78182,0.37,0.85
13.08.2021 04:02:08.068,7.782260000000001,7.781860000000001,0.37,0.75
13.08.2021 04:02:08.255,7.7822700000000005,7.781860000000001,1.12,0.75
13.08.2021 04:02:08.541,7.7822700000000005,7.781860000000001,1.22,0.75
13.08.2021 04:02:09.257,7.7822700000000005,7.781860000000001,1.2,0.75
13.08.2021 04:02:10.260,7.782260000000001,7.781860000000001,0.37,0.75
13.08.2021 04:02:12.026,7.7822700000000005,7.781860000000001,1.2,0.75
13.08.2021 04:02:14.037,7.782260000000001,7.781860000000001,0.37,0.75
13.08.2021 04:02:15.039,7.7822700000000005,7.781860000000001,1.2,0.75
13.08.2021 04:02:17.043,7.782260000000001,7.781860000000001,0.37,0.75
13.08.2021 04:02:19.052,7.7822700000000005,7.781860000000001,1.2,0.75
13.08.2021 04:02:21.064,7.782260000000001,7.781860000000001,0.37,0.75
13.08.2021 04:02:22.066,7.7822700000000005,7.781860000000001,1.2,0.75
13.08.2021 04:02:22.927,7.7822700000000005,7.78182,0.45,1.22
13.08.2021 04:02:25.287,7.782260000000001,7.78182,0.37,1.22
13.08.2021 04:02:26.291,7.78225,7.78182,0.37,1.22
13.08.2021 04:02:28.402,7.78225,7.78182,0.37,1.22
13.08.2021 04:02:30.148,7.78225,7.78182,0.37,1.12
13.08.2021 04:02:38.108,7.78225,7.781860000000001,0.37,0.75
13.08.2021 04:03:21.555,7.78232,7.781960000000001,0.75,0.75
13.08.2021 04:03:21.656,7.782280000000001,7.78197,0.37,0.75
13.08.2021 04:03:21.756,7.782310000000001,7.78197,0.75,0.75
13.08.2021 04:03:21.957,7.78234,7.78197,0.37,0.75
13.08.2021 04:03:22.095,7.78234,7.781980000000001,0.37,0.75
13.08.2021 04:03:22.598,7.782430000000001,7.782060000000001,1.12,0.75
13.08.2021 04:03:23.063,7.782430000000001,7.781980000000001,1.12,0.82
13.08.2021 04:03:23.164,7.78232,7.781960000000001,0.75,0.75
13.08.2021 04:03:23.265,7.782330000000001,7.781960000000001,0.75,0.75
13.08.2021 04:03:24.071,7.782330000000001,7.782060000000001,0.75,0.75
13.08.2021 04:03:24.121,7.7824,7.782060000000001,0.82,0.75
13.08.2021 04:03:24.233,7.782410000000001,7.782060000000001,0.37,0.75
13.08.2021 04:03:24.407,7.782430000000001,7.782060000000001,0.85,0.75
13.08.2021 04:03:24.568,7.78234,7.78197,0.75,0.37
13.08.2021 04:03:24.669,7.782330000000001,7.78197,0.75,0.37
13.08.2021 04:03:24.770,7.78232,7.7820100000000005,0.75,0.75
13.08.2021 04:03:24.935,7.782330000000001,7.7820100000000005,2.25,0.75
13.08.2021 04:03:25.148,7.78234,7.7820100000000005,0.75,0.75
13.08.2021 04:03:25.585,7.782380000000001,7.782060000000001,0.75,0.75
13.08.2021 04:03:25.636,7.78242,7.782060000000001,0.85,0.75
13.08.2021 04:03:25.743,7.782430000000001,7.782060000000001,0.82,0.75
13.08.2021 04:03:26.081,7.78235,7.782050000000001,0.75,0.37
13.08.2021 04:03:26.182,7.78234,7.782050000000001,0.75,0.37
13.08.2021 04:03:26.301,7.78234,7.7820100000000005,0.75,0.75
13.08.2021 04:03:27.089,7.78242,7.782060000000001,0.85,0.75
13.08.2021 04:03:27.140,7.78242,7.782060000000001,0.82,0.75
13.08.2021 04:03:27.257,7.782430000000001,7.782060000000001,0.75,0.75
13.08.2021 04:03:27.594,7.78235,7.78202,0.75,1.12
13.08.2021 04:03:27.695,7.78234,7.78202,0.75,0.37
13.08.2021 04:03:27.796,7.78234,7.7820100000000005,0.75,0.75
13.08.2021 04:03:28.602,7.78242,7.782060000000001,0.85,0.75
13.08.2021 04:03:28.703,7.782430000000001,7.782060000000001,2.35,0.75
13.08.2021 04:03:29.105,7.78235,7.78202,0.75,0.37
13.08.2021 04:03:29.206,7.78234,7.78202,0.75,0.37
13.08.2021 04:03:29.357,7.78234,7.7820100000000005,0.75,0.75
13.08.2021 04:03:30.112,7.782380000000001,7.782060000000001,0.75,0.75
13.08.2021 04:03:30.163,7.782410000000001,7.782060000000001,0.82,0.75
13.08.2021 04:03:30.268,7.782430000000001,7.782060000000001,2.32,0.75
13.08.2021 04:03:30.610,7.78235,7.78202,0.75,0.75
13.08.2021 04:03:30.711,7.78234,7.7820100000000005,0.75,1.12
13.08.2021 04:04:00.683,7.7824,7.7820100000000005,0.45,1.12
13.08.2021 04:04:01.981,7.7823899999999995,7.7820100000000005,0.37,1.12
13.08.2021 04:04:02.987,7.7824,7.7820100000000005,0.45,1.12
13.08.2021 04:04:04.433,7.78242,7.782060000000001,0.75,0.75
13.08.2021 04:04:04.534,7.7824,7.78212,0.37,0.85
13.08.2021 04:04:04.731,7.782410000000001,7.78212,0.37,0.85
13.08.2021 04:04:04.882,7.782410000000001,7.78212,0.37,1.5
13.08.2021 04:04:05.134,7.782430000000001,7.78212,0.37,0.75
13.08.2021 04:04:05.235,7.78249,7.78218,0.37,0.75
13.08.2021 04:04:06.359,7.782500000000001,7.78218,0.37,0.75
13.08.2021 04:04:06.493,7.7824800000000005,7.78218,0.75,0.75
13.08.2021 04:04:35.284,7.782500000000001,7.782100000000001,0.37,0.37
13.08.2021 04:04:35.374,7.782500000000001,7.78218,0.37,0.75
13.08.2021 04:05:06.266,7.78249,7.78218,0.37,0.75
13.08.2021 04:05:07.618,7.7824800000000005,7.78218,0.37,0.75
13.08.2021 04:05:08.618,7.78247,7.78218,0.37,0.75
13.08.2021 04:05:09.621,7.782460000000001,7.78218,0.37,0.75
13.08.2021 04:05:11.624,7.78247,7.78218,0.37,0.75
13.08.2021 04:05:12.627,7.782460000000001,7.78218,0.37,0.75
13.08.2021 04:05:15.237,7.78247,7.78218,0.37,0.75
13.08.2021 04:05:16.522,7.78249,7.78218,0.37,1.12
13.08.2021 04:05:17.529,7.78249,7.7822000000000005,0.37,0.37
13.08.2021 04:05:24.868,7.7825500000000005,7.78218,0.85,0.75
13.08.2021 04:05:45.360,7.7825500000000005,7.78218,0.82,0.75
13.08.2021 04:05:57.360,7.7825500000000005,7.78218,0.85,0.75
13.08.2021 04:06:09.220,7.78252,7.78218,0.75,0.75
13.08.2021 04:06:09.371,7.7824800000000005,7.78218,0.75,0.75
13.08.2021 04:07:36.370,7.78252,7.78218,0.75,0.75
13.08.2021 04:10:50.040,7.78252,7.78218,0.85,0.75
13.08.2021 04:11:22.651,7.78247,7.78218,0.75,0.75
13.08.2021 04:11:24.726,7.78247,7.7820800000000006,0.75,1.22
13.08.2021 04:11:24.827,7.782460000000001,7.7820800000000006,0.82,0.37
13.08.2021 04:11:24.948,7.782450000000001,7.782060000000001,0.82,0.75
13.08.2021 04:11:29.732,7.782450000000001,7.782110000000001,0.82,0.75
13.08.2021 04:11:34.193,7.782439999999999,7.782110000000001,0.37,0.75
13.08.2021 04:11:35.402,7.782450000000001,7.78213,0.75,0.37
13.08.2021 04:11:38.408,7.782450000000001,7.78214,0.75,0.37
13.08.2021 04:11:40.102,7.782450000000001,7.782150000000001,1.12,0.37
13.08.2021 04:11:41.111,7.782439999999999,7.782160000000001,0.37,0.37
13.08.2021 04:12:30.712,7.78249,7.782060000000001,0.85,1.22
13.08.2021 04:12:38.004,7.78249,7.782060000000001,0.85,0.85
13.08.2021 04:12:52.131,7.782439999999999,7.78212,0.75,0.75
13.08.2021 04:12:52.232,7.782450000000001,7.782110000000001,0.75,0.75
13.08.2021 04:12:52.589,7.782450000000001,7.78212,0.75,0.75
13.08.2021 04:12:54.732,7.782450000000001,7.78207,0.75,1.95
13.08.2021 04:12:54.833,7.782439999999999,7.78207,0.75,0.75
13.08.2021 04:12:54.900,7.782439999999999,7.782050000000001,0.75,0.75
13.08.2021 04:12:59.832,7.782439999999999,7.78209,0.75,0.75
13.08.2021 04:13:00.837,7.782410000000001,7.78209,0.37,0.75
13.08.2021 04:13:02.578,7.782439999999999,7.78209,1.12,0.75
13.08.2021 04:13:04.576,7.782430000000001,7.78209,0.37,0.75
13.08.2021 04:13:05.582,7.78242,7.78209,0.37,0.75
13.08.2021 04:13:07.059,7.78242,7.782110000000001,0.37,0.75
13.08.2021 04:13:07.586,7.782439999999999,7.782110000000001,1.12,0.75
13.08.2021 04:13:08.586,7.782430000000001,7.78212,0.37,0.37
13.08.2021 04:13:11.081,7.782410000000001,7.78214,0.37,0.37
13.08.2021 04:13:18.841,7.78247,7.7820800000000006,0.75,0.75
13.08.2021 04:13:21.807,7.782460000000001,7.7820800000000006,0.37,0.75
13.08.2021 04:13:22.402,7.782439999999999,7.782110000000001,0.75,0.75
13.08.2021 04:13:23.437,7.78242,7.782110000000001,0.37,0.75
13.08.2021 04:13:35.478,7.7824,7.78213,0.37,0.37
13.08.2021 04:13:36.481,7.7824,7.78214,0.37,0.37
13.08.2021 04:13:40.878,7.78247,7.78214,0.75,0.37
13.08.2021 04:13:40.978,7.78247,7.782050000000001,0.75,0.37
13.08.2021 04:13:42.328,7.78247,7.782030000000001,0.75,1.22
13.08.2021 04:13:45.364,7.78247,7.782030000000001,0.75,0.85
13.08.2021 04:13:51.714,7.78247,7.782150000000001,0.75,0.37
13.08.2021 04:13:51.773,7.78247,7.782050000000001,0.75,0.45
13.08.2021 04:13:51.969,7.78247,7.782050000000001,0.75,0.47
13.08.2021 04:13:54.359,7.78247,7.782050000000001,0.75,0.45
13.08.2021 04:14:05.994,7.78247,7.782060000000001,0.75,0.75
13.08.2021 04:14:12.040,7.782450000000001,7.782060000000001,0.37,1.12
13.08.2021 04:14:14.859,7.78247,7.782060000000001,0.75,0.75
13.08.2021 04:14:15.949,7.782460000000001,7.78209,0.75,0.75
13.08.2021 04:14:16.100,7.782460000000001,7.782060000000001,0.75,2.25
13.08.2021 04:14:16.498,7.782460000000001,7.7820800000000006,0.75,0.75
13.08.2021 04:14:16.944,7.782460000000001,7.782060000000001,0.75,2.32
13.08.2021 04:14:17.433,7.782460000000001,7.7820800000000006,0.75,0.75
13.08.2021 04:14:21.734,7.782439999999999,7.7820800000000006,0.37,0.75
13.08.2021 04:14:33.410,7.782460000000001,7.7820800000000006,0.82,0.75
13.08.2021 04:14:49.473,7.78237,7.7820800000000006,0.37,0.75
13.08.2021 04:14:49.965,7.78237,7.782100000000001,0.37,0.75
13.08.2021 04:14:50.930,7.782380000000001,7.782100000000001,0.37,0.75
13.08.2021 04:14:52.430,7.7823899999999995,7.782100000000001,0.37,0.75
13.08.2021 04:14:55.432,7.7824,7.782100000000001,0.37,0.75
13.08.2021 04:14:59.934,7.782410000000001,7.782100000000001,0.37,0.75
13.08.2021 04:15:16.463,7.782460000000001,7.782100000000001,1.12,2.25
13.08.2021 04:15:19.735,7.782460000000001,7.782150000000001,0.75,0.75
13.08.2021 04:15:20.421,7.782460000000001,7.78218,0.37,0.75
13.08.2021 04:15:20.852,7.782450000000001,7.78218,0.37,0.75
13.08.2021 04:15:21.857,7.78247,7.78218,1.12,0.75
13.08.2021 04:15:22.859,7.782460000000001,7.78218,0.37,0.75
13.08.2021 04:15:31.874,7.782450000000001,7.78218,0.37,1.12
13.08.2021 04:15:32.878,7.782439999999999,7.78218,0.37,1.12
13.08.2021 04:15:35.397,7.782439999999999,7.78219,0.37,0.37
13.08.2021 04:15:37.402,7.782430000000001,7.78219,0.37,0.37
13.08.2021 04:15:44.419,7.78242,7.782210000000001,0.37,0.37
13.08.2021 04:16:03.835,7.782410000000001,7.78218,0.37,0.37
13.08.2021 04:16:03.886,7.782450000000001,7.782100000000001,0.75,0.75
13.08.2021 04:16:21.507,7.782450000000001,7.78218,0.75,0.75
13.08.2021 04:16:26.831,7.782460000000001,7.78218,0.37,0.75
13.08.2021 04:16:33.789,7.782450000000001,7.78218,0.75,0.75
13.08.2021 04:16:46.687,7.78242,7.78207,0.75,1.12
13.08.2021 04:16:46.738,7.78242,7.782050000000001,0.75,1.5
13.08.2021 04:16:46.866,7.782410000000001,7.782039999999999,0.75,0.37
13.08.2021 04:16:46.917,7.782410000000001,7.78202,0.75,0.75
13.08.2021 04:16:47.018,7.782430000000001,7.78212,0.75,0.75
13.08.2021 04:16:47.119,7.782439999999999,7.78217,0.75,0.75
13.08.2021 04:17:43.212,7.782439999999999,7.78212,0.37,0.75
13.08.2021 04:17:43.313,7.7824800000000005,7.78217,0.75,0.37
13.08.2021 04:17:45.224,7.7824800000000005,7.78218,1.12,0.37
13.08.2021 04:18:04.634,7.78249,7.78219,0.37,0.37
13.08.2021 04:18:05.639,7.78249,7.7822000000000005,0.37,0.37
13.08.2021 04:18:09.193,7.782450000000001,7.7822000000000005,0.37,0.37
13.08.2021 04:18:19.214,7.782439999999999,7.782210000000001,0.37,0.37
13.08.2021 04:18:32.271,7.78242,7.782210000000001,0.37,0.37
13.08.2021 04:19:31.059,7.78247,7.78217,0.37,0.75
13.08.2021 04:21:25.658,7.7824800000000005,7.78217,3,0.75
13.08.2021 04:21:35.258,7.7824800000000005,7.78213,3,0.75
13.08.2021 04:21:35.409,7.7824800000000005,7.78212,0.75,0.85
13.08.2021 04:21:35.466,7.7824800000000005,7.78217,0.75,0.75
13.08.2021 04:24:05.279,7.782510000000001,7.78217,0.37,0.75
13.08.2021 04:24:07.984,7.78257,7.78217,0.85,0.75
13.08.2021 04:25:08.274,7.78252,7.782210000000001,0.37,0.37
13.08.2021 04:25:30.087,7.782510000000001,7.78222,0.37,0.37
13.08.2021 04:26:30.284,7.78257,7.78217,0.85,0.75
13.08.2021 04:26:30.785,7.78257,7.78217,0.85,0.75
13.08.2021 04:26:31.211,7.78252,7.782210000000001,0.37,0.37
13.08.2021 04:27:35.657,7.78257,7.78217,0.75,0.75
13.08.2021 04:27:51.811,7.78257,7.78217,0.85,0.75
13.08.2021 04:28:04.106,7.782510000000001,7.78217,0.37,0.75
13.08.2021 04:28:04.257,7.78242,7.782150000000001,0.37,0.37
13.08.2021 04:28:04.307,7.782450000000001,7.78212,0.75,0.75
13.08.2021 04:28:04.662,7.782430000000001,7.7820800000000006,0.75,0.47
13.08.2021 04:28:05.453,7.782430000000001,7.78212,0.37,0.75
13.08.2021 04:28:05.725,7.782450000000001,7.78212,0.75,0.75
13.08.2021 04:28:06.312,7.782430000000001,7.78212,0.75,0.75
13.08.2021 04:28:35.402,7.782430000000001,7.782030000000001,0.75,0.47
13.08.2021 04:28:35.609,7.782460000000001,7.78212,0.37,0.75
13.08.2021 04:28:57.237,7.782430000000001,7.78212,0.75,0.75
13.08.2021 04:28:57.506,7.782430000000001,7.78217,0.75,0.37
13.08.2021 04:29:23.409,7.782430000000001,7.78212,0.75,2.25
13.08.2021 04:29:35.653,7.782450000000001,7.78212,0.75,0.75
13.08.2021 04:30:06.568,7.782430000000001,7.78212,0.75,0.75
13.08.2021 04:30:06.693,7.782360000000001,7.782150000000001,0.37,0.37
13.08.2021 04:30:37.532,7.78235,7.78214,0.37,0.37
13.08.2021 04:30:38.534,7.782360000000001,7.78214,0.37,0.37
13.08.2021 04:30:49.464,7.7824,7.78212,0.75,0.75
13.08.2021 04:30:49.529,7.78242,7.78212,0.75,0.75
13.08.2021 04:30:53.819,7.782410000000001,7.78209,0.75,0.85
13.08.2021 04:30:55.607,7.78237,7.78214,0.37,0.37
13.08.2021 04:31:55.658,7.782430000000001,7.78212,0.75,0.82
13.08.2021 04:35:52.115,7.782450000000001,7.78212,0.75,0.75
13.08.2021 04:35:52.230,7.782439999999999,7.78212,0.75,0.82
13.08.2021 04:35:52.365,7.782439999999999,7.78212,0.75,2.35
13.08.2021 04:35:53.344,7.782380000000001,7.782160000000001,0.37,0.37
13.08.2021 04:36:01.364,7.782410000000001,7.78217,0.37,0.37
13.08.2021 04:36:02.364,7.782410000000001,7.782160000000001,0.37,0.37
13.08.2021 04:36:07.376,7.7824,7.78217,0.37,0.37
13.08.2021 04:36:16.399,7.7823899999999995,7.78218,0.37,0.37
13.08.2021 04:37:24.686,7.782439999999999,7.78212,0.75,2.25
13.08.2021 04:38:33.670,7.782380000000001,7.782160000000001,0.37,0.37
13.08.2021 04:38:38.683,7.782410000000001,7.78217,0.37,0.37
13.08.2021 04:38:39.685,7.7824,7.78217,0.37,0.37
13.08.2021 04:38:53.714,7.7823899999999995,7.78218,0.37,0.37
13.08.2021 04:39:02.462,7.782430000000001,7.78212,2.25,0.82
13.08.2021 04:40:00.846,7.782410000000001,7.782160000000001,0.37,0.37
13.08.2021 04:40:01.849,7.7824,7.782160000000001,0.37,0.37
13.08.2021 04:40:15.876,7.7823899999999995,7.78217,0.37,0.37
13.08.2021 04:40:35.809,7.782430000000001,7.78212,0.75,2.35
13.08.2021 04:41:40.120,7.782430000000001,7.78212,0.75,3
13.08.2021 04:42:01.089,7.7824,7.782160000000001,0.37,0.37
13.08.2021 04:42:02.092,7.7823899999999995,7.782150000000001,0.37,0.37
13.08.2021 04:42:16.123,7.782380000000001,7.782160000000001,0.37,0.37
13.08.2021 04:42:18.127,7.78237,7.78217,0.37,0.37
13.08.2021 04:43:08.227,7.782380000000001,7.78217,0.37,0.37
13.08.2021 04:44:08.631,7.782430000000001,7.78212,0.75,3
13.08.2021 04:44:15.406,7.782450000000001,7.78212,0.75,3
13.08.2021 04:44:15.456,7.782430000000001,7.78212,0.75,3
13.08.2021 04:44:25.395,7.782430000000001,7.78212,0.75,3.1
13.08.2021 04:44:32.999,7.782380000000001,7.78218,0.37,0.37
13.08.2021 04:44:34.399,7.7823899999999995,7.78217,0.37,0.37
13.08.2021 04:44:49.429,7.782380000000001,7.78218,0.37,0.37
13.08.2021 04:45:00.453,7.782380000000001,7.78217,0.37,0.37
13.08.2021 04:46:04.663,7.782410000000001,7.78212,0.75,0.82
13.08.2021 04:46:21.635,7.78237,7.78213,0.37,0.37
13.08.2021 04:46:22.619,7.782380000000001,7.78214,0.37,0.37
13.08.2021 04:46:37.344,7.78237,7.782150000000001,0.37,0.37
13.08.2021 04:46:38.349,7.78237,7.782160000000001,0.37,0.37
13.08.2021 04:47:45.658,7.782410000000001,7.78212,0.75,0.75
13.08.2021 04:48:00.385,7.78242,7.78212,0.75,0.82
13.08.2021 04:48:00.814,7.7823899999999995,7.78217,0.37,0.37
13.08.2021 04:48:10.562,7.78242,7.78212,0.75,0.82
13.08.2021 04:48:23.646,7.782430000000001,7.78212,0.75,0.82
13.08.2021 04:48:23.697,7.782460000000001,7.78212,2.32,0.82
13.08.2021 04:48:32.256,7.782439999999999,7.78212,0.75,2.32
13.08.2021 04:48:32.409,7.782430000000001,7.78212,0.75,2.25
13.08.2021 04:48:40.897,7.7824,7.782160000000001,0.37,0.37
13.08.2021 04:48:41.902,7.782410000000001,7.782160000000001,0.37,0.37
13.08.2021 04:48:47.910,7.7824,7.78217,0.37,0.37
13.08.2021 04:48:56.094,7.7823899999999995,7.78218,0.37,0.37
13.08.2021 04:49:57.281,7.782430000000001,7.78212,0.75,0.82
13.08.2021 04:50:25.243,7.782450000000001,7.78212,0.75,0.82
13.08.2021 04:50:32.617,7.782410000000001,7.78212,0.75,0.75
13.08.2021 04:50:32.667,7.782430000000001,7.78212,2.25,0.82
13.08.2021 04:50:33.129,7.782380000000001,7.782160000000001,0.37,0.37
13.08.2021 04:50:48.153,7.78237,7.78217,0.37,0.37
13.08.2021 04:51:27.232,7.78237,7.78213,0.37,0.37
13.08.2021 04:51:43.264,7.782360000000001,7.78214,0.37,0.37
13.08.2021 04:52:45.658,7.782430000000001,7.78212,0.75,0.82
13.08.2021 04:52:47.215,7.78242,7.78212,0.75,0.82
13.08.2021 04:57:04.912,7.7824,7.782160000000001,0.37,0.37
13.08.2021 04:57:05.914,7.782410000000001,7.782160000000001,0.37,0.37
13.08.2021 04:57:16.631,7.782410000000001,7.78217,0.37,0.75
13.08.2021 04:57:16.681,7.782439999999999,7.78217,0.75,0.75
13.08.2021 04:57:16.939,7.782439999999999,7.78212,0.75,2.25
13.08.2021 04:57:21.508,7.782430000000001,7.78212,0.37,2.62
13.08.2021 04:57:30.968,7.78237,7.78213,0.37,0.37
13.08.2021 04:57:46.096,7.78235,7.782150000000001,0.37,0.37
13.08.2021 04:58:46.328,7.782360000000001,7.782150000000001,0.37,0.37
13.08.2021 04:58:47.336,7.78237,7.782150000000001,0.37,0.37
13.08.2021 04:58:54.136,7.782380000000001,7.782160000000001,0.37,0.37
13.08.2021 04:59:10.170,7.78237,7.78217,0.37,0.37
13.08.2021 04:59:33.845,7.7823899999999995,7.782160000000001,0.37,0.37
13.08.2021 04:59:34.960,7.7823899999999995,7.782150000000001,0.37,0.37
13.08.2021 04:59:41.232,7.7824,7.782160000000001,0.37,0.37
13.08.2021 04:59:49.013,7.7824,7.78217,0.37,0.37
13.08.2021 04:59:53.028,7.782410000000001,7.78217,0.37,0.37
13.08.2021 05:00:00.110,7.782450000000001,7.78212,0.75,0.75
13.08.2021 05:00:08.432,7.782439999999999,7.78212,0.75,1.12
13.08.2021 05:00:28.646,7.782430000000001,7.78212,0.75,1.12
13.08.2021 05:00:38.349,7.782430000000001,7.782150000000001,2.25,0.75
13.08.2021 05:00:38.834,7.7824,7.78212,0.75,0.37
13.08.2021 05:00:38.884,7.782410000000001,7.782060000000001,0.75,0.85
13.08.2021 05:00:38.934,7.78242,7.782100000000001,0.37,0.75
13.08.2021 05:00:39.202,7.78242,7.782100000000001,0.37,0.85
13.08.2021 05:00:39.819,7.782439999999999,7.782100000000001,0.85,0.85
13.08.2021 05:00:41.064,7.782430000000001,7.782100000000001,0.37,0.85
13.08.2021 05:00:42.859,7.782430000000001,7.78212,0.37,0.37
13.08.2021 05:00:45.874,7.782430000000001,7.782110000000001,0.37,0.45
13.08.2021 05:00:46.876,7.782430000000001,7.78212,0.37,0.37
13.08.2021 05:00:49.367,7.7824,7.78214,0.37,0.37
13.08.2021 05:00:54.376,7.7823899999999995,7.782150000000001,0.37,0.37
13.08.2021 05:00:55.380,7.78237,7.782160000000001,0.37,0.37
13.08.2021 05:01:02.488,7.78237,7.782150000000001,0.37,0.37
13.08.2021 05:01:03.453,7.78237,7.78213,0.37,0.37
13.08.2021 05:01:12.412,7.7823899999999995,7.782150000000001,0.37,0.37
13.08.2021 05:01:28.153,7.78237,7.78217,0.37,0.37
13.08.2021 05:02:26.562,7.782410000000001,7.78217,0.37,0.37
13.08.2021 05:02:27.564,7.782410000000001,7.78218,0.37,0.37
13.08.2021 05:02:42.594,7.7824,7.78219,0.37,0.37
13.08.2021 05:03:01.974,7.782410000000001,7.78214,0.37,0.37
13.08.2021 05:04:05.576,7.782460000000001,7.782100000000001,0.75,0.75
13.08.2021 05:04:10.216,7.78247,7.782100000000001,0.75,0.75
13.08.2021 05:06:55.450,7.78247,7.782100000000001,0.85,0.75
13.08.2021 05:06:56.108,7.78237,7.78213,0.37,0.37
13.08.2021 05:07:11.138,7.782360000000001,7.78214,0.37,0.37
13.08.2021 05:07:17.537,7.78247,7.782100000000001,0.85,0.75
13.08.2021 05:07:53.363,7.782430000000001,7.78212,0.82,0.75
13.08.2021 05:07:53.518,7.782430000000001,7.78212,0.85,0.75
13.08.2021 05:07:53.633,7.782430000000001,7.78212,0.75,0.75
13.08.2021 05:07:54.223,7.78242,7.78213,0.37,0.37
13.08.2021 05:07:55.226,7.782430000000001,7.78212,1.2,1.12
13.08.2021 05:07:56.245,7.78242,7.78212,0.37,1.12
13.08.2021 05:07:57.231,7.782410000000001,7.78212,0.37,1.12
13.08.2021 05:08:10.222,7.7823899999999995,7.78214,0.37,0.37
13.08.2021 05:08:11.279,7.78237,7.78214,0.37,0.37
13.08.2021 05:08:12.283,7.782360000000001,7.78214,0.37,0.37
13.08.2021 05:08:26.289,7.78235,7.782150000000001,0.37,0.37
13.08.2021 05:09:33.322,7.782430000000001,7.78212,2,2
13.08.2021 05:09:38.433,7.7823899999999995,7.782150000000001,0.37,0.37
13.08.2021 05:09:53.473,7.782380000000001,7.782160000000001,0.37,0.37
13.08.2021 05:09:58.474,7.7823899999999995,7.782150000000001,0.37,0.37
13.08.2021 05:09:59.480,7.782380000000001,7.782150000000001,0.37,0.37
13.08.2021 05:10:00.481,7.78237,7.782150000000001,0.37,0.37
13.08.2021 05:11:05.658,7.782460000000001,7.78212,0.75,3
13.08.2021 05:11:20.280,7.782360000000001,7.782150000000001,0.37,0.37
13.08.2021 05:11:21.643,7.782360000000001,7.78214,0.37,0.37
13.08.2021 05:11:35.709,7.78235,7.782150000000001,0.37,0.37
13.08.2021 05:12:34.799,7.78237,7.78213,0.37,0.37
13.08.2021 05:12:35.204,7.782360000000001,7.78207,0.37,0.75
13.08.2021 05:12:35.305,7.78242,7.78207,0.82,0.75
13.08.2021 05:12:35.422,7.78242,7.78212,0.82,0.75
13.08.2021 05:12:54.833,7.78237,7.78213,0.37,0.37
13.08.2021 05:13:09.866,7.782360000000001,7.78214,0.37,0.37
13.08.2021 05:13:12.401,7.782360000000001,7.78209,0.37,0.75
13.08.2021 05:13:12.452,7.78242,7.78209,0.47,0.75
13.08.2021 05:13:12.762,7.78242,7.78212,0.47,0.75
13.08.2021 05:13:28.481,7.78242,7.78213,0.47,0.37
13.08.2021 05:13:29.002,7.78242,7.78213,0.45,0.37
13.08.2021 05:13:29.486,7.782410000000001,7.78214,0.37,0.37
13.08.2021 05:13:29.923,7.782360000000001,7.78214,0.37,0.37
13.08.2021 05:13:41.535,7.78235,7.782150000000001,0.37,0.37
13.08.2021 05:14:20.116,7.7823899999999995,7.78212,0.37,2.25
13.08.2021 05:14:44.075,7.7824,7.78212,0.37,2.25
13.08.2021 05:14:59.235,7.7823899999999995,7.78212,0.37,1.12
13.08.2021 05:15:18.181,7.782380000000001,7.782150000000001,0.37,0.37
13.08.2021 05:15:20.128,7.782360000000001,7.78214,0.37,0.37
13.08.2021 05:15:34.154,7.78235,7.782150000000001,0.37,0.37
13.08.2021 05:16:35.658,7.782410000000001,7.78212,0.75,0.75
13.08.2021 05:18:12.662,7.782430000000001,7.78212,0.75,0.75
13.08.2021 05:18:21.082,7.782430000000001,7.78212,0.85,2.25
13.08.2021 05:18:21.360,7.782439999999999,7.78212,0.85,2.25
13.08.2021 05:18:21.492,7.782360000000001,7.782150000000001,0.37,0.37
13.08.2021 05:18:23.496,7.782360000000001,7.78214,0.37,0.37
13.08.2021 05:18:38.527,7.78235,7.782150000000001,0.37,0.37
13.08.2021 05:19:45.658,7.782439999999999,7.78212,0.75,3
13.08.2021 05:20:05.044,7.782439999999999,7.78212,0.85,2.25
13.08.2021 05:20:08.163,7.782439999999999,7.78212,0.85,2.25
13.08.2021 05:20:14.328,7.782439999999999,7.78212,0.75,0.75
13.08.2021 05:20:14.546,7.78247,7.78212,0.85,0.75
13.08.2021 05:21:15.658,7.782439999999999,7.78212,0.75,0.75
13.08.2021 05:21:38.861,7.782460000000001,7.78212,0.75,0.75
13.08.2021 05:21:38.912,7.7823899999999995,7.782150000000001,0.37,0.37
13.08.2021 05:22:34.778,7.7823899999999995,7.78217,0.37,0.75
13.08.2021 05:22:34.828,7.782439999999999,7.78217,0.45,0.75
13.08.2021 05:22:34.958,7.782439999999999,7.78217,0.47,0.75
13.08.2021 05:22:35.686,7.782439999999999,7.78213,0.47,0.37
13.08.2021 05:22:36.008,7.782430000000001,7.78212,0.45,1.87
13.08.2021 05:23:45.658,7.78247,7.78212,2.1,1.5
13.08.2021 05:24:15.123,7.782450000000001,7.78212,0.82,0.75
13.08.2021 05:24:15.211,7.782430000000001,7.78213,0.37,0.37
13.08.2021 05:25:15.658,7.782450000000001,7.78212,0.75,0.75
13.08.2021 05:25:51.314,7.782450000000001,7.78212,0.85,0.75
13.08.2021 05:25:53.972,7.782430000000001,7.78212,0.75,2.25
13.08.2021 05:25:58.532,7.7823899999999995,7.78212,0.37,1.5
13.08.2021 05:26:01.545,7.7823899999999995,7.78213,0.37,0.37
13.08.2021 05:27:05.658,7.782430000000001,7.78212,2,2
13.08.2021 05:28:44.755,7.782380000000001,7.78214,0.37,0.37
13.08.2021 05:28:45.759,7.782360000000001,7.78214,0.37,0.37
13.08.2021 05:29:00.805,7.78235,7.78214,0.37,0.37
13.08.2021 05:29:50.082,7.782430000000001,7.78209,2.25,0.75
13.08.2021 05:30:42.852,7.782430000000001,7.782100000000001,2.25,0.75
13.08.2021 05:32:31.883,7.782430000000001,7.78212,3,0.75
13.08.2021 05:34:55.787,7.78242,7.78212,0.75,0.75
13.08.2021 05:36:44.242,7.782510000000001,7.78212,3,0.75
13.08.2021 05:36:44.348,7.782430000000001,7.78212,0.85,2.25
13.08.2021 05:36:44.459,7.782430000000001,7.78212,0.75,2.25
13.08.2021 05:37:03.120,7.782380000000001,7.78212,0.37,2.62
13.08.2021 05:38:03.481,7.782430000000001,7.78212,0.75,2.25
13.08.2021 05:38:16.916,7.78237,7.78213,0.37,0.37
13.08.2021 05:38:42.271,7.782430000000001,7.78212,1.22,2.25
13.08.2021 05:38:42.394,7.782430000000001,7.78212,1.12,0.75
13.08.2021 05:39:56.739,7.78237,7.78214,0.37,0.37
13.08.2021 05:40:09.144,7.782360000000001,7.78214,0.37,0.37
13.08.2021 05:40:24.833,7.78235,7.782150000000001,0.37,0.37
13.08.2021 05:41:25.658,7.782430000000001,7.78212,3,0.75
13.08.2021 05:43:11.556,7.78237,7.78213,0.37,0.37
13.08.2021 05:43:12.528,7.782360000000001,7.78214,0.37,0.37
13.08.2021 05:44:15.658,7.782430000000001,7.78212,0.75,3
13.08.2021 05:44:25.400,7.782439999999999,7.78212,0.75,3
13.08.2021 05:44:35.419,7.782430000000001,7.78212,0.75,3
13.08.2021 05:45:00.568,7.782410000000001,7.78212,0.75,3
13.08.2021 05:45:01.671,7.782430000000001,7.78212,0.75,0.75
13.08.2021 05:45:01.721,7.78237,7.78213,0.37,0.37
13.08.2021 05:45:05.740,7.78237,7.78214,0.37,0.37
13.08.2021 05:45:06.740,7.782360000000001,7.782150000000001,0.37,0.37
13.08.2021 05:45:22.068,7.7824,7.78212,0.37,0.75
13.08.2021 05:45:23.122,7.782380000000001,7.78212,0.37,1.12
13.08.2021 05:45:26.784,7.78237,7.78213,0.37,0.37
13.08.2021 05:45:34.010,7.782360000000001,7.78214,0.37,0.37
13.08.2021 05:45:39.808,7.78235,7.782150000000001,0.37,0.37
13.08.2021 05:45:46.062,7.782360000000001,7.782150000000001,0.37,0.37
13.08.2021 05:46:55.658,7.782430000000001,7.78213,3,0.75
13.08.2021 05:48:04.888,7.782410000000001,7.78213,0.75,0.75
13.08.2021 05:48:05.586,7.78235,7.782150000000001,0.37,0.37
13.08.2021 05:49:05.658,7.78242,7.78213,0.75,0.75
13.08.2021 05:49:56.662,7.782430000000001,7.78213,2.25,0.75
13.08.2021 05:49:57.334,7.78237,7.782150000000001,0.37,0.37
13.08.2021 05:50:13.086,7.782360000000001,7.782150000000001,0.37,0.37
13.08.2021 05:50:51.334,7.782410000000001,7.78213,0.37,0.75
13.08.2021 05:51:12.486,7.78237,7.782150000000001,0.37,0.37
13.08.2021 05:51:14.488,7.782360000000001,7.78214,0.37,0.37
13.08.2021 05:51:29.517,7.78235,7.782150000000001,0.37,0.37
13.08.2021 05:51:51.670,7.782410000000001,7.78213,0.37,0.75
13.08.2021 05:51:53.450,7.78242,7.78213,0.37,0.75
13.08.2021 05:52:12.606,7.782410000000001,7.78213,0.37,0.75
13.08.2021 05:52:13.614,7.782360000000001,7.78214,0.37,0.37
13.08.2021 05:52:29.597,7.78235,7.782150000000001,0.37,0.37
13.08.2021 05:53:35.658,7.782380000000001,7.78213,0.75,0.75
13.08.2021 05:55:46.039,7.782360000000001,7.78214,0.37,0.37
13.08.2021 05:55:46.098,7.782380000000001,7.78213,0.75,0.75
13.08.2021 05:56:05.024,7.782380000000001,7.78214,0.75,0.37
13.08.2021 05:56:06.085,7.78237,7.78214,0.37,0.37
13.08.2021 05:56:21.089,7.782360000000001,7.782150000000001,0.37,0.37
13.08.2021 05:56:55.088,7.782380000000001,7.78213,0.75,0.75
13.08.2021 05:57:28.247,7.78237,7.78214,0.37,0.37
13.08.2021 05:57:29.250,7.782360000000001,7.782150000000001,0.37,0.37
13.08.2021 05:58:35.658,7.78242,7.78213,0.75,0.75
13.08.2021 05:59:40.610,7.782430000000001,7.78213,0.75,0.75
13.08.2021 05:59:40.761,7.782430000000001,7.78214,0.75,0.37
13.08.2021 05:59:43.519,7.782430000000001,7.78213,0.75,0.75
13.08.2021 05:59:55.455,7.782450000000001,7.78213,0.45,0.75
13.08.2021 05:59:55.505,7.782450000000001,7.78212,0.47,0.37
13.08.2021 05:59:55.556,7.782430000000001,7.782100000000001,0.45,0.45
13.08.2021 05:59:57.554,7.78242,7.78213,0.37,0.37
13.08.2021 05:59:58.559,7.782410000000001,7.78213,0.37,0.37
13.08.2021 05:59:59.572,7.7824,7.78213,0.37,0.37
13.08.2021 06:00:00.089,7.782380000000001,7.78213,0.75,0.37
13.08.2021 06:00:01.513,7.782380000000001,7.782100000000001,0.75,0.37
13.08.2021 06:00:09.145,7.782380000000001,7.78213,0.75,0.75
13.08.2021 06:00:25.491,7.782380000000001,7.782150000000001,0.75,0.37
13.08.2021 06:00:25.613,7.782360000000001,7.78214,0.37,0.37
13.08.2021 06:00:26.660,7.78237,7.78214,0.37,0.37
13.08.2021 06:00:28.502,7.78237,7.782160000000001,0.37,0.75
13.08.2021 06:01:16.397,7.782439999999999,7.782160000000001,1.6,0.75
13.08.2021 06:01:16.849,7.782430000000001,7.782160000000001,0.85,0.75
13.08.2021 06:01:17.148,7.782430000000001,7.782160000000001,0.82,0.75
13.08.2021 06:02:05.708,7.78242,7.782160000000001,0.75,0.75
13.08.2021 06:02:05.758,7.782380000000001,7.782160000000001,0.75,0.75
13.08.2021 06:02:21.680,7.782360000000001,7.782160000000001,0.37,0.75
13.08.2021 06:02:22.685,7.78235,7.782160000000001,0.37,0.75
13.08.2021 06:02:23.842,7.78234,7.782160000000001,0.37,0.75
13.08.2021 06:02:24.842,7.782360000000001,7.782160000000001,0.37,0.75
13.08.2021 06:02:31.365,7.782380000000001,7.782160000000001,0.75,0.75
13.08.2021 06:03:07.848,7.7823899999999995,7.782160000000001,0.37,0.75
13.08.2021 06:03:07.958,7.782380000000001,7.782160000000001,0.37,0.75
13.08.2021 06:03:20.959,7.7823899999999995,7.782160000000001,0.37,0.75
13.08.2021 06:03:21.981,7.7824,7.782160000000001,0.37,0.75
13.08.2021 06:04:16.070,7.7823899999999995,7.782160000000001,0.37,0.75
13.08.2021 06:04:21.077,7.782380000000001,7.782160000000001,0.37,0.75
13.08.2021 06:04:32.126,7.78237,7.782160000000001,0.37,0.75
13.08.2021 06:04:37.811,7.782360000000001,7.782160000000001,0.37,0.75
13.08.2021 06:05:05.918,7.78235,7.782160000000001,0.37,0.75
13.08.2021 06:06:15.658,7.782450000000001,7.782160000000001,1.22,0.75
13.08.2021 06:06:55.658,7.782450000000001,7.782160000000001,0.75,0.75
13.08.2021 06:08:19.066,7.78253,7.782160000000001,0.75,0.75
13.08.2021 06:08:19.116,7.782430000000001,7.782160000000001,0.37,0.75
13.08.2021 06:08:19.217,7.782380000000001,7.782160000000001,0.75,0.75
13.08.2021 06:08:28.268,7.78242,7.78218,0.45,0.75
13.08.2021 06:08:28.369,7.78247,7.78218,0.82,0.75
13.08.2021 06:08:28.834,7.7824800000000005,7.78218,0.75,0.75
13.08.2021 06:08:38.758,7.782500000000001,7.78224,0.85,0.75
13.08.2021 06:08:38.808,7.78254,7.78224,0.37,0.75
13.08.2021 06:08:38.909,7.78253,7.78225,0.75,0.75
13.08.2021 06:08:52.625,7.78252,7.78225,0.37,0.75
13.08.2021 06:08:54.632,7.782500000000001,7.78225,0.37,0.75
13.08.2021 06:09:06.498,7.782500000000001,7.78218,0.37,0.37
13.08.2021 06:09:09.059,7.782500000000001,7.78225,0.37,0.75
13.08.2021 06:09:55.658,7.7825500000000005,7.78225,0.47,0.75
13.08.2021 06:10:06.527,7.7825500000000005,7.78225,0.47,0.75
13.08.2021 06:10:57.244,7.78269,7.78225,0.85,0.75
13.08.2021 06:11:08.244,7.782610000000001,7.78225,0.85,0.75
13.08.2021 06:12:08.070,7.78252,7.78225,0.37,0.75
13.08.2021 06:12:42.092,7.78253,7.78225,1.12,0.75
13.08.2021 06:12:47.614,7.782560000000001,7.78225,0.75,0.75
13.08.2021 06:12:49.105,7.7825500000000005,7.78225,0.37,0.75
13.08.2021 06:12:50.109,7.78254,7.78225,0.37,0.75
13.08.2021 06:13:10.150,7.7825500000000005,7.78225,0.37,0.75
13.08.2021 06:13:11.166,7.78254,7.78225,0.37,0.75
13.08.2021 06:13:12.155,7.78253,7.78225,0.37,0.75
13.08.2021 06:13:14.168,7.7825500000000005,7.78225,0.37,0.75
