Gmt time,Ask,Bid,AskVolume,BidVolume
10.08.2021 00:00:00.007,301.16400000000004,300.728,1,1.5
10.08.2021 00:00:00.107,301.094,300.728,1,1
10.08.2021 00:00:00.158,301.223,300.728,1.5,1
10.08.2021 00:00:00.208,301.165,300.728,1,1
10.08.2021 00:00:00.258,301.20099999999996,300.728,1,1
10.08.2021 00:00:00.393,301.199,300.728,1,1
10.08.2021 00:00:00.494,301.20099999999996,300.728,1,1
10.08.2021 00:00:00.873,301.19599999999997,300.728,1,1
10.08.2021 00:00:01.263,301.2,300.728,1,1
10.08.2021 00:00:01.685,301.198,300.728,1,1
10.08.2021 00:00:02.237,301.19599999999997,300.728,1,1
10.08.2021 00:00:03.019,301.238,300.728,1,1.5
10.08.2021 00:00:03.069,301.258,300.728,1,1.5
10.08.2021 00:00:03.120,301.27500000000003,300.728,1.5,1.5
10.08.2021 00:00:03.579,301.242,300.728,1,1.5
10.08.2021 00:00:04.065,301.24,300.728,1.25,1.5
10.08.2021 00:00:04.166,301.143,300.728,1,1.5
10.08.2021 00:00:04.317,301.105,300.703,1,1.65
10.08.2021 00:00:04.368,301.105,300.698,1,1.5
10.08.2021 00:00:05.053,301.105,300.708,1,1
10.08.2021 00:00:06.310,301.105,300.764,1,0.37
10.08.2021 00:00:06.465,301.105,300.708,1,1.5
10.08.2021 00:00:06.659,301.105,300.708,1,1.5
10.08.2021 00:00:06.910,301.105,300.764,1,0.37
10.08.2021 00:00:07.112,301.105,300.708,1,1.5
10.08.2021 00:00:07.330,301.105,300.708,1,1.5
10.08.2021 00:00:07.486,301.105,300.708,1,1.25
10.08.2021 00:00:07.586,301.139,300.708,1,1
10.08.2021 00:00:07.851,301.117,300.708,1,1
10.08.2021 00:00:07.952,301.117,300.708,1,1.5
10.08.2021 00:00:08.115,301.117,300.708,1,1.5
10.08.2021 00:00:09.533,301.117,300.708,1,1.5
10.08.2021 00:00:10.358,301.117,300.708,1,1
10.08.2021 00:00:10.561,301.117,300.708,1,1.5
10.08.2021 00:00:10.686,301.086,300.708,1,1.5
10.08.2021 00:00:11.314,301.086,300.708,1,1.5
10.08.2021 00:00:13.131,301.086,300.708,1,1.5
10.08.2021 00:00:16.113,301.069,300.708,1,1.5
10.08.2021 00:00:21.106,301.069,300.711,1,1.12
10.08.2021 00:00:21.207,301.056,300.711,1,1.12
10.08.2021 00:00:21.258,301.056,300.711,1,1.12
10.08.2021 00:00:21.365,301.073,300.697,1,1.12
10.08.2021 00:00:21.466,301.093,300.697,1,1.12
10.08.2021 00:00:21.566,301.083,300.698,1,1.12
10.08.2021 00:00:21.813,301.062,300.698,1,1.12
10.08.2021 00:00:21.914,301.073,300.698,1,1.12
10.08.2021 00:00:22.015,301.1,300.702,1,1.12
10.08.2021 00:00:22.115,301.081,300.691,1,1.5
10.08.2021 00:00:22.272,301.081,300.698,1,1.12
10.08.2021 00:00:22.423,301.05400000000003,300.698,1,1.12
10.08.2021 00:00:22.523,301.08,300.7,1,1.12
10.08.2021 00:00:22.574,301.078,300.7,1,1.12
10.08.2021 00:00:22.674,301.08,300.7,1,1.12
10.08.2021 00:00:22.775,301.074,300.688,1,1.5
10.08.2021 00:00:22.826,301.078,300.688,1,1.5
10.08.2021 00:00:22.937,301.077,300.697,1,1.12
10.08.2021 00:00:23.088,301.086,300.688,1,1.5
10.08.2021 00:00:23.138,301.08,300.698,1,1.5
10.08.2021 00:00:23.240,301.078,300.699,1,1
10.08.2021 00:00:23.391,301.078,300.699,1,1.12
10.08.2021 00:00:23.491,301.084,300.698,1,1
10.08.2021 00:00:23.542,301.077,300.688,1,1.5
10.08.2021 00:00:23.644,301.074,300.754,1,0.37
10.08.2021 00:00:23.694,301.078,300.688,1,1.5
10.08.2021 00:00:23.745,301.074,300.695,1,1.5
10.08.2021 00:00:23.795,301.07599999999996,300.691,1,1.5
10.08.2021 00:00:23.896,301.074,300.691,1,1.5
10.08.2021 00:00:24.047,301.075,300.688,1,1.5
10.08.2021 00:00:24.247,301.075,300.7,1,1.12
10.08.2021 00:00:29.068,301.061,300.707,1,1.12
10.08.2021 00:00:29.953,301.013,300.707,1,1.12
10.08.2021 00:00:34.514,301.04900000000004,300.71,1,1.12
10.08.2021 00:00:34.665,301.058,300.71,1,1.12
10.08.2021 00:00:34.715,301.033,300.71,1,1.12
10.08.2021 00:00:46.115,301.033,300.702,1,1.25
10.08.2021 00:00:46.166,301.015,300.702,1,1.25
10.08.2021 00:00:46.321,301.015,300.705,1,1.25
10.08.2021 00:00:46.473,301.015,300.705,1,1.25
10.08.2021 00:00:46.674,301.015,300.7,1,1.25
10.08.2021 00:00:46.873,301.015,300.705,1,1.25
10.08.2021 00:00:47.108,301.015,300.704,1,1.25
10.08.2021 00:00:47.277,301.015,300.704,1,1.25
10.08.2021 00:00:47.719,301.015,300.691,1,1.75
10.08.2021 00:00:47.769,301.015,300.7,1,1.25
10.08.2021 00:00:52.054,301.015,300.695,1.5,1.25
10.08.2021 00:01:07.577,301.015,300.687,1,1.12
10.08.2021 00:01:07.803,301.015,300.697,1,1.12
10.08.2021 00:01:20.110,301.002,300.697,1,1.25
10.08.2021 00:01:49.978,301.002,300.693,1,1.12
10.08.2021 00:01:51.688,301.002,300.69599999999997,1,1.12
10.08.2021 00:02:04.593,301.028,300.698,1.5,1.12
10.08.2021 00:02:04.760,301.028,300.711,1,1.12
10.08.2021 00:02:14.546,301.028,300.711,1.5,1.12
10.08.2021 00:02:16.265,301.028,300.693,1.5,1.75
10.08.2021 00:02:23.859,301.028,300.698,1.5,1.25
10.08.2021 00:02:24.754,301.028,300.7,1.5,1.12
10.08.2021 00:02:42.111,301.028,300.7,1.5,1.12
10.08.2021 00:02:42.846,301.028,300.698,1.5,1.25
10.08.2021 00:02:48.857,301.013,300.699,1,1.12
10.08.2021 00:02:56.105,301.013,300.705,1,1.12
10.08.2021 00:02:57.968,301.013,300.703,1,1.5
10.08.2021 00:03:04.295,301.031,300.72,1,1.12
10.08.2021 00:03:09.327,301.031,300.72,1,1.12
10.08.2021 00:03:09.772,301.031,300.72200000000004,1,1.12
10.08.2021 00:03:27.151,301.056,300.723,1.5,1.12
10.08.2021 00:03:27.302,301.056,300.735,1,1.5
10.08.2021 00:03:27.774,301.056,300.759,1,1.12
10.08.2021 00:03:28.905,301.056,300.759,1,1.12
10.08.2021 00:03:31.789,301.056,300.73900000000003,1.12,1.12
10.08.2021 00:03:35.332,301.056,300.73900000000003,1,1.12
10.08.2021 00:03:55.894,301.056,300.754,1,1.25
10.08.2021 00:04:11.131,301.056,300.759,1,1.12
10.08.2021 00:04:14.857,301.082,300.77,1,1.25
10.08.2021 00:04:16.579,301.082,300.78400000000005,1,1.25
10.08.2021 00:04:23.403,301.082,300.78400000000005,1,1.12
10.08.2021 00:04:28.867,301.082,300.77500000000003,1,0.85
10.08.2021 00:04:29.067,301.082,300.776,1,1.12
10.08.2021 00:04:30.292,301.082,300.772,1,1.12
10.08.2021 00:04:38.067,301.082,300.76099999999997,1,1.5
10.08.2021 00:04:38.259,301.082,300.76099999999997,1,1.5
10.08.2021 00:05:02.890,301.082,300.834,1,0.37
10.08.2021 00:05:03.091,301.094,300.765,1,1.5
10.08.2021 00:05:03.292,301.094,300.774,1,1.12
10.08.2021 00:05:03.592,301.094,300.77500000000003,1,1.12
10.08.2021 00:05:07.089,301.094,300.77500000000003,1,1.12
10.08.2021 00:05:08.840,301.094,300.776,1,1.12
10.08.2021 00:05:10.476,301.094,300.773,1,1.12
10.08.2021 00:05:10.683,301.094,300.778,1,1.12
10.08.2021 00:05:13.341,301.094,300.78400000000005,1,1.25
10.08.2021 00:05:14.625,301.094,300.78400000000005,1,1.25
10.08.2021 00:05:16.651,301.094,300.785,1,1.25
10.08.2021 00:05:18.005,301.094,300.79200000000003,1,1.12
10.08.2021 00:05:26.173,301.094,300.796,1,1.12
10.08.2021 00:05:35.602,301.094,300.785,1,1.5
10.08.2021 00:05:37.115,301.094,300.785,1,1.5
10.08.2021 00:05:38.161,301.094,300.785,1,1.5
10.08.2021 00:05:38.361,301.094,300.785,1,1.5
10.08.2021 00:05:43.605,301.082,300.773,1,1.12
10.08.2021 00:05:45.875,301.082,300.773,1,1.12
10.08.2021 00:06:08.344,301.082,300.824,1,0.37
10.08.2021 00:06:10.130,301.082,300.762,1,1.5
10.08.2021 00:06:18.563,301.05400000000003,300.76,1,1.12
10.08.2021 00:06:18.699,301.075,300.76,1,1.12
10.08.2021 00:06:24.476,301.05,300.756,1,1.25
10.08.2021 00:06:26.046,301.05,300.754,1,1.25
10.08.2021 00:06:46.412,301.05,300.748,1,1.12
10.08.2021 00:06:47.126,301.05,300.743,1,1.12
10.08.2021 00:06:55.743,301.05,300.759,1,1.12
10.08.2021 00:08:04.210,301.026,300.814,1,0.37
10.08.2021 00:08:06.895,301.026,300.759,1,1.12
10.08.2021 00:08:29.061,301.026,300.76099999999997,1,1.12
10.08.2021 00:08:39.751,301.026,300.747,1,1.12
10.08.2021 00:08:48.915,301.051,300.737,1,1.75
10.08.2021 00:09:28.920,301.029,300.748,1,1.25
10.08.2021 00:09:50.354,301.029,300.748,1,1.12
10.08.2021 00:10:02.782,301.029,300.75,1,1.12
10.08.2021 00:11:07.445,301.029,300.743,1,1.12
10.08.2021 00:11:12.055,301.012,300.743,1,1.12
10.08.2021 00:11:12.594,301.012,300.745,1,1.12
10.08.2021 00:11:15.817,301.03000000000003,300.745,1,1.12
10.08.2021 00:11:15.962,301.043,300.745,1,1.12
10.08.2021 00:11:27.478,301.043,300.748,1,1.12
10.08.2021 00:11:27.629,301.05400000000003,300.748,1,1.12
10.08.2021 00:12:14.975,301.05400000000003,300.751,1,1.12
10.08.2021 00:12:27.677,301.05400000000003,300.748,1,1.12
10.08.2021 00:12:39.776,301.05400000000003,300.747,1,1.12
10.08.2021 00:12:42.145,301.05400000000003,300.737,1.5,1.25
10.08.2021 00:12:42.598,301.021,300.745,1,1.25
10.08.2021 00:12:42.859,301.021,300.743,1,1.12
10.08.2021 00:12:42.970,301.021,300.743,1,1.12
10.08.2021 00:12:45.697,301.021,300.743,1,1.25
10.08.2021 00:12:45.834,301.04200000000003,300.743,1,1.25
10.08.2021 00:12:45.949,301.059,300.743,1,1.12
10.08.2021 00:12:46.099,301.059,300.726,1.5,1.12
10.08.2021 00:12:55.710,301.059,300.731,1.5,1.12
10.08.2021 00:13:00.551,301.048,300.731,1,1.12
10.08.2021 00:13:03.700,301.048,300.731,1.5,1.12
10.08.2021 00:13:05.899,301.048,300.72900000000004,1,1.12
10.08.2021 00:13:10.785,301.048,300.72900000000004,1.5,1.12
10.08.2021 00:13:45.924,301.048,300.72400000000005,1.5,1.12
10.08.2021 00:14:04.547,301.048,300.78400000000005,1.5,0.37
10.08.2021 00:14:04.750,301.048,300.721,1.5,1.12
10.08.2021 00:14:05.030,301.048,300.721,1.5,1.12
10.08.2021 00:14:32.039,301.048,300.716,1.5,1.12
10.08.2021 00:14:32.089,301.03000000000003,300.713,1,1.25
10.08.2021 00:14:38.248,301.03000000000003,300.711,1.5,1.12
10.08.2021 00:14:52.163,301.03000000000003,300.706,1,1.12
10.08.2021 00:14:52.369,301.03000000000003,300.716,1,1.12
10.08.2021 00:15:04.576,301.03000000000003,300.713,1,1.12
10.08.2021 00:15:07.598,301.03000000000003,300.713,1,1.12
10.08.2021 00:15:14.750,301.03000000000003,300.716,1,1.12
10.08.2021 00:15:16.032,301.03000000000003,300.716,1,1.25
10.08.2021 00:15:36.625,301.04,300.71700000000004,1.5,1.12
10.08.2021 00:15:36.675,301.023,300.71700000000004,1,1.12
10.08.2021 00:15:38.297,301.023,300.72700000000003,1,1.12
10.08.2021 00:15:41.171,301.023,300.72700000000003,1,1.12
10.08.2021 00:15:57.804,301.03200000000004,300.719,1,1.12
10.08.2021 00:16:30.785,301.03200000000004,300.698,1,1.5
10.08.2021 00:16:52.990,301.03200000000004,300.70099999999996,1,1.5
10.08.2021 00:16:53.091,301.046,300.721,1.5,1.12
10.08.2021 00:17:05.131,301.036,300.712,1.12,1.12
10.08.2021 00:17:05.592,301.036,300.712,1.5,1.12
10.08.2021 00:17:05.841,301.036,300.711,1.12,1.12
10.08.2021 00:17:14.765,301.036,300.707,1.5,1.12
10.08.2021 00:17:40.539,301.036,300.699,1.5,1.12
10.08.2021 00:17:52.132,301.05400000000003,300.694,1.5,1.12
10.08.2021 00:18:02.369,301.05400000000003,300.705,1.5,1.12
10.08.2021 00:18:02.620,301.05400000000003,300.695,1.75,1.12
10.08.2021 00:18:04.963,301.05400000000003,300.693,1.75,1.12
10.08.2021 00:18:07.298,301.05400000000003,300.693,1.75,1.12
10.08.2021 00:18:11.872,301.028,300.685,1.5,1.12
10.08.2021 00:18:12.976,301.028,300.681,1.5,1.12
10.08.2021 00:18:14.245,301.028,300.681,1.5,1.12
10.08.2021 00:18:15.498,301.028,300.678,1.5,1.12
10.08.2021 00:18:16.076,301.028,300.678,1.5,1.12
10.08.2021 00:18:16.256,301.028,300.673,1.75,1.12
10.08.2021 00:18:41.883,301.02500000000003,300.677,1.5,1.12
10.08.2021 00:19:04.811,301.021,300.69599999999997,1.5,1
10.08.2021 00:19:09.921,301.021,300.66900000000004,1.75,1.12
10.08.2021 00:19:16.553,301.021,300.651,1.75,1.5
10.08.2021 00:19:27.714,300.993,300.654,1.5,1.12
10.08.2021 00:19:27.959,300.993,300.66200000000003,1.5,1.12
10.08.2021 00:19:42.432,300.993,300.66200000000003,1.5,1.12
10.08.2021 00:19:42.685,300.993,300.665,1.5,1.12
10.08.2021 00:20:02.379,300.993,300.69,1.5,1
10.08.2021 00:20:02.799,300.993,300.687,1.5,1
10.08.2021 00:20:29.874,300.993,300.683,1.5,1
10.08.2021 00:20:30.275,300.993,300.676,1.5,1
10.08.2021 00:20:41.077,300.993,300.652,1.5,1.12
10.08.2021 00:20:42.269,300.993,300.66900000000004,1.5,1.12
10.08.2021 00:20:44.334,300.993,300.66900000000004,1,1.12
10.08.2021 00:20:44.985,300.993,300.663,1,1.5
10.08.2021 00:20:50.287,301.019,300.705,1.5,1
10.08.2021 00:20:50.387,301.019,300.705,1.5,1
10.08.2021 00:20:57.355,301.019,300.684,1.5,1.12
10.08.2021 00:21:12.541,301.019,300.682,1.5,1.12
10.08.2021 00:21:27.359,301.019,300.683,1.5,1.12
10.08.2021 00:22:07.660,301.019,300.699,1.5,1
10.08.2021 00:22:16.157,301.019,300.681,1.5,1.12
10.08.2021 00:22:37.125,300.998,300.682,1,1.12
10.08.2021 00:22:39.626,300.998,300.691,1,1.12
10.08.2021 00:22:49.275,300.998,300.693,1,1.12
10.08.2021 00:22:49.881,300.998,300.693,1,1.12
10.08.2021 00:22:54.242,300.998,300.695,1,1.12
10.08.2021 00:23:44.016,300.998,300.7,1,1.12
10.08.2021 00:23:49.341,300.998,300.685,1,1.5
10.08.2021 00:24:08.525,300.998,300.682,1,1.5
10.08.2021 00:25:02.688,300.994,300.681,1,1.5
10.08.2021 00:25:12.308,300.994,300.744,1,0.37
10.08.2021 00:25:27.387,300.994,300.67900000000003,1,1.87
10.08.2021 00:26:50.425,300.994,300.681,1,1.12
10.08.2021 00:27:33.085,300.996,300.688,1,1.12
10.08.2021 00:27:35.041,300.978,300.688,1,1.12
10.08.2021 00:27:35.335,300.987,300.688,1,1.12
10.08.2021 00:27:39.307,300.987,300.688,1,1.12
10.08.2021 00:27:40.670,300.981,300.682,1,1.12
10.08.2021 00:27:47.439,300.981,300.67900000000003,1,1.12
10.08.2021 00:29:45.633,301.004,300.692,1,1.12
10.08.2021 00:29:45.746,301.004,300.694,1,1.12
10.08.2021 00:29:45.946,301.004,300.692,1,1.12
10.08.2021 00:29:46.351,301.004,300.694,1,1.12
10.08.2021 00:30:00.067,301.004,300.699,1,1.12
10.08.2021 00:30:05.459,301.004,300.681,1,1.5
10.08.2021 00:30:13.264,301.004,300.692,1,1.12
10.08.2021 00:30:20.139,301.004,300.692,1,1.12
10.08.2021 00:32:12.160,301.004,300.691,1,1.5
10.08.2021 00:33:48.244,301.004,300.713,1.5,1
10.08.2021 00:34:29.754,301.001,300.67900000000003,1,1.25
10.08.2021 00:35:06.317,301.004,300.689,1.5,1.12
10.08.2021 00:35:52.759,301.001,300.704,1,1
10.08.2021 00:35:52.960,301.001,300.711,1,1
10.08.2021 00:35:57.984,301.001,300.703,1.5,1
10.08.2021 00:36:03.852,301.001,300.703,1,1
10.08.2021 00:36:04.053,301.001,300.706,1,1
10.08.2021 00:36:06.261,301.004,300.688,1,1.12
10.08.2021 00:36:23.745,301.004,300.703,1.5,1
10.08.2021 00:36:24.820,301.004,300.705,1,1
10.08.2021 00:36:25.023,301.004,300.709,1,1
10.08.2021 00:37:00.472,301.004,300.711,1,1
10.08.2021 00:37:03.570,301.004,300.712,1,1
10.08.2021 00:37:05.555,301.004,300.71,1,1
10.08.2021 00:37:05.761,301.004,300.678,1.5,1.12
10.08.2021 00:37:43.659,300.999,300.672,1.5,1.25
10.08.2021 00:37:43.862,300.999,300.675,1.5,1.25
10.08.2021 00:38:00.063,300.981,300.675,1,1.25
10.08.2021 00:38:00.278,300.981,300.66700000000003,1,1.87
10.08.2021 00:38:02.911,300.981,300.67400000000004,1,1.25
10.08.2021 00:38:50.880,300.981,300.676,1,1.25
10.08.2021 00:38:55.320,300.981,300.686,1,1
10.08.2021 00:38:56.497,300.981,300.665,1,1.12
10.08.2021 00:38:56.698,300.981,300.65900000000005,1,1.5
10.08.2021 00:38:56.899,300.981,300.67400000000004,1,1.12
10.08.2021 00:39:23.470,300.981,300.66,1,1.12
10.08.2021 00:39:52.315,300.973,300.661,1,1.25
10.08.2021 00:40:13.655,300.97200000000004,300.65500000000003,1.5,1.25
10.08.2021 00:40:13.882,300.96,300.65000000000003,1,1.25
10.08.2021 00:40:19.499,300.94599999999997,300.65000000000003,1,1.25
10.08.2021 00:40:21.076,300.935,300.65000000000003,1,1.25
10.08.2021 00:40:35.393,300.935,300.653,1,1.25
10.08.2021 00:40:44.205,300.935,300.653,1,1.25
10.08.2021 00:40:45.989,300.935,300.65900000000005,1,1.25
10.08.2021 00:41:08.564,300.954,300.661,1,1.25
10.08.2021 00:41:52.550,300.938,300.663,1,1.25
10.08.2021 00:41:53.335,300.944,300.652,1,1.25
10.08.2021 00:41:53.386,300.955,300.652,1,1.12
10.08.2021 00:41:58.569,300.955,300.652,1,1.25
10.08.2021 00:41:59.260,300.955,300.652,1,1.25
10.08.2021 00:42:00.896,300.955,300.66,1,1.25
10.08.2021 00:42:26.020,300.955,300.66200000000003,1,1.25
10.08.2021 00:42:31.425,300.92900000000003,300.665,1,1.25
10.08.2021 00:42:47.843,300.92900000000003,300.665,1,1.25
10.08.2021 00:42:53.640,300.92900000000003,300.676,1,1
10.08.2021 00:42:54.247,300.92900000000003,300.683,1,1
10.08.2021 00:43:09.333,300.92900000000003,300.66200000000003,1,1.25
10.08.2021 00:43:09.434,300.944,300.658,1,1.75
10.08.2021 00:43:09.535,300.944,300.661,1,1.75
10.08.2021 00:43:13.973,300.944,300.656,1,1.5
10.08.2021 00:43:25.255,300.944,300.672,1,1.25
10.08.2021 00:43:28.643,300.944,300.67400000000004,1,1.25
10.08.2021 00:44:06.069,300.944,300.67400000000004,1,1.25
10.08.2021 00:44:10.548,300.959,300.656,1,1.25
10.08.2021 00:44:12.198,300.959,300.651,1,1.75
10.08.2021 00:44:12.362,300.959,300.66200000000003,1,1.25
10.08.2021 00:45:05.474,300.959,300.658,1,1.25
10.08.2021 00:45:09.894,300.95,300.651,1,1.25
10.08.2021 00:45:14.569,300.933,300.653,1,1.25
10.08.2021 00:46:55.710,300.933,300.645,1,1.25
10.08.2021 00:46:55.950,300.933,300.646,1,1.25
10.08.2021 00:47:04.221,300.933,300.644,1,1.25
10.08.2021 00:47:04.791,300.928,300.63599999999997,1,1.25
10.08.2021 00:47:36.016,300.954,300.694,1,0.37
10.08.2021 00:47:36.333,300.954,300.647,1,1.12
10.08.2021 00:47:49.326,300.954,300.672,1,1
10.08.2021 00:47:53.993,300.954,300.675,1,1
10.08.2021 00:47:56.769,300.954,300.628,1,1.5
10.08.2021 00:48:35.955,300.954,300.63599999999997,1,1.12
10.08.2021 00:48:39.003,300.954,300.633,1,1.12
10.08.2021 00:48:52.663,300.954,300.633,1,1.12
10.08.2021 00:48:52.832,300.954,300.625,1.5,1.12
10.08.2021 00:49:00.853,300.954,300.625,1,1.12
10.08.2021 00:49:07.885,300.954,300.632,1.5,1.12
10.08.2021 00:49:08.135,300.954,300.63,1,1.12
10.08.2021 00:49:09.439,300.954,300.634,1,1.12
10.08.2021 00:49:10.601,300.954,300.646,1,1.25
10.08.2021 00:49:10.846,300.954,300.642,1,1.25
10.08.2021 00:49:11.047,300.954,300.646,1,1.25
10.08.2021 00:49:19.971,300.954,300.66900000000004,1,1
10.08.2021 00:51:00.545,300.954,300.632,1,1.75
10.08.2021 00:51:06.894,300.954,300.65000000000003,1,1.12
10.08.2021 00:51:15.592,300.954,300.65500000000003,1,1.25
10.08.2021 00:51:22.677,300.954,300.644,1,1.12
10.08.2021 00:51:44.621,300.954,300.633,1,1.5
10.08.2021 00:52:04.422,300.954,300.647,1,1.12
10.08.2021 00:52:07.393,300.954,300.651,1,1.25
10.08.2021 00:52:08.195,300.954,300.651,1,1.25
10.08.2021 00:52:14.698,300.954,300.658,1,1.25
10.08.2021 00:52:16.184,300.956,300.642,1,1.25
10.08.2021 00:52:16.285,300.956,300.631,1.12,1.12
10.08.2021 00:52:25.403,300.956,300.629,1.5,1.12
10.08.2021 00:52:33.084,300.956,300.629,1.12,1.12
10.08.2021 00:52:36.651,300.956,300.627,1.5,1.12
10.08.2021 00:53:00.145,300.956,300.629,1.12,1.12
10.08.2021 00:53:00.520,300.956,300.629,1.5,1.12
10.08.2021 00:53:10.783,300.956,300.633,1.12,1.12
10.08.2021 00:53:19.844,300.956,300.631,1.5,1.12
10.08.2021 00:53:27.086,300.956,300.621,1.12,1.5
10.08.2021 00:53:34.229,300.956,300.618,1.5,1.5
10.08.2021 00:53:35.153,300.956,300.631,1.12,1.12
10.08.2021 00:53:43.394,300.956,300.63,1.5,1.12
10.08.2021 00:53:56.973,300.956,300.619,1.5,1.12
10.08.2021 00:54:06.395,300.956,300.606,1.5,1.5
10.08.2021 00:54:06.748,300.956,300.606,1.5,1.5
10.08.2021 00:54:10.222,300.956,300.617,1.5,1.12
10.08.2021 00:54:12.053,300.956,300.598,1.5,1.5
10.08.2021 00:54:15.788,300.93,300.606,1,1.12
10.08.2021 00:54:23.093,300.93,300.624,1,1.25
10.08.2021 00:54:28.273,300.93,300.617,1,1.12
10.08.2021 00:54:39.004,300.93,300.615,1,1.12
10.08.2021 00:54:39.680,300.93,300.6,1.5,1.5
10.08.2021 00:54:41.519,300.93,300.591,1.5,1.5
10.08.2021 00:54:45.396,300.93,300.605,1.5,1.12
10.08.2021 00:54:45.654,300.93,300.605,1.5,1.12
10.08.2021 00:54:56.817,300.93,300.603,1.5,1.12
10.08.2021 00:55:00.596,300.93,300.59000000000003,1.5,1.5
10.08.2021 00:55:00.800,300.93,300.59000000000003,1.5,1.5
10.08.2021 00:55:01.004,300.93,300.591,1.5,1.5
10.08.2021 00:55:03.786,300.93,300.626,1.5,1
10.08.2021 00:55:12.335,300.93,300.605,1,1.12
10.08.2021 00:55:21.439,300.93,300.637,1,1
10.08.2021 00:55:56.177,300.956,300.611,1.5,1.5
10.08.2021 00:56:00.845,300.956,300.618,1.5,1.12
10.08.2021 00:57:03.071,300.956,300.644,1.5,1
10.08.2021 00:57:03.273,300.956,300.643,1.5,1
10.08.2021 00:57:30.453,300.956,300.596,1.5,1.5
10.08.2021 00:57:30.615,300.956,300.596,1.75,1.5
10.08.2021 00:57:38.862,300.956,300.60400000000004,1.5,1.12
10.08.2021 00:57:39.616,300.956,300.60400000000004,1.5,1.12
10.08.2021 00:58:03.659,300.956,300.60400000000004,1.75,1.12
10.08.2021 00:58:09.022,300.93,300.60400000000004,1.5,1.12
10.08.2021 00:58:25.347,300.93,300.60400000000004,1.5,1.12
10.08.2021 00:58:31.599,300.93,300.627,1.5,1
10.08.2021 00:59:19.191,300.93,300.586,1.5,1.5
10.08.2021 00:59:22.227,300.93,300.624,1.5,1
10.08.2021 00:59:44.099,300.93,300.6,1.5,1.12
10.08.2021 00:59:45.130,300.93,300.598,1.5,1.12
10.08.2021 00:59:45.383,300.93,300.59900000000005,1.5,1.12
10.08.2021 00:59:46.582,300.93,300.601,1.5,1.12
10.08.2021 01:00:01.685,300.93,300.622,1.5,1
10.08.2021 01:00:03.284,300.93,300.618,1.5,1
10.08.2021 01:00:04.736,300.93,300.613,1.5,1
10.08.2021 01:00:13.395,300.90900000000005,300.589,1,1.12
10.08.2021 01:00:14.286,300.90900000000005,300.589,1.5,1.12
10.08.2021 01:00:14.955,300.90900000000005,300.578,1.5,1.12
10.08.2021 01:00:18.449,300.90900000000005,300.582,1.5,1.12
10.08.2021 01:00:18.651,300.90900000000005,300.584,1.5,1.12
10.08.2021 01:00:19.194,300.90900000000005,300.581,1.5,1.12
10.08.2021 01:00:19.540,300.90900000000005,300.578,1.5,1.12
10.08.2021 01:00:23.231,300.90900000000005,300.605,1.5,1
10.08.2021 01:00:25.854,300.90900000000005,300.60200000000003,1.5,1
10.08.2021 01:00:27.618,300.90900000000005,300.606,1.5,1
10.08.2021 01:00:27.817,300.90900000000005,300.60900000000004,1.5,1
10.08.2021 01:00:36.394,300.90900000000005,300.615,1,1
10.08.2021 01:00:37.216,300.90900000000005,300.584,1,1.5
10.08.2021 01:00:50.397,300.90900000000005,300.59200000000004,1,1.12
10.08.2021 01:01:01.361,300.90900000000005,300.616,1,1
10.08.2021 01:01:01.790,300.90900000000005,300.618,1,1
10.08.2021 01:01:04.729,300.90900000000005,300.616,1,1
10.08.2021 01:01:21.401,300.90900000000005,300.596,1,1.25
10.08.2021 01:01:22.143,300.90900000000005,300.59200000000004,1,1.25
10.08.2021 01:01:29.180,300.90900000000005,300.591,1,1.25
10.08.2021 01:01:30.471,300.90900000000005,300.591,1,1.25
10.08.2021 01:01:38.802,300.90900000000005,300.59000000000003,1.5,1.12
10.08.2021 01:01:42.302,300.90900000000005,300.59000000000003,1,1.12
10.08.2021 01:01:46.894,300.90900000000005,300.591,1.5,1.12
10.08.2021 01:01:54.404,300.90900000000005,300.591,1,1.12
10.08.2021 01:02:18.047,300.90900000000005,300.59200000000004,1,1.12
10.08.2021 01:02:25.104,300.93,300.591,1.5,1.5
10.08.2021 01:02:27.627,300.93,300.60400000000004,1.5,1.12
10.08.2021 01:02:33.826,300.93,300.60400000000004,1.5,1.12
10.08.2021 01:02:37.131,300.93,300.591,1.5,1.5
10.08.2021 01:02:42.625,300.93,300.611,1,1.12
10.08.2021 01:02:43.027,300.93,300.601,1,1.5
10.08.2021 01:02:45.849,300.93,300.6,1,1.5
10.08.2021 01:02:47.651,300.93,300.615,1,1.12
10.08.2021 01:02:56.893,300.953,300.641,1.5,1
10.08.2021 01:02:57.044,300.953,300.641,1.5,1
10.08.2021 01:03:30.936,300.953,300.63,1,1.12
10.08.2021 01:03:38.974,300.953,300.63,1.5,1.12
10.08.2021 01:03:41.094,300.953,300.623,1.5,1.12
10.08.2021 01:03:41.526,300.953,300.623,1.5,1.12
10.08.2021 01:03:46.282,300.953,300.623,1.5,1.12
10.08.2021 01:03:52.235,300.953,300.618,1.5,1.12
10.08.2021 01:03:59.113,300.953,300.622,1.5,1.12
10.08.2021 01:04:20.209,300.953,300.616,1.5,1.12
10.08.2021 01:04:20.329,300.935,300.59900000000005,1,1.5
10.08.2021 01:04:20.379,300.935,300.60400000000004,1.5,1.12
10.08.2021 01:04:20.812,300.935,300.61400000000003,1,1.12
10.08.2021 01:04:22.821,300.935,300.61400000000003,1,1.12
10.08.2021 01:04:23.070,300.935,300.63599999999997,1,1
10.08.2021 01:04:28.707,300.935,300.612,1,1.12
10.08.2021 01:04:33.095,300.935,300.612,1,1.12
10.08.2021 01:04:45.128,300.935,300.612,1.5,1.12
10.08.2021 01:04:46.344,300.935,300.591,1.5,1.5
10.08.2021 01:05:09.568,300.935,300.66400000000004,1.5,0.37
10.08.2021 01:05:09.771,300.935,300.654,1.5,0.37
10.08.2021 01:05:10.641,300.935,300.66400000000004,1.5,0.37
10.08.2021 01:05:17.345,300.935,300.60400000000004,1.5,1.25
10.08.2021 01:05:24.805,300.935,300.596,1.5,1.25
10.08.2021 01:05:24.996,300.935,300.601,1.5,1.25
10.08.2021 01:05:28.181,300.935,300.583,1.5,1.5
10.08.2021 01:05:32.639,300.935,300.62,1.5,1
10.08.2021 01:05:38.453,300.935,300.617,1.5,1
10.08.2021 01:05:38.653,300.935,300.61400000000003,1.5,1
10.08.2021 01:05:46.060,300.915,300.59000000000003,1,1.12
10.08.2021 01:05:48.394,300.915,300.594,1,1.12
10.08.2021 01:05:49.881,300.915,300.59200000000004,1,1.12
10.08.2021 01:05:53.331,300.915,300.59200000000004,1,1.12
10.08.2021 01:05:54.767,300.915,300.581,1,1.5
10.08.2021 01:06:01.903,300.915,300.593,1,1.12
10.08.2021 01:06:08.061,300.915,300.59200000000004,1,1.12
10.08.2021 01:06:11.846,300.915,300.59200000000004,1.5,1.12
10.08.2021 01:06:20.097,300.915,300.59000000000003,1,1.12
10.08.2021 01:06:23.538,300.915,300.612,1.5,1
10.08.2021 01:06:28.301,300.915,300.59000000000003,1,1.12
10.08.2021 01:06:43.396,300.915,300.589,1.5,1.12
10.08.2021 01:07:04.395,300.915,300.591,1,1.12
10.08.2021 01:07:04.600,300.915,300.589,1.5,1.12
10.08.2021 01:07:14.176,300.89,300.584,1,1.12
10.08.2021 01:07:14.326,300.89,300.58,1,1.12
10.08.2021 01:07:16.542,300.89,300.585,1,1.12
10.08.2021 01:07:38.585,300.89,300.588,1,1.12
10.08.2021 01:07:39.246,300.89,300.585,1,1.12
10.08.2021 01:08:27.340,300.89,300.579,1,1.12
10.08.2021 01:08:30.501,300.89,300.612,1,1
10.08.2021 01:08:34.546,300.89,300.60900000000004,1,1
10.08.2021 01:08:39.929,300.89,300.585,1,1.12
10.08.2021 01:11:41.013,300.89,300.605,1,1
10.08.2021 01:12:39.970,300.89,300.583,1,1.25
10.08.2021 01:12:42.046,300.89,300.586,1,1.25
10.08.2021 01:13:40.655,300.878,300.578,1,1.25
10.08.2021 01:13:44.762,300.878,300.572,1,1.25
10.08.2021 01:13:55.637,300.878,300.568,1,1.19
10.08.2021 01:14:08.493,300.856,300.578,1,1.25
10.08.2021 01:14:40.215,300.856,300.57599999999996,1,1.25
10.08.2021 01:14:49.365,300.838,300.573,1,1.25
10.08.2021 01:14:49.416,300.861,300.573,1,1.25
10.08.2021 01:14:52.413,300.861,300.573,1,1.25
10.08.2021 01:14:52.568,300.871,300.573,1,1.5
10.08.2021 01:14:52.669,300.879,300.58,1,1.12
10.08.2021 01:14:53.280,300.868,300.58,1,1.25
10.08.2021 01:14:55.131,300.868,300.577,1,1.25
10.08.2021 01:15:15.425,300.868,300.585,1,1.25
10.08.2021 01:15:16.082,300.889,300.585,1,1.25
10.08.2021 01:15:20.445,300.889,300.593,1,1.25
10.08.2021 01:15:32.077,300.889,300.59200000000004,1,1.25
10.08.2021 01:15:40.561,300.889,300.617,1,1
10.08.2021 01:15:50.238,300.889,300.589,1,1.25
10.08.2021 01:15:51.227,300.889,300.584,1,1.25
10.08.2021 01:16:01.041,300.889,300.618,1,1
10.08.2021 01:16:01.196,300.889,300.618,1,1
10.08.2021 01:16:16.206,300.882,300.584,1,1.25
10.08.2021 01:16:21.595,300.895,300.589,1,1.12
10.08.2021 01:16:40.189,300.884,300.59000000000003,1,1.25
10.08.2021 01:17:20.751,300.884,300.587,1,1.75
10.08.2021 01:17:21.720,300.884,300.59200000000004,1,1.25
10.08.2021 01:17:29.528,300.898,300.59200000000004,1,1.25
10.08.2021 01:17:41.966,300.88,300.587,1,1.25
10.08.2021 01:17:42.016,300.88,300.587,1,1.25
10.08.2021 01:17:51.078,300.88,300.573,1,1.25
10.08.2021 01:18:18.806,300.862,300.567,1,1.25
10.08.2021 01:18:33.011,300.862,300.575,1,1.25
10.08.2021 01:18:34.476,300.862,300.575,1,1.25
10.08.2021 01:18:41.006,300.862,300.573,1,1.25
10.08.2021 01:18:50.192,300.862,300.573,1,1.25
10.08.2021 01:18:51.638,300.862,300.573,1,1.25
10.08.2021 01:18:54.949,300.862,300.569,1,1.25
10.08.2021 01:19:09.465,300.862,300.563,1,1.25
10.08.2021 01:19:11.300,300.862,300.563,1,1.25
10.08.2021 01:19:12.439,300.845,300.559,1,1.75
10.08.2021 01:19:15.710,300.845,300.557,1,1.25
10.08.2021 01:19:20.221,300.845,300.563,1,1.25
10.08.2021 01:19:21.390,300.845,300.565,1,1.25
10.08.2021 01:19:23.129,300.845,300.565,1,1.25
10.08.2021 01:19:55.878,300.845,300.564,1,1.25
10.08.2021 01:20:03.080,300.845,300.563,1,1.25
10.08.2021 01:20:25.116,300.845,300.567,1,1.25
10.08.2021 01:20:53.088,300.865,300.584,1,1.25
10.08.2021 01:20:53.139,300.865,300.587,1,1.25
10.08.2021 01:20:54.693,300.865,300.57599999999996,1,1.25
10.08.2021 01:21:54.207,300.865,300.574,1,1.25
10.08.2021 01:21:54.414,300.865,300.574,1,1.25
10.08.2021 01:21:57.415,300.865,300.574,1,1.25
10.08.2021 01:21:57.516,300.845,300.572,1,1.25
10.08.2021 01:22:03.464,300.845,300.598,1,1
10.08.2021 01:22:30.995,300.86,300.579,1,1.25
10.08.2021 01:22:34.008,300.881,300.605,1,1
10.08.2021 01:22:34.059,300.881,300.605,1,1
10.08.2021 01:22:35.672,300.881,300.607,1,1
10.08.2021 01:22:40.308,300.881,300.581,1,1.25
10.08.2021 01:22:58.713,300.881,300.584,1,1.25
10.08.2021 01:22:58.864,300.90000000000003,300.591,1,1.25
10.08.2021 01:22:59.445,300.89,300.601,1,1.25
10.08.2021 01:23:07.107,300.89,300.601,1,1.25
10.08.2021 01:23:08.738,300.89,300.60400000000004,1,1.25
10.08.2021 01:23:29.779,300.89,300.593,1,1.12
10.08.2021 01:23:31.414,300.89,300.594,1,1.12
10.08.2021 01:23:53.521,300.89,300.594,1,1.12
10.08.2021 01:24:02.640,300.89,300.596,1,1.12
10.08.2021 01:24:05.913,300.89,300.593,1,1.12
10.08.2021 01:24:31.311,300.89,300.591,1,1.25
10.08.2021 01:24:37.059,300.89,300.619,1,1
10.08.2021 01:24:37.369,300.89,300.62,1,1
10.08.2021 01:25:03.371,300.89,300.603,1,1.25
10.08.2021 01:25:06.210,300.89,300.595,1,1.25
10.08.2021 01:25:06.970,300.89,300.594,1,1.25
10.08.2021 01:25:13.666,300.869,300.591,1,1.25
10.08.2021 01:26:01.514,300.869,300.59200000000004,1,1.25
10.08.2021 01:26:08.121,300.869,300.59200000000004,1,1.25
10.08.2021 01:26:09.954,300.869,300.595,1,1.25
10.08.2021 01:26:10.153,300.869,300.593,1,1.25
10.08.2021 01:26:58.058,300.876,300.583,1,1.25
10.08.2021 01:27:05.755,300.876,300.593,1,1.25
10.08.2021 01:27:06.558,300.882,300.596,1,1.25
10.08.2021 01:27:06.609,300.895,300.596,1,1.25
10.08.2021 01:27:12.849,300.895,300.593,1,1.25
10.08.2021 01:27:34.064,300.884,300.593,1,1.25
10.08.2021 01:27:34.575,300.895,300.593,1,1.12
10.08.2021 01:27:36.273,300.895,300.593,1,1.25
10.08.2021 01:27:37.269,300.883,300.596,1,1.25
10.08.2021 01:27:39.760,300.883,300.59200000000004,1,1.25
10.08.2021 01:28:03.314,300.883,300.593,1,1.25
10.08.2021 01:28:06.280,300.883,300.60200000000003,1,1.25
10.08.2021 01:28:06.725,300.901,300.605,1,1.25
10.08.2021 01:28:09.413,300.901,300.603,1,1.25
10.08.2021 01:28:20.416,300.889,300.595,1,1.25
10.08.2021 01:28:21.071,300.901,300.59900000000005,1,1.25
10.08.2021 01:28:24.818,300.901,300.594,1,1.25
10.08.2021 01:28:35.446,300.901,300.586,1,1.25
10.08.2021 01:28:42.084,300.90700000000004,300.59900000000005,1.5,1.25
10.08.2021 01:28:42.868,300.923,300.59900000000005,1.5,1.12
10.08.2021 01:28:42.918,300.908,300.59900000000005,1,1.12
10.08.2021 01:29:01.922,300.908,300.628,1,1
10.08.2021 01:29:14.593,300.908,300.627,1,1
10.08.2021 01:29:18.164,300.908,300.63599999999997,1,1
10.08.2021 01:29:26.088,300.908,300.603,1,1.25
10.08.2021 01:29:39.026,300.908,300.603,1,1.25
10.08.2021 01:29:41.541,300.908,300.595,1,1.25
10.08.2021 01:29:43.038,300.908,300.603,1,1.25
10.08.2021 01:30:01.535,300.908,300.60200000000003,1,1.25
10.08.2021 01:30:22.897,300.908,300.603,1,1.25
10.08.2021 01:30:37.999,300.908,300.60400000000004,1,1.25
10.08.2021 01:30:46.375,300.908,300.60400000000004,1,1.25
10.08.2021 01:31:00.138,300.91900000000004,300.6,1,1.25
10.08.2021 01:31:00.239,300.922,300.608,1,1.25
10.08.2021 01:31:02.814,300.922,300.605,1,1.25
10.08.2021 01:31:09.459,300.906,300.603,1,1.25
10.08.2021 01:32:04.198,300.906,300.596,1,1.25
10.08.2021 01:32:08.793,300.906,300.612,1,1.25
10.08.2021 01:32:12.167,300.906,300.615,1,1.25
10.08.2021 01:32:23.820,300.906,300.606,1,1.25
10.08.2021 01:32:46.611,300.906,300.596,1,1.25
10.08.2021 01:32:51.783,300.888,300.59700000000004,1,1.25
10.08.2021 01:33:05.550,300.904,300.603,1,1.25
10.08.2021 01:33:08.029,300.889,300.605,1,1.25
10.08.2021 01:33:25.357,300.889,300.615,1,1.25
10.08.2021 01:33:28.003,300.904,300.615,1,1.25
10.08.2021 01:33:28.089,300.90700000000004,300.615,1,1.25
10.08.2021 01:33:30.041,300.90700000000004,300.60400000000004,1,1.25
10.08.2021 01:33:31.302,300.90700000000004,300.61,1,1.25
10.08.2021 01:33:41.883,300.90700000000004,300.617,1,1.25
10.08.2021 01:33:57.582,300.921,300.651,1,1
10.08.2021 01:34:15.710,300.91200000000003,300.627,1,1.25
10.08.2021 01:34:16.944,300.921,300.627,1,1.25
10.08.2021 01:34:28.128,300.923,300.684,1,0.37
10.08.2021 01:34:34.227,300.921,300.623,1,1.25
10.08.2021 01:35:04.300,300.935,300.632,1,1.25
10.08.2021 01:35:04.446,300.935,300.637,1,1.25
10.08.2021 01:35:04.648,300.935,300.631,1,1.25
10.08.2021 01:35:05.673,300.935,300.634,1,1.25
10.08.2021 01:35:33.409,300.953,300.632,1,1.25
10.08.2021 01:36:01.096,300.953,300.641,1,1.75
10.08.2021 01:36:13.993,300.953,300.654,1,1.25
10.08.2021 01:36:29.660,300.953,300.654,1,1.12
10.08.2021 01:36:30.774,300.97900000000004,300.666,1,1.12
10.08.2021 01:36:34.866,300.97900000000004,300.668,1,1.12
10.08.2021 01:36:35.557,300.97900000000004,300.66900000000004,1,1.25
10.08.2021 01:36:51.640,300.97900000000004,300.663,1,1.12
10.08.2021 01:36:52.230,300.97900000000004,300.666,1,1.12
10.08.2021 01:37:27.314,300.97900000000004,300.653,1.5,1.12
10.08.2021 01:37:32.223,300.97900000000004,300.66,1,1.12
10.08.2021 01:37:34.458,300.97900000000004,300.658,1.5,1.12
10.08.2021 01:37:58.054,300.958,300.65500000000003,1,1.12
10.08.2021 01:38:09.775,300.975,300.647,1.5,1.12
10.08.2021 01:38:11.270,300.975,300.64,1.5,1.12
10.08.2021 01:38:26.010,300.975,300.642,1.5,1.12
10.08.2021 01:38:27.407,300.975,300.626,1.5,1.5
10.08.2021 01:38:30.251,300.975,300.631,1.5,1.5
10.08.2021 01:38:34.548,300.975,300.646,1.5,1.12
10.08.2021 01:39:06.355,300.975,300.653,1,1.12
10.08.2021 01:39:07.532,300.975,300.646,1.5,1.12
10.08.2021 01:39:09.176,300.975,300.649,1,1.12
10.08.2021 01:39:11.232,300.975,300.649,1.5,1.12
10.08.2021 01:39:13.348,300.975,300.649,1,1.12
10.08.2021 01:39:16.892,300.975,300.649,1.5,1.12
10.08.2021 01:39:18.388,300.975,300.649,1,1.12
10.08.2021 01:39:31.820,300.975,300.654,1,1.25
10.08.2021 01:39:43.286,300.975,300.663,1,1.12
10.08.2021 01:40:00.703,300.998,300.658,1.5,1.5
10.08.2021 01:40:00.828,300.998,300.673,1.5,1.12
10.08.2021 01:40:07.898,300.998,300.66900000000004,1.5,1.12
10.08.2021 01:40:40.378,300.998,300.668,1.5,1.12
10.08.2021 01:40:43.107,300.97400000000005,300.672,1,1.12
10.08.2021 01:40:44.033,301,300.672,1.5,1.12
10.08.2021 01:40:45.390,301,300.66900000000004,1.5,1.12
10.08.2021 01:40:46.020,300.978,300.66900000000004,1,1.12
10.08.2021 01:40:52.821,300.955,300.668,1,1.12
10.08.2021 01:40:54.038,300.975,300.668,1,1.12
10.08.2021 01:40:55.005,300.949,300.668,1,1.25
10.08.2021 01:40:57.028,300.97200000000004,300.668,1,1.25
10.08.2021 01:40:57.834,300.945,300.668,1,1.25
10.08.2021 01:41:02.044,300.968,300.67,1,1.25
10.08.2021 01:41:03.031,300.943,300.67,1,1.25
10.08.2021 01:41:17.108,300.943,300.672,1,1.25
10.08.2021 01:41:17.158,300.943,300.672,1,1.25
10.08.2021 01:41:20.054,300.97,300.67,1,1.25
10.08.2021 01:41:22.050,300.943,300.67,1,1.25
10.08.2021 01:41:27.055,300.96700000000004,300.668,1,1.25
10.08.2021 01:41:28.045,300.939,300.668,1,1.25
10.08.2021 01:41:31.459,300.939,300.668,1,1.25
10.08.2021 01:41:32.141,300.939,300.675,1,1.25
10.08.2021 01:42:11.003,300.939,300.652,1,1.5
10.08.2021 01:42:13.141,300.939,300.663,1,1.25
10.08.2021 01:42:22.165,300.939,300.652,1,1.25
10.08.2021 01:42:26.205,300.921,300.686,1,1
10.08.2021 01:42:31.648,300.921,300.688,1,1
10.08.2021 01:42:35.073,300.921,300.708,1,1
10.08.2021 01:42:37.413,300.932,300.685,1,1.25
10.08.2021 01:42:37.514,300.932,300.66700000000003,1,1.75
10.08.2021 01:42:37.914,300.915,300.66700000000003,1,1.75
10.08.2021 01:42:39.519,300.915,300.66700000000003,1,1.12
10.08.2021 01:42:40.749,300.915,300.665,1,1.12
10.08.2021 01:42:51.345,300.915,300.65500000000003,1,1.12
10.08.2021 01:42:51.457,300.915,300.65500000000003,1,1.12
10.08.2021 01:42:51.852,300.915,300.668,1,1.25
10.08.2021 01:42:53.422,300.915,300.649,1,1.5
10.08.2021 01:42:55.024,300.915,300.66,1,0.62
10.08.2021 01:42:55.660,300.915,300.66,1,0.87
10.08.2021 01:42:56.858,300.915,300.681,1,1
10.08.2021 01:43:00.427,300.915,300.689,1,1
10.08.2021 01:43:11.144,300.915,300.67,1,1.25
10.08.2021 01:43:11.195,300.93,300.67,1,1.25
10.08.2021 01:43:14.814,300.93,300.671,1,1.25
10.08.2021 01:43:15.116,300.949,300.671,1,1.25
10.08.2021 01:43:15.532,300.949,300.661,1,1.75
10.08.2021 01:43:16.081,300.949,300.66200000000003,1,1.25
10.08.2021 01:43:23.658,300.949,300.675,1,1.25
10.08.2021 01:43:24.060,300.949,300.673,1,1.25
10.08.2021 01:43:34.801,300.949,300.67400000000004,1,1.25
10.08.2021 01:43:36.872,300.949,300.671,1,1.25
10.08.2021 01:43:37.072,300.949,300.66400000000004,1,1.25
10.08.2021 01:43:40.121,300.97,300.66400000000004,1,1.25
10.08.2021 01:44:11.176,300.959,300.681,1,1.25
10.08.2021 01:44:19.555,300.959,300.672,1,1.25
10.08.2021 01:44:24.165,300.969,300.69599999999997,1,1
10.08.2021 01:44:24.215,300.95099999999996,300.69599999999997,1,1
10.08.2021 01:44:25.321,300.95099999999996,300.699,1,1
10.08.2021 01:44:25.487,300.95099999999996,300.69599999999997,1,1
10.08.2021 01:44:42.062,300.95099999999996,300.67400000000004,1,1.12
10.08.2021 01:45:07.225,300.975,300.682,1,1.25
10.08.2021 01:45:10.169,300.962,300.682,1,1.12
10.08.2021 01:45:10.827,300.94,300.682,1,1.12
10.08.2021 01:45:14.842,300.94,300.683,1,1.25
10.08.2021 01:45:20.778,300.94,300.708,1,1
10.08.2021 01:45:23.460,300.94,300.718,1,1
10.08.2021 01:45:29.015,300.925,300.718,1,1
10.08.2021 01:45:29.412,300.925,300.694,1,1.25
10.08.2021 01:45:43.348,300.925,300.694,1,1.25
10.08.2021 01:45:49.571,300.925,300.694,1,1.25
10.08.2021 01:45:54.993,300.925,300.694,1,1.25
10.08.2021 01:45:58.848,300.925,300.694,1,1.25
10.08.2021 01:46:02.109,300.925,300.682,1,1.25
10.08.2021 01:46:06.388,300.925,300.71700000000004,1,1
10.08.2021 01:46:30.417,300.925,300.691,1,1.25
10.08.2021 01:47:01.696,300.925,300.694,1,1.25
10.08.2021 01:47:02.144,300.925,300.718,1,1
10.08.2021 01:47:07.152,300.925,300.71700000000004,1,1
10.08.2021 01:47:11.927,300.925,300.694,1,1.25
10.08.2021 01:47:32.916,300.925,300.693,1,1.25
10.08.2021 01:47:37.888,300.925,300.694,1,1.25
10.08.2021 01:47:42.023,300.925,300.694,1,1.25
10.08.2021 01:48:32.951,300.945,300.692,1,1.12
10.08.2021 01:48:34.848,300.945,300.692,1,1.12
10.08.2021 01:48:42.345,300.945,300.694,1,1.12
10.08.2021 01:48:50.397,300.945,300.694,1,1.12
10.08.2021 01:49:00.568,300.945,300.687,1,1.12
10.08.2021 01:49:00.993,300.945,300.694,1,1.12
10.08.2021 01:49:07.542,300.945,300.692,1,1.12
10.08.2021 01:49:11.337,300.945,300.684,1,1.25
10.08.2021 01:49:25.809,300.945,300.671,1,1.5
10.08.2021 01:49:25.961,300.945,300.671,1,1.5
10.08.2021 01:49:26.443,300.945,300.683,1,1.12
10.08.2021 01:49:27.120,300.945,300.671,1,1.5
10.08.2021 01:49:41.507,300.945,300.683,1,1.12
10.08.2021 01:49:41.709,300.945,300.683,1,1.12
10.08.2021 01:49:52.396,300.945,300.671,1,1.5
10.08.2021 01:50:00.348,300.945,300.671,1,1.5
10.08.2021 01:50:02.245,300.945,300.681,1,1.12
10.08.2021 01:50:06.448,300.945,300.683,1,1.12
10.08.2021 01:50:07.326,300.96500000000003,300.683,1,1.12
10.08.2021 01:50:07.427,300.987,300.683,1,1.12
10.08.2021 01:50:08.317,300.996,300.683,1,1.12
10.08.2021 01:50:09.372,300.973,300.683,1,1.12
10.08.2021 01:50:15.184,300.973,300.688,1,1.5
10.08.2021 01:50:15.337,300.973,300.688,1,1.5
10.08.2021 01:50:16.348,300.973,300.688,1,1.5
10.08.2021 01:50:31.118,300.973,300.688,1,1.5
10.08.2021 01:50:31.648,300.961,300.688,1,1.5
10.08.2021 01:50:44.389,300.987,300.688,1,1.75
10.08.2021 01:50:44.490,301.005,300.688,1,1.5
10.08.2021 01:51:03.550,301.005,300.688,1,1.75
10.08.2021 01:51:08.648,300.969,300.688,1,1.75
10.08.2021 01:51:12.409,300.993,300.688,1,1.5
10.08.2021 01:51:13.348,300.966,300.688,1,1.75
10.08.2021 01:51:13.399,300.997,300.688,1,1.75
10.08.2021 01:51:13.652,300.96500000000003,300.688,1,1.75
10.08.2021 01:51:18.056,300.96500000000003,300.688,1,1.75
10.08.2021 01:51:21.574,300.96500000000003,300.688,1,1.75
10.08.2021 01:51:27.378,300.98400000000004,300.688,1,1.75
10.08.2021 01:51:27.428,300.957,300.688,1,1.75
10.08.2021 01:51:35.941,300.957,300.688,1,1.75
10.08.2021 01:51:36.201,300.957,300.688,1,1.75
10.08.2021 01:51:39.244,300.957,300.688,1,1.75
10.08.2021 01:51:39.928,300.957,300.688,1,1.75
10.08.2021 01:51:44.370,300.976,300.688,1,1.75
10.08.2021 01:51:46.387,300.996,300.688,1,1.75
10.08.2021 01:51:47.377,300.97200000000004,300.688,1,1.75
10.08.2021 01:51:47.428,301.007,300.688,1.5,1.75
10.08.2021 01:51:48.372,300.981,300.688,1,1.75
10.08.2021 01:51:48.423,301.007,300.688,1.5,1.75
10.08.2021 01:51:49.379,300.991,300.688,1,1.5
10.08.2021 01:52:03.343,300.991,300.708,1,1
10.08.2021 01:52:04.498,300.991,300.688,1,1.75
10.08.2021 01:52:07.723,300.991,300.688,1,1.75
10.08.2021 01:52:07.975,300.991,300.698,1,1.75
10.08.2021 01:52:13.780,300.968,300.698,1,1.75
10.08.2021 01:52:21.388,300.988,300.754,1,0.37
10.08.2021 01:52:22.399,300.97,300.754,1,0.37
10.08.2021 01:52:22.450,300.996,300.754,1,0.37
10.08.2021 01:52:22.789,300.97900000000004,300.754,1,0.37
10.08.2021 01:52:23.024,300.97900000000004,300.698,1,1.5
10.08.2021 01:52:23.640,300.97900000000004,300.698,1,1.75
10.08.2021 01:52:23.841,300.97900000000004,300.698,1,1.75
10.08.2021 01:52:24.869,300.963,300.698,1,1.5
10.08.2021 01:52:25.020,300.963,300.698,1,1.5
10.08.2021 01:52:30.024,300.963,300.688,1,1.75
10.08.2021 01:52:33.255,300.963,300.688,1,1.75
10.08.2021 01:52:37.053,300.963,300.688,1,1.75
10.08.2021 01:52:38.619,300.963,300.688,1,1.75
10.08.2021 01:52:38.783,300.963,300.688,1,1.75
10.08.2021 01:52:41.254,300.963,300.688,1,1.75
10.08.2021 01:52:42.153,300.963,300.688,1,1.75
10.08.2021 01:52:55.910,300.963,300.688,1,1.75
10.08.2021 01:53:31.750,300.963,300.688,1,1.75
10.08.2021 01:53:31.954,300.963,300.688,1,1.75
10.08.2021 01:53:45.080,300.963,300.688,1,1.75
10.08.2021 01:53:46.871,300.963,300.694,1,1.25
10.08.2021 01:53:49.902,300.963,300.694,1,1.25
10.08.2021 01:53:50.537,300.963,300.688,1,1.75
10.08.2021 01:53:51.184,300.963,300.688,1,1.75
10.08.2021 01:54:04.450,300.95099999999996,300.689,1,1.25
10.08.2021 01:54:08.841,301.001,300.688,1,1.75
10.08.2021 01:54:09.102,301.001,300.688,1,1.75
10.08.2021 01:54:09.728,301.001,300.688,1,1.75
10.08.2021 01:54:10.514,301.001,300.688,1,1.75
10.08.2021 01:54:13.590,301.001,300.688,1.5,1.75
10.08.2021 01:54:14.713,301.001,300.678,1.5,1.75
10.08.2021 01:54:18.229,301.001,300.678,1.5,1.5
10.08.2021 01:54:20.482,301.001,300.678,1.5,1.5
10.08.2021 01:54:27.319,300.986,300.678,1,1.5
10.08.2021 01:54:35.529,300.98,300.678,1,1.75
10.08.2021 01:54:36.032,300.998,300.678,1.5,1.75
10.08.2021 01:54:41.349,300.998,300.678,1.5,1.5
10.08.2021 01:54:43.323,300.998,300.678,1.5,1.75
10.08.2021 01:54:45.715,300.998,300.678,1.5,1.75
10.08.2021 01:54:51.106,300.998,300.678,1.5,1.75
10.08.2021 01:54:52.628,300.998,300.678,1.5,1.75
10.08.2021 01:55:03.270,300.998,300.678,1.5,1.75
10.08.2021 01:55:04.159,300.998,300.678,1.5,1.75
10.08.2021 01:55:07.596,300.985,300.678,1,1.75
10.08.2021 01:55:07.781,300.983,300.678,1,1.75
10.08.2021 01:55:09.481,300.97200000000004,300.678,1,1.75
10.08.2021 01:55:12.494,300.947,300.678,1,1.75
10.08.2021 01:55:21.164,300.947,300.678,1,1.75
10.08.2021 01:55:25.237,300.947,300.688,1,1.75
10.08.2021 01:55:26.507,300.96700000000004,300.688,1,1.75
10.08.2021 01:55:29.136,300.96700000000004,300.688,1,1.75
10.08.2021 01:55:37.549,300.948,300.688,1,1.75
10.08.2021 01:55:44.561,300.966,300.683,1,1.25
10.08.2021 01:55:45.468,300.966,300.688,1,1.75
10.08.2021 01:55:46.563,300.997,300.688,1,1.75
10.08.2021 01:55:49.503,300.95099999999996,300.688,1,1.5
10.08.2021 01:55:58.397,300.964,300.689,1,1.12
10.08.2021 01:56:07.398,300.964,300.694,1,1.25
10.08.2021 01:56:09.611,300.964,300.708,1,1.75
10.08.2021 01:56:10.093,300.964,300.708,1,1.75
10.08.2021 01:56:10.988,300.964,300.708,1,1.75
10.08.2021 01:56:11.641,300.987,300.708,1,1.75
10.08.2021 01:56:18.498,300.987,300.718,1,1.75
10.08.2021 01:56:25.174,300.987,300.738,1,1.75
10.08.2021 01:56:25.524,300.97200000000004,300.738,1,1.75
10.08.2021 01:56:28.230,300.99,300.738,1,1.75
10.08.2021 01:56:29.540,301.013,300.738,1,1.5
10.08.2021 01:56:31.541,300.991,300.738,1,1.5
10.08.2021 01:56:38.555,300.991,300.738,1,1.5
10.08.2021 01:56:38.860,300.991,300.738,1,1.5
10.08.2021 01:56:39.901,300.991,300.738,1,1.5
10.08.2021 01:56:51.536,301.018,300.72,1,1.25
10.08.2021 01:56:51.820,300.995,300.72,1,1.25
10.08.2021 01:56:55.852,300.995,300.728,1,1.5
10.08.2021 01:56:56.254,300.995,300.728,1,1.5
10.08.2021 01:56:56.675,300.995,300.728,1,1.5
10.08.2021 01:56:56.876,300.995,300.728,1,1.5
10.08.2021 01:56:59.289,300.995,300.728,1,1.5
10.08.2021 01:57:04.394,300.995,300.748,1,1.5
10.08.2021 01:57:04.860,300.995,300.748,1,1.5
10.08.2021 01:57:15.460,300.995,300.748,1,1.75
10.08.2021 01:57:18.539,300.995,300.748,1,1.75
10.08.2021 01:57:19.008,300.995,300.748,1,1.75
10.08.2021 01:57:19.571,300.995,300.748,1,1.75
10.08.2021 01:57:20.246,300.995,300.728,1,1.75
10.08.2021 01:57:20.399,300.995,300.728,1,1.75
10.08.2021 01:57:21.670,300.995,300.728,1,1.5
10.08.2021 01:57:21.878,300.995,300.728,1,1.5
10.08.2021 01:57:26.766,300.995,300.732,1,1.12
10.08.2021 01:57:46.302,300.995,300.748,1,1.5
10.08.2021 01:57:46.499,300.995,300.748,1,1.5
10.08.2021 01:57:49.846,301.008,300.748,1,1.5
10.08.2021 01:58:00.071,301.008,300.748,1,1.5
10.08.2021 01:58:02.957,301.008,300.748,1,1.5
10.08.2021 01:58:19.894,301.008,300.738,1,1.75
10.08.2021 01:58:21.131,301.008,300.738,1,1.75
10.08.2021 01:58:29.439,301.008,300.738,1,1.75
10.08.2021 01:58:30.250,301.008,300.738,1,1.75
10.08.2021 01:58:36.030,301.002,300.738,1,1.75
10.08.2021 01:58:36.829,300.98900000000003,300.738,1,1.5
10.08.2021 01:58:39.050,300.98900000000003,300.738,1,1.5
10.08.2021 01:58:46.549,300.98900000000003,300.738,1,1.5
10.08.2021 01:58:58.899,300.98900000000003,300.738,1,1.5
10.08.2021 01:59:06.644,300.981,300.738,1,1.75
10.08.2021 01:59:11.253,301.04,300.725,1,1.25
10.08.2021 01:59:20.093,301.04,300.733,1,1.25
10.08.2021 01:59:21.834,301.04,300.728,1,1.5
10.08.2021 01:59:30.314,301.04,300.728,1,1.5
10.08.2021 01:59:33.370,301.014,300.728,1,1.5
10.08.2021 01:59:43.652,301.038,300.738,1,1.5
10.08.2021 02:00:01.994,301.022,300.738,1,1.5
10.08.2021 02:00:03.317,301.022,300.738,1,1.5
10.08.2021 02:00:08.696,301.03900000000004,300.738,1,1.75
10.08.2021 02:00:08.841,301.019,300.738,1,1.75
10.08.2021 02:00:09.410,301.036,300.738,1,1.75
10.08.2021 02:00:09.706,301.05400000000003,300.738,1,1.75
10.08.2021 02:00:11.231,301.027,300.738,1,1.75
10.08.2021 02:00:13.042,301.027,300.738,1,1.75
10.08.2021 02:00:13.641,301.003,300.738,1,1.75
10.08.2021 02:00:19.097,301.003,300.745,1,1.25
10.08.2021 02:00:33.804,301.003,300.738,1,1.75
10.08.2021 02:00:40.349,301.003,300.738,1,1.75
10.08.2021 02:00:42.012,301.003,300.738,1,1.75
10.08.2021 02:00:44.710,301.023,300.738,1,1.75
10.08.2021 02:00:46.675,301.004,300.738,1,1.75
10.08.2021 02:00:50.689,301.021,300.738,1,1.75
10.08.2021 02:00:51.194,301,300.738,1,1.75
10.08.2021 02:00:54.215,301,300.738,1,1.75
10.08.2021 02:01:09.666,301.017,300.731,1,1.25
10.08.2021 02:01:09.717,300.996,300.731,1,1.25
10.08.2021 02:01:11.682,301.013,300.731,1,1.25
10.08.2021 02:01:12.338,300.995,300.731,1,1.25
10.08.2021 02:01:15.709,301.035,300.731,1,1.25
10.08.2021 02:01:17.669,301.02,300.731,1,1.25
10.08.2021 02:01:17.719,301.035,300.731,1,1.25
10.08.2021 02:01:21.568,301.035,300.728,1,1.75
10.08.2021 02:01:23.640,301.035,300.728,1,1.75
10.08.2021 02:01:28.788,301.056,300.73,1.12,1.25
10.08.2021 02:01:31.744,301.035,300.73,1,1.25
10.08.2021 02:01:43.681,301.035,300.728,1,1.75
10.08.2021 02:01:48.722,301.035,300.728,1,1.75
10.08.2021 02:02:06.798,301.035,300.738,1,1.75
10.08.2021 02:02:07.794,301.035,300.738,1,1.75
10.08.2021 02:02:13.686,301.035,300.738,1,1.75
10.08.2021 02:02:23.638,301.052,300.73900000000003,1,1.25
10.08.2021 02:02:23.713,301.056,300.73900000000003,1.12,1.25
10.08.2021 02:02:32.431,301.056,300.738,1.12,1.75
10.08.2021 02:02:36.098,301.056,300.738,1.12,1.75
10.08.2021 02:02:37.910,301.056,300.738,1.12,1.75
10.08.2021 02:02:45.854,301.056,300.738,1.12,1.75
10.08.2021 02:02:50.171,301.056,300.738,1.12,1.75
10.08.2021 02:02:52.146,301.056,300.738,1.12,1.75
10.08.2021 02:02:59.797,301.056,300.738,1.12,1.75
10.08.2021 02:03:14.697,301.056,300.732,1.12,1.25
10.08.2021 02:03:27.182,301.056,300.726,1.12,1.25
10.08.2021 02:03:35.882,301.056,300.72200000000004,1.5,1.25
10.08.2021 02:03:39.094,301.04,300.726,1,1.25
10.08.2021 02:03:39.195,301.036,300.728,1,1.75
10.08.2021 02:03:39.296,301.036,300.728,1,1.75
10.08.2021 02:04:12.955,301.036,300.728,1,1.75
10.08.2021 02:04:25.877,301.036,300.728,1,1.75
10.08.2021 02:04:41.336,301.036,300.708,1.12,1.75
10.08.2021 02:04:41.863,301.036,300.708,1.5,1.75
10.08.2021 02:04:54.708,301.038,300.708,1.5,1.75
10.08.2021 02:04:54.818,301.036,300.708,1.12,1.75
10.08.2021 02:04:56.209,301.036,300.708,1.5,1.75
10.08.2021 02:05:00.174,301.036,300.709,1.12,1.25
10.08.2021 02:05:00.377,301.036,300.709,1.5,1.25
10.08.2021 02:05:03.569,301.036,300.711,1.12,1.25
10.08.2021 02:05:05.399,301.036,300.709,1.5,1.25
10.08.2021 02:05:05.621,301.036,300.709,1.12,1.25
10.08.2021 02:05:08.173,301.036,300.708,1.12,1.75
10.08.2021 02:05:08.374,301.036,300.708,1.12,1.75
10.08.2021 02:05:11.801,301.02,300.711,1,1.12
10.08.2021 02:05:12.051,301.02,300.714,1,1.12
10.08.2021 02:05:12.792,300.995,300.714,1,1.12
10.08.2021 02:05:12.843,301.028,300.714,1,1.12
10.08.2021 02:05:13.797,300.994,300.714,1,1.12
10.08.2021 02:05:15.604,300.994,300.709,1,1.25
10.08.2021 02:05:19.798,301.015,300.709,1,1.25
10.08.2021 02:05:20.344,300.992,300.709,1,1.25
10.08.2021 02:05:22.812,301.019,300.709,1,1.25
10.08.2021 02:05:23.175,300.993,300.709,1,1.25
10.08.2021 02:05:25.801,301.016,300.709,1,1.25
10.08.2021 02:05:26.191,300.99,300.709,1,1.25
10.08.2021 02:05:44.151,300.99,300.703,1,1.25
10.08.2021 02:05:44.867,301.01,300.703,1,1.25
10.08.2021 02:05:44.968,301.03400000000005,300.703,1.5,1.12
10.08.2021 02:05:59.898,301.01099999999997,300.703,1,1.12
10.08.2021 02:06:01.756,301.01099999999997,300.705,1,1.25
10.08.2021 02:06:06.837,301.019,300.708,1,1.25
10.08.2021 02:06:06.887,301.016,300.708,1,1.25
10.08.2021 02:06:13.839,301.016,300.687,1.12,1.25
10.08.2021 02:06:17.748,301.001,300.689,1,1.25
10.08.2021 02:06:22.427,300.976,300.698,1,1.25
10.08.2021 02:06:30.435,300.976,300.698,1,1.75
10.08.2021 02:06:33.348,300.976,300.698,1,1.75
10.08.2021 02:06:34.321,300.976,300.698,1,1.75
10.08.2021 02:06:49.579,300.976,300.698,1,1.75
10.08.2021 02:06:50.749,300.958,300.698,1,1.75
10.08.2021 02:06:51.879,300.978,300.698,1,1.75
10.08.2021 02:06:56.868,300.96,300.698,1,1.75
10.08.2021 02:06:58.871,300.993,300.698,1,1.75
10.08.2021 02:06:59.262,300.978,300.698,1,1.75
10.08.2021 02:07:02.605,300.978,300.698,1,1.75
10.08.2021 02:07:04.549,300.978,300.698,1,1.75
10.08.2021 02:07:25.709,300.978,300.678,1,1.75
10.08.2021 02:07:34.904,300.991,300.688,1,1.75
10.08.2021 02:07:39.323,300.991,300.688,1,1.75
10.08.2021 02:07:44.902,300.999,300.688,1,1.75
10.08.2021 02:07:50.657,301,300.688,1,1.75
10.08.2021 02:08:03.223,300.999,300.688,1,1.5
10.08.2021 02:08:11.017,300.997,300.688,1.5,1.75
10.08.2021 02:08:17.075,300.997,300.688,1.5,1.75
10.08.2021 02:08:32.005,300.999,300.688,1,1.75
10.08.2021 02:08:35.896,300.999,300.694,1,1.25
10.08.2021 02:08:48.656,300.999,300.694,1,1.25
10.08.2021 02:08:48.907,300.997,300.688,1.5,1.75
10.08.2021 02:08:50.962,300.999,300.688,1,1.75
10.08.2021 02:08:51.553,300.999,300.688,1,1.75
10.08.2021 02:08:55.832,300.997,300.708,1.5,1.75
10.08.2021 02:08:56.247,300.999,300.708,1,1.75
10.08.2021 02:09:04.993,301,300.708,1,1.75
10.08.2021 02:09:40.461,301.022,300.708,1.5,1.75
10.08.2021 02:10:09.058,301.001,300.698,1,1.75
10.08.2021 02:10:09.159,301.002,300.698,1,1.5
10.08.2021 02:10:17.846,300.969,300.698,1,1.75
10.08.2021 02:10:23.996,300.969,300.698,1,1.75
10.08.2021 02:10:26.965,300.955,300.698,1,1.75
10.08.2021 02:10:27.016,300.986,300.698,1,1.75
10.08.2021 02:10:27.984,300.961,300.698,1,1.75
10.08.2021 02:10:45.254,300.985,300.698,1,1.75
10.08.2021 02:10:56.463,300.985,300.688,1,1.75
10.08.2021 02:11:04.148,300.961,300.688,1,1.75
10.08.2021 02:11:11.995,300.991,300.688,1,1.75
10.08.2021 02:11:12.698,300.961,300.688,1,1.75
10.08.2021 02:11:14.995,300.981,300.688,1,1.75
10.08.2021 02:11:15.281,300.961,300.688,1,1.75
10.08.2021 02:11:15.995,300.986,300.688,1,1.75
10.08.2021 02:11:27.012,300.97,300.688,1,1.75
10.08.2021 02:11:27.062,300.987,300.688,1,1.75
10.08.2021 02:11:28.025,300.966,300.688,1,1.75
10.08.2021 02:12:38.768,300.966,300.688,1,1.75
10.08.2021 02:12:39.376,300.966,300.688,1,1.75
10.08.2021 02:14:09.091,300.995,300.73400000000004,1,0.37
10.08.2021 02:14:11.794,300.97200000000004,300.681,1,1.25
10.08.2021 02:14:30.125,300.987,300.681,1,1.25
10.08.2021 02:14:30.175,300.966,300.681,1,1.25
10.08.2021 02:14:32.126,300.983,300.681,1,1.25
10.08.2021 02:14:32.177,300.96500000000003,300.681,1,1.25
10.08.2021 02:14:34.126,300.983,300.681,1,1.25
10.08.2021 02:15:01.469,300.983,300.688,1,1.75
10.08.2021 02:15:03.863,300.983,300.692,1,1.25
10.08.2021 02:15:09.186,300.997,300.692,1,1.25
10.08.2021 02:15:11.508,300.997,300.692,1,1.25
10.08.2021 02:15:18.777,300.997,300.688,1,1.75
10.08.2021 02:15:27.702,300.97400000000005,300.688,1,1.75
10.08.2021 02:15:37.378,300.97400000000005,300.688,1,1.75
10.08.2021 02:15:46.200,301.007,300.688,1.5,1.75
10.08.2021 02:15:50.041,300.98400000000004,300.688,1,1.75
10.08.2021 02:16:00.399,300.98400000000004,300.682,1,1.25
10.08.2021 02:16:05.257,300.962,300.682,1,1.25
10.08.2021 02:16:20.287,300.962,300.682,1,1.25
10.08.2021 02:16:23.196,300.983,300.671,1,1.75
10.08.2021 02:16:23.649,300.96,300.671,1,1.75
10.08.2021 02:16:27.328,300.96,300.682,1,1.25
10.08.2021 02:16:28.179,300.978,300.682,1,1.25
10.08.2021 02:16:28.546,300.959,300.682,1,1.25
10.08.2021 02:16:34.183,300.97700000000003,300.682,1,1.25
10.08.2021 02:16:47.200,300.964,300.683,1,1.25
10.08.2021 02:16:49.201,300.97900000000004,300.683,1,1.25
10.08.2021 02:16:50.190,300.959,300.683,1,1.25
10.08.2021 02:16:58.197,300.97700000000003,300.683,1,1.25
10.08.2021 02:16:58.248,300.959,300.683,1,1.25
10.08.2021 02:18:03.253,301.002,300.73400000000004,2.25,0.37
10.08.2021 02:18:14.454,301,300.66900000000004,1,1.25
10.08.2021 02:18:14.555,301,300.663,1.5,1.75
10.08.2021 02:18:14.715,300.999,300.678,1.5,1.75
10.08.2021 02:18:21.466,300.999,300.678,1.5,1.75
10.08.2021 02:18:24.934,300.999,300.678,1.5,1.75
10.08.2021 02:18:27.543,300.999,300.678,1.5,1.75
10.08.2021 02:18:32.136,300.999,300.678,1.5,1.75
10.08.2021 02:18:39.584,300.999,300.678,1.5,1.75
10.08.2021 02:18:40.335,300.999,300.678,1.5,1.75
10.08.2021 02:18:40.551,300.999,300.678,1,1.75
10.08.2021 02:18:40.936,300.999,300.688,1,1.75
10.08.2021 02:18:44.582,300.999,300.688,1,1.75
10.08.2021 02:18:53.728,300.999,300.688,1,1.75
10.08.2021 02:19:03.178,300.999,300.688,1,1.75
10.08.2021 02:19:04.448,300.999,300.688,1,1.75
10.08.2021 02:19:04.627,300.999,300.688,1,1.75
10.08.2021 02:19:12.323,300.999,300.688,1,1.75
10.08.2021 02:19:13.134,300.999,300.688,1,1.75
10.08.2021 02:19:13.552,300.999,300.688,1,1.75
10.08.2021 02:19:14.528,300.999,300.688,1,1.75
10.08.2021 02:19:15.101,300.999,300.688,1,1.75
10.08.2021 02:19:41.810,300.999,300.688,1,1.75
10.08.2021 02:19:46.795,300.999,300.698,1,1.5
10.08.2021 02:20:00.676,300.999,300.698,1,1.5
10.08.2021 02:20:06.833,300.999,300.698,1.5,1.75
10.08.2021 02:20:09.347,300.97700000000003,300.67900000000003,1,1.25
10.08.2021 02:20:11.305,300.949,300.67900000000003,1,1.25
10.08.2021 02:20:38.150,300.939,300.682,1,1.25
10.08.2021 02:20:52.574,300.939,300.684,1,1.25
10.08.2021 02:20:56.574,300.939,300.684,1,1.25
10.08.2021 02:21:01.804,300.939,300.678,1,1.75
10.08.2021 02:21:03.304,300.939,300.698,1,1.75
10.08.2021 02:21:03.826,300.959,300.698,1,1.75
10.08.2021 02:21:24.764,300.959,300.688,1,1.75
10.08.2021 02:21:25.857,300.959,300.688,1,1.75
10.08.2021 02:21:29.847,300.959,300.693,1,1.25
10.08.2021 02:21:29.998,300.959,300.693,1,1.25
10.08.2021 02:21:47.803,300.959,300.698,1,1.75
10.08.2021 02:21:48.132,300.959,300.698,1,1.75
10.08.2021 02:21:48.422,300.959,300.698,1,1.75
10.08.2021 02:21:54.343,300.97700000000003,300.698,1,1.75
10.08.2021 02:21:54.890,300.957,300.698,1,1.75
10.08.2021 02:22:07.448,300.957,300.708,1,1.75
10.08.2021 02:22:07.508,300.975,300.708,1,1.75
10.08.2021 02:22:10.725,300.975,300.728,1,1.75
10.08.2021 02:22:12.197,300.975,300.728,1,1.75
10.08.2021 02:22:14.512,300.975,300.71500000000003,1,1.25
10.08.2021 02:22:18.862,300.975,300.728,1,1.75
10.08.2021 02:22:22.397,300.975,300.728,1,1.75
10.08.2021 02:22:22.646,300.975,300.728,1,1.75
10.08.2021 02:22:26.341,300.975,300.728,1,1.75
10.08.2021 02:22:26.536,300.975,300.728,1,1.75
10.08.2021 02:22:28.388,300.99,300.728,1,1.75
10.08.2021 02:22:30.392,300.99,300.728,1,1.75
10.08.2021 02:22:48.532,300.971,300.728,1,1.75
10.08.2021 02:23:13.291,301.005,300.728,1,1.75
10.08.2021 02:23:43.829,301.002,300.728,1.5,1.75
10.08.2021 02:23:44.552,301.005,300.728,1,1.75
10.08.2021 02:23:46.827,301.005,300.728,1,1.75
10.08.2021 02:23:47.028,301.005,300.728,1,1.75
10.08.2021 02:24:10.420,301.007,300.71500000000003,1.5,1.25
10.08.2021 02:24:18.366,301.017,300.71700000000004,1.87,1.25
10.08.2021 02:24:22.334,301.012,300.719,1.5,1.25
10.08.2021 02:24:30.512,301.002,300.719,1.5,1.25
10.08.2021 02:24:38.507,301.007,300.703,1.5,1.25
10.08.2021 02:24:44.070,301.012,300.716,1.5,1.25
10.08.2021 02:24:44.367,301.017,300.719,1.5,1.25
10.08.2021 02:24:50.145,301.007,300.721,1.5,1.25
10.08.2021 02:25:10.471,301,300.728,1,1.75
10.08.2021 02:25:12.446,300.98,300.728,1,1.75
10.08.2021 02:25:14.553,300.998,300.728,1,1.75
10.08.2021 02:25:19.271,300.976,300.728,1,1.75
10.08.2021 02:25:39.461,300.995,300.728,1,1.5
10.08.2021 02:25:39.577,300.976,300.728,1,1.5
10.08.2021 02:25:44.468,300.997,300.728,1,1.5
10.08.2021 02:25:46.735,301.002,300.728,1.5,1.5
10.08.2021 02:25:58.667,301.01099999999997,300.718,1,1.75
10.08.2021 02:26:04.052,300.987,300.718,1,1.75
10.08.2021 02:26:48.256,300.987,300.728,1,1.75
10.08.2021 02:26:48.458,300.987,300.728,1,1.75
10.08.2021 02:26:54.522,301.007,300.728,2.25,1.75
10.08.2021 02:27:03.556,300.98900000000003,300.728,1,1.75
10.08.2021 02:27:04.518,301.002,300.728,1,1.75
10.08.2021 02:27:09.544,300.993,300.728,1,1.75
10.08.2021 02:28:20.347,300.981,300.728,1,1.5
10.08.2021 02:28:20.397,300.981,300.728,1,1.75
10.08.2021 02:29:50.546,300.993,300.764,1,0.37
10.08.2021 02:29:57.952,300.978,300.764,1,0.37
10.08.2021 02:30:09.667,301.002,300.764,1.5,0.37
10.08.2021 02:30:15.745,300.987,300.71,1,1.25
10.08.2021 02:30:46.693,301.002,300.764,2.25,0.37
10.08.2021 02:30:47.685,301.006,300.764,1,0.37
10.08.2021 02:30:48.154,300.981,300.764,1,0.37
10.08.2021 02:31:37.089,300.981,300.718,1,1.75
10.08.2021 02:31:52.317,300.958,300.708,1,1.75
10.08.2021 02:31:53.242,300.958,300.708,1,1.75
10.08.2021 02:32:11.010,300.958,300.708,1,1.75
10.08.2021 02:32:14.374,300.958,300.708,1,1.75
10.08.2021 02:32:27.638,300.958,300.698,1,1.75
10.08.2021 02:32:41.403,300.958,300.698,1,1.75
10.08.2021 02:33:42.226,300.958,300.694,1,1.25
10.08.2021 02:33:45.716,300.945,300.694,1,1.25
10.08.2021 02:33:50.732,300.963,300.694,1,1.25
10.08.2021 02:33:52.673,300.963,300.694,1,1.25
10.08.2021 02:34:02.260,300.963,300.683,1,1.75
10.08.2021 02:34:08.086,300.942,300.695,1,1.25
10.08.2021 02:34:20.735,300.958,300.695,1,1.25
10.08.2021 02:34:36.942,300.939,300.754,1,0.37
10.08.2021 02:35:04.695,300.956,300.695,1,1.25
10.08.2021 02:35:07.943,300.942,300.754,1,0.37
10.08.2021 02:35:08.776,300.956,300.754,1,0.37
10.08.2021 02:35:09.762,300.968,300.754,1,0.37
10.08.2021 02:35:09.812,300.949,300.754,1,0.37
10.08.2021 02:35:10.774,300.963,300.754,1,0.37
10.08.2021 02:35:10.825,300.983,300.754,1,0.37
10.08.2021 02:35:12.096,300.97400000000005,300.754,1,0.37
10.08.2021 02:35:12.581,300.975,300.754,1,0.37
10.08.2021 02:35:12.771,300.96700000000004,300.754,1,0.37
10.08.2021 02:35:12.821,300.97900000000004,300.754,1,0.37
10.08.2021 02:35:13.264,300.98400000000004,300.754,1,0.37
10.08.2021 02:35:13.365,301.002,300.695,1.5,1.25
10.08.2021 02:35:13.537,301.012,300.695,1.5,1.25
10.08.2021 02:35:13.762,301.004,300.695,1,1.25
10.08.2021 02:35:14.819,300.97700000000003,300.695,1,1.25
10.08.2021 02:35:34.985,300.964,300.694,1,1.25
10.08.2021 02:35:46.835,300.982,300.694,1,1.25
10.08.2021 02:35:48.340,300.96500000000003,300.694,1,1.25
10.08.2021 02:36:07.424,300.96500000000003,300.694,1,1.25
10.08.2021 02:36:07.925,300.96500000000003,300.694,1,1.25
10.08.2021 02:36:10.920,300.954,300.703,1,1.25
10.08.2021 02:36:13.917,300.978,300.718,1,1.75
10.08.2021 02:36:14.119,300.978,300.728,1,1.75
10.08.2021 02:37:17.280,300.978,300.718,1,1.75
10.08.2021 02:37:35.849,300.993,300.708,1,1.75
10.08.2021 02:37:49.149,300.982,300.718,1,1.75
10.08.2021 02:37:53.851,300.997,300.718,1,1.75
10.08.2021 02:37:54.292,300.975,300.718,1,1.75
10.08.2021 02:38:06.852,300.991,300.718,1,1.75
10.08.2021 02:38:07.291,300.97200000000004,300.718,1,1.75
10.08.2021 02:38:08.867,300.995,300.718,1,1.75
10.08.2021 02:38:09.242,300.978,300.718,1,1.75
10.08.2021 02:38:11.879,300.991,300.718,1,1.75
10.08.2021 02:38:26.478,300.991,300.718,1,1.75
10.08.2021 02:38:30.040,300.991,300.718,1,1.75
10.08.2021 02:38:50.127,300.97700000000003,300.708,1,1.75
10.08.2021 02:38:57.132,300.961,300.708,1,1.75
10.08.2021 02:38:59.163,300.961,300.708,1,1.75
10.08.2021 02:39:22.846,300.961,300.708,1,1.75
10.08.2021 02:39:31.220,300.961,300.708,1,1.75
10.08.2021 02:39:31.556,300.961,300.708,1,1.75
10.08.2021 02:39:49.279,300.961,300.703,1,1.25
10.08.2021 02:39:52.842,301.002,300.703,1.5,1.25
10.08.2021 02:39:54.850,301.012,300.7,1.5,1.25
10.08.2021 02:39:58.906,301.002,300.685,1.5,1.25
10.08.2021 02:40:15.108,300.976,300.695,1,1.25
10.08.2021 02:40:16.985,300.997,300.695,1,1.25
10.08.2021 02:40:19.448,300.978,300.695,1,1.25
10.08.2021 02:40:52.947,301.002,300.708,1.5,1.5
10.08.2021 02:40:53.050,300.987,300.708,1,1.5
10.08.2021 02:41:05.852,300.987,300.708,1,1.75
10.08.2021 02:41:07.279,300.987,300.708,1,1.75
10.08.2021 02:41:09.108,300.987,300.708,1,1.75
10.08.2021 02:41:10.899,300.987,300.708,1,1.75
10.08.2021 02:41:36.455,300.987,300.708,1,1.75
10.08.2021 02:42:06.003,301.002,300.764,1,0.37
10.08.2021 02:42:06.784,300.986,300.764,1,0.37
10.08.2021 02:42:08.170,300.986,300.708,1,1.75
10.08.2021 02:42:10.993,301,300.708,1,1.75
10.08.2021 02:42:27.281,300.98900000000003,300.708,1,1.75
10.08.2021 02:42:40.091,300.98900000000003,300.708,1,1.75
10.08.2021 02:42:42.452,300.98900000000003,300.718,1,1.75
10.08.2021 02:42:47.353,300.98900000000003,300.718,1,1.75
10.08.2021 02:42:48.806,300.98900000000003,300.718,1,1.75
10.08.2021 02:43:14.159,300.98900000000003,300.698,1,1.75
10.08.2021 02:43:17.126,300.98900000000003,300.698,1,1.75
10.08.2021 02:43:20.674,300.971,300.698,1,1.75
10.08.2021 02:43:23.847,300.966,300.698,1,1.75
10.08.2021 02:43:47.672,300.966,300.688,1,1.75
10.08.2021 02:44:23.227,300.966,300.688,1,1.75
10.08.2021 02:44:34.763,300.966,300.688,1,1.5
10.08.2021 02:45:08.204,300.966,300.688,1,1.75
10.08.2021 02:45:10.522,300.966,300.688,1,1.5
10.08.2021 02:45:11.275,300.976,300.688,1,1.75
10.08.2021 02:45:14.084,300.945,300.688,1,1.75
10.08.2021 02:45:47.201,300.96,300.688,1,1.75
10.08.2021 02:45:49.726,300.943,300.668,1,1.75
10.08.2021 02:45:52.768,300.925,300.69,1,1
10.08.2021 02:45:52.868,300.925,300.668,1,1.75
10.08.2021 02:46:07.667,300.925,300.668,1,1.75
10.08.2021 02:46:07.819,300.925,300.668,1,1.5
10.08.2021 02:47:09.212,300.925,300.658,1,1.25
10.08.2021 02:47:25.075,300.925,300.658,1,1.5
10.08.2021 02:48:19.477,300.902,300.648,1,1.5
10.08.2021 02:48:41.195,300.913,300.648,1,1.5
10.08.2021 02:49:00.034,300.904,300.648,1,1.5
10.08.2021 02:49:21.215,300.921,300.648,1,1.5
10.08.2021 02:50:16.842,300.921,300.638,1,1.75
10.08.2021 02:50:17.516,300.937,300.638,1,1.75
10.08.2021 02:50:18.260,300.962,300.638,1.5,1.5
10.08.2021 02:50:24.194,300.939,300.628,1,1.5
10.08.2021 02:50:24.244,300.939,300.628,1.5,1.5
10.08.2021 02:50:43.778,300.934,300.618,1,1.75
10.08.2021 02:50:48.370,300.908,300.618,1,1.75
10.08.2021 02:50:50.265,300.88,300.618,1,1.75
10.08.2021 02:50:55.646,300.88,300.618,1,1.75
10.08.2021 02:51:17.227,300.88,300.628,1,1
10.08.2021 02:51:17.576,300.88,300.627,1,1
10.08.2021 02:51:17.776,300.88,300.628,1,1
10.08.2021 02:51:18.216,300.88,300.627,1,1
10.08.2021 02:51:18.417,300.88,300.628,1,1
10.08.2021 02:51:18.647,300.88,300.627,1,1
10.08.2021 02:51:18.895,300.88,300.627,1,1
10.08.2021 02:51:29.853,300.88,300.608,1,1.5
10.08.2021 02:51:36.422,300.88,300.608,1,1.5
10.08.2021 02:52:01.016,300.857,300.608,1,1.5
10.08.2021 02:52:12.192,300.857,300.66400000000004,1,0.37
10.08.2021 02:52:19.281,300.857,300.608,1,1.5
10.08.2021 02:52:20.358,300.857,300.608,1,1.5
10.08.2021 02:52:20.560,300.857,300.608,1,1.5
10.08.2021 02:52:40.402,300.857,300.608,1,1.5
10.08.2021 02:53:05.709,300.857,300.608,1,1.5
10.08.2021 02:53:09.979,300.857,300.608,1,1.5
10.08.2021 02:53:12.746,300.857,300.608,1,1.5
10.08.2021 02:53:12.896,300.857,300.608,1,1.5
10.08.2021 02:53:17.954,300.857,300.608,1,1.5
10.08.2021 02:53:21.766,300.857,300.617,1,1
10.08.2021 02:53:42.692,300.857,300.627,1,1
10.08.2021 02:53:53.259,300.857,300.619,1,1
10.08.2021 02:54:03.259,300.867,300.608,1,1.75
10.08.2021 02:54:07.581,300.867,300.598,1,1.75
10.08.2021 02:54:15.591,300.867,300.617,1,1
10.08.2021 02:54:15.799,300.867,300.617,1,1
10.08.2021 02:54:17.270,300.867,300.617,1,1
10.08.2021 02:54:21.603,300.867,300.615,1,1
10.08.2021 02:55:02.815,300.867,300.60200000000003,1,1.25
10.08.2021 02:55:03.405,300.867,300.60200000000003,1,1.25
10.08.2021 02:55:11.646,300.893,300.618,1,1.75
10.08.2021 02:55:14.152,300.893,300.618,1,1.75
10.08.2021 02:55:18.839,300.893,300.618,1,1.75
10.08.2021 02:55:21.046,300.893,300.618,1,1.75
10.08.2021 02:55:22.455,300.893,300.598,1,1.5
10.08.2021 02:55:41.190,300.908,300.589,1,1.12
10.08.2021 02:55:51.046,300.895,300.59200000000004,1,1.12
10.08.2021 02:55:59.746,300.869,300.59200000000004,1,1.12
10.08.2021 02:56:05.437,300.893,300.59000000000003,1,1.12
10.08.2021 02:56:06.329,300.866,300.59000000000003,1,1.12
10.08.2021 02:56:08.548,300.866,300.594,1,1.12
10.08.2021 02:56:08.747,300.866,300.59200000000004,1,1.12
10.08.2021 02:56:16.465,300.893,300.59200000000004,1,1.12
10.08.2021 02:56:17.029,300.867,300.59200000000004,1,1.12
10.08.2021 02:56:26.578,300.867,300.588,1,1.75
10.08.2021 02:56:31.920,300.84900000000005,300.588,1,1.75
10.08.2021 02:58:13.142,300.84900000000005,300.578,1,1.75
10.08.2021 02:58:13.323,300.84900000000005,300.578,1,1.5
10.08.2021 02:58:20.745,300.84900000000005,300.593,1,1
10.08.2021 02:58:30.513,300.872,300.568,1,1.75
10.08.2021 02:58:31.517,300.858,300.568,1,1.75
10.08.2021 02:59:06.226,300.858,300.568,1,1.75
10.08.2021 02:59:06.746,300.858,300.572,1,1.25
10.08.2021 02:59:16.191,300.858,300.574,1,1.25
10.08.2021 02:59:19.336,300.858,300.574,1,1.25
10.08.2021 02:59:25.181,300.858,300.57099999999997,1,1.25
10.08.2021 02:59:27.613,300.858,300.578,1,1.75
10.08.2021 02:59:32.955,300.858,300.578,1,1.75
10.08.2021 02:59:49.613,300.858,300.579,1,1.25
10.08.2021 03:00:11.610,300.878,300.598,1,1.5
10.08.2021 03:00:20.875,300.878,300.598,1,1.75
10.08.2021 03:00:32.406,300.878,300.598,1,1.75
10.08.2021 03:00:33.295,300.878,300.598,1,1.75
10.08.2021 03:00:33.616,300.896,300.598,1,1.75
10.08.2021 03:00:59.470,300.87,300.608,1,1.5
10.08.2021 03:01:00.322,300.87,300.618,1,1
10.08.2021 03:01:49.386,300.87,300.598,1,1.75
10.08.2021 03:02:02.563,300.87,300.598,1,1.5
10.08.2021 03:02:10.722,300.87,300.598,1,1.75
10.08.2021 03:02:12.319,300.85900000000004,300.598,1,1.75
10.08.2021 03:02:40.895,300.85900000000004,300.629,1,1
10.08.2021 03:02:55.678,300.85900000000004,300.598,1,1.75
10.08.2021 03:03:00.647,300.877,300.598,1,1.75
10.08.2021 03:03:10.071,300.858,300.598,1,1.25
10.08.2021 03:03:27.562,300.858,300.60400000000004,1,1.25
10.08.2021 03:04:14.403,300.858,300.608,1,1.75
10.08.2021 03:04:33.699,300.875,300.608,1,1.75
10.08.2021 03:04:45.778,300.855,300.608,1,1.75
10.08.2021 03:05:04.150,300.855,300.618,1,1
10.08.2021 03:05:07.714,300.878,300.617,1,1
10.08.2021 03:05:09.062,300.878,300.618,1,1
10.08.2021 03:05:11.986,300.893,300.598,1,1.75
10.08.2021 03:05:12.979,300.893,300.598,1,1.75
10.08.2021 03:05:15.896,300.87,300.598,1,1.75
10.08.2021 03:05:17.289,300.87,300.598,1,1.75
10.08.2021 03:05:23.411,300.87,300.598,1,1.75
10.08.2021 03:05:23.723,300.887,300.617,1,1
10.08.2021 03:05:40.353,300.887,300.598,1,1.5
10.08.2021 03:05:44.006,300.86400000000003,300.618,1,1
10.08.2021 03:05:47.903,300.86400000000003,300.598,1,1.5
10.08.2021 03:05:48.794,300.883,300.598,1,1.5
10.08.2021 03:05:59.253,300.883,300.598,1,1.75
10.08.2021 03:06:03.498,300.883,300.617,1,1
10.08.2021 03:06:41.006,300.883,300.618,1,1
10.08.2021 03:06:50.403,300.883,300.598,1,1.75
10.08.2021 03:06:50.737,300.883,300.608,1,1.75
10.08.2021 03:06:54.270,300.883,300.608,1,1.75
10.08.2021 03:06:58.354,300.883,300.608,1,1.75
10.08.2021 03:07:03.913,300.883,300.627,1,1
10.08.2021 03:07:15.146,300.883,300.608,1,1.75
10.08.2021 03:07:25.640,300.874,300.625,1,1
10.08.2021 03:07:26.790,300.884,300.625,1,1
10.08.2021 03:07:46.279,300.884,300.628,1,1
10.08.2021 03:07:49.054,300.86400000000003,300.628,1,1
10.08.2021 03:07:49.807,300.881,300.608,1,1.75
10.08.2021 03:07:52.292,300.881,300.608,1,1.75
10.08.2021 03:08:08.354,300.881,300.608,1,1.75
10.08.2021 03:08:10.425,300.881,300.627,1,1
10.08.2021 03:08:16.354,300.881,300.627,1,1
10.08.2021 03:08:29.328,300.881,300.639,1,1
10.08.2021 03:08:39.091,300.881,300.635,1,1
10.08.2021 03:09:01.029,300.881,300.63599999999997,1,1
10.08.2021 03:09:02.850,300.881,300.637,1,1
10.08.2021 03:09:13.761,300.881,300.618,1,1.5
10.08.2021 03:09:56.253,300.901,300.628,1,1.75
10.08.2021 03:09:58.260,300.901,300.638,1,1.75
10.08.2021 03:09:59.738,300.91900000000004,300.638,1,1.75
10.08.2021 03:10:13.450,300.92900000000003,300.638,1,1.75
10.08.2021 03:10:15.364,300.92900000000003,300.638,1,1.75
10.08.2021 03:10:21.641,300.92900000000003,300.638,1,1.75
10.08.2021 03:10:27.202,300.91200000000003,300.638,1,1.75
10.08.2021 03:10:30.904,300.938,300.638,1,1.75
10.08.2021 03:10:32.905,300.90700000000004,300.638,1,1.75
10.08.2021 03:10:32.955,300.934,300.638,1,1.75
10.08.2021 03:10:33.503,300.90700000000004,300.638,1,1.75
10.08.2021 03:10:48.971,300.93,300.641,1,1.25
10.08.2021 03:10:50.945,300.939,300.641,1,1.25
10.08.2021 03:10:51.034,300.911,300.641,1,1.25
10.08.2021 03:11:01.920,300.932,300.648,1,1.5
10.08.2021 03:11:04.477,300.91200000000003,300.648,1,1.5
10.08.2021 03:11:05.920,300.933,300.648,1,1.5
10.08.2021 03:11:06.087,300.90900000000005,300.648,1,1.5
10.08.2021 03:11:12.754,300.90900000000005,300.648,1,1.75
10.08.2021 03:11:23.441,300.898,300.648,1,1.75
10.08.2021 03:11:23.935,300.91,300.622,1,1.25
10.08.2021 03:12:14.029,300.891,300.638,1,1.75
10.08.2021 03:12:14.978,300.90900000000005,300.638,1,1.75
10.08.2021 03:12:19.538,300.894,300.638,1,1.75
10.08.2021 03:12:20.970,300.91700000000003,300.638,1,1.75
10.08.2021 03:12:21.981,300.897,300.638,1,1.75
10.08.2021 03:12:22.031,300.903,300.638,1,1.75
10.08.2021 03:12:26.970,300.923,300.638,1,1.75
10.08.2021 03:12:27.099,300.904,300.638,1,1.75
10.08.2021 03:12:36.424,300.889,300.638,1,1.75
10.08.2021 03:12:36.576,300.889,300.648,1,1
10.08.2021 03:13:17.418,300.889,300.618,1,1.75
10.08.2021 03:13:24.553,300.87,300.631,1,1
10.08.2021 03:13:27.026,300.887,300.618,1,1.75
10.08.2021 03:13:30.013,300.874,300.618,1,1.75
10.08.2021 03:14:00.009,300.882,300.608,1,1.75
10.08.2021 03:14:01.012,300.862,300.608,1,1.75
10.08.2021 03:14:01.063,300.893,300.608,1,1.75
10.08.2021 03:14:01.389,300.868,300.608,1,1.75
10.08.2021 03:14:28.646,300.89,300.66400000000004,1,0.37
10.08.2021 03:15:00.583,300.89,300.61,1,1.25
10.08.2021 03:15:03.057,300.90700000000004,300.616,1,1.25
10.08.2021 03:15:23.054,300.888,300.628,1,1.75
10.08.2021 03:15:32.049,300.888,300.628,1,1.75
10.08.2021 03:15:35.396,300.888,300.608,1,1.75
10.08.2021 03:15:45.391,300.888,300.639,1,1
10.08.2021 03:16:22.145,300.87,300.612,1,1.25
10.08.2021 03:16:23.092,300.87,300.612,1,1.25
10.08.2021 03:16:23.614,300.87,300.612,1,1.25
10.08.2021 03:16:28.947,300.87,300.608,1,1.75
10.08.2021 03:16:37.125,300.889,300.608,1,1.75
10.08.2021 03:16:38.555,300.889,300.598,1,1.75
10.08.2021 03:16:40.027,300.889,300.598,1,1.75
10.08.2021 03:16:40.077,300.869,300.598,1,1.5
10.08.2021 03:16:51.231,300.869,300.598,1,1.75
10.08.2021 03:16:51.668,300.85,300.598,1,1.75
10.08.2021 03:16:56.893,300.85,300.598,1,1.75
10.08.2021 03:17:19.129,300.872,300.598,1,1.75
10.08.2021 03:17:19.285,300.853,300.598,1,1.75
10.08.2021 03:17:21.129,300.863,300.598,1,1.75
10.08.2021 03:17:21.181,300.848,300.598,1,1.75
10.08.2021 03:17:27.007,300.848,300.598,1,1.75
10.08.2021 03:17:56.452,300.868,300.608,1,1.75
10.08.2021 03:17:58.040,300.868,300.608,1,1.75
10.08.2021 03:17:59.175,300.885,300.608,1,1.75
10.08.2021 03:18:02.481,300.885,300.608,1,1.75
10.08.2021 03:18:06.213,300.885,300.608,1,1.75
10.08.2021 03:18:16.855,300.885,300.608,1,1.75
10.08.2021 03:18:27.852,300.91700000000003,300.608,1.5,1.75
10.08.2021 03:18:34.520,300.91700000000003,300.608,1.5,1.5
10.08.2021 03:18:38.696,300.91700000000003,300.608,1,1.75
10.08.2021 03:18:39.463,300.91700000000003,300.608,1,1.75
10.08.2021 03:18:40.613,300.895,300.608,1,1.75
10.08.2021 03:18:43.179,300.908,300.608,1,1.75
10.08.2021 03:18:45.709,300.882,300.608,1,1.5
10.08.2021 03:19:01.544,300.882,300.622,1,1
10.08.2021 03:19:04.881,300.882,300.608,1,1.75
10.08.2021 03:19:07.237,300.882,300.598,1,1.75
10.08.2021 03:19:10.769,300.882,300.598,1,1.75
10.08.2021 03:19:17.431,300.86,300.598,1,1.75
10.08.2021 03:19:26.856,300.86,300.598,1,1.75
10.08.2021 03:19:44.545,300.84900000000005,300.578,1,1.75
10.08.2021 03:19:51.333,300.84900000000005,300.578,1,1.75
10.08.2021 03:20:03.321,300.84900000000005,300.598,1,1.75
10.08.2021 03:20:15.234,300.86400000000003,300.598,1,1.75
10.08.2021 03:20:20.765,300.86400000000003,300.595,1,1.25
10.08.2021 03:20:42.748,300.86400000000003,300.588,1,1.75
10.08.2021 03:21:11.256,300.88,300.588,1,1.75
10.08.2021 03:21:11.593,300.86,300.588,1,1.75
10.08.2021 03:21:41.976,300.86,300.588,1,1.75
10.08.2021 03:21:45.306,300.86,300.588,1,1.75
10.08.2021 03:21:52.335,300.887,300.588,1,1.75
10.08.2021 03:22:16.809,300.887,300.578,1,1.75
10.08.2021 03:22:16.859,300.884,300.578,1,1.75
10.08.2021 03:22:17.226,300.884,300.578,1,1.75
10.08.2021 03:22:19.861,300.882,300.578,1.5,1.75
10.08.2021 03:22:19.963,300.884,300.578,1,1.75
10.08.2021 03:22:20.131,300.884,300.578,1,1.75
10.08.2021 03:22:50.893,300.882,300.578,1.5,1.75
10.08.2021 03:22:52.416,300.884,300.578,1,1.75
10.08.2021 03:22:56.179,300.882,300.578,1.5,1.75
10.08.2021 03:23:08.311,300.884,300.578,1,1.5
10.08.2021 03:23:20.400,300.88599999999997,300.624,1.12,0.37
10.08.2021 03:23:23.293,300.884,300.57099999999997,1,1.25
10.08.2021 03:23:29.105,300.884,300.57099999999997,1,1.25
10.08.2021 03:23:36.296,300.884,300.588,1,1.75
10.08.2021 03:23:36.532,300.887,300.588,1,1.75
10.08.2021 03:23:42.685,300.887,300.588,1,1.75
10.08.2021 03:23:42.874,300.887,300.588,1,1.75
10.08.2021 03:24:01.653,300.887,300.588,1,1.75
10.08.2021 03:24:21.149,300.887,300.588,1,1.75
10.08.2021 03:24:46.021,300.867,300.588,1,1.75
10.08.2021 03:24:46.071,300.885,300.588,1,1.75
10.08.2021 03:24:58.509,300.885,300.588,1,1.75
10.08.2021 03:25:00.375,300.866,300.588,1,1.75
10.08.2021 03:25:07.216,300.866,300.588,1,1.75
10.08.2021 03:25:31.630,300.866,300.584,1,1.25
10.08.2021 03:25:51.594,300.866,300.588,1,1.75
10.08.2021 03:25:51.796,300.866,300.588,1,1.75
10.08.2021 03:26:00.565,300.866,300.588,1,1.75
10.08.2021 03:26:06.237,300.866,300.588,1,1.75
10.08.2021 03:26:18.177,300.866,300.588,1,1.75
10.08.2021 03:26:48.689,300.845,300.568,1,1.75
10.08.2021 03:27:13.904,300.845,300.568,1,1.75
10.08.2021 03:27:33.207,300.845,300.548,1,1.75
10.08.2021 03:27:33.569,300.825,300.548,1,1.75
10.08.2021 03:27:33.670,300.825,300.548,1,1.75
10.08.2021 03:27:39.551,300.825,300.548,1,1.75
10.08.2021 03:27:43.000,300.825,300.58,1,1
10.08.2021 03:27:58.525,300.825,300.55400000000003,1,1.25
10.08.2021 03:27:59.641,300.825,300.55400000000003,1,1.25
10.08.2021 03:28:44.422,300.845,300.586,1,1
10.08.2021 03:28:44.624,300.845,300.589,1,1
10.08.2021 03:28:46.411,300.845,300.589,1,1
10.08.2021 03:28:46.614,300.845,300.588,1,1
10.08.2021 03:28:51.794,300.845,300.588,1,1
10.08.2021 03:28:55.338,300.845,300.587,1,1
10.08.2021 03:29:50.908,300.845,300.563,1,1.25
10.08.2021 03:30:00.257,300.845,300.589,1,1
10.08.2021 03:30:20.782,300.845,300.585,1,1
10.08.2021 03:30:42.602,300.857,300.557,1,1.12
10.08.2021 03:30:45.557,300.828,300.557,1,1.12
10.08.2021 03:30:45.607,300.872,300.557,1,1.12
10.08.2021 03:30:46.232,300.831,300.557,1,1.12
10.08.2021 03:31:32.574,300.831,300.588,1,1
10.08.2021 03:31:35.513,300.831,300.586,1,1
10.08.2021 03:31:55.710,300.831,300.588,1,1
10.08.2021 03:31:57.060,300.831,300.568,1,1.5
10.08.2021 03:31:59.562,300.831,300.568,1,1.5
10.08.2021 03:32:00.594,300.85,300.568,1,1.5
10.08.2021 03:32:01.141,300.827,300.568,1,1.75
10.08.2021 03:32:09.625,300.845,300.59000000000003,1,1
10.08.2021 03:32:10.598,300.82599999999996,300.59000000000003,1,1
10.08.2021 03:32:10.648,300.85400000000004,300.59000000000003,1,1
10.08.2021 03:32:10.699,300.83,300.59000000000003,1,1
10.08.2021 03:32:50.637,300.819,300.624,1,0.37
10.08.2021 03:33:10.137,300.819,300.598,1,1
10.08.2021 03:33:15.212,300.819,300.596,1,1
10.08.2021 03:33:37.154,300.819,300.596,1,1
10.08.2021 03:33:44.774,300.835,300.605,1,1
10.08.2021 03:34:00.657,300.853,300.588,1,1.75
10.08.2021 03:35:18.714,300.891,300.601,1,1
10.08.2021 03:35:54.153,300.868,300.578,1,1.25
10.08.2021 03:35:56.727,300.882,300.60400000000004,1,1
10.08.2021 03:35:56.909,300.86400000000003,300.60400000000004,1,1
10.08.2021 03:36:14.743,300.881,300.58,1,1.25
10.08.2021 03:36:36.755,300.90500000000003,300.634,1.5,0.37
10.08.2021 03:36:45.812,300.888,300.634,1,0.37
10.08.2021 03:36:46.757,300.855,300.634,1,0.37
10.08.2021 03:36:48.809,300.88,300.634,1,0.37
10.08.2021 03:36:48.859,300.855,300.634,1,0.37
10.08.2021 03:37:09.203,300.84200000000004,300.58,1,1.25
10.08.2021 03:37:10.776,300.862,300.58,1,1.25
10.08.2021 03:37:10.827,300.862,300.58,1,1.25
10.08.2021 03:37:11.479,300.867,300.598,1,1.75
10.08.2021 03:37:11.529,300.85,300.598,1,1.75
10.08.2021 03:37:11.580,300.872,300.598,1,1.75
10.08.2021 03:37:11.922,300.882,300.598,1,1.75
10.08.2021 03:37:12.959,300.87,300.598,1,1.75
10.08.2021 03:37:15.775,300.887,300.588,1,1.5
10.08.2021 03:37:17.353,300.887,300.588,1,1.75
10.08.2021 03:37:17.871,300.887,300.588,1,1.75
10.08.2021 03:37:18.275,300.887,300.588,1,1.75
10.08.2021 03:37:19.699,300.85400000000004,300.588,1,1.75
10.08.2021 03:37:38.637,300.85400000000004,300.6,1,1
10.08.2021 03:37:38.788,300.833,300.591,1,1
10.08.2021 03:37:38.838,300.861,300.568,1,1.5
10.08.2021 03:37:39.154,300.861,300.568,1,1.5
10.08.2021 03:37:39.805,300.829,300.568,1,1.5
10.08.2021 03:38:01.813,300.846,300.586,1,1
10.08.2021 03:38:03.313,300.846,300.568,1,1.75
10.08.2021 03:38:03.798,300.855,300.568,1,1.75
10.08.2021 03:38:04.794,300.825,300.568,1,1.5
10.08.2021 03:38:07.802,300.845,300.568,1,1.5
10.08.2021 03:38:08.139,300.82099999999997,300.568,1,1.5
10.08.2021 03:38:32.564,300.82099999999997,300.568,1,1.75
10.08.2021 03:39:25.984,300.82099999999997,300.558,1,1.75
10.08.2021 03:39:39.864,300.841,300.588,1,1.25
10.08.2021 03:39:41.301,300.85900000000004,300.588,1,1.25
10.08.2021 03:39:41.352,300.85900000000004,300.598,1.5,1
10.08.2021 03:39:41.402,300.837,300.598,1,1
10.08.2021 03:39:41.453,300.846,300.598,1,1
10.08.2021 03:39:41.866,300.855,300.598,1,1
10.08.2021 03:39:47.973,300.838,300.598,1,1
10.08.2021 03:39:49.869,300.86,300.598,1.5,1
10.08.2021 03:39:50.508,300.836,300.598,1,1
10.08.2021 03:39:53.871,300.85400000000004,300.598,1,1
10.08.2021 03:39:57.211,300.85400000000004,300.598,1,1.5
10.08.2021 03:40:03.495,300.85400000000004,300.598,1,1
10.08.2021 03:40:06.923,300.834,300.598,1,1
10.08.2021 03:40:09.875,300.856,300.598,1.12,1
10.08.2021 03:40:10.639,300.834,300.598,1,1
10.08.2021 03:40:12.687,300.834,300.543,1,1.35
10.08.2021 03:40:13.430,300.834,300.598,1,1
10.08.2021 03:40:14.876,300.851,300.598,1,1
10.08.2021 03:40:16.879,300.868,300.598,1.5,1
10.08.2021 03:40:31.950,300.837,300.598,1,1
10.08.2021 03:40:33.894,300.856,300.598,1.12,1
10.08.2021 03:40:39.020,300.836,300.598,1,1
10.08.2021 03:40:40.904,300.857,300.598,1.5,1
10.08.2021 03:40:41.893,300.839,300.598,1,1
10.08.2021 03:40:44.906,300.867,300.598,1.5,1
10.08.2021 03:40:45.067,300.867,300.598,1.5,1
10.08.2021 03:40:58.725,300.848,300.598,1,1
10.08.2021 03:41:01.918,300.868,300.598,1.5,1
10.08.2021 03:41:02.070,300.868,300.598,1.5,1.5
10.08.2021 03:41:05.710,300.851,300.598,1,1.5
10.08.2021 03:41:09.909,300.86400000000003,300.598,1,1.5
10.08.2021 03:41:11.911,300.84700000000004,300.598,1,1.5
10.08.2021 03:41:11.962,300.879,300.598,1.5,1.5
10.08.2021 03:41:13.379,300.879,300.608,1.5,1
10.08.2021 03:41:14.373,300.85200000000003,300.608,1,1
10.08.2021 03:41:56.049,300.85200000000003,300.56,1,1.5
10.08.2021 03:41:56.793,300.85200000000003,300.608,1,1
10.08.2021 03:41:56.933,300.87,300.608,1.5,1
10.08.2021 03:41:57.946,300.844,300.608,1,1
10.08.2021 03:42:56.979,300.844,300.589,1,1.5
10.08.2021 03:43:07.023,300.829,300.589,1,1.5
10.08.2021 03:43:09.974,300.84700000000004,300.589,1,1.5
10.08.2021 03:43:13.038,300.827,300.589,1,1.5
10.08.2021 03:43:16.987,300.844,300.589,1,1.5
10.08.2021 03:43:23.689,300.867,300.589,1.5,1.5
10.08.2021 03:43:39.033,300.857,300.589,1,1.5
10.08.2021 03:43:41.240,300.868,300.589,1.5,1.5
10.08.2021 03:43:44.500,300.868,300.589,1.5,1.5
10.08.2021 03:43:44.601,300.868,300.589,1.5,1.5
10.08.2021 03:43:44.702,300.868,300.598,1.5,1
10.08.2021 03:44:02.998,300.84700000000004,300.598,1,1
10.08.2021 03:44:03.048,300.867,300.598,1.5,1
10.08.2021 03:44:03.561,300.851,300.598,1,1
10.08.2021 03:44:16.027,300.834,300.598,1,1
10.08.2021 03:44:44.659,300.834,300.588,1,1
10.08.2021 03:44:53.031,300.856,300.588,1.5,1
10.08.2021 03:44:53.478,300.84000000000003,300.588,1,1
10.08.2021 03:44:55.032,300.848,300.588,1.5,1
10.08.2021 03:44:55.551,300.838,300.588,1,1
10.08.2021 03:44:57.032,300.848,300.588,1.5,1
10.08.2021 03:44:57.429,300.839,300.588,1,1
10.08.2021 03:44:59.047,300.856,300.588,1.5,1
10.08.2021 03:44:59.378,300.84000000000003,300.588,1,1
10.08.2021 03:45:14.713,300.84000000000003,300.569,1,1.5
10.08.2021 03:45:15.506,300.84000000000003,300.598,1,1
10.08.2021 03:45:22.914,300.84000000000003,300.598,1,1
10.08.2021 03:46:15.507,300.84000000000003,300.608,1,1
10.08.2021 03:46:24.084,300.856,300.608,1,1
10.08.2021 03:46:24.329,300.84000000000003,300.608,1,1
10.08.2021 03:46:26.070,300.851,300.608,1,1
10.08.2021 03:46:26.429,300.839,300.608,1,1
10.08.2021 03:46:28.085,300.867,300.608,1.5,1
10.08.2021 03:47:18.136,300.888,300.589,1.5,1.5
10.08.2021 03:47:20.186,300.888,300.589,1.5,1.5
10.08.2021 03:47:21.702,300.888,300.598,1.5,1
10.08.2021 03:47:26.628,300.888,300.546,1.5,1.35
10.08.2021 03:47:27.345,300.888,300.598,1.5,1
10.08.2021 03:47:31.305,300.888,300.598,1.5,1
10.08.2021 03:47:34.068,300.888,300.598,1.5,1.5
10.08.2021 03:47:57.656,300.888,300.598,1.5,1
10.08.2021 03:47:58.118,300.888,300.598,1.5,1
10.08.2021 03:48:27.371,300.874,300.588,1.5,1
10.08.2021 03:48:43.961,300.874,300.569,1.5,1.5
10.08.2021 03:48:44.750,300.874,300.588,1.5,1
10.08.2021 03:48:59.710,300.874,300.588,1.5,1
10.08.2021 03:48:59.862,300.874,300.588,1.5,1
10.08.2021 03:49:10.557,300.874,300.588,1.5,1
10.08.2021 03:49:12.480,300.874,300.588,1.5,1
10.08.2021 03:49:36.435,300.875,300.588,1.5,1.5
10.08.2021 03:49:44.699,300.875,300.598,1.5,1
10.08.2021 03:49:57.632,300.874,300.598,1.5,1
10.08.2021 03:49:57.879,300.874,300.598,1.5,1
10.08.2021 03:49:59.638,300.874,300.598,1.5,1
10.08.2021 03:49:59.839,300.874,300.598,1.5,1
10.08.2021 03:50:00.058,300.874,300.543,1.5,0.7
10.08.2021 03:50:02.568,300.874,300.598,1.5,1
10.08.2021 03:50:02.619,300.874,300.598,1.5,1
10.08.2021 03:50:07.907,300.875,300.598,1.5,1.5
10.08.2021 03:50:44.750,300.875,300.608,1.5,1
10.08.2021 03:51:20.920,300.865,300.608,1,1
10.08.2021 03:51:23.061,300.879,300.608,1.5,1
10.08.2021 03:51:55.291,300.865,300.608,1,1
10.08.2021 03:52:18.695,300.879,300.608,1.5,1
10.08.2021 03:52:24.440,300.879,300.561,1.5,1.35
10.08.2021 03:52:25.066,300.879,300.558,1.5,1.35
10.08.2021 03:52:25.167,300.879,300.618,1.5,1
10.08.2021 03:52:28.645,300.879,300.618,1,1
10.08.2021 03:52:47.081,300.86,300.618,1,1
10.08.2021 03:52:47.521,300.84700000000004,300.618,1,1
10.08.2021 03:52:47.973,300.862,300.618,1,1
10.08.2021 03:52:57.394,300.885,300.618,1,1
10.08.2021 03:53:14.856,300.885,300.618,1.5,1
10.08.2021 03:53:15.059,300.885,300.618,1,1
10.08.2021 03:53:39.399,300.885,300.618,1,1.5
10.08.2021 03:53:50.886,300.885,300.618,1,1
10.08.2021 03:54:01.420,300.885,300.618,1.5,1
10.08.2021 03:54:04.058,300.885,300.618,1,1
10.08.2021 03:54:05.384,300.885,300.618,1.5,1
10.08.2021 03:54:09.203,300.885,300.618,1,1
10.08.2021 03:54:10.081,300.885,300.618,1.5,1
10.08.2021 03:54:25.439,300.885,300.59900000000005,1.5,1.5
10.08.2021 03:54:41.617,300.885,300.59900000000005,1.5,1.5
10.08.2021 03:54:41.866,300.885,300.59900000000005,1.5,1.5
10.08.2021 03:54:44.267,300.885,300.59900000000005,1.5,1.5
10.08.2021 03:54:44.468,300.885,300.59900000000005,1.5,1.5
10.08.2021 03:55:24.424,300.885,300.608,1.5,1
10.08.2021 03:55:43.426,300.885,300.584,1.5,1.5
10.08.2021 03:55:44.210,300.885,300.608,1.5,1
10.08.2021 03:56:50.924,300.881,300.589,1.5,1.5
10.08.2021 03:58:47.381,300.861,300.555,1,1.12
10.08.2021 03:58:47.988,300.88,300.555,1.5,1.12
10.08.2021 03:59:07.575,300.88,300.555,1.5,1.12
10.08.2021 03:59:07.776,300.88,300.589,1.5,1.5
10.08.2021 03:59:26.542,300.88,300.608,1.5,1
10.08.2021 03:59:29.159,300.88,300.608,1.5,1
10.08.2021 03:59:29.454,300.88,300.608,1.5,1
10.08.2021 04:00:00.788,300.853,300.608,1,1
10.08.2021 04:00:01.193,300.867,300.608,1.5,1
10.08.2021 04:00:09.111,300.88,300.589,1.5,1.5
10.08.2021 04:00:09.910,300.88,300.608,1.5,1
10.08.2021 04:01:13.211,300.88,300.589,1.5,1.5
10.08.2021 04:01:29.028,300.88,300.589,1.5,1.5
10.08.2021 04:01:29.079,300.88,300.589,1.5,1.5
10.08.2021 04:01:29.549,300.88,300.589,1.5,1.5
10.08.2021 04:01:29.734,300.88,300.589,1.5,1.5
10.08.2021 04:01:29.935,300.86,300.589,1.5,1.5
10.08.2021 04:01:52.135,300.86,300.589,1,1.5
10.08.2021 04:01:52.379,300.86,300.589,1,1.5
10.08.2021 04:02:37.821,300.86,300.608,1,1
10.08.2021 04:03:08.060,300.86,300.572,1,1
10.08.2021 04:03:08.804,300.86,300.608,1,1
10.08.2021 04:04:08.803,300.86,300.618,1,1
10.08.2021 04:05:30.101,300.85400000000004,300.618,1,1
10.08.2021 04:06:13.882,300.85400000000004,300.59900000000005,1,1.5
10.08.2021 04:06:30.115,300.863,300.59900000000005,1,1.25
10.08.2021 04:07:21.278,300.84700000000004,300.565,1,1
10.08.2021 04:08:58.397,300.84700000000004,300.59900000000005,1,1.75
10.08.2021 04:09:24.557,300.866,300.59900000000005,1,1.75
10.08.2021 04:11:10.039,300.846,300.59900000000005,1,1.5
10.08.2021 04:11:42.689,300.869,300.60200000000003,1,1
10.08.2021 04:12:02.872,300.885,300.59900000000005,1.5,1.75
10.08.2021 04:12:29.760,300.885,300.59900000000005,1,1.75
10.08.2021 04:13:15.829,300.885,300.628,1,1.5
10.08.2021 04:13:58.746,300.87,300.628,1,1.5
10.08.2021 04:14:05.633,300.87,300.618,1,1.5
10.08.2021 04:14:13.252,300.889,300.618,1,1.5
10.08.2021 04:14:22.425,300.889,300.618,1,1.5
10.08.2021 04:14:22.627,300.91200000000003,300.594,1,1.75
10.08.2021 04:15:02.424,300.922,300.638,1.5,1.5
10.08.2021 04:15:07.812,300.923,300.638,1,1.5
10.08.2021 04:15:21.329,300.925,300.638,1.5,1.5
10.08.2021 04:15:22.147,300.923,300.638,1,1.5
10.08.2021 04:16:07.894,300.922,300.619,1.5,1.75
10.08.2021 04:16:27.838,300.923,300.619,1,1.5
10.08.2021 04:16:32.089,300.91400000000004,300.619,1,1.75
10.08.2021 04:17:04.204,300.899,300.648,1,1.5
10.08.2021 04:17:35.936,300.899,300.629,1,1.25
10.08.2021 04:18:24.913,300.91900000000004,300.619,1,2.55
10.08.2021 04:19:29.484,300.91900000000004,300.638,1,1.75
10.08.2021 04:19:30.095,300.91900000000004,300.658,1,1.5
10.08.2021 04:19:36.579,300.91900000000004,300.658,1,1.5
10.08.2021 04:19:43.678,300.942,300.658,1.5,1.5
10.08.2021 04:19:43.730,300.942,300.658,1,1.5
10.08.2021 04:19:44.454,300.942,300.658,1,1.5
10.08.2021 04:19:45.146,300.942,300.658,1,1.5
10.08.2021 04:19:46.359,300.942,300.658,2.25,1.5
10.08.2021 04:19:46.563,300.942,300.658,2.25,1.5
10.08.2021 04:19:46.767,300.942,300.658,1.5,1.5
10.08.2021 04:22:25.854,300.942,300.639,1,1.5
10.08.2021 04:23:12.916,300.956,300.639,1.5,1.5
10.08.2021 04:23:13.168,300.956,300.639,1.5,1.5
10.08.2021 04:23:13.785,300.956,300.648,1.75,1.5
10.08.2021 04:23:56.759,300.932,300.628,1.5,1.5
10.08.2021 04:24:17.265,300.932,300.628,1.5,1.5
10.08.2021 04:24:38.571,300.944,300.628,1.5,1.5
10.08.2021 04:24:48.012,300.944,300.628,1.5,1.75
10.08.2021 04:25:46.330,300.944,300.628,1.5,1.5
10.08.2021 04:25:46.532,300.944,300.628,1.5,1.75
10.08.2021 04:25:59.478,300.92400000000004,300.628,1,1.5
10.08.2021 04:26:25.548,300.92400000000004,300.648,1,1.44
10.08.2021 04:27:15.996,300.92400000000004,300.638,1,1.75
10.08.2021 04:27:30.170,300.92400000000004,300.638,1,1.5
10.08.2021 04:27:34.386,300.95099999999996,300.638,1.5,1.5
10.08.2021 04:27:36.067,300.95099999999996,300.644,1.5,1
10.08.2021 04:28:15.329,300.92900000000003,300.618,1,2.02
10.08.2021 04:28:25.970,300.92900000000003,300.624,1,1.25
10.08.2021 04:28:35.776,300.92900000000003,300.624,1,1.25
10.08.2021 04:28:39.355,300.92900000000003,300.624,1,1.12
10.08.2021 04:28:50.495,300.92900000000003,300.647,1,1
10.08.2021 04:28:51.050,300.92900000000003,300.607,1,1.75
10.08.2021 04:29:11.439,300.94599999999997,300.648,1.12,1.75
10.08.2021 04:30:33.279,300.94599999999997,300.67400000000004,1.12,0.37
10.08.2021 04:30:37.715,300.94599999999997,300.638,1.12,1.75
10.08.2021 04:30:53.574,300.94599999999997,300.638,1.12,1.75
10.08.2021 04:31:01.347,300.94599999999997,300.638,1.12,1.75
10.08.2021 04:31:02.283,300.94599999999997,300.638,1,1.75
10.08.2021 04:31:23.096,300.939,300.658,1,1.75
10.08.2021 04:31:43.150,300.927,300.658,1,1.5
10.08.2021 04:31:43.747,300.95,300.678,1,1.5
10.08.2021 04:31:43.876,300.953,300.678,1,1.5
10.08.2021 04:31:48.157,300.953,300.688,1,1.5
10.08.2021 04:31:48.208,300.962,300.688,1,1.5
10.08.2021 04:31:48.381,300.962,300.688,1,1.5
10.08.2021 04:31:51.446,300.962,300.688,1,1.5
10.08.2021 04:31:57.001,300.962,300.688,1,1.75
10.08.2021 04:31:57.420,300.986,300.688,1.12,1.75
10.08.2021 04:31:59.368,300.986,300.698,1.12,1.5
10.08.2021 04:32:15.698,300.986,300.698,1.12,1.5
10.08.2021 04:32:16.648,300.97400000000005,300.698,1,1.5
10.08.2021 04:32:30.410,300.97400000000005,300.698,1,1.5
10.08.2021 04:35:09.108,300.97400000000005,300.67900000000003,1,1.75
10.08.2021 04:35:12.551,300.97400000000005,300.67900000000003,1,1.75
10.08.2021 04:36:00.249,300.97400000000005,300.67900000000003,1,1.5
10.08.2021 04:36:00.665,300.985,300.67900000000003,1,1.5
10.08.2021 04:36:00.766,300.962,300.67900000000003,1,1.5
10.08.2021 04:36:00.893,300.962,300.67900000000003,1,1.5
10.08.2021 04:36:01.106,300.962,300.67900000000003,1,1.5
10.08.2021 04:36:23.770,300.962,300.67900000000003,1,1.5
10.08.2021 04:36:23.820,300.962,300.67900000000003,1.5,1.5
10.08.2021 04:36:23.948,300.936,300.67900000000003,1,1.5
10.08.2021 04:36:23.998,300.936,300.678,1,1.7
10.08.2021 04:36:37.602,300.936,300.668,1,1.5
10.08.2021 04:38:54.525,300.936,300.668,1,1.5
10.08.2021 04:41:13.361,300.936,300.668,1,1.5
10.08.2021 04:42:52.324,300.936,300.658,1,1.25
10.08.2021 04:42:59.852,300.936,300.638,1,1.5
10.08.2021 04:43:00.127,300.936,300.638,1,1.5
10.08.2021 04:43:02.602,300.936,300.648,1.12,1
10.08.2021 04:43:13.591,300.936,300.648,1,1
10.08.2021 04:43:41.361,300.936,300.648,1,1
10.08.2021 04:45:55.133,300.936,300.648,1,1.44
10.08.2021 04:46:06.275,300.936,300.648,1,1.62
10.08.2021 04:46:10.020,300.936,300.649,1,1
10.08.2021 04:46:53.016,300.936,300.648,1,1
10.08.2021 04:46:56.184,300.936,300.649,1,1
10.08.2021 04:49:20.023,300.936,300.658,1,1.44
10.08.2021 04:49:23.413,300.961,300.665,1,1
10.08.2021 04:49:23.464,300.961,300.672,1,1
10.08.2021 04:49:23.702,300.961,300.66700000000003,1,1
10.08.2021 04:49:24.147,300.961,300.663,1.5,1
10.08.2021 04:49:53.315,300.961,300.666,1,1
10.08.2021 04:49:54.360,300.961,300.658,1.5,1.5
10.08.2021 04:49:54.560,300.961,300.658,1,1.5
10.08.2021 04:49:56.362,300.961,300.658,1,1.5
10.08.2021 04:50:02.123,300.961,300.66900000000004,1,1
10.08.2021 04:50:27.324,300.961,300.642,1.5,1.65
10.08.2021 04:50:48.348,300.961,300.66400000000004,1,1
10.08.2021 04:50:48.549,300.961,300.66200000000003,1.5,1
10.08.2021 04:51:40.774,300.961,300.648,1.5,1.5
10.08.2021 04:51:40.990,300.941,300.648,1,1.5
10.08.2021 04:51:45.037,300.941,300.648,1,1.5
10.08.2021 04:51:52.908,300.941,300.649,1,1
10.08.2021 04:52:06.289,300.941,300.638,1,1.5
10.08.2021 04:52:18.594,300.941,300.638,1.5,1.5
10.08.2021 04:52:36.776,300.941,300.638,1,1.5
10.08.2021 04:52:42.003,300.941,300.638,1.5,1.5
10.08.2021 04:52:42.231,300.941,300.638,1,1.5
10.08.2021 04:52:42.517,300.941,300.638,1.5,1.5
10.08.2021 04:52:58.717,300.941,300.638,1.5,1.5
10.08.2021 04:52:58.921,300.941,300.642,1.5,1
10.08.2021 04:53:02.911,300.941,300.638,1.5,1.5
10.08.2021 04:54:10.272,300.941,300.628,1.5,1.5
10.08.2021 04:54:15.710,300.941,300.628,1,1.5
10.08.2021 04:54:15.908,300.941,300.628,1.5,1.5
10.08.2021 04:54:45.609,300.941,300.628,1,1.5
10.08.2021 04:54:57.225,300.941,300.648,1.5,1.44
10.08.2021 04:55:36.807,300.941,300.638,1.5,1.5
10.08.2021 04:56:18.137,300.941,300.66400000000004,1.5,0.37
10.08.2021 04:56:18.968,300.941,300.628,1.5,1.5
10.08.2021 04:56:35.230,300.941,300.628,1.5,1.5
10.08.2021 04:56:49.256,300.941,300.628,1.5,1.5
10.08.2021 04:57:00.985,300.941,300.628,1.5,1.5
10.08.2021 04:57:06.509,300.941,300.628,1.5,1.5
10.08.2021 04:57:06.755,300.941,300.628,1.5,1.5
10.08.2021 04:57:09.098,300.941,300.628,1.5,1.5
10.08.2021 04:58:11.833,300.941,300.628,1.5,1.5
10.08.2021 04:58:15.359,300.922,300.628,1,1.5
10.08.2021 04:58:39.741,300.922,300.628,1,1.5
10.08.2021 04:58:46.275,300.922,300.628,1,1.5
10.08.2021 05:00:00.895,300.922,300.638,1,1.5
10.08.2021 05:00:01.180,300.895,300.638,1,1.5
10.08.2021 05:00:01.526,300.895,300.638,1,1.5
10.08.2021 05:00:01.731,300.895,300.638,1,1.5
10.08.2021 05:00:13.391,300.895,300.638,1,1.5
10.08.2021 05:00:21.522,300.895,300.638,1,1.5
10.08.2021 05:00:31.989,300.895,300.638,1,1.5
10.08.2021 05:00:42.089,300.895,300.618,1,1.5
10.08.2021 05:02:31.164,300.872,300.618,1,1.5
10.08.2021 05:02:31.301,300.872,300.618,1,1.5
10.08.2021 05:04:02.185,300.872,300.598,1,1.25
10.08.2021 05:04:11.282,300.872,300.60900000000004,1,1
10.08.2021 05:04:39.024,300.872,300.59900000000005,1,1.12
10.08.2021 05:06:33.355,300.885,300.60200000000003,1,1.65
10.08.2021 05:06:34.412,300.885,300.60200000000003,1,1.65
10.08.2021 05:06:42.258,300.885,300.60200000000003,1,1.65
10.08.2021 05:06:42.462,300.885,300.60200000000003,1,1.65
10.08.2021 05:07:11.672,300.885,300.60900000000004,1,1.12
10.08.2021 05:07:13.751,300.885,300.60200000000003,1,2.02
10.08.2021 05:10:47.888,300.885,300.63,1,1
10.08.2021 05:10:57.768,300.908,300.628,1,1.5
10.08.2021 05:12:16.107,300.908,300.638,1,1.5
10.08.2021 05:13:23.814,300.908,300.648,1,1.5
10.08.2021 05:13:50.068,300.918,300.638,1,1.5
10.08.2021 05:13:50.170,300.918,300.638,1,1.5
10.08.2021 05:13:50.371,300.918,300.639,1,1
10.08.2021 05:13:50.422,300.90500000000003,300.639,1,1
10.08.2021 05:13:50.571,300.90500000000003,300.638,1,1.5
10.08.2021 05:13:51.151,300.90500000000003,300.638,1,1.5
10.08.2021 05:14:43.179,300.90500000000003,300.638,1,1.5
10.08.2021 05:15:52.112,300.90500000000003,300.618,1,1.5
10.08.2021 05:15:55.864,300.90500000000003,300.618,1,1.5
10.08.2021 05:15:57.073,300.90500000000003,300.618,1,1.5
10.08.2021 05:15:57.274,300.90500000000003,300.618,1,1.5
10.08.2021 05:15:58.114,300.90500000000003,300.618,1,1.5
10.08.2021 05:16:00.476,300.90500000000003,300.618,1,1.44
10.08.2021 05:16:06.267,300.90500000000003,300.618,1,1.44
10.08.2021 05:16:06.469,300.918,300.618,1,1.5
10.08.2021 05:16:16.234,300.913,300.618,1,1.5
10.08.2021 05:16:36.284,300.913,300.638,1,1.44
10.08.2021 05:16:38.128,300.913,300.638,1,1.44
10.08.2021 05:16:42.786,300.913,300.638,1,1.44
10.08.2021 05:16:52.586,300.913,300.638,1,1.5
10.08.2021 05:16:53.044,300.913,300.638,1,1.5
10.08.2021 05:16:59.401,300.913,300.638,1,1.5
10.08.2021 05:17:19.405,300.913,300.638,1,1.44
10.08.2021 05:17:37.069,300.913,300.622,1,1.65
10.08.2021 05:17:38.067,300.913,300.622,1,1.65
10.08.2021 05:17:40.374,300.913,300.622,1,1.65
10.08.2021 05:17:42.959,300.913,300.622,1,1.65
10.08.2021 05:18:05.907,300.913,300.623,1,1.12
10.08.2021 05:18:14.859,300.918,300.635,1,1
10.08.2021 05:18:16.239,300.90900000000005,300.635,1,1
10.08.2021 05:18:38.698,300.90900000000005,300.619,1,1.12
10.08.2021 05:19:01.144,300.91700000000003,300.619,1,1.12
10.08.2021 05:19:02.179,300.91700000000003,300.616,1,1.12
10.08.2021 05:19:16.114,300.91700000000003,300.61,1,1.12
10.08.2021 05:19:17.907,300.91700000000003,300.607,1,1.12
10.08.2021 05:19:18.110,300.91700000000003,300.607,1,1.12
10.08.2021 05:19:21.867,300.91700000000003,300.61,1,1.12
10.08.2021 05:19:28.473,300.91700000000003,300.608,1,1.12
10.08.2021 05:19:57.413,300.91700000000003,300.60400000000004,1.5,1.12
10.08.2021 05:20:00.091,300.91700000000003,300.60400000000004,1,1.12
10.08.2021 05:20:13.412,300.91700000000003,300.60400000000004,1.5,1.12
10.08.2021 05:20:15.974,300.91700000000003,300.641,1,1
10.08.2021 05:20:16.126,300.91700000000003,300.641,1.5,1
10.08.2021 05:20:16.355,300.908,300.619,1,1
10.08.2021 05:20:37.987,300.913,300.59900000000005,1,1.12
10.08.2021 05:20:53.945,300.898,300.59900000000005,1,1.12
10.08.2021 05:20:53.995,300.898,300.596,1,1.12
10.08.2021 05:21:00.525,300.898,300.591,1,1.12
10.08.2021 05:21:05.215,300.898,300.594,1,1.12
10.08.2021 05:21:09.317,300.898,300.59700000000004,1,1.12
10.08.2021 05:21:09.565,300.898,300.616,1,1.12
10.08.2021 05:21:33.294,300.898,300.67400000000004,1,0.37
10.08.2021 05:21:38.864,300.898,300.616,1,1.12
10.08.2021 05:21:45.519,300.898,300.62,1,1.12
10.08.2021 05:22:07.212,300.898,300.612,1,1.12
10.08.2021 05:22:28.445,300.898,300.608,1,1.12
10.08.2021 05:22:34.943,300.875,300.57599999999996,1,1.5
10.08.2021 05:22:34.994,300.878,300.57599999999996,1,1.5
10.08.2021 05:22:35.095,300.878,300.6,1,1.12
10.08.2021 05:22:48.007,300.882,300.59000000000003,1,1.12
10.08.2021 05:23:03.180,300.868,300.644,1,0.37
10.08.2021 05:24:15.860,300.88,300.644,1,0.37
10.08.2021 05:24:23.495,300.881,300.616,1,1
10.08.2021 05:24:25.465,300.89,300.616,1,1
10.08.2021 05:24:41.026,300.89,300.596,1,1.12
10.08.2021 05:25:55.543,300.877,300.621,1,0.69
10.08.2021 05:26:21.253,300.877,300.59700000000004,1,1.12
10.08.2021 05:26:22.294,300.868,300.59700000000004,1,1.12
10.08.2021 05:28:56.477,300.868,300.606,1,1
10.08.2021 05:29:01.230,300.868,300.596,1,1
10.08.2021 05:29:43.136,300.868,300.634,1,0.37
10.08.2021 05:29:55.408,300.868,300.594,1,1
10.08.2021 05:29:55.756,300.875,300.594,1,1
10.08.2021 05:30:00.688,300.869,300.574,1,1.12
10.08.2021 05:30:00.789,300.869,300.583,1,1.12
10.08.2021 05:30:06.062,300.869,300.583,1,1.12
10.08.2021 05:32:03.140,300.869,300.58,1,1.12
10.08.2021 05:32:03.597,300.869,300.575,1,1.12
10.08.2021 05:32:03.824,300.869,300.575,1,1.12
10.08.2021 05:32:28.990,300.873,300.581,1,1.12
10.08.2021 05:32:55.156,300.873,300.577,1,1.12
10.08.2021 05:33:10.944,300.873,300.567,1,1.5
10.08.2021 05:33:19.102,300.873,300.567,1,1.5
10.08.2021 05:33:49.212,300.873,300.579,1,1.12
10.08.2021 05:33:54.225,300.885,300.58,1,0.85
10.08.2021 05:33:55.889,300.885,300.596,1,1.12
10.08.2021 05:33:56.044,300.897,300.603,1,1.75
10.08.2021 05:34:05.630,300.897,300.596,1,1.12
10.08.2021 05:34:09.129,300.882,300.605,1,1.12
10.08.2021 05:34:26.300,300.878,300.605,1,1.12
10.08.2021 05:34:33.543,300.891,300.611,1,0.85
10.08.2021 05:34:33.594,300.891,300.623,1,1.12
10.08.2021 05:34:51.148,300.895,300.645,1,1.44
10.08.2021 05:34:51.249,300.895,300.648,1,1
10.08.2021 05:34:53.329,300.895,300.67400000000004,1,0.87
10.08.2021 05:34:53.385,300.90500000000003,300.67400000000004,1,0.87
10.08.2021 05:34:53.436,300.90500000000003,300.67400000000004,1,0.87
10.08.2021 05:34:54.901,300.90500000000003,300.67400000000004,1,0.87
10.08.2021 05:34:55.156,300.90500000000003,300.67400000000004,1,0.67
10.08.2021 05:34:56.976,300.92,300.67400000000004,1,0.67
10.08.2021 05:34:57.748,300.92,300.67400000000004,1,0.67
10.08.2021 05:34:57.799,300.92,300.67400000000004,1,0.67
10.08.2021 05:34:58.056,300.92,300.646,1,0.95
10.08.2021 05:34:58.157,300.92,300.627,1,1.27
10.08.2021 05:34:58.207,300.91,300.627,1,1.27
10.08.2021 05:35:36.335,300.91,300.626,1,1.12
10.08.2021 05:35:53.944,300.91,300.644,1,1.35
10.08.2021 05:36:05.185,300.908,300.63599999999997,1,0.95
