Gmt time,Ask,Bid,AskVolume,BidVolume
12.08.2021 00:00:01.286,301.358,301.108,1,0.75
12.08.2021 00:00:13.694,301.358,301.118,1,1
12.08.2021 00:00:15.552,301.381,301.118,1,1
12.08.2021 00:00:15.603,301.381,301.128,1,1
12.08.2021 00:00:20.332,301.379,301.128,1,1
12.08.2021 00:00:21.434,301.379,301.128,1,1.5
12.08.2021 00:00:30.725,301.379,301.128,1,1
12.08.2021 00:00:30.925,301.379,301.128,1,1.5
12.08.2021 00:00:31.076,301.389,301.128,1,1.5
12.08.2021 00:00:48.439,301.389,301.128,1,1.5
12.08.2021 00:00:48.903,301.389,301.128,1,1.5
12.08.2021 00:00:51.335,301.38,301.118,1,1.5
12.08.2021 00:00:59.919,301.357,301.108,1,1.5
12.08.2021 00:00:59.970,301.357,301.108,1,1.5
12.08.2021 00:01:09.971,301.357,301.108,1,1.5
12.08.2021 00:01:12.748,301.357,301.108,1,1.5
12.08.2021 00:01:12.950,301.357,301.108,1,1.5
12.08.2021 00:01:15.760,301.357,301.108,1,1.5
12.08.2021 00:01:19.105,301.357,301.108,1,1.5
12.08.2021 00:01:23.632,301.357,301.108,1,1.5
12.08.2021 00:01:50.639,301.357,301.108,1,1.5
12.08.2021 00:01:50.839,301.357,301.108,1,1.5
12.08.2021 00:01:50.991,301.357,301.108,1,1.5
12.08.2021 00:01:51.324,301.357,301.108,1,1.5
12.08.2021 00:01:52.116,301.357,301.108,1,1.5
12.08.2021 00:01:52.421,301.357,301.098,1,1.5
12.08.2021 00:01:56.636,301.357,301.053,1.5,1.95
12.08.2021 00:02:03.176,301.336,301.052,1,1.25
12.08.2021 00:02:03.277,301.336,301.066,1,1
12.08.2021 00:02:18.552,301.336,301.04900000000004,1,1.25
12.08.2021 00:02:20.445,301.356,301.04900000000004,1.5,1.25
12.08.2021 00:02:25.633,301.356,301.065,1.5,1
12.08.2021 00:02:25.683,301.356,301.065,1.5,1
12.08.2021 00:02:38.295,301.338,301.04200000000003,1,1.25
12.08.2021 00:03:06.084,301.338,301.072,1,1
12.08.2021 00:03:07.466,301.338,301.078,1,1
12.08.2021 00:03:19.801,301.338,301.063,1,1.25
12.08.2021 00:03:35.970,301.356,301.089,1,1
12.08.2021 00:03:36.591,301.356,301.1,1,1
12.08.2021 00:03:50.687,301.356,301.074,1,1.25
12.08.2021 00:03:57.392,301.371,301.074,1,1.25
12.08.2021 00:03:57.610,301.371,301.074,1,1.25
12.08.2021 00:04:02.764,301.371,301.108,1,1
12.08.2021 00:04:03.032,301.371,301.108,1,1
12.08.2021 00:04:03.530,301.371,301.106,1,1
12.08.2021 00:04:30.317,301.394,301.091,1,1.25
12.08.2021 00:04:30.501,301.394,301.09200000000004,1,1.25
12.08.2021 00:04:30.845,301.394,301.094,1,1.25
12.08.2021 00:04:46.332,301.394,301.088,1.5,1.75
12.08.2021 00:04:46.439,301.394,301.088,1.5,1.75
12.08.2021 00:05:17.661,301.396,301.078,1,1.75
12.08.2021 00:05:18.117,301.396,301.07599999999996,1,1.25
12.08.2021 00:05:18.296,301.38599999999997,301.068,1,1.75
12.08.2021 00:05:18.585,301.376,301.06,1,1.25
12.08.2021 00:05:18.861,301.376,301.059,1,1.75
12.08.2021 00:05:19.167,301.376,301.058,1,1.75
12.08.2021 00:05:26.931,301.38599999999997,301.065,1,1.25
12.08.2021 00:05:27.133,301.38599999999997,301.065,1,1.25
12.08.2021 00:05:39.411,301.38599999999997,301.066,1,1.25
12.08.2021 00:05:40.452,301.376,301.062,1,1.25
12.08.2021 00:05:41.568,301.376,301.059,1,1.25
12.08.2021 00:05:42.792,301.376,301.059,1,1.25
12.08.2021 00:05:49.675,301.376,301.07599999999996,1,1
12.08.2021 00:05:51.789,301.376,301.079,1,1
12.08.2021 00:05:51.961,301.376,301.075,1,1
12.08.2021 00:05:56.551,301.376,301.05400000000003,1,1.25
12.08.2021 00:05:56.652,301.376,301.05400000000003,1,1.25
12.08.2021 00:05:56.703,301.376,301.05400000000003,1,1.25
12.08.2021 00:05:56.753,301.376,301.05400000000003,1,1.25
12.08.2021 00:05:56.804,301.376,301.05400000000003,1,1.25
12.08.2021 00:06:01.584,301.366,301.053,1,1.25
12.08.2021 00:06:01.783,301.366,301.053,1,1.25
12.08.2021 00:06:01.885,301.366,301.053,1,1.25
12.08.2021 00:06:01.988,301.366,301.053,1,1.25
12.08.2021 00:06:02.499,301.366,301.053,1,1.25
12.08.2021 00:06:13.296,301.366,301.05,1,1.25
12.08.2021 00:06:18.309,301.366,301.05,1,1.25
12.08.2021 00:06:32.876,301.366,301.048,1,1.75
12.08.2021 00:06:33.020,301.366,301.048,1,1.75
12.08.2021 00:06:34.094,301.366,301.048,1,1.75
12.08.2021 00:07:08.857,301.356,301.04,1,1.25
12.08.2021 00:07:09.062,301.356,301.04,1,1.25
12.08.2021 00:07:09.367,301.356,301.04,1,1.25
12.08.2021 00:07:09.755,301.346,301.031,1,1.25
12.08.2021 00:07:09.806,301.346,301.029,1,1.25
12.08.2021 00:07:09.870,301.346,301.029,1,1.25
12.08.2021 00:07:09.973,301.346,301.029,1,1.25
12.08.2021 00:07:10.983,301.346,301.029,1,1.25
12.08.2021 00:07:14.846,301.346,301.029,1,1.25
12.08.2021 00:07:27.422,301.346,301.052,1,1
12.08.2021 00:07:30.981,301.346,301.028,1,1.75
12.08.2021 00:07:40.713,301.346,301.027,1,1.25
12.08.2021 00:07:40.814,301.356,301.028,1,1.75
12.08.2021 00:07:40.864,301.356,301.028,1,1.75
12.08.2021 00:08:22.418,301.356,301.04,1,1.25
12.08.2021 00:08:23.230,301.356,301.04,1,1.25
12.08.2021 00:08:25.206,301.356,301.041,1,1.25
12.08.2021 00:08:25.256,301.346,301.041,1,1.25
12.08.2021 00:08:25.573,301.346,301.028,1,1.75
12.08.2021 00:09:13.471,301.346,301.029,1,1.25
12.08.2021 00:09:29.110,301.346,301.028,1,1.25
12.08.2021 00:09:36.658,301.346,301.027,1,1.25
12.08.2021 00:09:36.858,301.346,301.027,1,1.25
12.08.2021 00:09:39.927,301.346,301.027,1,1.25
12.08.2021 00:09:40.531,301.346,301.027,1,1.25
12.08.2021 00:09:42.592,301.346,301.047,1,1
12.08.2021 00:09:46.912,301.346,301.04900000000004,1,1
12.08.2021 00:09:46.962,301.346,301.04900000000004,1,1
12.08.2021 00:09:47.036,301.346,301.04900000000004,1,1
12.08.2021 00:09:51.213,301.346,301.023,1,1.25
12.08.2021 00:09:51.333,301.346,301.023,1,1.25
12.08.2021 00:10:05.451,301.346,301.031,1,1.25
12.08.2021 00:10:11.428,301.346,301.028,1,1.25
12.08.2021 00:10:11.531,301.346,301.028,1,1.25
12.08.2021 00:10:27.938,301.346,301.028,1,1.25
12.08.2021 00:10:28.016,301.336,301.028,1,1.25
12.08.2021 00:10:29.508,301.336,301.018,1,1.75
12.08.2021 00:11:16.654,301.336,301.014,1,1.25
12.08.2021 00:11:16.755,301.346,301.02,1,1.25
12.08.2021 00:11:30.801,301.336,301.02,1,1.25
12.08.2021 00:11:31.030,301.336,301.018,1,1.75
12.08.2021 00:11:40.348,301.32599999999996,301.009,1,1.25
12.08.2021 00:11:40.554,301.32599999999996,301.008,1,1.75
12.08.2021 00:12:14.119,301.32599999999996,301.002,1,1.25
12.08.2021 00:12:14.169,301.32599999999996,301.002,1,1.25
12.08.2021 00:12:17.737,301.32599999999996,301.006,1,1.25
12.08.2021 00:12:20.080,301.32599999999996,301.006,1,1.25
12.08.2021 00:13:29.981,301.335,301.064,1,0.37
12.08.2021 00:13:50.573,301.335,301.013,1.5,1.25
12.08.2021 00:14:01.004,301.32599999999996,301.033,1,1
12.08.2021 00:14:01.155,301.32599999999996,301.033,1,1
12.08.2021 00:15:02.488,301.335,301.064,1,0.37
12.08.2021 00:15:02.539,301.32599999999996,301.013,1,1.25
12.08.2021 00:15:02.640,301.32599999999996,301.008,1,1.75
12.08.2021 00:15:02.841,301.32599999999996,301.004,1,1.25
12.08.2021 00:15:03.929,301.335,301.004,1.5,1.12
12.08.2021 00:15:04.633,301.32599999999996,301.004,1,1.25
12.08.2021 00:15:06.513,301.32599999999996,301.004,1,1.25
12.08.2021 00:15:06.614,301.32599999999996,301.004,1,1.25
12.08.2021 00:15:20.224,301.32599999999996,301.013,1,1.25
12.08.2021 00:15:20.274,301.32599999999996,301.007,1,1.75
12.08.2021 00:17:02.528,301.32599999999996,301.029,1,1
12.08.2021 00:17:02.591,301.32599999999996,301.029,1,1
12.08.2021 00:17:02.690,301.32599999999996,301.029,1,1
12.08.2021 00:17:16.539,301.32599999999996,301.008,1,1.75
12.08.2021 00:17:19.796,301.32599999999996,301.014,1,1.25
12.08.2021 00:17:19.958,301.32599999999996,301.008,1,1.75
12.08.2021 00:17:33.301,301.316,301.021,1,1
12.08.2021 00:17:33.351,301.316,301.021,1,1
12.08.2021 00:17:33.452,301.316,301.021,1,1
12.08.2021 00:17:33.552,301.306,301.012,1,1
12.08.2021 00:17:33.730,301.317,301.012,1,1
12.08.2021 00:17:34.550,301.306,301.012,1,1
12.08.2021 00:17:36.717,301.316,300.999,1,1.25
12.08.2021 00:18:23.368,301.316,301.05400000000003,1,0.37
12.08.2021 00:18:23.652,301.32599999999996,301.007,1,1.25
12.08.2021 00:18:23.702,301.32599999999996,301.007,1,1.25
12.08.2021 00:18:24.575,301.32599999999996,301.007,1,1.25
12.08.2021 00:18:28.370,301.32599999999996,301.007,1,1.25
12.08.2021 00:18:37.065,301.335,301.014,1.5,1.25
12.08.2021 00:18:37.166,301.335,301.014,1.5,1.25
12.08.2021 00:18:38.039,301.335,301.014,1.5,1.25
12.08.2021 00:18:44.366,301.335,301.014,1.5,1.25
12.08.2021 00:18:47.365,301.335,301.018,1.5,1.75
12.08.2021 00:19:03.189,301.335,301.02500000000003,1.5,1.25
12.08.2021 00:19:50.643,301.335,301.084,1,0.37
12.08.2021 00:19:51.351,301.335,301.084,1.5,0.37
12.08.2021 00:20:14.094,301.335,301.026,1.5,1
12.08.2021 00:20:19.454,301.335,301.023,1.5,1.25
12.08.2021 00:20:24.757,301.335,301.021,1.5,1.25
12.08.2021 00:21:04.990,301.335,301.048,1.5,1
12.08.2021 00:21:08.855,301.356,301.038,1,1.75
12.08.2021 00:21:08.906,301.356,301.038,1,1.75
12.08.2021 00:21:12.995,301.363,301.041,1.5,1.25
12.08.2021 00:21:13.121,301.363,301.043,1.5,1.25
12.08.2021 00:21:13.171,301.363,301.043,1.5,1.25
12.08.2021 00:21:13.272,301.363,301.04,1.5,1.25
12.08.2021 00:21:13.875,301.363,301.051,1.5,1.25
12.08.2021 00:21:14.584,301.363,301.051,1.5,1.25
12.08.2021 00:21:19.555,301.363,301.051,1.5,1.25
12.08.2021 00:21:38.226,301.363,301.051,1.5,1.25
12.08.2021 00:22:13.097,301.363,301.04400000000004,1.5,0.87
12.08.2021 00:22:13.147,301.363,301.10400000000004,1.5,0.37
12.08.2021 00:22:39.565,301.363,301.07099999999997,1.5,1
12.08.2021 00:22:41.689,301.363,301.068,1.5,1
12.08.2021 00:22:44.347,301.363,301.046,1.5,1.25
12.08.2021 00:22:44.448,301.363,301.045,1.5,1.25
12.08.2021 00:22:51.242,301.363,301.052,1.5,1.25
12.08.2021 00:23:29.342,301.363,301.045,1.5,1.25
12.08.2021 00:23:31.282,301.363,301.04200000000003,1.5,1.25
12.08.2021 00:23:51.765,301.363,301.046,1.5,1.25
12.08.2021 00:24:51.853,301.363,301.10400000000004,1,0.37
12.08.2021 00:25:02.835,301.363,301.075,1.5,1
12.08.2021 00:25:32.859,301.363,301.05400000000003,1.5,1.25
12.08.2021 00:25:32.910,301.376,301.05400000000003,1,1.25
12.08.2021 00:25:32.996,301.376,301.05400000000003,1,1.25
12.08.2021 00:25:33.097,301.376,301.079,1,1
12.08.2021 00:26:14.756,301.376,301.063,1,1.25
12.08.2021 00:26:14.856,301.376,301.062,1,1.25
12.08.2021 00:26:27.196,301.387,301.048,1.5,1.5
12.08.2021 00:26:27.913,301.376,301.048,1,1.75
12.08.2021 00:27:14.854,301.387,301.047,1.5,0.87
12.08.2021 00:27:14.905,301.376,301.10400000000004,1,0.37
12.08.2021 00:27:19.330,301.376,301.053,1,1.25
12.08.2021 00:27:25.975,301.366,301.048,1,1.75
12.08.2021 00:27:56.305,301.366,301.052,1,1.25
12.08.2021 00:27:56.707,301.366,301.052,1,1.25
12.08.2021 00:27:56.808,301.366,301.052,1,1.25
12.08.2021 00:28:04.453,301.376,301.058,1,1.75
12.08.2021 00:28:04.657,301.376,301.058,1,1.75
12.08.2021 00:28:07.541,301.38599999999997,301.059,1,1.5
12.08.2021 00:28:12.267,301.376,301.059,1,1.25
12.08.2021 00:28:12.318,301.376,301.058,1,1.75
12.08.2021 00:28:13.186,301.376,301.077,1,1
12.08.2021 00:28:55.045,301.376,301.10400000000004,1,0.37
12.08.2021 00:28:58.693,301.366,301.052,1,1.25
12.08.2021 00:29:41.989,301.376,301.053,1,1.25
12.08.2021 00:29:42.090,301.376,301.053,1,1.25
12.08.2021 00:29:42.141,301.376,301.053,1,1.25
12.08.2021 00:29:42.293,301.38599999999997,301.063,1,1.25
12.08.2021 00:30:18.908,301.38599999999997,301.063,1,1.25
12.08.2021 00:30:28.045,301.38599999999997,301.063,1,1.25
12.08.2021 00:30:43.594,301.38599999999997,301.085,1,1
12.08.2021 00:30:43.898,301.376,301.07599999999996,1,1
12.08.2021 00:30:45.845,301.376,301.05400000000003,1,1.25
12.08.2021 00:30:49.809,301.376,301.053,1,1.25
12.08.2021 00:30:57.456,301.376,301.053,1,1.25
12.08.2021 00:30:59.707,301.376,301.053,1,1.25
12.08.2021 00:31:00.113,301.376,301.053,1,1.25
12.08.2021 00:31:21.362,301.366,301.047,1,1.25
12.08.2021 00:31:21.511,301.366,301.043,1,1.25
12.08.2021 00:31:22.115,301.356,301.041,1,1.25
12.08.2021 00:31:24.761,301.356,301.041,1,1.25
12.08.2021 00:31:27.210,301.356,301.041,1,1.25
12.08.2021 00:32:00.250,301.366,301.066,1,1
12.08.2021 00:32:00.301,301.366,301.072,1,1
12.08.2021 00:32:04.552,301.366,301.073,1,1
12.08.2021 00:32:19.279,301.366,301.048,1,1.75
12.08.2021 00:32:19.432,301.366,301.048,1,1.75
12.08.2021 00:32:42.189,301.366,301.048,1,1.75
12.08.2021 00:32:49.152,301.366,301.048,1,1.75
12.08.2021 00:33:13.401,301.366,301.067,1,1
12.08.2021 00:33:22.548,301.356,301.038,1,1.75
12.08.2021 00:33:23.882,301.366,301.041,1,1.25
12.08.2021 00:33:51.618,301.366,301.048,1,1.75
12.08.2021 00:34:13.831,301.366,301.048,1,1.75
12.08.2021 00:34:14.083,301.356,301.048,1,1.75
12.08.2021 00:34:14.475,301.356,301.048,1,1.75
12.08.2021 00:34:16.705,301.356,301.048,1,1.75
12.08.2021 00:34:32.821,301.366,301.048,1,1.75
12.08.2021 00:34:32.972,301.366,301.048,1,1.75
12.08.2021 00:34:44.391,301.366,301.045,1,1.5
12.08.2021 00:35:02.603,301.366,301.067,1,1
12.08.2021 00:35:02.692,301.387,301.067,1.5,1
12.08.2021 00:35:03.404,301.366,301.038,1,1.87
12.08.2021 00:35:06.457,301.366,301.038,1,1.75
12.08.2021 00:35:06.607,301.366,301.05,1,1.25
12.08.2021 00:35:43.772,301.387,301.048,1.5,1.5
12.08.2021 00:35:44.586,301.366,301.048,1,1.75
12.08.2021 00:35:45.316,301.376,301.05400000000003,1,1.25
12.08.2021 00:35:45.396,301.376,301.05400000000003,1,1.25
12.08.2021 00:35:51.629,301.376,301.05400000000003,1,1.25
12.08.2021 00:35:51.727,301.376,301.05400000000003,1,1.25
12.08.2021 00:35:51.829,301.376,301.05400000000003,1,1.25
12.08.2021 00:35:59.489,301.376,301.05400000000003,1,1.25
12.08.2021 00:35:59.911,301.376,301.05400000000003,1,1.25
12.08.2021 00:37:03.447,301.387,301.11400000000003,1.5,0.37
12.08.2021 00:37:52.042,301.387,301.068,1.5,1.5
12.08.2021 00:37:52.176,301.38599999999997,301.07,1,1.25
12.08.2021 00:37:52.227,301.38599999999997,301.068,1,1.75
12.08.2021 00:37:52.299,301.38599999999997,301.068,1,1.75
12.08.2021 00:37:52.402,301.38599999999997,301.068,1,1.75
12.08.2021 00:37:52.502,301.38599999999997,301.068,1,1.75
12.08.2021 00:38:24.667,301.387,301.077,1.5,1.25
12.08.2021 00:39:02.137,301.387,301.1,1.5,1
12.08.2021 00:39:06.507,301.387,301.077,1.5,1.25
12.08.2021 00:39:14.844,301.387,301.078,1.5,1.75
12.08.2021 00:39:51.182,301.387,301.09900000000005,1.5,1
12.08.2021 00:40:04.284,301.387,301.073,1.5,1.25
12.08.2021 00:40:11.368,301.387,301.078,1.5,1.75
12.08.2021 00:40:37.909,301.387,301.078,1.5,1.75
12.08.2021 00:40:39.837,301.387,301.078,1.5,1.75
12.08.2021 00:40:50.884,301.387,301.078,1.5,1.75
12.08.2021 00:40:58.080,301.387,301.078,1.5,1.75
12.08.2021 00:41:13.105,301.387,301.078,1.5,1.75
12.08.2021 00:41:26.620,301.387,301.134,1.5,0.37
12.08.2021 00:41:28.245,301.387,301.134,1,0.37
12.08.2021 00:41:28.959,301.387,301.134,1.5,0.37
12.08.2021 00:41:34.763,301.387,301.134,1.5,0.37
12.08.2021 00:41:57.867,301.387,301.077,1.5,1
12.08.2021 00:41:57.918,301.387,301.077,1.5,1.25
12.08.2021 00:42:03.308,301.387,301.078,1.5,1.75
12.08.2021 00:42:03.472,301.387,301.078,1.5,1.75
12.08.2021 00:42:05.108,301.387,301.078,1.5,1.75
12.08.2021 00:42:05.925,301.387,301.078,1.5,1.75
12.08.2021 00:42:06.723,301.406,301.09000000000003,1,1.25
12.08.2021 00:42:30.638,301.406,301.144,1,0.37
12.08.2021 00:42:33.324,301.41,301.1,1.5,1.25
12.08.2021 00:42:34.581,301.41,301.1,1.5,1.25
12.08.2021 00:42:34.732,301.41,301.095,1.5,1.25
12.08.2021 00:42:34.833,301.392,301.089,1,1.25
12.08.2021 00:42:34.885,301.406,301.089,1,1.25
12.08.2021 00:42:37.327,301.406,301.089,1,1.25
12.08.2021 00:42:59.322,301.41,301.09200000000004,1.5,1.25
12.08.2021 00:42:59.387,301.41,301.09200000000004,1.5,1.25
12.08.2021 00:42:59.590,301.41,301.098,1.5,1.25
12.08.2021 00:43:00.199,301.41,301.098,1.5,1.25
12.08.2021 00:43:01.832,301.41,301.098,1.5,1.25
12.08.2021 00:43:02.084,301.41,301.096,1.5,1.25
12.08.2021 00:43:02.185,301.41,301.093,1.5,1.5
12.08.2021 00:43:02.337,301.41,301.093,1.5,1.25
12.08.2021 00:43:04.318,301.406,301.091,1,1.25
12.08.2021 00:43:07.959,301.406,301.091,1,1.25
12.08.2021 00:43:12.453,301.406,301.091,1,1.25
12.08.2021 00:43:20.344,301.41,301.098,1.5,1.75
12.08.2021 00:43:20.395,301.41,301.098,1.5,1.75
12.08.2021 00:43:20.500,301.41,301.098,1.5,1.75
12.08.2021 00:43:25.007,301.41,301.1,1.5,1.25
12.08.2021 00:43:59.925,301.41,301.103,1.5,1.25
12.08.2021 00:43:59.976,301.41,301.103,1.5,1.25
12.08.2021 00:44:00.556,301.41,301.098,1.5,1.75
12.08.2021 00:44:02.895,301.41,301.098,1.5,1.75
12.08.2021 00:44:05.173,301.41,301.098,1.5,1.75
12.08.2021 00:44:07.385,301.406,301.09200000000004,1,1.25
12.08.2021 00:44:07.536,301.406,301.09200000000004,1,1.25
12.08.2021 00:44:08.344,301.406,301.09200000000004,1,1.25
12.08.2021 00:44:13.584,301.406,301.09200000000004,1,1.25
12.08.2021 00:44:32.026,301.406,301.144,1,0.37
12.08.2021 00:44:34.400,301.41,301.101,1.5,1.25
12.08.2021 00:44:43.287,301.41,301.098,1.5,1.75
12.08.2021 00:45:00.740,301.41,301.098,1.5,1.75
12.08.2021 00:45:33.426,301.41,301.09900000000005,1.5,1.25
12.08.2021 00:45:36.468,301.41,301.09900000000005,1.5,1.25
12.08.2021 00:46:01.969,301.41,301.108,1.5,1.75
12.08.2021 00:46:03.947,301.41,301.108,1,1.75
12.08.2021 00:46:04.050,301.41,301.108,1.5,1.75
12.08.2021 00:46:04.861,301.426,301.108,1,1.87
12.08.2021 00:46:11.583,301.436,301.11400000000003,1,1.25
12.08.2021 00:46:12.383,301.436,301.11400000000003,1,1.25
12.08.2021 00:46:15.239,301.436,301.11400000000003,1,1.25
12.08.2021 00:46:29.118,301.436,301.11400000000003,1,1.25
12.08.2021 00:46:29.222,301.436,301.11400000000003,1,1.25
12.08.2021 00:46:29.322,301.436,301.11400000000003,1,1.25
12.08.2021 00:46:54.723,301.437,301.128,1.5,1.75
12.08.2021 00:46:54.773,301.44599999999997,301.128,1.35,1.75
12.08.2021 00:46:55.465,301.44599999999997,301.128,1,1.75
12.08.2021 00:47:02.417,301.44599999999997,301.128,1,1.75
12.08.2021 00:47:02.467,301.44599999999997,301.128,1,1.75
12.08.2021 00:47:03.173,301.456,301.139,1,1.25
12.08.2021 00:47:03.372,301.456,301.139,1,1.25
12.08.2021 00:47:07.529,301.456,301.139,1,1.25
12.08.2021 00:47:08.033,301.456,301.139,1,1.25
12.08.2021 00:47:08.134,301.456,301.139,1,1.25
12.08.2021 00:47:11.898,301.461,301.165,1,1
12.08.2021 00:47:12.716,301.461,301.143,1.5,1.25
12.08.2021 00:47:30.698,301.461,301.204,1.5,0.37
12.08.2021 00:47:30.749,301.461,301.148,1.5,1.75
12.08.2021 00:47:30.850,301.466,301.148,1,1.75
12.08.2021 00:47:42.639,301.476,301.15500000000003,1,1.25
12.08.2021 00:47:42.840,301.476,301.15500000000003,1,1.25
12.08.2021 00:47:42.941,301.482,301.15500000000003,1.5,1.12
12.08.2021 00:47:43.082,301.482,301.15500000000003,1.5,1.12
12.08.2021 00:47:43.648,301.476,301.158,1,1.75
12.08.2021 00:47:44.965,301.476,301.18,1,1
12.08.2021 00:47:50.480,301.482,301.168,1,1.5
12.08.2021 00:47:51.155,301.482,301.168,1.5,1.75
12.08.2021 00:47:52.990,301.482,301.168,1.5,1.75
12.08.2021 00:47:59.724,301.482,301.168,1.5,1.75
12.08.2021 00:48:01.861,301.486,301.171,1,1.25
12.08.2021 00:48:02.063,301.486,301.171,1,1.25
12.08.2021 00:48:06.532,301.486,301.16900000000004,1,1.25
12.08.2021 00:48:08.452,301.486,301.168,1,1.75
12.08.2021 00:48:11.135,301.486,301.168,1,1.75
12.08.2021 00:48:11.403,301.486,301.168,1,1.75
12.08.2021 00:48:20.376,301.486,301.168,1,1.75
12.08.2021 00:48:30.466,301.486,301.168,1,1.75
12.08.2021 00:48:30.566,301.486,301.168,1,1.75
12.08.2021 00:48:34.856,301.476,301.168,1,1.75
12.08.2021 00:48:35.057,301.476,301.161,1,1.25
12.08.2021 00:48:36.425,301.476,301.158,1,1.75
12.08.2021 00:48:38.467,301.466,301.151,1,1.25
12.08.2021 00:48:39.100,301.466,301.146,1,1.25
12.08.2021 00:48:40.559,301.466,301.138,1,1.87
12.08.2021 00:48:40.940,301.466,301.145,1,1.25
12.08.2021 00:48:50.026,301.466,301.145,1,1.25
12.08.2021 00:48:50.658,301.466,301.146,1,1.25
12.08.2021 00:49:00.306,301.466,301.148,1,1.75
12.08.2021 00:49:00.474,301.466,301.148,1,1.75
12.08.2021 00:49:04.125,301.466,301.152,1,1.25
12.08.2021 00:49:04.175,301.466,301.148,1,1.75
12.08.2021 00:49:13.621,301.466,301.16900000000004,1,1
12.08.2021 00:49:15.645,301.482,301.173,1.5,1
12.08.2021 00:49:16.353,301.466,301.173,1,1
12.08.2021 00:49:16.457,301.466,301.173,1,1
12.08.2021 00:49:26.623,301.482,301.15000000000003,1.5,1.12
12.08.2021 00:49:27.341,301.476,301.15000000000003,1,1.25
12.08.2021 00:49:32.037,301.466,301.15000000000003,1,1.25
12.08.2021 00:49:33.748,301.466,301.148,1,1.25
12.08.2021 00:49:36.603,301.466,301.145,1,1.25
12.08.2021 00:49:41.544,301.456,301.14,1,1.25
12.08.2021 00:49:41.733,301.466,301.14,1,1.25
12.08.2021 00:49:50.348,301.456,301.14,1,1.25
12.08.2021 00:49:58.341,301.456,301.14,1,1.25
12.08.2021 00:50:00.429,301.458,301.132,1.5,1.12
12.08.2021 00:50:01.132,301.44599999999997,301.132,1,1.25
12.08.2021 00:50:04.798,301.44599999999997,301.132,1,1.25
12.08.2021 00:50:04.900,301.44599999999997,301.132,1,1.25
12.08.2021 00:50:08.166,301.456,301.131,1,1.25
12.08.2021 00:50:10.865,301.456,301.132,1,1.25
12.08.2021 00:50:22.002,301.456,301.143,1,1.25
12.08.2021 00:50:22.162,301.456,301.133,1,1.25
12.08.2021 00:50:26.266,301.456,301.132,1,1.25
12.08.2021 00:50:26.580,301.456,301.139,1,1.25
12.08.2021 00:50:26.681,301.456,301.139,1,1.25
12.08.2021 00:50:27.514,301.456,301.16200000000003,1,1
12.08.2021 00:50:27.685,301.456,301.16200000000003,1,1
12.08.2021 00:50:38.376,301.456,301.139,1,1.25
12.08.2021 00:50:43.802,301.44599999999997,301.131,1,1.25
12.08.2021 00:50:49.893,301.44599999999997,301.131,1,1.25
12.08.2021 00:50:51.412,301.44599999999997,301.131,1,1.25
12.08.2021 00:51:00.361,301.44599999999997,301.131,1,1.25
12.08.2021 00:52:02.478,301.456,301.134,1,1.25
12.08.2021 00:52:11.374,301.456,301.14,1,1.25
12.08.2021 00:52:15.500,301.456,301.134,1,1.75
12.08.2021 00:52:15.551,301.456,301.133,1,1.87
12.08.2021 00:53:11.134,301.44599999999997,301.184,1,0.37
12.08.2021 00:53:11.238,301.44599999999997,301.132,1,1.25
12.08.2021 00:53:13.065,301.44599999999997,301.132,1,1.25
12.08.2021 00:53:15.805,301.44599999999997,301.132,1,1.25
12.08.2021 00:53:18.165,301.44599999999997,301.132,1,1.25
12.08.2021 00:53:33.307,301.44599999999997,301.184,1,0.37
12.08.2021 00:53:44.503,301.44599999999997,301.129,1,1.25
12.08.2021 00:53:44.654,301.436,301.124,1,1.25
12.08.2021 00:53:44.705,301.436,301.12,1,1.25
12.08.2021 00:53:44.799,301.436,301.118,1,1.75
12.08.2021 00:53:46.468,301.436,301.118,1,1.75
12.08.2021 00:53:50.288,301.436,301.106,1,1.25
12.08.2021 00:53:53.739,301.426,301.106,1,1.25
12.08.2021 00:54:04.994,301.435,301.098,1.5,1.5
12.08.2021 00:54:05.097,301.42900000000003,301.098,1.5,1
12.08.2021 00:54:06.498,301.42900000000003,301.098,1.5,1.5
12.08.2021 00:54:07.241,301.42900000000003,301.098,1.5,1.5
12.08.2021 00:54:07.291,301.42900000000003,301.108,1.5,1
12.08.2021 00:54:07.392,301.42900000000003,301.108,1.5,1.5
12.08.2021 00:54:07.458,301.42900000000003,301.108,1.5,1.5
12.08.2021 00:54:07.583,301.42900000000003,301.118,1.5,1
12.08.2021 00:54:12.205,301.42900000000003,301.118,1.5,1
12.08.2021 00:54:13.252,301.42900000000003,301.118,1.5,1
12.08.2021 00:54:13.621,301.42900000000003,301.118,1.5,1
12.08.2021 00:54:17.381,301.42900000000003,301.118,1.5,1
12.08.2021 00:54:21.649,301.42900000000003,301.118,1.5,1
12.08.2021 00:54:26.961,301.42900000000003,301.108,1,1
12.08.2021 00:54:27.062,301.42900000000003,301.108,1.5,1
12.08.2021 00:54:29.179,301.42900000000003,301.108,1.5,1
12.08.2021 00:54:29.381,301.42900000000003,301.108,1,1
12.08.2021 00:54:33.542,301.42900000000003,301.108,1.5,1
12.08.2021 00:54:33.842,301.42900000000003,301.108,1,1
12.08.2021 00:54:34.147,301.42900000000003,301.108,1.5,1
12.08.2021 00:54:34.532,301.42900000000003,301.091,1.5,1
12.08.2021 00:54:34.583,301.42900000000003,301.088,1.5,1
12.08.2021 00:54:36.782,301.402,301.088,1,1
12.08.2021 00:54:36.909,301.42900000000003,301.098,1,1
12.08.2021 00:54:36.986,301.42900000000003,301.098,1.5,1
12.08.2021 00:54:39.256,301.42900000000003,301.098,1.5,1
12.08.2021 00:54:39.620,301.42900000000003,301.098,1,1
12.08.2021 00:54:40.840,301.42900000000003,301.098,1.5,1
12.08.2021 00:54:42.361,301.42900000000003,301.098,1,1
12.08.2021 00:54:43.268,301.42900000000003,301.098,1.5,1
12.08.2021 00:54:48.875,301.42900000000003,301.063,1.5,1.5
12.08.2021 00:54:49.615,301.42900000000003,301.098,1.5,1
12.08.2021 00:54:49.716,301.42900000000003,301.098,1.5,1
12.08.2021 00:54:52.840,301.42900000000003,301.088,1.5,1
12.08.2021 00:54:52.891,301.42900000000003,301.098,1.5,1
12.08.2021 00:54:54.050,301.42900000000003,301.098,1,1
12.08.2021 00:54:54.250,301.42900000000003,301.098,1.5,1
12.08.2021 00:54:54.452,301.42900000000003,301.098,1,1
12.08.2021 00:54:57.302,301.42900000000003,301.098,1.5,1
12.08.2021 00:54:57.390,301.42900000000003,301.098,1,1
12.08.2021 00:54:59.365,301.42900000000003,301.098,1.5,1
12.08.2021 00:54:59.570,301.42900000000003,301.098,1.5,1
12.08.2021 00:55:00.168,301.42900000000003,301.088,1.5,1
12.08.2021 00:55:00.370,301.42900000000003,301.058,1.5,1.5
12.08.2021 00:55:00.471,301.42900000000003,301.063,1.5,1.45
12.08.2021 00:55:00.521,301.42900000000003,301.098,1.5,1
12.08.2021 00:55:00.622,301.42900000000003,301.098,1.5,1
12.08.2021 00:55:00.704,301.42900000000003,301.081,1.5,1.5
12.08.2021 00:55:00.755,301.42900000000003,301.063,1.5,1.5
12.08.2021 00:55:00.931,301.42900000000003,301.063,1.5,1.5
12.08.2021 00:55:02.969,301.42900000000003,301.063,1.5,1.45
12.08.2021 00:55:04.501,301.42900000000003,301.063,1.5,1.45
12.08.2021 00:55:04.806,301.42900000000003,301.09000000000003,1,0.65
12.08.2021 00:55:12.072,301.42900000000003,301.063,1.5,1.45
12.08.2021 00:55:12.195,301.42900000000003,301.098,1.5,1
12.08.2021 00:55:12.434,301.42900000000003,301.063,1.5,1.45
12.08.2021 00:55:14.666,301.42900000000003,301.098,1.5,1
12.08.2021 00:55:14.767,301.42900000000003,301.088,1.5,1
12.08.2021 00:55:16.726,301.42900000000003,301.088,1.5,1
12.08.2021 00:55:16.827,301.42900000000003,301.088,1.5,1
12.08.2021 00:55:17.269,301.42900000000003,301.088,1.5,1
12.08.2021 00:55:18.756,301.42900000000003,301.088,1.5,1
12.08.2021 00:55:20.563,301.42900000000003,301.078,1.5,1
12.08.2021 00:55:20.613,301.42900000000003,301.088,1.5,1
12.08.2021 00:55:20.664,301.42,301.078,1,1
12.08.2021 00:55:20.915,301.42900000000003,301.078,1,1
12.08.2021 00:55:20.996,301.375,301.078,0.37,1
12.08.2021 00:55:29.046,301.403,301.078,1.5,1
12.08.2021 00:55:29.145,301.403,301.078,1.5,1
12.08.2021 00:55:32.402,301.403,301.078,1.5,1
12.08.2021 00:55:32.792,301.396,301.078,1,1.75
12.08.2021 00:55:33.745,301.396,301.078,1,1.75
12.08.2021 00:55:35.046,301.396,301.078,1,1.75
12.08.2021 00:55:46.777,301.396,301.078,1,1.75
12.08.2021 00:55:52.995,301.403,301.081,1.5,1.12
12.08.2021 00:55:53.709,301.396,301.081,1,1.25
12.08.2021 00:56:27.712,301.396,301.078,1,1.75
12.08.2021 00:56:40.396,301.396,301.134,1,0.37
12.08.2021 00:56:58.656,301.396,301.134,1,0.37
12.08.2021 00:57:00.887,301.396,301.134,1,0.37
12.08.2021 00:57:04.876,301.396,301.078,1,1.25
12.08.2021 00:57:05.154,301.38599999999997,301.078,1,1.25
12.08.2021 00:57:05.204,301.38599999999997,301.073,1,1.25
12.08.2021 00:57:06.004,301.38599999999997,301.068,1,1.75
12.08.2021 00:58:02.093,301.38599999999997,301.068,1,1.75
12.08.2021 00:58:12.007,301.38599999999997,301.078,1,1.75
12.08.2021 00:58:14.453,301.396,301.075,1,1.25
12.08.2021 00:58:15.965,301.403,301.075,1.5,1.12
12.08.2021 00:58:16.682,301.396,301.075,1,1.25
12.08.2021 00:58:19.450,301.396,301.088,1,1.75
12.08.2021 00:58:20.121,301.403,301.088,1.5,1.75
12.08.2021 00:58:24.928,301.403,301.088,1.5,1.75
12.08.2021 00:58:37.464,301.403,301.089,1.5,1.25
12.08.2021 00:58:43.067,301.403,301.144,1.5,0.37
12.08.2021 00:59:03.857,301.403,301.089,1.5,1.25
12.08.2021 00:59:04.165,301.403,301.144,1.5,0.37
12.08.2021 00:59:16.002,301.403,301.098,1.5,1.75
12.08.2021 00:59:16.899,301.403,301.098,1,1.5
12.08.2021 00:59:22.151,301.416,301.10200000000003,1,1.25
12.08.2021 00:59:30.298,301.426,301.10200000000003,1,1.25
12.08.2021 00:59:43.602,301.416,301.098,1,1.75
12.08.2021 00:59:43.861,301.426,301.108,1,1.75
12.08.2021 00:59:44.692,301.426,301.108,1,1.75
12.08.2021 00:59:46.468,301.426,301.108,1,1.75
12.08.2021 00:59:46.663,301.426,301.108,1,1.75
12.08.2021 00:59:50.638,301.426,301.118,1,1.75
12.08.2021 00:59:52.749,301.426,301.118,1,1.75
12.08.2021 01:00:09.104,301.416,301.119,1,1
12.08.2021 01:00:30.322,301.406,301.09000000000003,1,1.25
12.08.2021 01:00:36.166,301.406,301.09000000000003,1,1.25
12.08.2021 01:00:36.267,301.396,301.112,1,1
12.08.2021 01:00:36.367,301.396,301.103,1,1
12.08.2021 01:00:36.441,301.396,301.103,1,1
12.08.2021 01:00:52.185,301.396,301.079,1,1.25
12.08.2021 01:00:53.915,301.401,301.079,1.5,1.12
12.08.2021 01:01:10.285,301.401,301.079,1,1.12
12.08.2021 01:01:10.492,301.401,301.081,1.5,1.12
12.08.2021 01:01:12.117,301.401,301.081,1,1.12
12.08.2021 01:01:17.394,301.401,301.085,1,1.12
12.08.2021 01:01:25.080,301.426,301.098,1.5,1.5
12.08.2021 01:01:25.625,301.426,301.098,1.12,1.5
12.08.2021 01:01:28.696,301.426,301.108,1.12,1.5
12.08.2021 01:01:33.162,301.426,301.116,1,1.12
12.08.2021 01:01:33.534,301.426,301.116,1,1.12
12.08.2021 01:01:34.535,301.426,301.116,1,1.12
12.08.2021 01:01:38.106,301.449,301.14,1.5,1
12.08.2021 01:01:38.313,301.449,301.125,1.5,1.12
12.08.2021 01:01:38.516,301.449,301.12,1.5,1.12
12.08.2021 01:01:44.951,301.449,301.121,1.5,1.12
12.08.2021 01:01:51.767,301.449,301.133,1,1.12
12.08.2021 01:01:51.984,301.449,301.152,1.5,1
12.08.2021 01:02:03.399,301.47200000000004,301.143,1.5,1.12
12.08.2021 01:02:19.975,301.47200000000004,301.145,1.5,1.12
12.08.2021 01:02:39.544,301.47200000000004,301.148,1.5,1.5
12.08.2021 01:02:43.799,301.47200000000004,301.148,1.5,1.5
12.08.2021 01:03:03.599,301.47200000000004,301.148,1.5,1.5
12.08.2021 01:03:03.800,301.47200000000004,301.138,1.5,1.5
12.08.2021 01:03:04.001,301.47200000000004,301.138,1.5,1.5
12.08.2021 01:03:10.140,301.47200000000004,301.138,1.5,1.5
12.08.2021 01:03:10.343,301.47200000000004,301.138,1.5,1.5
12.08.2021 01:03:43.927,301.47200000000004,301.148,1.5,1.5
12.08.2021 01:04:01.493,301.47200000000004,301.148,1.5,1.5
12.08.2021 01:04:04.918,301.47200000000004,301.148,1.5,1.5
12.08.2021 01:04:05.170,301.47200000000004,301.138,1.5,1.5
12.08.2021 01:04:10.800,301.457,301.138,1.5,1.5
12.08.2021 01:04:17.798,301.457,301.138,1.5,1.5
12.08.2021 01:04:25.990,301.457,301.118,1.5,1.5
12.08.2021 01:04:26.222,301.457,301.118,1.5,1.5
12.08.2021 01:04:28.119,301.457,301.118,1.5,1.5
12.08.2021 01:04:32.661,301.457,301.108,1.5,1.5
12.08.2021 01:04:33.029,301.457,301.116,1.5,1.12
12.08.2021 01:05:03.110,301.457,301.16400000000004,1.5,0.37
12.08.2021 01:05:11.066,301.457,301.118,1.5,1.5
12.08.2021 01:05:14.697,301.457,301.118,1.75,1.5
12.08.2021 01:05:14.907,301.457,301.119,1.5,1.12
12.08.2021 01:05:18.229,301.457,301.129,1.5,1.12
12.08.2021 01:05:40.604,301.457,301.131,1.5,0.87
12.08.2021 01:05:40.855,301.457,301.12,1.5,1.12
12.08.2021 01:06:07.313,301.457,301.12,1.5,1.12
12.08.2021 01:06:41.428,301.457,301.128,1.5,1.5
12.08.2021 01:06:41.680,301.457,301.13599999999997,1.5,1.12
12.08.2021 01:06:41.880,301.457,301.133,1.5,1.12
12.08.2021 01:06:42.080,301.457,301.13,1.5,1.12
12.08.2021 01:06:57.517,301.457,301.128,1.5,1.5
12.08.2021 01:07:00.973,301.457,301.134,1.5,1
12.08.2021 01:07:01.095,301.457,301.134,1.5,1
12.08.2021 01:07:01.991,301.457,301.118,1.5,1.5
12.08.2021 01:07:14.933,301.431,301.118,1.5,1.5
12.08.2021 01:07:34.275,301.431,301.128,1.5,1
12.08.2021 01:07:38.486,301.431,301.118,1.5,1.5
12.08.2021 01:07:52.060,301.431,301.10400000000004,1.5,1.12
12.08.2021 01:08:00.124,301.431,301.135,1,1
12.08.2021 01:08:00.325,301.431,301.14,1,1
12.08.2021 01:08:32.032,301.431,301.118,1,1.5
12.08.2021 01:08:33.778,301.457,301.132,1.5,1.12
12.08.2021 01:08:33.830,301.457,301.132,1.5,1.12
12.08.2021 01:08:34.813,301.457,301.142,1,1.12
12.08.2021 01:08:49.315,301.457,301.148,1.5,1.5
12.08.2021 01:08:51.764,301.457,301.148,1.5,1.5
12.08.2021 01:09:00.895,301.457,301.16200000000003,1.5,1
12.08.2021 01:09:02.702,301.457,301.163,1,1
12.08.2021 01:09:03.059,301.457,301.165,1.5,1
12.08.2021 01:09:07.375,301.457,301.156,1.5,1
12.08.2021 01:09:38.666,301.457,301.15900000000005,1.5,1
12.08.2021 01:09:40.173,301.457,301.16400000000004,1,1
12.08.2021 01:09:42.062,301.457,301.148,1.5,1.5
12.08.2021 01:09:59.733,301.457,301.15500000000003,1.5,1
12.08.2021 01:10:14.144,301.457,301.132,1.5,1.12
12.08.2021 01:10:14.247,301.457,301.132,1.5,0.87
12.08.2021 01:10:39.954,301.457,301.118,1.5,1.5
12.08.2021 01:11:32.453,301.457,301.132,1.5,1.5
12.08.2021 01:11:32.652,301.457,301.146,1,1.12
12.08.2021 01:12:28.048,301.457,301.18,1,1
12.08.2021 01:12:39.066,301.457,301.153,1,1.5
12.08.2021 01:12:59.812,301.485,301.175,1,1.12
12.08.2021 01:13:03.434,301.485,301.17900000000003,1,1.12
12.08.2021 01:13:13.553,301.485,301.175,1,1.12
12.08.2021 01:13:51.055,301.485,301.163,1,1.12
12.08.2021 01:13:56.723,301.485,301.161,1.5,1.12
12.08.2021 01:13:58.435,301.485,301.185,1,1
12.08.2021 01:13:58.639,301.485,301.184,1.5,1
12.08.2021 01:14:03.199,301.485,301.187,1,1
12.08.2021 01:14:13.346,301.485,301.168,1,1.12
12.08.2021 01:14:38.104,301.485,301.166,1,1.5
12.08.2021 01:14:44.572,301.485,301.166,1,1.12
12.08.2021 01:14:49.153,301.485,301.166,1,1.12
12.08.2021 01:14:53.030,301.485,301.163,1.5,1.12
12.08.2021 01:14:53.572,301.485,301.163,1,1.12
12.08.2021 01:15:02.971,301.485,301.163,1,1.12
12.08.2021 01:15:05.379,301.485,301.166,1,1.12
12.08.2021 01:15:05.603,301.485,301.166,1,1.12
12.08.2021 01:15:21.141,301.485,301.199,1,1
12.08.2021 01:15:55.894,301.485,301.176,1,1.12
12.08.2021 01:16:26.188,301.485,301.168,1,1.12
12.08.2021 01:16:26.835,301.485,301.166,1,1.12
12.08.2021 01:16:32.211,301.485,301.166,1,1.12
12.08.2021 01:17:00.250,301.485,301.16200000000003,1.5,1.12
12.08.2021 01:17:02.729,301.485,301.16200000000003,1,1.12
12.08.2021 01:17:02.978,301.485,301.168,1,1.12
12.08.2021 01:18:06.253,301.485,301.171,1,1.5
12.08.2021 01:18:47.956,301.485,301.244,1,0.37
12.08.2021 01:18:51.090,301.485,301.185,1,1.12
12.08.2021 01:20:16.555,301.485,301.173,1,1.12
12.08.2021 01:20:31.882,301.485,301.173,1,1.12
12.08.2021 01:20:40.121,301.485,301.176,1,1.12
12.08.2021 01:20:43.025,301.485,301.176,1,1.12
12.08.2021 01:20:49.294,301.485,301.181,1,1.12
12.08.2021 01:20:49.659,301.485,301.176,1,1.12
12.08.2021 01:21:01.658,301.485,301.17400000000004,1,1.12
12.08.2021 01:22:03.040,301.46700000000004,301.172,1,1.12
12.08.2021 01:22:03.190,301.46700000000004,301.166,1,1.12
12.08.2021 01:22:06.610,301.46700000000004,301.15700000000004,1,1.12
12.08.2021 01:22:21.456,301.46700000000004,301.154,1,1.12
12.08.2021 01:22:30.247,301.46700000000004,301.15500000000003,1,1.12
12.08.2021 01:22:31.854,301.46700000000004,301.15500000000003,1.5,1.12
12.08.2021 01:22:32.592,301.46700000000004,301.143,1,1.5
12.08.2021 01:22:32.777,301.46700000000004,301.15900000000005,1,1.12
12.08.2021 01:23:01.840,301.46700000000004,301.15900000000005,1,1.12
12.08.2021 01:23:02.043,301.46700000000004,301.138,1.5,1.5
12.08.2021 01:23:19.613,301.441,301.17,1,1
12.08.2021 01:23:19.664,301.441,301.156,1,1
12.08.2021 01:24:08.293,301.441,301.134,1,1.12
12.08.2021 01:24:26.045,301.441,301.135,1,1.12
12.08.2021 01:24:29.710,301.441,301.13599999999997,1,1.12
12.08.2021 01:24:34.213,301.441,301.13599999999997,1,1.12
12.08.2021 01:24:45.364,301.441,301.134,1,1.12
12.08.2021 01:24:50.990,301.441,301.13599999999997,1,1.12
12.08.2021 01:25:02.073,301.441,301.13599999999997,1,1.12
12.08.2021 01:25:06.481,301.441,301.133,1,1.12
12.08.2021 01:25:23.163,301.441,301.149,1,1
12.08.2021 01:25:23.952,301.441,301.125,1,1.12
12.08.2021 01:25:44.041,301.441,301.158,1,1
12.08.2021 01:25:47.439,301.441,301.13599999999997,1,1.12
12.08.2021 01:26:00.980,301.441,301.13599999999997,1,1.12
12.08.2021 01:26:02.440,301.441,301.134,1,1.12
12.08.2021 01:26:04.810,301.441,301.134,1,1.12
12.08.2021 01:26:15.902,301.441,301.134,1,1.12
12.08.2021 01:27:09.153,301.441,301.134,1,1.12
12.08.2021 01:27:09.775,301.441,301.138,1,1.5
12.08.2021 01:29:09.953,301.441,301.176,1,1
12.08.2021 01:29:10.419,301.441,301.156,1,1.12
12.08.2021 01:29:11.275,301.441,301.156,1,1.12
12.08.2021 01:29:22.040,301.441,301.156,1,1.12
12.08.2021 01:29:45.770,301.441,301.158,1,1.12
12.08.2021 01:29:47.449,301.441,301.156,1,1.12
12.08.2021 01:30:00.828,301.441,301.17400000000004,1,1
12.08.2021 01:30:21.608,301.441,301.151,1,1.12
12.08.2021 01:30:51.774,301.441,301.146,1,1.12
12.08.2021 01:31:04.241,301.441,301.146,1,1.12
12.08.2021 01:31:10.759,301.441,301.15700000000004,1,1.12
12.08.2021 01:31:10.925,301.441,301.15500000000003,1,1.12
12.08.2021 01:31:11.773,301.441,301.15700000000004,1,1.12
12.08.2021 01:31:35.648,301.441,301.177,1,1
12.08.2021 01:31:55.017,301.441,301.141,1,1.5
12.08.2021 01:32:14.502,301.441,301.156,1,1.12
12.08.2021 01:32:53.233,301.441,301.145,1,1.12
12.08.2021 01:33:05.882,301.441,301.15700000000004,1,1
12.08.2021 01:33:10.069,301.441,301.165,1,1
12.08.2021 01:33:32.306,301.441,301.168,1,1
12.08.2021 01:34:03.693,301.441,301.168,1,1
12.08.2021 01:34:42.941,301.441,301.135,1,1.12
12.08.2021 01:35:00.095,301.441,301.132,1,1.12
12.08.2021 01:35:00.295,301.441,301.125,1,1.5
12.08.2021 01:35:15.100,301.441,301.124,1,1.12
12.08.2021 01:35:22.084,301.441,301.127,1,1.12
12.08.2021 01:35:23.474,301.441,301.127,1,1.12
12.08.2021 01:35:23.892,301.441,301.123,1.5,1.12
12.08.2021 01:35:24.120,301.441,301.112,1.5,1.12
12.08.2021 01:35:24.804,301.441,301.11400000000003,1.5,1.12
12.08.2021 01:35:27.851,301.441,301.11400000000003,1.5,1.12
12.08.2021 01:35:28.601,301.441,301.135,1.5,1
12.08.2021 01:35:28.752,301.441,301.135,1.5,1
12.08.2021 01:35:29.830,301.413,301.132,1,1
12.08.2021 01:35:33.949,301.413,301.132,1,1
12.08.2021 01:35:56.499,301.413,301.106,1,1.12
12.08.2021 01:36:11.414,301.413,301.11400000000003,1,1.12
12.08.2021 01:36:25.329,301.413,301.117,1,1.12
12.08.2021 01:36:25.532,301.413,301.117,1,1.12
12.08.2021 01:36:26.448,301.413,301.117,1,1.12
12.08.2021 01:36:26.947,301.413,301.101,1,1.5
12.08.2021 01:36:37.967,301.413,301.116,1,1.12
12.08.2021 01:38:52.378,301.413,301.138,1,1
12.08.2021 01:38:52.696,301.413,301.138,1,1
12.08.2021 01:39:01.141,301.413,301.116,1,1.12
12.08.2021 01:39:05.148,301.413,301.116,1,1.12
12.08.2021 01:41:13.732,301.413,301.108,1,1.5
12.08.2021 01:41:20.768,301.413,301.138,1,1
12.08.2021 01:41:22.331,301.413,301.137,1,1
12.08.2021 01:41:39.159,301.413,301.124,1,1.12
12.08.2021 01:41:39.209,301.442,301.131,1,1.12
12.08.2021 01:41:39.611,301.442,301.123,1,1.12
12.08.2021 01:41:40.429,301.442,301.123,1,1.12
12.08.2021 01:41:43.855,301.442,301.126,1,1.12
12.08.2021 01:41:45.597,301.442,301.126,1,1.12
12.08.2021 01:41:51.693,301.442,301.126,1,1.12
12.08.2021 01:42:01.568,301.442,301.126,1,1.12
12.08.2021 01:42:01.773,301.442,301.125,1,1.5
12.08.2021 01:42:08.315,301.442,301.147,1,1.12
12.08.2021 01:42:08.566,301.46,301.148,1,1.12
12.08.2021 01:42:10.897,301.46,301.148,1,1.12
12.08.2021 01:42:17.168,301.46,301.154,1,1.12
12.08.2021 01:42:30.741,301.46,301.16700000000003,1,1
12.08.2021 01:42:38.818,301.46,301.145,1,1.12
12.08.2021 01:42:46.629,301.46,301.139,1.5,1.12
12.08.2021 01:42:46.829,301.46,301.135,1.5,1.12
12.08.2021 01:43:15.411,301.46,301.137,1,1.12
12.08.2021 01:43:17.538,301.46,301.146,1,1.12
12.08.2021 01:43:18.384,301.46,301.178,1,1
12.08.2021 01:43:30.246,301.46,301.154,1,1.12
12.08.2021 01:43:47.772,301.46,301.147,1,1.12
12.08.2021 01:43:48.025,301.46,301.145,1,1.12
12.08.2021 01:44:06.122,301.46,301.15500000000003,1,1.12
12.08.2021 01:44:06.371,301.46,301.15500000000003,1,1.12
12.08.2021 01:44:26.274,301.46,301.15700000000004,1,1.12
12.08.2021 01:44:29.969,301.46,301.15700000000004,1,1.12
12.08.2021 01:45:32.122,301.46,301.147,1,1.12
12.08.2021 01:45:35.565,301.46,301.156,1,1.12
12.08.2021 01:45:51.054,301.46,301.147,1,1.12
12.08.2021 01:45:51.255,301.46,301.145,1,1.12
12.08.2021 01:45:54.935,301.46,301.146,1,1.12
12.08.2021 01:47:19.195,301.46,301.204,1,0.37
12.08.2021 01:47:27.195,301.46,301.16700000000003,1,0.69
12.08.2021 01:48:13.694,301.46,301.204,1,0.37
12.08.2021 01:49:30.917,301.442,301.204,1,0.37
12.08.2021 01:49:30.968,301.442,301.15900000000005,1,0.69
12.08.2021 01:49:35.570,301.442,301.137,1,1.12
12.08.2021 01:50:39.849,301.442,301.153,1,1
12.08.2021 01:50:40.501,301.442,301.142,1.5,1
12.08.2021 01:51:12.114,301.416,301.117,1,1.12
12.08.2021 01:51:12.385,301.416,301.13599999999997,1,1
12.08.2021 01:51:18.560,301.416,301.115,1,1.12
12.08.2021 01:51:20.253,301.416,301.115,1,1.12
12.08.2021 01:51:24.544,301.416,301.115,1,1.12
12.08.2021 01:51:46.189,301.416,301.119,1,1.12
12.08.2021 01:52:10.623,301.416,301.139,1,1
12.08.2021 01:52:10.826,301.416,301.135,1,1
12.08.2021 01:52:35.080,301.416,301.119,1,1.12
12.08.2021 01:52:37.686,301.416,301.118,1,1.5
12.08.2021 01:52:40.502,301.416,301.14,1,1
12.08.2021 01:52:42.245,301.425,301.144,1,1
12.08.2021 01:52:42.296,301.425,301.154,1,1
12.08.2021 01:52:43.048,301.425,301.145,1,1
12.08.2021 01:53:38.297,301.425,301.138,1,1.25
12.08.2021 01:54:03.591,301.448,301.131,1,1.12
12.08.2021 01:54:52.868,301.448,301.16700000000003,1,1
12.08.2021 01:54:53.083,301.448,301.16700000000003,1,1
12.08.2021 01:55:24.045,301.445,301.158,1,1.5
12.08.2021 01:55:32.269,301.442,301.204,1,0.37
12.08.2021 01:55:49.404,301.442,301.158,1,1.5
12.08.2021 01:55:53.002,301.442,301.158,1,1
12.08.2021 01:55:53.452,301.442,301.148,1,1.62
12.08.2021 01:55:54.107,301.442,301.148,1,1.5
12.08.2021 01:56:00.667,301.442,301.148,1,1.5
12.08.2021 01:56:02.463,301.442,301.148,1,1.5
12.08.2021 01:56:04.396,301.442,301.148,1,1.5
12.08.2021 01:56:04.597,301.442,301.148,1,1.5
12.08.2021 01:56:11.776,301.442,301.138,1,1.5
12.08.2021 01:56:15.038,301.442,301.149,1,1
12.08.2021 01:56:20.954,301.442,301.138,1,1.5
12.08.2021 01:56:33.046,301.442,301.138,1,1.5
12.08.2021 01:57:37.836,301.442,301.138,1,1.5
12.08.2021 01:57:39.914,301.442,301.138,1.5,1.5
12.08.2021 01:57:58.583,301.442,301.145,1,1
12.08.2021 01:57:58.767,301.442,301.154,1,1
12.08.2021 01:58:19.458,301.442,301.15900000000005,1,1
12.08.2021 01:58:23.090,301.442,301.158,1,1
12.08.2021 01:58:30.831,301.442,301.148,1,1.5
12.08.2021 01:58:31.422,301.442,301.148,1,1.5
12.08.2021 01:59:22.960,301.442,301.148,1,1.5
12.08.2021 01:59:32.834,301.442,301.138,1.5,1.5
12.08.2021 01:59:36.718,301.442,301.138,1,1.5
12.08.2021 01:59:41.755,301.442,301.138,1.5,1.5
12.08.2021 01:59:44.462,301.442,301.138,1,1.5
12.08.2021 01:59:44.666,301.442,301.138,1.5,1.5
12.08.2021 01:59:47.025,301.442,301.138,1,1.5
12.08.2021 01:59:49.942,301.442,301.154,1,1
12.08.2021 02:00:00.521,301.442,301.152,1,1
12.08.2021 02:00:00.921,301.442,301.145,1,1
12.08.2021 02:00:01.491,301.442,301.138,1,1.5
12.08.2021 02:00:02.419,301.442,301.138,1,1.5
12.08.2021 02:00:06.614,301.442,301.148,1,1.5
12.08.2021 02:00:08.210,301.442,301.148,1,1.5
12.08.2021 02:00:14.501,301.442,301.148,1,1.5
12.08.2021 02:00:14.702,301.442,301.148,1,1.5
12.08.2021 02:00:15.153,301.442,301.148,1,1.5
12.08.2021 02:00:20.614,301.442,301.15700000000004,1,1
12.08.2021 02:00:22.715,301.442,301.15900000000005,1,1
12.08.2021 02:00:22.874,301.442,301.15900000000005,1,1
12.08.2021 02:00:23.300,301.442,301.15700000000004,1,1
12.08.2021 02:00:35.458,301.442,301.148,1,1.5
12.08.2021 02:01:01.737,301.442,301.148,1,1.5
12.08.2021 02:01:06.245,301.442,301.148,1,1.5
12.08.2021 02:02:06.603,301.442,301.138,1,1.5
12.08.2021 02:02:30.697,301.442,301.148,1,1.5
12.08.2021 02:03:04.155,301.442,301.148,1,1.5
12.08.2021 02:03:04.358,301.442,301.148,1,1.5
12.08.2021 02:03:34.324,301.442,301.158,1,1.5
12.08.2021 02:03:44.876,301.442,301.144,1,1.12
12.08.2021 02:04:13.724,301.468,301.158,1.5,1.5
12.08.2021 02:04:13.786,301.468,301.158,1,1.5
12.08.2021 02:05:40.912,301.468,301.168,1,1.5
12.08.2021 02:05:59.513,301.468,301.178,1,1.5
12.08.2021 02:06:00.802,301.468,301.178,1,1.5
12.08.2021 02:06:43.005,301.47200000000004,301.178,1,1.5
12.08.2021 02:06:54.360,301.47200000000004,301.178,1,1.5
12.08.2021 02:06:55.709,301.47200000000004,301.178,1,1.5
12.08.2021 02:06:56.571,301.47200000000004,301.178,1,1.5
12.08.2021 02:06:57.437,301.47200000000004,301.178,1,1.5
12.08.2021 02:07:25.334,301.47200000000004,301.16200000000003,1,1.12
12.08.2021 02:07:28.121,301.47200000000004,301.16200000000003,1,1.12
12.08.2021 02:07:48.792,301.47200000000004,301.205,1,1
12.08.2021 02:07:48.842,301.498,301.205,1,1
12.08.2021 02:07:49.779,301.498,301.208,1,1.5
12.08.2021 02:07:49.931,301.498,301.208,1,1.5
12.08.2021 02:08:24.100,301.498,301.208,1,1.5
12.08.2021 02:08:25.366,301.526,301.208,1.12,1.5
12.08.2021 02:09:10.648,301.526,301.228,1.12,1.5
12.08.2021 02:09:11.052,301.526,301.208,1.5,1.5
12.08.2021 02:09:22.568,301.526,301.209,1.12,1.12
12.08.2021 02:09:23.183,301.526,301.208,1.5,1.5
12.08.2021 02:09:24.211,301.526,301.208,1.12,1.5
12.08.2021 02:09:24.409,301.526,301.208,1.12,1.5
12.08.2021 02:10:01.462,301.526,301.208,1.12,1.25
12.08.2021 02:10:01.663,301.526,301.22400000000005,1.5,1
12.08.2021 02:10:22.462,301.526,301.208,1.5,1.5
12.08.2021 02:10:23.326,301.526,301.208,1.5,1.5
12.08.2021 02:10:32.320,301.526,301.208,1.12,1.5
12.08.2021 02:10:33.405,301.526,301.208,1.5,1.5
12.08.2021 02:10:33.761,301.526,301.208,1.12,1.5
12.08.2021 02:10:33.948,301.526,301.208,1.12,1.5
12.08.2021 02:10:34.164,301.526,301.208,1.5,1.5
12.08.2021 02:10:58.364,301.526,301.208,1.12,1.5
12.08.2021 02:11:00.556,301.526,301.218,1.12,1.5
12.08.2021 02:12:08.337,301.526,301.238,1,1.5
12.08.2021 02:12:41.030,301.54900000000004,301.238,1.5,1.5
12.08.2021 02:12:41.181,301.54900000000004,301.248,1,1.5
12.08.2021 02:12:41.392,301.54900000000004,301.248,1,1.5
12.08.2021 02:12:48.195,301.54900000000004,301.248,1.5,1.5
12.08.2021 02:12:48.444,301.54900000000004,301.238,1,1.5
12.08.2021 02:12:53.788,301.54900000000004,301.238,1,1.5
12.08.2021 02:13:09.626,301.54900000000004,301.259,1,1
12.08.2021 02:13:09.822,301.54900000000004,301.259,1,1
12.08.2021 02:13:34.342,301.54900000000004,301.272,1,1
12.08.2021 02:14:46.339,301.54900000000004,301.258,1,1.5
12.08.2021 02:14:46.589,301.54900000000004,301.258,1,1.5
12.08.2021 02:15:09.273,301.54900000000004,301.266,1,1
12.08.2021 02:15:40.346,301.54900000000004,301.248,1,1.5
12.08.2021 02:15:56.507,301.54900000000004,301.258,1,1.5
12.08.2021 02:16:12.453,301.54900000000004,301.258,1,1.5
12.08.2021 02:16:22.492,301.54900000000004,301.258,1,1.5
12.08.2021 02:16:22.827,301.54900000000004,301.258,1,1.5
12.08.2021 02:16:23.028,301.575,301.263,1,1.12
12.08.2021 02:16:23.079,301.575,301.263,1,1.12
12.08.2021 02:17:03.034,301.575,301.268,1,1.5
12.08.2021 02:17:06.411,301.575,301.268,1,1.5
12.08.2021 02:18:31.234,301.575,301.268,1,1.5
12.08.2021 02:18:33.114,301.575,301.258,1.5,1.5
12.08.2021 02:18:36.702,301.575,301.258,1.5,1.5
12.08.2021 02:18:36.854,301.54900000000004,301.248,1,1.5
12.08.2021 02:18:36.904,301.54900000000004,301.248,1,1.5
12.08.2021 02:18:37.137,301.54900000000004,301.248,1,1.5
12.08.2021 02:18:54.697,301.54900000000004,301.248,1,1.5
12.08.2021 02:19:04.838,301.54900000000004,301.253,1.5,1
12.08.2021 02:19:13.573,301.54900000000004,301.248,1,1.5
12.08.2021 02:19:16.598,301.54900000000004,301.228,1.5,1.5
12.08.2021 02:19:25.897,301.54900000000004,301.244,1.5,1
12.08.2021 02:19:41.695,301.54900000000004,301.244,1.5,1
12.08.2021 02:19:56.661,301.54900000000004,301.22200000000004,1.5,1.12
12.08.2021 02:20:39.731,301.524,301.218,1,1.25
12.08.2021 02:21:47.069,301.524,301.208,1.5,1.5
12.08.2021 02:25:09.268,301.524,301.208,1.5,1.5
12.08.2021 02:25:16.186,301.524,301.208,1.5,1.5
12.08.2021 02:25:25.148,301.524,301.208,1.5,1.5
12.08.2021 02:25:27.300,301.524,301.208,1.5,1.5
12.08.2021 02:25:28.859,301.524,301.208,1.5,1.5
12.08.2021 02:25:29.887,301.524,301.208,1.5,1.5
12.08.2021 02:25:56.781,301.495,301.198,1,1.5
12.08.2021 02:27:21.760,301.495,301.187,1,1.12
12.08.2021 02:28:13.443,301.495,301.198,1,1.5
12.08.2021 02:28:23.197,301.495,301.198,1,1.5
12.08.2021 02:28:23.795,301.495,301.198,1,1.5
12.08.2021 02:28:24.452,301.495,301.198,1,1.5
12.08.2021 02:28:24.747,301.495,301.198,1,1.5
12.08.2021 02:28:47.747,301.495,301.198,1,1.5
12.08.2021 02:28:53.198,301.495,301.198,1,1.5
12.08.2021 02:30:06.676,301.495,301.188,1,1.5
12.08.2021 02:30:11.164,301.495,301.188,1.5,1.5
12.08.2021 02:30:21.198,301.495,301.178,1,1.5
12.08.2021 02:30:23.721,301.495,301.178,1.5,1.5
12.08.2021 02:30:34.894,301.495,301.178,1,1.5
12.08.2021 02:30:42.220,301.495,301.178,1.5,1.5
12.08.2021 02:30:45.709,301.495,301.178,1,1.5
12.08.2021 02:31:23.145,301.495,301.193,1.5,1
12.08.2021 02:31:44.883,301.495,301.188,1.5,1.44
12.08.2021 02:31:44.934,301.475,301.171,1,1.5
12.08.2021 02:31:52.044,301.475,301.184,1,1
12.08.2021 02:32:05.206,301.475,301.168,1,1.5
12.08.2021 02:33:33.085,301.475,301.168,1.5,1.5
12.08.2021 02:34:35.644,301.475,301.158,1.5,1.25
12.08.2021 02:34:35.695,301.452,301.158,1,1.62
12.08.2021 02:34:35.912,301.452,301.158,1,1.5
12.08.2021 02:35:01.648,301.452,301.158,1,1.5
12.08.2021 02:35:30.546,301.452,301.138,1,1.5
12.08.2021 02:35:53.500,301.458,301.15500000000003,1.5,1
12.08.2021 02:36:32.402,301.47,301.148,1.5,1.5
12.08.2021 02:36:33.526,301.47,301.148,1.5,1.5
12.08.2021 02:36:37.693,301.47,301.148,1.5,1.5
12.08.2021 02:36:37.939,301.47,301.148,1.5,1.5
12.08.2021 02:36:38.380,301.47,301.143,1.5,1.12
12.08.2021 02:36:38.916,301.47,301.143,1.5,1.12
12.08.2021 02:36:48.570,301.47,301.158,1.5,1.5
12.08.2021 02:36:48.792,301.47,301.148,1.5,1.5
12.08.2021 02:37:06.319,301.47,301.148,1.5,1.5
12.08.2021 02:37:25.760,301.47,301.148,1.5,1.25
12.08.2021 02:37:25.956,301.47,301.148,1.5,1.5
12.08.2021 02:37:28.651,301.47,301.148,1.5,1.5
12.08.2021 02:37:39.272,301.47,301.128,1.5,1.5
12.08.2021 02:37:48.416,301.47,301.128,1.5,1.5
12.08.2021 02:38:02.183,301.47,301.128,1.5,1.5
12.08.2021 02:38:02.682,301.47,301.128,1.5,1.5
12.08.2021 02:39:12.436,301.444,301.128,1.5,1.5
12.08.2021 02:39:25.112,301.444,301.141,1.5,1
12.08.2021 02:40:56.123,301.444,301.12,1.5,1.12
12.08.2021 02:40:56.373,301.444,301.111,1.5,1.5
12.08.2021 02:41:53.843,301.444,301.118,1.5,1.5
12.08.2021 02:41:54.080,301.444,301.118,1.5,1.5
12.08.2021 02:41:55.623,301.444,301.118,1.5,1.5
12.08.2021 02:41:59.349,301.444,301.118,1.5,1.5
12.08.2021 02:42:12.197,301.444,301.128,1.5,1.5
12.08.2021 02:42:14.024,301.444,301.128,1.5,1.5
12.08.2021 02:42:14.535,301.444,301.128,1.5,1.5
12.08.2021 02:42:14.787,301.444,301.128,1.5,1.5
12.08.2021 02:42:14.940,301.444,301.128,1.5,1.5
12.08.2021 02:42:15.964,301.444,301.128,1.5,1.5
12.08.2021 02:43:24.554,301.444,301.139,1.5,1
12.08.2021 02:43:51.268,301.444,301.128,1,1.25
12.08.2021 02:44:46.841,301.444,301.128,1.5,1.25
12.08.2021 02:45:45.159,301.444,301.128,1.5,1.5
12.08.2021 02:45:52.492,301.444,301.128,1.5,1.5
12.08.2021 02:45:57.773,301.444,301.128,1.5,1.5
12.08.2021 02:45:57.974,301.444,301.128,1.5,1.5
12.08.2021 02:46:19.954,301.444,301.128,1.5,1.5
12.08.2021 02:46:20.005,301.444,301.128,1.5,1.5
12.08.2021 02:46:40.169,301.461,301.128,1.5,1.5
12.08.2021 02:47:02.282,301.461,301.118,1.5,1.25
12.08.2021 02:47:02.531,301.461,301.118,1.75,1.5
12.08.2021 02:47:35.593,301.461,301.118,1.5,1.25
12.08.2021 02:48:15.659,301.438,301.11,1.5,1
12.08.2021 02:48:26.952,301.438,301.108,1.75,1.5
12.08.2021 02:48:44.515,301.438,301.089,1.75,1.12
12.08.2021 02:48:50.884,301.438,301.093,1.5,1.12
12.08.2021 02:48:58.160,301.438,301.113,1.5,1
12.08.2021 02:49:04.609,301.438,301.098,1.75,1.5
12.08.2021 02:49:37.152,301.438,301.098,1.75,1.5
12.08.2021 02:49:43.199,301.438,301.098,1.75,1.5
12.08.2021 02:49:52.447,301.438,301.098,1.5,1.5
12.08.2021 02:50:04.665,301.438,301.091,1.5,1.12
12.08.2021 02:50:08.933,301.438,301.088,1.75,1.12
12.08.2021 02:50:09.590,301.438,301.088,1.75,1.12
12.08.2021 02:50:13.458,301.438,301.09000000000003,1.5,1.12
12.08.2021 02:50:20.481,301.438,301.09200000000004,1.5,1.12
12.08.2021 02:50:32.870,301.438,301.09200000000004,1.5,1.12
12.08.2021 02:50:57.719,301.435,301.106,1,1
12.08.2021 02:51:47.497,301.438,301.098,1.5,1.25
12.08.2021 02:51:48.673,301.438,301.098,1.5,1.5
12.08.2021 02:52:19.516,301.438,301.085,1.75,1.12
12.08.2021 02:52:48.273,301.438,301.098,1.75,1.5
12.08.2021 02:53:03.092,301.438,301.098,1.5,1.5
12.08.2021 02:53:24.737,301.438,301.108,1.5,1.5
12.08.2021 02:53:43.804,301.438,301.108,1.5,1.5
12.08.2021 02:53:44.042,301.438,301.118,1.5,1.5
12.08.2021 02:53:44.407,301.438,301.118,1.5,1.5
12.08.2021 02:53:54.888,301.438,301.118,1.5,1.5
12.08.2021 02:54:24.980,301.438,301.118,1.5,1.5
12.08.2021 02:54:25.180,301.438,301.118,1.5,1.5
12.08.2021 02:54:26.276,301.438,301.118,1.5,1.5
12.08.2021 02:54:50.794,301.464,301.128,1.5,1.5
12.08.2021 02:55:00.064,301.464,301.128,1.5,1.5
12.08.2021 02:55:01.279,301.464,301.128,1.5,1.5
12.08.2021 02:55:18.477,301.464,301.128,1.75,1.5
12.08.2021 02:56:08.303,301.464,301.108,1.75,1.5
12.08.2021 02:56:13.200,301.464,301.108,1.75,1.5
12.08.2021 02:56:14.385,301.464,301.108,1.75,1.5
12.08.2021 02:56:40.346,301.464,301.128,1.5,1.5
12.08.2021 02:56:40.499,301.464,301.128,1.5,1.5
12.08.2021 02:56:41.116,301.464,301.128,1.75,1.5
12.08.2021 02:56:57.079,301.464,301.111,1.75,1.12
12.08.2021 02:56:57.282,301.464,301.111,1.75,1.12
12.08.2021 02:57:04.369,301.464,301.128,1.75,1.5
12.08.2021 02:57:04.619,301.464,301.128,1.5,1.5
12.08.2021 02:57:07.700,301.464,301.128,1.5,1.5
12.08.2021 02:58:04.659,301.464,301.121,1.5,1.12
12.08.2021 02:58:39.826,301.464,301.138,1.5,1.5
12.08.2021 02:58:40.350,301.464,301.138,1.5,1.5
12.08.2021 02:58:40.656,301.487,301.138,1.75,1.5
12.08.2021 02:58:40.857,301.487,301.158,1.5,1.5
12.08.2021 02:58:45.025,301.487,301.158,1.5,1.5
12.08.2021 02:59:00.162,301.487,301.158,1.5,1.5
12.08.2021 02:59:00.422,301.487,301.158,1.5,1.5
12.08.2021 02:59:01.117,301.513,301.168,1.5,1.5
12.08.2021 02:59:11.148,301.513,301.168,1.75,1.5
12.08.2021 02:59:35.774,301.513,301.168,1.75,1.5
12.08.2021 02:59:36.177,301.513,301.168,1.75,1.5
12.08.2021 02:59:44.842,301.513,301.184,1.62,1
12.08.2021 02:59:50.143,301.513,301.184,1.62,1
12.08.2021 02:59:50.393,301.505,301.177,1,1
12.08.2021 03:00:01.224,301.513,301.158,1.75,1.5
12.08.2021 03:00:01.351,301.513,301.158,1.75,1.5
12.08.2021 03:00:01.620,301.487,301.148,1.75,1.5
12.08.2021 03:00:04.451,301.487,301.148,1.75,1.5
12.08.2021 03:00:06.621,301.487,301.148,1.75,1.5
12.08.2021 03:00:13.271,301.487,301.148,1.75,1.5
12.08.2021 03:00:13.463,301.487,301.148,1.75,1.5
12.08.2021 03:00:14.390,301.487,301.148,1.75,1.5
12.08.2021 03:00:28.364,301.469,301.118,1.75,1.5
12.08.2021 03:00:30.884,301.469,301.118,1.75,1.5
12.08.2021 03:00:44.221,301.469,301.118,1.75,1.5
12.08.2021 03:00:46.200,301.469,301.118,1.75,1.5
12.08.2021 03:00:57.239,301.469,301.118,1.75,1.5
12.08.2021 03:00:57.487,301.469,301.118,1.75,1.5
12.08.2021 03:00:57.537,301.469,301.108,1.75,1.5
12.08.2021 03:00:57.735,301.469,301.108,1.75,1.5
12.08.2021 03:01:02.182,301.433,301.108,1.5,1.5
12.08.2021 03:01:17.751,301.433,301.107,1.5,1
12.08.2021 03:01:21.207,301.433,301.108,1.5,1
12.08.2021 03:01:21.419,301.433,301.106,1.5,1
12.08.2021 03:01:23.060,301.42400000000004,301.096,1,1
12.08.2021 03:01:27.934,301.433,301.088,1.75,1.5
12.08.2021 03:01:28.162,301.433,301.088,1.75,1.5
12.08.2021 03:01:34.589,301.433,301.088,1.75,1.5
12.08.2021 03:02:18.547,301.433,301.134,1.5,0.37
12.08.2021 03:02:18.798,301.433,301.098,1.5,1.5
12.08.2021 03:02:27.883,301.433,301.098,1.5,1.5
12.08.2021 03:02:30.137,301.433,301.098,1.5,1.5
12.08.2021 03:02:41.862,301.433,301.10900000000004,1.5,1
12.08.2021 03:02:42.013,301.433,301.10900000000004,1.5,1
12.08.2021 03:02:43.054,301.433,301.098,1.5,1.5
12.08.2021 03:03:34.020,301.433,301.106,1.5,1
12.08.2021 03:03:40.602,301.433,301.106,1.5,1
12.08.2021 03:03:44.451,301.433,301.098,1.5,1.5
12.08.2021 03:04:27.523,301.433,301.098,1.75,1.5
12.08.2021 03:04:27.709,301.433,301.078,1.75,1.5
12.08.2021 03:04:36.531,301.433,301.078,1.75,1.5
12.08.2021 03:04:46.248,301.433,301.078,1.75,1.5
12.08.2021 03:04:51.536,301.433,301.078,1.75,1.5
12.08.2021 03:05:40.579,301.433,301.088,1.75,1.5
12.08.2021 03:05:40.781,301.433,301.088,1.75,1.5
12.08.2021 03:05:51.368,301.433,301.088,1.5,1.5
12.08.2021 03:06:04.658,301.433,301.088,1.5,1.5
12.08.2021 03:06:43.499,301.433,301.107,1.5,1
12.08.2021 03:06:46.676,301.433,301.108,1.5,1
12.08.2021 03:06:46.877,301.443,301.118,1.5,1
12.08.2021 03:07:03.840,301.443,301.125,1.5,1
12.08.2021 03:07:06.896,301.443,301.126,1.5,1
12.08.2021 03:07:47.456,301.464,301.118,1.75,1.5
12.08.2021 03:07:48.254,301.464,301.118,1.75,1.5
12.08.2021 03:07:58.323,301.464,301.118,1.75,1.5
12.08.2021 03:07:59.079,301.464,301.118,1.75,1.5
12.08.2021 03:08:18.749,301.464,301.118,1.75,1.5
12.08.2021 03:08:30.517,301.464,301.138,1.5,1.5
12.08.2021 03:08:31.637,301.464,301.138,1.5,1.5
12.08.2021 03:08:57.950,301.464,301.138,1.5,1.5
12.08.2021 03:09:05.950,301.464,301.138,1.5,1.5
12.08.2021 03:09:10.106,301.464,301.138,1.5,1.5
12.08.2021 03:09:36.889,301.464,301.128,1.75,1.5
12.08.2021 03:09:44.749,301.464,301.128,1.75,1.5
12.08.2021 03:10:08.847,301.464,301.128,1.75,1.5
12.08.2021 03:10:09.047,301.464,301.128,1.5,1.5
12.08.2021 03:10:22.905,301.464,301.146,1.5,1
12.08.2021 03:10:27.745,301.464,301.128,1.5,1.5
12.08.2021 03:10:31.250,301.464,301.128,1.5,1.5
12.08.2021 03:10:32.145,301.464,301.128,1.5,1.5
12.08.2021 03:10:39.276,301.464,301.113,1.75,1.12
12.08.2021 03:10:52.053,301.464,301.113,1.75,1.12
12.08.2021 03:11:15.284,301.464,301.113,1.75,1.12
12.08.2021 03:11:25.522,301.464,301.113,1.75,1.12
12.08.2021 03:11:49.201,301.464,301.16400000000004,1.5,0.37
12.08.2021 03:12:18.808,301.464,301.17400000000004,1.5,0.37
12.08.2021 03:12:20.866,301.464,301.121,1.5,1.12
12.08.2021 03:12:26.498,301.464,301.113,1.5,1.12
12.08.2021 03:12:29.238,301.464,301.138,1.5,1.5
12.08.2021 03:12:49.066,301.464,301.138,1.5,1.5
12.08.2021 03:12:55.765,301.464,301.138,1.5,1.5
12.08.2021 03:12:55.963,301.464,301.138,1.5,1.5
12.08.2021 03:13:08.283,301.464,301.138,1.5,1.5
12.08.2021 03:13:53.506,301.464,301.148,1.5,1.5
12.08.2021 03:13:56.110,301.464,301.148,1.5,1.5
12.08.2021 03:13:58.022,301.464,301.148,1.5,1.5
12.08.2021 03:14:13.040,301.464,301.148,1.5,1.5
12.08.2021 03:14:13.703,301.464,301.148,1.5,1.5
12.08.2021 03:15:02.633,301.485,301.138,1.5,1.5
12.08.2021 03:15:04.292,301.485,301.138,1.75,1.5
12.08.2021 03:15:23.618,301.485,301.158,1.5,1
12.08.2021 03:16:14.677,301.485,301.148,1.5,1.5
12.08.2021 03:16:21.713,301.485,301.17,1.5,1
12.08.2021 03:16:42.781,301.485,301.142,1.5,1.5
12.08.2021 03:16:46.760,301.485,301.148,1.5,1.5
12.08.2021 03:16:47.407,301.485,301.148,1.5,1.5
12.08.2021 03:17:14.004,301.485,301.148,1.5,1.5
12.08.2021 03:17:33.953,301.485,301.148,1.5,1.25
12.08.2021 03:17:34.912,301.485,301.148,1.75,1.5
12.08.2021 03:18:02.557,301.485,301.138,1.75,1.5
12.08.2021 03:18:26.320,301.485,301.138,1.75,1.5
12.08.2021 03:18:40.824,301.464,301.128,1.5,1.25
12.08.2021 03:18:42.599,301.464,301.128,1.75,1.5
12.08.2021 03:18:46.135,301.464,301.128,1.75,1.5
12.08.2021 03:18:50.309,301.464,301.142,1.5,1
12.08.2021 03:18:50.662,301.464,301.143,1.5,1
12.08.2021 03:19:42.205,301.464,301.138,1.5,1.5
12.08.2021 03:19:51.723,301.464,301.138,1.5,1.5
12.08.2021 03:20:07.525,301.464,301.121,1.5,1.12
12.08.2021 03:20:33.963,301.464,301.122,1.5,1.12
12.08.2021 03:21:51.029,301.464,301.138,1.5,1.25
12.08.2021 03:21:51.229,301.464,301.15700000000004,1.5,1
12.08.2021 03:22:05.561,301.482,301.148,1.5,1.5
12.08.2021 03:22:23.452,301.482,301.148,1.5,1.5
12.08.2021 03:22:36.873,301.482,301.148,1.5,1.5
12.08.2021 03:22:52.403,301.482,301.158,1.5,1
12.08.2021 03:23:00.203,301.482,301.148,1.5,1.5
12.08.2021 03:23:30.613,301.482,301.131,1.75,1.12
12.08.2021 03:23:30.814,301.482,301.131,1.75,1.12
12.08.2021 03:23:32.915,301.482,301.15500000000003,1.5,1
12.08.2021 03:23:54.751,301.475,301.146,1,1
12.08.2021 03:25:42.412,301.482,301.111,1.75,1.5
12.08.2021 03:25:42.606,301.464,301.118,1.75,1.5
12.08.2021 03:26:09.748,301.464,301.118,1.75,1.5
12.08.2021 03:26:12.835,301.464,301.118,1.75,1.5
12.08.2021 03:26:15.159,301.464,301.118,1.75,1.5
12.08.2021 03:26:50.730,301.464,301.16400000000004,1.5,0.37
12.08.2021 03:27:50.955,301.464,301.118,1.5,1.5
12.08.2021 03:28:00.395,301.464,301.128,1.5,1.5
12.08.2021 03:28:18.000,301.464,301.128,1.5,1.5
12.08.2021 03:28:35.587,301.464,301.128,1.75,1.5
12.08.2021 03:28:40.202,301.464,301.128,1.75,1.5
12.08.2021 03:28:59.175,301.464,301.118,1.75,1.5
12.08.2021 03:28:59.426,301.464,301.118,1.75,1.5
12.08.2021 03:29:48.520,301.454,301.126,1,1
12.08.2021 03:29:48.671,301.454,301.126,1,1
12.08.2021 03:29:52.734,301.455,301.127,1,1
12.08.2021 03:30:00.434,301.454,301.125,1,1
12.08.2021 03:30:01.219,301.453,301.125,1,1
12.08.2021 03:30:02.963,301.453,301.125,1,1
12.08.2021 03:31:47.924,301.416,301.098,1,1.12
12.08.2021 03:31:48.489,301.41,301.108,1,1.5
12.08.2021 03:33:28.749,301.396,301.108,1.5,1.5
12.08.2021 03:33:28.951,301.396,301.108,1.12,1.5
12.08.2021 03:33:41.038,301.396,301.108,1.62,1.5
12.08.2021 03:33:41.140,301.396,301.108,1.62,1.5
12.08.2021 03:33:42.762,301.395,301.098,1,1.5
12.08.2021 03:34:36.973,301.396,301.098,1.12,1.5
12.08.2021 03:34:37.189,301.396,301.108,1.12,1.5
12.08.2021 03:36:07.703,301.396,301.108,1,1.5
12.08.2021 03:36:38.758,301.396,301.118,1,1.5
12.08.2021 03:37:07.108,301.40500000000003,301.108,1,1.5
12.08.2021 03:37:07.242,301.396,301.108,1,1.5
12.08.2021 03:37:07.346,301.40500000000003,301.108,1,1.5
12.08.2021 03:37:08.261,301.396,301.108,1,1.5
12.08.2021 03:37:10.252,301.395,301.108,1,1.5
12.08.2021 03:37:12.716,301.396,301.108,1,1.5
12.08.2021 03:37:24.686,301.395,301.108,1,1.5
12.08.2021 03:37:36.111,301.395,301.098,1,1.5
12.08.2021 03:37:38.188,301.38599999999997,301.098,1,1.5
12.08.2021 03:37:38.239,301.385,301.088,1,1.5
12.08.2021 03:37:57.779,301.38599999999997,301.088,1,1.5
12.08.2021 03:37:57.929,301.395,301.088,1,1.75
12.08.2021 03:37:57.979,301.395,301.088,1,1.75
12.08.2021 03:38:20.703,301.395,301.098,1,1.5
12.08.2021 03:38:30.916,301.385,301.098,1,1.5
12.08.2021 03:38:34.061,301.38599999999997,301.088,1,1.5
12.08.2021 03:38:34.269,301.385,301.088,1,1.5
12.08.2021 03:38:43.815,301.385,301.088,1,1.5
12.08.2021 03:39:02.969,301.385,301.088,1,1.5
12.08.2021 03:39:03.191,301.38599999999997,301.088,1,1.62
12.08.2021 03:39:03.292,301.395,301.088,1,1.62
12.08.2021 03:39:18.419,301.40000000000003,301.098,1,1.5
12.08.2021 03:39:18.670,301.40000000000003,301.098,1,1.5
12.08.2021 03:39:24.176,301.395,301.098,1,1.5
12.08.2021 03:39:25.403,301.395,301.098,1,1.5
12.08.2021 03:39:27.105,301.395,301.098,1,1.5
12.08.2021 03:39:31.881,301.395,301.098,1,1.5
12.08.2021 03:39:34.037,301.385,301.088,1,1.5
12.08.2021 03:39:50.542,301.385,301.078,1,1.5
12.08.2021 03:39:53.614,301.395,301.078,1,1.75
12.08.2021 03:39:55.491,301.395,301.078,1,1.75
12.08.2021 03:39:55.710,301.395,301.078,1,1.75
12.08.2021 03:39:56.942,301.395,301.078,1,1.75
12.08.2021 03:40:27.423,301.395,301.098,1,1.5
12.08.2021 03:42:57.446,301.39,301.128,1,1
12.08.2021 03:42:58.999,301.38599999999997,301.128,1,1
12.08.2021 03:43:36.001,301.38599999999997,301.128,1,1
12.08.2021 03:43:36.100,301.38599999999997,301.128,1,1
12.08.2021 03:43:36.303,301.38599999999997,301.128,1,1
12.08.2021 03:43:37.226,301.38599999999997,301.118,1,1.5
12.08.2021 03:43:37.277,301.376,301.118,1,1
12.08.2021 03:43:42.729,301.38599999999997,301.118,1,1
12.08.2021 03:43:42.874,301.38599999999997,301.118,1,1.5
12.08.2021 03:43:43.136,301.38599999999997,301.118,1,1.5
12.08.2021 03:44:10.881,301.38599999999997,301.128,1,1
12.08.2021 03:44:10.975,301.38599999999997,301.128,1,1
12.08.2021 03:44:55.304,301.396,301.128,1,1.5
12.08.2021 03:44:55.530,301.396,301.128,1,1.5
12.08.2021 03:44:57.556,301.396,301.138,1,1
12.08.2021 03:45:55.660,301.40900000000005,301.138,1,1
12.08.2021 03:46:11.210,301.396,301.138,1,1
12.08.2021 03:47:01.528,301.396,301.121,1,1.5
12.08.2021 03:47:15.660,301.40900000000005,301.121,1,1.25
12.08.2021 03:47:25.905,301.40900000000005,301.138,1,1
12.08.2021 03:47:29.683,301.396,301.138,1,1
12.08.2021 03:47:30.405,301.396,301.128,1,1.5
12.08.2021 03:47:30.506,301.38599999999997,301.128,1,1
12.08.2021 03:47:47.685,301.38599999999997,301.081,1,1.95
12.08.2021 03:47:48.428,301.38599999999997,301.128,1,1
12.08.2021 03:47:49.708,301.38599999999997,301.089,1,1.75
12.08.2021 03:47:50.448,301.38599999999997,301.128,1,1
12.08.2021 03:48:28.288,301.38599999999997,301.128,1,1
12.08.2021 03:48:33.693,301.38599999999997,301.128,1,1
12.08.2021 03:48:43.423,301.396,301.128,1,1
12.08.2021 03:48:43.473,301.396,301.128,1,1.5
12.08.2021 03:48:46.170,301.396,301.128,1,1.5
12.08.2021 03:48:46.234,301.396,301.128,1,1
12.08.2021 03:48:56.165,301.396,301.128,1,1.5
12.08.2021 03:48:59.667,301.38599999999997,301.128,1,1
12.08.2021 03:49:33.915,301.38599999999997,301.111,1,1.5
12.08.2021 03:49:38.643,301.38599999999997,301.128,1,1
12.08.2021 03:50:00.276,301.40000000000003,301.128,1,1
12.08.2021 03:51:06.843,301.38599999999997,301.128,1,1
12.08.2021 03:51:17.289,301.38599999999997,301.128,1,1
12.08.2021 03:51:42.975,301.38599999999997,301.128,1,1
12.08.2021 03:51:44.411,301.376,301.118,1,1
12.08.2021 03:51:48.534,301.38599999999997,301.118,1,1
12.08.2021 03:51:59.042,301.376,301.118,1,1
12.08.2021 03:52:09.310,301.382,301.079,1.5,1.75
12.08.2021 03:52:10.054,301.382,301.118,1.5,1
12.08.2021 03:52:15.955,301.361,301.118,1.5,1
12.08.2021 03:52:16.090,301.361,301.108,1.5,1
12.08.2021 03:52:16.744,301.361,301.108,1.5,1
12.08.2021 03:52:19.775,301.361,301.108,1.5,1
12.08.2021 03:52:39.081,301.361,301.108,1.5,1
12.08.2021 03:52:56.310,301.361,301.108,1.5,1
12.08.2021 03:53:13.638,301.361,301.108,1.5,1
12.08.2021 03:53:14.671,301.361,301.108,1.5,1
12.08.2021 03:54:14.683,301.361,301.098,1.5,1
12.08.2021 03:54:22.330,301.361,301.098,1,1
12.08.2021 03:54:23.142,301.361,301.098,1.5,1
12.08.2021 03:54:31.485,301.356,301.098,1,1
12.08.2021 03:54:31.578,301.356,301.098,1,1
12.08.2021 03:54:32.317,301.356,301.098,1,1
12.08.2021 03:54:47.365,301.356,301.098,1,1
12.08.2021 03:55:36.728,301.361,301.045,1.5,0.87
12.08.2021 03:55:38.847,301.361,301.08,1.5,1.7
12.08.2021 03:55:39.709,301.343,301.098,1.5,1
12.08.2021 03:55:39.860,301.343,301.088,1.5,1
12.08.2021 03:55:40.164,301.343,301.088,1,1
12.08.2021 03:55:40.873,301.322,301.088,1,1
12.08.2021 03:55:43.936,301.343,301.088,1.5,1
12.08.2021 03:56:26.135,301.327,301.078,1.5,1.5
12.08.2021 03:56:26.185,301.327,301.078,1.5,1
12.08.2021 03:56:26.372,301.327,301.078,1,1
12.08.2021 03:56:27.050,301.327,301.078,1.5,1
12.08.2021 03:56:30.721,301.327,301.078,1,1
12.08.2021 03:56:31.494,301.327,301.078,1.5,1
12.08.2021 03:56:32.755,301.327,301.078,1,1
12.08.2021 03:56:33.468,301.327,301.078,1.5,1
12.08.2021 03:56:34.807,301.327,301.078,1,1
12.08.2021 03:56:35.536,301.312,301.078,1,1
12.08.2021 03:56:37.392,301.327,301.078,1.5,1
12.08.2021 03:56:52.323,301.336,301.068,1,1
12.08.2021 03:56:52.373,301.32599999999996,301.068,1,1
12.08.2021 03:56:54.880,301.32599999999996,301.068,1,1
12.08.2021 03:56:54.930,301.32,301.058,1,1
12.08.2021 03:57:01.089,301.316,301.058,1,1
12.08.2021 03:57:15.173,301.32599999999996,301.058,1,1
12.08.2021 03:57:15.580,301.33,301.058,1,1
12.08.2021 03:57:16.293,301.32599999999996,301.058,1,1
12.08.2021 03:57:19.205,301.32599999999996,301.058,1,1
12.08.2021 03:57:23.452,301.32599999999996,301.058,1,1
12.08.2021 03:57:25.286,301.316,301.058,1,1
12.08.2021 03:57:44.769,301.32599999999996,301.058,1,1
12.08.2021 03:58:05.785,301.316,301.058,1,1
12.08.2021 03:58:05.888,301.316,301.058,1,1
12.08.2021 03:58:27.257,301.32599999999996,301.005,1,1.12
12.08.2021 03:58:31.038,301.32599999999996,301.041,1,1.5
12.08.2021 03:58:31.138,301.32599999999996,301.041,1,1.5
12.08.2021 03:58:31.239,301.32599999999996,301.041,1,1.5
12.08.2021 03:58:40.031,301.32599999999996,301.041,1,1.5
12.08.2021 03:58:40.132,301.32599999999996,301.068,1,1
12.08.2021 03:58:40.182,301.32599999999996,301.068,1,1
12.08.2021 03:58:40.488,301.32599999999996,301.068,1,1
12.08.2021 03:58:57.131,301.33,301.068,1,1
12.08.2021 03:58:57.187,301.33,301.068,1,1
12.08.2021 03:58:57.238,301.35200000000003,301.058,1,1
12.08.2021 03:58:57.835,301.316,301.058,1,1
12.08.2021 03:58:59.059,301.316,301.058,1,1
12.08.2021 03:58:59.192,301.306,301.048,1,1
12.08.2021 03:59:07.383,301.306,301.005,1,1.75
12.08.2021 03:59:08.124,301.306,301.038,1,1
12.08.2021 03:59:08.831,301.306,301.038,1,1.5
12.08.2021 03:59:58.861,301.306,301.048,1,1
12.08.2021 03:59:59.013,301.306,301.048,1,1
12.08.2021 04:00:00.299,301.316,301.048,1,1
12.08.2021 04:00:00.401,301.32,301.048,1,1
12.08.2021 04:00:00.676,301.32,301.048,1,1
12.08.2021 04:00:00.835,301.32,301.048,1,1
12.08.2021 04:00:01.106,301.316,301.048,1,1
12.08.2021 04:00:04.284,301.316,301.048,1,1.5
12.08.2021 04:00:04.745,301.316,301.048,1,1
12.08.2021 04:00:04.899,301.316,301.048,1,1.5
12.08.2021 04:00:07.453,301.316,301.058,1,1
12.08.2021 04:00:07.757,301.316,301.004,1,1.32
12.08.2021 04:00:07.858,301.306,301.048,1,1
12.08.2021 04:00:09.973,301.306,301.048,1,1
12.08.2021 04:00:12.747,301.316,301.048,1,1.5
12.08.2021 04:00:12.848,301.316,301.058,1,1
12.08.2021 04:00:13.312,301.316,301.058,1,1
12.08.2021 04:00:15.619,301.316,301.058,1,1
12.08.2021 04:00:21.399,301.32599999999996,301.058,1,1
12.08.2021 04:00:21.567,301.32599999999996,301.058,1,1.5
12.08.2021 04:00:21.768,301.32599999999996,301.068,1,1
12.08.2021 04:00:28.015,301.336,301.068,1,1
12.08.2021 04:00:28.164,301.336,301.068,1,1.5
12.08.2021 04:00:28.907,301.336,301.068,1,1
12.08.2021 04:00:30.821,301.336,301.068,1,1.5
12.08.2021 04:00:31.071,301.336,301.068,1,1
12.08.2021 04:00:33.606,301.336,301.068,1,1.5
12.08.2021 04:00:34.683,301.336,301.068,1,1
12.08.2021 04:00:34.843,301.336,301.068,1,1
12.08.2021 04:00:34.944,301.336,301.068,1,1
12.08.2021 04:00:36.061,301.336,301.068,1,1
12.08.2021 04:00:38.322,301.336,301.068,1,1
12.08.2021 04:00:54.735,301.336,301.068,1,1.5
12.08.2021 04:01:08.106,301.336,301.068,1,1
12.08.2021 04:01:20.356,301.32599999999996,301.068,1,1
12.08.2021 04:01:34.196,301.32599999999996,301.068,1,1
12.08.2021 04:01:34.741,301.32599999999996,301.068,1,1
12.08.2021 04:01:41.689,301.336,301.068,1,1
12.08.2021 04:02:41.569,301.336,301.078,1,1
12.08.2021 04:03:02.723,301.336,301.078,1,1
12.08.2021 04:03:02.825,301.34000000000003,301.078,1,1
12.08.2021 04:03:03.542,301.336,301.078,1,1
12.08.2021 04:03:31.078,301.336,301.078,1,1
12.08.2021 04:03:31.178,301.336,301.078,1,1
12.08.2021 04:03:41.518,301.336,301.068,1,1
12.08.2021 04:03:59.418,301.336,301.029,1,1.5
12.08.2021 04:04:00.160,301.336,301.068,1,1
12.08.2021 04:04:10.092,301.336,301.068,1,1
12.08.2021 04:04:12.314,301.336,301.068,1,1
12.08.2021 04:04:12.415,301.34000000000003,301.068,1,1
12.08.2021 04:04:13.132,301.336,301.068,1,1
12.08.2021 04:04:17.823,301.336,301.068,1,1
12.08.2021 04:04:18.055,301.336,301.068,1,1.25
12.08.2021 04:04:18.331,301.336,301.068,1,1.5
12.08.2021 04:04:20.705,301.336,301.068,1,1
12.08.2021 04:04:23.861,301.336,301.068,1,1
12.08.2021 04:04:29.103,301.336,301.068,1,1
12.08.2021 04:04:38.210,301.336,301.068,1,1
12.08.2021 04:04:39.239,301.336,301.068,1,1
12.08.2021 04:05:19.349,301.32599999999996,301.068,1,1
12.08.2021 04:05:19.491,301.336,301.068,1,1
12.08.2021 04:05:19.591,301.336,301.068,1,1
12.08.2021 04:05:38.862,301.336,301.068,1,1.5
12.08.2021 04:05:51.696,301.336,301.078,1,1
12.08.2021 04:06:00.409,301.346,301.078,1,1
12.08.2021 04:06:00.460,301.346,301.078,1,1.5
12.08.2021 04:06:04.313,301.346,301.088,1,1
12.08.2021 04:06:04.414,301.356,301.088,1,1
12.08.2021 04:06:06.628,301.36,301.088,1,1
12.08.2021 04:06:07.340,301.356,301.088,1,1
12.08.2021 04:06:14.099,301.346,301.088,1,1
12.08.2021 04:06:14.454,301.346,301.088,1,1
12.08.2021 04:06:14.809,301.34000000000003,301.078,1,1
12.08.2021 04:06:16.125,301.336,301.027,1,1.75
12.08.2021 04:06:16.868,301.336,301.078,1,1
12.08.2021 04:07:15.265,301.345,301.078,1,1
12.08.2021 04:08:13.305,301.336,301.078,1,1
12.08.2021 04:08:13.505,301.336,301.078,1,1
12.08.2021 04:08:25.427,301.336,301.078,1,1
12.08.2021 04:08:30.751,301.336,301.027,1,1.75
12.08.2021 04:08:30.856,301.336,301.02500000000003,1,1.25
12.08.2021 04:08:31.494,301.336,301.078,1,1
12.08.2021 04:09:05.384,301.346,301.078,1,1
12.08.2021 04:09:05.740,301.346,301.078,1,1.5
12.08.2021 04:09:25.313,301.346,301.088,1,1
12.08.2021 04:09:29.302,301.346,301.078,1,1.5
12.08.2021 04:09:29.404,301.346,301.078,1,1.5
12.08.2021 04:09:29.454,301.336,301.078,1,1
12.08.2021 04:09:58.012,301.346,301.078,1,1
12.08.2021 04:10:03.704,301.346,301.078,1,1.5
12.08.2021 04:10:32.397,301.346,301.088,1,1
12.08.2021 04:11:19.222,301.346,301.04900000000004,1,1.75
12.08.2021 04:11:19.961,301.346,301.088,1,1
12.08.2021 04:12:08.713,301.346,301.088,1,1
12.08.2021 04:12:19.911,301.346,301.078,1,1.25
12.08.2021 04:12:30.957,301.336,301.068,1,1.5
12.08.2021 04:12:31.058,301.336,301.068,1,1
12.08.2021 04:12:31.109,301.336,301.068,1,1
12.08.2021 04:13:41.367,301.32599999999996,301.068,1,1
12.08.2021 04:13:41.569,301.32599999999996,301.068,1,1
12.08.2021 04:13:51.765,301.33,301.068,1,1
12.08.2021 04:13:52.481,301.32599999999996,301.068,1,1
12.08.2021 04:13:55.754,301.32599999999996,301.068,1,1
12.08.2021 04:14:08.125,301.32599999999996,301.068,1,1
12.08.2021 04:14:08.328,301.337,301.068,2,1
12.08.2021 04:14:09.131,301.32599999999996,301.068,1,1
12.08.2021 04:15:09.507,301.32599999999996,301.068,1,1
12.08.2021 04:15:09.609,301.32599999999996,301.068,1,1
12.08.2021 04:15:13.078,301.32599999999996,301.068,1,1
12.08.2021 04:15:14.001,301.32599999999996,301.068,1,1
12.08.2021 04:15:16.040,301.34000000000003,301.068,1,1
12.08.2021 04:15:16.755,301.32599999999996,301.068,1,1
12.08.2021 04:15:22.276,301.336,301.068,1,1
12.08.2021 04:15:22.787,301.336,301.068,1,1
12.08.2021 04:16:11.663,301.316,301.058,1,1
12.08.2021 04:16:11.714,301.316,301.058,1,1
12.08.2021 04:17:15.660,301.316,300.995,1,1.12
12.08.2021 04:17:28.701,301.316,301.058,1,1
12.08.2021 04:17:42.347,301.316,301.058,1,1
12.08.2021 04:17:42.549,301.306,301.048,1,1
12.08.2021 04:18:42.498,301.31,301.048,1,1
12.08.2021 04:18:43.528,301.31,301.031,1,1.4
12.08.2021 04:18:46.256,301.32,301.048,1,1
12.08.2021 04:18:46.406,301.316,301.048,1,1.5
12.08.2021 04:18:51.999,301.316,301.048,1,1
12.08.2021 04:18:58.659,301.316,301.048,1,1.5
12.08.2021 04:18:59.408,301.316,301.048,1,1
12.08.2021 04:19:00.218,301.316,301.048,1,1
12.08.2021 04:19:54.044,301.31,301.048,1,1
12.08.2021 04:19:54.767,301.306,301.048,1,1
12.08.2021 04:20:00.327,301.306,300.985,1,1.12
12.08.2021 04:20:49.303,301.316,301.048,1,1
12.08.2021 04:21:00.309,301.296,301.038,1,1
12.08.2021 04:21:25.830,301.296,301.038,1,1
12.08.2021 04:21:26.156,301.306,300.987,1,1.75
12.08.2021 04:21:26.897,301.306,301.038,1,1
12.08.2021 04:22:07.510,301.306,301.048,1,1
12.08.2021 04:22:07.611,301.306,301.048,1,1
12.08.2021 04:22:07.665,301.316,301.048,1,1.5
12.08.2021 04:22:07.914,301.316,301.048,1,1
12.08.2021 04:22:08.411,301.316,301.048,1,1
12.08.2021 04:23:09.812,301.31,301.048,1,1
12.08.2021 04:23:10.522,301.306,301.048,1,1
12.08.2021 04:23:11.618,301.306,301.031,1,1.5
12.08.2021 04:23:11.706,301.31,301.031,1,1
12.08.2021 04:23:11.757,301.306,301.031,1,1.5
12.08.2021 04:24:48.923,301.34900000000005,301.04400000000004,1.5,0.37
12.08.2021 04:24:49.636,301.306,301.04400000000004,1,0.37
12.08.2021 04:24:49.738,301.306,301.04400000000004,1,0.37
12.08.2021 04:25:22.561,301.306,301.048,1,1
12.08.2021 04:25:24.699,301.316,301.048,1,1
12.08.2021 04:25:24.823,301.316,301.048,1,1.5
12.08.2021 04:25:27.649,301.316,301.058,1,1
12.08.2021 04:26:19.354,301.316,301.01099999999997,1,3.2
12.08.2021 04:26:20.098,301.316,301.058,1,1
12.08.2021 04:26:37.056,301.316,301.058,1,1
12.08.2021 04:26:37.106,301.316,301.048,1,1.5
12.08.2021 04:26:37.207,301.306,301.048,1,1
12.08.2021 04:27:37.080,301.306,301.038,1,1.5
12.08.2021 04:27:42.740,301.306,301.038,1,1.5
12.08.2021 04:27:43.052,301.29,301.028,1,1.5
12.08.2021 04:27:44.791,301.29,301.028,1,1
12.08.2021 04:28:09.258,301.296,301.028,1,1
12.08.2021 04:28:23.797,301.296,301.028,1,1
12.08.2021 04:28:38.432,301.296,301.028,1,1
12.08.2021 04:28:49.240,301.296,301.028,1,1
12.08.2021 04:28:49.547,301.296,301.028,1,1
12.08.2021 04:28:49.650,301.296,301.028,1,1
12.08.2021 04:28:50.056,301.296,301.028,1,1
12.08.2021 04:29:00.552,301.296,301.028,1,1
12.08.2021 04:29:04.438,301.296,301.028,1,1
12.08.2021 04:29:04.537,301.296,301.028,1,1
12.08.2021 04:29:37.883,301.286,301.028,1,1
12.08.2021 04:29:42.559,301.286,301.028,1,1
12.08.2021 04:29:44.018,301.286,301.028,1,1
12.08.2021 04:29:45.548,301.286,301.028,1,1
12.08.2021 04:29:52.521,301.276,301.028,1,1
12.08.2021 04:29:52.825,301.276,301.018,1,1
12.08.2021 04:29:57.852,301.286,301.018,1,1.5
12.08.2021 04:29:57.953,301.286,301.028,1,1
12.08.2021 04:30:14.320,301.296,301.028,1,1
12.08.2021 04:30:14.422,301.296,301.028,1,1
12.08.2021 04:30:14.528,301.296,301.028,1,1
12.08.2021 04:30:19.194,301.296,301.028,1,1.5
12.08.2021 04:30:19.295,301.296,301.038,1,1
12.08.2021 04:30:19.396,301.296,301.038,1,1
12.08.2021 04:30:19.497,301.296,301.038,1,1
12.08.2021 04:30:19.547,301.296,301.038,1,1
12.08.2021 04:30:19.629,301.296,301.038,1,1
12.08.2021 04:30:19.749,301.296,301.038,1,1
12.08.2021 04:30:19.799,301.296,301.028,1,1
12.08.2021 04:30:25.761,301.296,301.028,1,1
12.08.2021 04:30:26.061,301.29,301.028,1,1
12.08.2021 04:30:37.495,301.296,301.028,1,1
12.08.2021 04:30:44.423,301.296,301.028,1,1
12.08.2021 04:30:51.117,301.276,301.028,1,1
12.08.2021 04:30:52.578,301.276,301.028,1,1
12.08.2021 04:30:57.676,301.276,301.028,1,1
12.08.2021 04:31:00.744,301.276,301.028,1,1
12.08.2021 04:31:00.945,301.276,301.028,1,1
12.08.2021 04:31:01.761,301.276,301.028,1,1
12.08.2021 04:31:07.808,301.29900000000004,301.028,1.62,1
12.08.2021 04:31:08.531,301.276,301.028,1,1
12.08.2021 04:31:09.457,301.266,301.028,1,1
12.08.2021 04:31:31.952,301.276,301.028,1,1
12.08.2021 04:31:44.906,301.276,301.028,1,1
12.08.2021 04:32:03.466,301.288,301.028,1.5,1
12.08.2021 04:32:04.324,301.288,301.038,1.5,1
12.08.2021 04:32:04.876,301.288,301.038,1.5,1
12.08.2021 04:32:07.420,301.288,301.038,1.5,1
12.08.2021 04:32:12.104,301.288,301.048,1.5,1
12.08.2021 04:32:12.248,301.288,301.038,1.5,1
12.08.2021 04:32:12.298,301.288,301.038,1.5,1
12.08.2021 04:32:13.310,301.288,301.038,1.5,1
12.08.2021 04:32:17.948,301.288,301.048,1.5,1
12.08.2021 04:32:18.250,301.288,301.048,1.5,1
12.08.2021 04:32:21.784,301.288,301.048,1.5,1
12.08.2021 04:32:21.887,301.288,301.048,1.5,1
12.08.2021 04:32:23.734,301.288,301.058,1.5,1
12.08.2021 04:32:23.784,301.288,301.048,1.5,1
12.08.2021 04:32:40.753,301.296,301.058,1,1
12.08.2021 04:32:44.351,301.296,301.048,1,1
12.08.2021 04:32:49.038,301.296,301.058,1,1
12.08.2021 04:32:55.556,301.306,301.058,1,1
12.08.2021 04:32:56.059,301.306,301.058,1,1
12.08.2021 04:32:57.386,301.306,301.058,1,1
12.08.2021 04:32:57.437,301.306,301.068,1,1
12.08.2021 04:32:57.547,301.306,301.058,1,1
12.08.2021 04:32:59.221,301.306,301.058,1,1
12.08.2021 04:33:01.472,301.306,301.058,1,1
12.08.2021 04:33:12.335,301.306,301.058,1,1
12.08.2021 04:33:14.471,301.306,301.058,1,1
12.08.2021 04:33:17.183,301.306,301.068,1,1
12.08.2021 04:33:20.967,301.306,301.058,1,1
12.08.2021 04:33:21.632,301.306,301.058,1,1
12.08.2021 04:33:48.532,301.296,301.058,1,1
12.08.2021 04:34:02.888,301.296,301.048,1,1
12.08.2021 04:34:02.989,301.296,301.048,1,1
12.08.2021 04:34:03.987,301.296,301.005,1,1.2
12.08.2021 04:34:05.024,301.296,301.005,1,1.2
12.08.2021 04:34:05.075,301.296,301.048,1,1
12.08.2021 04:34:07.246,301.296,301.048,1,1
12.08.2021 04:34:08.781,301.296,301.048,1,1
12.08.2021 04:34:11.550,301.296,301.048,1,1
12.08.2021 04:34:13.293,301.296,301.048,1,1
12.08.2021 04:34:15.723,301.306,301.048,1,1
12.08.2021 04:34:15.823,301.306,301.048,1,1
12.08.2021 04:34:26.825,301.296,301.048,1,1
12.08.2021 04:34:37.545,301.296,301.048,1,1
12.08.2021 04:34:49.214,301.308,301.048,1.5,1
12.08.2021 04:34:49.927,301.296,301.048,1,1
12.08.2021 04:34:56.484,301.308,301.048,1.5,1
12.08.2021 04:34:57.201,301.296,301.048,1,1
12.08.2021 04:34:59.044,301.296,301.058,1,1
12.08.2021 04:35:08.949,301.308,301.058,1.5,1
12.08.2021 04:35:10.622,301.308,301.068,1.5,1
12.08.2021 04:35:15.037,301.308,301.068,1.5,1
12.08.2021 04:35:22.506,301.308,301.058,1.5,1
12.08.2021 04:35:25.345,301.306,301.058,1,1
12.08.2021 04:35:41.140,301.306,301.041,1,1.5
12.08.2021 04:35:41.932,301.306,301.048,1,1
12.08.2021 04:35:47.647,301.306,301.009,1,1.75
12.08.2021 04:35:47.799,301.306,300.995,1,1.25
12.08.2021 04:35:48.391,301.306,301.048,1,1
12.08.2021 04:36:01.163,301.308,301.058,1.5,1
12.08.2021 04:36:01.263,301.308,301.058,1.5,1
12.08.2021 04:36:01.535,301.308,301.068,1.5,1
12.08.2021 04:36:01.585,301.308,301.068,1.5,1
12.08.2021 04:36:08.714,301.308,301.068,1,1
12.08.2021 04:36:09.527,301.308,301.068,1.5,1
12.08.2021 04:36:23.101,301.308,301.058,1.5,1.5
12.08.2021 04:36:23.248,301.308,301.058,1.5,1
12.08.2021 04:36:23.735,301.308,301.058,1.5,1.5
12.08.2021 04:36:24.316,301.308,301.068,1.5,1
12.08.2021 04:36:48.297,301.316,301.058,1.5,1.5
12.08.2021 04:36:48.347,301.316,301.058,1.5,1.5
12.08.2021 04:36:48.448,301.316,301.058,1.5,1
12.08.2021 04:36:50.441,301.316,301.058,1.5,1
12.08.2021 04:36:51.805,301.316,301.068,1.5,1
12.08.2021 04:37:13.621,301.316,301.051,1.5,1.5
12.08.2021 04:37:14.019,301.316,301.005,1.5,1.25
12.08.2021 04:37:21.707,301.316,301.058,1.5,1
12.08.2021 04:37:21.900,301.316,301.058,1.5,1
12.08.2021 04:37:21.950,301.316,301.058,1.5,1.5
12.08.2021 04:37:23.376,301.316,301.068,1.5,1
12.08.2021 04:37:48.890,301.319,301.051,1.5,1.5
12.08.2021 04:37:49.041,301.319,301.058,1.5,1
12.08.2021 04:37:52.378,301.316,301.058,1,1
12.08.2021 04:38:11.676,301.316,301.024,1,1.5
12.08.2021 04:38:12.420,301.316,301.058,1,1
12.08.2021 04:38:13.196,301.31,301.048,1,1.5
12.08.2021 04:38:13.550,301.31,301.058,1,1
12.08.2021 04:38:13.651,301.31,301.048,1,1.5
12.08.2021 04:38:13.854,301.316,301.058,1,1
12.08.2021 04:38:34.618,301.316,301.007,1,1.75
12.08.2021 04:38:35.361,301.316,301.058,1,1
12.08.2021 04:38:43.699,301.31,301.048,1,1.5
12.08.2021 04:38:55.065,301.316,301.048,1,1.5
12.08.2021 04:39:11.243,301.319,301.058,1.5,1
12.08.2021 04:39:16.495,301.316,301.058,1,1
12.08.2021 04:39:16.545,301.316,301.048,1,1.5
12.08.2021 04:39:30.446,301.316,301.048,1,1.5
12.08.2021 04:39:30.497,301.319,301.058,1.5,1
12.08.2021 04:40:17.507,301.319,301.058,1,1
12.08.2021 04:40:17.557,301.29200000000003,301.058,1,1
12.08.2021 04:40:17.672,301.319,301.058,1.5,1
12.08.2021 04:40:17.722,301.319,301.058,1.5,1.5
12.08.2021 04:41:17.609,301.319,301.068,1.5,1
12.08.2021 04:41:30.133,301.319,301.078,1.5,1
12.08.2021 04:41:30.183,301.319,301.078,1.5,1
12.08.2021 04:41:30.583,301.319,301.078,1.5,1
12.08.2021 04:41:30.797,301.319,301.078,1.5,1
12.08.2021 04:41:31.067,301.329,301.078,1.5,1
12.08.2021 04:41:31.169,301.329,301.078,1.5,1
12.08.2021 04:41:31.573,301.329,301.078,1.5,1
12.08.2021 04:41:31.674,301.329,301.078,1.5,1
12.08.2021 04:41:40.917,301.329,301.088,1.5,1
12.08.2021 04:41:41.158,301.329,301.088,1.5,1
12.08.2021 04:41:45.578,301.329,301.088,1.5,1
12.08.2021 04:41:45.754,301.329,301.088,1.5,1
12.08.2021 04:41:46.261,301.329,301.088,1.5,1
12.08.2021 04:41:48.494,301.329,301.088,1.5,1
12.08.2021 04:41:53.616,301.344,301.088,1.5,1
12.08.2021 04:41:57.271,301.32599999999996,301.078,1,1
12.08.2021 04:42:19.894,301.336,301.098,1,1
12.08.2021 04:42:19.945,301.336,301.098,1,1
12.08.2021 04:42:20.076,301.336,301.088,1,1
12.08.2021 04:42:22.396,301.336,301.098,1,1
12.08.2021 04:42:49.311,301.336,301.088,1,1
12.08.2021 04:42:49.412,301.344,301.088,1.5,1.5
12.08.2021 04:43:02.499,301.344,301.098,1.5,1
12.08.2021 04:43:18.439,301.344,301.088,1.5,1.5
12.08.2021 04:43:25.660,301.344,301.088,1,1.5
12.08.2021 04:43:27.446,301.344,301.088,1.5,1.5
12.08.2021 04:43:43.003,301.344,301.098,1.5,1
12.08.2021 04:43:51.476,301.344,301.098,1.5,1
12.08.2021 04:43:53.650,301.344,301.056,1.5,1.95
12.08.2021 04:43:54.120,301.344,301.045,1.5,1.25
12.08.2021 04:43:54.222,301.344,301.038,1.5,1.25
12.08.2021 04:44:07.604,301.344,301.088,1.5,1
12.08.2021 04:44:43.615,301.344,301.088,1.5,1
12.08.2021 04:44:43.715,301.344,301.088,1,1
12.08.2021 04:44:44.434,301.344,301.088,1.5,1
12.08.2021 04:44:55.660,301.344,301.057,1.5,1
12.08.2021 04:44:59.680,301.344,301.058,1.5,1.5
12.08.2021 04:44:59.731,301.344,301.058,1.5,1.5
12.08.2021 04:45:00.136,301.344,301.059,1.5,1
12.08.2021 04:45:00.618,301.344,301.058,1.5,1.75
12.08.2021 04:45:03.071,301.344,301.058,1.5,1.75
12.08.2021 04:45:03.172,301.344,301.058,1.5,1.5
12.08.2021 04:45:05.320,301.344,301.058,1.5,1.5
12.08.2021 04:45:05.521,301.344,301.058,1.5,1.75
12.08.2021 04:45:09.161,301.344,301.058,1.5,1.75
12.08.2021 04:45:09.662,301.344,301.058,1.5,1.75
12.08.2021 04:45:18.931,301.344,301.058,1.5,1.5
12.08.2021 04:45:19.035,301.344,301.058,1,1.5
12.08.2021 04:45:19.748,301.344,301.058,1.5,1.5
12.08.2021 04:45:47.771,301.344,301.058,1.5,1.5
12.08.2021 04:45:54.715,301.344,301.088,1.5,1.5
12.08.2021 04:45:56.376,301.344,301.088,1.5,1
12.08.2021 04:46:02.023,301.344,301.088,1.5,1.5
12.08.2021 04:46:29.095,301.344,301.088,1.5,1
12.08.2021 04:46:29.168,301.344,301.088,1,1
12.08.2021 04:46:29.269,301.344,301.078,1.5,1.5
12.08.2021 04:46:29.320,301.344,301.088,1,1
12.08.2021 04:46:29.874,301.344,301.088,1.5,1
12.08.2021 04:47:08.729,301.344,301.078,1.5,1.5
12.08.2021 04:47:09.096,301.338,301.088,1,1
12.08.2021 04:47:09.321,301.344,301.04900000000004,1.5,1.75
12.08.2021 04:47:10.065,301.344,301.088,1.5,1
12.08.2021 04:47:10.742,301.338,301.078,1,1.5
12.08.2021 04:47:12.776,301.338,301.078,1,1
12.08.2021 04:47:12.827,301.338,301.078,1,1
12.08.2021 04:47:13.426,301.344,301.04,1.5,1.95
12.08.2021 04:48:02.662,301.32599999999996,301.068,1.5,1.5
12.08.2021 04:48:02.762,301.32599999999996,301.068,1.5,1
12.08.2021 04:48:02.813,301.32599999999996,301.068,1.5,1
12.08.2021 04:48:40.234,301.32599999999996,301.068,1.5,1
12.08.2021 04:48:40.334,301.32599999999996,301.068,1.5,1
12.08.2021 04:48:40.385,301.32599999999996,301.068,1.5,1.5
12.08.2021 04:48:45.661,301.32599999999996,301.068,1.5,1.5
12.08.2021 04:49:03.711,301.32599999999996,301.078,1.5,1
12.08.2021 04:49:11.662,301.32599999999996,301.078,1.5,1
12.08.2021 04:49:11.803,301.32599999999996,301.078,1.5,1.5
12.08.2021 04:50:00.156,301.34200000000004,301.078,1.5,1.5
12.08.2021 04:50:00.323,301.34200000000004,301.078,1.5,1.5
12.08.2021 04:50:11.705,301.34200000000004,301.088,1.5,1
12.08.2021 04:50:21.820,301.34200000000004,301.088,1.5,1.25
12.08.2021 04:50:29.770,301.34200000000004,301.088,1.5,1
12.08.2021 04:50:37.709,301.34200000000004,301.088,1.5,1.5
12.08.2021 04:50:37.759,301.34200000000004,301.088,1.5,1.5
12.08.2021 04:50:56.250,301.34200000000004,301.088,1.5,1.5
12.08.2021 04:51:12.815,301.34200000000004,301.088,1.5,1.5
12.08.2021 04:51:17.320,301.34200000000004,301.088,1.5,1.5
12.08.2021 04:51:27.148,301.34200000000004,301.088,1.5,1.5
12.08.2021 04:51:33.366,301.34200000000004,301.088,1.5,1.5
12.08.2021 04:51:42.910,301.34200000000004,301.088,1.5,1
12.08.2021 04:51:43.111,301.34200000000004,301.088,1.5,1.5
12.08.2021 04:51:43.215,301.34200000000004,301.088,1.5,1.5
12.08.2021 04:51:43.279,301.34200000000004,301.088,1.5,1.5
12.08.2021 04:51:43.787,301.34200000000004,301.088,1.5,1.5
12.08.2021 04:51:43.887,301.34200000000004,301.088,1.5,1.5
12.08.2021 04:51:44.400,301.34200000000004,301.088,1.5,1.5
12.08.2021 04:51:47.490,301.34200000000004,301.088,1.5,1.5
12.08.2021 04:51:47.683,301.336,301.088,1,1
12.08.2021 04:51:50.865,301.336,301.088,1,1
12.08.2021 04:51:52.691,301.336,301.088,1,1
12.08.2021 04:51:52.796,301.336,301.088,1,1
12.08.2021 04:51:59.957,301.336,301.088,1,1
12.08.2021 04:52:00.348,301.336,301.088,1,1
12.08.2021 04:52:19.793,301.336,301.088,1,1
12.08.2021 04:52:27.050,301.336,301.088,1,1
12.08.2021 04:52:39.799,301.336,301.088,1,1
12.08.2021 04:52:40.247,301.336,301.088,1,1
12.08.2021 04:52:40.782,301.336,301.098,1,1
12.08.2021 04:53:28.103,301.336,301.098,1,1
12.08.2021 04:53:33.541,301.336,301.098,1,1
12.08.2021 04:53:53.439,301.336,301.088,1,1
12.08.2021 04:53:53.723,301.336,301.088,1,1
12.08.2021 04:53:59.148,301.336,301.088,1,1
12.08.2021 04:54:13.313,301.336,301.088,1,1
12.08.2021 04:54:14.135,301.336,301.088,1,1
12.08.2021 04:54:14.442,301.336,301.088,1,1
12.08.2021 04:54:14.985,301.336,301.088,1,1
12.08.2021 04:54:15.453,301.336,301.088,1,1
12.08.2021 04:54:16.886,301.336,301.088,1,1
12.08.2021 04:54:45.308,301.336,301.098,1,1
12.08.2021 04:54:58.238,301.336,301.088,1,1
12.08.2021 04:55:20.076,301.34700000000004,301.088,1.5,1
12.08.2021 04:55:49.827,301.34700000000004,301.088,1.5,1
12.08.2021 04:55:49.878,301.34700000000004,301.098,1.5,1
12.08.2021 04:55:50.028,301.346,301.098,1,1
12.08.2021 04:56:09.686,301.346,301.108,1,1
12.08.2021 04:56:16.447,301.365,301.069,1.5,1.5
12.08.2021 04:56:17.140,301.365,301.10200000000003,1.5,1.2
12.08.2021 04:56:25.659,301.365,301.118,1.5,1
12.08.2021 04:56:28.937,301.365,301.08,1.5,1.7
12.08.2021 04:56:29.630,301.365,301.10200000000003,1.5,1.2
12.08.2021 04:56:30.746,301.365,301.118,1.5,1
12.08.2021 04:56:31.858,301.365,301.118,1.5,1
12.08.2021 04:56:32.265,301.365,301.118,1.5,1
12.08.2021 04:56:37.269,301.365,301.118,1.5,1
12.08.2021 04:56:41.060,301.365,301.118,1.5,1
12.08.2021 04:56:41.163,301.365,301.118,1.5,1
12.08.2021 04:56:43.445,301.365,301.118,1.12,1
12.08.2021 04:56:46.254,301.365,301.118,1.5,1
12.08.2021 04:56:50.222,301.365,301.118,1.12,1
12.08.2021 04:56:58.494,301.365,301.138,1.12,1
12.08.2021 04:57:04.811,301.376,301.128,1,1
12.08.2021 04:57:04.861,301.376,301.138,1,1
12.08.2021 04:57:15.106,301.376,301.138,1,1
12.08.2021 04:57:15.157,301.376,301.148,1,1
12.08.2021 04:57:35.378,301.38599999999997,301.148,1,1
12.08.2021 04:57:35.479,301.396,301.158,1,1
12.08.2021 04:57:46.454,301.396,301.158,1,1
12.08.2021 04:57:48.380,301.406,301.158,1,1
12.08.2021 04:58:14.143,301.408,301.148,1.5,1.5
12.08.2021 04:58:14.194,301.408,301.148,1.5,1.5
12.08.2021 04:58:14.602,301.408,301.158,1.5,1
12.08.2021 04:58:14.658,301.408,301.158,1.5,1
12.08.2021 04:58:40.539,301.392,301.142,1.5,1.7
12.08.2021 04:58:41.332,301.392,301.158,1.5,1
12.08.2021 04:58:43.408,301.392,301.158,1.5,1.5
12.08.2021 04:58:48.495,301.392,301.158,1.5,1
12.08.2021 04:58:53.614,301.392,301.168,1.5,1
12.08.2021 04:58:53.664,301.392,301.168,1.12,1
12.08.2021 04:59:12.021,301.413,301.168,1.5,1
12.08.2021 04:59:20.269,301.413,301.178,1.5,1
12.08.2021 04:59:22.684,301.413,301.178,1,1
12.08.2021 04:59:25.099,301.413,301.178,1.5,1
12.08.2021 04:59:28.065,301.413,301.178,1,1
12.08.2021 04:59:28.714,301.413,301.168,1.5,1
12.08.2021 04:59:34.222,301.413,301.178,1.5,1
12.08.2021 04:59:47.513,301.413,301.178,1,1
12.08.2021 04:59:52.730,301.413,301.178,1.5,1
12.08.2021 04:59:58.260,301.413,301.168,1.5,1
12.08.2021 04:59:59.272,301.413,301.13599999999997,1.5,1.7
12.08.2021 05:00:00.016,301.413,301.168,1.5,1
12.08.2021 05:00:00.175,301.413,301.168,1.5,1
12.08.2021 05:00:00.326,301.413,301.158,1.5,1
12.08.2021 05:00:00.877,301.406,301.158,1,1
12.08.2021 05:00:02.335,301.406,301.141,1,1
12.08.2021 05:00:02.386,301.406,301.148,1,1
12.08.2021 05:00:04.451,301.396,301.148,1,1
12.08.2021 05:00:08.470,301.396,301.158,1,1
12.08.2021 05:00:08.520,301.396,301.148,1,1
12.08.2021 05:00:10.618,301.406,301.10900000000004,1,1.5
12.08.2021 05:00:11.313,301.406,301.158,1,1
12.08.2021 05:00:11.933,301.406,301.142,1,1.7
12.08.2021 05:00:12.052,301.406,301.158,1,1
12.08.2021 05:00:21.492,301.406,301.158,1,1
12.08.2021 05:00:21.595,301.408,301.158,1.5,1
12.08.2021 05:00:22.315,301.406,301.158,1,1
12.08.2021 05:00:33.193,301.396,301.148,1,1
12.08.2021 05:00:39.925,301.406,301.158,1,1
12.08.2021 05:00:41.578,301.406,301.148,1,1
12.08.2021 05:00:43.653,301.396,301.148,1,1
12.08.2021 05:00:44.720,301.396,301.148,1,1
12.08.2021 05:00:45.461,301.396,301.148,1,1
12.08.2021 05:00:58.302,301.375,301.148,1.5,1
12.08.2021 05:01:03.408,301.375,301.148,1.12,1
12.08.2021 05:01:10.861,301.375,301.158,1.12,1
12.08.2021 05:02:24.180,301.393,301.168,1,1
12.08.2021 05:02:38.147,301.393,301.158,1,1
12.08.2021 05:02:38.248,301.393,301.158,1.5,1
12.08.2021 05:02:38.601,301.393,301.158,1.5,1
12.08.2021 05:02:53.148,301.393,301.158,1.5,1
12.08.2021 05:03:01.306,301.393,301.158,1,1
12.08.2021 05:03:02.121,301.393,301.158,1.5,1
12.08.2021 05:03:16.726,301.393,301.148,1.5,1
12.08.2021 05:03:40.510,301.375,301.138,1.12,1
12.08.2021 05:03:40.561,301.375,301.138,1.5,1
12.08.2021 05:03:58.915,301.375,301.094,1.5,1.25
12.08.2021 05:03:59.658,301.375,301.138,1.5,1
12.08.2021 05:04:24.766,301.375,301.138,1.12,1
12.08.2021 05:04:43.731,301.375,301.148,1.12,1
12.08.2021 05:04:59.110,301.375,301.138,1.12,1
12.08.2021 05:05:02.425,301.375,301.148,1,1
12.08.2021 05:05:10.401,301.375,301.138,1.12,1.5
12.08.2021 05:05:11.543,301.375,301.148,1.12,1
12.08.2021 05:05:40.437,301.375,301.148,1.5,1
12.08.2021 05:05:42.823,301.375,301.148,1.12,1
12.08.2021 05:05:43.226,301.375,301.148,1.5,1
12.08.2021 05:06:02.517,301.375,301.148,1.12,1
12.08.2021 05:06:25.982,301.375,301.158,1.12,1
12.08.2021 05:06:26.309,301.375,301.158,1.5,1
12.08.2021 05:06:26.511,301.375,301.158,1.12,1
12.08.2021 05:07:37.220,301.38599999999997,301.148,1.62,1
12.08.2021 05:07:51.238,301.376,301.148,1,1
12.08.2021 05:07:53.391,301.38599999999997,301.148,1.5,1
12.08.2021 05:08:01.481,301.38599999999997,301.148,1,1
12.08.2021 05:08:02.204,301.38599999999997,301.148,1.5,1
12.08.2021 05:08:02.713,301.38599999999997,301.148,1.5,1
12.08.2021 05:09:00.291,301.38599999999997,301.138,1.62,1
12.08.2021 05:09:04.603,301.38599999999997,301.148,1.62,1
12.08.2021 05:09:08.417,301.38599999999997,301.148,1.62,1
12.08.2021 05:09:16.829,301.38599999999997,301.148,1.62,1
12.08.2021 05:09:27.158,301.38599999999997,301.148,1.62,1
12.08.2021 05:09:32.346,301.38599999999997,301.148,1.62,1
12.08.2021 05:09:44.557,301.38599999999997,301.148,1.62,1
12.08.2021 05:09:48.482,301.38599999999997,301.148,1.62,1
12.08.2021 05:09:49.706,301.38599999999997,301.138,1.62,1
12.08.2021 05:09:49.807,301.38599999999997,301.148,1.62,1
12.08.2021 05:10:10.167,301.368,301.148,1.5,1
12.08.2021 05:10:20.647,301.368,301.148,1.5,1
12.08.2021 05:10:26.326,301.368,301.138,1.5,1
12.08.2021 05:10:28.531,301.368,301.158,1,1
12.08.2021 05:10:28.632,301.384,301.158,1.5,1
12.08.2021 05:10:31.279,301.384,301.148,1.5,1
12.08.2021 05:10:35.916,301.384,301.158,1.5,1
12.08.2021 05:10:37.268,301.384,301.148,1.5,1
12.08.2021 05:10:44.779,301.384,301.158,1.5,1
12.08.2021 05:10:44.880,301.384,301.148,1.5,1
12.08.2021 05:10:44.930,301.384,301.158,1.5,1
12.08.2021 05:10:48.708,301.384,301.148,1.5,1
12.08.2021 05:10:50.306,301.384,301.148,1.5,1
12.08.2021 05:10:51.104,301.384,301.148,1.5,1
12.08.2021 05:10:55.303,301.384,301.148,1.5,1
12.08.2021 05:11:16.711,301.384,301.138,1.5,1
12.08.2021 05:11:16.862,301.384,301.138,1,1
12.08.2021 05:11:17.554,301.384,301.138,1.5,1
12.08.2021 05:11:22.653,301.384,301.138,1.5,1
12.08.2021 05:11:22.704,301.384,301.148,1.5,1
12.08.2021 05:11:57.075,301.384,301.138,1.5,1
12.08.2021 05:11:57.915,301.384,301.138,1.5,1
12.08.2021 05:11:58.015,301.384,301.138,1.5,1
12.08.2021 05:11:58.627,301.384,301.138,1.5,1
12.08.2021 05:12:01.488,301.376,301.138,1,1
12.08.2021 05:12:08.005,301.384,301.138,1.5,1
12.08.2021 05:12:08.619,301.384,301.138,1.5,1
12.08.2021 05:12:31.609,301.384,301.158,1.5,1
12.08.2021 05:12:31.660,301.384,301.148,1.5,1
12.08.2021 05:12:31.710,301.384,301.158,1.5,1
12.08.2021 05:12:32.342,301.384,301.148,1.5,1
12.08.2021 05:12:32.438,301.384,301.148,1.5,1
12.08.2021 05:12:47.336,301.363,301.148,1,1
12.08.2021 05:12:47.501,301.363,301.148,1.5,1
12.08.2021 05:12:56.146,301.363,301.138,1.5,1
12.08.2021 05:13:04.793,301.363,301.138,1,1
12.08.2021 05:13:05.611,301.363,301.138,1.5,1
12.08.2021 05:13:10.729,301.363,301.138,1,1
12.08.2021 05:13:44.240,301.363,301.148,1,1
12.08.2021 05:13:48.050,301.363,301.132,1.5,1.2
12.08.2021 05:13:48.101,301.363,301.128,1.5,1
12.08.2021 05:13:48.152,301.363,301.138,1.5,1
12.08.2021 05:14:32.563,301.363,301.128,1.5,1
12.08.2021 05:14:35.350,301.363,301.128,1.5,1
12.08.2021 05:14:41.509,301.363,301.128,1,1
12.08.2021 05:14:42.227,301.363,301.128,1.5,1
12.08.2021 05:14:43.151,301.363,301.128,1.5,1
12.08.2021 05:15:05.967,301.363,301.078,1.5,2.55
12.08.2021 05:15:06.712,301.363,301.128,1.5,1
12.08.2021 05:15:20.289,301.363,301.138,1.5,1
12.08.2021 05:15:21.734,301.363,301.128,1.5,1
12.08.2021 05:15:50.285,301.363,301.128,1,1
12.08.2021 05:15:51.097,301.363,301.128,1.5,1
12.08.2021 05:16:01.125,301.363,301.089,1.5,1.5
12.08.2021 05:16:01.817,301.363,301.122,1.5,1.2
12.08.2021 05:16:01.918,301.363,301.1,1.5,1.7
12.08.2021 05:16:02.621,301.363,301.122,1.5,1.2
12.08.2021 05:16:05.659,301.363,301.138,1.5,1
12.08.2021 05:16:27.391,301.363,301.128,1.5,1
12.08.2021 05:16:27.472,301.363,301.128,1.5,1
12.08.2021 05:16:28.352,301.363,301.118,1.5,1
12.08.2021 05:16:28.604,301.345,301.118,1.5,1
12.08.2021 05:16:28.994,301.345,301.108,1.5,1
12.08.2021 05:16:29.095,301.345,301.108,1.5,1
12.08.2021 05:16:52.971,301.332,301.098,1.5,1
12.08.2021 05:16:57.732,301.332,301.108,1.5,1
12.08.2021 05:17:01.886,301.332,301.098,1.5,1
12.08.2021 05:17:02.783,301.332,301.108,1.5,1
12.08.2021 05:17:14.806,301.332,301.108,1.12,1
12.08.2021 05:17:14.856,301.332,301.118,1.12,1
12.08.2021 05:17:15.194,301.332,301.108,1,1
12.08.2021 05:17:16.842,301.332,301.108,1.5,1
12.08.2021 05:17:17.129,301.332,301.108,1,1
12.08.2021 05:17:26.441,301.332,301.108,1.5,1
12.08.2021 05:17:26.541,301.332,301.108,1,1
12.08.2021 05:17:46.207,301.332,301.108,1.5,1
12.08.2021 05:18:13.158,301.332,301.098,1.5,1
12.08.2021 05:18:26.103,301.332,301.098,1.5,1
12.08.2021 05:18:34.146,301.332,301.098,1.5,1
12.08.2021 05:19:13.388,301.332,301.098,1.5,1
12.08.2021 05:19:34.751,301.332,301.098,1.5,1
12.08.2021 05:19:35.115,301.332,301.098,1.5,1
12.08.2021 05:19:47.681,301.332,301.098,1.5,1
12.08.2021 05:19:58.593,301.332,301.098,1.5,1
12.08.2021 05:20:47.902,301.332,301.045,1.5,1
12.08.2021 05:20:54.527,301.332,301.082,1.5,1.2
12.08.2021 05:20:58.977,301.332,301.082,1,1.2
12.08.2021 05:21:01.193,301.332,301.081,1,1
12.08.2021 05:21:01.244,301.332,301.058,1,1.7
12.08.2021 05:21:01.949,301.332,301.098,1,1
12.08.2021 05:21:07.490,301.332,301.088,1,1
12.08.2021 05:21:09.549,301.332,301.088,1.5,1
12.08.2021 05:21:20.054,301.332,301.088,1.5,1
12.08.2021 05:21:20.256,301.332,301.088,1.5,1
12.08.2021 05:21:28.115,301.332,301.088,1.5,1
12.08.2021 05:21:32.505,301.332,301.088,1.5,1
12.08.2021 05:21:44.986,301.332,301.088,1.5,1
12.08.2021 05:21:58.115,301.332,301.098,1.5,1
12.08.2021 05:21:58.166,301.332,301.098,1.5,1
12.08.2021 05:22:11.142,301.332,301.06,1.5,2.3
12.08.2021 05:22:11.837,301.332,301.098,1.5,1
12.08.2021 05:22:13.507,301.332,301.108,1,1
12.08.2021 05:22:58.436,301.332,301.108,1.5,1
12.08.2021 05:23:02.644,301.332,301.108,1,1
12.08.2021 05:23:11.410,301.332,301.118,1,1
12.08.2021 05:23:18.684,301.332,301.108,1,1
12.08.2021 05:23:18.735,301.332,301.108,1.5,1
12.08.2021 05:23:18.878,301.332,301.108,1,1
12.08.2021 05:23:19.538,301.332,301.108,1.5,1
12.08.2021 05:23:23.126,301.332,301.098,1.5,1
12.08.2021 05:23:37.301,301.332,301.108,1.5,1
12.08.2021 05:23:37.883,301.332,301.098,1.5,1
12.08.2021 05:23:37.979,301.332,301.098,1.5,1
12.08.2021 05:24:06.469,301.332,301.098,1.5,1
12.08.2021 05:24:07.271,301.332,301.098,1.5,1
12.08.2021 05:24:49.649,301.332,301.098,1.5,1
12.08.2021 05:25:08.815,301.332,301.098,1.5,1
12.08.2021 05:26:03.182,301.332,301.082,1.5,1.2
12.08.2021 05:26:09.192,301.332,301.078,1.5,1
12.08.2021 05:26:09.242,301.332,301.088,1.5,1
12.08.2021 05:26:17.326,301.312,301.088,1,1
12.08.2021 05:26:17.377,301.312,301.078,1.5,1
12.08.2021 05:26:17.437,301.312,301.078,1.5,1
12.08.2021 05:26:17.537,301.312,301.078,1.5,1
12.08.2021 05:26:17.838,301.312,301.078,1.5,1
12.08.2021 05:26:19.776,301.312,301.078,1.5,1
12.08.2021 05:26:45.780,301.312,301.088,1.5,1
12.08.2021 05:26:48.896,301.312,301.088,1,1
12.08.2021 05:26:48.946,301.312,301.088,1.5,1
12.08.2021 05:26:49.137,301.312,301.088,1,1
12.08.2021 05:26:50.043,301.312,301.088,1.5,1
12.08.2021 05:26:50.552,301.312,301.088,1,1
12.08.2021 05:26:52.091,301.312,301.088,1.5,1
12.08.2021 05:26:54.134,301.312,301.088,1,1
12.08.2021 05:26:54.950,301.312,301.088,1.5,1
12.08.2021 05:27:02.914,301.312,301.088,1,1
12.08.2021 05:27:12.428,301.312,301.088,1.5,1
12.08.2021 05:27:12.934,301.312,301.088,1,1
12.08.2021 05:27:14.877,301.312,301.088,1.5,1
12.08.2021 05:27:20.293,301.312,301.088,1,1
12.08.2021 05:27:27.646,301.312,301.04400000000004,1,1
12.08.2021 05:27:28.341,301.312,301.088,1,1
12.08.2021 05:29:42.856,301.312,301.098,1,1
12.08.2021 05:29:43.057,301.33,301.098,1.5,1
12.08.2021 05:29:44.023,301.33,301.098,1.5,1
12.08.2021 05:29:44.104,301.33,301.098,1.5,1
12.08.2021 05:29:44.208,301.33,301.098,1.5,1
12.08.2021 05:29:44.608,301.33,301.098,1.5,1
12.08.2021 05:29:48.017,301.33,301.098,1.5,1
12.08.2021 05:29:48.151,301.33,301.088,1.5,1
12.08.2021 05:29:48.355,301.33,301.098,1.5,1
12.08.2021 05:29:48.406,301.33,301.088,1.5,1
12.08.2021 05:29:49.421,301.33,301.098,1.5,1
