Gmt time,Ask,Bid,AskVolume,BidVolume
30.08.2021 00:00:04.850,296.353,295.97900000000004,0.9,0.37
30.08.2021 00:00:04.900,296.35900000000004,295.932,0.9,1
30.08.2021 00:00:08.216,296.35900000000004,295.935,0.9,1
30.08.2021 00:00:08.375,296.35900000000004,295.934,0.9,0.69
30.08.2021 00:00:12.493,296.35900000000004,295.944,0.9,1
30.08.2021 00:00:12.644,296.35900000000004,295.945,0.9,1
30.08.2021 00:00:20.393,296.35900000000004,296.01,0.9,0.75
30.08.2021 00:00:20.443,296.35900000000004,295.961,0.9,1
30.08.2021 00:00:20.493,296.35900000000004,296.009,0.9,1
30.08.2021 00:00:20.594,296.35900000000004,296.01,0.9,1
30.08.2021 00:00:20.644,296.35900000000004,296.008,0.9,1.25
30.08.2021 00:00:20.804,296.35900000000004,296.007,0.9,1
30.08.2021 00:00:29.628,296.35900000000004,296.005,0.9,0.69
30.08.2021 00:00:30.638,296.35900000000004,295.992,1.2,1
30.08.2021 00:00:30.689,296.35900000000004,295.99,0.9,1
30.08.2021 00:00:30.789,296.35900000000004,296.001,0.9,1
30.08.2021 00:00:31.630,296.35900000000004,296.001,0.9,1
30.08.2021 00:00:35.491,296.35900000000004,296.003,0.9,1
30.08.2021 00:00:35.605,296.333,296.003,0.82,1
30.08.2021 00:00:35.655,296.343,296.003,1.2,1
30.08.2021 00:00:36.279,296.333,296.003,1.1,1
30.08.2021 00:00:37.111,296.343,296.003,1.2,1
30.08.2021 00:00:42.131,296.343,296.001,1.2,1.1
30.08.2021 00:00:42.557,296.343,295.96700000000004,1.2,1
30.08.2021 00:00:42.608,296.313,295.96700000000004,1.2,1
30.08.2021 00:00:42.754,296.313,295.96500000000003,1.2,1.1
30.08.2021 00:00:42.854,296.313,295.983,1.2,1
30.08.2021 00:00:42.905,296.313,295.959,1.2,1
30.08.2021 00:00:43.391,296.313,295.961,1.2,1
30.08.2021 00:00:43.492,296.313,295.97200000000004,1.2,1
30.08.2021 00:00:43.542,296.313,295.961,1.2,1
30.08.2021 00:00:43.968,296.313,295.99,1.2,1
30.08.2021 00:00:44.171,296.313,295.993,1.2,1
30.08.2021 00:01:00.825,296.313,295.991,1.2,1.1
30.08.2021 00:01:00.947,296.313,295.968,1.2,1
30.08.2021 00:01:04.968,296.313,295.961,1.2,1
30.08.2021 00:01:42.556,296.319,295.961,1.2,1
30.08.2021 00:01:45.104,296.323,295.97700000000003,1.2,1.1
30.08.2021 00:01:45.234,296.323,295.97900000000004,1.2,1
30.08.2021 00:01:54.794,296.323,295.981,1.2,1
30.08.2021 00:01:54.915,296.343,295.997,1.2,1
30.08.2021 00:01:54.965,296.343,295.999,1.2,1
30.08.2021 00:01:56.845,296.343,295.995,1.2,1
30.08.2021 00:01:58.780,296.343,295.993,1.2,1.1
30.08.2021 00:01:58.881,296.343,295.98400000000004,1.2,1
30.08.2021 00:02:04.643,296.323,295.98400000000004,1.2,1
30.08.2021 00:02:26.372,296.372,295.98400000000004,1.35,1
30.08.2021 00:02:26.423,296.361,296.002,1,1
30.08.2021 00:02:26.473,296.379,296.002,0.6,1
30.08.2021 00:02:27.081,296.343,296.002,1.2,1
30.08.2021 00:02:58.968,296.343,296,1.2,1.1
30.08.2021 00:02:59.177,296.343,295.998,1.2,1
30.08.2021 00:03:02.921,296.343,295.996,1.2,1.1
30.08.2021 00:03:03.021,296.343,295.988,1.2,1
30.08.2021 00:03:18.953,296.343,295.986,1.2,1.1
30.08.2021 00:03:27.077,296.323,295.986,1.2,1
30.08.2021 00:03:42.485,296.34000000000003,295.986,1.2,1
30.08.2021 00:03:42.536,296.353,295.986,1.2,1
30.08.2021 00:03:45.507,296.353,296.006,1.2,1
30.08.2021 00:03:45.607,296.373,296.006,1.2,1
30.08.2021 00:03:48.944,296.373,296.024,1.2,1
30.08.2021 00:04:07.024,296.373,296.022,1.2,1.1
30.08.2021 00:04:07.075,296.373,296.01099999999997,1.2,1
30.08.2021 00:04:16.596,296.40000000000003,296.01099999999997,1.25,1
30.08.2021 00:04:16.842,296.40000000000003,296.021,1.5,1
30.08.2021 00:04:20.372,296.411,296.03700000000003,0.6,1
30.08.2021 00:04:48.905,296.403,296.03700000000003,0.9,0.75
30.08.2021 00:05:01.952,296.399,296.035,1,1.1
30.08.2021 00:05:02.002,296.403,296.03700000000003,1.2,1
30.08.2021 00:05:20.746,296.40900000000005,296.03700000000003,0.6,1
30.08.2021 00:05:25.954,296.40900000000005,296.03700000000003,0.6,1
30.08.2021 00:05:32.954,296.401,296.035,1,1.1
30.08.2021 00:05:33.004,296.41400000000004,296.03400000000005,0.6,1
30.08.2021 00:05:48.569,296.423,296.052,1.2,1
30.08.2021 00:05:53.301,296.423,296.069,1.2,1
30.08.2021 00:05:54.216,296.423,296.061,1.2,1
30.08.2021 00:06:11.954,296.423,296.059,1.2,1.1
30.08.2021 00:06:12.005,296.423,296.061,1.2,1
30.08.2021 00:06:14.994,296.423,296.061,1,1
30.08.2021 00:06:15.288,296.423,296.061,1.2,1
30.08.2021 00:07:11.967,296.42400000000004,296.059,0.6,1.1
30.08.2021 00:07:12.265,296.42400000000004,296.046,0.6,1
30.08.2021 00:07:29.920,296.41400000000004,296.04400000000004,1,1.1
30.08.2021 00:07:29.971,296.42900000000003,296.048,0.6,1
30.08.2021 00:07:31.301,296.413,296.048,1.2,1
30.08.2021 00:07:55.998,296.42900000000003,296.048,0.2,1
30.08.2021 00:08:03.760,296.408,296.048,0.15,1
30.08.2021 00:08:11.953,296.41,296.046,0.2,1.1
30.08.2021 00:08:13.717,296.408,296.047,0.2,1
30.08.2021 00:08:13.911,296.41,296.047,0.2,1
30.08.2021 00:08:38.254,296.41900000000004,296.047,1.2,1
30.08.2021 00:08:43.982,296.42400000000004,296.047,0.2,1
30.08.2021 00:08:55.659,296.41,296.047,0.2,1
30.08.2021 00:09:09.250,296.41,296.047,0.1,0.75
30.08.2021 00:09:11.966,296.41,296.048,0.1,0.75
30.08.2021 00:09:31.957,296.413,296.046,0.2,1.1
30.08.2021 00:09:33.928,296.413,296.047,0.2,1
30.08.2021 00:10:35.659,296.698,295.765,0.75,0.75
30.08.2021 00:11:16.041,296.41,296.047,0.1,0.37
30.08.2021 00:11:39.637,296.413,296.047,0.2,1
30.08.2021 00:11:39.757,296.401,296.047,0.2,1
30.08.2021 00:11:39.920,296.398,296.047,0.2,1
30.08.2021 00:11:39.971,296.41,296.015,0.85,1.32
30.08.2021 00:11:41.796,296.398,296.035,0.2,1
30.08.2021 00:11:46.322,296.396,296.035,0.2,1
30.08.2021 00:11:46.520,296.388,296.035,0.2,1
30.08.2021 00:11:47.042,296.391,296.035,0.2,1
30.08.2021 00:11:47.895,296.393,296.035,0.2,1
30.08.2021 00:11:49.177,296.391,296.035,0.2,1
30.08.2021 00:11:49.293,296.388,296.035,0.2,1
30.08.2021 00:11:49.458,296.391,296.035,0.2,1
30.08.2021 00:11:49.767,296.389,296.035,0.2,1
30.08.2021 00:11:49.817,296.388,296.035,0.2,1
30.08.2021 00:11:49.946,296.391,296.035,0.2,1
30.08.2021 00:11:50.294,296.389,296.035,0.2,1
30.08.2021 00:11:50.344,296.388,296.035,0.2,1
30.08.2021 00:11:56.982,296.38599999999997,296.035,0.2,1
30.08.2021 00:11:57.196,296.389,296.035,0.2,1
30.08.2021 00:11:57.246,296.388,296.035,0.2,1
30.08.2021 00:11:58.165,296.38599999999997,296.035,0.2,1
30.08.2021 00:11:58.215,296.385,296.035,0.2,1
30.08.2021 00:11:58.265,296.391,296.035,0.2,1
30.08.2021 00:11:58.315,296.388,296.035,0.2,1
30.08.2021 00:11:58.794,296.38599999999997,296.035,0.2,1
30.08.2021 00:11:59.249,296.385,296.035,0.2,1
30.08.2021 00:11:59.972,296.388,296.035,0.2,1
30.08.2021 00:12:00.184,296.38599999999997,296.035,0.2,1
30.08.2021 00:12:00.235,296.385,296.035,0.2,1
30.08.2021 00:12:02.021,296.385,296.02500000000003,0.2,1
30.08.2021 00:12:11.587,296.383,296.02500000000003,0.2,1
30.08.2021 00:12:11.687,296.385,296.02500000000003,0.2,1
30.08.2021 00:12:12.085,296.383,296.02500000000003,0.2,1
30.08.2021 00:12:12.525,296.385,296.02500000000003,0.2,1
30.08.2021 00:12:13.409,296.383,296.02500000000003,0.2,1
30.08.2021 00:12:13.523,296.385,296.02500000000003,0.2,1
30.08.2021 00:12:14.034,296.383,296.02500000000003,0.2,1
30.08.2021 00:12:19.246,296.382,296.02500000000003,0.2,1
30.08.2021 00:12:19.446,296.383,296.02500000000003,0.2,1
30.08.2021 00:13:00.031,296.383,296.018,0.2,0.75
30.08.2021 00:13:00.156,296.393,296.007,1,1
30.08.2021 00:13:01.062,296.385,296.007,0.2,1
30.08.2021 00:13:02.021,296.38599999999997,296.007,0.2,1
30.08.2021 00:13:11.138,296.385,296.005,0.2,0.76
30.08.2021 00:13:12.132,296.383,296.005,0.2,0.76
30.08.2021 00:13:14.023,296.385,296.007,0.2,1
30.08.2021 00:13:14.175,296.383,296.007,0.2,1
30.08.2021 00:13:14.971,296.396,296.007,0.85,1
30.08.2021 00:13:15.617,296.385,296.007,0.2,1
30.08.2021 00:13:15.667,296.383,296.007,0.2,1
30.08.2021 00:13:18.162,296.381,296.007,0.2,1
30.08.2021 00:13:24.150,296.38,296.007,0.2,1
30.08.2021 00:13:26.819,296.381,296.007,0.2,1
30.08.2021 00:13:27.036,296.381,296.007,0.2,1
30.08.2021 00:13:27.238,296.38599999999997,296.007,0.2,1
30.08.2021 00:13:27.355,296.393,296.007,1.3,1
30.08.2021 00:13:27.456,296.393,296.007,1.2,1
30.08.2021 00:13:36.263,296.393,296.007,1,1
30.08.2021 00:13:56.305,296.393,296.007,0.9,0.75
30.08.2021 00:14:00.035,296.393,296.016,0.9,0.37
30.08.2021 00:14:11.047,296.393,296.023,1.2,0.76
30.08.2021 00:14:11.219,296.393,296.048,1.2,1
30.08.2021 00:14:12.820,296.393,296.046,1.2,1.1
30.08.2021 00:14:12.929,296.393,296.047,1.2,1
30.08.2021 00:14:14.614,296.403,296.047,1.2,1
30.08.2021 00:14:15.773,296.403,296.047,1.3,1
30.08.2021 00:14:21.107,296.38599999999997,296.029,0.2,1
30.08.2021 00:14:21.292,296.385,296.029,0.2,1
30.08.2021 00:14:22.495,296.383,296.029,0.2,1
30.08.2021 00:14:22.546,296.388,296.029,0.2,1
30.08.2021 00:14:22.596,296.385,296.029,0.2,1
30.08.2021 00:14:25.794,296.383,296.027,0.97,1.1
30.08.2021 00:14:25.845,296.383,296.023,0.97,1
30.08.2021 00:15:11.066,296.401,296.023,0.2,1
30.08.2021 00:15:15.020,296.401,296.023,0.1,0.75
30.08.2021 00:15:17.184,296.398,296.023,0.1,0.75
30.08.2021 00:15:17.425,296.41200000000003,296.023,0.85,1
30.08.2021 00:15:17.476,296.401,296.023,0.2,1
30.08.2021 00:15:17.933,296.399,296.023,0.2,1
30.08.2021 00:15:17.983,296.398,296.023,0.2,1
30.08.2021 00:15:25.805,296.398,296.038,0.2,1
30.08.2021 00:15:26.519,296.395,296.038,0.2,1
30.08.2021 00:15:28.108,296.398,296.038,0.2,1
30.08.2021 00:15:56.183,296.398,296.038,0.1,0.75
30.08.2021 00:16:00.172,296.413,296.038,0.37,0.75
30.08.2021 00:16:00.222,296.398,296.038,0.2,1
30.08.2021 00:16:08.605,296.393,296.038,0.2,1
30.08.2021 00:16:08.729,296.39,296.038,0.2,1
30.08.2021 00:16:08.996,296.39,296.036,0.2,1.1
30.08.2021 00:16:09.112,296.388,296.028,0.2,1
30.08.2021 00:16:09.406,296.387,296.028,0.2,1
30.08.2021 00:16:09.692,296.385,296.028,0.2,1
30.08.2021 00:16:12.091,296.38599999999997,296.028,0.2,1
30.08.2021 00:16:13.755,296.383,296.028,1.2,1
30.08.2021 00:16:13.856,296.383,296.028,0.2,1
30.08.2021 00:16:13.968,296.383,296.026,0.2,1.1
30.08.2021 00:16:14.112,296.383,296.027,0.2,1
30.08.2021 00:16:17.195,296.383,296.027,1.2,1
30.08.2021 00:16:26.890,296.383,296.027,1,1
30.08.2021 00:16:27.526,296.383,296.027,1.2,1
30.08.2021 00:16:54.375,296.383,296.02500000000003,0.97,1.1
30.08.2021 00:16:54.820,296.383,296.021,1.2,1
30.08.2021 00:16:56.704,296.383,296.021,1,1
30.08.2021 00:16:58.142,296.381,296.021,0.2,1
30.08.2021 00:16:58.636,296.379,296.021,0.2,1
30.08.2021 00:16:58.787,296.375,296.021,0.2,1
30.08.2021 00:17:08.260,296.375,296.019,0.2,1.1
30.08.2021 00:17:08.311,296.372,296.005,0.2,1
30.08.2021 00:17:08.361,296.368,296.005,0.2,1
30.08.2021 00:17:08.584,296.365,296.005,0.15,1
30.08.2021 00:17:09.227,296.365,296.005,0.2,1
30.08.2021 00:17:13.522,296.363,296.005,0.2,1
30.08.2021 00:17:15.302,296.365,296.005,0.2,1
30.08.2021 00:17:18.264,296.368,296.005,0.2,1
30.08.2021 00:17:18.669,296.37,296.005,0.2,1
30.08.2021 00:17:18.720,296.373,296.005,1,1
30.08.2021 00:17:18.856,296.371,296.005,0.2,1
30.08.2021 00:17:18.907,296.37,296.005,0.2,1
30.08.2021 00:17:20.066,296.373,296.005,1,1
30.08.2021 00:17:20.389,296.373,296.005,1.2,1
30.08.2021 00:17:20.583,296.373,296.005,1,1
30.08.2021 00:17:30.701,296.372,296.005,0.2,1
30.08.2021 00:17:30.961,296.373,296.005,1,1
30.08.2021 00:17:32.293,296.373,296.005,1.2,1
30.08.2021 00:17:32.343,296.373,296.005,1,1
30.08.2021 00:17:33.308,296.372,296.005,0.2,1
30.08.2021 00:18:00.818,296.372,296.005,0.1,0.75
30.08.2021 00:18:02.130,296.37,296.005,0.1,0.75
30.08.2021 00:18:02.248,296.37,296.005,0.2,1
30.08.2021 00:18:07.110,296.373,296.005,1.2,1
30.08.2021 00:18:07.547,296.372,296.005,0.2,1
30.08.2021 00:18:08.255,296.372,296.015,0.2,1
30.08.2021 00:18:09.721,296.373,296.015,1,1
30.08.2021 00:18:13.103,296.372,296.015,0.2,1
30.08.2021 00:18:18.147,296.373,296.015,0.2,1
30.08.2021 00:18:19.265,296.372,296.015,0.2,1
30.08.2021 00:18:33.304,296.372,296.015,0.1,0.75
30.08.2021 00:18:35.105,296.37,296.015,0.1,0.75
30.08.2021 00:18:35.215,296.37,296.015,0.2,1
30.08.2021 00:18:35.345,296.372,296.015,0.2,1
30.08.2021 00:18:43.479,296.37,296.015,0.2,1
30.08.2021 00:18:43.772,296.372,296.015,0.2,1
30.08.2021 00:18:43.986,296.37,296.015,0.2,1
30.08.2021 00:18:44.108,296.365,296.015,0.2,1
30.08.2021 00:18:44.209,296.35900000000004,296.015,0.2,1
30.08.2021 00:18:44.346,296.357,296.015,0.2,1
30.08.2021 00:18:45.994,296.355,295.999,0.2,1
30.08.2021 00:18:46.267,296.353,295.999,0.2,1
30.08.2021 00:18:47.146,296.35400000000004,295.999,0.2,1
30.08.2021 00:18:47.904,296.355,295.999,0.2,1
30.08.2021 00:18:49.813,296.357,295.999,0.2,1
30.08.2021 00:18:50.262,296.355,295.999,0.2,1
30.08.2021 00:18:52.775,296.35200000000003,295.999,0.2,1
30.08.2021 00:18:57.137,296.35400000000004,295.999,0.2,1
30.08.2021 00:18:57.241,296.35400000000004,295.997,0.2,1.1
30.08.2021 00:18:57.827,296.35400000000004,295.98,0.2,1
30.08.2021 00:19:02.646,296.35200000000003,295.98,0.2,1
30.08.2021 00:19:02.832,296.35,295.98,0.2,1
30.08.2021 00:19:05.100,296.34900000000005,295.98,0.2,1
30.08.2021 00:19:05.710,296.34700000000004,295.98,0.2,1
30.08.2021 00:19:05.811,296.34900000000005,295.98,0.2,1
30.08.2021 00:19:14.679,296.34700000000004,295.98,0.2,1
30.08.2021 00:19:14.827,296.34700000000004,295.982,0.2,1
30.08.2021 00:19:14.927,296.341,295.982,0.2,1
30.08.2021 00:19:16.161,296.339,295.982,0.2,1
30.08.2021 00:19:16.288,296.336,295.982,0.2,1
30.08.2021 00:19:16.401,296.334,295.982,0.2,1
30.08.2021 00:19:20.583,296.334,295.98,0.2,1.1
30.08.2021 00:19:20.637,296.334,295.97700000000003,0.2,1
30.08.2021 00:19:21.506,296.335,295.97700000000003,0.2,1
30.08.2021 00:19:21.635,296.334,295.97700000000003,0.2,1
30.08.2021 00:19:22.606,296.335,295.97700000000003,0.2,1
30.08.2021 00:19:27.001,296.365,295.97700000000003,0.85,1
30.08.2021 00:19:27.156,296.343,295.97700000000003,1.2,1
30.08.2021 00:19:27.271,296.34200000000004,295.97700000000003,0.2,1
30.08.2021 00:19:27.321,296.343,295.97700000000003,1.2,1
30.08.2021 00:19:41.782,296.343,295.955,1.2,1.1
30.08.2021 00:19:41.835,296.343,295.955,1.2,1
30.08.2021 00:19:51.732,296.343,295.95,1.2,0.76
30.08.2021 00:20:08.990,296.357,295.99,0.2,1
30.08.2021 00:20:33.440,296.357,295.99,0.2,1
30.08.2021 00:20:43.710,296.36,295.99,0.2,1
30.08.2021 00:20:48.381,296.358,295.99,0.2,1
30.08.2021 00:20:48.431,296.355,295.99,0.2,1
30.08.2021 00:20:48.532,296.35400000000004,295.99,0.2,1
30.08.2021 00:20:50.031,296.35200000000003,295.99,0.2,1
30.08.2021 00:20:50.561,296.35400000000004,295.99,0.2,1
30.08.2021 00:20:50.691,296.35200000000003,295.99,0.2,1
30.08.2021 00:20:51.734,296.35200000000003,295.988,0.2,1.32
30.08.2021 00:20:53.584,296.343,295.991,1.2,1
30.08.2021 00:20:58.576,296.334,295.97900000000004,0.2,1
30.08.2021 00:21:08.826,296.332,295.97900000000004,0.2,1
30.08.2021 00:21:08.939,296.329,295.97900000000004,0.2,1
30.08.2021 00:21:09.081,296.327,295.97900000000004,0.2,1
30.08.2021 00:21:09.985,296.32599999999996,295.97900000000004,0.2,1
30.08.2021 00:21:12.593,296.367,295.97900000000004,0.85,1
30.08.2021 00:21:12.644,296.32599999999996,295.97900000000004,0.2,1
30.08.2021 00:21:19.213,296.324,295.97900000000004,0.2,1
30.08.2021 00:21:19.432,296.32599999999996,295.97900000000004,0.2,1
30.08.2021 00:21:21.522,296.324,295.97900000000004,0.2,1
30.08.2021 00:21:21.650,296.32599999999996,295.97900000000004,0.2,1
30.08.2021 00:21:22.408,296.324,295.97900000000004,0.2,1
30.08.2021 00:21:24.918,296.32599999999996,295.97900000000004,0.2,1
30.08.2021 00:21:31.786,296.32599999999996,295.97700000000003,0.2,1.1
30.08.2021 00:21:31.918,296.324,295.961,0.2,1
30.08.2021 00:21:32.313,296.322,295.961,0.2,1
30.08.2021 00:21:39.577,296.322,295.961,0.2,1
30.08.2021 00:21:39.722,296.32,295.961,0.2,1
30.08.2021 00:21:39.864,296.32,295.959,0.2,1.1
30.08.2021 00:21:39.915,296.32,295.943,0.2,1
30.08.2021 00:21:40.607,296.329,295.943,0.85,1
30.08.2021 00:21:41.704,296.32,295.943,0.2,1
30.08.2021 00:21:42.976,296.319,295.943,0.2,1
30.08.2021 00:21:43.807,296.317,295.943,0.2,1
30.08.2021 00:21:43.857,296.316,295.943,0.2,1
30.08.2021 00:21:44.108,296.319,295.943,0.2,1
30.08.2021 00:21:46.314,296.317,295.943,0.2,1
30.08.2021 00:21:46.365,296.316,295.943,0.2,1
30.08.2021 00:21:47.040,296.319,295.943,0.2,1
30.08.2021 00:21:50.909,296.317,295.943,0.2,1
30.08.2021 00:21:50.959,296.316,295.943,0.2,1
30.08.2021 00:22:01.403,296.314,295.943,0.2,1
30.08.2021 00:22:07.331,296.331,295.943,1.1,1
30.08.2021 00:22:11.704,296.322,295.961,0.2,1
30.08.2021 00:22:12.387,296.32,295.961,0.2,1
30.08.2021 00:22:12.492,296.319,295.959,0.2,1.1
30.08.2021 00:22:12.600,296.319,295.961,0.2,1
30.08.2021 00:22:12.844,296.32099999999997,295.961,0.2,1
30.08.2021 00:22:16.405,296.322,295.961,0.2,1
30.08.2021 00:22:24.489,296.324,295.961,0.2,1
30.08.2021 00:22:24.882,296.324,295.961,0.2,1
30.08.2021 00:22:31.811,296.322,295.961,0.2,1
30.08.2021 00:22:31.862,296.32099999999997,295.961,0.2,1
30.08.2021 00:22:33.932,296.319,295.961,0.2,1
30.08.2021 00:22:36.660,296.322,295.961,0.2,1
30.08.2021 00:22:36.967,296.32,295.961,0.2,1
30.08.2021 00:22:37.400,296.32099999999997,295.961,0.2,1
30.08.2021 00:22:37.514,296.32099999999997,295.961,0.2,1
30.08.2021 00:22:37.787,296.319,295.961,0.2,1
30.08.2021 00:22:37.891,296.316,295.961,0.2,1
30.08.2021 00:22:40.597,296.319,295.961,0.2,1
30.08.2021 00:22:44.834,296.322,295.959,0.2,1.1
30.08.2021 00:22:44.884,296.322,295.964,0.2,1
30.08.2021 00:22:44.942,296.322,295.964,0.2,1
30.08.2021 00:23:03.802,296.319,295.964,0.2,1
30.08.2021 00:23:12.793,296.319,295.964,0.1,0.75
30.08.2021 00:23:14.805,296.316,295.964,0.1,0.75
30.08.2021 00:23:14.992,296.316,295.964,0.2,0.75
30.08.2021 00:23:18.320,296.314,295.964,0.2,1
30.08.2021 00:23:18.862,296.317,295.964,0.2,1
30.08.2021 00:23:19.004,296.316,295.964,0.2,1
30.08.2021 00:23:29.688,296.314,295.964,0.2,1
30.08.2021 00:23:30.454,296.312,295.964,0.2,1
30.08.2021 00:23:30.942,296.314,295.964,0.2,1
30.08.2021 00:23:31.222,296.312,295.964,0.2,1
30.08.2021 00:23:31.337,296.311,295.964,0.2,1
30.08.2021 00:23:35.406,296.31,295.964,0.2,1
30.08.2021 00:23:39.349,296.312,295.964,0.2,1
30.08.2021 00:23:39.773,296.31,295.964,0.2,1
30.08.2021 00:23:40.261,296.309,295.964,0.2,1
30.08.2021 00:23:43.771,296.309,295.964,0.2,1
30.08.2021 00:23:44.129,296.313,295.964,0.2,1
30.08.2021 00:23:44.179,296.35200000000003,295.964,0.85,1
30.08.2021 00:23:44.241,296.31,295.964,0.2,1
30.08.2021 00:23:44.842,296.31,295.962,0.2,1.1
30.08.2021 00:23:44.943,296.31,295.95099999999996,0.2,1
30.08.2021 00:24:04.870,296.31,295.95099999999996,0.2,1
30.08.2021 00:24:05.649,296.312,295.95099999999996,0.2,1
30.08.2021 00:24:06.847,296.31,295.95099999999996,0.2,1
30.08.2021 00:24:07.384,296.312,295.95099999999996,0.2,1
30.08.2021 00:24:07.726,296.313,295.95099999999996,1.5,1
30.08.2021 00:24:08.818,296.313,295.95099999999996,1.5,1
30.08.2021 00:24:11.706,296.312,295.95099999999996,0.2,1
30.08.2021 00:24:12.487,296.31,295.95099999999996,0.2,1
30.08.2021 00:24:13.779,296.309,295.95099999999996,0.2,1
30.08.2021 00:24:13.996,296.307,295.95099999999996,0.2,1
30.08.2021 00:24:14.206,296.313,295.95099999999996,1,1
30.08.2021 00:24:14.257,296.309,295.95099999999996,0.2,1
30.08.2021 00:24:15.000,296.306,295.95099999999996,0.2,1
30.08.2021 00:24:21.404,296.30400000000003,295.95099999999996,0.2,1
30.08.2021 00:24:25.115,296.30400000000003,295.92900000000003,0.2,1
30.08.2021 00:24:26.845,296.30400000000003,295.941,0.2,1
30.08.2021 00:24:31.147,296.307,295.947,0.2,1
30.08.2021 00:24:31.287,296.312,295.947,0.2,1
30.08.2021 00:24:33.176,296.311,295.947,0.2,1
30.08.2021 00:24:33.303,296.314,295.947,0.2,1
30.08.2021 00:24:33.353,296.311,295.949,0.2,1
30.08.2021 00:24:33.736,296.309,295.949,0.2,1
30.08.2021 00:24:33.994,296.311,295.949,0.2,1
30.08.2021 00:24:34.987,296.309,295.949,0.2,1
30.08.2021 00:24:35.037,296.311,295.949,0.2,1
30.08.2021 00:24:35.880,296.309,295.949,0.2,1
30.08.2021 00:24:37.259,296.311,295.949,0.2,1
30.08.2021 00:24:54.933,296.311,295.949,0.1,0.75
30.08.2021 00:24:55.111,296.30400000000003,295.949,0.2,1
30.08.2021 00:24:55.261,296.301,295.949,0.2,1
30.08.2021 00:25:07.233,296.302,295.949,0.2,1
30.08.2021 00:25:07.563,296.301,295.949,0.2,1
30.08.2021 00:25:08.238,296.302,295.949,0.2,1
30.08.2021 00:25:10.085,296.301,295.949,0.2,1
30.08.2021 00:25:10.328,296.302,295.949,0.2,1
30.08.2021 00:25:10.960,296.301,295.949,0.2,1
30.08.2021 00:25:22.777,296.29900000000004,295.949,0.2,1
30.08.2021 00:25:28.890,296.29900000000004,295.931,0.2,1
30.08.2021 00:25:28.991,296.291,295.931,0.2,1
30.08.2021 00:25:29.308,296.28900000000004,295.931,0.2,1
30.08.2021 00:25:31.431,296.28700000000003,295.931,0.2,1
30.08.2021 00:25:31.594,296.29,295.931,0.2,1
30.08.2021 00:25:31.645,296.28900000000004,295.931,0.2,1
30.08.2021 00:25:32.015,296.28900000000004,295.92900000000003,0.2,1.1
30.08.2021 00:25:32.066,296.28900000000004,295.926,0.2,1
30.08.2021 00:25:32.116,296.286,295.926,0.2,1
30.08.2021 00:25:32.989,296.28700000000003,295.926,0.2,1
30.08.2021 00:25:33.447,296.286,295.926,0.2,1
30.08.2021 00:25:34.024,296.281,295.926,0.2,1
30.08.2021 00:25:34.074,296.281,295.92400000000004,0.85,1.1
30.08.2021 00:25:34.175,296.279,295.913,0.2,1
30.08.2021 00:25:34.225,296.276,295.913,0.2,1
30.08.2021 00:25:34.440,296.274,295.913,0.2,1
30.08.2021 00:25:51.702,296.28400000000005,295.915,0.2,1
30.08.2021 00:25:55.302,296.286,295.915,0.2,1
30.08.2021 00:26:04.009,296.297,295.933,0.6,1
30.08.2021 00:26:04.140,296.32099999999997,295.933,1.35,1
30.08.2021 00:26:04.366,296.295,295.933,0.6,1
30.08.2021 00:26:09.995,296.32099999999997,295.933,1.7,1
30.08.2021 00:26:11.704,296.29900000000004,295.933,0.2,1
30.08.2021 00:26:28.033,296.308,295.95099999999996,0.47,1
30.08.2021 00:26:28.133,296.315,295.95099999999996,0.6,1
30.08.2021 00:26:31.297,296.309,295.95099999999996,0.47,1
30.08.2021 00:26:42.906,296.312,295.95099999999996,0.6,1
30.08.2021 00:26:43.045,296.313,295.95099999999996,1.2,1
30.08.2021 00:26:44.444,296.327,295.95099999999996,0.2,1
30.08.2021 00:26:44.494,296.324,295.95099999999996,0.2,1
30.08.2021 00:26:44.876,296.324,295.95099999999996,0.2,1
30.08.2021 00:26:45.213,296.322,295.95099999999996,0.2,1
30.08.2021 00:26:55.441,296.324,295.95099999999996,0.2,1
30.08.2021 00:26:58.011,296.322,295.95099999999996,0.2,1
30.08.2021 00:27:03.072,296.32099999999997,295.95099999999996,0.2,1
30.08.2021 00:27:03.267,296.322,295.95099999999996,0.2,1
30.08.2021 00:27:03.834,296.32099999999997,295.95099999999996,0.2,1
30.08.2021 00:27:03.965,296.319,295.95099999999996,0.2,1
30.08.2021 00:27:05.117,296.317,295.95099999999996,0.2,1
30.08.2021 00:27:21.703,296.314,295.95099999999996,0.2,1
30.08.2021 00:27:21.993,296.314,295.949,0.2,1.1
30.08.2021 00:27:22.043,296.314,295.954,0.2,1
30.08.2021 00:27:22.297,296.312,295.954,0.2,1
30.08.2021 00:27:41.719,296.312,295.954,0.1,0.75
30.08.2021 00:27:42.252,296.316,295.954,0.1,0.75
30.08.2021 00:27:42.375,296.322,295.954,0.2,1
30.08.2021 00:27:42.426,296.317,295.954,0.2,1
30.08.2021 00:28:01.704,296.317,295.954,0.1,0.75
30.08.2021 00:28:11.816,296.32099999999997,295.954,0.1,0.75
30.08.2021 00:28:11.869,296.319,295.954,0.2,1
30.08.2021 00:28:16.222,296.322,295.954,0.2,1
30.08.2021 00:28:16.376,296.323,295.954,1,1
30.08.2021 00:28:22.007,296.323,295.964,1,1
30.08.2021 00:28:38.302,296.323,295.964,1.2,1
30.08.2021 00:28:42.970,296.323,295.964,1,1
30.08.2021 00:29:05.305,296.323,295.964,0.9,0.75
30.08.2021 00:29:06.186,296.324,295.964,0.1,0.75
30.08.2021 00:29:16.430,296.328,295.964,0.1,0.75
30.08.2021 00:29:16.481,296.325,295.964,0.2,1
30.08.2021 00:29:16.681,296.324,295.964,0.2,1
30.08.2021 00:29:18.828,296.325,295.964,0.2,1
30.08.2021 00:29:19.012,296.325,295.962,0.2,1.1
30.08.2021 00:29:19.062,296.325,295.96500000000003,0.2,1
30.08.2021 00:29:19.113,296.333,295.96500000000003,1.2,1
30.08.2021 00:29:19.569,296.333,295.96500000000003,1,1
30.08.2021 00:29:20.566,296.333,295.96500000000003,1.2,1
30.08.2021 00:29:21.057,296.333,295.963,1.2,1.1
30.08.2021 00:29:21.167,296.333,295.948,1.2,1
30.08.2021 00:29:25.576,296.333,295.948,1.3,1
30.08.2021 00:29:43.869,296.332,295.948,0.2,0.75
30.08.2021 00:29:43.920,296.332,295.948,1.1,1
30.08.2021 00:29:45.371,296.329,295.948,1,1
30.08.2021 00:29:50.023,296.328,295.948,1,1
30.08.2021 00:29:54.953,296.319,295.948,1,1
30.08.2021 00:29:55.060,296.328,295.95099999999996,1,1
30.08.2021 00:30:04.453,296.331,295.95099999999996,1,1
30.08.2021 00:30:04.559,296.332,295.95099999999996,0.15,1
30.08.2021 00:30:04.857,296.337,295.949,0.2,1.32
30.08.2021 00:30:06.187,296.323,295.949,1.2,1.1
30.08.2021 00:30:14.743,296.323,295.949,1.2,0.76
30.08.2021 00:30:18.932,296.337,295.95,0.6,0.76
30.08.2021 00:30:24.899,296.331,295.942,1.25,1
30.08.2021 00:30:27.103,296.303,295.942,1.2,1
30.08.2021 00:30:27.395,296.331,295.942,1.25,1
30.08.2021 00:30:31.569,296.324,295.935,1.25,1
30.08.2021 00:30:36.986,296.324,295.935,0.85,1
30.08.2021 00:30:37.086,296.324,295.935,1.25,1
30.08.2021 00:30:37.441,296.324,295.935,0.85,1
30.08.2021 00:30:37.492,296.324,295.935,1.25,1
30.08.2021 00:30:37.935,296.324,295.935,0.85,1
30.08.2021 00:30:38.036,296.324,295.935,1.25,1
30.08.2021 00:30:38.335,296.324,295.935,0.85,1
30.08.2021 00:30:38.435,296.324,295.935,1.25,1
30.08.2021 00:30:39.367,296.324,295.935,0.85,1
30.08.2021 00:30:39.468,296.324,295.935,1.25,1
30.08.2021 00:30:40.057,296.29400000000004,295.937,0.2,1
30.08.2021 00:30:40.300,296.325,295.937,1.25,1
30.08.2021 00:30:54.708,296.302,295.937,0.2,1
30.08.2021 00:30:54.878,296.303,295.937,1.2,1
30.08.2021 00:30:54.992,296.303,295.937,1,1
30.08.2021 00:30:57.832,296.303,295.937,1.2,1
30.08.2021 00:31:27.025,296.313,295.937,1.2,1
30.08.2021 00:31:36.536,296.325,295.937,0.85,1
30.08.2021 00:31:36.637,296.313,295.937,1.2,1
30.08.2021 00:31:36.937,296.325,295.937,0.85,1
30.08.2021 00:31:37.037,296.313,295.937,1.2,1
30.08.2021 00:31:37.485,296.325,295.937,0.85,1
30.08.2021 00:31:37.587,296.313,295.937,1,1
30.08.2021 00:31:37.638,296.313,295.937,1.2,1
30.08.2021 00:31:38.436,296.325,295.937,0.85,1
30.08.2021 00:31:38.540,296.313,295.937,1.2,1
30.08.2021 00:31:39.420,296.325,295.937,1.1,1
30.08.2021 00:31:39.521,296.313,295.937,1.2,1
30.08.2021 00:31:39.901,296.325,295.937,0.85,1
30.08.2021 00:31:39.952,296.313,295.937,1.2,1
30.08.2021 00:31:40.064,296.313,295.95,1.2,1
30.08.2021 00:31:40.837,296.338,295.95,0.95,1
30.08.2021 00:31:40.938,296.313,295.95,1.2,1
30.08.2021 00:31:41.820,296.338,295.95,0.95,1
30.08.2021 00:31:41.871,296.313,295.95,1.2,1
30.08.2021 00:31:43.737,296.338,295.95,0.95,1
30.08.2021 00:31:43.888,296.313,295.95,1.2,1
30.08.2021 00:31:46.237,296.338,295.95,0.95,1
30.08.2021 00:31:46.337,296.313,295.95,1.2,1
30.08.2021 00:31:49.281,296.338,295.95,0.95,1
30.08.2021 00:31:49.331,296.313,295.95,1.2,1
30.08.2021 00:32:05.175,296.305,295.943,0.75,0.75
30.08.2021 00:32:05.226,296.323,295.934,1.25,1
30.08.2021 00:32:20.591,296.305,295.916,1.25,1
30.08.2021 00:32:20.666,296.305,295.935,1.25,1
30.08.2021 00:32:27.025,296.293,295.935,1.2,1
30.08.2021 00:32:40.249,296.324,295.935,0.85,1
30.08.2021 00:32:40.957,296.288,295.935,0.2,1
30.08.2021 00:32:54.793,296.293,295.935,1.2,1
30.08.2021 00:32:54.856,296.293,295.935,1.3,1
30.08.2021 00:32:55.778,296.293,295.933,1.3,1.1
30.08.2021 00:32:55.829,296.293,295.91400000000004,1.3,1
30.08.2021 00:32:55.981,296.293,295.91400000000004,1.2,1
30.08.2021 00:32:56.714,296.293,295.91400000000004,1.3,1
30.08.2021 00:33:14.926,296.291,295.91400000000004,0.2,1
30.08.2021 00:33:24.990,296.293,295.932,1,1
30.08.2021 00:33:25.249,296.291,295.932,0.15,1
30.08.2021 00:33:26.252,296.293,295.932,1,1
30.08.2021 00:33:26.303,296.293,295.932,1,1
30.08.2021 00:33:35.004,296.29400000000004,295.935,0.2,1
30.08.2021 00:33:35.233,296.297,295.935,0.2,1
30.08.2021 00:33:41.871,296.303,295.935,1,1
30.08.2021 00:33:42.236,296.324,295.935,0.85,1
30.08.2021 00:33:42.337,296.303,295.935,1.2,1
30.08.2021 00:33:42.821,296.324,295.935,0.85,1
30.08.2021 00:33:42.872,296.303,295.935,1.2,1
30.08.2021 00:33:43.372,296.324,295.935,0.85,1
30.08.2021 00:33:43.423,296.303,295.935,1.2,1
30.08.2021 00:33:43.904,296.303,295.935,1,1
30.08.2021 00:33:44.004,296.303,295.935,1.2,1
30.08.2021 00:33:44.417,296.324,295.935,0.85,1
30.08.2021 00:33:44.518,296.303,295.935,1,1
30.08.2021 00:33:44.897,296.303,295.935,1.2,1
30.08.2021 00:33:44.997,296.29400000000004,295.935,0.2,1
30.08.2021 00:33:45.106,296.303,295.935,1.2,1
30.08.2021 00:33:45.589,296.324,295.935,0.85,1
30.08.2021 00:33:45.639,296.303,295.935,1.2,1
30.08.2021 00:33:46.531,296.324,295.935,0.85,1
30.08.2021 00:33:46.581,296.303,295.935,1.2,1
30.08.2021 00:33:47.838,296.324,295.935,0.85,1
30.08.2021 00:33:47.939,296.303,295.935,1.2,1
30.08.2021 00:33:48.064,296.291,295.933,1,1
30.08.2021 00:33:48.114,296.303,295.928,1.2,1
30.08.2021 00:34:17.872,296.296,295.928,0.37,0.75
30.08.2021 00:34:17.936,296.286,295.928,0.1,0.75
30.08.2021 00:34:18.037,296.316,295.928,1.5,1
30.08.2021 00:34:18.520,296.316,295.928,1.1,1
30.08.2021 00:34:18.570,296.316,295.928,1.5,1
30.08.2021 00:34:30.266,296.316,295.928,0.85,1
30.08.2021 00:34:31.703,296.283,295.928,0.2,1
30.08.2021 00:34:36.563,296.296,295.928,0.47,1
30.08.2021 00:34:36.694,296.295,295.928,0.2,1
30.08.2021 00:34:37.002,296.296,295.928,0.47,1
30.08.2021 00:34:37.102,296.316,295.928,1.25,1
30.08.2021 00:34:48.072,296.316,295.936,1.25,1
30.08.2021 00:34:52.955,296.303,295.936,1.2,1
30.08.2021 00:34:53.029,296.303,295.955,1.2,1
30.08.2021 00:34:53.272,296.324,295.953,1,1.1
30.08.2021 00:34:53.322,296.34000000000003,295.961,0.6,1
30.08.2021 00:34:53.570,296.34000000000003,295.961,0.2,1
30.08.2021 00:34:53.671,296.332,295.961,0.47,1
30.08.2021 00:34:53.721,296.33,295.961,0.2,1
30.08.2021 00:34:54.176,296.32599999999996,295.959,1,1.1
30.08.2021 00:34:54.385,296.33,295.963,0.2,1
30.08.2021 00:35:04.730,296.323,295.963,1.2,1
30.08.2021 00:35:14.358,296.323,295.956,0.9,0.75
30.08.2021 00:35:14.765,296.308,295.945,0.1,0.75
30.08.2021 00:35:14.899,296.323,295.945,1.2,1
30.08.2021 00:35:14.962,296.313,295.943,1,1.1
30.08.2021 00:35:15.012,296.323,295.949,1.2,1
30.08.2021 00:35:16.723,296.323,295.949,1.2,1
30.08.2021 00:35:30.786,296.328,295.949,0.2,1
30.08.2021 00:35:30.887,296.323,295.949,1.2,1
30.08.2021 00:35:31.886,296.328,295.949,0.2,1
30.08.2021 00:35:31.987,296.323,295.949,1.2,1
30.08.2021 00:35:33.061,296.328,295.949,0.2,1
30.08.2021 00:35:33.111,296.323,295.949,1.2,1
30.08.2021 00:35:35.245,296.328,295.949,0.2,1
30.08.2021 00:35:35.295,296.323,295.949,1.2,1
30.08.2021 00:35:37.421,296.328,295.949,0.2,1
30.08.2021 00:35:37.471,296.323,295.949,1.2,1
30.08.2021 00:35:40.687,296.328,295.949,0.2,1
30.08.2021 00:35:40.787,296.323,295.949,1.2,1
30.08.2021 00:35:41.282,296.328,295.949,0.2,1
30.08.2021 00:35:41.333,296.323,295.949,1.2,1
30.08.2021 00:35:41.383,296.338,295.949,1.25,1
30.08.2021 00:35:41.787,296.328,295.949,0.2,1
30.08.2021 00:35:41.887,296.333,295.949,0.6,1
30.08.2021 00:35:53.070,296.338,295.947,1.25,1
30.08.2021 00:35:53.121,296.316,295.928,1.25,1
30.08.2021 00:36:04.727,296.303,295.928,1.2,1
30.08.2021 00:36:10.771,296.303,295.931,1.2,1
30.08.2021 00:36:10.983,296.303,295.944,1.2,1
30.08.2021 00:36:11.223,296.303,295.944,1.3,1
30.08.2021 00:36:11.386,296.303,295.944,1.2,1
30.08.2021 00:36:17.516,296.303,295.941,1.2,1
30.08.2021 00:36:24.954,296.303,295.939,1.2,1.1
30.08.2021 00:36:25.004,296.303,295.941,1.2,1
30.08.2021 00:36:54.969,296.303,295.933,1.2,1
30.08.2021 00:36:55.019,296.303,295.943,1.2,1
30.08.2021 00:36:57.196,296.334,295.943,1.25,1
30.08.2021 00:37:01.989,296.315,295.92400000000004,1.25,1
30.08.2021 00:37:02.124,296.301,295.92400000000004,1,1
30.08.2021 00:37:03.496,296.3,295.92400000000004,1,1
30.08.2021 00:37:03.596,296.283,295.92400000000004,1.2,1
30.08.2021 00:37:03.769,296.283,295.898,1.2,1.25
30.08.2021 00:37:03.820,296.283,295.922,1.2,1
30.08.2021 00:37:04.063,296.283,295.92,1.2,1
30.08.2021 00:37:04.461,296.283,295.898,1.2,1.25
30.08.2021 00:37:04.511,296.283,295.918,1.2,1
30.08.2021 00:37:14.966,296.283,295.916,1.2,1
30.08.2021 00:37:15.016,296.283,295.91900000000004,1.2,1
30.08.2021 00:37:15.136,296.31,295.91900000000004,0.85,1
30.08.2021 00:37:15.237,296.277,295.91900000000004,0.2,1
30.08.2021 00:37:15.287,296.279,295.91900000000004,0.2,1
30.08.2021 00:37:23.916,296.28200000000004,295.91900000000004,0.2,1
30.08.2021 00:37:24.082,296.283,295.91900000000004,1,1
30.08.2021 00:37:24.865,296.283,295.91900000000004,1.2,1
30.08.2021 00:37:30.522,296.29400000000004,295.91900000000004,0.2,1
30.08.2021 00:37:30.746,296.328,295.943,0.6,1
30.08.2021 00:37:30.908,296.328,295.943,0.2,1
30.08.2021 00:37:31.350,296.29400000000004,295.943,0.2,1
30.08.2021 00:37:31.531,296.297,295.943,0.2,1
30.08.2021 00:37:34.878,296.29900000000004,295.943,0.2,1
30.08.2021 00:37:39.484,296.297,295.943,0.2,1
30.08.2021 00:37:39.988,296.302,295.943,0.47,1
30.08.2021 00:37:40.136,296.3,295.943,0.2,1
30.08.2021 00:37:40.186,296.29900000000004,295.943,0.2,1
30.08.2021 00:37:40.288,296.334,295.943,1.35,1
30.08.2021 00:37:40.417,296.3,295.943,0.2,1
30.08.2021 00:37:40.555,296.297,295.943,0.2,1
30.08.2021 00:37:40.704,296.29900000000004,295.943,0.2,1
30.08.2021 00:37:41.359,296.297,295.943,0.2,1
30.08.2021 00:37:43.322,296.296,295.943,0.2,1
30.08.2021 00:38:04.343,296.297,295.943,0.2,1
30.08.2021 00:38:29.340,296.296,295.943,0.2,1
30.08.2021 00:38:30.700,296.296,295.945,0.2,1
30.08.2021 00:38:32.683,296.296,295.943,0.2,1.1
30.08.2021 00:38:32.734,296.296,295.92400000000004,0.2,1
30.08.2021 00:38:41.704,296.295,295.92400000000004,0.2,1
30.08.2021 00:38:49.720,296.295,295.92400000000004,0.1,0.75
30.08.2021 00:38:49.840,296.29,295.92400000000004,0.1,0.75
30.08.2021 00:38:50.001,296.28700000000003,295.92400000000004,0.2,1
30.08.2021 00:38:50.051,296.309,295.92400000000004,1.2,1
30.08.2021 00:38:50.227,296.314,295.92400000000004,0.85,1
30.08.2021 00:38:53.518,296.291,295.92400000000004,0.2,1
30.08.2021 00:38:53.569,296.29,295.92400000000004,0.2,1
30.08.2021 00:39:01.705,296.288,295.92400000000004,0.2,1
30.08.2021 00:39:13.233,296.286,295.92400000000004,0.2,1
30.08.2021 00:39:13.284,296.285,295.92400000000004,0.2,1
30.08.2021 00:39:14.152,296.283,295.92400000000004,0.2,1
30.08.2021 00:39:14.202,296.314,295.92400000000004,1.25,1
30.08.2021 00:39:14.253,296.285,295.92400000000004,0.2,1
30.08.2021 00:39:16.299,296.283,295.92400000000004,0.2,1
30.08.2021 00:39:16.678,296.28900000000004,295.92400000000004,1.1,1
30.08.2021 00:39:16.862,296.301,295.918,1,1
30.08.2021 00:39:17.027,296.309,295.918,1.1,1
30.08.2021 00:39:17.223,296.302,295.918,1.1,1
30.08.2021 00:39:17.281,296.302,295.918,1,1
30.08.2021 00:39:18.311,296.309,295.918,1.1,1
30.08.2021 00:39:18.578,296.302,295.918,1.3,1
30.08.2021 00:39:18.628,296.302,295.918,1,1
30.08.2021 00:39:18.827,296.309,295.918,1.1,1
30.08.2021 00:39:18.934,296.302,295.918,1.3,1
30.08.2021 00:39:18.984,296.302,295.918,1,1
30.08.2021 00:39:19.617,296.309,295.918,1.1,1
30.08.2021 00:39:19.977,296.302,295.918,1,1
30.08.2021 00:39:20.250,296.309,295.918,1.1,1
30.08.2021 00:39:20.351,296.302,295.918,1,1
30.08.2021 00:39:20.579,296.309,295.918,1.1,1
30.08.2021 00:39:20.728,296.302,295.918,1.3,1
30.08.2021 00:39:20.778,296.302,295.918,1,1
30.08.2021 00:39:21.011,296.309,295.918,1.1,1
30.08.2021 00:39:21.277,296.302,295.918,1.3,1
30.08.2021 00:39:21.327,296.302,295.918,1,1
30.08.2021 00:39:21.538,296.309,295.918,1.1,1
30.08.2021 00:39:21.850,296.302,295.918,1.3,1
30.08.2021 00:39:21.901,296.302,295.918,1,1
30.08.2021 00:39:21.951,296.28000000000003,295.918,0.2,1
30.08.2021 00:39:22.129,296.302,295.918,1,1
30.08.2021 00:39:22.360,296.309,295.918,0.85,1
30.08.2021 00:39:22.626,296.28400000000005,295.918,0.2,1
30.08.2021 00:39:22.677,296.302,295.918,1,1
30.08.2021 00:39:23.710,296.309,295.918,0.85,1
30.08.2021 00:39:23.945,296.302,295.918,0.85,1
30.08.2021 00:39:23.995,296.302,295.918,1,1
30.08.2021 00:39:24.287,296.309,295.918,0.85,1
30.08.2021 00:39:24.388,296.302,295.918,0.85,1
30.08.2021 00:39:24.438,296.302,295.918,1,1
30.08.2021 00:39:25.061,296.309,295.918,0.85,1
30.08.2021 00:39:25.327,296.302,295.918,0.85,1
30.08.2021 00:39:25.434,296.302,295.918,1,1
30.08.2021 00:39:25.637,296.309,295.918,0.85,1
30.08.2021 00:39:25.738,296.302,295.918,0.85,1
30.08.2021 00:39:25.788,296.302,295.918,1,1
30.08.2021 00:39:26.411,296.309,295.918,0.85,1
30.08.2021 00:39:26.677,296.28400000000005,295.918,0.2,1
30.08.2021 00:39:26.727,296.302,295.918,1,1
30.08.2021 00:39:26.922,296.309,295.918,0.85,1
30.08.2021 00:39:27.023,296.302,295.918,1,1
30.08.2021 00:39:27.312,296.309,295.918,0.85,1
30.08.2021 00:39:27.627,296.28400000000005,295.918,0.2,1
30.08.2021 00:39:27.677,296.302,295.918,1,1
30.08.2021 00:39:27.869,296.309,295.918,0.85,1
30.08.2021 00:39:28.006,296.28400000000005,295.918,0.2,1
30.08.2021 00:39:28.057,296.302,295.918,1,1
30.08.2021 00:39:28.275,296.309,295.918,0.85,1
30.08.2021 00:39:28.577,296.302,295.918,0.85,1
30.08.2021 00:39:28.684,296.302,295.918,1,1
30.08.2021 00:39:28.886,296.309,295.918,0.85,1
30.08.2021 00:39:28.936,296.302,295.918,1,1
30.08.2021 00:39:29.206,296.309,295.918,0.85,1
30.08.2021 00:39:29.478,296.28400000000005,295.918,0.2,1
30.08.2021 00:39:29.529,296.302,295.918,1,1
30.08.2021 00:39:30.199,296.309,295.918,0.85,1
30.08.2021 00:39:30.478,296.302,295.918,0.85,1
30.08.2021 00:39:30.528,296.283,295.918,1.2,1
30.08.2021 00:39:31.161,296.309,295.918,0.85,1
30.08.2021 00:39:31.427,296.283,295.918,1,1
30.08.2021 00:39:31.478,296.283,295.918,1.2,1
30.08.2021 00:39:31.689,296.309,295.918,0.85,1
30.08.2021 00:39:31.826,296.283,295.918,1,1
30.08.2021 00:39:31.877,296.283,295.918,1.2,1
30.08.2021 00:39:32.111,296.309,295.918,0.85,1
30.08.2021 00:39:32.378,296.283,295.918,1,1
30.08.2021 00:39:32.428,296.283,295.918,1.2,1
30.08.2021 00:39:32.676,296.309,295.918,0.85,1
30.08.2021 00:39:32.826,296.302,295.918,1,1
30.08.2021 00:39:33.061,296.309,295.918,0.85,1
30.08.2021 00:39:33.270,296.28400000000005,295.918,0.2,1
30.08.2021 00:39:33.321,296.302,295.918,1,1
30.08.2021 00:39:33.546,296.28900000000004,295.918,1.2,1
30.08.2021 00:39:33.676,296.283,295.918,1,1
30.08.2021 00:39:33.726,296.283,295.918,1.2,1
30.08.2021 00:39:33.993,296.309,295.918,0.85,1
30.08.2021 00:39:34.276,296.283,295.918,1,1
30.08.2021 00:39:34.327,296.283,295.918,1.2,1
30.08.2021 00:39:34.528,296.309,295.918,0.85,1
30.08.2021 00:39:34.678,296.283,295.918,1.2,1
30.08.2021 00:39:34.993,296.28000000000003,295.918,0.2,1
30.08.2021 00:39:35.278,296.283,295.918,1.2,1
30.08.2021 00:39:35.490,296.309,295.918,0.85,1
30.08.2021 00:39:35.628,296.283,295.918,1,1
30.08.2021 00:39:35.678,296.283,295.918,1.2,1
30.08.2021 00:39:35.911,296.309,295.918,0.85,1
30.08.2021 00:39:36.125,296.283,295.918,1,1
30.08.2021 00:39:36.176,296.283,295.918,1.2,1
30.08.2021 00:39:36.416,296.309,295.918,0.85,1
30.08.2021 00:39:37.074,296.28000000000003,295.918,0.2,1
30.08.2021 00:39:39.388,296.279,295.918,0.2,1
30.08.2021 00:39:53.987,296.28000000000003,295.918,0.2,1
30.08.2021 00:39:54.087,296.283,295.918,1.2,1
30.08.2021 00:40:16.688,296.283,295.926,1.2,1
30.08.2021 00:40:18.966,296.283,295.92400000000004,1.2,1
30.08.2021 00:40:19.016,296.283,295.92900000000003,1.2,1
30.08.2021 00:40:21.806,296.283,295.927,1.2,1
30.08.2021 00:40:33.544,296.293,295.927,1.2,1
30.08.2021 00:40:38.975,296.293,295.925,1.65,1
30.08.2021 00:40:52.421,296.276,295.923,1,1
30.08.2021 00:40:52.471,296.303,295.91200000000003,1.5,1
30.08.2021 00:40:52.846,296.303,295.91200000000003,1.1,1
30.08.2021 00:40:52.947,296.303,295.91200000000003,1.25,1
30.08.2021 00:40:54.067,296.29,295.91200000000003,1,1
30.08.2021 00:40:55.244,296.303,295.91200000000003,1.1,1
30.08.2021 00:41:00.043,296.269,295.911,0.2,1
30.08.2021 00:41:00.497,296.267,295.911,0.2,1
30.08.2021 00:41:01.017,296.265,295.911,0.2,1
30.08.2021 00:41:01.127,296.264,295.911,0.2,1
30.08.2021 00:41:01.815,296.273,295.911,1.2,1
30.08.2021 00:41:01.995,296.273,295.911,1,1
30.08.2021 00:41:03.056,296.268,295.911,0.2,1
30.08.2021 00:41:03.157,296.267,295.911,0.2,1
30.08.2021 00:41:03.229,296.266,295.90900000000005,0.85,1.1
30.08.2021 00:41:03.329,296.265,295.906,0.2,1
30.08.2021 00:41:03.530,296.273,295.906,1.2,1
30.08.2021 00:41:32.317,296.27,295.901,0.75,0.75
30.08.2021 00:41:32.368,296.273,295.91400000000004,0.9,0.75
30.08.2021 00:41:32.721,296.273,295.92,1.2,1
30.08.2021 00:41:37.213,296.273,295.918,1.2,1
30.08.2021 00:41:37.264,296.273,295.922,1.2,0.69
30.08.2021 00:41:38.157,296.273,295.906,1.2,1
30.08.2021 00:41:38.208,296.273,295.906,1.2,1
30.08.2021 00:41:43.271,296.293,295.906,1.2,1
30.08.2021 00:41:43.616,296.297,295.906,0.85,1
30.08.2021 00:41:43.717,296.293,295.906,1,1
30.08.2021 00:41:43.767,296.293,295.906,1.2,1
30.08.2021 00:41:44.070,296.293,295.911,1.2,1
30.08.2021 00:41:44.435,296.315,295.92400000000004,0.85,1
30.08.2021 00:41:44.864,296.293,295.92400000000004,1.2,1
30.08.2021 00:42:34.123,296.293,295.927,1.2,0.75
30.08.2021 00:42:38.883,296.293,295.925,1.2,1
30.08.2021 00:42:40.918,296.293,295.906,1.2,1.25
30.08.2021 00:42:42.769,296.29900000000004,295.906,0.85,1.25
30.08.2021 00:42:42.915,296.293,295.906,1.2,1.25
30.08.2021 00:42:44.305,296.297,295.906,1,1.25
30.08.2021 00:43:32.529,296.332,295.91200000000003,0.2,0.37
30.08.2021 00:43:32.630,296.297,295.906,1,1.25
30.08.2021 00:43:33.279,296.29900000000004,295.908,1.25,1
30.08.2021 00:43:38.885,296.293,295.90700000000004,1,1
30.08.2021 00:44:05.401,296.291,295.90700000000004,1,0.75
30.08.2021 00:44:33.239,296.293,295.90700000000004,0.9,0.75
30.08.2021 00:44:33.297,296.285,295.90700000000004,0.37,0.75
30.08.2021 00:44:38.885,296.28400000000005,295.90000000000003,0.75,0.75
30.08.2021 00:44:40.916,296.28400000000005,295.897,1,1
30.08.2021 00:44:43.264,296.283,295.897,1.2,1
30.08.2021 00:44:51.811,296.281,295.897,1,1
30.08.2021 00:44:54.451,296.278,295.897,1,0.75
30.08.2021 00:45:22.565,296.265,295.89,0.75,0.75
30.08.2021 00:45:22.615,296.263,295.879,1.2,1
30.08.2021 00:45:30.282,296.267,295.879,0.85,1
30.08.2021 00:45:30.918,296.245,295.879,0.2,1
30.08.2021 00:45:32.869,296.248,295.879,0.2,1
30.08.2021 00:45:40.193,296.267,295.879,0.85,1
30.08.2021 00:45:40.294,296.253,295.879,1.2,1
30.08.2021 00:45:45.857,296.265,295.879,1,1
30.08.2021 00:45:46.417,296.267,295.879,0.85,1
30.08.2021 00:45:46.517,296.265,295.879,1.3,1
30.08.2021 00:45:46.567,296.265,295.879,1,1
30.08.2021 00:45:47.391,296.263,295.879,1.2,1
30.08.2021 00:45:50.282,296.253,295.879,0.2,1
30.08.2021 00:45:50.382,296.263,295.879,1.2,1
30.08.2021 00:45:54.344,296.267,295.879,0.85,1
30.08.2021 00:45:54.394,296.263,295.879,1.2,1
30.08.2021 00:45:54.737,296.267,295.879,0.85,1
30.08.2021 00:45:54.838,296.263,295.879,1.2,1
30.08.2021 00:45:55.282,296.267,295.879,0.85,1
30.08.2021 00:45:55.383,296.263,295.879,1.2,1
30.08.2021 00:46:14.944,296.263,295.883,1.2,0.75
30.08.2021 00:46:15.045,296.263,295.898,1.2,0.75
30.08.2021 00:46:15.172,296.257,295.898,0.1,0.75
30.08.2021 00:46:15.272,296.263,295.898,0.9,0.75
30.08.2021 00:46:31.946,296.251,295.896,1,1
30.08.2021 00:46:31.997,296.263,295.887,1.2,1
30.08.2021 00:46:41.412,296.259,295.887,1,1
30.08.2021 00:46:41.463,296.263,295.888,1.2,1
30.08.2021 00:46:47.390,296.253,295.888,1.2,1
30.08.2021 00:46:55.521,296.276,295.888,0.85,1
30.08.2021 00:46:55.622,296.253,295.888,1,1
30.08.2021 00:46:55.672,296.253,295.888,1.2,1
30.08.2021 00:47:17.337,296.236,295.881,0.75,0.75
30.08.2021 00:47:17.387,296.253,295.879,1.2,1
30.08.2021 00:47:20.089,296.233,295.877,1,1
30.08.2021 00:47:20.139,296.266,295.877,1.1,1
30.08.2021 00:47:22.948,296.237,295.877,0.2,1
30.08.2021 00:47:24.170,296.235,295.877,0.2,1
30.08.2021 00:47:34.828,296.228,295.875,1,1.1
30.08.2021 00:47:34.879,296.233,295.875,0.97,1.1
30.08.2021 00:47:34.998,296.233,295.862,1.2,1
30.08.2021 00:47:35.788,296.22900000000004,295.862,1,1
30.08.2021 00:47:35.838,296.233,295.856,1.2,1
30.08.2021 00:47:38.578,296.244,295.856,0.85,1
30.08.2021 00:47:40.981,296.225,295.856,0.2,1
30.08.2021 00:47:41.198,296.228,295.856,0.2,1
30.08.2021 00:47:41.307,296.242,295.856,1,1
30.08.2021 00:47:41.680,296.233,295.856,1.2,1
30.08.2021 00:47:42.264,296.244,295.856,0.85,1
30.08.2021 00:47:42.647,296.228,295.856,0.2,1
30.08.2021 00:47:42.697,296.22700000000003,295.856,0.2,1
30.08.2021 00:47:42.920,296.22400000000005,295.856,0.2,1
30.08.2021 00:47:54.272,296.22700000000003,295.856,0.2,1
30.08.2021 00:47:54.432,296.23,295.856,0.2,1
30.08.2021 00:47:54.930,296.232,295.856,0.2,1
30.08.2021 00:47:55.046,296.233,295.856,1.2,1
30.08.2021 00:47:57.287,296.237,295.856,0.2,1
30.08.2021 00:47:58.688,296.243,295.875,1.2,1
30.08.2021 00:47:58.930,296.242,295.875,0.2,1
30.08.2021 00:47:59.077,296.23900000000003,295.875,0.2,1
30.08.2021 00:48:00.283,296.235,295.875,0.15,1
30.08.2021 00:48:00.920,296.235,295.875,0.2,1
30.08.2021 00:48:02.518,296.233,295.875,0.2,1
30.08.2021 00:48:02.697,296.235,295.875,0.2,1
30.08.2021 00:48:03.623,296.233,295.875,0.2,1
30.08.2021 00:48:03.673,296.238,295.875,0.2,1
30.08.2021 00:48:03.723,296.235,295.875,0.2,1
30.08.2021 00:48:04.036,296.243,295.875,1.2,1
30.08.2021 00:48:04.551,296.263,295.875,1.35,1
30.08.2021 00:48:05.305,296.243,295.875,1.2,1
30.08.2021 00:48:06.999,296.263,295.875,1.25,1
30.08.2021 00:48:07.749,296.243,295.875,1.2,1
30.08.2021 00:48:08.777,296.263,295.875,0.85,1
30.08.2021 00:48:15.659,296.237,295.875,0.2,1
30.08.2021 00:48:24.856,296.243,295.875,1.2,1
30.08.2021 00:48:26.075,296.243,295.875,0.2,1
30.08.2021 00:48:26.194,296.23900000000003,295.875,0.2,1
30.08.2021 00:48:27.071,296.235,295.875,0.15,1
30.08.2021 00:48:27.288,296.243,295.875,1,1
30.08.2021 00:48:27.339,296.237,295.875,0.2,1
30.08.2021 00:48:29.579,296.235,295.875,0.2,1
30.08.2021 00:48:30.194,296.237,295.875,0.2,1
30.08.2021 00:48:31.749,296.235,295.875,0.2,1
30.08.2021 00:48:31.905,296.243,295.875,1.2,1
30.08.2021 00:48:32.089,296.263,295.875,1.1,1
30.08.2021 00:48:33.009,296.237,295.875,0.2,1
30.08.2021 00:48:34.052,296.235,295.875,0.2,1
30.08.2021 00:48:37.361,296.233,295.875,0.2,1
30.08.2021 00:48:37.411,296.235,295.875,0.2,1
30.08.2021 00:48:38.210,296.232,295.875,0.2,1
30.08.2021 00:48:38.377,296.23,295.875,0.2,1
30.08.2021 00:48:38.611,296.233,295.875,1,1
30.08.2021 00:48:38.661,296.233,295.875,1.2,1
30.08.2021 00:48:38.775,296.232,295.875,0.2,1
30.08.2021 00:48:39.719,296.22900000000004,295.875,0.2,1
30.08.2021 00:48:44.777,296.22900000000004,295.873,0.2,1.1
30.08.2021 00:48:44.971,296.22700000000003,295.858,0.15,1
30.08.2021 00:48:45.021,296.22700000000003,295.858,0.2,1
30.08.2021 00:48:45.133,296.226,295.858,0.2,1
30.08.2021 00:48:45.479,296.22700000000003,295.858,0.2,1
30.08.2021 00:48:47.203,296.23,295.858,0.2,1
30.08.2021 00:48:47.373,296.232,295.858,0.2,1
30.08.2021 00:48:47.474,296.23,295.858,0.2,1
30.08.2021 00:48:47.761,296.233,295.858,1.2,1
30.08.2021 00:48:48.070,296.246,295.858,0.85,1
30.08.2021 00:48:48.170,296.233,295.858,1.2,1
30.08.2021 00:48:48.621,296.246,295.858,0.85,1
30.08.2021 00:48:48.721,296.233,295.858,1.2,1
30.08.2021 00:48:49.712,296.246,295.858,0.85,1
30.08.2021 00:48:49.813,296.233,295.858,1.2,1
30.08.2021 00:48:50.301,296.246,295.858,0.85,1
30.08.2021 00:48:50.352,296.233,295.858,1.2,1
30.08.2021 00:48:50.786,296.246,295.858,0.85,1
30.08.2021 00:48:50.886,296.233,295.858,1.2,1
30.08.2021 00:48:51.370,296.246,295.858,0.85,1
30.08.2021 00:48:51.471,296.233,295.858,1.2,1
30.08.2021 00:48:52.436,296.246,295.858,0.85,1
30.08.2021 00:48:52.536,296.233,295.858,1.2,1
30.08.2021 00:48:52.977,296.233,295.858,1,1
30.08.2021 00:48:53.077,296.233,295.858,1.2,1
30.08.2021 00:48:58.648,296.246,295.858,0.85,1
30.08.2021 00:48:58.698,296.233,295.858,1.2,1
30.08.2021 00:48:59.137,296.246,295.858,0.85,1
30.08.2021 00:48:59.187,296.233,295.858,1.2,1
30.08.2021 00:49:00.916,296.246,295.858,0.85,1
30.08.2021 00:49:01.017,296.233,295.858,1,1
30.08.2021 00:49:01.067,296.233,295.858,1.2,1
30.08.2021 00:49:05.822,296.22400000000005,295.858,1,1
30.08.2021 00:49:05.990,296.233,295.862,1.5,1
30.08.2021 00:49:06.040,296.233,295.862,1.2,1
30.08.2021 00:49:06.414,296.251,295.862,0.85,1
30.08.2021 00:49:06.515,296.233,295.862,1.5,1
30.08.2021 00:49:06.565,296.233,295.862,1.2,1
30.08.2021 00:49:09.495,296.251,295.862,1.25,1
30.08.2021 00:49:09.796,296.228,295.862,1,1
30.08.2021 00:49:10.137,296.251,295.862,0.85,1
30.08.2021 00:49:10.365,296.213,295.862,0.2,1
30.08.2021 00:49:10.416,296.211,295.862,0.2,1
30.08.2021 00:49:13.376,296.209,295.862,0.2,1
30.08.2021 00:49:13.689,296.209,295.86,0.2,1.1
30.08.2021 00:49:13.789,296.202,295.839,1,1.1
30.08.2021 00:49:13.940,296.213,295.839,1.2,1
30.08.2021 00:49:15.514,296.209,295.839,1,1
30.08.2021 00:49:15.564,296.213,295.838,1.2,1
30.08.2021 00:49:15.759,296.226,295.838,0.85,1
30.08.2021 00:49:16.259,296.20099999999996,295.838,0.2,1
30.08.2021 00:49:16.389,296.203,295.838,0.2,1
30.08.2021 00:49:19.807,296.209,295.838,0.2,1
30.08.2021 00:49:19.858,296.209,295.838,0.2,1
30.08.2021 00:49:20.011,296.213,295.838,1.2,1
30.08.2021 00:49:20.645,296.226,295.838,0.85,1
30.08.2021 00:49:25.659,296.211,295.838,0.2,1
30.08.2021 00:49:30.945,296.209,295.838,0.2,1
30.08.2021 00:49:34.197,296.207,295.838,0.2,1
30.08.2021 00:49:35.383,296.209,295.838,0.2,1
30.08.2021 00:49:42.562,296.213,295.838,1,1
30.08.2021 00:49:42.696,296.211,295.838,0.2,1
30.08.2021 00:49:42.911,296.213,295.838,1.2,1
30.08.2021 00:49:43.278,296.226,295.838,0.85,1
30.08.2021 00:49:45.587,296.211,295.838,0.2,1
30.08.2021 00:49:45.887,296.209,295.838,0.2,1
30.08.2021 00:49:46.283,296.211,295.838,0.2,1
30.08.2021 00:49:46.964,296.209,295.838,0.2,1
30.08.2021 00:49:47.418,296.211,295.838,0.2,1
30.08.2021 00:49:47.965,296.209,295.838,0.2,1
30.08.2021 00:49:51.932,296.211,295.838,0.2,1
30.08.2021 00:49:52.441,296.209,295.838,0.2,1
30.08.2021 00:49:54.282,296.211,295.838,0.2,1
30.08.2021 00:49:55.244,296.209,295.838,0.2,1
30.08.2021 00:49:56.926,296.211,295.838,0.2,1
30.08.2021 00:50:05.105,296.213,295.856,1.2,1
30.08.2021 00:50:22.785,296.214,295.856,0.2,1
30.08.2021 00:50:41.900,296.214,295.85400000000004,0.2,1.1
30.08.2021 00:50:41.951,296.21700000000004,295.851,0.95,1
30.08.2021 00:50:42.137,296.213,295.851,0.2,1
30.08.2021 00:50:42.188,296.223,295.851,1.2,1
30.08.2021 00:50:42.636,296.24,295.851,0.85,1
30.08.2021 00:50:42.868,296.223,295.851,1.5,1
30.08.2021 00:50:45.461,296.223,295.851,1.2,1
30.08.2021 00:50:45.599,296.223,295.862,1.2,1
30.08.2021 00:50:46.662,296.25,295.862,0.85,1
30.08.2021 00:50:48.228,296.21700000000004,295.862,0.2,1
30.08.2021 00:50:48.512,296.223,295.862,1.2,1
30.08.2021 00:50:48.842,296.21700000000004,295.862,0.2,1
30.08.2021 00:50:49.392,296.214,295.862,0.2,1
30.08.2021 00:50:49.443,296.223,295.862,1.2,1
30.08.2021 00:50:49.879,296.223,295.862,1,1
30.08.2021 00:50:55.109,296.212,295.862,0.15,1
30.08.2021 00:50:55.260,296.223,295.862,1,1
30.08.2021 00:50:55.311,296.214,295.862,0.2,1
30.08.2021 00:50:59.443,296.212,295.862,0.2,1
30.08.2021 00:51:01.878,296.214,295.862,0.2,1
30.08.2021 00:51:02.378,296.216,295.862,0.2,1
30.08.2021 00:51:05.246,296.214,295.862,0.2,1
30.08.2021 00:51:07.316,296.216,295.862,0.2,1
30.08.2021 00:51:16.546,296.223,295.862,1.2,1
30.08.2021 00:51:21.114,296.219,295.862,1,1
30.08.2021 00:51:21.164,296.223,295.85200000000003,1.2,1
30.08.2021 00:51:21.255,296.24,295.85200000000003,0.85,1
30.08.2021 00:51:21.356,296.214,295.85200000000003,0.2,1
30.08.2021 00:51:21.566,296.212,295.85200000000003,0.2,1
30.08.2021 00:51:31.474,296.223,295.85200000000003,1.2,1
30.08.2021 00:51:35.778,296.24,295.85200000000003,0.85,1
30.08.2021 00:51:37.280,296.209,295.85,1,1.1
30.08.2021 00:51:37.388,296.212,295.85200000000003,0.2,1
30.08.2021 00:51:44.800,296.212,295.85,0.2,1.1
30.08.2021 00:51:44.850,296.212,295.85200000000003,0.2,1
30.08.2021 00:51:49.596,296.21500000000003,295.85200000000003,0.2,1
30.08.2021 00:51:53.192,296.216,295.85200000000003,0.2,1
30.08.2021 00:51:53.243,296.21500000000003,295.85200000000003,0.2,1
30.08.2021 00:51:53.621,296.213,295.85200000000003,0.2,1
30.08.2021 00:51:54.853,296.212,295.85200000000003,0.2,1
30.08.2021 00:51:55.531,296.212,295.85,0.2,1.1
30.08.2021 00:51:55.582,296.212,295.856,0.2,1
30.08.2021 00:51:56.461,296.223,295.856,1.2,1
30.08.2021 00:51:56.828,296.244,295.856,0.85,1
30.08.2021 00:51:59.992,296.216,295.856,0.2,1
30.08.2021 00:52:00.042,296.223,295.856,1.2,1
30.08.2021 00:52:03.545,296.223,295.856,1.5,1
30.08.2021 00:52:03.596,296.223,295.856,1.2,1
30.08.2021 00:52:03.864,296.244,295.856,0.85,1
30.08.2021 00:52:03.964,296.219,295.856,1.3,1
30.08.2021 00:52:04.015,296.219,295.856,1,1
30.08.2021 00:52:04.285,296.22,295.856,1,1
30.08.2021 00:52:05.194,296.244,295.856,1.25,1
30.08.2021 00:52:05.310,296.244,295.85400000000004,1.25,1
30.08.2021 00:52:05.770,296.226,295.838,1.25,1
30.08.2021 00:52:11.639,296.209,295.838,1,1
30.08.2021 00:52:11.782,296.231,295.84200000000004,1.25,1
30.08.2021 00:52:11.833,296.209,295.822,1,1
30.08.2021 00:52:11.883,296.23,295.84200000000004,1.25,1
30.08.2021 00:52:12.053,296.202,295.84200000000004,0.2,1
30.08.2021 00:52:12.156,296.23,295.84200000000004,1.25,1
30.08.2021 00:52:12.536,296.23,295.84200000000004,0.85,1
30.08.2021 00:52:12.637,296.23,295.84200000000004,1.25,1
30.08.2021 00:52:13.087,296.23,295.84200000000004,0.85,1
30.08.2021 00:52:13.187,296.23,295.84200000000004,1.25,1
30.08.2021 00:52:13.613,296.23,295.84200000000004,0.85,1
30.08.2021 00:52:13.714,296.213,295.84200000000004,0.47,1
30.08.2021 00:52:13.764,296.23,295.84200000000004,1.25,1
30.08.2021 00:52:14.537,296.23,295.84200000000004,0.85,1
30.08.2021 00:52:14.611,296.23,295.84200000000004,1.25,1
30.08.2021 00:52:15.171,296.213,295.84200000000004,1,1
30.08.2021 00:52:15.222,296.213,295.84200000000004,1.2,1
30.08.2021 00:52:15.670,296.23,295.84200000000004,0.85,1
30.08.2021 00:52:15.770,296.213,295.84200000000004,1.2,1
30.08.2021 00:52:16.186,296.23,295.84200000000004,0.85,1
30.08.2021 00:52:16.287,296.213,295.84200000000004,1.2,1
30.08.2021 00:52:16.771,296.23,295.84200000000004,0.85,1
30.08.2021 00:52:16.872,296.213,295.84200000000004,1.2,1
30.08.2021 00:52:17.284,296.23,295.84200000000004,0.85,1
30.08.2021 00:52:17.335,296.213,295.84200000000004,1.2,1
30.08.2021 00:52:17.435,296.213,295.837,1.2,1
30.08.2021 00:52:35.386,296.207,295.837,0.1,0.75
30.08.2021 00:52:35.486,296.213,295.837,1.2,1
30.08.2021 00:52:50.180,296.202,295.837,0.1,0.75
30.08.2021 00:52:50.307,296.2,295.837,0.2,1
30.08.2021 00:52:50.428,296.197,295.837,0.15,1
30.08.2021 00:52:50.629,296.19599999999997,295.837,0.2,1
30.08.2021 00:52:50.943,296.213,295.837,0.47,1
30.08.2021 00:52:53.786,296.20099999999996,295.837,0.2,1
30.08.2021 00:52:53.837,296.2,295.837,0.2,1
30.08.2021 00:53:00.302,296.198,295.837,0.2,1
30.08.2021 00:53:02.683,296.213,295.833,1.2,1
30.08.2021 00:53:03.004,296.213,295.831,1.2,1.1
30.08.2021 00:53:03.104,296.213,295.772,1.2,1
30.08.2021 00:53:03.338,296.213,295.777,1.2,1
30.08.2021 00:53:05.701,296.21,295.777,0.2,1
30.08.2021 00:53:06.145,296.213,295.777,0.9,1
30.08.2021 00:53:07.257,296.213,295.774,1.2,1.1
30.08.2021 00:53:07.361,296.213,295.772,1.2,1
30.08.2021 00:53:17.345,296.219,295.772,1.2,1
30.08.2021 00:53:17.682,296.273,295.772,0.85,1
30.08.2021 00:53:17.792,296.259,295.772,0.2,1
30.08.2021 00:53:18.083,296.203,295.772,0.9,1
30.08.2021 00:53:29.198,296.203,295.777,1.2,1
30.08.2021 00:53:38.481,296.203,295.783,0.9,1
30.08.2021 00:53:38.590,296.203,295.78700000000003,0.9,1
30.08.2021 00:53:38.641,296.203,295.78400000000005,0.9,1.1
30.08.2021 00:53:38.741,296.203,295.777,0.9,1
30.08.2021 00:53:40.785,296.203,295.774,0.9,1.1
30.08.2021 00:53:41.882,296.203,295.772,1.2,1
30.08.2021 00:53:49.051,296.22,295.772,1.2,1
30.08.2021 00:53:49.789,296.213,295.772,1.2,1
30.08.2021 00:53:54.063,296.235,295.772,1.2,1
30.08.2021 00:53:54.163,296.254,295.772,0.2,1
30.08.2021 00:53:54.803,296.203,295.772,1.2,1
30.08.2021 00:53:59.083,296.225,295.772,1.2,1
30.08.2021 00:53:59.184,296.23400000000004,295.772,0.2,1
30.08.2021 00:53:59.825,296.228,295.772,1,1
30.08.2021 00:54:00.439,296.203,295.772,1.2,1
30.08.2021 00:54:09.176,296.203,295.769,1.2,1.1
30.08.2021 00:54:09.312,296.203,295.758,1.2,1
30.08.2021 00:54:09.412,296.203,295.747,1.2,1
30.08.2021 00:54:09.462,296.203,295.752,1.2,1
30.08.2021 00:54:09.563,296.173,295.747,1.2,1
30.08.2021 00:54:09.937,296.173,295.762,1.2,1
30.08.2021 00:54:09.988,296.173,295.752,1.2,1
30.08.2021 00:54:10.038,296.173,295.762,1.2,1
30.08.2021 00:54:25.044,296.173,295.766,0.9,1
30.08.2021 00:54:25.095,296.195,295.763,1.2,1.1
30.08.2021 00:54:25.195,296.203,295.772,1.2,1
30.08.2021 00:54:25.296,296.203,295.769,1.2,1.1
30.08.2021 00:54:25.396,296.203,295.772,1.2,1
30.08.2021 00:54:25.497,296.203,295.769,1.2,1.1
30.08.2021 00:54:25.597,296.203,295.764,1.2,1.1
30.08.2021 00:54:25.648,296.203,295.767,1.2,1
30.08.2021 00:54:29.951,296.203,295.764,1.2,1.1
30.08.2021 00:54:30.001,296.203,295.767,1.2,1
30.08.2021 00:54:30.702,296.203,295.772,1.2,1
30.08.2021 00:54:31.334,296.203,295.769,1.2,1.1
30.08.2021 00:54:31.385,296.203,295.772,1.2,1
30.08.2021 00:54:52.455,296.203,295.78200000000004,0.9,1
30.08.2021 00:54:52.589,296.203,295.78700000000003,1.2,1
30.08.2021 00:54:54.165,296.203,295.797,1.2,1
30.08.2021 00:54:54.216,296.223,295.797,1.2,1
30.08.2021 00:54:56.995,296.223,295.811,1.2,1
30.08.2021 00:54:57.096,296.243,295.809,0.9,1
30.08.2021 00:54:57.196,296.243,295.812,0.9,1
30.08.2021 00:54:57.246,296.243,295.809,0.9,1.1
30.08.2021 00:54:57.308,296.243,295.802,0.9,1
30.08.2021 00:55:00.076,296.243,295.812,0.9,1
30.08.2021 00:55:00.189,296.243,295.822,0.9,1
30.08.2021 00:55:00.267,296.243,295.819,0.9,1.1
30.08.2021 00:55:00.374,296.243,295.812,0.9,1
30.08.2021 00:55:00.474,296.233,295.812,0.15,1
30.08.2021 00:55:00.524,296.243,295.812,0.9,1
30.08.2021 00:55:00.710,296.243,295.809,0.9,1.1
30.08.2021 00:55:00.825,296.243,295.797,0.9,1
30.08.2021 00:55:01.105,296.243,295.812,0.9,1
30.08.2021 00:55:01.155,296.243,295.809,0.9,1
30.08.2021 00:55:01.206,296.243,295.798,0.9,1
30.08.2021 00:55:01.256,296.243,295.812,0.9,1
30.08.2021 00:55:01.306,296.243,295.809,0.9,1
30.08.2021 00:55:01.428,296.233,295.797,0.9,1
30.08.2021 00:55:02.092,296.233,295.802,0.9,1
30.08.2021 00:55:02.377,296.233,295.79900000000004,0.9,1.1
30.08.2021 00:55:02.792,296.233,295.802,0.9,1
30.08.2021 00:55:02.893,296.233,295.812,0.9,1
30.08.2021 00:55:03.530,296.233,295.809,0.9,1
30.08.2021 00:55:03.581,296.233,295.802,0.9,1
30.08.2021 00:55:04.215,296.233,295.812,0.9,1
30.08.2021 00:55:06.451,296.233,295.853,0.9,1
30.08.2021 00:55:06.764,296.233,295.851,1.2,0.69
30.08.2021 00:55:16.546,296.233,295.833,0.9,0.69
30.08.2021 00:55:22.006,296.233,295.873,1,1
30.08.2021 00:55:22.057,296.233,295.873,1.2,1
30.08.2021 00:55:22.177,296.228,295.867,1,1
30.08.2021 00:55:22.761,296.233,295.867,1.2,1
30.08.2021 00:55:35.448,296.233,295.867,1,1
30.08.2021 00:55:36.535,296.232,295.867,0.2,1
30.08.2021 00:55:37.315,296.221,295.867,0.2,1
30.08.2021 00:55:37.416,296.223,295.867,0.2,1
30.08.2021 00:55:39.781,296.221,295.867,0.2,1
30.08.2021 00:55:40.190,296.22,295.867,0.2,1
30.08.2021 00:55:40.240,296.223,295.867,0.2,1
30.08.2021 00:55:43.366,296.22400000000005,295.867,0.2,1
30.08.2021 00:55:43.546,296.223,295.867,0.2,1
30.08.2021 00:55:43.678,296.22400000000005,295.867,0.2,1
30.08.2021 00:55:44.586,296.22200000000004,295.867,0.2,1
30.08.2021 00:55:44.863,296.22,295.867,0.2,1
30.08.2021 00:55:45.315,296.218,295.867,0.2,1
30.08.2021 00:55:45.515,296.255,295.867,1.25,1
30.08.2021 00:55:45.826,296.255,295.867,0.85,1
30.08.2021 00:55:45.927,296.255,295.867,1.25,1
30.08.2021 00:55:46.098,296.255,295.867,0.85,1
30.08.2021 00:55:50.577,296.208,295.865,1,1.1
30.08.2021 00:55:50.835,296.237,295.848,1.5,1
30.08.2021 00:55:51.026,296.237,295.848,0.85,1
30.08.2021 00:55:52.960,296.211,295.846,1.1,1.1
30.08.2021 00:55:53.652,296.23900000000003,295.851,1.7,1
30.08.2021 00:55:54.021,296.23900000000003,295.851,1.5,1
30.08.2021 00:55:54.236,296.23900000000003,295.851,0.85,1
30.08.2021 00:55:55.701,296.21,295.851,0.2,1
30.08.2021 00:55:57.389,296.22200000000004,295.851,0.2,1
30.08.2021 00:56:00.016,296.22,295.851,0.2,1
30.08.2021 00:56:00.066,296.219,295.851,0.2,1
30.08.2021 00:56:00.293,296.22200000000004,295.851,0.2,1
30.08.2021 00:56:01.066,296.22,295.851,0.2,1
30.08.2021 00:56:01.547,296.208,295.851,0.15,1
30.08.2021 00:56:01.648,296.223,295.851,1,1
30.08.2021 00:56:01.698,296.21,295.851,0.2,1
30.08.2021 00:56:06.529,296.21,295.84900000000005,0.2,1.1
30.08.2021 00:56:06.632,296.21,295.85,0.2,1
30.08.2021 00:56:06.983,296.209,295.85,0.2,1
30.08.2021 00:56:07.254,296.21,295.85,0.2,1
30.08.2021 00:56:09.041,296.22200000000004,295.85,0.2,1
30.08.2021 00:56:09.580,296.22,295.85,0.2,1
30.08.2021 00:56:09.631,296.219,295.85,0.2,1
30.08.2021 00:56:10.357,296.22200000000004,295.85,0.2,1
30.08.2021 00:56:10.477,296.21700000000004,295.85,0.15,1
30.08.2021 00:56:15.106,296.223,295.85,1.2,1
30.08.2021 00:56:15.958,296.223,295.82,0.9,1.25
30.08.2021 00:56:16.732,296.223,295.835,0.9,1
30.08.2021 00:56:16.782,296.223,295.841,0.9,1
30.08.2021 00:56:18.375,296.223,295.839,1.2,1
30.08.2021 00:56:18.468,296.223,295.836,1.2,1
30.08.2021 00:56:18.726,296.223,295.823,1.2,1.25
30.08.2021 00:56:20.120,296.267,295.82099999999997,0.29,0.69
30.08.2021 00:56:20.221,296.223,295.82099999999997,1.2,0.69
30.08.2021 00:56:25.709,296.221,295.82099999999997,0.2,0.76
30.08.2021 00:56:25.810,296.223,295.82099999999997,1.2,0.69
30.08.2021 00:56:25.923,296.223,295.82099999999997,1.2,0.69
30.08.2021 00:56:26.136,296.238,295.85,0.85,1
30.08.2021 00:56:26.186,296.223,295.85,1.2,1
30.08.2021 00:56:26.627,296.238,295.85,0.85,1
30.08.2021 00:56:26.728,296.223,295.85,1,1
30.08.2021 00:56:26.778,296.223,295.85,1.2,1
30.08.2021 00:56:27.186,296.219,295.85,0.2,1
30.08.2021 00:56:27.286,296.223,295.855,1.2,1
30.08.2021 00:56:28.568,296.243,295.855,0.85,1
30.08.2021 00:56:28.668,296.223,295.855,1.2,1
30.08.2021 00:56:30.226,296.243,295.855,0.85,1
30.08.2021 00:56:31.540,296.22,295.855,0.2,1
30.08.2021 00:56:31.590,296.218,295.855,0.2,1
30.08.2021 00:56:32.225,296.221,295.855,0.2,1
30.08.2021 00:56:33.044,296.223,295.855,1,1
30.08.2021 00:56:35.818,296.221,295.855,0.2,1
30.08.2021 00:56:35.974,296.219,295.855,0.2,1
30.08.2021 00:56:36.075,296.243,295.855,0.85,1
30.08.2021 00:56:36.125,296.221,295.855,0.2,1
30.08.2021 00:56:43.169,296.219,295.855,0.2,1
30.08.2021 00:56:43.343,296.216,295.855,0.15,1
30.08.2021 00:56:43.516,296.216,295.855,0.2,1
30.08.2021 00:56:43.677,296.214,295.853,0.82,1.1
30.08.2021 00:56:43.727,296.216,295.857,0.2,1
30.08.2021 00:56:43.828,296.223,295.857,1,1
30.08.2021 00:56:43.879,296.223,295.857,1.2,1
30.08.2021 00:56:43.985,296.245,295.857,0.85,1
30.08.2021 00:56:45.006,296.219,295.857,0.2,1
30.08.2021 00:56:45.115,296.218,295.857,0.2,1
30.08.2021 00:56:45.216,296.216,295.857,0.2,1
30.08.2021 00:56:45.566,296.223,295.857,1.2,1
30.08.2021 00:56:45.811,296.245,295.857,0.85,1
30.08.2021 00:56:45.947,296.216,295.856,0.2,1
30.08.2021 00:56:46.991,296.219,295.856,0.2,1
30.08.2021 00:56:47.177,296.223,295.856,1.5,1
30.08.2021 00:56:47.281,296.244,295.856,0.85,1
30.08.2021 00:56:51.883,296.223,295.856,1.5,1
30.08.2021 00:56:54.231,296.208,295.856,0.2,1
30.08.2021 00:57:07.426,296.213,295.856,1.3,1
30.08.2021 00:57:07.477,296.213,295.856,1.2,1
30.08.2021 00:57:12.834,296.213,295.856,1.3,1
30.08.2021 00:57:13.050,296.213,295.856,1.2,1
30.08.2021 00:57:23.198,296.213,295.856,1,1
30.08.2021 00:57:23.343,296.21,295.856,0.2,1
30.08.2021 00:57:23.518,296.213,295.856,1,1
30.08.2021 00:57:23.568,296.21,295.856,0.2,1
30.08.2021 00:57:23.681,296.208,295.856,0.2,1
30.08.2021 00:57:23.870,296.206,295.856,0.2,1
30.08.2021 00:57:24.731,296.209,295.856,0.2,1
30.08.2021 00:57:24.887,296.208,295.856,0.15,1
30.08.2021 00:57:24.937,296.208,295.856,0.2,1
30.08.2021 00:57:33.760,296.206,295.856,0.2,1
30.08.2021 00:57:34.777,296.209,295.856,0.2,1
30.08.2021 00:57:34.878,296.208,295.856,0.2,1
30.08.2021 00:57:40.961,296.208,295.85400000000004,0.2,1.1
30.08.2021 00:57:43.476,296.208,295.84700000000004,0.2,1
30.08.2021 00:57:53.045,296.206,295.84700000000004,0.2,1
30.08.2021 00:57:53.146,296.198,295.84700000000004,0.2,1
30.08.2021 00:57:53.196,296.19599999999997,295.837,0.2,1
30.08.2021 00:57:53.246,296.195,295.837,0.2,1
30.08.2021 00:57:53.455,296.213,295.837,1.2,1
30.08.2021 00:57:53.738,296.195,295.837,0.2,1
30.08.2021 00:57:53.862,296.213,295.837,1.2,1
30.08.2021 00:57:54.266,296.228,295.837,0.85,1
30.08.2021 00:57:54.416,296.213,295.837,1.2,1
30.08.2021 00:57:54.952,296.213,295.837,1,1
30.08.2021 00:57:55.011,296.213,295.837,1.2,1
30.08.2021 00:57:55.366,296.228,295.837,0.85,1
30.08.2021 00:57:55.467,296.213,295.837,1.3,1
30.08.2021 00:57:55.517,296.213,295.837,1.2,1
30.08.2021 00:57:55.922,296.228,295.837,0.85,1
30.08.2021 00:57:56.022,296.213,295.837,1.5,1
30.08.2021 00:57:56.073,296.213,295.837,1.2,1
30.08.2021 00:57:56.469,296.209,295.837,1,1
30.08.2021 00:57:56.519,296.213,295.835,1.2,1
30.08.2021 00:58:01.299,296.203,295.835,1.2,1
30.08.2021 00:58:03.724,296.199,295.833,1,1
30.08.2021 00:58:04.884,296.203,295.837,1.2,1
30.08.2021 00:58:10.954,296.203,295.835,1.2,1
30.08.2021 00:58:11.005,296.203,295.837,1.2,1
30.08.2021 00:58:20.230,296.197,295.837,0.2,1
30.08.2021 00:58:22.481,296.199,295.837,0.2,1
30.08.2021 00:58:23.300,296.197,295.837,0.2,1
30.08.2021 00:58:31.200,296.199,295.837,0.2,1
30.08.2021 00:58:35.355,296.197,295.837,0.2,1
30.08.2021 00:58:51.030,296.195,295.837,0.2,1
30.08.2021 00:58:53.929,296.192,295.837,0.2,1
30.08.2021 00:58:54.162,296.189,295.837,0.2,1
30.08.2021 00:58:58.717,296.189,295.835,0.2,1.1
30.08.2021 00:58:58.768,296.189,295.828,0.2,1
30.08.2021 00:59:04.106,296.192,295.828,0.2,1
30.08.2021 00:59:04.836,296.192,295.82599999999996,0.2,1.1
30.08.2021 00:59:04.887,296.192,295.832,0.2,0.76
30.08.2021 00:59:09.334,296.195,295.832,0.2,0.76
30.08.2021 00:59:15.278,296.197,295.832,0.2,0.76
30.08.2021 00:59:15.396,296.2,295.832,0.2,0.76
30.08.2021 00:59:15.498,296.198,295.832,0.2,0.76
30.08.2021 00:59:15.550,296.197,295.832,0.2,0.76
30.08.2021 00:59:19.364,296.199,295.832,0.2,0.76
30.08.2021 00:59:20.721,296.2,295.832,0.2,0.76
30.08.2021 00:59:26.880,296.199,295.832,0.2,0.76
30.08.2021 00:59:28.236,296.197,295.832,0.2,0.76
30.08.2021 00:59:28.455,296.187,295.832,0.2,0.76
30.08.2021 00:59:28.706,296.21,295.832,1,0.69
30.08.2021 00:59:28.911,296.22400000000005,295.832,0.29,0.69
30.08.2021 00:59:29.210,296.191,295.832,0.2,0.76
30.08.2021 00:59:29.261,296.21,295.832,1,0.69
30.08.2021 00:59:29.356,296.22400000000005,295.832,0.29,0.69
30.08.2021 00:59:29.761,296.191,295.832,0.2,0.76
30.08.2021 00:59:29.812,296.21,295.832,1,0.69
30.08.2021 00:59:29.912,296.22400000000005,295.832,0.29,0.69
30.08.2021 00:59:30.078,296.21,295.832,0.85,0.76
30.08.2021 00:59:30.128,296.21,295.832,1,0.69
30.08.2021 00:59:30.235,296.22400000000005,295.832,0.29,0.69
30.08.2021 00:59:30.343,296.187,295.832,0.2,0.76
30.08.2021 00:59:30.639,296.21,295.832,1,0.69
30.08.2021 00:59:30.787,296.22400000000005,295.832,0.29,0.69
30.08.2021 00:59:31.014,296.22400000000005,295.832,0.39,0.76
30.08.2021 00:59:31.117,296.21,295.832,1,0.69
30.08.2021 00:59:31.266,296.22400000000005,295.832,0.29,0.69
30.08.2021 00:59:31.560,296.191,295.832,0.2,0.76
30.08.2021 00:59:31.611,296.21,295.832,1,0.69
30.08.2021 00:59:31.826,296.22400000000005,295.832,0.29,0.69
30.08.2021 00:59:31.961,296.21,295.832,0.85,0.76
30.08.2021 00:59:32.112,296.208,295.832,1,0.69
30.08.2021 00:59:32.229,296.22400000000005,295.832,0.29,0.69
30.08.2021 00:59:32.510,296.191,295.832,0.2,0.76
30.08.2021 00:59:32.618,296.208,295.832,1,0.69
30.08.2021 00:59:32.763,296.22400000000005,295.832,0.29,0.69
30.08.2021 00:59:33.770,296.187,295.832,0.2,0.76
30.08.2021 00:59:33.871,296.208,295.832,1,0.69
30.08.2021 00:59:34.086,296.22400000000005,295.832,0.29,0.69
30.08.2021 00:59:34.378,296.191,295.832,0.2,0.76
30.08.2021 00:59:34.428,296.208,295.832,1,0.69
30.08.2021 00:59:34.671,296.22400000000005,295.832,0.29,0.69
30.08.2021 00:59:34.776,296.208,295.832,1,0.69
30.08.2021 00:59:34.864,296.208,295.832,0.85,0.76
30.08.2021 00:59:34.914,296.208,295.832,1,0.69
30.08.2021 00:59:35.056,296.22400000000005,295.832,0.29,0.69
30.08.2021 00:59:35.164,296.187,295.832,0.2,0.76
30.08.2021 00:59:35.376,296.208,295.832,1,0.69
30.08.2021 00:59:35.676,296.22400000000005,295.832,0.29,0.69
30.08.2021 00:59:35.811,296.208,295.832,0.85,0.76
30.08.2021 00:59:35.861,296.208,295.832,1,0.69
30.08.2021 00:59:36.026,296.22400000000005,295.832,0.29,0.69
30.08.2021 00:59:36.135,296.187,295.832,0.2,0.76
30.08.2021 00:59:36.411,296.208,295.832,1,0.69
30.08.2021 00:59:36.557,296.22400000000005,295.832,0.29,0.69
30.08.2021 00:59:36.686,296.208,295.832,0.85,0.76
30.08.2021 00:59:36.736,296.208,295.832,1,0.69
30.08.2021 00:59:36.836,296.22400000000005,295.832,0.29,0.69
30.08.2021 00:59:37.237,296.208,295.832,0.85,0.76
30.08.2021 00:59:37.287,296.208,295.832,1,0.69
30.08.2021 00:59:37.387,296.22400000000005,295.832,0.29,0.69
30.08.2021 00:59:37.610,296.191,295.832,0.2,0.76
30.08.2021 00:59:37.661,296.208,295.832,1,0.69
30.08.2021 00:59:37.936,296.22400000000005,295.832,0.29,0.69
30.08.2021 00:59:38.053,296.191,295.832,0.2,0.76
30.08.2021 00:59:38.104,296.191,295.832,0.2,0.76
30.08.2021 00:59:38.211,296.22400000000005,295.832,0.69,0.69
30.08.2021 00:59:38.437,296.2,295.814,1,1
30.08.2021 00:59:38.561,296.211,295.837,0.47,1
30.08.2021 00:59:38.612,296.225,295.837,1.25,1
30.08.2021 00:59:38.885,296.225,295.837,0.85,1
30.08.2021 00:59:39.308,296.19599999999997,295.837,0.2,1
30.08.2021 00:59:45.658,296.193,295.837,0.2,1
30.08.2021 00:59:52.921,296.195,295.837,0.2,1
30.08.2021 00:59:56.662,296.193,295.837,0.2,1
30.08.2021 00:59:56.790,296.195,295.837,0.2,1
30.08.2021 00:59:56.921,296.193,295.837,0.2,1
30.08.2021 01:00:04.021,296.189,295.828,0.2,1
30.08.2021 01:00:08.056,296.193,295.828,1,1
30.08.2021 01:00:09.931,296.192,295.828,0.2,1
30.08.2021 01:00:10.142,296.19,295.828,0.2,1
30.08.2021 01:00:10.192,296.189,295.828,0.2,1
30.08.2021 01:00:10.242,296.189,295.82599999999996,0.2,1.1
30.08.2021 01:00:10.559,296.193,295.82,1,1
30.08.2021 01:00:10.855,296.19,295.82,0.2,1
30.08.2021 01:00:10.905,296.189,295.82,0.2,1
30.08.2021 01:00:11.276,296.187,295.82,0.2,1
30.08.2021 01:00:11.388,296.189,295.82,0.2,1
30.08.2021 01:00:11.509,296.187,295.82,0.2,1
30.08.2021 01:00:12.609,296.189,295.82,0.2,1
30.08.2021 01:00:13.993,296.195,295.82,0.2,1
30.08.2021 01:00:14.044,296.192,295.82,0.2,1
30.08.2021 01:00:14.611,296.193,295.829,1,1
30.08.2021 01:00:14.873,296.193,295.829,1.2,1
30.08.2021 01:00:15.015,296.21700000000004,295.829,0.85,1
30.08.2021 01:00:15.066,296.192,295.829,0.2,1
30.08.2021 01:00:15.434,296.193,295.829,1.2,1
30.08.2021 01:00:15.607,296.21700000000004,295.829,0.85,1
30.08.2021 01:00:15.657,296.192,295.829,0.2,1
30.08.2021 01:00:16.848,296.189,295.829,0.2,1
30.08.2021 01:00:17.214,296.187,295.829,0.2,1
30.08.2021 01:00:21.367,296.189,295.829,0.2,1
30.08.2021 01:00:23.361,296.189,295.827,0.2,1.1
30.08.2021 01:00:23.462,296.187,295.828,0.2,1
30.08.2021 01:00:25.445,296.187,295.82599999999996,0.2,1.1
30.08.2021 01:00:25.495,296.19,295.829,1.14,1
30.08.2021 01:00:25.596,296.19,295.829,0.2,1
30.08.2021 01:00:27.478,296.187,295.829,0.2,1
30.08.2021 01:00:27.529,296.192,295.829,0.2,1
30.08.2021 01:00:27.579,296.189,295.829,0.2,1
30.08.2021 01:00:32.475,296.193,295.829,1.5,1
30.08.2021 01:00:40.776,296.189,295.829,0.2,1
30.08.2021 01:00:41.736,296.187,295.829,0.2,1
30.08.2021 01:00:44.801,296.218,295.829,0.85,1
30.08.2021 01:00:44.851,296.218,295.829,0.95,1
30.08.2021 01:00:52.765,296.192,295.829,0.2,1
30.08.2021 01:00:52.889,296.193,295.829,1.2,1
30.08.2021 01:00:54.011,296.202,295.84700000000004,0.2,1
30.08.2021 01:00:54.062,296.205,295.84700000000004,0.2,1
30.08.2021 01:00:54.258,296.207,295.84700000000004,0.2,1
30.08.2021 01:00:54.451,296.21,295.84700000000004,0.2,1
30.08.2021 01:00:54.978,296.21,295.84700000000004,0.2,1
30.08.2021 01:00:56.726,296.208,295.84700000000004,0.2,1
30.08.2021 01:01:05.955,296.207,295.84700000000004,0.2,1
30.08.2021 01:01:06.884,296.206,295.84700000000004,0.2,1
30.08.2021 01:01:07.431,296.207,295.84700000000004,0.2,1
30.08.2021 01:01:14.122,296.21,295.84700000000004,0.2,1
30.08.2021 01:01:14.173,296.208,295.84700000000004,0.2,1
30.08.2021 01:01:14.293,296.206,295.84700000000004,0.2,1
30.08.2021 01:01:14.607,296.22,295.84700000000004,0.47,1
30.08.2021 01:01:14.907,296.204,295.84700000000004,0.2,1
30.08.2021 01:01:15.608,296.202,295.84700000000004,0.2,1
30.08.2021 01:01:15.714,296.199,295.84700000000004,0.2,1
30.08.2021 01:01:17.781,296.20099999999996,295.84700000000004,0.2,1
30.08.2021 01:01:17.945,296.202,295.84700000000004,0.2,1
30.08.2021 01:01:18.186,296.208,295.84700000000004,0.2,1
30.08.2021 01:01:18.236,296.205,295.84700000000004,0.2,1
30.08.2021 01:01:19.704,296.207,295.84700000000004,0.2,1
30.08.2021 01:01:20.082,296.21,295.84700000000004,0.2,1
30.08.2021 01:01:20.204,296.207,295.84700000000004,0.2,1
30.08.2021 01:01:20.900,296.21,295.84700000000004,0.2,1
30.08.2021 01:01:21.724,296.235,295.84700000000004,1.25,1
30.08.2021 01:01:21.945,296.235,295.84700000000004,0.85,1
30.08.2021 01:01:22.101,296.214,295.84700000000004,0.2,1
30.08.2021 01:01:22.152,296.21500000000003,295.84700000000004,0.2,1
30.08.2021 01:01:22.262,296.21700000000004,295.84700000000004,0.2,1
30.08.2021 01:01:22.382,296.22,295.84700000000004,0.47,1
30.08.2021 01:01:22.432,296.21700000000004,295.84700000000004,0.2,1
30.08.2021 01:01:22.682,296.22,295.84700000000004,0.47,1
30.08.2021 01:01:23.293,296.218,295.84700000000004,0.2,1
30.08.2021 01:01:23.343,296.21700000000004,295.84700000000004,0.2,1
30.08.2021 01:01:25.483,296.21500000000003,295.84700000000004,0.2,1
30.08.2021 01:01:25.595,296.213,295.856,0.2,1
30.08.2021 01:01:25.696,296.212,295.856,0.2,1
30.08.2021 01:01:25.884,296.245,295.856,1.25,1
30.08.2021 01:01:26.011,296.245,295.856,0.85,1
30.08.2021 01:01:30.147,296.212,295.856,0.2,1
30.08.2021 01:01:30.454,296.245,295.856,0.85,1
30.08.2021 01:01:30.510,296.212,295.856,0.2,1
30.08.2021 01:01:31.854,296.21700000000004,295.856,0.2,1
30.08.2021 01:01:31.970,296.212,295.856,0.2,1
30.08.2021 01:01:32.182,296.245,295.856,1.25,1
30.08.2021 01:01:32.301,296.21500000000003,295.856,0.2,1
30.08.2021 01:01:33.055,296.212,295.856,0.2,1
30.08.2021 01:01:39.095,296.21,295.856,0.2,1
30.08.2021 01:01:39.224,296.209,295.856,0.2,1
30.08.2021 01:01:39.458,296.207,295.856,0.2,1
30.08.2021 01:02:00.987,296.213,295.856,1.5,1
30.08.2021 01:02:03.326,296.207,295.856,0.2,1
30.08.2021 01:02:14.162,296.21,295.856,0.2,1
30.08.2021 01:02:14.213,296.207,295.856,0.2,1
30.08.2021 01:02:15.653,296.213,295.856,1.5,1
30.08.2021 01:02:18.050,296.208,295.85400000000004,1.1,1.1
30.08.2021 01:02:18.153,296.213,295.846,1.2,1
30.08.2021 01:02:18.336,296.23400000000004,295.846,0.85,1
30.08.2021 01:02:25.957,296.207,295.846,0.2,1
30.08.2021 01:02:29.279,296.205,295.846,0.2,1
30.08.2021 01:02:29.383,296.202,295.846,0.15,1
30.08.2021 01:02:29.570,296.213,295.846,1,1
30.08.2021 01:02:29.621,296.213,295.846,1.2,1
30.08.2021 01:02:30.035,296.23400000000004,295.846,0.85,1
30.08.2021 01:02:30.136,296.213,295.846,1.2,1
30.08.2021 01:02:30.585,296.23400000000004,295.846,0.85,1
30.08.2021 01:02:30.686,296.213,295.846,1.2,1
30.08.2021 01:02:33.686,296.23400000000004,295.846,0.85,1
30.08.2021 01:02:33.787,296.213,295.846,1.2,1
30.08.2021 01:02:34.295,296.23400000000004,295.846,0.85,1
30.08.2021 01:02:34.345,296.213,295.846,1.2,1
30.08.2021 01:02:34.787,296.23400000000004,295.846,0.85,1
30.08.2021 01:02:34.860,296.23400000000004,295.846,0.85,1
30.08.2021 01:02:34.961,296.213,295.846,1.2,1
30.08.2021 01:02:37.537,296.23400000000004,295.846,0.85,1
30.08.2021 01:02:37.637,296.213,295.846,1.2,1
30.08.2021 01:02:38.086,296.23400000000004,295.846,0.85,1
30.08.2021 01:02:38.186,296.213,295.846,1.2,1
30.08.2021 01:02:38.694,296.23400000000004,295.846,0.85,1
30.08.2021 01:02:38.744,296.213,295.846,1.2,1
30.08.2021 01:02:39.802,296.23400000000004,295.846,0.85,1
30.08.2021 01:02:39.853,296.213,295.846,1,1
30.08.2021 01:02:39.909,296.213,295.846,1.2,1
30.08.2021 01:02:40.836,296.23400000000004,295.846,0.85,1
30.08.2021 01:02:40.937,296.213,295.846,1.2,1
30.08.2021 01:02:41.386,296.23400000000004,295.846,0.85,1
30.08.2021 01:02:41.487,296.213,295.846,1.2,1
30.08.2021 01:02:41.936,296.23400000000004,295.846,0.85,1
30.08.2021 01:02:42.036,296.213,295.846,1.2,1
30.08.2021 01:02:42.539,296.23400000000004,295.846,0.85,1
30.08.2021 01:02:42.589,296.213,295.846,1.2,1
30.08.2021 01:02:43.036,296.23400000000004,295.846,0.85,1
30.08.2021 01:02:43.136,296.213,295.846,1.2,1
30.08.2021 01:02:43.621,296.23400000000004,295.846,0.85,1
30.08.2021 01:02:43.671,296.213,295.846,1.2,1
30.08.2021 01:02:44.138,296.23400000000004,295.846,0.85,1
30.08.2021 01:02:44.239,296.213,295.846,1.2,1
30.08.2021 01:02:44.685,296.23400000000004,295.846,0.85,1
30.08.2021 01:02:44.761,296.216,295.846,1,1
30.08.2021 01:02:44.811,296.213,295.846,1.2,1
30.08.2021 01:02:45.235,296.23400000000004,295.846,0.85,1
30.08.2021 01:02:45.336,296.213,295.846,1.2,1
30.08.2021 01:02:45.770,296.23400000000004,295.846,0.85,1
30.08.2021 01:02:45.871,296.213,295.846,1.5,1
30.08.2021 01:02:45.921,296.213,295.846,1.2,1
30.08.2021 01:02:46.402,296.23400000000004,295.846,0.85,1
30.08.2021 01:02:46.453,296.213,295.846,1.2,1
30.08.2021 01:02:46.921,296.23400000000004,295.846,0.85,1
30.08.2021 01:02:46.971,296.213,295.846,1.2,1
30.08.2021 01:02:47.986,296.23400000000004,295.846,0.85,1
30.08.2021 01:02:48.086,296.213,295.846,1.2,1
30.08.2021 01:02:49.151,296.23400000000004,295.846,0.85,1
30.08.2021 01:02:49.201,296.213,295.846,1.2,1
30.08.2021 01:02:49.636,296.23400000000004,295.846,0.85,1
30.08.2021 01:02:49.736,296.213,295.846,1.2,1
30.08.2021 01:02:50.236,296.23400000000004,295.846,0.85,1
30.08.2021 01:02:50.286,296.213,295.846,1.2,1
30.08.2021 01:02:50.770,296.23400000000004,295.846,0.85,1
30.08.2021 01:02:50.871,296.213,295.846,1.2,1
30.08.2021 01:02:51.266,296.23400000000004,295.846,0.85,1
30.08.2021 01:02:51.367,296.213,295.846,1,1
30.08.2021 01:02:51.417,296.213,295.846,1.2,1
30.08.2021 01:02:51.835,296.23400000000004,295.846,0.85,1
30.08.2021 01:02:51.936,296.213,295.846,1.2,1
30.08.2021 01:02:52.936,296.23400000000004,295.846,0.85,1
30.08.2021 01:02:53.037,296.213,295.846,1.2,1
30.08.2021 01:02:53.522,296.23400000000004,295.846,0.85,1
30.08.2021 01:02:53.622,296.213,295.846,1.2,1
30.08.2021 01:02:53.962,296.203,295.846,1.2,1
30.08.2021 01:02:54.064,296.23400000000004,295.846,0.85,1
30.08.2021 01:02:54.164,296.203,295.846,1.2,1
30.08.2021 01:02:54.596,296.23400000000004,295.846,0.85,1
30.08.2021 01:02:54.661,296.203,295.846,1.2,1
30.08.2021 01:02:55.140,296.23400000000004,295.846,0.85,1
30.08.2021 01:02:55.366,296.192,295.846,0.15,1
30.08.2021 01:02:57.512,296.197,295.846,0.2,1
30.08.2021 01:02:57.735,296.195,295.846,0.2,1
30.08.2021 01:02:57.785,296.194,295.846,0.2,1
30.08.2021 01:02:58.431,296.197,295.846,0.2,1
30.08.2021 01:02:59.761,296.195,295.846,0.2,1
30.08.2021 01:02:59.811,296.194,295.846,0.2,1
30.08.2021 01:03:00.100,296.197,295.846,0.2,1
30.08.2021 01:03:01.139,296.195,295.846,0.2,1
30.08.2021 01:03:01.190,296.194,295.846,0.2,1
30.08.2021 01:03:01.241,296.197,295.846,0.2,1
30.08.2021 01:03:01.428,296.195,295.846,0.2,1
30.08.2021 01:03:01.478,296.194,295.846,0.2,1
30.08.2021 01:03:01.529,296.197,295.846,0.2,1
30.08.2021 01:03:01.792,296.195,295.846,0.2,1
30.08.2021 01:03:01.843,296.194,295.846,0.2,1
30.08.2021 01:03:02.087,296.197,295.846,0.2,1
30.08.2021 01:03:02.778,296.195,295.846,0.2,1
30.08.2021 01:03:02.829,296.194,295.846,0.2,1
30.08.2021 01:03:03.069,296.197,295.846,0.2,1
30.08.2021 01:03:03.390,296.195,295.846,0.2,1
30.08.2021 01:03:03.440,296.194,295.846,0.2,1
30.08.2021 01:03:04.567,296.197,295.846,0.2,1
30.08.2021 01:03:05.371,296.195,295.846,0.2,1
30.08.2021 01:03:05.422,296.194,295.846,0.2,1
30.08.2021 01:03:06.924,296.194,295.844,0.2,1.1
30.08.2021 01:03:10.947,296.192,295.833,0.2,0.76
30.08.2021 01:03:13.542,296.192,295.833,0.2,0.76
30.08.2021 01:03:13.592,296.192,295.833,0.2,0.76
30.08.2021 01:03:13.693,296.192,295.833,0.2,0.76
30.08.2021 01:03:13.794,296.184,295.833,0.2,0.76
30.08.2021 01:03:15.387,296.182,295.833,0.2,0.76
30.08.2021 01:03:15.437,296.184,295.833,0.2,0.76
30.08.2021 01:03:15.745,296.182,295.833,0.2,0.76
30.08.2021 01:03:17.081,296.184,295.833,0.2,0.76
30.08.2021 01:03:17.384,296.182,295.833,0.2,0.76
30.08.2021 01:03:17.887,296.184,295.833,0.2,0.76
30.08.2021 01:03:18.352,296.182,295.833,0.2,0.76
30.08.2021 01:03:26.239,296.184,295.833,0.2,0.76
30.08.2021 01:03:26.920,296.184,295.812,0.2,0.72
30.08.2021 01:03:26.971,296.184,295.825,0.2,1
30.08.2021 01:03:27.384,296.183,295.825,0.2,1
30.08.2021 01:03:29.037,296.214,295.825,0.85,1
30.08.2021 01:03:29.161,296.19,295.825,0.15,1
30.08.2021 01:03:29.212,296.19,295.825,0.2,1
30.08.2021 01:03:29.365,296.203,295.825,1.2,1
30.08.2021 01:03:29.722,296.203,295.825,1,1
30.08.2021 01:03:29.823,296.203,295.825,1.2,1
30.08.2021 01:03:30.334,296.203,295.825,1,1
30.08.2021 01:03:30.384,296.203,295.825,1.2,1
30.08.2021 01:03:30.814,296.214,295.825,0.85,1
30.08.2021 01:03:30.915,296.203,295.825,1,1
30.08.2021 01:03:30.965,296.203,295.825,1.2,1
30.08.2021 01:03:31.423,296.214,295.825,0.85,1
30.08.2021 01:03:31.473,296.203,295.825,1.2,1
30.08.2021 01:03:31.935,296.214,295.825,0.85,1
30.08.2021 01:03:32.036,296.203,295.825,1.2,1
30.08.2021 01:03:32.887,296.214,295.825,0.85,1
30.08.2021 01:03:32.937,296.198,295.825,0.2,1
30.08.2021 01:03:32.988,296.203,295.825,1.2,1
30.08.2021 01:03:33.131,296.203,295.841,1.2,0.69
30.08.2021 01:03:33.722,296.203,295.822,1.2,1
30.08.2021 01:03:33.772,296.203,295.84900000000005,1.2,1
30.08.2021 01:03:42.589,296.203,295.853,1.2,1
30.08.2021 01:03:44.601,296.22,295.853,1.2,1
30.08.2021 01:03:44.652,296.241,295.853,1.25,1
30.08.2021 01:03:47.812,296.218,295.851,1,1
30.08.2021 01:03:47.863,296.242,295.85400000000004,1.25,1
30.08.2021 01:03:48.033,296.242,295.85400000000004,0.85,1
30.08.2021 01:03:48.134,296.242,295.85400000000004,1.25,1
30.08.2021 01:03:48.586,296.242,295.85400000000004,0.85,1
30.08.2021 01:03:48.687,296.242,295.85400000000004,1.25,1
30.08.2021 01:03:49.185,296.242,295.85400000000004,0.85,1
30.08.2021 01:03:49.235,296.242,295.85400000000004,1.25,1
30.08.2021 01:03:49.670,296.242,295.85400000000004,0.85,1
30.08.2021 01:03:49.771,296.242,295.85400000000004,1.35,1
30.08.2021 01:03:49.821,296.242,295.85400000000004,1.25,1
30.08.2021 01:03:49.979,296.22400000000005,295.85400000000004,1,1
30.08.2021 01:03:50.029,296.22400000000005,295.839,1,1
30.08.2021 01:03:50.236,296.228,295.839,0.85,1
30.08.2021 01:03:50.337,296.22400000000005,295.839,1,1
30.08.2021 01:03:50.387,296.22400000000005,295.841,1,1
30.08.2021 01:03:50.639,296.22900000000004,295.841,0.85,1
30.08.2021 01:03:50.740,296.22400000000005,295.841,1,1
30.08.2021 01:03:51.121,296.22900000000004,295.841,0.85,1
30.08.2021 01:03:51.171,296.22400000000005,295.841,1,1
30.08.2021 01:03:51.365,296.22200000000004,295.841,1,1
30.08.2021 01:03:51.706,296.22900000000004,295.841,0.85,1
30.08.2021 01:03:51.757,296.22200000000004,295.841,0.85,1
30.08.2021 01:03:51.812,296.22200000000004,295.841,1,1
30.08.2021 01:03:54.409,296.223,295.841,1,1
30.08.2021 01:03:56.977,296.203,295.841,1.2,1
30.08.2021 01:03:57.564,296.19599999999997,295.839,1,1
30.08.2021 01:03:57.614,296.203,295.837,1.2,1
30.08.2021 01:03:57.937,296.226,295.837,0.85,1
30.08.2021 01:03:58.038,296.203,295.837,1.2,1
30.08.2021 01:03:58.519,296.226,295.837,0.85,1
30.08.2021 01:03:58.620,296.203,295.837,1.2,1
30.08.2021 01:03:59.101,296.226,295.837,0.85,1
30.08.2021 01:03:59.152,296.203,295.837,1.2,1
30.08.2021 01:03:59.651,296.226,295.837,0.85,1
30.08.2021 01:03:59.701,296.203,295.837,1.2,1
30.08.2021 01:04:00.115,296.226,295.837,0.85,1
30.08.2021 01:04:00.216,296.203,295.837,1,1
30.08.2021 01:04:00.266,296.203,295.837,1.2,1
30.08.2021 01:04:00.686,296.226,295.837,0.85,1
30.08.2021 01:04:00.837,296.203,295.837,1.2,1
30.08.2021 01:04:01.522,296.226,295.837,0.85,1
30.08.2021 01:04:01.623,296.203,295.837,1.2,1
30.08.2021 01:04:02.069,296.226,295.837,0.85,1
30.08.2021 01:04:02.170,296.203,295.837,1.2,1
30.08.2021 01:04:04.984,296.203,295.855,1.2,1
30.08.2021 01:04:10.833,296.225,295.855,1.2,1
30.08.2021 01:04:11.017,296.243,295.855,1.25,1
30.08.2021 01:04:11.297,296.221,295.853,1,1
30.08.2021 01:04:11.600,296.223,295.861,0.69,0.69
30.08.2021 01:04:12.536,296.223,295.861,0.29,0.69
30.08.2021 01:04:12.637,296.223,295.861,0.69,0.69
30.08.2021 01:04:13.135,296.223,295.861,0.29,0.69
30.08.2021 01:04:13.186,296.223,295.861,0.69,0.69
30.08.2021 01:04:14.270,296.223,295.861,0.69,0.69
30.08.2021 01:04:14.859,296.223,295.861,0.69,0.69
30.08.2021 01:04:15.378,296.223,295.861,0.69,0.69
30.08.2021 01:04:15.939,296.223,295.861,0.69,0.69
30.08.2021 01:04:16.385,296.223,295.861,0.29,0.69
30.08.2021 01:04:16.486,296.223,295.861,0.69,0.69
30.08.2021 01:04:16.985,296.223,295.861,0.29,0.69
30.08.2021 01:04:17.035,296.223,295.861,0.69,0.69
30.08.2021 01:04:17.470,296.223,295.861,0.29,0.69
30.08.2021 01:04:17.571,296.221,295.861,0.47,0.76
30.08.2021 01:04:17.621,296.223,295.861,0.69,0.69
30.08.2021 01:04:18.071,296.223,295.861,0.29,0.69
30.08.2021 01:04:18.171,296.223,295.861,0.69,0.69
30.08.2021 01:04:19.203,296.223,295.861,0.29,0.69
30.08.2021 01:04:19.253,296.221,295.861,0.47,0.76
30.08.2021 01:04:19.314,296.223,295.861,0.69,0.69
30.08.2021 01:04:19.734,296.223,295.861,0.29,0.69
30.08.2021 01:04:19.785,296.223,295.861,0.69,0.69
30.08.2021 01:04:20.235,296.223,295.861,0.29,0.69
30.08.2021 01:04:20.336,296.223,295.861,0.69,0.69
30.08.2021 01:04:21.378,296.223,295.861,0.29,0.69
30.08.2021 01:04:21.428,296.223,295.861,0.69,0.69
30.08.2021 01:04:21.881,296.223,295.861,0.29,0.69
30.08.2021 01:04:21.981,296.223,295.861,0.69,0.69
30.08.2021 01:04:22.437,296.223,295.861,0.29,0.69
30.08.2021 01:04:22.537,296.223,295.861,0.69,0.69
30.08.2021 01:04:22.986,296.223,295.861,0.29,0.69
30.08.2021 01:04:23.086,296.223,295.861,0.69,0.69
30.08.2021 01:04:23.526,296.221,295.861,0.47,0.76
30.08.2021 01:04:23.627,296.223,295.861,0.69,0.69
30.08.2021 01:04:24.068,296.223,295.861,0.29,0.69
30.08.2021 01:04:24.219,296.223,295.861,0.69,0.69
30.08.2021 01:04:24.626,296.223,295.861,0.29,0.69
30.08.2021 01:04:24.711,296.223,295.861,0.69,0.69
30.08.2021 01:04:24.945,296.223,295.861,0.69,0.69
30.08.2021 01:04:25.160,296.223,295.861,0.29,0.69
30.08.2021 01:04:25.261,296.221,295.861,0.47,0.76
30.08.2021 01:04:25.311,296.223,295.861,0.69,0.69
30.08.2021 01:04:25.736,296.223,295.861,0.29,0.69
30.08.2021 01:04:25.836,296.223,295.861,0.69,0.69
30.08.2021 01:04:27.368,296.223,295.861,0.29,0.69
30.08.2021 01:04:27.519,296.223,295.861,0.69,0.69
30.08.2021 01:04:27.936,296.223,295.861,0.29,0.69
30.08.2021 01:04:28.037,296.223,295.861,0.69,0.69
30.08.2021 01:04:28.462,296.223,295.861,0.29,0.69
30.08.2021 01:04:28.564,296.213,295.861,0.2,0.76
30.08.2021 01:04:28.615,296.223,295.861,0.69,0.69
30.08.2021 01:04:29.091,296.223,295.861,0.29,0.69
30.08.2021 01:04:29.142,296.223,295.861,0.69,0.69
30.08.2021 01:04:29.623,296.221,295.861,0.47,0.76
30.08.2021 01:04:29.673,296.223,295.861,0.69,0.69
30.08.2021 01:04:30.119,296.223,295.861,0.29,0.69
30.08.2021 01:04:30.220,296.221,295.861,0.47,0.76
30.08.2021 01:04:30.270,296.223,295.861,0.69,0.69
30.08.2021 01:04:54.349,296.23,295.846,1,1
30.08.2021 01:04:54.604,296.22900000000004,295.846,1,1
30.08.2021 01:05:00.761,296.231,295.846,1,1
30.08.2021 01:05:01.865,296.211,295.844,1,1
30.08.2021 01:05:01.974,296.231,295.846,1,1
30.08.2021 01:05:03.026,296.232,295.846,1,1
30.08.2021 01:05:10.822,296.22900000000004,295.846,1.2,1
30.08.2021 01:05:11.964,296.214,295.844,1,1
30.08.2021 01:05:12.153,296.223,295.855,1.2,1
30.08.2021 01:05:20.770,296.223,295.861,1.2,1
30.08.2021 01:05:20.967,296.223,295.871,1.2,1
30.08.2021 01:05:21.178,296.223,295.87,1.2,1
30.08.2021 01:05:22.923,296.258,295.87,1.25,1
30.08.2021 01:05:23.779,296.264,295.876,1.25,1
30.08.2021 01:05:25.991,296.243,295.876,1.2,1
30.08.2021 01:05:35.030,296.23900000000003,295.853,1,1
30.08.2021 01:05:35.080,296.243,295.881,1.2,1
30.08.2021 01:05:41.079,296.243,295.88,1.2,1
30.08.2021 01:05:41.180,296.243,295.882,1.2,1
30.08.2021 01:05:57.312,296.242,295.875,0.75,0.75
30.08.2021 01:05:57.457,296.265,295.877,1.25,1
30.08.2021 01:05:58.109,296.243,295.877,1.2,1
30.08.2021 01:06:03.101,296.232,295.877,0.2,1
30.08.2021 01:06:04.341,296.232,295.875,0.2,1.1
30.08.2021 01:06:05.656,296.243,295.875,1.2,1
30.08.2021 01:06:05.707,296.232,295.875,0.2,1
30.08.2021 01:06:07.415,296.256,295.867,0.85,1
30.08.2021 01:06:13.921,296.22900000000004,295.867,0.2,1
30.08.2021 01:06:14.938,296.232,295.867,0.2,1
30.08.2021 01:06:15.520,296.23,295.867,0.2,1
30.08.2021 01:06:15.623,296.25,295.867,0.47,1
30.08.2021 01:06:15.673,296.232,295.867,0.2,1
30.08.2021 01:06:16.580,296.23,295.867,0.2,1
30.08.2021 01:06:16.630,296.22900000000004,295.867,0.2,1
30.08.2021 01:06:18.745,296.22900000000004,295.865,0.2,1.1
30.08.2021 01:06:18.795,296.22900000000004,295.871,0.2,1
30.08.2021 01:06:19.003,296.22700000000003,295.871,0.2,1
30.08.2021 01:06:19.053,296.232,295.871,0.2,1
30.08.2021 01:06:19.104,296.22900000000004,295.871,0.2,1
30.08.2021 01:06:20.504,296.232,295.871,0.2,1
30.08.2021 01:06:22.451,296.235,295.871,0.2,1
30.08.2021 01:06:22.714,296.237,295.871,0.2,1
30.08.2021 01:06:22.857,296.24,295.871,0.2,1
30.08.2021 01:06:23.062,296.241,295.871,0.2,1
30.08.2021 01:06:26.613,296.243,295.871,1.3,1
30.08.2021 01:06:26.776,296.243,295.871,0.97,1
30.08.2021 01:06:26.904,296.242,295.871,0.2,1
30.08.2021 01:06:27.005,296.243,295.871,0.97,1
30.08.2021 01:06:27.193,296.243,295.871,0.2,1
30.08.2021 01:06:27.243,296.242,295.871,0.2,1
30.08.2021 01:06:35.629,296.243,295.871,0.97,1
30.08.2021 01:06:35.839,296.243,295.871,0.2,1
30.08.2021 01:06:35.889,296.242,295.871,0.2,1
30.08.2021 01:06:39.571,296.241,295.871,0.2,1
30.08.2021 01:06:39.983,296.242,295.871,0.2,1
30.08.2021 01:06:40.758,296.241,295.871,0.2,1
30.08.2021 01:06:44.912,296.23900000000003,295.871,0.2,1
30.08.2021 01:06:45.352,296.237,295.871,0.2,1
30.08.2021 01:06:45.655,296.23400000000004,295.871,0.2,1
30.08.2021 01:06:48.637,296.237,295.871,0.2,1
30.08.2021 01:06:54.854,296.237,295.871,0.2,1
30.08.2021 01:06:58.755,296.237,295.871,0.1,0.75
30.08.2021 01:06:58.890,296.23400000000004,295.871,0.1,0.75
30.08.2021 01:06:59.154,296.23,295.871,0.2,1
30.08.2021 01:06:59.572,296.233,295.871,0.2,1
30.08.2021 01:06:59.622,296.232,295.871,0.2,1
30.08.2021 01:06:59.767,296.22900000000004,295.871,0.2,1
30.08.2021 01:07:00.015,296.232,295.871,0.2,1
30.08.2021 01:07:01.181,296.23,295.871,0.2,1
30.08.2021 01:07:01.232,296.22900000000004,295.871,0.2,1
30.08.2021 01:07:03.452,296.22700000000003,295.871,0.2,1
30.08.2021 01:07:06.589,296.22900000000004,295.871,0.2,1
30.08.2021 01:07:08.963,296.22700000000003,295.871,0.2,1
30.08.2021 01:07:09.013,296.22200000000004,295.863,0.2,1
30.08.2021 01:07:09.115,296.219,295.863,0.2,1
30.08.2021 01:07:09.165,296.22200000000004,295.863,0.2,1
30.08.2021 01:07:09.298,296.219,295.863,0.2,1
30.08.2021 01:07:12.030,296.251,295.863,0.85,1
30.08.2021 01:07:16.870,296.219,295.863,0.2,1
30.08.2021 01:07:16.972,296.21700000000004,295.863,0.2,1
30.08.2021 01:07:17.153,296.21500000000003,295.863,0.2,1
30.08.2021 01:07:17.268,296.214,295.863,0.2,1
30.08.2021 01:07:18.193,296.212,295.863,0.2,1
30.08.2021 01:07:18.478,296.214,295.863,0.2,1
30.08.2021 01:07:19.250,296.212,295.863,0.2,1
30.08.2021 01:07:19.354,296.251,295.863,0.85,1
30.08.2021 01:07:19.411,296.214,295.863,0.2,1
30.08.2021 01:07:21.257,296.212,295.863,0.2,1
30.08.2021 01:07:21.366,296.214,295.863,0.2,1
30.08.2021 01:07:22.220,296.212,295.863,0.2,1
30.08.2021 01:07:22.471,296.214,295.863,0.2,1
30.08.2021 01:07:24.230,296.214,295.861,0.2,1.1
30.08.2021 01:07:24.440,296.214,295.86,0.2,1
30.08.2021 01:07:24.721,296.212,295.86,0.2,1
30.08.2021 01:07:24.771,296.214,295.86,0.2,1
30.08.2021 01:07:24.896,296.214,295.86,0.2,1
30.08.2021 01:07:27.269,296.248,295.86,0.95,1
30.08.2021 01:07:27.319,296.214,295.86,0.2,1
30.08.2021 01:07:27.516,296.216,295.86,0.2,1
30.08.2021 01:07:32.798,296.223,295.86,1.5,1
30.08.2021 01:07:35.643,296.209,295.858,1,1.1
30.08.2021 01:07:35.956,296.212,295.851,0.2,1
30.08.2021 01:07:36.007,296.21500000000003,295.851,0.2,1
30.08.2021 01:07:36.057,296.212,295.851,0.2,1
30.08.2021 01:07:36.179,296.21,295.851,0.2,1
30.08.2021 01:07:36.568,296.209,295.851,0.2,1
30.08.2021 01:07:38.437,296.207,295.851,0.2,1
30.08.2021 01:07:39.195,296.205,295.851,0.2,1
30.08.2021 01:07:39.791,296.204,295.851,0.2,1
30.08.2021 01:07:40.202,296.205,295.851,0.2,1
30.08.2021 01:07:40.319,296.202,295.851,0.2,1
30.08.2021 01:07:40.369,296.204,295.851,0.2,1
30.08.2021 01:07:40.532,296.205,295.851,0.2,1
30.08.2021 01:07:49.015,296.221,295.851,0.47,1
30.08.2021 01:07:50.527,296.204,295.851,0.2,1
30.08.2021 01:07:52.013,296.204,295.851,0.2,1
30.08.2021 01:07:52.611,296.202,295.851,0.2,1
30.08.2021 01:07:53.138,296.204,295.851,0.2,1
30.08.2021 01:07:54.343,296.204,295.84900000000005,0.2,1.1
30.08.2021 01:07:58.820,296.197,295.84900000000005,0.2,1
30.08.2021 01:08:01.784,296.195,295.84900000000005,0.2,1
30.08.2021 01:08:05.659,296.194,295.84900000000005,0.2,1
30.08.2021 01:08:08.707,296.195,295.84900000000005,0.2,1
30.08.2021 01:08:23.994,296.197,295.84900000000005,0.2,1
30.08.2021 01:08:26.908,296.195,295.84900000000005,0.2,1
30.08.2021 01:08:35.955,296.195,295.838,0.2,1
30.08.2021 01:08:37.245,296.193,295.838,0.2,1
30.08.2021 01:08:38.138,296.191,295.838,0.2,1
30.08.2021 01:08:38.275,296.187,295.838,0.2,1
30.08.2021 01:08:38.439,296.189,295.838,0.2,1
30.08.2021 01:08:38.490,296.187,295.838,0.2,1
30.08.2021 01:08:38.661,296.191,295.838,0.2,1
30.08.2021 01:08:38.781,296.193,295.838,0.2,1
30.08.2021 01:08:45.230,296.191,295.838,0.2,1
30.08.2021 01:08:45.399,296.19,295.838,0.2,1
30.08.2021 01:08:45.547,296.188,295.838,0.2,1
30.08.2021 01:08:45.687,296.191,295.838,0.2,1
30.08.2021 01:08:45.738,296.19,295.838,0.2,1
30.08.2021 01:08:50.593,296.191,295.838,0.2,1
30.08.2021 01:08:52.029,296.193,295.838,0.2,1
30.08.2021 01:08:59.665,296.19599999999997,295.838,0.2,1
30.08.2021 01:09:00.021,296.194,295.838,0.2,1
30.08.2021 01:09:00.072,296.193,295.838,0.2,1
30.08.2021 01:09:00.283,296.19599999999997,295.838,0.2,1
30.08.2021 01:09:00.536,296.194,295.838,0.2,1
30.08.2021 01:09:00.587,296.193,295.838,0.2,1
30.08.2021 01:09:00.687,296.19599999999997,295.838,0.2,1
30.08.2021 01:09:01.187,296.194,295.838,0.2,1
30.08.2021 01:09:01.237,296.193,295.838,0.2,1
30.08.2021 01:09:01.679,296.19599999999997,295.838,0.2,1
30.08.2021 01:09:01.779,296.193,295.838,0.2,1
30.08.2021 01:09:03.728,296.193,295.836,0.2,1.1
30.08.2021 01:09:03.835,296.193,295.835,0.2,1
30.08.2021 01:09:03.942,296.19599999999997,295.835,0.2,1
30.08.2021 01:09:04.071,296.194,295.835,0.2,1
30.08.2021 01:09:04.121,296.193,295.835,0.2,1
30.08.2021 01:09:08.601,296.191,295.835,0.2,1
30.08.2021 01:09:08.701,296.193,295.835,0.2,1
30.08.2021 01:09:09.001,296.191,295.835,0.2,1
30.08.2021 01:09:09.649,296.193,295.835,0.2,1
30.08.2021 01:09:10.237,296.191,295.835,0.2,1
30.08.2021 01:09:10.390,296.193,295.835,0.2,1
30.08.2021 01:09:22.205,296.19599999999997,295.835,0.2,1
30.08.2021 01:09:22.339,296.193,295.835,0.2,1
30.08.2021 01:09:25.175,296.193,295.837,0.2,1
30.08.2021 01:09:25.327,296.194,295.837,0.2,1
30.08.2021 01:09:25.591,296.193,295.837,0.2,1
30.08.2021 01:09:27.055,296.192,295.837,0.2,1
30.08.2021 01:09:27.592,296.193,295.837,0.2,1
30.08.2021 01:09:30.166,296.192,295.837,0.2,1
30.08.2021 01:09:30.306,296.193,295.837,0.2,1
30.08.2021 01:09:34.580,296.192,295.837,0.2,1
30.08.2021 01:09:34.811,296.19,295.837,0.2,1
30.08.2021 01:09:35.952,296.187,295.837,0.2,1
30.08.2021 01:09:36.312,296.192,295.837,0.2,1
30.08.2021 01:09:45.140,296.193,295.837,0.2,1
30.08.2021 01:09:50.345,296.192,295.837,0.2,1
30.08.2021 01:09:51.208,296.193,295.837,0.2,1
30.08.2021 01:09:53.093,296.193,295.835,0.2,1.1
30.08.2021 01:09:53.143,296.193,295.837,0.2,1
30.08.2021 01:09:54.516,296.19599999999997,295.837,0.2,1
30.08.2021 01:09:54.770,296.194,295.837,0.2,1
30.08.2021 01:09:54.924,296.193,295.837,0.2,1
30.08.2021 01:09:55.120,296.193,295.835,0.2,1.1
30.08.2021 01:09:55.170,296.193,295.837,0.2,1
30.08.2021 01:09:58.838,296.192,295.837,0.2,1
30.08.2021 01:10:00.321,296.195,295.837,0.2,1
30.08.2021 01:10:04.978,296.193,295.837,0.2,1
30.08.2021 01:10:05.028,296.192,295.837,0.2,1
30.08.2021 01:10:23.998,296.184,295.828,0.2,1
30.08.2021 01:10:25.797,296.182,295.828,0.2,1
30.08.2021 01:10:25.993,296.184,295.828,0.2,1
30.08.2021 01:10:31.252,296.187,295.828,0.2,1
30.08.2021 01:10:32.270,296.185,295.828,0.2,1
30.08.2021 01:10:32.320,296.184,295.828,0.2,1
30.08.2021 01:10:32.550,296.187,295.828,0.2,1
30.08.2021 01:10:34.692,296.185,295.828,0.2,1
30.08.2021 01:10:34.872,296.184,295.828,0.2,1
30.08.2021 01:10:35.426,296.182,295.828,0.2,1
30.08.2021 01:10:35.476,296.184,295.828,0.2,1
30.08.2021 01:10:35.842,296.182,295.828,0.2,1
30.08.2021 01:10:40.550,296.193,295.828,1.5,1
30.08.2021 01:10:43.431,296.193,295.828,1.5,1
30.08.2021 01:10:45.952,296.182,295.828,0.2,1
30.08.2021 01:10:46.408,296.18,295.828,0.2,1
30.08.2021 01:10:46.604,296.19599999999997,295.828,0.47,1
30.08.2021 01:10:46.655,296.182,295.828,0.2,1
30.08.2021 01:10:47.230,296.18,295.828,0.2,1
30.08.2021 01:10:47.281,296.17900000000003,295.828,0.2,1
30.08.2021 01:10:47.440,296.193,295.828,1,1
30.08.2021 01:10:47.490,296.17900000000003,295.828,0.2,1
30.08.2021 01:10:47.919,296.177,295.828,0.2,1
30.08.2021 01:10:49.850,296.175,295.828,0.2,1
30.08.2021 01:10:50.147,296.193,295.828,1,1
30.08.2021 01:10:50.198,296.177,295.828,0.2,1
30.08.2021 01:10:50.383,296.216,295.828,0.85,1
30.08.2021 01:10:50.585,296.18,295.828,0.2,1
30.08.2021 01:10:51.800,296.182,295.828,0.2,1
30.08.2021 01:10:53.848,296.18,295.828,0.2,1
30.08.2021 01:10:59.106,296.182,295.828,0.2,1
30.08.2021 01:11:01.963,296.18,295.828,0.2,1
30.08.2021 01:11:04.279,296.182,295.828,0.2,1
30.08.2021 01:11:09.021,296.185,295.828,0.2,1
30.08.2021 01:11:09.355,296.187,295.828,0.2,1
30.08.2021 01:11:09.628,296.189,295.828,0.2,1
30.08.2021 01:11:10.234,296.188,295.828,0.2,1
30.08.2021 01:11:12.178,296.188,295.841,0.2,1
30.08.2021 01:11:12.407,296.193,295.85,1,1
30.08.2021 01:11:13.171,296.189,295.85,0.2,1
30.08.2021 01:11:13.315,296.187,295.85,0.2,1
30.08.2021 01:11:13.521,296.189,295.85,0.2,1
30.08.2021 01:11:14.517,296.187,295.85,0.2,1
30.08.2021 01:11:16.740,296.187,295.85,0.2,1
30.08.2021 01:11:16.944,296.187,295.85,0.2,1
30.08.2021 01:11:17.250,296.185,295.85,0.2,1
30.08.2021 01:11:17.351,296.187,295.85,0.2,1
30.08.2021 01:11:17.409,296.185,295.85,0.2,1
30.08.2021 01:11:17.526,296.182,295.85,0.2,1
30.08.2021 01:11:25.220,296.182,295.85,0.2,1
30.08.2021 01:11:26.670,296.183,295.85,0.2,1
30.08.2021 01:11:28.665,296.182,295.85,0.2,1
30.08.2021 01:11:33.734,296.182,295.85,0.2,1
30.08.2021 01:11:34.433,296.186,295.85,0.2,1
30.08.2021 01:11:34.725,296.182,295.85,0.2,1
30.08.2021 01:11:34.921,296.182,295.85,0.2,1
30.08.2021 01:11:45.953,296.183,295.814,0.2,1
30.08.2021 01:11:47.593,296.19,295.827,0.2,1
30.08.2021 01:11:47.782,296.193,295.851,1,1
30.08.2021 01:11:53.086,296.191,295.851,0.2,1
30.08.2021 01:11:53.187,296.19,295.851,0.2,1
30.08.2021 01:11:53.917,296.193,295.851,1,1
30.08.2021 01:11:54.034,296.19,295.851,0.2,1
30.08.2021 01:11:55.505,296.19,295.84900000000005,0.2,1.1
30.08.2021 01:11:55.556,296.19,295.846,0.2,1
30.08.2021 01:12:02.335,296.188,295.846,0.2,1
30.08.2021 01:12:02.385,296.187,295.846,0.2,1
30.08.2021 01:12:05.198,296.185,295.846,0.2,1
30.08.2021 01:12:05.408,296.182,295.846,0.2,1
30.08.2021 01:12:07.006,296.18,295.846,0.2,1
30.08.2021 01:12:07.117,296.177,295.846,0.2,1
30.08.2021 01:12:07.167,296.18,295.846,0.2,1
30.08.2021 01:12:07.486,296.182,295.846,0.2,1
30.08.2021 01:12:07.833,296.182,295.844,0.2,1.1
30.08.2021 01:12:07.933,296.182,295.836,0.2,1
30.08.2021 01:12:08.144,296.181,295.836,0.2,1
30.08.2021 01:12:08.835,296.18,295.836,0.2,1
30.08.2021 01:12:10.296,296.178,295.836,0.2,1
30.08.2021 01:12:10.346,296.177,295.836,0.2,1
30.08.2021 01:12:11.291,296.18,295.836,0.2,1
30.08.2021 01:12:12.827,296.183,295.836,0.2,1
30.08.2021 01:12:13.040,296.183,295.815,0.2,1
30.08.2021 01:12:13.161,296.193,295.832,1.2,1
30.08.2021 01:12:13.284,296.191,295.832,0.2,1
30.08.2021 01:12:13.756,296.192,295.832,0.2,1
30.08.2021 01:12:13.806,296.19,295.832,0.2,1
30.08.2021 01:12:20.046,296.193,295.832,0.2,1
30.08.2021 01:12:20.096,296.19,295.832,0.2,1
30.08.2021 01:12:32.779,296.193,295.836,0.2,1
30.08.2021 01:12:32.829,296.195,295.836,0.2,1
30.08.2021 01:12:32.879,296.192,295.836,0.2,1
30.08.2021 01:12:41.035,296.187,295.836,0.2,1
