Gmt time,Ask,Bid,AskVolume,BidVolume
17.08.2021 00:00:00.154,7.78507,7.784060000000001,2.1,0.37
17.08.2021 00:00:00.897,7.78507,7.784060000000001,2.1,0.59
17.08.2021 00:00:00.948,7.78494,7.78408,0.75,0.75
17.08.2021 00:00:07.507,7.78494,7.78412,1.12,0.75
17.08.2021 00:00:09.457,7.78484,7.78412,0.37,0.75
17.08.2021 00:00:10.462,7.78484,7.78414,0.37,0.37
17.08.2021 00:00:19.857,7.78494,7.78412,0.75,0.75
17.08.2021 00:00:33.578,7.78488,7.78407,0.75,1.2
17.08.2021 00:00:33.729,7.78488,7.78412,2.25,0.75
17.08.2021 00:00:35.511,7.78484,7.78412,0.37,0.75
17.08.2021 00:00:38.731,7.78483,7.784050000000001,0.75,0.37
17.08.2021 00:00:38.782,7.78483,7.7840300000000004,0.75,0.75
17.08.2021 00:00:42.754,7.78483,7.784050000000001,0.75,0.75
17.08.2021 00:00:45.708,7.78482,7.784050000000001,0.37,0.75
17.08.2021 00:00:46.667,7.78482,7.78412,0.37,0.37
17.08.2021 00:00:54.695,7.784860000000001,7.78404,0.75,0.75
17.08.2021 00:01:13.676,7.784960000000001,7.784000000000001,0.37,1.6
17.08.2021 00:01:16.593,7.7848500000000005,7.784000000000001,0.37,1.6
17.08.2021 00:01:20.084,7.7848500000000005,7.784060000000001,0.37,0.75
17.08.2021 00:02:00.168,7.7848500000000005,7.784110000000001,0.37,0.37
17.08.2021 00:02:37.464,7.78499,7.78404,1,0.49
17.08.2021 00:02:37.514,7.7848500000000005,7.78407,0.75,0.82
17.08.2021 00:02:43.661,7.78488,7.78407,0.75,2.32
17.08.2021 00:02:43.771,7.78487,7.78408,0.75,0.75
17.08.2021 00:02:44.664,7.784860000000001,7.78407,0.75,2.32
17.08.2021 00:02:56.334,7.7848500000000005,7.78407,0.75,0.82
17.08.2021 00:02:56.435,7.78484,7.78407,0.75,0.75
17.08.2021 00:03:06.163,7.78484,7.7840300000000004,0.75,0.75
17.08.2021 00:03:20.228,7.784800000000001,7.78402,0.75,0.45
17.08.2021 00:03:20.329,7.784750000000001,7.784010000000001,0.75,0.37
17.08.2021 00:03:20.379,7.784750000000001,7.78397,0.75,0.82
17.08.2021 00:03:22.505,7.784680000000001,7.78392,2.25,0.37
17.08.2021 00:03:22.657,7.784630000000001,7.78387,0.75,2.32
17.08.2021 00:03:27.678,7.784630000000001,7.78385,2.25,0.37
17.08.2021 00:03:27.779,7.784630000000001,7.78387,2.25,0.75
17.08.2021 00:03:30.022,7.78462,7.78384,0.75,0.37
17.08.2021 00:03:30.073,7.784580000000001,7.78384,0.75,0.37
17.08.2021 00:03:30.184,7.784580000000001,7.783830000000001,0.75,0.75
17.08.2021 00:03:43.243,7.784560000000001,7.7838,0.75,2.72
17.08.2021 00:03:43.294,7.784560000000001,7.7838,0.75,2.62
17.08.2021 00:03:43.395,7.78455,7.7838,0.75,1.12
17.08.2021 00:03:54.062,7.7846,7.783830000000001,0.75,0.75
17.08.2021 00:03:54.163,7.78464,7.783860000000001,0.75,0.75
17.08.2021 00:03:54.264,7.784660000000001,7.7839,0.75,1.5
17.08.2021 00:03:54.352,7.784660000000001,7.783880000000001,0.75,1.5
17.08.2021 00:03:54.819,7.78467,7.783880000000001,0.75,1.5
17.08.2021 00:03:54.969,7.784680000000001,7.7839,1.12,1.5
17.08.2021 00:04:02.923,7.78467,7.7839,0.75,1.5
17.08.2021 00:04:03.030,7.78467,7.7838899999999995,0.75,0.75
17.08.2021 00:04:05.587,7.78467,7.7839,0.75,0.37
17.08.2021 00:04:11.102,7.78467,7.7838899999999995,0.75,0.75
17.08.2021 00:04:20.968,7.78467,7.783939999999999,0.75,0.37
17.08.2021 00:04:31.166,7.784689999999999,7.783939999999999,0.75,0.37
17.08.2021 00:04:32.990,7.784689999999999,7.783950000000001,0.75,0.37
17.08.2021 00:04:33.996,7.784680000000001,7.783960000000001,0.37,0.37
17.08.2021 00:04:34.623,7.784689999999999,7.7838899999999995,0.75,0.37
17.08.2021 00:04:36.893,7.784630000000001,7.7838899999999995,0.75,0.37
17.08.2021 00:04:37.014,7.784630000000001,7.78385,2.25,2.35
17.08.2021 00:04:37.179,7.784630000000001,7.78385,2.25,2.25
17.08.2021 00:04:37.229,7.784630000000001,7.78387,0.75,2.25
17.08.2021 00:04:37.353,7.784630000000001,7.783880000000001,0.75,0.37
17.08.2021 00:04:38.613,7.784630000000001,7.78392,0.75,0.75
17.08.2021 00:04:50.926,7.784680000000001,7.78392,0.37,0.75
17.08.2021 00:04:50.976,7.784630000000001,7.7839100000000006,0.75,1.5
17.08.2021 00:04:51.077,7.784630000000001,7.7839,0.75,0.37
17.08.2021 00:04:55.257,7.784680000000001,7.7839,0.75,0.37
17.08.2021 00:04:55.308,7.784680000000001,7.7839,0.75,0.47
17.08.2021 00:04:55.867,7.784680000000001,7.783939999999999,0.75,0.37
17.08.2021 00:04:56.155,7.784730000000001,7.78397,0.75,0.75
17.08.2021 00:04:56.410,7.784730000000001,7.78399,0.75,0.37
17.08.2021 00:05:26.311,7.784860000000001,7.78399,0.47,0.37
17.08.2021 00:06:00.389,7.78487,7.7838,0.49,0.49
17.08.2021 00:06:01.394,7.784860000000001,7.78379,0.49,0.49
17.08.2021 00:06:02.400,7.784860000000001,7.7838,0.49,0.49
17.08.2021 00:06:05.411,7.784860000000001,7.78379,0.49,0.49
17.08.2021 00:06:06.416,7.784860000000001,7.7838,0.49,0.49
17.08.2021 00:06:11.436,7.78487,7.7838,0.49,0.49
17.08.2021 00:06:12.438,7.784860000000001,7.78379,0.49,0.49
17.08.2021 00:06:13.446,7.784860000000001,7.7838,0.49,0.49
17.08.2021 00:06:18.461,7.78487,7.7838,0.49,0.49
17.08.2021 00:06:19.463,7.784860000000001,7.7838,0.49,0.49
17.08.2021 00:06:23.475,7.784860000000001,7.78379,0.49,0.49
17.08.2021 00:06:24.478,7.784860000000001,7.7838,0.49,0.49
17.08.2021 00:06:29.493,7.78487,7.7838,0.49,0.49
17.08.2021 00:06:30.500,7.784860000000001,7.78379,0.49,0.49
17.08.2021 00:06:31.503,7.784860000000001,7.7838,0.49,0.49
17.08.2021 00:06:34.516,7.784860000000001,7.78379,0.49,0.49
17.08.2021 00:06:35.520,7.784860000000001,7.7838,0.49,0.49
17.08.2021 00:06:37.521,7.784730000000001,7.7839100000000006,0.75,0.75
17.08.2021 00:06:37.622,7.784730000000001,7.78399,0.75,0.37
17.08.2021 00:06:38.021,7.784730000000001,7.783980000000001,0.75,0.37
17.08.2021 00:06:38.125,7.784730000000001,7.784000000000001,0.75,0.37
17.08.2021 00:06:56.809,7.784810000000001,7.7841700000000005,0.37,0.75
17.08.2021 00:06:56.910,7.784930000000001,7.784210000000001,2.25,0.75
17.08.2021 00:06:57.166,7.78487,7.784210000000001,0.75,0.75
17.08.2021 00:06:57.267,7.78467,7.78439,0.75,0.75
17.08.2021 00:07:06.327,7.78497,7.784260000000001,0.75,0.75
17.08.2021 00:07:06.378,7.785160000000001,7.78442,0.75,0.75
17.08.2021 00:07:06.428,7.785160000000001,7.78444,0.75,0.75
17.08.2021 00:07:06.478,7.785280000000001,7.78448,0.75,0.37
17.08.2021 00:07:06.529,7.78542,7.78448,0.37,0.37
17.08.2021 00:07:06.579,7.785330000000001,7.7845,0.75,1.12
17.08.2021 00:07:06.681,7.785330000000001,7.78459,0.75,0.37
17.08.2021 00:07:06.882,7.785330000000001,7.78457,0.75,0.37
17.08.2021 00:07:07.078,7.785330000000001,7.78459,0.75,1.5
17.08.2021 00:07:13.308,7.785330000000001,7.784580000000001,0.75,0.37
17.08.2021 00:07:13.635,7.785330000000001,7.784560000000001,0.75,0.37
17.08.2021 00:07:25.352,7.7855300000000005,7.784560000000001,0.85,0.37
17.08.2021 00:07:25.658,7.7855300000000005,7.784560000000001,0.85,0.47
17.08.2021 00:07:29.143,7.7855300000000005,7.784560000000001,0.85,0.37
17.08.2021 00:07:32.113,7.785330000000001,7.784560000000001,0.75,0.37
17.08.2021 00:07:38.495,7.785560000000001,7.784560000000001,0.85,0.37
17.08.2021 00:07:38.609,7.785560000000001,7.78457,0.85,1.5
17.08.2021 00:08:00.106,7.785500000000001,7.78457,0.37,1.87
17.08.2021 00:08:00.157,7.78557,7.7846,1.1,0.37
17.08.2021 00:08:08.651,7.7856000000000005,7.78459,1.1,0.37
17.08.2021 00:08:11.404,7.7856000000000005,7.784610000000001,1.1,0.37
17.08.2021 00:08:12.311,7.785480000000001,7.784610000000001,0.37,0.37
17.08.2021 00:08:13.311,7.785480000000001,7.78467,0.37,0.37
17.08.2021 00:08:22.457,7.78547,7.78467,0.37,0.37
17.08.2021 00:08:23.458,7.78545,7.784680000000001,0.37,0.37
17.08.2021 00:08:24.461,7.78545,7.7847,0.37,0.37
17.08.2021 00:08:39.416,7.78545,7.784680000000001,0.37,0.37
17.08.2021 00:09:08.605,7.785460000000001,7.78467,0.37,0.37
17.08.2021 00:09:10.552,7.78547,7.784680000000001,0.37,0.37
17.08.2021 00:09:35.606,7.785460000000001,7.784660000000001,0.37,0.37
17.08.2021 00:11:06.858,7.7856000000000005,7.78459,0.75,0.37
17.08.2021 00:11:09.795,7.785480000000001,7.784660000000001,0.37,0.37
17.08.2021 00:11:25.829,7.785480000000001,7.78465,0.37,0.37
17.08.2021 00:11:38.905,7.785480000000001,7.78464,0.37,0.37
17.08.2021 00:12:00.999,7.785489999999999,7.78464,0.37,0.37
17.08.2021 00:13:05.658,7.7856000000000005,7.7846,1.1,0.37
17.08.2021 00:13:08.645,7.7856000000000005,7.7846,0.75,0.37
17.08.2021 00:13:08.746,7.78563,7.7846,0.85,0.37
17.08.2021 00:13:09.156,7.785550000000001,7.78465,0.37,0.37
17.08.2021 00:13:16.049,7.78554,7.78465,0.37,0.37
17.08.2021 00:13:39.097,7.7855300000000005,7.784660000000001,0.37,0.37
17.08.2021 00:14:09.649,7.78563,7.784630000000001,0.75,0.37
17.08.2021 00:14:11.158,7.785550000000001,7.78465,0.37,0.37
17.08.2021 00:14:16.173,7.78554,7.784660000000001,0.37,0.37
17.08.2021 00:15:25.658,7.78563,7.78462,1,0.49
17.08.2021 00:16:04.658,7.785710000000001,7.7845,0.59,0.37
17.08.2021 00:16:05.837,7.78565,7.7843800000000005,0.59,0.59
17.08.2021 00:16:32.509,7.785550000000001,7.7843,0.37,0.59
17.08.2021 00:16:35.517,7.785550000000001,7.78465,0.37,0.37
17.08.2021 00:17:38.622,7.78563,7.784610000000001,1,0.49
17.08.2021 00:17:39.640,7.7855300000000005,7.784610000000001,0.37,0.37
17.08.2021 00:17:41.646,7.7855300000000005,7.78465,0.37,0.37
17.08.2021 00:18:26.829,7.785380000000001,7.78465,0.75,0.37
17.08.2021 00:18:26.879,7.785380000000001,7.78462,0.75,0.75
17.08.2021 00:18:26.980,7.785380000000001,7.78465,0.75,0.37
17.08.2021 00:18:32.216,7.785660000000001,7.78465,1.59,0.37
17.08.2021 00:18:32.267,7.7855300000000005,7.78467,0.75,0.75
17.08.2021 00:18:32.317,7.785660000000001,7.78465,1.12,0.37
17.08.2021 00:18:32.418,7.785660000000001,7.78472,0.37,0.37
17.08.2021 00:18:32.587,7.785480000000001,7.78472,0.75,1.12
17.08.2021 00:18:45.993,7.78562,7.78472,0.37,0.37
17.08.2021 00:18:47.009,7.785610000000001,7.78472,0.37,0.37
17.08.2021 00:18:48.015,7.78558,7.78472,0.37,0.37
17.08.2021 00:18:52.573,7.78564,7.78472,0.37,0.37
17.08.2021 00:19:08.764,7.78562,7.78472,0.37,0.75
17.08.2021 00:19:09.764,7.78562,7.784730000000001,0.37,0.37
17.08.2021 00:19:11.770,7.78562,7.78474,0.37,0.37
17.08.2021 00:19:34.816,7.785610000000001,7.78474,0.37,0.37
17.08.2021 00:20:17.903,7.7856000000000005,7.78474,0.37,0.37
17.08.2021 00:20:20.450,7.78557,7.784750000000001,0.37,0.37
17.08.2021 00:21:04.912,7.785480000000001,7.784750000000001,0.75,0.37
17.08.2021 00:21:07.267,7.785480000000001,7.7847,0.75,0.37
17.08.2021 00:21:23.957,7.78569,7.7847,0.85,0.37
17.08.2021 00:21:29.878,7.7856000000000005,7.7847,0.37,0.37
17.08.2021 00:21:32.891,7.7856000000000005,7.784710000000001,0.37,0.37
17.08.2021 00:21:52.674,7.78569,7.7847,0.85,0.37
17.08.2021 00:22:05.061,7.78569,7.78467,0.85,0.45
17.08.2021 00:22:05.974,7.78562,7.78467,0.37,1.09
17.08.2021 00:23:08.680,7.78582,7.78447,0.59,0.59
17.08.2021 00:23:15.989,7.78582,7.78447,0.59,0.59
17.08.2021 00:23:16.039,7.78569,7.7847,0.85,0.37
17.08.2021 00:23:16.105,7.78569,7.784680000000001,0.85,0.37
17.08.2021 00:24:05.005,7.78569,7.784689999999999,0.85,0.37
17.08.2021 00:24:25.658,7.78569,7.784689999999999,0.75,0.37
17.08.2021 00:25:08.688,7.785550000000001,7.784760000000001,0.49,0.49
17.08.2021 00:26:15.658,7.78569,7.78467,1,0.49
17.08.2021 00:26:16.058,7.78569,7.784710000000001,1,0.49
17.08.2021 00:26:38.675,7.78554,7.78477,0.37,0.37
17.08.2021 00:26:58.451,7.785550000000001,7.7847800000000005,0.37,0.37
17.08.2021 00:27:08.736,7.785560000000001,7.78479,0.37,0.37
17.08.2021 00:27:10.739,7.785550000000001,7.7847800000000005,0.37,0.37
17.08.2021 00:27:26.699,7.785839999999999,7.78449,0.49,0.49
17.08.2021 00:27:40.857,7.78559,7.78479,0.75,0.75
17.08.2021 00:27:40.958,7.78542,7.7851300000000005,0.75,0.75
17.08.2021 00:27:55.530,7.78569,7.7848500000000005,0.75,0.37
17.08.2021 00:28:00.838,7.78569,7.784860000000001,1.12,0.37
17.08.2021 00:28:01.846,7.78565,7.78487,0.37,0.37
17.08.2021 00:28:02.842,7.78565,7.7849200000000005,0.37,0.37
17.08.2021 00:28:05.493,7.78563,7.784930000000001,0.37,0.37
17.08.2021 00:28:06.499,7.78563,7.78494,0.37,0.37
17.08.2021 00:28:10.992,7.78542,7.7851300000000005,0.75,0.75
17.08.2021 00:28:29.566,7.78559,7.7849200000000005,0.75,0.75
17.08.2021 00:28:31.295,7.7855300000000005,7.7849200000000005,0.75,0.75
17.08.2021 00:28:39.686,7.7855300000000005,7.784930000000001,0.75,0.75
17.08.2021 00:28:39.787,7.78562,7.784930000000001,0.75,0.75
17.08.2021 00:28:39.839,7.78564,7.784930000000001,0.75,0.75
17.08.2021 00:28:41.214,7.78542,7.7851300000000005,0.75,0.75
17.08.2021 00:29:05.813,7.78563,7.78494,0.75,0.75
17.08.2021 00:29:11.212,7.78542,7.7851300000000005,0.75,0.75
17.08.2021 00:30:29.466,7.785430000000001,7.78514,0.75,0.75
17.08.2021 00:32:32.641,7.78558,7.78522,0.75,0.75
17.08.2021 00:32:32.692,7.785710000000001,7.7850399999999995,0.85,0.85
17.08.2021 00:32:32.792,7.785780000000001,7.7850600000000005,2.35,0.47
17.08.2021 00:32:38.544,7.785780000000001,7.785030000000001,2.25,1.22
17.08.2021 00:32:46.512,7.78577,7.7850600000000005,0.75,1.6
17.08.2021 00:32:51.015,7.78577,7.78505,0.75,1.5
17.08.2021 00:33:00.012,7.78577,7.785089999999999,0.75,0.37
17.08.2021 00:33:01.027,7.785780000000001,7.785089999999999,0.75,0.37
17.08.2021 00:33:01.468,7.7857899999999995,7.785089999999999,0.75,0.37
17.08.2021 00:33:02.450,7.7857899999999995,7.785100000000001,0.75,0.37
17.08.2021 00:33:03.455,7.7857899999999995,7.785110000000001,0.75,0.37
17.08.2021 00:33:05.032,7.78577,7.7851300000000005,0.37,0.37
17.08.2021 00:33:06.032,7.78577,7.785160000000001,0.37,0.37
17.08.2021 00:33:08.669,7.785780000000001,7.7850600000000005,0.75,1.5
17.08.2021 00:33:08.785,7.785780000000001,7.78507,0.75,0.37
17.08.2021 00:33:23.597,7.7857899999999995,7.78507,0.75,0.37
17.08.2021 00:33:28.624,7.7857899999999995,7.7850600000000005,0.75,0.37
17.08.2021 00:33:28.675,7.7857899999999995,7.785030000000001,0.75,0.37
17.08.2021 00:33:30.507,7.78589,7.785030000000001,0.47,0.37
17.08.2021 00:33:37.817,7.785780000000001,7.785030000000001,0.75,0.37
17.08.2021 00:33:43.544,7.785780000000001,7.785010000000001,0.75,0.47
17.08.2021 00:33:53.720,7.7858,7.78499,0.75,1.22
17.08.2021 00:33:58.592,7.78587,7.785080000000001,0.82,0.75
17.08.2021 00:33:58.642,7.78587,7.78512,0.82,0.75
17.08.2021 00:33:58.743,7.785830000000001,7.78512,0.85,1.22
17.08.2021 00:33:58.846,7.785830000000001,7.78512,0.85,1.22
17.08.2021 00:33:58.997,7.785830000000001,7.78512,0.85,2.35
17.08.2021 00:33:59.098,7.78587,7.78512,1.22,2.35
17.08.2021 00:33:59.465,7.78587,7.78512,1.22,2.35
17.08.2021 00:34:07.198,7.7858,7.78512,0.75,0.85
17.08.2021 00:34:07.299,7.78572,7.785080000000001,0.75,0.47
17.08.2021 00:34:07.482,7.78572,7.7850600000000005,0.75,0.85
17.08.2021 00:34:11.551,7.785760000000001,7.78512,0.37,0.85
17.08.2021 00:34:11.651,7.78587,7.78512,1.22,0.85
17.08.2021 00:34:12.244,7.78587,7.78512,1.22,0.85
17.08.2021 00:34:13.507,7.78587,7.78512,0.85,0.85
17.08.2021 00:34:14.315,7.78587,7.78512,0.85,0.85
17.08.2021 00:34:16.665,7.785880000000001,7.78527,1.22,0.75
17.08.2021 00:34:16.766,7.785860000000001,7.785150000000001,0.75,0.85
17.08.2021 00:34:16.817,7.785830000000001,7.78512,0.75,0.85
17.08.2021 00:34:17.028,7.785830000000001,7.78512,0.75,2.35
17.08.2021 00:34:17.275,7.785830000000001,7.78512,0.75,2.35
17.08.2021 00:34:17.541,7.785830000000001,7.78512,0.75,0.85
17.08.2021 00:34:17.645,7.785680000000001,7.78539,0.75,0.75
17.08.2021 00:34:28.939,7.785780000000001,7.785460000000001,0.75,0.75
17.08.2021 00:34:31.964,7.785730000000001,7.7854399999999995,0.75,0.75
17.08.2021 00:34:34.419,7.785760000000001,7.7854399999999995,0.75,0.75
17.08.2021 00:34:38.600,7.785860000000001,7.78552,1.12,0.75
17.08.2021 00:34:38.701,7.785830000000001,7.78552,0.75,0.75
17.08.2021 00:34:39.013,7.785830000000001,7.78554,0.75,0.75
17.08.2021 00:34:39.063,7.78585,7.78554,0.37,0.75
17.08.2021 00:34:39.704,7.785839999999999,7.78554,0.37,0.75
17.08.2021 00:34:40.805,7.78585,7.78554,0.37,0.75
17.08.2021 00:34:43.465,7.785860000000001,7.78554,0.75,0.75
17.08.2021 00:34:47.310,7.78587,7.785510000000001,0.37,0.37
17.08.2021 00:34:47.379,7.785810000000001,7.785510000000001,0.75,0.37
17.08.2021 00:34:47.429,7.785710000000001,7.78539,0.75,0.75
17.08.2021 00:34:52.624,7.78577,7.785460000000001,0.37,0.75
17.08.2021 00:34:52.674,7.785810000000001,7.785460000000001,0.75,0.75
17.08.2021 00:34:54.667,7.785810000000001,7.785489999999999,0.75,0.75
17.08.2021 00:34:57.339,7.785839999999999,7.78554,0.37,0.75
17.08.2021 00:34:57.590,7.785830000000001,7.78554,0.75,0.75
17.08.2021 00:35:19.223,7.785810000000001,7.785500000000001,0.75,0.37
17.08.2021 00:35:19.324,7.785710000000001,7.785500000000001,0.75,0.37
17.08.2021 00:35:19.723,7.785710000000001,7.78539,0.75,0.75
17.08.2021 00:35:43.079,7.785710000000001,7.785460000000001,0.75,0.37
17.08.2021 00:35:43.129,7.78577,7.785460000000001,0.75,0.37
17.08.2021 00:35:44.579,7.78577,7.7854399999999995,0.75,0.75
17.08.2021 00:35:58.991,7.785810000000001,7.785410000000001,0.37,0.37
17.08.2021 00:36:00.744,7.785830000000001,7.785410000000001,0.75,0.37
17.08.2021 00:36:13.335,7.78577,7.7854399999999995,0.75,0.75
17.08.2021 00:38:32.688,7.785810000000001,7.78537,0.37,0.37
17.08.2021 00:38:33.118,7.785839999999999,7.78537,0.82,0.37
17.08.2021 00:38:43.693,7.785830000000001,7.78539,0.75,0.37
17.08.2021 00:38:43.864,7.78577,7.7854399999999995,0.75,0.75
17.08.2021 00:39:12.200,7.785730000000001,7.7854399999999995,0.37,0.75
17.08.2021 00:39:14.463,7.78577,7.7854399999999995,0.75,0.75
17.08.2021 00:39:35.179,7.78572,7.7854399999999995,0.37,0.75
17.08.2021 00:39:35.743,7.78577,7.7854399999999995,0.75,0.75
17.08.2021 00:39:41.123,7.78575,7.7854399999999995,0.37,0.75
17.08.2021 00:40:03.269,7.785760000000001,7.7854399999999995,0.75,0.75
17.08.2021 00:40:39.561,7.78572,7.7854399999999995,0.37,0.75
17.08.2021 00:41:20.788,7.785760000000001,7.7854399999999995,0.75,0.75
17.08.2021 00:42:19.756,7.785730000000001,7.7854399999999995,0.37,0.75
17.08.2021 00:42:28.116,7.785610000000001,7.78529,0.75,0.75
17.08.2021 00:42:28.166,7.785710000000001,7.78539,0.75,0.75
17.08.2021 00:42:58.198,7.78577,7.78537,0.37,0.37
17.08.2021 00:42:58.483,7.785710000000001,7.78539,0.75,0.75
17.08.2021 00:43:13.689,7.7857,7.78539,0.37,0.75
17.08.2021 00:43:36.444,7.78569,7.78539,0.37,0.75
17.08.2021 00:43:51.762,7.7857,7.78539,0.37,0.75
17.08.2021 00:44:30.845,7.78569,7.78539,0.37,0.75
17.08.2021 00:45:35.658,7.785710000000001,7.78539,0.75,0.75
17.08.2021 00:46:00.369,7.785660000000001,7.78534,0.75,0.75
17.08.2021 00:46:00.521,7.78563,7.78534,0.75,0.75
17.08.2021 00:46:14.417,7.78562,7.78534,0.37,0.75
17.08.2021 00:46:19.170,7.785610000000001,7.785330000000001,0.75,0.75
17.08.2021 00:47:27.990,7.785660000000001,7.785380000000001,0.75,0.75
17.08.2021 00:48:59.964,7.78564,7.785380000000001,0.75,0.75
17.08.2021 00:49:35.451,7.785610000000001,7.785330000000001,0.75,0.75
17.08.2021 00:50:02.483,7.78562,7.785330000000001,0.75,0.75
17.08.2021 00:51:23.788,7.78563,7.78534,0.75,0.75
17.08.2021 00:51:49.408,7.78554,7.7852500000000004,0.75,0.37
17.08.2021 00:51:49.534,7.78562,7.785330000000001,0.75,0.75
17.08.2021 00:52:21.200,7.78562,7.78534,0.37,0.75
17.08.2021 00:53:15.658,7.78563,7.78534,0.75,0.75
17.08.2021 00:53:55.675,7.78567,7.785380000000001,0.75,0.75
17.08.2021 00:54:22.661,7.78562,7.785330000000001,0.75,0.75
17.08.2021 00:54:59.830,7.78563,7.78534,0.75,0.75
17.08.2021 00:57:04.737,7.78562,7.78534,0.37,0.75
17.08.2021 00:57:16.813,7.785560000000001,7.7852500000000004,0.75,0.37
17.08.2021 00:57:16.914,7.785610000000001,7.785280000000001,0.75,0.75
17.08.2021 00:57:18.214,7.785610000000001,7.7853,0.75,0.37
17.08.2021 00:57:30.041,7.785610000000001,7.785280000000001,0.75,0.75
17.08.2021 00:57:30.092,7.785560000000001,7.78523,0.75,1.12
17.08.2021 00:57:52.165,7.78563,7.78523,0.37,0.37
17.08.2021 00:57:52.266,7.7857,7.78524,0.85,0.37
17.08.2021 00:57:53.670,7.7857,7.78527,1.22,0.37
17.08.2021 00:58:00.231,7.785560000000001,7.78527,0.75,0.37
17.08.2021 00:58:38.624,7.785560000000001,7.785260000000001,0.75,0.37
17.08.2021 00:58:43.765,7.785560000000001,7.78529,0.75,0.37
17.08.2021 00:58:43.816,7.785610000000001,7.78529,0.75,0.37
17.08.2021 00:58:45.266,7.785610000000001,7.7853200000000005,0.75,0.37
17.08.2021 00:59:05.737,7.785610000000001,7.785330000000001,0.75,0.37
17.08.2021 00:59:12.726,7.785680000000001,7.785330000000001,0.37,0.37
17.08.2021 00:59:13.490,7.7856000000000005,7.78534,0.75,0.37
17.08.2021 00:59:13.541,7.785610000000001,7.785280000000001,0.75,2.62
17.08.2021 00:59:14.940,7.785610000000001,7.78529,0.75,0.37
17.08.2021 00:59:16.441,7.785610000000001,7.785280000000001,0.75,1.12
17.08.2021 00:59:19.442,7.785610000000001,7.78529,0.75,0.37
17.08.2021 00:59:22.645,7.785610000000001,7.7853,0.75,0.37
17.08.2021 00:59:23.263,7.785610000000001,7.785310000000001,0.75,0.37
17.08.2021 00:59:25.273,7.785610000000001,7.785330000000001,0.75,0.37
17.08.2021 00:59:35.103,7.785680000000001,7.785330000000001,0.75,0.37
17.08.2021 00:59:35.153,7.7857,7.7854399999999995,0.75,0.37
17.08.2021 00:59:35.484,7.7857,7.78537,0.75,0.37
17.08.2021 00:59:36.630,7.7857,7.78535,0.75,0.37
17.08.2021 00:59:57.925,7.785730000000001,7.78535,0.37,0.37
17.08.2021 01:00:05.276,7.7857,7.78535,0.75,0.37
17.08.2021 01:00:06.085,7.7857,7.78542,0.75,0.75
17.08.2021 01:00:27.175,7.7857,7.785430000000001,0.75,0.37
17.08.2021 01:00:28.174,7.7857,7.78542,0.75,0.75
17.08.2021 01:00:34.052,7.785560000000001,7.785330000000001,0.75,1.12
17.08.2021 01:00:34.752,7.785560000000001,7.785260000000001,0.75,0.37
17.08.2021 01:00:40.756,7.785560000000001,7.7852500000000004,0.75,0.37
17.08.2021 01:00:51.863,7.78567,7.7852500000000004,1.12,0.37
17.08.2021 01:00:51.966,7.78567,7.78524,0.75,0.37
17.08.2021 01:00:52.016,7.78563,7.78524,0.75,0.37
17.08.2021 01:00:53.369,7.78563,7.785260000000001,0.75,0.37
17.08.2021 01:01:04.220,7.785560000000001,7.785260000000001,0.75,0.37
17.08.2021 01:01:21.095,7.785560000000001,7.78524,0.75,0.37
17.08.2021 01:01:23.315,7.785560000000001,7.785260000000001,0.75,0.37
17.08.2021 01:01:24.434,7.785660000000001,7.785260000000001,0.37,0.37
17.08.2021 01:01:24.893,7.78564,7.785260000000001,0.37,0.37
17.08.2021 01:01:31.497,7.78569,7.785260000000001,0.85,0.37
17.08.2021 01:01:31.548,7.78563,7.785260000000001,0.75,0.37
17.08.2021 01:01:34.320,7.785560000000001,7.785260000000001,0.75,0.37
17.08.2021 01:01:55.708,7.785560000000001,7.7852500000000004,0.75,0.75
17.08.2021 01:01:57.204,7.785560000000001,7.785260000000001,0.75,0.37
17.08.2021 01:02:02.399,7.785550000000001,7.785260000000001,0.75,0.37
17.08.2021 01:02:03.850,7.785550000000001,7.78524,0.75,0.37
17.08.2021 01:02:22.826,7.785550000000001,7.78522,0.75,0.85
17.08.2021 01:02:24.671,7.78562,7.78522,0.37,0.75
17.08.2021 01:02:25.708,7.78563,7.78522,1.12,0.75
17.08.2021 01:02:28.686,7.78562,7.78522,0.37,0.75
17.08.2021 01:02:29.691,7.78563,7.78522,1.12,0.75
17.08.2021 01:02:30.144,7.785710000000001,7.7852500000000004,0.85,0.37
17.08.2021 01:02:30.199,7.78567,7.7852500000000004,0.2,0.37
17.08.2021 01:02:32.752,7.785550000000001,7.7852500000000004,0.75,0.37
17.08.2021 01:03:00.105,7.78563,7.7852500000000004,0.75,0.37
17.08.2021 01:03:03.072,7.785550000000001,7.7852500000000004,0.75,0.37
17.08.2021 01:03:03.264,7.785550000000001,7.785210000000001,0.75,0.82
17.08.2021 01:03:17.209,7.785550000000001,7.78522,0.75,0.75
17.08.2021 01:04:27.905,7.78554,7.785200000000001,0.75,0.37
17.08.2021 01:04:28.006,7.785500000000001,7.785200000000001,0.75,0.37
17.08.2021 01:04:28.232,7.785500000000001,7.7851300000000005,0.75,0.47
17.08.2021 01:04:29.904,7.785550000000001,7.785210000000001,0.75,0.75
17.08.2021 01:04:30.005,7.785550000000001,7.78522,0.75,0.37
17.08.2021 01:04:33.323,7.785500000000001,7.78522,0.75,0.37
17.08.2021 01:04:33.374,7.7854399999999995,7.7851300000000005,0.75,1.12
17.08.2021 01:04:33.424,7.78534,7.7851300000000005,0.75,0.75
17.08.2021 01:04:33.475,7.78534,7.785030000000001,0.75,0.37
17.08.2021 01:04:33.576,7.7853,7.784980000000001,0.75,0.37
17.08.2021 01:04:34.890,7.7853,7.78497,0.75,0.37
17.08.2021 01:04:37.033,7.7853,7.78497,0.75,0.47
17.08.2021 01:04:37.283,7.7853,7.78497,0.75,0.47
17.08.2021 01:04:38.661,7.7853,7.78497,0.75,1.22
17.08.2021 01:04:43.698,7.7853,7.78497,0.75,1.22
17.08.2021 01:04:53.380,7.7853,7.7850600000000005,0.75,0.37
17.08.2021 01:04:54.854,7.785380000000001,7.7850600000000005,0.37,0.37
17.08.2021 01:04:54.905,7.785380000000001,7.78502,0.37,0.37
17.08.2021 01:04:55.658,7.78542,7.785030000000001,0.82,0.37
17.08.2021 01:05:00.070,7.78542,7.785030000000001,0.85,0.37
17.08.2021 01:05:03.560,7.7853,7.785030000000001,0.75,0.37
17.08.2021 01:05:55.658,7.7853,7.78497,0.75,0.47
17.08.2021 01:05:57.705,7.78535,7.785010000000001,0.75,0.85
17.08.2021 01:05:57.756,7.78535,7.7850399999999995,0.75,0.37
17.08.2021 01:06:04.419,7.7854,7.7850600000000005,0.75,0.75
17.08.2021 01:06:06.671,7.78534,7.78497,0.75,1.22
17.08.2021 01:06:06.821,7.7853,7.78497,0.75,1.22
17.08.2021 01:06:36.460,7.785410000000001,7.78497,0.37,0.47
17.08.2021 01:06:37.210,7.7853,7.78497,0.75,0.47
17.08.2021 01:06:52.553,7.7853,7.78497,0.75,0.37
17.08.2021 01:06:52.604,7.7853,7.78495,0.75,0.45
17.08.2021 01:06:52.654,7.78527,7.78495,0.75,0.37
17.08.2021 01:06:52.704,7.78524,7.784910000000001,0.75,0.37
17.08.2021 01:06:52.755,7.78527,7.78483,0.75,1.2
17.08.2021 01:06:52.805,7.78507,7.78483,0.75,0.37
17.08.2021 01:06:52.856,7.78512,7.78483,0.75,0.37
17.08.2021 01:06:53.164,7.78512,7.784760000000001,0.75,1.12
17.08.2021 01:07:08.424,7.785,7.78472,0.75,0.37
17.08.2021 01:07:08.931,7.785,7.784660000000001,0.75,1.12
17.08.2021 01:07:12.591,7.78495,7.78462,0.75,0.37
17.08.2021 01:07:13.413,7.78495,7.784610000000001,0.75,0.75
17.08.2021 01:07:13.759,7.7849,7.784560000000001,0.75,1.12
17.08.2021 01:07:13.809,7.7850399999999995,7.784560000000001,0.82,0.37
17.08.2021 01:07:13.910,7.7850399999999995,7.78449,0.82,0.45
17.08.2021 01:07:14.052,7.785030000000001,7.78449,0.82,0.37
17.08.2021 01:07:14.103,7.785030000000001,7.78447,0.85,1.2
17.08.2021 01:07:14.204,7.7850399999999995,7.78447,0.85,1.22
17.08.2021 01:07:15.260,7.784930000000001,7.78448,0.37,0.45
17.08.2021 01:07:15.373,7.784800000000001,7.78448,0.75,0.37
17.08.2021 01:07:15.474,7.784750000000001,7.784410000000001,0.75,0.75
17.08.2021 01:07:15.575,7.784910000000001,7.784400000000001,0.47,0.37
17.08.2021 01:07:15.626,7.784910000000001,7.78437,0.47,0.75
17.08.2021 01:07:15.727,7.784910000000001,7.784360000000001,0.47,0.75
17.08.2021 01:07:16.070,7.7849,7.784360000000001,0.45,0.82
17.08.2021 01:07:16.334,7.7849,7.784330000000001,1.22,1.22
17.08.2021 01:07:16.485,7.7849,7.784360000000001,0.45,0.82
17.08.2021 01:07:16.588,7.7849,7.7843800000000005,0.82,0.37
17.08.2021 01:07:17.158,7.78489,7.7843800000000005,0.37,0.37
17.08.2021 01:07:18.025,7.78489,7.784339999999999,0.37,0.37
17.08.2021 01:07:18.075,7.78489,7.784360000000001,0.37,0.75
17.08.2021 01:07:18.540,7.78489,7.784339999999999,0.37,0.45
17.08.2021 01:07:18.920,7.784860000000001,7.784339999999999,0.37,0.47
17.08.2021 01:07:19.377,7.784860000000001,7.784339999999999,0.37,1.12
17.08.2021 01:07:19.478,7.784860000000001,7.784339999999999,0.37,1.22
17.08.2021 01:07:19.833,7.784930000000001,7.784350000000001,0.47,1.12
17.08.2021 01:07:20.385,7.784930000000001,7.784350000000001,0.47,0.47
17.08.2021 01:07:20.740,7.78487,7.784350000000001,0.37,0.45
17.08.2021 01:07:20.841,7.78487,7.784350000000001,0.37,0.47
17.08.2021 01:07:21.154,7.78487,7.784350000000001,0.37,0.45
17.08.2021 01:07:21.305,7.78487,7.784350000000001,0.37,1.22
17.08.2021 01:07:21.548,7.78487,7.78437,0.37,0.75
17.08.2021 01:07:21.649,7.784960000000001,7.78444,0.47,0.37
17.08.2021 01:07:21.850,7.784960000000001,7.78444,0.47,0.37
17.08.2021 01:07:22.381,7.784960000000001,7.78444,0.47,0.37
17.08.2021 01:07:24.705,7.78494,7.78442,0.45,2.62
17.08.2021 01:07:24.856,7.78494,7.78442,0.47,0.37
17.08.2021 01:07:26.205,7.7849200000000005,7.784400000000001,0.37,0.37
17.08.2021 01:07:26.780,7.78484,7.78432,0.37,2.72
17.08.2021 01:07:26.830,7.78484,7.78432,0.37,0.47
17.08.2021 01:07:27.144,7.78484,7.78432,0.37,0.37
17.08.2021 01:07:27.862,7.7848500000000005,7.7842899999999995,0.37,0.85
17.08.2021 01:07:30.789,7.7848500000000005,7.7842899999999995,0.75,0.85
17.08.2021 01:07:32.214,7.784860000000001,7.7842899999999995,0.75,0.85
17.08.2021 01:07:32.315,7.784860000000001,7.7843,0.75,0.85
17.08.2021 01:07:33.638,7.7848500000000005,7.7843,0.37,0.85
17.08.2021 01:07:33.695,7.78479,7.7843,0.37,0.85
17.08.2021 01:07:33.796,7.78479,7.7843,0.37,0.85
17.08.2021 01:07:34.588,7.7848500000000005,7.7843,0.75,0.85
17.08.2021 01:07:36.847,7.784860000000001,7.784310000000001,0.45,0.47
17.08.2021 01:07:39.148,7.784860000000001,7.784310000000001,0.47,0.47
17.08.2021 01:07:40.804,7.784860000000001,7.784310000000001,0.47,0.47
17.08.2021 01:07:44.509,7.78489,7.784330000000001,0.47,0.85
17.08.2021 01:07:44.756,7.78489,7.784330000000001,0.37,0.85
17.08.2021 01:07:45.370,7.78489,7.784310000000001,0.37,1.22
17.08.2021 01:07:45.975,7.784910000000001,7.784330000000001,0.37,0.47
17.08.2021 01:07:46.880,7.784910000000001,7.784330000000001,0.47,0.37
17.08.2021 01:07:50.333,7.784910000000001,7.784330000000001,0.47,0.45
17.08.2021 01:07:50.839,7.7849,7.78432,0.37,0.37
17.08.2021 01:07:51.738,7.78494,7.784330000000001,0.85,0.37
17.08.2021 01:07:56.026,7.78494,7.78432,1.22,0.37
17.08.2021 01:07:56.333,7.78494,7.78432,1.22,0.37
17.08.2021 01:07:57.526,7.784910000000001,7.784280000000001,0.85,0.45
17.08.2021 01:07:59.020,7.784910000000001,7.784280000000001,0.85,0.45
17.08.2021 01:08:00.579,7.784910000000001,7.7843,0.85,0.37
17.08.2021 01:08:00.680,7.78494,7.784360000000001,1.95,0.75
17.08.2021 01:08:00.730,7.78495,7.78437,0.37,0.85
17.08.2021 01:08:00.867,7.78495,7.78443,0.37,0.37
17.08.2021 01:08:02.336,7.784960000000001,7.78444,0.45,0.37
17.08.2021 01:08:02.544,7.78494,7.78444,0.82,0.37
17.08.2021 01:08:02.653,7.78494,7.78444,0.85,0.37
17.08.2021 01:08:02.703,7.784930000000001,7.7842899999999995,2.35,0.37
17.08.2021 01:08:02.753,7.78489,7.7842899999999995,0.75,0.37
17.08.2021 01:08:04.064,7.78489,7.78424,1.12,1.2
17.08.2021 01:08:08.367,7.78489,7.78424,1.22,1.22
17.08.2021 01:08:11.633,7.78489,7.78424,1.22,1.22
17.08.2021 01:08:13.222,7.78488,7.784230000000001,0.47,1.22
17.08.2021 01:08:13.436,7.78488,7.784230000000001,0.47,1.22
17.08.2021 01:08:13.600,7.78488,7.784230000000001,0.37,1.12
17.08.2021 01:08:14.672,7.78489,7.78424,0.37,0.37
17.08.2021 01:08:17.333,7.78489,7.78424,0.47,0.47
17.08.2021 01:08:21.784,7.78489,7.78424,0.47,0.47
17.08.2021 01:08:22.044,7.78489,7.78424,0.47,0.47
17.08.2021 01:08:23.333,7.78489,7.78424,0.47,0.47
17.08.2021 01:08:27.833,7.78487,7.78424,0.45,0.47
17.08.2021 01:08:32.333,7.78487,7.78424,0.45,0.47
17.08.2021 01:08:35.333,7.78487,7.78424,0.47,0.47
17.08.2021 01:08:50.926,7.78489,7.78444,0.37,0.37
17.08.2021 01:08:51.027,7.784810000000001,7.7844500000000005,0.75,0.75
17.08.2021 01:08:52.410,7.784810000000001,7.784460000000001,0.75,0.37
17.08.2021 01:08:55.701,7.784810000000001,7.784460000000001,0.75,0.47
17.08.2021 01:09:03.536,7.7849200000000005,7.78447,0.37,0.37
17.08.2021 01:09:12.200,7.78494,7.7845,0.47,0.37
17.08.2021 01:09:12.301,7.78495,7.784610000000001,1.12,0.85
17.08.2021 01:09:12.402,7.78505,7.784710000000001,0.75,0.75
17.08.2021 01:09:12.453,7.785100000000001,7.78477,0.75,0.37
17.08.2021 01:09:12.503,7.78522,7.78477,0.37,0.37
17.08.2021 01:09:12.654,7.78535,7.78479,0.37,0.37
17.08.2021 01:09:12.856,7.78537,7.78479,0.37,0.47
17.08.2021 01:09:12.957,7.785460000000001,7.784910000000001,0.37,0.37
17.08.2021 01:09:13.158,7.785489999999999,7.784910000000001,0.37,0.37
17.08.2021 01:09:14.451,7.785480000000001,7.7849,0.37,0.45
17.08.2021 01:09:17.897,7.78535,7.785010000000001,0.75,0.75
17.08.2021 01:09:26.451,7.78535,7.7850600000000005,0.75,0.37
17.08.2021 01:09:26.502,7.7854,7.7850600000000005,0.75,1.12
17.08.2021 01:09:27.518,7.7854,7.785080000000001,0.75,0.37
17.08.2021 01:09:30.020,7.78545,7.785110000000001,0.75,0.75
17.08.2021 01:09:33.930,7.78545,7.78512,0.75,0.37
17.08.2021 01:09:39.956,7.78545,7.785110000000001,0.75,0.75
17.08.2021 01:09:40.836,7.78535,7.78507,0.75,1.5
17.08.2021 01:09:40.937,7.78545,7.784960000000001,1.12,1.5
17.08.2021 01:09:40.987,7.785430000000001,7.784960000000001,0.75,0.75
17.08.2021 01:09:41.038,7.78542,7.78489,0.75,0.82
17.08.2021 01:09:41.088,7.785380000000001,7.78487,0.75,1.12
17.08.2021 01:09:42.361,7.785380000000001,7.78484,0.75,1.22
17.08.2021 01:09:43.393,7.785380000000001,7.78484,0.75,1.22
17.08.2021 01:09:43.494,7.78535,7.785010000000001,0.75,0.75
17.08.2021 01:09:57.101,7.78542,7.78494,0.75,0.45
17.08.2021 01:09:57.151,7.785430000000001,7.785030000000001,0.75,0.37
17.08.2021 01:09:57.515,7.78545,7.785030000000001,0.75,0.37
17.08.2021 01:09:58.602,7.78545,7.78499,0.37,0.37
17.08.2021 01:09:58.818,7.78547,7.78499,0.37,0.82
17.08.2021 01:10:01.271,7.785480000000001,7.78499,0.45,0.75
17.08.2021 01:10:01.879,7.78547,7.78499,0.75,0.37
17.08.2021 01:10:02.033,7.78547,7.785,1.2,0.37
17.08.2021 01:10:07.947,7.78547,7.78499,0.37,0.37
17.08.2021 01:10:08.952,7.78547,7.785,0.37,0.37
17.08.2021 01:10:12.456,7.785489999999999,7.784980000000001,0.82,0.75
17.08.2021 01:10:12.506,7.78547,7.78497,0.75,1.12
17.08.2021 01:10:12.967,7.785460000000001,7.78497,0.75,0.37
17.08.2021 01:10:13.702,7.78535,7.785010000000001,0.75,0.75
17.08.2021 01:10:36.805,7.78542,7.78499,0.37,0.75
17.08.2021 01:10:37.855,7.78557,7.78499,0.85,0.37
17.08.2021 01:10:38.205,7.78557,7.78499,0.85,0.37
17.08.2021 01:10:43.593,7.7854399999999995,7.78499,0.37,0.37
17.08.2021 01:10:44.020,7.78535,7.785010000000001,0.75,0.75
17.08.2021 01:11:13.571,7.785280000000001,7.78495,0.75,0.37
17.08.2021 01:11:13.722,7.78524,7.78495,0.75,0.37
17.08.2021 01:11:14.019,7.7853,7.784960000000001,0.75,0.75
17.08.2021 01:11:15.021,7.7853,7.784980000000001,0.75,0.37
17.08.2021 01:11:35.708,7.785489999999999,7.785,0.85,0.37
17.08.2021 01:11:35.983,7.7854399999999995,7.785,0.45,0.37
17.08.2021 01:11:37.161,7.78545,7.78494,0.47,0.37
17.08.2021 01:11:38.159,7.78545,7.784960000000001,0.47,0.37
17.08.2021 01:11:38.875,7.7854399999999995,7.784960000000001,0.47,0.37
17.08.2021 01:11:41.587,7.785430000000001,7.784930000000001,0.45,0.75
17.08.2021 01:11:41.637,7.7852500000000004,7.784930000000001,0.75,0.75
17.08.2021 01:11:43.086,7.7852500000000004,7.784960000000001,0.75,0.37
17.08.2021 01:12:11.590,7.78542,7.784960000000001,0.85,0.37
17.08.2021 01:12:12.275,7.78542,7.78494,0.85,0.37
17.08.2021 01:12:12.329,7.7852500000000004,7.78494,0.75,0.37
17.08.2021 01:12:44.334,7.7852500000000004,7.78495,0.75,0.37
17.08.2021 01:12:44.435,7.785260000000001,7.78495,0.75,1.12
17.08.2021 01:12:45.835,7.785260000000001,7.784960000000001,0.75,0.37
17.08.2021 01:13:41.576,7.785260000000001,7.78495,0.75,0.75
17.08.2021 01:13:41.690,7.785210000000001,7.7849,0.75,1.12
17.08.2021 01:13:52.286,7.785110000000001,7.784860000000001,0.75,0.37
17.08.2021 01:13:52.337,7.785110000000001,7.78482,0.75,0.37
17.08.2021 01:13:53.736,7.785110000000001,7.784810000000001,0.75,0.37
17.08.2021 01:14:30.068,7.785110000000001,7.784800000000001,0.75,0.75
17.08.2021 01:14:31.552,7.785110000000001,7.784810000000001,0.75,0.37
17.08.2021 01:15:08.065,7.785110000000001,7.784800000000001,0.75,0.75
17.08.2021 01:15:12.811,7.785110000000001,7.784810000000001,0.75,0.37
17.08.2021 01:15:25.202,7.785110000000001,7.784800000000001,0.75,0.75
17.08.2021 01:17:04.757,7.7850600000000005,7.784760000000001,0.75,0.75
17.08.2021 01:17:04.974,7.785110000000001,7.784810000000001,0.75,0.75
17.08.2021 01:17:26.791,7.78529,7.784810000000001,0.85,0.37
17.08.2021 01:17:35.010,7.785110000000001,7.784810000000001,0.75,1.12
17.08.2021 01:17:59.077,7.785110000000001,7.78482,0.75,0.37
17.08.2021 01:17:59.178,7.785160000000001,7.784860000000001,0.75,0.75
17.08.2021 01:17:59.279,7.785110000000001,7.78482,0.75,0.37
17.08.2021 01:17:59.329,7.785280000000001,7.78482,0.47,0.37
17.08.2021 01:17:59.380,7.785110000000001,7.78482,0.75,0.37
17.08.2021 01:18:00.577,7.785110000000001,7.784810000000001,0.75,1.12
17.08.2021 01:18:04.626,7.7850600000000005,7.78479,0.75,0.37
17.08.2021 01:18:05.451,7.7850600000000005,7.784760000000001,0.75,0.75
17.08.2021 01:18:34.586,7.78519,7.78472,0.37,0.75
17.08.2021 01:18:34.976,7.7850600000000005,7.784760000000001,0.75,0.75
17.08.2021 01:19:13.095,7.7850600000000005,7.784750000000001,0.75,0.75
17.08.2021 01:19:51.401,7.785110000000001,7.784800000000001,0.75,0.75
17.08.2021 01:19:51.554,7.785260000000001,7.78495,0.75,0.75
17.08.2021 01:19:51.705,7.785310000000001,7.785,0.75,0.75
17.08.2021 01:19:53.321,7.785260000000001,7.78499,0.75,0.37
17.08.2021 01:19:53.422,7.785210000000001,7.78495,0.75,0.37
17.08.2021 01:19:54.831,7.785210000000001,7.784910000000001,0.75,0.37
17.08.2021 01:20:02.052,7.785210000000001,7.7849200000000005,0.75,0.37
17.08.2021 01:20:02.103,7.78522,7.78495,0.75,0.75
17.08.2021 01:20:12.277,7.78522,7.78494,0.75,0.75
17.08.2021 01:20:17.314,7.78522,7.784930000000001,0.75,0.75
17.08.2021 01:20:22.270,7.785210000000001,7.7849200000000005,0.75,0.75
17.08.2021 01:21:32.142,7.7851300000000005,7.78483,0.75,0.45
17.08.2021 01:21:33.592,7.7851300000000005,7.78482,0.75,0.75
17.08.2021 01:21:42.641,7.7850399999999995,7.78479,0.75,0.37
17.08.2021 01:21:42.742,7.78502,7.78479,0.75,0.37
17.08.2021 01:21:43.278,7.78502,7.78472,0.75,0.75
17.08.2021 01:21:58.800,7.785160000000001,7.784710000000001,1.12,0.37
17.08.2021 01:21:59.390,7.785150000000001,7.784710000000001,0.37,0.37
17.08.2021 01:22:04.656,7.785150000000001,7.78472,0.37,0.37
17.08.2021 01:22:05.149,7.78512,7.78484,0.75,0.75
17.08.2021 01:22:30.383,7.785360000000001,7.78484,3.1,0.37
17.08.2021 01:22:30.503,7.78534,7.78484,0.75,0.37
17.08.2021 01:22:30.554,7.78537,7.78484,0.75,0.37
17.08.2021 01:22:30.759,7.78537,7.784860000000001,0.37,0.37
17.08.2021 01:22:31.457,7.78535,7.784860000000001,0.37,0.37
17.08.2021 01:22:45.391,7.785360000000001,7.784860000000001,0.37,0.37
17.08.2021 01:22:46.396,7.78529,7.784860000000001,0.37,0.37
17.08.2021 01:23:10.975,7.785380000000001,7.784860000000001,0.75,0.37
17.08.2021 01:23:13.127,7.78535,7.784860000000001,0.37,0.37
17.08.2021 01:23:13.392,7.78535,7.78484,0.37,0.37
17.08.2021 01:23:13.616,7.78535,7.78484,0.37,0.47
17.08.2021 01:23:14.548,7.78542,7.78484,0.37,0.47
17.08.2021 01:23:15.554,7.785430000000001,7.78484,0.37,0.47
17.08.2021 01:23:17.906,7.785410000000001,7.78483,0.75,0.47
17.08.2021 01:23:18.028,7.785410000000001,7.78483,0.75,0.47
17.08.2021 01:23:18.179,7.785410000000001,7.78483,0.75,0.45
17.08.2021 01:23:18.432,7.78539,7.78483,0.75,0.45
17.08.2021 01:23:19.042,7.78539,7.784860000000001,0.75,0.37
17.08.2021 01:23:20.555,7.78534,7.784860000000001,0.37,0.37
17.08.2021 01:23:26.249,7.78522,7.78497,0.75,0.75
17.08.2021 01:23:45.127,7.78512,7.7849,0.75,0.37
17.08.2021 01:23:45.648,7.78512,7.78487,0.75,0.75
17.08.2021 01:23:54.946,7.78507,7.78482,0.75,1.12
17.08.2021 01:23:55.054,7.78512,7.78487,0.75,0.75
17.08.2021 01:24:09.812,7.78527,7.78482,0.37,0.37
17.08.2021 01:24:10.659,7.785260000000001,7.78482,0.37,0.37
17.08.2021 01:24:11.659,7.78523,7.78482,0.37,0.37
17.08.2021 01:24:24.954,7.78512,7.78487,0.75,0.75
17.08.2021 01:24:55.028,7.78523,7.78482,0.37,0.37
17.08.2021 01:24:55.132,7.78512,7.78487,0.75,0.75
17.08.2021 01:25:30.430,7.78519,7.78489,0.75,0.75
17.08.2021 01:25:30.531,7.78512,7.78487,0.75,0.75
17.08.2021 01:25:39.571,7.78514,7.78488,0.75,0.75
17.08.2021 01:26:03.887,7.7851300000000005,7.78487,0.75,0.75
17.08.2021 01:26:24.878,7.78518,7.7849200000000005,0.75,0.75
17.08.2021 01:26:24.978,7.78537,7.784860000000001,1.12,0.37
17.08.2021 01:26:25.595,7.78537,7.7848500000000005,0.37,0.37
17.08.2021 01:26:25.934,7.785360000000001,7.7848500000000005,0.37,0.37
17.08.2021 01:26:32.946,7.785380000000001,7.7848500000000005,2.62,0.37
17.08.2021 01:26:33.307,7.785380000000001,7.78488,2.62,0.37
17.08.2021 01:26:33.408,7.785280000000001,7.78502,0.75,0.75
17.08.2021 01:26:33.841,7.785330000000001,7.78507,0.75,0.75
17.08.2021 01:26:33.992,7.785380000000001,7.78512,0.75,0.75
17.08.2021 01:26:34.295,7.7854,7.7851300000000005,0.75,0.75
17.08.2021 01:26:34.346,7.78559,7.78505,0.37,0.37
17.08.2021 01:26:34.396,7.7854,7.7851300000000005,0.75,0.75
17.08.2021 01:26:46.557,7.78558,7.7850600000000005,0.37,0.37
17.08.2021 01:26:47.977,7.78557,7.7850600000000005,0.37,0.37
17.08.2021 01:26:48.450,7.78545,7.78518,0.75,0.75
17.08.2021 01:27:06.710,7.78563,7.78512,0.75,0.37
17.08.2021 01:27:09.487,7.78558,7.78512,0.37,0.37
17.08.2021 01:27:15.102,7.78563,7.78512,0.75,0.37
17.08.2021 01:27:18.675,7.78545,7.78518,0.75,0.75
17.08.2021 01:27:36.242,7.7854399999999995,7.78518,0.75,0.75
17.08.2021 01:27:45.346,7.78545,7.78518,0.75,0.75
17.08.2021 01:27:47.268,7.785430000000001,7.78518,0.75,0.75
17.08.2021 01:27:52.762,7.785430000000001,7.785160000000001,0.75,0.75
17.08.2021 01:28:07.319,7.785430000000001,7.78518,0.75,0.75
17.08.2021 01:28:13.959,7.78542,7.78517,0.75,0.75
17.08.2021 01:29:28.705,7.785430000000001,7.78519,0.75,0.75
17.08.2021 01:29:34.032,7.785430000000001,7.78518,0.75,0.75
17.08.2021 01:30:10.820,7.785430000000001,7.78517,0.75,0.75
17.08.2021 01:30:21.009,7.78542,7.78517,0.75,0.75
17.08.2021 01:30:24.062,7.78567,7.7853200000000005,0.37,0.75
17.08.2021 01:30:24.112,7.78567,7.785430000000001,0.37,0.75
17.08.2021 01:30:24.213,7.7857,7.785430000000001,0.75,0.75
17.08.2021 01:30:24.452,7.7857,7.785280000000001,0.75,0.85
17.08.2021 01:30:24.502,7.785730000000001,7.78534,0.75,0.75
17.08.2021 01:30:24.553,7.785730000000001,7.7853200000000005,0.75,0.75
17.08.2021 01:30:24.603,7.7857,7.785430000000001,0.75,0.75
17.08.2021 01:30:27.768,7.7857,7.78535,0.75,0.37
17.08.2021 01:30:27.819,7.7857,7.785430000000001,0.75,0.75
17.08.2021 01:30:27.869,7.7857,7.78535,0.75,0.37
17.08.2021 01:30:27.920,7.785730000000001,7.78535,2.25,0.37
17.08.2021 01:30:28.020,7.78572,7.78518,0.75,1.22
17.08.2021 01:30:28.071,7.7857,7.78518,0.75,0.37
17.08.2021 01:30:28.222,7.78563,7.785160000000001,0.75,0.37
17.08.2021 01:30:28.272,7.78567,7.785160000000001,0.75,0.37
17.08.2021 01:30:28.373,7.78563,7.785160000000001,0.75,0.37
17.08.2021 01:30:33.612,7.78563,7.785160000000001,0.75,0.47
17.08.2021 01:30:37.505,7.785510000000001,7.785280000000001,0.75,0.75
17.08.2021 01:30:37.555,7.78569,7.785160000000001,0.75,0.37
17.08.2021 01:30:37.605,7.78563,7.785160000000001,0.75,0.37
17.08.2021 01:30:37.756,7.7855300000000005,7.785280000000001,0.75,0.75
17.08.2021 01:30:47.714,7.78552,7.78527,0.75,0.75
17.08.2021 01:30:57.217,7.785510000000001,7.7852500000000004,0.75,0.75
17.08.2021 01:31:00.143,7.78552,7.785260000000001,0.75,0.75
17.08.2021 01:31:04.269,7.7855300000000005,7.78527,0.75,0.75
17.08.2021 01:31:18.119,7.78554,7.78527,1.12,0.75
17.08.2021 01:31:32.672,7.785550000000001,7.78523,0.37,0.37
17.08.2021 01:31:33.593,7.785560000000001,7.78522,0.37,0.37
17.08.2021 01:31:35.557,7.785550000000001,7.78522,0.37,0.75
17.08.2021 01:31:39.573,7.78554,7.785210000000001,0.37,0.37
17.08.2021 01:31:39.724,7.78554,7.78522,0.37,0.37
17.08.2021 01:31:42.127,7.78554,7.78527,1.12,0.75
17.08.2021 01:31:45.018,7.785550000000001,7.78527,0.37,0.75
17.08.2021 01:31:50.877,7.785560000000001,7.78527,0.75,0.75
17.08.2021 01:31:51.038,7.785660000000001,7.78522,0.37,0.37
17.08.2021 01:31:51.089,7.78558,7.78529,0.75,0.75
17.08.2021 01:31:51.220,7.785660000000001,7.78522,0.37,0.37
17.08.2021 01:31:52.172,7.785660000000001,7.78517,0.37,0.37
17.08.2021 01:31:55.201,7.78567,7.78517,1.12,0.75
17.08.2021 01:31:58.210,7.785660000000001,7.78517,0.37,0.75
17.08.2021 01:31:59.217,7.78567,7.78517,1.12,0.75
17.08.2021 01:32:02.223,7.785660000000001,7.78517,0.37,0.75
17.08.2021 01:32:03.225,7.78567,7.78517,1.12,0.75
17.08.2021 01:32:05.234,7.785660000000001,7.78517,0.37,0.75
17.08.2021 01:32:06.239,7.78567,7.78517,1.12,0.75
17.08.2021 01:32:09.252,7.785660000000001,7.78517,0.37,0.75
17.08.2021 01:32:10.255,7.78567,7.78517,1.12,0.75
17.08.2021 01:32:12.264,7.785660000000001,7.78517,0.37,0.75
17.08.2021 01:32:14.276,7.78567,7.78517,1.12,0.75
17.08.2021 01:32:16.281,7.785660000000001,7.78517,0.37,0.75
17.08.2021 01:32:17.283,7.78567,7.78517,1.12,0.75
17.08.2021 01:32:20.292,7.785660000000001,7.78517,0.37,0.75
17.08.2021 01:32:21.299,7.78567,7.78517,1.12,0.75
17.08.2021 01:32:23.302,7.785660000000001,7.78517,0.37,0.75
17.08.2021 01:32:24.304,7.78567,7.78517,1.12,0.75
17.08.2021 01:32:27.315,7.785660000000001,7.78517,0.37,0.75
17.08.2021 01:32:28.316,7.78567,7.78517,1.12,0.75
17.08.2021 01:32:31.330,7.785660000000001,7.78517,0.37,0.75
17.08.2021 01:32:32.332,7.78567,7.78517,1.12,0.75
17.08.2021 01:32:34.341,7.785660000000001,7.78517,0.37,0.75
17.08.2021 01:32:35.347,7.78567,7.78517,1.12,0.75
17.08.2021 01:32:38.361,7.785660000000001,7.78517,0.37,0.75
17.08.2021 01:32:39.368,7.78567,7.78517,1.12,0.75
17.08.2021 01:32:40.740,7.78557,7.785280000000001,0.75,0.75
17.08.2021 01:32:41.218,7.78558,7.78529,0.75,0.75
17.08.2021 01:32:41.336,7.78557,7.785280000000001,0.75,0.75
17.08.2021 01:32:42.423,7.785610000000001,7.785210000000001,0.37,0.37
17.08.2021 01:32:42.696,7.785660000000001,7.785210000000001,1.12,0.37
17.08.2021 01:32:42.746,7.78564,7.785210000000001,0.75,0.37
17.08.2021 01:32:43.912,7.78564,7.78518,0.75,0.37
17.08.2021 01:32:59.321,7.78565,7.78518,0.37,0.37
17.08.2021 01:32:59.372,7.78558,7.78529,0.75,0.75
17.08.2021 01:32:59.473,7.785560000000001,7.78527,0.75,0.75
17.08.2021 01:32:59.666,7.78558,7.78529,0.75,0.75
17.08.2021 01:33:06.845,7.78563,7.78523,0.75,0.37
17.08.2021 01:33:06.896,7.78558,7.78529,0.75,0.75
17.08.2021 01:33:07.022,7.78563,7.78523,0.75,0.37
17.08.2021 01:33:07.073,7.78558,7.78529,0.75,0.75
17.08.2021 01:33:07.236,7.78563,7.78523,0.75,0.37
17.08.2021 01:33:07.287,7.78558,7.78529,0.75,0.75
17.08.2021 01:33:07.435,7.78563,7.78523,0.75,0.37
17.08.2021 01:33:07.485,7.78558,7.78529,0.75,0.75
17.08.2021 01:33:07.624,7.78563,7.78523,0.75,0.37
17.08.2021 01:33:07.722,7.78558,7.78529,0.75,0.75
17.08.2021 01:33:07.855,7.78563,7.785210000000001,0.75,0.37
17.08.2021 01:33:07.905,7.78558,7.78529,0.75,0.75
17.08.2021 01:33:08.020,7.78563,7.785210000000001,0.75,0.37
17.08.2021 01:33:08.124,7.78558,7.78529,0.75,0.75
17.08.2021 01:33:08.218,7.78563,7.785210000000001,0.75,0.37
17.08.2021 01:33:08.269,7.78558,7.78529,0.75,0.75
17.08.2021 01:33:08.416,7.78563,7.785210000000001,0.75,0.37
17.08.2021 01:33:08.516,7.78558,7.78529,0.75,0.75
17.08.2021 01:33:08.622,7.78563,7.78522,0.75,0.37
17.08.2021 01:33:08.720,7.78558,7.78529,0.75,0.75
17.08.2021 01:33:08.818,7.78563,7.78522,0.75,0.37
17.08.2021 01:33:08.868,7.78558,7.78529,0.75,0.75
17.08.2021 01:33:08.988,7.78559,7.7853,0.75,0.75
17.08.2021 01:33:09.039,7.78563,7.78522,0.75,0.37
17.08.2021 01:33:09.089,7.78559,7.7853,0.75,0.75
17.08.2021 01:33:09.236,7.78563,7.78522,0.75,0.37
17.08.2021 01:33:09.287,7.78559,7.7853,0.75,0.75
17.08.2021 01:33:09.437,7.78563,7.78522,0.75,0.37
17.08.2021 01:33:09.488,7.78559,7.7853,0.75,0.75
17.08.2021 01:33:09.622,7.78563,7.78522,0.75,0.37
17.08.2021 01:33:09.675,7.78559,7.7853,0.75,0.75
17.08.2021 01:33:09.816,7.78563,7.78522,0.75,0.37
17.08.2021 01:33:09.917,7.78558,7.7853,0.75,0.75
17.08.2021 01:33:10.019,7.78563,7.78522,0.75,0.37
17.08.2021 01:33:10.121,7.78558,7.7853,0.75,0.75
17.08.2021 01:33:10.217,7.78563,7.78522,0.75,0.37
17.08.2021 01:33:10.271,7.78558,7.7853,0.75,0.75
17.08.2021 01:33:10.438,7.78563,7.78522,0.75,0.37
17.08.2021 01:33:10.488,7.78558,7.7853,0.75,0.75
17.08.2021 01:33:10.663,7.78563,7.785210000000001,0.75,0.37
17.08.2021 01:33:10.724,7.78558,7.7853,0.75,0.75
17.08.2021 01:33:20.911,7.78567,7.78523,0.37,0.37
17.08.2021 01:33:21.776,7.785660000000001,7.78523,0.37,0.37
17.08.2021 01:33:22.781,7.78565,7.78523,0.37,0.37
17.08.2021 01:33:23.424,7.785560000000001,7.78523,0.37,0.37
17.08.2021 01:33:36.806,7.785550000000001,7.78523,0.37,0.37
17.08.2021 01:33:38.047,7.785550000000001,7.785260000000001,0.37,0.37
17.08.2021 01:33:40.960,7.785550000000001,7.7853,0.37,0.75
17.08.2021 01:33:43.446,7.78558,7.7853,0.75,0.75
17.08.2021 01:33:46.486,7.78567,7.78524,0.75,0.37
17.08.2021 01:33:46.596,7.78557,7.7853,0.75,0.75
17.08.2021 01:33:46.862,7.785560000000001,7.78529,0.75,0.75
17.08.2021 01:33:47.429,7.78558,7.785310000000001,0.75,0.75
17.08.2021 01:33:48.018,7.78557,7.7853,0.75,0.75
17.08.2021 01:33:53.699,7.78569,7.78524,0.85,0.37
17.08.2021 01:33:53.749,7.78558,7.785310000000001,0.75,0.75
17.08.2021 01:33:53.800,7.78563,7.78524,0.75,0.37
17.08.2021 01:33:53.850,7.78557,7.7853,0.75,0.75
17.08.2021 01:33:53.986,7.78563,7.78524,0.75,0.37
17.08.2021 01:33:54.036,7.78558,7.785310000000001,0.75,0.75
17.08.2021 01:33:54.087,7.78563,7.78524,0.75,0.37
17.08.2021 01:33:54.137,7.78557,7.7853,0.75,0.75
17.08.2021 01:33:54.288,7.78563,7.78524,0.75,0.37
17.08.2021 01:33:54.338,7.78558,7.785310000000001,0.75,0.75
17.08.2021 01:33:54.388,7.78563,7.78524,0.75,0.37
17.08.2021 01:33:54.439,7.78557,7.7853,0.75,0.75
17.08.2021 01:33:54.588,7.78563,7.78522,0.75,0.37
17.08.2021 01:33:54.918,7.78572,7.78522,1.22,0.37
17.08.2021 01:33:54.989,7.78558,7.785310000000001,0.75,0.75
17.08.2021 01:33:59.894,7.78562,7.78527,0.37,0.37
17.08.2021 01:33:59.945,7.78558,7.785310000000001,0.75,0.75
17.08.2021 01:33:59.995,7.78563,7.78527,0.75,0.37
17.08.2021 01:34:00.045,7.78557,7.7853,0.75,0.75
17.08.2021 01:34:00.186,7.78558,7.785310000000001,0.75,0.75
17.08.2021 01:34:09.984,7.78564,7.785360000000001,0.75,0.75
17.08.2021 01:34:10.035,7.78563,7.78542,0.75,0.75
17.08.2021 01:34:10.135,7.78569,7.78542,1.12,0.75
17.08.2021 01:34:10.186,7.78563,7.78539,0.75,0.75
17.08.2021 01:34:18.001,7.78563,7.78542,0.75,0.75
17.08.2021 01:34:18.369,7.785710000000001,7.78542,0.75,0.75
17.08.2021 01:34:18.684,7.78563,7.78542,0.75,0.75
17.08.2021 01:34:27.907,7.78562,7.78542,0.37,0.75
17.08.2021 01:34:28.913,7.7856000000000005,7.78542,0.37,0.75
17.08.2021 01:34:30.400,7.7856000000000005,7.785410000000001,0.37,0.75
17.08.2021 01:34:31.466,7.7856000000000005,7.78542,0.37,0.75
17.08.2021 01:34:45.859,7.7856000000000005,7.785330000000001,0.37,0.37
17.08.2021 01:34:47.797,7.7856000000000005,7.7853200000000005,0.37,0.37
17.08.2021 01:34:56.537,7.78563,7.7853200000000005,0.75,0.37
17.08.2021 01:35:01.761,7.78563,7.78542,0.75,0.75
17.08.2021 01:35:04.555,7.78563,7.78539,0.75,0.75
17.08.2021 01:35:04.684,7.785680000000001,7.78539,0.75,0.75
17.08.2021 01:35:04.924,7.7857,7.785460000000001,0.37,0.75
17.08.2021 01:35:05.025,7.78572,7.785480000000001,0.75,0.75
17.08.2021 01:35:05.075,7.785780000000001,7.785500000000001,0.75,0.75
17.08.2021 01:35:05.268,7.785760000000001,7.78547,0.75,0.75
17.08.2021 01:35:05.842,7.785730000000001,7.78547,0.75,0.75
17.08.2021 01:35:11.033,7.78563,7.78542,0.75,0.75
17.08.2021 01:35:11.649,7.78563,7.785410000000001,0.75,0.75
17.08.2021 01:35:13.732,7.78563,7.785360000000001,0.75,0.75
17.08.2021 01:35:13.886,7.78563,7.785410000000001,0.75,0.75
17.08.2021 01:35:23.631,7.78572,7.785500000000001,0.75,0.75
17.08.2021 01:35:23.681,7.78574,7.78545,0.75,0.75
17.08.2021 01:35:23.782,7.78564,7.78535,0.75,0.75
17.08.2021 01:35:23.885,7.78567,7.785380000000001,0.75,0.75
17.08.2021 01:35:23.935,7.785760000000001,7.785460000000001,0.75,0.75
17.08.2021 01:35:23.986,7.785710000000001,7.78542,0.75,0.75
17.08.2021 01:35:33.692,7.785810000000001,7.785500000000001,0.37,0.75
17.08.2021 01:35:33.842,7.7858,7.785500000000001,0.75,0.75
17.08.2021 01:35:34.005,7.78575,7.78545,0.75,0.75
17.08.2021 01:35:34.156,7.78574,7.7854399999999995,0.75,0.75
17.08.2021 01:35:34.257,7.78574,7.785460000000001,0.37,0.75
17.08.2021 01:35:34.307,7.7858,7.785460000000001,1.12,0.75
17.08.2021 01:35:34.358,7.7858,7.785500000000001,0.37,0.75
17.08.2021 01:35:34.576,7.7857899999999995,7.785500000000001,0.75,0.75
17.08.2021 01:35:34.627,7.78575,7.78545,0.75,0.75
17.08.2021 01:35:34.734,7.78569,7.78539,0.75,0.75
17.08.2021 01:35:34.886,7.7858,7.785500000000001,0.75,0.75
17.08.2021 01:35:35.110,7.785760000000001,7.785460000000001,0.75,0.75
17.08.2021 01:35:35.261,7.7858,7.785500000000001,1.12,0.75
17.08.2021 01:35:35.618,7.78575,7.78545,0.75,0.75
17.08.2021 01:35:35.769,7.7857899999999995,7.785489999999999,1.12,0.75
17.08.2021 01:35:36.129,7.785760000000001,7.785460000000001,0.75,0.75
17.08.2021 01:35:36.280,7.78574,7.7854399999999995,0.75,0.75
17.08.2021 01:35:36.381,7.78569,7.78539,0.75,0.75
17.08.2021 01:35:36.537,7.785730000000001,7.785430000000001,0.75,0.75
17.08.2021 01:35:39.054,7.78572,7.785430000000001,0.37,0.75
17.08.2021 01:35:43.059,7.785730000000001,7.785430000000001,0.75,0.75
17.08.2021 01:35:50.075,7.78572,7.785430000000001,0.37,0.75
17.08.2021 01:35:52.080,7.785710000000001,7.785430000000001,0.37,0.75
17.08.2021 01:35:53.469,7.7857,7.785430000000001,0.37,0.75
17.08.2021 01:36:00.284,7.785730000000001,7.785430000000001,0.75,0.75
17.08.2021 01:36:00.451,7.78574,7.7854399999999995,0.75,0.75
17.08.2021 01:36:46.459,7.785710000000001,7.78542,0.75,0.75
17.08.2021 01:36:47.202,7.78575,7.785460000000001,0.37,0.75
17.08.2021 01:36:47.353,7.78575,7.785500000000001,0.37,0.75
17.08.2021 01:36:47.403,7.785710000000001,7.78542,0.75,0.75
17.08.2021 01:36:47.546,7.785660000000001,7.78537,0.75,0.75
17.08.2021 01:36:47.697,7.7857,7.785410000000001,0.75,0.75
17.08.2021 01:37:04.417,7.78575,7.7854399999999995,0.75,0.75
17.08.2021 01:37:04.517,7.7858,7.785460000000001,0.75,0.75
17.08.2021 01:37:04.618,7.7857899999999995,7.785500000000001,0.75,0.75
17.08.2021 01:37:09.101,7.785760000000001,7.78547,0.75,0.75
17.08.2021 01:37:09.152,7.7858,7.785500000000001,0.75,0.75
17.08.2021 01:37:13.570,7.785730000000001,7.7854399999999995,0.75,0.75
17.08.2021 01:37:14.979,7.785760000000001,7.78547,0.75,0.75
17.08.2021 01:37:24.556,7.785730000000001,7.78545,0.75,0.75
17.08.2021 01:37:25.760,7.78575,7.78547,0.75,0.75
17.08.2021 01:37:29.601,7.7857,7.78542,0.75,0.75
17.08.2021 01:37:29.702,7.78563,7.78539,0.75,0.37
17.08.2021 01:37:29.752,7.785680000000001,7.7854,0.75,0.75
17.08.2021 01:37:29.803,7.78564,7.785360000000001,0.75,0.75
17.08.2021 01:37:29.903,7.7857,7.7852500000000004,0.85,0.37
17.08.2021 01:37:29.954,7.78554,7.785260000000001,0.75,0.75
17.08.2021 01:37:30.055,7.78562,7.78534,0.75,0.75
17.08.2021 01:37:44.062,7.785660000000001,7.78537,0.75,0.75
17.08.2021 01:37:46.810,7.785660000000001,7.78537,0.75,0.85
17.08.2021 01:37:48.214,7.785660000000001,7.78537,0.75,0.85
17.08.2021 01:37:52.073,7.785730000000001,7.7854399999999995,0.75,0.75
17.08.2021 01:37:52.333,7.78575,7.785460000000001,0.75,0.75
17.08.2021 01:37:52.383,7.7858,7.785460000000001,2.25,0.85
17.08.2021 01:37:52.434,7.7857899999999995,7.785500000000001,0.75,0.75
17.08.2021 01:37:52.584,7.78577,7.785480000000001,0.75,0.85
17.08.2021 01:37:53.119,7.7858,7.785500000000001,0.75,0.82
17.08.2021 01:37:58.461,7.78577,7.785480000000001,0.75,0.85
17.08.2021 01:37:58.562,7.785780000000001,7.785489999999999,0.75,0.75
17.08.2021 01:38:01.682,7.7858,7.785500000000001,0.75,0.75
17.08.2021 01:38:07.226,7.78582,7.785500000000001,0.37,0.85
17.08.2021 01:38:07.467,7.78582,7.785500000000001,0.37,0.85
17.08.2021 01:38:08.194,7.785830000000001,7.785500000000001,0.37,0.85
17.08.2021 01:38:08.552,7.78582,7.785500000000001,0.75,0.85
17.08.2021 01:38:12.959,7.785780000000001,7.785489999999999,0.75,0.85
17.08.2021 01:38:13.060,7.785780000000001,7.785489999999999,0.75,0.75
17.08.2021 01:38:13.314,7.78577,7.785480000000001,0.75,0.82
17.08.2021 01:38:13.493,7.785760000000001,7.78547,0.75,0.85
17.08.2021 01:38:13.929,7.78575,7.785460000000001,0.75,0.85
17.08.2021 01:38:14.030,7.78575,7.785460000000001,0.75,0.85
17.08.2021 01:38:14.479,7.785760000000001,7.78547,0.75,0.85
17.08.2021 01:38:31.497,7.7857,7.785410000000001,0.75,0.85
17.08.2021 01:38:31.598,7.78569,7.7854,0.75,0.85
17.08.2021 01:38:31.699,7.78567,7.785380000000001,0.75,0.85
17.08.2021 01:38:31.750,7.78567,7.785380000000001,0.75,0.85
17.08.2021 01:38:35.817,7.78567,7.785380000000001,0.75,0.85
17.08.2021 01:38:48.219,7.78567,7.785380000000001,0.75,0.85
17.08.2021 01:38:48.381,7.78565,7.78537,0.75,0.85
17.08.2021 01:38:59.081,7.78565,7.78537,0.75,0.85
17.08.2021 01:39:06.093,7.78565,7.785360000000001,0.75,0.85
17.08.2021 01:39:11.361,7.78565,7.785360000000001,0.75,0.85
17.08.2021 01:39:37.662,7.78567,7.78537,0.75,0.85
17.08.2021 01:39:46.381,7.78567,7.78537,0.75,0.85
17.08.2021 01:39:49.256,7.785730000000001,7.785430000000001,2.62,0.85
17.08.2021 01:39:49.367,7.7857,7.7854,0.75,0.85
17.08.2021 01:39:49.417,7.7857,7.7854,0.75,0.85
17.08.2021 01:39:49.518,7.78569,7.78539,0.75,0.85
17.08.2021 01:40:08.966,7.78569,7.78539,0.75,0.85
17.08.2021 01:40:30.419,7.78569,7.78539,0.75,0.82
17.08.2021 01:40:30.520,7.78572,7.785410000000001,0.75,0.82
17.08.2021 01:40:30.636,7.785710000000001,7.7854,0.75,0.82
17.08.2021 01:40:31.642,7.78569,7.7854,0.37,0.82
17.08.2021 01:40:33.646,7.7857,7.7854,0.37,0.82
17.08.2021 01:40:34.653,7.78569,7.7854,0.37,0.82
17.08.2021 01:40:36.413,7.7857,7.7854,0.37,0.82
17.08.2021 01:40:38.419,7.78569,7.7854,0.37,0.82
17.08.2021 01:40:40.665,7.7857,7.7854,0.37,0.82
17.08.2021 01:40:42.428,7.78569,7.7854,0.37,0.82
17.08.2021 01:40:44.441,7.7857,7.7854,0.37,0.82
17.08.2021 01:40:45.443,7.78569,7.7854,0.37,0.82
17.08.2021 01:40:47.453,7.7857,7.7854,0.37,0.82
17.08.2021 01:40:49.460,7.78569,7.7854,0.37,0.82
17.08.2021 01:40:51.466,7.7857,7.7854,0.37,0.82
17.08.2021 01:40:52.474,7.78569,7.7854,0.37,0.82
17.08.2021 01:40:54.479,7.7857,7.7854,0.37,0.82
17.08.2021 01:40:56.491,7.78569,7.7854,0.37,0.82
17.08.2021 01:40:58.497,7.7857,7.7854,0.37,0.82
17.08.2021 01:41:00.505,7.78569,7.7854,0.37,0.82
17.08.2021 01:41:02.513,7.7857,7.7854,0.37,0.82
17.08.2021 01:41:03.522,7.78569,7.7854,0.37,0.82
17.08.2021 01:41:05.527,7.7857,7.7854,0.37,0.82
17.08.2021 01:41:05.818,7.7857,7.7854,0.37,0.85
17.08.2021 01:41:05.993,7.785660000000001,7.7854,0.75,0.85
17.08.2021 01:41:11.227,7.785680000000001,7.78542,0.75,0.75
17.08.2021 01:41:38.707,7.78569,7.785430000000001,0.75,0.75
17.08.2021 01:41:44.553,7.785680000000001,7.785430000000001,0.37,0.75
17.08.2021 01:41:48.454,7.78569,7.785430000000001,0.75,0.75
17.08.2021 01:41:53.811,7.785680000000001,7.785430000000001,0.37,0.75
17.08.2021 01:41:58.862,7.78569,7.785430000000001,0.75,0.75
17.08.2021 01:42:00.825,7.785680000000001,7.785430000000001,0.37,0.75
17.08.2021 01:42:03.737,7.78569,7.785430000000001,0.75,0.75
17.08.2021 01:42:07.670,7.78567,7.785410000000001,0.75,0.85
17.08.2021 01:42:11.733,7.785680000000001,7.78542,0.75,0.85
17.08.2021 01:42:20.735,7.78567,7.785410000000001,0.75,0.85
17.08.2021 01:42:22.479,7.785660000000001,7.785410000000001,0.37,0.85
17.08.2021 01:42:23.024,7.78567,7.785410000000001,1.12,0.85
17.08.2021 01:42:23.140,7.78567,7.785410000000001,1.12,0.85
17.08.2021 01:42:23.291,7.78567,7.785410000000001,0.75,0.85
17.08.2021 01:42:23.399,7.78564,7.785380000000001,0.75,0.85
17.08.2021 01:42:38.601,7.78564,7.785380000000001,0.75,0.85
17.08.2021 01:42:50.144,7.78564,7.785380000000001,0.75,0.85
17.08.2021 01:42:50.295,7.785610000000001,7.785360000000001,0.75,0.85
17.08.2021 01:42:50.396,7.78564,7.78539,0.75,0.85
17.08.2021 01:43:04.261,7.78562,7.78537,0.75,0.85
17.08.2021 01:43:04.564,7.78564,7.78539,0.75,0.85
17.08.2021 01:43:07.167,7.78564,7.78539,0.75,0.85
17.08.2021 01:43:08.668,7.78564,7.78539,0.75,0.85
17.08.2021 01:43:11.049,7.78564,7.78539,0.75,0.85
17.08.2021 01:43:13.553,7.78564,7.78539,0.75,0.85
17.08.2021 01:43:18.798,7.78564,7.78539,0.75,0.85
17.08.2021 01:43:19.252,7.78564,7.78539,0.75,0.85
17.08.2021 01:43:19.353,7.78564,7.78539,0.75,0.85
17.08.2021 01:43:19.503,7.78565,7.7854,0.75,0.85
17.08.2021 01:43:19.654,7.78563,7.785380000000001,0.75,0.85
17.08.2021 01:43:19.764,7.78565,7.7854,0.75,0.85
17.08.2021 01:43:23.835,7.78564,7.78539,0.75,0.85
17.08.2021 01:43:26.335,7.78564,7.78539,0.75,0.85
17.08.2021 01:43:30.101,7.78564,7.78539,0.75,0.85
17.08.2021 01:43:30.202,7.78565,7.7854,0.75,0.85
17.08.2021 01:43:30.349,7.785660000000001,7.785410000000001,0.75,0.85
17.08.2021 01:43:30.502,7.785660000000001,7.785410000000001,0.75,0.85
17.08.2021 01:43:31.009,7.78567,7.78542,0.75,0.85
17.08.2021 01:43:43.904,7.785660000000001,7.785410000000001,0.75,0.85
17.08.2021 01:43:58.246,7.785660000000001,7.785410000000001,0.75,0.85
17.08.2021 01:43:58.349,7.78565,7.7854,0.75,0.85
17.08.2021 01:43:59.065,7.785660000000001,7.785410000000001,0.75,0.85
17.08.2021 01:44:00.710,7.78567,7.785410000000001,0.75,0.85
17.08.2021 01:44:01.646,7.785660000000001,7.785410000000001,0.75,0.85
17.08.2021 01:44:02.748,7.78567,7.785410000000001,0.75,0.85
17.08.2021 01:44:19.166,7.785660000000001,7.785410000000001,0.75,0.85
17.08.2021 01:44:21.877,7.78565,7.7854,0.75,0.85
17.08.2021 01:44:23.834,7.78567,7.78542,0.75,0.85
17.08.2021 01:44:30.589,7.78567,7.78542,0.75,0.85
17.08.2021 01:44:30.853,7.785660000000001,7.785410000000001,0.75,0.85
17.08.2021 01:44:30.959,7.785660000000001,7.785410000000001,0.75,0.85
17.08.2021 01:44:38.335,7.785660000000001,7.785410000000001,1.12,0.85
17.08.2021 01:44:51.027,7.785660000000001,7.785410000000001,1.12,0.85
17.08.2021 01:44:51.135,7.78565,7.7854,0.75,0.85
17.08.2021 01:44:51.398,7.78563,7.785380000000001,0.75,0.85
17.08.2021 01:44:51.534,7.78563,7.785380000000001,0.75,0.85
17.08.2021 01:44:52.528,7.78563,7.785380000000001,0.75,0.85
17.08.2021 01:44:54.938,7.78563,7.785380000000001,0.75,0.85
17.08.2021 01:45:05.654,7.78564,7.785380000000001,0.75,0.85
17.08.2021 01:45:08.473,7.78564,7.785380000000001,0.75,0.85
17.08.2021 01:45:09.926,7.78563,7.78537,0.75,0.85
17.08.2021 01:45:26.907,7.78558,7.78534,0.75,0.47
17.08.2021 01:45:27.013,7.785560000000001,7.78534,0.75,0.47
17.08.2021 01:45:39.044,7.785660000000001,7.78524,0.37,0.47
17.08.2021 01:45:39.094,7.7854399999999995,7.78524,0.75,0.45
17.08.2021 01:45:39.145,7.78564,7.78524,2.32,0.37
17.08.2021 01:45:39.195,7.7855300000000005,7.78524,0.37,0.37
17.08.2021 01:45:39.396,7.78535,7.785089999999999,0.75,0.85
17.08.2021 01:45:39.691,7.78535,7.785089999999999,0.75,0.85
17.08.2021 01:45:40.298,7.78535,7.785089999999999,0.75,0.85
17.08.2021 01:45:41.148,7.78535,7.785089999999999,0.75,0.85
17.08.2021 01:45:45.380,7.78535,7.785089999999999,0.75,0.85
17.08.2021 01:45:46.757,7.78534,7.78507,0.75,0.85
17.08.2021 01:45:46.876,7.785330000000001,7.78507,0.75,0.85
17.08.2021 01:45:46.926,7.7853,7.78505,0.75,0.47
17.08.2021 01:45:46.977,7.7853,7.78505,0.75,0.47
17.08.2021 01:45:47.565,7.785310000000001,7.78505,0.75,1.22
17.08.2021 01:45:48.950,7.785310000000001,7.78505,0.75,0.85
17.08.2021 01:45:57.272,7.78534,7.785080000000001,0.75,0.85
17.08.2021 01:45:57.413,7.785360000000001,7.785100000000001,0.75,0.85
17.08.2021 01:45:57.463,7.785380000000001,7.78512,0.75,0.85
17.08.2021 01:46:00.104,7.785380000000001,7.78512,0.75,0.85
17.08.2021 01:46:00.652,7.785380000000001,7.78512,0.75,0.85
17.08.2021 01:46:29.727,7.785380000000001,7.78512,0.75,0.85
17.08.2021 01:46:35.071,7.785380000000001,7.78512,0.75,0.85
17.08.2021 01:46:35.172,7.78547,7.785110000000001,0.37,0.47
17.08.2021 01:46:35.276,7.785380000000001,7.78512,0.75,0.85
17.08.2021 01:46:35.624,7.785380000000001,7.78512,0.75,0.85
17.08.2021 01:46:53.965,7.78547,7.78507,0.37,0.47
17.08.2021 01:46:54.066,7.78547,7.78507,0.37,0.47
17.08.2021 01:47:03.505,7.78547,7.785089999999999,0.37,0.85
17.08.2021 01:47:04.253,7.785460000000001,7.785089999999999,0.37,0.85
17.08.2021 01:47:05.260,7.78545,7.785089999999999,0.37,0.85
17.08.2021 01:47:05.488,7.785380000000001,7.78512,0.75,0.85
17.08.2021 01:47:43.518,7.785380000000001,7.78518,0.75,0.37
17.08.2021 01:47:58.549,7.785380000000001,7.78519,0.75,0.37
17.08.2021 01:48:07.516,7.78537,7.78519,0.75,0.37
17.08.2021 01:48:27.609,7.78537,7.78518,0.75,0.37
17.08.2021 01:48:33.468,7.7853,7.785110000000001,0.75,1.12
17.08.2021 01:48:33.725,7.785380000000001,7.78512,0.75,0.85
17.08.2021 01:48:33.923,7.785380000000001,7.78512,0.75,0.85
17.08.2021 01:48:38.428,7.785380000000001,7.78512,0.75,0.85
17.08.2021 01:49:10.700,7.785380000000001,7.78512,0.75,0.85
17.08.2021 01:49:19.864,7.785380000000001,7.78512,0.75,0.85
17.08.2021 01:49:29.219,7.785380000000001,7.78512,0.75,0.85
17.08.2021 01:49:51.519,7.785410000000001,7.78514,0.75,0.85
17.08.2021 01:49:51.670,7.78535,7.785080000000001,0.75,1.22
17.08.2021 01:49:51.740,7.78539,7.78512,0.75,0.85
17.08.2021 01:49:51.841,7.785410000000001,7.78514,0.75,0.85
17.08.2021 01:49:52.022,7.78537,7.785100000000001,0.75,0.85
17.08.2021 01:49:52.140,7.785410000000001,7.78514,0.75,0.85
17.08.2021 01:49:52.521,7.785410000000001,7.78514,0.75,0.85
17.08.2021 01:49:52.674,7.785410000000001,7.78514,0.75,0.85
17.08.2021 01:49:52.825,7.785360000000001,7.785089999999999,0.75,0.85
17.08.2021 01:49:52.875,7.785410000000001,7.78514,0.75,0.85
17.08.2021 01:49:52.937,7.785410000000001,7.78514,0.75,0.85
17.08.2021 01:49:53.038,7.785410000000001,7.78514,0.75,0.85
17.08.2021 01:49:53.139,7.78537,7.785100000000001,0.75,0.85
17.08.2021 01:49:53.189,7.78537,7.785100000000001,0.75,0.85
17.08.2021 01:49:53.240,7.78542,7.785150000000001,0.75,0.75
17.08.2021 01:49:53.391,7.78542,7.785150000000001,0.75,0.85
17.08.2021 01:49:53.542,7.78542,7.785150000000001,0.75,0.82
17.08.2021 01:49:53.692,7.78542,7.785150000000001,0.75,0.85
17.08.2021 01:49:53.793,7.78537,7.785100000000001,0.75,0.85
17.08.2021 01:49:53.976,7.785430000000001,7.785160000000001,0.75,0.82
17.08.2021 01:49:54.104,7.785430000000001,7.785160000000001,0.75,0.85
17.08.2021 01:49:54.205,7.785380000000001,7.785110000000001,0.75,0.85
17.08.2021 01:49:54.256,7.785380000000001,7.785110000000001,0.75,0.85
17.08.2021 01:49:54.357,7.78542,7.785150000000001,0.75,0.82
17.08.2021 01:49:54.408,7.78542,7.785150000000001,0.75,0.85
17.08.2021 01:49:54.570,7.78537,7.785100000000001,0.75,0.85
17.08.2021 01:49:54.637,7.78542,7.785150000000001,0.75,0.85
17.08.2021 01:49:54.742,7.78542,7.785150000000001,0.75,0.85
17.08.2021 01:49:54.873,7.785380000000001,7.785110000000001,0.75,0.85
17.08.2021 01:49:54.989,7.78542,7.785150000000001,0.75,0.85
17.08.2021 01:49:55.095,7.785380000000001,7.785110000000001,0.75,0.85
17.08.2021 01:49:55.196,7.785360000000001,7.785089999999999,0.75,1.22
17.08.2021 01:49:55.246,7.78542,7.785150000000001,0.75,0.82
17.08.2021 01:49:55.296,7.78542,7.785150000000001,0.75,0.85
17.08.2021 01:49:55.397,7.785360000000001,7.785089999999999,0.75,1.22
17.08.2021 01:49:55.465,7.785360000000001,7.785089999999999,0.75,1.22
17.08.2021 01:49:55.566,7.78542,7.785150000000001,0.75,0.85
17.08.2021 01:49:55.700,7.78537,7.785100000000001,0.75,0.85
17.08.2021 01:49:55.851,7.78542,7.785150000000001,0.75,0.85
17.08.2021 01:49:55.990,7.78537,7.785100000000001,0.75,1.22
17.08.2021 01:49:56.137,7.78542,7.785150000000001,0.75,0.85
17.08.2021 01:49:56.288,7.78537,7.785100000000001,0.75,1.22
17.08.2021 01:49:56.362,7.78537,7.785100000000001,0.75,1.22
17.08.2021 01:49:56.463,7.78542,7.785150000000001,0.75,0.85
17.08.2021 01:49:56.573,7.78542,7.785150000000001,0.75,0.85
17.08.2021 01:49:56.623,7.785360000000001,7.785100000000001,0.75,0.47
17.08.2021 01:49:56.674,7.785360000000001,7.785100000000001,0.75,0.47
17.08.2021 01:49:56.774,7.78542,7.785150000000001,0.75,0.85
17.08.2021 01:49:56.925,7.785380000000001,7.785110000000001,0.75,0.85
17.08.2021 01:49:57.048,7.78542,7.785150000000001,0.75,0.85
17.08.2021 01:49:57.171,7.78542,7.785150000000001,0.75,0.85
17.08.2021 01:49:57.221,7.785360000000001,7.785100000000001,0.75,0.47
17.08.2021 01:49:57.272,7.785360000000001,7.785100000000001,0.75,0.47
17.08.2021 01:49:57.372,7.78542,7.785150000000001,0.75,0.85
17.08.2021 01:49:57.491,7.78542,7.785150000000001,0.75,0.85
17.08.2021 01:49:57.541,7.78537,7.785100000000001,0.75,1.22
17.08.2021 01:49:57.643,7.78542,7.785150000000001,0.75,0.85
17.08.2021 01:49:57.744,7.78542,7.785150000000001,0.75,0.82
17.08.2021 01:49:57.794,7.78542,7.785150000000001,0.75,0.85
17.08.2021 01:49:57.900,7.78537,7.785100000000001,0.75,1.22
17.08.2021 01:49:58.001,7.78537,7.785100000000001,0.75,1.22
17.08.2021 01:49:58.101,7.78542,7.785150000000001,0.75,0.85
17.08.2021 01:49:58.202,7.785360000000001,7.785100000000001,0.75,0.47
17.08.2021 01:49:58.317,7.78537,7.785100000000001,0.75,1.22
17.08.2021 01:49:58.368,7.78542,7.785150000000001,0.75,0.85
17.08.2021 01:49:58.491,7.78537,7.785100000000001,0.75,1.22
17.08.2021 01:49:58.643,7.785430000000001,7.785160000000001,0.75,0.85
17.08.2021 01:49:58.787,7.785380000000001,7.785110000000001,0.75,0.85
17.08.2021 01:49:58.859,7.785380000000001,7.785110000000001,0.75,0.85
17.08.2021 01:49:58.960,7.78542,7.785150000000001,0.75,0.85
17.08.2021 01:49:59.089,7.78537,7.785100000000001,0.75,1.22
17.08.2021 01:49:59.240,7.78542,7.785150000000001,0.75,0.85
17.08.2021 01:49:59.390,7.785360000000001,7.785100000000001,0.75,0.47
17.08.2021 01:49:59.464,7.785360000000001,7.785100000000001,0.75,0.47
17.08.2021 01:49:59.565,7.78542,7.785150000000001,0.75,0.85
17.08.2021 01:49:59.666,7.78542,7.785150000000001,0.75,0.85
17.08.2021 01:49:59.716,7.78537,7.785100000000001,0.75,1.22
17.08.2021 01:49:59.766,7.78537,7.785100000000001,0.75,1.22
17.08.2021 01:49:59.867,7.78542,7.785150000000001,0.75,0.82
17.08.2021 01:49:59.917,7.78542,7.785150000000001,0.75,0.85
17.08.2021 01:50:00.018,7.785360000000001,7.785100000000001,0.75,0.47
17.08.2021 01:50:00.069,7.785360000000001,7.785100000000001,0.75,0.47
17.08.2021 01:50:00.169,7.785380000000001,7.785110000000001,0.75,0.85
17.08.2021 01:50:02.731,7.78542,7.785150000000001,0.75,0.82
17.08.2021 01:50:02.782,7.78542,7.785150000000001,0.75,0.85
17.08.2021 01:50:02.885,7.785360000000001,7.785110000000001,0.75,0.47
17.08.2021 01:50:02.935,7.785360000000001,7.785110000000001,0.75,0.47
17.08.2021 01:50:02.986,7.785380000000001,7.785110000000001,0.75,1.22
17.08.2021 01:50:03.087,7.78542,7.785150000000001,0.75,0.85
17.08.2021 01:50:03.191,7.785360000000001,7.785110000000001,0.75,0.47
17.08.2021 01:50:03.292,7.78537,7.785110000000001,0.75,0.47
17.08.2021 01:50:03.342,7.78542,7.785150000000001,0.75,0.85
17.08.2021 01:50:03.407,7.78542,7.785150000000001,0.75,0.85
17.08.2021 01:50:03.571,7.785380000000001,7.785110000000001,0.75,0.85
17.08.2021 01:50:03.672,7.78542,7.785150000000001,0.75,0.85
17.08.2021 01:50:03.792,7.78537,7.785100000000001,0.75,1.22
17.08.2021 01:50:03.943,7.78542,7.785150000000001,0.75,0.85
17.08.2021 01:50:04.094,7.78537,7.785100000000001,0.75,1.22
17.08.2021 01:50:04.249,7.785430000000001,7.785160000000001,0.75,0.85
17.08.2021 01:50:04.426,7.78537,7.785100000000001,0.75,1.22
17.08.2021 01:50:04.537,7.785430000000001,7.785160000000001,0.75,0.75
17.08.2021 01:50:04.690,7.785430000000001,7.785160000000001,0.75,0.85
17.08.2021 01:50:04.791,7.785330000000001,7.7850600000000005,0.75,0.85
17.08.2021 01:50:04.891,7.785380000000001,7.785110000000001,0.75,0.85
17.08.2021 01:50:19.993,7.785380000000001,7.785110000000001,0.75,1.22
17.08.2021 01:50:26.267,7.785430000000001,7.785110000000001,0.37,0.47
17.08.2021 01:50:26.367,7.78545,7.785110000000001,0.37,0.47
17.08.2021 01:50:27.276,7.7854399999999995,7.785110000000001,0.37,0.47
17.08.2021 01:50:34.887,7.785380000000001,7.785110000000001,0.75,1.22
17.08.2021 01:50:36.536,7.785380000000001,7.785110000000001,0.75,1.22
17.08.2021 01:50:48.967,7.7854399999999995,7.785110000000001,0.37,0.47
17.08.2021 01:50:49.538,7.785480000000001,7.785110000000001,0.37,0.47
17.08.2021 01:50:50.417,7.785480000000001,7.785089999999999,0.37,0.47
17.08.2021 01:50:50.545,7.785500000000001,7.785089999999999,0.37,0.47
17.08.2021 01:50:54.712,7.78552,7.785089999999999,0.75,0.47
17.08.2021 01:51:04.824,7.78537,7.785110000000001,0.75,0.47
17.08.2021 01:51:21.802,7.78537,7.785110000000001,0.75,0.47
17.08.2021 01:51:21.933,7.78547,7.785160000000001,0.75,0.85
17.08.2021 01:51:21.983,7.785480000000001,7.785210000000001,0.75,0.85
17.08.2021 01:51:22.034,7.7855300000000005,7.785260000000001,0.75,0.82
17.08.2021 01:51:22.084,7.785510000000001,7.78524,0.75,0.85
17.08.2021 01:51:22.135,7.785560000000001,7.78529,0.75,0.85
17.08.2021 01:51:22.185,7.78558,7.785310000000001,1.12,0.85
17.08.2021 01:51:22.686,7.78558,7.785330000000001,0.37,0.85
17.08.2021 01:51:23.097,7.7856000000000005,7.785330000000001,0.75,0.85
17.08.2021 01:51:32.189,7.7856000000000005,7.785330000000001,0.75,0.82
17.08.2021 01:51:38.525,7.78565,7.78527,0.37,0.47
17.08.2021 01:51:39.193,7.78562,7.78527,0.37,0.47
17.08.2021 01:51:41.583,7.785560000000001,7.78529,0.75,1.22
17.08.2021 01:51:41.689,7.78554,7.78529,0.75,0.45
17.08.2021 01:51:41.790,7.785480000000001,7.78529,0.75,0.37
17.08.2021 01:51:41.841,7.78554,7.78529,0.75,0.37
17.08.2021 01:51:41.941,7.7856000000000005,7.7853,2.25,0.75
17.08.2021 01:51:41.992,7.785480000000001,7.78529,0.75,0.37
17.08.2021 01:51:42.143,7.785510000000001,7.78529,0.75,0.37
17.08.2021 01:51:42.194,7.78554,7.78529,0.75,0.37
17.08.2021 01:51:42.295,7.785480000000001,7.78529,0.75,0.37
17.08.2021 01:51:42.396,7.785480000000001,7.785210000000001,0.75,0.85
17.08.2021 01:51:42.497,7.78558,7.785310000000001,0.75,0.75
17.08.2021 01:51:42.598,7.78552,7.7852500000000004,0.75,0.85
17.08.2021 01:51:42.648,7.78552,7.7852500000000004,0.75,0.85
17.08.2021 01:51:42.699,7.78547,7.785200000000001,0.75,0.85
17.08.2021 01:51:42.750,7.785510000000001,7.78524,0.75,0.85
17.08.2021 01:51:42.850,7.78554,7.78527,0.75,0.82
17.08.2021 01:51:42.952,7.785480000000001,7.785210000000001,0.75,0.85
17.08.2021 01:51:43.002,7.785480000000001,7.785210000000001,0.75,0.85
17.08.2021 01:51:43.103,7.78558,7.785310000000001,0.75,0.75
17.08.2021 01:51:43.204,7.7855300000000005,7.785260000000001,0.75,0.85
17.08.2021 01:51:43.314,7.78547,7.785200000000001,0.75,0.85
17.08.2021 01:51:43.364,7.785510000000001,7.78524,0.75,0.85
17.08.2021 01:51:43.415,7.78559,7.785260000000001,0.75,0.82
17.08.2021 01:51:43.466,7.78558,7.785310000000001,0.75,0.75
17.08.2021 01:51:43.567,7.78547,7.785200000000001,0.75,0.85
17.08.2021 01:51:43.668,7.78552,7.7852500000000004,0.75,0.85
17.08.2021 01:51:43.774,7.78552,7.7852500000000004,0.75,0.85
17.08.2021 01:51:43.875,7.78547,7.785200000000001,0.75,0.85
17.08.2021 01:51:43.925,7.78547,7.785200000000001,0.75,0.85
17.08.2021 01:51:43.976,7.78554,7.785260000000001,0.75,0.85
17.08.2021 01:51:44.027,7.78554,7.785260000000001,0.75,0.85
17.08.2021 01:51:44.078,7.78559,7.7853200000000005,0.75,0.75
17.08.2021 01:51:44.128,7.78552,7.7852500000000004,0.75,0.85
17.08.2021 01:51:44.229,7.78552,7.7852500000000004,0.75,0.85
17.08.2021 01:51:44.330,7.785500000000001,7.78523,0.75,0.85
17.08.2021 01:51:44.431,7.785489999999999,7.78522,0.75,0.85
17.08.2021 01:51:44.532,7.785489999999999,7.78522,0.75,0.85
17.08.2021 01:51:44.633,7.78559,7.7853200000000005,0.75,0.75
17.08.2021 01:51:44.784,7.78552,7.7852500000000004,0.75,0.85
17.08.2021 01:51:44.935,7.785500000000001,7.78523,0.75,0.85
17.08.2021 01:51:45.037,7.785480000000001,7.785210000000001,0.75,0.85
17.08.2021 01:51:49.326,7.785489999999999,7.78522,0.75,0.85
17.08.2021 01:52:05.472,7.78562,7.785080000000001,0.75,1.22
17.08.2021 01:52:05.576,7.7856000000000005,7.785080000000001,0.75,0.47
17.08.2021 01:52:05.677,7.78559,7.7853200000000005,0.75,0.75
17.08.2021 01:52:05.834,7.78547,7.785200000000001,0.75,0.85
17.08.2021 01:52:05.934,7.78547,7.785200000000001,0.75,0.85
17.08.2021 01:52:06.035,7.78559,7.7853200000000005,0.75,0.75
17.08.2021 01:52:06.085,7.7855300000000005,7.785260000000001,0.75,0.85
17.08.2021 01:52:06.135,7.7855300000000005,7.785260000000001,0.75,0.82
17.08.2021 01:52:06.186,7.785489999999999,7.78522,0.75,0.85
17.08.2021 01:52:06.337,7.78558,7.785310000000001,0.75,0.75
17.08.2021 01:52:06.488,7.7855300000000005,7.785260000000001,0.75,0.85
17.08.2021 01:52:06.538,7.7855300000000005,7.785260000000001,0.75,0.85
17.08.2021 01:52:08.548,7.7855300000000005,7.785260000000001,0.75,0.85
17.08.2021 01:52:12.345,7.7855300000000005,7.785260000000001,0.75,0.85
17.08.2021 01:52:29.835,7.78559,7.785260000000001,0.37,0.47
17.08.2021 01:52:36.551,7.7855300000000005,7.785260000000001,0.75,1.22
17.08.2021 01:53:13.508,7.785480000000001,7.785210000000001,0.75,0.85
17.08.2021 01:53:13.559,7.785480000000001,7.785210000000001,0.75,0.85
17.08.2021 01:53:13.659,7.785560000000001,7.78529,0.75,0.75
17.08.2021 01:53:13.710,7.7855300000000005,7.785260000000001,0.75,0.85
17.08.2021 01:53:13.760,7.785560000000001,7.78529,0.75,0.75
17.08.2021 01:53:13.811,7.785480000000001,7.785210000000001,0.75,0.85
17.08.2021 01:53:13.861,7.785480000000001,7.785210000000001,0.75,0.85
17.08.2021 01:53:13.912,7.785480000000001,7.785210000000001,0.75,0.85
17.08.2021 01:53:14.013,7.785510000000001,7.78524,0.75,0.85
17.08.2021 01:53:14.063,7.785489999999999,7.78522,0.75,0.85
17.08.2021 01:53:14.114,7.785489999999999,7.78522,0.75,0.85
17.08.2021 01:53:14.214,7.785510000000001,7.78524,0.75,0.82
17.08.2021 01:53:14.265,7.785510000000001,7.78524,0.75,0.85
17.08.2021 01:53:14.388,7.785480000000001,7.785210000000001,0.75,0.85
17.08.2021 01:53:14.519,7.785480000000001,7.785210000000001,0.75,0.85
17.08.2021 01:53:14.573,7.785510000000001,7.78524,0.75,0.85
17.08.2021 01:53:14.689,7.785480000000001,7.785210000000001,0.75,0.85
17.08.2021 01:53:14.787,7.785500000000001,7.78523,0.75,0.85
17.08.2021 01:53:14.888,7.785500000000001,7.78523,0.75,0.85
17.08.2021 01:53:14.938,7.785480000000001,7.785210000000001,0.75,0.85
17.08.2021 01:53:15.042,7.785480000000001,7.785210000000001,0.75,0.85
17.08.2021 01:53:15.093,7.785510000000001,7.78524,0.75,0.85
17.08.2021 01:53:15.243,7.785480000000001,7.785210000000001,0.75,0.85
17.08.2021 01:53:15.394,7.785510000000001,7.78524,0.75,0.85
17.08.2021 01:53:15.544,7.785480000000001,7.785210000000001,0.75,0.85
17.08.2021 01:53:15.696,7.785510000000001,7.78524,0.75,0.85
17.08.2021 01:53:15.847,7.785480000000001,7.785210000000001,0.75,0.85
17.08.2021 01:53:15.990,7.785510000000001,7.78524,0.75,0.85
17.08.2021 01:53:16.142,7.785480000000001,7.785210000000001,0.75,0.85
17.08.2021 01:53:16.294,7.785510000000001,7.78524,0.75,0.85
17.08.2021 01:53:16.441,7.785480000000001,7.785210000000001,0.75,0.85
17.08.2021 01:53:16.491,7.785480000000001,7.785210000000001,0.75,0.85
17.08.2021 01:53:16.592,7.785500000000001,7.78523,0.75,0.82
17.08.2021 01:53:16.643,7.785500000000001,7.78523,0.75,0.85
17.08.2021 01:53:16.746,7.785480000000001,7.785210000000001,0.75,0.85
17.08.2021 01:53:16.797,7.785480000000001,7.785210000000001,0.75,0.85
17.08.2021 01:53:16.898,7.785510000000001,7.78524,0.75,0.75
17.08.2021 01:53:16.948,7.785510000000001,7.78524,0.75,0.85
17.08.2021 01:53:17.049,7.785480000000001,7.785210000000001,0.75,0.85
17.08.2021 01:53:17.150,7.785480000000001,7.785210000000001,0.75,0.85
17.08.2021 01:53:17.201,7.785510000000001,7.78524,0.75,0.75
17.08.2021 01:53:17.302,7.785510000000001,7.78524,0.75,0.85
17.08.2021 01:53:17.352,7.785480000000001,7.785210000000001,0.75,0.85
17.08.2021 01:53:17.504,7.785510000000001,7.78524,0.75,0.85
17.08.2021 01:53:17.655,7.785480000000001,7.785210000000001,0.75,0.85
17.08.2021 01:53:17.707,7.785480000000001,7.785210000000001,0.75,0.85
17.08.2021 01:53:17.808,7.785510000000001,7.78524,0.75,0.75
17.08.2021 01:53:17.858,7.785510000000001,7.78524,0.75,0.85
17.08.2021 01:53:17.959,7.785489999999999,7.78522,0.75,0.85
17.08.2021 01:53:18.123,7.785510000000001,7.78524,0.75,0.82
17.08.2021 01:53:18.174,7.785510000000001,7.78524,0.75,0.85
17.08.2021 01:53:18.275,7.785480000000001,7.785210000000001,0.75,0.85
17.08.2021 01:53:18.436,7.785510000000001,7.78524,0.75,0.85
17.08.2021 01:53:18.542,7.785480000000001,7.785210000000001,0.75,0.85
17.08.2021 01:53:18.739,7.785500000000001,7.78523,0.75,0.85
17.08.2021 01:53:18.840,7.785480000000001,7.785210000000001,0.75,0.85
17.08.2021 01:53:18.991,7.785489999999999,7.78522,0.75,0.85
17.08.2021 01:53:19.137,7.785480000000001,7.785210000000001,0.75,0.85
17.08.2021 01:53:19.339,7.785489999999999,7.78522,0.75,0.85
17.08.2021 01:53:19.447,7.785480000000001,7.785210000000001,0.75,0.85
17.08.2021 01:53:19.509,7.785480000000001,7.785210000000001,0.75,0.85
17.08.2021 01:53:19.609,7.785500000000001,7.78523,0.75,0.82
17.08.2021 01:53:19.660,7.785500000000001,7.78523,0.75,0.85
17.08.2021 01:53:19.761,7.785480000000001,7.785210000000001,0.75,0.85
17.08.2021 01:53:19.888,7.785500000000001,7.78523,0.75,0.85
17.08.2021 01:53:20.029,7.785500000000001,7.78523,0.75,0.85
17.08.2021 01:53:20.079,7.785480000000001,7.785210000000001,0.75,0.85
17.08.2021 01:53:20.194,7.785500000000001,7.78523,0.75,0.85
17.08.2021 01:53:20.340,7.785480000000001,7.785210000000001,0.75,0.85
17.08.2021 01:53:20.489,7.785500000000001,7.78523,0.75,0.85
17.08.2021 01:53:20.674,7.785480000000001,7.785210000000001,0.75,0.85
17.08.2021 01:53:20.789,7.785480000000001,7.785210000000001,0.75,0.85
17.08.2021 01:53:20.839,7.785500000000001,7.78523,0.75,0.85
17.08.2021 01:53:20.990,7.785480000000001,7.785210000000001,0.75,0.85
17.08.2021 01:53:21.098,7.785500000000001,7.78523,0.75,0.85
17.08.2021 01:53:21.243,7.785480000000001,7.785210000000001,0.75,0.85
17.08.2021 01:53:21.389,7.785480000000001,7.785210000000001,0.75,0.85
17.08.2021 01:53:21.440,7.785500000000001,7.78523,0.75,0.85
17.08.2021 01:53:21.545,7.785480000000001,7.785210000000001,0.75,0.85
17.08.2021 01:53:21.690,7.785480000000001,7.785210000000001,0.75,0.85
17.08.2021 01:53:21.741,7.785500000000001,7.78523,0.75,0.85
17.08.2021 01:53:21.845,7.785480000000001,7.785210000000001,0.75,0.85
17.08.2021 01:53:21.996,7.785500000000001,7.78523,0.75,0.85
17.08.2021 01:53:22.144,7.785480000000001,7.785210000000001,0.75,0.85
17.08.2021 01:53:22.295,7.785500000000001,7.78523,0.75,0.85
17.08.2021 01:53:22.440,7.785480000000001,7.785210000000001,0.75,0.85
17.08.2021 01:53:22.591,7.785500000000001,7.78523,0.75,0.85
17.08.2021 01:53:22.742,7.785480000000001,7.785210000000001,0.75,0.85
17.08.2021 01:53:22.891,7.785500000000001,7.78523,0.75,0.85
17.08.2021 01:53:23.043,7.785480000000001,7.785210000000001,0.75,0.85
17.08.2021 01:53:23.191,7.785480000000001,7.785210000000001,0.75,0.85
17.08.2021 01:53:23.242,7.785500000000001,7.78523,0.75,0.85
17.08.2021 01:53:23.347,7.785480000000001,7.785210000000001,0.75,0.85
17.08.2021 01:53:23.499,7.785500000000001,7.78523,0.75,0.85
17.08.2021 01:53:23.648,7.785480000000001,7.785210000000001,0.75,0.85
17.08.2021 01:53:23.792,7.785500000000001,7.78523,0.75,0.85
17.08.2021 01:53:23.942,7.785480000000001,7.785210000000001,0.75,0.85
17.08.2021 01:53:24.093,7.785500000000001,7.78523,0.75,0.85
17.08.2021 01:53:24.242,7.785480000000001,7.785210000000001,0.75,0.85
17.08.2021 01:53:24.390,7.785500000000001,7.78523,0.75,0.85
17.08.2021 01:53:24.539,7.785480000000001,7.785210000000001,0.75,0.85
17.08.2021 01:53:24.751,7.785500000000001,7.78523,0.75,0.85
17.08.2021 01:53:24.852,7.785480000000001,7.785210000000001,0.75,0.85
17.08.2021 01:53:24.989,7.785500000000001,7.78523,0.75,0.85
17.08.2021 01:53:25.141,7.785480000000001,7.785210000000001,0.75,0.85
17.08.2021 01:53:25.289,7.785500000000001,7.78523,0.75,0.82
17.08.2021 01:53:25.340,7.785500000000001,7.78523,0.75,0.85
17.08.2021 01:53:25.440,7.785489999999999,7.78522,0.75,0.85
17.08.2021 01:53:25.546,7.785489999999999,7.78522,0.75,0.85
17.08.2021 01:53:25.689,7.785489999999999,7.78522,0.75,0.85
17.08.2021 01:53:25.856,7.785500000000001,7.78523,0.75,0.85
17.08.2021 01:53:26.040,7.785480000000001,7.785210000000001,0.75,0.85
17.08.2021 01:53:26.150,7.785500000000001,7.78523,0.75,0.85
17.08.2021 01:53:26.290,7.785480000000001,7.785210000000001,0.75,0.85
17.08.2021 01:53:26.456,7.785500000000001,7.78523,0.75,0.85
17.08.2021 01:53:26.590,7.785480000000001,7.785210000000001,0.75,0.85
17.08.2021 01:53:26.746,7.785500000000001,7.78523,0.75,0.85
17.08.2021 01:53:26.891,7.785480000000001,7.785210000000001,0.75,0.85
17.08.2021 01:53:27.043,7.785500000000001,7.78523,0.75,0.85
17.08.2021 01:53:27.249,7.785480000000001,7.785210000000001,0.75,0.85
17.08.2021 01:53:27.350,7.785500000000001,7.78523,0.75,0.85
17.08.2021 01:53:27.501,7.785480000000001,7.785210000000001,0.75,0.85
17.08.2021 01:53:27.652,7.785500000000001,7.78523,0.75,0.85
17.08.2021 01:53:27.790,7.785500000000001,7.78523,0.75,0.85
17.08.2021 01:53:27.840,7.785480000000001,7.785210000000001,0.75,0.85
17.08.2021 01:53:27.950,7.785500000000001,7.78523,0.75,0.85
17.08.2021 01:53:28.091,7.78547,7.785200000000001,0.75,0.85
17.08.2021 01:53:28.241,7.785489999999999,7.78522,0.75,0.85
17.08.2021 01:53:28.389,7.785489999999999,7.78522,0.75,0.85
17.08.2021 01:53:28.440,7.78547,7.785200000000001,0.75,0.85
17.08.2021 01:53:28.548,7.785500000000001,7.78523,0.75,0.85
17.08.2021 01:53:28.699,7.785480000000001,7.785210000000001,0.75,0.85
17.08.2021 01:53:28.840,7.785500000000001,7.78523,0.75,0.85
17.08.2021 01:53:28.991,7.785480000000001,7.785210000000001,0.75,0.85
17.08.2021 01:53:29.150,7.785500000000001,7.78523,0.75,0.85
17.08.2021 01:53:29.292,7.785480000000001,7.785210000000001,0.75,0.85
17.08.2021 01:53:29.447,7.785500000000001,7.78523,0.75,0.85
17.08.2021 01:53:29.642,7.785480000000001,7.785210000000001,0.75,0.85
17.08.2021 01:53:29.747,7.785500000000001,7.78523,0.75,0.85
17.08.2021 01:53:29.943,7.78547,7.785200000000001,0.75,0.85
17.08.2021 01:53:30.049,7.785500000000001,7.78523,0.75,0.85
17.08.2021 01:53:30.186,7.785489999999999,7.78522,0.75,0.85
17.08.2021 01:53:30.333,7.785489999999999,7.78522,0.75,0.85
17.08.2021 01:53:30.384,7.785489999999999,7.78522,0.75,0.85
17.08.2021 01:53:30.487,7.78547,7.785200000000001,0.75,0.85
17.08.2021 01:53:30.597,7.78547,7.785200000000001,0.75,0.85
17.08.2021 01:53:30.648,7.785500000000001,7.78523,0.75,0.85
17.08.2021 01:53:30.789,7.78547,7.785200000000001,0.75,0.85
17.08.2021 01:53:30.901,7.78547,7.785200000000001,0.75,0.85
17.08.2021 01:53:30.951,7.785500000000001,7.78523,0.75,0.85
17.08.2021 01:53:31.082,7.785489999999999,7.78522,0.75,0.85
17.08.2021 01:53:31.133,7.78547,7.785200000000001,0.75,0.85
17.08.2021 01:53:31.371,7.785480000000001,7.785210000000001,0.75,0.85
17.08.2021 01:53:31.522,7.78547,7.785200000000001,0.75,0.85
17.08.2021 01:53:31.573,7.78547,7.785200000000001,0.75,0.85
17.08.2021 01:53:31.685,7.785500000000001,7.78523,0.75,0.85
17.08.2021 01:53:31.846,7.785489999999999,7.78522,0.75,0.85
17.08.2021 01:53:37.203,7.785489999999999,7.78522,0.75,0.85
17.08.2021 01:53:44.223,7.785480000000001,7.785210000000001,0.75,0.85
17.08.2021 01:53:46.308,7.785480000000001,7.785210000000001,0.75,0.85
17.08.2021 01:53:46.714,7.785480000000001,7.785210000000001,0.75,0.85
17.08.2021 01:53:46.765,7.785510000000001,7.78524,0.75,0.85
17.08.2021 01:53:46.916,7.785510000000001,7.78524,0.75,0.85
17.08.2021 01:53:48.063,7.785510000000001,7.78524,0.75,0.85
17.08.2021 01:53:50.858,7.78557,7.7853,0.75,0.82
17.08.2021 01:53:50.909,7.7856000000000005,7.78535,0.75,0.75
17.08.2021 01:53:50.959,7.78562,7.78535,0.75,0.75
17.08.2021 01:53:51.010,7.78565,7.785360000000001,0.37,0.82
17.08.2021 01:53:51.060,7.78565,7.785380000000001,1.12,0.75
17.08.2021 01:53:51.418,7.78564,7.78537,0.75,0.82
17.08.2021 01:53:56.738,7.785550000000001,7.785280000000001,0.75,0.85
17.08.2021 01:53:56.839,7.785550000000001,7.785280000000001,0.75,0.85
17.08.2021 01:53:56.890,7.7855300000000005,7.785260000000001,0.75,0.85
17.08.2021 01:53:56.991,7.785480000000001,7.785210000000001,0.75,1.22
17.08.2021 01:53:57.041,7.78554,7.78527,0.75,0.85
17.08.2021 01:53:57.092,7.78558,7.785310000000001,0.75,0.82
17.08.2021 01:53:57.142,7.785550000000001,7.785280000000001,0.75,0.85
17.08.2021 01:53:57.243,7.785480000000001,7.785210000000001,0.75,1.22
17.08.2021 01:53:57.344,7.785510000000001,7.78524,0.75,0.85
17.08.2021 01:53:57.486,7.785500000000001,7.78523,0.75,0.85
17.08.2021 01:53:58.373,7.785560000000001,7.78529,0.75,0.75
17.08.2021 01:53:58.424,7.785610000000001,7.78534,1.12,0.75
17.08.2021 01:53:58.561,7.78558,7.785310000000001,0.75,0.85
17.08.2021 01:54:00.898,7.78567,7.785360000000001,0.37,0.75
17.08.2021 01:54:01.050,7.78567,7.7854,0.37,0.75
17.08.2021 01:54:01.286,7.785680000000001,7.7854,0.75,0.75
17.08.2021 01:54:02.591,7.78563,7.785360000000001,0.75,0.85
17.08.2021 01:54:22.653,7.785660000000001,7.785280000000001,0.37,0.85
17.08.2021 01:54:22.966,7.78558,7.785310000000001,0.75,0.85
17.08.2021 01:54:23.067,7.785560000000001,7.78529,0.75,0.85
17.08.2021 01:54:23.168,7.78554,7.78527,0.75,1.22
17.08.2021 01:54:23.283,7.7855300000000005,7.785260000000001,0.75,0.85
17.08.2021 01:54:23.440,7.785480000000001,7.785210000000001,0.75,0.85
17.08.2021 01:54:23.490,7.78557,7.7853,0.75,0.75
17.08.2021 01:54:23.591,7.78554,7.78527,0.75,0.85
17.08.2021 01:54:24.454,7.78554,7.785310000000001,0.75,0.37
17.08.2021 01:54:24.505,7.78558,7.785310000000001,0.75,1.22
17.08.2021 01:54:28.353,7.78567,7.785360000000001,0.37,0.82
17.08.2021 01:54:28.404,7.78564,7.78537,0.75,0.75
17.08.2021 01:54:28.771,7.78562,7.78535,0.75,0.85
17.08.2021 01:54:28.922,7.78557,7.785310000000001,0.75,0.47
17.08.2021 01:54:28.972,7.785660000000001,7.785360000000001,0.75,0.75
17.08.2021 01:54:29.073,7.78564,7.78537,0.75,0.75
17.08.2021 01:54:29.471,7.78562,7.78535,0.75,0.85
17.08.2021 01:54:29.572,7.78557,7.785310000000001,0.75,0.47
17.08.2021 01:54:29.672,7.7856000000000005,7.785330000000001,0.75,0.85
17.08.2021 01:54:31.383,7.78565,7.785360000000001,0.37,0.85
17.08.2021 01:54:31.484,7.78565,7.7854,0.37,0.75
17.08.2021 01:54:32.349,7.78567,7.7854,0.75,0.75
17.08.2021 01:54:36.806,7.785610000000001,7.785380000000001,0.75,0.75
17.08.2021 01:54:38.068,7.785550000000001,7.785330000000001,0.75,0.85
17.08.2021 01:54:38.219,7.78554,7.7853200000000005,0.75,0.82
17.08.2021 01:54:38.269,7.78552,7.7853,0.75,0.85
17.08.2021 01:54:38.370,7.785510000000001,7.78529,0.75,0.85
17.08.2021 01:54:53.395,7.785510000000001,7.7853200000000005,0.75,0.37
17.08.2021 01:54:54.395,7.785510000000001,7.785330000000001,0.75,0.37
17.08.2021 01:54:57.082,7.785510000000001,7.78529,0.75,0.85
17.08.2021 01:54:57.183,7.785510000000001,7.78529,0.75,0.85
17.08.2021 01:55:05.606,7.785510000000001,7.78529,0.75,0.85
17.08.2021 01:55:05.708,7.785510000000001,7.78529,0.75,0.85
17.08.2021 01:55:12.060,7.785510000000001,7.78529,0.75,0.85
17.08.2021 01:55:15.070,7.785510000000001,7.78529,0.75,0.85
17.08.2021 01:55:15.221,7.78552,7.7853,0.75,0.85
17.08.2021 01:55:21.449,7.785510000000001,7.785330000000001,0.75,0.37
17.08.2021 01:55:21.724,7.785510000000001,7.78534,0.75,0.37
17.08.2021 01:55:31.138,7.785510000000001,7.785380000000001,0.75,0.37
17.08.2021 01:55:33.753,7.785510000000001,7.78529,0.75,0.85
17.08.2021 01:55:33.904,7.785510000000001,7.78529,0.75,0.85
17.08.2021 01:56:09.006,7.785500000000001,7.785280000000001,0.75,0.85
17.08.2021 01:56:09.162,7.785489999999999,7.78527,0.75,0.85
17.08.2021 01:56:09.264,7.785500000000001,7.785280000000001,0.75,0.85
17.08.2021 01:56:09.415,7.785489999999999,7.78527,0.75,0.85
17.08.2021 01:56:09.562,7.785489999999999,7.78527,0.75,0.85
17.08.2021 01:56:15.215,7.785500000000001,7.785280000000001,0.75,0.85
17.08.2021 01:56:24.579,7.785500000000001,7.7853200000000005,0.75,0.37
17.08.2021 01:56:25.580,7.785500000000001,7.78534,0.75,0.37
17.08.2021 01:56:31.143,7.785500000000001,7.785360000000001,0.75,0.37
17.08.2021 01:56:38.592,7.785489999999999,7.785360000000001,0.75,0.37
17.08.2021 01:56:39.179,7.785489999999999,7.785310000000001,0.75,0.45
17.08.2021 01:56:41.078,7.785489999999999,7.7853200000000005,0.75,0.45
17.08.2021 01:56:47.086,7.785489999999999,7.785310000000001,0.75,0.45
17.08.2021 01:57:14.623,7.7854399999999995,7.785210000000001,0.75,0.47
17.08.2021 01:57:14.674,7.78554,7.785210000000001,0.37,0.47
17.08.2021 01:57:14.774,7.78554,7.7851300000000005,0.37,0.85
17.08.2021 01:57:15.158,7.78554,7.7851300000000005,0.37,0.85
17.08.2021 01:57:16.683,7.7855300000000005,7.7851300000000005,0.37,0.85
17.08.2021 01:57:16.810,7.7855300000000005,7.7851300000000005,0.37,0.85
17.08.2021 01:57:16.861,7.785380000000001,7.785160000000001,0.75,0.85
17.08.2021 01:57:17.287,7.785410000000001,7.78519,0.75,0.85
17.08.2021 01:57:17.388,7.785410000000001,7.78519,0.75,0.85
17.08.2021 01:57:17.765,7.7854,7.78518,0.75,0.85
17.08.2021 01:57:19.794,7.785550000000001,7.785330000000001,0.75,0.75
17.08.2021 01:57:19.945,7.785610000000001,7.785360000000001,0.75,0.75
17.08.2021 01:57:19.995,7.785610000000001,7.78539,0.75,0.75
17.08.2021 01:57:20.096,7.7856000000000005,7.785380000000001,0.75,0.82
17.08.2021 01:57:20.260,7.7856000000000005,7.785380000000001,0.75,0.85
17.08.2021 01:57:20.411,7.7856000000000005,7.785380000000001,0.75,0.82
17.08.2021 01:57:22.684,7.785500000000001,7.785280000000001,0.75,0.85
17.08.2021 01:57:22.835,7.7855300000000005,7.785310000000001,0.75,0.85
17.08.2021 01:57:22.886,7.785510000000001,7.78529,0.75,0.85
17.08.2021 01:57:22.987,7.785500000000001,7.785280000000001,0.75,0.85
17.08.2021 01:57:23.121,7.785510000000001,7.78529,0.75,0.85
17.08.2021 01:57:26.734,7.785500000000001,7.785280000000001,0.75,0.85
17.08.2021 01:57:26.907,7.785489999999999,7.78527,0.75,0.85
17.08.2021 01:57:30.066,7.785489999999999,7.78527,0.75,0.75
17.08.2021 01:57:30.184,7.785510000000001,7.78529,0.75,0.85
17.08.2021 01:57:30.321,7.785510000000001,7.78529,0.75,0.85
17.08.2021 01:57:30.372,7.7855300000000005,7.785310000000001,0.75,0.85
17.08.2021 01:57:32.694,7.7855300000000005,7.785210000000001,0.37,0.85
17.08.2021 01:57:32.745,7.7854399999999995,7.785200000000001,0.75,0.85
17.08.2021 01:57:32.795,7.78542,7.785200000000001,0.75,0.75
17.08.2021 01:57:32.846,7.78542,7.785200000000001,0.75,0.85
17.08.2021 01:57:32.896,7.7854,7.785160000000001,0.75,0.75
17.08.2021 01:57:32.947,7.7854,7.785160000000001,0.75,0.85
17.08.2021 01:57:42.133,7.785410000000001,7.78519,0.75,2.35
17.08.2021 01:57:42.184,7.785410000000001,7.78519,0.75,2.25
17.08.2021 01:57:42.285,7.78542,7.785200000000001,0.75,0.75
17.08.2021 01:57:42.419,7.785430000000001,7.785210000000001,0.75,0.75
17.08.2021 01:57:42.531,7.7854399999999995,7.78522,0.75,0.75
17.08.2021 01:57:46.034,7.78554,7.7853200000000005,0.75,0.85
17.08.2021 01:57:46.135,7.785550000000001,7.785330000000001,0.75,0.85
17.08.2021 01:57:46.186,7.785610000000001,7.785360000000001,0.75,0.75
17.08.2021 01:57:46.236,7.785610000000001,7.78539,0.75,0.82
17.08.2021 01:57:46.287,7.78563,7.7854,1.12,0.75
17.08.2021 01:57:46.389,7.785610000000001,7.78539,0.75,0.82
17.08.2021 01:57:46.626,7.78562,7.7854,0.75,0.75
17.08.2021 01:57:47.460,7.78557,7.78535,0.75,0.85
17.08.2021 01:57:47.615,7.785660000000001,7.785280000000001,0.37,0.85
17.08.2021 01:57:47.665,7.785500000000001,7.785280000000001,0.75,0.85
17.08.2021 01:57:47.766,7.785500000000001,7.785280000000001,0.75,0.85
17.08.2021 01:57:47.817,7.78552,7.7853,0.75,0.85
17.08.2021 01:57:52.058,7.785510000000001,7.78529,0.75,0.85
17.08.2021 01:57:52.171,7.785510000000001,7.78529,0.75,0.85
17.08.2021 01:57:53.183,7.78552,7.7853,0.75,0.85
17.08.2021 01:58:00.415,7.785510000000001,7.78529,0.75,0.85
17.08.2021 01:58:05.794,7.78552,7.7853,0.75,0.85
17.08.2021 01:58:06.114,7.7855300000000005,7.785310000000001,0.75,0.85
17.08.2021 01:58:08.338,7.7855300000000005,7.785310000000001,0.75,0.85
17.08.2021 01:58:09.671,7.7855300000000005,7.785310000000001,0.75,0.85
17.08.2021 01:58:09.786,7.785510000000001,7.7853,0.75,0.85
17.08.2021 01:58:09.895,7.785510000000001,7.7853,0.75,0.85
17.08.2021 01:58:11.037,7.785510000000001,7.7853,0.75,0.85
17.08.2021 01:58:14.495,7.785510000000001,7.78529,0.75,0.85
17.08.2021 01:58:14.596,7.785500000000001,7.785280000000001,0.75,0.85
17.08.2021 01:58:16.321,7.785500000000001,7.785280000000001,0.75,0.85
17.08.2021 01:58:16.439,7.785510000000001,7.78529,0.75,0.85
17.08.2021 01:58:16.540,7.785510000000001,7.78529,0.75,0.85
17.08.2021 01:58:18.130,7.78545,7.78519,0.37,0.85
17.08.2021 01:58:18.231,7.78545,7.78518,0.37,0.85
17.08.2021 01:58:18.485,7.78545,7.78517,0.37,0.85
17.08.2021 01:58:18.646,7.7854,7.78517,0.75,0.85
17.08.2021 01:58:19.553,7.78545,7.785160000000001,0.37,0.85
17.08.2021 01:58:19.861,7.78542,7.785200000000001,0.75,0.85
17.08.2021 01:58:19.911,7.785480000000001,7.785260000000001,0.75,0.85
17.08.2021 01:58:19.962,7.785480000000001,7.785260000000001,0.75,0.85
17.08.2021 01:58:20.063,7.78547,7.7852500000000004,0.75,0.85
17.08.2021 01:58:20.113,7.785489999999999,7.78527,0.75,0.85
17.08.2021 01:58:20.164,7.785510000000001,7.78529,0.75,0.85
17.08.2021 01:58:20.265,7.785500000000001,7.785280000000001,0.75,0.85
17.08.2021 01:58:20.718,7.785510000000001,7.78529,0.75,0.85
17.08.2021 01:58:23.939,7.785560000000001,7.78534,0.75,0.85
17.08.2021 01:58:24.090,7.78557,7.78535,0.75,0.85
17.08.2021 01:58:24.371,7.78558,7.785360000000001,0.75,0.82
17.08.2021 01:58:24.538,7.785550000000001,7.785330000000001,0.75,0.85
17.08.2021 01:58:24.692,7.7856000000000005,7.785360000000001,0.75,0.82
17.08.2021 01:58:24.836,7.785550000000001,7.785330000000001,0.75,0.85
17.08.2021 01:58:24.937,7.785550000000001,7.785330000000001,0.75,0.85
17.08.2021 01:58:25.037,7.7856000000000005,7.785360000000001,0.75,0.82
17.08.2021 01:58:25.088,7.7856000000000005,7.785380000000001,0.75,0.75
17.08.2021 01:58:25.290,7.785610000000001,7.785360000000001,0.75,0.82
17.08.2021 01:58:25.340,7.785610000000001,7.785360000000001,0.75,0.85
17.08.2021 01:58:25.483,7.785560000000001,7.78534,0.75,0.85
17.08.2021 01:58:25.586,7.785610000000001,7.785360000000001,0.75,0.75
17.08.2021 01:58:25.739,7.785550000000001,7.785330000000001,0.75,0.85
17.08.2021 01:58:25.790,7.785550000000001,7.785330000000001,0.75,0.85
17.08.2021 01:58:25.888,7.785610000000001,7.785360000000001,0.75,0.75
17.08.2021 01:58:25.938,7.785610000000001,7.785360000000001,0.75,0.85
17.08.2021 01:58:26.136,7.78559,7.78537,0.75,0.85
17.08.2021 01:58:27.672,7.78559,7.78537,0.75,0.82
17.08.2021 01:58:27.814,7.785560000000001,7.78534,0.75,0.85
17.08.2021 01:58:28.068,7.785560000000001,7.78534,0.75,0.85
17.08.2021 01:58:29.240,7.785560000000001,7.78534,0.75,0.85
17.08.2021 01:58:30.814,7.785560000000001,7.78534,0.75,0.85
17.08.2021 01:58:31.434,7.785550000000001,7.785330000000001,0.75,0.85
17.08.2021 01:58:35.888,7.785560000000001,7.78534,0.75,0.85
17.08.2021 01:58:36.845,7.785560000000001,7.78534,0.75,0.85
17.08.2021 01:58:57.783,7.785560000000001,7.78534,0.75,0.85
17.08.2021 01:58:59.740,7.785510000000001,7.78529,0.75,0.85
17.08.2021 01:58:59.839,7.78554,7.7853200000000005,0.75,0.85
17.08.2021 01:58:59.889,7.78552,7.7853,0.75,0.85
17.08.2021 01:58:59.995,7.785510000000001,7.78529,0.75,0.85
17.08.2021 01:59:00.673,7.78552,7.7853,0.75,0.85
17.08.2021 01:59:00.845,7.78552,7.7853,0.75,0.85
17.08.2021 01:59:01.190,7.7855300000000005,7.785310000000001,0.75,0.85
17.08.2021 01:59:03.055,7.7855300000000005,7.785310000000001,0.75,0.85
17.08.2021 01:59:03.155,7.78559,7.785360000000001,0.75,0.75
17.08.2021 01:59:03.265,7.78558,7.785360000000001,0.75,0.82
17.08.2021 01:59:03.315,7.785560000000001,7.78534,0.75,0.85
17.08.2021 01:59:03.472,7.785560000000001,7.78534,0.75,0.85
17.08.2021 01:59:04.154,7.785560000000001,7.78534,0.75,0.82
17.08.2021 01:59:04.254,7.785560000000001,7.78534,0.75,0.85
17.08.2021 01:59:06.563,7.785560000000001,7.78534,0.75,0.85
17.08.2021 01:59:13.401,7.785560000000001,7.78534,0.75,0.85
17.08.2021 01:59:15.042,7.78557,7.78535,0.75,0.85
17.08.2021 01:59:27.835,7.785560000000001,7.78534,0.75,0.85
17.08.2021 01:59:36.189,7.785560000000001,7.78534,0.75,0.85
17.08.2021 01:59:36.333,7.785550000000001,7.785330000000001,0.75,0.85
17.08.2021 01:59:38.573,7.785550000000001,7.785330000000001,0.75,0.85
17.08.2021 01:59:41.265,7.785550000000001,7.785330000000001,0.75,0.85
17.08.2021 01:59:41.366,7.785560000000001,7.78534,0.75,0.85
17.08.2021 01:59:45.670,7.785560000000001,7.78534,0.75,0.85
17.08.2021 01:59:45.821,7.785550000000001,7.785330000000001,0.75,0.85
17.08.2021 01:59:51.600,7.785550000000001,7.785330000000001,0.75,0.85
17.08.2021 01:59:51.752,7.785560000000001,7.78534,0.75,0.85
17.08.2021 02:00:16.057,7.785560000000001,7.78534,0.75,0.82
17.08.2021 02:00:16.154,7.785560000000001,7.78534,0.75,0.85
17.08.2021 02:00:23.559,7.785560000000001,7.78534,0.75,0.85
17.08.2021 02:00:31.667,7.78557,7.78534,0.75,0.85
17.08.2021 02:00:38.609,7.78557,7.78534,0.75,0.85
17.08.2021 02:00:44.990,7.78557,7.78534,0.75,0.85
17.08.2021 02:00:45.142,7.785550000000001,7.785360000000001,0.75,0.47
17.08.2021 02:00:46.575,7.785560000000001,7.785360000000001,0.75,0.47
17.08.2021 02:00:50.337,7.785560000000001,7.785360000000001,0.75,0.47
17.08.2021 02:00:51.793,7.785560000000001,7.78537,0.75,0.47
17.08.2021 02:00:54.515,7.785560000000001,7.78534,0.75,0.85
17.08.2021 02:00:54.620,7.785550000000001,7.785330000000001,0.75,0.85
17.08.2021 02:01:05.337,7.785550000000001,7.785330000000001,0.75,0.85
17.08.2021 02:01:10.127,7.785560000000001,7.78534,0.75,0.85
17.08.2021 02:01:10.265,7.785560000000001,7.78534,0.75,0.85
17.08.2021 02:01:10.369,7.785550000000001,7.785330000000001,0.75,0.85
17.08.2021 02:01:10.935,7.785550000000001,7.785330000000001,0.75,0.85
17.08.2021 02:01:28.862,7.785550000000001,7.785330000000001,0.75,0.85
17.08.2021 02:01:43.901,7.78565,7.78535,0.37,0.47
17.08.2021 02:01:47.252,7.785550000000001,7.785330000000001,0.75,0.85
17.08.2021 02:01:47.302,7.78557,7.78535,0.75,0.85
17.08.2021 02:01:47.488,7.78557,7.78535,0.75,0.85
17.08.2021 02:01:52.126,7.78558,7.785360000000001,0.75,0.85
