Gmt time,Ask,Bid,AskVolume,BidVolume
25.08.2021 00:00:00.335,296.463,296.216,1.2,0.22
25.08.2021 00:00:00.691,296.463,296.259,1.2,0.22
25.08.2021 00:00:01.298,296.463,296.279,1.2,0.22
25.08.2021 00:00:02.093,296.453,296.279,1.2,0.22
25.08.2021 00:00:02.210,296.453,296.272,1.2,0.22
25.08.2021 00:00:02.356,296.453,296.273,1.2,0.22
25.08.2021 00:00:04.222,296.453,296.27500000000003,1.2,0.22
25.08.2021 00:00:05.234,296.453,296.277,1.2,0.22
25.08.2021 00:00:06.278,296.453,296.264,1.2,0.22
25.08.2021 00:00:06.893,296.453,296.255,1.2,0.22
25.08.2021 00:00:06.943,296.443,296.255,1.2,0.22
25.08.2021 00:00:07.061,296.443,296.214,1.2,0.22
25.08.2021 00:00:07.161,296.443,296.276,1.2,0.22
25.08.2021 00:00:07.312,296.443,296.26099999999997,1.2,0.22
25.08.2021 00:00:08.291,296.443,296.27,1.2,0.22
25.08.2021 00:00:08.369,296.443,296.256,1.2,0.22
25.08.2021 00:00:09.277,296.443,296.273,1.2,0.22
25.08.2021 00:00:11.018,296.443,296.23400000000004,1.2,0.22
25.08.2021 00:00:11.307,296.443,296.271,1.2,0.22
25.08.2021 00:00:12.224,296.443,296.265,1.2,0.22
25.08.2021 00:00:13.240,296.443,296.26,1.2,0.22
25.08.2021 00:00:14.212,296.443,296.244,1.2,0.22
25.08.2021 00:00:14.351,296.443,296.20099999999996,1.2,0.22
25.08.2021 00:00:14.402,296.443,296.236,1.2,0.22
25.08.2021 00:00:14.569,296.443,296.23400000000004,1.2,0.22
25.08.2021 00:00:14.670,296.443,296.252,1.2,0.22
25.08.2021 00:00:14.770,296.443,296.23,1.2,0.22
25.08.2021 00:00:14.971,296.443,296.225,1.2,0.22
25.08.2021 00:00:15.134,296.433,296.225,1.2,0.22
25.08.2021 00:00:15.235,296.433,296.274,1.2,0.22
25.08.2021 00:00:15.285,296.433,296.259,1.2,0.22
25.08.2021 00:00:16.289,296.433,296.267,1.2,0.22
25.08.2021 00:00:17.307,296.433,296.265,1.2,0.22
25.08.2021 00:00:18.229,296.433,296.247,1.2,0.22
25.08.2021 00:00:19.250,296.433,296.264,1.2,0.22
25.08.2021 00:00:20.171,296.433,296.22200000000004,1.2,0.22
25.08.2021 00:00:20.271,296.433,296.254,1.2,0.22
25.08.2021 00:00:21.279,296.433,296.255,1.2,0.22
25.08.2021 00:00:21.520,296.433,296.191,1.2,0.22
25.08.2021 00:00:21.576,296.433,296.191,1.7,0.22
25.08.2021 00:00:21.678,296.433,296.246,1.7,0.22
25.08.2021 00:00:22.286,296.433,296.243,1.7,0.22
25.08.2021 00:00:23.255,296.433,296.243,1.2,0.22
25.08.2021 00:00:23.356,296.433,296.244,1.2,0.22
25.08.2021 00:00:23.468,296.433,296.244,1.7,0.22
25.08.2021 00:00:23.616,296.433,296.231,1.7,0.22
25.08.2021 00:00:24.228,296.433,296.243,1.7,0.22
25.08.2021 00:00:25.039,296.433,296.21500000000003,1.7,0.22
25.08.2021 00:00:25.140,296.433,296.21500000000003,1.7,0.22
25.08.2021 00:00:25.242,296.433,296.189,1.7,0.22
25.08.2021 00:00:25.342,296.433,296.253,1.7,0.22
25.08.2021 00:00:25.744,296.433,296.226,1.7,0.22
25.08.2021 00:00:26.254,296.433,296.191,1.7,0.22
25.08.2021 00:00:26.331,296.433,296.191,1.7,0.22
25.08.2021 00:00:26.438,296.423,296.231,1.7,0.22
25.08.2021 00:00:26.757,296.423,296.208,1.7,0.22
25.08.2021 00:00:27.261,296.423,296.22900000000004,1.7,0.22
25.08.2021 00:00:28.292,296.423,296.24,1.7,0.22
25.08.2021 00:00:30.046,296.423,296.17900000000003,1.7,0.22
25.08.2021 00:00:30.147,296.423,296.186,1.7,0.22
25.08.2021 00:00:30.339,296.423,296.178,1.7,0.22
25.08.2021 00:00:30.491,296.423,296.181,1.7,0.22
25.08.2021 00:00:30.591,296.423,296.225,1.7,0.22
25.08.2021 00:00:31.242,296.423,296.24,1.7,0.22
25.08.2021 00:00:32.237,296.423,296.24,1.7,0.22
25.08.2021 00:00:32.287,296.403,296.182,1.7,0.22
25.08.2021 00:00:32.388,296.403,296.203,1.7,0.22
25.08.2021 00:00:33.284,296.403,296.231,1.7,0.22
25.08.2021 00:00:34.287,296.403,296.23,1.7,0.22
25.08.2021 00:00:35.301,296.403,296.231,1.7,0.22
25.08.2021 00:00:36.332,296.403,296.232,1.7,0.22
25.08.2021 00:00:36.433,296.403,296.22200000000004,1.7,0.22
25.08.2021 00:00:37.323,296.403,296.238,1.7,0.22
25.08.2021 00:00:38.030,296.403,296.226,1.7,0.22
25.08.2021 00:00:38.230,296.403,296.238,1.7,0.22
25.08.2021 00:00:39.245,296.403,296.23900000000003,1.7,0.22
25.08.2021 00:00:40.268,296.403,296.236,1.7,0.22
25.08.2021 00:00:41.286,296.403,296.23900000000003,1.7,0.22
25.08.2021 00:00:42.301,296.403,296.28000000000003,1.7,0.22
25.08.2021 00:00:43.316,296.403,296.237,1.7,0.22
25.08.2021 00:00:44.326,296.403,296.23900000000003,1.7,0.22
25.08.2021 00:00:45.038,296.403,296.22700000000003,1.7,0.22
25.08.2021 00:00:45.251,296.403,296.24,1.7,0.22
25.08.2021 00:00:46.265,296.403,296.242,1.7,0.22
25.08.2021 00:00:47.285,296.423,296.23900000000003,1.7,0.22
25.08.2021 00:00:48.301,296.423,296.241,1.7,0.22
25.08.2021 00:00:49.320,296.423,296.278,1.7,0.22
25.08.2021 00:00:50.239,296.423,296.277,1.7,0.22
25.08.2021 00:00:50.341,296.423,296.238,1.7,0.22
25.08.2021 00:00:53.270,296.423,296.241,1.7,0.22
25.08.2021 00:00:54.275,296.423,296.23900000000003,1.7,0.22
25.08.2021 00:00:55.295,296.423,296.238,1.7,0.22
25.08.2021 00:00:56.316,296.423,296.24,1.7,0.22
25.08.2021 00:00:57.341,296.423,296.241,1.7,0.22
25.08.2021 00:00:58.257,296.423,296.23900000000003,1.7,0.22
25.08.2021 00:00:59.273,296.423,296.274,1.7,0.22
25.08.2021 00:01:00.289,296.423,296.242,1.7,0.22
25.08.2021 00:01:00.594,296.423,296.21500000000003,1.7,0.22
25.08.2021 00:01:01.302,296.423,296.238,1.7,0.22
25.08.2021 00:01:02.160,296.423,296.22400000000005,1.7,0.22
25.08.2021 00:01:02.325,296.403,296.22400000000005,1.7,0.22
25.08.2021 00:01:02.375,296.403,296.209,1.7,0.1
25.08.2021 00:01:03.334,296.403,296.228,1.7,0.22
25.08.2021 00:01:04.346,296.403,296.23,1.7,0.22
25.08.2021 00:01:05.261,296.403,296.231,1.7,0.22
25.08.2021 00:01:06.286,296.403,296.232,1.7,0.22
25.08.2021 00:01:07.275,296.403,296.233,1.7,0.22
25.08.2021 00:01:08.286,296.403,296.22400000000005,1.7,0.22
25.08.2021 00:01:08.787,296.403,296.214,1.7,0.22
25.08.2021 00:01:09.297,296.403,296.22700000000003,1.7,0.22
25.08.2021 00:01:10.316,296.403,296.228,1.7,0.22
25.08.2021 00:01:11.334,296.403,296.22900000000004,1.7,0.22
25.08.2021 00:01:12.348,296.403,296.22700000000003,1.7,0.22
25.08.2021 00:01:13.361,296.403,296.23,1.7,0.22
25.08.2021 00:01:13.561,296.403,296.218,1.7,0.22
25.08.2021 00:01:14.267,296.403,296.233,1.7,0.22
25.08.2021 00:01:15.286,296.403,296.23,1.7,0.22
25.08.2021 00:01:16.318,296.403,296.232,1.7,0.22
25.08.2021 00:01:17.337,296.403,296.276,1.7,0.22
25.08.2021 00:01:18.353,296.403,296.23,1.7,0.22
25.08.2021 00:01:19.272,296.403,296.232,1.7,0.22
25.08.2021 00:01:20.287,296.403,296.27500000000003,1.7,0.22
25.08.2021 00:01:21.303,296.403,296.232,1.7,0.22
25.08.2021 00:01:22.330,296.403,296.23,1.7,0.22
25.08.2021 00:01:23.352,296.403,296.232,1.7,0.22
25.08.2021 00:01:24.285,296.403,296.274,1.7,0.22
25.08.2021 00:01:25.315,296.403,296.22900000000004,1.7,0.22
25.08.2021 00:01:26.343,296.403,296.231,1.7,0.22
25.08.2021 00:01:26.548,296.403,296.21700000000004,1.7,0.22
25.08.2021 00:01:27.267,296.403,296.216,1.7,0.22
25.08.2021 00:01:27.370,296.403,296.228,1.7,0.22
25.08.2021 00:01:27.845,296.403,296.202,1.7,0.22
25.08.2021 00:01:27.895,296.403,296.21500000000003,1.7,0.22
25.08.2021 00:01:27.996,296.403,296.214,1.7,0.22
25.08.2021 00:01:28.164,296.393,296.214,1.7,0.22
25.08.2021 00:01:28.214,296.393,296.203,1.7,0.22
25.08.2021 00:01:28.288,296.393,296.22400000000005,1.7,0.22
25.08.2021 00:01:28.389,296.393,296.208,1.7,0.22
25.08.2021 00:01:29.300,296.393,296.221,1.7,0.22
25.08.2021 00:01:31.352,296.393,296.226,1.7,0.22
25.08.2021 00:01:31.868,296.393,296.226,1.7,0.22
25.08.2021 00:01:31.969,296.393,296.199,1.7,0.22
25.08.2021 00:01:32.181,296.393,296.21500000000003,1.7,0.22
25.08.2021 00:01:32.398,296.393,296.22700000000003,1.7,0.22
25.08.2021 00:01:33.286,296.393,296.225,1.7,0.22
25.08.2021 00:01:34.347,296.393,296.225,1.7,0.22
25.08.2021 00:01:34.398,296.393,296.161,1.7,0.22
25.08.2021 00:01:34.499,296.393,296.199,1.7,0.22
25.08.2021 00:01:34.998,296.393,296.209,1.7,0.22
25.08.2021 00:01:35.303,296.393,296.22200000000004,1.7,0.22
25.08.2021 00:01:36.323,296.393,296.26,1.7,0.22
25.08.2021 00:01:37.349,296.393,296.22200000000004,1.7,0.22
25.08.2021 00:01:38.377,296.393,296.223,1.7,0.22
25.08.2021 00:01:39.294,296.393,296.221,1.7,0.22
25.08.2021 00:01:40.314,296.393,296.22200000000004,1.7,0.22
25.08.2021 00:01:42.137,296.393,296.20099999999996,1.7,0.22
25.08.2021 00:01:42.241,296.393,296.204,1.7,0.22
25.08.2021 00:01:43.366,296.393,296.218,1.7,0.22
25.08.2021 00:01:44.438,296.383,296.192,1.7,0.22
25.08.2021 00:01:44.489,296.383,296.21500000000003,1.7,0.22
25.08.2021 00:01:44.651,296.383,296.21500000000003,1.7,0.22
25.08.2021 00:01:44.701,296.383,296.189,1.7,0.22
25.08.2021 00:01:45.292,296.383,296.205,1.7,0.22
25.08.2021 00:01:46.309,296.383,296.207,1.7,0.22
25.08.2021 00:01:47.330,296.383,296.206,1.7,0.22
25.08.2021 00:01:48.346,296.383,296.205,1.7,0.22
25.08.2021 00:01:48.497,296.383,296.186,1.7,0.22
25.08.2021 00:01:48.547,296.373,296.186,1.7,0.22
25.08.2021 00:01:48.698,296.373,296.198,1.7,0.22
25.08.2021 00:01:48.993,296.373,296.175,1.7,0.22
25.08.2021 00:01:49.351,296.373,296.193,1.7,0.22
25.08.2021 00:01:49.656,296.373,296.18,1.7,0.22
25.08.2021 00:01:50.370,296.373,296.195,1.7,0.22
25.08.2021 00:01:51.387,296.373,296.197,1.7,0.22
25.08.2021 00:01:51.636,296.373,296.143,1.7,0.22
25.08.2021 00:01:51.737,296.383,296.146,1.7,0.22
25.08.2021 00:01:51.788,296.383,296.146,1.7,0.22
25.08.2021 00:01:51.939,296.383,296.199,1.7,0.22
25.08.2021 00:01:52.302,296.383,296.212,1.7,0.22
25.08.2021 00:01:53.325,296.383,296.254,1.7,0.22
25.08.2021 00:01:54.346,296.383,296.209,1.7,0.22
25.08.2021 00:01:55.371,296.383,296.212,1.7,0.22
25.08.2021 00:01:56.088,296.383,296.197,1.7,0.22
25.08.2021 00:01:56.393,296.383,296.211,1.7,0.22
25.08.2021 00:01:57.320,296.383,296.209,1.7,0.22
25.08.2021 00:01:59.382,296.383,296.211,1.7,0.22
25.08.2021 00:02:00.311,296.383,296.208,1.7,0.22
25.08.2021 00:02:01.327,296.383,296.209,1.7,0.22
25.08.2021 00:02:02.343,296.383,296.197,1.7,0.22
25.08.2021 00:02:03.362,296.383,296.20099999999996,1.7,0.22
25.08.2021 00:02:04.398,296.383,296.208,1.7,0.22
25.08.2021 00:02:05.301,296.383,296.207,1.7,0.22
25.08.2021 00:02:05.660,296.383,296.209,1.7,0.22
25.08.2021 00:02:06.655,296.383,296.17900000000003,1.7,0.1
25.08.2021 00:02:06.755,296.383,296.15500000000003,1.7,0.22
25.08.2021 00:02:06.843,296.383,296.199,1.7,0.22
25.08.2021 00:02:07.347,296.383,296.216,1.7,0.22
25.08.2021 00:02:08.365,296.383,296.218,1.7,0.22
25.08.2021 00:02:09.395,296.383,296.257,1.7,0.22
25.08.2021 00:02:09.799,296.383,296.19599999999997,1.7,0.22
25.08.2021 00:02:09.849,296.383,296.19599999999997,1.7,0.22
25.08.2021 00:02:10.399,296.383,296.21,1.7,0.22
25.08.2021 00:02:10.502,296.383,296.19599999999997,1.7,0.22
25.08.2021 00:02:11.317,296.383,296.212,1.7,0.22
25.08.2021 00:02:12.267,296.383,296.15500000000003,1.7,0.22
25.08.2021 00:02:12.368,296.383,296.225,1.7,0.22
25.08.2021 00:02:13.343,296.383,296.211,1.7,0.22
25.08.2021 00:02:14.368,296.383,296.212,1.7,0.22
25.08.2021 00:02:15.379,296.383,296.256,1.7,0.22
25.08.2021 00:02:16.406,296.383,296.21,1.7,0.22
25.08.2021 00:02:17.322,296.383,296.212,1.7,0.22
25.08.2021 00:02:17.528,296.383,296.2,1.7,0.22
25.08.2021 00:02:18.345,296.383,296.212,1.7,0.22
25.08.2021 00:02:18.793,296.383,296.2,1.7,0.22
25.08.2021 00:02:19.368,296.383,296.208,1.7,0.22
25.08.2021 00:02:20.382,296.383,296.211,1.7,0.22
25.08.2021 00:02:22.399,296.383,296.208,1.7,0.22
25.08.2021 00:02:23.312,296.383,296.20099999999996,1.7,0.22
25.08.2021 00:02:24.331,296.383,296.21,1.7,0.22
25.08.2021 00:02:25.350,296.383,296.209,1.7,0.22
25.08.2021 00:02:26.381,296.383,296.211,1.7,0.22
25.08.2021 00:02:27.399,296.383,296.208,1.7,0.22
25.08.2021 00:02:28.320,296.383,296.21,1.7,0.22
25.08.2021 00:02:29.346,296.383,296.209,1.7,0.22
25.08.2021 00:02:29.783,296.383,296.199,1.7,0.22
25.08.2021 00:02:29.960,296.383,296.198,1.7,0.22
25.08.2021 00:02:30.241,296.383,296.198,1.7,0.22
25.08.2021 00:02:30.362,296.383,296.21500000000003,1.7,0.22
25.08.2021 00:02:31.489,296.383,296.19599999999997,1.7,0.22
25.08.2021 00:02:31.591,296.383,296.199,1.7,0.22
25.08.2021 00:02:32.406,296.383,296.212,1.7,0.22
25.08.2021 00:02:35.368,296.383,296.211,1.7,0.22
25.08.2021 00:02:36.391,296.383,296.213,1.7,0.22
25.08.2021 00:02:37.416,296.383,296.212,1.7,0.22
25.08.2021 00:02:38.334,296.383,296.207,1.7,0.22
25.08.2021 00:02:39.353,296.383,296.213,1.7,0.22
25.08.2021 00:02:40.389,296.383,296.21500000000003,1.7,0.22
25.08.2021 00:02:41.421,296.383,296.212,1.7,0.22
25.08.2021 00:02:44.177,296.383,296.2,1.7,0.22
25.08.2021 00:02:44.383,296.383,296.199,1.7,0.22
25.08.2021 00:02:45.405,296.383,296.21500000000003,1.7,0.22
25.08.2021 00:02:46.426,296.383,296.216,1.7,0.22
25.08.2021 00:02:47.342,296.383,296.212,1.7,0.22
25.08.2021 00:02:48.369,296.383,296.21500000000003,1.7,0.22
25.08.2021 00:02:49.388,296.383,296.214,1.7,0.22
25.08.2021 00:02:51.332,296.383,296.216,1.7,0.22
25.08.2021 00:02:52.354,296.393,296.213,1.7,0.22
25.08.2021 00:02:54.397,296.393,296.21500000000003,1.7,0.22
25.08.2021 00:02:55.409,296.393,296.213,1.7,0.22
25.08.2021 00:02:58.368,296.393,296.21500000000003,1.7,0.22
25.08.2021 00:02:59.384,296.393,296.213,1.7,0.22
25.08.2021 00:03:00.398,296.393,296.21500000000003,1.7,0.22
25.08.2021 00:03:01.419,296.393,296.213,1.7,0.22
25.08.2021 00:03:02.336,296.393,296.209,1.7,0.22
25.08.2021 00:03:02.438,296.393,296.213,1.7,0.22
25.08.2021 00:03:03.356,296.393,296.21500000000003,1.7,0.22
25.08.2021 00:03:04.386,296.393,296.214,1.7,0.22
25.08.2021 00:03:05.400,296.393,296.213,1.7,0.22
25.08.2021 00:03:06.408,296.393,296.214,1.7,0.22
25.08.2021 00:03:07.447,296.393,296.216,1.7,0.22
25.08.2021 00:03:08.345,296.393,296.21700000000004,1.7,0.22
25.08.2021 00:03:09.366,296.393,296.255,1.7,0.22
25.08.2021 00:03:09.789,296.393,296.197,1.7,0.22
25.08.2021 00:03:09.840,296.393,296.197,1.7,0.22
25.08.2021 00:03:09.890,296.403,296.203,1.7,0.22
25.08.2021 00:03:09.996,296.403,296.205,1.7,0.22
25.08.2021 00:03:10.374,296.403,296.23,1.7,0.22
25.08.2021 00:03:11.416,296.403,296.176,1.7,0.22
25.08.2021 00:03:11.491,296.403,296.207,1.7,0.22
25.08.2021 00:03:11.612,296.403,296.21700000000004,1.7,0.22
25.08.2021 00:03:12.407,296.403,296.23900000000003,1.7,0.22
25.08.2021 00:03:12.753,296.403,296.22700000000003,1.7,0.22
25.08.2021 00:03:12.854,296.403,296.183,1.7,0.22
25.08.2021 00:03:12.954,296.423,296.187,1.7,0.22
25.08.2021 00:03:13.163,296.423,296.243,1.7,0.22
25.08.2021 00:03:13.419,296.423,296.187,1.7,0.22
25.08.2021 00:03:14.435,296.423,296.242,1.7,0.22
25.08.2021 00:03:15.345,296.423,296.244,1.7,0.22
25.08.2021 00:03:16.364,296.423,296.281,1.7,0.22
25.08.2021 00:03:17.381,296.423,296.241,1.7,0.22
25.08.2021 00:03:17.868,296.423,296.241,1.7,0.22
25.08.2021 00:03:18.392,296.423,296.242,1.7,0.22
25.08.2021 00:03:19.015,296.423,296.242,1.7,0.22
25.08.2021 00:03:19.409,296.423,296.244,1.7,0.22
25.08.2021 00:03:21.440,296.423,296.22700000000003,1.7,0.22
25.08.2021 00:03:21.542,296.423,296.228,1.7,0.22
25.08.2021 00:03:22.446,296.423,296.24,1.7,0.22
25.08.2021 00:03:23.356,296.423,296.283,1.7,0.22
25.08.2021 00:03:24.376,296.423,296.23900000000003,1.7,0.22
25.08.2021 00:03:25.401,296.423,296.241,1.7,0.22
25.08.2021 00:03:27.445,296.423,296.23900000000003,1.7,0.22
25.08.2021 00:03:29.386,296.423,296.28200000000004,1.7,0.22
25.08.2021 00:03:30.414,296.423,296.242,1.7,0.22
25.08.2021 00:03:31.436,296.423,296.28200000000004,1.7,0.22
25.08.2021 00:03:31.571,296.423,296.198,1.8,0.22
25.08.2021 00:03:31.635,296.423,296.23400000000004,1.9,0.22
25.08.2021 00:03:32.440,296.423,296.231,1.9,0.22
25.08.2021 00:03:33.360,296.423,296.23400000000004,1.9,0.22
25.08.2021 00:03:35.392,296.423,296.232,1.9,0.22
25.08.2021 00:03:36.406,296.423,296.27,1.9,0.22
25.08.2021 00:03:37.423,296.423,296.231,1.9,0.22
25.08.2021 00:03:38.447,296.423,296.232,1.9,0.22
25.08.2021 00:03:40.400,296.423,296.23,1.9,0.22
25.08.2021 00:03:41.425,296.423,296.232,1.9,0.22
25.08.2021 00:03:42.447,296.453,296.233,1.8,0.22
25.08.2021 00:03:43.379,296.453,296.23,1.8,0.22
25.08.2021 00:03:44.399,296.453,296.232,1.8,0.22
25.08.2021 00:03:45.419,296.453,296.233,1.8,0.22
25.08.2021 00:03:48.381,296.423,296.23,1.9,0.22
25.08.2021 00:03:50.433,296.423,296.232,1.9,0.22
25.08.2021 00:03:51.465,296.423,296.274,1.9,0.22
25.08.2021 00:03:52.391,296.423,296.23,1.9,0.22
25.08.2021 00:03:53.419,296.423,296.232,1.9,0.22
25.08.2021 00:03:54.442,296.423,296.268,1.9,0.22
25.08.2021 00:03:55.464,296.423,296.231,1.9,0.22
25.08.2021 00:03:55.796,296.423,296.219,1.7,0.22
25.08.2021 00:03:55.969,296.423,296.21700000000004,1.7,0.22
25.08.2021 00:03:56.167,296.423,296.213,1.9,0.22
25.08.2021 00:03:56.467,296.423,296.235,1.9,0.22
25.08.2021 00:03:57.385,296.423,296.236,1.9,0.22
25.08.2021 00:03:58.413,296.423,296.237,1.7,0.22
25.08.2021 00:03:59.157,296.423,296.237,1.7,0.22
25.08.2021 00:03:59.207,296.403,296.22,1.7,0.22
25.08.2021 00:03:59.417,296.403,296.205,1.7,0.22
25.08.2021 00:04:00.125,296.403,296.199,1.7,0.22
25.08.2021 00:04:00.225,296.403,296.17400000000004,1.7,0.22
25.08.2021 00:04:00.326,296.403,296.225,1.7,0.22
25.08.2021 00:04:00.427,296.403,296.26,1.7,0.22
25.08.2021 00:04:01.448,296.403,296.228,1.7,0.22
25.08.2021 00:04:02.514,296.403,296.231,1.7,0.22
25.08.2021 00:04:03.377,296.403,296.22700000000003,1.7,0.22
25.08.2021 00:04:03.915,296.403,296.21500000000003,1.7,0.22
25.08.2021 00:04:04.390,296.403,296.22400000000005,1.7,0.22
25.08.2021 00:04:05.419,296.403,296.221,1.7,0.22
25.08.2021 00:04:06.446,296.403,296.223,1.7,0.22
25.08.2021 00:04:07.373,296.403,296.22200000000004,1.7,0.22
25.08.2021 00:04:08.403,296.403,296.22400000000005,1.7,0.22
25.08.2021 00:04:09.433,296.403,296.221,1.7,0.22
25.08.2021 00:04:10.464,296.403,296.22200000000004,1.7,0.22
25.08.2021 00:04:12.948,296.403,296.197,1.7,0.22
25.08.2021 00:04:13.464,296.403,296.22700000000003,1.7,0.22
25.08.2021 00:04:13.564,296.403,296.205,1.7,0.22
25.08.2021 00:04:14.445,296.403,296.23,1.7,0.22
25.08.2021 00:04:15.469,296.403,296.228,1.7,0.22
25.08.2021 00:04:16.391,296.403,296.23,1.7,0.22
25.08.2021 00:04:17.405,296.403,296.267,1.7,0.22
25.08.2021 00:04:18.427,296.403,296.22900000000004,1.7,0.22
25.08.2021 00:04:18.770,296.403,296.195,1.7,0.1
25.08.2021 00:04:18.879,296.403,296.221,1.7,0.22
25.08.2021 00:04:18.980,296.403,296.17400000000004,1.7,0.1
25.08.2021 00:04:19.035,296.403,296.163,1.7,0.22
25.08.2021 00:04:30.129,296.393,296.17,1.7,0.22
25.08.2021 00:04:30.230,296.393,296.158,1.7,0.22
25.08.2021 00:04:30.304,296.393,296.187,1.7,0.22
25.08.2021 00:04:30.536,296.393,296.195,1.7,0.22
25.08.2021 00:04:31.400,296.393,296.202,1.7,0.22
25.08.2021 00:04:31.504,296.393,296.207,1.7,0.22
25.08.2021 00:04:32.426,296.393,296.206,1.7,0.22
25.08.2021 00:04:34.198,296.393,296.175,1.7,0.22
25.08.2021 00:04:34.460,296.393,296.202,1.7,0.22
25.08.2021 00:04:35.474,296.393,296.204,1.7,0.22
25.08.2021 00:04:36.399,296.393,296.242,1.7,0.22
25.08.2021 00:04:36.500,296.393,296.238,1.7,0.22
25.08.2021 00:04:37.421,296.393,296.202,1.7,0.22
25.08.2021 00:04:38.451,296.393,296.204,1.7,0.22
25.08.2021 00:04:39.476,296.393,296.202,1.7,0.22
25.08.2021 00:04:41.411,296.393,296.204,1.7,0.22
25.08.2021 00:04:42.431,296.393,296.203,1.7,0.22
25.08.2021 00:04:43.451,296.393,296.205,1.7,0.22
25.08.2021 00:04:44.469,296.393,296.206,1.7,0.22
25.08.2021 00:04:46.413,296.393,296.203,1.7,0.22
25.08.2021 00:04:47.432,296.393,296.205,1.7,0.22
25.08.2021 00:04:48.343,296.393,296.177,1.7,0.22
25.08.2021 00:04:48.494,296.441,296.204,2.3,0.22
25.08.2021 00:04:49.465,296.391,296.202,0.8,0.22
25.08.2021 00:04:50.486,296.431,296.205,1.8,0.22
25.08.2021 00:04:51.495,296.431,296.203,1.8,0.22
25.08.2021 00:04:51.704,296.373,296.203,1.7,0.22
25.08.2021 00:04:51.799,296.373,296.173,1.7,0.22
25.08.2021 00:04:52.004,296.373,296.184,1.7,0.22
25.08.2021 00:04:52.410,296.373,296.193,1.7,0.22
25.08.2021 00:04:52.716,296.373,296.181,1.7,0.22
25.08.2021 00:04:52.922,296.373,296.18,1.7,0.22
25.08.2021 00:04:53.429,296.373,296.194,1.7,0.22
25.08.2021 00:04:54.455,296.373,296.181,1.7,0.22
25.08.2021 00:04:55.471,296.373,296.194,1.7,0.22
25.08.2021 00:04:56.477,296.373,296.21500000000003,1.7,0.22
25.08.2021 00:04:57.398,296.373,296.166,1.7,0.22
25.08.2021 00:04:57.500,296.373,296.189,1.7,0.22
25.08.2021 00:04:58.411,296.373,296.19,1.7,0.22
25.08.2021 00:04:59.437,296.373,296.192,1.7,0.22
25.08.2021 00:05:00.464,296.373,296.193,1.7,0.22
25.08.2021 00:05:00.942,296.373,296.193,1.7,0.22
25.08.2021 00:05:00.992,296.373,296.172,1.7,0.22
25.08.2021 00:05:01.508,296.373,296.189,1.7,0.22
25.08.2021 00:05:01.883,296.363,296.171,1.7,0.22
25.08.2021 00:05:02.490,296.363,296.188,1.7,0.22
25.08.2021 00:05:03.411,296.363,296.19,1.7,0.22
25.08.2021 00:05:04.439,296.363,296.188,1.7,0.22
25.08.2021 00:05:05.480,296.363,296.231,1.7,0.22
25.08.2021 00:05:06.481,296.363,296.188,1.7,0.22
25.08.2021 00:05:07.515,296.363,296.189,1.7,0.22
25.08.2021 00:05:08.437,296.363,296.191,1.7,0.22
25.08.2021 00:05:13.450,296.363,296.188,1.7,0.22
25.08.2021 00:05:15.495,296.363,296.19,1.7,0.22
25.08.2021 00:05:16.392,296.363,296.19,1.7,0.22
25.08.2021 00:05:16.522,296.363,296.191,1.7,0.22
25.08.2021 00:05:17.435,296.363,296.188,1.7,0.22
25.08.2021 00:05:18.455,296.363,296.19,1.7,0.22
25.08.2021 00:05:19.476,296.363,296.191,1.7,0.22
25.08.2021 00:05:20.483,296.363,296.22700000000003,1.7,0.22
25.08.2021 00:05:21.508,296.363,296.19,1.7,0.22
25.08.2021 00:05:22.429,296.363,296.184,1.7,0.22
25.08.2021 00:05:22.529,296.363,296.188,1.7,0.22
25.08.2021 00:05:24.462,296.363,296.187,1.7,0.22
25.08.2021 00:05:25.483,296.363,296.188,1.7,0.22
25.08.2021 00:05:26.449,296.353,296.188,1.7,0.22
25.08.2021 00:05:26.558,296.353,296.154,1.7,0.22
25.08.2021 00:05:26.711,296.353,296.172,1.7,0.22
25.08.2021 00:05:26.872,296.353,296.172,1.7,0.22
25.08.2021 00:05:26.923,296.353,296.17,1.7,0.22
25.08.2021 00:05:27.023,296.353,296.213,1.7,0.22
25.08.2021 00:05:27.145,296.353,296.166,1.7,0.22
25.08.2021 00:05:27.506,296.353,296.168,1.7,0.22
25.08.2021 00:05:28.516,296.353,296.178,1.7,0.22
25.08.2021 00:05:29.433,296.353,296.176,1.7,0.22
25.08.2021 00:05:30.455,296.353,296.178,1.7,0.22
25.08.2021 00:05:31.470,296.353,296.17900000000003,1.7,0.22
25.08.2021 00:05:34.328,296.343,296.131,1.7,0.1
25.08.2021 00:05:34.429,296.343,296.12,1.7,0.22
25.08.2021 00:05:34.532,296.343,296.175,1.7,0.22
25.08.2021 00:05:35.442,296.343,296.168,1.7,0.22
25.08.2021 00:05:35.547,296.343,296.173,1.7,0.22
25.08.2021 00:05:36.470,296.343,296.175,1.7,0.22
25.08.2021 00:05:37.487,296.343,296.171,1.7,0.22
25.08.2021 00:05:38.503,296.343,296.173,1.7,0.22
25.08.2021 00:05:39.527,296.343,296.21500000000003,1.7,0.22
25.08.2021 00:05:40.452,296.343,296.171,1.7,0.22
25.08.2021 00:05:41.174,296.343,296.16200000000003,1.7,0.22
25.08.2021 00:05:41.456,296.343,296.16900000000004,1.7,0.22
25.08.2021 00:05:42.472,296.343,296.173,1.7,0.22
25.08.2021 00:05:44.518,296.343,296.17400000000004,1.7,0.22
25.08.2021 00:05:45.531,296.343,296.172,1.7,0.22
25.08.2021 00:05:46.453,296.343,296.181,1.7,0.22
25.08.2021 00:05:46.552,296.343,296.163,1.7,0.22
25.08.2021 00:05:47.477,296.343,296.172,1.7,0.22
25.08.2021 00:05:48.501,296.343,296.17400000000004,1.7,0.22
25.08.2021 00:05:50.611,296.343,296.118,1.7,0.22
25.08.2021 00:05:50.662,296.343,296.15000000000003,1.7,0.22
25.08.2021 00:05:50.763,296.343,296.139,1.7,0.22
25.08.2021 00:05:50.883,296.343,296.153,1.7,0.22
25.08.2021 00:05:51.469,296.343,296.16,1.7,0.22
25.08.2021 00:05:52.486,296.343,296.165,1.7,0.22
25.08.2021 00:05:53.516,296.343,296.16400000000004,1.7,0.22
25.08.2021 00:05:54.546,296.343,296.166,1.7,0.22
25.08.2021 00:05:54.648,296.343,296.152,1.7,0.22
25.08.2021 00:05:54.753,296.343,296.152,1.7,0.22
25.08.2021 00:05:54.854,296.343,296.153,1.7,0.22
25.08.2021 00:05:55.263,296.343,296.153,1.7,0.22
25.08.2021 00:05:55.468,296.343,296.16900000000004,1.7,0.22
25.08.2021 00:05:56.489,296.343,296.16700000000003,1.7,0.22
25.08.2021 00:05:57.519,296.343,296.14,1.7,0.22
25.08.2021 00:05:58.545,296.343,296.15700000000004,1.7,0.22
25.08.2021 00:05:59.461,296.343,296.166,1.7,0.22
25.08.2021 00:06:00.288,296.343,296.154,1.7,0.22
25.08.2021 00:06:00.471,296.343,296.165,1.7,0.22
25.08.2021 00:06:01.487,296.343,296.16400000000004,1.7,0.22
25.08.2021 00:06:02.958,296.333,296.11,1.7,0.22
25.08.2021 00:06:03.233,296.333,296.16400000000004,1.7,0.22
25.08.2021 00:06:03.315,296.333,296.133,1.7,0.1
25.08.2021 00:06:03.416,296.333,296.145,1.7,0.22
25.08.2021 00:06:03.755,296.333,296.171,1.7,0.22
25.08.2021 00:06:04.334,296.353,296.158,1.7,0.22
25.08.2021 00:06:04.536,296.353,296.172,1.7,0.22
25.08.2021 00:06:05.550,296.353,296.173,1.7,0.22
25.08.2021 00:06:06.194,296.353,296.158,1.7,0.22
25.08.2021 00:06:06.251,296.353,296.158,1.7,0.22
25.08.2021 00:06:06.361,296.353,296.154,1.7,0.22
25.08.2021 00:06:06.562,296.353,296.163,1.7,0.22
25.08.2021 00:06:07.230,296.343,296.111,1.7,0.22
25.08.2021 00:06:07.281,296.343,296.173,1.7,0.22
25.08.2021 00:06:07.382,296.343,296.152,1.7,0.22
25.08.2021 00:06:07.576,296.343,296.166,1.7,0.22
25.08.2021 00:06:08.499,296.343,296.16400000000004,1.7,0.22
25.08.2021 00:06:09.533,296.343,296.166,1.7,0.22
25.08.2021 00:06:10.564,296.343,296.165,1.7,0.22
25.08.2021 00:06:11.581,296.343,296.10900000000004,1.7,0.22
25.08.2021 00:06:12.506,296.343,296.16700000000003,1.7,0.22
25.08.2021 00:06:13.532,296.343,296.168,1.7,0.22
25.08.2021 00:06:16.589,296.343,296.16400000000004,1.7,0.22
25.08.2021 00:06:17.507,296.343,296.166,1.7,0.22
25.08.2021 00:06:18.533,296.343,296.16700000000003,1.7,0.22
25.08.2021 00:06:19.553,296.343,296.16400000000004,1.7,0.22
25.08.2021 00:06:20.011,296.343,296.112,1.7,0.22
25.08.2021 00:06:20.111,296.343,296.158,1.7,0.22
25.08.2021 00:06:20.571,296.343,296.177,1.7,0.22
25.08.2021 00:06:20.793,296.343,296.122,1.7,0.22
25.08.2021 00:06:21.585,296.343,296.193,1.7,0.22
25.08.2021 00:06:21.789,296.353,296.148,1.7,0.22
25.08.2021 00:06:22.047,296.353,296.165,1.7,0.22
25.08.2021 00:06:22.333,296.353,296.165,1.7,0.22
25.08.2021 00:06:22.433,296.353,296.183,1.7,0.22
25.08.2021 00:06:22.491,296.353,296.175,1.7,0.22
25.08.2021 00:06:22.621,296.353,296.193,1.7,0.22
25.08.2021 00:06:23.499,296.353,296.173,1.7,0.22
25.08.2021 00:06:23.600,296.353,296.19,1.7,0.22
25.08.2021 00:06:25.538,296.353,296.185,1.7,0.22
25.08.2021 00:06:26.055,296.353,296.173,1.7,0.22
25.08.2021 00:06:26.562,296.353,296.185,1.7,0.22
25.08.2021 00:06:27.588,296.353,296.186,1.7,0.22
25.08.2021 00:06:28.506,296.353,296.188,1.7,0.22
25.08.2021 00:06:29.539,296.353,296.187,1.7,0.22
25.08.2021 00:06:30.561,296.353,296.185,1.7,0.22
25.08.2021 00:06:31.576,296.353,296.184,1.7,0.22
25.08.2021 00:06:32.597,296.353,296.186,1.7,0.22
25.08.2021 00:06:33.515,296.353,296.188,1.7,0.22
25.08.2021 00:06:36.598,296.353,296.186,1.7,0.22
25.08.2021 00:06:38.231,296.353,296.16900000000004,1.7,0.22
25.08.2021 00:06:38.332,296.353,296.176,1.7,0.22
25.08.2021 00:06:38.531,296.353,296.189,1.7,0.22
25.08.2021 00:06:39.547,296.353,296.19,1.7,0.22
25.08.2021 00:06:40.167,296.353,296.17900000000003,1.7,0.22
25.08.2021 00:06:40.589,296.373,296.163,1.7,0.22
25.08.2021 00:06:40.689,296.373,296.181,1.7,0.22
25.08.2021 00:06:41.538,296.373,296.181,1.7,0.22
25.08.2021 00:06:41.588,296.373,296.195,1.7,0.22
25.08.2021 00:06:42.610,296.373,296.194,1.7,0.22
25.08.2021 00:06:43.530,296.373,296.193,1.7,0.22
25.08.2021 00:06:45.599,296.373,296.194,1.7,0.22
25.08.2021 00:06:46.607,296.373,296.193,1.7,0.22
25.08.2021 00:06:47.222,296.373,296.181,1.7,0.22
25.08.2021 00:06:47.527,296.373,296.194,1.7,0.22
25.08.2021 00:06:48.565,296.373,296.19599999999997,1.7,0.22
25.08.2021 00:06:49.590,296.373,296.195,1.7,0.22
25.08.2021 00:06:51.542,296.373,296.197,1.7,0.22
25.08.2021 00:06:52.559,296.373,296.194,1.7,0.22
25.08.2021 00:06:53.572,296.373,296.19599999999997,1.7,0.22
25.08.2021 00:06:54.589,296.373,296.139,1.7,0.22
25.08.2021 00:06:55.393,296.373,296.139,1.7,0.22
25.08.2021 00:06:55.607,296.373,296.194,1.7,0.22
25.08.2021 00:06:56.530,296.373,296.19599999999997,1.7,0.22
25.08.2021 00:07:03.035,296.373,296.19599999999997,1.7,0.22
25.08.2021 00:07:04.589,296.373,296.195,1.7,0.22
25.08.2021 00:07:05.612,296.373,296.197,1.7,0.22
25.08.2021 00:07:06.269,296.373,296.197,1.7,0.22
25.08.2021 00:07:07.545,296.373,296.195,1.7,0.22
25.08.2021 00:07:08.563,296.373,296.197,1.7,0.22
25.08.2021 00:07:09.586,296.373,296.198,1.7,0.22
25.08.2021 00:07:10.598,296.373,296.18,1.7,0.22
25.08.2021 00:07:11.611,296.373,296.194,1.7,0.22
25.08.2021 00:07:12.530,296.373,296.19599999999997,1.7,0.22
25.08.2021 00:07:13.553,296.373,296.197,1.7,0.22
25.08.2021 00:07:14.588,296.373,296.198,1.7,0.22
25.08.2021 00:07:15.530,296.373,296.183,1.7,0.22
25.08.2021 00:07:15.611,296.373,296.197,1.7,0.22
25.08.2021 00:07:15.713,296.373,296.184,1.7,0.22
25.08.2021 00:07:16.626,296.373,296.199,1.7,0.22
25.08.2021 00:07:16.893,296.373,296.199,1.7,0.22
25.08.2021 00:07:17.540,296.373,296.197,1.7,0.22
25.08.2021 00:07:18.564,296.373,296.19599999999997,1.7,0.22
25.08.2021 00:07:19.580,296.373,296.198,1.7,0.22
25.08.2021 00:07:21.625,296.373,296.195,1.7,0.22
25.08.2021 00:07:22.588,296.373,296.197,1.7,0.22
25.08.2021 00:07:24.556,296.373,296.199,1.7,0.22
25.08.2021 00:07:28.635,296.373,296.197,1.7,0.22
25.08.2021 00:07:29.565,296.373,296.199,1.7,0.22
25.08.2021 00:07:30.171,296.373,296.186,1.7,0.22
25.08.2021 00:07:30.594,296.373,296.198,1.7,0.22
25.08.2021 00:07:32.609,296.373,296.197,1.7,0.22
25.08.2021 00:07:33.539,296.373,296.199,1.7,0.22
25.08.2021 00:07:34.494,296.373,296.173,1.7,0.22
25.08.2021 00:07:34.597,296.373,296.20099999999996,1.7,0.22
25.08.2021 00:07:35.598,296.373,296.204,1.7,0.22
25.08.2021 00:07:36.368,296.383,296.194,1.7,0.22
25.08.2021 00:07:36.419,296.383,296.194,1.7,0.22
25.08.2021 00:07:36.522,296.383,296.19599999999997,1.7,0.22
25.08.2021 00:07:36.635,296.383,296.208,1.7,0.22
25.08.2021 00:07:37.735,296.383,296.206,1.7,0.22
25.08.2021 00:07:38.555,296.383,296.205,1.7,0.22
25.08.2021 00:07:39.571,296.383,296.207,1.7,0.22
25.08.2021 00:07:40.589,296.383,296.248,1.7,0.22
25.08.2021 00:07:41.614,296.383,296.205,1.7,0.22
25.08.2021 00:07:42.636,296.383,296.206,1.7,0.22
25.08.2021 00:07:43.558,296.383,296.208,1.7,0.22
25.08.2021 00:07:44.572,296.383,296.206,1.7,0.22
25.08.2021 00:07:45.598,296.383,296.208,1.7,0.22
25.08.2021 00:07:46.626,296.383,296.206,1.7,0.22
25.08.2021 00:07:47.650,296.383,296.208,1.7,0.22
25.08.2021 00:07:48.324,296.383,296.208,1.7,0.22
25.08.2021 00:07:48.568,296.383,296.21,1.7,0.22
25.08.2021 00:07:49.588,296.383,296.206,1.7,0.22
25.08.2021 00:07:50.611,296.383,296.205,1.7,0.22
25.08.2021 00:07:51.021,296.383,296.181,1.7,0.22
25.08.2021 00:07:51.492,296.373,296.181,1.7,0.22
25.08.2021 00:07:51.593,296.373,296.187,1.7,0.22
25.08.2021 00:07:51.643,296.373,296.171,1.7,0.22
25.08.2021 00:07:51.744,296.373,296.17900000000003,1.7,0.22
25.08.2021 00:07:52.636,296.373,296.189,1.7,0.22
25.08.2021 00:07:53.679,296.373,296.188,1.7,0.22
25.08.2021 00:07:54.374,296.373,296.15900000000005,1.7,0.22
25.08.2021 00:07:54.571,296.373,296.187,1.7,0.22
25.08.2021 00:07:55.587,296.373,296.186,1.7,0.22
25.08.2021 00:07:56.603,296.373,296.188,1.7,0.22
25.08.2021 00:07:57.447,296.373,296.175,1.7,0.22
25.08.2021 00:07:57.554,296.373,296.175,1.7,0.22
25.08.2021 00:07:58.069,296.373,296.19,1.7,0.22
25.08.2021 00:07:58.170,296.373,296.189,1.7,0.22
25.08.2021 00:07:58.270,296.383,296.078,1.7,2
25.08.2021 00:07:58.371,296.383,296.181,1.7,0.22
25.08.2021 00:07:58.528,296.383,296.204,1.7,0.22
25.08.2021 00:07:59.641,296.383,296.214,1.7,0.22
25.08.2021 00:08:00.655,296.383,296.21500000000003,1.7,0.22
25.08.2021 00:08:01.570,296.383,296.211,1.7,0.22
25.08.2021 00:08:02.615,296.383,296.21,1.7,0.22
25.08.2021 00:08:04.661,296.383,296.208,1.7,0.22
25.08.2021 00:08:05.593,296.383,296.21500000000003,1.7,0.22
25.08.2021 00:08:08.194,296.403,296.168,1.7,0.1
25.08.2021 00:08:08.295,296.413,296.108,1.7,2
25.08.2021 00:08:08.395,296.413,296.20099999999996,1.7,0.22
25.08.2021 00:08:08.496,296.413,296.22200000000004,1.7,0.22
25.08.2021 00:08:08.657,296.413,296.235,1.7,0.22
25.08.2021 00:08:09.667,296.413,296.236,1.7,0.22
25.08.2021 00:08:10.593,296.413,296.279,1.7,0.22
25.08.2021 00:08:11.612,296.413,296.237,1.7,0.22
25.08.2021 00:08:12.519,296.413,296.221,1.7,0.22
25.08.2021 00:08:12.618,296.413,296.23400000000004,1.7,0.22
25.08.2021 00:08:13.055,296.413,296.219,1.7,0.22
25.08.2021 00:08:13.235,296.413,296.223,1.7,0.22
25.08.2021 00:08:13.634,296.413,296.21700000000004,1.7,0.22
25.08.2021 00:08:14.646,296.413,296.232,1.7,0.22
25.08.2021 00:08:15.710,296.413,296.233,1.7,0.22
25.08.2021 00:08:16.625,296.413,296.22,1.7,0.22
25.08.2021 00:08:17.606,296.413,296.233,1.7,0.22
25.08.2021 00:08:18.622,296.413,296.235,1.7,0.22
25.08.2021 00:08:19.652,296.413,296.232,1.7,0.22
25.08.2021 00:08:20.462,296.413,296.22200000000004,1.7,0.22
25.08.2021 00:08:20.666,296.413,296.23400000000004,1.7,0.22
25.08.2021 00:08:20.988,296.413,296.209,1.7,0.22
25.08.2021 00:08:21.395,296.413,296.216,1.7,0.22
25.08.2021 00:08:21.584,296.413,296.233,1.7,0.22
25.08.2021 00:08:22.607,296.413,296.232,1.7,0.22
25.08.2021 00:08:24.678,296.413,296.231,1.7,0.22
25.08.2021 00:08:25.710,296.413,296.233,1.7,0.22
25.08.2021 00:08:27.000,296.413,296.221,1.7,0.22
25.08.2021 00:08:27.616,296.413,296.232,1.7,0.22
25.08.2021 00:08:28.056,296.413,296.232,1.7,0.22
25.08.2021 00:08:28.157,296.413,296.22,1.7,0.22
25.08.2021 00:08:28.627,296.413,296.22700000000003,1.7,0.22
25.08.2021 00:08:29.638,296.413,296.228,1.7,0.22
25.08.2021 00:08:32.584,296.413,296.231,1.7,0.22
25.08.2021 00:08:33.596,296.413,296.18,1.7,0.22
25.08.2021 00:08:34.612,296.413,296.246,1.7,0.22
25.08.2021 00:08:35.619,296.413,296.235,1.7,0.22
25.08.2021 00:08:36.637,296.413,296.23400000000004,1.7,0.22
25.08.2021 00:08:37.667,296.413,296.23,1.7,0.22
25.08.2021 00:08:38.589,296.413,296.232,1.7,0.22
25.08.2021 00:08:39.620,296.413,296.23,1.7,0.22
25.08.2021 00:08:40.640,296.413,296.232,1.7,0.22
25.08.2021 00:08:41.140,296.413,296.21700000000004,1.7,0.22
25.08.2021 00:08:41.656,296.413,296.22900000000004,1.7,0.22
25.08.2021 00:08:42.676,296.413,296.22700000000003,1.7,0.22
25.08.2021 00:08:43.599,296.413,296.22900000000004,1.7,0.22
25.08.2021 00:08:44.625,296.413,296.22700000000003,1.7,0.22
25.08.2021 00:08:45.651,296.413,296.228,1.7,0.22
25.08.2021 00:08:46.675,296.413,296.21700000000004,1.7,0.22
25.08.2021 00:08:47.593,296.413,296.228,1.7,0.22
25.08.2021 00:08:48.307,296.413,296.218,1.7,0.22
25.08.2021 00:08:48.609,296.413,296.23,1.7,0.22
25.08.2021 00:08:49.395,296.413,296.23,1.7,0.22
25.08.2021 00:08:49.625,296.413,296.209,1.7,0.22
25.08.2021 00:08:50.638,296.413,296.23,1.7,0.22
25.08.2021 00:08:51.652,296.413,296.232,1.7,0.22
25.08.2021 00:08:52.678,296.413,296.22900000000004,1.7,0.22
25.08.2021 00:08:54.622,296.413,296.231,1.7,0.22
25.08.2021 00:08:55.648,296.413,296.266,1.7,0.22
25.08.2021 00:08:56.669,296.413,296.231,1.7,0.22
25.08.2021 00:08:57.684,296.413,296.22900000000004,1.7,0.22
25.08.2021 00:08:58.599,296.413,296.22700000000003,1.7,0.22
25.08.2021 00:08:58.700,296.413,296.231,1.7,0.22
25.08.2021 00:08:59.622,296.413,296.232,1.7,0.22
25.08.2021 00:09:00.658,296.413,296.22900000000004,1.7,0.22
25.08.2021 00:09:01.684,296.413,296.231,1.7,0.22
25.08.2021 00:09:02.607,296.413,296.232,1.7,0.22
25.08.2021 00:09:03.548,296.413,296.232,1.7,0.22
25.08.2021 00:09:03.629,296.413,296.22900000000004,1.7,0.22
25.08.2021 00:09:04.648,296.413,296.232,1.7,0.22
25.08.2021 00:09:05.711,296.413,296.231,1.7,0.22
25.08.2021 00:09:06.503,296.413,296.21700000000004,1.7,0.22
25.08.2021 00:09:06.606,296.413,296.231,1.7,0.22
25.08.2021 00:09:08.353,296.413,296.208,1.7,0.22
25.08.2021 00:09:08.693,296.413,296.22900000000004,1.7,0.22
25.08.2021 00:09:09.677,296.413,296.228,1.7,0.22
25.08.2021 00:09:10.700,296.413,296.23,1.7,0.22
25.08.2021 00:09:12.640,296.413,296.228,1.7,0.22
25.08.2021 00:09:14.687,296.413,296.22700000000003,1.7,0.22
25.08.2021 00:09:15.710,296.413,296.23,1.7,0.22
25.08.2021 00:09:16.510,296.413,296.219,1.7,0.22
25.08.2021 00:09:16.715,296.413,296.232,1.7,0.22
25.08.2021 00:09:17.645,296.413,296.195,1.7,0.22
25.08.2021 00:09:17.729,296.413,296.17900000000003,1.7,0.22
25.08.2021 00:09:19.474,296.413,296.228,1.7,0.22
25.08.2021 00:09:20.702,296.413,296.22900000000004,1.7,0.22
25.08.2021 00:09:23.661,296.413,296.23,1.7,0.22
25.08.2021 00:09:24.686,296.413,296.232,1.7,0.22
25.08.2021 00:09:25.297,296.413,296.209,1.7,0.22
25.08.2021 00:09:25.710,296.413,296.231,1.7,0.22
25.08.2021 00:09:26.626,296.413,296.271,1.7,0.22
25.08.2021 00:09:27.640,296.413,296.22900000000004,1.7,0.22
25.08.2021 00:09:28.289,296.413,296.22,1.7,0.22
25.08.2021 00:09:28.654,296.413,296.233,1.7,0.22
25.08.2021 00:09:29.665,296.413,296.232,1.7,0.22
25.08.2021 00:09:30.684,296.413,296.23400000000004,1.7,0.22
25.08.2021 00:09:31.702,296.413,296.233,1.7,0.22
25.08.2021 00:09:32.623,296.454,296.235,1.7,0.22
25.08.2021 00:09:36.692,296.454,296.231,1.8,0.22
25.08.2021 00:09:37.708,296.454,296.235,1.8,0.22
25.08.2021 00:09:38.722,296.454,296.268,1.8,0.22
25.08.2021 00:09:39.642,296.454,296.236,1.8,0.22
25.08.2021 00:09:40.659,296.454,296.232,1.8,0.22
25.08.2021 00:09:40.781,296.454,296.207,1.8,0.22
25.08.2021 00:09:41.674,296.454,296.232,1.8,0.22
25.08.2021 00:09:42.701,296.454,296.272,1.8,0.22
25.08.2021 00:09:43.717,296.454,296.23,1.8,0.22
25.08.2021 00:09:44.635,296.454,296.228,1.8,0.22
25.08.2021 00:09:44.737,296.454,296.22900000000004,1.8,0.22
25.08.2021 00:09:45.655,296.454,296.231,1.8,0.22
25.08.2021 00:09:46.674,296.413,296.266,1.7,0.22
25.08.2021 00:09:47.689,296.413,296.22900000000004,1.7,0.22
25.08.2021 00:09:48.701,296.413,296.231,1.7,0.22
25.08.2021 00:09:49.742,296.413,296.177,1.7,0.22
25.08.2021 00:09:50.738,296.413,296.232,1.7,0.22
25.08.2021 00:09:51.690,296.413,296.182,1.7,0.22
25.08.2021 00:09:51.747,296.413,296.23400000000004,1.7,0.22
25.08.2021 00:09:52.356,296.413,296.206,1.7,0.22
25.08.2021 00:09:52.665,296.413,296.212,1.7,0.22
25.08.2021 00:09:52.865,296.413,296.249,1.7,0.22
25.08.2021 00:09:53.721,296.413,296.237,1.7,0.22
25.08.2021 00:09:54.687,296.413,296.235,1.7,0.22
25.08.2021 00:09:55.719,296.413,296.273,1.7,0.22
25.08.2021 00:09:56.734,296.413,296.23,1.7,0.22
25.08.2021 00:09:57.654,296.413,296.232,1.7,0.22
25.08.2021 00:09:58.259,296.413,296.18,1.7,0.22
25.08.2021 00:09:58.456,296.413,296.225,1.7,0.22
25.08.2021 00:09:58.663,296.413,296.223,1.7,0.22
25.08.2021 00:09:59.684,296.413,296.23,1.7,0.22
25.08.2021 00:10:01.723,296.413,296.232,1.7,0.22
25.08.2021 00:10:02.733,296.413,296.23,1.7,0.22
25.08.2021 00:10:03.699,296.413,296.21500000000003,1.7,0.22
25.08.2021 00:10:04.632,296.403,296.178,1.7,0.22
25.08.2021 00:10:04.682,296.403,296.212,1.7,0.22
25.08.2021 00:10:05.062,296.403,296.212,1.7,0.22
25.08.2021 00:10:05.171,296.403,296.171,1.7,0.22
25.08.2021 00:10:05.272,296.403,296.22200000000004,1.7,0.22
25.08.2021 00:10:05.373,296.403,296.20099999999996,1.7,0.22
25.08.2021 00:10:05.711,296.403,296.226,1.7,0.22
25.08.2021 00:10:05.911,296.403,296.226,1.7,0.22
25.08.2021 00:10:06.177,296.403,296.213,1.7,0.22
25.08.2021 00:10:06.693,296.403,296.225,1.7,0.22
25.08.2021 00:10:07.855,296.403,296.225,1.7,0.22
25.08.2021 00:10:08.264,296.403,296.178,1.7,0.22
25.08.2021 00:10:08.365,296.403,296.22200000000004,1.7,0.22
25.08.2021 00:10:08.425,296.403,296.182,1.7,0.22
25.08.2021 00:10:08.723,296.403,296.232,1.7,0.22
25.08.2021 00:10:09.738,296.403,296.23400000000004,1.7,0.22
25.08.2021 00:10:10.749,296.403,296.232,1.7,0.22
25.08.2021 00:10:11.479,296.403,296.219,1.7,0.22
25.08.2021 00:10:11.530,296.403,296.219,1.7,0.22
25.08.2021 00:10:11.667,296.403,296.23,1.7,0.22
25.08.2021 00:10:12.679,296.403,296.22700000000003,1.7,0.22
25.08.2021 00:10:14.132,296.403,296.22700000000003,1.7,0.22
25.08.2021 00:10:14.209,296.403,296.181,1.7,0.22
25.08.2021 00:10:14.529,296.403,296.207,1.7,0.22
25.08.2021 00:10:14.708,296.403,296.23400000000004,1.7,0.22
25.08.2021 00:10:15.729,296.403,296.233,1.7,0.22
25.08.2021 00:10:17.653,296.403,296.235,1.7,0.22
25.08.2021 00:10:18.469,296.403,296.181,1.7,0.22
25.08.2021 00:10:18.673,296.403,296.23,1.7,0.22
25.08.2021 00:10:19.694,296.403,296.232,1.7,0.22
25.08.2021 00:10:20.715,296.403,296.231,1.7,0.22
25.08.2021 00:10:21.737,296.403,296.233,1.7,0.22
25.08.2021 00:10:22.658,296.403,296.27500000000003,1.7,0.22
25.08.2021 00:10:23.678,296.403,296.231,1.7,0.22
25.08.2021 00:10:24.693,296.403,296.233,1.7,0.22
25.08.2021 00:10:25.740,296.403,296.216,1.7,0.22
25.08.2021 00:10:26.744,296.403,296.23,1.7,0.22
25.08.2021 00:10:27.654,296.403,296.22,1.7,0.22
25.08.2021 00:10:27.758,296.403,296.237,1.7,0.22
25.08.2021 00:10:28.671,296.403,296.233,1.7,0.22
25.08.2021 00:10:31.722,296.403,296.23400000000004,1.7,0.22
25.08.2021 00:10:32.741,296.403,296.233,1.7,0.22
25.08.2021 00:10:33.166,296.403,296.182,1.7,0.22
25.08.2021 00:10:33.352,296.403,296.218,1.7,0.22
25.08.2021 00:10:33.754,296.403,296.235,1.7,0.22
25.08.2021 00:10:34.665,296.403,296.238,1.7,0.22
25.08.2021 00:10:35.710,296.403,296.272,1.7,0.22
25.08.2021 00:10:36.718,296.403,296.237,1.7,0.22
25.08.2021 00:10:38.767,296.403,296.235,1.7,0.22
25.08.2021 00:10:39.681,296.403,296.236,1.7,0.22
25.08.2021 00:10:40.699,296.403,296.238,1.7,0.22
25.08.2021 00:10:41.615,296.403,296.22400000000005,1.7,0.22
25.08.2021 00:10:41.715,296.403,296.236,1.7,0.22
25.08.2021 00:10:42.734,296.403,296.23400000000004,1.7,0.22
25.08.2021 00:10:43.751,296.403,296.235,1.7,0.22
25.08.2021 00:10:44.769,296.403,296.237,1.7,0.22
25.08.2021 00:10:46.703,296.403,296.235,1.7,0.22
25.08.2021 00:10:47.722,296.403,296.237,1.7,0.22
25.08.2021 00:10:48.741,296.403,296.238,1.7,0.22
25.08.2021 00:10:50.699,296.403,296.235,1.7,0.22
25.08.2021 00:10:52.751,296.403,296.237,1.7,0.22
25.08.2021 00:10:53.776,296.403,296.278,1.7,0.22
25.08.2021 00:10:54.524,296.403,296.212,1.7,0.22
25.08.2021 00:10:54.723,296.403,296.22700000000003,1.7,0.22
25.08.2021 00:10:55.723,296.403,296.233,1.7,0.22
25.08.2021 00:10:56.771,296.403,296.235,1.7,0.22
25.08.2021 00:10:57.681,296.403,296.22900000000004,1.7,0.22
25.08.2021 00:10:57.785,296.403,296.233,1.7,0.22
25.08.2021 00:10:58.699,296.403,296.235,1.7,0.22
25.08.2021 00:10:59.725,296.403,296.232,1.7,0.22
25.08.2021 00:11:00.754,296.403,296.23400000000004,1.7,0.22
25.08.2021 00:11:01.773,296.403,296.231,1.7,0.22
25.08.2021 00:11:02.688,296.403,296.23400000000004,1.7,0.22
25.08.2021 00:11:03.096,296.403,296.22200000000004,1.7,0.22
25.08.2021 00:11:03.711,296.403,296.235,1.7,0.22
25.08.2021 00:11:05.758,296.413,296.233,1.7,0.22
25.08.2021 00:11:06.784,296.413,296.235,1.7,0.22
25.08.2021 00:11:07.702,296.413,296.277,1.7,0.22
25.08.2021 00:11:08.727,296.413,296.23400000000004,1.7,0.22
25.08.2021 00:11:09.762,296.413,296.236,1.7,0.22
25.08.2021 00:11:10.692,296.413,296.233,1.7,0.22
25.08.2021 00:11:11.730,296.413,296.236,1.7,0.22
25.08.2021 00:11:12.731,296.413,296.235,1.7,0.22
25.08.2021 00:11:13.672,296.413,296.181,1.7,0.22
25.08.2021 00:11:13.781,296.413,296.249,1.7,0.22
25.08.2021 00:11:14.697,296.413,296.182,1.7,0.22
25.08.2021 00:11:14.798,296.413,296.21500000000003,1.7,0.22
25.08.2021 00:11:14.940,296.413,296.23400000000004,1.7,0.22
25.08.2021 00:11:15.710,296.413,296.22900000000004,1.7,0.22
25.08.2021 00:11:15.801,296.413,296.23400000000004,1.7,0.22
25.08.2021 00:11:17.026,296.413,296.225,1.7,0.22
25.08.2021 00:11:17.737,296.413,296.238,1.7,0.22
25.08.2021 00:11:18.473,296.413,296.206,1.7,0.22
25.08.2021 00:11:18.775,296.413,296.235,1.7,0.22
25.08.2021 00:11:20.699,296.413,296.237,1.7,0.22
25.08.2021 00:11:21.725,296.413,296.236,1.7,0.22
25.08.2021 00:11:22.747,296.413,296.237,1.7,0.22
25.08.2021 00:11:23.459,296.413,296.21,1.7,0.22
25.08.2021 00:11:23.767,296.413,296.23400000000004,1.7,0.22
25.08.2021 00:11:24.069,296.413,296.22200000000004,1.7,0.22
25.08.2021 00:11:24.777,296.413,296.23400000000004,1.7,0.22
25.08.2021 00:11:25.799,296.413,296.235,1.7,0.22
25.08.2021 00:11:28.760,296.413,296.21500000000003,1.7,0.22
25.08.2021 00:11:29.778,296.413,296.235,1.7,0.22
25.08.2021 00:11:30.746,296.413,296.23,1.7,0.22
25.08.2021 00:11:30.847,296.413,296.235,1.7,0.22
25.08.2021 00:11:31.722,296.413,296.236,1.7,0.22
25.08.2021 00:11:32.749,296.413,296.238,1.7,0.22
25.08.2021 00:11:33.773,296.413,296.23900000000003,1.7,0.22
25.08.2021 00:11:36.748,296.413,296.237,1.7,0.22
25.08.2021 00:11:37.770,296.413,296.23900000000003,1.7,0.22
25.08.2021 00:11:38.834,296.413,296.236,1.7,0.22
25.08.2021 00:11:42.774,296.413,296.238,1.7,0.22
25.08.2021 00:11:43.487,296.413,296.216,1.7,0.22
25.08.2021 00:11:43.791,296.413,296.24,1.7,0.22
25.08.2021 00:11:44.079,296.413,296.24,1.7,0.22
25.08.2021 00:11:44.199,296.413,296.22700000000003,1.7,0.22
25.08.2021 00:11:44.299,296.413,296.236,1.7,0.22
25.08.2021 00:11:44.806,296.413,296.251,1.7,0.22
25.08.2021 00:11:45.064,296.413,296.251,1.7,0.22
25.08.2021 00:11:45.115,296.413,296.237,1.7,0.22
25.08.2021 00:11:45.716,296.413,296.251,1.7,0.22
25.08.2021 00:11:46.733,296.413,296.249,1.7,0.22
25.08.2021 00:11:47.757,296.413,296.251,1.7,0.22
25.08.2021 00:11:48.087,296.413,296.251,1.7,0.22
25.08.2021 00:11:48.163,296.413,296.232,1.7,0.22
25.08.2021 00:11:48.775,296.413,296.249,1.7,0.22
25.08.2021 00:11:49.654,296.413,296.249,1.7,0.22
25.08.2021 00:11:49.794,296.413,296.247,1.7,0.22
25.08.2021 00:11:50.808,296.413,296.25,1.7,0.22
25.08.2021 00:11:51.733,296.413,296.248,1.7,0.22
25.08.2021 00:11:52.763,296.413,296.247,1.7,0.22
25.08.2021 00:11:54.720,296.413,296.249,1.7,0.22
25.08.2021 00:11:55.745,296.413,296.283,1.7,0.22
25.08.2021 00:11:56.761,296.413,296.246,1.7,0.22
25.08.2021 00:11:57.792,296.413,296.249,1.7,0.22
25.08.2021 00:11:58.817,296.413,296.247,1.7,0.22
25.08.2021 00:11:59.532,296.413,296.235,1.7,0.22
25.08.2021 00:11:59.740,296.413,296.248,1.7,0.22
25.08.2021 00:12:00.797,296.413,296.249,1.7,0.22
25.08.2021 00:12:01.398,296.433,296.19599999999997,1.7,0.22
25.08.2021 00:12:01.498,296.433,296.226,1.7,0.22
25.08.2021 00:12:01.622,296.433,296.236,1.7,0.22
25.08.2021 00:12:01.773,296.443,296.263,1.7,0.22
25.08.2021 00:12:03.789,296.443,296.26,1.7,0.22
25.08.2021 00:12:06.731,296.443,296.262,1.7,0.22
25.08.2021 00:12:07.758,296.443,296.26,1.7,0.22
25.08.2021 00:12:08.783,296.443,296.259,1.7,0.22
25.08.2021 00:12:09.796,296.443,296.26099999999997,1.7,0.22
25.08.2021 00:12:11.725,296.443,296.262,1.7,0.22
25.08.2021 00:12:11.865,296.443,296.263,1.7,0.22
25.08.2021 00:12:12.749,296.443,296.26,1.7,0.22
25.08.2021 00:12:13.769,296.443,296.262,1.7,0.22
25.08.2021 00:12:14.795,296.443,296.303,1.7,0.22
25.08.2021 00:12:15.812,296.443,296.26,1.7,0.22
25.08.2021 00:12:16.728,296.443,296.259,1.7,0.22
25.08.2021 00:12:16.831,296.443,296.26,1.7,0.22
25.08.2021 00:12:17.748,296.443,296.262,1.7,0.22
25.08.2021 00:12:18.770,296.443,296.26099999999997,1.7,0.22
25.08.2021 00:12:19.795,296.443,296.263,1.7,0.22
25.08.2021 00:12:21.937,296.443,296.208,1.7,0.22
25.08.2021 00:12:22.038,296.443,296.254,1.7,0.22
25.08.2021 00:12:22.746,296.443,296.26,1.7,0.22
25.08.2021 00:12:23.770,296.443,296.26099999999997,1.7,0.22
25.08.2021 00:12:24.789,296.443,296.298,1.7,0.22
25.08.2021 00:12:25.800,296.443,296.259,1.7,0.22
25.08.2021 00:12:26.821,296.443,296.263,1.7,0.22
25.08.2021 00:12:27.744,296.443,296.259,1.7,0.22
25.08.2021 00:12:28.774,296.443,296.26099999999997,1.7,0.22
25.08.2021 00:12:29.804,296.443,296.262,1.7,0.22
25.08.2021 00:12:30.632,296.443,296.233,1.7,0.22
25.08.2021 00:12:30.888,296.443,296.258,1.7,0.22
25.08.2021 00:12:31.648,296.443,296.23400000000004,1.7,0.22
25.08.2021 00:12:31.742,296.443,296.251,1.7,0.22
25.08.2021 00:12:32.154,296.443,296.23400000000004,1.7,0.22
25.08.2021 00:12:32.768,296.443,296.258,1.7,0.22
25.08.2021 00:12:33.793,296.443,296.259,1.7,0.22
25.08.2021 00:12:34.823,296.443,296.259,1.7,0.22
25.08.2021 00:12:34.928,296.433,296.258,1.7,0.22
25.08.2021 00:12:35.067,296.433,296.231,1.7,0.22
25.08.2021 00:12:35.836,296.433,296.255,1.7,0.22
25.08.2021 00:12:36.140,296.433,296.241,1.7,0.22
25.08.2021 00:12:36.753,296.433,296.252,1.7,0.22
25.08.2021 00:12:37.057,296.433,296.23400000000004,1.7,0.22
25.08.2021 00:12:37.765,296.433,296.251,1.7,0.22
25.08.2021 00:12:38.371,296.433,296.25,1.7,0.22
25.08.2021 00:12:38.772,296.433,296.251,1.7,0.22
25.08.2021 00:12:39.705,296.433,296.22200000000004,1.7,0.22
25.08.2021 00:12:39.811,296.433,296.251,1.7,0.22
25.08.2021 00:12:40.388,296.433,296.22700000000003,1.7,0.22
25.08.2021 00:12:40.793,296.433,296.251,1.7,0.22
25.08.2021 00:12:41.808,296.433,296.25,1.7,0.22
25.08.2021 00:12:42.825,296.433,296.251,1.7,0.22
25.08.2021 00:12:43.850,296.433,296.249,1.7,0.22
25.08.2021 00:12:45.805,296.433,296.247,1.7,0.22
25.08.2021 00:12:46.872,296.433,296.195,1.7,0.22
25.08.2021 00:12:46.931,296.433,296.252,1.7,0.22
25.08.2021 00:12:47.847,296.433,296.23900000000003,1.7,0.22
25.08.2021 00:12:48.779,296.433,296.251,1.7,0.22
25.08.2021 00:12:49.788,296.433,296.253,1.7,0.22
25.08.2021 00:12:49.891,296.433,296.24,1.7,0.22
25.08.2021 00:12:50.805,296.433,296.253,1.7,0.22
25.08.2021 00:12:51.820,296.433,296.251,1.7,0.22
25.08.2021 00:12:52.846,296.433,296.253,1.7,0.22
25.08.2021 00:12:53.766,296.433,296.254,1.7,0.22
25.08.2021 00:12:57.833,296.433,296.251,1.7,0.22
25.08.2021 00:12:58.858,296.433,296.25,1.7,0.22
25.08.2021 00:12:59.781,296.433,296.253,1.7,0.22
25.08.2021 00:13:00.797,296.433,296.251,1.7,0.22
25.08.2021 00:13:01.811,296.433,296.253,1.7,0.22
25.08.2021 00:13:02.840,296.433,296.29400000000004,1.7,0.22
25.08.2021 00:13:03.866,296.433,296.253,1.7,0.22
25.08.2021 00:13:04.288,296.433,296.238,1.7,0.22
25.08.2021 00:13:04.782,296.433,296.25,1.7,0.22
25.08.2021 00:13:05.810,296.433,296.252,1.7,0.22
25.08.2021 00:13:06.836,296.433,296.25,1.7,0.22
25.08.2021 00:13:07.856,296.433,296.252,1.7,0.22
25.08.2021 00:13:08.793,296.433,296.249,1.7,0.22
25.08.2021 00:13:14.772,296.433,296.245,1.7,0.22
25.08.2021 00:13:14.875,296.433,296.249,1.7,0.22
25.08.2021 00:13:15.789,296.433,296.251,1.7,0.22
25.08.2021 00:13:16.814,296.433,296.28700000000003,1.7,0.22
25.08.2021 00:13:17.836,296.433,296.248,1.7,0.22
25.08.2021 00:13:19.776,296.433,296.25,1.7,0.22
25.08.2021 00:13:20.795,296.433,296.248,1.7,0.22
25.08.2021 00:13:21.818,296.433,296.25,1.7,0.22
25.08.2021 00:13:23.857,296.433,296.248,1.7,0.22
25.08.2021 00:13:25.834,296.433,296.25,1.7,0.22
25.08.2021 00:13:26.040,296.433,296.195,1.7,0.22
25.08.2021 00:13:26.141,296.433,296.194,1.7,0.22
25.08.2021 00:13:26.241,296.433,296.221,1.7,0.22
25.08.2021 00:13:26.385,296.433,296.221,1.7,0.22
25.08.2021 00:13:26.818,296.433,296.244,1.7,0.22
25.08.2021 00:13:27.843,296.433,296.246,1.7,0.22
25.08.2021 00:13:28.876,296.433,296.247,1.7,0.22
25.08.2021 00:13:29.806,296.433,296.288,1.7,0.22
25.08.2021 00:13:30.838,296.433,296.244,1.7,0.22
25.08.2021 00:13:31.868,296.433,296.246,1.7,0.22
25.08.2021 00:13:32.401,296.433,296.22900000000004,1.7,0.22
25.08.2021 00:13:32.481,296.433,296.231,1.7,0.22
25.08.2021 00:13:32.790,296.433,296.241,1.7,0.22
25.08.2021 00:13:33.820,296.433,296.242,1.7,0.22
25.08.2021 00:13:34.881,296.423,296.244,1.7,0.22
25.08.2021 00:13:35.883,296.423,296.242,1.7,0.22
25.08.2021 00:13:36.803,296.423,296.244,1.7,0.22
25.08.2021 00:13:38.865,296.423,296.278,1.7,0.22
25.08.2021 00:13:39.794,296.423,296.242,1.7,0.22
25.08.2021 00:13:40.828,296.423,296.244,1.7,0.22
25.08.2021 00:13:42.872,296.423,296.235,1.7,0.22
25.08.2021 00:13:43.796,296.423,296.245,1.7,0.22
25.08.2021 00:13:44.010,296.423,296.195,1.7,0.22
25.08.2021 00:13:44.111,296.423,296.246,1.7,0.22
25.08.2021 00:13:44.212,296.423,296.23400000000004,1.7,0.22
25.08.2021 00:13:44.803,296.423,296.25,1.7,0.22
25.08.2021 00:13:46.844,296.423,296.252,1.7,0.22
25.08.2021 00:13:47.867,296.423,296.28900000000004,1.7,0.22
25.08.2021 00:13:48.792,296.423,296.25,1.7,0.22
25.08.2021 00:13:49.818,296.423,296.252,1.7,0.22
25.08.2021 00:13:50.855,296.423,296.25,1.7,0.22
25.08.2021 00:13:51.890,296.423,296.252,1.7,0.22
25.08.2021 00:13:52.503,296.423,296.238,1.7,0.22
25.08.2021 00:13:52.803,296.423,296.247,1.7,0.22
25.08.2021 00:13:53.314,296.423,296.243,1.7,0.22
25.08.2021 00:13:53.826,296.423,296.251,1.7,0.22
25.08.2021 00:13:54.850,296.423,296.25,1.7,0.22
25.08.2021 00:13:55.867,296.423,296.252,1.7,0.22
25.08.2021 00:13:56.474,296.423,296.23900000000003,1.7,0.22
25.08.2021 00:13:56.878,296.423,296.25,1.7,0.22
25.08.2021 00:13:58.822,296.423,296.248,1.7,0.22
25.08.2021 00:13:59.747,296.423,296.228,1.7,0.22
25.08.2021 00:13:59.850,296.423,296.247,1.7,0.22
25.08.2021 00:14:00.365,296.423,296.236,1.7,0.22
25.08.2021 00:14:00.876,296.423,296.249,1.7,0.22
25.08.2021 00:14:01.519,296.433,296.248,1.7,0.22
25.08.2021 00:14:01.593,296.433,296.2,1.7,0.22
25.08.2021 00:14:01.693,296.433,296.242,1.7,0.22
25.08.2021 00:14:01.889,296.433,296.242,1.7,0.22
25.08.2021 00:14:01.939,296.433,296.254,1.7,0.22
25.08.2021 00:14:01.997,296.433,296.244,1.7,0.22
25.08.2021 00:14:02.812,296.433,296.249,1.7,0.22
25.08.2021 00:14:03.319,296.433,296.247,1.7,0.22
25.08.2021 00:14:03.822,296.433,296.254,1.7,0.22
25.08.2021 00:14:04.846,296.433,296.262,1.7,0.22
25.08.2021 00:14:05.871,296.433,296.265,1.7,0.22
25.08.2021 00:14:06.897,296.433,296.302,1.7,0.22
25.08.2021 00:14:07.812,296.433,296.263,1.7,0.22
25.08.2021 00:14:08.836,296.433,296.29900000000004,1.7,0.22
25.08.2021 00:14:09.868,296.433,296.26099999999997,1.7,0.22
25.08.2021 00:14:10.885,296.433,296.263,1.7,0.22
25.08.2021 00:14:11.905,296.433,296.26099999999997,1.7,0.22
25.08.2021 00:14:12.822,296.433,296.263,1.7,0.22
25.08.2021 00:14:13.854,296.433,296.264,1.7,0.22
25.08.2021 00:14:15.903,296.433,296.263,1.7,0.22
25.08.2021 00:14:16.828,296.433,296.26099999999997,1.7,0.22
25.08.2021 00:14:17.847,296.433,296.26,1.7,0.22
25.08.2021 00:14:18.882,296.433,296.26099999999997,1.7,0.22
25.08.2021 00:14:19.907,296.433,296.263,1.7,0.22
25.08.2021 00:14:20.820,296.433,296.26,1.7,0.22
25.08.2021 00:14:21.437,296.433,296.244,1.7,0.22
25.08.2021 00:14:21.847,296.433,296.26099999999997,1.7,0.22
25.08.2021 00:14:23.871,296.433,296.26,1.7,0.22
25.08.2021 00:14:24.785,296.433,296.254,1.7,0.22
25.08.2021 00:14:24.886,296.433,296.259,1.7,0.22
25.08.2021 00:14:24.986,296.433,296.247,1.7,0.22
25.08.2021 00:14:25.899,296.433,296.258,1.7,0.22
25.08.2021 00:14:26.911,296.433,296.26,1.7,0.22
25.08.2021 00:14:27.820,296.433,296.258,1.7,0.22
25.08.2021 00:14:28.346,296.433,296.258,1.7,0.22
25.08.2021 00:14:28.497,296.433,296.209,1.7,0.22
25.08.2021 00:14:28.826,296.433,296.257,1.7,0.22
25.08.2021 00:14:29.838,296.433,296.256,1.7,0.22
25.08.2021 00:14:30.885,296.433,296.258,1.7,0.22
25.08.2021 00:14:30.986,296.423,296.202,1.7,0.22
25.08.2021 00:14:31.036,296.423,296.202,1.7,0.22
25.08.2021 00:14:31.137,296.413,296.23400000000004,1.7,0.22
25.08.2021 00:14:31.222,296.413,296.219,1.7,0.22
25.08.2021 00:14:31.373,296.413,296.22900000000004,1.7,0.22
25.08.2021 00:14:31.871,296.413,296.242,1.7,0.22
25.08.2021 00:14:32.177,296.413,296.228,1.7,0.22
25.08.2021 00:14:32.278,296.413,296.228,1.7,0.22
25.08.2021 00:14:32.887,296.413,296.23900000000003,1.7,0.22
25.08.2021 00:14:33.903,296.413,296.241,1.7,0.22
25.08.2021 00:14:34.919,296.413,296.238,1.7,0.22
25.08.2021 00:14:35.843,296.413,296.24,1.7,0.22
25.08.2021 00:14:36.859,296.413,296.237,1.7,0.22
25.08.2021 00:14:37.887,296.413,296.238,1.7,0.22
25.08.2021 00:14:38.911,296.413,296.235,1.7,0.22
25.08.2021 00:14:39.729,296.413,296.22200000000004,1.7,0.22
25.08.2021 00:14:39.933,296.413,296.235,1.7,0.22
25.08.2021 00:14:40.853,296.413,296.233,1.7,0.22
25.08.2021 00:14:43.910,296.413,296.236,1.7,0.22
25.08.2021 00:14:44.834,296.413,296.273,1.7,0.22
25.08.2021 00:14:45.901,296.413,296.233,1.7,0.22
25.08.2021 00:14:46.898,296.413,296.23400000000004,1.7,0.22
25.08.2021 00:14:47.930,296.413,296.21500000000003,1.7,0.22
25.08.2021 00:14:48.617,296.413,296.21500000000003,1.7,0.22
25.08.2021 00:14:48.848,296.413,296.237,1.7,0.22
25.08.2021 00:14:49.258,296.413,296.214,1.7,0.22
25.08.2021 00:14:49.867,296.413,296.237,1.7,0.22
25.08.2021 00:14:50.889,296.413,296.23900000000003,1.7,0.22
25.08.2021 00:14:51.910,296.413,296.236,1.7,0.22
25.08.2021 00:14:53.851,296.413,296.238,1.7,0.22
25.08.2021 00:14:54.869,296.413,296.185,1.7,0.22
25.08.2021 00:14:54.994,296.413,296.23400000000004,1.7,0.22
25.08.2021 00:14:55.063,296.413,296.219,1.7,0.22
25.08.2021 00:14:55.873,296.413,296.236,1.7,0.22
25.08.2021 00:14:57.925,296.413,296.235,1.7,0.22
25.08.2021 00:14:58.848,296.413,296.219,1.7,0.22
25.08.2021 00:14:58.950,296.413,296.23400000000004,1.7,0.22
25.08.2021 00:14:59.873,296.413,296.235,1.7,0.22
25.08.2021 00:15:00.692,296.413,296.21700000000004,1.7,0.22
25.08.2021 00:15:00.893,296.413,296.233,1.7,0.22
25.08.2021 00:15:01.916,296.413,296.235,1.7,0.22
25.08.2021 00:15:02.943,296.413,296.236,1.7,0.22
25.08.2021 00:15:03.346,296.413,296.205,1.7,0.1
25.08.2021 00:15:03.451,296.413,296.21700000000004,1.7,0.22
25.08.2021 00:15:03.956,296.413,296.22700000000003,1.7,0.22
25.08.2021 00:15:04.864,296.413,296.226,1.7,0.22
25.08.2021 00:15:05.875,296.413,296.228,1.7,0.22
25.08.2021 00:15:06.908,296.413,296.226,1.7,0.22
25.08.2021 00:15:07.938,296.413,296.22700000000003,1.7,0.22
25.08.2021 00:15:09.876,296.413,296.22900000000004,1.7,0.22
25.08.2021 00:15:10.903,296.413,296.226,1.7,0.22
25.08.2021 00:15:11.521,296.413,296.214,1.7,0.22
25.08.2021 00:15:11.943,296.413,296.228,1.7,0.22
25.08.2021 00:15:12.044,296.413,296.212,1.7,0.22
25.08.2021 00:15:12.393,296.413,296.212,1.7,0.22
25.08.2021 00:15:12.938,296.413,296.23400000000004,1.7,0.22
25.08.2021 00:15:13.951,296.413,296.236,1.7,0.22
25.08.2021 00:15:14.862,296.413,296.233,1.7,0.22
25.08.2021 00:15:15.710,296.413,296.223,1.7,0.22
25.08.2021 00:15:15.890,296.413,296.17900000000003,1.7,0.22
25.08.2021 00:15:16.008,296.413,296.17900000000003,1.7,0.22
25.08.2021 00:15:16.109,296.413,296.221,1.7,0.22
25.08.2021 00:15:16.906,296.413,296.232,1.7,0.22
25.08.2021 00:15:17.925,296.413,296.231,1.7,0.22
25.08.2021 00:15:18.103,296.413,296.231,1.7,0.22
25.08.2021 00:15:18.154,296.413,296.207,1.7,0.22
25.08.2021 00:15:18.934,296.413,296.235,1.7,0.22
25.08.2021 00:15:19.947,296.413,296.237,1.7,0.22
25.08.2021 00:15:21.883,296.413,296.235,1.7,0.22
25.08.2021 00:15:22.900,296.413,296.237,1.7,0.22
25.08.2021 00:15:24.933,296.413,296.235,1.7,0.22
25.08.2021 00:15:25.642,296.413,296.225,1.7,0.22
25.08.2021 00:15:25.942,296.413,296.236,1.7,0.22
25.08.2021 00:15:26.964,296.413,296.238,1.7,0.22
25.08.2021 00:15:27.874,296.413,296.235,1.7,0.22
25.08.2021 00:15:28.901,296.413,296.237,1.7,0.22
25.08.2021 00:15:29.917,296.413,296.235,1.7,0.22
25.08.2021 00:15:30.958,296.413,296.231,1.7,0.22
25.08.2021 00:15:32.010,296.413,296.235,1.7,0.22
25.08.2021 00:15:32.889,296.413,296.277,1.7,0.22
25.08.2021 00:15:33.910,296.413,296.235,1.7,0.22
25.08.2021 00:15:34.935,296.413,296.233,1.7,0.22
25.08.2021 00:15:35.962,296.413,296.236,1.7,0.22
25.08.2021 00:15:36.885,296.413,296.271,1.7,0.22
25.08.2021 00:15:37.902,296.413,296.236,1.7,0.22
25.08.2021 00:15:38.923,296.413,296.237,1.7,0.22
25.08.2021 00:15:41.972,296.413,296.235,1.7,0.22
25.08.2021 00:15:44.934,296.413,296.23400000000004,1.7,0.22
25.08.2021 00:15:45.961,296.413,296.236,1.7,0.22
25.08.2021 00:15:46.971,296.413,296.23400000000004,1.7,0.22
25.08.2021 00:15:47.881,296.413,296.233,1.7,0.22
25.08.2021 00:15:48.904,296.413,296.236,1.7,0.22
25.08.2021 00:15:49.925,296.413,296.237,1.7,0.22
25.08.2021 00:15:50.951,296.413,296.235,1.7,0.22
25.08.2021 00:15:51.879,296.413,296.23400000000004,1.7,0.22
25.08.2021 00:15:52.094,296.423,296.244,1.7,0.22
25.08.2021 00:15:52.224,296.423,296.244,1.7,0.22
25.08.2021 00:15:52.325,296.423,296.225,1.7,0.22
25.08.2021 00:15:52.487,296.423,296.23400000000004,1.7,0.22
25.08.2021 00:15:52.894,296.423,296.248,1.7,0.22
25.08.2021 00:15:53.918,296.423,296.247,1.7,0.22
25.08.2021 00:15:54.939,296.423,296.249,1.7,0.22
25.08.2021 00:15:55.962,296.423,296.248,1.7,0.22
25.08.2021 00:15:56.974,296.423,296.247,1.7,0.22
25.08.2021 00:15:57.884,296.423,296.248,1.7,0.22
25.08.2021 00:15:58.906,296.423,296.29,1.7,0.22
25.08.2021 00:15:59.926,296.423,296.248,1.7,0.22
25.08.2021 00:16:00.938,296.423,296.247,1.7,0.22
25.08.2021 00:16:01.145,296.423,296.23400000000004,1.7,0.22
25.08.2021 00:16:01.558,296.413,296.228,1.7,0.22
25.08.2021 00:16:01.748,296.413,296.231,1.7,0.22
25.08.2021 00:16:02.090,296.46700000000004,296.23900000000003,1.8,0.22
25.08.2021 00:16:02.963,296.413,296.24,1.7,0.22
25.08.2021 00:16:04.986,296.413,296.242,1.7,0.22
25.08.2021 00:16:05.907,296.413,296.243,1.7,0.22
25.08.2021 00:16:06.642,296.413,296.21700000000004,1.7,0.22
25.08.2021 00:16:06.921,296.413,296.238,1.7,0.22
25.08.2021 00:16:07.931,296.413,296.23900000000003,1.7,0.22
25.08.2021 00:16:08.239,296.413,296.22700000000003,1.7,0.22
25.08.2021 00:16:08.647,296.403,296.22700000000003,1.7,0.22
25.08.2021 00:16:08.697,296.403,296.221,1.7,0.22
25.08.2021 00:16:08.950,296.403,296.236,1.7,0.22
25.08.2021 00:16:09.976,296.403,296.235,1.7,0.22
25.08.2021 00:16:10.900,296.403,296.237,1.7,0.22
25.08.2021 00:16:12.951,296.403,296.238,1.7,0.22
25.08.2021 00:16:13.973,296.403,296.23900000000003,1.7,0.22
25.08.2021 00:16:14.990,296.403,296.236,1.7,0.22
25.08.2021 00:16:15.090,296.403,296.225,1.7,0.22
25.08.2021 00:16:15.907,296.403,296.236,1.7,0.22
25.08.2021 00:16:16.628,296.403,296.197,1.7,0.22
25.08.2021 00:16:16.846,296.403,296.216,1.7,0.22
25.08.2021 00:16:17.957,296.403,296.228,1.7,0.22
25.08.2021 00:16:18.986,296.403,296.22900000000004,1.7,0.22
25.08.2021 00:16:19.913,296.403,296.23,1.7,0.22
25.08.2021 00:16:20.951,296.403,296.22700000000003,1.7,0.22
25.08.2021 00:16:22.499,296.403,296.21500000000003,1.7,0.22
25.08.2021 00:16:22.906,296.403,296.22700000000003,1.7,0.22
25.08.2021 00:16:23.934,296.403,296.228,1.7,0.22
25.08.2021 00:16:24.957,296.403,296.226,1.7,0.22
25.08.2021 00:16:25.983,296.403,296.228,1.7,0.22
25.08.2021 00:16:27.001,296.403,296.226,1.7,0.22
25.08.2021 00:16:28.955,296.403,296.228,1.7,0.22
25.08.2021 00:16:29.975,296.403,296.268,1.7,0.22
25.08.2021 00:16:31.003,296.403,296.226,1.7,0.22
25.08.2021 00:16:33.967,296.403,296.228,1.7,0.22
25.08.2021 00:16:34.993,296.403,296.22900000000004,1.7,0.22
25.08.2021 00:16:35.914,296.403,296.221,1.7,0.22
25.08.2021 00:16:36.015,296.403,296.225,1.7,0.22
25.08.2021 00:16:36.936,296.403,296.22700000000003,1.7,0.22
25.08.2021 00:16:37.956,296.403,296.22400000000005,1.7,0.22
25.08.2021 00:16:38.973,296.403,296.226,1.7,0.22
25.08.2021 00:16:39.996,296.403,296.266,1.7,0.22
25.08.2021 00:16:40.618,296.403,296.266,1.7,0.22
25.08.2021 00:16:40.719,296.403,296.199,1.7,0.22
25.08.2021 00:16:40.819,296.403,296.199,1.7,0.22
25.08.2021 00:16:40.920,296.403,296.21500000000003,1.7,0.22
25.08.2021 00:16:41.051,296.403,296.225,1.7,0.22
25.08.2021 00:16:41.324,296.403,296.203,1.7,0.22
25.08.2021 00:16:41.930,296.403,296.226,1.7,0.22
25.08.2021 00:16:42.952,296.403,296.228,1.7,0.22
25.08.2021 00:16:43.971,296.403,296.22400000000005,1.7,0.22
25.08.2021 00:16:46.948,296.403,296.226,1.7,0.22
25.08.2021 00:16:47.975,296.403,296.265,1.7,0.22
25.08.2021 00:16:49.005,296.403,296.225,1.7,0.22
25.08.2021 00:16:49.210,296.403,296.182,1.7,0.22
25.08.2021 00:16:50.024,296.403,296.22900000000004,1.7,0.22
25.08.2021 00:16:51.983,296.403,296.269,1.7,0.22
25.08.2021 00:16:53.017,296.403,296.226,1.7,0.22
25.08.2021 00:16:53.945,296.403,296.228,1.7,0.22
25.08.2021 00:16:55.089,296.403,296.212,1.7,0.22
25.08.2021 00:16:56.012,296.403,296.226,1.7,0.22
25.08.2021 00:16:56.628,296.403,296.22,1.7,0.22
25.08.2021 00:16:56.938,296.403,296.22900000000004,1.7,0.22
25.08.2021 00:16:57.959,296.403,296.231,1.7,0.22
25.08.2021 00:16:59.012,296.403,296.22900000000004,1.7,0.22
25.08.2021 00:17:00.444,296.403,296.213,1.7,0.22
25.08.2021 00:17:00.544,296.403,296.219,1.7,0.22
25.08.2021 00:17:01.051,296.403,296.233,1.7,0.22
25.08.2021 00:17:01.414,296.403,296.209,1.7,0.22
25.08.2021 00:17:02.026,296.403,296.232,1.7,0.22
25.08.2021 00:17:02.946,296.403,296.231,1.7,0.22
25.08.2021 00:17:03.961,296.403,296.268,1.7,0.22
25.08.2021 00:17:04.995,296.403,296.231,1.7,0.22
25.08.2021 00:17:06.027,296.403,296.233,1.7,0.22
25.08.2021 00:17:06.954,296.403,296.23,1.7,0.22
25.08.2021 00:17:07.978,296.403,296.232,1.7,0.22
25.08.2021 00:17:10.019,296.38599999999997,296.23400000000004,0.37,0.22
25.08.2021 00:17:10.939,296.38599999999997,296.233,0.37,0.22
25.08.2021 00:17:11.970,296.38599999999997,296.232,0.37,0.22
25.08.2021 00:17:13.004,296.38599999999997,296.233,0.37,0.22
25.08.2021 00:17:14.030,296.38599999999997,296.23400000000004,0.37,0.22
25.08.2021 00:17:15.159,296.38599999999997,296.17900000000003,0.37,0.22
25.08.2021 00:17:15.260,296.38599999999997,296.233,0.37,0.22
25.08.2021 00:17:15.360,296.38599999999997,296.184,0.37,0.1
25.08.2021 00:17:15.461,296.38599999999997,296.181,0.37,0.22
25.08.2021 00:17:15.692,296.38599999999997,296.22700000000003,0.37,0.22
25.08.2021 00:17:15.812,296.38599999999997,296.23400000000004,0.37,0.22
25.08.2021 00:17:16.017,296.38599999999997,296.236,0.37,0.22
25.08.2021 00:17:16.984,296.38599999999997,296.235,0.37,0.22
25.08.2021 00:17:17.697,296.38599999999997,296.22900000000004,0.37,0.22
25.08.2021 00:17:18.002,296.38599999999997,296.24,0.37,0.22
25.08.2021 00:17:19.022,296.38599999999997,296.238,0.37,0.22
25.08.2021 00:17:20.771,296.38599999999997,296.203,0.37,0.22
25.08.2021 00:17:20.947,296.38599999999997,296.232,0.37,0.22
25.08.2021 00:17:21.959,296.38599999999997,296.233,0.37,0.22
25.08.2021 00:17:24.006,296.38599999999997,296.232,0.37,0.22
25.08.2021 00:17:25.033,296.38599999999997,296.225,0.37,0.22
25.08.2021 00:17:25.968,296.38599999999997,296.23,0.37,0.22
25.08.2021 00:17:26.982,296.38599999999997,296.232,0.37,0.22
25.08.2021 00:17:28.009,296.38599999999997,296.233,0.37,0.22
25.08.2021 00:17:29.982,296.38599999999997,296.22900000000004,0.37,0.22
25.08.2021 00:17:30.987,296.38599999999997,296.235,0.37,0.22
25.08.2021 00:17:32.007,296.38599999999997,296.233,0.37,0.22
25.08.2021 00:17:34.045,296.38599999999997,296.23,0.37,0.22
25.08.2021 00:17:34.968,296.38599999999997,296.232,0.37,0.22
25.08.2021 00:17:36.107,296.38599999999997,296.17900000000003,0.37,0.22
25.08.2021 00:17:36.232,296.38599999999997,296.23400000000004,0.37,0.22
25.08.2021 00:17:36.298,296.38599999999997,296.225,0.37,0.22
25.08.2021 00:17:36.499,296.38599999999997,296.221,0.37,0.22
25.08.2021 00:17:36.997,296.38599999999997,296.228,0.37,0.22
25.08.2021 00:17:38.031,296.38599999999997,296.231,0.37,0.22
25.08.2021 00:17:39.051,296.38599999999997,296.233,0.37,0.22
25.08.2021 00:17:42.008,296.38599999999997,296.23400000000004,0.37,0.22
25.08.2021 00:17:43.044,296.38599999999997,296.231,0.37,0.22
25.08.2021 00:17:43.967,296.38599999999997,296.233,0.37,0.22
25.08.2021 00:17:44.271,296.38599999999997,296.225,0.37,0.22
25.08.2021 00:17:44.995,296.38599999999997,296.21500000000003,0.37,0.22
25.08.2021 00:17:45.121,296.38599999999997,296.207,0.37,0.22
25.08.2021 00:17:45.988,296.403,296.231,1.7,0.22
25.08.2021 00:17:47.013,296.403,296.22900000000004,1.7,0.22
25.08.2021 00:17:48.037,296.403,296.233,1.7,0.22
25.08.2021 00:17:49.972,296.403,296.23400000000004,1.7,0.22
25.08.2021 00:17:50.175,296.403,296.207,1.7,0.22
25.08.2021 00:17:50.995,296.403,296.23,1.7,0.22
25.08.2021 00:17:52.031,296.403,296.232,1.7,0.22
25.08.2021 00:17:53.054,296.403,296.23,1.7,0.22
25.08.2021 00:17:53.979,296.403,296.232,1.7,0.22
25.08.2021 00:17:55.003,296.403,296.231,1.7,0.22
25.08.2021 00:17:55.104,296.403,296.231,1.7,0.22
25.08.2021 00:17:55.154,296.393,296.22400000000005,1.7,0.22
25.08.2021 00:17:55.305,296.393,296.22400000000005,1.7,0.22
25.08.2021 00:17:55.356,296.393,296.193,1.7,0.22
25.08.2021 00:17:55.707,296.393,296.207,1.7,0.22
25.08.2021 00:17:56.026,296.393,296.212,1.7,0.22
25.08.2021 00:17:57.038,296.383,296.216,1.7,0.22
25.08.2021 00:17:58.034,296.383,296.21500000000003,1.7,0.22
25.08.2021 00:17:59.050,296.383,296.216,1.7,0.22
25.08.2021 00:18:00.996,296.383,296.19599999999997,1.7,0.22
25.08.2021 00:18:01.070,296.383,296.216,1.7,0.22
25.08.2021 00:18:01.986,296.383,296.21500000000003,1.7,0.22
25.08.2021 00:18:02.998,296.383,296.21700000000004,1.7,0.22
25.08.2021 00:18:04.029,296.383,296.21500000000003,1.7,0.22
25.08.2021 00:18:05.051,296.383,296.216,1.7,0.22
25.08.2021 00:18:06.980,296.383,296.218,1.7,0.22
25.08.2021 00:18:08.012,296.383,296.216,1.7,0.22
25.08.2021 00:18:08.217,296.403,296.21500000000003,1.7,0.22
25.08.2021 00:18:08.317,296.403,296.176,1.7,0.22
25.08.2021 00:18:08.418,296.403,296.181,1.7,0.22
25.08.2021 00:18:08.518,296.403,296.22900000000004,1.7,0.22
25.08.2021 00:18:08.621,296.403,296.22700000000003,1.7,0.22
25.08.2021 00:18:09.009,296.403,296.22400000000005,1.7,0.22
25.08.2021 00:18:10.031,296.403,296.237,1.7,0.22
25.08.2021 00:18:11.101,296.403,296.23900000000003,1.7,0.22
25.08.2021 00:18:12.068,296.403,296.236,1.7,0.22
25.08.2021 00:18:12.991,296.403,296.238,1.7,0.22
25.08.2021 00:18:14.011,296.413,296.23900000000003,1.7,0.22
25.08.2021 00:18:14.420,296.413,296.216,1.7,0.22
25.08.2021 00:18:15.033,296.413,296.24,1.7,0.22
25.08.2021 00:18:16.071,296.413,296.23900000000003,1.7,0.22
25.08.2021 00:18:17.065,296.413,296.238,1.7,0.22
25.08.2021 00:18:17.394,296.413,296.238,1.7,0.22
25.08.2021 00:18:17.989,296.413,296.24,1.7,0.22
25.08.2021 00:18:19.012,296.413,296.238,1.7,0.22
25.08.2021 00:18:20.856,296.413,296.214,1.7,0.22
25.08.2021 00:18:21.061,296.413,296.24,1.7,0.22
25.08.2021 00:18:21.988,296.413,296.243,1.7,0.22
25.08.2021 00:18:23.028,296.413,296.241,1.7,0.22
25.08.2021 00:18:24.048,296.413,296.243,1.7,0.22
25.08.2021 00:18:25.074,296.413,296.241,1.7,0.22
25.08.2021 00:18:25.988,296.413,296.236,1.7,0.22
25.08.2021 00:18:26.090,296.413,296.241,1.7,0.22
25.08.2021 00:18:26.491,296.413,296.22,1.7,0.22
25.08.2021 00:18:26.603,296.413,296.22,1.7,0.22
25.08.2021 00:18:27.003,296.413,296.24,1.7,0.22
25.08.2021 00:18:28.023,296.413,296.237,1.7,0.22
25.08.2021 00:18:28.720,296.413,296.237,1.7,0.22
25.08.2021 00:18:28.834,296.413,296.226,1.7,0.22
25.08.2021 00:18:29.034,296.413,296.24,1.7,0.22
25.08.2021 00:18:30.054,296.449,296.241,1.8,0.22
25.08.2021 00:18:31.078,296.413,296.243,1.7,0.22
25.08.2021 00:18:32.003,296.413,296.241,1.7,0.22
25.08.2021 00:18:33.024,296.413,296.28400000000005,1.7,0.22
25.08.2021 00:18:34.048,296.413,296.242,1.7,0.22
25.08.2021 00:18:35.083,296.413,296.241,1.7,0.22
25.08.2021 00:18:36.010,296.413,296.242,1.7,0.22
25.08.2021 00:18:37.654,296.413,296.21500000000003,1.7,0.22
25.08.2021 00:18:38.084,296.413,296.242,1.7,0.22
25.08.2021 00:18:38.851,296.413,296.242,1.7,0.22
25.08.2021 00:18:39.084,296.413,296.241,1.7,0.22
25.08.2021 00:18:39.994,296.413,296.24,1.7,0.22
25.08.2021 00:18:40.097,296.413,296.241,1.7,0.22
25.08.2021 00:18:40.508,296.413,296.22200000000004,1.7,0.22
25.08.2021 00:18:40.817,296.413,296.209,1.7,0.22
25.08.2021 00:18:41.015,296.413,296.235,1.7,0.22
25.08.2021 00:18:42.032,296.413,296.23400000000004,1.7,0.22
25.08.2021 00:18:43.063,296.413,296.233,1.7,0.22
25.08.2021 00:18:44.080,296.413,296.235,1.7,0.22
25.08.2021 00:18:44.689,296.413,296.22200000000004,1.7,0.22
25.08.2021 00:18:45.131,296.413,296.23400000000004,1.7,0.22
25.08.2021 00:18:46.016,296.413,296.231,1.7,0.22
25.08.2021 00:18:47.042,296.413,296.233,1.7,0.22
25.08.2021 00:18:48.068,296.449,296.231,1.8,0.22
25.08.2021 00:18:48.811,296.403,296.213,1.7,0.22
25.08.2021 00:18:49.038,296.403,296.22200000000004,1.7,0.22
25.08.2021 00:18:50.009,296.403,296.231,1.7,0.22
25.08.2021 00:18:50.110,296.403,296.236,1.7,0.22
25.08.2021 00:18:51.024,296.403,296.238,1.7,0.22
25.08.2021 00:18:51.635,296.403,296.22400000000005,1.7,0.22
25.08.2021 00:18:52.040,296.403,296.23400000000004,1.7,0.22
25.08.2021 00:18:54.084,296.403,296.236,1.7,0.22
25.08.2021 00:18:55.139,296.403,296.23400000000004,1.7,0.22
25.08.2021 00:18:56.031,296.403,296.236,1.7,0.22
25.08.2021 00:18:57.057,296.403,296.23400000000004,1.7,0.22
25.08.2021 00:18:58.910,296.403,296.22700000000003,1.7,0.22
25.08.2021 00:18:59.081,296.403,296.236,1.7,0.22
25.08.2021 00:19:00.097,296.403,296.238,1.7,0.22
25.08.2021 00:19:01.018,296.403,296.24,1.7,0.22
25.08.2021 00:19:02.042,296.403,296.281,1.7,0.22
25.08.2021 00:19:03.071,296.403,296.23900000000003,1.7,0.22
25.08.2021 00:19:04.073,296.403,296.28200000000004,1.7,0.22
25.08.2021 00:19:05.131,296.403,296.236,1.7,0.22
25.08.2021 00:19:06.106,296.403,296.238,1.7,0.22
25.08.2021 00:19:07.017,296.403,296.237,1.7,0.22
25.08.2021 00:19:07.118,296.403,296.238,1.7,0.22
25.08.2021 00:19:08.033,296.403,296.24,1.7,0.22
25.08.2021 00:19:08.158,296.403,296.182,1.7,0.22
25.08.2021 00:19:08.259,296.403,296.203,1.7,0.22
25.08.2021 00:19:09.046,296.403,296.23,1.7,0.22
25.08.2021 00:19:11.090,296.403,296.232,1.7,0.22
25.08.2021 00:19:12.121,296.403,296.23400000000004,1.7,0.22
25.08.2021 00:19:12.430,296.403,296.199,1.7,0.22
25.08.2021 00:19:13.041,296.403,296.22900000000004,1.7,0.22
25.08.2021 00:19:14.058,296.403,296.231,1.7,0.22
25.08.2021 00:19:16.101,296.403,296.23,1.7,0.22
25.08.2021 00:19:17.119,296.403,296.231,1.7,0.22
25.08.2021 00:19:19.053,296.403,296.22900000000004,1.7,0.22
25.08.2021 00:19:20.067,296.403,296.265,1.7,0.22
25.08.2021 00:19:21.074,296.403,296.22900000000004,1.7,0.22
25.08.2021 00:19:22.089,296.403,296.23,1.7,0.22
25.08.2021 00:19:23.108,296.403,296.232,1.7,0.22
25.08.2021 00:19:25.049,296.403,296.23,1.7,0.22
25.08.2021 00:19:26.064,296.403,296.231,1.7,0.22
25.08.2021 00:19:27.083,296.403,296.272,1.7,0.22
25.08.2021 00:19:28.097,296.403,296.22900000000004,1.7,0.22
25.08.2021 00:19:29.110,296.403,296.231,1.7,0.22
25.08.2021 00:19:30.129,296.403,296.268,1.7,0.22
25.08.2021 00:19:31.047,296.403,296.232,1.7,0.22
25.08.2021 00:19:32.109,296.403,296.231,1.7,0.22
25.08.2021 00:19:33.106,296.403,296.22900000000004,1.7,0.22
25.08.2021 00:19:34.088,296.403,296.231,1.7,0.22
25.08.2021 00:19:35.101,296.403,296.263,1.7,0.22
25.08.2021 00:19:36.130,296.403,296.228,1.7,0.22
25.08.2021 00:19:37.047,296.403,296.23,1.7,0.22
25.08.2021 00:19:38.075,296.403,296.231,1.7,0.22
25.08.2021 00:19:39.094,296.403,296.23,1.7,0.22
25.08.2021 00:19:40.110,296.403,296.22900000000004,1.7,0.22
25.08.2021 00:19:41.136,296.403,296.231,1.7,0.22
25.08.2021 00:19:42.066,296.403,296.232,1.7,0.22
25.08.2021 00:19:43.089,296.403,296.22900000000004,1.7,0.22
25.08.2021 00:19:46.137,296.403,296.231,1.7,0.22
25.08.2021 00:19:47.057,296.403,296.232,1.7,0.22
25.08.2021 00:19:52.073,296.403,296.23,1.7,0.22
25.08.2021 00:19:53.097,296.403,296.232,1.7,0.22
25.08.2021 00:19:54.120,296.403,296.23,1.7,0.22
25.08.2021 00:19:55.051,296.403,296.22900000000004,1.7,0.22
25.08.2021 00:19:55.153,296.403,296.23,1.7,0.22
25.08.2021 00:19:56.079,296.403,296.22700000000003,1.7,0.22
25.08.2021 00:19:56.184,296.403,296.231,1.7,0.22
25.08.2021 00:19:57.114,296.403,296.232,1.7,0.22
25.08.2021 00:19:59.073,296.403,296.22900000000004,1.7,0.22
25.08.2021 00:20:01.102,296.403,296.22400000000005,1.7,0.22
25.08.2021 00:20:02.118,296.403,296.22900000000004,1.7,0.22
25.08.2021 00:20:03.128,296.403,296.231,1.7,0.22
25.08.2021 00:20:04.149,296.403,296.22900000000004,1.7,0.22
25.08.2021 00:20:05.073,296.403,296.23,1.7,0.22
25.08.2021 00:20:06.095,296.449,296.232,1.8,0.22
25.08.2021 00:20:08.163,296.403,296.22900000000004,1.7,0.22
25.08.2021 00:20:09.068,296.403,296.231,1.7,0.22
25.08.2021 00:20:10.095,296.403,296.269,1.7,0.22
25.08.2021 00:20:11.111,296.403,296.231,1.7,0.22
25.08.2021 00:20:14.069,296.403,296.225,1.7,0.22
25.08.2021 00:20:14.171,296.403,296.228,1.7,0.22
25.08.2021 00:20:15.131,296.403,296.22900000000004,1.7,0.22
25.08.2021 00:20:18.084,296.403,296.231,1.7,0.22
25.08.2021 00:20:19.104,296.403,296.228,1.7,0.22
25.08.2021 00:20:20.121,296.403,296.23,1.7,0.22
25.08.2021 00:20:21.141,296.403,296.266,1.7,0.22
25.08.2021 00:20:22.145,296.403,296.22900000000004,1.7,0.22
25.08.2021 00:20:23.159,296.403,296.265,1.7,0.22
25.08.2021 00:20:23.672,296.403,296.21,1.7,0.22
25.08.2021 00:20:24.083,296.403,296.22900000000004,1.7,0.22
25.08.2021 00:20:25.143,296.403,296.231,1.7,0.22
25.08.2021 00:20:26.127,296.403,296.23,1.7,0.22
25.08.2021 00:20:27.158,296.403,296.266,1.7,0.22
25.08.2021 00:20:28.173,296.403,296.228,1.7,0.22
25.08.2021 00:20:29.103,296.403,296.23,1.7,0.22
25.08.2021 00:20:30.134,296.403,296.265,1.7,0.22
25.08.2021 00:20:31.169,296.403,296.22,1.7,0.22
25.08.2021 00:20:32.079,296.403,296.226,1.7,0.22
25.08.2021 00:20:32.181,296.403,296.23,1.7,0.22
25.08.2021 00:20:32.486,296.403,296.22,1.7,0.22
25.08.2021 00:20:32.687,296.403,296.226,1.7,0.22
25.08.2021 00:20:33.089,296.403,296.23900000000003,1.7,0.22
25.08.2021 00:20:34.107,296.403,296.232,1.7,0.22
25.08.2021 00:20:35.158,296.403,296.238,1.7,0.22
25.08.2021 00:20:36.154,296.403,296.237,1.7,0.22
25.08.2021 00:20:37.179,296.403,296.22700000000003,1.7,0.22
25.08.2021 00:20:38.108,296.403,296.237,1.7,0.22
25.08.2021 00:20:39.138,296.403,296.238,1.7,0.22
25.08.2021 00:20:39.394,296.403,296.238,1.7,0.22
25.08.2021 00:20:41.182,296.403,296.24,1.7,0.22
25.08.2021 00:20:42.096,296.403,296.28200000000004,1.7,0.22
25.08.2021 00:20:43.123,296.403,296.238,1.7,0.22
25.08.2021 00:20:46.120,296.403,296.237,1.7,0.22
25.08.2021 00:20:46.266,296.403,296.236,1.7,0.22
25.08.2021 00:20:46.322,296.403,296.228,1.7,0.22
25.08.2021 00:20:46.523,296.423,296.23,1.7,0.22
25.08.2021 00:20:46.624,296.423,296.21700000000004,1.7,0.22
25.08.2021 00:20:46.725,296.423,296.245,1.7,0.22
25.08.2021 00:20:47.127,296.423,296.248,1.7,0.22
25.08.2021 00:20:48.139,296.423,296.249,1.7,0.22
25.08.2021 00:20:49.161,296.423,296.247,1.7,0.22
25.08.2021 00:20:50.187,296.423,296.249,1.7,0.22
25.08.2021 00:20:51.106,296.423,296.285,1.7,0.22
25.08.2021 00:20:52.028,296.423,296.235,1.7,0.22
25.08.2021 00:20:52.131,296.423,296.246,1.7,0.22
25.08.2021 00:20:54.183,296.423,296.248,1.7,0.22
25.08.2021 00:20:56.115,296.423,296.251,1.7,0.22
25.08.2021 00:20:57.134,296.423,296.246,1.7,0.22
25.08.2021 00:20:58.164,296.423,296.28700000000003,1.7,0.22
25.08.2021 00:20:59.186,296.423,296.232,1.7,0.22
25.08.2021 00:20:59.287,296.423,296.235,1.7,0.22
25.08.2021 00:21:00.106,296.423,296.248,1.7,0.22
25.08.2021 00:21:02.160,296.423,296.249,1.7,0.22
25.08.2021 00:21:03.220,296.423,296.23900000000003,1.7,0.22
25.08.2021 00:21:03.379,296.423,296.22700000000003,1.7,0.22
25.08.2021 00:21:03.604,296.423,296.226,1.7,0.22
25.08.2021 00:21:04.226,296.423,296.24,1.7,0.22
25.08.2021 00:21:06.148,296.423,296.241,1.7,0.22
25.08.2021 00:21:07.184,296.423,296.23900000000003,1.7,0.22
25.08.2021 00:21:08.163,296.423,296.241,1.7,0.22
25.08.2021 00:21:09.129,296.423,296.28200000000004,1.7,0.22
25.08.2021 00:21:10.159,296.423,296.241,1.7,0.22
25.08.2021 00:21:11.186,296.423,296.24,1.7,0.22
25.08.2021 00:21:11.520,296.423,296.21500000000003,1.7,0.22
25.08.2021 00:21:12.201,296.423,296.242,1.7,0.22
25.08.2021 00:21:13.210,296.423,296.24,1.7,0.22
25.08.2021 00:21:13.656,296.423,296.22700000000003,1.7,0.22
25.08.2021 00:21:14.129,296.423,296.24,1.7,0.22
25.08.2021 00:21:15.144,296.423,296.242,1.7,0.22
25.08.2021 00:21:16.182,296.423,296.23900000000003,1.7,0.22
25.08.2021 00:21:19.219,296.423,296.24,1.7,0.22
25.08.2021 00:21:20.142,296.423,296.242,1.7,0.22
25.08.2021 00:21:21.169,296.423,296.24,1.7,0.22
25.08.2021 00:21:22.187,296.423,296.235,1.7,0.22
25.08.2021 00:21:22.932,296.423,296.194,1.7,0.22
25.08.2021 00:21:23.094,296.423,296.237,1.7,0.22
25.08.2021 00:21:24.204,296.423,296.249,1.7,0.22
25.08.2021 00:21:25.223,296.423,296.248,1.7,0.22
25.08.2021 00:21:26.142,296.423,296.25,1.7,0.22
25.08.2021 00:21:26.859,296.423,296.23,1.7,0.22
25.08.2021 00:21:27.185,296.423,296.228,1.7,0.22
25.08.2021 00:21:27.336,296.423,296.228,1.7,0.22
25.08.2021 00:21:28.081,296.423,296.199,1.7,0.22
25.08.2021 00:21:28.182,296.423,296.195,1.7,0.22
25.08.2021 00:21:28.283,296.423,296.23900000000003,1.7,0.22
25.08.2021 00:21:29.190,296.423,296.248,1.7,0.22
25.08.2021 00:21:30.211,296.423,296.251,1.7,0.22
25.08.2021 00:21:33.160,296.423,296.248,1.7,0.22
25.08.2021 00:21:34.175,296.423,296.247,1.7,0.22
25.08.2021 00:21:35.210,296.423,296.248,1.7,0.22
25.08.2021 00:21:36.137,296.423,296.249,1.7,0.22
25.08.2021 00:21:37.158,296.423,296.247,1.7,0.22
25.08.2021 00:21:38.178,296.423,296.246,1.7,0.22
25.08.2021 00:21:39.207,296.423,296.248,1.7,0.22
25.08.2021 00:21:41.156,296.423,296.25,1.7,0.22
25.08.2021 00:21:42.176,296.423,296.247,1.7,0.22
25.08.2021 00:21:44.838,296.423,296.235,1.7,0.22
25.08.2021 00:21:45.234,296.423,296.252,1.7,0.22
25.08.2021 00:21:46.155,296.423,296.253,1.7,0.22
25.08.2021 00:21:47.179,296.423,296.252,1.7,0.22
25.08.2021 00:21:48.205,296.423,296.251,1.7,0.22
25.08.2021 00:21:49.225,296.423,296.252,1.7,0.22
25.08.2021 00:21:50.148,296.423,296.254,1.7,0.22
25.08.2021 00:21:51.165,296.423,296.255,1.7,0.22
25.08.2021 00:21:52.185,296.423,296.254,1.7,0.22
25.08.2021 00:21:53.217,296.423,296.256,1.7,0.22
25.08.2021 00:21:54.239,296.423,296.293,1.7,0.22
25.08.2021 00:21:55.155,296.423,296.252,1.7,0.22
25.08.2021 00:21:56.171,296.423,296.253,1.7,0.22
25.08.2021 00:21:57.192,296.423,296.251,1.7,0.22
25.08.2021 00:21:58.222,296.423,296.253,1.7,0.22
25.08.2021 00:21:59.247,296.423,296.252,1.7,0.22
25.08.2021 00:22:00.180,296.423,296.253,1.7,0.22
25.08.2021 00:22:02.231,296.423,296.296,1.7,0.22
25.08.2021 00:22:03.253,296.423,296.254,1.7,0.22
25.08.2021 00:22:04.179,296.423,296.253,1.7,0.22
25.08.2021 00:22:05.208,296.423,296.295,1.7,0.22
25.08.2021 00:22:06.227,296.423,296.25,1.7,0.22
25.08.2021 00:22:07.151,296.423,296.249,1.7,0.22
25.08.2021 00:22:07.251,296.423,296.251,1.7,0.22
25.08.2021 00:22:08.006,296.423,296.251,1.7,0.22
25.08.2021 00:22:08.106,296.423,296.198,1.7,0.22
25.08.2021 00:22:08.172,296.423,296.23900000000003,1.7,0.22
25.08.2021 00:22:08.273,296.423,296.22,1.7,0.22
25.08.2021 00:22:08.873,296.423,296.235,1.7,0.22
25.08.2021 00:22:09.180,296.423,296.247,1.7,0.22
25.08.2021 00:22:10.211,296.423,296.246,1.7,0.22
25.08.2021 00:22:11.237,296.423,296.249,1.7,0.22
25.08.2021 00:22:12.179,296.423,296.25,1.7,0.22
25.08.2021 00:22:14.194,296.423,296.286,1.7,0.22
25.08.2021 00:22:14.394,296.423,296.231,1.7,0.22
25.08.2021 00:22:15.210,296.423,296.247,1.7,0.22
25.08.2021 00:22:16.247,296.423,296.248,1.7,0.22
25.08.2021 00:22:17.179,296.423,296.247,1.7,0.22
25.08.2021 00:22:18.201,296.423,296.248,1.7,0.22
25.08.2021 00:22:19.227,296.423,296.245,1.7,0.22
25.08.2021 00:22:20.258,296.423,296.248,1.7,0.22
25.08.2021 00:22:21.186,296.423,296.249,1.7,0.22
25.08.2021 00:22:22.207,296.423,296.246,1.7,0.22
25.08.2021 00:22:23.222,296.423,296.248,1.7,0.22
25.08.2021 00:22:24.247,296.423,296.28900000000004,1.7,0.22
25.08.2021 00:22:25.170,296.423,296.246,1.7,0.22
25.08.2021 00:22:26.187,296.423,296.248,1.7,0.22
25.08.2021 00:22:27.204,296.464,296.249,1.8,0.22
25.08.2021 00:22:28.218,296.423,296.245,1.7,0.22
25.08.2021 00:22:28.559,296.423,296.245,1.7,0.22
25.08.2021 00:22:28.660,296.423,296.22400000000005,1.7,0.22
25.08.2021 00:22:29.234,296.423,296.255,1.7,0.22
25.08.2021 00:22:30.262,296.423,296.298,1.7,0.22
25.08.2021 00:22:31.266,296.423,296.253,1.7,0.22
25.08.2021 00:22:33.202,296.423,296.296,1.7,0.22
25.08.2021 00:22:34.217,296.423,296.252,1.7,0.22
25.08.2021 00:22:35.243,296.423,296.253,1.7,0.22
25.08.2021 00:22:36.265,296.423,296.255,1.7,0.22
25.08.2021 00:22:37.183,296.423,296.252,1.7,0.22
25.08.2021 00:22:38.196,296.423,296.254,1.7,0.22
25.08.2021 00:22:39.209,296.423,296.295,1.7,0.22
25.08.2021 00:22:40.223,296.423,296.253,1.7,0.22
25.08.2021 00:22:41.241,296.433,296.255,1.7,0.22
25.08.2021 00:22:42.269,296.433,296.253,1.7,0.22
25.08.2021 00:22:43.184,296.433,296.255,1.7,0.22
25.08.2021 00:22:44.211,296.433,296.256,1.7,0.22
25.08.2021 00:22:45.236,296.433,296.25,1.7,0.22
25.08.2021 00:22:46.257,296.433,296.251,1.7,0.22
25.08.2021 00:22:47.181,296.433,296.238,1.7,0.22
25.08.2021 00:22:47.282,296.433,296.25,1.7,0.22
25.08.2021 00:22:48.204,296.433,296.252,1.7,0.22
25.08.2021 00:22:49.241,296.433,296.25,1.7,0.22
25.08.2021 00:22:51.185,296.433,296.247,1.7,0.22
25.08.2021 00:22:51.289,296.433,296.251,1.7,0.22
25.08.2021 00:22:52.535,296.433,296.251,1.7,0.22
25.08.2021 00:22:52.712,296.433,296.23400000000004,1.7,0.22
25.08.2021 00:22:53.214,296.433,296.256,1.7,0.22
25.08.2021 00:22:54.234,296.433,296.257,1.7,0.22
25.08.2021 00:22:55.264,296.433,296.256,1.7,0.22
25.08.2021 00:22:56.197,296.433,296.258,1.7,0.22
25.08.2021 00:22:56.812,296.433,296.258,1.7,0.22
25.08.2021 00:22:56.863,296.423,296.202,1.7,0.22
25.08.2021 00:22:57.021,296.423,296.258,1.7,0.22
25.08.2021 00:22:57.224,296.423,296.254,1.7,0.22
25.08.2021 00:22:58.241,296.423,296.253,1.7,0.22
25.08.2021 00:22:59.258,296.423,296.255,1.7,0.22
25.08.2021 00:23:00.269,296.423,296.252,1.7,0.22
25.08.2021 00:23:01.284,296.423,296.253,1.7,0.22
25.08.2021 00:23:03.218,296.423,296.255,1.7,0.22
25.08.2021 00:23:04.238,296.423,296.253,1.7,0.22
25.08.2021 00:23:05.258,296.423,296.255,1.7,0.22
25.08.2021 00:23:06.280,296.423,296.256,1.7,0.22
25.08.2021 00:23:06.689,296.423,296.242,1.7,0.22
25.08.2021 00:23:07.193,296.423,296.241,1.7,0.22
25.08.2021 00:23:07.292,296.423,296.247,1.7,0.22
25.08.2021 00:23:08.215,296.423,296.257,1.7,0.22
25.08.2021 00:23:08.517,296.423,296.257,1.7,0.22
25.08.2021 00:23:09.280,296.423,296.258,1.7,0.22
25.08.2021 00:23:10.258,296.423,296.256,1.7,0.22
25.08.2021 00:23:10.771,296.423,296.231,1.7,0.22
25.08.2021 00:23:10.872,296.423,296.242,1.7,0.22
25.08.2021 00:23:11.275,296.423,296.26099999999997,1.7,0.22
25.08.2021 00:23:12.290,296.423,296.26,1.7,0.22
25.08.2021 00:23:13.204,296.423,296.246,1.7,0.22
25.08.2021 00:23:13.303,296.423,296.256,1.7,0.22
25.08.2021 00:23:14.009,296.423,296.246,1.7,0.22
25.08.2021 00:23:14.209,296.423,296.258,1.7,0.22
25.08.2021 00:23:15.232,296.423,296.26,1.7,0.22
25.08.2021 00:23:16.255,296.423,296.258,1.7,0.22
25.08.2021 00:23:17.300,296.443,296.26,1.7,0.22
25.08.2021 00:23:18.213,296.443,296.296,1.7,0.22
25.08.2021 00:23:19.236,296.443,296.259,1.7,0.22
25.08.2021 00:23:20.251,296.443,296.258,1.7,0.22
25.08.2021 00:23:21.278,296.443,296.26,1.7,0.22
25.08.2021 00:23:22.297,296.443,296.303,1.7,0.22
25.08.2021 00:23:23.227,296.443,296.262,1.7,0.22
25.08.2021 00:23:25.271,296.443,296.298,1.7,0.22
25.08.2021 00:23:26.297,296.443,296.26,1.7,0.22
25.08.2021 00:23:26.921,296.443,296.248,1.7,0.22
25.08.2021 00:23:27.308,296.443,296.26,1.7,0.22
25.08.2021 00:23:28.220,296.443,296.26099999999997,1.7,0.22
25.08.2021 00:23:29.245,296.443,296.303,1.7,0.22
25.08.2021 00:23:30.276,296.443,296.26099999999997,1.7,0.22
25.08.2021 00:23:31.302,296.443,296.259,1.7,0.22
25.08.2021 00:23:32.312,296.443,296.26099999999997,1.7,0.22
25.08.2021 00:23:33.238,296.443,296.296,1.7,0.22
25.08.2021 00:23:34.265,296.443,296.26,1.7,0.22
25.08.2021 00:23:35.278,296.443,296.295,1.7,0.22
25.08.2021 00:23:36.297,296.443,296.258,1.7,0.22
25.08.2021 00:23:37.221,296.443,296.254,1.7,0.22
25.08.2021 00:23:37.321,296.443,296.258,1.7,0.22
25.08.2021 00:23:38.241,296.443,296.26,1.7,0.22
25.08.2021 00:23:39.261,296.443,296.26099999999997,1.7,0.22
25.08.2021 00:23:40.276,296.443,296.257,1.7,0.22
25.08.2021 00:23:41.303,296.443,296.259,1.7,0.22
25.08.2021 00:23:42.226,296.443,296.26,1.7,0.22
25.08.2021 00:23:44.267,296.443,296.263,1.7,0.22
25.08.2021 00:23:45.287,296.443,296.26,1.7,0.22
25.08.2021 00:23:46.298,296.443,296.262,1.7,0.22
25.08.2021 00:23:48.231,296.443,296.26,1.7,0.22
25.08.2021 00:23:49.251,296.443,296.29400000000004,1.7,0.22
25.08.2021 00:23:50.271,296.443,296.26099999999997,1.7,0.22
25.08.2021 00:23:54.247,296.443,296.259,1.7,0.22
25.08.2021 00:23:56.290,296.443,296.26099999999997,1.7,0.22
25.08.2021 00:23:57.305,296.443,296.302,1.7,0.22
25.08.2021 00:23:58.323,296.443,296.259,1.7,0.22
25.08.2021 00:23:59.236,296.443,296.26,1.7,0.22
25.08.2021 00:24:01.280,296.443,296.258,1.7,0.22
25.08.2021 00:24:02.306,296.443,296.262,1.7,0.22
25.08.2021 00:24:07.319,296.443,296.259,1.7,0.22
25.08.2021 00:24:08.340,296.443,296.26099999999997,1.7,0.22
25.08.2021 00:24:09.263,296.443,296.259,1.7,0.22
25.08.2021 00:24:10.289,296.443,296.26099999999997,1.7,0.22
25.08.2021 00:24:12.335,296.443,296.258,1.7,0.22
25.08.2021 00:24:13.260,296.443,296.26,1.7,0.22
25.08.2021 00:24:14.284,296.443,296.258,1.7,0.22
25.08.2021 00:24:15.310,296.443,296.26,1.7,0.22
25.08.2021 00:24:15.709,296.433,296.26,1.7,0.22
25.08.2021 00:24:15.759,296.433,296.23400000000004,1.7,0.22
25.08.2021 00:24:15.960,296.433,296.238,1.7,0.22
25.08.2021 00:24:16.329,296.433,296.251,1.7,0.22
25.08.2021 00:24:17.345,296.433,296.252,1.7,0.22
25.08.2021 00:24:18.257,296.433,296.288,1.7,0.22
25.08.2021 00:24:19.277,296.433,296.257,1.7,0.22
25.08.2021 00:24:20.313,296.433,296.252,1.7,0.22
25.08.2021 00:24:21.343,296.433,296.251,1.7,0.22
25.08.2021 00:24:22.278,296.433,296.253,1.7,0.22
25.08.2021 00:24:23.270,296.433,296.251,1.7,0.22
25.08.2021 00:24:24.291,296.433,296.253,1.7,0.22
25.08.2021 00:24:25.313,296.433,296.29400000000004,1.7,0.22
25.08.2021 00:24:26.334,296.433,296.257,1.7,0.22
25.08.2021 00:24:27.355,296.433,296.255,1.7,0.22
25.08.2021 00:24:28.275,296.433,296.251,1.7,0.22
25.08.2021 00:24:32.266,296.433,296.25,1.7,0.22
25.08.2021 00:24:33.288,296.433,296.252,1.7,0.22
25.08.2021 00:24:34.301,296.433,296.258,1.7,0.22
25.08.2021 00:24:35.322,296.433,296.255,1.7,0.22
25.08.2021 00:24:36.348,296.433,296.29400000000004,1.7,0.22
25.08.2021 00:24:37.276,296.433,296.252,1.7,0.22
25.08.2021 00:24:39.311,296.433,296.28900000000004,1.7,0.22
25.08.2021 00:24:40.332,296.433,296.252,1.7,0.22
25.08.2021 00:24:41.365,296.433,296.253,1.7,0.22
25.08.2021 00:24:42.280,296.433,296.25,1.7,0.22
25.08.2021 00:24:43.287,296.433,296.251,1.7,0.22
25.08.2021 00:24:46.318,296.433,296.251,1.7,0.22
25.08.2021 00:24:46.448,296.433,296.118,1.7,2
25.08.2021 00:24:46.498,296.433,296.206,1.7,0.22
25.08.2021 00:24:46.652,296.433,296.249,1.7,0.22
25.08.2021 00:24:47.399,296.433,296.262,1.7,0.22
25.08.2021 00:24:48.371,296.433,296.258,1.7,0.22
25.08.2021 00:24:49.285,296.433,296.262,1.7,0.22
25.08.2021 00:24:50.311,296.433,296.30400000000003,1.7,0.22
25.08.2021 00:24:51.328,296.433,296.262,1.7,0.22
25.08.2021 00:24:52.351,296.433,296.263,1.7,0.22
25.08.2021 00:24:53.558,296.433,296.252,1.7,0.22
25.08.2021 00:24:53.969,296.433,296.253,1.7,0.22
25.08.2021 00:24:54.376,296.433,296.266,1.7,0.22
25.08.2021 00:24:55.299,296.433,296.265,1.7,0.22
25.08.2021 00:24:55.623,296.443,296.265,1.7,0.22
25.08.2021 00:24:55.724,296.443,296.246,1.7,0.22
25.08.2021 00:24:55.825,296.443,296.245,1.7,0.22
25.08.2021 00:24:55.938,296.463,296.228,1.7,0.22
25.08.2021 00:24:56.039,296.463,296.22900000000004,1.7,0.22
25.08.2021 00:24:56.092,296.463,296.22900000000004,1.7,0.22
25.08.2021 00:24:56.142,296.463,296.274,1.7,0.22
25.08.2021 00:24:56.306,296.463,296.286,1.7,0.22
25.08.2021 00:24:57.319,296.463,296.285,1.7,0.22
25.08.2021 00:24:58.334,296.463,296.288,1.7,0.22
25.08.2021 00:24:59.363,296.463,296.29,1.7,0.22
25.08.2021 00:25:00.179,296.463,296.277,1.7,0.22
25.08.2021 00:25:00.230,296.463,296.277,1.7,0.22
25.08.2021 00:25:00.379,296.463,296.255,1.7,0.1
25.08.2021 00:25:00.483,296.463,296.258,1.7,0.22
25.08.2021 00:25:00.679,296.463,296.272,1.7,0.22
25.08.2021 00:25:00.779,296.463,296.242,1.7,0.1
25.08.2021 00:25:00.879,296.463,296.27500000000003,1.7,0.22
25.08.2021 00:25:01.381,296.463,296.231,1.7,0.22
25.08.2021 00:25:01.580,296.463,296.276,1.7,0.22
25.08.2021 00:25:02.285,296.463,296.285,1.7,0.22
25.08.2021 00:25:05.336,296.463,296.28700000000003,1.7,0.22
25.08.2021 00:25:06.045,296.463,296.277,1.7,0.22
25.08.2021 00:25:06.353,296.463,296.288,1.7,0.22
25.08.2021 00:25:07.366,296.463,296.276,1.7,0.22
25.08.2021 00:25:08.379,296.463,296.28200000000004,1.7,0.22
25.08.2021 00:25:09.291,296.463,296.276,1.7,0.22
25.08.2021 00:25:09.395,296.463,296.281,1.7,0.22
25.08.2021 00:25:10.469,296.463,296.281,1.7,0.22
25.08.2021 00:25:10.520,296.463,296.251,1.7,0.1
25.08.2021 00:25:10.628,296.463,296.232,1.7,0.22
25.08.2021 00:25:10.897,296.473,296.168,1.7,2
25.08.2021 00:25:10.947,296.473,296.269,1.7,0.22
25.08.2021 00:25:11.148,296.473,296.273,1.7,0.22
25.08.2021 00:25:11.350,296.473,296.29900000000004,1.7,0.22
25.08.2021 00:25:12.337,296.473,296.296,1.7,0.22
25.08.2021 00:25:13.362,296.473,296.324,1.7,0.22
25.08.2021 00:25:14.389,296.473,296.29400000000004,1.7,0.22
25.08.2021 00:25:15.004,296.473,296.286,1.7,0.22
25.08.2021 00:25:15.305,296.473,296.293,1.7,0.22
25.08.2021 00:25:16.321,296.473,296.29400000000004,1.7,0.22
25.08.2021 00:25:17.347,296.473,296.293,1.7,0.22
25.08.2021 00:25:18.376,296.473,296.29400000000004,1.7,0.22
25.08.2021 00:25:18.480,296.473,296.244,1.7,0.22
25.08.2021 00:25:21.326,296.473,296.29400000000004,1.7,0.22
25.08.2021 00:25:22.144,296.473,296.286,1.7,0.22
25.08.2021 00:25:22.346,296.473,296.296,1.7,0.22
25.08.2021 00:25:23.363,296.473,296.295,1.7,0.22
25.08.2021 00:25:23.665,296.473,296.29,1.7,0.22
25.08.2021 00:25:24.378,296.473,296.298,1.7,0.22
25.08.2021 00:25:25.398,296.473,296.296,1.7,0.22
25.08.2021 00:25:26.318,296.473,296.297,1.7,0.22
25.08.2021 00:25:27.338,296.473,296.29900000000004,1.7,0.22
25.08.2021 00:25:27.848,296.473,296.28700000000003,1.7,0.22
25.08.2021 00:25:28.361,296.473,296.296,1.7,0.22
25.08.2021 00:25:30.310,296.473,296.297,1.7,0.22
25.08.2021 00:25:31.338,296.473,296.293,1.7,0.22
25.08.2021 00:25:32.348,296.473,296.29400000000004,1.7,0.22
25.08.2021 00:25:33.365,296.473,296.297,1.7,0.22
25.08.2021 00:25:34.385,296.473,296.332,1.7,0.22
25.08.2021 00:25:35.317,296.473,296.295,1.7,0.22
25.08.2021 00:25:36.343,296.473,296.297,1.7,0.22
25.08.2021 00:25:38.390,296.473,296.29900000000004,1.7,0.22
25.08.2021 00:25:39.399,296.473,296.297,1.7,0.22
25.08.2021 00:25:40.321,296.473,296.331,1.7,0.22
25.08.2021 00:25:41.337,296.473,296.296,1.7,0.22
25.08.2021 00:25:42.345,296.473,296.245,1.7,0.22
25.08.2021 00:25:43.054,296.473,296.28900000000004,1.7,0.22
25.08.2021 00:25:43.256,296.473,296.283,1.7,0.22
25.08.2021 00:25:43.359,296.473,296.296,1.7,0.22
25.08.2021 00:25:44.363,296.473,296.29900000000004,1.7,0.22
25.08.2021 00:25:45.374,296.473,296.296,1.7,0.22
25.08.2021 00:25:46.393,296.473,296.298,1.7,0.22
25.08.2021 00:25:47.317,296.473,296.29900000000004,1.7,0.22
25.08.2021 00:25:49.362,296.473,296.298,1.7,0.22
25.08.2021 00:25:50.381,296.473,296.29900000000004,1.7,0.22
25.08.2021 00:25:50.584,296.473,296.288,1.7,0.22
25.08.2021 00:25:51.400,296.473,296.296,1.7,0.22
25.08.2021 00:25:52.326,296.473,296.298,1.7,0.22
25.08.2021 00:25:53.350,296.473,296.29900000000004,1.7,0.22
25.08.2021 00:25:54.372,296.473,296.296,1.7,0.22
25.08.2021 00:25:55.398,296.473,296.298,1.7,0.22
25.08.2021 00:25:56.319,296.473,296.334,1.7,0.22
25.08.2021 00:25:56.423,296.473,296.333,1.7,0.22
25.08.2021 00:25:57.350,296.473,296.297,1.7,0.22
25.08.2021 00:25:58.377,296.473,296.29900000000004,1.7,0.22
25.08.2021 00:25:59.390,296.473,296.339,1.7,0.22
25.08.2021 00:26:00.397,296.473,296.298,1.7,0.22
25.08.2021 00:26:01.415,296.473,296.296,1.7,0.22
25.08.2021 00:26:02.336,296.473,296.297,1.7,0.22
25.08.2021 00:26:03.341,296.473,296.296,1.7,0.22
25.08.2021 00:26:04.561,296.473,296.288,1.7,0.22
25.08.2021 00:26:05.377,296.473,296.295,1.7,0.22
25.08.2021 00:26:06.393,296.473,296.297,1.7,0.22
25.08.2021 00:26:07.414,296.473,296.29400000000004,1.7,0.22
25.08.2021 00:26:08.138,296.473,296.272,1.7,0.22
25.08.2021 00:26:08.189,296.463,296.272,1.4,0.22
25.08.2021 00:26:08.339,296.463,296.279,1.7,0.22
25.08.2021 00:26:09.363,296.463,296.28900000000004,1.7,0.22
25.08.2021 00:26:09.769,296.463,296.269,1.7,0.22
25.08.2021 00:26:10.377,296.463,296.28400000000005,1.7,0.22
25.08.2021 00:26:11.395,296.463,296.285,1.7,0.22
25.08.2021 00:26:11.494,296.463,296.257,1.7,0.22
25.08.2021 00:26:11.598,296.463,296.266,1.7,0.22
25.08.2021 00:26:12.415,296.463,296.288,1.7,0.22
25.08.2021 00:26:14.363,296.463,296.28700000000003,1.7,0.22
25.08.2021 00:26:15.377,296.463,296.288,1.7,0.22
25.08.2021 00:26:16.396,296.463,296.28700000000003,1.7,0.22
25.08.2021 00:26:18.340,296.463,296.286,1.7,0.22
25.08.2021 00:26:19.355,296.463,296.288,1.7,0.22
25.08.2021 00:26:20.369,296.463,296.285,1.7,0.22
25.08.2021 00:26:21.392,296.463,296.28700000000003,1.7,0.22
25.08.2021 00:26:22.412,296.463,296.288,1.7,0.22
25.08.2021 00:26:23.334,296.463,296.265,1.7,0.22
25.08.2021 00:26:23.425,296.463,296.278,1.7,0.22
25.08.2021 00:26:23.543,296.463,296.278,1.7,0.22
25.08.2021 00:26:24.348,296.463,296.286,1.7,0.22
25.08.2021 00:26:26.072,296.463,296.278,1.7,0.22
25.08.2021 00:26:26.379,296.463,296.288,1.7,0.22
25.08.2021 00:26:27.399,296.463,296.28700000000003,1.7,0.22
25.08.2021 00:26:28.419,296.463,296.28900000000004,1.7,0.22
25.08.2021 00:26:29.338,296.463,296.272,1.7,0.22
25.08.2021 00:26:29.441,296.463,296.28900000000004,1.7,0.22
25.08.2021 00:26:30.213,296.463,296.28900000000004,1.7,0.22
25.08.2021 00:26:30.363,296.463,296.29,1.7,0.22
25.08.2021 00:26:32.406,296.463,296.28900000000004,1.7,0.22
25.08.2021 00:26:33.025,296.463,296.278,1.7,0.22
25.08.2021 00:26:33.435,296.463,296.288,1.7,0.22
25.08.2021 00:26:33.763,296.463,296.288,1.7,0.22
25.08.2021 00:26:34.347,296.463,296.28900000000004,1.7,0.22
25.08.2021 00:26:36.450,296.453,296.285,1.7,0.22
25.08.2021 00:26:36.708,296.453,296.232,1.7,0.22
25.08.2021 00:26:38.343,296.453,296.28400000000005,1.7,0.22
25.08.2021 00:26:39.361,296.453,296.28200000000004,1.7,0.22
25.08.2021 00:26:41.408,296.453,296.283,1.7,0.22
25.08.2021 00:26:42.432,296.453,296.28200000000004,1.7,0.22
25.08.2021 00:26:43.350,296.453,296.283,1.7,0.22
25.08.2021 00:26:44.368,296.453,296.281,1.7,0.22
25.08.2021 00:26:45.314,296.453,296.23,1.7,0.22
25.08.2021 00:26:45.415,296.453,296.276,1.4,0.22
25.08.2021 00:26:45.465,296.453,296.276,1.4,0.22
25.08.2021 00:26:45.659,296.453,296.277,1.4,0.22
25.08.2021 00:26:45.795,296.453,296.272,1.4,0.22
25.08.2021 00:26:46.405,296.453,296.28700000000003,1.4,0.22
25.08.2021 00:26:48.350,296.453,296.28900000000004,1.4,0.22
25.08.2021 00:26:49.375,296.453,296.286,1.4,0.22
25.08.2021 00:26:50.391,296.453,296.29,1.4,0.22
25.08.2021 00:26:51.413,296.453,296.286,1.4,0.22
25.08.2021 00:26:52.029,296.453,296.276,1.4,0.22
25.08.2021 00:26:52.430,296.453,296.28200000000004,1.4,0.22
25.08.2021 00:26:53.440,296.453,296.283,1.4,0.22
25.08.2021 00:26:55.360,296.453,296.286,1.4,0.22
25.08.2021 00:26:56.380,296.453,296.327,1.4,0.22
25.08.2021 00:26:57.414,296.453,296.285,1.4,0.22
25.08.2021 00:26:58.446,296.453,296.28700000000003,1.4,0.22
25.08.2021 00:26:59.405,296.453,296.28700000000003,1.4,0.22
25.08.2021 00:26:59.506,296.453,296.232,1.7,0.22
25.08.2021 00:27:00.375,296.453,296.277,1.7,0.22
25.08.2021 00:27:00.821,296.453,296.263,1.7,0.22
25.08.2021 00:27:01.022,296.453,296.259,1.7,0.22
25.08.2021 00:27:01.205,296.453,296.256,1.7,0.22
25.08.2021 00:27:01.424,296.453,296.288,1.7,0.22
25.08.2021 00:27:02.399,296.453,296.279,1.7,0.22
25.08.2021 00:27:03.414,296.453,296.281,1.7,0.22
25.08.2021 00:27:04.445,296.453,296.278,1.7,0.22
25.08.2021 00:27:05.371,296.453,296.28000000000003,1.7,0.22
25.08.2021 00:27:06.191,296.453,296.274,1.7,0.22
25.08.2021 00:27:06.298,296.453,296.274,1.7,0.22
25.08.2021 00:27:06.392,296.453,296.285,1.7,0.22
25.08.2021 00:27:06.616,296.453,296.27500000000003,1.7,0.22
25.08.2021 00:27:07.094,296.453,296.265,1.7,0.22
25.08.2021 00:27:07.400,296.453,296.283,1.7,0.22
25.08.2021 00:27:08.413,296.453,296.28400000000005,1.7,0.22
25.08.2021 00:27:09.440,296.453,296.32,1.7,0.22
25.08.2021 00:27:09.641,296.453,296.26,1.7,0.22
25.08.2021 00:27:10.451,296.453,296.28400000000005,1.7,0.22
25.08.2021 00:27:12.392,296.453,296.231,1.7,0.22
25.08.2021 00:27:13.399,296.453,296.307,1.7,0.22
25.08.2021 00:27:14.415,296.453,296.28400000000005,1.7,0.22
25.08.2021 00:27:15.432,296.453,296.286,1.7,0.22
25.08.2021 00:27:15.535,296.453,296.264,1.7,0.22
25.08.2021 00:27:16.456,296.453,296.28200000000004,1.7,0.22
25.08.2021 00:27:17.368,296.453,296.279,1.7,0.22
25.08.2021 00:27:17.468,296.453,296.283,1.7,0.22
25.08.2021 00:27:19.399,296.453,296.285,1.7,0.22
25.08.2021 00:27:20.423,296.453,296.283,1.7,0.22
25.08.2021 00:27:21.445,296.453,296.28200000000004,1.7,0.22
25.08.2021 00:27:24.396,296.453,296.28400000000005,1.7,0.22
25.08.2021 00:27:25.416,296.453,296.285,1.7,0.22
25.08.2021 00:27:27.369,296.453,296.28400000000005,1.7,0.22
25.08.2021 00:27:27.471,296.453,296.28200000000004,1.7,0.22
25.08.2021 00:27:29.403,296.453,296.28400000000005,1.7,0.22
25.08.2021 00:27:30.420,296.453,296.285,1.7,0.22
25.08.2021 00:27:31.432,296.453,296.283,1.7,0.22
25.08.2021 00:27:34.384,296.453,296.285,1.7,0.22
25.08.2021 00:27:35.401,296.453,296.325,1.7,0.22
25.08.2021 00:27:36.472,296.463,296.283,1.7,0.22
25.08.2021 00:27:37.038,296.463,296.265,1.7,0.22
25.08.2021 00:27:37.446,296.463,296.286,1.7,0.22
25.08.2021 00:27:38.487,296.463,296.28700000000003,1.7,0.22
25.08.2021 00:27:39.410,296.463,296.288,1.7,0.22
25.08.2021 00:27:42.474,296.463,296.28400000000005,1.7,0.22
25.08.2021 00:27:43.388,296.463,296.285,1.7,0.22
