Gmt time,Ask,Bid,AskVolume,BidVolume
24.08.2021 00:00:00.018,298.266,297.874,0.37,0.37
24.08.2021 00:00:00.281,298.358,297.824,1.12,1.12
24.08.2021 00:00:01.070,298.345,297.833,1.5,1
24.08.2021 00:00:01.223,298.345,297.894,1.5,0.37
24.08.2021 00:00:04.470,298.345,297.834,1,1.12
24.08.2021 00:00:05.860,298.345,297.84200000000004,1.5,1.12
24.08.2021 00:00:06.014,298.286,297.844,0.37,1.12
24.08.2021 00:00:06.364,298.337,297.844,1.5,1.12
24.08.2021 00:00:08.233,298.266,297.84200000000004,0.37,1.12
24.08.2021 00:00:12.275,298.336,297.845,1.12,1.12
24.08.2021 00:00:13.203,298.337,297.831,1.5,1.12
24.08.2021 00:00:15.759,298.324,297.84700000000004,1,1.12
24.08.2021 00:00:15.860,298.324,297.84900000000005,1.5,1.12
24.08.2021 00:00:16.011,298.337,297.85200000000003,1.12,1.5
24.08.2021 00:00:16.215,298.332,297.85400000000004,1.5,1.12
24.08.2021 00:00:18.467,298.33,297.844,1.5,1.12
24.08.2021 00:00:20.623,298.337,297.835,1.5,1.12
24.08.2021 00:00:20.673,298.337,297.836,1.5,1.12
24.08.2021 00:00:25.971,298.318,297.844,1.12,1.12
24.08.2021 00:00:26.172,298.31,297.85400000000004,1.5,1
24.08.2021 00:00:26.374,298.31,297.846,1.5,1.12
24.08.2021 00:00:26.585,298.332,297.822,1,1.12
24.08.2021 00:00:26.818,298.332,297.822,1.5,1
24.08.2021 00:00:27.987,298.329,297.79400000000004,1.5,1.12
24.08.2021 00:00:28.841,298.32599999999996,297.84900000000005,1,0.37
24.08.2021 00:00:28.942,298.293,297.856,1.12,1.12
24.08.2021 00:00:29.093,298.315,297.834,1.12,1.12
24.08.2021 00:00:29.576,298.318,297.822,1.5,1.87
24.08.2021 00:00:29.932,298.315,297.828,1.12,1.12
24.08.2021 00:00:30.135,298.313,297.827,1.12,1.12
24.08.2021 00:00:30.378,298.313,297.894,1.12,0.37
24.08.2021 00:00:38.982,298.305,297.839,1.5,1.12
24.08.2021 00:00:39.186,298.3,297.856,1.5,1.5
24.08.2021 00:00:47.345,298.306,297.834,1.12,1.12
24.08.2021 00:00:49.108,298.271,297.836,1.5,1.12
24.08.2021 00:00:57.414,298.281,297.825,1,1.5
24.08.2021 00:00:57.566,298.236,297.82599999999996,0.37,1.12
24.08.2021 00:00:59.213,298.27500000000003,297.84700000000004,1.5,1.12
24.08.2021 00:00:59.423,298.28200000000004,297.835,1.12,1.12
24.08.2021 00:01:24.189,298.254,297.839,1.12,1.12
24.08.2021 00:01:35.375,298.25,297.80400000000003,1.25,1.12
24.08.2021 00:01:35.524,298.25,297.80400000000003,1,1
24.08.2021 00:01:47.552,298.249,297.79400000000004,1,1
24.08.2021 00:01:47.970,298.248,297.839,1,0.37
24.08.2021 00:01:59.927,298.248,297.84900000000005,1.62,1
24.08.2021 00:02:00.231,298.248,297.834,1.44,1.12
24.08.2021 00:02:00.282,298.248,297.834,1.5,1
24.08.2021 00:02:00.436,298.248,297.839,1.5,1
24.08.2021 00:02:00.537,298.248,297.839,1.5,1.12
24.08.2021 00:02:00.601,298.248,297.839,1.5,1
24.08.2021 00:02:00.852,298.248,297.839,1.5,1.12
24.08.2021 00:02:01.044,298.246,297.839,1.5,1
24.08.2021 00:02:01.145,298.246,297.839,1.5,1.12
24.08.2021 00:02:01.465,298.246,297.839,1.5,1
24.08.2021 00:02:02.780,298.246,297.839,1.5,1.12
24.08.2021 00:02:03.033,298.23400000000004,297.82,1.12,1.12
24.08.2021 00:02:03.571,298.23400000000004,297.82,1.5,1.12
24.08.2021 00:02:25.507,298.23400000000004,297.827,1.12,1.12
24.08.2021 00:02:25.685,298.23400000000004,297.825,1.12,1.12
24.08.2021 00:02:26.650,298.23400000000004,297.825,1.12,1.12
24.08.2021 00:02:34.719,298.23400000000004,297.832,1.06,1.12
24.08.2021 00:02:34.912,298.23400000000004,297.838,1.06,1.12
24.08.2021 00:02:35.172,298.23400000000004,297.833,1.12,1.12
24.08.2021 00:02:37.745,298.23400000000004,297.833,1.12,1.12
24.08.2021 00:02:38.041,298.23400000000004,297.82,1.12,1.5
24.08.2021 00:02:45.298,298.21500000000003,297.809,1.12,1.5
24.08.2021 00:02:59.497,298.21500000000003,297.803,1.12,1.12
24.08.2021 00:03:14.860,298.19599999999997,297.79,1.12,1.5
24.08.2021 00:03:54.943,298.146,297.844,0.37,0.37
24.08.2021 00:05:06.188,298.178,297.816,1,1
24.08.2021 00:05:08.191,298.178,297.819,1,1
24.08.2021 00:05:08.347,298.126,297.819,0.37,1
24.08.2021 00:05:08.552,298.178,297.822,1,1
24.08.2021 00:05:08.690,298.166,297.828,1,1
24.08.2021 00:05:08.799,298.156,297.828,1,1
24.08.2021 00:05:08.995,298.178,297.823,1,1
24.08.2021 00:05:09.097,298.166,297.828,1,1
24.08.2021 00:05:09.202,298.156,297.828,1,1
24.08.2021 00:05:09.379,298.178,297.793,1,1.5
24.08.2021 00:05:09.496,298.178,297.79400000000004,1.25,1.5
24.08.2021 00:05:09.608,298.178,297.79400000000004,1.25,1.5
24.08.2021 00:05:09.658,298.178,297.79200000000003,1,1.5
24.08.2021 00:05:09.836,298.178,297.798,1.25,1.5
24.08.2021 00:05:14.098,298.178,297.798,1.25,1.5
24.08.2021 00:05:24.802,298.178,297.798,1.25,1.5
24.08.2021 00:05:42.599,298.178,297.798,1.25,1.5
24.08.2021 00:05:58.801,298.184,297.798,1.25,1.5
24.08.2021 00:05:59.514,298.186,297.798,1.75,1.5
24.08.2021 00:05:59.912,298.186,297.80400000000003,1.5,1.12
24.08.2021 00:06:00.759,298.188,297.809,1.12,1.5
24.08.2021 00:06:10.598,298.188,297.809,1.12,1.5
24.08.2021 00:06:25.351,298.187,297.809,1.12,1.5
24.08.2021 00:07:19.557,298.182,297.79400000000004,1.5,1.5
24.08.2021 00:07:25.724,298.189,297.79200000000003,1,1.5
24.08.2021 00:07:28.225,298.189,297.79200000000003,1.06,1.5
24.08.2021 00:07:29.330,298.189,297.79200000000003,1.12,1.5
24.08.2021 00:09:00.437,298.176,297.779,1,1.5
24.08.2021 00:09:25.076,298.187,297.79900000000004,1.75,1.5
24.08.2021 00:09:37.444,298.188,297.802,1,1.5
24.08.2021 00:09:37.595,298.188,297.802,1.25,1.5
24.08.2021 00:09:37.717,298.188,297.802,1.25,1.5
24.08.2021 00:09:44.034,298.188,297.803,1.25,1.12
24.08.2021 00:09:44.412,298.188,297.807,1.25,1.12
24.08.2021 00:09:44.564,298.188,297.807,1.25,1.12
24.08.2021 00:09:48.385,298.188,297.80400000000003,1,1.5
24.08.2021 00:09:48.588,298.188,297.80400000000003,1.25,1.5
24.08.2021 00:10:21.035,298.184,297.796,1.5,1.12
24.08.2021 00:10:21.238,298.184,297.79200000000003,1.75,1.5
24.08.2021 00:10:31.666,298.184,297.79200000000003,1.75,1.5
24.08.2021 00:10:31.867,298.184,297.79200000000003,1.75,1.5
24.08.2021 00:10:50.883,298.193,297.805,1.5,1.5
24.08.2021 00:10:51.035,298.13599999999997,297.807,0.37,1.5
24.08.2021 00:10:51.286,298.188,297.802,1.75,1.12
24.08.2021 00:10:54.126,298.188,297.802,1.75,1.12
24.08.2021 00:10:54.328,298.195,297.807,1.75,1.5
24.08.2021 00:11:00.233,298.195,297.807,1.75,1.5
24.08.2021 00:11:15.612,298.19599999999997,297.808,1.5,1.5
24.08.2021 00:11:15.763,298.146,297.884,0.37,0.37
24.08.2021 00:11:15.964,298.2,297.82,1.25,1.5
24.08.2021 00:11:16.014,298.2,297.82,1.25,1.5
24.08.2021 00:11:16.215,298.2,297.82,1.25,1.5
24.08.2021 00:11:18.299,298.206,297.82,1.25,1.5
24.08.2021 00:11:19.931,298.208,297.82,1.75,1.5
24.08.2021 00:11:25.454,298.208,297.825,1.5,1.12
24.08.2021 00:11:25.555,298.208,297.819,1.5,1.12
24.08.2021 00:11:28.085,298.21500000000003,297.827,1.75,1.5
24.08.2021 00:11:28.240,298.156,297.827,0.37,1.5
24.08.2021 00:11:51.942,298.21500000000003,297.816,1.25,1.12
24.08.2021 00:11:52.390,298.21500000000003,297.874,0.87,0.37
24.08.2021 00:11:55.942,298.21500000000003,297.816,1.12,1.12
24.08.2021 00:11:57.408,298.198,297.817,1.5,1.12
24.08.2021 00:11:57.562,298.198,297.817,1.5,1.12
24.08.2021 00:12:03.755,298.198,297.816,1.5,1.12
24.08.2021 00:12:03.856,298.204,297.816,1.5,1.5
24.08.2021 00:12:03.906,298.146,297.816,0.37,1.5
24.08.2021 00:12:04.111,298.208,297.819,1.12,1.5
24.08.2021 00:12:04.277,298.146,297.82,0.37,1.5
24.08.2021 00:12:04.722,298.208,297.828,1.5,1.12
24.08.2021 00:12:05.007,298.21500000000003,297.828,1,1.5
24.08.2021 00:12:05.209,298.21500000000003,297.829,1.12,1.5
24.08.2021 00:12:05.414,298.21500000000003,297.829,1.12,1.5
24.08.2021 00:12:30.322,298.21500000000003,297.829,1.12,1.5
24.08.2021 00:12:35.562,298.21500000000003,297.829,1.12,1.5
24.08.2021 00:12:41.977,298.21700000000004,297.829,1.5,1.5
24.08.2021 00:12:42.180,298.21700000000004,297.829,1.75,1.5
24.08.2021 00:12:45.458,298.218,297.83,1.5,1.5
24.08.2021 00:12:45.613,298.218,297.83,1.75,1.5
24.08.2021 00:12:49.911,298.213,297.827,1.12,1.5
24.08.2021 00:12:49.961,298.225,297.827,1.25,1.5
24.08.2021 00:12:50.111,298.156,297.829,0.37,1.5
24.08.2021 00:12:54.966,298.225,297.827,1.25,1.5
24.08.2021 00:12:55.127,298.156,297.829,0.37,1.5
24.08.2021 00:12:55.907,298.22,297.832,1.75,1.5
24.08.2021 00:12:56.060,298.22,297.832,1.75,1.5
24.08.2021 00:13:04.482,298.21500000000003,297.85900000000004,1.5,1
24.08.2021 00:13:04.635,298.156,297.85900000000004,0.37,1
24.08.2021 00:13:06.708,298.223,297.835,1.5,1.5
24.08.2021 00:13:06.861,298.166,297.835,0.37,1.5
24.08.2021 00:13:20.365,298.223,297.835,1.75,1.5
24.08.2021 00:13:26.001,298.22200000000004,297.834,1.5,1.5
24.08.2021 00:13:26.185,298.22400000000005,297.835,1.75,1.5
24.08.2021 00:13:27.290,298.22400000000005,297.835,1.75,1.5
24.08.2021 00:13:27.497,298.214,297.834,1.5,1.12
24.08.2021 00:13:32.584,298.214,297.82599999999996,1.5,1.12
24.08.2021 00:13:32.784,298.204,297.82599999999996,1.12,1.12
24.08.2021 00:13:33.351,298.146,297.82599999999996,0.37,1.12
24.08.2021 00:13:33.552,298.203,297.82599999999996,1.5,1.12
24.08.2021 00:13:43.766,298.172,297.844,1,1
24.08.2021 00:13:46.967,298.206,297.819,1.5,1.12
24.08.2021 00:13:47.171,298.203,297.819,1.12,1.12
24.08.2021 00:14:00.479,298.203,297.819,1.12,1.12
24.08.2021 00:14:00.530,298.206,297.845,1.5,1
24.08.2021 00:14:00.681,298.146,297.845,0.37,1
24.08.2021 00:14:06.316,298.165,297.828,1,1
24.08.2021 00:14:06.519,298.17400000000004,297.846,1,1
24.08.2021 00:14:09.855,298.165,297.828,1,1
24.08.2021 00:14:13.160,298.163,297.828,1,1
24.08.2021 00:14:26.307,298.165,297.828,1,1
24.08.2021 00:14:26.532,298.163,297.828,1,1
24.08.2021 00:14:26.734,298.163,297.828,1,1
24.08.2021 00:14:35.301,298.163,297.828,1,1
24.08.2021 00:14:40.838,298.186,297.846,1,1
24.08.2021 00:14:41.027,298.17400000000004,297.846,1,1
24.08.2021 00:14:42.099,298.146,297.874,0.37,0.37
24.08.2021 00:14:45.231,298.2,297.815,1.5,1.12
24.08.2021 00:14:45.385,298.13599999999997,297.815,0.37,1.12
24.08.2021 00:15:58.403,298.204,297.853,1.5,1.25
24.08.2021 00:16:42.598,298.199,297.82599999999996,1.75,1.12
24.08.2021 00:16:57.076,298.199,297.822,1.75,1.12
24.08.2021 00:17:01.087,298.199,297.828,1.75,1.12
24.08.2021 00:17:04.568,298.197,297.828,1.12,1.12
24.08.2021 00:17:08.682,298.197,297.828,1.12,1.12
24.08.2021 00:17:08.961,298.197,297.828,1.12,1.12
24.08.2021 00:17:09.162,298.199,297.839,1.75,1.25
24.08.2021 00:17:11.266,298.199,297.85,1.75,1.25
24.08.2021 00:17:15.674,298.21700000000004,297.85900000000004,1.5,1.25
24.08.2021 00:17:29.407,298.21700000000004,297.846,1.5,1.12
24.08.2021 00:21:40.612,298.21500000000003,297.841,1.75,1.12
24.08.2021 00:21:40.982,298.223,297.851,1.75,1.5
24.08.2021 00:21:41.166,298.231,297.86,1.25,1.12
24.08.2021 00:22:50.675,298.22200000000004,297.865,1.25,0.87
24.08.2021 00:22:51.412,298.22200000000004,297.865,1.5,1.12
24.08.2021 00:22:51.599,298.22200000000004,297.865,1.5,1
24.08.2021 00:25:10.918,298.221,297.865,1.5,1
24.08.2021 00:25:11.839,298.221,297.867,1.5,1.44
24.08.2021 00:25:22.829,298.221,297.865,1.75,1.12
24.08.2021 00:25:27.432,298.23900000000003,297.865,1.75,1.12
24.08.2021 00:25:35.446,298.23900000000003,297.883,1.75,1.12
24.08.2021 00:25:35.619,298.23900000000003,297.883,1.75,1.12
24.08.2021 00:26:07.292,298.245,297.883,1.75,1.12
24.08.2021 00:26:07.525,298.245,297.883,1.75,1.12
24.08.2021 00:26:08.370,298.263,297.883,1.75,1.12
24.08.2021 00:26:17.234,298.263,297.883,1.75,1.12
24.08.2021 00:26:25.150,298.263,297.891,1.75,1.12
24.08.2021 00:26:27.619,298.263,297.894,1.75,1.12
24.08.2021 00:26:28.115,298.263,297.894,1.75,1.12
24.08.2021 00:26:36.508,298.263,297.894,1.75,1.12
24.08.2021 00:26:39.100,298.263,297.894,1.75,1.12
24.08.2021 00:26:43.346,298.279,297.894,1.75,1.12
24.08.2021 00:26:43.513,298.279,297.896,1.75,1.12
24.08.2021 00:27:00.818,298.279,297.894,1.75,1.12
24.08.2021 00:27:01.020,298.27500000000003,297.894,1.25,1.12
24.08.2021 00:27:24.857,298.279,297.894,1.75,1.12
24.08.2021 00:27:25.058,298.279,297.915,1.75,1.25
24.08.2021 00:27:51.580,298.273,297.882,1.25,1.12
24.08.2021 00:28:01.450,298.274,297.883,1.25,1.12
24.08.2021 00:28:07.568,298.277,297.88599999999997,1.25,1.12
24.08.2021 00:28:09.506,298.277,297.88599999999997,1.25,1.12
24.08.2021 00:28:14.410,298.273,297.882,1.25,1.12
24.08.2021 00:30:01.029,298.274,297.895,1.25,1.12
24.08.2021 00:31:06.340,298.268,297.884,1.25,1.5
24.08.2021 00:31:06.390,298.268,297.884,1.25,1.5
24.08.2021 00:31:06.634,298.258,297.884,1.25,1.5
24.08.2021 00:32:33.042,298.24,297.934,1.25,0.37
24.08.2021 00:32:36.595,298.24,297.87,1.5,1.12
24.08.2021 00:32:40.443,298.24,297.875,1.5,1.12
24.08.2021 00:34:00.507,298.256,297.883,1.75,1.12
24.08.2021 00:34:00.669,298.256,297.883,1.75,1.12
24.08.2021 00:34:17.439,298.245,297.883,1.5,1.12
24.08.2021 00:34:19.206,298.245,297.883,1.5,1.12
24.08.2021 00:34:48.818,298.263,297.876,1.75,1.12
24.08.2021 00:34:49.090,298.263,297.876,1.75,1.12
24.08.2021 00:34:56.100,298.259,297.874,1.25,1.5
24.08.2021 00:35:19.028,298.258,297.874,1.25,1.5
24.08.2021 00:35:28.453,298.259,297.874,1.25,1.5
24.08.2021 00:35:55.225,298.256,297.871,1.25,1.5
24.08.2021 00:35:57.462,298.259,297.871,1.75,1.5
24.08.2021 00:35:58.165,298.259,297.871,1.75,1.5
24.08.2021 00:36:01.610,298.259,297.873,1.75,1.12
24.08.2021 00:36:04.030,298.259,297.874,1.75,1.12
24.08.2021 00:36:06.738,298.259,297.874,1.75,1.12
24.08.2021 00:36:08.115,298.259,297.874,1.75,1.12
24.08.2021 00:36:10.003,298.259,297.874,1.75,1.12
24.08.2021 00:36:20.083,298.258,297.871,1.25,1.5
24.08.2021 00:36:22.250,298.258,297.871,1.25,1.5
24.08.2021 00:36:49.994,298.19599999999997,297.934,0.37,0.37
24.08.2021 00:36:50.197,298.206,297.934,0.37,0.37
24.08.2021 00:37:31.275,298.266,297.882,1.25,1.5
24.08.2021 00:37:31.491,298.266,297.882,1.25,1.5
24.08.2021 00:37:46.600,298.258,297.882,1.25,1.5
24.08.2021 00:38:15.393,298.19599999999997,297.879,0.37,1
24.08.2021 00:38:32.354,298.19599999999997,297.934,0.37,0.37
24.08.2021 00:38:43.092,298.258,297.874,1.25,1.12
24.08.2021 00:38:43.294,298.258,297.874,1.25,1.12
24.08.2021 00:38:46.291,298.258,297.874,1.25,1.12
24.08.2021 00:38:46.493,298.258,297.874,1.25,1.12
24.08.2021 00:38:52.539,298.258,297.873,1.25,1.12
24.08.2021 00:39:03.866,298.19599999999997,297.92400000000004,0.37,0.37
24.08.2021 00:39:04.069,298.26099999999997,297.873,1.75,1.5
24.08.2021 00:39:04.317,298.26099999999997,297.873,1.75,1.5
24.08.2021 00:40:01.601,298.19599999999997,297.934,0.37,0.37
24.08.2021 00:40:22.600,298.258,297.872,1.25,1.5
24.08.2021 00:40:25.061,298.258,297.872,1.25,1.5
24.08.2021 00:40:31.029,298.26,297.876,1.75,1.12
24.08.2021 00:40:42.325,298.26,297.876,1.75,1.12
24.08.2021 00:42:43.838,298.271,297.88599999999997,1.25,1.5
24.08.2021 00:42:44.037,298.245,297.88599999999997,1.25,1.75
24.08.2021 00:42:48.889,298.247,297.893,1.25,1.25
24.08.2021 00:42:50.669,298.28200000000004,297.903,1.25,1.12
24.08.2021 00:42:50.828,298.28200000000004,297.903,1.25,1.12
24.08.2021 00:42:59.379,298.28200000000004,297.903,1.25,1.12
24.08.2021 00:43:01.068,298.295,297.91900000000004,1.25,1.12
24.08.2021 00:43:01.292,298.3,297.922,1.25,1.12
24.08.2021 00:43:01.342,298.3,297.922,1.25,1.12
24.08.2021 00:43:01.443,298.29,297.922,1.25,1.12
24.08.2021 00:43:01.598,298.29,297.922,1.25,1.12
24.08.2021 00:43:04.259,298.29,297.922,1.25,1.12
24.08.2021 00:43:04.795,298.29,297.922,1.25,1.12
24.08.2021 00:43:22.986,298.29,297.911,1.25,1.25
24.08.2021 00:43:26.928,298.29,297.911,1.25,1.25
24.08.2021 00:43:37.564,298.29,297.911,1.25,1.12
24.08.2021 00:44:02.388,298.297,297.91,1.25,1.5
24.08.2021 00:44:22.480,298.296,297.91,1.25,1.75
24.08.2021 00:44:26.330,298.296,297.91,1.25,1.75
24.08.2021 00:44:40.237,298.293,297.91,1.25,1.5
24.08.2021 00:45:38.031,298.279,297.90900000000005,1.75,1.12
24.08.2021 00:45:46.829,298.277,297.90900000000005,1.75,1.25
24.08.2021 00:45:47.280,298.277,297.90900000000005,1.75,1.25
24.08.2021 00:45:51.436,298.277,297.90900000000005,1.75,1.25
24.08.2021 00:46:23.098,298.277,297.90900000000005,1.75,1.12
24.08.2021 00:47:28.602,298.293,297.906,1.75,1.12
24.08.2021 00:47:31.641,298.293,297.906,1.75,1.12
24.08.2021 00:47:35.981,298.27500000000003,297.906,1.75,1.12
24.08.2021 00:47:37.481,298.273,297.906,1.25,1.12
24.08.2021 00:47:41.316,298.27,297.906,1.12,1.12
24.08.2021 00:47:56.370,298.259,297.888,1.25,1.12
24.08.2021 00:47:56.774,298.273,297.888,1.25,1.12
24.08.2021 00:48:08.910,298.257,297.888,1.75,1.12
24.08.2021 00:48:39.272,298.244,297.888,1.25,1
24.08.2021 00:48:46.241,298.257,297.888,1.75,1.12
24.08.2021 00:48:47.997,298.257,297.888,1.75,1.12
24.08.2021 00:49:01.482,298.257,297.884,1.75,1.12
24.08.2021 00:49:01.937,298.248,297.88599999999997,1.25,1.25
24.08.2021 00:49:22.182,298.246,297.887,1.25,1.25
24.08.2021 00:49:22.424,298.242,297.884,1.25,1.25
24.08.2021 00:49:27.206,298.266,297.884,1.75,1.12
24.08.2021 00:49:37.802,298.266,297.884,1.75,1.12
24.08.2021 00:50:53.587,298.254,297.884,1.25,1.12
24.08.2021 00:50:58.276,298.254,297.944,1.25,0.37
24.08.2021 00:52:09.357,298.257,297.887,1.75,1.12
24.08.2021 00:52:09.559,298.257,297.889,1.75,1.5
24.08.2021 00:52:47.043,298.27500000000003,297.895,1.75,1.12
24.08.2021 00:52:47.247,298.29,297.90700000000004,1.25,1.5
24.08.2021 00:52:52.314,298.293,297.91900000000004,1.75,1.12
24.08.2021 00:52:55.101,298.293,297.91900000000004,1.75,1.12
24.08.2021 00:53:00.356,298.305,297.922,1.87,1.95
24.08.2021 00:53:02.157,298.305,297.938,1.87,1.25
24.08.2021 00:53:02.359,298.309,297.943,1.75,1.25
24.08.2021 00:53:17.321,298.28700000000003,297.927,1.25,1.25
24.08.2021 00:53:17.432,298.28700000000003,297.927,1.25,1.25
24.08.2021 00:53:26.791,298.29900000000004,297.894,1,1
24.08.2021 00:53:26.842,298.318,297.885,1,1.5
24.08.2021 00:53:26.993,298.319,297.853,1.5,1.5
24.08.2021 00:53:29.931,298.319,297.853,1.5,1.5
24.08.2021 00:53:30.233,298.319,297.853,1.5,1.5
24.08.2021 00:53:30.435,298.319,297.853,1.5,1.5
24.08.2021 00:53:36.294,298.319,297.92400000000004,1.5,0.37
24.08.2021 00:53:36.445,298.333,297.876,1.5,1.5
24.08.2021 00:54:01.663,298.338,297.876,1.5,1.5
24.08.2021 00:54:03.316,298.338,297.876,1.5,1.44
24.08.2021 00:54:03.782,298.332,297.876,1.75,1
24.08.2021 00:54:04.021,298.332,297.876,1.5,1
24.08.2021 00:54:07.576,298.332,297.876,2.37,1.5
24.08.2021 00:54:29.852,298.314,297.848,1.5,1.5
24.08.2021 00:54:36.642,298.314,297.848,1.5,1.7
24.08.2021 00:54:37.473,298.314,297.848,1.5,1.5
24.08.2021 00:54:37.677,298.314,297.848,1.5,1.7
24.08.2021 00:54:41.355,298.314,297.848,1.5,1.7
24.08.2021 00:54:44.845,298.314,297.848,1.5,1.5
24.08.2021 00:54:55.313,298.314,297.848,1.5,1.5
24.08.2021 00:54:59.227,298.314,297.848,1.5,1.5
24.08.2021 00:54:59.415,298.288,297.82099999999997,1.5,1.5
24.08.2021 00:55:00.405,298.288,297.823,1.5,1.5
24.08.2021 00:55:02.703,298.288,297.823,1.5,1.5
24.08.2021 00:55:02.905,298.288,297.823,1.5,1.5
24.08.2021 00:55:07.126,298.288,297.823,1.5,1.5
24.08.2021 00:55:07.228,298.271,297.887,1.25,1.12
24.08.2021 00:55:09.173,298.271,297.88599999999997,1.25,1.5
24.08.2021 00:55:11.206,298.25,297.87,1.75,1.12
24.08.2021 00:55:21.020,298.248,297.87,1.12,1.12
24.08.2021 00:55:30.367,298.248,297.87,1.12,1.12
24.08.2021 00:55:32.849,298.248,297.87,1.12,1.12
24.08.2021 00:55:33.413,298.27,297.879,1.75,1.5
24.08.2021 00:55:37.996,298.27,297.885,1.75,1.12
24.08.2021 00:55:39.145,298.27,297.879,1.75,1.5
24.08.2021 00:55:39.349,298.27,297.894,1.75,1.12
24.08.2021 00:55:41.586,298.271,297.897,1.25,1.5
24.08.2021 00:55:41.789,298.288,297.906,1.75,1.12
24.08.2021 00:55:45.602,298.288,297.937,1.75,1.25
24.08.2021 00:55:59.890,298.288,297.913,1.75,1.12
24.08.2021 00:56:00.088,298.28900000000004,297.916,1.25,1.5
24.08.2021 00:56:00.306,298.306,297.918,1.75,1.12
24.08.2021 00:56:01.591,298.305,297.925,1.75,1.12
24.08.2021 00:56:08.772,298.28200000000004,297.90700000000004,1.75,1.12
24.08.2021 00:56:10.663,298.28200000000004,297.97400000000005,1.75,0.37
24.08.2021 00:56:13.874,298.301,297.911,1.75,1.5
24.08.2021 00:56:19.926,298.301,297.916,1.75,1.12
24.08.2021 00:56:59.063,298.301,297.92,1.75,1.12
24.08.2021 00:57:03.245,298.305,297.92900000000003,1.75,1.5
24.08.2021 00:57:03.445,298.313,297.92900000000003,1.25,1.5
24.08.2021 00:57:03.654,298.308,297.93,1.25,1.12
24.08.2021 00:57:04.326,298.308,297.93,1.25,1.12
24.08.2021 00:57:04.866,298.308,297.93,1.25,1.12
24.08.2021 00:57:09.974,298.319,297.933,1.75,1.12
24.08.2021 00:57:10.126,298.319,297.933,1.75,1.12
24.08.2021 00:57:11.525,298.319,297.936,1.75,1.12
24.08.2021 00:57:18.252,298.319,297.936,1.75,1.12
24.08.2021 00:57:21.898,298.319,297.936,1.75,1.12
24.08.2021 00:57:22.841,298.319,297.936,1.75,1.12
24.08.2021 00:57:36.400,298.316,297.93,1.25,1.12
24.08.2021 00:57:37.611,298.319,297.93,1.75,1.12
24.08.2021 00:57:41.086,298.319,297.93,1.75,1.12
24.08.2021 00:57:46.651,298.319,297.933,1.75,1.12
24.08.2021 00:57:52.798,298.319,297.933,1.75,1.12
24.08.2021 00:57:58.257,298.319,297.933,1.75,1.12
24.08.2021 00:58:21.392,298.322,297.94,1.75,1.12
24.08.2021 00:58:21.652,298.322,297.94,1.75,1.12
24.08.2021 00:58:34.090,298.322,297.943,1.75,1.12
24.08.2021 00:58:39.144,298.322,297.943,1.75,1.12
24.08.2021 00:58:49.697,298.322,297.943,1.75,1.12
24.08.2021 00:58:49.852,298.322,297.943,1.75,1.12
24.08.2021 00:59:02.527,298.322,297.943,1.75,1.12
24.08.2021 00:59:05.119,298.333,297.943,1.75,1.5
24.08.2021 00:59:06.106,298.325,297.943,1.25,1.5
24.08.2021 00:59:14.533,298.325,297.943,1.25,1.5
24.08.2021 00:59:40.190,298.325,297.943,1.25,1.5
24.08.2021 00:59:41.094,298.325,297.943,1.25,1.5
24.08.2021 00:59:46.362,298.325,297.943,1.25,1.5
24.08.2021 00:59:46.767,298.333,297.943,1.75,1.5
24.08.2021 00:59:56.110,298.333,297.943,1.75,1.5
24.08.2021 00:59:56.464,298.33,297.943,1.25,1.5
24.08.2021 01:00:01.072,298.325,297.943,1.25,1.5
24.08.2021 01:00:25.710,298.32099999999997,297.939,1.75,1.12
24.08.2021 01:00:26.140,298.32099999999997,297.936,1.75,1.12
24.08.2021 01:00:27.868,298.32099999999997,297.937,1.75,1.12
24.08.2021 01:00:30.086,298.32099999999997,297.937,1.75,1.12
24.08.2021 01:00:32.552,298.32099999999997,297.931,1.75,1.5
24.08.2021 01:00:35.202,298.32099999999997,297.931,1.75,1.5
24.08.2021 01:00:35.605,298.32099999999997,297.934,1.75,1.12
24.08.2021 01:00:35.805,298.32099999999997,297.937,1.75,1.12
24.08.2021 01:00:40.769,298.32099999999997,297.94,1.75,1.12
24.08.2021 01:00:43.520,298.32099999999997,297.94,1.75,1.12
24.08.2021 01:00:46.537,298.32099999999997,297.936,1.75,1.12
24.08.2021 01:00:47.041,298.32099999999997,297.938,1.75,1.12
24.08.2021 01:00:48.804,298.32099999999997,297.938,1.75,1.12
24.08.2021 01:00:49.007,298.32099999999997,297.944,1.75,1.12
24.08.2021 01:00:57.429,298.337,297.949,1.75,1.5
24.08.2021 01:00:57.633,298.337,297.957,1.75,1.12
24.08.2021 01:01:00.626,298.35400000000004,297.96700000000004,1.25,1.5
24.08.2021 01:01:00.743,298.35400000000004,297.96700000000004,1.25,1.5
24.08.2021 01:01:14.815,298.355,297.97,1.75,1.12
24.08.2021 01:01:15.012,298.374,297.985,1.75,1.5
24.08.2021 01:01:22.182,298.331,298.002,1,1
24.08.2021 01:01:33.129,298.356,297.97,1.75,1.12
24.08.2021 01:01:34.553,298.34900000000005,297.97,1.25,1.12
24.08.2021 01:01:51.770,298.34900000000005,297.97,1.25,1.12
24.08.2021 01:01:58.478,298.34900000000005,297.97,1.25,1.12
24.08.2021 01:01:58.995,298.338,297.952,1.75,1.12
24.08.2021 01:01:59.240,298.337,297.952,1.25,1.12
24.08.2021 01:02:00.941,298.338,297.953,1.75,1.12
24.08.2021 01:02:01.296,298.338,297.952,1.75,1.12
24.08.2021 01:02:02.402,298.338,297.955,1.75,1.12
24.08.2021 01:02:08.140,298.338,297.955,1.75,1.12
24.08.2021 01:02:23.183,298.338,297.955,1.75,1.12
24.08.2021 01:03:13.868,298.346,297.958,1.75,1.5
24.08.2021 01:03:26.261,298.343,297.958,1.25,1.5
24.08.2021 01:03:26.431,298.343,297.958,1.25,1.5
24.08.2021 01:04:02.292,298.333,297.944,1.75,1.5
24.08.2021 01:04:02.715,298.333,297.944,1.75,1.5
24.08.2021 01:04:12.666,298.32599999999996,297.944,1.25,1.5
24.08.2021 01:04:27.593,298.311,297.926,1.25,1.5
24.08.2021 01:04:30.787,298.315,297.926,1.75,1.5
24.08.2021 01:04:55.709,298.315,297.931,1.75,1.12
24.08.2021 01:04:56.308,298.315,297.937,1.75,1.12
24.08.2021 01:04:59.771,298.315,297.932,1.75,1.12
24.08.2021 01:05:25.277,298.315,297.932,1.75,1.12
24.08.2021 01:05:32.971,298.324,297.936,1.25,1.5
24.08.2021 01:05:54.626,298.324,297.933,1.25,1.12
24.08.2021 01:05:55.938,298.331,297.939,1.25,1.12
24.08.2021 01:05:56.139,298.333,297.94599999999997,1.25,1.12
24.08.2021 01:06:04.345,298.333,297.947,1.25,1.5
24.08.2021 01:06:14.159,298.333,297.947,1.25,1.5
24.08.2021 01:07:04.554,298.335,297.947,1.75,1.5
24.08.2021 01:07:04.753,298.335,297.947,1.75,1.5
24.08.2021 01:07:33.734,298.335,297.947,1.75,1.5
24.08.2021 01:08:32.776,298.318,297.945,1.75,1.12
24.08.2021 01:08:32.997,298.318,297.945,1.75,1.12
24.08.2021 01:09:12.985,298.318,297.942,1.75,1.12
24.08.2021 01:09:16.615,298.256,297.994,0.37,0.37
24.08.2021 01:09:59.579,298.316,297.943,1.25,1.12
24.08.2021 01:09:59.629,298.317,297.943,1.75,1.12
24.08.2021 01:10:00.787,298.308,297.943,1.25,1.12
24.08.2021 01:11:00.949,298.327,297.938,1.75,1.5
24.08.2021 01:12:25.778,298.246,297.98400000000004,0.37,0.37
24.08.2021 01:12:41.961,298.322,297.94,1.87,1.5
24.08.2021 01:13:00.460,298.331,297.94,1.75,1.5
24.08.2021 01:13:02.927,298.301,297.91200000000003,1.75,1.5
24.08.2021 01:13:55.988,298.301,297.91900000000004,1.75,1.12
24.08.2021 01:13:56.219,298.301,297.91900000000004,1.75,1.12
24.08.2021 01:14:24.399,298.306,297.939,1.75,1.12
24.08.2021 01:14:34.804,298.246,297.939,0.37,1.12
24.08.2021 01:15:39.406,298.313,297.939,1.75,1.12
24.08.2021 01:16:02.743,298.313,297.935,1.75,1.12
24.08.2021 01:16:03.034,298.324,297.936,1.75,1.5
24.08.2021 01:16:09.421,298.318,297.936,1.25,1.5
24.08.2021 01:16:09.645,298.324,297.936,1.75,1.5
24.08.2021 01:16:21.899,298.324,297.94,1.75,1.12
24.08.2021 01:16:22.050,298.324,297.94,1.75,1.12
24.08.2021 01:16:49.414,298.34200000000004,297.952,1.75,1.5
24.08.2021 01:16:49.845,298.312,297.983,1,1
24.08.2021 01:17:32.932,298.341,297.952,1.25,1.5
24.08.2021 01:17:46.103,298.341,297.954,1.25,1.5
24.08.2021 01:18:06.323,298.337,297.954,1.25,1.5
24.08.2021 01:18:06.522,298.337,297.954,1.25,1.5
24.08.2021 01:18:09.504,298.337,297.954,1.25,1.5
24.08.2021 01:19:39.518,298.339,297.953,1.25,1.5
24.08.2021 01:19:50.215,298.339,297.959,1.25,1.12
24.08.2021 01:20:01.103,298.313,297.985,1,1
24.08.2021 01:20:03.998,298.32099999999997,297.941,1.75,1.12
24.08.2021 01:20:10.908,298.339,297.949,1.75,1.5
24.08.2021 01:20:17.667,298.30400000000003,297.976,1,1
24.08.2021 01:20:23.998,298.28700000000003,297.959,1,1
24.08.2021 01:20:29.746,298.28700000000003,298.014,1,0.37
24.08.2021 01:20:46.756,298.34000000000003,297.949,1.75,1.5
24.08.2021 01:20:51.449,298.302,297.97400000000005,1,1
24.08.2021 01:20:54.316,298.277,297.948,1,1
24.08.2021 01:21:02.225,298.308,297.941,1.75,1.12
24.08.2021 01:21:02.867,298.308,297.925,1.75,1.12
24.08.2021 01:21:03.042,298.305,297.925,1.12,1.12
24.08.2021 01:21:03.209,298.308,297.925,1.75,1.12
24.08.2021 01:21:10.932,298.32599999999996,297.938,1.75,1.5
24.08.2021 01:21:43.909,298.32599999999996,297.938,1.75,1.5
24.08.2021 01:21:49.541,298.32599999999996,297.985,1.75,1.25
24.08.2021 01:21:49.798,298.32599999999996,297.96500000000003,1.75,1.25
24.08.2021 01:21:54.791,298.323,297.941,1.25,1.12
24.08.2021 01:22:14.578,298.288,297.959,1,1
24.08.2021 01:22:14.990,298.285,297.957,1,1
24.08.2021 01:22:49.550,298.338,297.95,1.75,1.5
24.08.2021 01:23:39.901,298.338,297.95,1.75,1.5
24.08.2021 01:23:40.053,298.338,297.95,1.75,1.5
24.08.2021 01:23:44.418,298.338,297.95,1.75,1.5
24.08.2021 01:23:50.092,298.336,297.948,1.75,1.5
24.08.2021 01:24:09.897,298.32599999999996,297.948,1.25,1.12
24.08.2021 01:24:19.550,298.32599999999996,297.948,1.25,1.12
24.08.2021 01:24:24.104,298.32599999999996,297.948,1.25,1.12
24.08.2021 01:24:28.086,298.32599999999996,297.948,1.25,1.12
24.08.2021 01:24:32.230,298.276,298.014,0.37,0.37
24.08.2021 01:24:44.268,298.256,297.948,0.37,1.12
24.08.2021 01:24:48.269,298.318,297.943,1.25,1.12
24.08.2021 01:24:52.896,298.318,297.944,1.25,1.12
24.08.2021 01:24:53.791,298.32599999999996,297.948,1.25,1.12
24.08.2021 01:25:35.352,298.256,297.947,0.37,1.12
24.08.2021 01:25:40.189,298.318,297.943,1.25,1.12
24.08.2021 01:25:56.103,298.319,297.937,1.75,1.12
24.08.2021 01:25:57.395,298.319,297.937,1.75,1.12
24.08.2021 01:26:02.013,298.246,297.937,0.37,1.12
24.08.2021 01:26:15.177,298.311,297.93,1.25,1.12
24.08.2021 01:26:15.379,298.319,297.94599999999997,1.75,1.25
24.08.2021 01:26:15.630,298.273,297.945,1,1
24.08.2021 01:26:16.262,298.27500000000003,297.947,1,1
24.08.2021 01:26:17.579,298.27500000000003,297.94599999999997,1,1
24.08.2021 01:26:17.784,298.268,297.939,1,1
24.08.2021 01:26:18.801,298.272,297.944,1,1
24.08.2021 01:26:28.959,298.3,297.93,1.5,1.12
24.08.2021 01:26:37.763,298.3,297.93,1.5,1.12
24.08.2021 01:26:50.226,298.29900000000004,297.926,1.12,1.12
24.08.2021 01:26:52.331,298.29900000000004,297.926,1.12,1.12
24.08.2021 01:26:52.733,298.3,297.926,1.5,1.12
24.08.2021 01:27:17.249,298.3,297.926,1.5,1.12
24.08.2021 01:27:17.545,298.298,297.926,1.5,1.12
24.08.2021 01:27:49.755,298.236,297.91700000000003,0.37,0.87
24.08.2021 01:27:51.310,298.265,297.937,1,1
24.08.2021 01:28:21.187,298.298,297.91700000000003,1.5,1.12
24.08.2021 01:28:54.985,298.266,297.938,0.69,0.69
24.08.2021 01:29:33.173,298.266,297.938,1,1
24.08.2021 01:29:40.208,298.298,297.91700000000003,1.25,1.12
24.08.2021 01:29:40.308,298.288,297.91700000000003,1.25,1.12
24.08.2021 01:29:43.605,298.288,297.90900000000005,1.25,1.5
24.08.2021 01:29:54.596,298.29200000000003,297.90900000000005,1.25,1.5
24.08.2021 01:30:12.739,298.29900000000004,297.925,1.75,1.12
24.08.2021 01:30:52.259,298.28700000000003,297.958,1,1
24.08.2021 01:30:52.411,298.28700000000003,297.958,1,1
24.08.2021 01:30:52.662,298.298,297.97,1,1
24.08.2021 01:30:58.367,298.331,297.944,1.75,1.12
24.08.2021 01:30:58.566,298.331,297.943,1.87,1.5
24.08.2021 01:31:02.275,298.306,297.938,1.75,1.12
24.08.2021 01:31:08.651,298.306,297.937,1.75,1.12
24.08.2021 01:31:25.064,298.306,297.937,1.75,1.12
24.08.2021 01:31:25.311,298.30400000000003,297.994,1.25,0.37
24.08.2021 01:31:35.762,298.306,297.937,1.75,1.12
24.08.2021 01:31:39.055,298.325,297.938,1.75,1.12
24.08.2021 01:31:39.877,298.325,297.938,1.75,1.12
24.08.2021 01:31:52.280,298.274,297.94599999999997,1,1
24.08.2021 01:32:40.572,298.309,298.004,1.25,0.37
24.08.2021 01:32:45.275,298.307,297.94,1.75,1.12
24.08.2021 01:32:45.390,298.307,297.937,1.75,1.12
24.08.2021 01:32:45.581,298.307,297.937,1.75,1.12
24.08.2021 01:32:47.829,298.307,297.931,1.75,1.12
24.08.2021 01:32:49.175,298.307,297.934,1.75,1.12
24.08.2021 01:32:53.135,298.307,297.931,1.75,1.12
24.08.2021 01:32:53.335,298.307,297.931,1.75,1.12
24.08.2021 01:32:55.632,298.307,297.931,1.75,1.12
24.08.2021 01:33:27.723,298.307,297.922,1.75,1.12
24.08.2021 01:33:27.924,298.307,297.922,1.75,1.12
24.08.2021 01:33:32.891,298.307,297.928,1.75,1.12
24.08.2021 01:33:35.651,298.307,297.922,1.75,1.12
24.08.2021 01:34:08.130,298.313,297.922,1.75,1.5
24.08.2021 01:34:08.330,298.313,297.93,1.75,1.12
24.08.2021 01:34:10.525,298.313,297.93,1.75,1.12
24.08.2021 01:34:24.830,298.313,297.93,1.75,1.12
24.08.2021 01:34:37.461,298.313,297.93,1.75,1.12
24.08.2021 01:34:41.354,298.313,297.93,1.75,1.12
24.08.2021 01:34:54.410,298.316,297.93,1.25,1.12
24.08.2021 01:34:54.610,298.316,297.92900000000003,1.25,1.5
24.08.2021 01:34:57.734,298.316,297.92900000000003,1.25,1.5
24.08.2021 01:35:00.996,298.315,297.92900000000003,1.25,1.5
24.08.2021 01:35:01.431,298.315,297.92900000000003,1.25,1.5
24.08.2021 01:35:01.676,298.315,297.92900000000003,1.25,1.5
24.08.2021 01:35:05.887,298.315,297.92900000000003,1.25,1.5
24.08.2021 01:35:10.023,298.313,297.92900000000003,1.25,1.5
24.08.2021 01:35:11.280,298.313,297.92900000000003,1.25,1.5
24.08.2021 01:35:12.305,298.315,297.92900000000003,1.25,1.5
24.08.2021 01:35:34.178,298.286,297.958,1,1
24.08.2021 01:35:36.980,298.319,297.92900000000003,1.75,1.5
24.08.2021 01:35:38.442,298.314,297.92900000000003,1.25,1.5
24.08.2021 01:35:43.490,298.314,297.92900000000003,1.25,1.5
24.08.2021 01:35:57.878,298.314,297.92400000000004,1.75,1.5
24.08.2021 01:36:03.121,298.246,297.98400000000004,0.37,0.37
24.08.2021 01:36:11.643,298.314,297.92400000000004,1.75,1.5
24.08.2021 01:36:22.548,298.314,297.92900000000003,1.75,1.12
24.08.2021 01:36:23.515,298.32599999999996,297.943,1.25,1.5
24.08.2021 01:36:43.459,298.32,297.943,1.25,1.5
24.08.2021 01:36:48.082,298.32,298.014,1.25,0.37
24.08.2021 01:36:48.536,298.32599999999996,297.943,1.25,1.5
24.08.2021 01:36:51.757,298.32599999999996,297.947,1.25,1.12
24.08.2021 01:36:54.009,298.32599999999996,297.947,1.25,1.12
24.08.2021 01:36:59.005,298.29900000000004,297.971,1,1
24.08.2021 01:36:59.206,298.306,297.97700000000003,1,1
24.08.2021 01:37:02.731,298.256,297.97700000000003,0.37,1
24.08.2021 01:37:02.931,298.288,297.96,1,1
24.08.2021 01:37:09.886,298.32,297.943,1.25,1.5
24.08.2021 01:37:37.166,298.32,297.94,1.75,1.12
24.08.2021 01:37:44.512,298.32,297.94,1.75,1.12
24.08.2021 01:37:45.301,298.32,297.94,1.75,1.12
24.08.2021 01:37:47.186,298.3,297.922,1.25,1.12
24.08.2021 01:37:48.899,298.266,297.938,1,1
24.08.2021 01:37:51.093,298.267,297.939,1,1
24.08.2021 01:37:55.203,298.267,297.939,1,1
24.08.2021 01:38:00.210,298.331,297.893,1.5,1.25
24.08.2021 01:38:00.261,298.331,297.893,1.5,1.25
24.08.2021 01:38:00.408,298.267,297.922,0.37,0.87
24.08.2021 01:38:00.703,298.267,297.939,1,1
24.08.2021 01:38:14.602,298.298,297.922,1.75,1.12
24.08.2021 01:39:13.267,298.296,297.916,1.75,1.12
24.08.2021 01:39:13.472,298.296,297.916,1.75,1.12
24.08.2021 01:39:21.608,298.27500000000003,297.947,1,1
24.08.2021 01:39:23.655,298.27500000000003,297.94599999999997,1,1
24.08.2021 01:39:40.481,298.313,297.92900000000003,1.75,1.12
24.08.2021 01:39:45.292,298.335,297.945,1.75,1.12
24.08.2021 01:39:50.755,298.335,297.945,1.75,1.12
24.08.2021 01:39:55.131,298.335,297.949,1.75,1.12
24.08.2021 01:40:14.067,298.335,297.945,1.75,1.12
24.08.2021 01:40:14.269,298.335,297.944,1.75,1.5
24.08.2021 01:40:19.650,298.329,297.944,1.25,1.5
24.08.2021 01:40:19.850,298.329,297.944,1.25,1.5
24.08.2021 01:40:37.171,298.266,297.994,0.37,0.37
24.08.2021 01:40:44.265,298.329,297.944,1.25,1.5
24.08.2021 01:40:49.833,298.29400000000004,297.966,1,1
24.08.2021 01:40:51.963,298.29400000000004,297.966,1,1
24.08.2021 01:40:52.213,298.29400000000004,297.966,1,1
24.08.2021 01:41:00.379,298.32099999999997,297.937,1.25,1.5
24.08.2021 01:41:02.490,298.32099999999997,297.937,1.25,1.5
24.08.2021 01:41:16.756,298.32099999999997,297.937,1.25,1.5
24.08.2021 01:41:17.005,298.32099999999997,297.937,1.25,1.5
24.08.2021 01:41:19.105,298.32099999999997,297.937,1.25,1.5
24.08.2021 01:41:26.227,298.32099999999997,297.937,1.25,1.5
24.08.2021 01:42:18.569,298.329,297.939,1.75,1.5
24.08.2021 01:42:22.523,298.329,297.939,1.75,1.5
24.08.2021 01:42:22.722,298.32599999999996,297.939,1.75,1.5
24.08.2021 01:42:36.964,298.32599999999996,297.939,1.25,1.5
24.08.2021 01:42:37.573,298.322,297.939,1.25,1.5
24.08.2021 01:42:42.111,298.32599999999996,297.939,1.25,1.5
24.08.2021 01:42:42.313,298.324,297.939,1.25,1.5
24.08.2021 01:42:42.810,298.327,297.939,1.25,1.5
24.08.2021 01:42:49.032,298.32599999999996,297.938,1.75,1.5
24.08.2021 01:43:20.893,298.266,298.004,0.37,0.37
24.08.2021 01:43:27.013,298.296,297.968,1,1
24.08.2021 01:43:29.511,298.295,297.96700000000004,1,1
24.08.2021 01:44:05.307,298.316,297.92900000000003,1.25,1.5
24.08.2021 01:44:06.789,298.316,297.92900000000003,1.25,1.5
24.08.2021 01:44:06.941,298.316,297.92900000000003,1.25,1.5
24.08.2021 01:45:01.356,298.309,297.926,1.25,1.5
24.08.2021 01:45:01.942,298.312,297.926,1.25,1.5
24.08.2021 01:45:18.497,298.236,297.927,0.37,1.12
24.08.2021 01:46:09.003,298.296,297.922,1.25,1.12
24.08.2021 01:46:26.304,298.28000000000003,297.95099999999996,1,1
24.08.2021 01:46:26.555,298.272,297.943,1,1
24.08.2021 01:46:31.490,298.296,297.913,1.25,1.12
24.08.2021 01:46:31.643,298.296,297.913,1.25,1.12
24.08.2021 01:46:54.114,298.246,297.97400000000005,0.37,0.37
24.08.2021 01:46:54.517,298.301,297.915,1.25,1.12
24.08.2021 01:46:58.796,298.301,297.913,1.25,1.5
24.08.2021 01:46:58.991,298.301,297.918,1.25,1.12
24.08.2021 01:47:00.107,298.301,297.918,1.25,1.12
24.08.2021 01:47:43.233,298.312,297.926,1.25,1.12
24.08.2021 01:47:49.927,298.312,297.926,1.25,1.12
24.08.2021 01:48:03.973,298.312,297.927,1.75,1.12
24.08.2021 01:48:04.173,298.312,297.933,1.75,1.12
24.08.2021 01:48:58.410,298.291,297.962,1,1
24.08.2021 01:48:58.670,298.293,297.96500000000003,1,1
24.08.2021 01:48:59.505,298.29200000000003,297.963,1,1
24.08.2021 01:48:59.657,298.29200000000003,297.963,1,1
24.08.2021 01:49:00.062,298.293,297.96500000000003,1,1
24.08.2021 01:49:00.313,298.283,297.955,1,1
24.08.2021 01:49:32.772,298.315,297.936,1.25,1.5
24.08.2021 01:49:41.053,298.315,297.936,1.25,1.5
24.08.2021 01:49:41.792,298.315,297.936,1.25,1.5
24.08.2021 01:49:41.994,298.315,297.936,1.25,1.5
24.08.2021 01:50:12.911,298.314,297.93,1.75,1.12
24.08.2021 01:50:26.069,298.314,297.926,1.75,1.5
24.08.2021 01:50:37.852,298.314,297.933,1.75,1.12
24.08.2021 01:50:40.155,298.314,297.933,1.75,1.12
24.08.2021 01:50:47.852,298.314,297.933,1.75,1.12
24.08.2021 01:50:52.256,298.314,297.935,1.75,1.12
24.08.2021 01:51:39.888,298.266,298.004,0.37,0.37
24.08.2021 01:51:40.137,298.325,297.947,1.75,1.12
24.08.2021 01:53:07.914,298.305,297.976,1,1
24.08.2021 01:53:08.094,298.305,297.976,1,1
24.08.2021 01:53:14.081,298.266,297.95099999999996,0.37,0.87
24.08.2021 01:53:22.977,298.327,297.95099999999996,1.25,1.12
24.08.2021 01:53:27.772,298.327,297.95099999999996,1.25,1.12
24.08.2021 01:53:30.656,298.327,297.95099999999996,1.25,1.12
24.08.2021 01:53:43.456,298.339,297.958,1.25,1.12
24.08.2021 01:54:50.359,298.309,297.981,1,1
24.08.2021 01:55:10.673,298.328,297.95099999999996,1.25,1.5
24.08.2021 01:55:20.173,298.328,297.95099999999996,1.25,1.5
24.08.2021 01:55:27.498,298.324,297.95099999999996,1.25,1.5
24.08.2021 01:55:31.106,298.322,297.95099999999996,1.25,1.5
24.08.2021 01:56:06.852,298.322,297.937,1.25,1.5
24.08.2021 01:56:17.365,298.322,297.937,1.25,1.5
24.08.2021 01:56:18.809,298.322,297.937,1.25,1.5
24.08.2021 01:56:18.910,298.322,297.937,1.25,1.5
24.08.2021 01:56:28.922,298.317,297.937,1.25,1.5
24.08.2021 01:56:32.800,298.317,297.937,1.25,1.5
24.08.2021 01:56:35.612,298.317,297.937,1.25,1.5
24.08.2021 01:56:41.713,298.317,297.937,1.25,1.5
24.08.2021 01:56:49.467,298.291,297.962,1,1
24.08.2021 01:56:53.715,298.317,297.937,1.25,1.5
24.08.2021 01:57:37.662,298.327,297.935,1.25,1.5
24.08.2021 01:57:39.900,298.332,297.954,1.25,1.5
24.08.2021 01:57:40.059,298.332,297.959,1.25,1.12
24.08.2021 01:57:51.187,298.332,297.966,1.25,1.12
24.08.2021 01:57:54.936,298.341,297.978,1.25,1.12
24.08.2021 01:58:49.951,298.341,297.98,1,1.12
24.08.2021 01:58:50.154,298.357,297.992,1.25,1.5
24.08.2021 01:58:51.639,298.357,297.994,1.25,1.12
24.08.2021 01:58:58.962,298.357,297.994,1,1.12
24.08.2021 01:58:59.281,298.376,298.002,1.25,1.12
24.08.2021 01:59:00.196,298.376,297.992,1.25,1.5
24.08.2021 01:59:00.355,298.376,298.005,1.25,1.12
24.08.2021 01:59:01.789,298.376,298.005,1.25,1.12
24.08.2021 01:59:02.750,298.376,298,1.25,1.12
24.08.2021 01:59:02.955,298.372,297.993,1.75,1.12
24.08.2021 01:59:03.739,298.367,297.992,1.25,1.5
24.08.2021 01:59:07.704,298.37,297.995,1.75,1.12
24.08.2021 01:59:25.607,298.373,297.995,1.75,1.12
24.08.2021 01:59:33.476,298.376,298.004,1.25,1.12
24.08.2021 01:59:37.564,298.376,298.004,1.25,1.12
24.08.2021 01:59:37.883,298.376,297.99,1.25,1.5
24.08.2021 01:59:42.028,298.376,298,1.25,1.5
24.08.2021 01:59:48.857,298.388,298.002,1.75,1.12
24.08.2021 01:59:50.531,298.388,298.005,1.75,1.12
24.08.2021 01:59:55.356,298.387,298.01099999999997,1.75,1.12
24.08.2021 01:59:55.606,298.387,298.002,1.75,1.12
24.08.2021 02:00:31.097,298.387,298,1.75,1.5
24.08.2021 02:00:32.307,298.387,298.004,1.75,1.12
24.08.2021 02:00:33.462,298.387,298.004,1.75,1.12
24.08.2021 02:00:37.549,298.387,298,1.87,1.5
24.08.2021 02:01:00.726,298.40000000000003,298.012,1.75,1.5
24.08.2021 02:01:00.897,298.40000000000003,298.012,1.75,1.75
24.08.2021 02:01:18.754,298.371,298.002,1.75,1.12
24.08.2021 02:01:30.139,298.371,298.064,1.75,0.37
24.08.2021 02:01:30.340,298.388,298.002,1.75,1.12
24.08.2021 02:01:30.541,298.388,298.006,1.75,1.12
24.08.2021 02:01:31.187,298.388,298.006,1.75,1.12
24.08.2021 02:01:31.387,298.388,298.002,1.75,1.12
24.08.2021 02:02:01.225,298.388,298,1.75,1.5
24.08.2021 02:02:01.478,298.367,298.007,1.25,1.12
24.08.2021 02:02:14.947,298.388,298.012,1.75,1.12
24.08.2021 02:02:15.539,298.406,298.021,1.75,1.12
24.08.2021 02:02:18.385,298.406,298.023,1.75,1.12
24.08.2021 02:02:18.587,298.406,298.023,1.75,1.12
24.08.2021 02:02:37.104,298.406,298.023,1.75,1.12
24.08.2021 02:02:42.024,298.406,298.023,1.75,1.12
24.08.2021 02:02:42.275,298.406,298.027,1.75,1.12
24.08.2021 02:02:43.069,298.406,298.027,1.75,1.12
24.08.2021 02:02:52.416,298.406,298.024,1.75,1.12
24.08.2021 02:02:52.617,298.406,298.017,1.75,1.5
24.08.2021 02:02:52.817,298.406,298.026,1.75,1.12
24.08.2021 02:02:54.364,298.406,298.029,1.75,1.12
24.08.2021 02:02:56.686,298.395,298.03700000000003,1.25,1.12
24.08.2021 02:03:00.821,298.393,298.03700000000003,1.25,1.12
24.08.2021 02:03:26.169,298.425,298.036,1.75,1.5
24.08.2021 02:03:26.345,298.425,298.036,1.75,1.5
24.08.2021 02:03:38.310,298.425,298.047,1.75,1.12
24.08.2021 02:03:38.419,298.425,298.036,1.75,1.5
24.08.2021 02:03:38.631,298.425,298.04400000000004,1.75,1.12
24.08.2021 02:03:53.014,298.425,298.036,1.75,1.5
24.08.2021 02:03:53.166,298.425,298.036,1.75,1.5
24.08.2021 02:03:55.107,298.425,298.046,1.75,1.12
24.08.2021 02:04:00.298,298.404,298.036,1.25,1.5
24.08.2021 02:04:00.451,298.404,298.036,1.25,1.5
24.08.2021 02:04:07.963,298.425,298.03700000000003,1.75,1.12
24.08.2021 02:04:11.172,298.425,298.03400000000005,1.25,1.12
24.08.2021 02:04:12.294,298.425,298.03400000000005,1.25,1.12
24.08.2021 02:04:55.941,298.42400000000004,298.036,1.75,1.5
24.08.2021 02:04:57.908,298.391,298.036,1.25,1.5
24.08.2021 02:05:04.232,298.396,298.03700000000003,1.25,1.12
24.08.2021 02:05:12.745,298.394,298.036,1.25,1.5
24.08.2021 02:05:16.017,298.42400000000004,298.036,1.75,1.5
24.08.2021 02:05:20.208,298.41700000000003,298.036,1.25,1.5
24.08.2021 02:05:25.601,298.41400000000004,298.023,1.75,1.5
24.08.2021 02:06:09.833,298.356,298.084,0.37,0.37
24.08.2021 02:06:10.071,298.413,298.03400000000005,1.25,1.12
24.08.2021 02:06:55.093,298.425,298.03700000000003,1.75,1.12
24.08.2021 02:06:55.341,298.425,298.03700000000003,1.75,1.12
24.08.2021 02:06:57.189,298.425,298.03700000000003,1.75,1.12
24.08.2021 02:06:57.390,298.425,298.03700000000003,1.75,1.12
24.08.2021 02:07:08.755,298.41700000000003,298.03700000000003,1.25,1.12
24.08.2021 02:07:31.286,298.406,298.024,1.25,1.12
24.08.2021 02:07:31.537,298.406,298.024,1.25,1.12
24.08.2021 02:07:53.762,298.401,298.024,1.25,1.12
24.08.2021 02:07:54.016,298.401,298.024,1.25,1.12
24.08.2021 02:08:15.379,298.406,298.024,1.25,1.12
24.08.2021 02:08:28.493,298.406,298.024,1.25,1.12
24.08.2021 02:09:12.913,298.41200000000003,298.024,1.25,1.5
24.08.2021 02:09:13.084,298.41200000000003,298.024,1.25,1.5
24.08.2021 02:09:14.458,298.40700000000004,298.024,1.25,1.5
24.08.2021 02:09:15.109,298.41200000000003,298.024,1.25,1.5
24.08.2021 02:09:30.371,298.356,298.084,0.37,0.37
24.08.2021 02:09:34.758,298.346,298.084,0.37,0.37
24.08.2021 02:09:39.869,298.384,298.024,1.25,1.5
24.08.2021 02:10:11.347,298.41400000000004,298.024,1.75,1.5
24.08.2021 02:10:11.591,298.41400000000004,298.02500000000003,1.75,1.12
24.08.2021 02:10:25.606,298.413,298.02500000000003,1.25,1.12
24.08.2021 02:10:58.889,298.41200000000003,298.02500000000003,1.25,1.12
24.08.2021 02:11:26.718,298.376,298.016,1.25,1.12
24.08.2021 02:11:39.756,298.377,298.016,1.25,1.12
24.08.2021 02:11:40.005,298.371,298.016,1.25,1.12
24.08.2021 02:11:50.567,298.336,298.074,0.37,0.37
24.08.2021 02:12:19.083,298.398,298.014,1.25,1.12
24.08.2021 02:12:19.285,298.398,298.014,1.25,1.12
24.08.2021 02:12:20.410,298.385,298.012,1.25,1.12
24.08.2021 02:12:21.317,298.385,298.012,1.25,1.12
24.08.2021 02:12:26.128,298.385,298.012,1.25,1.12
24.08.2021 02:12:52.447,298.396,298.007,1.25,1.12
24.08.2021 02:13:52.451,298.336,298.074,0.37,0.37
24.08.2021 02:14:41.034,298.399,298.04,1.75,1.25
24.08.2021 02:16:03.363,298.388,298.006,1.75,1.12
24.08.2021 02:16:03.519,298.388,298.006,1.75,1.12
24.08.2021 02:17:22.790,298.392,298.01,1.25,1.5
24.08.2021 02:17:39.954,298.392,298.01,1.25,1.5
24.08.2021 02:17:40.155,298.355,298.026,1,1
24.08.2021 02:17:55.709,298.379,297.999,1.25,1.5
24.08.2021 02:17:58.418,298.379,297.999,1.25,1.5
24.08.2021 02:18:35.077,298.379,297.999,1.25,1.5
24.08.2021 02:18:52.527,298.378,297.999,1.25,1.5
24.08.2021 02:19:05.431,298.373,297.987,1.25,1.5
24.08.2021 02:19:32.810,298.306,297.987,0.37,1.25
24.08.2021 02:19:39.747,298.365,297.987,1.25,1.5
24.08.2021 02:19:55.790,298.362,297.973,1.75,1.5
24.08.2021 02:20:01.870,298.362,297.973,1.75,1.5
24.08.2021 02:20:19.503,298.306,298.03400000000005,0.37,0.37
24.08.2021 02:20:38.617,298.362,297.973,1.75,1.5
24.08.2021 02:21:13.093,298.306,298.04400000000004,0.37,0.37
24.08.2021 02:21:14.306,298.362,297.97700000000003,1.75,1.12
24.08.2021 02:21:23.296,298.362,297.97400000000005,1.75,1.5
24.08.2021 02:21:35.709,298.35900000000004,297.97400000000005,1.25,1.5
24.08.2021 02:21:37.356,298.35900000000004,297.97400000000005,1.25,1.5
24.08.2021 02:22:16.158,298.286,298.024,0.37,0.37
24.08.2021 02:22:22.379,298.353,297.969,1.25,1.5
24.08.2021 02:22:56.872,298.35900000000004,297.97200000000004,1.25,1.5
24.08.2021 02:23:12.609,298.35900000000004,297.97400000000005,1.25,1.12
24.08.2021 02:23:19.906,298.35900000000004,297.97200000000004,1.25,1.5
24.08.2021 02:23:20.069,298.35900000000004,297.97900000000004,1.25,1.12
24.08.2021 02:23:23.370,298.35900000000004,297.97900000000004,1.25,1.12
24.08.2021 02:23:34.628,298.375,297.99,1.25,1.5
24.08.2021 02:23:34.806,298.36,297.97700000000003,1.75,1.12
24.08.2021 02:23:34.983,298.365,298.064,1.25,0.37
24.08.2021 02:24:02.109,298.385,297.997,1.75,1.5
24.08.2021 02:24:13.317,298.385,297.997,1.75,1.5
24.08.2021 02:24:15.215,298.382,297.997,1.25,1.5
24.08.2021 02:24:40.335,298.316,298.05400000000003,0.37,0.37
24.08.2021 02:24:40.738,298.376,297.992,1.75,1.12
24.08.2021 02:24:43.357,298.376,297.992,1.75,1.12
24.08.2021 02:25:56.262,298.378,297.992,1.75,1.12
24.08.2021 02:25:56.512,298.378,297.993,1.75,1.12
24.08.2021 02:25:57.285,298.378,297.993,1.75,1.12
24.08.2021 02:26:08.527,298.378,297.995,1.75,1.12
24.08.2021 02:26:12.975,298.378,297.995,1.75,1.12
24.08.2021 02:26:36.611,298.377,297.98900000000003,1.25,1.5
24.08.2021 02:26:40.877,298.377,297.99,1.25,1.12
24.08.2021 02:26:52.609,298.377,297.992,1.25,1.12
24.08.2021 02:27:19.086,298.316,298.05400000000003,0.37,0.37
24.08.2021 02:27:20.256,298.377,297.98900000000003,1.25,1.5
24.08.2021 02:27:20.506,298.377,297.999,1.25,1.12
24.08.2021 02:28:42.049,298.336,298.064,0.37,0.37
24.08.2021 02:28:42.253,298.32599999999996,298.064,0.37,0.37
24.08.2021 02:29:54.195,298.372,297.992,1.75,1.12
24.08.2021 02:30:14.026,298.372,297.999,1.75,1.12
24.08.2021 02:30:46.292,298.372,297.995,1.75,1.12
24.08.2021 02:30:58.404,298.385,297.996,1.75,1.5
24.08.2021 02:31:10.815,298.385,297.999,1.75,1.12
24.08.2021 02:31:11.012,298.36400000000003,298.004,1.25,1.12
24.08.2021 02:32:34.010,298.398,298.01,1.75,1.5
24.08.2021 02:32:34.211,298.392,298.01,1.25,1.5
24.08.2021 02:32:35.335,298.395,298.01,1.25,1.5
24.08.2021 02:32:35.737,298.394,298.01,1.25,1.5
24.08.2021 02:32:40.934,298.384,298.01,1.25,1.5
24.08.2021 02:32:42.622,298.384,298.01,1.25,1.5
24.08.2021 02:32:53.812,298.384,298.01,1.25,1.5
24.08.2021 02:32:54.201,298.383,298.003,1.75,1.12
24.08.2021 02:33:02.110,298.383,298.002,1.75,1.12
24.08.2021 02:33:09.111,298.383,298.002,1.75,1.12
24.08.2021 02:33:14.707,298.383,298.074,1.75,0.37
24.08.2021 02:33:34.143,298.316,298.009,0.37,1.12
24.08.2021 02:33:46.854,298.402,298.013,1.75,1.5
24.08.2021 02:33:51.609,298.397,298.013,1.75,1.5
24.08.2021 02:33:54.990,298.397,298.013,1.75,1.5
24.08.2021 02:33:55.229,298.397,298.013,1.75,1.5
24.08.2021 02:34:00.266,298.402,298.013,1.75,1.5
24.08.2021 02:34:08.115,298.402,298.017,1.75,1.12
24.08.2021 02:34:29.306,298.32599999999996,298.015,0.37,1
24.08.2021 02:34:29.511,298.39,298.013,1.25,1.5
24.08.2021 02:34:29.710,298.384,298.004,1.75,1.12
24.08.2021 02:34:29.960,298.378,298.004,1.25,1.12
24.08.2021 02:34:32.107,298.378,298.004,1.25,1.12
24.08.2021 02:34:32.307,298.384,298.004,1.75,1.12
24.08.2021 02:34:32.507,298.384,297.996,1.75,1.5
24.08.2021 02:34:33.006,298.358,297.986,1.75,1.12
24.08.2021 02:34:51.956,298.35,297.991,1.25,1.75
24.08.2021 02:34:52.112,298.35,297.991,1.25,1.75
24.08.2021 02:35:07.417,298.367,297.991,1.25,1.5
24.08.2021 02:35:07.563,298.367,297.991,1.25,1.5
24.08.2021 02:35:19.889,298.367,297.991,1.25,1.5
24.08.2021 02:35:43.392,298.316,298.05400000000003,0.37,0.37
24.08.2021 02:36:16.555,298.372,297.991,1.25,1.5
24.08.2021 02:36:20.329,298.374,297.991,1.75,1.5
24.08.2021 02:36:20.565,298.374,297.991,1.25,1.5
24.08.2021 02:36:22.562,298.374,297.991,1.25,1.75
24.08.2021 02:36:22.761,298.374,297.993,1.25,1.25
24.08.2021 02:36:55.120,298.385,298.026,1.25,1.25
24.08.2021 02:36:59.542,298.385,298,1.75,1.75
24.08.2021 02:36:59.743,298.383,298,1.25,1.75
24.08.2021 02:37:03.109,298.385,298,1.75,1.5
24.08.2021 02:37:14.193,298.361,297.987,1.5,1.25
24.08.2021 02:37:35.015,298.361,297.987,1.5,1.12
24.08.2021 02:38:09.311,298.35900000000004,297.99,1.5,1.12
24.08.2021 02:38:12.582,298.35900000000004,297.986,1.5,1.12
24.08.2021 02:38:39.288,298.35900000000004,297.982,1.5,1.12
24.08.2021 02:38:39.600,298.35900000000004,297.982,1.5,1.12
24.08.2021 02:39:57.759,298.373,297.987,1.75,1.5
24.08.2021 02:40:02.128,298.368,297.987,1.25,1.5
24.08.2021 02:40:29.571,298.316,298.04400000000004,0.37,0.37
24.08.2021 02:40:40.708,298.371,297.98400000000004,1.25,1.5
24.08.2021 02:41:07.366,298.368,298.008,1.25,1.25
24.08.2021 02:41:14.515,298.366,297.97700000000003,1.75,1.5
24.08.2021 02:41:14.615,298.366,297.97700000000003,1.75,1.5
24.08.2021 02:41:14.817,298.353,297.97700000000003,1.25,1.5
24.08.2021 02:41:15.001,298.353,297.97700000000003,1.25,1.5
24.08.2021 02:41:42.292,298.286,297.97700000000003,0.37,1.25
24.08.2021 02:41:55.181,298.353,297.97700000000003,1.25,1.5
24.08.2021 02:42:01.391,298.34700000000004,297.96,1.75,1.12
24.08.2021 02:42:22.528,298.344,297.959,1.25,1.5
24.08.2021 02:43:04.401,298.286,298.014,0.37,0.37
24.08.2021 02:43:07.825,298.344,297.959,1.25,1.75
24.08.2021 02:43:09.550,298.328,297.947,1.75,1.25
24.08.2021 02:43:10.237,298.328,297.939,1.75,1.5
24.08.2021 02:43:19.885,298.325,297.939,1.25,1.5
24.08.2021 02:43:20.738,298.325,297.939,1.25,1.5
24.08.2021 02:43:40.442,298.323,297.939,1.25,1.5
24.08.2021 02:43:51.939,298.323,297.939,1.25,1.5
24.08.2021 02:44:58.479,298.323,297.936,1.25,1.5
24.08.2021 02:45:02.146,298.316,297.936,1.25,1.5
24.08.2021 02:45:04.150,298.316,297.936,1.25,1.5
24.08.2021 02:45:08.092,298.316,297.936,1.25,1.5
24.08.2021 02:45:11.197,298.314,297.925,1.75,1.5
24.08.2021 02:45:23.230,298.311,297.925,1.25,1.5
24.08.2021 02:45:25.839,298.311,297.925,1.25,1.5
24.08.2021 02:45:30.811,298.311,297.925,1.25,1.5
24.08.2021 02:45:43.513,298.311,297.925,1.25,1.5
24.08.2021 02:45:46.822,298.30400000000003,297.925,1.25,1.5
24.08.2021 02:45:46.930,298.30400000000003,297.925,1.25,1.5
24.08.2021 02:45:47.479,298.306,297.925,1.25,1.5
24.08.2021 02:45:49.001,298.308,297.925,1.25,1.5
24.08.2021 02:45:49.251,298.308,297.925,1.25,1.5
24.08.2021 02:46:12.307,298.278,297.91900000000004,1.25,1.5
24.08.2021 02:46:12.769,298.272,297.91900000000004,1.25,1.5
24.08.2021 02:46:12.920,298.276,297.91900000000004,1.25,1.5
24.08.2021 02:46:24.111,298.307,297.922,1.75,1.12
24.08.2021 02:46:34.349,298.307,297.923,1.75,1.12
24.08.2021 02:46:44.632,298.30400000000003,297.91900000000004,1.25,1.5
24.08.2021 02:46:50.754,298.30400000000003,297.91900000000004,1.25,1.5
24.08.2021 02:46:50.955,298.306,297.91900000000004,1.25,1.5
24.08.2021 02:47:06.482,298.303,297.91900000000004,1.25,1.5
24.08.2021 02:47:06.684,298.305,297.91900000000004,1.25,1.5
24.08.2021 02:47:27.321,298.301,297.913,1.25,1.12
24.08.2021 02:47:40.069,298.301,297.91900000000004,1.25,1.12
24.08.2021 02:47:40.319,298.278,297.91900000000004,1.25,1.12
24.08.2021 02:47:57.697,298.301,297.91700000000003,1.25,1.12
24.08.2021 02:48:05.545,298.301,297.91200000000003,1.25,1.12
24.08.2021 02:48:27.392,298.301,297.91200000000003,1.25,1.12
24.08.2021 02:48:28.993,298.301,297.918,1.25,1.12
24.08.2021 02:48:29.244,298.301,297.911,1.25,1.5
24.08.2021 02:48:35.306,298.301,297.91200000000003,1.25,1.12
24.08.2021 02:48:41.755,298.301,297.91400000000004,1.25,1.12
24.08.2021 02:48:56.932,298.301,297.911,1.25,1.5
24.08.2021 02:49:04.310,298.301,297.915,1.25,1.12
24.08.2021 02:50:16.872,298.307,297.91900000000004,1.75,1.5
24.08.2021 02:51:34.950,298.296,297.91,1.25,1.5
24.08.2021 02:51:37.086,298.296,297.91,1.25,1.5
24.08.2021 02:51:49.096,298.296,297.91,1.25,1.5
24.08.2021 02:51:55.227,298.296,297.91,1.25,1.5
24.08.2021 02:52:47.917,298.29900000000004,297.91,1.75,1.5
24.08.2021 02:52:55.588,298.29900000000004,297.922,1.75,1.12
24.08.2021 02:52:59.927,298.29900000000004,297.922,1.75,1.12
24.08.2021 02:53:09.162,298.29900000000004,297.922,1.75,1.12
24.08.2021 02:53:15.640,298.301,297.925,1.25,1.5
24.08.2021 02:53:16.044,298.313,297.935,1.75,1.12
24.08.2021 02:53:22.308,298.313,297.935,1.75,1.12
24.08.2021 02:53:22.509,298.313,297.935,1.75,1.12
24.08.2021 02:53:38.425,298.291,297.962,1,1
24.08.2021 02:53:38.591,298.291,297.962,1,1
24.08.2021 02:54:08.468,298.29400000000004,297.906,1.75,1.5
24.08.2021 02:54:15.732,298.29200000000003,297.906,1.25,1.5
24.08.2021 02:54:20.475,298.29200000000003,297.906,1.25,1.5
24.08.2021 02:54:28.346,298.29400000000004,297.906,1.75,1.5
24.08.2021 02:54:37.712,298.26,297.932,1,1
24.08.2021 02:54:37.890,298.247,297.918,1,1
24.08.2021 02:54:38.103,298.276,297.91700000000003,1.75,1.25
24.08.2021 02:55:01.296,298.276,297.888,1.75,1.5
24.08.2021 02:55:01.496,298.276,297.888,1.75,1.5
24.08.2021 02:55:12.619,298.216,297.954,0.37,0.37
24.08.2021 02:55:14.336,298.249,297.921,1,1
24.08.2021 02:55:14.890,298.254,297.894,1.25,1.12
24.08.2021 02:55:15.140,298.246,297.888,1.25,1.5
24.08.2021 02:55:15.342,298.24,297.888,1.25,1.5
24.08.2021 02:55:16.357,298.243,297.888,1.25,1.5
24.08.2021 02:55:35.240,298.27500000000003,297.888,1.25,1.5
24.08.2021 02:55:49.813,298.271,297.883,1.75,1.5
24.08.2021 02:56:01.040,298.271,297.88599999999997,1.75,1.12
24.08.2021 02:56:01.460,298.271,297.896,1.75,1.12
24.08.2021 02:56:06.612,298.271,297.896,1.75,1.12
24.08.2021 02:56:56.281,298.286,297.897,1.75,1.5
24.08.2021 02:57:00.967,298.28000000000003,297.897,1.25,1.5
24.08.2021 02:57:01.962,298.28000000000003,297.897,1.25,1.5
24.08.2021 02:57:04.608,298.27500000000003,297.897,1.25,1.5
24.08.2021 02:57:08.648,298.268,297.878,1.25,1.5
24.08.2021 02:57:08.800,298.268,297.878,1.25,1.5
24.08.2021 02:57:10.132,298.266,297.878,1.25,1.5
24.08.2021 02:57:16.948,298.263,297.878,1.25,1.5
24.08.2021 02:57:17.611,298.263,297.878,1.25,1.5
24.08.2021 02:57:24.685,298.264,297.878,1.25,1.5
24.08.2021 02:57:34.212,298.231,297.903,1,1
24.08.2021 02:57:34.740,298.231,297.903,1,1
24.08.2021 02:57:56.811,298.251,297.86400000000003,1.75,1.12
24.08.2021 02:57:57.051,298.251,297.866,1.75,1.12
24.08.2021 02:58:02.783,298.251,297.895,1.75,1.25
24.08.2021 02:58:03.960,298.251,297.86400000000003,1.75,1.12
24.08.2021 02:58:04.781,298.251,297.893,1.75,1.25
24.08.2021 02:58:24.603,298.248,297.863,1.25,1.5
24.08.2021 02:58:24.653,298.242,297.863,1.25,1.5
24.08.2021 02:58:25.893,298.248,297.863,1.25,1.5
24.08.2021 02:58:26.639,298.248,297.863,1.25,1.5
24.08.2021 02:58:26.790,298.243,297.863,1.25,1.5
24.08.2021 02:58:29.499,298.243,297.863,1.25,1.5
24.08.2021 02:58:30.723,298.244,297.863,1.25,1.5
24.08.2021 02:58:34.751,298.237,297.863,1.25,1.5
24.08.2021 02:58:42.640,298.231,297.85,1.75,1.12
24.08.2021 02:58:42.868,298.231,297.85,1.75,1.12
24.08.2021 02:58:47.867,298.231,297.85,1.75,1.12
24.08.2021 02:58:53.758,298.231,297.85,1.75,1.12
24.08.2021 02:58:54.511,298.206,297.877,1,1
24.08.2021 02:58:55.265,298.206,297.877,1,1
24.08.2021 02:59:08.527,298.231,297.85,1.75,1.12
24.08.2021 02:59:08.978,298.231,297.844,1.75,1.12
24.08.2021 02:59:16.286,298.231,297.844,1.75,1.12
24.08.2021 02:59:16.728,298.231,297.85400000000004,1.75,1.12
24.08.2021 02:59:16.970,298.231,297.85400000000004,1.75,1.12
24.08.2021 02:59:17.495,298.231,297.85400000000004,1.75,1.12
24.08.2021 02:59:37.432,298.231,297.85400000000004,1.75,1.12
24.08.2021 02:59:37.585,298.156,297.85400000000004,0.37,1.12
24.08.2021 02:59:37.835,298.225,297.85400000000004,1.25,1.12
24.08.2021 02:59:38.669,298.231,297.85400000000004,1.75,1.12
24.08.2021 02:59:39.090,298.231,297.85200000000003,1.75,1.12
24.08.2021 02:59:39.289,298.246,297.861,1.25,1.5
24.08.2021 02:59:40.790,298.249,297.861,2.25,1.5
24.08.2021 02:59:43.546,298.249,297.861,2.25,1.5
24.08.2021 02:59:46.626,298.249,297.861,2.25,1.5
24.08.2021 02:59:46.874,298.247,297.861,1.75,1.5
24.08.2021 03:00:00.280,298.245,297.861,1.25,1.5
24.08.2021 03:00:00.666,298.245,297.861,1.25,1.5
24.08.2021 03:00:00.819,298.245,297.861,1.25,1.5
24.08.2021 03:00:01.020,298.246,297.861,1.25,1.5
24.08.2021 03:00:01.257,298.246,297.861,1.75,1.5
24.08.2021 03:00:07.613,298.247,297.861,1.25,1.5
24.08.2021 03:00:17.690,298.243,297.861,1.25,1.5
24.08.2021 03:00:18.138,298.243,297.861,1.25,1.5
24.08.2021 03:00:18.346,298.243,297.861,1.25,1.5
24.08.2021 03:00:19.015,298.243,297.861,1.25,1.5
24.08.2021 03:00:24.829,298.243,297.861,1.25,1.5
24.08.2021 03:00:25.684,298.243,297.861,1.25,1.5
24.08.2021 03:00:25.934,298.243,297.861,1.25,1.5
24.08.2021 03:00:30.687,298.243,297.88,1.25,1.25
24.08.2021 03:01:11.691,298.23900000000003,297.85200000000003,1.25,1.12
24.08.2021 03:01:32.134,298.242,297.855,1.25,1.12
24.08.2021 03:01:32.381,298.243,297.856,1.75,1.12
24.08.2021 03:01:33.964,298.243,297.856,1.75,1.12
24.08.2021 03:01:39.232,298.252,297.862,1.75,1.5
24.08.2021 03:01:44.457,298.248,297.865,1.25,1.12
24.08.2021 03:02:02.088,298.266,297.882,1.25,1.12
24.08.2021 03:02:02.755,298.266,297.888,1.25,1.12
24.08.2021 03:02:15.611,298.266,297.881,1.25,1.12
24.08.2021 03:02:18.117,298.266,297.881,1.25,1.12
24.08.2021 03:02:26.003,298.255,297.866,1.25,1.12
24.08.2021 03:02:33.339,298.253,297.866,1.25,1.12
24.08.2021 03:03:01.954,298.236,297.873,1.25,1.12
24.08.2021 03:03:02.122,298.258,297.873,1.75,1.12
24.08.2021 03:03:05.162,298.258,297.876,1.75,1.12
24.08.2021 03:03:05.971,298.258,297.876,1.75,1.12
24.08.2021 03:03:06.171,298.271,297.885,1.25,1.5
24.08.2021 03:03:12.650,298.273,297.891,1.75,1.12
24.08.2021 03:03:14.275,298.273,297.891,1.75,1.12
24.08.2021 03:03:14.674,298.273,297.896,1.75,1.12
24.08.2021 03:04:19.964,298.291,297.904,1.75,1.12
24.08.2021 03:04:20.164,298.291,297.904,1.75,1.12
24.08.2021 03:04:25.106,298.291,297.904,1.75,1.12
24.08.2021 03:04:25.301,298.28900000000004,297.904,1.25,1.12
24.08.2021 03:05:37.573,298.29,297.904,1.75,1.12
24.08.2021 03:05:41.613,298.293,297.90500000000003,1.75,1.5
24.08.2021 03:05:49.938,298.281,297.90500000000003,1.25,1.5
24.08.2021 03:05:57.136,298.27500000000003,297.904,1.75,1.12
24.08.2021 03:06:05.505,298.27500000000003,297.904,1.75,1.12
24.08.2021 03:06:05.709,298.27500000000003,297.904,1.75,1.12
24.08.2021 03:06:06.106,298.27500000000003,297.904,1.75,1.12
24.08.2021 03:06:06.559,298.27500000000003,297.904,1.75,1.12
24.08.2021 03:06:07.446,298.295,297.90700000000004,1.75,1.5
24.08.2021 03:06:14.790,298.295,297.90700000000004,1.75,1.5
24.08.2021 03:06:15.507,298.295,297.90700000000004,1.75,1.5
24.08.2021 03:06:29.601,298.295,297.90700000000004,1.75,1.5
24.08.2021 03:06:29.802,298.295,297.90700000000004,1.75,1.5
24.08.2021 03:06:41.118,298.313,297.925,1.75,1.5
24.08.2021 03:06:41.781,298.313,297.928,1.75,1.12
24.08.2021 03:06:45.520,298.313,297.925,1.75,1.5
24.08.2021 03:07:17.250,298.313,297.928,1.75,1.12
24.08.2021 03:08:29.012,298.318,297.93,1.75,1.5
24.08.2021 03:08:29.301,298.31,297.93,1.25,1.5
24.08.2021 03:08:32.110,298.31,297.93,1.25,1.5
24.08.2021 03:09:10.321,298.308,297.921,1.75,1.12
24.08.2021 03:10:06.805,298.32,297.932,1.75,1.5
24.08.2021 03:10:35.425,298.315,297.932,1.25,1.5
24.08.2021 03:10:44.087,298.315,297.927,1.25,1.5
24.08.2021 03:11:10.803,298.311,297.927,1.25,1.5
24.08.2021 03:11:18.876,298.316,297.927,1.75,1.5
24.08.2021 03:11:37.767,298.316,297.927,1.75,1.5
24.08.2021 03:13:04.283,298.309,297.921,1.75,1.5
24.08.2021 03:13:04.437,298.309,297.921,1.75,1.5
24.08.2021 03:13:07.537,298.29,297.904,1.75,1.12
24.08.2021 03:13:10.439,298.28900000000004,297.902,1.25,1.5
24.08.2021 03:13:23.249,298.285,297.902,1.25,1.5
24.08.2021 03:13:32.995,298.285,297.902,1.25,1.5
24.08.2021 03:13:40.419,298.285,297.902,1.25,1.5
24.08.2021 03:13:43.001,298.285,297.902,1.25,1.5
24.08.2021 03:13:51.709,298.285,297.902,1.25,1.5
24.08.2021 03:14:56.177,298.274,297.893,1.25,1.5
24.08.2021 03:15:45.386,298.206,297.934,0.37,0.37
24.08.2021 03:15:48.779,298.265,297.881,1.25,1.5
24.08.2021 03:16:15.483,298.258,297.87,1.75,1.5
24.08.2021 03:17:13.024,298.19599999999997,297.934,0.37,0.37
24.08.2021 03:17:13.373,298.256,297.876,1.75,1.12
24.08.2021 03:17:13.626,298.256,297.876,1.75,1.12
24.08.2021 03:17:14.268,298.256,297.876,1.75,1.12
24.08.2021 03:18:16.682,298.269,297.881,1.75,1.5
24.08.2021 03:18:23.296,298.269,297.885,1.75,1.12
24.08.2021 03:18:23.480,298.269,297.885,1.75,1.12
24.08.2021 03:19:04.826,298.269,297.881,1.75,1.5
24.08.2021 03:19:10.405,298.267,297.879,1.25,1.5
24.08.2021 03:19:10.992,298.268,297.879,1.75,1.5
24.08.2021 03:21:40.164,298.269,297.884,1.75,1.12
24.08.2021 03:21:53.232,298.269,297.884,1.75,1.12
24.08.2021 03:23:16.757,298.242,297.883,1.25,1.12
24.08.2021 03:24:09.940,298.206,297.944,0.37,0.37
24.08.2021 03:25:03.984,298.271,297.885,1.25,1.12
24.08.2021 03:27:55.718,298.279,297.893,1.25,1.12
24.08.2021 03:27:56.170,298.279,297.898,1.25,1.12
24.08.2021 03:28:31.614,298.226,297.964,0.37,0.37
24.08.2021 03:29:27.978,298.29,297.903,1.25,1.12
24.08.2021 03:30:03.321,298.28400000000005,297.903,1.25,1.12
24.08.2021 03:30:08.021,298.272,297.891,1.25,1.12
24.08.2021 03:31:48.247,298.266,297.878,1.75,1.5
24.08.2021 03:31:52.170,298.266,297.878,1.75,1.5
24.08.2021 03:31:52.403,298.266,297.878,1.75,1.5
24.08.2021 03:31:53.452,298.266,297.878,1.75,1.5
24.08.2021 03:31:56.531,298.266,297.878,1.75,1.5
24.08.2021 03:31:58.251,298.266,297.878,1.75,1.5
24.08.2021 03:31:59.855,298.266,297.884,1.75,1.12
24.08.2021 03:32:00.056,298.266,297.884,1.75,1.12
24.08.2021 03:32:05.473,298.266,297.889,1.25,1.12
24.08.2021 03:32:13.283,298.244,297.889,1.25,1.12
24.08.2021 03:32:13.449,298.242,297.889,1.25,1.12
24.08.2021 03:32:17.815,298.216,297.944,0.37,0.37
24.08.2021 03:32:19.115,298.273,297.889,1.25,1.12
24.08.2021 03:33:22.985,298.28000000000003,297.892,1.75,1.12
24.08.2021 03:34:08.533,298.216,297.954,0.37,0.37
24.08.2021 03:34:36.343,298.277,297.90000000000003,1.25,1.5
24.08.2021 03:34:45.281,298.277,297.90000000000003,1.25,1.5
24.08.2021 03:39:13.080,298.226,297.954,0.37,0.37
24.08.2021 03:39:13.283,298.216,297.954,0.37,0.37
24.08.2021 03:41:49.350,298.278,297.899,2.25,1.12
24.08.2021 03:42:00.681,298.278,297.896,1.75,1.12
24.08.2021 03:42:00.835,298.256,297.896,1.25,1.12
24.08.2021 03:42:01.926,298.257,297.896,1.25,1.12
24.08.2021 03:42:02.138,298.254,297.896,1.25,1.12
24.08.2021 03:42:19.607,298.28200000000004,297.893,1.75,1.5
24.08.2021 03:42:44.568,298.226,297.964,0.37,0.37
24.08.2021 03:42:48.944,298.257,297.899,1.25,1.12
24.08.2021 03:42:49.147,298.253,297.896,1.25,1.12
24.08.2021 03:42:49.494,298.255,297.897,1.25,1.12
24.08.2021 03:42:52.178,298.255,297.897,1.25,1.12
24.08.2021 03:44:52.739,298.216,297.944,0.37,0.37
24.08.2021 03:45:04.379,298.274,297.902,1.25,1.12
24.08.2021 03:45:40.382,298.291,297.90500000000003,1.25,1.12
24.08.2021 03:46:20.810,298.29400000000004,297.90500000000003,1.75,1.5
24.08.2021 03:46:21.802,298.29400000000004,297.91200000000003,1.75,1.12
24.08.2021 03:46:27.451,298.29400000000004,297.91200000000003,1.75,1.12
24.08.2021 03:46:30.642,298.29400000000004,297.91200000000003,1.75,1.12
24.08.2021 03:46:49.537,298.29400000000004,297.91700000000003,1.25,1.12
24.08.2021 03:46:50.533,298.29400000000004,297.91700000000003,1.25,1.12
24.08.2021 03:46:50.860,298.29400000000004,297.91700000000003,1.25,1.12
24.08.2021 03:47:07.763,298.291,297.91700000000003,1.25,1.12
24.08.2021 03:47:57.660,298.267,297.915,1.25,1.12
24.08.2021 03:47:57.831,298.27,297.994,1.25,0.37
24.08.2021 03:48:20.065,298.314,297.931,1.25,1.12
24.08.2021 03:48:20.266,298.317,297.934,1.75,1.12
24.08.2021 03:48:37.986,298.317,297.941,1.75,1.12
24.08.2021 03:48:43.555,298.33,297.947,1.87,1.5
24.08.2021 03:51:13.396,298.266,297.994,0.37,0.37
24.08.2021 03:51:13.574,298.339,297.96500000000003,1.75,1.06
24.08.2021 03:52:07.627,298.317,297.93,1.75,1.12
24.08.2021 03:52:19.117,298.317,297.936,1.75,1.12
24.08.2021 03:52:26.273,298.317,297.938,1.75,1.12
24.08.2021 03:52:30.135,298.317,297.936,1.75,1.12
24.08.2021 03:52:35.900,298.317,297.937,1.75,1.12
24.08.2021 03:53:05.062,298.266,298.004,0.37,0.37
24.08.2021 03:53:52.762,298.327,297.938,1.75,1.5
24.08.2021 03:53:53.015,298.323,297.938,1.25,1.5
24.08.2021 03:54:01.581,298.322,297.938,1.25,1.5
24.08.2021 03:54:42.870,298.32599999999996,297.938,1.75,1.5
24.08.2021 03:55:05.789,298.322,297.938,1.25,1.5
24.08.2021 03:55:05.987,298.32599999999996,297.938,1.75,1.5
24.08.2021 03:55:16.616,298.32599999999996,297.938,1.25,1.12
24.08.2021 03:55:18.016,298.32599999999996,297.938,1.25,1.12
24.08.2021 03:56:35.305,298.276,298.014,0.37,0.37
24.08.2021 03:56:35.505,298.309,297.943,1.25,1.12
24.08.2021 03:57:37.765,298.328,297.954,1.25,1.12
24.08.2021 03:57:52.612,298.328,297.954,1.25,1.12
24.08.2021 03:58:06.307,298.327,297.95,1.25,1.12
24.08.2021 03:58:14.115,298.327,297.95,1.25,1.12
24.08.2021 03:58:14.492,298.327,297.95,1.25,1.12
24.08.2021 03:58:42.788,298.327,297.95099999999996,1.25,1.12
24.08.2021 03:59:02.331,298.32,297.95099999999996,1.25,1.12
24.08.2021 03:59:03.950,298.32,297.95099999999996,1.25,1.12
24.08.2021 03:59:36.961,298.339,297.958,1.75,1.5
24.08.2021 03:59:41.115,298.339,297.958,1.75,1.5
24.08.2021 04:00:02.259,298.339,297.957,1.75,1.5
24.08.2021 04:00:02.436,298.339,297.957,1.75,1.5
24.08.2021 04:00:10.164,298.339,297.957,1.75,1.5
24.08.2021 04:00:17.666,298.339,297.988,1.75,1.25
24.08.2021 04:00:46.039,298.339,297.981,1.75,1.25
24.08.2021 04:00:49.946,298.339,297.97700000000003,1.75,1.25
24.08.2021 04:00:50.945,298.339,297.957,1.75,1.5
24.08.2021 04:01:12.213,298.338,297.947,1.75,1.5
24.08.2021 04:03:33.666,298.302,297.945,1.25,1.5
24.08.2021 04:03:40.617,298.334,297.945,1.75,1.5
24.08.2021 04:03:54.616,298.334,297.945,1.75,1.5
24.08.2021 04:04:01.617,298.333,297.945,1.25,1.5
24.08.2021 04:05:35.075,298.334,297.94599999999997,1.25,1.12
24.08.2021 04:06:02.079,298.335,298.014,1,0.37
24.08.2021 04:06:12.067,298.335,297.956,1.25,1.12
24.08.2021 04:06:32.568,298.348,297.971,1.25,1.12
24.08.2021 04:06:44.869,298.348,297.971,1.25,1.12
24.08.2021 04:06:58.709,298.348,297.971,1.25,1.12
24.08.2021 04:06:59.153,298.348,297.971,1.25,1.12
24.08.2021 04:06:59.968,298.348,297.971,1.25,1.12
24.08.2021 04:07:03.417,298.348,297.971,1.25,1.12
24.08.2021 04:07:09.341,298.331,297.959,1.25,1.12
24.08.2021 04:07:14.098,298.348,297.961,1.25,1.12
24.08.2021 04:07:26.890,298.348,297.961,1.25,1.12
24.08.2021 04:07:32.306,298.34700000000004,297.961,1.25,1.12
24.08.2021 04:07:36.588,298.32099999999997,297.953,1.75,1.12
24.08.2021 04:09:50.249,298.316,297.936,1.25,1.12
24.08.2021 04:09:50.448,298.31,297.936,1.25,1.12
24.08.2021 04:10:53.667,298.307,297.926,1.75,1.12
24.08.2021 04:11:11.191,298.307,297.926,1.75,1.12
24.08.2021 04:11:50.671,298.308,297.926,1.75,1.12
24.08.2021 04:11:57.467,298.308,297.926,1.75,1.12
24.08.2021 04:12:04.835,298.308,297.926,1.75,1.12
24.08.2021 04:12:11.614,298.308,297.926,1.75,1.12
24.08.2021 04:12:51.549,298.308,297.92900000000003,1.75,1.12
24.08.2021 04:12:51.752,298.303,297.994,1.25,0.37
24.08.2021 04:13:29.618,298.323,297.934,1.75,1.5
24.08.2021 04:13:36.583,298.322,297.935,1.25,1.12
24.08.2021 04:15:25.059,298.316,297.92900000000003,1.25,1.5
24.08.2021 04:15:28.304,298.316,297.92900000000003,1.25,1.5
24.08.2021 04:15:29.351,298.316,297.92900000000003,1.25,1.5
24.08.2021 04:15:32.177,298.316,297.92900000000003,1.25,1.5
24.08.2021 04:15:32.380,298.316,297.92900000000003,1.25,1.5
24.08.2021 04:15:39.285,298.316,297.954,1.25,1.25
24.08.2021 04:15:45.319,298.307,297.947,1.25,1.25
24.08.2021 04:15:56.348,298.307,297.92900000000003,1.25,1.5
24.08.2021 04:15:57.158,298.307,297.92900000000003,1.25,1.5
24.08.2021 04:16:00.275,298.307,297.92900000000003,1.25,1.5
24.08.2021 04:16:51.588,298.298,297.911,1.25,1.5
24.08.2021 04:17:00.421,298.298,297.91400000000004,1.25,1.12
24.08.2021 04:17:28.218,298.281,297.904,1.75,1.12
24.08.2021 04:17:59.476,298.281,297.90500000000003,1.75,1.12
24.08.2021 04:18:09.507,298.281,297.903,1.75,1.12
24.08.2021 04:18:11.451,298.281,297.90500000000003,1.75,1.12
24.08.2021 04:18:28.368,298.277,297.90000000000003,1.75,1.12
24.08.2021 04:18:36.551,298.277,297.90000000000003,1.75,1.12
24.08.2021 04:18:36.651,298.277,297.904,1.75,1.12
24.08.2021 04:19:04.935,298.29,297.911,1.87,1.5
24.08.2021 04:19:16.572,298.297,297.911,1.25,1.5
24.08.2021 04:19:16.772,298.297,297.911,1.25,1.5
24.08.2021 04:22:05.794,298.298,297.91200000000003,1.25,1.12
24.08.2021 04:22:06.024,298.293,297.91200000000003,1.25,1.12
24.08.2021 04:22:08.176,298.295,297.91200000000003,1.25,1.12
24.08.2021 04:23:03.608,298.295,297.921,1.25,1.12
24.08.2021 04:23:35.109,298.246,297.98400000000004,0.37,0.37
24.08.2021 04:23:35.316,298.293,297.916,1.75,1.12
24.08.2021 04:24:08.491,298.314,297.931,1.25,1.5
24.08.2021 04:24:32.113,298.319,297.931,1.75,1
24.08.2021 04:24:32.222,298.319,297.931,2.25,1.5
24.08.2021 04:24:44.319,298.319,297.933,2.25,1.12
24.08.2021 04:24:47.858,298.319,297.933,2.25,1.12
24.08.2021 04:25:25.292,298.319,297.932,1.87,1.5
24.08.2021 04:26:21.073,298.297,297.92,1.25,1.5
24.08.2021 04:27:07.683,298.309,297.923,1.75,1.12
24.08.2021 04:27:07.972,298.309,297.923,1.75,1.12
24.08.2021 04:27:08.222,298.309,297.934,1.75,1.12
24.08.2021 04:28:56.673,298.246,297.928,0.37,0.87
24.08.2021 04:29:18.414,298.319,297.933,1.75,1.12
24.08.2021 04:29:18.686,298.324,297.934,1.75,1.5
24.08.2021 04:29:18.895,298.338,297.95099999999996,1.75,1.12
24.08.2021 04:29:19.338,298.338,297.95099999999996,1.75,1.12
24.08.2021 04:29:22.963,298.336,297.95099999999996,1.25,1.12
24.08.2021 04:29:23.635,298.337,297.95099999999996,1.25,1.12
24.08.2021 04:29:39.733,298.337,297.95099999999996,1.25,1.12
24.08.2021 04:29:45.935,298.333,297.95099999999996,1.25,1.12
24.08.2021 04:30:05.581,298.335,297.95099999999996,1.25,1.12
24.08.2021 04:30:56.883,298.312,297.94,1.25,1.75
24.08.2021 04:30:57.041,298.312,298.004,1.25,0.37
24.08.2021 04:30:57.818,298.323,297.958,1.75,1.5
24.08.2021 04:30:58.026,298.323,297.941,1.75,1.12
24.08.2021 04:31:21.826,298.323,297.941,1.75,1.25
24.08.2021 04:31:25.379,298.323,297.941,1.75,1.25
24.08.2021 04:31:25.803,298.303,297.923,1.75,1.12
24.08.2021 04:31:58.805,298.29900000000004,297.923,1.75,1.25
24.08.2021 04:32:02.724,298.28200000000004,297.91200000000003,1.75,1.25
24.08.2021 04:33:18.210,298.28200000000004,297.904,1.75,1.25
24.08.2021 04:33:55.644,298.28200000000004,297.908,1.75,1.12
24.08.2021 04:34:26.573,298.277,297.90700000000004,1.75,1.25
24.08.2021 04:34:33.620,298.277,297.90700000000004,1.75,1.25
24.08.2021 04:35:23.170,298.277,297.90500000000003,1.75,1.25
24.08.2021 04:36:26.612,298.277,297.906,1.75,1.25
24.08.2021 04:36:53.387,298.277,297.91400000000004,1.75,1.12
24.08.2021 04:37:09.709,298.277,297.916,1.75,1.12
24.08.2021 04:37:10.241,298.277,297.916,1.75,1.12
24.08.2021 04:37:14.407,298.277,297.916,1.75,1.12
24.08.2021 04:37:19.347,298.277,297.916,1.75,1.12
24.08.2021 04:41:25.007,298.226,297.964,0.37,0.37
24.08.2021 04:41:25.254,298.277,297.90900000000005,1.75,1.12
24.08.2021 04:41:25.459,298.277,297.90900000000005,1.75,1.12
24.08.2021 04:41:32.115,298.28200000000004,297.90900000000005,1.75,1.12
24.08.2021 04:41:33.387,298.28200000000004,297.90900000000005,1.75,1.12
24.08.2021 04:41:41.376,298.216,297.90900000000005,0.37,1.12
24.08.2021 04:42:41.379,298.277,297.858,1,1.5
24.08.2021 04:42:41.429,298.216,297.954,0.37,0.37
24.08.2021 04:42:55.633,298.277,297.901,1.75,1.25
24.08.2021 04:44:44.121,298.277,297.964,1.5,0.37
24.08.2021 04:45:02.744,298.277,297.923,1.75,1.5
24.08.2021 04:49:23.226,298.277,297.923,1.75,1.5
24.08.2021 04:50:02.731,298.27500000000003,297.908,1.75,1.12
24.08.2021 04:50:02.967,298.27500000000003,297.902,1.75,1.25
24.08.2021 04:53:05.281,298.264,297.904,1.75,1.75
24.08.2021 04:56:04.617,298.264,297.889,1.75,1.75
24.08.2021 04:56:05.814,298.246,297.889,1.75,1.5
24.08.2021 04:56:15.223,298.246,297.889,1.75,1.5
24.08.2021 04:56:26.319,298.246,297.889,1.75,1.5
24.08.2021 04:56:27.240,298.246,297.889,1.75,1.5
24.08.2021 04:57:30.972,298.246,297.878,1.75,1.25
24.08.2021 04:58:07.185,298.246,297.875,1.75,1.25
24.08.2021 04:58:08.118,298.246,297.875,1.75,1.25
24.08.2021 04:58:08.518,298.246,297.875,1.75,1.25
24.08.2021 04:58:08.719,298.246,297.875,1.75,1.25
24.08.2021 04:58:16.093,298.246,297.944,1.75,0.37
24.08.2021 04:58:17.261,298.186,297.879,0.37,1.12
24.08.2021 04:58:18.165,298.246,297.875,1.75,1.25
24.08.2021 04:59:04.142,298.246,297.874,1.75,1.25
24.08.2021 04:59:52.640,298.246,297.877,1.75,1.25
24.08.2021 04:59:52.794,298.186,297.877,0.37,1.12
24.08.2021 05:00:13.817,298.246,297.877,1.75,1.25
24.08.2021 05:00:21.620,298.19599999999997,297.934,0.37,0.37
24.08.2021 05:00:33.940,298.246,297.873,1.75,1.25
24.08.2021 05:00:34.225,298.246,297.883,1.75,1.12
24.08.2021 05:00:43.735,298.246,297.878,1.75,1.12
24.08.2021 05:00:43.898,298.246,297.878,1.75,1.12
24.08.2021 05:00:45.391,298.246,297.885,1.75,1.12
24.08.2021 05:00:51.452,298.246,297.885,1.5,1.12
24.08.2021 05:00:52.854,298.245,297.91700000000003,1,1
24.08.2021 05:00:54.952,298.246,297.887,1.75,1.12
24.08.2021 05:01:03.564,298.246,297.88,1.75,1.12
24.08.2021 05:01:04.340,298.246,297.878,1.75,1.25
24.08.2021 05:02:22.123,298.246,297.877,1.75,1.25
24.08.2021 05:03:27.288,298.246,297.877,1.75,1.75
24.08.2021 05:03:27.500,298.246,297.88,1.75,1.12
24.08.2021 05:03:33.174,298.246,297.883,1.75,1.5
24.08.2021 05:03:54.622,298.246,297.885,1.75,1.12
24.08.2021 05:04:06.415,298.19599999999997,297.885,0.37,1.12
24.08.2021 05:04:08.279,298.246,297.885,1.75,1.12
24.08.2021 05:04:34.222,298.19599999999997,297.887,0.37,0.87
24.08.2021 05:04:43.601,298.246,297.944,1.75,0.37
24.08.2021 05:05:54.956,298.246,297.882,1.75,1.12
24.08.2021 05:05:55.204,298.246,297.882,1.75,1.12
24.08.2021 05:06:21.532,298.226,297.868,1.75,1.12
24.08.2021 05:06:21.715,298.226,297.86400000000003,1.75,1.12
24.08.2021 05:06:21.868,298.226,297.86400000000003,1.75,1.12
24.08.2021 05:06:21.941,298.226,297.86400000000003,1.75,1.12
24.08.2021 05:06:22.042,298.208,297.848,1.75,1.25
24.08.2021 05:06:22.170,298.208,297.848,1.75,1.12
24.08.2021 05:06:22.307,298.208,297.848,1.75,1.12
24.08.2021 05:06:22.358,298.208,297.848,1.75,1.12
24.08.2021 05:06:22.534,298.208,297.829,1.75,1.25
24.08.2021 05:06:25.073,298.19,297.827,1.75,1.25
24.08.2021 05:06:27.117,298.19,297.827,1.75,1.25
24.08.2021 05:06:28.531,298.19,297.827,1.75,1.25
24.08.2021 05:06:30.824,298.19,297.812,1.75,1.25
24.08.2021 05:06:37.670,298.19,297.814,1.75,1.25
24.08.2021 05:06:41.522,298.177,297.848,1,1
24.08.2021 05:06:44.726,298.19,297.814,1.75,1.25
24.08.2021 05:06:44.929,298.19,297.812,1.75,1.25
24.08.2021 05:06:45.183,298.19,297.812,1.75,1.25
24.08.2021 05:06:47.169,298.19,297.812,1.75,1.25
24.08.2021 05:06:58.823,298.19,297.812,1.75,1.25
24.08.2021 05:06:59.024,298.19,297.812,1.75,1.25
24.08.2021 05:07:00.371,298.19,297.814,1.75,1.12
24.08.2021 05:07:02.649,298.19,297.814,1.75,1.12
24.08.2021 05:07:02.851,298.19,297.814,1.75,1.12
24.08.2021 05:07:03.847,298.19,297.814,1.75,1.12
24.08.2021 05:07:06.355,298.19,297.814,1.75,1.12
24.08.2021 05:07:14.411,298.19,297.82,1.75,1.25
24.08.2021 05:07:14.612,298.205,297.83,1.75,1.25
24.08.2021 05:08:00.991,298.205,297.836,1.75,1.12
24.08.2021 05:08:20.703,298.205,297.819,1.75,1.75
24.08.2021 05:08:22.024,298.205,297.836,1.75,1.5
24.08.2021 05:08:36.483,298.205,297.836,1.75,1.5
24.08.2021 05:08:36.736,298.205,297.836,1.75,1.5
24.08.2021 05:08:40.510,298.19,297.828,1.75,1.25
24.08.2021 05:08:59.274,298.205,297.82099999999997,1.75,1.25
24.08.2021 05:09:06.623,298.205,297.82099999999997,1.75,1.25
24.08.2021 05:09:13.903,298.205,297.82099999999997,1.75,1.25
24.08.2021 05:09:21.451,298.205,297.82099999999997,1.75,1.25
24.08.2021 05:10:25.275,298.205,297.827,1.87,1.25
24.08.2021 05:10:25.477,298.205,297.827,1.87,1.25
24.08.2021 05:10:38.940,298.192,297.819,1.75,1.25
24.08.2021 05:10:44.539,298.177,297.819,1.75,1.25
24.08.2021 05:10:44.684,298.177,297.819,1.75,1.25
24.08.2021 05:10:55.349,298.177,297.795,1.75,1.75
24.08.2021 05:11:03.036,298.177,297.80400000000003,1.75,1.25
24.08.2021 05:11:03.178,298.177,297.812,1.75,1.25
24.08.2021 05:11:04.548,298.177,297.812,1.75,1.25
24.08.2021 05:11:12.385,298.177,297.812,1.75,1.25
24.08.2021 05:11:12.585,298.177,297.812,1.75,1.25
24.08.2021 05:11:28.440,298.177,297.812,1.75,1.25
24.08.2021 05:11:28.691,298.177,297.812,1.75,1.25
24.08.2021 05:11:42.615,298.15700000000004,297.80400000000003,1.75,1.12
24.08.2021 05:11:44.987,298.15700000000004,297.80400000000003,1.75,1.25
24.08.2021 05:11:51.931,298.15700000000004,297.797,1.75,1.25
24.08.2021 05:11:59.893,298.15700000000004,297.795,1.75,1.25
24.08.2021 05:12:08.305,298.15700000000004,297.79900000000004,1.5,1.25
24.08.2021 05:12:13.232,298.15700000000004,297.805,1.5,1.25
24.08.2021 05:12:20.098,298.15700000000004,297.805,1.5,1.25
24.08.2021 05:12:23.909,298.15700000000004,297.805,1.5,1.25
24.08.2021 05:12:26.980,298.15700000000004,297.80400000000003,1.5,1.12
24.08.2021 05:12:27.468,298.15700000000004,297.80400000000003,1.5,1.12
24.08.2021 05:12:32.096,298.15700000000004,297.80400000000003,1.5,1.12
24.08.2021 05:12:55.279,298.15700000000004,297.806,1.5,1.25
24.08.2021 05:12:55.697,298.177,297.806,1.75,1.25
24.08.2021 05:13:13.101,298.177,297.815,1.75,1.25
24.08.2021 05:13:16.929,298.177,297.815,1.75,1.25
24.08.2021 05:13:28.615,298.177,297.815,1.75,1.25
24.08.2021 05:13:31.517,298.177,297.815,1.75,1.25
24.08.2021 05:13:53.115,298.177,297.815,1.75,1.25
24.08.2021 05:14:14.020,298.177,297.815,1.75,1.25
24.08.2021 05:14:14.226,298.177,297.815,1.75,1.25
24.08.2021 05:14:14.427,298.177,297.815,1.75,1.25
24.08.2021 05:15:15.309,298.177,297.809,1.75,1.25
24.08.2021 05:15:19.234,298.177,297.809,1.75,1.25
24.08.2021 05:15:40.293,298.177,297.812,1.75,1.25
24.08.2021 05:15:42.064,298.177,297.812,1.75,1.25
24.08.2021 05:15:44.195,298.177,297.814,1.75,1.25
24.08.2021 05:15:46.968,298.177,297.814,1.75,1.25
24.08.2021 05:15:47.168,298.177,297.814,1.75,1.25
24.08.2021 05:16:06.197,298.177,297.803,1.75,1.75
24.08.2021 05:16:25.996,298.177,297.812,1.75,1.25
24.08.2021 05:17:26.919,298.177,297.796,1.75,1.75
24.08.2021 05:17:27.368,298.15900000000005,297.79400000000004,1.75,1.25
24.08.2021 05:17:31.234,298.15900000000005,297.79400000000004,1.75,1.25
24.08.2021 05:17:43.608,298.15900000000005,297.79200000000003,1.75,1.25
24.08.2021 05:17:45.168,298.15900000000005,297.79200000000003,1.75,1.25
24.08.2021 05:17:51.171,298.15900000000005,297.796,1.75,1.25
24.08.2021 05:17:51.364,298.15900000000005,297.796,1.75,1.25
24.08.2021 05:18:13.066,298.15900000000005,297.798,1.75,1.25
24.08.2021 05:18:24.064,298.106,297.8,0.37,1.25
24.08.2021 05:18:42.124,298.15900000000005,297.793,1.75,1.25
24.08.2021 05:19:08.888,298.15900000000005,297.795,1.75,1.25
24.08.2021 05:19:24.287,298.15900000000005,297.793,1.75,1.25
24.08.2021 05:19:29.999,298.139,297.774,1.75,1.25
24.08.2021 05:19:30.819,298.139,297.774,1.75,1.25
24.08.2021 05:19:35.231,298.139,297.776,1.75,1.25
24.08.2021 05:19:36.473,298.139,297.774,1.75,1.25
24.08.2021 05:19:38.595,298.139,297.776,1.75,1.25
24.08.2021 05:19:39.492,298.139,297.774,1.75,1.75
24.08.2021 05:19:49.436,298.139,297.78200000000004,1.75,1.75
24.08.2021 05:19:49.685,298.139,297.85400000000004,1.75,0.37
24.08.2021 05:20:09.742,298.15900000000005,297.78200000000004,1.75,1.75
24.08.2021 05:20:10.244,298.15900000000005,297.79,1.75,1.25
24.08.2021 05:21:05.580,298.15900000000005,297.78200000000004,1.75,1.75
24.08.2021 05:21:15.573,298.15900000000005,297.791,1.75,1.25
24.08.2021 05:21:17.583,298.15900000000005,297.791,1.75,1.25
24.08.2021 05:21:17.796,298.15900000000005,297.79200000000003,1.75,1.75
24.08.2021 05:21:24.972,298.15900000000005,297.802,1.75,1.25
24.08.2021 05:21:50.876,298.15900000000005,297.802,1.75,1.25
24.08.2021 05:21:51.752,298.15900000000005,297.802,1.75,1.25
24.08.2021 05:23:19.509,298.15900000000005,297.793,1.75,1.25
24.08.2021 05:23:19.709,298.15900000000005,297.797,1.75,1.25
24.08.2021 05:23:20.757,298.15900000000005,297.795,1.75,1.25
24.08.2021 05:23:22.564,298.15900000000005,297.795,1.75,1.25
24.08.2021 05:23:25.296,298.15900000000005,297.793,1.75,1.75
24.08.2021 05:23:27.173,298.15900000000005,297.797,1.75,1.25
24.08.2021 05:23:28.050,298.15900000000005,297.795,1.75,1.25
24.08.2021 05:23:34.375,298.15900000000005,297.793,1.75,1.75
24.08.2021 05:23:39.258,298.15900000000005,297.793,1.75,1.75
24.08.2021 05:23:41.419,298.15900000000005,297.793,1.75,1.75
24.08.2021 05:23:44.111,298.15900000000005,297.793,1.75,1.75
24.08.2021 05:23:45.266,298.15900000000005,297.793,1.75,1.75
24.08.2021 05:23:45.465,298.15900000000005,297.793,1.75,1.75
24.08.2021 05:23:46.759,298.15900000000005,297.793,1.75,1.75
24.08.2021 05:24:09.191,298.15900000000005,297.791,1.75,1.25
24.08.2021 05:24:14.900,298.15900000000005,297.79400000000004,1.75,1.25
24.08.2021 05:24:42.486,298.15900000000005,297.79400000000004,1.5,1.75
24.08.2021 05:24:43.258,298.17400000000004,297.813,1.75,1.25
24.08.2021 05:24:44.158,298.17400000000004,297.814,1.75,1.25
24.08.2021 05:24:49.433,298.17400000000004,297.813,1.75,1.25
24.08.2021 05:24:51.172,298.17400000000004,297.813,1.75,1.25
24.08.2021 05:24:59.039,298.17400000000004,297.813,1.75,1.25
24.08.2021 05:25:07.775,298.17400000000004,297.813,1.75,1.25
24.08.2021 05:25:11.391,298.17400000000004,297.814,1.75,1.25
24.08.2021 05:25:13.546,298.17400000000004,297.814,1.75,1.25
24.08.2021 05:25:15.335,298.17400000000004,297.814,1.75,1.25
24.08.2021 05:25:23.700,298.17400000000004,297.814,1.75,1.25
24.08.2021 05:25:24.356,298.17400000000004,297.814,1.75,1.25
24.08.2021 05:25:25.046,298.17400000000004,297.814,1.75,1.25
24.08.2021 05:25:25.299,298.17400000000004,297.814,1.75,1.25
24.08.2021 05:25:25.501,298.17400000000004,297.814,1.75,1.25
24.08.2021 05:25:49.053,298.17400000000004,297.814,1.75,1.25
24.08.2021 05:25:49.305,298.194,297.818,1.75,1.75
24.08.2021 05:25:55.509,298.194,297.833,1.75,1.25
24.08.2021 05:26:02.534,298.194,297.833,1.75,1.25
24.08.2021 05:26:08.250,298.194,297.843,1.5,1.25
24.08.2021 05:27:06.518,298.194,297.843,1.75,1.25
24.08.2021 05:27:07.924,298.194,297.843,1.75,1.25
24.08.2021 05:27:09.322,298.212,297.835,1.75,1.75
24.08.2021 05:27:31.516,298.212,297.84200000000004,1.75,1.25
24.08.2021 05:27:35.907,298.212,297.84200000000004,1.75,1.25
24.08.2021 05:27:56.510,298.195,297.84200000000004,1.75,1.25
24.08.2021 05:27:56.712,298.195,297.84200000000004,1.75,1.25
24.08.2021 05:28:38.124,298.195,297.833,1.75,1.25
24.08.2021 05:28:38.325,298.195,297.833,1.75,1.25
24.08.2021 05:28:54.034,298.195,297.833,1.75,1.25
24.08.2021 05:28:59.189,298.17400000000004,297.817,1.75,1.25
24.08.2021 05:29:06.624,298.17400000000004,297.817,1.75,1.25
24.08.2021 05:29:24.094,298.17400000000004,297.817,1.75,1.25
24.08.2021 05:29:37.526,298.17400000000004,297.814,1.75,1.25
24.08.2021 05:29:37.775,298.17400000000004,297.819,1.5,1.25
24.08.2021 05:29:39.391,298.17400000000004,297.814,1.75,1.25
24.08.2021 05:30:04.384,298.17400000000004,297.81,1.75,1.75
24.08.2021 05:30:08.283,298.17400000000004,297.818,1.5,1.25
24.08.2021 05:30:12.036,298.17400000000004,297.818,1.5,1.25
24.08.2021 05:30:12.595,298.17400000000004,297.818,1.5,1.25
24.08.2021 05:30:13.363,298.163,297.818,1.5,1.12
24.08.2021 05:31:59.838,298.163,297.815,1.75,1.25
24.08.2021 05:32:11.173,298.163,297.83,1.75,1.75
24.08.2021 05:32:12.155,298.163,297.83,1.75,1.75
24.08.2021 05:32:12.205,298.163,297.83,1.75,1.75
24.08.2021 05:32:12.407,298.184,297.83,1.75,1.75
24.08.2021 05:32:12.788,298.184,297.83,1.75,1.75
24.08.2021 05:32:14.234,298.184,297.83,1.75,1.75
24.08.2021 05:32:18.675,298.184,297.83,1.75,1.75
24.08.2021 05:32:23.628,298.184,297.83,1.75,1.75
24.08.2021 05:32:23.830,298.184,297.83,1.75,1.75
24.08.2021 05:32:25.869,298.184,297.815,1.75,1.25
24.08.2021 05:32:32.285,298.163,297.815,1.75,1.25
24.08.2021 05:32:36.769,298.163,297.814,1.75,1.75
24.08.2021 05:32:38.230,298.163,297.814,1.75,1.75
24.08.2021 05:32:45.818,298.163,297.814,1.75,1.75
24.08.2021 05:32:48.646,298.163,297.814,1.75,1.75
24.08.2021 05:32:50.930,298.163,297.8,1.75,1.25
24.08.2021 05:33:14.506,298.163,297.803,1.75,1.25
24.08.2021 05:33:26.307,298.163,297.807,1.75,1.75
24.08.2021 05:33:51.383,298.163,297.819,1.5,1.25
24.08.2021 05:33:52.734,298.163,297.807,1.75,1.75
24.08.2021 05:34:04.539,298.163,297.816,1.5,1.75
24.08.2021 05:34:09.088,298.163,297.816,1.75,1.75
24.08.2021 05:34:09.339,298.184,297.818,1.75,1.75
24.08.2021 05:34:16.348,298.184,297.819,1.75,1.75
24.08.2021 05:35:09.630,298.163,297.813,1.75,1.12
24.08.2021 05:35:09.992,298.163,297.813,1.75,1.12
24.08.2021 05:35:14.341,298.163,297.813,1.75,1.12
24.08.2021 05:35:33.320,298.163,297.819,1.75,1.87
24.08.2021 05:35:38.703,298.163,297.79200000000003,1.75,1.75
24.08.2021 05:35:38.949,298.163,297.78700000000003,1.75,1.75
24.08.2021 05:36:00.624,298.149,297.78900000000004,1.75,1.25
24.08.2021 05:36:04.906,298.149,297.78900000000004,1.75,1.25
24.08.2021 05:36:05.058,298.149,297.78900000000004,1.75,1.25
24.08.2021 05:36:07.987,298.149,297.78900000000004,1.75,1.25
24.08.2021 05:36:19.052,298.149,297.78700000000003,1.75,1.87
24.08.2021 05:36:19.254,298.149,297.78700000000003,1.75,1.87
24.08.2021 05:36:25.609,298.149,297.772,1.75,1.75
24.08.2021 05:37:08.395,298.131,297.774,1.75,1.25
24.08.2021 05:37:32.118,298.131,297.766,1.75,1.25
24.08.2021 05:37:37.863,298.131,297.76,1.75,1.75
24.08.2021 05:37:45.615,298.131,297.755,1.75,1.75
24.08.2021 05:38:17.225,298.11,297.751,1.75,1.25
24.08.2021 05:38:17.539,298.125,297.755,1.75,1.25
24.08.2021 05:38:17.754,298.124,297.751,1.25,1.25
24.08.2021 05:38:19.406,298.121,297.75,1.75,1.75
24.08.2021 05:38:23.612,298.121,297.75,1.75,1.75
24.08.2021 05:38:30.100,298.12,297.738,1.25,1.75
24.08.2021 05:38:32.383,298.09900000000005,297.771,1,1
24.08.2021 05:38:34.428,298.101,297.772,1,1
24.08.2021 05:38:35.683,298.09200000000004,297.764,1,1
24.08.2021 05:38:44.359,298.108,297.738,1.75,1.87
24.08.2021 05:38:44.514,298.108,297.738,1.75,1.87
24.08.2021 05:38:51.257,298.108,297.75,1.75,1.75
24.08.2021 05:38:54.993,298.108,297.75,1.75,1.75
24.08.2021 05:38:56.133,298.108,297.75,1.75,1.75
24.08.2021 05:38:56.845,298.108,297.75,1.75,1.75
24.08.2021 05:39:01.311,298.108,297.75,1.75,1.75
24.08.2021 05:39:03.163,298.108,297.75,1.75,1.75
24.08.2021 05:39:05.709,298.108,297.75,1.75,1.75
24.08.2021 05:39:06.144,298.108,297.737,1.75,1.75
24.08.2021 05:39:27.429,298.108,297.75,1.75,1.75
24.08.2021 05:39:51.123,298.126,297.75,1.75,1.75
24.08.2021 05:39:51.273,298.126,297.75,1.75,1.75
24.08.2021 05:39:51.533,298.126,297.76,1.75,1.75
24.08.2021 05:39:51.691,298.126,297.76,1.75,1.75
24.08.2021 05:39:52.299,298.126,297.76,1.75,1.75
24.08.2021 05:39:52.500,298.147,297.773,1.75,1.25
24.08.2021 05:39:53.594,298.147,297.781,1.75,1.25
24.08.2021 05:39:54.341,298.147,297.78700000000003,1.75,1.75
24.08.2021 05:39:54.511,298.147,297.786,1.75,1.25
24.08.2021 05:40:00.180,298.147,297.786,1.75,1.87
24.08.2021 05:40:01.723,298.147,297.786,1.75,1.75
24.08.2021 05:40:04.741,298.16700000000003,297.78700000000003,1.87,1.75
24.08.2021 05:40:05.047,298.16700000000003,297.791,1.87,1.25
24.08.2021 05:40:05.835,298.16700000000003,297.785,1.87,1.25
24.08.2021 05:40:08.916,298.16700000000003,297.786,1.87,1.25
24.08.2021 05:40:14.378,298.16700000000003,297.786,1.87,1.25
24.08.2021 05:40:16.749,298.147,297.781,1.75,1.25
24.08.2021 05:40:18.843,298.147,297.781,1.75,1.25
24.08.2021 05:40:19.714,298.147,297.773,1.87,1.75
24.08.2021 05:40:33.604,298.147,297.773,1.87,1.75
24.08.2021 05:40:33.807,298.118,297.79,1,1
24.08.2021 05:40:38.981,298.147,297.766,1.75,1.25
24.08.2021 05:40:39.187,298.147,297.766,1.75,1.25
24.08.2021 05:40:39.939,298.147,297.762,1.75,1.25
24.08.2021 05:41:05.966,298.147,297.766,1.75,1.25
24.08.2021 05:41:06.527,298.147,297.767,1.75,1.75
24.08.2021 05:41:28.918,298.147,297.778,1.75,1.75
24.08.2021 05:41:29.170,298.147,297.791,1.75,1.75
24.08.2021 05:41:29.290,298.147,297.791,1.75,1.75
24.08.2021 05:41:29.494,298.147,297.791,1.75,1.75
24.08.2021 05:41:29.693,298.147,297.791,1.75,1.75
24.08.2021 05:41:44.198,298.126,297.798,1,1
24.08.2021 05:41:45.034,298.126,297.798,1,1
24.08.2021 05:41:50.242,298.147,297.769,1.75,1.25
24.08.2021 05:41:51.331,298.147,297.77,1.75,1.25
24.08.2021 05:41:51.531,298.147,297.769,1.75,1.25
24.08.2021 05:42:01.939,298.147,297.791,1.75,1.75
24.08.2021 05:42:04.263,298.147,297.791,1.75,1.75
24.08.2021 05:42:04.415,298.147,297.791,1.75,1.75
24.08.2021 05:42:07.112,298.147,297.791,1.75,1.75
24.08.2021 05:42:23.117,298.147,297.763,1.75,1.75
24.08.2021 05:42:23.318,298.147,297.766,1.75,1.25
24.08.2021 05:42:24.081,298.147,297.766,1.75,1.25
24.08.2021 05:42:31.903,298.146,297.765,1.25,1.75
24.08.2021 05:42:36.122,298.146,297.765,1.25,1.75
24.08.2021 05:42:41.107,298.146,297.765,1.25,1.75
24.08.2021 05:42:43.125,298.146,297.765,1.25,1.75
24.08.2021 05:42:43.425,298.146,297.765,1.25,1.75
24.08.2021 05:42:43.626,298.146,297.765,1.25,2.62
24.08.2021 05:42:48.559,298.129,297.765,1.75,2.25
24.08.2021 05:42:48.810,298.129,297.765,1.75,2.25
24.08.2021 05:42:51.097,298.129,297.765,1.75,2.25
24.08.2021 05:43:08.002,298.129,297.76099999999997,1.75,1.75
24.08.2021 05:43:24.372,298.129,297.765,1.75,1.75
24.08.2021 05:43:31.926,298.129,297.765,1.75,1.75
24.08.2021 05:43:32.129,298.119,297.765,1.75,1.75
24.08.2021 05:43:37.206,298.119,297.765,1.75,1.75
24.08.2021 05:43:39.029,298.119,297.765,1.75,1.75
24.08.2021 05:44:05.892,298.105,297.755,1.5,1.75
24.08.2021 05:44:36.794,298.105,297.748,1.75,1.75
24.08.2021 05:44:51.126,298.105,297.749,1.75,1.75
24.08.2021 05:44:58.147,298.105,297.749,1.75,1.75
24.08.2021 05:45:02.165,298.105,297.749,1.75,1.75
24.08.2021 05:45:19.827,298.11,297.749,1.75,1.75
24.08.2021 05:45:24.186,298.11,297.751,1.75,1.25
24.08.2021 05:45:24.438,298.126,297.771,1.5,1.25
24.08.2021 05:45:39.694,298.126,297.772,1.5,1.25
24.08.2021 05:45:43.977,298.126,297.765,1.75,1.25
24.08.2021 05:45:44.078,298.126,297.765,1.75,1.25
24.08.2021 05:46:26.559,298.126,297.762,1.75,1.75
24.08.2021 05:46:27.857,298.126,297.762,1.75,1.75
24.08.2021 05:46:28.148,298.126,297.762,1.75,1.75
24.08.2021 05:46:28.452,298.126,297.762,1.75,1.75
24.08.2021 05:46:28.826,298.126,297.762,1.75,1.75
24.08.2021 05:46:29.527,298.126,297.762,1.75,1.75
24.08.2021 05:46:29.728,298.126,297.762,1.75,1.75
24.08.2021 05:46:29.929,298.126,297.762,1.75,1.75
24.08.2021 05:46:51.322,298.126,297.762,1.75,1.75
24.08.2021 05:46:56.577,298.126,297.762,1.75,1.75
24.08.2021 05:47:18.384,298.126,297.762,1.75,1.75
24.08.2021 05:47:18.588,298.108,297.762,1.75,1.75
24.08.2021 05:47:22.070,298.108,297.762,1.75,1.75
24.08.2021 05:47:38.870,298.09000000000003,297.738,1.5,1.75
24.08.2021 05:47:39.069,298.09000000000003,297.743,1.5,1.25
24.08.2021 05:47:53.111,298.09000000000003,297.762,1.5,1.75
24.08.2021 05:48:05.831,298.09000000000003,297.762,1.5,1.75
24.08.2021 05:48:09.672,298.09000000000003,297.745,1.5,1.25
24.08.2021 05:48:12.366,298.105,297.758,1.5,1.75
24.08.2021 05:48:12.546,298.105,297.758,1.5,1.75
24.08.2021 05:48:13.941,298.123,297.772,1.75,1.75
24.08.2021 05:48:17.360,298.123,297.772,1.5,1.75
24.08.2021 05:48:18.509,298.135,297.772,1.75,1.75
24.08.2021 05:48:18.684,298.135,297.772,1.75,1.75
24.08.2021 05:48:26.429,298.135,297.772,1.75,1.75
24.08.2021 05:48:41.368,298.151,297.815,1.85,0.89
24.08.2021 05:48:47.135,298.151,297.791,1.75,1.75
24.08.2021 05:48:55.562,298.151,297.791,1.75,1.75
24.08.2021 05:49:02.250,298.151,297.78700000000003,1.75,1.75
24.08.2021 05:49:02.300,298.151,297.79200000000003,1.5,1.75
24.08.2021 05:49:02.476,298.151,297.795,1.5,1.75
24.08.2021 05:49:13.873,298.151,297.795,1.75,1.75
24.08.2021 05:49:15.043,298.151,297.795,1.75,1.75
24.08.2021 05:49:16.215,298.151,297.795,1.75,1.75
24.08.2021 05:49:16.415,298.151,297.795,1.75,1.75
24.08.2021 05:49:28.791,298.151,297.795,1.75,1.75
24.08.2021 05:49:29.003,298.151,297.795,1.75,1.75
24.08.2021 05:49:29.528,298.151,297.795,1.75,1.75
24.08.2021 05:49:29.780,298.151,297.795,1.75,1.75
24.08.2021 05:49:35.126,298.151,297.795,1.75,1.75
24.08.2021 05:49:36.901,298.15700000000004,297.795,1.75,1.75
24.08.2021 05:49:37.949,298.15700000000004,297.801,1.75,1.75
24.08.2021 05:49:45.493,298.15700000000004,297.801,1.75,1.75
24.08.2021 05:49:50.740,298.14,297.778,1.75,1.75
24.08.2021 05:49:51.372,298.14,297.778,1.75,1.75
24.08.2021 05:49:52.663,298.14,297.783,1.5,1.25
24.08.2021 05:49:54.964,298.15000000000003,297.793,1.5,1.75
24.08.2021 05:49:56.177,298.15000000000003,297.793,1.5,1.75
24.08.2021 05:50:00.484,298.15000000000003,297.798,1.5,1.25
24.08.2021 05:50:10.450,298.15000000000003,297.80400000000003,1.5,1.75
24.08.2021 05:50:12.895,298.15000000000003,297.80400000000003,1.5,1.75
24.08.2021 05:50:15.295,298.15000000000003,297.80400000000003,1.5,1.75
24.08.2021 05:50:26.952,298.15000000000003,297.80400000000003,1.5,1.75
24.08.2021 05:50:27.156,298.15000000000003,297.80400000000003,1.5,1.75
24.08.2021 05:50:28.762,298.15000000000003,297.783,1.75,1.75
24.08.2021 05:50:51.826,298.132,297.781,1.5,1.25
24.08.2021 05:50:57.981,298.132,297.786,1.5,1.25
24.08.2021 05:51:26.583,298.132,297.79900000000004,1.5,1.75
24.08.2021 05:51:27.245,298.132,297.786,1.5,1.25
24.08.2021 05:51:35.863,298.145,297.793,1.5,1.75
24.08.2021 05:51:36.029,298.145,297.793,1.5,1.75
24.08.2021 05:51:37.552,298.145,297.793,1.5,1.75
24.08.2021 05:51:38.007,298.145,297.797,1.5,1.25
24.08.2021 05:51:39.683,298.145,297.797,1.5,1.25
24.08.2021 05:51:45.545,298.166,297.815,1.5,1.75
24.08.2021 05:51:47.637,298.166,297.815,1.5,1.75
24.08.2021 05:52:29.731,298.166,297.801,1.75,1.25
24.08.2021 05:52:30.135,298.166,297.8,1.75,1.75
24.08.2021 05:52:30.385,298.166,297.8,1.75,1.75
24.08.2021 05:53:02.936,298.15000000000003,297.79,1.5,1.25
24.08.2021 05:53:03.142,298.15000000000003,297.79400000000004,1.5,1.25
24.08.2021 05:53:03.658,298.15000000000003,297.79400000000004,1.5,1.25
24.08.2021 05:53:03.911,298.15000000000003,297.795,1.5,1.25
24.08.2021 05:53:10.303,298.15000000000003,297.8,1.5,1.75
24.08.2021 05:53:22.563,298.15000000000003,297.79,1.75,1.25
24.08.2021 05:53:25.064,298.15000000000003,297.785,1.75,1.25
24.08.2021 05:53:25.214,298.132,297.785,1.5,1.25
24.08.2021 05:53:27.189,298.132,297.777,1.5,1.87
24.08.2021 05:53:38.012,298.132,297.78400000000005,1.5,1.25
24.08.2021 05:53:56.329,298.132,297.78400000000005,1.5,1.12
24.08.2021 05:53:57.627,298.132,297.78400000000005,1.5,1.12
24.08.2021 05:54:08.943,298.132,297.78400000000005,1.5,1.25
24.08.2021 05:54:10.101,298.132,297.785,1.5,1.25
24.08.2021 05:54:54.264,298.132,297.783,1.5,1.25
24.08.2021 05:54:56.831,298.152,297.78700000000003,1.5,1.75
24.08.2021 05:54:57.078,298.152,297.796,1.5,1.25
24.08.2021 05:55:02.659,298.152,297.79900000000004,1.5,1.25
24.08.2021 05:55:07.800,298.173,297.816,1.75,1.75
24.08.2021 05:55:12.563,298.173,297.808,1.75,1.25
24.08.2021 05:55:20.641,298.173,297.807,1.75,1.25
24.08.2021 05:55:21.002,298.173,297.807,1.75,1.25
24.08.2021 05:56:08.959,298.173,297.85,1.5,0.86
24.08.2021 05:56:09.363,298.173,297.82099999999997,1.5,1.25
24.08.2021 05:56:17.397,298.173,297.82099999999997,1.5,1.25
24.08.2021 05:56:23.223,298.173,297.82,1.75,1.25
24.08.2021 05:56:32.796,298.173,297.818,1.5,1.25
24.08.2021 05:56:33.074,298.173,297.818,1.5,1.25
24.08.2021 05:56:44.607,298.173,297.833,1.5,1.75
24.08.2021 05:56:52.870,298.173,297.814,1.75,1.25
24.08.2021 05:56:53.081,298.173,297.82,1.5,1.25
24.08.2021 05:57:01.233,298.173,297.82,1.5,1.25
24.08.2021 05:57:01.476,298.173,297.82,1.5,1.25
24.08.2021 05:57:06.995,298.173,297.82099999999997,1.5,1.25
24.08.2021 05:57:07.197,298.173,297.822,1.5,1.75
24.08.2021 05:57:15.813,298.173,297.825,1.5,1.25
24.08.2021 05:57:20.611,298.173,297.829,1.75,1.5
24.08.2021 05:57:24.010,298.173,297.82099999999997,1.75,1.25
24.08.2021 05:57:31.370,298.173,297.819,1.75,1.75
24.08.2021 05:57:31.833,298.173,297.819,1.75,1.75
24.08.2021 05:57:34.720,298.173,297.819,1.75,1.75
24.08.2021 05:57:34.920,298.173,297.819,1.75,1.75
24.08.2021 05:57:35.122,298.173,297.819,1.75,1.75
24.08.2021 05:57:35.345,298.173,297.818,1.75,1.95
24.08.2021 05:57:35.527,298.173,297.818,1.75,1.95
24.08.2021 05:57:43.317,298.173,297.806,1.75,1.75
24.08.2021 05:57:43.537,298.173,297.806,1.75,1.75
24.08.2021 05:57:48.938,298.15900000000005,297.807,1.75,1.25
24.08.2021 05:57:49.144,298.15900000000005,297.807,1.75,1.25
24.08.2021 05:57:51.257,298.15900000000005,297.807,1.75,1.25
24.08.2021 05:57:51.719,298.15900000000005,297.807,1.75,1.25
24.08.2021 05:57:54.769,298.15900000000005,297.807,1.75,1.25
24.08.2021 05:57:55.929,298.15900000000005,297.807,1.75,1.25
24.08.2021 05:58:11.185,298.15900000000005,297.807,1.75,1.25
24.08.2021 05:58:20.676,298.15900000000005,297.807,1.75,1.25
24.08.2021 05:58:47.874,298.15900000000005,297.816,1.75,1.25
24.08.2021 05:58:47.924,298.15900000000005,297.816,1.75,1.25
24.08.2021 05:58:49.538,298.15900000000005,297.825,1.5,1.25
24.08.2021 05:58:51.672,298.15900000000005,297.83,1.5,1.75
24.08.2021 05:58:55.695,298.15900000000005,297.825,1.5,1.25
24.08.2021 05:58:57.665,298.15900000000005,297.836,1.5,1.75
24.08.2021 05:58:59.535,298.15900000000005,297.825,1.5,1.25
24.08.2021 05:59:00.334,298.15900000000005,297.828,1.5,1.12
24.08.2021 05:59:04.347,298.17400000000004,297.838,1.5,1.25
24.08.2021 05:59:05.048,298.17400000000004,297.84000000000003,1.5,1.25
24.08.2021 05:59:14.598,298.17400000000004,297.836,1.5,1.25
24.08.2021 05:59:19.372,298.17400000000004,297.834,1.75,1.25
24.08.2021 05:59:21.574,298.17400000000004,297.835,1.75,1.25
24.08.2021 05:59:22.048,298.17400000000004,297.835,1.75,1.25
24.08.2021 05:59:22.312,298.17400000000004,297.836,1.5,1.25
24.08.2021 05:59:26.943,298.17400000000004,297.838,1.5,1.25
24.08.2021 05:59:32.998,298.19,297.845,1.75,1.25
24.08.2021 05:59:37.235,298.19,297.848,1.75,1.25
24.08.2021 05:59:54.884,298.205,297.856,1.25,1.25
24.08.2021 06:00:00.037,298.16400000000004,297.873,1,1.5
24.08.2021 06:00:00.088,298.172,297.888,1,1
24.08.2021 06:00:00.138,298.101,297.92,1,1
24.08.2021 06:00:00.239,298.10900000000004,297.932,1,1
24.08.2021 06:00:00.290,298.11400000000003,297.934,1,1
24.08.2021 06:00:00.403,298.122,297.942,1,1
24.08.2021 06:00:00.504,298.13,297.952,1,1
24.08.2021 06:00:00.714,298.137,297.962,1,1
24.08.2021 06:00:04.403,298.145,297.97,1,1
24.08.2021 06:00:04.909,298.15500000000003,297.98,1,1
24.08.2021 06:00:07.699,298.147,297.97200000000004,1,1
24.08.2021 06:00:10.805,298.137,297.962,1,1
24.08.2021 06:00:11.057,298.13,297.97200000000004,1,1
24.08.2021 06:00:13.761,298.123,297.969,1,1
24.08.2021 06:00:13.862,298.115,297.961,1,1
24.08.2021 06:00:14.972,298.118,297.97,1,1
24.08.2021 06:00:15.073,298.118,297.97200000000004,1,1
24.08.2021 06:00:15.123,298.126,297.978,1,1
24.08.2021 06:00:15.174,298.124,297.978,1,1
24.08.2021 06:00:15.891,298.126,297.978,1,1
24.08.2021 06:00:18.906,298.117,297.97200000000004,1,1
24.08.2021 06:00:19.188,298.11,297.96500000000003,1,1
24.08.2021 06:00:20.259,298.09200000000004,297.933,1,1
24.08.2021 06:00:20.360,298.09200000000004,297.92900000000003,1,1
24.08.2021 06:00:20.837,298.077,297.918,1,1
24.08.2021 06:00:21.465,298.068,297.90700000000004,1,1.5
24.08.2021 06:00:21.515,298.068,297.90700000000004,1,1
24.08.2021 06:00:21.753,298.062,297.902,1,1.5
24.08.2021 06:00:21.954,298.067,297.90700000000004,1,1
24.08.2021 06:00:22.353,298.061,297.902,1,1.5
24.08.2021 06:00:22.481,298.061,297.902,1,1
24.08.2021 06:00:24.180,298.061,297.901,1,1
24.08.2021 06:00:30.797,298.061,297.901,1,1.5
24.08.2021 06:00:45.211,298.061,297.901,1,1
24.08.2021 06:00:48.143,298.063,297.90500000000003,1,1
