Gmt time,Ask,Bid,AskVolume,BidVolume
02.08.2021 00:00:00.051,7.77275,7.771660000000001,1.6,0.82
02.08.2021 00:00:00.101,7.772610000000001,7.77177,0.75,0.75
02.08.2021 00:00:00.202,7.772480000000001,7.77167,0.75,0.75
02.08.2021 00:00:00.598,7.772430000000001,7.77164,0.75,0.75
02.08.2021 00:00:01.085,7.772430000000001,7.771630000000001,0.75,0.75
02.08.2021 00:00:01.348,7.772430000000001,7.77162,0.75,2.25
02.08.2021 00:00:01.453,7.772430000000001,7.771630000000001,0.75,0.75
02.08.2021 00:00:17.995,7.77263,7.77154,0.85,0.85
02.08.2021 00:00:25.905,7.77262,7.77154,0.85,0.85
02.08.2021 00:00:26.181,7.7725800000000005,7.77153,0.82,0.85
02.08.2021 00:00:30.648,7.772600000000001,7.77154,0.85,0.85
02.08.2021 00:00:30.899,7.772600000000001,7.77154,0.85,0.85
02.08.2021 00:00:57.015,7.772380000000001,7.771630000000001,0.75,0.75
02.08.2021 00:00:57.512,7.772480000000001,7.771630000000001,2.25,0.75
02.08.2021 00:00:57.765,7.77247,7.771630000000001,0.75,0.75
02.08.2021 00:00:59.478,7.772480000000001,7.77165,2.25,0.75
02.08.2021 00:00:59.579,7.772480000000001,7.77164,2.25,0.75
02.08.2021 00:00:59.889,7.77247,7.77164,0.75,0.75
02.08.2021 00:01:00.417,7.772480000000001,7.771630000000001,2.25,0.75
02.08.2021 00:01:00.518,7.772480000000001,7.77172,0.75,0.75
02.08.2021 00:01:00.822,7.77247,7.77172,0.75,0.75
02.08.2021 00:01:04.543,7.77247,7.771630000000001,0.75,0.75
02.08.2021 00:01:04.593,7.772480000000001,7.771680000000001,2.25,0.75
02.08.2021 00:01:04.888,7.772480000000001,7.77177,0.75,0.75
02.08.2021 00:01:04.952,7.772480000000001,7.771630000000001,0.75,0.75
02.08.2021 00:01:05.002,7.772480000000001,7.77165,0.75,0.75
02.08.2021 00:01:05.103,7.7725800000000005,7.77172,2.7,0.75
02.08.2021 00:01:05.371,7.7725800000000005,7.77172,1.22,0.75
02.08.2021 00:01:05.472,7.772380000000001,7.77172,0.75,0.75
02.08.2021 00:01:08.789,7.772480000000001,7.77165,2.25,0.75
02.08.2021 00:01:08.890,7.772380000000001,7.77167,0.75,2.25
02.08.2021 00:01:09.754,7.772380000000001,7.77164,0.75,0.75
02.08.2021 00:01:09.867,7.772380000000001,7.77165,0.75,0.75
02.08.2021 00:01:10.834,7.772380000000001,7.771630000000001,0.75,0.75
02.08.2021 00:01:10.933,7.772380000000001,7.77165,0.75,0.75
02.08.2021 00:01:11.086,7.7724899999999995,7.771660000000001,0.75,0.75
02.08.2021 00:01:11.137,7.772430000000001,7.771660000000001,0.75,0.75
02.08.2021 00:01:11.288,7.772430000000001,7.7716899999999995,0.75,0.75
02.08.2021 00:01:12.561,7.7724899999999995,7.77172,0.75,0.75
02.08.2021 00:01:12.611,7.772480000000001,7.77177,0.75,0.75
02.08.2021 00:01:12.712,7.772510000000001,7.77177,0.75,0.75
02.08.2021 00:01:12.937,7.7724899999999995,7.77177,0.75,0.75
02.08.2021 00:01:12.988,7.772530000000001,7.77177,0.75,0.75
02.08.2021 00:01:17.448,7.772430000000001,7.77167,0.75,0.75
02.08.2021 00:01:17.599,7.772530000000001,7.7717,0.75,0.75
02.08.2021 00:01:17.700,7.772530000000001,7.77177,0.75,0.75
02.08.2021 00:01:17.801,7.7725800000000005,7.77177,0.75,0.75
02.08.2021 00:01:17.901,7.7725800000000005,7.77182,0.75,0.75
02.08.2021 00:01:18.289,7.772530000000001,7.771760000000001,0.75,0.75
02.08.2021 00:01:18.339,7.772530000000001,7.77179,0.75,0.75
02.08.2021 00:01:27.845,7.77259,7.77179,0.75,0.75
02.08.2021 00:01:27.946,7.7725800000000005,7.771800000000001,0.75,0.75
02.08.2021 00:01:28.052,7.7725800000000005,7.771810000000001,0.75,0.75
02.08.2021 00:01:31.090,7.77259,7.771800000000001,0.75,0.75
02.08.2021 00:01:31.193,7.77259,7.771810000000001,0.75,0.75
02.08.2021 00:01:31.244,7.77263,7.771800000000001,0.75,0.75
02.08.2021 00:01:31.294,7.772610000000001,7.771800000000001,0.75,0.75
02.08.2021 00:01:31.557,7.77259,7.771800000000001,0.75,0.75
02.08.2021 00:01:31.615,7.77262,7.771800000000001,0.75,0.75
02.08.2021 00:01:31.666,7.772600000000001,7.771800000000001,0.75,0.75
02.08.2021 00:01:38.360,7.7725800000000005,7.771800000000001,0.75,0.75
02.08.2021 00:01:38.461,7.77259,7.771860000000001,0.75,0.37
02.08.2021 00:01:38.562,7.772510000000001,7.771860000000001,0.37,0.37
02.08.2021 00:01:39.594,7.7725800000000005,7.77179,0.75,0.75
02.08.2021 00:01:40.781,7.77257,7.77179,0.75,0.75
02.08.2021 00:01:44.280,7.7725800000000005,7.77179,0.75,0.75
02.08.2021 00:01:45.019,7.77257,7.77179,0.75,0.75
02.08.2021 00:01:48.761,7.77257,7.77187,0.75,0.37
02.08.2021 00:01:50.769,7.772460000000001,7.77187,0.37,0.37
02.08.2021 00:01:55.234,7.772460000000001,7.77179,0.37,0.75
02.08.2021 00:01:55.335,7.772460000000001,7.77177,0.37,0.75
02.08.2021 00:01:55.443,7.772430000000001,7.771730000000001,2.25,0.37
02.08.2021 00:01:55.702,7.77242,7.771730000000001,1.5,0.37
02.08.2021 00:01:55.853,7.77235,7.771730000000001,0.37,0.37
02.08.2021 00:01:55.904,7.77235,7.77167,0.37,0.75
02.08.2021 00:01:56.561,7.77235,7.771630000000001,0.37,1.12
02.08.2021 00:01:57.305,7.77232,7.771630000000001,0.37,1.12
02.08.2021 00:01:58.626,7.77232,7.771610000000001,0.37,1.87
02.08.2021 00:01:58.676,7.77232,7.77167,0.37,0.75
02.08.2021 00:01:58.727,7.772330000000001,7.771610000000001,0.75,1.12
02.08.2021 00:01:58.830,7.7723700000000004,7.771610000000001,0.75,0.37
02.08.2021 00:01:58.880,7.772330000000001,7.771610000000001,0.75,0.37
02.08.2021 00:01:59.191,7.772330000000001,7.77162,0.75,0.75
02.08.2021 00:02:00.127,7.77235,7.7716,0.75,0.75
02.08.2021 00:02:00.228,7.77227,7.77159,0.37,0.75
02.08.2021 00:02:00.379,7.77227,7.771580000000001,0.37,0.75
02.08.2021 00:02:01.681,7.7723,7.771580000000001,0.37,0.75
02.08.2021 00:02:02.161,7.77228,7.77159,0.75,0.75
02.08.2021 00:02:03.181,7.7722500000000005,7.77159,0.37,0.75
02.08.2021 00:02:05.126,7.77224,7.77159,0.37,0.75
02.08.2021 00:02:05.449,7.77224,7.771560000000001,0.37,0.37
02.08.2021 00:02:05.499,7.77217,7.771560000000001,0.75,0.37
02.08.2021 00:02:05.600,7.772160000000001,7.771560000000001,0.75,0.37
02.08.2021 00:02:05.793,7.7721100000000005,7.771560000000001,0.37,0.37
02.08.2021 00:02:06.834,7.7721100000000005,7.77154,0.37,0.37
02.08.2021 00:02:07.293,7.772139999999999,7.77154,0.37,0.37
02.08.2021 00:02:07.835,7.772139999999999,7.77155,0.37,0.37
02.08.2021 00:02:31.249,7.772130000000001,7.77155,0.75,0.37
02.08.2021 00:02:31.350,7.77212,7.77155,0.37,0.37
02.08.2021 00:02:31.888,7.77212,7.77152,0.37,1.12
02.08.2021 00:02:32.755,7.7721,7.77152,0.37,1.12
02.08.2021 00:02:32.892,7.7721,7.77153,0.37,0.37
02.08.2021 00:02:34.532,7.7721,7.77152,0.37,1.12
02.08.2021 00:02:36.680,7.772080000000001,7.77152,0.75,1.12
02.08.2021 00:02:59.700,7.772080000000001,7.771510000000001,0.75,0.75
02.08.2021 00:03:00.724,7.7721,7.77152,1.12,0.75
02.08.2021 00:03:00.774,7.772060000000001,7.7715000000000005,0.37,0.75
02.08.2021 00:03:01.053,7.772060000000001,7.771510000000001,0.37,0.75
02.08.2021 00:03:01.739,7.772060000000001,7.77153,0.37,0.37
02.08.2021 00:03:01.869,7.772060000000001,7.771510000000001,0.37,1.12
02.08.2021 00:03:02.227,7.772030000000001,7.771510000000001,0.37,1.12
02.08.2021 00:03:09.966,7.772030000000001,7.77152,0.37,0.37
02.08.2021 00:03:10.767,7.772030000000001,7.7716,0.37,0.37
02.08.2021 00:03:12.778,7.771980000000001,7.7716,0.37,0.37
02.08.2021 00:03:35.695,7.771980000000001,7.771739999999999,0.37,0.75
02.08.2021 00:03:36.017,7.7719700000000005,7.771739999999999,0.37,0.75
02.08.2021 00:03:50.650,7.7719700000000005,7.771710000000001,0.37,0.75
02.08.2021 00:03:50.967,7.771980000000001,7.771710000000001,0.37,0.75
02.08.2021 00:04:00.804,7.77202,7.771710000000001,0.37,0.75
02.08.2021 00:04:02.071,7.772010000000001,7.771710000000001,0.37,0.75
02.08.2021 00:04:02.475,7.772080000000001,7.771710000000001,0.75,0.75
02.08.2021 00:04:11.085,7.77204,7.771710000000001,0.37,0.75
02.08.2021 00:04:16.325,7.77204,7.771580000000001,0.37,0.75
02.08.2021 00:04:16.426,7.772260000000001,7.77165,0.75,0.75
02.08.2021 00:04:16.526,7.77232,7.77172,0.75,0.75
02.08.2021 00:04:16.627,7.77242,7.771760000000001,0.75,0.75
02.08.2021 00:04:16.677,7.772530000000001,7.77184,1.22,0.75
02.08.2021 00:04:16.778,7.772480000000001,7.77182,0.75,0.75
02.08.2021 00:04:16.829,7.772480000000001,7.771850000000001,0.75,0.75
02.08.2021 00:04:16.879,7.77259,7.77189,0.85,0.75
02.08.2021 00:04:16.930,7.772610000000001,7.77193,0.37,0.75
02.08.2021 00:04:16.980,7.772610000000001,7.771910000000001,0.37,0.75
02.08.2021 00:04:17.030,7.772610000000001,7.77193,0.37,0.75
02.08.2021 00:04:17.081,7.77263,7.77194,0.75,0.75
02.08.2021 00:04:17.182,7.77257,7.77193,0.75,0.75
02.08.2021 00:04:17.332,7.772560000000001,7.77193,0.75,0.75
02.08.2021 00:04:17.500,7.772550000000001,7.77193,0.75,0.75
02.08.2021 00:04:17.551,7.77268,7.77194,1.6,0.75
02.08.2021 00:04:17.652,7.77259,7.77195,0.75,0.75
02.08.2021 00:04:17.702,7.772560000000001,7.77195,0.75,0.75
02.08.2021 00:04:17.803,7.772560000000001,7.77194,0.75,0.75
02.08.2021 00:04:24.312,7.77257,7.77192,0.75,0.75
02.08.2021 00:04:24.413,7.772550000000001,7.77194,0.75,0.75
02.08.2021 00:04:24.514,7.772550000000001,7.77192,0.75,0.75
02.08.2021 00:04:24.615,7.772560000000001,7.77193,0.75,0.75
02.08.2021 00:04:25.448,7.77269,7.77179,0.85,0.85
02.08.2021 00:04:25.498,7.772550000000001,7.77192,0.75,0.75
02.08.2021 00:04:33.606,7.7725800000000005,7.77194,2.35,0.75
02.08.2021 00:04:33.656,7.772560000000001,7.77192,0.85,0.75
02.08.2021 00:04:52.410,7.772560000000001,7.771910000000001,0.85,0.75
02.08.2021 00:04:59.355,7.772560000000001,7.7719000000000005,0.85,0.82
02.08.2021 00:04:59.505,7.772560000000001,7.771910000000001,0.85,0.75
02.08.2021 00:05:04.823,7.77257,7.77188,0.85,0.85
02.08.2021 00:05:04.924,7.77257,7.771910000000001,0.85,0.75
02.08.2021 00:05:08.414,7.77257,7.7719000000000005,1.22,1.12
02.08.2021 00:05:08.522,7.77257,7.7719000000000005,1.22,1.12
02.08.2021 00:05:09.206,7.77257,7.771910000000001,1.22,0.37
02.08.2021 00:05:10.209,7.772560000000001,7.77194,0.47,0.37
02.08.2021 00:05:10.918,7.77257,7.77192,0.85,0.75
02.08.2021 00:05:16.820,7.77257,7.77192,0.85,0.75
02.08.2021 00:05:16.920,7.77257,7.77189,0.85,0.82
02.08.2021 00:05:17.332,7.772560000000001,7.77188,0.85,0.82
02.08.2021 00:05:17.432,7.772560000000001,7.7719000000000005,0.85,0.75
02.08.2021 00:05:28.112,7.77252,7.7719000000000005,0.37,0.75
02.08.2021 00:05:28.958,7.77252,7.77189,0.37,0.75
02.08.2021 00:05:29.059,7.772560000000001,7.77188,0.85,0.75
02.08.2021 00:05:29.678,7.772550000000001,7.77189,0.85,0.75
02.08.2021 00:05:34.755,7.772560000000001,7.77188,0.85,0.75
02.08.2021 00:05:34.861,7.772550000000001,7.77188,0.85,0.75
02.08.2021 00:05:35.253,7.772550000000001,7.77188,0.85,0.75
02.08.2021 00:05:35.564,7.772660000000001,7.77175,0.85,0.47
02.08.2021 00:05:38.008,7.772660000000001,7.77175,0.85,0.47
02.08.2021 00:05:40.376,7.77254,7.77188,0.85,0.75
02.08.2021 00:05:40.476,7.77254,7.771860000000001,0.85,1.2
02.08.2021 00:05:40.900,7.77254,7.771860000000001,0.85,1.22
02.08.2021 00:05:41.582,7.77254,7.77188,0.85,0.37
02.08.2021 00:05:43.589,7.77254,7.77189,0.85,0.37
02.08.2021 00:05:44.590,7.77254,7.771910000000001,0.85,0.37
02.08.2021 00:05:48.286,7.77254,7.77192,0.85,0.37
02.08.2021 00:05:49.605,7.77254,7.77194,0.85,0.37
02.08.2021 00:06:06.621,7.77254,7.77194,0.85,0.37
02.08.2021 00:06:07.323,7.77254,7.77193,0.85,0.37
02.08.2021 00:06:14.640,7.772530000000001,7.77193,0.85,0.37
02.08.2021 00:07:00.392,7.772530000000001,7.77193,0.85,0.37
02.08.2021 00:07:00.492,7.772530000000001,7.77187,0.85,0.75
02.08.2021 00:07:01.430,7.772530000000001,7.77187,0.85,0.82
02.08.2021 00:07:01.734,7.772530000000001,7.77187,0.85,0.75
02.08.2021 00:07:07.349,7.772530000000001,7.77187,0.85,0.82
02.08.2021 00:07:09.301,7.7725800000000005,7.771860000000001,0.85,0.82
02.08.2021 00:07:09.408,7.77257,7.77187,0.85,0.75
02.08.2021 00:07:12.949,7.77257,7.77187,0.85,0.75
02.08.2021 00:07:17.064,7.772560000000001,7.771860000000001,0.47,0.82
02.08.2021 00:07:17.114,7.772560000000001,7.77184,1.22,0.85
02.08.2021 00:07:17.711,7.772550000000001,7.771860000000001,0.85,0.75
02.08.2021 00:07:20.142,7.772510000000001,7.77193,0.37,0.37
02.08.2021 00:07:22.473,7.772510000000001,7.77194,0.37,0.37
02.08.2021 00:07:33.642,7.772530000000001,7.77187,0.85,0.75
02.08.2021 00:07:33.692,7.772530000000001,7.77187,0.85,0.75
02.08.2021 00:07:42.896,7.77254,7.77187,0.85,0.75
02.08.2021 00:07:55.322,7.772550000000001,7.77194,0.85,0.37
02.08.2021 00:07:56.328,7.772510000000001,7.77194,0.37,0.37
02.08.2021 00:08:17.848,7.77257,7.771850000000001,0.85,0.75
02.08.2021 00:08:18.860,7.7725,7.771850000000001,0.37,0.75
02.08.2021 00:08:24.112,7.7725,7.7718300000000005,0.37,0.85
02.08.2021 00:08:24.263,7.7725,7.771850000000001,0.37,0.75
02.08.2021 00:08:34.845,7.7725,7.771810000000001,0.37,0.47
02.08.2021 00:08:34.946,7.7725,7.771850000000001,0.37,0.75
02.08.2021 00:08:35.622,7.7724899999999995,7.7719000000000005,0.37,0.37
02.08.2021 00:08:40.716,7.7724899999999995,7.771910000000001,0.37,0.37
02.08.2021 00:08:41.693,7.7725,7.77192,0.37,0.37
02.08.2021 00:09:04.680,7.7724899999999995,7.7719000000000005,0.37,0.37
02.08.2021 00:09:24.317,7.7724899999999995,7.77193,0.37,0.75
02.08.2021 00:09:24.368,7.7725800000000005,7.77193,0.82,0.75
02.08.2021 00:09:24.491,7.7725800000000005,7.77194,0.82,0.75
02.08.2021 00:09:30.630,7.77263,7.77195,0.82,0.75
02.08.2021 00:09:30.681,7.77263,7.77192,2.32,0.75
02.08.2021 00:09:31.245,7.77263,7.77194,0.82,0.75
02.08.2021 00:09:31.354,7.77263,7.77195,0.85,0.75
02.08.2021 00:09:31.618,7.77263,7.77195,0.82,0.75
02.08.2021 00:09:31.718,7.77263,7.771910000000001,0.82,0.75
02.08.2021 00:09:31.769,7.77263,7.77195,2.35,0.75
02.08.2021 00:09:31.933,7.77263,7.77195,2.32,0.75
02.08.2021 00:09:32.183,7.77263,7.77195,2.35,0.75
02.08.2021 00:09:34.570,7.77263,7.77194,2.35,0.75
02.08.2021 00:09:34.621,7.77263,7.77194,2.32,0.75
02.08.2021 00:09:39.621,7.77263,7.77195,0.82,0.75
02.08.2021 00:09:39.735,7.77263,7.771960000000001,0.82,0.75
02.08.2021 00:09:54.845,7.77274,7.77188,0.85,0.85
02.08.2021 00:10:04.546,7.772610000000001,7.77192,0.75,0.75
02.08.2021 00:10:04.699,7.772610000000001,7.77192,0.85,0.75
02.08.2021 00:10:04.848,7.772610000000001,7.77192,0.75,0.75
02.08.2021 00:10:05.085,7.772600000000001,7.77192,0.75,0.75
02.08.2021 00:10:06.106,7.772600000000001,7.77192,0.85,0.75
02.08.2021 00:10:06.226,7.7725800000000005,7.77192,0.75,0.75
02.08.2021 00:10:20.555,7.772550000000001,7.77192,0.37,0.75
02.08.2021 00:10:21.560,7.772550000000001,7.771980000000001,0.37,0.37
02.08.2021 00:10:36.637,7.772610000000001,7.77189,0.75,0.75
02.08.2021 00:10:37.047,7.772600000000001,7.77189,0.75,0.75
02.08.2021 00:11:03.644,7.7725800000000005,7.77187,0.75,0.85
02.08.2021 00:11:03.745,7.77257,7.77187,0.75,0.75
02.08.2021 00:11:18.446,7.77269,7.77172,0.85,0.47
02.08.2021 00:11:19.809,7.772530000000001,7.771739999999999,0.37,0.47
02.08.2021 00:11:21.815,7.772530000000001,7.771960000000001,0.37,0.37
02.08.2021 00:11:35.727,7.77269,7.771710000000001,0.85,1.22
02.08.2021 00:11:35.777,7.77269,7.771710000000001,0.85,1.22
02.08.2021 00:11:44.956,7.77269,7.771710000000001,0.85,1.22
02.08.2021 00:11:46.588,7.7725800000000005,7.77187,0.82,0.75
02.08.2021 00:11:46.735,7.7725800000000005,7.77188,0.82,0.75
02.08.2021 00:12:16.760,7.772710000000001,7.771800000000001,0.85,0.47
02.08.2021 00:12:30.726,7.772710000000001,7.771800000000001,0.85,0.37
02.08.2021 00:12:30.776,7.77257,7.771860000000001,0.75,0.75
02.08.2021 00:12:33.680,7.7725800000000005,7.77187,0.75,0.75
02.08.2021 00:12:53.682,7.772530000000001,7.771860000000001,0.75,0.75
02.08.2021 00:12:55.759,7.772530000000001,7.771960000000001,0.75,0.37
02.08.2021 00:13:58.967,7.7727,7.77172,1,1
02.08.2021 00:14:09.640,7.772600000000001,7.77188,0.75,0.75
02.08.2021 00:14:09.791,7.77259,7.77187,0.75,0.75
02.08.2021 00:14:11.648,7.77257,7.771850000000001,0.75,0.75
02.08.2021 00:14:11.799,7.77257,7.771860000000001,0.85,0.75
02.08.2021 00:14:13.311,7.7725800000000005,7.77187,0.85,0.75
02.08.2021 00:14:13.468,7.77257,7.771860000000001,0.85,0.75
02.08.2021 00:14:13.574,7.77257,7.771860000000001,0.75,0.75
02.08.2021 00:14:14.130,7.772560000000001,7.771850000000001,0.75,0.75
02.08.2021 00:14:14.181,7.772560000000001,7.771850000000001,0.85,0.75
02.08.2021 00:14:15.401,7.77267,7.771730000000001,0.85,0.47
02.08.2021 00:14:17.503,7.772550000000001,7.77187,0.85,0.75
02.08.2021 00:14:23.655,7.772560000000001,7.77187,0.75,0.75
02.08.2021 00:14:24.335,7.772530000000001,7.77189,0.37,0.37
02.08.2021 00:14:25.338,7.77252,7.77187,0.37,1.12
02.08.2021 00:14:26.338,7.772510000000001,7.77187,0.37,1.12
02.08.2021 00:14:28.344,7.77244,7.77187,0.37,1.12
02.08.2021 00:14:47.086,7.7725,7.77193,0.37,0.37
02.08.2021 00:15:02.414,7.77247,7.77188,0.37,0.37
02.08.2021 00:15:06.628,7.77247,7.771980000000001,0.37,0.75
02.08.2021 00:15:06.678,7.77268,7.77204,0.45,0.75
02.08.2021 00:15:06.729,7.77268,7.77207,0.37,0.75
02.08.2021 00:15:06.779,7.77279,7.77207,0.85,0.75
02.08.2021 00:15:06.830,7.772830000000001,7.77212,2.35,0.75
02.08.2021 00:15:06.880,7.77287,7.772150000000001,0.47,0.75
02.08.2021 00:15:06.931,7.77287,7.7721800000000005,0.37,0.75
02.08.2021 00:15:06.981,7.77287,7.772200000000001,0.37,0.75
02.08.2021 00:15:07.032,7.77299,7.77222,0.47,0.75
02.08.2021 00:15:07.132,7.77297,7.772200000000001,0.85,0.75
02.08.2021 00:15:07.183,7.773080000000001,7.77228,0.85,0.82
02.08.2021 00:15:07.233,7.773080000000001,7.772260000000001,0.85,0.75
02.08.2021 00:15:07.284,7.773080000000001,7.7723,0.82,0.75
02.08.2021 00:15:07.385,7.77303,7.77223,0.75,0.85
02.08.2021 00:15:07.435,7.77317,7.77224,0.85,0.47
02.08.2021 00:15:07.542,7.77325,7.77224,0.47,0.47
02.08.2021 00:15:08.074,7.773160000000001,7.77224,0.47,0.47
02.08.2021 00:15:08.175,7.773000000000001,7.7723,0.85,0.75
02.08.2021 00:15:08.325,7.7729800000000004,7.77227,0.82,0.75
02.08.2021 00:15:11.115,7.7729800000000004,7.7723,0.82,0.75
02.08.2021 00:15:11.166,7.77297,7.772260000000001,0.75,0.75
02.08.2021 00:15:11.496,7.77299,7.77229,0.85,0.75
02.08.2021 00:15:11.647,7.7729800000000004,7.77228,0.82,0.75
02.08.2021 00:15:11.747,7.77299,7.77229,0.85,0.75
02.08.2021 00:15:12.803,7.773010000000001,7.772330000000001,0.85,0.75
02.08.2021 00:15:12.853,7.773000000000001,7.772310000000001,0.85,0.75
02.08.2021 00:15:12.904,7.77302,7.772330000000001,0.85,0.75
02.08.2021 00:15:12.954,7.77303,7.77234,0.82,0.75
02.08.2021 00:15:13.382,7.77302,7.77232,0.75,0.75
02.08.2021 00:15:13.758,7.773010000000001,7.772310000000001,0.75,0.75
02.08.2021 00:15:13.808,7.773010000000001,7.772310000000001,0.85,0.75
02.08.2021 00:15:13.919,7.77303,7.772330000000001,0.85,0.75
02.08.2021 00:15:13.969,7.77303,7.772330000000001,0.82,0.75
02.08.2021 00:15:14.030,7.773010000000001,7.772310000000001,0.75,0.75
02.08.2021 00:15:14.144,7.7730500000000005,7.772330000000001,0.85,0.75
02.08.2021 00:15:14.245,7.77303,7.772330000000001,0.85,0.75
02.08.2021 00:15:14.439,7.773010000000001,7.772330000000001,0.75,0.75
02.08.2021 00:15:14.540,7.7730500000000005,7.7723700000000004,0.85,0.75
02.08.2021 00:15:14.591,7.773080000000001,7.7724,0.82,0.75
02.08.2021 00:15:15.034,7.773080000000001,7.77239,2.32,0.75
02.08.2021 00:15:15.440,7.7731200000000005,7.772330000000001,0.47,0.45
02.08.2021 00:15:15.490,7.7731200000000005,7.77244,0.37,0.75
02.08.2021 00:15:16.423,7.77314,7.77244,0.85,0.75
02.08.2021 00:15:18.503,7.773130000000001,7.772460000000001,0.82,0.75
02.08.2021 00:15:22.752,7.773130000000001,7.77247,0.82,0.75
02.08.2021 00:15:30.632,7.773130000000001,7.77245,0.75,0.75
02.08.2021 00:15:30.732,7.773130000000001,7.77247,0.82,0.75
02.08.2021 00:15:32.475,7.77307,7.77247,0.37,0.75
02.08.2021 00:15:33.866,7.773080000000001,7.77247,0.37,0.75
02.08.2021 00:15:35.877,7.773080000000001,7.77252,0.37,0.37
02.08.2021 00:15:45.699,7.77307,7.77244,0.37,1.12
02.08.2021 00:15:46.667,7.77302,7.77245,0.37,0.37
02.08.2021 00:15:48.752,7.773060000000001,7.77247,0.37,0.37
02.08.2021 00:15:49.757,7.773060000000001,7.77252,0.37,0.37
02.08.2021 00:15:53.771,7.773060000000001,7.772530000000001,0.37,0.37
02.08.2021 00:15:58.791,7.773060000000001,7.77252,0.37,0.37
02.08.2021 00:16:05.817,7.773060000000001,7.772510000000001,0.37,0.37
02.08.2021 00:16:12.846,7.773060000000001,7.7725,0.37,0.37
02.08.2021 00:16:13.247,7.773060000000001,7.77252,0.37,0.75
02.08.2021 00:16:13.349,7.773060000000001,7.7725,0.37,0.37
02.08.2021 00:16:13.851,7.773060000000001,7.772510000000001,0.37,0.37
02.08.2021 00:16:15.326,7.7730500000000005,7.7724899999999995,0.37,0.37
02.08.2021 00:16:16.330,7.7730500000000005,7.7725,0.37,0.37
02.08.2021 00:16:29.461,7.773060000000001,7.772460000000001,0.37,0.37
02.08.2021 00:16:30.581,7.7730500000000005,7.772480000000001,0.37,0.37
02.08.2021 00:16:34.600,7.77304,7.772480000000001,0.37,0.37
02.08.2021 00:16:35.604,7.7730500000000005,7.772480000000001,0.37,0.37
02.08.2021 00:16:37.608,7.773060000000001,7.7724899999999995,0.37,0.37
02.08.2021 00:16:38.613,7.773060000000001,7.7725,0.37,0.37
02.08.2021 00:16:40.001,7.773060000000001,7.77252,0.37,0.37
02.08.2021 00:17:11.675,7.773060000000001,7.7724899999999995,0.37,0.37
02.08.2021 00:17:12.416,7.773080000000001,7.772710000000001,0.75,0.75
02.08.2021 00:17:12.467,7.7731200000000005,7.772710000000001,0.75,0.75
02.08.2021 00:17:13.873,7.7731200000000005,7.7727200000000005,0.75,0.37
02.08.2021 00:17:23.889,7.77315,7.7727200000000005,0.75,0.37
02.08.2021 00:17:23.990,7.773160000000001,7.7727200000000005,0.75,0.75
02.08.2021 00:17:24.268,7.77315,7.7727200000000005,0.75,0.75
02.08.2021 00:17:25.391,7.77315,7.772760000000001,0.75,0.75
02.08.2021 00:17:29.569,7.773160000000001,7.772760000000001,1.12,0.75
02.08.2021 00:17:30.088,7.77299,7.772760000000001,0.75,0.37
02.08.2021 00:18:20.776,7.77317,7.772760000000001,0.75,0.75
02.08.2021 00:18:20.827,7.77319,7.772760000000001,0.75,0.75
02.08.2021 00:18:20.877,7.77317,7.772760000000001,0.75,0.75
02.08.2021 00:18:21.028,7.773180000000001,7.772760000000001,0.75,0.75
02.08.2021 00:18:21.079,7.773180000000001,7.77274,0.75,0.75
02.08.2021 00:18:21.229,7.77317,7.77274,0.75,0.75
02.08.2021 00:18:21.466,7.77317,7.77277,0.75,0.37
02.08.2021 00:18:21.627,7.77299,7.77277,0.75,0.37
02.08.2021 00:18:22.966,7.77299,7.772760000000001,0.75,0.75
02.08.2021 00:18:33.761,7.77299,7.772810000000001,0.75,0.75
02.08.2021 00:18:33.812,7.77304,7.772810000000001,0.75,0.75
02.08.2021 00:18:45.030,7.77302,7.772810000000001,0.75,0.75
02.08.2021 00:18:52.335,7.77304,7.772810000000001,0.75,0.75
02.08.2021 00:19:38.967,7.77304,7.77275,0.75,0.75
02.08.2021 00:20:03.956,7.77304,7.77279,0.75,0.75
02.08.2021 00:20:04.901,7.77304,7.772810000000001,0.75,0.75
02.08.2021 00:20:25.834,7.77304,7.77275,0.75,1.5
02.08.2021 00:20:25.885,7.773080000000001,7.77275,0.75,0.75
02.08.2021 00:20:26.729,7.773060000000001,7.77275,0.37,0.75
02.08.2021 00:20:27.334,7.773060000000001,7.77277,0.37,0.37
02.08.2021 00:20:28.835,7.773060000000001,7.772780000000001,0.37,0.75
02.08.2021 00:20:30.336,7.773060000000001,7.77279,0.37,0.75
02.08.2021 00:20:32.753,7.77307,7.77279,0.37,0.75
02.08.2021 00:20:33.337,7.77307,7.7728,0.37,0.75
02.08.2021 00:20:34.232,7.77304,7.7728,0.75,0.75
02.08.2021 00:20:37.838,7.77304,7.772810000000001,0.75,0.75
02.08.2021 00:20:52.810,7.77304,7.77275,0.75,0.75
02.08.2021 00:20:52.911,7.773060000000001,7.77275,0.75,0.75
02.08.2021 00:21:25.074,7.77304,7.77275,0.75,0.75
02.08.2021 00:22:11.201,7.7730500000000005,7.77268,0.37,0.37
02.08.2021 00:22:11.252,7.77307,7.7727,0.37,0.37
02.08.2021 00:22:14.386,7.77304,7.77275,0.75,0.75
02.08.2021 00:22:27.242,7.77299,7.77275,0.37,0.75
02.08.2021 00:22:51.138,7.77304,7.77275,0.75,0.75
02.08.2021 00:24:26.813,7.773080000000001,7.772880000000001,0.75,0.75
02.08.2021 00:24:28.106,7.773110000000001,7.772880000000001,0.75,0.75
02.08.2021 00:24:47.425,7.7731,7.772880000000001,0.37,0.75
02.08.2021 00:25:26.133,7.77304,7.77275,0.75,0.75
02.08.2021 00:29:10.030,7.77304,7.77277,0.75,0.75
02.08.2021 00:33:45.029,7.77304,7.77275,0.75,0.75
02.08.2021 00:35:59.834,7.77304,7.77274,0.75,0.75
02.08.2021 00:35:59.934,7.773160000000001,7.7728399999999995,0.75,0.75
02.08.2021 00:35:59.985,7.77325,7.77274,1.12,1.12
02.08.2021 00:36:00.035,7.7732,7.77292,0.75,0.75
02.08.2021 00:36:00.136,7.773289999999999,7.773010000000001,0.75,0.37
02.08.2021 00:36:00.236,7.773460000000001,7.773010000000001,0.85,0.37
02.08.2021 00:36:00.287,7.77347,7.773010000000001,0.75,0.37
02.08.2021 00:36:00.387,7.773510000000001,7.773010000000001,0.75,0.37
02.08.2021 00:36:00.539,7.773580000000001,7.77302,2.35,0.75
02.08.2021 00:36:00.694,7.77354,7.77303,0.85,0.75
02.08.2021 00:36:00.794,7.77354,7.773130000000001,0.85,0.37
02.08.2021 00:36:01.519,7.77354,7.773130000000001,0.82,0.37
02.08.2021 00:36:01.644,7.77354,7.773130000000001,0.85,0.37
02.08.2021 00:36:05.276,7.77355,7.7731200000000005,0.85,0.37
02.08.2021 00:36:05.500,7.77344,7.77315,0.75,0.75
02.08.2021 00:36:25.593,7.773560000000001,7.77314,0.47,0.37
02.08.2021 00:36:27.461,7.77344,7.77315,0.75,0.75
02.08.2021 00:36:48.624,7.773560000000001,7.77314,0.47,0.37
02.08.2021 00:36:48.980,7.773580000000001,7.773130000000001,2.35,0.37
02.08.2021 00:36:49.080,7.773580000000001,7.773130000000001,0.85,0.37
02.08.2021 00:36:49.516,7.773580000000001,7.773130000000001,0.82,0.37
02.08.2021 00:36:49.889,7.773580000000001,7.7731200000000005,0.82,0.37
02.08.2021 00:36:50.655,7.773580000000001,7.7731200000000005,0.85,0.37
02.08.2021 00:36:54.177,7.773580000000001,7.773130000000001,0.85,0.37
02.08.2021 00:36:54.278,7.7735899999999996,7.773130000000001,0.47,0.37
02.08.2021 00:36:55.678,7.7735899999999996,7.773110000000001,1.22,0.37
02.08.2021 00:36:55.789,7.7735899999999996,7.773110000000001,0.47,0.37
02.08.2021 00:36:57.831,7.77344,7.77315,0.75,0.75
02.08.2021 00:38:54.491,7.77345,7.773180000000001,0.75,0.75
02.08.2021 00:38:56.643,7.77344,7.77315,0.75,0.75
02.08.2021 00:41:19.427,7.77354,7.77325,0.75,0.75
02.08.2021 00:41:24.241,7.77344,7.77317,0.75,0.37
02.08.2021 00:41:24.804,7.77344,7.77315,0.75,0.75
02.08.2021 00:41:33.084,7.773580000000001,7.77307,0.85,0.37
02.08.2021 00:41:41.084,7.773560000000001,7.77307,0.37,0.37
02.08.2021 00:41:42.459,7.773580000000001,7.7730500000000005,0.85,0.37
02.08.2021 00:41:42.616,7.773580000000001,7.7730500000000005,0.47,0.37
02.08.2021 00:41:42.900,7.773580000000001,7.7730500000000005,0.47,0.37
02.08.2021 00:41:43.709,7.773580000000001,7.7731,0.85,0.37
02.08.2021 00:41:48.165,7.773580000000001,7.773110000000001,0.85,0.37
02.08.2021 00:41:54.275,7.77344,7.77315,0.75,0.75
02.08.2021 00:43:26.777,7.77343,7.773160000000001,0.75,0.75
02.08.2021 00:43:27.539,7.77344,7.77315,0.75,0.75
02.08.2021 00:43:41.800,7.7732399999999995,7.77297,0.75,0.37
02.08.2021 00:43:41.851,7.7732399999999995,7.772950000000001,0.75,0.75
02.08.2021 00:43:42.616,7.7732399999999995,7.772960000000001,0.75,0.37
02.08.2021 00:43:43.162,7.77334,7.773060000000001,0.75,0.37
02.08.2021 00:43:43.212,7.77347,7.7729800000000004,0.85,0.37
02.08.2021 00:43:43.313,7.773480000000001,7.7729800000000004,0.75,0.37
02.08.2021 00:43:43.414,7.773530000000001,7.7729800000000004,0.85,0.37
02.08.2021 00:43:43.614,7.77343,7.7729800000000004,0.75,0.37
02.08.2021 00:43:43.664,7.773410000000001,7.772930000000001,0.75,0.37
02.08.2021 00:43:43.815,7.7734000000000005,7.772930000000001,0.75,0.37
02.08.2021 00:43:43.961,7.7732399999999995,7.772950000000001,0.75,0.75
02.08.2021 00:43:46.085,7.7732399999999995,7.77297,0.75,0.37
02.08.2021 00:43:46.136,7.7734000000000005,7.77297,0.37,0.37
02.08.2021 00:43:46.237,7.773480000000001,7.77299,0.75,0.37
02.08.2021 00:43:46.337,7.77352,7.77299,0.85,0.37
02.08.2021 00:43:46.541,7.773530000000001,7.77299,0.85,0.37
02.08.2021 00:43:46.591,7.77343,7.77299,0.75,0.37
02.08.2021 00:43:46.641,7.773410000000001,7.77292,0.75,1.12
02.08.2021 00:43:46.890,7.77338,7.77292,0.75,1.12
02.08.2021 00:43:46.991,7.7732399999999995,7.772950000000001,0.75,0.75
02.08.2021 00:43:47.845,7.77334,7.7730500000000005,0.75,0.75
02.08.2021 00:43:47.896,7.77342,7.77304,0.37,0.37
02.08.2021 00:43:47.997,7.773480000000001,7.77304,0.75,0.37
02.08.2021 00:43:48.099,7.77352,7.77304,0.47,0.37
02.08.2021 00:43:48.200,7.77352,7.77304,0.37,0.37
02.08.2021 00:43:48.351,7.77343,7.77304,0.75,0.37
02.08.2021 00:43:48.401,7.773410000000001,7.772930000000001,0.75,0.37
02.08.2021 00:43:48.673,7.7732399999999995,7.772950000000001,0.75,0.75
02.08.2021 00:43:50.019,7.77334,7.7730500000000005,0.75,0.75
02.08.2021 00:43:50.120,7.773480000000001,7.77303,0.85,0.37
02.08.2021 00:43:50.221,7.773480000000001,7.77303,0.75,0.37
02.08.2021 00:43:50.321,7.773530000000001,7.77303,1.22,0.37
02.08.2021 00:43:50.598,7.773530000000001,7.77303,1.2,0.37
02.08.2021 00:43:53.655,7.773530000000001,7.77303,0.85,0.37
02.08.2021 00:43:59.655,7.773530000000001,7.77303,0.85,0.37
02.08.2021 00:44:04.919,7.77354,7.77302,0.47,0.37
02.08.2021 00:44:05.020,7.77355,7.77302,0.85,0.37
02.08.2021 00:44:05.457,7.77354,7.77302,0.85,0.37
02.08.2021 00:44:06.369,7.77354,7.77303,0.85,0.37
02.08.2021 00:44:10.676,7.77354,7.77303,0.85,0.37
02.08.2021 00:44:10.787,7.77355,7.77304,0.85,0.37
02.08.2021 00:44:59.932,7.77352,7.77304,0.47,0.37
02.08.2021 00:45:00.033,7.77352,7.77303,0.47,0.37
02.08.2021 00:45:04.209,7.773510000000001,7.77303,0.47,0.37
02.08.2021 00:45:11.195,7.77352,7.77304,0.47,0.37
02.08.2021 00:45:11.346,7.77352,7.77304,0.47,0.37
02.08.2021 00:45:11.511,7.77352,7.77304,0.47,0.37
02.08.2021 00:45:41.916,7.773510000000001,7.77304,0.47,0.37
02.08.2021 00:45:42.017,7.773510000000001,7.77304,0.47,0.37
02.08.2021 00:45:42.867,7.773580000000001,7.77304,2.35,0.37
02.08.2021 00:45:43.367,7.773580000000001,7.7730500000000005,2.35,0.37
02.08.2021 00:45:54.940,7.773580000000001,7.77304,2.35,0.37
02.08.2021 00:45:55.056,7.77355,7.77304,0.85,0.37
02.08.2021 00:46:23.655,7.7735899999999996,7.77304,0.47,0.37
02.08.2021 00:46:30.432,7.77357,7.77304,0.85,0.37
02.08.2021 00:46:30.870,7.77357,7.77304,0.85,0.37
02.08.2021 00:46:31.551,7.77357,7.7730500000000005,0.85,0.37
02.08.2021 00:46:49.983,7.773560000000001,7.77304,0.85,0.37
02.08.2021 00:46:50.346,7.77355,7.77304,0.85,0.37
02.08.2021 00:46:52.646,7.773560000000001,7.77304,0.85,0.37
02.08.2021 00:46:52.783,7.773560000000001,7.77304,0.85,0.37
02.08.2021 00:46:53.264,7.773560000000001,7.77304,0.85,0.37
02.08.2021 00:46:53.365,7.77357,7.77304,0.85,0.37
02.08.2021 00:46:53.466,7.773560000000001,7.77304,0.85,0.37
02.08.2021 00:46:53.825,7.77355,7.77304,0.85,0.37
02.08.2021 00:46:55.973,7.773560000000001,7.7730500000000005,0.85,0.37
02.08.2021 00:46:56.027,7.773560000000001,7.7730500000000005,0.85,0.37
02.08.2021 00:46:56.211,7.773560000000001,7.7730500000000005,0.85,0.37
02.08.2021 00:46:56.484,7.77355,7.7730500000000005,0.85,0.37
02.08.2021 00:46:57.438,7.77355,7.77304,0.85,0.37
02.08.2021 00:46:59.228,7.77355,7.77304,0.85,0.37
02.08.2021 00:47:00.729,7.77357,7.7730500000000005,0.85,0.37
02.08.2021 00:47:04.309,7.773560000000001,7.7730500000000005,0.85,0.37
02.08.2021 00:47:05.112,7.77357,7.7730500000000005,1.22,0.37
02.08.2021 00:47:06.314,7.77352,7.7730500000000005,0.37,0.37
02.08.2021 00:47:08.317,7.773510000000001,7.7730500000000005,0.37,0.37
02.08.2021 00:47:09.321,7.77349,7.7730500000000005,0.37,0.37
02.08.2021 00:47:10.908,7.77357,7.7730500000000005,0.85,0.37
02.08.2021 00:47:11.172,7.77357,7.7730500000000005,0.85,0.37
02.08.2021 00:47:11.505,7.77357,7.7730500000000005,0.85,0.37
02.08.2021 00:47:13.747,7.77357,7.7730500000000005,0.85,0.37
02.08.2021 00:47:14.717,7.77357,7.7730500000000005,1.22,0.37
02.08.2021 00:47:15.340,7.773510000000001,7.7730500000000005,0.37,0.37
02.08.2021 00:47:16.457,7.77349,7.7730500000000005,0.37,0.37
02.08.2021 00:47:17.691,7.77347,7.7730500000000005,0.37,0.37
02.08.2021 00:47:19.959,7.773480000000001,7.7730500000000005,0.37,0.37
02.08.2021 00:47:24.353,7.77347,7.7730500000000005,0.37,0.37
02.08.2021 00:47:24.449,7.77357,7.7730500000000005,0.85,0.37
02.08.2021 00:47:30.309,7.77355,7.77304,0.85,0.37
02.08.2021 00:47:30.460,7.7735899999999996,7.77304,0.47,0.37
02.08.2021 00:47:30.511,7.77344,7.77315,0.75,0.75
02.08.2021 00:48:04.936,7.773460000000001,7.77315,0.75,0.75
02.08.2021 00:48:25.749,7.7735899999999996,7.77314,0.37,0.37
02.08.2021 00:48:27.011,7.7735899999999996,7.773130000000001,0.37,0.37
02.08.2021 00:48:28.485,7.77362,7.773130000000001,0.85,0.37
02.08.2021 00:48:28.967,7.77362,7.7731200000000005,0.85,0.37
02.08.2021 00:48:29.018,7.77355,7.7730500000000005,0.37,0.37
02.08.2021 00:48:35.117,7.773460000000001,7.77315,0.75,0.75
02.08.2021 00:48:37.043,7.77344,7.77315,0.75,0.75
02.08.2021 00:51:01.245,7.773460000000001,7.77315,0.75,0.75
02.08.2021 00:51:18.162,7.77344,7.77315,0.75,0.75
02.08.2021 00:52:01.399,7.77344,7.77314,0.75,0.75
02.08.2021 00:52:33.951,7.77349,7.77319,0.75,0.75
02.08.2021 00:52:49.194,7.77344,7.77317,0.75,0.37
02.08.2021 00:52:49.743,7.77344,7.77314,0.75,0.75
02.08.2021 00:53:02.342,7.77344,7.773130000000001,0.75,0.75
02.08.2021 00:54:19.630,7.773410000000001,7.773110000000001,0.75,0.37
02.08.2021 00:54:19.731,7.773410000000001,7.7731200000000005,0.75,0.37
02.08.2021 00:54:21.132,7.773410000000001,7.773080000000001,0.75,1.12
02.08.2021 00:54:23.009,7.77343,7.7731,0.75,0.75
02.08.2021 00:55:06.901,7.77343,7.773110000000001,0.75,0.37
02.08.2021 00:55:07.052,7.77344,7.773110000000001,0.75,0.75
02.08.2021 00:55:07.158,7.77339,7.773060000000001,0.75,0.75
02.08.2021 00:55:22.939,7.773460000000001,7.77303,0.37,0.37
02.08.2021 00:55:25.075,7.77344,7.77303,0.37,0.37
02.08.2021 00:55:26.078,7.77343,7.77303,0.37,0.37
02.08.2021 00:55:27.080,7.773410000000001,7.77303,0.37,0.37
02.08.2021 00:55:29.333,7.77343,7.77303,0.37,0.37
02.08.2021 00:55:33.343,7.77342,7.77303,0.37,0.37
02.08.2021 00:55:37.342,7.77339,7.773060000000001,0.75,0.75
02.08.2021 00:56:13.196,7.77343,7.77302,0.37,0.37
02.08.2021 00:56:13.481,7.77343,7.772950000000001,0.37,0.37
02.08.2021 00:56:14.325,7.77345,7.772950000000001,0.45,0.37
02.08.2021 00:56:17.654,7.77345,7.772950000000001,0.47,0.37
02.08.2021 00:56:24.549,7.773410000000001,7.772950000000001,0.37,0.37
02.08.2021 00:57:10.226,7.77345,7.772950000000001,0.47,0.37
02.08.2021 00:57:10.639,7.77345,7.772950000000001,0.45,0.37
02.08.2021 00:57:30.141,7.7733300000000005,7.77299,0.75,0.75
02.08.2021 00:57:31.180,7.773280000000001,7.7729800000000004,0.75,0.37
02.08.2021 00:57:31.455,7.773280000000001,7.77297,0.75,0.37
02.08.2021 00:57:31.605,7.773280000000001,7.77294,0.75,1.12
02.08.2021 00:57:32.236,7.773280000000001,7.772950000000001,0.75,0.37
02.08.2021 00:57:46.273,7.773280000000001,7.77294,0.75,1.12
02.08.2021 00:58:01.222,7.7732399999999995,7.772930000000001,0.75,0.37
02.08.2021 00:58:01.323,7.773230000000001,7.772930000000001,0.75,0.37
02.08.2021 00:58:01.640,7.773230000000001,7.77294,0.75,0.37
02.08.2021 00:58:02.476,7.77322,7.77294,0.37,0.37
02.08.2021 00:58:04.493,7.773210000000001,7.77294,0.37,0.37
02.08.2021 00:58:07.830,7.77322,7.77294,0.37,0.37
02.08.2021 00:58:08.026,7.773230000000001,7.77297,0.75,0.37
02.08.2021 00:58:11.024,7.773230000000001,7.772960000000001,0.75,0.37
02.08.2021 00:58:13.498,7.773280000000001,7.773010000000001,0.75,0.37
02.08.2021 00:58:13.877,7.773280000000001,7.77302,0.75,0.37
02.08.2021 00:58:31.633,7.773230000000001,7.77302,0.75,0.37
02.08.2021 00:58:31.684,7.773230000000001,7.77297,0.75,0.37
02.08.2021 00:58:48.191,7.773310000000001,7.77297,0.37,0.37
02.08.2021 00:59:00.157,7.7733300000000005,7.77297,0.37,0.37
02.08.2021 00:59:01.363,7.773350000000001,7.772930000000001,0.37,0.37
02.08.2021 00:59:01.823,7.773230000000001,7.772930000000001,0.75,0.37
02.08.2021 00:59:11.483,7.773160000000001,7.772880000000001,2.25,0.75
02.08.2021 00:59:11.584,7.773160000000001,7.772830000000001,2.25,0.37
02.08.2021 00:59:12.459,7.773160000000001,7.77282,2.25,0.75
02.08.2021 00:59:20.040,7.773160000000001,7.7728399999999995,0.37,0.75
02.08.2021 00:59:20.448,7.77317,7.7728399999999995,0.75,0.75
02.08.2021 00:59:21.123,7.77317,7.772880000000001,0.75,0.37
02.08.2021 00:59:25.355,7.77317,7.7728399999999995,0.37,0.75
02.08.2021 00:59:25.556,7.77317,7.77282,0.37,0.75
02.08.2021 00:59:29.850,7.77317,7.772930000000001,0.37,0.75
02.08.2021 00:59:30.001,7.773260000000001,7.772930000000001,0.37,0.75
02.08.2021 00:59:30.451,7.773230000000001,7.772880000000001,0.75,0.75
02.08.2021 00:59:30.557,7.77319,7.772880000000001,0.37,0.75
02.08.2021 00:59:32.039,7.773210000000001,7.772880000000001,0.37,0.75
02.08.2021 00:59:33.539,7.7732,7.772880000000001,0.37,0.75
02.08.2021 00:59:45.634,7.7732,7.7728399999999995,0.37,0.75
02.08.2021 00:59:51.335,7.7732,7.772889999999999,0.37,0.75
02.08.2021 00:59:52.181,7.7732,7.772880000000001,0.37,0.75
02.08.2021 01:00:01.622,7.773180000000001,7.772830000000001,0.75,0.75
02.08.2021 01:00:01.673,7.773160000000001,7.772830000000001,0.75,0.75
02.08.2021 01:00:01.823,7.773160000000001,7.7728399999999995,0.75,0.75
02.08.2021 01:00:01.974,7.773160000000001,7.7728600000000005,0.75,0.75
02.08.2021 01:00:03.130,7.77317,7.7728600000000005,0.75,0.75
02.08.2021 01:00:03.328,7.77317,7.7728399999999995,0.75,0.75
02.08.2021 01:00:10.154,7.77317,7.7728600000000005,0.75,0.37
02.08.2021 01:00:20.760,7.77317,7.7728399999999995,0.75,0.75
02.08.2021 01:00:23.732,7.77317,7.772730000000001,0.75,0.47
02.08.2021 01:00:27.879,7.77317,7.77282,0.75,0.75
02.08.2021 01:00:28.030,7.77317,7.7728399999999995,0.75,0.75
02.08.2021 01:00:28.229,7.77317,7.77282,0.75,0.75
02.08.2021 01:00:28.280,7.77317,7.7728399999999995,0.75,0.37
02.08.2021 01:00:29.299,7.77317,7.772830000000001,0.75,0.37
02.08.2021 01:00:31.147,7.7731200000000005,7.772830000000001,0.75,1.12
02.08.2021 01:00:31.198,7.7731200000000005,7.772780000000001,0.75,0.75
02.08.2021 01:00:32.246,7.7731200000000005,7.772830000000001,0.75,0.75
02.08.2021 01:00:32.296,7.773160000000001,7.772830000000001,0.37,0.75
02.08.2021 01:00:32.888,7.77307,7.77274,0.75,0.45
02.08.2021 01:00:33.940,7.77307,7.772830000000001,0.75,0.75
02.08.2021 01:00:33.990,7.773130000000001,7.772830000000001,0.75,0.75
02.08.2021 01:00:34.544,7.773130000000001,7.772780000000001,1.5,0.75
02.08.2021 01:00:35.441,7.7731,7.772780000000001,0.75,0.75
02.08.2021 01:00:35.552,7.7731,7.7727200000000005,0.75,0.47
02.08.2021 01:00:47.516,7.7731,7.772730000000001,0.75,0.45
02.08.2021 01:00:47.567,7.773080000000001,7.772730000000001,0.75,0.45
02.08.2021 01:00:47.980,7.773080000000001,7.77274,0.75,0.37
02.08.2021 01:01:03.006,7.773080000000001,7.77275,0.75,0.75
02.08.2021 01:01:03.056,7.7731200000000005,7.77275,0.75,0.75
02.08.2021 01:01:04.830,7.7731200000000005,7.772780000000001,0.75,0.75
02.08.2021 01:01:07.939,7.773080000000001,7.772760000000001,0.75,0.37
02.08.2021 01:01:08.421,7.773080000000001,7.77274,0.75,0.75
02.08.2021 01:01:08.522,7.773080000000001,7.772730000000001,0.75,2.62
02.08.2021 01:01:09.049,7.77307,7.772730000000001,0.75,2.62
02.08.2021 01:01:10.386,7.77307,7.77274,0.75,0.37
02.08.2021 01:01:11.389,7.77307,7.77275,0.75,0.37
02.08.2021 01:01:12.392,7.77307,7.772760000000001,0.75,0.37
02.08.2021 01:01:25.053,7.77307,7.772780000000001,0.75,0.37
02.08.2021 01:01:38.719,7.77307,7.772730000000001,0.75,1.5
02.08.2021 01:01:46.061,7.773010000000001,7.772730000000001,0.37,0.75
02.08.2021 01:01:46.162,7.7729800000000004,7.77263,0.75,2.62
02.08.2021 01:01:47.014,7.77297,7.77263,0.75,1.12
02.08.2021 01:01:47.619,7.77297,7.77264,0.75,0.37
02.08.2021 01:01:48.101,7.77297,7.77263,0.75,2.62
02.08.2021 01:01:51.170,7.77297,7.77264,0.75,0.37
02.08.2021 01:01:52.109,7.77297,7.77263,0.75,2.62
02.08.2021 01:01:55.121,7.77297,7.77264,0.75,0.75
02.08.2021 01:01:55.171,7.77297,7.77267,0.75,0.37
02.08.2021 01:01:55.222,7.77297,7.77264,0.75,0.75
02.08.2021 01:01:55.323,7.7729800000000004,7.77264,0.75,0.75
02.08.2021 01:01:55.514,7.77303,7.77262,0.75,0.75
02.08.2021 01:01:55.565,7.7729800000000004,7.77264,0.75,0.75
02.08.2021 01:01:56.991,7.7729800000000004,7.77267,0.75,0.37
02.08.2021 01:02:01.127,7.7729800000000004,7.77268,0.75,0.37
02.08.2021 01:02:07.285,7.7729800000000004,7.7727,0.75,0.37
02.08.2021 01:02:09.287,7.7729800000000004,7.772710000000001,0.75,0.37
02.08.2021 01:02:12.148,7.7729800000000004,7.772730000000001,2.62,0.37
02.08.2021 01:02:12.458,7.77297,7.77269,0.37,0.37
02.08.2021 01:02:12.559,7.7729800000000004,7.77269,2.25,0.37
02.08.2021 01:02:12.743,7.772960000000001,7.77269,0.37,0.37
02.08.2021 01:02:13.029,7.772960000000001,7.77263,0.37,0.75
02.08.2021 01:02:13.231,7.772960000000001,7.77264,0.37,0.75
02.08.2021 01:02:13.749,7.7729800000000004,7.77264,2.25,0.75
02.08.2021 01:02:13.850,7.773000000000001,7.772730000000001,0.37,0.75
02.08.2021 01:02:13.950,7.773000000000001,7.77268,0.37,2.25
02.08.2021 01:02:14.001,7.773000000000001,7.772730000000001,0.37,1.5
02.08.2021 01:02:14.051,7.773080000000001,7.772730000000001,1.87,1.5
02.08.2021 01:02:15.284,7.7730500000000005,7.772730000000001,0.37,2.25
02.08.2021 01:02:15.599,7.7730500000000005,7.77269,0.37,0.37
02.08.2021 01:02:16.077,7.7730500000000005,7.772730000000001,0.37,0.37
02.08.2021 01:02:17.605,7.773080000000001,7.772730000000001,0.75,2.62
02.08.2021 01:02:18.160,7.773080000000001,7.77274,0.75,0.37
02.08.2021 01:02:19.163,7.773080000000001,7.77275,0.75,0.37
02.08.2021 01:02:19.963,7.7730500000000005,7.77275,0.37,0.37
02.08.2021 01:02:20.165,7.7730500000000005,7.772730000000001,0.37,1.87
02.08.2021 01:02:21.165,7.7730500000000005,7.77274,0.37,0.37
02.08.2021 01:02:21.463,7.773080000000001,7.77274,1.12,0.37
02.08.2021 01:02:23.262,7.773080000000001,7.772730000000001,0.75,1.12
02.08.2021 01:02:24.233,7.773080000000001,7.77274,0.75,0.37
02.08.2021 01:02:25.234,7.773080000000001,7.772730000000001,0.75,1.12
02.08.2021 01:02:26.234,7.773080000000001,7.77274,0.75,0.37
02.08.2021 01:02:27.238,7.773080000000001,7.77275,0.75,0.37
02.08.2021 01:02:29.184,7.773080000000001,7.77274,0.75,0.37
02.08.2021 01:02:30.184,7.773080000000001,7.772730000000001,0.75,1.12
02.08.2021 01:02:41.264,7.773080000000001,7.77274,0.75,0.37
02.08.2021 01:02:42.210,7.77307,7.772830000000001,0.37,0.37
02.08.2021 01:02:43.222,7.773060000000001,7.772810000000001,0.37,0.37
02.08.2021 01:02:57.267,7.7730500000000005,7.77282,0.37,0.37
02.08.2021 01:02:58.268,7.77304,7.77282,0.37,0.37
02.08.2021 01:02:59.749,7.773080000000001,7.772730000000001,0.75,0.75
02.08.2021 01:02:59.885,7.77309,7.77274,0.37,0.75
02.08.2021 01:03:00.779,7.77309,7.772760000000001,0.37,0.37
02.08.2021 01:03:01.585,7.77309,7.772760000000001,0.47,0.37
02.08.2021 01:03:01.782,7.77309,7.77275,0.47,0.37
02.08.2021 01:03:03.062,7.77309,7.77275,0.47,0.37
02.08.2021 01:03:03.374,7.77309,7.77274,0.85,0.75
02.08.2021 01:03:07.152,7.773080000000001,7.772760000000001,0.37,0.37
02.08.2021 01:03:40.325,7.77307,7.772830000000001,0.37,0.37
02.08.2021 01:03:40.524,7.773080000000001,7.772780000000001,0.82,0.37
02.08.2021 01:03:41.553,7.773080000000001,7.77279,2.32,0.37
02.08.2021 01:03:43.563,7.773080000000001,7.7728,2.32,0.37
02.08.2021 01:03:55.528,7.77317,7.7728399999999995,1.95,0.75
02.08.2021 01:03:55.736,7.773180000000001,7.77287,0.82,0.37
02.08.2021 01:04:03.238,7.773180000000001,7.7728600000000005,0.75,0.37
02.08.2021 01:04:15.989,7.773230000000001,7.7728600000000005,0.47,0.37
02.08.2021 01:04:16.385,7.77325,7.772880000000001,0.47,0.37
02.08.2021 01:04:16.486,7.77325,7.772880000000001,0.47,0.37
02.08.2021 01:04:17.381,7.773260000000001,7.77287,0.47,0.37
02.08.2021 01:04:21.882,7.773260000000001,7.7728600000000005,0.85,0.37
02.08.2021 01:04:25.972,7.773180000000001,7.7728600000000005,0.75,0.37
02.08.2021 01:04:30.616,7.773180000000001,7.7728600000000005,0.85,0.37
02.08.2021 01:05:05.715,7.773180000000001,7.7728600000000005,0.82,0.37
02.08.2021 01:05:05.825,7.773180000000001,7.77285,0.82,0.37
02.08.2021 01:05:12.479,7.773180000000001,7.772889999999999,0.75,0.37
02.08.2021 01:05:34.354,7.773180000000001,7.772900000000001,0.75,0.37
02.08.2021 01:05:35.420,7.773180000000001,7.772930000000001,0.75,0.37
02.08.2021 01:05:36.807,7.773180000000001,7.772900000000001,0.75,0.37
02.08.2021 01:05:38.271,7.773180000000001,7.772889999999999,0.75,0.75
02.08.2021 01:05:38.778,7.773180000000001,7.772900000000001,0.75,0.37
02.08.2021 01:05:44.508,7.773180000000001,7.772910000000001,0.75,0.37
02.08.2021 01:05:45.510,7.773180000000001,7.772930000000001,0.75,0.37
02.08.2021 01:06:18.785,7.773180000000001,7.77285,0.75,0.37
02.08.2021 01:06:46.723,7.773180000000001,7.7728600000000005,0.75,0.37
02.08.2021 01:06:48.676,7.773180000000001,7.77285,0.75,0.37
02.08.2021 01:06:53.734,7.773180000000001,7.7728600000000005,0.75,0.37
02.08.2021 01:06:53.784,7.77319,7.772889999999999,0.75,0.75
02.08.2021 01:07:23.661,7.77317,7.772889999999999,0.75,1.12
02.08.2021 01:07:23.910,7.77317,7.772900000000001,0.75,0.37
02.08.2021 01:07:39.505,7.7732399999999995,7.772900000000001,0.37,0.37
02.08.2021 01:07:40.696,7.77327,7.772900000000001,0.45,0.37
02.08.2021 01:07:53.760,7.77317,7.772900000000001,0.75,0.37
02.08.2021 01:07:54.826,7.77319,7.772900000000001,0.75,0.37
02.08.2021 01:08:03.722,7.77319,7.772889999999999,0.75,1.12
02.08.2021 01:08:13.688,7.773289999999999,7.772889999999999,0.47,0.37
02.08.2021 01:08:13.738,7.7732399999999995,7.772889999999999,0.37,0.37
02.08.2021 01:08:15.884,7.773230000000001,7.772889999999999,0.37,0.37
02.08.2021 01:08:20.029,7.77319,7.772900000000001,0.75,0.75
02.08.2021 01:09:20.149,7.7732,7.772950000000001,0.37,0.75
02.08.2021 01:09:20.200,7.773280000000001,7.773000000000001,0.75,0.75
02.08.2021 01:09:20.251,7.773300000000001,7.773000000000001,0.75,0.75
02.08.2021 01:09:20.302,7.77325,7.772950000000001,0.75,0.75
02.08.2021 01:09:20.352,7.77343,7.77302,0.75,0.75
02.08.2021 01:09:20.403,7.77343,7.773060000000001,0.75,0.75
02.08.2021 01:09:20.453,7.773630000000001,7.773160000000001,0.37,0.37
02.08.2021 01:09:20.755,7.7735,7.7732,0.75,0.75
02.08.2021 01:09:23.370,7.77355,7.77325,0.75,0.75
02.08.2021 01:09:28.320,7.7736,7.773300000000001,0.75,0.75
02.08.2021 01:09:39.053,7.7736,7.773310000000001,0.75,0.37
02.08.2021 01:09:39.760,7.7736,7.77337,0.75,0.37
02.08.2021 01:09:39.810,7.773750000000001,7.7735,0.75,0.75
02.08.2021 01:09:39.861,7.773750000000001,7.77344,0.75,0.37
02.08.2021 01:09:39.911,7.7738000000000005,7.7735,1.12,0.75
02.08.2021 01:09:39.962,7.77392,7.77344,0.82,0.37
02.08.2021 01:09:40.063,7.77395,7.773460000000001,0.37,0.75
02.08.2021 01:09:40.163,7.77395,7.773560000000001,0.37,0.37
02.08.2021 01:09:40.990,7.773980000000001,7.773560000000001,2.72,0.37
02.08.2021 01:09:41.121,7.773980000000001,7.773560000000001,2.62,0.37
02.08.2021 01:09:43.318,7.7739,7.7736,0.75,0.75
02.08.2021 01:09:56.778,7.77384,7.773580000000001,0.75,0.37
02.08.2021 01:09:56.828,7.77384,7.773560000000001,0.75,0.37
02.08.2021 01:09:58.365,7.77389,7.7735899999999996,0.75,0.75
02.08.2021 01:10:22.720,7.7739,7.7735899999999996,0.37,0.37
02.08.2021 01:10:24.477,7.77384,7.7735899999999996,0.75,0.37
02.08.2021 01:10:24.588,7.77379,7.77355,0.75,0.37
02.08.2021 01:10:24.639,7.77374,7.77345,0.75,1.5
02.08.2021 01:10:28.228,7.77378,7.7735,0.75,0.75
02.08.2021 01:10:28.328,7.77384,7.77355,0.75,0.75
02.08.2021 01:11:12.310,7.7738700000000005,7.7735899999999996,0.37,0.75
02.08.2021 01:11:12.411,7.77389,7.773610000000001,0.75,0.37
02.08.2021 01:11:30.835,7.77392,7.773639999999999,0.37,0.75
02.08.2021 01:11:30.936,7.77397,7.77369,0.75,0.75
02.08.2021 01:11:30.986,7.7739899999999995,7.77369,0.75,0.75
02.08.2021 01:11:31.037,7.7740800000000005,7.773660000000001,0.85,0.37
02.08.2021 01:11:31.138,7.7740800000000005,7.773660000000001,0.85,0.37
02.08.2021 01:11:31.219,7.7739899999999995,7.77369,0.75,0.75
02.08.2021 01:11:55.633,7.7740800000000005,7.77369,1.22,0.37
02.08.2021 01:11:57.446,7.774050000000001,7.77365,0.45,0.37
02.08.2021 01:11:57.768,7.774,7.773630000000001,0.37,0.37
02.08.2021 01:11:59.269,7.7740100000000005,7.773639999999999,0.37,0.37
02.08.2021 01:12:00.769,7.77402,7.77365,0.37,0.37
02.08.2021 01:12:02.545,7.77394,7.773560000000001,0.37,0.47
02.08.2021 01:12:02.774,7.77394,7.773560000000001,0.37,0.47
02.08.2021 01:12:03.275,7.77394,7.773560000000001,0.37,0.47
02.08.2021 01:12:04.003,7.77395,7.77355,0.37,0.47
02.08.2021 01:12:05.503,7.773960000000001,7.773560000000001,0.37,0.47
02.08.2021 01:12:06.431,7.773960000000001,7.77369,0.37,0.75
02.08.2021 01:12:07.004,7.77397,7.77369,0.37,0.75
02.08.2021 01:12:10.005,7.773980000000001,7.77369,0.37,0.75
02.08.2021 01:12:18.659,7.773960000000001,7.77369,0.37,0.75
02.08.2021 01:12:21.661,7.77397,7.77369,0.37,0.75
02.08.2021 01:12:24.662,7.773980000000001,7.77369,0.37,0.75
02.08.2021 01:12:25.471,7.77397,7.77367,0.75,0.75
02.08.2021 01:12:28.052,7.773910000000001,7.77367,0.37,0.75
02.08.2021 01:12:29.504,7.77392,7.77367,0.37,0.75
02.08.2021 01:12:31.005,7.773930000000001,7.77367,0.37,0.75
02.08.2021 01:12:32.505,7.77394,7.77367,0.75,0.75
02.08.2021 01:12:35.505,7.77395,7.77367,0.75,0.75
02.08.2021 01:12:38.506,7.77394,7.77367,0.37,0.75
02.08.2021 01:12:40.990,7.77394,7.773680000000001,0.37,0.75
02.08.2021 01:12:41.369,7.77397,7.773680000000001,0.37,0.75
02.08.2021 01:12:42.830,7.773980000000001,7.773680000000001,0.37,0.75
02.08.2021 01:12:50.331,7.773960000000001,7.773680000000001,0.37,0.75
02.08.2021 01:12:53.332,7.77397,7.773680000000001,0.37,0.75
02.08.2021 01:13:11.737,7.773960000000001,7.773680000000001,0.37,0.75
02.08.2021 01:13:14.291,7.773960000000001,7.77367,0.37,0.75
02.08.2021 01:13:28.709,7.77392,7.77367,0.37,0.75
02.08.2021 01:13:28.760,7.77392,7.77362,0.37,0.75
02.08.2021 01:13:42.125,7.773960000000001,7.77362,0.37,0.75
02.08.2021 01:13:42.176,7.773960000000001,7.773639999999999,0.37,0.37
02.08.2021 01:13:43.265,7.773960000000001,7.77362,0.37,0.75
02.08.2021 01:13:43.659,7.773980000000001,7.77362,1.12,0.75
02.08.2021 01:13:48.084,7.77395,7.77362,0.37,0.75
02.08.2021 01:13:48.185,7.773860000000001,7.77352,0.37,0.75
02.08.2021 01:13:48.285,7.773710000000001,7.77342,0.37,1.22
02.08.2021 01:13:48.336,7.773710000000001,7.77342,0.37,0.37
02.08.2021 01:13:48.387,7.773880000000001,7.77352,0.75,0.75
02.08.2021 01:13:50.955,7.77392,7.77357,0.37,0.75
02.08.2021 01:13:51.056,7.773930000000001,7.77357,0.75,0.75
02.08.2021 01:14:03.933,7.773930000000001,7.773530000000001,0.37,1.2
02.08.2021 01:14:05.591,7.773930000000001,7.773580000000001,0.37,0.37
02.08.2021 01:14:10.491,7.773930000000001,7.77355,0.37,0.37
02.08.2021 01:14:11.004,7.77394,7.77355,0.37,1.12
02.08.2021 01:14:21.134,7.773930000000001,7.77357,0.75,0.75
02.08.2021 01:15:12.385,7.773880000000001,7.773530000000001,0.75,0.47
02.08.2021 01:15:14.674,7.773880000000001,7.773530000000001,0.75,0.45
02.08.2021 01:15:25.500,7.773880000000001,7.77354,0.75,0.47
02.08.2021 01:15:25.608,7.77394,7.773580000000001,0.37,0.75
02.08.2021 01:15:31.148,7.773930000000001,7.7735899999999996,0.75,0.75
02.08.2021 01:15:32.686,7.773930000000001,7.773610000000001,0.75,0.37
02.08.2021 01:15:56.816,7.773930000000001,7.77362,0.75,0.37
02.08.2021 01:15:58.821,7.773930000000001,7.7735899999999996,0.75,0.75
02.08.2021 01:16:15.901,7.773930000000001,7.773639999999999,0.75,0.37
02.08.2021 01:16:21.460,7.773930000000001,7.7735899999999996,0.75,0.75
02.08.2021 01:17:16.577,7.773960000000001,7.773580000000001,0.75,0.75
02.08.2021 01:17:54.321,7.773880000000001,7.773580000000001,0.75,0.75
02.08.2021 01:17:54.371,7.773930000000001,7.7736,1.12,0.75
02.08.2021 01:17:54.537,7.773930000000001,7.773630000000001,0.37,0.75
02.08.2021 01:17:54.661,7.773980000000001,7.773630000000001,0.75,0.75
02.08.2021 01:18:15.016,7.774,7.773560000000001,0.37,0.47
02.08.2021 01:18:24.621,7.773980000000001,7.773630000000001,0.75,0.75
02.08.2021 01:19:02.746,7.773930000000001,7.773580000000001,0.75,0.75
02.08.2021 01:19:51.865,7.773880000000001,7.77354,0.75,0.37
02.08.2021 01:19:51.970,7.7739,7.77354,0.37,0.37
02.08.2021 01:19:52.295,7.7739,7.77352,0.37,0.75
02.08.2021 01:19:52.722,7.77392,7.77352,0.37,0.75
02.08.2021 01:19:54.298,7.773880000000001,7.773530000000001,0.75,2.25
02.08.2021 01:19:55.515,7.773880000000001,7.77354,0.75,0.75
02.08.2021 01:19:56.530,7.773880000000001,7.77355,0.75,0.37
02.08.2021 01:19:58.286,7.773880000000001,7.773560000000001,0.75,0.37
02.08.2021 01:19:59.291,7.773880000000001,7.77355,0.75,0.37
02.08.2021 01:20:00.292,7.773880000000001,7.773560000000001,0.75,0.37
02.08.2021 01:20:02.320,7.773880000000001,7.77354,0.75,1.12
02.08.2021 01:20:18.629,7.7739,7.77355,0.37,0.75
02.08.2021 01:20:23.898,7.773880000000001,7.77355,0.37,0.75
02.08.2021 01:20:52.668,7.773880000000001,7.7736,0.75,0.37
02.08.2021 01:21:03.646,7.773880000000001,7.773560000000001,0.75,0.75
02.08.2021 01:21:07.381,7.773880000000001,7.773530000000001,0.75,2.25
02.08.2021 01:21:07.431,7.773860000000001,7.773530000000001,0.37,0.75
02.08.2021 01:21:07.532,7.773750000000001,7.77352,0.37,0.37
02.08.2021 01:21:07.582,7.7737300000000005,7.77344,0.75,0.37
02.08.2021 01:21:07.683,7.773750000000001,7.77343,0.37,0.75
02.08.2021 01:21:07.783,7.773710000000001,7.77338,0.37,0.75
02.08.2021 01:21:07.934,7.773710000000001,7.77343,0.37,0.75
02.08.2021 01:21:08.085,7.77378,7.77343,0.75,0.75
02.08.2021 01:21:10.043,7.77383,7.773480000000001,1.12,0.75
02.08.2021 01:21:15.360,7.773810000000001,7.773480000000001,0.37,0.75
02.08.2021 01:21:15.461,7.773680000000001,7.773360000000001,1.12,0.37
02.08.2021 01:21:15.562,7.773680000000001,7.77338,0.37,0.75
02.08.2021 01:21:16.870,7.77369,7.77338,0.37,0.75
02.08.2021 01:21:21.570,7.77377,7.77343,1.12,0.75
02.08.2021 01:21:21.721,7.77377,7.773480000000001,0.37,0.75
02.08.2021 01:21:21.852,7.77383,7.773480000000001,0.75,0.75
02.08.2021 01:21:44.121,7.77383,7.77352,0.37,0.75
02.08.2021 01:22:31.670,7.77384,7.77352,0.75,0.75
02.08.2021 01:22:52.435,7.77385,7.77352,1.12,0.75
02.08.2021 01:22:58.340,7.773810000000001,7.77352,0.37,0.75
02.08.2021 01:22:58.968,7.773760000000001,7.77352,0.75,0.75
02.08.2021 01:23:02.842,7.77377,7.77352,0.75,0.75
02.08.2021 01:23:05.843,7.77378,7.77352,0.75,0.75
02.08.2021 01:23:13.345,7.77379,7.77352,0.75,0.75
02.08.2021 01:24:03.508,7.773760000000001,7.77352,0.75,0.75
02.08.2021 01:24:15.593,7.773760000000001,7.7735,0.75,0.75
02.08.2021 01:25:15.855,7.77384,7.7735,0.75,0.75
02.08.2021 01:26:12.870,7.77379,7.7735,0.75,0.75
02.08.2021 01:27:14.070,7.77384,7.7735,0.75,0.75
02.08.2021 01:27:51.565,7.77374,7.773410000000001,0.75,0.37
02.08.2021 01:27:51.666,7.773760000000001,7.77345,0.75,0.75
02.08.2021 01:27:52.085,7.77374,7.77345,0.75,0.75
02.08.2021 01:27:58.205,7.77374,7.7734000000000005,1.5,0.75
02.08.2021 01:27:58.255,7.77369,7.7734000000000005,0.75,0.75
02.08.2021 01:27:59.705,7.773680000000001,7.7734000000000005,0.75,0.75
02.08.2021 01:27:59.892,7.77374,7.7734000000000005,0.75,0.75
02.08.2021 01:28:04.731,7.77374,7.77345,0.75,0.37
02.08.2021 01:28:06.232,7.77374,7.77344,0.75,0.37
02.08.2021 01:28:07.732,7.77374,7.77343,0.75,0.37
02.08.2021 01:28:08.806,7.773700000000001,7.77343,0.37,0.37
02.08.2021 01:28:10.814,7.773700000000001,7.77345,0.37,0.37
02.08.2021 01:28:19.400,7.77374,7.77344,0.75,0.37
02.08.2021 01:28:19.460,7.77374,7.773410000000001,0.75,0.37
02.08.2021 01:28:24.790,7.773760000000001,7.773410000000001,1.12,0.37
02.08.2021 01:28:28.413,7.77374,7.773410000000001,0.75,0.37
02.08.2021 01:28:51.120,7.7737300000000005,7.77338,0.75,1.12
02.08.2021 01:28:51.170,7.773760000000001,7.7734000000000005,1.22,0.75
02.08.2021 01:28:51.271,7.773760000000001,7.77338,0.47,0.37
02.08.2021 01:28:53.331,7.773680000000001,7.77338,0.75,0.37
02.08.2021 01:28:53.381,7.773680000000001,7.773360000000001,0.75,0.37
02.08.2021 01:28:54.789,7.77365,7.77334,0.75,1.12
02.08.2021 01:28:54.891,7.7736,7.773260000000001,0.85,0.37
02.08.2021 01:28:54.992,7.77357,7.7731,0.85,0.75
02.08.2021 01:28:55.093,7.773460000000001,7.773010000000001,0.75,0.75
02.08.2021 01:28:55.143,7.773460000000001,7.7729800000000004,0.82,0.75
02.08.2021 01:28:55.237,7.77343,7.7729800000000004,0.37,0.75
02.08.2021 01:28:55.288,7.773410000000001,7.7728,0.47,0.75
02.08.2021 01:28:55.339,7.773410000000001,7.7728,0.47,0.75
02.08.2021 01:28:55.441,7.77337,7.7728,0.85,0.75
02.08.2021 01:28:55.587,7.77337,7.77274,0.85,0.37
02.08.2021 01:28:55.638,7.773300000000001,7.77274,0.85,0.37
02.08.2021 01:28:56.343,7.773300000000001,7.77268,0.85,1.12
02.08.2021 01:28:56.570,7.773300000000001,7.77268,0.85,1.5
02.08.2021 01:28:56.822,7.773300000000001,7.77268,0.85,1.5
02.08.2021 01:28:58.374,7.773300000000001,7.77267,0.85,0.75
02.08.2021 01:28:58.576,7.773289999999999,7.7727,2.35,0.75
02.08.2021 01:29:00.988,7.773289999999999,7.7727,2.35,0.75
02.08.2021 01:29:01.089,7.773280000000001,7.77269,0.85,0.75
02.08.2021 01:29:01.139,7.773280000000001,7.77267,0.85,0.75
02.08.2021 01:29:01.547,7.773280000000001,7.7727,0.85,0.75
02.08.2021 01:29:01.918,7.773289999999999,7.7727,2.35,0.75
02.08.2021 01:29:02.072,7.77327,7.77269,0.85,1.5
02.08.2021 01:29:03.326,7.77327,7.77269,0.85,0.75
02.08.2021 01:29:03.427,7.77327,7.7727,0.85,0.75
02.08.2021 01:29:03.550,7.773260000000001,7.772710000000001,0.85,0.75
02.08.2021 01:29:03.899,7.773130000000001,7.77279,0.75,0.75
02.08.2021 01:29:08.338,7.773080000000001,7.77274,0.75,0.75
02.08.2021 01:29:10.024,7.773080000000001,7.77285,0.75,0.37
02.08.2021 01:29:11.477,7.773080000000001,7.7728399999999995,0.75,0.37
02.08.2021 01:29:12.977,7.773080000000001,7.772830000000001,0.75,0.37
02.08.2021 01:29:17.523,7.773080000000001,7.77282,0.75,0.37
02.08.2021 01:29:18.328,7.77303,7.77282,0.75,0.37
02.08.2021 01:29:18.379,7.77303,7.77274,0.75,0.37
02.08.2021 01:29:18.632,7.773180000000001,7.7728,0.85,0.75
02.08.2021 01:29:18.683,7.773180000000001,7.7728600000000005,0.85,0.37
02.08.2021 01:29:18.733,7.77317,7.7728600000000005,0.75,0.37
02.08.2021 01:29:18.834,7.77334,7.7728600000000005,0.47,0.37
02.08.2021 01:29:18.885,7.77334,7.7728600000000005,0.47,0.37
02.08.2021 01:29:18.985,7.77334,7.772950000000001,0.47,0.37
02.08.2021 01:29:19.112,7.77334,7.772950000000001,0.47,0.37
02.08.2021 01:29:19.280,7.77334,7.772889999999999,0.47,0.37
02.08.2021 01:29:19.420,7.77334,7.772889999999999,0.47,0.37
02.08.2021 01:29:19.521,7.773230000000001,7.772889999999999,0.75,1.12
02.08.2021 01:29:20.664,7.773230000000001,7.772910000000001,0.75,0.37
02.08.2021 01:29:23.329,7.773180000000001,7.772910000000001,0.75,0.37
02.08.2021 01:29:23.380,7.773180000000001,7.7728399999999995,0.75,1.12
02.08.2021 01:29:23.531,7.773130000000001,7.7728399999999995,0.75,0.37
02.08.2021 01:29:23.854,7.773130000000001,7.772830000000001,0.75,0.37
02.08.2021 01:29:25.927,7.773280000000001,7.77294,2.72,0.75
02.08.2021 01:29:25.978,7.773280000000001,7.77299,2.25,0.37
02.08.2021 01:29:26.838,7.773280000000001,7.772960000000001,0.75,0.37
02.08.2021 01:29:44.311,7.77337,7.772960000000001,1.22,0.37
02.08.2021 01:29:44.425,7.77337,7.772960000000001,1.22,0.37
02.08.2021 01:29:53.232,7.773280000000001,7.772960000000001,0.75,0.37
02.08.2021 01:29:56.337,7.77337,7.772960000000001,0.9,0.37
02.08.2021 01:29:56.420,7.7733300000000005,7.77299,0.75,0.75
02.08.2021 01:29:56.521,7.77337,7.77297,0.53,0.37
02.08.2021 01:29:56.621,7.773560000000001,7.7730500000000005,0.75,0.37
02.08.2021 01:29:56.722,7.7735899999999996,7.7730500000000005,0.37,0.37
02.08.2021 01:29:56.773,7.7735899999999996,7.77307,0.37,0.75
02.08.2021 01:29:56.823,7.773680000000001,7.77309,0.75,0.37
02.08.2021 01:29:56.927,7.773700000000001,7.773110000000001,0.75,0.75
02.08.2021 01:29:56.977,7.77374,7.7731200000000005,0.37,0.75
02.08.2021 01:29:57.034,7.77372,7.773130000000001,0.75,0.75
02.08.2021 01:29:58.275,7.77372,7.77314,0.75,0.37
02.08.2021 01:30:05.070,7.773710000000001,7.77314,0.37,0.75
02.08.2021 01:30:06.538,7.773710000000001,7.77315,0.37,0.37
02.08.2021 01:30:07.143,7.773710000000001,7.77315,0.47,0.37
02.08.2021 01:30:13.121,7.773710000000001,7.77315,0.47,0.37
02.08.2021 01:30:14.553,7.77369,7.773160000000001,0.47,0.37
02.08.2021 01:30:14.827,7.773560000000001,7.77317,0.37,0.37
02.08.2021 01:30:15.829,7.773560000000001,7.773180000000001,0.37,0.37
02.08.2021 01:30:23.300,7.77372,7.773160000000001,0.47,0.37
02.08.2021 01:30:23.661,7.773710000000001,7.77315,0.47,0.37
02.08.2021 01:30:25.161,7.77372,7.773160000000001,0.47,0.37
02.08.2021 01:30:25.765,7.77372,7.773160000000001,0.47,0.37
02.08.2021 01:30:26.823,7.77372,7.773160000000001,0.47,0.37
02.08.2021 01:30:28.162,7.7737300000000005,7.77317,0.47,0.37
02.08.2021 01:30:33.315,7.77357,7.77317,0.37,0.37
02.08.2021 01:30:34.321,7.77357,7.77322,0.37,0.37
02.08.2021 01:30:43.714,7.77372,7.773160000000001,0.47,0.37
02.08.2021 01:30:53.937,7.773710000000001,7.77315,0.47,0.37
02.08.2021 01:30:55.437,7.77372,7.773160000000001,0.47,0.37
02.08.2021 01:31:08.600,7.77372,7.773160000000001,0.47,0.37
02.08.2021 01:31:46.792,7.77372,7.773160000000001,0.47,0.37
02.08.2021 01:32:17.654,7.77372,7.773160000000001,0.47,0.37
02.08.2021 01:32:20.559,7.77372,7.773160000000001,0.45,0.37
02.08.2021 01:32:49.686,7.77372,7.7732,0.37,0.37
02.08.2021 01:32:58.967,7.773750000000001,7.7732,0.47,0.37
02.08.2021 01:33:02.972,7.773750000000001,7.7732,0.45,0.37
02.08.2021 01:33:03.745,7.773560000000001,7.77322,0.37,0.37
02.08.2021 01:33:14.794,7.77377,7.77302,0.47,1.22
02.08.2021 01:33:24.839,7.77372,7.773160000000001,0.37,0.37
02.08.2021 01:33:25.851,7.773680000000001,7.773160000000001,0.37,0.37
02.08.2021 01:33:26.852,7.773680000000001,7.77317,0.37,0.37
02.08.2021 01:33:37.377,7.773680000000001,7.773289999999999,0.37,0.37
02.08.2021 01:33:37.965,7.77367,7.773289999999999,0.37,0.37
02.08.2021 01:33:38.338,7.773560000000001,7.773289999999999,0.37,0.37
02.08.2021 01:33:38.835,7.773560000000001,7.773280000000001,0.37,0.37
02.08.2021 01:33:44.461,7.773760000000001,7.773280000000001,0.37,0.37
02.08.2021 01:33:44.837,7.773760000000001,7.77327,0.37,0.37
02.08.2021 01:33:55.341,7.773760000000001,7.773260000000001,1.12,0.37
02.08.2021 01:34:01.751,7.773760000000001,7.77325,1.2,0.37
02.08.2021 01:34:03.086,7.773630000000001,7.773310000000001,0.75,0.75
02.08.2021 01:34:04.430,7.773630000000001,7.77334,0.75,0.37
02.08.2021 01:34:04.481,7.773680000000001,7.773360000000001,0.75,0.75
02.08.2021 01:34:04.633,7.7738000000000005,7.77334,0.37,0.37
02.08.2021 01:34:04.837,7.7738000000000005,7.773410000000001,0.37,0.37
02.08.2021 01:34:05.946,7.773880000000001,7.773410000000001,0.37,0.37
02.08.2021 01:34:06.300,7.773880000000001,7.77342,0.37,0.37
02.08.2021 01:34:23.734,7.773880000000001,7.77345,0.37,0.37
02.08.2021 01:34:28.428,7.7739,7.77342,0.75,0.37
02.08.2021 01:34:29.920,7.7739,7.77345,0.75,0.37
02.08.2021 01:34:49.509,7.77383,7.77345,0.37,0.37
02.08.2021 01:35:02.139,7.773860000000001,7.77345,0.37,0.37
02.08.2021 01:35:11.834,7.77385,7.77345,0.37,0.37
02.08.2021 01:35:15.162,7.77384,7.77345,0.37,0.37
02.08.2021 01:35:22.239,7.77383,7.77345,0.37,0.37
02.08.2021 01:35:24.182,7.77382,7.77345,0.37,0.37
02.08.2021 01:35:25.063,7.773760000000001,7.77345,0.37,0.37
02.08.2021 01:35:29.251,7.773880000000001,7.77345,0.37,0.37
02.08.2021 01:35:31.050,7.773880000000001,7.77332,0.37,0.37
02.08.2021 01:35:31.192,7.7738700000000005,7.7733300000000005,0.37,0.37
02.08.2021 01:35:32.711,7.7738700000000005,7.77344,0.37,0.37
02.08.2021 01:35:35.537,7.773760000000001,7.77342,0.37,0.37
02.08.2021 01:35:54.689,7.773760000000001,7.773460000000001,0.37,0.37
02.08.2021 01:35:56.142,7.773760000000001,7.77345,0.37,0.37
02.08.2021 01:35:59.890,7.773760000000001,7.773460000000001,0.37,0.37
02.08.2021 01:35:59.940,7.77383,7.773510000000001,0.75,0.75
02.08.2021 01:36:00.091,7.773930000000001,7.773610000000001,0.75,0.75
02.08.2021 01:36:00.192,7.77413,7.7735899999999996,1.5,0.37
02.08.2021 01:36:00.293,7.77417,7.7735899999999996,0.37,0.37
02.08.2021 01:36:00.343,7.7742700000000005,7.77372,0.75,0.37
02.08.2021 01:36:00.444,7.774280000000001,7.77372,0.75,0.37
02.08.2021 01:36:00.568,7.7744,7.7738700000000005,0.37,0.37
02.08.2021 01:36:00.719,7.774430000000001,7.7738700000000005,0.75,0.37
02.08.2021 01:36:00.945,7.77447,7.7738700000000005,0.75,0.37
02.08.2021 01:36:01.048,7.774460000000001,7.7738700000000005,0.75,0.37
02.08.2021 01:36:01.152,7.774460000000001,7.77377,0.75,0.75
02.08.2021 01:36:01.425,7.77447,7.77377,0.75,0.75
02.08.2021 01:36:01.613,7.77447,7.77378,0.75,0.75
02.08.2021 01:36:01.716,7.77449,7.77378,1.12,0.75
02.08.2021 01:36:02.018,7.7744800000000005,7.77377,0.75,0.75
02.08.2021 01:36:02.153,7.77449,7.77378,1.12,0.75
02.08.2021 01:36:03.761,7.7744800000000005,7.77378,0.75,0.75
02.08.2021 01:36:04.182,7.77447,7.77377,0.75,0.75
02.08.2021 01:36:04.791,7.77447,7.77377,0.75,0.85
02.08.2021 01:36:05.355,7.77447,7.77382,0.75,0.37
02.08.2021 01:36:05.650,7.774460000000001,7.77382,0.75,0.37
02.08.2021 01:36:05.751,7.774450000000001,7.77382,0.75,0.37
02.08.2021 01:36:06.027,7.77447,7.77382,0.75,0.37
02.08.2021 01:36:06.077,7.77449,7.773930000000001,0.37,0.37
02.08.2021 01:36:07.547,7.774510000000001,7.773910000000001,0.75,0.37
02.08.2021 01:36:08.160,7.774500000000001,7.773910000000001,0.37,0.37
02.08.2021 01:36:09.048,7.774500000000001,7.7739,0.75,0.37
02.08.2021 01:36:09.680,7.77449,7.7739,0.75,0.37
02.08.2021 01:36:09.781,7.7744800000000005,7.7739,0.75,0.37
02.08.2021 01:36:09.901,7.77447,7.7739,0.75,0.37
02.08.2021 01:36:10.075,7.774439999999999,7.77384,0.37,0.37
02.08.2021 01:36:12.801,7.77435,7.7740100000000005,0.75,0.75
02.08.2021 01:36:12.852,7.774450000000001,7.773910000000001,0.37,0.37
02.08.2021 01:36:12.902,7.77435,7.7740100000000005,0.75,0.75
02.08.2021 01:36:13.516,7.7744,7.774060000000001,0.75,0.75
02.08.2021 01:36:13.670,7.77435,7.7740100000000005,0.75,0.75
02.08.2021 01:36:17.775,7.7744,7.774060000000001,0.75,0.75
02.08.2021 01:36:20.415,7.77435,7.7740100000000005,0.75,0.75
02.08.2021 01:36:29.140,7.77434,7.7740100000000005,0.37,0.75
02.08.2021 01:36:29.332,7.7743,7.773960000000001,0.75,0.75
02.08.2021 01:36:29.383,7.774380000000001,7.77385,0.37,0.37
02.08.2021 01:36:29.484,7.774380000000001,7.77384,0.37,0.37
02.08.2021 01:36:29.635,7.77437,7.773760000000001,0.37,0.37
02.08.2021 01:36:29.786,7.774310000000001,7.773760000000001,0.75,0.37
02.08.2021 01:36:29.837,7.77429,7.773700000000001,0.75,0.37
02.08.2021 01:36:29.887,7.7742700000000005,7.773700000000001,0.75,0.37
02.08.2021 01:36:29.988,7.77424,7.773700000000001,0.75,0.37
02.08.2021 01:36:30.038,7.774230000000001,7.773610000000001,0.75,0.37
02.08.2021 01:36:30.089,7.774210000000001,7.77357,0.75,0.75
02.08.2021 01:36:30.189,7.77418,7.77352,0.75,0.47
02.08.2021 01:36:30.391,7.77417,7.77352,0.75,0.47
02.08.2021 01:36:30.441,7.77417,7.77352,0.75,0.45
02.08.2021 01:36:30.491,7.774100000000001,7.773510000000001,0.37,0.37
02.08.2021 01:36:30.542,7.77407,7.77347,0.75,0.75
02.08.2021 01:36:30.643,7.774039999999999,7.77343,0.75,0.37
02.08.2021 01:36:31.481,7.77402,7.77342,0.37,0.75
02.08.2021 01:36:32.170,7.77402,7.77337,0.37,0.37
02.08.2021 01:36:32.983,7.774030000000001,7.77337,0.75,1.12
02.08.2021 01:36:34.599,7.77402,7.773310000000001,0.75,1.12
02.08.2021 01:36:34.650,7.77402,7.77337,0.75,0.75
02.08.2021 01:36:34.700,7.774039999999999,7.77337,0.75,0.75
02.08.2021 01:36:34.750,7.77402,7.77337,0.75,0.75
02.08.2021 01:36:34.851,7.773960000000001,7.77332,0.75,0.75
02.08.2021 01:36:35.273,7.77395,7.7733300000000005,0.37,0.37
02.08.2021 01:36:36.324,7.77392,7.7733300000000005,0.37,0.37
02.08.2021 01:36:36.773,7.77392,7.773350000000001,0.37,0.37
02.08.2021 01:36:38.330,7.77394,7.773350000000001,0.37,0.37
02.08.2021 01:36:39.106,7.77394,7.77334,0.37,0.37
02.08.2021 01:36:39.377,7.77392,7.77334,0.37,0.37
02.08.2021 01:36:40.607,7.77392,7.77332,0.37,0.37
02.08.2021 01:36:40.933,7.773930000000001,7.77332,0.37,0.37
02.08.2021 01:36:43.505,7.77378,7.77342,0.75,0.75
02.08.2021 01:36:54.217,7.77379,7.773300000000001,0.37,0.37
02.08.2021 01:36:55.239,7.77378,7.773300000000001,0.37,0.37
02.08.2021 01:36:55.453,7.77383,7.773280000000001,0.37,0.37
02.08.2021 01:36:58.552,7.7737300000000005,7.77337,0.75,0.75
02.08.2021 01:37:04.553,7.773700000000001,7.77337,0.37,0.75
02.08.2021 01:37:06.388,7.77369,7.77337,0.37,0.75
02.08.2021 01:37:08.440,7.77369,7.773230000000001,0.37,0.37
02.08.2021 01:37:08.491,7.77369,7.77327,0.37,0.37
02.08.2021 01:37:09.394,7.773680000000001,7.77327,0.37,0.37
02.08.2021 01:37:09.918,7.773680000000001,7.77337,0.37,0.75
02.08.2021 01:37:10.393,7.77365,7.77337,0.37,0.75
02.08.2021 01:37:14.043,7.77374,7.77337,0.75,0.75
02.08.2021 01:37:20.287,7.77369,7.77332,0.75,0.75
02.08.2021 01:37:20.645,7.77367,7.77332,0.37,0.75
02.08.2021 01:37:24.313,7.773660000000001,7.77332,0.37,0.75
02.08.2021 01:37:46.394,7.773660000000001,7.773260000000001,0.37,0.37
02.08.2021 01:37:46.762,7.773660000000001,7.77327,0.37,0.37
02.08.2021 01:37:47.160,7.773660000000001,7.773230000000001,0.37,0.37
02.08.2021 01:37:47.467,7.77367,7.773230000000001,0.37,0.37
02.08.2021 01:37:50.336,7.77367,7.77332,0.37,0.75
02.08.2021 01:37:51.478,7.773660000000001,7.77332,0.37,0.75
02.08.2021 01:37:59.494,7.773639999999999,7.77332,0.37,0.75
02.08.2021 01:38:05.088,7.773660000000001,7.77332,0.37,0.75
02.08.2021 01:38:05.429,7.773660000000001,7.77327,0.37,0.37
02.08.2021 01:38:06.119,7.773660000000001,7.773230000000001,0.37,0.37
02.08.2021 01:38:06.508,7.77365,7.773230000000001,0.37,0.37
02.08.2021 01:38:08.513,7.773639999999999,7.773230000000001,0.37,0.37
02.08.2021 01:38:09.514,7.773610000000001,7.773230000000001,0.37,0.37
02.08.2021 01:38:14.524,7.7736,7.773230000000001,0.37,0.37
02.08.2021 01:38:15.525,7.7736,7.7732399999999995,0.37,0.37
02.08.2021 01:38:16.860,7.7735899999999996,7.77327,0.37,0.75
02.08.2021 01:38:21.539,7.773580000000001,7.77327,0.37,0.75
02.08.2021 01:38:23.544,7.77357,7.77327,0.37,0.75
02.08.2021 01:38:24.548,7.773560000000001,7.77327,0.37,0.75
02.08.2021 01:38:25.547,7.77354,7.77327,0.37,0.75
02.08.2021 01:38:27.942,7.773560000000001,7.77327,0.37,0.75
02.08.2021 01:38:30.835,7.773560000000001,7.77322,0.37,0.37
02.08.2021 01:38:41.090,7.77355,7.77322,0.37,0.37
02.08.2021 01:38:42.626,7.77354,7.77322,0.37,0.37
02.08.2021 01:38:43.637,7.773530000000001,7.77322,0.37,0.37
02.08.2021 01:38:43.912,7.773530000000001,7.77325,0.37,0.37
02.08.2021 01:38:44.726,7.773530000000001,7.77322,0.37,0.37
02.08.2021 01:38:46.626,7.773530000000001,7.7732399999999995,0.37,0.37
02.08.2021 01:38:46.973,7.773580000000001,7.7732399999999995,0.75,0.37
02.08.2021 01:38:47.173,7.773580000000001,7.77327,0.75,0.75
02.08.2021 01:38:55.499,7.7736,7.773260000000001,0.37,0.37
02.08.2021 01:38:55.608,7.773580000000001,7.773260000000001,0.37,0.37
02.08.2021 01:38:56.620,7.773560000000001,7.773260000000001,0.37,0.37
02.08.2021 01:38:57.610,7.77355,7.773260000000001,0.37,0.37
02.08.2021 01:38:58.613,7.77354,7.773260000000001,0.37,0.37
02.08.2021 01:38:58.967,7.77362,7.773300000000001,1.12,0.75
02.08.2021 01:38:59.068,7.77362,7.77332,0.37,0.75
02.08.2021 01:38:59.221,7.773630000000001,7.77337,0.37,0.75
02.08.2021 01:38:59.271,7.77369,7.77337,0.37,0.75
02.08.2021 01:38:59.322,7.7737300000000005,7.773260000000001,0.37,0.37
02.08.2021 01:38:59.372,7.773760000000001,7.773310000000001,0.37,0.75
02.08.2021 01:38:59.422,7.77383,7.773360000000001,0.75,0.37
02.08.2021 01:38:59.473,7.773860000000001,7.773360000000001,0.37,0.37
02.08.2021 01:38:59.724,7.77395,7.77342,0.37,0.37
02.08.2021 01:39:00.441,7.77395,7.77343,0.37,0.75
02.08.2021 01:39:00.711,7.77395,7.77344,0.37,0.75
02.08.2021 01:39:01.349,7.773980000000001,7.77344,0.75,1.12
02.08.2021 01:39:03.685,7.774,7.77344,0.37,0.37
02.08.2021 01:39:03.786,7.774,7.773480000000001,0.37,0.75
02.08.2021 01:39:03.836,7.77409,7.77355,0.37,0.37
02.08.2021 01:39:04.038,7.77413,7.77355,0.45,0.37
02.08.2021 01:39:05.291,7.77413,7.77357,0.37,0.37
02.08.2021 01:39:05.629,7.774160000000001,7.77357,0.75,0.37
02.08.2021 01:39:06.791,7.774160000000001,7.77354,1.12,1.22
02.08.2021 01:39:08.642,7.77417,7.77354,1.2,1.22
02.08.2021 01:39:11.408,7.77417,7.77354,0.37,1.22
02.08.2021 01:39:11.592,7.77419,7.773560000000001,1.22,0.45
02.08.2021 01:39:12.154,7.77419,7.773560000000001,1.2,0.47
02.08.2021 01:39:12.641,7.77418,7.773560000000001,0.37,0.47
02.08.2021 01:39:13.054,7.77418,7.773560000000001,0.45,0.45
02.08.2021 01:39:13.643,7.77417,7.773560000000001,0.37,0.45
02.08.2021 01:39:18.107,7.77417,7.77357,0.45,0.37
02.08.2021 01:39:19.120,7.77417,7.77362,0.45,0.75
02.08.2021 01:39:19.271,7.774160000000001,7.77372,0.37,1.12
02.08.2021 01:39:19.460,7.774260000000001,7.77383,0.37,0.37
02.08.2021 01:39:19.510,7.774330000000001,7.77383,0.47,0.37
02.08.2021 01:39:19.614,7.774330000000001,7.77383,0.47,0.37
02.08.2021 01:39:20.455,7.774280000000001,7.77378,0.37,0.37
02.08.2021 01:39:33.685,7.774210000000001,7.77378,0.37,0.37
02.08.2021 01:39:34.685,7.774260000000001,7.77378,0.37,0.37
02.08.2021 01:39:34.932,7.77425,7.773750000000001,0.37,0.37
02.08.2021 01:39:41.931,7.77425,7.77378,0.37,0.75
02.08.2021 01:39:41.982,7.774260000000001,7.773760000000001,0.37,0.37
02.08.2021 01:39:42.932,7.77432,7.773760000000001,0.37,0.37
02.08.2021 01:39:46.101,7.77429,7.77374,0.37,0.45
02.08.2021 01:39:47.602,7.774310000000001,7.773750000000001,0.37,0.37
02.08.2021 01:39:53.536,7.7743,7.77367,0.37,1.22
02.08.2021 01:39:53.587,7.7743,7.77367,0.37,0.47
02.08.2021 01:39:53.638,7.7743,7.773710000000001,0.37,0.45
02.08.2021 01:39:53.789,7.774280000000001,7.773710000000001,0.85,0.37
02.08.2021 01:39:54.312,7.77422,7.773710000000001,0.37,0.37
02.08.2021 01:39:54.725,7.77422,7.77367,0.37,0.45
02.08.2021 01:39:56.738,7.77422,7.77369,0.37,0.37
02.08.2021 01:39:59.483,7.77422,7.773760000000001,0.37,0.37
02.08.2021 01:39:59.737,7.77414,7.773760000000001,0.37,0.37
02.08.2021 01:40:01.754,7.774100000000001,7.77377,0.75,0.75
02.08.2021 01:40:17.790,7.77412,7.773710000000001,0.37,0.37
02.08.2021 01:40:18.764,7.774100000000001,7.77372,0.37,0.37
02.08.2021 01:40:19.772,7.77409,7.77372,0.37,0.37
02.08.2021 01:40:20.775,7.774039999999999,7.77372,0.37,0.37
02.08.2021 01:40:25.495,7.774039999999999,7.773750000000001,0.37,0.37
02.08.2021 01:40:25.545,7.77417,7.77382,1.5,0.75
02.08.2021 01:40:33.739,7.77409,7.7738000000000005,0.75,0.75
02.08.2021 01:40:40.029,7.77409,7.77378,0.75,0.75
02.08.2021 01:40:54.115,7.77402,7.77378,0.75,0.75
02.08.2021 01:40:54.822,7.77402,7.7738000000000005,0.75,0.75
02.08.2021 01:40:55.568,7.774030000000001,7.7738000000000005,0.75,0.75
02.08.2021 01:40:58.570,7.774039999999999,7.7738000000000005,0.37,0.75
02.08.2021 01:41:03.072,7.774050000000001,7.7738000000000005,0.37,0.75
02.08.2021 01:42:08.968,7.77409,7.7738000000000005,1.12,0.75
02.08.2021 01:42:09.825,7.77402,7.7738000000000005,0.75,0.75
02.08.2021 01:42:09.875,7.77394,7.77367,0.75,0.37
02.08.2021 01:42:09.976,7.773880000000001,7.77367,2.25,0.37
02.08.2021 01:42:10.027,7.773880000000001,7.773639999999999,2.25,0.75
02.08.2021 01:42:15.521,7.77397,7.773760000000001,0.6,0.75
02.08.2021 01:42:15.571,7.774039999999999,7.773760000000001,0.37,0.75
02.08.2021 01:42:15.622,7.774039999999999,7.7738000000000005,0.37,0.75
02.08.2021 01:42:16.987,7.774050000000001,7.7738000000000005,0.37,0.75
02.08.2021 01:42:32.638,7.774050000000001,7.77367,0.37,1.5
02.08.2021 01:42:32.739,7.77374,7.77357,0.75,0.75
02.08.2021 01:42:32.789,7.77374,7.77345,0.75,2.25
02.08.2021 01:42:32.840,7.77374,7.773580000000001,0.75,0.37
02.08.2021 01:42:32.890,7.77379,7.773580000000001,0.75,0.37
02.08.2021 01:42:32.941,7.773880000000001,7.773639999999999,0.75,0.75
02.08.2021 01:42:32.991,7.773880000000001,7.77367,0.75,0.75
02.08.2021 01:42:33.092,7.774,7.77365,1.5,0.75
02.08.2021 01:42:33.193,7.774,7.7738000000000005,0.75,0.75
02.08.2021 01:42:33.787,7.7740800000000005,7.7738000000000005,0.75,0.75
02.08.2021 01:42:35.247,7.77409,7.7738000000000005,1.12,0.75
02.08.2021 01:42:37.932,7.774,7.7737300000000005,0.75,0.75
02.08.2021 01:42:38.033,7.7738000000000005,7.77354,0.75,0.75
02.08.2021 01:42:38.134,7.7738000000000005,7.773530000000001,0.75,0.75
02.08.2021 01:42:38.285,7.77379,7.77352,0.75,0.37
02.08.2021 01:42:38.947,7.77379,7.7735,0.75,0.75
02.08.2021 01:42:46.902,7.773880000000001,7.773580000000001,3.75,0.75
02.08.2021 01:42:46.953,7.77392,7.773700000000001,0.6,0.75
02.08.2021 01:42:47.003,7.77397,7.773700000000001,0.37,0.75
02.08.2021 01:42:47.295,7.7739899999999995,7.773700000000001,0.75,0.75
02.08.2021 01:42:47.345,7.77383,7.7736,0.75,0.75
02.08.2021 01:42:48.453,7.7738700000000005,7.7736,0.37,0.75
02.08.2021 01:43:00.883,7.7738700000000005,7.77349,0.75,0.37
02.08.2021 01:43:02.105,7.7738700000000005,7.77347,0.75,0.37
02.08.2021 01:43:03.107,7.7738700000000005,7.773480000000001,0.37,0.37
02.08.2021 01:43:04.109,7.7738700000000005,7.7735,0.37,0.37
02.08.2021 01:43:12.160,7.773860000000001,7.7735,0.37,0.37
02.08.2021 01:43:17.409,7.773860000000001,7.7736,0.37,0.75
02.08.2021 01:43:42.728,7.77384,7.7736,0.37,0.75
02.08.2021 01:43:49.018,7.7738700000000005,7.7736,0.37,0.75
02.08.2021 01:44:15.024,7.7738700000000005,7.77347,0.37,0.37
02.08.2021 01:44:15.175,7.773880000000001,7.773480000000001,0.37,0.37
02.08.2021 01:44:15.275,7.773880000000001,7.7736,0.37,0.75
02.08.2021 01:44:25.477,7.773880000000001,7.7735,0.37,0.37
02.08.2021 01:44:30.156,7.773880000000001,7.77342,0.37,0.47
02.08.2021 01:44:30.459,7.773880000000001,7.7736,0.37,0.75
02.08.2021 01:44:30.962,7.773880000000001,7.77342,0.37,2.72
02.08.2021 01:44:39.066,7.7738700000000005,7.77342,0.37,0.85
02.08.2021 01:44:39.117,7.77384,7.77355,1.12,0.75
02.08.2021 01:44:39.167,7.77384,7.77338,0.37,1.6
02.08.2021 01:44:39.218,7.77384,7.77338,0.37,0.85
02.08.2021 01:44:40.571,7.77385,7.77338,0.37,0.85
02.08.2021 01:44:50.989,7.77385,7.77338,0.37,0.85
02.08.2021 01:44:52.313,7.77385,7.77338,0.37,0.85
02.08.2021 01:44:55.127,7.77385,7.77338,0.37,0.85
02.08.2021 01:44:56.144,7.77385,7.77338,0.37,0.75
02.08.2021 01:45:00.286,7.77385,7.77339,0.37,0.75
02.08.2021 01:45:00.407,7.77385,7.77337,0.37,2.25
02.08.2021 01:45:01.777,7.77384,7.77337,0.37,0.75
02.08.2021 01:45:07.143,7.77384,7.77337,0.37,0.85
02.08.2021 01:45:08.419,7.77384,7.77337,0.37,0.85
02.08.2021 01:45:23.928,7.77385,7.77337,0.37,0.85
02.08.2021 01:45:24.512,7.77385,7.77338,0.37,0.85
02.08.2021 01:45:30.532,7.77385,7.77337,0.37,2.35
02.08.2021 01:45:31.501,7.77385,7.773510000000001,0.37,0.37
02.08.2021 01:45:32.354,7.7738700000000005,7.773510000000001,0.37,0.37
02.08.2021 01:45:32.517,7.7738700000000005,7.77343,0.37,0.47
02.08.2021 01:45:32.617,7.773910000000001,7.77345,0.37,0.45
02.08.2021 01:45:32.727,7.773910000000001,7.77345,0.37,0.47
02.08.2021 01:45:33.504,7.77392,7.77345,0.37,0.47
02.08.2021 01:45:35.548,7.77392,7.773460000000001,0.37,0.45
02.08.2021 01:45:44.738,7.77392,7.77344,0.37,0.82
02.08.2021 01:45:45.441,7.773910000000001,7.77345,0.37,0.37
02.08.2021 01:45:45.503,7.7739,7.77354,0.37,0.37
02.08.2021 01:45:46.509,7.773860000000001,7.77354,0.37,0.37
02.08.2021 01:45:49.860,7.77395,7.77345,0.45,0.37
02.08.2021 01:45:51.097,7.77394,7.77344,0.37,0.45
02.08.2021 01:45:52.754,7.77394,7.77344,0.47,0.45
02.08.2021 01:45:56.008,7.77394,7.77344,0.47,0.37
02.08.2021 01:45:56.970,7.773860000000001,7.77344,0.37,0.37
02.08.2021 01:45:59.017,7.773860000000001,7.773530000000001,0.37,0.37
02.08.2021 01:46:15.033,7.773860000000001,7.77354,0.37,0.37
02.08.2021 01:46:15.461,7.77392,7.77345,0.37,0.45
02.08.2021 01:46:15.512,7.77384,7.77352,0.75,0.75
02.08.2021 01:46:15.613,7.77389,7.77357,0.75,0.75
02.08.2021 01:46:27.658,7.773960000000001,7.77354,0.37,0.37
02.08.2021 01:46:28.515,7.773960000000001,7.77355,0.75,0.37
02.08.2021 01:46:29.517,7.773960000000001,7.773639999999999,0.75,0.37
02.08.2021 01:46:41.553,7.773960000000001,7.77365,0.37,0.37
02.08.2021 01:46:45.441,7.773960000000001,7.773580000000001,0.75,0.37
02.08.2021 01:46:45.626,7.77389,7.773580000000001,0.75,0.37
02.08.2021 01:47:04.434,7.774060000000001,7.77377,0.37,0.75
02.08.2021 01:47:04.485,7.774160000000001,7.77369,0.47,0.37
02.08.2021 01:47:04.585,7.7742700000000005,7.77372,0.75,0.82
02.08.2021 01:47:04.636,7.7742700000000005,7.77374,0.75,0.85
02.08.2021 01:47:04.687,7.774380000000001,7.77377,1.22,0.85
02.08.2021 01:47:04.737,7.774380000000001,7.773710000000001,0.37,0.47
02.08.2021 01:47:04.787,7.77453,7.77384,0.75,0.75
02.08.2021 01:47:04.838,7.77458,7.7738700000000005,0.75,0.82
02.08.2021 01:47:04.938,7.77467,7.773930000000001,0.37,0.85
02.08.2021 01:47:04.989,7.774789999999999,7.77389,0.47,0.47
02.08.2021 01:47:05.039,7.774680000000001,7.774,0.75,0.75
02.08.2021 01:47:05.089,7.774730000000001,7.7739899999999995,0.75,0.75
02.08.2021 01:47:05.140,7.774780000000001,7.77407,0.75,0.75
02.08.2021 01:47:05.291,7.774780000000001,7.7740800000000005,0.75,0.37
02.08.2021 01:47:05.341,7.7748800000000005,7.7740800000000005,0.75,0.37
02.08.2021 01:47:05.448,7.7748800000000005,7.774050000000001,0.75,0.47
02.08.2021 01:47:05.548,7.77493,7.7740800000000005,0.85,0.75
02.08.2021 01:47:05.649,7.774780000000001,7.77407,0.75,0.82
02.08.2021 01:47:05.800,7.774780000000001,7.77409,0.75,0.75
02.08.2021 01:47:05.906,7.7748,7.774100000000001,1.22,0.82
02.08.2021 01:47:06.007,7.77475,7.7740100000000005,0.85,0.85
02.08.2021 01:47:06.157,7.7744800000000005,7.773930000000001,0.85,0.2
02.08.2021 01:47:06.258,7.7743899999999995,7.773760000000001,2.32,0.85
02.08.2021 01:47:06.308,7.774280000000001,7.77372,0.75,0.85
02.08.2021 01:47:06.359,7.774310000000001,7.77374,0.75,0.75
02.08.2021 01:47:06.409,7.774280000000001,7.77369,0.75,0.85
02.08.2021 01:47:06.510,7.774280000000001,7.77374,0.75,0.85
02.08.2021 01:47:06.616,7.774280000000001,7.77369,2.25,0.85
02.08.2021 01:47:06.669,7.774280000000001,7.77369,2.25,0.85
02.08.2021 01:47:06.918,7.774280000000001,7.77369,2.32,0.85
02.08.2021 01:47:07.512,7.774280000000001,7.773680000000001,2.32,1.22
02.08.2021 01:47:09.560,7.774280000000001,7.773680000000001,2.35,1.22
02.08.2021 01:47:10.663,7.774280000000001,7.773680000000001,2.35,1.22
02.08.2021 01:47:11.009,7.774280000000001,7.773680000000001,2.35,1.22
02.08.2021 01:47:11.255,7.774280000000001,7.773680000000001,2.35,1.22
02.08.2021 01:47:15.254,7.774280000000001,7.773700000000001,2.35,1.22
02.08.2021 01:47:15.528,7.774280000000001,7.773700000000001,2.35,1.22
02.08.2021 01:47:15.780,7.774280000000001,7.773750000000001,2.32,0.47
02.08.2021 01:47:17.245,7.774280000000001,7.773750000000001,0.82,0.47
02.08.2021 01:47:17.681,7.774280000000001,7.773750000000001,0.82,0.47
02.08.2021 01:47:18.351,7.77425,7.773750000000001,0.37,0.47
02.08.2021 01:47:20.132,7.774260000000001,7.773750000000001,0.37,0.47
02.08.2021 01:47:23.439,7.774260000000001,7.773750000000001,0.37,0.47
02.08.2021 01:47:26.387,7.774260000000001,7.77378,0.37,0.37
02.08.2021 01:47:27.583,7.77425,7.773710000000001,0.37,0.47
02.08.2021 01:47:27.634,7.77425,7.773710000000001,0.45,0.47
02.08.2021 01:47:29.034,7.77424,7.77369,0.37,0.85
02.08.2021 01:47:32.160,7.77424,7.77369,0.45,0.47
02.08.2021 01:47:32.210,7.77424,7.77369,0.47,0.37
02.08.2021 01:47:32.478,7.77424,7.77369,0.47,0.37
02.08.2021 01:47:32.528,7.77418,7.77357,0.47,0.47
02.08.2021 01:47:32.579,7.77418,7.77357,0.47,0.47
02.08.2021 01:47:32.780,7.77418,7.7736,0.47,0.85
02.08.2021 01:47:33.058,7.77418,7.7736,0.37,0.85
02.08.2021 01:47:33.223,7.7742700000000005,7.7736,1.22,1.22
02.08.2021 01:47:34.577,7.774230000000001,7.7736,0.47,0.47
02.08.2021 01:47:35.654,7.77425,7.77362,0.47,0.47
02.08.2021 01:47:38.011,7.77424,7.773610000000001,0.47,0.47
02.08.2021 01:47:38.364,7.77418,7.773610000000001,0.85,0.47
02.08.2021 01:47:38.472,7.773980000000001,7.773610000000001,0.75,0.75
02.08.2021 01:47:45.214,7.773980000000001,7.77362,0.75,0.37
02.08.2021 01:47:47.617,7.773930000000001,7.77362,0.75,0.37
02.08.2021 01:47:47.737,7.773930000000001,7.773610000000001,0.75,0.37
02.08.2021 01:47:47.837,7.773980000000001,7.773530000000001,0.75,0.37
02.08.2021 01:47:47.888,7.773980000000001,7.773480000000001,0.75,0.37
02.08.2021 01:47:47.989,7.773980000000001,7.773480000000001,0.85,0.37
02.08.2021 01:47:48.166,7.773980000000001,7.773530000000001,0.75,0.75
02.08.2021 01:47:48.267,7.773980000000001,7.773610000000001,0.75,0.75
02.08.2021 01:47:49.671,7.773980000000001,7.77362,0.75,0.37
02.08.2021 01:47:49.897,7.773930000000001,7.77362,0.75,0.37
02.08.2021 01:47:49.947,7.773980000000001,7.7735,0.37,0.47
02.08.2021 01:47:49.998,7.773880000000001,7.773510000000001,0.75,0.85
02.08.2021 01:47:50.099,7.77383,7.7735,0.75,0.37
02.08.2021 01:47:50.149,7.773980000000001,7.7735,0.37,0.37
02.08.2021 01:47:50.430,7.773980000000001,7.773610000000001,0.75,0.75
02.08.2021 01:47:50.581,7.773980000000001,7.77362,0.75,0.37
02.08.2021 01:47:52.070,7.773980000000001,7.773610000000001,0.75,0.75
02.08.2021 01:47:52.171,7.773930000000001,7.7736,0.75,0.37
02.08.2021 01:47:52.221,7.773880000000001,7.773510000000001,0.75,0.85
02.08.2021 01:47:52.327,7.774,7.773460000000001,0.37,0.47
02.08.2021 01:47:52.478,7.774,7.773460000000001,0.47,0.45
02.08.2021 01:47:52.629,7.773980000000001,7.773610000000001,0.75,0.75
02.08.2021 01:47:53.128,7.773930000000001,7.773560000000001,0.75,0.75
02.08.2021 01:47:53.229,7.773880000000001,7.773510000000001,0.75,0.75
02.08.2021 01:47:53.380,7.773980000000001,7.7735,1.22,0.37
02.08.2021 01:47:53.632,7.773980000000001,7.77355,2.35,0.37
02.08.2021 01:47:53.733,7.773930000000001,7.773560000000001,0.75,0.75
02.08.2021 01:47:54.322,7.773930000000001,7.77362,0.75,0.37
02.08.2021 01:47:54.616,7.773880000000001,7.77362,0.75,0.37
02.08.2021 01:47:54.666,7.773880000000001,7.773510000000001,0.75,0.82
02.08.2021 01:47:54.717,7.77383,7.7735,0.75,0.37
02.08.2021 01:47:54.868,7.773910000000001,7.7735,0.37,0.37
02.08.2021 01:47:55.134,7.773980000000001,7.773510000000001,0.75,0.75
02.08.2021 01:47:55.184,7.773930000000001,7.773560000000001,0.75,0.75
02.08.2021 01:47:55.285,7.773930000000001,7.77362,0.75,0.37
02.08.2021 01:47:58.221,7.773930000000001,7.773639999999999,0.75,0.37
02.08.2021 01:48:00.117,7.773930000000001,7.77362,0.75,0.37
02.08.2021 01:48:03.334,7.773880000000001,7.77362,0.75,0.37
02.08.2021 01:48:03.440,7.773880000000001,7.773610000000001,0.75,0.37
02.08.2021 01:48:04.836,7.773880000000001,7.7736,0.75,0.37
02.08.2021 01:48:11.736,7.7738700000000005,7.7736,0.37,0.37
02.08.2021 01:48:13.370,7.7738700000000005,7.773580000000001,0.37,0.37
02.08.2021 01:48:13.589,7.773880000000001,7.773580000000001,0.75,0.37
02.08.2021 01:48:16.896,7.773910000000001,7.773580000000001,0.37,0.37
02.08.2021 01:48:17.745,7.7739,7.773580000000001,0.37,0.37
02.08.2021 01:48:18.265,7.77395,7.773580000000001,0.37,0.37
02.08.2021 01:48:20.272,7.77395,7.7735899999999996,0.37,0.37
02.08.2021 01:48:21.278,7.77395,7.77362,0.37,0.37
02.08.2021 01:48:23.742,7.773930000000001,7.773560000000001,0.37,0.37
02.08.2021 01:48:23.792,7.7738700000000005,7.773560000000001,0.37,0.37
02.08.2021 01:48:23.876,7.773930000000001,7.773560000000001,0.37,0.37
02.08.2021 01:48:33.518,7.773880000000001,7.77357,0.75,0.75
02.08.2021 01:48:40.472,7.7738700000000005,7.773580000000001,0.37,0.37
02.08.2021 01:48:40.923,7.773860000000001,7.77357,0.37,0.75
02.08.2021 01:48:41.892,7.77385,7.77357,0.37,0.75
02.08.2021 01:48:42.900,7.77383,7.77357,0.37,0.75
02.08.2021 01:48:43.580,7.77383,7.773580000000001,0.37,0.37
02.08.2021 01:48:43.730,7.773880000000001,7.773580000000001,2.25,0.37
02.08.2021 01:48:48.329,7.77395,7.7736,0.37,0.75
02.08.2021 01:48:48.429,7.77397,7.773610000000001,0.75,0.75
02.08.2021 01:48:48.530,7.773980000000001,7.773610000000001,0.75,0.75
02.08.2021 01:48:49.870,7.773980000000001,7.773630000000001,0.75,0.37
02.08.2021 01:48:53.334,7.773930000000001,7.773630000000001,0.75,0.37
02.08.2021 01:48:53.385,7.773930000000001,7.7736,0.75,0.37
02.08.2021 01:48:54.388,7.773930000000001,7.773639999999999,0.75,0.37
02.08.2021 01:49:05.567,7.773930000000001,7.773660000000001,0.75,0.37
02.08.2021 01:49:07.038,7.773930000000001,7.773639999999999,0.75,0.37
02.08.2021 01:49:10.496,7.7740100000000005,7.773639999999999,0.37,0.37
02.08.2021 01:49:21.978,7.773960000000001,7.773639999999999,0.75,1.12
02.08.2021 01:49:23.451,7.773930000000001,7.773639999999999,0.75,1.12
02.08.2021 01:49:45.749,7.77392,7.773639999999999,0.37,0.37
02.08.2021 01:49:47.758,7.773910000000001,7.773639999999999,0.37,0.37
02.08.2021 01:49:48.763,7.77392,7.773639999999999,0.37,0.37
02.08.2021 01:49:49.931,7.7739,7.773639999999999,0.37,0.37
02.08.2021 01:49:51.938,7.77389,7.773639999999999,0.37,0.37
02.08.2021 01:49:53.374,7.773910000000001,7.773639999999999,0.37,0.37
02.08.2021 01:49:59.402,7.7739,7.773639999999999,0.37,0.37
02.08.2021 01:50:00.308,7.773930000000001,7.773639999999999,0.75,0.37
02.08.2021 01:50:01.446,7.77392,7.773639999999999,0.37,0.37
02.08.2021 01:50:02.137,7.773930000000001,7.773639999999999,0.75,0.37
02.08.2021 01:50:07.053,7.773930000000001,7.773580000000001,0.75,0.75
02.08.2021 01:50:08.145,7.773930000000001,7.7736,0.75,0.37
02.08.2021 01:50:09.848,7.773930000000001,7.773610000000001,0.75,0.37
02.08.2021 01:50:17.027,7.77392,7.773610000000001,0.75,0.37
02.08.2021 01:50:18.755,7.77392,7.773639999999999,0.75,0.37
02.08.2021 01:50:20.256,7.77392,7.77362,0.75,1.12
02.08.2021 01:50:21.998,7.77392,7.773639999999999,0.75,0.37
02.08.2021 01:50:23.780,7.77397,7.773639999999999,0.75,0.37
02.08.2021 01:50:23.881,7.77407,7.773700000000001,0.75,0.37
02.08.2021 01:50:23.981,7.77414,7.773700000000001,0.37,0.47
02.08.2021 01:50:24.032,7.77412,7.7737300000000005,0.75,0.85
02.08.2021 01:50:24.205,7.77412,7.773750000000001,0.75,0.45
02.08.2021 01:50:24.306,7.77412,7.77378,0.75,0.37
02.08.2021 01:50:25.805,7.77412,7.77377,0.75,0.37
02.08.2021 01:50:32.016,7.77412,7.77378,0.75,0.37
02.08.2021 01:50:33.690,7.77407,7.77377,0.75,0.37
02.08.2021 01:50:33.791,7.774210000000001,7.77377,0.47,0.37
02.08.2021 01:50:33.841,7.77412,7.77377,0.75,0.37
02.08.2021 01:50:34.514,7.77412,7.7737300000000005,0.75,0.85
02.08.2021 01:50:34.812,7.77412,7.7737300000000005,0.75,0.85
02.08.2021 01:50:34.958,7.77412,7.7737300000000005,0.75,0.85
02.08.2021 01:50:48.377,7.774160000000001,7.77383,0.37,0.75
02.08.2021 01:50:48.427,7.7743,7.7738700000000005,0.85,0.37
02.08.2021 01:50:48.477,7.77412,7.7738700000000005,0.75,0.37
02.08.2021 01:50:48.528,7.77412,7.773750000000001,0.75,0.47
02.08.2021 01:50:48.629,7.77417,7.7738000000000005,0.75,0.82
02.08.2021 01:50:48.779,7.77412,7.7738000000000005,0.75,0.82
02.08.2021 01:51:02.758,7.77412,7.77382,0.75,0.75
02.08.2021 01:51:02.884,7.77418,7.77382,0.37,0.75
02.08.2021 01:51:03.902,7.7742,7.77382,0.37,0.37
02.08.2021 01:51:04.088,7.77419,7.77382,0.37,0.37
02.08.2021 01:51:06.155,7.774210000000001,7.7738000000000005,1.12,0.75
02.08.2021 01:51:19.018,7.77412,7.7738000000000005,0.75,0.75
02.08.2021 01:51:26.194,7.77412,7.77377,0.75,0.47
02.08.2021 01:51:26.294,7.774210000000001,7.77377,0.37,1.12
02.08.2021 01:51:26.717,7.77407,7.77377,0.75,0.37
02.08.2021 01:51:26.834,7.77407,7.77378,0.75,0.75
02.08.2021 01:51:27.753,7.77407,7.7737300000000005,0.75,0.47
02.08.2021 01:51:27.854,7.77407,7.7737300000000005,0.75,0.45
02.08.2021 01:51:29.136,7.77407,7.77372,0.75,0.45
02.08.2021 01:51:31.240,7.77407,7.77372,0.75,0.47
02.08.2021 01:51:35.575,7.774160000000001,7.77372,0.37,0.47
02.08.2021 01:51:38.593,7.774160000000001,7.77372,0.37,0.47
02.08.2021 01:51:38.744,7.774160000000001,7.773750000000001,0.37,0.37
02.08.2021 01:51:56.694,7.77407,7.773750000000001,0.75,0.37
02.08.2021 01:51:59.951,7.77407,7.7738000000000005,0.75,0.37
02.08.2021 01:52:01.911,7.77407,7.77378,0.75,0.75
02.08.2021 01:52:16.891,7.77407,7.77374,0.75,1.12
02.08.2021 01:52:17.042,7.77412,7.77374,0.37,0.37
02.08.2021 01:52:17.983,7.77412,7.773760000000001,0.37,0.37
02.08.2021 01:52:19.538,7.774150000000001,7.77372,0.37,0.47
02.08.2021 01:52:19.687,7.774150000000001,7.77372,0.37,0.47
02.08.2021 01:52:24.547,7.774150000000001,7.77372,0.37,0.45
02.08.2021 01:52:26.256,7.77413,7.77372,0.37,0.82
02.08.2021 01:52:26.710,7.77407,7.77372,0.75,0.82
02.08.2021 01:52:27.526,7.77407,7.77378,0.75,0.37
02.08.2021 01:52:39.581,7.77407,7.77379,0.75,0.37
02.08.2021 01:52:40.589,7.77407,7.7738000000000005,0.75,0.37
02.08.2021 01:52:43.291,7.77407,7.773810000000001,0.75,0.37
02.08.2021 01:52:45.266,7.77413,7.773810000000001,0.37,0.37
02.08.2021 01:52:45.504,7.77412,7.77382,0.75,0.37
02.08.2021 01:52:57.335,7.77419,7.77382,0.37,0.37
02.08.2021 01:52:58.319,7.77419,7.77383,0.37,0.37
02.08.2021 01:52:59.324,7.77419,7.77385,0.37,0.37
02.08.2021 01:53:01.329,7.77419,7.773860000000001,0.37,0.37
02.08.2021 01:53:02.859,7.77419,7.7738700000000005,0.75,0.37
02.08.2021 01:53:05.336,7.77417,7.773860000000001,0.37,0.37
02.08.2021 01:53:05.443,7.77417,7.77384,0.37,0.37
02.08.2021 01:53:06.338,7.774160000000001,7.77383,0.37,0.75
02.08.2021 01:53:07.741,7.77413,7.77383,0.37,0.75
02.08.2021 01:53:14.655,7.77413,7.77385,0.37,0.75
02.08.2021 01:53:15.355,7.77417,7.773880000000001,0.37,0.37
02.08.2021 01:53:15.668,7.77412,7.773880000000001,0.75,0.37
02.08.2021 01:53:16.137,7.77412,7.77389,0.75,0.37
02.08.2021 01:53:16.313,7.77412,7.77385,0.75,0.75
02.08.2021 01:53:23.715,7.77412,7.77382,0.75,0.37
02.08.2021 01:53:23.815,7.77417,7.77382,0.37,0.37
02.08.2021 01:53:29.779,7.77417,7.7738700000000005,0.37,0.75
02.08.2021 01:53:30.384,7.77419,7.7738700000000005,1.5,0.75
02.08.2021 01:53:31.386,7.77418,7.7738700000000005,0.37,0.75
02.08.2021 01:53:33.396,7.77417,7.773880000000001,0.37,0.37
02.08.2021 01:53:35.563,7.77417,7.773860000000001,0.37,0.75
02.08.2021 01:53:35.716,7.77417,7.77385,0.37,0.75
02.08.2021 01:53:36.565,7.77414,7.77385,0.37,0.75
02.08.2021 01:53:39.577,7.77413,7.77385,0.37,0.75
02.08.2021 01:53:45.893,7.77412,7.77385,0.75,0.75
02.08.2021 01:54:21.078,7.77412,7.77384,0.75,0.75
02.08.2021 01:54:26.113,7.77412,7.77385,0.75,0.75
02.08.2021 01:54:41.229,7.77412,7.773860000000001,0.75,0.75
02.08.2021 01:54:44.063,7.77412,7.773910000000001,0.75,0.37
02.08.2021 01:54:56.114,7.77412,7.77392,1.12,0.37
02.08.2021 01:55:04.298,7.774110000000001,7.77392,0.37,0.37
02.08.2021 01:55:04.349,7.774110000000001,7.773880000000001,0.37,0.37
02.08.2021 01:55:05.579,7.774110000000001,7.7738700000000005,0.75,0.37
02.08.2021 01:55:19.605,7.774100000000001,7.773880000000001,0.37,0.37
02.08.2021 01:55:21.211,7.77412,7.77385,0.75,0.37
02.08.2021 01:55:47.801,7.77412,7.7738000000000005,0.75,2.25
02.08.2021 01:55:47.851,7.77412,7.77382,0.75,0.75
02.08.2021 01:55:47.952,7.77418,7.77382,0.37,0.75
02.08.2021 01:55:48.539,7.77418,7.7738000000000005,0.37,2.32
02.08.2021 01:55:48.908,7.77418,7.773810000000001,0.37,0.37
02.08.2021 01:55:49.271,7.77419,7.773810000000001,1.12,0.37
02.08.2021 01:55:51.673,7.77419,7.7738000000000005,1.12,2.32
02.08.2021 01:55:53.637,7.77419,7.7738000000000005,1.12,2.35
02.08.2021 01:56:02.789,7.77419,7.7738000000000005,0.75,2.35
02.08.2021 01:56:02.840,7.774230000000001,7.7738000000000005,0.37,0.85
02.08.2021 01:56:03.753,7.774210000000001,7.7738000000000005,0.37,0.85
02.08.2021 01:56:05.762,7.774210000000001,7.773880000000001,0.37,0.37
02.08.2021 01:56:07.533,7.774230000000001,7.77382,0.75,0.75
02.08.2021 01:56:07.583,7.77419,7.77382,0.37,0.75
02.08.2021 01:56:24.966,7.77419,7.773810000000001,1.12,0.75
02.08.2021 01:56:26.239,7.77412,7.77379,0.75,0.85
02.08.2021 01:56:26.348,7.77412,7.77379,0.75,1.2
02.08.2021 01:56:27.747,7.77412,7.773810000000001,0.75,0.37
02.08.2021 01:56:29.197,7.77412,7.77382,0.75,0.37
02.08.2021 01:56:34.430,7.77413,7.77384,0.37,2.25
02.08.2021 01:56:34.531,7.77413,7.773880000000001,0.37,0.37
02.08.2021 01:56:34.762,7.77413,7.7739,0.37,0.37
02.08.2021 01:56:35.344,7.77417,7.7739,0.75,0.37
02.08.2021 01:56:36.961,7.77412,7.77384,0.75,0.75
02.08.2021 01:56:37.012,7.77412,7.77382,0.75,0.75
02.08.2021 01:56:37.473,7.77412,7.773810000000001,0.75,0.37
02.08.2021 01:56:37.913,7.77412,7.77382,0.75,0.37
02.08.2021 01:56:41.765,7.77413,7.77382,0.37,0.37
02.08.2021 01:56:41.873,7.774160000000001,7.7738000000000005,0.37,2.25
02.08.2021 01:56:42.080,7.774160000000001,7.773810000000001,0.37,0.75
02.08.2021 01:56:42.665,7.77417,7.773810000000001,0.75,0.75
02.08.2021 01:56:43.777,7.77417,7.77382,0.75,0.37
02.08.2021 01:56:47.171,7.77417,7.773810000000001,0.75,0.75
02.08.2021 01:56:50.694,7.77419,7.773810000000001,0.37,0.82
02.08.2021 01:56:51.650,7.77419,7.773860000000001,0.37,0.37
02.08.2021 01:57:11.790,7.77417,7.773860000000001,0.75,0.37
02.08.2021 01:57:12.894,7.77417,7.773810000000001,0.75,0.82
02.08.2021 01:57:26.248,7.77417,7.77383,0.75,0.37
02.08.2021 01:57:30.212,7.77417,7.77384,0.75,0.37
02.08.2021 01:57:31.215,7.77417,7.77385,0.75,0.37
02.08.2021 01:57:32.217,7.77417,7.773860000000001,0.75,0.37
02.08.2021 01:57:49.390,7.77419,7.7739,0.37,0.75
02.08.2021 01:57:49.491,7.77419,7.773930000000001,0.37,0.37
02.08.2021 01:57:49.591,7.77422,7.77394,0.75,0.37
02.08.2021 01:57:50.925,7.77422,7.7739,0.75,1.12
02.08.2021 01:57:51.026,7.77417,7.7739,0.75,0.37
02.08.2021 01:57:51.912,7.77417,7.773860000000001,0.75,0.37
02.08.2021 01:57:55.553,7.77418,7.77389,0.37,0.75
02.08.2021 01:57:55.654,7.77419,7.77389,0.37,0.75
02.08.2021 01:57:56.658,7.77422,7.773910000000001,0.75,0.37
02.08.2021 01:57:56.923,7.77422,7.77389,0.75,1.12
02.08.2021 01:57:58.019,7.77422,7.7739,0.75,0.37
02.08.2021 01:57:59.725,7.77422,7.77392,0.75,0.37
02.08.2021 01:58:25.373,7.774230000000001,7.77392,0.37,0.37
02.08.2021 01:58:25.423,7.77429,7.77392,0.37,1.5
02.08.2021 01:58:25.774,7.77422,7.77392,0.75,1.5
02.08.2021 01:58:25.983,7.77422,7.773930000000001,0.75,0.37
02.08.2021 01:58:26.452,7.77422,7.773960000000001,0.75,0.37
02.08.2021 01:58:46.546,7.77417,7.773960000000001,0.75,0.37
02.08.2021 01:58:46.597,7.77417,7.77389,0.75,0.75
02.08.2021 01:58:46.698,7.77417,7.773880000000001,0.75,0.75
02.08.2021 01:58:59.575,7.774230000000001,7.7739,0.75,0.75
02.08.2021 01:58:59.626,7.7742,7.7739,0.37,0.75
02.08.2021 01:59:02.228,7.7742,7.77389,0.37,0.37
02.08.2021 01:59:03.056,7.7742,7.7738700000000005,0.37,0.37
02.08.2021 01:59:16.709,7.77417,7.7738700000000005,0.75,0.37
02.08.2021 01:59:32.852,7.77412,7.7738700000000005,0.75,0.37
02.08.2021 01:59:33.935,7.77412,7.77382,0.75,1.12
02.08.2021 01:59:38.657,7.77407,7.77382,0.75,1.5
02.08.2021 01:59:41.825,7.77407,7.773810000000001,0.75,0.37
02.08.2021 01:59:49.151,7.77407,7.77382,0.75,0.37
02.08.2021 01:59:50.268,7.77407,7.77383,0.75,0.37
02.08.2021 01:59:51.270,7.77407,7.77384,0.75,0.37
02.08.2021 01:59:53.043,7.77412,7.77384,0.75,0.37
02.08.2021 01:59:54.162,7.77412,7.77382,0.75,0.37
02.08.2021 01:59:57.323,7.77412,7.77383,0.75,0.37
02.08.2021 02:00:02.358,7.77417,7.77383,0.75,0.37
02.08.2021 02:00:02.509,7.77417,7.77384,0.75,0.37
02.08.2021 02:00:03.614,7.77417,7.7738700000000005,0.75,0.37
02.08.2021 02:00:09.503,7.77417,7.77384,0.75,0.37
02.08.2021 02:00:10.517,7.77417,7.7738700000000005,0.75,0.37
02.08.2021 02:00:18.358,7.77424,7.7738700000000005,0.37,0.37
02.08.2021 02:00:32.379,7.77417,7.7738700000000005,0.75,0.37
02.08.2021 02:00:38.595,7.77417,7.77383,0.75,0.82
02.08.2021 02:00:39.307,7.77417,7.77383,0.75,0.47
02.08.2021 02:00:39.422,7.77417,7.7738700000000005,0.75,0.37
02.08.2021 02:00:46.436,7.77417,7.77389,0.75,0.37
02.08.2021 02:01:03.286,7.77417,7.77385,0.75,0.47
02.08.2021 02:01:03.952,7.77417,7.7738700000000005,0.75,0.37
02.08.2021 02:01:12.342,7.77422,7.7738700000000005,0.75,0.37
02.08.2021 02:01:12.601,7.77422,7.7738700000000005,0.75,0.47
02.08.2021 02:01:12.919,7.7742700000000005,7.773880000000001,0.75,0.47
02.08.2021 02:01:12.969,7.77422,7.773880000000001,0.75,0.47
02.08.2021 02:01:13.070,7.7742700000000005,7.773880000000001,0.75,0.47
02.08.2021 02:01:13.121,7.77422,7.773880000000001,0.75,0.47
02.08.2021 02:01:13.271,7.77422,7.773880000000001,0.75,0.45
02.08.2021 02:01:14.220,7.77422,7.7738700000000005,0.75,0.37
02.08.2021 02:01:33.652,7.774310000000001,7.7738700000000005,0.37,0.45
02.08.2021 02:01:43.301,7.77422,7.7738700000000005,0.75,0.45
02.08.2021 02:02:20.133,7.77422,7.773880000000001,0.75,0.37
02.08.2021 02:02:25.587,7.77422,7.7738700000000005,0.75,0.37
02.08.2021 02:02:44.580,7.77422,7.7738700000000005,0.75,0.85
02.08.2021 02:02:44.784,7.77422,7.7738700000000005,0.75,0.85
02.08.2021 02:02:55.713,7.77422,7.7739,0.75,0.75
02.08.2021 02:02:57.800,7.77422,7.773910000000001,0.75,0.37
02.08.2021 02:03:04.934,7.7742700000000005,7.77392,0.75,0.75
02.08.2021 02:03:04.984,7.7742700000000005,7.77394,0.75,0.75
02.08.2021 02:03:07.980,7.7742700000000005,7.7739899999999995,0.75,0.37
02.08.2021 02:03:14.712,7.7742700000000005,7.773960000000001,0.75,0.75
02.08.2021 02:03:14.813,7.77432,7.773960000000001,0.75,0.75
02.08.2021 02:03:14.863,7.7742700000000005,7.773980000000001,0.75,0.75
02.08.2021 02:03:14.975,7.7742700000000005,7.774,0.75,0.75
02.08.2021 02:03:15.634,7.77432,7.774,0.75,0.75
02.08.2021 02:03:15.816,7.77432,7.7739899999999995,0.75,0.82
02.08.2021 02:03:16.124,7.77432,7.7740100000000005,0.75,0.75
02.08.2021 02:03:30.747,7.77432,7.774030000000001,0.75,0.75
02.08.2021 02:03:30.861,7.774380000000001,7.774030000000001,0.37,0.75
02.08.2021 02:03:32.232,7.774380000000001,7.774100000000001,0.37,0.37
02.08.2021 02:03:33.238,7.77432,7.774100000000001,0.37,0.37
02.08.2021 02:03:50.787,7.77432,7.774,0.75,0.37
02.08.2021 02:04:10.679,7.77432,7.7740100000000005,0.75,0.37
02.08.2021 02:04:10.846,7.7743899999999995,7.7740100000000005,0.37,0.37
02.08.2021 02:04:11.696,7.7743899999999995,7.77402,0.37,0.37
02.08.2021 02:04:15.859,7.77432,7.77402,0.75,0.37
