Gmt time,Ask,Bid,AskVolume,BidVolume
23.08.2021 00:00:00.075,299.777,299.108,1.12,1.12
23.08.2021 00:00:00.236,299.747,299.13599999999997,0.62,1
23.08.2021 00:00:00.336,299.737,299.16,0.69,1
23.08.2021 00:00:00.944,299.706,299.17400000000004,1,1
23.08.2021 00:00:04.314,299.706,299.206,1,1
23.08.2021 00:00:04.365,299.742,299.206,1,1
23.08.2021 00:00:04.466,299.742,299.163,1,1
23.08.2021 00:00:04.516,299.742,299.144,1,1
23.08.2021 00:00:04.566,299.706,299.115,0.37,1
23.08.2021 00:00:04.617,299.774,299.17400000000004,1.12,0.37
23.08.2021 00:00:05.238,299.726,299.122,1,1.12
23.08.2021 00:00:05.388,299.736,299.122,1.5,1
23.08.2021 00:00:05.727,299.71700000000004,299.122,1.5,1
23.08.2021 00:00:05.883,299.723,299.17400000000004,1.12,0.37
23.08.2021 00:00:06.144,299.713,299.133,1,1.5
23.08.2021 00:00:06.195,299.656,299.14,0.37,1
23.08.2021 00:00:06.295,299.656,299.137,0.37,1
23.08.2021 00:00:06.346,299.656,299.074,0.37,1.5
23.08.2021 00:00:06.446,299.757,299.11400000000003,1.12,1
23.08.2021 00:00:06.634,299.737,299.139,1.5,1.5
23.08.2021 00:00:06.735,299.721,299.145,1.12,1
23.08.2021 00:00:06.867,299.721,299.194,1.12,0.37
23.08.2021 00:00:07.089,299.728,299.133,1.5,1.5
23.08.2021 00:00:07.189,299.684,299.17400000000004,0.19,0.37
23.08.2021 00:00:07.240,299.751,299.118,0.37,1.12
23.08.2021 00:00:07.341,299.806,299.118,0.37,1.12
23.08.2021 00:00:07.441,299.871,299.118,1,1
23.08.2021 00:00:07.492,299.856,299.134,1.12,1.12
23.08.2021 00:00:07.812,299.746,299.108,0.62,1.5
23.08.2021 00:00:07.913,299.773,299.10900000000004,1.12,1.5
23.08.2021 00:00:10.600,299.773,299.10900000000004,1.12,1.5
23.08.2021 00:00:12.335,299.773,299.10200000000003,1.12,1.5
23.08.2021 00:00:12.578,299.773,299.095,1.12,1.5
23.08.2021 00:00:12.629,299.773,299.095,1.12,1.5
23.08.2021 00:00:12.684,299.69599999999997,299.095,0.37,1.5
23.08.2021 00:00:14.307,299.754,299.127,1,1.12
23.08.2021 00:00:14.508,299.736,299.127,1.12,1.12
23.08.2021 00:00:14.659,299.694,299.209,1,1
23.08.2021 00:00:14.709,299.656,299.16200000000003,0.37,1.5
23.08.2021 00:00:14.860,299.72200000000004,299.126,0.19,1.12
23.08.2021 00:00:14.960,299.758,299.12,1.25,1.12
23.08.2021 00:00:15.061,299.779,299.12,1.12,1.12
23.08.2021 00:00:15.226,299.747,299.12,1.12,1.12
23.08.2021 00:00:15.702,299.737,299.11,1.12,1.5
23.08.2021 00:00:15.904,299.762,299.116,1.12,1.12
23.08.2021 00:00:16.104,299.762,299.113,1.12,1.12
23.08.2021 00:00:16.305,299.762,299.113,1.12,1
23.08.2021 00:00:16.455,299.73400000000004,299.134,1.12,1.12
23.08.2021 00:00:16.556,299.73400000000004,299.142,1.12,1.12
23.08.2021 00:00:17.138,299.694,299.143,1.12,1.5
23.08.2021 00:00:17.340,299.694,299.15500000000003,1,1
23.08.2021 00:00:17.653,299.694,299.152,1,1
23.08.2021 00:00:18.259,299.702,299.152,1.12,1.5
23.08.2021 00:00:18.430,299.702,299.117,1.12,1.12
23.08.2021 00:00:18.681,299.692,299.117,1.5,1
23.08.2021 00:00:18.781,299.656,299.153,0.69,1
23.08.2021 00:00:18.832,299.685,299.10200000000003,1.12,1.5
23.08.2021 00:00:18.882,299.685,299.10200000000003,1.12,1.5
23.08.2021 00:00:19.083,299.709,299.137,1.5,1.12
23.08.2021 00:00:19.284,299.72900000000004,299.143,1.12,1
23.08.2021 00:00:19.436,299.705,299.143,1.12,1
23.08.2021 00:00:19.661,299.68,299.143,1.12,1
23.08.2021 00:00:20.263,299.68,299.142,1.12,1.5
23.08.2021 00:00:24.688,299.684,299.248,1.12,1
23.08.2021 00:00:24.738,299.681,299.208,1.12,1
23.08.2021 00:00:24.789,299.682,299.144,1.5,1
23.08.2021 00:00:24.889,299.695,299.246,1.12,1
23.08.2021 00:00:24.940,299.706,299.119,1.12,1.12
23.08.2021 00:00:24.990,299.706,299.119,1.12,1.12
23.08.2021 00:00:25.687,299.676,299.21500000000003,1.12,1
23.08.2021 00:00:25.738,299.681,299.17,1.5,0.69
23.08.2021 00:00:25.841,299.681,299.154,1.5,0.62
23.08.2021 00:00:25.941,299.681,299.128,1.12,1.75
23.08.2021 00:00:25.992,299.736,299.14,1,1.5
23.08.2021 00:00:26.042,299.687,299.211,1,1
23.08.2021 00:00:26.093,299.694,299.15900000000005,1,1.5
23.08.2021 00:00:26.193,299.684,299.203,1.25,1
23.08.2021 00:00:26.244,299.718,299.146,1,1.12
23.08.2021 00:00:26.294,299.716,299.146,1.12,1.12
23.08.2021 00:00:26.410,299.746,299.146,1.12,1.12
23.08.2021 00:00:26.556,299.702,299.146,1.5,1.12
23.08.2021 00:00:26.757,299.677,299.2,1.12,1.5
23.08.2021 00:00:26.960,299.676,299.2,1.12,1
23.08.2021 00:00:27.089,299.672,299.2,1.12,1.5
23.08.2021 00:00:27.243,299.672,299.2,1.12,1
23.08.2021 00:00:27.359,299.67900000000003,299.135,1.5,1.5
23.08.2021 00:00:27.459,299.686,299.112,0.69,1.12
23.08.2021 00:00:27.560,299.684,299.112,1,1.12
23.08.2021 00:00:34.946,299.606,299.18,0.37,1
23.08.2021 00:00:34.997,299.606,299.163,0.37,1.25
23.08.2021 00:00:35.047,299.606,299.193,0.37,1
23.08.2021 00:00:35.148,299.706,299.193,1.12,1
23.08.2021 00:00:35.199,299.706,299.193,1.12,1
23.08.2021 00:00:35.300,299.706,299.154,1.12,1
23.08.2021 00:00:35.400,299.658,299.123,1,1
23.08.2021 00:00:35.451,299.658,299.095,1,1
23.08.2021 00:00:35.501,299.66900000000004,299.11400000000003,1.5,1
23.08.2021 00:00:35.552,299.66900000000004,299.154,1,1
23.08.2021 00:00:35.848,299.67,299.189,1.12,1
23.08.2021 00:00:36.209,299.67,299.154,1.12,1
23.08.2021 00:00:36.310,299.656,299.154,1.12,1
23.08.2021 00:00:36.411,299.64,299.17900000000003,0.69,1
23.08.2021 00:00:36.566,299.673,299.177,1.12,1
23.08.2021 00:00:36.670,299.67400000000004,299.15900000000005,1.12,1
23.08.2021 00:00:36.869,299.67400000000004,299.154,1.12,1
23.08.2021 00:00:37.024,299.686,299.134,1.12,1
23.08.2021 00:00:37.075,299.686,299.134,1,1
23.08.2021 00:00:39.703,299.676,299.124,1,1
23.08.2021 00:00:39.948,299.65500000000003,299.15000000000003,1,0.37
23.08.2021 00:00:40.186,299.656,299.15000000000003,0.37,0.37
23.08.2021 00:00:48.292,299.654,299.15000000000003,0.75,0.37
23.08.2021 00:00:48.645,299.652,299.15000000000003,0.75,0.37
23.08.2021 00:00:50.331,299.648,299.15000000000003,0.75,0.37
23.08.2021 00:00:50.685,299.647,299.15000000000003,0.75,0.37
23.08.2021 00:00:51.583,299.644,299.15000000000003,0.75,0.37
23.08.2021 00:00:53.420,299.642,299.15000000000003,0.75,0.37
23.08.2021 00:00:55.182,299.64,299.15000000000003,0.75,0.37
23.08.2021 00:00:56.746,299.642,299.15000000000003,0.75,0.37
23.08.2021 00:00:57.160,299.643,299.15000000000003,0.75,0.37
23.08.2021 00:00:57.548,299.647,299.15000000000003,1,0.37
23.08.2021 00:01:01.304,299.645,299.15000000000003,0.75,0.37
23.08.2021 00:01:01.659,299.648,299.15000000000003,1,0.37
23.08.2021 00:01:03.050,299.65000000000003,299.15000000000003,1,0.37
23.08.2021 00:01:18.021,299.651,299.15000000000003,0.75,0.37
23.08.2021 00:01:18.424,299.656,299.10400000000004,0.37,1
23.08.2021 00:01:31.538,299.651,299.15000000000003,0.75,0.37
23.08.2021 00:01:35.552,299.65000000000003,299.15000000000003,0.75,0.37
23.08.2021 00:01:36.897,299.635,299.15700000000004,0.75,0.75
23.08.2021 00:01:36.998,299.63,299.163,0.37,0.37
23.08.2021 00:02:10.436,299.627,299.134,1,1
23.08.2021 00:02:11.828,299.625,299.134,1,1
23.08.2021 00:02:12.173,299.623,299.134,1,1
23.08.2021 00:02:13.094,299.621,299.124,1,1
23.08.2021 00:02:13.223,299.617,299.124,1,1
23.08.2021 00:02:13.647,299.615,299.124,1,1
23.08.2021 00:02:14.559,299.617,299.124,1,1
23.08.2021 00:02:19.130,299.618,299.124,1,1
23.08.2021 00:02:19.528,299.615,299.124,1,1
23.08.2021 00:02:20.663,299.616,299.124,1,1
23.08.2021 00:02:21.082,299.615,299.124,1,1
23.08.2021 00:02:23.091,299.656,299.11400000000003,1,1
23.08.2021 00:02:25.787,299.588,299.142,1,1.5
23.08.2021 00:02:27.825,299.626,299.142,1,1.5
23.08.2021 00:02:28.198,299.626,299.147,1,1
23.08.2021 00:02:28.305,299.626,299.142,1,1.5
23.08.2021 00:03:07.548,299.583,299.11400000000003,1.25,1.62
23.08.2021 00:03:08.490,299.577,299.11400000000003,1.5,1.62
23.08.2021 00:03:12.103,299.578,299.144,1,1
23.08.2021 00:03:12.273,299.606,299.144,1,1
23.08.2021 00:03:23.745,299.606,299.149,1,1
23.08.2021 00:03:24.099,299.606,299.153,1,1
23.08.2021 00:03:25.285,299.606,299.154,1,1
23.08.2021 00:03:25.790,299.606,299.124,1,1
23.08.2021 00:03:53.344,299.595,299.154,1,1
23.08.2021 00:03:56.474,299.595,299.16,1,1
23.08.2021 00:03:58.559,299.595,299.154,1,1
23.08.2021 00:04:01.027,299.595,299.16,1,1
23.08.2021 00:04:10.040,299.595,299.154,1,1
23.08.2021 00:04:15.146,299.596,299.125,1,1
23.08.2021 00:04:23.728,299.606,299.166,1,1.5
23.08.2021 00:04:23.829,299.616,299.199,1,1
23.08.2021 00:04:45.810,299.583,299.199,1,1
23.08.2021 00:04:47.057,299.584,299.199,1,1
23.08.2021 00:04:47.192,299.616,299.199,1,1
23.08.2021 00:04:57.633,299.616,299.19,1,1
23.08.2021 00:04:57.707,299.626,299.19,1,1.5
23.08.2021 00:05:23.730,299.626,299.194,1,1
23.08.2021 00:05:28.944,299.626,299.194,1,1
23.08.2021 00:05:32.032,299.62,299.19,1,1.5
23.08.2021 00:05:38.939,299.62,299.218,1.5,1
23.08.2021 00:05:57.133,299.615,299.218,1,1
23.08.2021 00:05:57.485,299.617,299.218,1,1
23.08.2021 00:06:02.236,299.615,299.218,1,1
23.08.2021 00:06:02.920,299.617,299.218,1,1
23.08.2021 00:06:03.081,299.618,299.218,1,1
23.08.2021 00:06:06.231,299.617,299.218,1,1
23.08.2021 00:06:06.387,299.618,299.218,1,1
23.08.2021 00:06:06.679,299.616,299.218,1,1
23.08.2021 00:06:07.151,299.615,299.218,1,1
23.08.2021 00:06:08.860,299.61400000000003,299.218,1,1
23.08.2021 00:06:15.011,299.615,299.218,1,1
23.08.2021 00:06:25.257,299.618,299.218,1,1
23.08.2021 00:06:25.658,299.615,299.218,1,1
23.08.2021 00:06:28.841,299.646,299.218,1,1
23.08.2021 00:06:50.643,299.60900000000004,299.218,1,1
23.08.2021 00:06:51.705,299.608,299.218,1,1
23.08.2021 00:06:52.104,299.606,299.218,1,1
23.08.2021 00:06:54.634,299.60400000000004,299.218,1,1
23.08.2021 00:06:54.766,299.63599999999997,299.218,1,1
23.08.2021 00:07:07.693,299.626,299.182,1,1.5
23.08.2021 00:07:07.887,299.589,299.182,1,1.5
23.08.2021 00:07:12.538,299.587,299.182,1,1.5
23.08.2021 00:07:12.936,299.584,299.182,1,1.5
23.08.2021 00:07:13.358,299.588,299.182,1,1.5
23.08.2021 00:07:13.809,299.586,299.182,1,1.5
23.08.2021 00:07:14.737,299.583,299.182,1,1.5
23.08.2021 00:07:15.090,299.582,299.182,1,1.5
23.08.2021 00:07:15.494,299.581,299.182,1,1.5
23.08.2021 00:07:19.371,299.579,299.182,1,1.5
23.08.2021 00:07:20.223,299.58,299.182,1,1.5
23.08.2021 00:07:20.620,299.582,299.182,1,1.5
23.08.2021 00:07:22.357,299.582,299.184,1.5,1
23.08.2021 00:07:23.196,299.582,299.187,1.5,1
23.08.2021 00:07:23.296,299.584,299.184,1,1
23.08.2021 00:07:23.545,299.584,299.187,1,1
23.08.2021 00:07:23.659,299.616,299.187,1,1
23.08.2021 00:07:26.602,299.63599999999997,299.182,1,1.5
23.08.2021 00:07:54.792,299.596,299.186,1,1
23.08.2021 00:07:59.546,299.596,299.186,1,1.5
23.08.2021 00:08:13.665,299.616,299.189,1,1
23.08.2021 00:08:19.397,299.616,299.19,1,1
23.08.2021 00:08:28.916,299.626,299.19,1,1.5
23.08.2021 00:08:28.967,299.626,299.194,1,1
23.08.2021 00:08:29.314,299.626,299.206,1,1
23.08.2021 00:08:29.722,299.646,299.21,1,1
23.08.2021 00:08:32.373,299.646,299.213,1,1.5
23.08.2021 00:08:32.511,299.646,299.214,1,1
23.08.2021 00:08:42.667,299.621,299.204,1,1
23.08.2021 00:08:43.079,299.62,299.204,1,1
23.08.2021 00:08:46.741,299.621,299.204,1,1
23.08.2021 00:08:53.231,299.62,299.204,1,1
23.08.2021 00:08:58.773,299.621,299.204,1,1
23.08.2021 00:09:13.319,299.621,299.198,1.25,1.5
23.08.2021 00:09:13.521,299.621,299.198,1,1.5
23.08.2021 00:09:14.062,299.62,299.198,1,1.5
23.08.2021 00:09:16.415,299.618,299.198,1,1.5
23.08.2021 00:09:22.987,299.63599999999997,299.198,1,1.5
23.08.2021 00:09:28.288,299.63599999999997,299.205,1,1
23.08.2021 00:09:31.832,299.63599999999997,299.207,1,1
23.08.2021 00:09:31.971,299.646,299.21,1,1
23.08.2021 00:09:36.465,299.60400000000004,299.236,0.37,1
23.08.2021 00:09:36.516,299.676,299.236,1,1
23.08.2021 00:09:36.749,299.646,299.236,1,1
23.08.2021 00:10:36.793,299.626,299.236,1,1
23.08.2021 00:10:45.633,299.626,299.24,1,1
23.08.2021 00:10:48.662,299.647,299.24,1.5,1
23.08.2021 00:10:48.726,299.586,299.24,0.37,1.5
23.08.2021 00:10:58.069,299.647,299.24,1.5,1
23.08.2021 00:10:58.164,299.647,299.24,1.5,1
23.08.2021 00:10:58.613,299.647,299.26099999999997,1.5,1.5
23.08.2021 00:11:10.487,299.633,299.276,1.5,1
23.08.2021 00:11:13.854,299.625,299.241,1.12,1.5
23.08.2021 00:11:23.844,299.633,299.269,1.5,1
23.08.2021 00:11:24.613,299.633,299.241,1.5,1.5
23.08.2021 00:11:41.138,299.618,299.257,1,1
23.08.2021 00:11:41.321,299.626,299.257,1,1
23.08.2021 00:11:41.525,299.626,299.257,1,1
23.08.2021 00:11:49.768,299.616,299.257,1,1
23.08.2021 00:11:49.967,299.607,299.257,1,1
23.08.2021 00:11:56.634,299.607,299.267,1,1
23.08.2021 00:12:02.542,299.607,299.267,1,1
23.08.2021 00:12:10.393,299.606,299.267,1.12,1
23.08.2021 00:12:29.233,299.606,299.267,1.5,1
23.08.2021 00:12:33.400,299.607,299.267,1,1
23.08.2021 00:12:56.601,299.608,299.267,1,1
23.08.2021 00:12:56.800,299.616,299.267,1,1
23.08.2021 00:13:00.790,299.626,299.267,1,1
23.08.2021 00:13:13.337,299.646,299.298,1,1
23.08.2021 00:13:18.985,299.646,299.298,1,1
23.08.2021 00:13:53.634,299.656,299.307,1,1
23.08.2021 00:13:54.384,299.666,299.307,1,1
23.08.2021 00:14:54.337,299.666,299.307,0.75,1
23.08.2021 00:15:00.236,299.666,299.307,0.87,1
23.08.2021 00:15:09.149,299.665,299.307,1,1
23.08.2021 00:15:09.299,299.666,299.307,1,1
23.08.2021 00:15:17.994,299.666,299.307,1,1
23.08.2021 00:15:21.292,299.666,299.307,1,1
23.08.2021 00:15:24.223,299.666,299.307,1,1
23.08.2021 00:15:29.387,299.66200000000003,299.307,1.5,1
23.08.2021 00:15:41.011,299.663,299.307,1.5,1
23.08.2021 00:15:42.948,299.663,299.307,1.5,1
23.08.2021 00:15:43.377,299.66,299.307,1.5,1
23.08.2021 00:15:49.342,299.633,299.307,1.5,1
23.08.2021 00:16:07.078,299.633,299.307,1.5,1
23.08.2021 00:16:10.284,299.633,299.307,1.5,1
23.08.2021 00:16:10.461,299.546,299.307,0.37,1
23.08.2021 00:16:10.688,299.616,299.307,1.5,1
23.08.2021 00:16:10.839,299.546,299.307,0.37,1
23.08.2021 00:16:11.091,299.635,299.295,1.5,1
23.08.2021 00:16:31.276,299.635,299.295,1.5,1
23.08.2021 00:16:41.051,299.635,299.295,1.5,1
23.08.2021 00:16:45.305,299.635,299.295,1.5,1
23.08.2021 00:17:05.806,299.634,299.268,1.5,1.5
23.08.2021 00:17:15.947,299.632,299.28400000000005,1.12,1.12
23.08.2021 00:17:16.089,299.632,299.28400000000005,1.12,1.12
23.08.2021 00:17:17.214,299.60400000000004,299.28400000000005,1,1.5
23.08.2021 00:17:17.560,299.583,299.28400000000005,1,1.12
23.08.2021 00:17:21.569,299.583,299.28400000000005,1,1.12
23.08.2021 00:17:39.786,299.613,299.28400000000005,1.5,1
23.08.2021 00:17:39.936,299.594,299.263,1.5,1.5
23.08.2021 00:17:40.037,299.594,299.263,1.5,1.5
23.08.2021 00:18:03.712,299.594,299.263,1.5,1
23.08.2021 00:18:06.524,299.594,299.263,1.5,1.5
23.08.2021 00:18:08.323,299.594,299.263,1.5,1.5
23.08.2021 00:18:10.593,299.565,299.263,1,1.5
23.08.2021 00:18:47.027,299.536,299.263,0.37,1.5
23.08.2021 00:19:15.201,299.59200000000004,299.263,1.5,1.5
23.08.2021 00:19:36.360,299.59200000000004,299.263,1.5,1.5
23.08.2021 00:19:37.046,299.59200000000004,299.23,1.5,1.75
23.08.2021 00:19:37.405,299.59200000000004,299.23,1.5,1.75
23.08.2021 00:19:38.886,299.59200000000004,299.23,1.5,1.75
23.08.2021 00:19:41.829,299.60200000000003,299.23,1.5,1.75
23.08.2021 00:20:26.530,299.60200000000003,299.23,1.5,1.75
23.08.2021 00:20:31.226,299.60200000000003,299.23,1.5,1.75
23.08.2021 00:20:32.540,299.60200000000003,299.23,1.5,1.75
23.08.2021 00:20:35.462,299.60200000000003,299.23,1.5,1.75
23.08.2021 00:20:44.045,299.59200000000004,299.23,1.5,1.75
23.08.2021 00:20:47.147,299.59200000000004,299.23,1.5,1.75
23.08.2021 00:21:03.374,299.61,299.23,1.5,1.75
23.08.2021 00:21:03.525,299.61,299.23,1.5,1.75
23.08.2021 00:21:15.449,299.61,299.23,1.5,1.75
23.08.2021 00:21:15.908,299.61,299.247,1.5,1.25
23.08.2021 00:22:00.621,299.516,299.23,0.37,1.25
23.08.2021 00:22:00.774,299.516,299.259,0.37,1
23.08.2021 00:22:01.691,299.59000000000003,299.259,1.5,1.5
23.08.2021 00:22:30.588,299.526,299.244,0.37,1.5
23.08.2021 00:23:09.387,299.526,299.244,0.37,1.5
23.08.2021 00:23:47.305,299.556,299.244,1,1.5
23.08.2021 00:24:04.387,299.589,299.244,1.5,1.5
23.08.2021 00:24:05.524,299.589,299.244,1.5,1.5
23.08.2021 00:24:50.869,299.589,299.235,1.5,1.5
23.08.2021 00:25:01.275,299.589,299.235,1.5,1.5
23.08.2021 00:25:13.337,299.588,299.235,1.5,1.5
23.08.2021 00:25:13.588,299.588,299.235,1.5,1.5
23.08.2021 00:25:48.276,299.588,299.235,1.5,1.5
23.08.2021 00:26:48.230,299.591,299.235,1,1
23.08.2021 00:26:48.281,299.591,299.235,1.5,1.5
23.08.2021 00:27:28.474,299.567,299.26099999999997,1,1.5
23.08.2021 00:27:29.395,299.594,299.249,1.5,1.5
23.08.2021 00:27:29.669,299.594,299.249,1.5,1.5
23.08.2021 00:27:29.868,299.594,299.249,1.5,1.5
23.08.2021 00:27:37.089,299.594,299.249,1.5,1.5
23.08.2021 00:27:38.100,299.594,299.249,1.5,1.5
23.08.2021 00:27:38.461,299.594,299.249,1.5,1.5
23.08.2021 00:27:41.255,299.613,299.249,1.5,1.75
23.08.2021 00:27:41.455,299.613,299.249,1.5,1.75
23.08.2021 00:27:45.979,299.613,299.249,1.5,1.75
23.08.2021 00:27:48.253,299.613,299.249,1.5,1.75
23.08.2021 00:27:48.882,299.613,299.249,1.5,1.75
23.08.2021 00:27:50.289,299.613,299.249,1.5,1.75
23.08.2021 00:27:52.320,299.613,299.249,1.5,1.75
23.08.2021 00:27:53.247,299.613,299.249,1.5,1.75
23.08.2021 00:28:09.071,299.613,299.249,1.5,1.75
23.08.2021 00:28:15.421,299.613,299.249,1.5,1.75
23.08.2021 00:28:42.118,299.618,299.249,1.5,1.75
23.08.2021 00:28:44.884,299.618,299.24,1.5,1.75
23.08.2021 00:29:03.543,299.583,299.253,1,1
23.08.2021 00:29:03.994,299.618,299.24,1.5,1.75
23.08.2021 00:29:05.335,299.59900000000005,299.24,1.5,1.75
23.08.2021 00:29:05.543,299.59900000000005,299.24,1.5,1.5
23.08.2021 00:29:42.054,299.579,299.24,1.12,1.5
23.08.2021 00:29:48.702,299.579,299.212,1.12,1.75
23.08.2021 00:29:55.136,299.561,299.212,1.5,1.5
23.08.2021 00:30:00.340,299.526,299.212,1,1.5
23.08.2021 00:30:00.492,299.526,299.212,1,1.5
23.08.2021 00:30:01.804,299.53400000000005,299.212,1,1.5
23.08.2021 00:30:15.709,299.561,299.212,1.5,1.5
23.08.2021 00:30:32.470,299.513,299.212,1,1
23.08.2021 00:30:32.628,299.519,299.212,1,1.5
23.08.2021 00:31:10.174,299.555,299.212,1.5,1.5
23.08.2021 00:31:10.376,299.555,299.212,1.5,1.5
23.08.2021 00:31:13.007,299.555,299.212,1.5,1.5
23.08.2021 00:31:18.558,299.555,299.212,1.5,1.5
23.08.2021 00:31:27.758,299.543,299.212,1,1.5
23.08.2021 00:31:28.380,299.575,299.237,1.5,1.5
23.08.2021 00:31:42.573,299.593,299.237,1.5,1.5
23.08.2021 00:31:52.534,299.564,299.237,1,1.5
23.08.2021 00:31:54.764,299.593,299.237,1.5,1.5
23.08.2021 00:32:04.764,299.607,299.237,1.5,1.75
23.08.2021 00:32:11.298,299.607,299.237,1.5,1.75
23.08.2021 00:32:12.329,299.607,299.265,1.5,1.5
23.08.2021 00:32:14.373,299.607,299.265,1.5,1.5
23.08.2021 00:32:15.461,299.607,299.265,1.5,1.5
23.08.2021 00:32:15.762,299.607,299.265,1.5,1.5
23.08.2021 00:32:33.505,299.57599999999996,299.265,1,1.5
23.08.2021 00:32:38.206,299.607,299.265,1.5,1.5
23.08.2021 00:32:38.394,299.607,299.265,1.5,1
23.08.2021 00:32:39.265,299.607,299.265,1.5,1
23.08.2021 00:32:39.417,299.607,299.265,1.5,1
23.08.2021 00:32:44.010,299.607,299.265,1.5,1.5
23.08.2021 00:32:47.096,299.607,299.265,1.5,1
23.08.2021 00:33:11.090,299.594,299.237,1.5,1.5
23.08.2021 00:33:13.284,299.594,299.237,1.5,1.5
23.08.2021 00:33:21.034,299.594,299.237,1.5,1.5
23.08.2021 00:33:45.595,299.536,299.237,0.37,1.5
23.08.2021 00:33:48.915,299.594,299.237,1.5,1.75
23.08.2021 00:33:54.592,299.612,299.265,1.5,1.5
23.08.2021 00:33:55.300,299.612,299.265,1.5,1.5
23.08.2021 00:33:56.708,299.612,299.265,1.5,1.5
23.08.2021 00:34:14.459,299.612,299.265,1.5,1.5
23.08.2021 00:34:21.539,299.585,299.265,1,1.5
23.08.2021 00:34:26.642,299.612,299.238,1.5,1.25
23.08.2021 00:35:04.492,299.556,299.23900000000003,0.37,1
23.08.2021 00:35:07.255,299.572,299.242,1,1
23.08.2021 00:35:21.850,299.607,299.233,1.5,1.75
23.08.2021 00:35:52.782,299.575,299.245,1,1
23.08.2021 00:35:53.363,299.589,299.26,1,1
23.08.2021 00:35:58.724,299.625,299.233,1.5,1.75
23.08.2021 00:36:03.282,299.625,299.226,1.5,1.75
23.08.2021 00:36:54.953,299.625,299.226,1.5,1.75
23.08.2021 00:37:07.987,299.618,299.22400000000005,1.5,1.25
23.08.2021 00:37:08.215,299.584,299.254,1,1
23.08.2021 00:37:08.420,299.582,299.253,1,1
23.08.2021 00:37:10.152,299.584,299.254,1,1
23.08.2021 00:37:28.306,299.618,299.223,1.5,1.75
23.08.2021 00:37:29.902,299.618,299.223,1.5,1.75
23.08.2021 00:37:30.721,299.618,299.223,1.5,1.75
23.08.2021 00:37:30.922,299.6,299.223,1.5,1.75
23.08.2021 00:37:39.301,299.563,299.233,1,1
23.08.2021 00:37:41.941,299.556,299.22700000000003,1,1
23.08.2021 00:37:42.190,299.559,299.23,1,1
23.08.2021 00:37:51.503,299.553,299.223,1,1
23.08.2021 00:37:51.704,299.558,299.228,1,1
23.08.2021 00:38:06.388,299.6,299.20099999999996,1.5,1.75
23.08.2021 00:38:15.196,299.6,299.20099999999996,1.5,1.75
23.08.2021 00:39:00.951,299.536,299.264,0.37,0.37
23.08.2021 00:39:01.402,299.596,299.197,1.5,2.25
23.08.2021 00:39:01.603,299.596,299.197,1.5,2.25
23.08.2021 00:39:03.100,299.577,299.178,1.75,1.75
23.08.2021 00:39:45.252,299.568,299.178,1.5,1.5
23.08.2021 00:39:55.521,299.496,299.178,0.37,1.75
23.08.2021 00:39:56.920,299.574,299.178,1.12,1.75
23.08.2021 00:40:14.526,299.567,299.168,1.75,1.75
23.08.2021 00:40:14.780,299.567,299.168,1.75,1.75
23.08.2021 00:40:26.767,299.567,299.175,1.5,1.75
23.08.2021 00:40:27.018,299.567,299.171,1.5,1.75
23.08.2021 00:40:34.218,299.567,299.168,1.75,1.75
23.08.2021 00:40:38.583,299.567,299.175,1.5,1.75
23.08.2021 00:40:51.910,299.567,299.17400000000004,1.5,1.75
23.08.2021 00:40:54.620,299.567,299.171,1.5,1.75
23.08.2021 00:41:02.878,299.567,299.17,1.5,1.25
23.08.2021 00:41:06.136,299.565,299.17,1.5,1.25
23.08.2021 00:41:18.551,299.579,299.22200000000004,1.12,1.25
23.08.2021 00:41:24.510,299.579,299.228,1.12,1.25
23.08.2021 00:41:30.360,299.579,299.185,1.12,1.75
23.08.2021 00:41:51.770,299.552,299.223,1,1
23.08.2021 00:41:52.088,299.552,299.223,1,1
23.08.2021 00:41:52.289,299.557,299.22700000000003,1,1
23.08.2021 00:41:58.345,299.56,299.168,1.12,1.25
23.08.2021 00:42:01.145,299.56,299.168,1.12,1.25
23.08.2021 00:42:08.700,299.54400000000004,299.168,1.12,1.25
23.08.2021 00:42:08.892,299.54400000000004,299.168,1.12,1.25
23.08.2021 00:42:27.087,299.54400000000004,299.168,1.12,1.25
23.08.2021 00:42:31.489,299.54400000000004,299.168,1.12,1.25
23.08.2021 00:42:36.329,299.56,299.168,1.12,1.25
23.08.2021 00:42:36.767,299.545,299.168,1.12,1.25
23.08.2021 00:43:07.747,299.541,299.23400000000004,1.12,0.37
23.08.2021 00:43:08.439,299.545,299.163,1.12,1.25
23.08.2021 00:43:08.894,299.545,299.163,1.12,1.25
23.08.2021 00:43:14.648,299.545,299.163,1.12,1.25
23.08.2021 00:43:24.424,299.54200000000003,299.148,1.12,1.25
23.08.2021 00:43:24.577,299.54200000000003,299.148,1.12,1.25
23.08.2021 00:43:25.093,299.476,299.214,0.37,0.37
23.08.2021 00:43:26.109,299.54200000000003,299.148,1.12,1.25
23.08.2021 00:43:26.373,299.54200000000003,299.148,1.12,1.25
23.08.2021 00:43:29.557,299.52500000000003,299.148,1.12,1.25
23.08.2021 00:43:30.106,299.523,299.133,1.12,1.25
23.08.2021 00:43:53.258,299.523,299.133,1.12,1.25
23.08.2021 00:43:53.386,299.523,299.158,1.12,1.25
23.08.2021 00:43:53.565,299.523,299.158,1.12,1.25
23.08.2021 00:43:55.331,299.523,299.15700000000004,1.12,1.25
23.08.2021 00:44:02.853,299.523,299.133,1.12,1.25
23.08.2021 00:44:06.446,299.52,299.133,1.5,1.25
23.08.2021 00:44:07.588,299.523,299.133,1.12,1.25
23.08.2021 00:44:33.349,299.44599999999997,299.184,0.37,0.37
23.08.2021 00:44:34.512,299.506,299.11400000000003,1.12,1.12
23.08.2021 00:44:44.591,299.505,299.11400000000003,1.25,1.25
23.08.2021 00:44:47.645,299.505,299.11400000000003,1.25,1.25
23.08.2021 00:44:48.939,299.503,299.11400000000003,1.75,1.25
23.08.2021 00:45:11.010,299.5,299.11400000000003,1.75,1.12
23.08.2021 00:45:15.149,299.5,299.11400000000003,1.75,1.12
23.08.2021 00:45:22.989,299.486,299.103,1.25,1.25
23.08.2021 00:45:23.142,299.486,299.095,1.25,1.25
23.08.2021 00:45:23.701,299.486,299.095,1.25,1.25
23.08.2021 00:45:54.389,299.486,299.095,1.75,1.12
23.08.2021 00:46:06.346,299.469,299.094,1.25,1.25
23.08.2021 00:46:06.504,299.46700000000004,299.08,1.25,1.25
23.08.2021 00:46:34.916,299.433,299.10400000000004,1,1
23.08.2021 00:46:35.404,299.42400000000004,299.095,1,1
23.08.2021 00:46:50.038,299.448,299.068,1.25,1.25
23.08.2021 00:46:50.198,299.448,299.062,1.25,1.25
23.08.2021 00:46:51.234,299.448,299.089,1.25,1.25
23.08.2021 00:46:51.637,299.448,299.088,1.25,1.25
23.08.2021 00:47:16.116,299.448,299.062,1.25,1.25
23.08.2021 00:47:16.274,299.448,299.062,1.25,1.25
23.08.2021 00:47:21.075,299.42900000000003,299.04400000000004,1.25,1.25
23.08.2021 00:47:44.009,299.42900000000003,299.04400000000004,1.25,1.25
23.08.2021 00:47:50.638,299.42900000000003,299.04400000000004,1.25,1.25
23.08.2021 00:47:54.424,299.42900000000003,299.04400000000004,1.25,1.25
23.08.2021 00:47:58.533,299.42900000000003,299.04400000000004,1.25,1.25
23.08.2021 00:48:06.154,299.42900000000003,299.07599999999996,1.25,1.25
23.08.2021 00:48:24.418,299.435,299.046,1.75,1.75
23.08.2021 00:48:31.637,299.435,299.046,1.75,1.75
23.08.2021 00:48:35.232,299.434,299.046,1.75,1.75
23.08.2021 00:48:36.921,299.435,299.046,1.75,1.75
23.08.2021 00:48:46.204,299.435,299.046,1.75,1.75
23.08.2021 00:48:46.254,299.435,299.046,1.75,1.75
23.08.2021 00:48:49.110,299.435,299.046,1.75,1.75
23.08.2021 00:48:59.051,299.43,299.046,1.75,1.75
23.08.2021 00:49:00.595,299.418,299.028,1.75,1.75
23.08.2021 00:49:02.863,299.418,299.028,1.75,1.75
23.08.2021 00:49:17.640,299.418,299.047,1.75,1.25
23.08.2021 00:49:21.509,299.415,299.028,1.75,1.75
23.08.2021 00:49:43.164,299.418,299.028,1.75,1.75
23.08.2021 00:49:43.365,299.418,299.028,1.75,1.75
23.08.2021 00:49:43.863,299.418,299.028,1.75,1.75
23.08.2021 00:50:43.867,299.366,299.094,0.37,0.37
23.08.2021 00:50:46.953,299.42400000000004,299.035,1.75,1.75
23.08.2021 00:50:47.225,299.42400000000004,299.035,1.75,1.75
23.08.2021 00:50:54.938,299.427,299.053,1.25,1.75
23.08.2021 00:50:55.376,299.442,299.053,1.75,1.75
23.08.2021 00:50:55.567,299.423,299.045,1.75,1.25
23.08.2021 00:50:58.889,299.423,299.045,1.75,1.25
23.08.2021 00:51:53.696,299.423,299.045,1.75,1.25
23.08.2021 00:52:14.351,299.431,299.045,1.75,1.25
23.08.2021 00:52:19.141,299.389,299.06,1,1
23.08.2021 00:52:36.942,299.431,299.045,1.75,1.25
23.08.2021 00:52:37.192,299.431,299.045,1.75,1.25
23.08.2021 00:52:37.393,299.431,299.045,1.75,1.25
23.08.2021 00:52:44.706,299.431,299.047,1.75,1.75
23.08.2021 00:52:50.454,299.431,299.04900000000004,1.25,1.75
23.08.2021 00:52:50.605,299.462,299.028,1.75,1.7
23.08.2021 00:53:01.416,299.464,299.028,1.5,1.7
23.08.2021 00:53:04.794,299.464,299.028,1.5,1.7
23.08.2021 00:53:17.142,299.462,299.028,1.75,1.7
23.08.2021 00:53:31.277,299.463,299.028,1.5,1.7
23.08.2021 00:53:33.948,299.47700000000003,299.028,2.19,1.7
23.08.2021 00:53:36.738,299.47700000000003,299.028,2.19,1.7
23.08.2021 00:53:37.572,299.47700000000003,299.028,2.19,1.7
23.08.2021 00:53:44.333,299.47700000000003,299.028,2.19,1.7
23.08.2021 00:53:50.441,299.48,299.038,1.5,1.7
23.08.2021 00:53:52.143,299.481,299.038,1.75,1.7
23.08.2021 00:54:01.242,299.481,299.038,1.75,1.7
23.08.2021 00:54:18.042,299.473,299.028,1.7,1.7
23.08.2021 00:54:18.242,299.473,299.028,1.7,1.7
23.08.2021 00:54:23.222,299.473,299.028,1.7,1.7
23.08.2021 00:54:27.455,299.463,299.008,1.7,1
23.08.2021 00:54:27.909,299.461,299.008,2,1
23.08.2021 00:54:31.270,299.461,299.008,2.19,1
23.08.2021 00:54:31.470,299.461,299.008,2.19,1
23.08.2021 00:54:33.091,299.461,299.008,2.19,1
23.08.2021 00:54:34.727,299.461,299.008,2.19,1
23.08.2021 00:54:36.541,299.459,299.008,1.75,1.7
23.08.2021 00:54:40.442,299.459,299.008,1.75,1.7
23.08.2021 00:54:41.294,299.459,299.008,1.75,1.7
23.08.2021 00:54:41.700,299.459,299.008,1.75,1.7
23.08.2021 00:54:42.667,299.459,299.008,1.75,1.7
23.08.2021 00:54:42.868,299.459,299.008,1.75,1.7
23.08.2021 00:54:44.374,299.459,299.008,1.75,1.7
23.08.2021 00:54:44.935,299.459,299.008,1.75,1.7
23.08.2021 00:54:48.220,299.459,299.008,1.75,1.7
23.08.2021 00:54:48.615,299.457,299.008,1.75,1.7
23.08.2021 00:54:50.506,299.457,299.008,1.5,1.7
23.08.2021 00:54:50.593,299.457,299.008,1.5,1.7
23.08.2021 00:54:50.795,299.457,299.008,1.5,1.7
23.08.2021 00:54:52.435,299.457,299.008,1.5,1.7
23.08.2021 00:54:54.660,299.457,299.008,1.5,1.7
23.08.2021 00:54:57.296,299.457,299.008,1.5,1.7
23.08.2021 00:54:57.948,299.457,299.008,1.5,1.7
23.08.2021 00:54:59.271,299.457,299.008,1.5,1.7
23.08.2021 00:54:59.932,299.457,299.008,1.5,1.7
23.08.2021 00:55:00.052,299.457,299.008,1.5,1.7
23.08.2021 00:55:00.546,299.461,299.008,2.19,1.7
23.08.2021 00:55:00.777,299.461,299.064,2.19,0.37
23.08.2021 00:55:00.928,299.483,299.035,1.5,1.6
23.08.2021 00:55:00.978,299.483,299.035,2.07,1.5
23.08.2021 00:55:01.029,299.483,299.035,2.19,1.75
23.08.2021 00:55:11.143,299.47200000000004,299.08,1.75,1.5
23.08.2021 00:55:16.380,299.47200000000004,299.08,1.75,1.5
23.08.2021 00:55:17.373,299.47200000000004,299.08,1.5,1.75
23.08.2021 00:55:35.288,299.49,299.096,1.5,1.75
23.08.2021 00:55:47.938,299.49,299.096,1.75,1.75
23.08.2021 00:55:54.178,299.459,299.13,1,1
23.08.2021 00:55:54.379,299.455,299.126,1,1
23.08.2021 00:56:00.284,299.494,299.116,1.25,1.5
23.08.2021 00:56:45.732,299.48900000000003,299.116,1.12,1.5
23.08.2021 00:56:59.298,299.488,299.116,1.5,1.5
23.08.2021 00:56:59.500,299.488,299.116,1.5,1.5
23.08.2021 00:57:02.076,299.481,299.10400000000004,1.5,1.5
23.08.2021 00:57:02.277,299.48900000000003,299.10400000000004,1.12,1.5
23.08.2021 00:57:05.481,299.48900000000003,299.10400000000004,1.12,1.5
23.08.2021 00:57:18.362,299.48900000000003,299.154,1.12,0.69
23.08.2021 00:57:20.908,299.486,299.15700000000004,1,1
23.08.2021 00:57:44.217,299.492,299.163,1,1
23.08.2021 00:57:44.541,299.494,299.16400000000004,1,1
23.08.2021 00:57:52.398,299.501,299.141,1,1.5
23.08.2021 00:57:52.559,299.52,299.141,1.25,1.5
23.08.2021 00:57:56.521,299.504,299.175,1,1
23.08.2021 00:58:02.089,299.503,299.17400000000004,1,1
23.08.2021 00:58:03.681,299.502,299.141,1.25,1.75
23.08.2021 00:58:11.375,299.5,299.141,1.25,1.75
23.08.2021 00:58:11.607,299.494,299.141,1.25,1.5
23.08.2021 00:58:11.828,299.494,299.141,1.25,1.5
23.08.2021 00:58:12.299,299.497,299.141,1.25,1.5
23.08.2021 00:58:12.500,299.493,299.141,1.25,1.5
23.08.2021 00:58:21.476,299.5,299.113,1.75,1.25
23.08.2021 00:58:21.637,299.493,299.113,1.75,1.25
23.08.2021 00:58:38.886,299.493,299.113,1.75,1.25
23.08.2021 00:58:39.239,299.493,299.113,1.75,1.25
23.08.2021 00:58:39.572,299.416,299.113,0.37,1.25
23.08.2021 00:58:40.196,299.426,299.154,0.37,0.37
23.08.2021 00:58:54.390,299.416,299.154,0.37,0.37
23.08.2021 00:59:00.851,299.426,299.154,0.37,0.37
23.08.2021 00:59:11.434,299.426,299.16400000000004,0.37,0.37
23.08.2021 00:59:11.915,299.453,299.09900000000005,1.5,1
23.08.2021 00:59:12.086,299.443,299.07599999999996,1.5,1.5
23.08.2021 00:59:14.147,299.443,299.124,1.2,0.37
23.08.2021 00:59:14.841,299.443,299.124,1.7,0.37
23.08.2021 00:59:17.830,299.443,299.124,1.2,0.37
23.08.2021 00:59:18.957,299.443,299.124,1.7,0.37
23.08.2021 00:59:22.451,299.428,299.124,1,0.37
23.08.2021 00:59:22.502,299.439,299.124,1.5,0.37
23.08.2021 00:59:23.963,299.439,299.124,1.5,0.37
23.08.2021 00:59:26.093,299.439,299.068,1.5,1.5
23.08.2021 00:59:31.263,299.439,299.068,1.5,1.7
23.08.2021 00:59:36.456,299.423,299.068,1.7,1.7
23.08.2021 00:59:53.114,299.423,299.068,1.5,1.7
23.08.2021 00:59:54.059,299.366,299.068,0.37,1.7
23.08.2021 01:00:03.868,299.366,299.068,0.37,1.7
23.08.2021 01:00:04.095,299.356,299.068,0.37,1.7
23.08.2021 01:00:04.281,299.356,299.048,0.37,1.7
23.08.2021 01:00:05.599,299.356,299.048,0.37,1.5
23.08.2021 01:00:05.800,299.346,299.048,0.37,1.7
23.08.2021 01:00:06.229,299.336,299.038,0.37,1.7
23.08.2021 01:00:06.589,299.336,299.038,0.37,1.7
23.08.2021 01:00:11.033,299.32599999999996,299.038,0.37,1.7
23.08.2021 01:00:12.336,299.336,299.038,0.37,1.7
23.08.2021 01:00:31.817,299.371,299.041,1,1
23.08.2021 01:00:32.220,299.375,299.046,1,1
23.08.2021 01:00:50.323,299.393,299.055,1.95,1.25
23.08.2021 01:00:51.953,299.393,299.055,1.95,1.25
23.08.2021 01:01:00.157,299.393,299.038,1.75,1.75
23.08.2021 01:01:00.358,299.41,299.058,1.75,1.7
23.08.2021 01:01:02.151,299.41,299.058,1.75,1.59
23.08.2021 01:01:02.359,299.403,299.048,1.75,1.95
23.08.2021 01:01:13.081,299.403,299.048,1.75,1.7
23.08.2021 01:01:14.687,299.403,299.048,2.25,1.7
23.08.2021 01:01:14.988,299.403,299.048,2.25,1.7
23.08.2021 01:01:19.595,299.393,299.028,1.75,1.95
23.08.2021 01:01:23.945,299.393,299.028,1.75,1.95
23.08.2021 01:01:28.270,299.393,299.028,1.75,1.95
23.08.2021 01:01:31.690,299.393,299.028,1.75,1.95
23.08.2021 01:01:31.865,299.373,299.02,1.75,1.75
23.08.2021 01:01:33.384,299.373,299.02,1.75,1.75
23.08.2021 01:01:34.993,299.373,299.018,1.95,1.75
23.08.2021 01:01:37.166,299.373,299.018,1.75,1.95
23.08.2021 01:01:43.490,299.373,299.018,1.75,1.95
23.08.2021 01:01:45.634,299.373,299.018,1.75,1.95
23.08.2021 01:01:46.593,299.373,299.028,1.75,1.25
23.08.2021 01:01:49.225,299.373,299.02500000000003,1.75,1.25
23.08.2021 01:01:53.172,299.373,299.018,1.75,1.95
23.08.2021 01:01:53.667,299.373,299.018,1.75,1.95
23.08.2021 01:01:57.843,299.381,299.018,1.75,1.95
23.08.2021 01:02:01.078,299.316,299.008,0.37,1.5
23.08.2021 01:02:02.387,299.373,299.008,1.75,1.75
23.08.2021 01:02:02.619,299.381,299.028,1.75,1.7
23.08.2021 01:02:09.035,299.381,299.028,1.75,1.95
23.08.2021 01:02:09.255,299.383,299.028,1.75,1.95
23.08.2021 01:02:11.662,299.38599999999997,299.048,1.25,1.59
23.08.2021 01:02:18.249,299.40000000000003,299.048,1.75,1.95
23.08.2021 01:02:18.725,299.403,299.057,1.75,1.25
23.08.2021 01:02:19.623,299.403,299.048,1.75,1.95
23.08.2021 01:02:23.816,299.403,299.048,1.75,1.95
23.08.2021 01:02:25.947,299.403,299.048,1.75,1.95
23.08.2021 01:02:26.149,299.418,299.058,1.75,1.95
23.08.2021 01:02:29.083,299.418,299.058,1.75,1.95
23.08.2021 01:02:31.405,299.418,299.058,1.75,1.95
23.08.2021 01:02:31.610,299.423,299.078,1.75,1.7
23.08.2021 01:02:33.036,299.42400000000004,299.078,1.25,1.7
23.08.2021 01:02:38.379,299.433,299.078,1.75,1.95
23.08.2021 01:02:42.449,299.433,299.078,1.75,1.95
23.08.2021 01:02:47.615,299.433,299.078,1.75,1.59
23.08.2021 01:02:47.837,299.423,299.058,1.75,1.75
23.08.2021 01:03:11.052,299.366,299.058,0.37,1.7
23.08.2021 01:03:13.229,299.423,299.058,1.75,1.95
23.08.2021 01:03:13.528,299.423,299.058,1.75,1.95
23.08.2021 01:03:15.572,299.423,299.058,1.75,1.95
23.08.2021 01:03:15.771,299.423,299.058,1.75,1.95
23.08.2021 01:03:18.076,299.423,299.058,1.75,1.95
23.08.2021 01:03:20.528,299.423,299.058,1.75,1.95
23.08.2021 01:03:20.740,299.403,299.048,1.75,1.95
23.08.2021 01:03:32.924,299.403,299.048,1.75,1.59
23.08.2021 01:03:35.615,299.393,299.028,1.75,1.95
23.08.2021 01:03:39.024,299.393,299.028,1.75,1.95
23.08.2021 01:03:39.561,299.393,299.028,1.75,1.95
23.08.2021 01:03:49.612,299.393,299.028,1.75,1.95
23.08.2021 01:04:05.445,299.393,299.028,1.75,1.75
23.08.2021 01:04:06.601,299.393,299.028,1.75,1.75
23.08.2021 01:04:14.777,299.393,299.028,1.75,1.75
23.08.2021 01:04:14.996,299.393,299.028,1.75,1.75
23.08.2021 01:04:16.081,299.393,299.028,1.75,1.75
23.08.2021 01:04:16.365,299.40000000000003,299.048,1.75,1.59
23.08.2021 01:04:26.217,299.403,299.048,1.75,1.95
23.08.2021 01:04:28.448,299.403,299.048,1.75,1.95
23.08.2021 01:04:28.872,299.403,299.048,1.75,1.95
23.08.2021 01:04:29.074,299.403,299.048,1.75,1.95
23.08.2021 01:04:38.747,299.403,299.048,1.75,1.95
23.08.2021 01:04:38.949,299.403,299.048,1.75,1.7
23.08.2021 01:04:58.312,299.393,299.028,1.75,1.95
23.08.2021 01:04:58.548,299.373,299.018,1.75,1.95
23.08.2021 01:04:58.718,299.373,299.018,1.75,1.95
23.08.2021 01:05:06.860,299.373,299.018,1.75,1.95
23.08.2021 01:05:28.179,299.373,299.018,1.75,1.95
23.08.2021 01:05:30.096,299.373,299.018,1.75,1.95
23.08.2021 01:05:34.358,299.373,299.018,1.75,1.7
23.08.2021 01:05:38.777,299.373,299.018,1.75,1.95
23.08.2021 01:05:39.203,299.373,299.018,1.75,1.95
23.08.2021 01:05:39.610,299.388,299.028,1.25,1.95
23.08.2021 01:05:46.925,299.388,299.028,1.25,1.95
23.08.2021 01:05:47.479,299.388,299.028,1.25,1.95
23.08.2021 01:05:47.681,299.373,299.018,1.75,1.75
23.08.2021 01:06:02.352,299.373,299.018,1.75,1.95
23.08.2021 01:06:10.495,299.373,299.018,1.75,1.59
23.08.2021 01:06:14.540,299.37,299.018,1.75,1.7
23.08.2021 01:06:15.653,299.363,298.998,1.75,1.75
23.08.2021 01:06:16.685,299.367,298.998,1.85,1.59
23.08.2021 01:06:29.620,299.343,298.988,1.75,1.95
23.08.2021 01:06:30.452,299.343,298.988,1.75,1.59
23.08.2021 01:06:33.371,299.343,298.988,1.75,1.7
23.08.2021 01:06:33.571,299.343,298.988,1.75,1.95
23.08.2021 01:06:33.975,299.343,298.988,1.75,1.7
23.08.2021 01:06:34.598,299.343,298.988,1.75,1.59
23.08.2021 01:06:34.787,299.343,298.988,1.75,1.7
23.08.2021 01:06:35.057,299.343,298.988,1.75,1.95
23.08.2021 01:06:36.090,299.343,298.988,1.75,1.7
23.08.2021 01:06:36.292,299.343,298.988,1.75,1.95
23.08.2021 01:06:36.535,299.343,298.988,1.75,1.95
23.08.2021 01:06:38.894,299.343,298.988,1.75,1.95
23.08.2021 01:06:39.564,299.343,298.988,1.75,1.95
23.08.2021 01:06:39.885,299.343,298.988,1.75,1.59
23.08.2021 01:06:40.242,299.343,298.988,1.75,1.7
23.08.2021 01:06:42.140,299.333,298.968,1.75,1.75
23.08.2021 01:06:43.719,299.333,298.968,1.75,1.95
23.08.2021 01:06:43.920,299.32599999999996,298.968,1.75,1.95
23.08.2021 01:06:44.130,299.32599999999996,298.968,1.75,1.7
23.08.2021 01:06:45.863,299.313,298.958,1.75,1.95
23.08.2021 01:06:46.027,299.313,298.958,1.75,1.95
23.08.2021 01:06:48.709,299.313,298.958,1.75,1.95
23.08.2021 01:06:50.591,299.313,298.958,1.75,1.95
23.08.2021 01:06:55.089,299.313,298.958,1.75,1.7
23.08.2021 01:06:55.913,299.313,298.958,1.75,1.7
23.08.2021 01:06:56.114,299.313,298.958,1.75,1.7
23.08.2021 01:06:58.592,299.313,298.958,1.75,1.7
23.08.2021 01:07:04.482,299.309,298.958,1.75,1.95
23.08.2021 01:07:04.655,299.303,298.95,1.75,2.62
23.08.2021 01:07:12.370,299.303,298.948,1.75,1.95
23.08.2021 01:07:14.588,299.303,298.948,1.75,1.7
23.08.2021 01:07:15.440,299.303,298.948,1.5,1.7
23.08.2021 01:07:16.377,299.309,298.958,1.75,1.95
23.08.2021 01:07:18.903,299.309,298.958,1.75,1.95
23.08.2021 01:07:24.474,299.303,298.959,1.75,1.25
23.08.2021 01:07:26.906,299.303,298.948,1.75,1.95
23.08.2021 01:07:28.940,299.303,298.948,1.75,1.59
23.08.2021 01:07:29.470,299.303,298.948,1.75,1.7
23.08.2021 01:07:34.125,299.293,298.931,1.75,2.62
23.08.2021 01:07:37.388,299.293,298.931,1.75,2.62
23.08.2021 01:07:37.675,299.293,298.931,1.75,2.62
23.08.2021 01:07:40.212,299.293,298.92900000000003,1.75,1.75
23.08.2021 01:07:41.070,299.293,298.92900000000003,1.75,1.75
23.08.2021 01:08:02.553,299.296,298.948,1.75,1.7
23.08.2021 01:08:02.753,299.303,298.948,1.75,1.95
23.08.2021 01:08:05.418,299.308,298.958,1.87,1.95
23.08.2021 01:08:06.843,299.308,298.958,1.87,1.95
23.08.2021 01:08:09.707,299.308,298.958,1.75,1.95
23.08.2021 01:08:24.761,299.308,298.958,1.75,1.95
23.08.2021 01:08:29.910,299.319,298.958,1.75,1.75
23.08.2021 01:08:30.327,299.319,298.958,1.75,1.95
23.08.2021 01:09:04.038,299.32099999999997,298.958,1.75,1.95
23.08.2021 01:09:04.183,299.32099999999997,298.958,1.75,1.95
23.08.2021 01:09:15.170,299.32099999999997,298.95,1.75,1.75
23.08.2021 01:09:21.595,299.32099999999997,298.952,1.75,1.95
23.08.2021 01:09:21.795,299.32099999999997,298.95,1.75,2.62
23.08.2021 01:09:24.413,299.32099999999997,298.95,1.75,2.62
23.08.2021 01:09:28.852,299.32599999999996,298.978,1.75,1.7
23.08.2021 01:09:34.392,299.327,298.978,1.25,1.95
23.08.2021 01:09:36.178,299.327,298.978,1.25,1.95
23.08.2021 01:09:36.580,299.327,298.978,1.25,1.7
23.08.2021 01:09:37.504,299.327,298.978,1.25,1.7
23.08.2021 01:09:41.954,299.327,298.978,1.25,1.7
23.08.2021 01:09:48.116,299.327,298.978,1.25,1.7
23.08.2021 01:09:48.318,299.302,298.97200000000004,1,1
23.08.2021 01:10:31.093,299.313,298.958,1.75,1.95
23.08.2021 01:10:31.979,299.313,298.958,1.75,1.95
23.08.2021 01:10:36.374,299.32,298.968,1.25,1.95
23.08.2021 01:10:36.576,299.313,298.968,1.75,1.59
23.08.2021 01:10:39.503,299.32,298.968,1.25,1.95
23.08.2021 01:10:48.291,299.333,298.968,1.75,1.75
23.08.2021 01:11:04.363,299.333,298.968,1.75,1.75
23.08.2021 01:11:04.566,299.333,298.968,1.75,1.75
23.08.2021 01:11:26.504,299.333,298.968,1.75,1.75
23.08.2021 01:11:26.705,299.333,298.968,1.75,1.95
23.08.2021 01:11:31.593,299.333,298.968,1.75,1.75
23.08.2021 01:11:31.830,299.313,298.958,1.75,1.95
23.08.2021 01:11:55.758,299.313,298.958,1.75,1.95
23.08.2021 01:11:55.959,299.313,298.958,1.75,1.95
23.08.2021 01:11:56.556,299.313,298.958,1.75,1.95
23.08.2021 01:11:58.293,299.313,298.958,1.75,1.95
23.08.2021 01:12:04.238,299.313,298.958,1.75,1.95
23.08.2021 01:12:04.466,299.312,298.932,1.75,1.75
23.08.2021 01:12:21.806,299.312,298.958,1.75,1.7
23.08.2021 01:12:41.980,299.312,298.958,1.75,1.95
23.08.2021 01:12:42.184,299.312,298.958,1.75,1.95
23.08.2021 01:12:43.682,299.331,298.978,1.75,1.7
23.08.2021 01:12:44.597,299.331,298.978,1.75,1.95
23.08.2021 01:12:49.491,299.331,298.978,1.75,1.95
23.08.2021 01:12:49.906,299.331,298.978,1.75,1.95
23.08.2021 01:12:55.437,299.331,298.978,1.75,1.95
23.08.2021 01:12:56.358,299.331,298.978,1.75,1.95
23.08.2021 01:12:57.664,299.331,298.978,1.75,1.95
23.08.2021 01:12:58.238,299.331,298.978,1.75,1.95
23.08.2021 01:12:59.457,299.331,298.978,1.75,1.95
23.08.2021 01:12:59.722,299.331,298.978,1.75,1.95
23.08.2021 01:13:20.780,299.331,298.978,1.75,1.95
23.08.2021 01:13:21.965,299.331,298.978,1.75,1.95
23.08.2021 01:13:32.303,299.331,298.978,1.75,1.95
23.08.2021 01:13:33.769,299.331,298.978,1.75,1.95
23.08.2021 01:13:44.666,299.323,298.968,1.75,1.95
23.08.2021 01:13:44.868,299.332,298.978,1.25,1.95
23.08.2021 01:14:01.369,299.332,298.978,1.25,1.95
23.08.2021 01:14:01.540,299.323,298.968,1.75,1.75
23.08.2021 01:14:10.557,299.323,298.968,1.75,1.95
23.08.2021 01:14:10.758,299.323,298.968,1.75,1.95
23.08.2021 01:14:11.526,299.256,298.968,0.37,1.7
23.08.2021 01:14:11.932,299.323,298.968,1.75,1.7
23.08.2021 01:14:15.085,299.323,298.968,1.75,1.7
23.08.2021 01:14:15.289,299.323,298.968,1.75,1.95
23.08.2021 01:14:38.000,299.323,298.968,1.75,1.95
23.08.2021 01:14:39.041,299.323,298.968,1.75,1.95
23.08.2021 01:14:40.301,299.323,298.968,1.75,1.95
23.08.2021 01:14:43.274,299.323,298.968,1.75,1.95
23.08.2021 01:14:46.645,299.323,298.968,1.75,1.7
23.08.2021 01:14:46.846,299.323,298.968,1.75,1.59
23.08.2021 01:14:48.974,299.323,298.968,1.75,1.95
23.08.2021 01:14:55.881,299.323,298.968,1.75,1.75
23.08.2021 01:14:58.589,299.334,298.978,1.75,1.95
23.08.2021 01:14:58.805,299.323,298.968,1.75,1.95
23.08.2021 01:15:10.712,299.323,298.975,1.75,1.25
23.08.2021 01:15:10.873,299.323,298.975,1.75,1.25
23.08.2021 01:15:11.086,299.323,298.97200000000004,1.75,1.25
23.08.2021 01:15:12.597,299.323,298.968,1.75,1.95
23.08.2021 01:15:12.849,299.333,298.949,1.75,1.85
23.08.2021 01:15:13.010,299.333,298.949,1.75,1.85
23.08.2021 01:15:15.645,299.333,298.949,1.75,1.85
23.08.2021 01:15:17.941,299.333,298.949,1.75,1.85
23.08.2021 01:15:18.042,299.323,298.968,1.75,1.95
23.08.2021 01:15:18.243,299.319,298.933,1.75,1.85
23.08.2021 01:15:37.430,299.313,298.933,1.75,1.85
23.08.2021 01:15:40.285,299.313,298.933,1.75,1.85
23.08.2021 01:15:41.081,299.319,298.934,1.75,1.75
23.08.2021 01:15:41.517,299.319,298.933,1.75,1.85
23.08.2021 01:15:56.838,299.313,298.958,1.75,1.95
23.08.2021 01:15:57.662,299.313,298.958,1.95,1.75
23.08.2021 01:15:58.262,299.313,298.958,1.95,1.75
23.08.2021 01:16:00.731,299.313,298.958,1.75,1.95
23.08.2021 01:16:00.957,299.256,298.958,0.37,1.7
23.08.2021 01:16:12.560,299.313,298.958,1.75,1.95
23.08.2021 01:16:16.293,299.313,298.958,1.75,1.7
23.08.2021 01:16:20.110,299.3,298.958,1.87,1.95
23.08.2021 01:16:42.737,299.308,298.933,1.25,1.75
23.08.2021 01:16:45.026,299.308,298.933,1.25,1.75
23.08.2021 01:16:46.427,299.319,298.942,1.75,1.75
23.08.2021 01:16:46.869,299.319,298.942,1.75,1.75
23.08.2021 01:16:54.960,299.322,298.968,1.75,1.95
23.08.2021 01:16:55.061,299.32599999999996,298.968,1.25,1.75
23.08.2021 01:16:55.222,299.32599999999996,298.968,1.25,1.75
23.08.2021 01:17:01.854,299.32599999999996,298.968,1.25,1.75
23.08.2021 01:17:02.056,299.32599999999996,298.968,1.25,1.75
23.08.2021 01:17:11.759,299.323,298.968,1.75,1.95
23.08.2021 01:17:15.546,299.323,298.968,1.75,1.95
23.08.2021 01:17:26.471,299.323,298.968,1.75,1.95
23.08.2021 01:17:36.033,299.323,298.968,1.75,1.95
23.08.2021 01:17:49.572,299.323,298.968,1.75,1.95
23.08.2021 01:17:49.824,299.303,298.948,1.75,1.75
23.08.2021 01:17:49.977,299.303,298.948,1.75,1.75
23.08.2021 01:19:16.474,299.246,298.948,0.37,1.7
23.08.2021 01:19:19.391,299.303,298.948,1.75,1.7
23.08.2021 01:19:25.903,299.297,298.948,1.75,1.7
23.08.2021 01:19:38.451,299.303,298.948,1.75,1.7
23.08.2021 01:19:39.845,299.303,298.948,1.75,1.75
23.08.2021 01:19:40.207,299.303,298.948,1.75,1.95
23.08.2021 01:19:53.641,299.303,298.948,1.75,1.59
23.08.2021 01:19:54.788,299.303,298.948,1.75,1.7
23.08.2021 01:20:16.116,299.303,298.948,1.75,1.59
23.08.2021 01:20:18.641,299.306,298.942,1.25,1.95
23.08.2021 01:20:18.842,299.306,298.942,1.25,1.95
23.08.2021 01:20:21.168,299.306,298.922,1.25,1.75
23.08.2021 01:20:33.843,299.296,298.942,1.75,1.95
23.08.2021 01:20:36.134,299.296,298.923,1.75,1.87
23.08.2021 01:20:57.998,299.226,298.942,0.37,1.95
23.08.2021 01:20:59.380,299.28900000000004,298.942,1.75,1.7
23.08.2021 01:20:59.581,299.283,298.928,1.75,1.7
23.08.2021 01:21:00.275,299.283,298.928,1.75,1.7
23.08.2021 01:21:05.710,299.283,298.928,1.75,1.7
23.08.2021 01:21:06.234,299.283,298.928,1.75,1.7
23.08.2021 01:21:06.437,299.216,298.928,0.37,1.95
23.08.2021 01:21:16.237,299.283,298.928,1.75,1.7
23.08.2021 01:21:16.639,299.283,298.928,1.75,1.95
23.08.2021 01:21:26.566,299.283,298.928,1.75,1.7
23.08.2021 01:21:26.862,299.216,298.928,0.37,1.75
23.08.2021 01:21:31.809,299.283,298.928,1.75,1.7
23.08.2021 01:21:36.909,299.283,298.928,1.75,1.7
23.08.2021 01:21:37.073,299.283,298.928,1.75,1.7
23.08.2021 01:21:51.671,299.283,298.928,1.75,1.7
23.08.2021 01:21:57.638,299.283,298.928,1.75,1.75
23.08.2021 01:22:32.499,299.28700000000003,298.90900000000005,1.75,1.75
23.08.2021 01:22:33.791,299.28700000000003,298.90900000000005,1.75,1.75
23.08.2021 01:22:34.005,299.28700000000003,298.90900000000005,1.75,1.75
23.08.2021 01:22:52.593,299.28700000000003,298.90900000000005,1.75,1.75
23.08.2021 01:22:56.198,299.273,298.918,1.75,1.95
23.08.2021 01:22:56.399,299.266,298.908,1.75,1.75
23.08.2021 01:22:56.573,299.266,298.889,2.25,1.75
23.08.2021 01:22:58.793,299.263,298.908,1.75,1.95
23.08.2021 01:22:59.053,299.263,298.908,1.75,1.59
23.08.2021 01:23:00.332,299.25,298.888,1.75,1.75
23.08.2021 01:23:00.732,299.25,298.871,2.25,1.75
23.08.2021 01:23:00.905,299.25,298.871,2.25,1.75
23.08.2021 01:23:02.933,299.231,298.878,1.75,1.95
23.08.2021 01:23:07.852,299.231,298.878,1.75,1.95
23.08.2021 01:23:08.053,299.231,298.878,1.75,1.95
23.08.2021 01:23:11.721,299.21500000000003,298.874,1.75,1.25
23.08.2021 01:23:11.973,299.21500000000003,298.865,1.75,1.25
23.08.2021 01:23:12.287,299.21500000000003,298.865,1.75,1.25
23.08.2021 01:23:19.695,299.203,298.848,1.95,1.75
23.08.2021 01:23:19.928,299.214,298.858,1.75,1.7
23.08.2021 01:23:23.907,299.214,298.858,1.75,1.7
23.08.2021 01:23:32.378,299.21500000000003,298.858,1.75,1.59
23.08.2021 01:23:32.825,299.21500000000003,298.858,1.75,1.7
23.08.2021 01:23:33.684,299.206,298.858,1.75,1.7
23.08.2021 01:23:53.496,299.206,298.822,1.75,1.75
23.08.2021 01:23:56.986,299.206,298.848,1.75,1.7
23.08.2021 01:24:02.610,299.206,298.848,1.75,1.7
23.08.2021 01:24:02.810,299.203,298.838,1.75,1.95
23.08.2021 01:24:05.201,299.20099999999996,298.838,1.75,1.7
23.08.2021 01:24:09.987,299.187,298.838,1.75,1.7
23.08.2021 01:24:10.199,299.187,298.838,1.75,1.7
23.08.2021 01:24:11.559,299.183,298.828,1.75,1.7
23.08.2021 01:24:11.738,299.183,298.828,1.75,1.95
23.08.2021 01:24:20.999,299.187,298.838,1.75,1.7
23.08.2021 01:24:22.461,299.187,298.838,1.75,1.7
23.08.2021 01:24:22.935,299.187,298.838,1.75,1.7
23.08.2021 01:24:23.139,299.187,298.838,1.75,1.7
23.08.2021 01:24:25.407,299.199,298.858,1.25,1.7
23.08.2021 01:24:25.562,299.206,298.858,1.75,1.7
23.08.2021 01:24:28.372,299.206,298.858,1.75,1.7
23.08.2021 01:24:29.056,299.206,298.858,1.75,1.7
23.08.2021 01:24:34.116,299.197,298.868,1.75,1.7
23.08.2021 01:24:34.317,299.197,298.858,1.75,1.7
23.08.2021 01:24:37.046,299.206,298.858,1.75,1.7
23.08.2021 01:24:37.413,299.203,298.838,1.75,1.95
23.08.2021 01:24:44.511,299.197,298.838,1.75,1.95
23.08.2021 01:25:00.218,299.197,298.838,1.75,1.95
23.08.2021 01:25:01.098,299.197,298.84200000000004,1.75,1.25
23.08.2021 01:25:01.815,299.197,298.838,1.75,1.7
23.08.2021 01:25:28.837,299.186,298.848,1.75,1.7
23.08.2021 01:25:29.068,299.186,298.848,1.75,1.7
23.08.2021 01:25:35.413,299.17900000000003,298.838,1.75,1.7
23.08.2021 01:25:35.615,299.17900000000003,298.838,1.75,1.7
23.08.2021 01:25:40.746,299.17900000000003,298.838,1.75,1.7
23.08.2021 01:25:49.232,299.168,298.828,1.75,1.7
23.08.2021 01:26:15.041,299.168,298.828,1.75,1.7
23.08.2021 01:26:22.592,299.168,298.828,1.75,1.95
23.08.2021 01:26:22.826,299.168,298.828,1.75,1.7
23.08.2021 01:26:30.201,299.168,298.828,1.75,1.7
23.08.2021 01:26:30.251,299.168,298.828,1.75,1.7
23.08.2021 01:26:37.684,299.17900000000003,298.838,1.75,1.7
23.08.2021 01:26:37.886,299.17900000000003,298.838,1.75,1.7
23.08.2021 01:26:51.121,299.189,298.838,1.75,1.95
23.08.2021 01:27:01.708,299.126,298.838,0.37,1.7
23.08.2021 01:27:05.709,299.189,298.838,1.75,1.7
23.08.2021 01:27:05.864,299.189,298.838,1.75,1.7
23.08.2021 01:27:21.493,299.189,298.838,1.75,1.7
23.08.2021 01:27:38.045,299.189,298.848,1.75,1.7
23.08.2021 01:27:38.392,299.189,298.848,1.75,1.7
23.08.2021 01:27:41.656,299.189,298.848,1.75,1.7
23.08.2021 01:27:41.857,299.189,298.848,1.75,1.7
23.08.2021 01:27:58.410,299.189,298.848,1.75,1.7
23.08.2021 01:28:03.699,299.189,298.833,1.75,1.25
23.08.2021 01:28:12.129,299.203,298.848,1.75,1.7
23.08.2021 01:28:12.331,299.18,298.848,1.75,1.95
23.08.2021 01:28:12.551,299.203,298.848,1.75,1.7
23.08.2021 01:28:14.285,299.19,298.848,1.75,1.7
23.08.2021 01:28:14.487,299.19,298.848,1.75,1.59
23.08.2021 01:28:25.945,299.19,298.848,1.75,1.7
23.08.2021 01:28:26.146,299.203,298.848,1.75,1.7
23.08.2021 01:28:29.633,299.195,298.848,1.75,1.7
23.08.2021 01:28:30.048,299.191,298.838,1.75,1.7
23.08.2021 01:28:54.546,299.191,298.838,2.25,1.7
23.08.2021 01:28:54.747,299.191,298.848,2.25,1.7
23.08.2021 01:28:58.488,299.191,298.848,2.25,1.7
23.08.2021 01:29:07.210,299.172,298.848,1.75,1.7
23.08.2021 01:29:07.391,299.172,298.848,1.75,1.7
23.08.2021 01:29:17.248,299.19,298.848,1.75,1.7
23.08.2021 01:29:18.459,299.19,298.848,1.75,1.7
23.08.2021 01:29:21.089,299.13599999999997,298.848,0.37,1.7
23.08.2021 01:29:22.726,299.19,298.848,1.75,1.7
23.08.2021 01:29:24.282,299.19,298.848,1.75,1.7
23.08.2021 01:29:26.492,299.19,298.848,1.75,1.7
23.08.2021 01:29:26.692,299.19,298.848,1.75,1.7
23.08.2021 01:29:35.106,299.171,298.848,1.5,1.7
23.08.2021 01:29:36.107,299.17400000000004,298.848,1.75,1.59
23.08.2021 01:29:46.979,299.17400000000004,298.848,1.75,1.95
23.08.2021 01:29:54.771,299.17400000000004,298.848,1.75,1.59
23.08.2021 01:30:00.227,299.17400000000004,298.858,1.75,1.7
23.08.2021 01:30:01.408,299.17400000000004,298.858,1.75,1.7
23.08.2021 01:30:02.788,299.17400000000004,298.858,1.75,1.95
23.08.2021 01:30:04.792,299.17400000000004,298.858,1.75,1.95
23.08.2021 01:30:24.249,299.17400000000004,298.858,1.75,1.7
23.08.2021 01:30:24.388,299.17400000000004,298.858,1.75,1.59
23.08.2021 01:30:26.191,299.17400000000004,298.858,1.75,1.7
23.08.2021 01:30:26.912,299.207,298.878,2.25,1.7
23.08.2021 01:30:27.875,299.207,298.878,2.25,1.7
23.08.2021 01:30:29.681,299.207,298.878,2.25,1.7
23.08.2021 01:30:33.366,299.207,298.878,2.25,1.7
23.08.2021 01:30:35.929,299.207,298.878,1.75,1.7
23.08.2021 01:30:38.698,299.207,298.878,1.75,1.95
23.08.2021 01:30:51.620,299.207,298.888,1.75,1.7
23.08.2021 01:30:52.518,299.207,298.86400000000003,1.75,1.75
23.08.2021 01:30:52.720,299.207,298.86400000000003,1.75,1.75
23.08.2021 01:30:55.239,299.207,298.888,1.75,1.7
23.08.2021 01:30:56.131,299.207,298.888,1.75,1.7
23.08.2021 01:30:57.239,299.24,298.888,2.06,1.75
23.08.2021 01:31:03.444,299.243,298.888,1.75,1.95
23.08.2021 01:31:04.844,299.254,298.869,1.25,2.25
23.08.2021 01:31:10.159,299.243,298.894,1.95,1.75
23.08.2021 01:31:10.627,299.26099999999997,298.908,1.75,1.95
23.08.2021 01:31:10.829,299.258,298.908,1.75,1.95
23.08.2021 01:31:13.519,299.253,298.888,1.75,1.75
23.08.2021 01:31:16.787,299.253,298.898,1.75,1.75
23.08.2021 01:31:16.990,299.253,298.898,1.75,1.95
23.08.2021 01:31:18.504,299.253,298.898,1.75,1.95
23.08.2021 01:31:18.657,299.253,298.898,1.75,1.95
23.08.2021 01:31:20.959,299.253,298.898,1.75,1.95
23.08.2021 01:31:25.373,299.253,298.898,1.75,1.95
23.08.2021 01:31:27.466,299.253,298.898,1.75,1.95
23.08.2021 01:31:28.457,299.237,298.898,1.87,1.7
23.08.2021 01:31:35.554,299.237,298.898,1.75,1.7
23.08.2021 01:31:38.462,299.237,298.888,1.75,1.7
23.08.2021 01:31:40.392,299.237,298.888,1.75,1.59
23.08.2021 01:31:40.603,299.237,298.888,1.75,1.7
23.08.2021 01:31:41.582,299.237,298.888,1.75,1.95
23.08.2021 01:31:49.484,299.237,298.888,1.75,1.7
23.08.2021 01:32:02.884,299.237,298.898,1.75,1.7
23.08.2021 01:32:03.286,299.23900000000003,298.898,1.75,1.7
23.08.2021 01:32:16.415,299.245,298.898,1.75,1.95
23.08.2021 01:32:16.623,299.233,298.888,1.95,1.95
23.08.2021 01:32:16.818,299.22700000000003,298.888,1.75,1.7
23.08.2021 01:32:17.021,299.22700000000003,298.888,1.75,1.7
23.08.2021 01:32:17.306,299.22700000000003,298.888,1.75,1.7
23.08.2021 01:32:26.150,299.22700000000003,298.888,1.75,1.7
23.08.2021 01:32:27.389,299.223,298.878,1.75,1.7
23.08.2021 01:32:27.794,299.223,298.878,1.75,1.7
23.08.2021 01:32:31.418,299.22900000000004,298.888,1.75,1.7
23.08.2021 01:32:44.725,299.22700000000003,298.888,1.75,1.7
23.08.2021 01:32:50.193,299.22700000000003,298.888,1.75,1.59
23.08.2021 01:33:07.374,299.22700000000003,298.888,1.5,1.7
23.08.2021 01:33:07.542,299.242,298.888,1.75,1.59
23.08.2021 01:33:08.618,299.242,298.908,1.75,1.7
23.08.2021 01:33:22.103,299.242,298.908,1.75,1.7
23.08.2021 01:33:23.826,299.244,298.908,1.75,1.7
23.08.2021 01:33:37.520,299.242,298.908,1.75,1.7
23.08.2021 01:33:40.695,299.242,298.908,1.75,1.7
23.08.2021 01:33:40.896,299.242,298.888,1.75,1.95
23.08.2021 01:33:41.098,299.242,298.888,1.75,1.95
23.08.2021 01:33:44.892,299.186,298.888,0.37,1.7
23.08.2021 01:33:53.669,299.242,298.888,1.87,1.7
23.08.2021 01:33:53.880,299.242,298.888,1.87,1.95
23.08.2021 01:33:54.283,299.242,298.888,1.87,1.95
23.08.2021 01:33:55.427,299.242,298.888,1.87,1.59
23.08.2021 01:34:11.481,299.23900000000003,298.888,1.75,1.7
23.08.2021 01:34:17.129,299.243,298.888,1.75,1.95
23.08.2021 01:34:18.744,299.245,298.908,1.75,1.7
23.08.2021 01:34:18.946,299.245,298.908,1.75,1.7
23.08.2021 01:34:22.176,299.243,298.888,1.75,1.7
23.08.2021 01:34:22.379,299.243,298.888,1.75,1.7
23.08.2021 01:34:22.581,299.243,298.888,1.75,1.95
23.08.2021 01:34:24.042,299.243,298.888,1.75,1.95
23.08.2021 01:34:27.143,299.243,298.888,1.75,1.59
23.08.2021 01:34:33.162,299.245,298.908,1.75,1.7
23.08.2021 01:34:35.389,299.253,298.908,1.75,1.7
23.08.2021 01:34:36.031,299.253,298.908,1.75,1.7
23.08.2021 01:34:36.297,299.253,298.908,1.75,1.59
23.08.2021 01:34:37.354,299.253,298.908,1.75,1.59
23.08.2021 01:34:40.831,299.253,298.908,1.75,1.59
23.08.2021 01:34:41.501,299.253,298.908,1.5,1.7
23.08.2021 01:34:47.601,299.263,298.918,1.75,1.7
23.08.2021 01:34:50.213,299.263,298.918,1.75,1.7
23.08.2021 01:35:02.364,299.263,298.908,1.75,1.7
23.08.2021 01:35:05.731,299.263,298.908,1.75,1.7
23.08.2021 01:35:15.759,299.263,298.918,1.75,1.7
23.08.2021 01:35:15.938,299.263,298.918,1.75,1.59
23.08.2021 01:35:19.259,299.281,298.928,1.25,1.7
23.08.2021 01:35:20.771,299.281,298.928,1.25,1.7
23.08.2021 01:35:22.212,299.273,298.928,1.75,1.7
23.08.2021 01:35:22.675,299.273,298.918,1.75,1.95
23.08.2021 01:35:45.185,299.273,298.918,1.75,1.95
23.08.2021 01:35:50.646,299.283,298.938,1.75,1.7
23.08.2021 01:35:53.738,299.273,298.918,1.75,1.95
23.08.2021 01:35:55.883,299.273,298.918,1.75,1.7
23.08.2021 01:35:58.407,299.273,298.918,1.75,1.7
23.08.2021 01:36:00.031,299.273,298.918,1.75,1.7
23.08.2021 01:36:00.596,299.273,298.918,1.75,1.7
23.08.2021 01:36:01.598,299.206,298.918,0.37,1.7
23.08.2021 01:36:01.800,299.273,298.918,1.75,1.7
23.08.2021 01:36:02.816,299.273,298.918,1.75,1.7
23.08.2021 01:36:15.605,299.273,298.918,1.75,1.7
23.08.2021 01:36:15.806,299.253,298.908,1.75,1.7
23.08.2021 01:36:22.520,299.253,298.908,1.75,1.7
23.08.2021 01:36:25.141,299.253,298.908,1.75,1.7
23.08.2021 01:36:30.228,299.259,298.889,1.75,1.75
23.08.2021 01:36:43.314,299.253,298.908,1.75,1.7
23.08.2021 01:36:43.475,299.253,298.908,1.75,1.7
23.08.2021 01:36:46.541,299.253,298.908,1.2,1.2
23.08.2021 01:36:46.979,299.243,298.889,1.2,1
23.08.2021 01:36:47.382,299.243,298.889,1.45,1
23.08.2021 01:36:47.618,299.243,298.889,1.75,1.5
23.08.2021 01:36:50.894,299.243,298.888,1,1.2
23.08.2021 01:36:51.003,299.243,298.888,1.25,1.2
23.08.2021 01:36:51.796,299.243,298.888,1.75,1.7
23.08.2021 01:37:01.159,299.243,298.888,1.75,1.7
23.08.2021 01:37:04.808,299.243,298.888,1.75,1.95
23.08.2021 01:37:10.279,299.246,298.873,2.25,1.75
23.08.2021 01:37:10.480,299.246,298.873,2.25,1.75
23.08.2021 01:37:16.604,299.243,298.888,1.75,1.7
23.08.2021 01:37:17.660,299.243,298.888,1.75,1.7
23.08.2021 01:37:23.331,299.243,298.888,1.75,1.7
23.08.2021 01:37:25.591,299.243,298.888,1.75,1.7
23.08.2021 01:37:44.225,299.243,298.888,1.75,1.7
23.08.2021 01:37:44.454,299.243,298.888,1.75,1.59
23.08.2021 01:37:44.629,299.243,298.908,1.25,1.7
23.08.2021 01:37:44.956,299.243,298.908,1,1.7
23.08.2021 01:38:20.136,299.243,298.888,1.75,1.7
23.08.2021 01:38:24.589,299.226,298.888,1.75,1.7
23.08.2021 01:38:29.124,299.226,298.888,1.75,1.7
23.08.2021 01:38:29.326,299.226,298.888,1.75,1.7
23.08.2021 01:38:44.616,299.213,298.868,1.75,1.59
23.08.2021 01:38:53.506,299.213,298.868,1.75,1.7
23.08.2021 01:38:53.785,299.213,298.868,1.75,1.95
23.08.2021 01:38:55.855,299.213,298.868,1.75,1.95
23.08.2021 01:38:56.057,299.213,298.868,1.75,1.95
23.08.2021 01:38:58.813,299.197,298.868,1,1.77
23.08.2021 01:38:59.325,299.197,298.868,1,1.77
23.08.2021 01:39:21.828,299.213,298.868,1.75,1.7
23.08.2021 01:39:22.254,299.21500000000003,298.888,1.75,1.7
23.08.2021 01:39:22.900,299.21500000000003,298.888,1.75,1.7
23.08.2021 01:39:23.103,299.21500000000003,298.888,1.75,1.7
23.08.2021 01:39:28.000,299.22700000000003,298.878,1.25,1.95
23.08.2021 01:39:29.511,299.22700000000003,298.878,1.25,1.7
23.08.2021 01:39:43.894,299.22700000000003,298.878,1.25,1.95
23.08.2021 01:39:52.474,299.231,298.898,1.75,1.7
23.08.2021 01:39:59.594,299.231,298.898,1.75,1.7
23.08.2021 01:40:03.193,299.233,298.898,1.75,1.7
23.08.2021 01:40:05.277,299.233,298.898,1.75,1.95
23.08.2021 01:40:05.479,299.233,298.898,1.75,1.7
23.08.2021 01:40:07.393,299.233,298.898,1.75,1.7
23.08.2021 01:40:43.415,299.231,298.878,1.75,1.95
23.08.2021 01:41:00.189,299.232,298.878,1.75,1.95
23.08.2021 01:41:00.407,299.233,298.878,1.75,1.7
23.08.2021 01:41:03.099,299.233,298.878,1.75,1.95
23.08.2021 01:41:03.292,299.233,298.878,1.75,1.95
23.08.2021 01:41:03.889,299.233,298.878,1.75,1.95
23.08.2021 01:41:20.721,299.232,298.878,1.87,1.7
23.08.2021 01:41:24.926,299.20099999999996,298.871,1,1.25
23.08.2021 01:41:25.128,299.209,298.868,1.75,1.7
23.08.2021 01:41:31.800,299.209,298.878,1.75,1.7
23.08.2021 01:41:33.859,299.211,298.878,1.75,1.7
23.08.2021 01:41:37.912,299.211,298.878,1.75,1.7
23.08.2021 01:41:38.118,299.211,298.878,1.75,1.95
23.08.2021 01:41:40.658,299.228,298.878,1.75,1.7
23.08.2021 01:41:41.110,299.22400000000005,298.878,1.25,1.7
23.08.2021 01:41:41.321,299.22400000000005,298.878,1.25,1.7
23.08.2021 01:41:56.595,299.22400000000005,298.878,1.25,1.7
23.08.2021 01:42:00.844,299.216,298.878,1.25,1.7
23.08.2021 01:42:22.121,299.212,298.878,2.62,1.7
23.08.2021 01:42:22.347,299.205,298.878,1.25,1.2
23.08.2021 01:42:22.523,299.205,298.878,1.25,1.2
23.08.2021 01:42:28.894,299.205,298.878,1.25,1.7
23.08.2021 01:42:29.095,299.205,298.878,1.25,1.7
23.08.2021 01:42:30.960,299.205,298.878,1.25,1.7
23.08.2021 01:42:31.161,299.205,298.878,1.25,1.2
23.08.2021 01:42:48.886,299.205,298.861,1.25,1.75
23.08.2021 01:42:50.894,299.205,298.861,1.25,1.75
23.08.2021 01:42:55.114,299.194,298.858,1.75,1.7
23.08.2021 01:42:55.307,299.185,298.858,1.25,1.2
23.08.2021 01:42:55.437,299.183,298.841,1.75,1.75
23.08.2021 01:42:56.159,299.17400000000004,298.822,1.75,2
23.08.2021 01:42:57.394,299.17400000000004,298.838,1.75,1.7
23.08.2021 01:42:57.919,299.17400000000004,298.838,1.75,1.7
23.08.2021 01:42:58.369,299.17400000000004,298.838,1.75,1.7
23.08.2021 01:42:59.464,299.17400000000004,298.838,1.75,1.7
23.08.2021 01:43:01.361,299.17400000000004,298.838,1.75,1.7
23.08.2021 01:43:03.098,299.17400000000004,298.838,1.75,1.7
23.08.2021 01:43:05.147,299.17400000000004,298.838,1.75,1.7
23.08.2021 01:43:14.393,299.116,298.838,0.37,1.7
23.08.2021 01:43:20.045,299.144,298.838,1,1.7
23.08.2021 01:43:20.260,299.13599999999997,298.838,1,1.2
23.08.2021 01:43:22.856,299.13599999999997,298.838,1,1.7
23.08.2021 01:43:27.322,299.16700000000003,298.822,1.25,1.75
23.08.2021 01:43:36.911,299.16700000000003,298.828,1.25,1.2
23.08.2021 01:43:37.775,299.153,298.828,2.62,1.2
23.08.2021 01:43:41.545,299.149,298.808,1.25,1.7
23.08.2021 01:43:48.295,299.149,298.818,1.25,1.7
23.08.2021 01:43:49.133,299.149,298.818,1.25,1.7
23.08.2021 01:44:10.201,299.149,298.818,1.25,1.2
23.08.2021 01:44:10.403,299.149,298.818,1.25,1.7
23.08.2021 01:44:33.389,299.149,298.818,1.25,1.7
23.08.2021 01:44:45.709,299.152,298.818,1.25,1.7
23.08.2021 01:44:45.899,299.152,298.818,1.25,1.7
23.08.2021 01:44:54.250,299.152,298.828,1.25,1.7
23.08.2021 01:44:59.273,299.152,298.828,1.25,1.7
23.08.2021 01:45:03.911,299.152,298.80400000000003,1.25,1.75
23.08.2021 01:45:05.775,299.152,298.818,1.25,1.7
23.08.2021 01:45:08.365,299.152,298.818,1.25,1.7
23.08.2021 01:45:16.751,299.152,298.818,1.25,1.2
23.08.2021 01:45:16.976,299.138,298.818,2.62,1.2
23.08.2021 01:45:17.791,299.138,298.803,3,1.5
23.08.2021 01:45:17.942,299.13599999999997,298.798,1.25,1.7
23.08.2021 01:45:18.149,299.13599999999997,298.798,1.25,1.7
23.08.2021 01:45:24.695,299.133,298.788,1.75,2.34
23.08.2021 01:45:24.865,299.117,298.788,1.75,2.34
23.08.2021 01:45:24.915,299.115,298.788,1.75,1.7
23.08.2021 01:45:29.633,299.115,298.788,1.75,1.7
23.08.2021 01:45:45.205,299.115,298.788,2.62,1.7
23.08.2021 01:45:45.520,299.115,298.788,2.62,1.7
23.08.2021 01:45:45.720,299.115,298.778,2.62,1.7
23.08.2021 01:45:51.502,299.115,298.788,1.75,1
23.08.2021 01:45:51.608,299.115,298.788,1.75,1.7
23.08.2021 01:45:52.556,299.115,298.788,1.75,1.7
23.08.2021 01:45:52.658,299.115,298.778,1.75,1.7
23.08.2021 01:46:05.363,299.115,298.778,1.75,1.7
23.08.2021 01:46:06.657,299.115,298.778,2.62,1.7
23.08.2021 01:46:12.664,299.077,298.758,1.75,1.7
23.08.2021 01:46:23.323,299.077,298.758,1.75,1.7
23.08.2021 01:46:31.558,299.06,298.758,1.5,1.7
23.08.2021 01:46:50.600,299.06,298.758,1.5,1.7
23.08.2021 01:46:50.831,299.06,298.758,1.5,1.7
23.08.2021 01:46:51.030,299.06,298.758,1.5,1.4
23.08.2021 01:46:54.501,299.06,298.758,1.5,1.7
23.08.2021 01:46:57.089,299.06,298.758,1.5,1.4
23.08.2021 01:47:00.798,299.06,298.758,1.75,1.7
23.08.2021 01:47:01.000,299.06,298.732,1.5,1.75
23.08.2021 01:47:02.139,299.06,298.768,1.5,1.2
23.08.2021 01:47:04.593,299.06,298.768,1.5,1.7
23.08.2021 01:47:04.964,299.06,298.768,1.5,1.2
23.08.2021 01:47:05.164,299.06,298.768,1.5,1.7
23.08.2021 01:47:10.183,299.06,298.768,1.5,1.2
23.08.2021 01:47:10.968,299.06,298.768,1.5,1.2
23.08.2021 01:47:14.450,299.06,298.768,1.5,1.7
23.08.2021 01:47:15.294,299.06,298.768,1.5,1.4
23.08.2021 01:47:15.710,299.06,298.768,1.5,1.7
23.08.2021 01:47:23.969,299.059,298.768,1.5,1.7
23.08.2021 01:47:31.112,299.068,298.768,1.5,1.7
23.08.2021 01:47:31.893,299.086,298.768,1.75,1.7
23.08.2021 01:47:33.401,299.086,298.768,1.75,1.7
23.08.2021 01:47:34.175,299.086,298.768,1.75,1.7
23.08.2021 01:47:39.390,299.077,298.768,1.75,1.7
23.08.2021 01:47:54.992,299.086,298.768,1.75,1.2
23.08.2021 01:47:55.043,299.068,298.748,1.75,1.7
23.08.2021 01:48:06.698,299.059,298.768,1.5,1
23.08.2021 01:48:06.749,299.059,298.768,1.5,1.7
23.08.2021 01:48:09.578,299.059,298.768,1.5,1.2
23.08.2021 01:48:09.778,299.068,298.768,1.75,1.2
23.08.2021 01:48:10.764,299.068,298.768,1.75,1.2
23.08.2021 01:48:11.167,299.068,298.768,1.75,1.2
23.08.2021 01:48:12.417,299.068,298.75,1.75,1.7
23.08.2021 01:48:32.729,299.068,298.748,1.75,1.7
23.08.2021 01:48:32.920,299.068,298.748,1.75,1.2
23.08.2021 01:48:34.322,299.068,298.738,1.75,1.7
23.08.2021 01:49:06.126,299.046,298.738,1.5,1.7
23.08.2021 01:49:06.364,299.046,298.738,1.5,1.7
23.08.2021 01:49:08.200,299.046,298.738,1.5,1.7
23.08.2021 01:49:12.396,299.046,298.738,1.5,1.7
23.08.2021 01:49:12.821,299.046,298.728,1.75,1.7
23.08.2021 01:49:22.296,299.046,298.728,1.75,1.7
23.08.2021 01:49:28.079,299.055,298.738,1.75,1.7
23.08.2021 01:49:28.482,299.055,298.738,1.75,1.7
23.08.2021 01:49:33.242,299.047,298.738,1,1.7
23.08.2021 01:49:52.347,299.046,298.748,1.5,1
23.08.2021 01:49:52.461,299.046,298.748,1.5,1.7
23.08.2021 01:49:59.893,299.046,298.748,1.5,1.2
23.08.2021 01:50:01.292,299.046,298.728,1.75,1.5
23.08.2021 01:50:09.985,299.046,298.738,1.75,1.2
23.08.2021 01:50:10.085,299.046,298.728,1.75,1.7
23.08.2021 01:50:23.688,299.046,298.728,1.75,1.7
23.08.2021 01:50:25.447,299.028,298.728,1.75,1.2
23.08.2021 01:50:25.588,299.028,298.713,1.75,1.5
23.08.2021 01:50:32.296,299.028,298.718,1.75,1.7
23.08.2021 01:50:32.590,299.01,298.718,1.75,1.2
23.08.2021 01:50:32.641,299.01,298.718,1.5,1.7
23.08.2021 01:50:37.072,299.01,298.718,1.5,1.2
23.08.2021 01:50:37.226,299.01,298.698,1.5,1.7
23.08.2021 01:50:44.066,299.01,298.673,1.75,1.25
23.08.2021 01:50:44.228,299.01,298.708,1.75,1
23.08.2021 01:50:46.925,299.01,298.688,1.75,1.7
23.08.2021 01:50:47.076,299.01,298.688,1.75,1.7
23.08.2021 01:50:49.070,299.01,298.698,1.75,1.7
23.08.2021 01:50:59.270,299.01,298.698,1.75,1.7
23.08.2021 01:51:25.447,299.018,298.698,1.75,1.2
23.08.2021 01:51:25.648,299.018,298.683,1.75,1.5
23.08.2021 01:51:25.749,299.018,298.678,1.75,1.7
23.08.2021 01:51:26.341,299.018,298.678,1.75,1.7
23.08.2021 01:51:31.664,299.018,298.678,1.75,1.7
23.08.2021 01:51:32.358,299.018,298.678,1.75,1.7
23.08.2021 01:51:39.299,299.02,298.688,1.75,1.7
23.08.2021 01:51:41.394,299.02,298.688,1.75,1.7
23.08.2021 01:51:57.001,299.018,298.688,1.87,1.7
23.08.2021 01:51:57.202,299.018,298.688,1.87,1.7
23.08.2021 01:52:00.431,299.018,298.688,1.87,1.7
23.08.2021 01:52:01.104,299.018,298.698,1.75,1.7
23.08.2021 01:52:06.249,299.018,298.698,1.75,1.7
23.08.2021 01:52:10.476,299.022,298.699,2.37,1.75
23.08.2021 01:52:10.660,299,298.699,1,1.75
23.08.2021 01:52:10.710,298.953,298.699,1,1.75
23.08.2021 01:52:10.861,298.953,298.699,1,1.25
23.08.2021 01:52:10.912,298.953,298.695,1,1
23.08.2021 01:52:12.050,298.954,298.699,1,1
23.08.2021 01:52:12.674,298.954,298.691,1,2.25
23.08.2021 01:52:12.775,298.943,298.697,1,1
23.08.2021 01:52:29.743,298.926,298.697,1,1
23.08.2021 01:52:29.793,298.926,298.683,1,1.5
23.08.2021 01:52:30.420,298.926,298.691,1,1
23.08.2021 01:52:35.518,298.91400000000004,298.67400000000004,1,1
23.08.2021 01:52:35.620,298.91400000000004,298.67900000000003,1,1
23.08.2021 01:52:40.390,298.91400000000004,298.675,1,1
23.08.2021 01:52:41.404,298.91400000000004,298.66700000000003,1,1
23.08.2021 01:52:43.569,298.904,298.66700000000003,1,1
23.08.2021 01:52:43.620,298.904,298.663,1,1.5
23.08.2021 01:52:43.721,298.904,298.66700000000003,1,1
23.08.2021 01:52:44.435,298.904,298.663,1,1.5
23.08.2021 01:52:44.485,298.891,298.663,1,1.5
23.08.2021 01:52:44.536,298.891,298.651,1,1
23.08.2021 01:52:44.648,298.891,298.65500000000003,1,1
23.08.2021 01:52:46.783,298.891,298.65900000000005,1,1
23.08.2021 01:52:46.995,298.891,298.663,1,1
23.08.2021 01:52:47.096,298.891,298.65900000000005,1,1
23.08.2021 01:52:47.197,298.891,298.663,1,1
23.08.2021 01:52:47.704,298.891,298.65900000000005,1,1
23.08.2021 01:52:51.225,298.891,298.65500000000003,1,1
23.08.2021 01:52:54.192,298.891,298.651,1,1
23.08.2021 01:52:54.293,298.881,298.647,1,1
23.08.2021 01:52:54.443,298.881,298.651,1,1
23.08.2021 01:52:54.578,298.881,298.647,1,1
23.08.2021 01:52:54.715,298.881,298.651,1,1
23.08.2021 01:52:58.171,298.881,298.639,1,1.5
23.08.2021 01:52:58.334,298.881,298.647,1,1
23.08.2021 01:52:58.435,298.881,298.639,1,1.5
23.08.2021 01:52:58.669,298.881,298.643,1,1
23.08.2021 01:52:59.355,298.881,298.639,1,1
23.08.2021 01:52:59.666,298.865,298.639,1,1
23.08.2021 01:52:59.766,298.865,298.634,1,1
23.08.2021 01:52:59.872,298.865,298.635,1,1
23.08.2021 01:52:59.994,298.865,298.631,1,1
23.08.2021 01:53:00.696,298.865,298.627,1,1
23.08.2021 01:53:02.190,298.865,298.623,1,1
23.08.2021 01:53:02.294,298.865,298.627,1,1
23.08.2021 01:53:02.530,298.855,298.627,1,1
23.08.2021 01:53:02.630,298.855,298.611,1,1.5
23.08.2021 01:53:02.800,298.855,298.615,1,1
23.08.2021 01:53:04.564,298.855,298.611,1,1.5
23.08.2021 01:53:05.233,298.855,298.611,1,1
23.08.2021 01:53:06.810,298.84200000000004,298.611,1,1
23.08.2021 01:53:06.861,298.84200000000004,298.59900000000005,1,1
23.08.2021 01:53:06.962,298.84200000000004,298.603,1,1
23.08.2021 01:53:07.113,298.84200000000004,298.59900000000005,1,1
23.08.2021 01:53:09.200,298.832,298.59900000000005,1,1
23.08.2021 01:53:09.402,298.832,298.583,1,1.5
23.08.2021 01:53:09.502,298.832,298.591,1,1
23.08.2021 01:53:09.829,298.832,298.587,1,1
23.08.2021 01:53:11.649,298.832,298.591,1,1
23.08.2021 01:53:12.001,298.819,298.591,1,1
23.08.2021 01:53:12.052,298.819,298.587,1,1
23.08.2021 01:53:12.198,298.819,298.578,1,2
23.08.2021 01:53:12.337,298.819,298.587,1,1
23.08.2021 01:53:12.437,298.819,298.583,1,1.5
23.08.2021 01:53:12.538,298.819,298.587,1,1
23.08.2021 01:53:12.638,298.819,298.578,1,2
23.08.2021 01:53:12.862,298.819,298.583,1,1
23.08.2021 01:53:13.018,298.819,298.583,1,1.5
23.08.2021 01:53:13.225,298.819,298.583,1,1
23.08.2021 01:53:14.675,298.819,298.579,1,1
23.08.2021 01:53:15.097,298.819,298.575,1,1
23.08.2021 01:53:15.148,298.819,298.577,1,1
23.08.2021 01:53:15.281,298.819,298.587,1,1
23.08.2021 01:53:16.859,298.819,298.575,1,1
23.08.2021 01:53:16.959,298.819,298.579,1,1
23.08.2021 01:53:20.079,298.812,298.575,1,1
23.08.2021 01:53:28.418,298.812,298.57099999999997,1,1
23.08.2021 01:53:28.520,298.812,298.575,1,1
23.08.2021 01:53:28.670,298.79900000000004,298.575,1,1
23.08.2021 01:53:28.722,298.79900000000004,298.567,1,1.5
23.08.2021 01:53:28.923,298.79900000000004,298.575,1,1
23.08.2021 01:53:29.127,298.79900000000004,298.567,1,1.5
23.08.2021 01:53:29.230,298.79900000000004,298.575,1,1
23.08.2021 01:53:29.754,298.79900000000004,298.567,1,1.5
23.08.2021 01:53:29.859,298.79900000000004,298.575,1,1
23.08.2021 01:53:31.679,298.812,298.575,1,1
23.08.2021 01:54:02.558,298.791,298.575,1,1
23.08.2021 01:54:09.230,298.803,298.577,1,1
23.08.2021 01:54:09.281,298.803,298.577,1,1.5
23.08.2021 01:54:09.507,298.803,298.587,1,1
23.08.2021 01:54:09.608,298.803,298.591,1,1
23.08.2021 01:54:09.658,298.812,298.591,1,1
23.08.2021 01:54:13.325,298.812,298.59200000000004,1,1.5
23.08.2021 01:54:13.484,298.812,298.59900000000005,1,1
23.08.2021 01:54:15.659,298.812,298.603,1,1
23.08.2021 01:54:16.843,298.812,298.59900000000005,1,1
23.08.2021 01:54:17.051,298.812,298.603,1,1
23.08.2021 01:54:17.862,298.812,298.59900000000005,1,1
23.08.2021 01:54:17.981,298.822,298.59900000000005,1,1
23.08.2021 01:54:18.660,298.811,298.59900000000005,1,1
23.08.2021 01:54:21.413,298.798,298.59900000000005,1,1
23.08.2021 01:54:21.464,298.798,298.59200000000004,1,1.5
23.08.2021 01:54:21.564,298.798,298.59900000000005,1,1
23.08.2021 01:54:21.665,298.798,298.591,1,1
23.08.2021 01:54:22.864,298.798,298.591,1,1.5
23.08.2021 01:54:22.965,298.798,298.59900000000005,1,1
23.08.2021 01:54:25.858,298.805,298.59900000000005,1,1
23.08.2021 01:54:26.370,298.808,298.59900000000005,1,1
23.08.2021 01:54:26.492,298.814,298.59900000000005,1,1
23.08.2021 01:54:27.503,298.808,298.59900000000005,1,1
23.08.2021 01:54:35.878,298.808,298.603,1,1
23.08.2021 01:54:35.981,298.808,298.59900000000005,1,1
23.08.2021 01:54:42.974,298.808,298.603,1,1
23.08.2021 01:54:44.205,298.808,298.59900000000005,1,1
23.08.2021 01:54:45.559,298.814,298.59900000000005,1,1
23.08.2021 01:55:10.000,298.825,298.611,1,1
23.08.2021 01:55:10.311,298.825,298.611,1,1.5
23.08.2021 01:55:11.734,298.832,298.611,1,1.5
23.08.2021 01:55:11.935,298.843,298.611,1,1.5
23.08.2021 01:55:11.985,298.835,298.611,1,1.5
23.08.2021 01:55:12.086,298.835,298.615,1,1
23.08.2021 01:55:12.237,298.835,298.611,1,1
23.08.2021 01:55:14.309,298.835,298.612,1,1
23.08.2021 01:55:14.359,298.835,298.612,1,1.5
23.08.2021 01:55:14.460,298.835,298.619,1,1
23.08.2021 01:55:20.054,298.835,298.627,1,1
23.08.2021 01:55:23.579,298.835,298.631,1,1
23.08.2021 01:55:23.782,298.835,298.627,1,1
23.08.2021 01:55:24.455,298.84200000000004,298.627,1,1
23.08.2021 01:55:33.949,298.834,298.627,1,1
23.08.2021 01:55:34.100,298.834,298.611,1,1.5
23.08.2021 01:55:34.201,298.834,298.619,1,1
23.08.2021 01:55:34.793,298.834,298.615,1,1
23.08.2021 01:55:35.232,298.834,298.617,1,1
23.08.2021 01:55:35.282,298.834,298.61400000000003,1,1.5
23.08.2021 01:55:35.332,298.834,298.627,1,1
23.08.2021 01:55:37.386,298.834,298.631,1,1
23.08.2021 01:55:38.842,298.845,298.631,1,1
23.08.2021 01:55:42.669,298.845,298.639,1,1
23.08.2021 01:55:45.827,298.855,298.639,1,1
23.08.2021 01:55:46.260,298.855,298.633,1,1.87
23.08.2021 01:55:46.311,298.855,298.643,1,1
23.08.2021 01:55:46.412,298.855,298.639,1,1
23.08.2021 01:55:52.616,298.855,298.643,1,1
23.08.2021 01:55:52.716,298.855,298.639,1,1
23.08.2021 01:56:00.780,298.855,298.643,1,1
23.08.2021 01:56:01.283,298.855,298.639,1,1
23.08.2021 01:56:06.540,298.845,298.639,1,1
23.08.2021 01:56:06.691,298.845,298.617,1,1.5
23.08.2021 01:56:06.792,298.845,298.631,1,1
23.08.2021 01:56:06.892,298.845,298.627,1,1
23.08.2021 01:56:13.332,298.845,298.635,1,1
23.08.2021 01:56:14.272,298.845,298.639,1,1
23.08.2021 01:56:14.472,298.835,298.639,1,1
23.08.2021 01:56:15.417,298.835,298.643,1,1
23.08.2021 01:56:15.884,298.835,298.635,1,1
23.08.2021 01:56:15.988,298.835,298.639,1,1
23.08.2021 01:56:18.376,298.848,298.639,1,1
23.08.2021 01:56:18.488,298.848,298.647,1,1
23.08.2021 01:56:20.163,298.857,298.647,1.5,1
23.08.2021 01:56:20.263,298.85900000000004,298.643,1,1
23.08.2021 01:56:31.714,298.85900000000004,298.643,1,1.5
23.08.2021 01:56:32.129,298.85900000000004,298.647,1,1
23.08.2021 01:56:35.056,298.85900000000004,298.651,1,1
23.08.2021 01:56:37.389,298.85900000000004,298.647,1,1
23.08.2021 01:56:37.490,298.85900000000004,298.639,1,1
23.08.2021 01:56:42.912,298.85900000000004,298.647,1,1
23.08.2021 01:56:48.081,298.85900000000004,298.643,1,1.5
23.08.2021 01:56:48.209,298.85900000000004,298.643,1,1
23.08.2021 01:56:58.413,298.85900000000004,298.651,1,1
23.08.2021 01:57:04.632,298.85900000000004,298.647,1,1
23.08.2021 01:57:04.733,298.874,298.663,1,1
23.08.2021 01:57:04.783,298.884,298.663,1,1
23.08.2021 01:57:04.834,298.884,298.66700000000003,1,1
23.08.2021 01:57:04.991,298.879,298.675,1,1
23.08.2021 01:57:05.041,298.879,298.671,1,1
23.08.2021 01:57:06.474,298.879,298.663,1,1
23.08.2021 01:57:06.658,298.879,298.66700000000003,1,1
23.08.2021 01:57:06.709,298.879,298.663,1,1
23.08.2021 01:57:07.045,298.879,298.66700000000003,1,1.5
23.08.2021 01:57:07.567,298.879,298.675,1,1
23.08.2021 01:57:09.809,298.88599999999997,298.675,1,1
23.08.2021 01:57:10.412,298.88599999999997,298.67900000000003,1,1
23.08.2021 01:57:10.512,298.88599999999997,298.675,1,1
23.08.2021 01:57:11.964,298.88599999999997,298.67900000000003,1,1
23.08.2021 01:57:12.065,298.88599999999997,298.675,1,1
23.08.2021 01:57:22.563,298.88599999999997,298.67900000000003,1,1
23.08.2021 01:57:29.047,298.881,298.67900000000003,1,1
23.08.2021 01:57:29.098,298.881,298.675,1,1
23.08.2021 01:58:06.150,298.894,298.675,1,1
23.08.2021 01:58:33.712,298.894,298.67900000000003,1,1
23.08.2021 01:58:35.802,298.894,298.683,1,1
23.08.2021 01:58:35.941,298.894,298.672,1,1.5
23.08.2021 01:58:36.041,298.894,298.683,1,1
23.08.2021 01:58:36.242,298.894,298.691,1,1
23.08.2021 01:58:36.293,298.897,298.691,1.5,1
23.08.2021 01:58:36.344,298.90500000000003,298.687,1,1
23.08.2021 01:58:36.495,298.90500000000003,298.684,1,1
23.08.2021 01:58:36.606,298.90500000000003,298.691,1,1
23.08.2021 01:58:38.431,298.90500000000003,298.67900000000003,1,1
23.08.2021 01:58:38.736,298.90500000000003,298.673,1,2.37
23.08.2021 01:58:38.836,298.90500000000003,298.67900000000003,1,1
23.08.2021 01:58:38.938,298.90500000000003,298.683,1,1
23.08.2021 01:58:39.041,298.90500000000003,298.67900000000003,1,1
23.08.2021 01:58:40.267,298.90500000000003,298.683,1,1
23.08.2021 01:58:40.570,298.90500000000003,298.67900000000003,1,1
23.08.2021 01:58:42.602,298.90500000000003,298.683,1,1
23.08.2021 01:58:42.705,298.90500000000003,298.67900000000003,1,1
23.08.2021 01:58:42.910,298.90500000000003,298.683,1,1
23.08.2021 01:58:43.218,298.90500000000003,298.67900000000003,1,1
23.08.2021 01:58:43.319,298.90500000000003,298.683,1,1
23.08.2021 01:58:43.622,298.90500000000003,298.67900000000003,1,1
23.08.2021 01:58:46.481,298.90500000000003,298.683,1,1
23.08.2021 01:58:47.097,298.90500000000003,298.67900000000003,1,1
23.08.2021 01:58:48.022,298.90500000000003,298.683,1,1
23.08.2021 01:58:48.248,298.90500000000003,298.67900000000003,1,1
23.08.2021 01:58:48.619,298.895,298.67900000000003,1,1
23.08.2021 01:58:48.669,298.895,298.675,1,1
23.08.2021 01:58:50.466,298.882,298.675,1,1
23.08.2021 01:58:50.517,298.882,298.663,1,1.5
23.08.2021 01:58:50.567,298.882,298.66700000000003,1,1
23.08.2021 01:58:50.618,298.882,298.66400000000004,1,1.12
23.08.2021 01:58:50.719,298.882,298.675,1,1
23.08.2021 01:59:01.814,298.90900000000005,298.675,1,1
23.08.2021 01:59:11.984,298.90900000000005,298.675,1,1.5
23.08.2021 01:59:29.316,298.91900000000004,298.675,1,1.5
23.08.2021 01:59:33.675,298.91900000000004,298.675,1,1.5
23.08.2021 01:59:33.877,298.91900000000004,298.675,1,1.5
23.08.2021 01:59:34.361,298.91900000000004,298.675,1,1.5
23.08.2021 01:59:37.914,298.898,298.675,1,1.5
23.08.2021 01:59:37.965,298.898,298.675,1,1
23.08.2021 01:59:38.713,298.898,298.675,1,1.5
23.08.2021 01:59:41.907,298.898,298.67900000000003,1,1
23.08.2021 01:59:44.818,298.898,298.67900000000003,1,1.5
23.08.2021 01:59:45.205,298.898,298.67900000000003,1,1
23.08.2021 01:59:45.356,298.898,298.675,1,1
23.08.2021 01:59:45.461,298.898,298.67900000000003,1,1
23.08.2021 01:59:50.133,298.898,298.683,1,1
23.08.2021 01:59:50.235,298.898,298.67900000000003,1,1
23.08.2021 01:59:51.099,298.898,298.683,1,1
23.08.2021 01:59:51.149,298.898,298.67900000000003,1,1
23.08.2021 01:59:51.490,298.898,298.683,1,1
23.08.2021 01:59:56.171,298.898,298.67900000000003,1,1
23.08.2021 01:59:56.283,298.898,298.683,1,1
23.08.2021 01:59:56.384,298.898,298.67900000000003,1,1
23.08.2021 01:59:56.767,298.898,298.683,1,1
23.08.2021 01:59:57.011,298.898,298.67900000000003,1,1
23.08.2021 01:59:57.746,298.90900000000005,298.67900000000003,1,1
23.08.2021 02:00:00.164,298.90900000000005,298.683,1,1
23.08.2021 02:00:00.241,298.90900000000005,298.67900000000003,1,1
23.08.2021 02:00:00.395,298.90900000000005,298.67900000000003,1,1.5
23.08.2021 02:00:01.754,298.90900000000005,298.67900000000003,1,1
23.08.2021 02:00:01.855,298.90900000000005,298.675,1,1
23.08.2021 02:00:01.963,298.90900000000005,298.683,1,1
23.08.2021 02:00:02.241,298.90900000000005,298.683,1,1.5
23.08.2021 02:00:02.843,298.918,298.683,1,1.5
23.08.2021 02:00:02.894,298.918,298.691,1,1
23.08.2021 02:00:03.045,298.918,298.691,1,1.5
23.08.2021 02:00:03.145,298.92,298.695,1,1
23.08.2021 02:00:03.196,298.92,298.703,1,1
23.08.2021 02:00:03.347,298.92,298.699,1,1.5
23.08.2021 02:00:03.498,298.92,298.703,1,1
23.08.2021 02:00:04.596,298.92,298.698,1,1.12
23.08.2021 02:00:04.669,298.92,298.691,1,1
23.08.2021 02:00:06.620,298.92,298.695,1,1
23.08.2021 02:00:07.639,298.92,298.691,1,1
23.08.2021 02:00:09.428,298.92,298.695,1,1
23.08.2021 02:00:09.935,298.92,298.691,1,1
23.08.2021 02:00:13.000,298.92,298.695,1,1
23.08.2021 02:00:13.101,298.92,298.703,1,1
23.08.2021 02:00:13.714,298.92,298.691,1,1
23.08.2021 02:00:13.815,298.92,298.695,1,1
23.08.2021 02:00:14.009,298.92,298.691,1,1
23.08.2021 02:00:36.795,298.90700000000004,298.691,1,1
23.08.2021 02:00:36.846,298.90700000000004,298.687,1,1
23.08.2021 02:00:36.947,298.90700000000004,298.675,1,1
23.08.2021 02:00:37.048,298.90700000000004,298.683,1,1
23.08.2021 02:00:41.898,298.90700000000004,298.687,1,1
23.08.2021 02:00:42.057,298.90700000000004,298.683,1,1
23.08.2021 02:00:42.883,298.90700000000004,298.687,1,1
23.08.2021 02:00:44.695,298.90700000000004,298.691,1,1
23.08.2021 02:00:46.974,298.90700000000004,298.695,1,1
23.08.2021 02:00:50.713,298.91700000000003,298.695,1,1
23.08.2021 02:00:50.763,298.91700000000003,298.703,1,1
23.08.2021 02:00:50.814,298.91700000000003,298.699,1,1
23.08.2021 02:00:50.914,298.91700000000003,298.703,1,1
23.08.2021 02:00:53.999,298.91700000000003,298.695,1,1
23.08.2021 02:00:54.100,298.91700000000003,298.703,1,1
23.08.2021 02:00:54.200,298.91700000000003,298.695,1,1
23.08.2021 02:00:57.813,298.91700000000003,298.703,1,1
23.08.2021 02:01:03.394,298.91700000000003,298.695,1,1
23.08.2021 02:01:03.595,298.91700000000003,298.703,1,1
23.08.2021 02:01:03.703,298.91700000000003,298.682,1,1.5
23.08.2021 02:01:03.804,298.91700000000003,298.695,1,1
23.08.2021 02:01:09.808,298.91700000000003,298.691,1,1
23.08.2021 02:01:15.709,298.91700000000003,298.695,1,1
23.08.2021 02:01:15.885,298.91700000000003,298.691,1,1
23.08.2021 02:01:16.393,298.91700000000003,298.695,1,1
23.08.2021 02:01:16.496,298.91700000000003,298.691,1,1
23.08.2021 02:01:17.561,298.91700000000003,298.695,1,1
23.08.2021 02:01:17.662,298.91700000000003,298.691,1,1
23.08.2021 02:01:22.062,298.91700000000003,298.695,1,1
23.08.2021 02:01:22.163,298.91700000000003,298.691,1,1
23.08.2021 02:01:22.264,298.91700000000003,298.695,1,1
23.08.2021 02:01:23.357,298.91700000000003,298.691,1,1
23.08.2021 02:01:26.630,298.91700000000003,298.692,1,1
23.08.2021 02:01:26.731,298.91700000000003,298.703,1,1
23.08.2021 02:01:32.374,298.91700000000003,298.682,1,1.5
23.08.2021 02:01:32.427,298.91700000000003,298.691,1,1
23.08.2021 02:01:32.865,298.91700000000003,298.695,1,1
23.08.2021 02:01:33.757,298.91700000000003,298.691,1,1
23.08.2021 02:01:40.184,298.91700000000003,298.695,1,1
23.08.2021 02:01:40.591,298.91700000000003,298.691,1,1
23.08.2021 02:01:42.147,298.91700000000003,298.695,1,1
23.08.2021 02:01:52.386,298.91700000000003,298.691,1,1
23.08.2021 02:01:53.629,298.91700000000003,298.692,1,1
23.08.2021 02:01:53.747,298.91700000000003,298.699,1,1
23.08.2021 02:01:53.848,298.91700000000003,298.703,1,1
23.08.2021 02:01:57.480,298.91700000000003,298.699,1,1
23.08.2021 02:01:57.581,298.91700000000003,298.703,1,1
23.08.2021 02:02:03.591,298.91700000000003,298.699,1,1
23.08.2021 02:02:03.678,298.91700000000003,298.695,1,1
23.08.2021 02:02:03.782,298.91700000000003,298.691,1,1
23.08.2021 02:02:10.920,298.90900000000005,298.691,1,1
23.08.2021 02:02:10.971,298.90900000000005,298.687,1,1
23.08.2021 02:02:11.071,298.90900000000005,298.683,1,1
23.08.2021 02:02:19.671,298.90900000000005,298.67900000000003,1,1
23.08.2021 02:02:23.675,298.899,298.67900000000003,1,1
23.08.2021 02:02:23.725,298.899,298.675,1,1
23.08.2021 02:02:23.936,298.899,298.67900000000003,1,1
23.08.2021 02:02:24.027,298.899,298.675,1,1
23.08.2021 02:02:26.684,298.899,298.67900000000003,1,1
23.08.2021 02:02:29.311,298.899,298.675,1,1
23.08.2021 02:02:29.412,298.899,298.67900000000003,1,1
23.08.2021 02:02:29.838,298.899,298.675,1,1
23.08.2021 02:02:31.250,298.899,298.67900000000003,1,1
23.08.2021 02:02:31.357,298.899,298.683,1,1
23.08.2021 02:02:34.270,298.899,298.67900000000003,1,1
23.08.2021 02:02:34.616,298.899,298.683,1,1
23.08.2021 02:02:48.938,298.899,298.677,1,1.5
23.08.2021 02:02:49.135,298.899,298.683,1,1
23.08.2021 02:02:49.639,298.90900000000005,298.687,1,1
23.08.2021 02:02:49.910,298.90900000000005,298.691,1,1
23.08.2021 02:02:50.750,298.90900000000005,298.683,1,1
23.08.2021 02:02:54.142,298.90900000000005,298.691,1,1
23.08.2021 02:02:54.910,298.899,298.691,1,1
23.08.2021 02:02:54.961,298.899,298.67900000000003,1,1
23.08.2021 02:02:55.062,298.899,298.683,1,1
23.08.2021 02:02:56.790,298.899,298.67900000000003,1,1
23.08.2021 02:02:59.932,298.899,298.683,1,1
23.08.2021 02:03:00.132,298.899,298.67900000000003,1,1
23.08.2021 02:03:00.535,298.899,298.683,1,1
23.08.2021 02:03:00.644,298.899,298.67900000000003,1,1
23.08.2021 02:03:00.738,298.899,298.683,1,1
23.08.2021 02:03:01.798,298.899,298.67900000000003,1,1
23.08.2021 02:03:02.769,298.899,298.683,1,1
23.08.2021 02:03:03.479,298.899,298.67900000000003,1,1
23.08.2021 02:03:05.614,298.899,298.683,1,1
23.08.2021 02:03:06.631,298.899,298.67900000000003,1,1
23.08.2021 02:03:07.656,298.899,298.683,1,1
23.08.2021 02:03:07.853,298.899,298.67900000000003,1,1
23.08.2021 02:03:08.362,298.899,298.683,1,1
23.08.2021 02:03:08.770,298.899,298.67900000000003,1,1
23.08.2021 02:03:08.872,298.899,298.683,1,1
23.08.2021 02:03:13.151,298.899,298.67900000000003,1,1
23.08.2021 02:03:14.278,298.899,298.683,1,1
23.08.2021 02:03:14.582,298.899,298.67900000000003,1,1
23.08.2021 02:03:17.246,298.899,298.683,1,1
23.08.2021 02:03:18.589,298.899,298.67900000000003,1,1
23.08.2021 02:03:19.552,298.899,298.687,1,1
23.08.2021 02:03:19.621,298.899,298.683,1,1
23.08.2021 02:03:30.301,298.899,298.675,1,1
23.08.2021 02:03:30.391,298.899,298.683,1,1
23.08.2021 02:03:30.494,298.899,298.67900000000003,1,1
23.08.2021 02:03:30.593,298.899,298.683,1,1
23.08.2021 02:03:31.205,298.899,298.67900000000003,1,1
23.08.2021 02:03:32.530,298.899,298.683,1,1
23.08.2021 02:03:32.633,298.899,298.67900000000003,1,1
23.08.2021 02:03:32.940,298.899,298.683,1,1
23.08.2021 02:03:33.145,298.899,298.67900000000003,1,1
23.08.2021 02:03:34.574,298.899,298.683,1,1
23.08.2021 02:03:34.676,298.899,298.687,1,1
23.08.2021 02:03:34.827,298.899,298.691,1,1
23.08.2021 02:03:38.460,298.899,298.687,1,1
23.08.2021 02:03:38.969,298.899,298.691,1,1
23.08.2021 02:03:39.089,298.899,298.687,1,1
23.08.2021 02:03:39.277,298.899,298.691,1,1
23.08.2021 02:03:41.712,298.899,298.687,1,1
23.08.2021 02:03:44.809,298.899,298.691,1,1
23.08.2021 02:03:44.914,298.899,298.687,1,1
23.08.2021 02:03:44.980,298.899,298.691,1,1
23.08.2021 02:04:00.259,298.911,298.691,1,1
23.08.2021 02:04:00.458,298.911,298.695,1,1
23.08.2021 02:04:00.717,298.911,298.703,1,1
23.08.2021 02:04:04.082,298.911,298.695,1,1
23.08.2021 02:04:09.234,298.911,298.691,1,1
23.08.2021 02:04:09.641,298.911,298.695,1,1
23.08.2021 02:04:09.744,298.911,298.691,1,1
23.08.2021 02:04:09.847,298.911,298.703,1,1
23.08.2021 02:04:12.549,298.911,298.699,1,1
23.08.2021 02:04:28.714,298.911,298.695,1,1
23.08.2021 02:04:28.807,298.911,298.691,1,1
23.08.2021 02:04:29.726,298.911,298.695,1,1
23.08.2021 02:04:30.265,298.911,298.691,1,1
23.08.2021 02:04:30.437,298.911,298.695,1,1
23.08.2021 02:04:31.259,298.911,298.691,1,1
23.08.2021 02:04:31.568,298.911,298.695,1,1
23.08.2021 02:04:31.671,298.911,298.691,1,1
23.08.2021 02:04:31.971,298.911,298.695,1,1
23.08.2021 02:04:32.285,298.911,298.691,1,1
23.08.2021 02:04:48.296,298.911,298.695,1,1
23.08.2021 02:04:48.703,298.911,298.691,1,1
23.08.2021 02:04:54.958,298.911,298.695,1,1
23.08.2021 02:04:58.520,298.911,298.691,1,1
23.08.2021 02:04:58.696,298.923,298.691,1,1
23.08.2021 02:05:01.980,298.923,298.695,1,1
23.08.2021 02:05:03.712,298.923,298.691,1,1
23.08.2021 02:05:03.812,298.923,298.695,1,1
23.08.2021 02:05:11.000,298.923,298.691,1,1
23.08.2021 02:05:11.346,298.923,298.677,1,1.5
23.08.2021 02:05:11.447,298.923,298.683,1,1
23.08.2021 02:05:12.663,298.911,298.683,1,1
23.08.2021 02:05:25.597,298.911,298.673,1,1.87
23.08.2021 02:05:25.709,298.911,298.675,1,1
23.08.2021 02:05:33.914,298.898,298.663,1,1.5
23.08.2021 02:05:34.076,298.898,298.66700000000003,1,1
23.08.2021 02:05:34.126,298.898,298.663,1,1
23.08.2021 02:05:37.853,298.898,298.66700000000003,1,1
23.08.2021 02:05:41.655,298.898,298.671,1,1
23.08.2021 02:05:41.756,298.898,298.675,1,1
23.08.2021 02:05:41.906,298.898,298.67900000000003,1,1
23.08.2021 02:05:44.640,298.898,298.675,1,1
23.08.2021 02:05:44.740,298.898,298.66400000000004,1,1.5
23.08.2021 02:05:44.841,298.898,298.66700000000003,1,1
23.08.2021 02:05:46.356,298.898,298.663,1,1
23.08.2021 02:05:46.436,298.898,298.66700000000003,1,1
23.08.2021 02:06:03.236,298.898,298.663,1,1
23.08.2021 02:06:14.917,298.898,298.65900000000005,1,1
23.08.2021 02:06:15.017,298.898,298.66700000000003,1,1
23.08.2021 02:06:15.181,298.898,298.663,1,1
23.08.2021 02:06:15.998,298.898,298.66700000000003,1,1
23.08.2021 02:06:16.430,298.898,298.671,1,1
23.08.2021 02:06:16.712,298.898,298.675,1,1
23.08.2021 02:06:21.088,298.898,298.67900000000003,1,1
23.08.2021 02:06:21.495,298.898,298.671,1,1
23.08.2021 02:06:21.596,298.898,298.675,1,1
23.08.2021 02:06:25.380,298.898,298.67900000000003,1,1
23.08.2021 02:06:25.483,298.898,298.671,1,1
23.08.2021 02:06:25.579,298.898,298.675,1,1
23.08.2021 02:06:26.195,298.898,298.67900000000003,1,1
23.08.2021 02:06:26.294,298.898,298.66700000000003,1,1.5
23.08.2021 02:06:26.394,298.898,298.67900000000003,1,1
23.08.2021 02:06:27.111,298.898,298.675,1,1
23.08.2021 02:06:27.211,298.898,298.67900000000003,1,1
23.08.2021 02:06:27.313,298.898,298.683,1,1
23.08.2021 02:06:27.413,298.898,298.67900000000003,1,1
23.08.2021 02:06:27.717,298.898,298.683,1,1
23.08.2021 02:06:27.804,298.911,298.683,1,1
23.08.2021 02:06:27.979,298.911,298.67900000000003,1,1
23.08.2021 02:06:28.029,298.911,298.683,1,1
23.08.2021 02:06:28.321,298.911,298.67900000000003,1,1
23.08.2021 02:06:32.194,298.911,298.683,1,1
23.08.2021 02:06:33.743,298.911,298.691,1,1
23.08.2021 02:06:33.844,298.921,298.691,1,1
23.08.2021 02:06:33.945,298.921,298.695,1,1
23.08.2021 02:06:37.092,298.921,298.691,1,1
23.08.2021 02:06:45.635,298.921,298.683,1,1
23.08.2021 02:07:00.315,298.921,298.691,1,1
23.08.2021 02:07:02.344,298.921,298.687,1,1
23.08.2021 02:07:02.969,298.921,298.691,1,1
23.08.2021 02:07:09.170,298.921,298.687,1,1
23.08.2021 02:07:10.178,298.921,298.683,1,1
23.08.2021 02:07:16.245,298.91400000000004,298.683,1,1
23.08.2021 02:08:01.796,298.91400000000004,298.67900000000003,1,1
23.08.2021 02:08:04.566,298.91400000000004,298.675,1,1
23.08.2021 02:08:04.666,298.91400000000004,298.66700000000003,1,1
23.08.2021 02:08:04.748,298.91400000000004,298.671,1,1
23.08.2021 02:08:04.888,298.906,298.671,1,1
23.08.2021 02:08:04.989,298.906,298.66700000000003,1,1
23.08.2021 02:08:28.457,298.906,298.663,1,1
23.08.2021 02:08:28.645,298.891,298.663,1,1
23.08.2021 02:08:33.085,298.891,298.66700000000003,1,1
23.08.2021 02:08:55.498,298.891,298.675,1,1
23.08.2021 02:08:56.385,298.891,298.65700000000004,1,1.5
23.08.2021 02:08:56.486,298.891,298.663,1,1
23.08.2021 02:08:56.587,298.891,298.647,1,1.5
23.08.2021 02:08:56.687,298.891,298.65900000000005,1,1
23.08.2021 02:08:57.139,298.875,298.65900000000005,1,1
23.08.2021 02:08:57.189,298.875,298.651,1,1
23.08.2021 02:08:57.290,298.875,298.627,1,1.5
23.08.2021 02:08:57.391,298.875,298.639,1,1
23.08.2021 02:09:01.632,298.865,298.639,1,1
23.08.2021 02:09:01.783,298.865,298.627,1,1
23.08.2021 02:09:06.724,298.865,298.635,1,1
23.08.2021 02:09:13.430,298.865,298.631,1,1
23.08.2021 02:09:26.573,298.855,298.631,1,1
23.08.2021 02:09:26.724,298.84200000000004,298.611,1,1
23.08.2021 02:09:27.032,298.84200000000004,298.607,1,1
23.08.2021 02:09:27.133,298.84200000000004,298.611,1,1
23.08.2021 02:09:27.433,298.84200000000004,298.619,1,1
23.08.2021 02:09:31.390,298.84200000000004,298.623,1,1
23.08.2021 02:09:31.663,298.84200000000004,298.619,1,1
23.08.2021 02:09:36.614,298.85,298.627,1,1
23.08.2021 02:09:49.421,298.84200000000004,298.627,1,1
23.08.2021 02:09:49.522,298.855,298.635,1,1
23.08.2021 02:09:49.572,298.855,298.639,1,1
23.08.2021 02:09:56.226,298.855,298.643,1,1
23.08.2021 02:09:58.248,298.855,298.639,1,1
23.08.2021 02:09:58.326,298.855,298.643,1,1
23.08.2021 02:09:58.741,298.855,298.639,1,1
23.08.2021 02:10:01.601,298.855,298.643,1,1
23.08.2021 02:10:01.698,298.855,298.639,1,1
23.08.2021 02:10:02.003,298.855,298.643,1,1
23.08.2021 02:10:02.412,298.855,298.639,1,1
23.08.2021 02:10:03.581,298.86400000000003,298.639,1,1
23.08.2021 02:10:03.682,298.86400000000003,298.647,1,1
23.08.2021 02:10:03.783,298.86400000000003,298.651,1,1
23.08.2021 02:10:03.883,298.86400000000003,298.647,1,1
23.08.2021 02:10:09.221,298.86400000000003,298.643,1,1
23.08.2021 02:10:09.604,298.86400000000003,298.639,1,1
23.08.2021 02:10:12.346,298.855,298.639,1,1
23.08.2021 02:10:12.498,298.855,298.635,1,1
23.08.2021 02:10:12.598,298.855,298.622,1,1.5
23.08.2021 02:10:12.699,298.855,298.639,1,1
23.08.2021 02:10:18.566,298.855,298.635,1,1
23.08.2021 02:10:24.307,298.855,298.639,1,1
23.08.2021 02:10:25.168,298.86400000000003,298.639,1,1
23.08.2021 02:10:25.218,298.86400000000003,298.647,1,1
23.08.2021 02:10:28.731,298.86400000000003,298.643,1,1
23.08.2021 02:10:28.940,298.86400000000003,298.639,1,1
23.08.2021 02:10:43.785,298.86400000000003,298.643,1,1
23.08.2021 02:10:47.142,298.86400000000003,298.647,1,1
23.08.2021 02:10:48.713,298.851,298.647,1,1
23.08.2021 02:10:48.814,298.828,298.647,1,1
23.08.2021 02:10:48.915,298.819,298.647,1,1
23.08.2021 02:10:49.015,298.802,298.598,1,1
23.08.2021 02:10:49.066,298.79900000000004,298.598,1,1
23.08.2021 02:10:49.116,298.79900000000004,298.519,1,1.5
23.08.2021 02:10:49.217,298.776,298.519,1,1.5
23.08.2021 02:11:19.597,298.776,298.523,1,1.5
23.08.2021 02:11:20.016,298.776,298.523,1,1.5
23.08.2021 02:11:46.070,298.776,298.527,1,1.5
23.08.2021 02:11:46.225,298.776,298.527,1,1.5
23.08.2021 02:11:56.154,298.776,298.527,1,1.5
23.08.2021 02:12:01.528,298.768,298.531,1,1.5
23.08.2021 02:12:01.578,298.758,298.531,1,1.5
23.08.2021 02:12:01.729,298.762,298.531,1,1.5
23.08.2021 02:12:01.884,298.752,298.531,1,1.5
23.08.2021 02:12:01.984,298.763,298.531,1,1.5
23.08.2021 02:12:02.135,298.754,298.531,1,1.5
23.08.2021 02:12:02.236,298.76099999999997,298.531,1,1.5
23.08.2021 02:12:02.286,298.773,298.531,1,1.5
23.08.2021 02:12:02.336,298.78200000000004,298.531,1,1.5
23.08.2021 02:12:02.455,298.773,298.531,1,1.5
23.08.2021 02:12:04.343,298.77,298.531,1,1.5
23.08.2021 02:12:04.444,298.754,298.531,1,1.5
23.08.2021 02:12:04.595,298.774,298.531,1,1.5
23.08.2021 02:12:22.685,298.786,298.535,1,1.5
23.08.2021 02:12:23.033,298.786,298.535,1,1.5
23.08.2021 02:12:39.487,298.814,298.53900000000004,1,1.5
23.08.2021 02:12:50.753,298.814,298.547,1,1.5
23.08.2021 02:12:51.057,298.796,298.547,1,1.5
23.08.2021 02:12:51.108,298.796,298.547,1,1.5
23.08.2021 02:12:55.766,298.796,298.547,1,1
23.08.2021 02:12:57.265,298.796,298.543,1,1.5
23.08.2021 02:13:21.409,298.788,298.535,1,1.5
23.08.2021 02:13:23.228,298.77500000000003,298.535,1,1.5
23.08.2021 02:13:27.639,298.785,298.543,1,1.5
23.08.2021 02:13:27.689,298.785,298.543,1,1.5
23.08.2021 02:13:32.244,298.791,298.547,1,1.5
23.08.2021 02:13:42.254,298.791,298.53900000000004,1,1.5
23.08.2021 02:14:01.214,298.791,298.535,1,1
23.08.2021 02:14:01.917,298.801,298.535,1.5,1
23.08.2021 02:14:02.068,298.801,298.527,1.5,1.5
23.08.2021 02:14:02.149,298.801,298.53900000000004,1.5,1
23.08.2021 02:14:36.870,298.791,298.535,1.5,1
23.08.2021 02:14:37.065,298.791,298.535,1,1
23.08.2021 02:14:39.466,298.791,298.535,1.5,1
23.08.2021 02:14:39.520,298.791,298.531,1.5,1
23.08.2021 02:14:51.130,298.791,298.531,1,1.5
23.08.2021 02:14:53.485,298.791,298.531,1,1.5
23.08.2021 02:14:53.655,298.791,298.531,1,1.5
23.08.2021 02:15:07.760,298.791,298.535,1,1.5
23.08.2021 02:15:20.509,298.791,298.535,1,1
23.08.2021 02:15:20.610,298.791,298.531,1,1.5
23.08.2021 02:15:25.495,298.78000000000003,298.523,1,1.5
23.08.2021 02:15:30.356,298.778,298.523,1,1.5
23.08.2021 02:15:30.456,298.778,298.519,1,1.5
23.08.2021 02:15:30.881,298.778,298.523,1,1.5
23.08.2021 02:16:11.511,298.778,298.523,1,1.5
23.08.2021 02:16:15.408,298.778,298.523,1,1.5
23.08.2021 02:16:24.933,298.778,298.523,1,1.5
23.08.2021 02:16:33.287,298.778,298.519,1,1.5
23.08.2021 02:16:44.575,298.778,298.527,1,1
23.08.2021 02:16:44.675,298.778,298.523,1,1.5
23.08.2021 02:16:44.802,298.778,298.519,1,1.5
23.08.2021 02:17:12.285,298.778,298.523,1,1.5
23.08.2021 02:17:14.132,298.778,298.519,1,1.5
23.08.2021 02:17:33.439,298.778,298.523,1,1.5
23.08.2021 02:17:33.844,298.778,298.51099999999997,1,1.5
23.08.2021 02:17:44.989,298.778,298.515,1,1
23.08.2021 02:17:45.496,298.778,298.51099999999997,1,1.5
23.08.2021 02:18:33.658,298.762,298.51099999999997,1,1.5
23.08.2021 02:18:40.038,298.762,298.499,1,1.5
23.08.2021 02:19:04.486,298.768,298.503,1.5,1.5
23.08.2021 02:19:09.914,298.768,298.503,1,1.5
23.08.2021 02:19:15.051,298.768,298.51099999999997,1,2
23.08.2021 02:19:16.714,298.76099999999997,298.51099999999997,1,1.5
23.08.2021 02:19:16.923,298.768,298.51099999999997,1,1.5
23.08.2021 02:19:18.386,298.78000000000003,298.519,1,1.5
23.08.2021 02:19:18.487,298.79900000000004,298.519,1.5,1.5
23.08.2021 02:19:18.738,298.788,298.519,1,1.5
23.08.2021 02:19:19.273,298.788,298.519,1,1.5
23.08.2021 02:19:22.895,298.788,298.519,1,1.5
23.08.2021 02:19:28.591,298.788,298.523,1,2
23.08.2021 02:19:28.793,298.788,298.523,1,2
23.08.2021 02:19:30.136,298.776,298.519,1,1.75
23.08.2021 02:19:30.186,298.776,298.519,1,1.5
23.08.2021 02:19:37.614,298.776,298.527,1,1
23.08.2021 02:19:38.020,298.776,298.523,1,1.5
23.08.2021 02:19:45.455,298.776,298.527,1,1
23.08.2021 02:19:47.090,298.776,298.523,1,1.5
23.08.2021 02:19:47.191,298.78700000000003,298.523,1.5,1.5
23.08.2021 02:19:47.241,298.78700000000003,298.531,1.5,1
23.08.2021 02:19:47.371,298.78700000000003,298.531,1,1
23.08.2021 02:20:02.035,298.78700000000003,298.531,1,1.5
23.08.2021 02:20:02.185,298.78700000000003,298.535,1,1
23.08.2021 02:20:07.209,298.78700000000003,298.531,1,1
23.08.2021 02:20:07.310,298.78700000000003,298.527,1,1
23.08.2021 02:20:07.411,298.78700000000003,298.527,1.5,1
23.08.2021 02:20:08.769,298.78700000000003,298.527,1,1
23.08.2021 02:20:11.262,298.80400000000003,298.527,1.5,1
23.08.2021 02:20:11.328,298.80400000000003,298.527,1,1.5
23.08.2021 02:20:12.889,298.80400000000003,298.527,1,1.5
23.08.2021 02:20:13.090,298.80400000000003,298.527,1,1.5
23.08.2021 02:20:13.415,298.80400000000003,298.53200000000004,1,2
23.08.2021 02:20:14.038,298.80400000000003,298.53200000000004,1,2
23.08.2021 02:20:14.541,298.80400000000003,298.53200000000004,1,2
23.08.2021 02:20:14.919,298.80400000000003,298.53200000000004,1,2
23.08.2021 02:20:15.314,298.80400000000003,298.53200000000004,1,2
23.08.2021 02:20:15.865,298.80400000000003,298.53200000000004,1,2
23.08.2021 02:20:16.441,298.80400000000003,298.53200000000004,1,2
23.08.2021 02:20:17.018,298.80400000000003,298.53200000000004,1,2
23.08.2021 02:20:28.304,298.80400000000003,298.53900000000004,1,1.5
23.08.2021 02:20:28.506,298.80400000000003,298.53900000000004,1,1.5
23.08.2021 02:20:33.566,298.815,298.53900000000004,1,1.5
23.08.2021 02:20:57.020,298.83,298.54,1,2
23.08.2021 02:20:57.173,298.83,298.547,1,1.5
23.08.2021 02:21:11.341,298.83,298.558,1,1.95
23.08.2021 02:21:22.177,298.818,298.565,1,1
23.08.2021 02:21:55.890,298.82599999999996,298.568,1,1.7
23.08.2021 02:21:59.124,298.82599999999996,298.568,1,1.95
23.08.2021 02:22:01.199,298.839,298.568,1,1.95
23.08.2021 02:22:02.057,298.839,298.568,1,1.95
23.08.2021 02:22:55.227,298.839,298.573,1,2
23.08.2021 02:22:55.277,298.851,298.573,1,2
23.08.2021 02:23:23.012,298.839,298.578,1,1.7
23.08.2021 02:23:23.062,298.839,298.578,1,1.7
23.08.2021 02:23:30.861,298.839,298.568,1,1.7
23.08.2021 02:23:30.911,298.828,298.568,1,1.7
23.08.2021 02:23:32.598,298.828,298.568,1,1.7
23.08.2021 02:23:41.864,298.828,298.558,1,1.7
23.08.2021 02:23:42.299,298.828,298.568,1,1.7
23.08.2021 02:23:46.730,298.828,298.568,1,1.7
23.08.2021 02:24:07.530,298.838,298.568,1,1.95
23.08.2021 02:24:32.710,298.84900000000005,298.588,1,1.7
23.08.2021 02:24:32.760,298.84900000000005,298.588,1,1.95
23.08.2021 02:24:46.729,298.84900000000005,298.588,1,1.95
23.08.2021 02:24:57.098,298.84900000000005,298.588,1,1.7
23.08.2021 02:25:03.410,298.84900000000005,298.598,1,1.6
23.08.2021 02:25:05.805,298.84900000000005,298.578,1,1.7
23.08.2021 02:25:09.591,298.84900000000005,298.578,1,1.7
23.08.2021 02:25:19.996,298.84900000000005,298.578,1,1.7
23.08.2021 02:25:33.138,298.836,298.578,1,1.7
23.08.2021 02:25:33.491,298.836,298.578,1,1.7
23.08.2021 02:25:33.642,298.823,298.578,1,1.7
23.08.2021 02:25:41.658,298.823,298.568,1,1.7
23.08.2021 02:26:00.356,298.836,298.578,1,1.7
23.08.2021 02:26:02.626,298.836,298.559,1,2.75
23.08.2021 02:26:03.982,298.82599999999996,298.568,1,1.7
23.08.2021 02:26:15.233,298.815,298.558,1,1.7
23.08.2021 02:26:15.864,298.815,298.558,1,1.75
