Gmt time,Ask,Bid,AskVolume,BidVolume
20.08.2021 00:00:00.032,300.713,300.437,1,0.1
20.08.2021 00:00:00.083,300.688,300.437,1,0.1
20.08.2021 00:00:00.183,300.688,300.39,1.25,0.1
20.08.2021 00:00:00.284,300.688,300.39,1.75,0.1
20.08.2021 00:00:00.385,300.688,300.384,1.75,0.1
20.08.2021 00:00:00.485,300.69,300.425,1.75,0.1
20.08.2021 00:00:00.670,300.7,300.435,1.25,0.1
20.08.2021 00:00:00.771,300.7,300.443,1.25,0.1
20.08.2021 00:00:01.098,300.689,300.443,1.25,0.1
20.08.2021 00:00:01.180,300.689,300.42900000000003,1.25,0.1
20.08.2021 00:00:01.438,300.689,300.42900000000003,1.25,0.1
20.08.2021 00:00:01.640,300.689,300.42900000000003,1.25,0.1
20.08.2021 00:00:01.690,300.689,300.45099999999996,1.25,0.1
20.08.2021 00:00:02.701,300.689,300.445,1.25,0.1
20.08.2021 00:00:05.645,300.689,300.447,1.25,0.1
20.08.2021 00:00:07.679,300.689,300.445,1.25,0.1
20.08.2021 00:00:08.698,300.689,300.447,1.25,0.1
20.08.2021 00:00:10.147,300.689,300.447,1.25,0.1
20.08.2021 00:00:10.247,300.687,300.41700000000003,1.75,0.1
20.08.2021 00:00:10.348,300.684,300.184,1.12,1
20.08.2021 00:00:10.398,300.705,300.232,1.25,1
20.08.2021 00:00:10.499,300.666,300.387,1.5,0.1
20.08.2021 00:00:10.601,300.676,300.387,1.25,0.1
20.08.2021 00:00:10.752,300.66700000000003,300.382,1.75,0.1
20.08.2021 00:00:10.853,300.668,300.391,1.25,0.1
20.08.2021 00:00:10.954,300.668,300.396,1.25,0.1
20.08.2021 00:00:11.054,300.65900000000005,300.382,1.25,0.1
20.08.2021 00:00:11.205,300.67,300.382,1,0.1
20.08.2021 00:00:11.256,300.596,300.382,0.37,0.1
20.08.2021 00:00:11.407,300.666,300.384,1.25,0.1
20.08.2021 00:00:11.457,300.666,300.384,1.25,0.1
20.08.2021 00:00:11.508,300.66,300.381,1.75,0.1
20.08.2021 00:00:11.608,300.7,300.383,1.25,0.1
20.08.2021 00:00:11.668,300.7,300.422,1.25,0.1
20.08.2021 00:00:11.819,300.647,300.422,1.12,0.1
20.08.2021 00:00:11.919,300.647,300.381,1.25,0.1
20.08.2021 00:00:12.070,300.651,300.381,1.12,0.1
20.08.2021 00:00:12.171,300.596,300.397,0.37,0.1
20.08.2021 00:00:12.272,300.681,300.398,1.75,0.1
20.08.2021 00:00:12.322,300.656,300.402,1.5,0.1
20.08.2021 00:00:12.423,300.652,300.394,1.25,0.1
20.08.2021 00:00:12.524,300.652,300.383,1.25,0.1
20.08.2021 00:00:12.675,300.695,300.391,1.25,0.1
20.08.2021 00:00:12.725,300.698,300.413,1.25,0.1
20.08.2021 00:00:12.826,300.698,300.433,1.25,0.1
20.08.2021 00:00:12.988,300.698,300.42900000000003,1.25,0.1
20.08.2021 00:00:13.087,300.698,300.41400000000004,1.25,0.1
20.08.2021 00:00:13.696,300.698,300.453,1.25,0.1
20.08.2021 00:00:13.940,300.69599999999997,300.391,1.25,0.1
20.08.2021 00:00:14.041,300.668,300.395,1.25,0.1
20.08.2021 00:00:14.102,300.668,300.377,1.25,0.1
20.08.2021 00:00:14.254,300.647,300.377,1.25,0.1
20.08.2021 00:00:14.408,300.647,300.388,1.25,0.1
20.08.2021 00:00:14.564,300.672,300.388,1.25,0.1
20.08.2021 00:00:14.710,300.672,300.413,1.25,0.1
20.08.2021 00:00:15.631,300.672,300.428,1.25,0.1
20.08.2021 00:00:16.644,300.672,300.43,1.25,0.1
20.08.2021 00:00:16.932,300.643,300.43,1.25,0.1
20.08.2021 00:00:17.054,300.643,300.398,1.25,0.1
20.08.2021 00:00:17.670,300.643,300.41700000000003,1.25,0.1
20.08.2021 00:00:18.682,300.643,300.41900000000004,1.25,0.1
20.08.2021 00:00:19.703,300.643,300.42,1.25,0.1
20.08.2021 00:00:20.730,300.643,300.41900000000004,1.25,0.1
20.08.2021 00:00:22.657,300.643,300.42,1.25,0.1
20.08.2021 00:00:24.447,300.64,300.42,1,0.1
20.08.2021 00:00:24.581,300.64,300.404,1,0.1
20.08.2021 00:00:24.685,300.64,300.428,1,0.1
20.08.2021 00:00:25.710,300.64,300.43,1,0.1
20.08.2021 00:00:26.725,300.64,300.431,1,0.1
20.08.2021 00:00:27.651,300.64,300.432,1,0.1
20.08.2021 00:00:29.700,300.64,300.43,1,0.1
20.08.2021 00:00:30.725,300.64,300.431,1,0.1
20.08.2021 00:00:31.649,300.64,300.34200000000004,1,0.1
20.08.2021 00:00:32.106,300.665,300.39,1.25,0.1
20.08.2021 00:00:32.670,300.665,300.43,1.25,0.1
20.08.2021 00:00:33.689,300.665,300.40500000000003,1.25,0.1
20.08.2021 00:00:33.847,300.676,300.40500000000003,1.75,0.1
20.08.2021 00:00:33.898,300.67900000000003,300.40000000000003,1.75,0.1
20.08.2021 00:00:34.397,300.68,300.40000000000003,1.25,0.1
20.08.2021 00:00:34.498,300.666,300.415,1.25,0.1
20.08.2021 00:00:34.699,300.666,300.411,1.25,0.1
20.08.2021 00:00:35.714,300.666,300.428,1.25,0.1
20.08.2021 00:00:36.620,300.666,300.385,1.25,0.1
20.08.2021 00:00:36.725,300.666,300.40500000000003,1.25,0.1
20.08.2021 00:00:37.640,300.666,300.431,1.25,0.1
20.08.2021 00:00:38.648,300.666,300.432,1.25,0.1
20.08.2021 00:00:39.661,300.666,300.431,1.25,0.1
20.08.2021 00:00:40.688,300.666,300.42900000000003,1.25,0.1
20.08.2021 00:00:41.616,300.67,300.42900000000003,1.25,0.1
20.08.2021 00:00:41.706,300.67,300.40900000000005,1.25,0.1
20.08.2021 00:00:41.852,300.67,300.408,1.25,0.12
20.08.2021 00:00:41.909,300.67,300.34700000000004,1.25,0.1
20.08.2021 00:00:42.060,300.66900000000004,300.392,1.25,0.1
20.08.2021 00:00:42.713,300.671,300.432,1.25,0.1
20.08.2021 00:00:43.735,300.671,300.433,1.25,0.1
20.08.2021 00:00:44.040,300.671,300.399,1.25,0.1
20.08.2021 00:00:44.648,300.671,300.433,1.25,0.1
20.08.2021 00:00:45.657,300.673,300.434,1.25,0.1
20.08.2021 00:00:46.594,300.673,300.402,1.25,0.1
20.08.2021 00:00:46.671,300.673,300.434,1.25,0.1
20.08.2021 00:00:48.717,300.673,300.435,1.25,0.1
20.08.2021 00:00:49.741,300.673,300.434,1.25,0.1
20.08.2021 00:00:50.659,300.673,300.435,1.25,0.1
20.08.2021 00:00:51.693,300.673,300.433,1.25,0.1
20.08.2021 00:00:52.206,300.675,300.416,1.25,0.1
20.08.2021 00:00:52.713,300.675,300.435,1.25,0.1
20.08.2021 00:00:56.690,300.675,300.436,1.25,0.1
20.08.2021 00:00:57.714,300.675,300.438,1.25,0.1
20.08.2021 00:00:58.228,300.675,300.35400000000004,1.25,0.1
20.08.2021 00:01:02.179,300.677,300.402,1.25,0.1
20.08.2021 00:01:02.682,300.677,300.434,1.25,0.1
20.08.2021 00:01:02.784,300.677,300.433,1.25,0.12
20.08.2021 00:01:02.884,300.677,300.35200000000003,1.25,0.1
20.08.2021 00:01:03.288,300.677,300.395,1.25,0.1
20.08.2021 00:01:03.689,300.677,300.433,1.25,0.1
20.08.2021 00:01:05.731,300.677,300.435,1.25,0.1
20.08.2021 00:01:06.655,300.677,300.436,1.25,0.1
20.08.2021 00:01:07.689,300.677,300.437,1.25,0.1
20.08.2021 00:01:08.702,300.677,300.435,1.25,0.1
20.08.2021 00:01:09.708,300.677,300.438,1.25,0.1
20.08.2021 00:01:10.718,300.677,300.437,1.25,0.1
20.08.2021 00:01:11.726,300.677,300.438,1.25,0.1
20.08.2021 00:01:13.666,300.677,300.437,1.25,0.1
20.08.2021 00:01:13.880,300.677,300.394,1.25,0.1
20.08.2021 00:01:13.981,300.668,300.401,1.25,0.1
20.08.2021 00:01:14.087,300.668,300.40500000000003,1.25,0.1
20.08.2021 00:01:14.676,300.668,300.432,1.25,0.1
20.08.2021 00:01:17.734,300.668,300.433,1.25,0.1
20.08.2021 00:01:18.759,300.668,300.434,1.25,0.1
20.08.2021 00:01:20.692,300.668,300.432,1.25,0.1
20.08.2021 00:01:21.714,300.668,300.433,1.25,0.1
20.08.2021 00:01:22.730,300.668,300.434,1.25,0.1
20.08.2021 00:01:23.746,300.668,300.432,1.25,0.1
20.08.2021 00:01:24.759,300.668,300.433,1.25,0.1
20.08.2021 00:01:25.710,300.668,300.434,1.25,0.1
20.08.2021 00:01:26.689,300.668,300.432,1.25,0.1
20.08.2021 00:01:27.703,300.668,300.433,1.25,0.1
20.08.2021 00:01:28.726,300.668,300.434,1.25,0.1
20.08.2021 00:01:30.672,300.668,300.431,1.25,0.1
20.08.2021 00:01:32.711,300.668,300.433,1.25,0.1
20.08.2021 00:01:33.728,300.668,300.431,1.25,0.1
20.08.2021 00:01:34.744,300.668,300.433,1.25,0.1
20.08.2021 00:01:36.677,300.668,300.434,1.25,0.1
20.08.2021 00:01:37.696,300.668,300.435,1.25,0.1
20.08.2021 00:01:40.735,300.668,300.433,1.25,0.1
20.08.2021 00:01:41.750,300.668,300.434,1.25,0.1
20.08.2021 00:01:42.766,300.668,300.435,1.25,0.1
20.08.2021 00:01:44.693,300.606,300.432,0.37,0.1
20.08.2021 00:01:46.729,300.606,300.434,0.37,0.1
20.08.2021 00:01:47.748,300.606,300.432,0.37,0.1
20.08.2021 00:01:48.772,300.606,300.434,0.37,0.1
20.08.2021 00:01:49.700,300.606,300.433,0.37,0.1
20.08.2021 00:01:50.725,300.606,300.434,0.37,0.1
20.08.2021 00:01:51.743,300.606,300.435,0.37,0.1
20.08.2021 00:01:52.761,300.606,300.436,0.37,0.1
20.08.2021 00:01:53.776,300.606,300.434,0.37,0.1
20.08.2021 00:01:54.708,300.606,300.41900000000004,0.37,0.1
20.08.2021 00:01:55.753,300.606,300.42,0.37,0.1
20.08.2021 00:01:56.751,300.606,300.418,0.37,0.1
20.08.2021 00:01:57.771,300.606,300.42,0.37,0.1
20.08.2021 00:01:58.483,300.606,300.378,0.37,0.1
20.08.2021 00:01:58.789,300.606,300.41700000000003,0.37,0.1
20.08.2021 00:01:59.304,300.67,300.34000000000003,1.75,0.1
20.08.2021 00:01:59.400,300.66,300.332,1.25,0.1
20.08.2021 00:01:59.450,300.651,300.332,1.25,0.1
20.08.2021 00:01:59.698,300.651,300.411,1.25,0.1
20.08.2021 00:01:59.900,300.651,300.393,1.25,0.1
20.08.2021 00:02:00.708,300.651,300.399,1.25,0.1
20.08.2021 00:02:01.746,300.651,300.401,1.25,0.1
20.08.2021 00:02:02.735,300.651,300.402,1.25,0.1
20.08.2021 00:02:03.761,300.651,300.403,1.25,0.1
20.08.2021 00:02:04.172,300.651,300.371,1.25,0.1
20.08.2021 00:02:04.290,300.651,300.374,1.25,0.1
20.08.2021 00:02:04.786,300.651,300.402,1.25,0.1
20.08.2021 00:02:05.709,300.651,300.404,1.25,0.1
20.08.2021 00:02:06.709,300.651,300.40500000000003,1.25,0.1
20.08.2021 00:02:07.730,300.651,300.406,1.25,0.1
20.08.2021 00:02:08.763,300.651,300.403,1.25,0.1
20.08.2021 00:02:09.785,300.651,300.40500000000003,1.25,0.1
20.08.2021 00:02:10.717,300.651,300.406,1.25,0.1
20.08.2021 00:02:11.748,300.651,300.402,1.25,0.1
20.08.2021 00:02:12.771,300.651,300.40500000000003,1.25,0.1
20.08.2021 00:02:13.696,300.651,300.406,1.25,0.1
20.08.2021 00:02:17.784,300.596,300.40500000000003,0.37,0.1
20.08.2021 00:02:19.017,300.651,300.385,1.25,0.1
20.08.2021 00:02:19.725,300.651,300.401,1.25,0.1
20.08.2021 00:02:20.755,300.651,300.403,1.25,0.1
20.08.2021 00:02:21.369,300.651,300.323,1.25,0.1
20.08.2021 00:02:21.773,300.651,300.401,1.25,0.1
20.08.2021 00:02:22.781,300.651,300.40000000000003,1.25,0.1
20.08.2021 00:02:23.703,300.651,300.402,1.25,0.1
20.08.2021 00:02:24.726,300.651,300.40000000000003,1.25,0.1
20.08.2021 00:02:25.746,300.651,300.402,1.25,0.1
20.08.2021 00:02:26.762,300.651,300.40000000000003,1.25,0.1
20.08.2021 00:02:28.791,300.651,300.402,1.25,0.1
20.08.2021 00:02:29.710,300.651,300.403,1.25,0.1
20.08.2021 00:02:30.823,300.645,300.403,1.25,0.1
20.08.2021 00:02:30.874,300.645,300.32599999999996,1.25,0.1
20.08.2021 00:02:31.077,300.639,300.361,1.25,0.1
20.08.2021 00:02:31.751,300.639,300.396,1.25,0.1
20.08.2021 00:02:32.777,300.639,300.397,1.25,0.1
20.08.2021 00:02:33.799,300.639,300.398,1.25,0.1
20.08.2021 00:02:35.736,300.639,300.396,1.25,0.1
20.08.2021 00:02:36.770,300.639,300.398,1.25,0.1
20.08.2021 00:02:38.729,300.639,300.395,1.25,0.1
20.08.2021 00:02:40.778,300.639,300.397,1.25,0.1
20.08.2021 00:02:41.297,300.639,300.32099999999997,1.25,0.1
20.08.2021 00:02:41.399,300.639,300.32099999999997,1.25,0.1
20.08.2021 00:02:41.501,300.639,300.353,1.25,0.1
20.08.2021 00:02:41.602,300.626,300.309,1.25,0.1
20.08.2021 00:02:41.653,300.626,300.309,1.25,0.1
20.08.2021 00:02:41.703,300.626,300.387,1.25,0.1
20.08.2021 00:02:41.804,300.626,300.389,1.25,0.1
20.08.2021 00:02:42.436,300.626,300.389,1.25,0.1
20.08.2021 00:02:42.487,300.628,300.389,1.25,0.1
20.08.2021 00:02:43.307,300.628,300.389,1.25,0.1
20.08.2021 00:02:44.084,300.628,300.389,1.25,0.1
20.08.2021 00:02:44.743,300.628,300.38599999999997,1.25,0.1
20.08.2021 00:02:45.760,300.628,300.388,1.25,0.1
20.08.2021 00:02:46.231,300.627,300.388,1.25,0.1
20.08.2021 00:02:46.774,300.625,300.38599999999997,1.25,0.1
20.08.2021 00:02:47.786,300.625,300.385,1.25,0.1
20.08.2021 00:02:48.595,300.625,300.384,1.25,0.12
20.08.2021 00:02:48.698,300.625,300.371,1.25,0.1
20.08.2021 00:02:48.796,300.625,300.383,1.25,0.1
20.08.2021 00:02:49.715,300.625,300.384,1.25,0.12
20.08.2021 00:02:49.816,300.625,300.385,1.25,0.1
20.08.2021 00:02:50.739,300.625,300.38599999999997,1.25,0.1
20.08.2021 00:02:53.807,300.625,300.383,1.25,0.1
20.08.2021 00:02:54.742,300.625,300.384,1.25,0.1
20.08.2021 00:02:55.767,300.625,300.377,1.25,0.1
20.08.2021 00:02:56.798,300.625,300.379,1.25,0.1
20.08.2021 00:02:56.901,300.625,300.341,1.25,0.1
20.08.2021 00:02:57.719,300.625,300.34000000000003,1.25,0.12
20.08.2021 00:02:57.821,300.625,300.378,1.25,0.1
20.08.2021 00:02:58.743,300.625,300.38,1.25,0.1
20.08.2021 00:02:59.767,300.625,300.381,1.25,0.1
20.08.2021 00:03:02.815,300.625,300.377,1.25,0.1
20.08.2021 00:03:03.737,300.625,300.379,1.25,0.1
20.08.2021 00:03:04.761,300.625,300.38,1.25,0.1
20.08.2021 00:03:05.776,300.625,300.381,1.25,0.1
20.08.2021 00:03:10.812,300.615,300.3,1.25,0.1
20.08.2021 00:03:10.903,300.615,300.296,1.25,0.1
20.08.2021 00:03:11.018,300.615,300.34000000000003,1.25,0.1
20.08.2021 00:03:11.404,300.615,300.288,1.25,0.1
20.08.2021 00:03:11.455,300.607,300.288,1.25,0.1
20.08.2021 00:03:11.806,300.607,300.367,1.25,0.1
20.08.2021 00:03:12.813,300.607,300.368,1.25,0.1
20.08.2021 00:03:13.820,300.607,300.365,1.25,0.1
20.08.2021 00:03:14.301,300.607,300.365,1.25,0.1
20.08.2021 00:03:14.426,300.60900000000004,300.336,1.25,0.1
20.08.2021 00:03:14.862,300.60900000000004,300.368,1.25,0.1
20.08.2021 00:03:15.741,300.611,300.37,1.25,0.1
20.08.2021 00:03:16.767,300.611,300.371,1.25,0.1
20.08.2021 00:03:19.537,300.611,300.371,1.25,0.1
20.08.2021 00:03:19.638,300.61,300.316,1.25,0.1
20.08.2021 00:03:19.739,300.59700000000004,300.199,1.12,1
20.08.2021 00:03:19.840,300.59700000000004,300.318,1.25,0.1
20.08.2021 00:03:20.237,300.59700000000004,300.315,1.25,0.1
20.08.2021 00:03:20.489,300.6,300.314,1.25,0.12
20.08.2021 00:03:20.540,300.6,300.27500000000003,1.25,0.1
20.08.2021 00:03:20.691,300.588,300.27,1.25,0.1
20.08.2021 00:03:20.827,300.588,300.344,1.25,0.1
20.08.2021 00:03:21.839,300.588,300.34700000000004,1.25,0.1
20.08.2021 00:03:22.754,300.588,300.348,1.25,0.1
20.08.2021 00:03:28.274,300.588,300.266,1.25,0.1
20.08.2021 00:03:28.375,300.59200000000004,300.348,1.25,0.1
20.08.2021 00:03:28.469,300.59200000000004,300.331,1.25,0.1
20.08.2021 00:03:28.771,300.594,300.34900000000005,1.25,0.1
20.08.2021 00:03:29.795,300.594,300.351,1.25,0.1
20.08.2021 00:03:30.047,300.59700000000004,300.276,1.25,0.1
20.08.2021 00:03:30.098,300.59700000000004,300.336,1.25,0.1
20.08.2021 00:03:30.154,300.59700000000004,300.336,1.25,0.1
20.08.2021 00:03:30.205,300.61,300.316,1.87,0.1
20.08.2021 00:03:30.337,300.61,300.329,1.25,0.1
20.08.2021 00:03:30.401,300.61,300.276,1.25,0.1
20.08.2021 00:03:30.601,300.61,300.337,1.25,0.1
20.08.2021 00:03:30.800,300.61,300.355,1.25,0.1
20.08.2021 00:03:31.817,300.61,300.357,1.25,0.1
20.08.2021 00:03:32.225,300.6,300.268,1.25,0.1
20.08.2021 00:03:32.335,300.593,300.268,1.25,0.1
20.08.2021 00:03:32.474,300.593,300.333,1.25,0.1
20.08.2021 00:03:32.824,300.593,300.34900000000005,1.25,0.1
20.08.2021 00:03:33.751,300.593,300.351,1.25,0.1
20.08.2021 00:03:34.629,300.595,300.351,1.25,0.1
20.08.2021 00:03:34.785,300.598,300.346,1.25,0.1
20.08.2021 00:03:35.475,300.598,300.307,1.25,0.1
20.08.2021 00:03:35.577,300.59000000000003,300.315,1.25,0.1
20.08.2021 00:03:35.693,300.59000000000003,300.268,1.25,0.1
20.08.2021 00:03:35.794,300.59200000000004,300.34700000000004,1.25,0.1
20.08.2021 00:03:35.895,300.59200000000004,300.335,1.25,0.1
20.08.2021 00:03:36.794,300.59200000000004,300.35,1.25,0.1
20.08.2021 00:03:37.814,300.59200000000004,300.35200000000003,1.25,0.1
20.08.2021 00:03:38.836,300.59200000000004,300.353,1.25,0.1
20.08.2021 00:03:39.750,300.59200000000004,300.35,1.25,0.1
20.08.2021 00:03:40.769,300.59200000000004,300.35200000000003,1.25,0.1
20.08.2021 00:03:41.797,300.59200000000004,300.353,1.25,0.1
20.08.2021 00:03:43.129,300.59200000000004,300.337,1.25,0.1
20.08.2021 00:03:43.846,300.596,300.351,1.25,0.1
20.08.2021 00:03:44.781,300.596,300.35200000000003,1.25,0.1
20.08.2021 00:03:44.998,300.586,300.305,1.25,0.1
20.08.2021 00:03:45.099,300.586,300.33,1.25,0.1
20.08.2021 00:03:45.710,300.586,300.32,1.25,0.1
20.08.2021 00:03:45.793,300.586,300.344,1.25,0.1
20.08.2021 00:03:46.605,300.586,300.314,1.25,0.1
20.08.2021 00:03:46.709,300.586,300.32599999999996,1.25,0.1
20.08.2021 00:03:46.814,300.586,300.34200000000004,1.25,0.1
20.08.2021 00:03:47.823,300.586,300.344,1.25,0.1
20.08.2021 00:03:48.027,300.586,300.306,1.25,0.1
20.08.2021 00:03:48.847,300.586,300.345,1.25,0.1
20.08.2021 00:03:49.773,300.586,300.34700000000004,1.25,0.1
20.08.2021 00:03:51.733,300.6,300.309,1.25,0.1
20.08.2021 00:03:51.811,300.603,300.346,1.75,0.1
20.08.2021 00:03:51.861,300.59900000000005,300.346,1.25,0.1
20.08.2021 00:03:51.912,300.59900000000005,300.332,1.25,0.1
20.08.2021 00:03:52.815,300.59900000000005,300.35200000000003,1.25,0.1
20.08.2021 00:03:53.840,300.59900000000005,300.35400000000004,1.25,0.1
20.08.2021 00:03:54.863,300.59900000000005,300.355,1.25,0.1
20.08.2021 00:03:55.014,300.606,300.28000000000003,1.25,0.1
20.08.2021 00:03:55.064,300.606,300.32599999999996,1.25,0.1
20.08.2021 00:03:55.115,300.606,300.32599999999996,1.25,0.1
20.08.2021 00:03:55.165,300.608,300.344,1.25,0.1
20.08.2021 00:03:55.772,300.608,300.36,1.25,0.1
20.08.2021 00:03:56.830,300.608,300.362,1.25,0.1
20.08.2021 00:03:59.232,300.61,300.34200000000004,1.25,0.1
20.08.2021 00:03:59.846,300.61,300.362,1.25,0.1
20.08.2021 00:04:00.855,300.61,300.363,1.25,0.1
20.08.2021 00:04:00.957,300.581,300.195,1,1
20.08.2021 00:04:01.763,300.58,300.353,1,0.1
20.08.2021 00:04:01.864,300.58,300.356,1,0.1
20.08.2021 00:04:02.387,300.57599999999996,300.279,1,0.1
20.08.2021 00:04:02.594,300.57599999999996,300.195,1,1
20.08.2021 00:04:02.778,300.574,300.355,1,0.1
20.08.2021 00:04:03.481,300.581,300.343,1,0.1
20.08.2021 00:04:03.585,300.581,300.341,1,0.1
20.08.2021 00:04:03.834,300.584,300.358,1,0.1
20.08.2021 00:04:04.394,300.584,300.34000000000003,1,0.1
20.08.2021 00:04:04.802,300.584,300.358,1,0.1
20.08.2021 00:04:05.314,300.584,300.34200000000004,1,0.1
20.08.2021 00:04:05.822,300.60900000000004,300.358,1.25,0.1
20.08.2021 00:04:06.130,300.60900000000004,300.333,1.25,0.1
20.08.2021 00:04:06.843,300.611,300.36,1.25,0.1
20.08.2021 00:04:07.855,300.611,300.361,1.25,0.1
20.08.2021 00:04:08.769,300.611,300.343,1.25,0.1
20.08.2021 00:04:08.869,300.611,300.358,1.25,0.1
20.08.2021 00:04:10.786,300.611,300.36,1.25,0.1
20.08.2021 00:04:11.803,300.611,300.358,1.25,0.1
20.08.2021 00:04:12.815,300.611,300.36,1.25,0.1
20.08.2021 00:04:14.551,300.611,300.334,1.25,0.1
20.08.2021 00:04:14.856,300.611,300.36400000000003,1.25,0.1
20.08.2021 00:04:15.868,300.611,300.365,1.25,0.1
20.08.2021 00:04:16.777,300.611,300.366,1.25,0.1
20.08.2021 00:04:18.530,300.62,300.365,1.25,0.12
20.08.2021 00:04:18.630,300.626,300.288,1.75,0.1
20.08.2021 00:04:18.790,300.615,300.366,1.25,0.1
20.08.2021 00:04:19.800,300.615,300.365,1.25,0.1
20.08.2021 00:04:20.414,300.615,300.348,1.25,0.1
20.08.2021 00:04:20.825,300.615,300.365,1.25,0.1
20.08.2021 00:04:21.843,300.615,300.366,1.25,0.1
20.08.2021 00:04:22.988,300.61,300.29,1.25,0.1
20.08.2021 00:04:23.235,300.605,300.285,1.25,0.1
20.08.2021 00:04:24.702,300.605,300.34700000000004,1.25,0.1
20.08.2021 00:04:25.660,300.605,300.357,1.25,0.1
20.08.2021 00:04:25.825,300.605,300.358,1.25,0.1
20.08.2021 00:04:26.861,300.605,300.355,1.25,0.1
20.08.2021 00:04:27.786,300.605,300.357,1.25,0.1
20.08.2021 00:04:28.812,300.605,300.358,1.25,0.1
20.08.2021 00:04:32.795,300.605,300.355,1.25,0.1
20.08.2021 00:04:33.819,300.605,300.358,1.25,0.1
20.08.2021 00:04:34.839,300.57599999999996,300.35900000000004,1,0.1
20.08.2021 00:04:35.859,300.605,300.356,1.25,0.1
20.08.2021 00:04:36.880,300.605,300.358,1.25,0.1
20.08.2021 00:04:37.798,300.605,300.35900000000004,1.25,0.1
20.08.2021 00:04:38.815,300.605,300.357,1.25,0.1
20.08.2021 00:04:40.855,300.605,300.35900000000004,1.25,0.1
20.08.2021 00:04:41.864,300.605,300.357,1.25,0.1
20.08.2021 00:04:42.788,300.605,300.35900000000004,1.25,0.1
20.08.2021 00:04:43.799,300.605,300.36,1.25,0.1
20.08.2021 00:04:45.431,300.605,300.344,1.25,0.1
20.08.2021 00:04:45.634,300.598,300.356,1.25,0.1
20.08.2021 00:04:45.834,300.598,300.357,1.25,0.1
20.08.2021 00:04:46.859,300.598,300.358,1.25,0.1
20.08.2021 00:04:46.945,300.598,300.341,1.25,0.1
20.08.2021 00:04:47.453,300.601,300.344,1.25,0.1
20.08.2021 00:04:47.856,300.601,300.35900000000004,1.25,0.1
20.08.2021 00:04:48.872,300.601,300.361,1.25,0.1
20.08.2021 00:04:49.882,300.601,300.356,1.25,0.1
20.08.2021 00:04:50.806,300.601,300.357,1.25,0.1
20.08.2021 00:04:51.829,300.601,300.36,1.25,0.1
20.08.2021 00:04:52.840,300.601,300.361,1.25,0.1
20.08.2021 00:04:56.803,300.61,300.358,1.25,0.1
20.08.2021 00:04:57.825,300.61,300.35900000000004,1.25,0.1
20.08.2021 00:04:58.848,300.61,300.36,1.25,0.1
20.08.2021 00:04:59.389,300.598,300.35900000000004,1.25,0.12
20.08.2021 00:04:59.489,300.595,300.333,1.25,0.1
20.08.2021 00:04:59.596,300.59700000000004,300.285,1.25,0.1
20.08.2021 00:04:59.859,300.59700000000004,300.357,1.25,0.1
20.08.2021 00:05:00.727,300.598,300.357,1.25,0.1
20.08.2021 00:05:00.878,300.59900000000005,300.334,1.25,0.1
20.08.2021 00:05:01.875,300.59900000000005,300.369,1.25,0.1
20.08.2021 00:05:02.884,300.59900000000005,300.35900000000004,1.25,0.1
20.08.2021 00:05:03.808,300.59900000000005,300.361,1.25,0.1
20.08.2021 00:05:04.848,300.59900000000005,300.362,1.25,0.1
20.08.2021 00:05:09.901,300.598,300.357,1.25,0.1
20.08.2021 00:05:10.813,300.598,300.358,1.25,0.1
20.08.2021 00:05:11.825,300.598,300.356,1.25,0.1
20.08.2021 00:05:12.836,300.598,300.358,1.25,0.1
20.08.2021 00:05:13.894,300.6,300.356,1.25,0.1
20.08.2021 00:05:14.877,300.6,300.358,1.25,0.1
20.08.2021 00:05:17.834,300.6,300.35900000000004,1.25,0.1
20.08.2021 00:05:20.810,300.57599999999996,300.356,1,0.1
20.08.2021 00:05:21.826,300.573,300.358,1,0.1
20.08.2021 00:05:22.097,300.573,300.358,1,0.1
20.08.2021 00:05:22.147,300.572,300.32,1,0.1
20.08.2021 00:05:22.331,300.572,300.343,1,0.1
20.08.2021 00:05:22.843,300.572,300.35400000000004,1,0.1
20.08.2021 00:05:22.943,300.572,300.34200000000004,1,0.1
20.08.2021 00:05:23.859,300.572,300.356,1,0.1
20.08.2021 00:05:24.603,300.573,300.356,1,0.1
20.08.2021 00:05:24.874,300.573,300.358,1,0.1
20.08.2021 00:05:25.885,300.573,300.35900000000004,1,0.1
20.08.2021 00:05:26.808,300.573,300.358,1,0.12
20.08.2021 00:05:26.909,300.573,300.356,1,0.1
20.08.2021 00:05:27.829,300.573,300.358,1,0.1
20.08.2021 00:05:28.846,300.573,300.35900000000004,1,0.1
20.08.2021 00:05:29.873,300.573,300.355,1,0.1
20.08.2021 00:05:30.894,300.573,300.357,1,0.1
20.08.2021 00:05:31.927,300.575,300.272,1,0.1
20.08.2021 00:05:32.822,300.574,300.357,1,0.1
20.08.2021 00:05:33.838,300.59900000000005,300.35900000000004,1.25,0.1
20.08.2021 00:05:35.709,300.59900000000005,300.339,1.25,0.1
20.08.2021 00:05:35.876,300.59900000000005,300.356,1.25,0.1
20.08.2021 00:05:36.900,300.59900000000005,300.358,1.25,0.1
20.08.2021 00:05:37.921,300.59900000000005,300.35900000000004,1.25,0.1
20.08.2021 00:05:38.839,300.59900000000005,300.357,1.25,0.1
20.08.2021 00:05:39.859,300.59900000000005,300.35900000000004,1.25,0.1
20.08.2021 00:05:41.906,300.601,300.357,1.25,0.1
20.08.2021 00:05:42.924,300.601,300.35900000000004,1.25,0.1
20.08.2021 00:05:47.845,300.601,300.357,1.25,0.1
20.08.2021 00:05:48.865,300.601,300.35900000000004,1.25,0.1
20.08.2021 00:05:49.883,300.601,300.356,1.25,0.1
20.08.2021 00:05:50.895,300.601,300.358,1.25,0.1
20.08.2021 00:05:51.919,300.601,300.35900000000004,1.25,0.1
20.08.2021 00:05:53.856,300.601,300.356,1.25,0.1
20.08.2021 00:05:54.882,300.601,300.358,1.25,0.1
20.08.2021 00:05:55.898,300.601,300.35900000000004,1.25,0.1
20.08.2021 00:05:56.406,300.601,300.34200000000004,1.25,0.1
20.08.2021 00:05:56.510,300.601,300.34200000000004,1.25,0.1
20.08.2021 00:05:56.914,300.601,300.355,1.25,0.1
20.08.2021 00:05:57.832,300.601,300.357,1.25,0.1
20.08.2021 00:05:58.857,300.601,300.358,1.25,0.1
20.08.2021 00:06:02.826,300.6,300.328,1.25,0.1
20.08.2021 00:06:02.927,300.6,300.278,1.25,0.1
20.08.2021 00:06:03.027,300.587,300.315,1.25,0.1
20.08.2021 00:06:03.532,300.587,300.272,1.25,0.1
20.08.2021 00:06:03.633,300.594,300.34200000000004,1.25,0.1
20.08.2021 00:06:03.774,300.594,300.328,1.25,0.1
20.08.2021 00:06:03.939,300.594,300.355,1.25,0.1
20.08.2021 00:06:04.141,300.594,300.27,1.25,0.1
20.08.2021 00:06:04.240,300.594,300.336,1.25,0.1
20.08.2021 00:06:04.341,300.587,300.336,1.25,0.1
20.08.2021 00:06:04.391,300.587,300.332,1.25,0.1
20.08.2021 00:06:04.847,300.587,300.344,1.25,0.1
20.08.2021 00:06:05.856,300.587,300.345,1.25,0.1
20.08.2021 00:06:06.871,300.587,300.346,1.25,0.1
20.08.2021 00:06:07.906,300.587,300.344,1.25,0.1
20.08.2021 00:06:08.915,300.587,300.345,1.25,0.1
20.08.2021 00:06:09.931,300.587,300.34200000000004,1.25,0.1
20.08.2021 00:06:10.865,300.587,300.344,1.25,0.1
20.08.2021 00:06:13.882,300.587,300.341,1.25,0.1
20.08.2021 00:06:14.938,300.587,300.343,1.25,0.1
20.08.2021 00:06:15.934,300.587,300.344,1.25,0.1
20.08.2021 00:06:16.849,300.587,300.345,1.25,0.1
20.08.2021 00:06:17.874,300.587,300.34200000000004,1.25,0.1
20.08.2021 00:06:18.389,300.60200000000003,300.34200000000004,1.75,0.1
20.08.2021 00:06:18.479,300.60200000000003,300.32099999999997,1.75,0.1
20.08.2021 00:06:18.679,300.61,300.341,1.87,0.1
20.08.2021 00:06:18.881,300.61,300.348,1.87,0.1
20.08.2021 00:06:19.283,300.596,300.333,1.25,0.1
20.08.2021 00:06:19.583,300.596,300.335,1.25,0.1
20.08.2021 00:06:19.888,300.596,300.351,1.25,0.1
20.08.2021 00:06:20.803,300.59900000000005,300.351,1.25,0.1
20.08.2021 00:06:21.514,300.59900000000005,300.319,1.25,0.1
20.08.2021 00:06:21.923,300.57599999999996,300.35200000000003,1,0.1
20.08.2021 00:06:22.952,300.57599999999996,300.353,1,0.1
20.08.2021 00:06:23.873,300.57599999999996,300.351,1,0.1
20.08.2021 00:06:24.889,300.57599999999996,300.353,1,0.1
20.08.2021 00:06:25.904,300.57599999999996,300.35400000000004,1,0.1
20.08.2021 00:06:26.962,300.57599999999996,300.351,1,0.1
20.08.2021 00:06:27.951,300.575,300.353,1,0.1
20.08.2021 00:06:28.868,300.575,300.35400000000004,1,0.1
20.08.2021 00:06:32.955,300.601,300.35,1.25,0.1
20.08.2021 00:06:33.874,300.601,300.35200000000003,1.25,0.1
20.08.2021 00:06:34.891,300.601,300.353,1.25,0.1
20.08.2021 00:06:35.910,300.601,300.35,1.25,0.1
20.08.2021 00:06:36.932,300.601,300.353,1.25,0.1
20.08.2021 00:06:37.948,300.601,300.35400000000004,1.25,0.1
20.08.2021 00:06:38.956,300.601,300.355,1.25,0.1
20.08.2021 00:06:39.871,300.601,300.35200000000003,1.25,0.1
20.08.2021 00:06:40.563,300.601,300.35200000000003,1.25,0.1
20.08.2021 00:06:40.614,300.6,300.288,1.25,0.1
20.08.2021 00:06:40.675,300.601,300.204,1.12,1
20.08.2021 00:06:40.776,300.6,300.317,1.25,0.1
20.08.2021 00:06:40.877,300.6,300.346,1.25,0.1
20.08.2021 00:06:41.003,300.588,300.312,1.25,0.1
20.08.2021 00:06:41.204,300.6,300.312,1.25,0.1
20.08.2021 00:06:41.891,300.6,300.26,1.25,0.1
20.08.2021 00:06:42.910,300.587,300.345,1.25,0.1
20.08.2021 00:06:43.924,300.587,300.346,1.25,0.1
20.08.2021 00:06:44.934,300.587,300.343,1.25,0.1
20.08.2021 00:06:45.958,300.587,300.345,1.25,0.1
20.08.2021 00:06:46.885,300.587,300.346,1.25,0.1
20.08.2021 00:06:47.917,300.587,300.343,1.25,0.1
20.08.2021 00:06:49.964,300.587,300.345,1.25,0.1
20.08.2021 00:06:50.892,300.587,300.346,1.25,0.1
20.08.2021 00:06:53.939,300.587,300.343,1.25,0.1
20.08.2021 00:06:54.944,300.587,300.345,1.25,0.1
20.08.2021 00:06:55.966,300.587,300.346,1.25,0.1
20.08.2021 00:06:59.952,300.587,300.344,1.25,0.1
20.08.2021 00:07:00.971,300.587,300.345,1.25,0.1
20.08.2021 00:07:01.894,300.587,300.346,1.25,0.1
20.08.2021 00:07:08.935,300.587,300.343,1.25,0.1
20.08.2021 00:07:09.957,300.587,300.345,1.25,0.1
20.08.2021 00:07:10.968,300.587,300.346,1.25,0.1
20.08.2021 00:07:13.924,300.587,300.343,1.25,0.1
20.08.2021 00:07:15.947,300.587,300.345,1.25,0.1
20.08.2021 00:07:15.997,300.587,300.345,1.25,0.1
20.08.2021 00:07:16.969,300.587,300.346,1.25,0.1
20.08.2021 00:07:17.982,300.587,300.34700000000004,1.25,0.1
20.08.2021 00:07:18.200,300.587,300.34700000000004,1.25,0.1
20.08.2021 00:07:20.937,300.587,300.345,1.25,0.1
20.08.2021 00:07:21.946,300.587,300.346,1.25,0.1
20.08.2021 00:07:22.959,300.587,300.34700000000004,1.25,0.1
20.08.2021 00:07:23.976,300.587,300.344,1.25,0.1
20.08.2021 00:07:24.891,300.587,300.346,1.25,0.1
20.08.2021 00:07:25.906,300.587,300.34700000000004,1.25,0.1
20.08.2021 00:07:32.930,300.587,300.343,1.25,0.1
20.08.2021 00:07:33.942,300.587,300.345,1.25,0.1
20.08.2021 00:07:34.346,300.587,300.264,1.25,0.1
20.08.2021 00:07:34.397,300.587,300.264,1.25,0.1
20.08.2021 00:07:34.447,300.591,300.305,1.25,0.1
20.08.2021 00:07:34.952,300.591,300.271,1.25,0.1
20.08.2021 00:07:35.551,300.594,300.34900000000005,1.25,0.1
20.08.2021 00:07:35.960,300.594,300.351,1.25,0.1
20.08.2021 00:07:37.185,300.594,300.333,1.25,0.1
20.08.2021 00:07:37.908,300.594,300.34900000000005,1.25,0.1
20.08.2021 00:07:38.214,300.594,300.309,1.25,0.1
20.08.2021 00:07:38.440,300.587,300.314,1.25,0.1
20.08.2021 00:07:38.619,300.587,300.324,1.25,0.1
20.08.2021 00:07:38.921,300.587,300.34200000000004,1.25,0.1
20.08.2021 00:07:40.971,300.587,300.344,1.25,0.1
20.08.2021 00:07:41.997,300.587,300.345,1.25,0.1
20.08.2021 00:07:48.090,300.589,300.345,1.25,0.1
20.08.2021 00:07:48.232,300.589,300.328,1.25,0.1
20.08.2021 00:07:48.953,300.589,300.344,1.25,0.1
20.08.2021 00:07:51.980,300.563,300.346,1,0.1
20.08.2021 00:07:53.005,300.561,300.34700000000004,1,0.1
20.08.2021 00:07:53.142,300.561,300.265,1,0.1
20.08.2021 00:07:53.298,300.561,300.32599999999996,1,0.1
20.08.2021 00:07:53.906,300.561,300.337,1,0.1
20.08.2021 00:07:54.012,300.561,300.34200000000004,1,0.1
20.08.2021 00:07:54.435,300.56,300.307,1,0.1
20.08.2021 00:07:54.928,300.56,300.34000000000003,1,0.1
20.08.2021 00:07:55.955,300.56,300.341,1,0.1
20.08.2021 00:07:56.972,300.56,300.34200000000004,1,0.1
20.08.2021 00:07:57.277,300.56,300.303,1,0.1
20.08.2021 00:07:57.680,300.562,300.32599999999996,1,0.1
20.08.2021 00:07:57.985,300.562,300.343,1,0.1
20.08.2021 00:07:59.009,300.562,300.345,1,0.1
20.08.2021 00:07:59.918,300.562,300.346,1,0.1
20.08.2021 00:08:00.940,300.562,300.34200000000004,1,0.1
20.08.2021 00:08:01.453,300.562,300.30400000000003,1,0.1
20.08.2021 00:08:02.010,300.56,300.34200000000004,1,0.1
20.08.2021 00:08:02.090,300.56,300.324,1,0.1
20.08.2021 00:08:02.984,300.56,300.34200000000004,1,0.1
20.08.2021 00:08:04.201,300.56,300.328,1,0.1
20.08.2021 00:08:04.919,300.56,300.34200000000004,1,0.1
20.08.2021 00:08:05.934,300.558,300.344,1,0.1
20.08.2021 00:08:06.951,300.558,300.345,1,0.1
20.08.2021 00:08:08.991,300.587,300.341,1.25,0.1
20.08.2021 00:08:09.196,300.587,300.305,1.25,0.1
20.08.2021 00:08:10.009,300.587,300.34000000000003,1.25,0.1
20.08.2021 00:08:10.715,300.587,300.33,1.25,0.1
20.08.2021 00:08:10.921,300.587,300.337,1.25,0.12
20.08.2021 00:08:11.940,300.587,300.34200000000004,1.25,0.1
20.08.2021 00:08:12.963,300.587,300.343,1.25,0.1
20.08.2021 00:08:15.009,300.587,300.34000000000003,1.25,0.1
20.08.2021 00:08:15.928,300.587,300.34200000000004,1.25,0.1
20.08.2021 00:08:16.127,300.587,300.32599999999996,1.25,0.1
20.08.2021 00:08:16.938,300.587,300.34000000000003,1.25,0.1
20.08.2021 00:08:17.963,300.587,300.339,1.25,0.1
20.08.2021 00:08:18.779,300.587,300.325,1.25,0.1
20.08.2021 00:08:19.031,300.587,300.341,1.25,0.1
20.08.2021 00:08:19.998,300.6,300.343,1.87,0.1
20.08.2021 00:08:21.016,300.6,300.351,1.87,0.1
20.08.2021 00:08:21.933,300.6,300.35,1.87,0.1
20.08.2021 00:08:22.953,300.6,300.351,1.87,0.1
20.08.2021 00:08:23.976,300.6,300.35200000000003,1.87,0.1
20.08.2021 00:08:25.017,300.6,300.351,1.87,0.1
20.08.2021 00:08:25.963,300.6,300.34000000000003,1.87,0.1
20.08.2021 00:08:26.964,300.6,300.34200000000004,1.87,0.1
20.08.2021 00:08:33.001,300.586,300.34000000000003,1.25,0.1
20.08.2021 00:08:34.010,300.586,300.34200000000004,1.25,0.1
20.08.2021 00:08:35.953,300.586,300.34000000000003,1.25,0.1
20.08.2021 00:08:36.970,300.586,300.34200000000004,1.25,0.1
20.08.2021 00:08:37.986,300.586,300.34000000000003,1.25,0.1
20.08.2021 00:08:39.016,300.561,300.34900000000005,1,0.1
20.08.2021 00:08:40.029,300.561,300.351,1,0.1
20.08.2021 00:08:40.938,300.561,300.343,1,0.1
20.08.2021 00:08:41.041,300.561,300.34900000000005,1,0.1
20.08.2021 00:08:41.964,300.561,300.351,1,0.1
20.08.2021 00:08:42.989,300.561,300.346,1,0.1
20.08.2021 00:08:43.424,300.562,300.322,1,0.1
20.08.2021 00:08:43.489,300.562,300.325,1,0.1
20.08.2021 00:08:44.004,300.562,300.339,1,0.1
20.08.2021 00:08:45.025,300.562,300.341,1,0.1
20.08.2021 00:08:45.332,300.562,300.32099999999997,1,0.1
20.08.2021 00:08:45.943,300.562,300.338,1,0.1
20.08.2021 00:08:46.969,300.562,300.34000000000003,1,0.1
20.08.2021 00:08:47.164,300.562,300.34000000000003,1,0.1
20.08.2021 00:08:47.310,300.57,300.32099999999997,1,0.1
20.08.2021 00:08:47.477,300.57,300.314,1,0.1
20.08.2021 00:08:47.984,300.57,300.345,1,0.1
20.08.2021 00:08:48.184,300.57,300.329,1,0.1
20.08.2021 00:08:49.000,300.57,300.344,1,0.1
20.08.2021 00:08:50.015,300.57,300.348,1,0.1
20.08.2021 00:08:51.040,300.595,300.35,1.25,0.1
20.08.2021 00:08:51.958,300.595,300.351,1.25,0.1
20.08.2021 00:08:55.010,300.595,300.353,1.25,0.1
20.08.2021 00:08:57.044,300.595,300.34900000000005,1.25,0.1
20.08.2021 00:08:57.258,300.595,300.336,1.25,0.1
20.08.2021 00:08:57.960,300.598,300.35,1.25,0.1
20.08.2021 00:08:58.985,300.598,300.35200000000003,1.25,0.1
20.08.2021 00:09:00.013,300.598,300.353,1.25,0.1
20.08.2021 00:09:01.026,300.598,300.34900000000005,1.25,0.1
20.08.2021 00:09:02.047,300.598,300.351,1.25,0.1
20.08.2021 00:09:02.958,300.598,300.34900000000005,1.25,0.12
20.08.2021 00:09:03.060,300.598,300.35,1.25,0.1
20.08.2021 00:09:03.974,300.598,300.35200000000003,1.25,0.1
20.08.2021 00:09:04.995,300.598,300.353,1.25,0.1
20.08.2021 00:09:08.965,300.598,300.35,1.25,0.1
20.08.2021 00:09:09.986,300.598,300.35200000000003,1.25,0.1
20.08.2021 00:09:10.189,300.598,300.272,1.25,0.1
20.08.2021 00:09:10.998,300.598,300.35200000000003,1.25,0.1
20.08.2021 00:09:12.023,300.598,300.353,1.25,0.1
20.08.2021 00:09:14.967,300.598,300.346,1.25,0.1
20.08.2021 00:09:15.069,300.598,300.351,1.25,0.1
20.08.2021 00:09:15.987,300.598,300.353,1.25,0.1
20.08.2021 00:09:17.013,300.598,300.35,1.25,0.1
20.08.2021 00:09:18.033,300.598,300.35200000000003,1.25,0.1
20.08.2021 00:09:18.637,300.598,300.333,1.25,0.1
20.08.2021 00:09:19.052,300.598,300.34900000000005,1.25,0.1
20.08.2021 00:09:19.963,300.598,300.351,1.25,0.1
20.08.2021 00:09:20.415,300.61,300.351,1.87,0.1
20.08.2021 00:09:20.516,300.6,300.274,1.25,0.1
20.08.2021 00:09:20.618,300.586,300.184,1.12,1
20.08.2021 00:09:20.692,300.586,300.341,1.25,0.1
20.08.2021 00:09:20.878,300.586,300.331,1.25,0.1
20.08.2021 00:09:20.980,300.586,300.344,1.25,0.1
20.08.2021 00:09:22.008,300.586,300.346,1.25,0.1
20.08.2021 00:09:23.024,300.586,300.34700000000004,1.25,0.1
20.08.2021 00:09:23.634,300.586,300.33,1.25,0.1
20.08.2021 00:09:23.864,300.586,300.296,1.25,0.1
20.08.2021 00:09:23.936,300.586,300.333,1.25,0.1
20.08.2021 00:09:24.037,300.59000000000003,300.333,1.25,0.1
20.08.2021 00:09:24.138,300.59000000000003,300.332,1.25,0.1
20.08.2021 00:09:24.663,300.59000000000003,300.31,1.25,0.1
20.08.2021 00:09:25.056,300.59000000000003,300.344,1.25,0.1
20.08.2021 00:09:25.973,300.59000000000003,300.346,1.25,0.1
20.08.2021 00:09:26.583,300.59000000000003,300.325,1.25,0.1
20.08.2021 00:09:26.986,300.59000000000003,300.34200000000004,1.25,0.1
20.08.2021 00:09:28.003,300.59000000000003,300.344,1.25,0.1
20.08.2021 00:09:29.021,300.59000000000003,300.345,1.25,0.1
20.08.2021 00:09:30.043,300.59000000000003,300.346,1.25,0.1
20.08.2021 00:09:31.979,300.59000000000003,300.344,1.25,0.1
20.08.2021 00:09:32.995,300.59000000000003,300.357,1.25,0.1
20.08.2021 00:09:34.118,300.59000000000003,300.336,1.25,0.1
20.08.2021 00:09:34.236,300.59000000000003,300.336,1.25,0.1
20.08.2021 00:09:35.031,300.59000000000003,300.353,1.25,0.1
20.08.2021 00:09:37.071,300.59000000000003,300.355,1.25,0.1
20.08.2021 00:09:37.983,300.59000000000003,300.345,1.25,0.1
20.08.2021 00:09:39.006,300.59000000000003,300.346,1.25,0.1
20.08.2021 00:09:40.021,300.59000000000003,300.343,1.25,0.1
20.08.2021 00:09:42.056,300.59000000000003,300.345,1.25,0.1
20.08.2021 00:09:43.080,300.59000000000003,300.346,1.25,0.1
20.08.2021 00:09:45.018,300.587,300.344,1.25,0.1
20.08.2021 00:09:46.046,300.587,300.343,1.25,0.1
20.08.2021 00:09:47.065,300.587,300.34200000000004,1.25,0.1
20.08.2021 00:09:47.987,300.587,300.339,1.25,0.1
20.08.2021 00:09:49.003,300.587,300.341,1.25,0.1
20.08.2021 00:09:50.039,300.587,300.34200000000004,1.25,0.1
20.08.2021 00:09:50.423,300.587,300.323,1.25,0.1
20.08.2021 00:09:51.024,300.587,300.34000000000003,1.25,0.1
20.08.2021 00:09:53.987,300.587,300.341,1.25,0.1
20.08.2021 00:09:55.001,300.587,300.34200000000004,1.25,0.1
20.08.2021 00:09:57.032,300.526,300.34000000000003,0.37,0.1
20.08.2021 00:09:58.051,300.526,300.34200000000004,0.37,0.1
20.08.2021 00:09:59.993,300.526,300.344,0.37,0.1
20.08.2021 00:10:00.094,300.526,300.34900000000005,0.37,0.1
20.08.2021 00:10:00.739,300.536,300.34900000000005,0.37,0.1
20.08.2021 00:10:00.902,300.59000000000003,300.328,1.25,0.1
20.08.2021 00:10:01.008,300.59000000000003,300.353,1.25,0.1
20.08.2021 00:10:01.338,300.593,300.319,1.25,0.1
20.08.2021 00:10:01.439,300.595,300.327,1.25,0.1
20.08.2021 00:10:02.011,300.595,300.356,1.25,0.1
20.08.2021 00:10:03.019,300.595,300.355,1.25,0.1
20.08.2021 00:10:04.041,300.595,300.34700000000004,1.25,0.1
20.08.2021 00:10:05.057,300.595,300.348,1.25,0.1
20.08.2021 00:10:06.994,300.595,300.337,1.25,0.1
20.08.2021 00:10:07.096,300.595,300.346,1.25,0.1
20.08.2021 00:10:08.019,300.595,300.348,1.25,0.1
20.08.2021 00:10:09.039,300.595,300.346,1.25,0.1
20.08.2021 00:10:10.051,300.595,300.348,1.25,0.1
20.08.2021 00:10:15.047,300.595,300.346,1.25,0.1
20.08.2021 00:10:16.708,300.59700000000004,300.316,1.25,0.1
20.08.2021 00:10:16.788,300.59700000000004,300.309,1.25,0.1
20.08.2021 00:10:16.868,300.59700000000004,300.333,1.25,0.1
20.08.2021 00:10:17.073,300.59700000000004,300.34700000000004,1.25,0.1
20.08.2021 00:10:17.963,300.59700000000004,300.34700000000004,1.25,0.1
20.08.2021 00:10:18.115,300.60400000000004,300.334,1.25,0.1
20.08.2021 00:10:19.012,300.60400000000004,300.35,1.25,0.1
20.08.2021 00:10:20.088,300.60400000000004,300.348,1.25,0.1
20.08.2021 00:10:23.079,300.60400000000004,300.34900000000005,1.25,0.1
20.08.2021 00:10:25.019,300.601,300.351,1.25,0.1
20.08.2021 00:10:26.039,300.601,300.34900000000005,1.25,0.1
20.08.2021 00:10:27.062,300.61,300.351,1.25,0.1
20.08.2021 00:10:28.081,300.61,300.35200000000003,1.25,0.1
20.08.2021 00:10:30.030,300.61,300.348,1.25,0.1
20.08.2021 00:10:31.056,300.61,300.35,1.25,0.1
20.08.2021 00:10:32.083,300.61,300.351,1.25,0.1
20.08.2021 00:10:33.009,300.61,300.344,1.25,0.1
20.08.2021 00:10:33.113,300.61,300.34900000000005,1.25,0.1
20.08.2021 00:10:34.042,300.61,300.351,1.25,0.1
20.08.2021 00:10:35.058,300.61,300.35200000000003,1.25,0.1
20.08.2021 00:10:40.117,300.59900000000005,300.355,1.25,0.1
20.08.2021 00:10:41.031,300.59900000000005,300.356,1.25,0.1
20.08.2021 00:10:42.040,300.59900000000005,300.35400000000004,1.25,0.1
20.08.2021 00:10:43.054,300.59900000000005,300.356,1.25,0.1
20.08.2021 00:10:44.075,300.59900000000005,300.357,1.25,0.1
20.08.2021 00:10:48.052,300.59900000000005,300.35400000000004,1.25,0.1
20.08.2021 00:10:49.072,300.59900000000005,300.356,1.25,0.1
20.08.2021 00:10:49.601,300.59900000000005,300.319,1.25,0.1
20.08.2021 00:10:49.651,300.59900000000005,300.319,1.25,0.1
20.08.2021 00:10:49.702,300.588,300.306,1.25,0.1
20.08.2021 00:10:49.909,300.582,300.312,1.25,0.1
20.08.2021 00:10:50.092,300.582,300.353,1.25,0.1
20.08.2021 00:10:51.108,300.582,300.355,1.25,0.1
20.08.2021 00:10:52.116,300.582,300.35400000000004,1.25,0.1
20.08.2021 00:10:53.149,300.585,300.272,1.25,0.1
20.08.2021 00:10:53.627,300.585,300.32,1.25,0.1
20.08.2021 00:10:54.037,300.585,300.357,1.25,0.1
20.08.2021 00:10:55.046,300.585,300.348,1.25,0.1
20.08.2021 00:10:57.098,300.585,300.35,1.25,0.1
20.08.2021 00:10:58.126,300.585,300.351,1.25,0.1
20.08.2021 00:10:59.033,300.585,300.355,1.25,0.12
20.08.2021 00:10:59.137,300.585,300.35900000000004,1.25,0.1
20.08.2021 00:11:00.070,300.585,300.357,1.25,0.1
20.08.2021 00:11:01.088,300.585,300.35900000000004,1.25,0.1
20.08.2021 00:11:02.106,300.585,300.356,1.25,0.1
20.08.2021 00:11:02.411,300.585,300.339,1.25,0.1
20.08.2021 00:11:03.120,300.585,300.35400000000004,1.25,0.1
20.08.2021 00:11:04.033,300.585,300.355,1.25,0.1
20.08.2021 00:11:05.051,300.585,300.357,1.25,0.1
20.08.2021 00:11:05.948,300.585,300.357,1.25,0.1
20.08.2021 00:11:06.070,300.585,300.272,1.25,0.1
20.08.2021 00:11:06.221,300.595,300.32599999999996,1.25,0.1
20.08.2021 00:11:06.397,300.598,300.32599999999996,1.25,0.1
20.08.2021 00:11:06.605,300.598,300.32599999999996,1.25,0.1
20.08.2021 00:11:07.073,300.598,300.353,1.25,0.1
20.08.2021 00:11:08.090,300.598,300.35200000000003,1.25,0.1
20.08.2021 00:11:09.103,300.598,300.35400000000004,1.25,0.1
20.08.2021 00:11:10.108,300.598,300.355,1.25,0.1
20.08.2021 00:11:11.125,300.598,300.356,1.25,0.1
20.08.2021 00:11:12.047,300.598,300.353,1.25,0.1
20.08.2021 00:11:13.059,300.598,300.355,1.25,0.1
20.08.2021 00:11:14.079,300.598,300.356,1.25,0.1
20.08.2021 00:11:16.118,300.598,300.35200000000003,1.25,0.1
20.08.2021 00:11:17.138,300.598,300.35400000000004,1.25,0.1
20.08.2021 00:11:18.059,300.598,300.35200000000003,1.25,0.1
20.08.2021 00:11:18.767,300.598,300.319,1.25,0.1
20.08.2021 00:11:18.968,300.598,300.34000000000003,1.25,0.1
20.08.2021 00:11:19.070,300.598,300.353,1.25,0.1
20.08.2021 00:11:20.088,300.598,300.35400000000004,1.25,0.1
20.08.2021 00:11:21.109,300.598,300.355,1.25,0.1
20.08.2021 00:11:22.637,300.598,300.34000000000003,1.25,0.1
20.08.2021 00:11:23.048,300.598,300.351,1.25,0.1
20.08.2021 00:11:24.067,300.598,300.353,1.25,0.1
20.08.2021 00:11:25.216,300.598,300.274,1.25,0.1
20.08.2021 00:11:25.267,300.595,300.274,1.25,0.1
20.08.2021 00:11:26.115,300.598,300.353,1.25,0.1
20.08.2021 00:11:27.124,300.598,300.35400000000004,1.25,0.1
20.08.2021 00:11:28.143,300.598,300.355,1.25,0.1
20.08.2021 00:11:30.087,300.598,300.353,1.25,0.1
20.08.2021 00:11:31.103,300.598,300.35400000000004,1.25,0.1
20.08.2021 00:11:32.124,300.598,300.36400000000003,1.25,0.1
20.08.2021 00:11:34.060,300.598,300.365,1.25,0.1
20.08.2021 00:11:35.077,300.598,300.363,1.25,0.1
20.08.2021 00:11:36.094,300.598,300.353,1.25,0.1
20.08.2021 00:11:37.120,300.598,300.355,1.25,0.1
20.08.2021 00:11:40.078,300.598,300.356,1.25,0.1
20.08.2021 00:11:40.755,300.598,300.356,1.25,0.1
20.08.2021 00:11:42.114,300.598,300.35200000000003,1.25,0.1
20.08.2021 00:11:43.144,300.598,300.35400000000004,1.25,0.1
20.08.2021 00:11:44.067,300.598,300.355,1.25,0.1
20.08.2021 00:11:45.091,300.598,300.35200000000003,1.25,0.1
20.08.2021 00:11:46.127,300.598,300.35400000000004,1.25,0.1
20.08.2021 00:11:47.156,300.598,300.355,1.25,0.1
20.08.2021 00:11:47.689,300.598,300.355,1.25,0.1
20.08.2021 00:11:47.880,300.598,300.278,1.25,0.1
20.08.2021 00:11:47.930,300.598,300.278,1.25,0.1
20.08.2021 00:11:48.033,300.6,300.276,1.25,0.1
20.08.2021 00:11:48.134,300.583,300.34200000000004,1.25,0.1
20.08.2021 00:11:48.274,300.583,300.338,1.25,0.1
20.08.2021 00:11:48.677,300.583,300.331,1.25,0.1
20.08.2021 00:11:49.082,300.583,300.344,1.25,0.1
20.08.2021 00:11:50.094,300.583,300.346,1.25,0.1
20.08.2021 00:11:51.112,300.583,300.34700000000004,1.25,0.1
20.08.2021 00:11:53.148,300.583,300.348,1.25,0.1
20.08.2021 00:11:54.060,300.583,300.34700000000004,1.25,0.12
20.08.2021 00:11:54.165,300.583,300.346,1.25,0.1
20.08.2021 00:11:55.092,300.583,300.34700000000004,1.25,0.1
20.08.2021 00:11:56.103,300.583,300.348,1.25,0.1
20.08.2021 00:11:57.128,300.583,300.344,1.25,0.1
20.08.2021 00:11:58.147,300.583,300.345,1.25,0.1
20.08.2021 00:11:58.586,300.59000000000003,300.344,1.25,0.12
20.08.2021 00:11:58.657,300.59000000000003,300.333,1.25,0.1
20.08.2021 00:11:58.784,300.586,300.285,1.75,0.1
20.08.2021 00:11:58.860,300.586,300.266,1.75,0.1
20.08.2021 00:11:58.993,300.586,300.327,1.75,0.1
20.08.2021 00:11:59.167,300.586,300.27,1.75,0.1
20.08.2021 00:12:00.093,300.586,300.338,1.75,0.1
20.08.2021 00:12:01.021,300.579,300.267,1.25,0.1
20.08.2021 00:12:01.122,300.581,300.313,1.25,0.1
20.08.2021 00:12:02.138,300.581,300.345,1.25,0.1
20.08.2021 00:12:03.146,300.581,300.34700000000004,1.25,0.1
20.08.2021 00:12:03.853,300.583,300.329,1.25,0.1
20.08.2021 00:12:04.159,300.583,300.344,1.25,0.1
20.08.2021 00:12:05.079,300.583,300.346,1.25,0.1
20.08.2021 00:12:06.104,300.583,300.34700000000004,1.25,0.1
20.08.2021 00:12:07.132,300.583,300.348,1.25,0.1
20.08.2021 00:12:12.135,300.583,300.345,1.25,0.1
20.08.2021 00:12:13.160,300.583,300.346,1.25,0.1
20.08.2021 00:12:14.083,300.583,300.34700000000004,1.25,0.1
20.08.2021 00:12:17.177,300.583,300.344,1.25,0.1
20.08.2021 00:12:18.910,300.526,300.314,0.37,0.1
20.08.2021 00:12:19.115,300.586,300.34700000000004,1.25,0.1
20.08.2021 00:12:20.135,300.586,300.34900000000005,1.25,0.1
20.08.2021 00:12:21.158,300.586,300.35,1.25,0.1
20.08.2021 00:12:24.109,300.586,300.346,1.25,0.1
20.08.2021 00:12:25.130,300.586,300.348,1.25,0.1
20.08.2021 00:12:26.156,300.586,300.34900000000005,1.25,0.1
20.08.2021 00:12:27.170,300.586,300.346,1.25,0.1
20.08.2021 00:12:28.087,300.586,300.348,1.25,0.1
20.08.2021 00:12:29.117,300.586,300.34900000000005,1.25,0.1
20.08.2021 00:12:30.134,300.586,300.34200000000004,1.25,0.1
20.08.2021 00:12:31.142,300.586,300.344,1.25,0.1
20.08.2021 00:12:32.166,300.586,300.345,1.25,0.1
20.08.2021 00:12:33.087,300.586,300.344,1.25,0.12
20.08.2021 00:12:33.188,300.586,300.341,1.25,0.1
20.08.2021 00:12:33.896,300.586,300.327,1.25,0.1
20.08.2021 00:12:34.099,300.586,300.341,1.25,0.1
20.08.2021 00:12:35.119,300.586,300.343,1.25,0.1
20.08.2021 00:12:37.182,300.586,300.34000000000003,1.25,0.1
20.08.2021 00:12:38.103,300.586,300.34200000000004,1.25,0.1
20.08.2021 00:12:39.125,300.586,300.343,1.25,0.1
20.08.2021 00:12:41.581,300.526,300.303,0.37,0.1
20.08.2021 00:12:42.093,300.526,300.327,0.37,0.12
20.08.2021 00:12:42.196,300.526,300.341,0.37,0.1
20.08.2021 00:12:43.120,300.526,300.343,0.37,0.1
20.08.2021 00:12:44.145,300.526,300.344,0.37,0.1
20.08.2021 00:12:48.122,300.526,300.341,0.37,0.1
20.08.2021 00:12:49.145,300.526,300.343,0.37,0.1
20.08.2021 00:12:50.162,300.526,300.341,0.37,0.1
20.08.2021 00:12:51.174,300.526,300.343,0.37,0.1
20.08.2021 00:12:52.196,300.526,300.344,0.37,0.1
20.08.2021 00:12:54.127,300.526,300.341,0.37,0.1
20.08.2021 00:12:55.148,300.526,300.343,0.37,0.1
20.08.2021 00:12:56.170,300.526,300.344,0.37,0.1
20.08.2021 00:13:00.167,300.526,300.341,0.37,0.1
20.08.2021 00:13:01.189,300.526,300.343,0.37,0.1
20.08.2021 00:13:02.209,300.526,300.344,0.37,0.1
20.08.2021 00:13:06.189,300.526,300.341,0.37,0.1
20.08.2021 00:13:08.120,300.526,300.343,0.37,0.1
20.08.2021 00:13:09.134,300.526,300.341,0.37,0.1
20.08.2021 00:13:10.154,300.526,300.343,0.37,0.1
20.08.2021 00:13:11.174,300.526,300.344,0.37,0.1
20.08.2021 00:13:12.190,300.526,300.341,0.37,0.1
20.08.2021 00:13:13.208,300.526,300.344,0.37,0.1
20.08.2021 00:13:14.124,300.526,300.345,0.37,0.1
20.08.2021 00:13:16.160,300.526,300.34200000000004,0.37,0.1
20.08.2021 00:13:17.176,300.526,300.344,0.37,0.1
20.08.2021 00:13:18.192,300.526,300.345,0.37,0.1
20.08.2021 00:13:24.209,300.526,300.343,0.37,0.1
20.08.2021 00:13:25.124,300.526,300.345,0.37,0.1
20.08.2021 00:13:27.174,300.526,300.343,0.37,0.1
20.08.2021 00:13:28.198,300.526,300.345,0.37,0.1
20.08.2021 00:13:30.139,300.526,300.343,0.37,0.1
20.08.2021 00:13:31.147,300.526,300.345,0.37,0.1
20.08.2021 00:13:34.192,300.526,300.344,0.37,0.1
20.08.2021 00:13:36.227,300.526,300.34000000000003,0.37,0.1
20.08.2021 00:13:37.141,300.526,300.34200000000004,0.37,0.1
20.08.2021 00:13:38.158,300.526,300.343,0.37,0.1
20.08.2021 00:13:39.176,300.526,300.341,0.37,0.1
20.08.2021 00:13:41.229,300.526,300.343,0.37,0.1
20.08.2021 00:13:42.145,300.526,300.34000000000003,0.37,0.1
20.08.2021 00:13:43.165,300.526,300.34200000000004,0.37,0.1
20.08.2021 00:13:44.183,300.56,300.343,1,0.1
20.08.2021 00:13:45.203,300.56,300.344,1,0.1
20.08.2021 00:13:47.141,300.56,300.34200000000004,1,0.1
20.08.2021 00:13:48.162,300.56,300.341,1,0.1
20.08.2021 00:13:49.179,300.56,300.343,1,0.1
20.08.2021 00:13:50.194,300.56,300.344,1,0.1
20.08.2021 00:13:51.216,300.56,300.34000000000003,1,0.1
20.08.2021 00:13:52.232,300.56,300.34200000000004,1,0.1
20.08.2021 00:13:53.150,300.56,300.343,1,0.1
20.08.2021 00:13:54.169,300.56,300.341,1,0.1
20.08.2021 00:13:55.187,300.586,300.343,1.25,0.1
20.08.2021 00:13:56.205,300.526,300.344,0.37,0.1
20.08.2021 00:13:57.934,300.526,300.302,0.37,0.1
20.08.2021 00:13:58.238,300.526,300.34000000000003,0.37,0.1
20.08.2021 00:13:59.150,300.526,300.34200000000004,0.37,0.1
20.08.2021 00:13:59.965,300.526,300.307,0.37,0.1
20.08.2021 00:14:00.168,300.526,300.34200000000004,0.37,0.1
20.08.2021 00:14:01.188,300.526,300.344,0.37,0.1
20.08.2021 00:14:05.188,300.586,300.301,1.25,0.1
20.08.2021 00:14:05.250,300.586,300.32099999999997,1.25,0.1
20.08.2021 00:14:06.178,300.586,300.339,1.25,0.1
20.08.2021 00:14:07.203,300.586,300.341,1.25,0.1
20.08.2021 00:14:08.229,300.586,300.339,1.25,0.1
20.08.2021 00:14:09.146,300.586,300.34000000000003,1.25,0.12
20.08.2021 00:14:09.247,300.586,300.341,1.25,0.1
20.08.2021 00:14:10.179,300.586,300.34200000000004,1.25,0.1
20.08.2021 00:14:12.243,300.586,300.339,1.25,0.1
20.08.2021 00:14:13.167,300.586,300.341,1.25,0.1
20.08.2021 00:14:14.192,300.586,300.34200000000004,1.25,0.1
20.08.2021 00:14:17.245,300.586,300.339,1.25,0.1
20.08.2021 00:14:18.819,300.56,300.266,1,0.1
20.08.2021 00:14:18.984,300.56,300.306,1,0.1
20.08.2021 00:14:19.185,300.56,300.34200000000004,1,0.1
20.08.2021 00:14:20.200,300.56,300.343,1,0.1
20.08.2021 00:14:21.214,300.56,300.344,1,0.1
20.08.2021 00:14:22.231,300.56,300.345,1,0.1
20.08.2021 00:14:24.171,300.56,300.343,1,0.1
20.08.2021 00:14:24.474,300.562,300.329,1,0.1
20.08.2021 00:14:25.195,300.586,300.343,1.25,0.1
20.08.2021 00:14:25.990,300.586,300.343,1.25,0.1
20.08.2021 00:14:26.102,300.586,300.268,1.25,0.1
20.08.2021 00:14:26.152,300.606,300.315,1.75,0.1
20.08.2021 00:14:26.203,300.606,300.315,1.75,0.1
20.08.2021 00:14:26.304,300.59900000000005,300.272,1.25,0.1
20.08.2021 00:14:26.416,300.59900000000005,300.31,1.25,0.1
20.08.2021 00:14:27.234,300.59900000000005,300.351,1.25,0.1
20.08.2021 00:14:28.247,300.59900000000005,300.35200000000003,1.25,0.1
20.08.2021 00:14:29.258,300.59900000000005,300.353,1.25,0.1
20.08.2021 00:14:30.575,300.59900000000005,300.314,1.25,0.1
20.08.2021 00:14:31.188,300.59900000000005,300.34900000000005,1.25,0.1
20.08.2021 00:14:32.202,300.59900000000005,300.351,1.25,0.1
20.08.2021 00:14:32.804,300.59900000000005,300.351,1.25,0.1
20.08.2021 00:14:32.935,300.59900000000005,300.336,1.25,0.1
20.08.2021 00:14:33.208,300.59900000000005,300.348,1.25,0.1
20.08.2021 00:14:34.219,300.59900000000005,300.331,1.25,0.1
20.08.2021 00:14:35.228,300.59900000000005,300.35,1.25,0.1
20.08.2021 00:14:36.242,300.59900000000005,300.35200000000003,1.25,0.1
20.08.2021 00:14:37.174,300.575,300.35200000000003,1,0.1
20.08.2021 00:14:37.251,300.575,300.35,1,0.1
20.08.2021 00:14:37.371,300.575,300.315,1,0.1
20.08.2021 00:14:38.269,300.575,300.351,1,0.1
20.08.2021 00:14:39.180,300.575,300.353,1,0.1
20.08.2021 00:14:42.071,300.574,300.316,1,0.1
20.08.2021 00:14:42.232,300.574,300.35,1,0.1
20.08.2021 00:14:43.260,300.574,300.35200000000003,1,0.1
20.08.2021 00:14:44.182,300.574,300.34900000000005,1,0.1
20.08.2021 00:14:45.187,300.574,300.351,1,0.1
20.08.2021 00:14:46.221,300.596,300.353,1.25,0.1
20.08.2021 00:14:46.299,300.596,300.27,1.25,0.1
20.08.2021 00:14:46.603,300.596,300.35,1.25,0.1
20.08.2021 00:14:46.803,300.606,300.35,1.75,0.1
20.08.2021 00:14:47.212,300.61,300.351,1.25,0.1
20.08.2021 00:14:48.233,300.61,300.35200000000003,1.25,0.1
20.08.2021 00:14:48.699,300.61,300.35200000000003,1.25,0.1
20.08.2021 00:14:48.750,300.6,300.286,1.25,0.1
20.08.2021 00:14:48.839,300.6,300.316,1.25,0.1
20.08.2021 00:14:48.940,300.586,300.198,1.12,1
20.08.2021 00:14:49.145,300.586,300.343,1.25,0.1
20.08.2021 00:14:50.254,300.586,300.346,1.25,0.1
20.08.2021 00:14:53.203,300.586,300.343,1.25,0.1
20.08.2021 00:14:54.217,300.586,300.345,1.25,0.1
20.08.2021 00:14:57.195,300.586,300.34200000000004,1.25,0.1
20.08.2021 00:14:58.229,300.586,300.344,1.25,0.1
20.08.2021 00:14:59.258,300.586,300.345,1.25,0.1
20.08.2021 00:15:01.198,300.586,300.343,1.25,0.1
20.08.2021 00:15:02.217,300.586,300.345,1.25,0.1
20.08.2021 00:15:03.231,300.586,300.34200000000004,1.25,0.1
20.08.2021 00:15:04.252,300.586,300.344,1.25,0.1
20.08.2021 00:15:05.182,300.586,300.345,1.25,0.1
20.08.2021 00:15:06.206,300.526,300.34200000000004,0.37,0.1
20.08.2021 00:15:07.219,300.526,300.343,0.37,0.1
20.08.2021 00:15:08.238,300.526,300.345,0.37,0.1
20.08.2021 00:15:09.266,300.526,300.34200000000004,0.37,0.1
20.08.2021 00:15:10.186,300.526,300.344,0.37,0.1
20.08.2021 00:15:11.204,300.526,300.345,0.37,0.1
20.08.2021 00:15:12.220,300.526,300.341,0.37,0.1
20.08.2021 00:15:13.240,300.526,300.343,0.37,0.1
20.08.2021 00:15:14.256,300.526,300.344,0.37,0.1
20.08.2021 00:15:15.274,300.526,300.345,0.37,0.1
20.08.2021 00:15:18.241,300.526,300.341,0.37,0.1
20.08.2021 00:15:19.290,300.526,300.343,0.37,0.1
20.08.2021 00:15:20.273,300.526,300.344,0.37,0.1
20.08.2021 00:15:21.293,300.586,300.345,1.25,0.1
20.08.2021 00:15:26.273,300.586,300.325,1.25,0.1
20.08.2021 00:15:27.293,300.586,300.339,1.25,0.1
20.08.2021 00:15:28.210,300.586,300.341,1.25,0.1
20.08.2021 00:15:29.226,300.586,300.34000000000003,1.25,0.1
20.08.2021 00:15:30.253,300.586,300.341,1.25,0.1
20.08.2021 00:15:31.270,300.586,300.34200000000004,1.25,0.1
20.08.2021 00:15:33.108,300.586,300.324,1.25,0.1
20.08.2021 00:15:33.208,300.586,300.339,1.25,0.1
20.08.2021 00:15:33.916,300.586,300.30400000000003,1.25,0.1
20.08.2021 00:15:34.039,300.595,300.197,1.12,1
20.08.2021 00:15:34.268,300.584,300.337,1.25,0.1
20.08.2021 00:15:35.228,300.584,300.34000000000003,1.25,0.1
20.08.2021 00:15:36.235,300.584,300.341,1.25,0.1
20.08.2021 00:15:39.299,300.584,300.338,1.25,0.1
20.08.2021 00:15:40.217,300.584,300.34000000000003,1.25,0.1
20.08.2021 00:15:41.238,300.584,300.341,1.25,0.1
20.08.2021 00:15:41.545,300.585,300.32,1.25,0.1
20.08.2021 00:15:42.261,300.585,300.34000000000003,1.25,0.1
20.08.2021 00:15:43.276,300.585,300.34200000000004,1.25,0.1
20.08.2021 00:15:44.303,300.585,300.343,1.25,0.1
20.08.2021 00:15:45.227,300.585,300.344,1.25,0.1
20.08.2021 00:15:45.634,300.587,300.32599999999996,1.25,0.1
20.08.2021 00:15:46.234,300.587,300.34200000000004,1.25,0.1
20.08.2021 00:15:46.655,300.587,300.34200000000004,1.25,0.1
20.08.2021 00:15:46.844,300.60400000000004,300.199,1.5,1
20.08.2021 00:15:47.049,300.593,300.27,1.25,0.1
20.08.2021 00:15:47.252,300.593,300.348,1.25,0.1
20.08.2021 00:15:48.266,300.593,300.34900000000005,1.25,0.1
20.08.2021 00:15:50.296,300.593,300.346,1.25,0.1
20.08.2021 00:15:50.497,300.593,300.307,1.25,0.1
20.08.2021 00:15:51.307,300.593,300.346,1.25,0.1
20.08.2021 00:15:52.221,300.593,300.348,1.25,0.1
20.08.2021 00:15:54.279,300.595,300.345,1.25,0.1
20.08.2021 00:15:54.346,300.595,300.271,1.25,0.1
20.08.2021 00:15:55.263,300.595,300.348,1.25,0.1
20.08.2021 00:15:56.282,300.595,300.34700000000004,1.25,0.1
20.08.2021 00:15:58.316,300.595,300.34900000000005,1.25,0.1
20.08.2021 00:15:59.238,300.595,300.35,1.25,0.1
20.08.2021 00:16:00.285,300.595,300.351,1.25,0.1
20.08.2021 00:16:01.293,300.595,300.35,1.25,0.1
20.08.2021 00:16:03.234,300.595,300.346,1.25,0.1
20.08.2021 00:16:04.252,300.595,300.348,1.25,0.1
20.08.2021 00:16:05.268,300.595,300.34900000000005,1.25,0.1
20.08.2021 00:16:06.280,300.595,300.35,1.25,0.1
20.08.2021 00:16:10.266,300.596,300.351,1.25,0.1
20.08.2021 00:16:11.298,300.596,300.353,1.25,0.1
20.08.2021 00:16:14.503,300.573,300.353,1,0.1
20.08.2021 00:16:14.666,300.573,300.279,1,0.1
20.08.2021 00:16:16.298,300.598,300.355,1.25,0.1
20.08.2021 00:16:17.317,300.598,300.356,1.25,0.1
20.08.2021 00:16:18.243,300.598,300.355,1.25,0.1
20.08.2021 00:16:19.261,300.598,300.356,1.25,0.1
20.08.2021 00:16:19.564,300.615,300.144,1.5,1.5
20.08.2021 00:16:20.270,300.61,300.346,1.25,0.1
20.08.2021 00:16:21.281,300.61,300.356,1.25,0.1
20.08.2021 00:16:22.308,300.61,300.357,1.25,0.1
20.08.2021 00:16:27.599,300.6,300.336,1.25,0.1
20.08.2021 00:16:28.313,300.6,300.353,1.25,0.1
20.08.2021 00:16:29.240,300.6,300.355,1.25,0.1
20.08.2021 00:16:30.265,300.6,300.35400000000004,1.25,0.1
20.08.2021 00:16:31.293,300.6,300.356,1.25,0.1
20.08.2021 00:16:32.560,300.61400000000003,300.281,1.25,0.1
20.08.2021 00:16:32.661,300.62,300.339,1.87,0.1
20.08.2021 00:16:32.835,300.61400000000003,300.329,1.25,0.1
20.08.2021 00:16:33.219,300.608,300.331,1.25,0.1
20.08.2021 00:16:33.437,300.608,300.32099999999997,1.25,0.1
20.08.2021 00:16:34.330,300.608,300.361,1.25,0.1
20.08.2021 00:16:35.245,300.608,300.363,1.25,0.1
20.08.2021 00:16:39.290,300.612,300.362,1.25,0.1
20.08.2021 00:16:40.294,300.612,300.363,1.25,0.1
20.08.2021 00:16:42.340,300.612,300.36,1.25,0.1
20.08.2021 00:16:43.059,300.612,300.343,1.25,0.1
20.08.2021 00:16:43.264,300.612,300.36,1.25,0.1
20.08.2021 00:16:43.776,300.612,300.325,1.25,0.1
20.08.2021 00:16:43.978,300.612,300.345,1.25,0.1
20.08.2021 00:16:44.281,300.612,300.36,1.25,0.1
20.08.2021 00:16:45.299,300.612,300.362,1.25,0.1
20.08.2021 00:16:46.313,300.612,300.363,1.25,0.1
20.08.2021 00:16:48.254,300.612,300.36,1.25,0.1
20.08.2021 00:16:49.065,300.586,300.33,1,0.1
20.08.2021 00:16:49.166,300.586,300.32599999999996,1,0.1
20.08.2021 00:16:49.266,300.586,300.362,1,0.1
20.08.2021 00:16:51.301,300.612,300.36400000000003,1.25,0.1
20.08.2021 00:16:52.317,300.612,300.365,1.25,0.1
20.08.2021 00:16:54.255,300.612,300.357,1.25,0.1
20.08.2021 00:16:54.353,300.612,300.362,1.25,0.1
20.08.2021 00:16:55.276,300.612,300.36400000000003,1.25,0.1
20.08.2021 00:16:56.295,300.612,300.365,1.25,0.1
20.08.2021 00:16:57.310,300.612,300.366,1.25,0.1
20.08.2021 00:16:59.047,300.612,300.344,1.25,0.1
20.08.2021 00:16:59.350,300.612,300.362,1.25,0.1
20.08.2021 00:17:01.296,300.612,300.36400000000003,1.25,0.1
20.08.2021 00:17:02.319,300.612,300.365,1.25,0.1
20.08.2021 00:17:03.340,300.612,300.363,1.25,0.1
20.08.2021 00:17:04.264,300.612,300.365,1.25,0.1
20.08.2021 00:17:05.311,300.611,300.37,1.25,0.1
20.08.2021 00:17:06.308,300.611,300.368,1.25,0.1
20.08.2021 00:17:07.333,300.611,300.37,1.25,0.1
20.08.2021 00:17:08.352,300.611,300.371,1.25,0.1
20.08.2021 00:17:09.276,300.611,300.368,1.25,0.1
20.08.2021 00:17:10.292,300.611,300.37,1.25,0.1
20.08.2021 00:17:11.314,300.611,300.371,1.25,0.1
20.08.2021 00:17:15.295,300.611,300.369,1.25,0.1
20.08.2021 00:17:16.312,300.611,300.371,1.25,0.1
20.08.2021 00:17:18.337,300.611,300.368,1.25,0.1
20.08.2021 00:17:19.352,300.611,300.37,1.25,0.1
20.08.2021 00:17:20.273,300.611,300.368,1.25,0.1
20.08.2021 00:17:21.301,300.611,300.369,1.25,0.1
20.08.2021 00:17:22.326,300.611,300.371,1.25,0.1
20.08.2021 00:17:24.367,300.611,300.372,1.25,0.1
20.08.2021 00:17:27.311,300.611,300.369,1.25,0.1
20.08.2021 00:17:28.325,300.611,300.371,1.25,0.1
20.08.2021 00:17:29.347,300.611,300.372,1.25,0.1
20.08.2021 00:17:30.054,300.611,300.351,1.25,0.1
20.08.2021 00:17:30.358,300.611,300.28400000000005,1.25,0.1
20.08.2021 00:17:36.626,300.627,300.335,1.75,0.12
20.08.2021 00:17:36.677,300.619,300.335,1.25,0.12
20.08.2021 00:17:36.941,300.619,300.29400000000004,1.25,0.1
20.08.2021 00:17:36.992,300.619,300.35900000000004,1.25,0.1
20.08.2021 00:17:37.084,300.619,300.29200000000003,1.25,0.1
20.08.2021 00:17:37.285,300.612,300.369,1.25,0.1
20.08.2021 00:17:38.105,300.612,300.35200000000003,1.25,0.1
20.08.2021 00:17:38.313,300.612,300.366,1.25,0.1
20.08.2021 00:17:39.334,300.612,300.367,1.25,0.1
20.08.2021 00:17:40.253,300.612,300.286,1.25,0.1
20.08.2021 00:17:40.385,300.611,300.355,1.25,0.1
20.08.2021 00:17:41.372,300.611,300.365,1.25,0.1
20.08.2021 00:17:42.293,300.611,300.363,1.25,0.1
20.08.2021 00:17:43.313,300.611,300.365,1.25,0.1
20.08.2021 00:17:44.341,300.611,300.366,1.25,0.1
20.08.2021 00:17:45.362,300.611,300.367,1.25,0.1
20.08.2021 00:17:45.971,300.611,300.332,1.25,0.1
20.08.2021 00:17:46.373,300.611,300.368,1.25,0.1
20.08.2021 00:17:47.291,300.611,300.369,1.25,0.1
20.08.2021 00:17:48.307,300.611,300.353,1.25,0.1
20.08.2021 00:17:48.507,300.611,300.35,1.25,0.1
20.08.2021 00:17:49.324,300.611,300.367,1.25,0.1
20.08.2021 00:17:50.340,300.611,300.369,1.25,0.1
20.08.2021 00:17:50.771,300.611,300.335,1.25,0.1
20.08.2021 00:17:51.357,300.611,300.367,1.25,0.1
20.08.2021 00:17:51.466,300.611,300.28900000000004,1.25,0.1
20.08.2021 00:17:51.562,300.611,300.367,1.25,0.1
20.08.2021 00:17:52.367,300.611,300.369,1.25,0.1
20.08.2021 00:17:53.379,300.611,300.37,1.25,0.1
20.08.2021 00:17:53.607,300.611,300.346,1.25,0.1
20.08.2021 00:17:54.293,300.611,300.368,1.25,0.1
20.08.2021 00:17:55.318,300.611,300.369,1.25,0.1
20.08.2021 00:17:58.389,300.611,300.366,1.25,0.1
20.08.2021 00:17:59.312,300.611,300.368,1.25,0.1
20.08.2021 00:18:00.336,300.611,300.365,1.25,0.1
20.08.2021 00:18:00.960,300.615,300.35,1.25,0.1
20.08.2021 00:18:01.349,300.615,300.367,1.25,0.1
20.08.2021 00:18:01.553,300.615,300.334,1.25,0.1
20.08.2021 00:18:02.366,300.615,300.37,1.25,0.1
20.08.2021 00:18:03.381,300.615,300.368,1.25,0.1
20.08.2021 00:18:04.300,300.615,300.37,1.25,0.1
20.08.2021 00:18:05.321,300.615,300.371,1.25,0.1
20.08.2021 00:18:06.340,300.615,300.372,1.25,0.1
20.08.2021 00:18:07.374,300.60900000000004,300.291,1.25,0.1
20.08.2021 00:18:07.459,300.60900000000004,300.341,1.25,0.1
20.08.2021 00:18:07.574,300.60900000000004,300.332,1.25,0.1
20.08.2021 00:18:07.779,300.60900000000004,300.348,1.25,0.1
20.08.2021 00:18:07.958,300.60900000000004,300.332,1.25,0.1
20.08.2021 00:18:08.161,300.60900000000004,300.34900000000005,1.25,0.1
20.08.2021 00:18:08.364,300.60900000000004,300.36400000000003,1.25,0.1
20.08.2021 00:18:09.393,300.611,300.366,1.25,0.1
20.08.2021 00:18:10.316,300.611,300.367,1.25,0.1
20.08.2021 00:18:11.440,300.613,300.35200000000003,1.25,0.1
20.08.2021 00:18:12.362,300.613,300.366,1.25,0.1
20.08.2021 00:18:12.972,300.613,300.33,1.25,0.1
20.08.2021 00:18:13.377,300.613,300.366,1.25,0.1
20.08.2021 00:18:14.391,300.613,300.367,1.25,0.1
20.08.2021 00:18:15.305,300.613,300.368,1.25,0.1
20.08.2021 00:18:18.356,300.613,300.365,1.25,0.1
20.08.2021 00:18:19.375,300.613,300.367,1.25,0.1
20.08.2021 00:18:20.392,300.613,300.368,1.25,0.1
20.08.2021 00:18:24.359,300.613,300.36400000000003,1.25,0.1
20.08.2021 00:18:25.376,300.613,300.366,1.25,0.1
20.08.2021 00:18:26.393,300.613,300.367,1.25,0.1
20.08.2021 00:18:27.406,300.613,300.365,1.25,0.1
20.08.2021 00:18:28.320,300.613,300.367,1.25,0.1
20.08.2021 00:18:29.342,300.613,300.368,1.25,0.1
20.08.2021 00:18:30.372,300.613,300.365,1.25,0.1
20.08.2021 00:18:31.408,300.613,300.367,1.25,0.1
20.08.2021 00:18:32.337,300.613,300.368,1.25,0.1
20.08.2021 00:18:33.361,300.613,300.366,1.25,0.1
20.08.2021 00:18:34.385,300.613,300.368,1.25,0.1
20.08.2021 00:18:36.338,300.613,300.365,1.25,0.1
20.08.2021 00:18:36.848,300.613,300.345,1.25,0.1
20.08.2021 00:18:36.899,300.60400000000004,300.345,1.25,0.1
20.08.2021 00:18:37.055,300.60400000000004,300.32599999999996,1.25,0.1
20.08.2021 00:18:37.156,300.60400000000004,300.33,1.25,0.1
20.08.2021 00:18:37.347,300.60400000000004,300.36,1.25,0.1
20.08.2021 00:18:38.355,300.60400000000004,300.362,1.25,0.1
20.08.2021 00:18:39.372,300.60400000000004,300.363,1.25,0.1
20.08.2021 00:18:42.367,300.60400000000004,300.36,1.25,0.1
20.08.2021 00:18:43.388,300.60400000000004,300.362,1.25,0.1
20.08.2021 00:18:44.405,300.60400000000004,300.363,1.25,0.1
20.08.2021 00:18:45.327,300.60400000000004,300.36,1.25,0.1
20.08.2021 00:18:46.354,300.606,300.28900000000004,1.25,0.1
20.08.2021 00:18:46.454,300.606,300.365,1.25,0.1
20.08.2021 00:18:46.504,300.60900000000004,300.365,1.25,0.1
20.08.2021 00:18:46.555,300.60900000000004,300.34900000000005,1.25,0.1
20.08.2021 00:18:47.372,300.60900000000004,300.365,1.25,0.1
20.08.2021 00:18:48.385,300.60900000000004,300.367,1.25,0.1
20.08.2021 00:18:49.404,300.60900000000004,300.368,1.25,0.1
20.08.2021 00:18:50.415,300.60900000000004,300.36400000000003,1.25,0.1
20.08.2021 00:18:51.328,300.60900000000004,300.365,1.25,0.12
20.08.2021 00:18:51.431,300.60900000000004,300.366,1.25,0.1
20.08.2021 00:18:52.344,300.60900000000004,300.367,1.25,0.1
20.08.2021 00:18:53.360,300.60900000000004,300.368,1.25,0.1
20.08.2021 00:18:54.369,300.60900000000004,300.365,1.25,0.1
20.08.2021 00:18:56.404,300.61,300.367,1.25,0.1
20.08.2021 00:18:57.428,300.61,300.368,1.25,0.1
20.08.2021 00:18:57.632,300.61,300.33,1.25,0.1
20.08.2021 00:18:58.347,300.61,300.366,1.25,0.1
20.08.2021 00:18:59.363,300.61,300.367,1.25,0.1
20.08.2021 00:19:01.403,300.61,300.365,1.25,0.1
20.08.2021 00:19:02.418,300.61,300.366,1.25,0.1
20.08.2021 00:19:03.431,300.61,300.368,1.25,0.1
20.08.2021 00:19:06.403,300.61,300.365,1.25,0.1
20.08.2021 00:19:07.429,300.556,300.367,0.37,0.1
20.08.2021 00:19:08.354,300.556,300.368,0.37,0.1
20.08.2021 00:19:10.998,300.62,300.368,1.25,0.1
20.08.2021 00:19:11.048,300.61,300.288,1.25,0.1
20.08.2021 00:19:11.110,300.61,300.32,1.25,0.1
20.08.2021 00:19:11.211,300.596,300.285,1.25,0.1
20.08.2021 00:19:11.428,300.596,300.357,1.25,0.1
20.08.2021 00:19:11.614,300.596,300.341,1.25,0.1
20.08.2021 00:19:12.425,300.596,300.356,1.25,0.1
20.08.2021 00:19:13.348,300.596,300.358,1.25,0.1
20.08.2021 00:19:14.373,300.596,300.35900000000004,1.25,0.1
20.08.2021 00:19:21.416,300.596,300.355,1.25,0.1
20.08.2021 00:19:22.434,300.596,300.357,1.25,0.1
20.08.2021 00:19:23.033,300.598,300.357,1.25,0.1
20.08.2021 00:19:23.244,300.598,300.34200000000004,1.25,0.1
20.08.2021 00:19:23.348,300.598,300.358,1.25,0.1
20.08.2021 00:19:24.362,300.598,300.36,1.25,0.1
20.08.2021 00:19:25.383,300.598,300.325,1.25,0.1
20.08.2021 00:19:25.588,300.598,300.341,1.25,0.1
20.08.2021 00:19:26.404,300.598,300.356,1.25,0.1
20.08.2021 00:19:27.090,300.598,300.356,1.25,0.1
20.08.2021 00:19:27.417,300.598,300.355,1.25,0.1
20.08.2021 00:19:28.429,300.598,300.357,1.25,0.1
20.08.2021 00:19:29.449,300.598,300.358,1.25,0.1
20.08.2021 00:19:30.356,300.598,300.35900000000004,1.25,0.1
20.08.2021 00:19:33.421,300.598,300.357,1.25,0.1
20.08.2021 00:19:34.443,300.598,300.358,1.25,0.1
20.08.2021 00:19:35.365,300.598,300.35900000000004,1.25,0.1
20.08.2021 00:19:50.436,300.536,300.357,0.37,0.1
20.08.2021 00:19:51.455,300.536,300.356,0.37,0.1
20.08.2021 00:19:52.371,300.536,300.355,0.37,0.1
20.08.2021 00:19:54.386,300.536,300.351,0.37,0.1
20.08.2021 00:19:55.408,300.536,300.353,0.37,0.1
20.08.2021 00:19:56.018,300.59700000000004,300.335,1.25,0.1
20.08.2021 00:19:56.146,300.59700000000004,300.335,1.25,0.1
20.08.2021 00:19:56.247,300.585,300.273,1.25,0.1
20.08.2021 00:19:56.324,300.585,300.34700000000004,1.25,0.1
20.08.2021 00:19:56.425,300.585,300.348,1.25,0.1
20.08.2021 00:19:56.632,300.585,300.308,1.25,0.1
20.08.2021 00:19:57.442,300.585,300.343,1.25,0.1
20.08.2021 00:19:58.507,300.585,300.345,1.25,0.1
20.08.2021 00:20:00.384,300.585,300.346,1.25,0.1
20.08.2021 00:20:02.408,300.585,300.343,1.25,0.1
20.08.2021 00:20:03.428,300.585,300.345,1.25,0.1
20.08.2021 00:20:04.450,300.585,300.346,1.25,0.1
20.08.2021 00:20:06.392,300.585,300.343,1.25,0.1
20.08.2021 00:20:07.409,300.585,300.345,1.25,0.1
20.08.2021 00:20:08.429,300.585,300.346,1.25,0.1
20.08.2021 00:20:12.404,300.585,300.34200000000004,1.25,0.1
20.08.2021 00:20:13.421,300.585,300.344,1.25,0.1
20.08.2021 00:20:14.436,300.557,300.345,1,0.1
20.08.2021 00:20:15.456,300.557,300.343,1,0.1
20.08.2021 00:20:16.376,300.557,300.345,1,0.1
20.08.2021 00:20:17.600,300.557,300.327,1,0.1
20.08.2021 00:20:18.416,300.557,300.34200000000004,1,0.1
20.08.2021 00:20:19.430,300.557,300.344,1,0.1
20.08.2021 00:20:20.436,300.557,300.345,1,0.1
20.08.2021 00:20:24.415,300.585,300.34200000000004,1.25,0.1
20.08.2021 00:20:25.422,300.585,300.344,1.25,0.1
20.08.2021 00:20:26.447,300.585,300.345,1.25,0.1
20.08.2021 00:20:28.274,300.526,300.33,0.37,0.1
20.08.2021 00:20:28.478,300.526,300.343,0.37,0.1
20.08.2021 00:20:29.403,300.526,300.345,0.37,0.1
20.08.2021 00:20:30.428,300.526,300.343,0.37,0.1
20.08.2021 00:20:31.445,300.526,300.345,0.37,0.1
20.08.2021 00:20:32.463,300.526,300.34200000000004,0.37,0.1
20.08.2021 00:20:33.477,300.526,300.343,0.37,0.1
20.08.2021 00:20:34.384,300.526,300.345,0.37,0.1
20.08.2021 00:20:34.486,300.526,300.272,0.37,0.1
20.08.2021 00:20:34.687,300.585,300.274,1.25,0.1
20.08.2021 00:20:34.789,300.589,300.274,1.25,0.1
20.08.2021 00:20:34.988,300.589,300.34700000000004,1.25,0.1
20.08.2021 00:20:35.490,300.589,300.34900000000005,1.25,0.1
20.08.2021 00:20:36.100,300.589,300.313,1.25,0.1
20.08.2021 00:20:36.402,300.589,300.34700000000004,1.25,0.1
20.08.2021 00:20:37.427,300.589,300.348,1.25,0.1
20.08.2021 00:20:38.337,300.589,300.348,1.25,0.1
20.08.2021 00:20:38.387,300.589,300.313,1.25,0.1
20.08.2021 00:20:38.446,300.589,300.346,1.25,0.1
20.08.2021 00:20:38.645,300.56,300.331,1,0.1
20.08.2021 00:20:39.453,300.56,300.344,1,0.1
20.08.2021 00:20:40.466,300.56,300.346,1,0.1
20.08.2021 00:20:41.486,300.558,300.34700000000004,1,0.1
20.08.2021 00:20:42.397,300.558,300.343,1,0.1
20.08.2021 00:20:43.409,300.583,300.345,1.25,0.1
20.08.2021 00:20:44.432,300.583,300.346,1.25,0.1
20.08.2021 00:20:45.138,300.583,300.32,1.25,0.1
20.08.2021 00:20:45.439,300.583,300.337,1.25,0.1
20.08.2021 00:20:46.456,300.583,300.34200000000004,1.25,0.1
20.08.2021 00:20:47.466,300.583,300.345,1.25,0.1
20.08.2021 00:20:48.478,300.583,300.343,1.25,0.1
20.08.2021 00:20:49.397,300.583,300.344,1.25,0.12
20.08.2021 00:20:49.498,300.583,300.345,1.25,0.1
20.08.2021 00:20:51.443,300.583,300.346,1.25,0.1
20.08.2021 00:20:57.462,300.583,300.343,1.25,0.1
20.08.2021 00:20:58.477,300.583,300.345,1.25,0.1
20.08.2021 00:20:59.490,300.583,300.346,1.25,0.1
20.08.2021 00:21:00.769,300.583,300.346,1.25,0.1
20.08.2021 00:21:00.869,300.591,300.267,1.25,0.1
20.08.2021 00:21:00.970,300.598,300.267,1.25,0.1
20.08.2021 00:21:01.020,300.598,300.315,1.25,0.1
20.08.2021 00:21:01.168,300.598,300.315,1.25,0.1
20.08.2021 00:21:01.413,300.598,300.35400000000004,1.25,0.1
20.08.2021 00:21:02.424,300.598,300.355,1.25,0.1
20.08.2021 00:21:06.479,300.598,300.35200000000003,1.25,0.1
20.08.2021 00:21:07.485,300.598,300.35400000000004,1.25,0.1
20.08.2021 00:21:08.500,300.598,300.355,1.25,0.1
20.08.2021 00:21:08.600,300.598,300.336,1.25,0.1
20.08.2021 00:21:09.410,300.598,300.34700000000004,1.25,0.12
20.08.2021 00:21:10.423,300.598,300.35400000000004,1.25,0.1
20.08.2021 00:21:11.437,300.598,300.355,1.25,0.1
20.08.2021 00:21:12.458,300.598,300.35200000000003,1.25,0.1
20.08.2021 00:21:13.472,300.598,300.35400000000004,1.25,0.1
20.08.2021 00:21:14.493,300.598,300.355,1.25,0.1
20.08.2021 00:21:21.442,300.598,300.35200000000003,1.25,0.1
20.08.2021 00:21:22.468,300.598,300.35400000000004,1.25,0.1
20.08.2021 00:21:23.487,300.598,300.355,1.25,0.1
20.08.2021 00:21:26.446,300.536,300.353,0.37,0.1
20.08.2021 00:21:27.451,300.536,300.35400000000004,0.37,0.1
20.08.2021 00:21:28.478,300.536,300.355,0.37,0.1
20.08.2021 00:21:39.531,300.536,300.35200000000003,0.37,0.1
20.08.2021 00:21:40.449,300.536,300.357,0.37,0.1
20.08.2021 00:21:41.471,300.536,300.35900000000004,0.37,0.1
20.08.2021 00:21:42.495,300.536,300.356,0.37,0.1
20.08.2021 00:21:43.514,300.536,300.358,0.37,0.1
20.08.2021 00:21:44.533,300.536,300.35900000000004,0.37,0.1
20.08.2021 00:21:45.449,300.536,300.36,0.37,0.1
20.08.2021 00:21:48.488,300.536,300.356,0.37,0.1
20.08.2021 00:21:49.506,300.536,300.358,0.37,0.1
20.08.2021 00:21:50.520,300.536,300.35900000000004,0.37,0.1
20.08.2021 00:21:51.537,300.536,300.36,0.37,0.1
20.08.2021 00:21:54.490,300.536,300.356,0.37,0.1
20.08.2021 00:21:55.516,300.536,300.35900000000004,0.37,0.1
20.08.2021 00:21:56.533,300.536,300.36,0.37,0.1
20.08.2021 00:22:03.501,300.536,300.357,0.37,0.1
20.08.2021 00:22:04.516,300.536,300.35900000000004,0.37,0.1
20.08.2021 00:22:06.450,300.59700000000004,300.327,1.25,0.1
20.08.2021 00:22:06.551,300.606,300.27,1.75,0.1
20.08.2021 00:22:07.491,300.6,300.278,1.25,0.1
20.08.2021 00:22:07.564,300.6,300.269,1.25,0.1
20.08.2021 00:22:07.693,300.586,300.269,1.25,0.1
20.08.2021 00:22:08.466,300.586,300.351,1.25,0.1
20.08.2021 00:22:09.478,300.586,300.35200000000003,1.25,0.1
20.08.2021 00:22:10.497,300.586,300.353,1.25,0.1
20.08.2021 00:22:11.134,300.586,300.333,1.25,0.1
20.08.2021 00:22:11.185,300.59000000000003,300.333,1.25,0.1
20.08.2021 00:22:11.301,300.59000000000003,300.339,1.25,0.1
20.08.2021 00:22:11.501,300.59000000000003,300.356,1.25,0.1
20.08.2021 00:22:13.525,300.59000000000003,300.357,1.25,0.1
20.08.2021 00:22:17.244,300.6,300.29200000000003,1.25,0.1
20.08.2021 00:22:17.344,300.586,300.276,1.25,0.1
20.08.2021 00:22:17.400,300.586,300.276,1.25,0.1
20.08.2021 00:22:17.825,300.586,300.351,1.25,0.1
20.08.2021 00:22:17.893,300.586,300.32,1.25,0.1
20.08.2021 00:22:18.009,300.586,300.32099999999997,1.25,0.1
20.08.2021 00:22:18.060,300.593,300.32099999999997,1.25,0.1
20.08.2021 00:22:18.110,300.593,300.336,1.25,0.1
20.08.2021 00:22:18.496,300.593,300.268,1.25,0.1
20.08.2021 00:22:18.606,300.593,300.318,1.25,0.1
20.08.2021 00:22:19.514,300.593,300.355,1.25,0.1
20.08.2021 00:22:20.537,300.593,300.357,1.25,0.1
20.08.2021 00:22:22.887,300.593,300.279,1.25,0.1
20.08.2021 00:22:23.191,300.59700000000004,300.357,1.25,0.1
20.08.2021 00:22:23.495,300.59700000000004,300.35900000000004,1.25,0.1
20.08.2021 00:22:26.421,300.59700000000004,300.35900000000004,1.25,0.1
20.08.2021 00:22:26.472,300.59700000000004,300.343,1.25,0.1
20.08.2021 00:22:26.992,300.6,300.33,1.25,0.1
20.08.2021 00:22:27.148,300.6,300.33,1.25,0.1
20.08.2021 00:22:27.468,300.6,300.36,1.25,0.1
20.08.2021 00:22:28.486,300.6,300.362,1.25,0.1
20.08.2021 00:22:32.553,300.6,300.361,1.25,0.1
20.08.2021 00:22:33.478,300.6,300.362,1.25,0.1
20.08.2021 00:22:34.072,300.6,300.322,1.25,0.1
20.08.2021 00:22:34.486,300.6,300.35900000000004,1.25,0.1
20.08.2021 00:22:35.509,300.6,300.361,1.25,0.1
20.08.2021 00:22:36.534,300.6,300.362,1.25,0.1
20.08.2021 00:22:39.482,300.6,300.35900000000004,1.25,0.1
20.08.2021 00:22:40.495,300.6,300.36,1.25,0.1
20.08.2021 00:22:41.437,300.57,300.28000000000003,1,0.1
20.08.2021 00:22:41.739,300.57,300.357,1,0.1
20.08.2021 00:22:42.227,300.569,300.339,1,0.1
20.08.2021 00:22:42.534,300.569,300.355,1,0.1
20.08.2021 00:22:43.553,300.569,300.357,1,0.1
20.08.2021 00:22:44.368,300.594,300.30400000000003,1.25,0.1
20.08.2021 00:22:44.470,300.587,300.277,1.25,0.1
20.08.2021 00:22:44.583,300.587,300.335,1.25,0.1
20.08.2021 00:22:44.767,300.587,300.351,1.25,0.1
20.08.2021 00:22:45.478,300.587,300.353,1.25,0.1
20.08.2021 00:22:46.081,300.587,300.273,1.25,0.1
20.08.2021 00:22:46.283,300.587,300.335,1.25,0.1
20.08.2021 00:22:46.490,300.587,300.348,1.25,0.1
20.08.2021 00:22:47.515,300.587,300.35,1.25,0.1
20.08.2021 00:22:48.549,300.587,300.351,1.25,0.1
20.08.2021 00:22:51.495,300.587,300.348,1.25,0.1
20.08.2021 00:22:53.542,300.587,300.35,1.25,0.1
20.08.2021 00:22:54.562,300.587,300.34900000000005,1.25,0.1
20.08.2021 00:22:55.576,300.587,300.351,1.25,0.1
20.08.2021 00:22:56.487,300.587,300.35200000000003,1.25,0.1
20.08.2021 00:22:57.035,300.596,300.269,1.75,0.1
20.08.2021 00:22:57.499,300.596,300.34900000000005,1.75,0.1
20.08.2021 00:22:58.513,300.596,300.35,1.75,0.1
20.08.2021 00:22:59.528,300.596,300.351,1.75,0.1
20.08.2021 00:23:00.546,300.596,300.34900000000005,1.75,0.1
20.08.2021 00:23:01.560,300.596,300.351,1.75,0.1
20.08.2021 00:23:02.584,300.596,300.35200000000003,1.75,0.1
20.08.2021 00:23:03.496,300.596,300.351,1.75,0.1
20.08.2021 00:23:03.703,300.526,300.30400000000003,0.37,0.1
20.08.2021 00:23:03.796,300.526,300.276,0.37,0.1
20.08.2021 00:23:09.516,300.526,300.35,0.37,0.1
20.08.2021 00:23:10.515,300.526,300.35200000000003,0.37,0.1
20.08.2021 00:23:11.538,300.526,300.34900000000005,0.37,0.1
20.08.2021 00:23:13.582,300.526,300.351,0.37,0.1
20.08.2021 00:23:14.499,300.526,300.35200000000003,0.37,0.1
20.08.2021 00:23:16.541,300.526,300.34900000000005,0.37,0.1
20.08.2021 00:23:17.560,300.526,300.351,0.37,0.1
20.08.2021 00:23:18.577,300.526,300.35200000000003,0.37,0.1
20.08.2021 00:23:20.521,300.526,300.34900000000005,0.37,0.1
20.08.2021 00:23:21.553,300.526,300.351,0.37,0.1
20.08.2021 00:23:22.565,300.526,300.35200000000003,0.37,0.1
20.08.2021 00:23:23.639,300.526,300.34900000000005,0.37,0.1
20.08.2021 00:23:24.504,300.526,300.351,0.37,0.1
20.08.2021 00:23:25.529,300.526,300.35200000000003,0.37,0.1
20.08.2021 00:23:26.551,300.526,300.34900000000005,0.37,0.1
20.08.2021 00:23:27.571,300.526,300.351,0.37,0.1
20.08.2021 00:23:28.496,300.526,300.35200000000003,0.37,0.1
20.08.2021 00:23:29.514,300.526,300.34900000000005,0.37,0.1
20.08.2021 00:23:30.534,300.526,300.346,0.37,0.1
20.08.2021 00:23:31.562,300.526,300.345,0.37,0.1
20.08.2021 00:23:32.575,300.526,300.34700000000004,0.37,0.1
20.08.2021 00:23:33.602,300.526,300.346,0.37,0.1
20.08.2021 00:23:34.523,300.526,300.348,0.37,0.1
20.08.2021 00:23:35.525,300.526,300.346,0.37,0.1
20.08.2021 00:23:36.543,300.526,300.348,0.37,0.1
20.08.2021 00:23:37.080,300.573,300.295,1.25,0.1
20.08.2021 00:23:37.249,300.573,300.32599999999996,1.25,0.1
20.08.2021 00:23:37.552,300.573,300.339,1.25,0.1
20.08.2021 00:23:38.581,300.573,300.34000000000003,1.25,0.1
20.08.2021 00:23:38.783,300.573,300.324,1.25,0.1
20.08.2021 00:23:39.291,300.573,300.32099999999997,1.25,0.1
20.08.2021 00:23:39.592,300.573,300.336,1.25,0.1
20.08.2021 00:23:40.599,300.573,300.338,1.25,0.1
20.08.2021 00:23:41.523,300.573,300.339,1.25,0.1
20.08.2021 00:23:42.550,300.573,300.34000000000003,1.25,0.1
20.08.2021 00:23:44.591,300.573,300.337,1.25,0.1
20.08.2021 00:23:45.523,300.573,300.341,1.25,0.1
20.08.2021 00:23:46.548,300.573,300.334,1.25,0.1
20.08.2021 00:23:47.558,300.573,300.336,1.25,0.1
20.08.2021 00:23:48.577,300.573,300.337,1.25,0.1
20.08.2021 00:23:49.593,300.573,300.338,1.25,0.1
20.08.2021 00:23:50.512,300.573,300.335,1.25,0.1
20.08.2021 00:23:51.538,300.573,300.337,1.25,0.1
20.08.2021 00:23:52.556,300.573,300.338,1.25,0.1
20.08.2021 00:23:53.583,300.573,300.335,1.25,0.1
20.08.2021 00:23:54.607,300.573,300.337,1.25,0.1
20.08.2021 00:23:55.538,300.573,300.338,1.25,0.1
20.08.2021 00:23:59.521,300.573,300.335,1.25,0.1
20.08.2021 00:24:00.544,300.573,300.337,1.25,0.1
20.08.2021 00:24:01.569,300.573,300.335,1.25,0.1
20.08.2021 00:24:02.581,300.573,300.26099999999997,1.25,0.1
20.08.2021 00:24:04.611,300.573,300.34200000000004,1.25,0.1
20.08.2021 00:24:04.830,300.58,300.303,1.25,0.1
20.08.2021 00:24:05.165,300.567,300.303,1.25,0.1
20.08.2021 00:24:05.316,300.567,300.324,1.25,0.1
20.08.2021 00:24:05.417,300.567,300.322,1.25,0.1
20.08.2021 00:24:05.516,300.567,300.332,1.25,0.1
20.08.2021 00:24:05.617,300.567,300.336,1.25,0.1
20.08.2021 00:24:07.608,300.567,300.33,1.25,0.1
20.08.2021 00:24:08.603,300.567,300.331,1.25,0.1
20.08.2021 00:24:09.622,300.567,300.33,1.25,0.1
20.08.2021 00:24:09.829,300.567,300.33,1.25,0.1
20.08.2021 00:24:10.534,300.567,300.332,1.25,0.1
20.08.2021 00:24:11.556,300.567,300.33,1.25,0.1
20.08.2021 00:24:12.571,300.567,300.331,1.25,0.1
20.08.2021 00:24:13.577,300.567,300.34200000000004,1.25,0.1
20.08.2021 00:24:14.594,300.567,300.335,1.25,0.1
20.08.2021 00:24:15.518,300.567,300.335,1.25,0.1
20.08.2021 00:24:15.619,300.567,300.333,1.25,0.1
20.08.2021 00:24:15.711,300.567,300.32,1.25,0.1
20.08.2021 00:24:15.830,300.56,300.3,1.25,0.1
20.08.2021 00:24:15.911,300.56,300.291,1.25,0.1
20.08.2021 00:24:16.621,300.56,300.327,1.25,0.1
20.08.2021 00:24:18.543,300.56,300.328,1.25,0.1
20.08.2021 00:24:21.605,300.56,300.33,1.25,0.1
20.08.2021 00:24:21.919,300.558,300.303,1.25,0.1
20.08.2021 00:24:21.969,300.57,300.303,1.25,0.1
20.08.2021 00:24:22.020,300.56,300.232,1.25,0.1
20.08.2021 00:24:22.271,300.546,300.232,1.25,0.1
20.08.2021 00:24:22.434,300.543,300.29,1.25,0.1
20.08.2021 00:24:22.595,300.543,300.302,1.25,0.1
20.08.2021 00:24:22.745,300.535,300.28200000000004,1.25,0.1
20.08.2021 00:24:22.947,300.53000000000003,300.264,1.25,0.1
20.08.2021 00:24:23.047,300.53000000000003,300.28900000000004,1.25,0.1
20.08.2021 00:24:23.413,300.53200000000004,300.28400000000005,1.25,0.1
20.08.2021 00:24:23.614,300.53200000000004,300.3,1.25,0.1
20.08.2021 00:24:24.631,300.53200000000004,300.303,1.25,0.1
20.08.2021 00:24:25.548,300.53200000000004,300.302,1.25,0.1
20.08.2021 00:24:27.644,300.53200000000004,300.28700000000003,1.25,0.1
20.08.2021 00:24:28.605,300.53200000000004,300.285,1.25,0.1
20.08.2021 00:24:29.630,300.53200000000004,300.286,1.25,0.1
20.08.2021 00:24:30.636,300.53200000000004,300.285,1.25,0.1
20.08.2021 00:24:31.555,300.53200000000004,300.28400000000005,1.25,0.1
20.08.2021 00:24:32.571,300.53200000000004,300.285,1.25,0.1
20.08.2021 00:24:34.605,300.53200000000004,300.28700000000003,1.25,0.1
20.08.2021 00:24:35.617,300.53200000000004,300.283,1.25,0.1
20.08.2021 00:24:36.625,300.53200000000004,300.285,1.25,0.1
20.08.2021 00:24:39.557,300.53200000000004,300.286,1.25,0.1
20.08.2021 00:24:40.571,300.53200000000004,300.28700000000003,1.25,0.1
20.08.2021 00:24:41.529,300.503,300.269,1,0.1
20.08.2021 00:24:41.595,300.503,300.29,1,0.1
20.08.2021 00:24:41.997,300.507,300.28900000000004,1,0.12
20.08.2021 00:24:42.100,300.507,300.273,1,0.1
20.08.2021 00:24:42.606,300.507,300.288,1,0.1
20.08.2021 00:24:43.621,300.507,300.29,1,0.1
20.08.2021 00:24:45.550,300.507,300.291,1,0.1
20.08.2021 00:24:47.583,300.504,300.205,1,0.1
20.08.2021 00:24:48.594,300.507,300.29,1,0.1
20.08.2021 00:24:49.608,300.507,300.29200000000003,1,0.1
20.08.2021 00:24:50.216,300.504,300.083,1,1.5
20.08.2021 00:24:50.619,300.506,300.29200000000003,1,0.1
20.08.2021 00:24:51.636,300.506,300.291,1,0.1
20.08.2021 00:24:52.649,300.506,300.293,1,0.1
20.08.2021 00:24:53.554,300.531,300.29200000000003,1.25,0.12
20.08.2021 00:24:53.655,300.531,300.29,1.25,0.1
20.08.2021 00:24:54.572,300.531,300.28900000000004,1.25,0.1
20.08.2021 00:24:55.587,300.531,300.29200000000003,1.25,0.1
20.08.2021 00:24:57.645,300.531,300.293,1.25,0.1
20.08.2021 00:24:59.564,300.531,300.28900000000004,1.25,0.1
20.08.2021 00:25:00.496,300.531,300.278,1.25,0.1
20.08.2021 00:25:00.596,300.531,300.291,1.25,0.1
20.08.2021 00:25:01.611,300.531,300.293,1.25,0.1
20.08.2021 00:25:02.624,300.476,300.29400000000004,0.37,0.1
20.08.2021 00:25:05.592,300.531,300.293,1.25,0.1
20.08.2021 00:25:07.639,300.531,300.29400000000004,1.25,0.1
20.08.2021 00:25:09.074,300.531,300.263,1.25,0.1
20.08.2021 00:25:09.174,300.531,300.21500000000003,1.25,0.1
20.08.2021 00:25:09.576,300.531,300.291,1.25,0.1
20.08.2021 00:25:10.598,300.531,300.293,1.25,0.1
20.08.2021 00:25:11.605,300.531,300.29,1.25,0.1
20.08.2021 00:25:12.625,300.531,300.293,1.25,0.1
20.08.2021 00:25:13.644,300.531,300.29400000000004,1.25,0.1
20.08.2021 00:25:14.658,300.531,300.29,1.25,0.1
20.08.2021 00:25:15.665,300.531,300.29200000000003,1.25,0.1
20.08.2021 00:25:16.584,300.531,300.293,1.25,0.1
20.08.2021 00:25:17.642,300.53200000000004,300.272,1.25,0.1
20.08.2021 00:25:18.623,300.53200000000004,300.28900000000004,1.25,0.1
20.08.2021 00:25:19.650,300.53200000000004,300.291,1.25,0.1
20.08.2021 00:25:20.663,300.53200000000004,300.28900000000004,1.25,0.1
20.08.2021 00:25:21.582,300.53200000000004,300.291,1.25,0.1
20.08.2021 00:25:22.590,300.53200000000004,300.293,1.25,0.1
20.08.2021 00:25:23.604,300.476,300.295,0.37,0.1
20.08.2021 00:25:24.617,300.476,300.296,0.37,0.1
20.08.2021 00:25:26.234,300.53200000000004,300.274,1.25,0.1
20.08.2021 00:25:26.635,300.53200000000004,300.29200000000003,1.25,0.1
20.08.2021 00:25:27.268,300.53400000000005,300.257,1.25,0.1
20.08.2021 00:25:27.430,300.54,300.257,1.25,0.1
20.08.2021 00:25:27.562,300.54400000000004,300.218,1.25,0.1
20.08.2021 00:25:27.662,300.54400000000004,300.29900000000004,1.25,0.1
20.08.2021 00:25:27.763,300.54400000000004,300.285,1.25,0.1
20.08.2021 00:25:27.953,300.54400000000004,300.28400000000005,1.25,0.1
20.08.2021 00:25:28.672,300.545,300.3,1.25,0.1
20.08.2021 00:25:29.595,300.545,300.302,1.25,0.1
20.08.2021 00:25:30.631,300.545,300.303,1.25,0.1
20.08.2021 00:25:32.577,300.545,300.28000000000003,1.25,0.1
20.08.2021 00:25:32.678,300.545,300.298,1.25,0.1
20.08.2021 00:25:33.582,300.545,300.301,1.25,0.1
20.08.2021 00:25:33.843,300.545,300.302,1.25,0.1
20.08.2021 00:25:34.598,300.545,300.303,1.25,0.1
20.08.2021 00:25:35.617,300.545,300.3,1.25,0.1
20.08.2021 00:25:36.649,300.545,300.302,1.25,0.1
20.08.2021 00:25:37.682,300.545,300.303,1.25,0.1
20.08.2021 00:25:38.603,300.545,300.302,1.25,0.1
20.08.2021 00:25:38.805,300.545,300.285,1.25,0.1
20.08.2021 00:25:39.390,300.535,300.285,1.25,0.1
20.08.2021 00:25:39.441,300.535,300.214,1.25,0.1
20.08.2021 00:25:39.515,300.535,300.28000000000003,1.25,0.1
20.08.2021 00:25:39.617,300.53700000000003,300.216,1.25,0.1
20.08.2021 00:25:40.036,300.53900000000004,300.216,1.25,0.1
20.08.2021 00:25:40.389,300.53900000000004,300.216,1.25,0.1
20.08.2021 00:25:40.830,300.53900000000004,300.259,1.25,0.1
20.08.2021 00:25:41.646,300.53900000000004,300.297,1.25,0.1
20.08.2021 00:25:41.786,300.53900000000004,300.297,1.25,0.1
20.08.2021 00:25:42.189,300.53900000000004,300.281,1.25,0.1
20.08.2021 00:25:42.663,300.53900000000004,300.298,1.25,0.1
20.08.2021 00:25:43.682,300.53900000000004,300.3,1.25,0.1
20.08.2021 00:25:44.605,300.53900000000004,300.301,1.25,0.1
20.08.2021 00:25:47.489,300.546,300.28000000000003,1.25,0.1
20.08.2021 00:25:47.589,300.54400000000004,300.29400000000004,1.25,0.1
20.08.2021 00:25:47.690,300.54400000000004,300.301,1.25,0.1
20.08.2021 00:25:48.675,300.54400000000004,300.302,1.25,0.1
20.08.2021 00:25:49.600,300.54400000000004,300.303,1.25,0.1
20.08.2021 00:25:50.625,300.54400000000004,300.302,1.25,0.1
20.08.2021 00:25:51.653,300.54400000000004,300.303,1.25,0.1
20.08.2021 00:25:52.679,300.54400000000004,300.3,1.25,0.1
20.08.2021 00:25:53.605,300.54400000000004,300.302,1.25,0.1
20.08.2021 00:25:54.632,300.54400000000004,300.303,1.25,0.1
20.08.2021 00:25:56.669,300.54400000000004,300.3,1.25,0.1
20.08.2021 00:25:57.692,300.54400000000004,300.302,1.25,0.1
20.08.2021 00:25:58.617,300.54400000000004,300.303,1.25,0.1
20.08.2021 00:25:59.651,300.54400000000004,300.3,1.25,0.1
20.08.2021 00:26:00.672,300.54400000000004,300.302,1.25,0.1
20.08.2021 00:26:01.695,300.54400000000004,300.303,1.25,0.1
20.08.2021 00:26:03.682,300.518,300.301,1,0.1
20.08.2021 00:26:03.739,300.518,300.286,1,0.1
20.08.2021 00:26:04.644,300.517,300.301,1,0.1
20.08.2021 00:26:05.669,300.519,300.22200000000004,1,0.1
20.08.2021 00:26:05.772,300.548,300.22200000000004,1.25,0.1
20.08.2021 00:26:06.458,300.548,300.22200000000004,1.25,0.1
20.08.2021 00:26:06.680,300.548,300.285,1.25,0.1
20.08.2021 00:26:07.694,300.548,300.302,1.25,0.1
20.08.2021 00:26:08.612,300.548,300.30400000000003,1.25,0.1
20.08.2021 00:26:10.605,300.547,300.257,1.25,0.1
20.08.2021 00:26:10.705,300.559,300.276,1.25,0.1
20.08.2021 00:26:10.955,300.559,300.296,1.25,0.1
20.08.2021 00:26:11.081,300.528,300.30400000000003,1.25,0.1
20.08.2021 00:26:11.182,300.528,300.268,1.25,0.1
20.08.2021 00:26:11.232,300.528,300.268,1.25,0.1
20.08.2021 00:26:11.333,300.528,300.277,1.25,0.1
20.08.2021 00:26:11.484,300.519,300.28900000000004,1.25,0.1
20.08.2021 00:26:11.584,300.522,300.28700000000003,1.25,0.1
20.08.2021 00:26:11.690,300.522,300.28400000000005,1.25,0.1
20.08.2021 00:26:11.741,300.54,300.28400000000005,1.25,0.1
20.08.2021 00:26:11.841,300.513,300.28400000000005,1.25,0.1
20.08.2021 00:26:11.892,300.513,300.281,1.25,0.1
20.08.2021 00:26:11.973,300.513,300.286,1.25,0.1
20.08.2021 00:26:12.081,300.524,300.27500000000003,1.25,0.1
20.08.2021 00:26:12.605,300.526,300.286,1.75,0.1
20.08.2021 00:26:13.706,300.526,300.29900000000004,1.75,0.1
20.08.2021 00:26:14.625,300.526,300.3,1.75,0.1
20.08.2021 00:26:15.648,300.526,300.297,1.75,0.1
20.08.2021 00:26:16.675,300.526,300.29900000000004,1.75,0.1
20.08.2021 00:26:16.905,300.526,300.29900000000004,1.75,0.1
20.08.2021 00:26:17.005,300.526,300.285,1.75,0.1
20.08.2021 00:26:17.718,300.52,300.29900000000004,1.25,0.1
20.08.2021 00:26:17.919,300.504,300.29900000000004,1.25,0.1
20.08.2021 00:26:17.999,300.504,300.28900000000004,1.25,0.1
20.08.2021 00:26:18.187,300.52,300.28900000000004,1.25,0.1
20.08.2021 00:26:18.238,300.52,300.293,1.25,0.1
20.08.2021 00:26:18.754,300.522,300.29900000000004,1.25,0.1
20.08.2021 00:26:19.258,300.522,300.285,1.25,0.1
20.08.2021 00:26:19.661,300.522,300.29900000000004,1.25,0.1
20.08.2021 00:26:20.601,300.503,300.29900000000004,1.25,0.1
20.08.2021 00:26:20.800,300.517,300.29900000000004,1.25,0.1
20.08.2021 00:26:21.408,300.52,300.29900000000004,1.25,0.1
20.08.2021 00:26:21.569,300.52,300.29900000000004,1.25,0.1
20.08.2021 00:26:21.698,300.52,300.295,1.25,0.1
20.08.2021 00:26:21.817,300.517,300.295,1.25,0.1
20.08.2021 00:26:21.917,300.517,300.262,1.25,0.1
20.08.2021 00:26:22.022,300.521,300.26,1.25,0.1
20.08.2021 00:26:22.123,300.517,300.265,1.75,0.1
20.08.2021 00:26:22.224,300.497,300.269,1.25,0.1
20.08.2021 00:26:22.325,300.497,300.28700000000003,1.25,0.1
20.08.2021 00:26:22.432,300.497,300.281,1.25,0.1
20.08.2021 00:26:22.583,300.505,300.28200000000004,1.75,0.1
20.08.2021 00:26:22.716,300.51,300.273,1.25,0.1
20.08.2021 00:26:23.459,300.497,300.273,1.25,0.1
20.08.2021 00:26:23.610,300.497,300.283,1.25,0.1
20.08.2021 00:26:24.657,300.497,300.293,1.25,0.1
20.08.2021 00:26:25.710,300.497,300.29400000000004,1.25,0.1
20.08.2021 00:26:26.703,300.497,300.295,1.25,0.1
20.08.2021 00:26:29.656,300.497,300.296,1.25,0.1
20.08.2021 00:26:31.689,300.497,300.29400000000004,1.25,0.1
20.08.2021 00:26:32.711,300.497,300.296,1.25,0.1
20.08.2021 00:26:35.709,300.497,300.29400000000004,1.25,0.1
20.08.2021 00:26:36.682,300.497,300.296,1.25,0.1
20.08.2021 00:26:37.705,300.436,300.29400000000004,0.37,0.1
20.08.2021 00:26:38.632,300.436,300.296,0.37,0.1
20.08.2021 00:26:39.648,300.436,300.29400000000004,0.37,0.1
20.08.2021 00:26:40.660,300.436,300.295,0.37,0.1
20.08.2021 00:26:41.679,300.436,300.296,0.37,0.1
20.08.2021 00:26:44.640,300.436,300.293,0.37,0.1
20.08.2021 00:26:45.658,300.436,300.295,0.37,0.1
20.08.2021 00:26:46.677,300.436,300.296,0.37,0.1
20.08.2021 00:26:47.702,300.436,300.295,0.37,0.1
20.08.2021 00:26:48.721,300.436,300.296,0.37,0.1
20.08.2021 00:26:50.661,300.436,300.293,0.37,0.1
20.08.2021 00:26:51.688,300.436,300.295,0.37,0.1
20.08.2021 00:26:51.900,300.46700000000004,300.28200000000004,1,0.1
20.08.2021 00:26:52.001,300.46700000000004,300.26099999999997,1,0.1
20.08.2021 00:26:52.104,300.462,300.276,1,0.1
20.08.2021 00:26:52.703,300.462,300.286,1,0.1
20.08.2021 00:26:52.910,300.462,300.274,1,0.1
20.08.2021 00:26:53.723,300.461,300.281,1,0.1
20.08.2021 00:26:54.733,300.461,300.28400000000005,1,0.1
20.08.2021 00:26:55.652,300.461,300.283,1,0.1
20.08.2021 00:26:56.675,300.461,300.285,1,0.1
20.08.2021 00:26:59.640,300.487,300.28400000000005,1.25,0.1
20.08.2021 00:27:00.663,300.487,300.285,1.25,0.1
20.08.2021 00:27:01.679,300.487,300.283,1.25,0.1
20.08.2021 00:27:02.091,300.487,300.278,1.25,0.1
20.08.2021 00:27:02.489,300.487,300.22700000000003,1.25,0.1
20.08.2021 00:27:07.103,300.487,300.274,1.25,0.1
20.08.2021 00:27:07.547,300.487,300.274,1.25,0.1
20.08.2021 00:27:07.705,300.49,300.263,1.25,0.1
20.08.2021 00:27:08.714,300.493,300.28900000000004,1.25,0.1
20.08.2021 00:27:09.740,300.493,300.286,1.25,0.1
20.08.2021 00:27:10.752,300.493,300.288,1.25,0.1
20.08.2021 00:27:11.665,300.493,300.28900000000004,1.25,0.1
20.08.2021 00:27:12.680,300.493,300.29,1.25,0.1
20.08.2021 00:27:13.709,300.493,300.291,1.25,0.1
20.08.2021 00:27:14.375,300.495,300.273,1.25,0.1
20.08.2021 00:27:14.425,300.495,300.285,1.25,0.1
20.08.2021 00:27:14.527,300.497,300.286,1.25,0.1
20.08.2021 00:27:14.727,300.497,300.28900000000004,1.25,0.1
20.08.2021 00:27:15.754,300.497,300.298,1.25,0.1
20.08.2021 00:27:16.671,300.497,300.29900000000004,1.25,0.1
20.08.2021 00:27:18.556,300.497,300.29900000000004,1.25,0.1
20.08.2021 00:27:18.621,300.497,300.28900000000004,1.25,0.1
20.08.2021 00:27:18.769,300.5,300.297,1.25,0.1
20.08.2021 00:27:19.741,300.5,300.29900000000004,1.25,0.1
20.08.2021 00:27:20.766,300.5,300.296,1.25,0.1
20.08.2021 00:27:21.693,300.5,300.297,1.25,0.1
20.08.2021 00:27:22.713,300.5,300.295,1.25,0.1
20.08.2021 00:27:23.123,300.5,300.29200000000003,1.25,0.1
20.08.2021 00:27:23.738,300.5,300.297,1.25,0.1
20.08.2021 00:27:24.755,300.5,300.29900000000004,1.25,0.1
20.08.2021 00:27:25.710,300.5,300.3,1.25,0.1
20.08.2021 00:27:26.294,300.502,300.279,1.25,0.1
20.08.2021 00:27:26.381,300.502,300.245,1.25,0.1
20.08.2021 00:27:26.683,300.504,300.295,1.25,0.1
20.08.2021 00:27:26.785,300.504,300.293,1.25,0.1
20.08.2021 00:27:27.702,300.501,300.29900000000004,1.25,0.1
20.08.2021 00:27:28.320,300.501,300.273,1.25,0.1
20.08.2021 00:27:28.734,300.501,300.3,1.25,0.1
20.08.2021 00:27:29.755,300.501,300.301,1.25,0.1
20.08.2021 00:27:32.726,300.501,300.298,1.25,0.1
20.08.2021 00:27:33.747,300.501,300.3,1.25,0.1
20.08.2021 00:27:34.666,300.501,300.277,1.25,0.1
20.08.2021 00:27:34.765,300.501,300.29200000000003,1.25,0.1
20.08.2021 00:27:34.868,300.521,300.28200000000004,1.75,0.1
20.08.2021 00:27:34.969,300.509,300.28400000000005,1.25,0.1
20.08.2021 00:27:35.067,300.509,300.30400000000003,1.25,0.1
20.08.2021 00:27:35.368,300.509,300.29,1.25,0.1
20.08.2021 00:27:35.710,300.509,300.303,1.25,0.1
20.08.2021 00:27:36.684,300.509,300.31,1.25,0.1
20.08.2021 00:27:37.699,300.509,300.307,1.25,0.1
20.08.2021 00:27:38.717,300.509,300.309,1.25,0.1
20.08.2021 00:27:39.735,300.509,300.31,1.25,0.1
20.08.2021 00:27:40.750,300.509,300.307,1.25,0.1
20.08.2021 00:27:41.764,300.509,300.309,1.25,0.1
20.08.2021 00:27:42.684,300.509,300.31,1.25,0.1
20.08.2021 00:27:43.705,300.509,300.309,1.25,0.1
20.08.2021 00:27:43.906,300.487,300.3,1,0.1
20.08.2021 00:27:44.726,300.487,300.308,1,0.1
20.08.2021 00:27:45.746,300.487,300.31,1,0.1
20.08.2021 00:27:46.800,300.512,300.311,1.25,0.1
20.08.2021 00:27:47.682,300.512,300.308,1.25,0.1
20.08.2021 00:27:48.704,300.512,300.31,1.25,0.1
20.08.2021 00:27:49.648,300.514,300.255,1.25,0.1
20.08.2021 00:27:49.716,300.514,300.312,1.25,0.1
20.08.2021 00:27:50.733,300.514,300.31,1.25,0.1
20.08.2021 00:27:51.741,300.514,300.312,1.25,0.1
20.08.2021 00:27:52.754,300.514,300.313,1.25,0.1
20.08.2021 00:27:53.770,300.514,300.314,1.25,0.1
20.08.2021 00:27:54.079,300.514,300.302,1.25,0.1
20.08.2021 00:27:54.695,300.514,300.309,1.25,0.1
20.08.2021 00:27:55.710,300.514,300.312,1.25,0.1
20.08.2021 00:27:56.737,300.514,300.31,1.25,0.1
20.08.2021 00:27:57.746,300.514,300.312,1.25,0.1
20.08.2021 00:27:58.764,300.514,300.313,1.25,0.1
20.08.2021 00:27:59.205,300.512,300.301,1.25,0.1
20.08.2021 00:27:59.774,300.512,300.309,1.25,0.1
20.08.2021 00:28:00.685,300.512,300.31,1.25,0.1
20.08.2021 00:28:01.698,300.512,300.311,1.25,0.1
20.08.2021 00:28:02.004,300.512,300.295,1.25,0.1
20.08.2021 00:28:02.103,300.512,300.29900000000004,1.25,0.1
20.08.2021 00:28:02.719,300.512,300.309,1.25,0.1
20.08.2021 00:28:03.739,300.512,300.31,1.25,0.1
20.08.2021 00:28:04.751,300.512,300.311,1.25,0.1
20.08.2021 00:28:05.772,300.512,300.308,1.25,0.1
20.08.2021 00:28:06.692,300.512,300.31,1.25,0.1
20.08.2021 00:28:07.720,300.512,300.311,1.25,0.1
20.08.2021 00:28:08.740,300.512,300.308,1.25,0.1
20.08.2021 00:28:09.757,300.512,300.31,1.25,0.1
20.08.2021 00:28:10.063,300.512,300.301,1.25,0.1
20.08.2021 00:28:10.779,300.512,300.309,1.25,0.1
20.08.2021 00:28:11.692,300.512,300.311,1.25,0.1
20.08.2021 00:28:14.739,300.512,300.309,1.25,0.1
20.08.2021 00:28:15.755,300.512,300.311,1.25,0.1
20.08.2021 00:28:17.796,300.512,300.309,1.25,0.1
20.08.2021 00:28:18.714,300.512,300.311,1.25,0.1
20.08.2021 00:28:22.800,300.512,300.308,1.25,0.1
20.08.2021 00:28:23.725,300.512,300.309,1.25,0.1
20.08.2021 00:28:24.753,300.512,300.311,1.25,0.1
20.08.2021 00:28:26.782,300.456,300.309,0.37,0.1
20.08.2021 00:28:27.799,300.456,300.311,0.37,0.1
20.08.2021 00:28:29.743,300.456,300.309,0.37,0.1
20.08.2021 00:28:30.748,300.456,300.311,0.37,0.1
20.08.2021 00:28:32.789,300.456,300.309,0.37,0.1
20.08.2021 00:28:33.792,300.456,300.311,0.37,0.1
20.08.2021 00:28:35.719,300.456,300.309,0.37,0.1
20.08.2021 00:28:36.738,300.456,300.311,0.37,0.1
20.08.2021 00:28:37.753,300.456,300.309,0.37,0.1
20.08.2021 00:28:38.074,300.512,300.309,1,0.1
20.08.2021 00:28:38.209,300.519,300.31,1.25,0.1
20.08.2021 00:28:38.358,300.519,300.306,1.25,0.1
20.08.2021 00:28:38.762,300.519,300.317,1.25,0.1
20.08.2021 00:28:39.157,300.516,300.317,1.25,0.1
20.08.2021 00:28:39.207,300.516,300.254,1.25,0.1
20.08.2021 00:28:39.308,300.516,300.305,1.25,0.1
20.08.2021 00:28:39.367,300.516,300.302,1.25,0.1
20.08.2021 00:28:39.769,300.516,300.312,1.25,0.1
20.08.2021 00:28:40.791,300.516,300.31,1.25,0.1
20.08.2021 00:28:41.714,300.516,300.312,1.25,0.1
20.08.2021 00:28:42.075,300.53000000000003,300.312,1.25,0.1
20.08.2021 00:28:42.223,300.53000000000003,300.308,1.25,0.1
20.08.2021 00:28:42.726,300.53000000000003,300.319,1.25,0.1
20.08.2021 00:28:43.749,300.53000000000003,300.32,1.25,0.1
20.08.2021 00:28:44.785,300.53000000000003,300.32099999999997,1.25,0.1
20.08.2021 00:28:46.823,300.538,300.297,1.25,0.1
20.08.2021 00:28:46.924,300.538,300.301,1.25,0.1
20.08.2021 00:28:46.974,300.555,300.301,1.25,0.1
20.08.2021 00:28:47.097,300.555,300.32099999999997,1.25,0.1
20.08.2021 00:28:47.812,300.555,300.34700000000004,1.25,0.1
20.08.2021 00:28:49.754,300.55400000000003,300.345,1.25,0.1
20.08.2021 00:28:50.771,300.55400000000003,300.34700000000004,1.25,0.1
20.08.2021 00:28:51.794,300.55400000000003,300.348,1.25,0.1
20.08.2021 00:28:53.835,300.55400000000003,300.337,1.25,0.1
20.08.2021 00:28:54.742,300.55400000000003,300.348,1.25,0.1
20.08.2021 00:28:55.091,300.556,300.341,1.25,0.1
20.08.2021 00:28:55.148,300.556,300.288,1.25,0.1
20.08.2021 00:28:55.755,300.556,300.34700000000004,1.25,0.1
20.08.2021 00:28:56.198,300.553,300.324,1.25,0.1
20.08.2021 00:28:56.270,300.553,300.337,1.25,0.1
20.08.2021 00:28:56.780,300.553,300.34700000000004,1.25,0.1
20.08.2021 00:28:57.801,300.553,300.348,1.25,0.1
20.08.2021 00:29:01.767,300.553,300.345,1.25,0.1
20.08.2021 00:29:02.323,300.552,300.34000000000003,1.25,0.1
20.08.2021 00:29:02.780,300.552,300.345,1.25,0.1
20.08.2021 00:29:03.803,300.552,300.34700000000004,1.25,0.1
20.08.2021 00:29:04.816,300.552,300.348,1.25,0.1
20.08.2021 00:29:04.924,300.54900000000004,300.316,1.25,0.1
20.08.2021 00:29:05.020,300.54900000000004,300.335,1.25,0.1
20.08.2021 00:29:05.736,300.54900000000004,300.341,1.25,0.1
20.08.2021 00:29:06.764,300.54900000000004,300.343,1.25,0.1
20.08.2021 00:29:07.783,300.54900000000004,300.34200000000004,1.25,0.1
20.08.2021 00:29:08.803,300.54900000000004,300.341,1.25,0.1
20.08.2021 00:29:09.825,300.54900000000004,300.343,1.25,0.1
20.08.2021 00:29:10.748,300.54900000000004,300.344,1.25,0.1
20.08.2021 00:29:11.775,300.54900000000004,300.341,1.25,0.1
20.08.2021 00:29:12.799,300.54900000000004,300.343,1.25,0.1
20.08.2021 00:29:13.813,300.54900000000004,300.344,1.25,0.1
20.08.2021 00:29:17.801,300.54900000000004,300.341,1.25,0.1
20.08.2021 00:29:18.238,300.54900000000004,300.286,1.25,0.1
20.08.2021 00:29:18.289,300.54900000000004,300.286,1.25,0.1
20.08.2021 00:29:18.416,300.545,300.328,1.25,0.1
20.08.2021 00:29:18.824,300.545,300.337,1.25,0.1
20.08.2021 00:29:19.741,300.545,300.338,1.25,0.1
20.08.2021 00:29:20.751,300.545,300.335,1.25,0.1
20.08.2021 00:29:21.757,300.545,300.337,1.25,0.1
20.08.2021 00:29:22.772,300.545,300.338,1.25,0.1
20.08.2021 00:29:23.791,300.545,300.339,1.25,0.1
20.08.2021 00:29:26.759,300.545,300.335,1.25,0.1
20.08.2021 00:29:27.774,300.545,300.336,1.25,0.1
20.08.2021 00:29:28.793,300.545,300.338,1.25,0.1
20.08.2021 00:29:29.816,300.545,300.336,1.25,0.1
20.08.2021 00:29:30.833,300.545,300.338,1.25,0.1
20.08.2021 00:29:31.745,300.545,300.339,1.25,0.1
20.08.2021 00:29:32.762,300.545,300.335,1.25,0.1
20.08.2021 00:29:33.772,300.545,300.337,1.25,0.1
20.08.2021 00:29:34.793,300.545,300.338,1.25,0.1
20.08.2021 00:29:35.810,300.545,300.339,1.25,0.1
20.08.2021 00:29:38.760,300.545,300.336,1.25,0.1
20.08.2021 00:29:39.081,300.545,300.329,1.25,0.1
20.08.2021 00:29:39.164,300.545,300.28400000000005,1.25,0.1
20.08.2021 00:29:39.281,300.547,300.33,1.25,0.1
20.08.2021 00:29:39.462,300.547,300.331,1.25,0.1
20.08.2021 00:29:39.565,300.547,300.283,1.25,0.1
20.08.2021 00:29:40.170,300.547,300.327,1.25,0.1
20.08.2021 00:29:40.778,300.547,300.337,1.25,0.1
20.08.2021 00:29:41.802,300.547,300.338,1.25,0.1
20.08.2021 00:29:43.847,300.545,300.336,1.25,0.1
20.08.2021 00:29:45.811,300.543,300.28200000000004,1.25,0.1
20.08.2021 00:29:45.891,300.543,300.32099999999997,1.25,0.1
20.08.2021 00:29:45.992,300.536,300.32099999999997,1.25,0.1
20.08.2021 00:29:46.042,300.536,300.307,1.25,0.1
20.08.2021 00:29:46.092,300.536,300.313,1.25,0.1
20.08.2021 00:29:46.292,300.536,300.32,1.25,0.1
20.08.2021 00:29:46.761,300.516,300.32,1.25,0.1
20.08.2021 00:29:46.812,300.516,300.288,1.25,0.1
20.08.2021 00:29:46.903,300.516,300.279,1.25,0.1
