Gmt time,Ask,Bid,AskVolume,BidVolume
18.08.2021 00:00:00.044,300.568,300.016,1.25,1.5
18.08.2021 00:00:00.224,300.456,299.97400000000005,0.37,1.12
18.08.2021 00:00:00.275,300.516,299.959,1.12,1
18.08.2021 00:00:05.197,300.51099999999997,299.911,1.12,1.12
18.08.2021 00:00:06.310,300.512,299.915,1.5,1.12
18.08.2021 00:00:07.972,300.527,299.92900000000003,1.5,1.12
18.08.2021 00:00:08.022,300.528,299.92900000000003,1.5,1.12
18.08.2021 00:00:08.825,300.53000000000003,299.933,1.5,1.12
18.08.2021 00:00:12.391,300.521,299.93,1.5,1.12
18.08.2021 00:00:13.298,300.52,299.92,1.12,1.12
18.08.2021 00:00:13.789,300.526,299.947,1.12,1.12
18.08.2021 00:00:13.991,300.503,300.019,1,1
18.08.2021 00:00:14.091,300.503,299.983,1.5,1.5
18.08.2021 00:00:14.213,300.495,299.98400000000004,1,1.12
18.08.2021 00:00:14.314,300.495,300.04400000000004,1.5,0.37
18.08.2021 00:00:14.515,300.512,300.027,1,1
18.08.2021 00:00:14.566,300.512,300.014,1,1.12
18.08.2021 00:00:14.616,300.505,300.014,1.5,1.12
18.08.2021 00:00:14.666,300.505,300.022,1,1.5
18.08.2021 00:00:14.968,300.498,300.026,1,1
18.08.2021 00:00:15.069,300.502,299.983,1,1.5
18.08.2021 00:00:15.119,300.494,300.03400000000005,1,0.69
18.08.2021 00:00:15.321,300.494,299.97900000000004,1.5,1.12
18.08.2021 00:00:15.371,300.494,299.976,1.5,1.12
18.08.2021 00:00:15.522,300.507,299.981,1.75,1.12
18.08.2021 00:00:15.573,300.507,300.018,1.5,1.12
18.08.2021 00:00:15.723,300.507,300.02,1.75,1.12
18.08.2021 00:00:16.049,300.496,300.024,1.5,1.12
18.08.2021 00:00:18.189,300.501,300.023,1.5,1.5
18.08.2021 00:00:24.795,300.501,300.02,1.5,1.5
18.08.2021 00:00:26.295,300.501,300.036,1.5,1.12
18.08.2021 00:00:26.396,300.51,300.008,1.75,1.12
18.08.2021 00:00:26.597,300.488,299.998,1.5,1.5
18.08.2021 00:00:26.799,300.487,300.008,1,1.12
18.08.2021 00:00:26.928,300.509,300.008,1.5,1.12
18.08.2021 00:00:26.998,300.509,300.064,1.75,0.37
18.08.2021 00:00:27.105,300.509,300.03700000000003,1.75,1
18.08.2021 00:00:27.205,300.509,300.041,1.5,1.5
18.08.2021 00:00:27.532,300.5,300.002,1,1.5
18.08.2021 00:00:27.633,300.5,300.003,1.5,1.5
18.08.2021 00:00:27.751,300.499,300.013,1.5,1.5
18.08.2021 00:00:27.968,300.499,300.045,1,1
18.08.2021 00:00:28.100,300.499,300.026,1,1.5
18.08.2021 00:00:28.151,300.499,300.026,1.5,1.5
18.08.2021 00:00:28.353,300.499,300.094,1.5,0.37
18.08.2021 00:00:28.558,300.499,300.052,1.5,1.12
18.08.2021 00:00:28.757,300.499,300.045,1.5,1.5
18.08.2021 00:00:28.959,300.499,300.04900000000004,1.5,1.12
18.08.2021 00:00:29.160,300.499,300.10400000000004,1.5,0.37
18.08.2021 00:00:29.362,300.499,300.05400000000003,1.5,1.12
18.08.2021 00:00:29.560,300.499,300.05400000000003,1.75,1.12
18.08.2021 00:00:29.611,300.499,300.05400000000003,1.75,1.12
18.08.2021 00:00:29.810,300.499,300.046,1.75,1.5
18.08.2021 00:00:30.039,300.499,300.055,1.75,1.5
18.08.2021 00:00:30.240,300.499,300.056,1.5,1.12
18.08.2021 00:00:30.461,300.502,300.052,1.5,1.5
18.08.2021 00:00:30.713,300.502,300.043,1.25,1.12
18.08.2021 00:00:30.874,300.502,300.043,1,1.12
18.08.2021 00:00:30.925,300.502,300.057,1.5,1.12
18.08.2021 00:00:31.127,300.498,300.058,1,1.12
18.08.2021 00:00:31.329,300.513,300.055,1.75,1.12
18.08.2021 00:00:31.528,300.44599999999997,300.023,0.37,1.12
18.08.2021 00:00:31.729,300.516,300.051,1.5,1.5
18.08.2021 00:00:31.930,300.516,300.051,1.75,1.5
18.08.2021 00:00:32.131,300.509,300.013,1.25,1.5
18.08.2021 00:00:32.332,300.516,300.058,1.75,1.12
18.08.2021 00:00:32.535,300.505,300.047,1.25,1.12
18.08.2021 00:00:32.751,300.516,300.04900000000004,1.75,1.5
18.08.2021 00:00:32.952,300.495,300.051,1.5,1.12
18.08.2021 00:00:33.325,300.504,300.04200000000003,1.75,1.5
18.08.2021 00:00:33.933,300.485,300.048,1.75,1.5
18.08.2021 00:00:34.135,300.485,300.05,1,1.5
18.08.2021 00:00:34.286,300.51099999999997,300.03400000000005,1.5,1.5
18.08.2021 00:00:34.337,300.5,300.03400000000005,1.25,1.12
18.08.2021 00:00:34.546,300.512,300.04900000000004,1.5,1
18.08.2021 00:00:34.597,300.512,300.01,1.5,1.5
18.08.2021 00:00:34.647,300.512,300.061,1.5,1
18.08.2021 00:00:34.698,300.512,300.024,1.5,1
18.08.2021 00:00:34.749,300.512,300.057,1.5,1
18.08.2021 00:00:34.799,300.512,300.019,1.5,1
18.08.2021 00:00:34.900,300.512,300.016,1.75,1.06
18.08.2021 00:00:35.101,300.498,300.047,1.5,1
18.08.2021 00:00:35.202,300.498,300.057,1.5,1
18.08.2021 00:00:35.303,300.498,300.053,1.75,1
18.08.2021 00:00:35.353,300.498,300.047,1.75,1
18.08.2021 00:00:35.526,300.496,300.05,1.75,1
18.08.2021 00:00:35.677,300.493,300.056,1.75,1
18.08.2021 00:00:35.728,300.493,300.056,1.75,1
18.08.2021 00:00:35.828,300.493,300.062,1.75,1
18.08.2021 00:00:35.955,300.493,300.048,1.75,1.12
18.08.2021 00:00:36.061,300.493,300.048,1.75,1.12
18.08.2021 00:00:36.289,300.493,300.062,1.5,1.12
18.08.2021 00:00:36.389,300.493,300.062,1,1.12
18.08.2021 00:00:36.540,300.504,300.06,1.75,1.12
18.08.2021 00:00:36.730,300.504,300.05400000000003,1.5,1.5
18.08.2021 00:00:36.931,300.504,300.058,1.5,1
18.08.2021 00:00:37.059,300.504,300.023,1.5,1.5
18.08.2021 00:00:37.160,300.504,300.05400000000003,1.5,1
18.08.2021 00:00:37.210,300.504,300.048,1.5,1
18.08.2021 00:00:37.261,300.504,300.062,1.5,1
18.08.2021 00:00:37.362,300.504,300.016,1.5,1
18.08.2021 00:00:37.412,300.504,300.059,1.5,1
18.08.2021 00:00:37.538,300.504,300.023,1.5,1.5
18.08.2021 00:00:37.689,300.504,300.063,1.5,1
18.08.2021 00:00:37.739,300.504,300.024,1.5,1.5
18.08.2021 00:00:37.909,300.504,300.023,1.5,1
18.08.2021 00:00:37.959,300.498,300.056,1.25,1
18.08.2021 00:00:38.068,300.498,300.023,1.25,1.5
18.08.2021 00:00:38.118,300.498,300.055,1.25,1
18.08.2021 00:00:38.269,300.44599999999997,300.016,0.37,1.5
18.08.2021 00:00:38.320,300.504,300.06,1.5,1
18.08.2021 00:00:38.370,300.504,300.031,1.75,1
18.08.2021 00:00:38.471,300.504,300.058,1.75,1
18.08.2021 00:00:38.521,300.504,300.058,1.75,1
18.08.2021 00:00:38.572,300.504,300.014,1.5,1.5
18.08.2021 00:00:38.622,300.504,300.058,1.5,1
18.08.2021 00:00:38.697,300.504,300.058,1.5,1
18.08.2021 00:00:38.798,300.504,300.04400000000004,1.5,1.12
18.08.2021 00:00:38.899,300.504,300.065,1.5,1.25
18.08.2021 00:00:39.000,300.495,300.061,1.5,1.12
18.08.2021 00:00:39.100,300.495,300.061,1.5,1.12
18.08.2021 00:00:39.201,300.499,300.033,1.75,1.12
18.08.2021 00:00:39.301,300.499,300.057,1.75,1.5
18.08.2021 00:00:39.503,300.501,300.063,1.5,1.5
18.08.2021 00:00:39.720,300.501,300.061,1.5,1.5
18.08.2021 00:00:39.922,300.497,300.036,1.25,1.12
18.08.2021 00:00:40.109,300.497,300.058,1.25,1.5
18.08.2021 00:00:40.160,300.501,300.058,1.5,1.5
18.08.2021 00:00:40.315,300.498,300.066,1.25,1.12
18.08.2021 00:00:40.709,300.44599999999997,300.03700000000003,0.37,1
18.08.2021 00:00:40.860,300.44599999999997,300.069,0.37,1
18.08.2021 00:00:40.910,300.501,300.04200000000003,1.75,1
18.08.2021 00:00:41.011,300.501,300.072,1.75,1
18.08.2021 00:00:41.309,300.48400000000004,300.022,1,1
18.08.2021 00:00:41.362,300.48400000000004,300.055,1,1
18.08.2021 00:00:41.416,300.48400000000004,300.053,1,1
18.08.2021 00:00:41.517,300.499,300.05400000000003,1.5,1
18.08.2021 00:00:41.726,300.499,300.05400000000003,1.75,1
18.08.2021 00:00:41.827,300.499,300.05,1.75,1
18.08.2021 00:00:41.929,300.499,300.06,1.5,1
18.08.2021 00:00:42.131,300.486,300.06,1.25,1
18.08.2021 00:00:42.231,300.486,300.035,1.25,1
18.08.2021 00:00:42.282,300.486,300.063,1.25,1
18.08.2021 00:00:42.484,300.436,300.11400000000003,0.37,0.37
18.08.2021 00:00:42.534,300.486,300.036,1.25,1
18.08.2021 00:00:42.757,300.48900000000003,300.061,1.25,1.5
18.08.2021 00:00:43.155,300.497,300.064,1.75,1.5
18.08.2021 00:00:43.354,300.495,300.021,1.75,1.12
18.08.2021 00:00:43.555,300.495,300.062,1.75,1.5
18.08.2021 00:00:45.271,300.482,300.063,1.25,1.12
18.08.2021 00:00:45.472,300.48400000000004,300.031,1.25,1.12
18.08.2021 00:00:45.523,300.48400000000004,300.018,1.25,1.5
18.08.2021 00:00:45.724,300.426,300.11400000000003,0.37,0.37
18.08.2021 00:00:45.925,300.491,300.057,1.25,1.5
18.08.2021 00:00:46.066,300.494,300.057,1.25,1.5
18.08.2021 00:00:46.552,300.495,300.064,1.75,1
18.08.2021 00:00:46.703,300.426,300.066,0.37,1.12
18.08.2021 00:00:46.804,300.49,300.03700000000003,1.25,1.12
18.08.2021 00:00:46.854,300.49,300.11400000000003,1.25,0.37
18.08.2021 00:00:46.905,300.495,300.056,1.5,1.12
18.08.2021 00:00:47.056,300.48,300.05400000000003,1.25,1.12
18.08.2021 00:00:47.272,300.48900000000003,300.059,1.25,1.5
18.08.2021 00:00:47.505,300.487,300.069,1.25,1.5
18.08.2021 00:00:47.705,300.47900000000004,300.07,1.25,1.5
18.08.2021 00:00:47.907,300.493,300.041,1.25,1.06
18.08.2021 00:00:48.159,300.486,300.036,1.75,1.12
18.08.2021 00:00:48.361,300.49,300.07099999999997,1.75,1.5
18.08.2021 00:00:48.562,300.485,300.061,1.75,1.5
18.08.2021 00:00:48.756,300.485,300.065,1.5,1.5
18.08.2021 00:00:48.856,300.416,300.047,0.37,1.12
18.08.2021 00:00:48.957,300.486,300.05400000000003,1.25,1.12
18.08.2021 00:00:49.179,300.48400000000004,300.066,1.5,1
18.08.2021 00:00:49.352,300.426,300.066,0.37,1
18.08.2021 00:00:49.553,300.482,300.065,1.25,1
18.08.2021 00:00:49.603,300.487,300.065,1,1
18.08.2021 00:00:49.843,300.47700000000003,300.065,1.25,1
18.08.2021 00:00:50.044,300.491,300.065,1.5,1
18.08.2021 00:00:50.197,300.491,300.065,1.75,1
18.08.2021 00:00:50.401,300.476,300.065,1.25,1
18.08.2021 00:01:14.857,300.45099999999996,300.066,1,1
18.08.2021 00:01:16.732,300.476,300.065,1.25,1
18.08.2021 00:01:19.712,300.476,300.063,1.25,1.5
18.08.2021 00:01:26.304,300.475,300.067,1.25,1.5
18.08.2021 00:01:26.557,300.455,300.074,1,1
18.08.2021 00:01:26.972,300.485,300.075,1.25,1
18.08.2021 00:01:32.456,300.485,300.07599999999996,1.25,1
18.08.2021 00:01:33.442,300.464,300.078,1,1.5
18.08.2021 00:01:39.491,300.491,300.088,1.75,1
18.08.2021 00:01:39.674,300.491,300.088,1.75,1.5
18.08.2021 00:01:39.725,300.468,300.094,1,1
18.08.2021 00:01:39.986,300.491,300.088,1.75,1.5
18.08.2021 00:01:43.968,300.468,300.094,1,1
18.08.2021 00:01:44.989,300.491,300.09000000000003,1.75,1.5
18.08.2021 00:02:00.881,300.491,300.096,1.75,1
18.08.2021 00:02:00.986,300.491,300.096,1.75,1.5
18.08.2021 00:02:01.092,300.48,300.10400000000004,1,1
18.08.2021 00:02:01.215,300.48,300.10400000000004,1,1
18.08.2021 00:02:02.011,300.507,300.1,1.75,1.5
18.08.2021 00:02:10.726,300.507,300.105,1.75,1
18.08.2021 00:02:11.306,300.507,300.103,1.75,1.5
18.08.2021 00:02:18.329,300.507,300.09900000000005,1.75,1
18.08.2021 00:02:18.429,300.502,300.09200000000004,1.25,1.5
18.08.2021 00:02:18.530,300.502,300.09200000000004,1.25,1
18.08.2021 00:02:18.731,300.488,300.078,1.25,1.5
18.08.2021 00:02:22.479,300.47900000000004,300.07,1.87,1.5
18.08.2021 00:02:22.681,300.47900000000004,300.07,1.87,1
18.08.2021 00:02:22.831,300.47900000000004,300.064,1.87,1.12
18.08.2021 00:02:32.031,300.47400000000005,300.066,1.25,1
18.08.2021 00:02:32.702,300.47400000000005,300.061,1.25,1.5
18.08.2021 00:02:33.205,300.47200000000004,300.065,1.25,1
18.08.2021 00:02:46.032,300.47200000000004,300.063,1.25,1.5
18.08.2021 00:02:46.215,300.441,300.058,1,1
18.08.2021 00:02:46.322,300.466,300.056,1.25,1
18.08.2021 00:02:46.640,300.466,300.05400000000003,1.25,1.12
18.08.2021 00:02:53.947,300.466,300.059,1.25,1
18.08.2021 00:02:54.095,300.466,300.059,1.25,1.5
18.08.2021 00:02:54.146,300.442,300.064,1,1
18.08.2021 00:02:54.420,300.442,300.064,1,1
18.08.2021 00:02:54.947,300.471,300.063,1.25,1.5
18.08.2021 00:03:22.607,300.471,300.058,1.25,1
18.08.2021 00:03:22.758,300.466,300.057,1.25,1
18.08.2021 00:03:23.083,300.466,300.05400000000003,1.25,1.12
18.08.2021 00:03:42.172,300.461,300.056,1.25,1
18.08.2021 00:03:42.288,300.47,300.062,1.25,1.5
18.08.2021 00:03:42.355,300.47,300.062,1.25,1
18.08.2021 00:03:42.406,300.466,300.058,1.25,1
18.08.2021 00:03:42.456,300.442,300.058,1.25,1.5
18.08.2021 00:03:42.527,300.466,300.058,1.25,1
18.08.2021 00:03:42.809,300.466,300.056,1.25,1
18.08.2021 00:03:43.274,300.463,300.053,1.25,1.5
18.08.2021 00:03:47.046,300.462,300.055,1.25,1.5
18.08.2021 00:03:47.247,300.442,300.064,1,1
18.08.2021 00:03:47.299,300.47900000000004,300.062,1.75,1.5
18.08.2021 00:03:48.543,300.47200000000004,300.07,1.25,1
18.08.2021 00:03:48.685,300.47200000000004,300.075,1.25,1
18.08.2021 00:03:48.735,300.47900000000004,300.075,1.75,1
18.08.2021 00:03:48.801,300.452,300.075,1,1.5
18.08.2021 00:03:49.001,300.47900000000004,300.075,1.75,1
18.08.2021 00:03:51.444,300.47900000000004,300.072,1.75,1.5
18.08.2021 00:03:51.637,300.475,300.072,1.25,1
18.08.2021 00:03:51.796,300.475,300.067,1.25,1
18.08.2021 00:03:51.881,300.475,300.067,1.25,1.5
18.08.2021 00:03:54.678,300.47900000000004,300.07599999999996,1.75,1
18.08.2021 00:03:55.612,300.47900000000004,300.077,1.75,1
18.08.2021 00:03:56.766,300.47900000000004,300.081,1.75,1
18.08.2021 00:03:56.900,300.459,300.081,1,1.5
18.08.2021 00:03:56.950,300.459,300.084,1,1
18.08.2021 00:03:57.002,300.459,300.084,1,1
18.08.2021 00:03:57.224,300.459,300.084,1,1
18.08.2021 00:03:57.602,300.47900000000004,300.083,1.75,1.5
18.08.2021 00:04:00.699,300.47900000000004,300.086,1.75,1
18.08.2021 00:04:00.813,300.47900000000004,300.086,1.75,1.5
18.08.2021 00:04:01.941,300.47900000000004,300.089,1.75,1.5
18.08.2021 00:04:01.992,300.499,300.098,1.75,1
18.08.2021 00:04:02.043,300.499,300.098,1.75,1.5
18.08.2021 00:04:02.093,300.476,300.10400000000004,1,1
18.08.2021 00:04:02.193,300.499,300.101,1.75,1.5
18.08.2021 00:04:02.658,300.499,300.106,1.75,1
18.08.2021 00:04:02.974,300.486,300.106,1,1.5
18.08.2021 00:04:03.073,300.499,300.106,1.75,1
18.08.2021 00:04:03.129,300.499,300.10400000000004,1.75,1.12
18.08.2021 00:04:04.541,300.499,300.093,1.75,1.5
18.08.2021 00:04:06.089,300.499,300.09200000000004,1.75,1.5
18.08.2021 00:04:06.585,300.499,300.09200000000004,1.75,1.5
18.08.2021 00:04:07.813,300.499,300.09200000000004,1.75,1.5
18.08.2021 00:04:12.066,300.475,300.1,1,1
18.08.2021 00:04:12.116,300.475,300.09200000000004,1,1.5
18.08.2021 00:04:27.545,300.499,300.089,1.87,1
18.08.2021 00:04:27.845,300.493,300.088,1.25,1
18.08.2021 00:04:27.996,300.498,300.088,1.25,1.5
18.08.2021 00:04:38.785,300.481,300.144,1.75,0.37
18.08.2021 00:04:38.886,300.481,300.09000000000003,1.75,1.5
18.08.2021 00:04:38.936,300.46700000000004,300.10400000000004,1.25,1
18.08.2021 00:04:39.040,300.481,300.084,1.87,1.5
18.08.2021 00:04:39.090,300.481,300.084,1.75,1.5
18.08.2021 00:04:39.217,300.46,300.094,1.25,1
18.08.2021 00:04:39.827,300.46,300.119,1.25,1
18.08.2021 00:04:39.928,300.46,300.094,1.25,1
18.08.2021 00:04:40.030,300.48,300.082,1.25,1.5
18.08.2021 00:04:40.164,300.47900000000004,300.084,1.25,1.12
18.08.2021 00:04:40.367,300.48,300.082,1.25,1.5
18.08.2021 00:04:40.460,300.48,300.144,1.25,0.37
18.08.2021 00:04:40.560,300.48,300.082,1.25,1.5
18.08.2021 00:04:40.611,300.47900000000004,300.084,1.25,1.12
18.08.2021 00:04:40.832,300.48,300.144,1.25,0.37
18.08.2021 00:04:41.064,300.46,300.094,1.25,1
18.08.2021 00:04:41.462,300.46,300.119,1.25,1
18.08.2021 00:04:41.563,300.46,300.094,1.25,1
18.08.2021 00:04:42.038,300.448,300.119,1.5,1
18.08.2021 00:04:42.089,300.448,300.094,1.5,1
18.08.2021 00:04:42.434,300.448,300.119,1.5,1
18.08.2021 00:04:42.641,300.448,300.094,1.5,1
18.08.2021 00:04:43.060,300.448,300.119,1.5,1
18.08.2021 00:04:43.256,300.448,300.10400000000004,1.5,1
18.08.2021 00:04:43.440,300.448,300.094,1.5,1
18.08.2021 00:04:43.490,300.448,300.117,1.5,1
18.08.2021 00:04:43.607,300.423,300.11,1,1
18.08.2021 00:04:43.721,300.423,300.11,1.5,1
18.08.2021 00:04:44.607,300.423,300.072,1.5,1.12
18.08.2021 00:04:44.808,300.423,300.072,1.5,1.12
18.08.2021 00:04:48.164,300.423,300.072,1.5,1.12
18.08.2021 00:04:48.334,300.423,300.106,1.5,1
18.08.2021 00:04:48.533,300.423,300.11,1.5,1
18.08.2021 00:04:51.047,300.423,300.072,1.5,1.12
18.08.2021 00:04:59.943,300.423,300.062,1.5,1.12
18.08.2021 00:05:00.256,300.423,300.1,1.5,1
18.08.2021 00:05:01.792,300.423,300.105,1.5,1
18.08.2021 00:05:01.893,300.423,300.105,1.5,1
18.08.2021 00:05:01.994,300.423,300.11400000000003,1.5,1
18.08.2021 00:05:10.553,300.423,300.07099999999997,1.5,1.12
18.08.2021 00:05:25.164,300.40500000000003,300.07099999999997,1,1.12
18.08.2021 00:05:30.045,300.40500000000003,300.09900000000005,1,1
18.08.2021 00:05:31.724,300.40500000000003,300.09900000000005,1.5,1
18.08.2021 00:05:39.596,300.411,300.09200000000004,1.5,1
18.08.2021 00:05:40.190,300.383,300.079,1,1
18.08.2021 00:05:53.938,300.383,300.079,1,1
18.08.2021 00:05:55.410,300.383,300.077,1,1
18.08.2021 00:05:56.135,300.383,300.09000000000003,1,1
18.08.2021 00:05:58.639,300.383,300.091,1,1
18.08.2021 00:06:06.889,300.383,300.086,1,1
18.08.2021 00:06:15.983,300.383,300.09000000000003,1,1
18.08.2021 00:06:17.293,300.383,300.088,1,1
18.08.2021 00:06:17.506,300.383,300.087,1,1
18.08.2021 00:07:18.806,300.383,300.079,1.5,1
18.08.2021 00:07:33.573,300.383,300.078,1,1
18.08.2021 00:07:40.173,300.383,300.079,1,1
18.08.2021 00:07:48.309,300.383,300.079,1,1
18.08.2021 00:07:52.622,300.383,300.08,1.5,1
18.08.2021 00:08:01.746,300.383,300.079,1,1
18.08.2021 00:08:13.582,300.383,300.084,1,1
18.08.2021 00:08:14.345,300.383,300.091,1,1
18.08.2021 00:08:21.729,300.383,300.078,1.5,1
18.08.2021 00:08:40.890,300.383,300.078,1,1
18.08.2021 00:08:42.807,300.383,300.078,1.5,1
18.08.2021 00:08:43.045,300.383,300.077,1,1
18.08.2021 00:08:43.208,300.383,300.077,1.5,1
18.08.2021 00:08:46.778,300.383,300.07599999999996,1,1
18.08.2021 00:08:51.711,300.383,300.07099999999997,1.5,1
18.08.2021 00:08:59.869,300.383,300.066,1.5,1
18.08.2021 00:09:00.059,300.383,300.063,1.5,1
18.08.2021 00:09:28.641,300.35200000000003,300.053,1,1
18.08.2021 00:09:28.773,300.35200000000003,300.04900000000004,1.5,1
18.08.2021 00:09:49.296,300.355,300.003,1.5,1.12
18.08.2021 00:09:52.918,300.355,300.04,1.5,1
18.08.2021 00:09:54.549,300.355,300.041,1.5,1
18.08.2021 00:09:54.960,300.355,300.036,1.5,1
18.08.2021 00:09:57.145,300.355,300.036,1.5,1
18.08.2021 00:10:00.793,300.355,300.03900000000004,1.5,1.25
18.08.2021 00:10:21.467,300.381,300.043,1.25,1
18.08.2021 00:10:24.311,300.374,300.035,1,1.25
18.08.2021 00:10:25.743,300.38,300.04200000000003,1.25,1.25
18.08.2021 00:10:25.993,300.382,300.043,1.25,1.25
18.08.2021 00:10:49.287,300.382,300.041,1,1.25
18.08.2021 00:10:49.447,300.382,300.052,1,1.25
18.08.2021 00:11:05.761,300.394,300.057,1.25,1.25
18.08.2021 00:11:09.642,300.399,300.066,1.75,1.25
18.08.2021 00:11:09.811,300.399,300.064,1.75,1
18.08.2021 00:11:46.372,300.394,300.055,1.25,1.25
18.08.2021 00:11:46.782,300.394,300.059,1.25,1.25
18.08.2021 00:12:03.112,300.394,300.055,1.25,1.25
18.08.2021 00:12:03.364,300.394,300.06,1.25,1.25
18.08.2021 00:12:09.126,300.394,300.057,1.25,1.25
18.08.2021 00:12:09.376,300.399,300.062,1.87,1.25
18.08.2021 00:12:28.443,300.394,300.055,1.25,1
18.08.2021 00:12:28.610,300.391,300.052,1.25,1
18.08.2021 00:12:31.831,300.378,300.04900000000004,1,1
18.08.2021 00:12:47.096,300.398,300.019,1.25,1.12
18.08.2021 00:12:49.105,300.376,300.03700000000003,1.25,1.25
18.08.2021 00:12:49.655,300.378,300.03900000000004,1.25,1.25
18.08.2021 00:12:50.073,300.373,300.035,1.25,1
18.08.2021 00:12:57.672,300.371,300.03200000000004,1.25,1.25
18.08.2021 00:12:57.876,300.371,300.041,1.5,1
18.08.2021 00:13:03.237,300.376,300.046,1,1
18.08.2021 00:13:03.647,300.366,300.036,1,1
18.08.2021 00:13:15.420,300.371,300.03200000000004,1.25,1.25
18.08.2021 00:13:17.156,300.368,300.027,1.25,1.25
18.08.2021 00:13:24.383,300.361,300.031,1,1
18.08.2021 00:14:11.841,300.369,300.03000000000003,1.25,1
18.08.2021 00:14:15.272,300.353,300.023,1,1.5
18.08.2021 00:14:16.488,300.36,300.03000000000003,1,1
18.08.2021 00:14:26.883,300.369,300.03000000000003,1.25,1.25
18.08.2021 00:14:27.084,300.37,300.03200000000004,1.25,1.25
18.08.2021 00:14:32.559,300.37,300.03000000000003,1.25,1.25
18.08.2021 00:14:33.767,300.37,300.033,1.25,1.25
18.08.2021 00:14:58.333,300.363,300.03400000000005,1,1
18.08.2021 00:14:59.571,300.363,300.03400000000005,1,1
18.08.2021 00:15:02.655,300.371,300.03200000000004,1.25,1.25
18.08.2021 00:15:06.704,300.374,300.036,1.75,1.25
18.08.2021 00:15:07.643,300.381,300.041,1,1.25
18.08.2021 00:15:07.694,300.385,300.051,1,1.25
18.08.2021 00:15:12.330,300.395,300.05400000000003,1.25,1.25
18.08.2021 00:15:12.772,300.395,300.058,1.25,1
18.08.2021 00:15:14.005,300.393,300.053,1.25,1
18.08.2021 00:15:15.935,300.38599999999997,300.048,1.25,1.25
18.08.2021 00:15:16.137,300.377,300.047,1.25,1
18.08.2021 00:15:16.316,300.377,300.03900000000004,1.25,1
18.08.2021 00:15:35.666,300.372,300.031,1.25,1.25
18.08.2021 00:15:35.868,300.373,300.04200000000003,1,1.25
18.08.2021 00:15:36.172,300.373,300.04400000000004,1,1.25
18.08.2021 00:15:40.938,300.375,300.046,1,1
18.08.2021 00:15:48.346,300.383,300.04400000000004,1.25,1
18.08.2021 00:16:04.650,300.381,300.041,1.25,1.25
18.08.2021 00:16:15.417,300.385,300.047,1.87,1.25
18.08.2021 00:16:31.798,300.38599999999997,300.048,1.25,1.25
18.08.2021 00:16:34.800,300.379,300.05,1,1
18.08.2021 00:16:37.089,300.376,300.04900000000004,1,1
18.08.2021 00:16:38.872,300.375,300.045,1,1
18.08.2021 00:16:39.104,300.385,300.056,1,1
18.08.2021 00:16:43.245,300.38599999999997,300.056,1,1
18.08.2021 00:16:43.450,300.396,300.068,1,1
18.08.2021 00:18:21.854,300.393,300.066,1,1
18.08.2021 00:18:23.257,300.393,300.063,1,1
18.08.2021 00:18:27.738,300.395,300.058,1.25,1.25
18.08.2021 00:18:27.940,300.391,300.051,1.25,1
18.08.2021 00:18:49.037,300.392,300.053,1,1
18.08.2021 00:18:49.258,300.388,300.04900000000004,1.25,1
18.08.2021 00:19:15.976,300.382,300.043,1.25,1
18.08.2021 00:19:16.178,300.38,300.03700000000003,1.25,1
18.08.2021 00:19:33.261,300.369,300.03000000000003,1.25,1
18.08.2021 00:19:33.436,300.366,300.026,1.25,1
18.08.2021 00:19:48.209,300.35400000000004,300.013,1.25,1.25
18.08.2021 00:19:49.073,300.355,300.015,1.25,1.25
18.08.2021 00:19:50.726,300.35400000000004,300.017,1.25,1.25
18.08.2021 00:19:50.928,300.35200000000003,300.016,1.25,1
18.08.2021 00:19:57.004,300.345,300.006,1.25,1.25
18.08.2021 00:19:57.203,300.35,300.007,1.25,1.25
18.08.2021 00:20:01.305,300.35200000000003,300.014,1,1.25
18.08.2021 00:20:04.671,300.371,300.031,1.25,1.25
18.08.2021 00:20:04.872,300.367,300.027,1.25,1
18.08.2021 00:20:08.376,300.356,300.018,1.25,1
18.08.2021 00:20:09.289,300.353,300.015,1.25,1
18.08.2021 00:20:14.977,300.348,300.026,1,1
18.08.2021 00:20:16.028,300.346,300.019,1,1.25
18.08.2021 00:20:39.431,300.345,300.024,1,1
18.08.2021 00:21:00.758,300.348,300.023,1,1.25
18.08.2021 00:21:01.361,300.351,300.03000000000003,1,1
18.08.2021 00:21:02.669,300.351,300.026,1,1.25
18.08.2021 00:21:04.217,300.351,300.028,1,1.25
18.08.2021 00:21:18.360,300.34900000000005,300.026,1,1.25
18.08.2021 00:21:18.992,300.35,300.029,1,1
18.08.2021 00:21:19.218,300.348,300.029,1,1
18.08.2021 00:21:24.250,300.34900000000005,300.027,1,1
18.08.2021 00:21:40.057,300.346,300.022,1,1.12
18.08.2021 00:21:40.483,300.35,300.029,1,1
18.08.2021 00:21:42.954,300.348,300.023,1,1.25
18.08.2021 00:21:51.450,300.353,300.03000000000003,1,1
18.08.2021 00:21:53.757,300.34700000000004,300.02500000000003,1,1
18.08.2021 00:22:06.435,300.35,300.027,1,1
18.08.2021 00:22:33.383,300.35,300.024,1,1.25
18.08.2021 00:22:34.465,300.353,300.03200000000004,1,1.25
18.08.2021 00:22:37.044,300.353,300.03200000000004,1,1.25
18.08.2021 00:22:57.743,300.358,300.035,1,1.25
18.08.2021 00:23:11.095,300.372,300.03700000000003,1.75,1.25
18.08.2021 00:23:17.686,300.372,300.036,1.75,1.25
18.08.2021 00:23:21.522,300.372,300.03700000000003,1.75,1.25
18.08.2021 00:23:40.370,300.372,300.043,1.5,1.25
18.08.2021 00:23:52.809,300.372,300.04200000000003,1.62,1
18.08.2021 00:23:55.035,300.372,300.043,1.62,1
18.08.2021 00:23:59.617,300.372,300.04200000000003,1.62,1
18.08.2021 00:24:07.114,300.35900000000004,300.04400000000004,1.5,1
18.08.2021 00:24:12.807,300.35900000000004,300.041,1.5,1.25
18.08.2021 00:24:18.483,300.35900000000004,300.041,1.5,1.25
18.08.2021 00:24:52.593,300.35900000000004,300.03700000000003,1.5,1
18.08.2021 00:24:54.038,300.35900000000004,300.035,1.5,1.25
18.08.2021 00:25:03.194,300.35900000000004,300.051,1.5,1.25
18.08.2021 00:25:18.337,300.35900000000004,300.053,1.5,1.25
18.08.2021 00:25:26.479,300.39,300.06,1.5,1.25
18.08.2021 00:25:31.734,300.39,300.062,1.5,1.5
18.08.2021 00:25:36.411,300.39,300.06,1.5,1.25
18.08.2021 00:25:49.566,300.39,300.062,1.5,1.25
18.08.2021 00:26:10.929,300.39,300.062,1.5,1
18.08.2021 00:26:26.046,300.39,300.062,1.5,1.25
18.08.2021 00:26:43.219,300.39,300.059,1.75,1
18.08.2021 00:26:43.705,300.39,300.053,1.75,1.75
18.08.2021 00:26:55.465,300.384,300.04900000000004,1.25,1
18.08.2021 00:26:55.669,300.38,300.04400000000004,1.25,1
18.08.2021 00:27:40.479,300.373,300.036,1.25,1.25
18.08.2021 00:28:05.709,300.373,300.035,1,1
18.08.2021 00:28:05.897,300.373,300.033,1.25,1
18.08.2021 00:28:07.997,300.366,300.03200000000004,1,1.25
18.08.2021 00:28:12.160,300.373,300.036,1.25,1.25
18.08.2021 00:28:30.040,300.376,300.041,1.25,1.25
18.08.2021 00:28:52.183,300.383,300.047,1.25,1.25
18.08.2021 00:29:08.635,300.387,300.05400000000003,1.25,1
18.08.2021 00:29:09.272,300.382,300.045,1.25,1
18.08.2021 00:29:11.746,300.374,300.036,1.25,1
18.08.2021 00:29:11.948,300.373,300.04200000000003,1,1.25
18.08.2021 00:29:12.534,300.373,300.041,1,1.25
18.08.2021 00:29:17.777,300.383,300.047,1.25,1.25
18.08.2021 00:29:56.355,300.383,300.04900000000004,1.25,1.25
18.08.2021 00:29:57.348,300.379,300.04400000000004,1.25,1.25
18.08.2021 00:30:04.116,300.379,300.041,1.25,1.25
18.08.2021 00:30:10.811,300.385,300.047,1.25,1.25
18.08.2021 00:30:11.152,300.387,300.05,1,1.25
18.08.2021 00:30:20.471,300.393,300.05400000000003,1.25,1.25
18.08.2021 00:30:21.081,300.394,300.061,1.25,1
18.08.2021 00:30:43.382,300.391,300.078,1,1
18.08.2021 00:30:50.138,300.403,300.075,1.5,1.25
18.08.2021 00:30:50.943,300.403,300.08,1.5,1.25
18.08.2021 00:31:07.975,300.403,300.086,1.5,1
18.08.2021 00:31:12.682,300.403,300.079,1.5,1.25
18.08.2021 00:31:19.819,300.403,300.087,1.5,1.25
18.08.2021 00:31:22.547,300.403,300.078,1.5,1.25
18.08.2021 00:32:30.834,300.403,300.077,1.5,0.87
18.08.2021 00:32:31.036,300.403,300.073,1.75,1
18.08.2021 00:32:32.595,300.403,300.075,1.5,1.25
18.08.2021 00:32:36.398,300.403,300.073,1.5,1.25
18.08.2021 00:32:54.664,300.403,300.074,1.5,1.25
18.08.2021 00:32:54.765,300.403,300.074,1.5,1.25
18.08.2021 00:33:24.919,300.403,300.084,1.5,1.25
18.08.2021 00:33:27.047,300.403,300.084,1.5,1.25
18.08.2021 00:34:47.274,300.403,300.10400000000004,1.5,0.37
18.08.2021 00:34:47.489,300.403,300.085,1.5,1.25
18.08.2021 00:34:51.777,300.403,300.088,1.5,1.25
18.08.2021 00:34:51.978,300.403,300.087,1.5,1.25
18.08.2021 00:34:53.067,300.403,300.079,1.5,1.25
18.08.2021 00:35:45.609,300.403,300.075,1.5,1.25
18.08.2021 00:35:45.816,300.403,300.078,1.5,1
18.08.2021 00:35:46.311,300.403,300.07599999999996,1.5,1
18.08.2021 00:35:46.711,300.403,300.074,1.62,1
18.08.2021 00:35:49.176,300.398,300.068,1,1
18.08.2021 00:35:49.431,300.387,300.059,1,1
18.08.2021 00:36:28.236,300.385,300.058,1,1
18.08.2021 00:36:28.439,300.395,300.058,1.25,1.25
18.08.2021 00:36:30.141,300.403,300.075,1.75,1
18.08.2021 00:36:30.331,300.403,300.073,1.75,1.5
18.08.2021 00:36:49.007,300.399,300.07,1.25,1
18.08.2021 00:36:50.018,300.384,300.062,1,1
18.08.2021 00:37:10.974,300.38599999999997,300.058,1,1.25
18.08.2021 00:37:17.714,300.398,300.068,1,1
18.08.2021 00:37:37.366,300.402,300.063,1.25,1
18.08.2021 00:38:20.988,300.403,300.077,1.87,1
18.08.2021 00:38:23.590,300.403,300.078,1.75,1
18.08.2021 00:38:26.038,300.415,300.086,1.25,1
18.08.2021 00:38:54.598,300.41700000000003,300.086,1.25,1
18.08.2021 00:38:56.233,300.416,300.086,1,1.25
18.08.2021 00:39:16.538,300.41900000000004,300.09000000000003,1,1
18.08.2021 00:39:33.561,300.41400000000004,300.086,1,1
18.08.2021 00:39:35.616,300.41,300.081,1,1
18.08.2021 00:39:59.368,300.41200000000003,300.075,1.25,1
18.08.2021 00:39:59.531,300.40500000000003,300.072,1,1.25
18.08.2021 00:40:00.774,300.41,300.077,1,1.25
18.08.2021 00:40:23.807,300.415,300.084,1,1.25
18.08.2021 00:40:26.828,300.41900000000004,300.08,1.25,1.25
18.08.2021 00:40:33.198,300.41700000000003,300.074,1,1.25
18.08.2021 00:40:47.562,300.425,300.091,1.25,1.25
18.08.2021 00:40:48.650,300.421,300.086,1,1.25
18.08.2021 00:41:52.554,300.426,300.09200000000004,1,0.87
18.08.2021 00:41:52.804,300.428,300.09200000000004,1,1.25
18.08.2021 00:41:52.982,300.434,300.1,1.5,1.25
18.08.2021 00:41:56.724,300.434,300.082,1.5,1.12
18.08.2021 00:42:02.870,300.434,300.10400000000004,1.5,1.25
18.08.2021 00:42:03.039,300.434,300.10200000000003,1.75,1
18.08.2021 00:42:03.439,300.434,300.074,1.75,1.12
18.08.2021 00:42:07.617,300.426,300.086,1.25,1.25
18.08.2021 00:42:21.666,300.427,300.093,1,1.25
18.08.2021 00:43:04.547,300.434,300.134,1.5,0.37
18.08.2021 00:43:28.758,300.427,300.09200000000004,1,1.12
18.08.2021 00:44:14.516,300.434,300.115,1.5,1
18.08.2021 00:44:31.074,300.434,300.11,1.5,1.25
18.08.2021 00:45:18.283,300.434,300.105,1.5,1.25
18.08.2021 00:45:23.224,300.434,300.115,1.5,1.25
18.08.2021 00:45:40.595,300.434,300.098,1.5,1.12
18.08.2021 00:45:43.228,300.45099999999996,300.129,1,1
18.08.2021 00:45:43.390,300.456,300.122,1.25,1.25
18.08.2021 00:46:00.426,300.464,300.09700000000004,1.75,1.12
18.08.2021 00:46:14.439,300.464,300.09700000000004,1.75,1.12
18.08.2021 00:46:14.640,300.45099999999996,300.113,1.25,1.25
18.08.2021 00:46:18.668,300.44,300.101,1.25,1.25
18.08.2021 00:46:18.955,300.438,300.103,1.25,1.25
18.08.2021 00:46:19.383,300.459,300.081,1.25,1.12
18.08.2021 00:46:22.954,300.434,300.09200000000004,1.25,1.25
18.08.2021 00:46:24.404,300.434,300.093,1.25,1.25
18.08.2021 00:46:24.605,300.427,300.09200000000004,1,1.25
18.08.2021 00:46:24.782,300.427,300.09200000000004,1,1.25
18.08.2021 00:46:30.836,300.437,300.07099999999997,1.75,1.12
18.08.2021 00:46:31.088,300.41700000000003,300.088,1.25,1
18.08.2021 00:46:46.027,300.437,300.061,1.75,1.12
18.08.2021 00:47:00.762,300.42400000000004,300.09000000000003,1,1.25
18.08.2021 00:47:02.529,300.425,300.091,1,1.25
18.08.2021 00:47:35.118,300.426,300.09200000000004,1,1.25
18.08.2021 00:47:39.508,300.422,300.093,1,1
18.08.2021 00:48:15.709,300.42,300.084,1,1.25
18.08.2021 00:49:05.256,300.425,300.087,1.25,1.25
18.08.2021 00:49:05.457,300.425,300.087,1.25,1.25
18.08.2021 00:50:23.298,300.425,300.091,1.25,1
18.08.2021 00:50:23.500,300.42400000000004,300.088,1.25,1.25
18.08.2021 00:50:38.570,300.427,300.09900000000005,1,1
18.08.2021 00:50:38.972,300.428,300.10400000000004,1,1
18.08.2021 00:51:11.922,300.431,300.101,1,1
18.08.2021 00:51:13.561,300.427,300.09700000000004,1,1
18.08.2021 00:51:28.790,300.427,300.091,1.25,1.25
18.08.2021 00:51:29.042,300.423,300.085,1.25,1
18.08.2021 00:51:34.175,300.41200000000003,300.075,1.25,1
18.08.2021 00:51:34.372,300.41200000000003,300.077,1.25,1.25
18.08.2021 00:51:47.065,300.41200000000003,300.083,1,1
18.08.2021 00:51:47.276,300.415,300.09000000000003,1,1
18.08.2021 00:51:50.077,300.415,300.086,1,1
18.08.2021 00:52:00.336,300.41400000000004,300.08,1.25,1.25
18.08.2021 00:52:03.281,300.41200000000003,300.078,1,1.25
18.08.2021 00:52:03.432,300.413,300.08,1,1.25
18.08.2021 00:52:10.725,300.427,300.09200000000004,1.25,1.25
18.08.2021 00:52:13.670,300.42900000000003,300.09200000000004,1.25,1.25
18.08.2021 00:52:19.541,300.427,300.09200000000004,1.25,1.25
18.08.2021 00:52:25.429,300.433,300.096,1.25,1.25
18.08.2021 00:52:29.203,300.437,300.101,1.81,1.25
18.08.2021 00:52:33.950,300.437,300.103,1.5,1.25
18.08.2021 00:52:35.151,300.437,300.101,1.5,1.25
18.08.2021 00:52:44.645,300.437,300.103,1.5,1.25
18.08.2021 00:52:52.330,300.437,300.103,1.75,1.25
18.08.2021 00:52:54.171,300.425,300.103,1,1
18.08.2021 00:52:54.371,300.432,300.107,1,1
18.08.2021 00:52:57.095,300.437,300.108,1.5,1
18.08.2021 00:53:10.829,300.437,300.103,1.5,1.25
18.08.2021 00:53:14.834,300.435,300.09900000000005,1.25,1.25
18.08.2021 00:53:15.432,300.433,300.095,1,1.25
18.08.2021 00:53:15.583,300.436,300.09900000000005,1.25,1.25
18.08.2021 00:53:15.784,300.43,300.096,1.25,1.25
18.08.2021 00:53:18.193,300.43,300.09200000000004,1.25,1.25
18.08.2021 00:53:30.486,300.42900000000003,300.093,1.25,1.25
18.08.2021 00:53:56.651,300.437,300.103,1.75,1.25
18.08.2021 00:53:56.852,300.437,300.103,1.75,1.25
18.08.2021 00:54:00.836,300.437,300.103,1.75,1.25
18.08.2021 00:54:09.274,300.437,300.10900000000004,1.5,1
18.08.2021 00:54:09.498,300.437,300.1,1.5,1
18.08.2021 00:54:18.678,300.437,300.09900000000005,1.5,1
18.08.2021 00:54:22.479,300.437,300.09900000000005,1.5,1
18.08.2021 00:54:36.464,300.437,300.1,1.5,1
18.08.2021 00:54:36.705,300.437,300.101,1.5,1
18.08.2021 00:54:37.152,300.437,300.10900000000004,1.5,1
18.08.2021 00:54:38.085,300.437,300.10400000000004,1.5,1
18.08.2021 00:54:39.789,300.437,300.101,1.5,1
18.08.2021 00:54:39.990,300.437,300.105,1.5,1
18.08.2021 00:54:40.199,300.437,300.108,1.5,1
18.08.2021 00:54:41.042,300.437,300.105,1.5,1
18.08.2021 00:54:50.244,300.437,300.11,1.5,1
18.08.2021 00:54:50.568,300.437,300.10900000000004,1.5,1
18.08.2021 00:54:52.793,300.437,300.11,1.5,1
18.08.2021 00:54:52.992,300.437,300.11,1.5,1
18.08.2021 00:55:04.974,300.437,300.108,1.5,1
18.08.2021 00:55:05.641,300.437,300.108,1.5,1
18.08.2021 00:55:09.878,300.437,300.1,1.5,1
18.08.2021 00:55:10.337,300.437,300.047,1.75,1.5
18.08.2021 00:55:11.311,300.42900000000003,300.086,1,1
18.08.2021 00:55:14.303,300.431,300.09200000000004,1,1
18.08.2021 00:55:16.215,300.427,300.086,1,1
18.08.2021 00:55:23.476,300.423,300.084,1,1
18.08.2021 00:55:24.125,300.422,300.061,1,1
18.08.2021 00:55:24.582,300.396,300.066,1,1
18.08.2021 00:55:25.865,300.399,300.079,1,1
18.08.2021 00:55:26.228,300.396,300.078,1,1
18.08.2021 00:55:45.305,300.399,300.074,1.25,1
18.08.2021 00:56:22.501,300.397,300.073,1.25,1
18.08.2021 00:56:51.814,300.372,300.06,1.5,1
18.08.2021 00:56:52.922,300.367,300.06,1.25,1
18.08.2021 00:56:53.023,300.367,300.062,1,1
18.08.2021 00:56:59.048,300.372,300.073,1.5,1
18.08.2021 00:57:20.316,300.371,300.073,1,1
18.08.2021 00:57:20.468,300.371,300.064,1,1
18.08.2021 00:57:20.608,300.366,300.064,1,1
18.08.2021 00:57:20.709,300.365,300.064,1,1
18.08.2021 00:57:20.761,300.365,300.064,1,1
18.08.2021 00:57:22.597,300.362,300.062,1,1
18.08.2021 00:57:24.888,300.368,300.062,1.25,1
18.08.2021 00:57:25.046,300.369,300.063,1.25,1
18.08.2021 00:57:27.057,300.372,300.067,1.5,1
18.08.2021 00:57:30.252,300.372,300.065,1.5,1
18.08.2021 00:57:30.530,300.372,300.065,1.5,1
18.08.2021 00:57:42.201,300.372,300.066,1.5,1
18.08.2021 00:57:46.414,300.372,300.061,1.5,1
18.08.2021 00:57:48.246,300.372,300.061,1,1
18.08.2021 00:57:48.448,300.372,300.061,1.5,1
18.08.2021 00:58:01.783,300.372,300.016,1.5,1.12
18.08.2021 00:58:07.009,300.372,300.048,1.5,1
18.08.2021 00:58:24.296,300.372,300.045,1.5,1
18.08.2021 00:59:48.532,300.372,300.047,1.5,1
18.08.2021 01:00:00.214,300.372,300.045,1.5,1
18.08.2021 01:00:00.415,300.372,300.045,1.5,1
18.08.2021 01:00:00.618,300.372,300.05400000000003,1.5,1
18.08.2021 01:00:01.955,300.372,300.04900000000004,1,1
18.08.2021 01:00:02.108,300.372,300.048,1.5,1
18.08.2021 01:00:06.797,300.372,300.047,1.5,1
18.08.2021 01:00:08.486,300.372,300.04900000000004,1.5,1
18.08.2021 01:00:15.908,300.372,300.048,1.5,1
18.08.2021 01:00:16.993,300.372,300.05,1.5,1
18.08.2021 01:00:17.194,300.372,300.053,1.5,1
18.08.2021 01:00:19.993,300.372,300.058,1.5,1
18.08.2021 01:00:21.799,300.372,300.06,1.5,1
18.08.2021 01:00:22.619,300.372,300.058,1.5,1
18.08.2021 01:00:24.027,300.372,300.058,1.5,1
18.08.2021 01:00:25.966,300.372,300.061,1.5,1
18.08.2021 01:00:27.765,300.372,300.058,1.5,1
18.08.2021 01:00:31.427,300.372,300.065,1.5,1
18.08.2021 01:00:36.137,300.372,300.074,1,1
18.08.2021 01:00:36.320,300.372,300.077,1,1
18.08.2021 01:00:37.004,300.372,300.08,1,1
18.08.2021 01:00:37.732,300.372,300.075,1.5,1
18.08.2021 01:00:53.814,300.372,300.066,1.5,1
18.08.2021 01:00:54.073,300.372,300.066,1.5,1
18.08.2021 01:00:55.582,300.372,300.066,1.5,1
18.08.2021 01:00:56.134,300.372,300.063,1.5,1
18.08.2021 01:00:57.317,300.372,300.066,1.5,1
18.08.2021 01:00:58.107,300.372,300.066,1.5,1
18.08.2021 01:00:59.346,300.372,300.066,1.5,1
18.08.2021 01:01:15.259,300.372,300.069,1.5,1
18.08.2021 01:01:23.569,300.372,300.067,1.5,1
18.08.2021 01:01:23.988,300.372,300.066,1.5,1
18.08.2021 01:01:24.875,300.372,300.06,1.5,1
18.08.2021 01:01:25.231,300.372,300.06,1.5,1
18.08.2021 01:01:28.534,300.372,300.06,1.5,1
18.08.2021 01:02:00.329,300.372,300.058,1.5,1
18.08.2021 01:02:00.380,300.372,300.058,1.5,1
18.08.2021 01:02:10.862,300.372,300.059,1.5,1
18.08.2021 01:02:12.981,300.372,300.06,1.5,1
18.08.2021 01:02:18.548,300.372,300.06,1.5,1
18.08.2021 01:02:31.331,300.372,300.07099999999997,1.5,1
18.08.2021 01:02:32.779,300.372,300.069,1.5,1
18.08.2021 01:02:34.081,300.372,300.066,1.5,1
18.08.2021 01:02:35.157,300.372,300.07099999999997,1.5,1
18.08.2021 01:02:35.611,300.372,300.067,1.5,1
18.08.2021 01:02:37.150,300.372,300.067,1.5,1
18.08.2021 01:02:39.672,300.372,300.07,1.5,1
18.08.2021 01:02:39.878,300.372,300.067,1.5,1
18.08.2021 01:02:57.746,300.389,300.062,1,1
18.08.2021 01:03:12.023,300.397,300.073,1.25,1
18.08.2021 01:03:12.431,300.397,300.061,1.25,1
18.08.2021 01:03:22.130,300.38599999999997,300.06,1,1
18.08.2021 01:04:00.665,300.388,300.056,1.25,1
18.08.2021 01:04:00.840,300.388,300.051,1.25,1
18.08.2021 01:04:08.344,300.369,300.041,1.25,1
18.08.2021 01:04:15.710,300.362,300.035,1,1
18.08.2021 01:04:24.165,300.362,300.036,1,1
18.08.2021 01:04:24.324,300.362,300.04,1,1
18.08.2021 01:04:24.541,300.362,300.04400000000004,1,1
18.08.2021 01:04:29.835,300.36400000000003,300.04,1,1
18.08.2021 01:04:33.808,300.373,300.045,1,1
18.08.2021 01:04:38.847,300.373,300.04400000000004,1.25,1
18.08.2021 01:04:38.976,300.373,300.036,1.25,1
18.08.2021 01:04:42.955,300.36400000000003,300.036,1.25,1
18.08.2021 01:04:45.757,300.361,300.036,1.25,1
18.08.2021 01:04:45.961,300.36400000000003,300.03700000000003,1,1
18.08.2021 01:04:47.015,300.368,300.036,1.25,1
18.08.2021 01:04:47.215,300.366,300.036,1.25,1
18.08.2021 01:04:52.877,300.36,300.033,1.25,1
18.08.2021 01:04:53.046,300.36,300.027,1.25,1
18.08.2021 01:04:59.676,300.356,300.021,1,1
18.08.2021 01:04:59.806,300.358,300.021,1,1
18.08.2021 01:04:59.856,300.358,300.021,1.25,1
18.08.2021 01:05:00.701,300.356,300.021,1.25,1
18.08.2021 01:05:02.022,300.358,300.023,1.25,1
18.08.2021 01:05:42.085,300.356,300.019,1.25,1
18.08.2021 01:05:47.828,300.348,300.012,1.25,1
18.08.2021 01:06:07.091,300.34700000000004,300.01099999999997,1,1
18.08.2021 01:06:12.548,300.35400000000004,300.019,1.25,1
18.08.2021 01:06:20.097,300.35,300.019,1,1
18.08.2021 01:07:20.049,300.36,299.983,1.5,1.25
18.08.2021 01:07:20.100,300.357,300.022,1,1
18.08.2021 01:08:09.749,300.356,300.021,1.25,1
18.08.2021 01:08:10.000,300.34200000000004,300.018,1,1
18.08.2021 01:08:30.863,300.344,300.009,1.25,1
18.08.2021 01:08:51.668,300.343,300.007,1.25,1
18.08.2021 01:09:02.665,300.344,300.009,1.25,1
18.08.2021 01:09:03.200,300.343,300.009,1.25,1
18.08.2021 01:09:03.354,300.343,300.015,1.25,1
18.08.2021 01:09:04.647,300.346,300.013,1.25,1
18.08.2021 01:09:22.544,300.344,300.01,1.25,1
18.08.2021 01:09:27.547,300.348,300.01,1.25,1
18.08.2021 01:09:40.044,300.343,300.013,1,1
18.08.2021 01:09:52.365,300.356,300.023,1.25,1
18.08.2021 01:09:52.608,300.36,300.024,1.87,1
18.08.2021 01:09:53.413,300.36,300.031,1.5,1
18.08.2021 01:09:54.817,300.36,300.024,1.75,1
18.08.2021 01:10:00.372,300.36,300.03200000000004,1.5,1
18.08.2021 01:10:18.379,300.36,300.033,1.5,1
18.08.2021 01:10:49.305,300.36,300.03200000000004,1.5,1
18.08.2021 01:11:00.481,300.36,300.03200000000004,1.5,1
18.08.2021 01:11:01.219,300.36,300.028,1.75,1
18.08.2021 01:11:15.372,300.35200000000003,300.023,1,1
18.08.2021 01:11:33.012,300.35400000000004,300.016,1.25,1
18.08.2021 01:11:39.408,300.343,300.017,1,1
18.08.2021 01:11:39.780,300.351,300.019,1.25,1
18.08.2021 01:11:58.997,300.356,300.023,1.25,1
18.08.2021 01:11:59.462,300.357,300.023,1.25,1
18.08.2021 01:12:03.079,300.35400000000004,300.022,1,1
18.08.2021 01:12:07.299,300.36,300.023,1.87,1
18.08.2021 01:12:12.238,300.356,300.022,1,1
18.08.2021 01:12:12.406,300.36,300.022,1.87,1
18.08.2021 01:12:14.475,300.357,300.022,1.25,1
18.08.2021 01:12:23.702,300.358,300.023,1.25,1
18.08.2021 01:12:27.249,300.35200000000003,300.022,1,1
18.08.2021 01:12:35.098,300.358,300.021,1.25,1
18.08.2021 01:13:03.996,300.357,300.023,1.25,1
18.08.2021 01:14:00.064,300.36,300.023,1.87,1
18.08.2021 01:14:00.265,300.36,300.03000000000003,1.62,1
18.08.2021 01:14:37.188,300.36,300.03000000000003,1.75,1
18.08.2021 01:15:00.569,300.358,300.023,1.25,1
18.08.2021 01:15:00.770,300.357,300.022,1.25,1
18.08.2021 01:15:01.762,300.353,300.012,1.25,1
18.08.2021 01:15:03.045,300.34700000000004,300.008,1.25,1
18.08.2021 01:15:06.907,300.344,300.017,1,1
18.08.2021 01:15:08.039,300.344,300.019,1,1
18.08.2021 01:15:08.343,300.355,300.019,1.25,1
18.08.2021 01:15:09.512,300.35200000000003,300.01099999999997,1.25,1
18.08.2021 01:15:23.783,300.345,300.01,1.25,1
18.08.2021 01:15:24.570,300.34700000000004,300.01099999999997,1.25,1
18.08.2021 01:15:24.721,300.345,300.008,1.25,1
18.08.2021 01:15:32.510,300.332,300.006,1,1
18.08.2021 01:15:32.662,300.33,300.006,1.5,1
18.08.2021 01:15:35.831,300.33,300.002,1.75,1
18.08.2021 01:15:56.129,300.33,300,1.75,1
18.08.2021 01:15:58.588,300.33,300.002,1.5,1
18.08.2021 01:16:00.265,300.33,300.003,1.75,1
18.08.2021 01:16:00.952,300.33,300,1.75,1
18.08.2021 01:16:35.550,300.33,299.997,1.75,1
18.08.2021 01:16:35.600,300.33,299.994,1.75,1
18.08.2021 01:16:35.701,300.33,299.949,1.75,1.5
18.08.2021 01:16:40.055,300.32099999999997,299.99,1,1
18.08.2021 01:16:46.955,300.33,299.996,1.62,1
18.08.2021 01:16:48.156,300.33,299.999,1.75,1
18.08.2021 01:16:57.269,300.33,299.998,1.75,1
18.08.2021 01:16:58.331,300.33,299.998,1.75,1
18.08.2021 01:17:00.304,300.33,299.997,1.75,1
18.08.2021 01:17:00.561,300.33,300.005,1.5,1
18.08.2021 01:17:21.993,300.33,300.013,1.5,1.25
18.08.2021 01:17:22.158,300.33,300.013,1.5,1
18.08.2021 01:18:00.593,300.312,300.012,1,1.25
18.08.2021 01:18:00.795,300.312,300.015,1,1.25
18.08.2021 01:18:14.965,300.343,300.027,1.5,1
18.08.2021 01:18:15.116,300.343,300.028,1.5,1.25
18.08.2021 01:18:18.027,300.343,300.02500000000003,1.5,1
18.08.2021 01:18:23.148,300.343,300.024,1.5,1
18.08.2021 01:18:23.402,300.343,300.024,1,1
18.08.2021 01:18:23.603,300.343,300.024,1.5,1.25
18.08.2021 01:18:36.011,300.343,300.02500000000003,1.5,1.25
18.08.2021 01:18:37.906,300.343,300.03000000000003,1.5,1
18.08.2021 01:19:00.137,300.341,300.023,1,1
18.08.2021 01:19:01.904,300.32,300.009,1.5,1.25
18.08.2021 01:19:28.596,300.32,300.006,1.5,1.25
18.08.2021 01:19:30.156,300.32,300.008,1.5,1
18.08.2021 01:19:30.928,300.32,300.014,1.5,1.25
18.08.2021 01:19:42.749,300.32,300.009,1.5,1.25
18.08.2021 01:19:44.100,300.32,300.019,1.5,1.25
18.08.2021 01:19:59.714,300.32,300.021,1,1.25
18.08.2021 01:20:01.799,300.32,300.021,1.5,1
18.08.2021 01:20:05.264,300.32,300.02,1.5,1
18.08.2021 01:20:11.640,300.32,300.003,1.5,1
18.08.2021 01:20:12.407,300.32,300.012,1.5,1
18.08.2021 01:20:15.050,300.32,300.014,1.5,1
18.08.2021 01:20:16.595,300.32,300.015,1.5,1
18.08.2021 01:20:16.796,300.32,300.012,1.5,1
18.08.2021 01:20:26.125,300.32,300.005,1.5,1
18.08.2021 01:20:26.328,300.32,300.014,1.5,1.25
18.08.2021 01:20:26.548,300.32,300.018,1.5,1
18.08.2021 01:20:50.860,300.298,300.015,1,1
18.08.2021 01:20:59.934,300.298,300.015,1.5,1
18.08.2021 01:21:00.534,300.298,300.003,1.5,1
18.08.2021 01:21:05.468,300.298,299.998,1.5,1.25
18.08.2021 01:21:11.521,300.298,299.998,1.5,1
18.08.2021 01:21:11.720,300.298,299.996,1.5,1
18.08.2021 01:21:33.561,300.298,299.98900000000003,1.5,1
18.08.2021 01:22:04.550,300.298,299.98900000000003,1.5,1
18.08.2021 01:22:09.272,300.298,299.98900000000003,1.5,1.25
18.08.2021 01:22:35.547,300.298,299.988,1.5,1
18.08.2021 01:22:43.551,300.298,299.98900000000003,1.5,1
18.08.2021 01:22:44.603,300.298,299.988,1.5,1.25
18.08.2021 01:22:56.043,300.298,299.98900000000003,1.5,1
18.08.2021 01:22:58.217,300.298,299.985,1.5,1
18.08.2021 01:22:58.417,300.293,299.981,1,1.5
18.08.2021 01:23:09.796,300.29200000000003,299.978,1,1.25
18.08.2021 01:23:09.999,300.296,299.98,1,1.25
18.08.2021 01:23:10.441,300.296,299.988,1,1
18.08.2021 01:25:12.903,300.298,299.991,1.5,1
18.08.2021 01:25:13.129,300.298,299.988,1.5,1
18.08.2021 01:25:13.869,300.297,299.982,1,1
18.08.2021 01:25:16.892,300.298,299.983,1.5,1.5
18.08.2021 01:25:18.061,300.298,299.98400000000004,1.5,1
18.08.2021 01:25:19.542,300.296,299.983,1,1
18.08.2021 01:25:22.873,300.298,299.988,1.5,1.25
18.08.2021 01:25:34.187,300.298,299.98900000000003,1.5,1
18.08.2021 01:25:34.407,300.298,299.988,1.62,1
18.08.2021 01:26:12.327,300.27500000000003,299.976,1,1
18.08.2021 01:26:12.477,300.27500000000003,299.975,1.5,1
18.08.2021 01:26:12.682,300.27500000000003,299.97200000000004,1.5,1
18.08.2021 01:26:20.699,300.27500000000003,299.96500000000003,1.5,1
18.08.2021 01:26:26.700,300.27500000000003,299.963,1.5,1
18.08.2021 01:26:59.009,300.273,299.966,1,1
18.08.2021 01:26:59.266,300.271,299.964,1,1
18.08.2021 01:27:12.611,300.27500000000003,299.963,1.5,1
18.08.2021 01:27:20.428,300.274,299.962,1,1.25
18.08.2021 01:27:22.572,300.274,299.963,1,1.25
18.08.2021 01:27:29.464,300.27,299.959,1,1
18.08.2021 01:27:29.635,300.268,299.957,1,1
18.08.2021 01:27:48.157,300.253,299.95,1,1.25
18.08.2021 01:27:50.135,300.252,299.95,1,1
18.08.2021 01:28:09.096,300.266,299.952,1,1.25
18.08.2021 01:28:10.041,300.266,299.952,1,1.25
18.08.2021 01:28:18.757,300.27500000000003,299.962,1.5,1
18.08.2021 01:28:19.915,300.27500000000003,299.962,1.5,1
18.08.2021 01:28:20.020,300.269,299.958,1.5,1
18.08.2021 01:28:25.761,300.27,299.956,1,1
18.08.2021 01:28:25.942,300.27,299.956,1,1.25
18.08.2021 01:28:43.210,300.274,299.963,1,1.25
18.08.2021 01:28:46.762,300.272,299.96500000000003,1,1.25
18.08.2021 01:28:47.368,300.272,299.96500000000003,1,1.25
18.08.2021 01:29:00.316,300.272,299.96500000000003,1,1.25
18.08.2021 01:29:00.574,300.272,299.964,1,1
18.08.2021 01:29:00.775,300.272,299.968,1,1
18.08.2021 01:29:00.977,300.276,299.97200000000004,1,1
18.08.2021 01:29:01.577,300.276,299.971,1,1.25
18.08.2021 01:29:01.778,300.277,299.97200000000004,1,1
18.08.2021 01:29:19.982,300.279,299.973,1.5,1
18.08.2021 01:29:20.185,300.279,299.968,1.5,1
18.08.2021 01:29:38.220,300.273,299.963,1,1
18.08.2021 01:29:51.134,300.279,299.96700000000004,1.5,1.25
18.08.2021 01:29:52.326,300.279,299.97,1.5,1.25
18.08.2021 01:29:53.664,300.279,299.97,1.5,1.25
18.08.2021 01:29:54.123,300.276,299.97,1,1
18.08.2021 01:29:54.173,300.276,299.97,1,1
18.08.2021 01:29:55.795,300.276,299.962,1,1.25
18.08.2021 01:29:56.203,300.276,299.962,1,1.25
18.08.2021 01:29:56.714,300.271,299.962,1,1.25
18.08.2021 01:29:57.395,300.276,299.962,1,1.25
18.08.2021 01:29:57.445,300.276,299.962,1,1.25
18.08.2021 01:29:58.341,300.276,299.96500000000003,1,1.25
18.08.2021 01:29:58.742,300.276,299.96500000000003,1,1.25
18.08.2021 01:30:00.153,300.276,299.96500000000003,1,1.25
18.08.2021 01:30:00.648,300.279,299.96500000000003,1.5,1.25
18.08.2021 01:30:00.698,300.279,299.96700000000004,1.5,1.25
18.08.2021 01:30:00.799,300.279,299.973,1.5,1
18.08.2021 01:30:00.899,300.276,299.976,1,1
18.08.2021 01:30:01.207,300.279,299.97400000000005,1.5,1
18.08.2021 01:30:01.257,300.279,299.966,1.5,1
18.08.2021 01:30:02.207,300.272,299.96,1,1
18.08.2021 01:30:02.416,300.272,299.955,1,1.5
18.08.2021 01:30:11.927,300.266,299.956,1,1
18.08.2021 01:30:12.800,300.267,299.959,1,1
18.08.2021 01:30:17.601,300.276,299.964,1,1
18.08.2021 01:30:17.803,300.276,299.97,1,1
18.08.2021 01:30:23.736,300.279,299.97700000000003,1,1
18.08.2021 01:30:25.852,300.279,299.98400000000004,1.5,1
18.08.2021 01:30:33.088,300.279,299.976,1,1
18.08.2021 01:30:36.727,300.279,299.98,1.5,1
18.08.2021 01:30:37.796,300.279,299.97900000000004,1,1
18.08.2021 01:30:39.051,300.279,299.98,1.5,1
18.08.2021 01:30:40.210,300.279,299.98,1.5,1
18.08.2021 01:30:48.320,300.279,299.976,1.5,1
18.08.2021 01:30:58.732,300.279,299.98,1.5,1
18.08.2021 01:30:59.171,300.279,299.97700000000003,1.5,1
18.08.2021 01:31:02.548,300.279,299.98,1,1
18.08.2021 01:31:05.361,300.279,299.98,1.5,1
18.08.2021 01:31:05.845,300.279,299.98,1,1
18.08.2021 01:31:07.967,300.279,299.98,1.5,1.25
18.08.2021 01:31:19.129,300.279,299.98400000000004,1,1
18.08.2021 01:31:40.670,300.279,299.976,1.5,1.25
18.08.2021 01:31:40.871,300.267,299.975,1,1
18.08.2021 01:31:48.961,300.257,299.954,1,1.25
18.08.2021 01:31:51.183,300.26099999999997,299.957,1,1
18.08.2021 01:31:51.345,300.256,299.954,1,1
18.08.2021 01:31:52.544,300.256,299.952,1,1
18.08.2021 01:31:53.888,300.256,299.952,1,1
18.08.2021 01:31:56.264,300.256,299.95,1,1.25
18.08.2021 01:31:56.867,300.256,299.949,1,1.25
18.08.2021 01:31:57.373,300.251,299.949,1,1.25
18.08.2021 01:32:09.257,300.256,299.949,1,1
18.08.2021 01:32:15.560,300.251,299.942,1.5,1
18.08.2021 01:32:15.729,300.249,299.938,1,1
18.08.2021 01:32:18.760,300.248,299.938,1,1.25
18.08.2021 01:32:27.660,300.248,299.937,1,1.25
18.08.2021 01:32:28.062,300.251,299.943,1.5,1
18.08.2021 01:32:40.624,300.244,299.935,1,1.25
18.08.2021 01:32:42.014,300.23900000000003,299.935,1,1.25
18.08.2021 01:33:07.924,300.248,299.937,1,1.25
18.08.2021 01:33:10.105,300.25,299.941,1,1.25
18.08.2021 01:33:12.117,300.251,299.94599999999997,1.5,1.5
18.08.2021 01:33:12.237,300.251,299.94599999999997,1,1.5
18.08.2021 01:33:12.288,300.251,299.94599999999997,1.5,1
18.08.2021 01:33:27.615,300.251,299.948,1.5,1
18.08.2021 01:33:28.705,300.251,299.95,1.5,1
18.08.2021 01:33:30.552,300.251,299.954,1.5,1
18.08.2021 01:33:37.063,300.251,299.954,1.5,1
18.08.2021 01:33:39.377,300.251,299.959,1,1
18.08.2021 01:34:27.520,300.251,299.963,1,1
18.08.2021 01:34:27.571,300.27,299.963,1,1
18.08.2021 01:34:27.772,300.27,299.966,1,1
18.08.2021 01:34:32.383,300.276,299.97,1,1
18.08.2021 01:34:33.011,300.276,299.963,1,1
18.08.2021 01:34:33.253,300.276,299.963,1,1
18.08.2021 01:34:33.437,300.276,299.963,1,1
18.08.2021 01:35:00.778,300.266,299.963,1,1
18.08.2021 01:35:01.210,300.27,299.96700000000004,1,1
18.08.2021 01:35:03.627,300.274,299.971,1,1
18.08.2021 01:36:07.160,300.279,299.976,1.5,1
18.08.2021 01:36:07.362,300.279,299.98,1.5,1
18.08.2021 01:36:25.603,300.279,299.985,1.5,1
18.08.2021 01:36:25.802,300.279,299.982,1.5,1
18.08.2021 01:36:30.048,300.279,299.97900000000004,1.5,1
18.08.2021 01:36:36.375,300.279,299.97900000000004,1.5,1
18.08.2021 01:36:36.626,300.279,299.97900000000004,1.5,1
18.08.2021 01:36:37.850,300.279,299.97900000000004,1.5,1
18.08.2021 01:36:46.230,300.279,299.987,1,1
18.08.2021 01:36:54.174,300.279,299.987,1.5,1
18.08.2021 01:36:54.373,300.279,299.987,1,1.25
18.08.2021 01:37:03.816,300.279,299.985,1,1.25
18.08.2021 01:37:07.539,300.279,299.983,1,1
18.08.2021 01:37:13.807,300.279,299.98,1,1
18.08.2021 01:37:16.181,300.279,299.976,1.5,1
18.08.2021 01:37:16.547,300.279,299.976,1.5,1
18.08.2021 01:37:16.991,300.279,299.97900000000004,1,1
18.08.2021 01:37:26.923,300.279,299.98,1,1
18.08.2021 01:37:27.075,300.279,299.97900000000004,1,1
18.08.2021 01:37:31.544,300.279,299.983,1,1.25
18.08.2021 01:38:31.271,300.279,299.98900000000003,1,1.25
18.08.2021 01:38:37.077,300.3,299.997,1,1.25
18.08.2021 01:38:44.307,300.296,299.997,1,1.25
18.08.2021 01:38:44.867,300.306,299.997,1,1.25
18.08.2021 01:38:45.267,300.29900000000004,299.978,1,1.25
18.08.2021 01:38:46.033,300.296,299.991,1,1.25
18.08.2021 01:38:46.235,300.296,299.991,1,1.25
18.08.2021 01:38:47.047,300.296,299.991,1,1.25
18.08.2021 01:38:47.148,300.296,299.991,1,1.25
18.08.2021 01:38:47.247,300.296,299.991,1,1.25
18.08.2021 01:38:48.058,300.296,299.991,1,1.25
18.08.2021 01:38:48.361,300.296,299.992,1,1.25
18.08.2021 01:39:00.047,300.305,300.006,1.5,1
18.08.2021 01:39:00.242,300.305,300.006,1.5,1
18.08.2021 01:39:00.610,300.305,300.006,1.5,1
18.08.2021 01:39:01.013,300.305,300.006,1.5,1
18.08.2021 01:39:01.417,300.305,300.006,1,1
18.08.2021 01:39:03.048,300.305,300.006,1.5,1
18.08.2021 01:39:03.859,300.305,300.006,1.12,1
18.08.2021 01:39:05.040,300.305,300,1.62,1
18.08.2021 01:39:05.292,300.30400000000003,299.998,1,1
18.08.2021 01:39:05.443,300.30400000000003,299.998,1,1
18.08.2021 01:39:12.808,300.305,299.997,1.5,1.25
18.08.2021 01:39:13.433,300.295,300.001,1,1.25
18.08.2021 01:39:19.887,300.295,300.001,1,1
18.08.2021 01:39:47.260,300.295,299.991,1.5,1
18.08.2021 01:39:47.786,300.286,299.982,1,1.25
18.08.2021 01:39:48.095,300.286,299.982,1,1.25
18.08.2021 01:39:50.944,300.28700000000003,299.982,1,1.25
18.08.2021 01:39:54.601,300.286,299.98,1,1.25
18.08.2021 01:39:56.433,300.286,299.98,1,1.25
18.08.2021 01:39:57.350,300.283,299.98,1,1.25
18.08.2021 01:40:18.684,300.28700000000003,299.98,1,1.25
18.08.2021 01:40:23.216,300.296,299.993,1,1
18.08.2021 01:40:23.317,300.296,299.995,1,1
18.08.2021 01:40:23.414,300.296,299.995,1,1
18.08.2021 01:40:23.653,300.296,299.998,1,1
18.08.2021 01:40:25.121,300.296,299.995,1,1
18.08.2021 01:40:25.833,300.296,299.993,1,1.25
18.08.2021 01:40:26.143,300.296,299.993,1,1.25
18.08.2021 01:40:39.552,300.30400000000003,299.994,1,1.25
18.08.2021 01:40:41.103,300.306,299.996,1,1.25
18.08.2021 01:40:45.263,300.305,300.001,1,1
18.08.2021 01:40:45.465,300.306,300.002,1,1.25
18.08.2021 01:40:46.146,300.306,300.004,1,1.25
18.08.2021 01:40:49.107,300.31,300.004,1.5,1.25
18.08.2021 01:40:51.998,300.309,300.004,1,1.25
18.08.2021 01:40:56.448,300.31,300.006,1,1.25
18.08.2021 01:40:57.223,300.31,300.015,1,1.25
18.08.2021 01:40:57.474,300.31,300.008,1.5,1.25
18.08.2021 01:41:03.714,300.31,300.005,1.5,1.25
18.08.2021 01:41:21.643,300.309,300.002,1,1
18.08.2021 01:41:21.859,300.305,299.994,1,1.25
18.08.2021 01:41:25.710,300.3,299.991,1,1
18.08.2021 01:41:25.923,300.3,299.982,1,1.25
18.08.2021 01:41:42.378,300.286,299.98,1,1.25
18.08.2021 01:41:42.547,300.28700000000003,299.98400000000004,1,1.25
18.08.2021 01:41:42.661,300.28700000000003,299.98400000000004,1,1.25
18.08.2021 01:41:43.955,300.286,299.97900000000004,1,1.25
18.08.2021 01:41:44.157,300.286,299.97900000000004,1,1.25
18.08.2021 01:41:49.949,300.29200000000003,299.988,1,1
18.08.2021 01:41:49.999,300.296,299.993,1,1
18.08.2021 01:41:51.149,300.296,299.993,1,1
18.08.2021 01:41:51.248,300.298,299.993,1,1
18.08.2021 01:42:00.654,300.296,299.991,1,1
18.08.2021 01:42:21.048,300.296,299.98900000000003,1,1.25
18.08.2021 01:42:21.826,300.296,299.98900000000003,1,1.25
18.08.2021 01:42:22.131,300.29900000000004,299.991,1,1.25
18.08.2021 01:42:24.486,300.296,299.991,1,1.25
18.08.2021 01:42:25.710,300.296,299.991,1,1.25
18.08.2021 01:42:31.817,300.296,299.991,1,1.25
18.08.2021 01:42:35.591,300.296,299.991,1,1.25
18.08.2021 01:42:45.553,300.296,299.991,1,1
18.08.2021 01:42:51.877,300.296,299.991,1,1
18.08.2021 01:42:53.590,300.296,299.991,1,1.25
18.08.2021 01:42:59.414,300.296,299.991,1,1.25
18.08.2021 01:43:00.134,300.296,299.991,1,1.25
18.08.2021 01:43:04.747,300.296,299.991,1,1.25
18.08.2021 01:43:05.177,300.296,299.991,1,1.25
18.08.2021 01:43:05.973,300.296,299.991,1,1.25
18.08.2021 01:43:06.178,300.296,299.991,1,1.25
18.08.2021 01:43:08.375,300.29200000000003,299.991,1,1
18.08.2021 01:43:09.650,300.286,299.982,1,1.25
18.08.2021 01:43:10.159,300.286,299.982,1,1.25
18.08.2021 01:43:12.292,300.296,299.982,1,1.25
18.08.2021 01:43:12.921,300.296,299.991,1,1.25
18.08.2021 01:43:13.026,300.296,299.991,1,1.25
18.08.2021 01:43:13.228,300.296,299.991,1,1.25
18.08.2021 01:43:14.143,300.295,299.991,1,1.25
18.08.2021 01:43:21.918,300.296,299.991,1.12,1.25
18.08.2021 01:43:25.926,300.297,299.992,1,1.25
18.08.2021 01:43:28.755,300.302,299.996,1,1.25
18.08.2021 01:44:04.035,300.296,299.992,1,1
18.08.2021 01:44:05.097,300.295,299.991,1,1
18.08.2021 01:44:10.144,300.291,299.985,1,1
18.08.2021 01:44:12.489,300.28700000000003,299.98400000000004,1,1
18.08.2021 01:44:43.213,300.28900000000004,299.97400000000005,1,1.25
18.08.2021 01:44:48.019,300.28700000000003,299.97200000000004,1,1.25
18.08.2021 01:44:49.754,300.288,299.97400000000005,1,1.25
18.08.2021 01:44:53.804,300.283,299.98400000000004,1,1
18.08.2021 01:44:56.952,300.288,299.98400000000004,1,1
18.08.2021 01:44:58.383,300.281,299.97200000000004,1,1.25
18.08.2021 01:45:00.836,300.27500000000003,299.96500000000003,1,1
18.08.2021 01:45:02.216,300.276,299.982,1,1
18.08.2021 01:45:03.648,300.286,299.983,1,1
18.08.2021 01:45:07.117,300.276,299.97700000000003,1,1.25
18.08.2021 01:45:07.319,300.276,299.976,1,1.25
18.08.2021 01:45:08.234,300.276,299.976,1,1.25
18.08.2021 01:45:10.257,300.276,299.976,1,1.25
18.08.2021 01:45:12.692,300.276,299.976,1,1.25
18.08.2021 01:45:13.203,300.276,299.976,1,1.25
18.08.2021 01:45:13.608,300.276,299.976,1,1.25
18.08.2021 01:45:14.216,300.276,299.976,1,1.25
18.08.2021 01:45:14.826,300.276,299.976,1,1.25
18.08.2021 01:45:28.312,300.28200000000004,299.978,1.5,1.25
18.08.2021 01:45:29.221,300.28200000000004,299.993,1.5,1
18.08.2021 01:45:30.247,300.28200000000004,299.993,1.12,1
18.08.2021 01:45:31.263,300.28200000000004,299.993,1.5,1
18.08.2021 01:45:33.761,300.28200000000004,299.985,1.5,1
18.08.2021 01:45:33.813,300.28200000000004,299.985,1.5,1
18.08.2021 01:45:34.039,300.28200000000004,299.986,1.5,1
18.08.2021 01:45:34.167,300.28200000000004,299.986,1.5,1
18.08.2021 01:45:34.421,300.28200000000004,299.988,1.5,1
18.08.2021 01:45:35.239,300.28200000000004,299.988,1.5,1
18.08.2021 01:45:37.076,300.28200000000004,299.983,1.5,1.25
18.08.2021 01:45:37.282,300.28200000000004,299.983,1.5,1.25
18.08.2021 01:45:47.821,300.28200000000004,299.983,1.5,1.25
18.08.2021 01:45:48.303,300.28200000000004,299.98,1.5,1.25
18.08.2021 01:45:49.755,300.28200000000004,299.98,1.5,1.25
18.08.2021 01:45:50.023,300.28200000000004,299.983,1.5,1.25
18.08.2021 01:45:50.095,300.28200000000004,299.983,1.5,1.25
18.08.2021 01:45:50.347,300.28200000000004,299.991,1.5,1
18.08.2021 01:45:50.452,300.28200000000004,299.993,1.5,1
18.08.2021 01:45:52.253,300.28200000000004,299.993,1.12,1
18.08.2021 01:45:54.385,300.28200000000004,299.993,1.5,1
18.08.2021 01:45:55.304,300.28200000000004,299.993,1.5,1
18.08.2021 01:45:56.429,300.28200000000004,299.988,1.12,1.25
18.08.2021 01:45:58.313,300.28200000000004,299.992,1,1.25
18.08.2021 01:45:59.704,300.28200000000004,299.993,1,1.25
18.08.2021 01:46:01.689,300.28200000000004,299.992,1.5,1
18.08.2021 01:46:39.947,300.28200000000004,299.985,1.5,1
18.08.2021 01:46:50.302,300.279,299.97900000000004,1,1
18.08.2021 01:47:53.363,300.274,299.97200000000004,1,1
18.08.2021 01:47:53.520,300.267,299.962,1,1
18.08.2021 01:48:04.571,300.255,299.962,1,1
18.08.2021 01:48:04.736,300.248,299.948,1,1
18.08.2021 01:48:12.647,300.24,299.937,1,1
18.08.2021 01:48:12.861,300.24,299.944,1,1
18.08.2021 01:48:13.063,300.24,299.942,1,1
18.08.2021 01:48:30.712,300.233,299.933,1,1
18.08.2021 01:48:30.913,300.233,299.928,1,1
18.08.2021 01:48:51.100,300.223,299.922,1,1
18.08.2021 01:49:17.147,300.22700000000003,299.923,1,1
18.08.2021 01:49:17.777,300.22700000000003,299.923,1,1
18.08.2021 01:49:23.593,300.226,299.923,1,1
18.08.2021 01:49:23.774,300.226,299.923,1,1
18.08.2021 01:49:29.807,300.226,299.92400000000004,1,1
18.08.2021 01:49:40.795,300.226,299.923,1,1
18.08.2021 01:49:41.649,300.223,299.923,1,1
18.08.2021 01:50:11.324,300.22700000000003,299.928,1,1
18.08.2021 01:50:13.398,300.251,299.931,1.5,1
18.08.2021 01:50:23.894,300.233,299.935,1,1
18.08.2021 01:50:26.910,300.22700000000003,299.928,1,1
18.08.2021 01:50:34.266,300.223,299.92400000000004,1,1
18.08.2021 01:52:01.500,300.212,299.916,1,1
18.08.2021 01:52:02.120,300.212,299.908,1,1
18.08.2021 01:52:05.422,300.216,299.904,1,1
18.08.2021 01:52:05.670,300.205,299.903,1,1
18.08.2021 01:52:05.872,300.206,299.903,1,1.25
18.08.2021 01:52:06.420,300.206,299.903,1,1.25
18.08.2021 01:52:06.522,300.206,299.903,1,1.25
18.08.2021 01:52:08.559,300.206,299.903,1,1.25
18.08.2021 01:52:09.491,300.206,299.903,1,1.25
18.08.2021 01:52:10.798,300.206,299.903,1,1.25
18.08.2021 01:52:11.532,300.208,299.90900000000005,1,1.25
18.08.2021 01:52:12.442,300.206,299.90900000000005,1,1.25
18.08.2021 01:52:12.746,300.206,299.90900000000005,1,1.25
18.08.2021 01:52:16.310,300.206,299.90900000000005,1,1.25
18.08.2021 01:52:18.442,300.209,299.90900000000005,1,1.25
18.08.2021 01:52:41.636,300.209,299.90900000000005,1,1
18.08.2021 01:52:41.824,300.206,299.902,1,1.25
18.08.2021 01:52:42.720,300.19599999999997,299.897,1,1.25
18.08.2021 01:52:43.539,300.19599999999997,299.897,1,1.25
18.08.2021 01:52:44.471,300.19599999999997,299.897,1,1.25
18.08.2021 01:52:45.327,300.193,299.897,1,1
18.08.2021 01:52:45.527,300.19599999999997,299.90000000000003,1,1
18.08.2021 01:52:45.931,300.193,299.90000000000003,1,1
18.08.2021 01:52:46.134,300.19599999999997,299.897,1,1
18.08.2021 01:52:46.934,300.19599999999997,299.90000000000003,1,1
18.08.2021 01:52:49.817,300.19599999999997,299.90000000000003,1,1
18.08.2021 01:52:50.535,300.19599999999997,299.90000000000003,1,1
18.08.2021 01:52:53.196,300.19599999999997,299.90000000000003,1,1
18.08.2021 01:52:53.472,300.19599999999997,299.90000000000003,1,1
18.08.2021 01:52:53.573,300.19599999999997,299.90000000000003,1,1
18.08.2021 01:52:54.830,300.206,299.90000000000003,1,1
18.08.2021 01:52:55.037,300.206,299.903,1,1
18.08.2021 01:52:55.102,300.206,299.903,1,1
18.08.2021 01:52:55.502,300.206,299.903,1,1
18.08.2021 01:52:55.553,300.205,299.902,1,1
18.08.2021 01:52:55.634,300.206,299.902,1,1
18.08.2021 01:52:55.760,300.205,299.903,1,1
18.08.2021 01:52:55.862,300.206,299.903,1,1
18.08.2021 01:52:55.942,300.205,299.903,1,1
18.08.2021 01:53:00.942,300.19599999999997,299.894,1,1.25
18.08.2021 01:53:01.500,300.19599999999997,299.896,1,1.25
18.08.2021 01:53:01.809,300.19599999999997,299.896,1,1.25
18.08.2021 01:53:02.518,300.19599999999997,299.896,1,1.25
18.08.2021 01:53:02.928,300.19599999999997,299.896,1,1.25
18.08.2021 01:53:04.559,300.19599999999997,299.896,1,1.25
18.08.2021 01:53:05.477,300.19599999999997,299.896,1,1.25
18.08.2021 01:53:06.612,300.206,299.901,1,1.25
18.08.2021 01:53:06.693,300.206,299.901,1,1.25
18.08.2021 01:53:08.424,300.206,299.903,1,1.25
18.08.2021 01:53:08.833,300.206,299.903,1,1.25
18.08.2021 01:53:09.548,300.206,299.903,1,1.25
18.08.2021 01:53:12.001,300.206,299.903,1,1.25
18.08.2021 01:53:12.514,300.206,299.903,1,1.25
18.08.2021 01:53:15.875,300.19599999999997,299.898,1,1.25
18.08.2021 01:53:16.799,300.19599999999997,299.897,1,1.25
18.08.2021 01:53:29.890,300.19599999999997,299.898,1,1.25
18.08.2021 01:53:30.399,300.19599999999997,299.898,1,1.25
18.08.2021 01:53:33.760,300.19599999999997,299.898,1,1.25
18.08.2021 01:53:34.476,300.19599999999997,299.898,1,1.25
18.08.2021 01:53:34.989,300.19599999999997,299.898,1,1.25
18.08.2021 01:53:36.281,300.188,299.896,1,1
18.08.2021 01:53:36.414,300.186,299.888,1,1.25
18.08.2021 01:53:37.430,300.186,299.884,1,1.25
18.08.2021 01:53:37.531,300.186,299.884,1,1.25
18.08.2021 01:53:38.847,300.186,299.884,1,1.25
18.08.2021 01:53:39.553,300.186,299.884,1,1.25
18.08.2021 01:53:39.604,300.186,299.884,1,1.25
18.08.2021 01:53:39.958,300.186,299.884,1,1.25
18.08.2021 01:53:43.129,300.186,299.882,1,1.25
18.08.2021 01:53:43.561,300.186,299.882,1,1.25
18.08.2021 01:53:44.558,300.19599999999997,299.882,1,1.25
18.08.2021 01:53:44.668,300.19599999999997,299.887,1,1.25
18.08.2021 01:53:45.480,300.186,299.88599999999997,1.12,1.25
18.08.2021 01:53:45.580,300.186,299.88599999999997,1,1.25
18.08.2021 01:53:46.523,300.186,299.885,1,1.25
18.08.2021 01:53:46.811,300.186,299.885,1,1.25
18.08.2021 01:53:48.334,300.186,299.885,1,1.25
18.08.2021 01:53:48.541,300.186,299.888,1,1
18.08.2021 01:53:50.501,300.186,299.888,1,1
18.08.2021 01:53:50.702,300.21700000000004,299.888,1,1
18.08.2021 01:53:55.603,300.22200000000004,299.885,1.25,1
18.08.2021 01:53:55.767,300.188,299.885,1,1
18.08.2021 01:53:56.158,300.188,299.885,1,1.25
18.08.2021 01:53:56.361,300.188,299.885,1,1
18.08.2021 01:53:56.533,300.186,299.885,1,1
18.08.2021 01:53:56.634,300.186,299.885,1,1.25
18.08.2021 01:53:57.549,300.186,299.885,1,1.25
18.08.2021 01:54:01.444,300.184,299.885,1,1
18.08.2021 01:54:01.645,300.186,299.885,1,1.25
18.08.2021 01:54:01.844,300.182,299.885,1,1
18.08.2021 01:54:02.048,300.186,299.885,1,1.25
18.08.2021 01:54:02.222,300.182,299.885,1,1.25
18.08.2021 01:54:02.424,300.186,299.885,1,1.25
18.08.2021 01:54:02.553,300.186,299.885,1,1.25
18.08.2021 01:54:02.603,300.181,299.885,1,1
18.08.2021 01:54:02.826,300.186,299.885,1,1.25
18.08.2021 01:54:03.026,300.181,299.885,1,1
18.08.2021 01:54:03.230,300.186,299.885,1,1.25
18.08.2021 01:54:03.362,300.219,299.885,1.25,1.25
18.08.2021 01:54:05.102,300.212,299.885,1.25,1
18.08.2021 01:54:05.303,300.19,299.885,1,1.25
18.08.2021 01:54:05.455,300.19,299.885,1,1.25
18.08.2021 01:54:05.657,300.186,299.885,1,1.25
18.08.2021 01:54:06.061,300.184,299.885,1,1.25
18.08.2021 01:54:06.312,300.186,299.885,1,1.25
18.08.2021 01:54:06.514,300.186,299.885,1,1.25
18.08.2021 01:54:06.665,300.183,299.885,1,1.25
18.08.2021 01:54:06.916,300.186,299.885,1,1
18.08.2021 01:54:07.117,300.183,299.885,1,1
18.08.2021 01:54:07.271,300.186,299.885,1,1
18.08.2021 01:54:07.523,300.183,299.885,1,1.25
18.08.2021 01:54:07.673,300.186,299.885,1,1
18.08.2021 01:54:07.874,300.183,299.885,1,1.25
18.08.2021 01:54:27.729,300.177,299.881,1,1
18.08.2021 01:54:27.880,300.173,299.878,1,1
18.08.2021 01:54:36.380,300.172,299.872,1,1
18.08.2021 01:54:38.396,300.182,299.881,1,1
18.08.2021 01:55:04.603,300.181,299.884,1,1
18.08.2021 01:55:16.095,300.197,299.896,1.62,1
18.08.2021 01:55:20.570,300.197,299.896,1.5,1.25
18.08.2021 01:55:21.897,300.19599999999997,299.898,1,1.25
18.08.2021 01:55:22.614,300.19599999999997,299.898,1,1.25
18.08.2021 01:55:25.710,300.19599999999997,299.898,1,1.25
18.08.2021 01:55:25.965,300.19599999999997,299.898,1,1.25
18.08.2021 01:55:26.575,300.19599999999997,299.898,1,1.25
18.08.2021 01:55:26.780,300.19599999999997,299.898,1,1.25
18.08.2021 01:55:27.586,300.19599999999997,299.898,1,1.25
18.08.2021 01:55:43.919,300.197,299.899,1,1.25
18.08.2021 01:55:43.970,300.206,299.899,1,1.25
18.08.2021 01:55:44.121,300.206,299.904,1,1.25
18.08.2021 01:55:45.373,300.206,299.90700000000004,1,1.25
18.08.2021 01:55:45.577,300.206,299.90700000000004,1,1.25
18.08.2021 01:55:46.594,300.223,299.90700000000004,1.5,1.25
18.08.2021 01:55:49.867,300.216,299.91,1,1.25
18.08.2021 01:55:50.380,300.209,299.91,1,1
18.08.2021 01:55:50.473,300.206,299.90500000000003,1,1.25
18.08.2021 01:55:50.582,300.2,299.90500000000003,1,1
18.08.2021 01:55:52.592,300.19599999999997,299.896,1,1.25
18.08.2021 01:55:52.998,300.197,299.896,1,1.25
18.08.2021 01:55:53.612,300.19599999999997,299.896,1,1.25
18.08.2021 01:55:54.635,300.19599999999997,299.896,1,1.25
18.08.2021 01:55:55.141,300.19599999999997,299.896,1,1.25
18.08.2021 01:55:59.608,300.19599999999997,299.896,1,1.5
18.08.2021 01:55:59.740,300.19599999999997,299.896,1,1
18.08.2021 01:56:00.431,300.186,299.884,1,1.25
18.08.2021 01:56:00.950,300.186,299.882,1,1.25
18.08.2021 01:56:01.561,300.186,299.882,1,1.25
18.08.2021 01:56:01.849,300.186,299.882,1,1.25
18.08.2021 01:56:02.005,300.186,299.885,1,1.25
18.08.2021 01:56:02.055,300.19599999999997,299.885,1,1.25
18.08.2021 01:56:02.206,300.22200000000004,299.895,1.25,1
18.08.2021 01:56:02.257,300.22200000000004,299.895,1.25,1
18.08.2021 01:56:02.801,300.219,299.893,1,1
18.08.2021 01:56:03.295,300.19599999999997,299.893,1,1
18.08.2021 01:56:03.590,300.19599999999997,299.893,1,1
18.08.2021 01:56:03.692,300.197,299.893,1,1
18.08.2021 01:56:03.941,300.197,299.893,1,1
18.08.2021 01:56:08.855,300.19599999999997,299.889,1,1
18.08.2021 01:56:10.171,300.19599999999997,299.893,1,1
18.08.2021 01:56:10.575,300.19599999999997,299.893,1,1
18.08.2021 01:56:11.076,300.202,299.893,1,1
18.08.2021 01:56:11.338,300.202,299.893,1,1
18.08.2021 01:56:55.517,300.203,299.894,1,1
18.08.2021 01:56:55.766,300.202,299.88599999999997,1,1
18.08.2021 01:56:56.771,300.202,299.885,1,1
18.08.2021 01:57:01.977,300.191,299.881,1,1
18.08.2021 01:57:24.212,300.187,299.875,1,1
18.08.2021 01:57:31.335,300.184,299.872,1,1
18.08.2021 01:57:33.831,300.184,299.875,1,1
18.08.2021 01:57:34.130,300.16900000000004,299.873,1,1
18.08.2021 01:57:34.348,300.184,299.873,1,1
18.08.2021 01:57:37.776,300.17,299.872,1,1
18.08.2021 01:57:46.205,300.18,299.871,1,1
18.08.2021 01:57:49.181,300.172,299.871,1,1
18.08.2021 01:57:56.372,300.17900000000003,299.868,1,1
18.08.2021 01:57:57.311,300.17900000000003,299.868,1,1
18.08.2021 01:58:03.304,300.18,299.868,1,1
18.08.2021 01:58:09.174,300.18,299.868,1,1
18.08.2021 01:58:13.370,300.168,299.858,1,1
18.08.2021 01:58:33.320,300.175,299.858,1,1
18.08.2021 01:58:33.522,300.175,299.862,1,1
18.08.2021 01:58:36.494,300.18,299.871,1,1
18.08.2021 01:58:44.931,300.188,299.876,1,1
18.08.2021 01:58:51.656,300.191,299.88,1.5,1
18.08.2021 01:59:02.171,300.191,299.88599999999997,1,1
18.08.2021 01:59:02.272,300.203,299.889,1,1
18.08.2021 01:59:11.594,300.216,299.898,1,1
18.08.2021 01:59:38.065,300.211,299.903,1,1
18.08.2021 01:59:38.265,300.22,299.903,1.5,1
18.08.2021 01:59:41.583,300.22,299.899,1.5,1
18.08.2021 01:59:43.506,300.22,299.893,1.75,1
18.08.2021 01:59:47.229,300.22,299.888,1.75,1
18.08.2021 01:59:47.461,300.22,299.892,1.5,1.25
18.08.2021 01:59:51.344,300.22,299.897,1.5,1
18.08.2021 01:59:51.564,300.22,299.894,1.75,1
18.08.2021 01:59:51.766,300.22,299.889,1.75,1.25
18.08.2021 01:59:53.087,300.22,299.889,1.75,1
18.08.2021 01:59:53.966,300.22,299.891,1.5,1.25
18.08.2021 02:00:00.446,300.22,299.889,1.75,1.25
18.08.2021 02:00:01.636,300.22,299.904,1.5,1
18.08.2021 02:00:01.737,300.22,299.90900000000005,1.5,1.5
18.08.2021 02:00:01.838,300.22,299.918,1,1.5
18.08.2021 02:00:02.879,300.247,299.923,1.5,1
18.08.2021 02:00:03.571,300.247,299.933,1.5,1
18.08.2021 02:00:03.810,300.247,299.942,1.5,1.25
18.08.2021 02:00:04.209,300.267,299.947,1,1.25
18.08.2021 02:00:04.428,300.267,299.947,1,1.25
18.08.2021 02:00:05.135,300.267,299.959,1,1
18.08.2021 02:00:06.572,300.296,299.958,1.25,1.25
18.08.2021 02:00:06.926,300.298,299.969,1,1.25
18.08.2021 02:00:07.239,300.298,299.97400000000005,1.25,1
18.08.2021 02:00:07.410,300.30400000000003,299.96500000000003,1.25,1
18.08.2021 02:00:07.832,300.291,299.954,1.25,1
18.08.2021 02:00:08.067,300.288,299.95,1.25,1.25
18.08.2021 02:00:08.117,300.288,299.95,1.25,1
18.08.2021 02:00:08.300,300.28700000000003,299.949,1.25,1
18.08.2021 02:00:08.495,300.285,299.95,1.25,1
18.08.2021 02:00:08.950,300.285,299.947,1.25,1
18.08.2021 02:00:09.352,300.285,299.948,1.25,1.25
18.08.2021 02:00:09.540,300.285,299.949,1,1.25
18.08.2021 02:00:10.211,300.29400000000004,299.955,1.25,1
18.08.2021 02:00:10.413,300.28000000000003,299.921,0.69,1.5
18.08.2021 02:00:11.002,300.29400000000004,299.96,1.06,1.25
18.08.2021 02:00:11.160,300.3,299.96500000000003,1.12,1
18.08.2021 02:00:11.412,300.298,299.96,1.12,1.25
18.08.2021 02:00:11.613,300.298,299.963,1,1.25
18.08.2021 02:00:11.767,300.298,299.968,1,1.25
18.08.2021 02:00:11.968,300.303,299.978,1,1.25
18.08.2021 02:00:12.726,300.303,299.987,1,1.25
18.08.2021 02:00:12.892,300.303,299.992,1,1
18.08.2021 02:00:13.304,300.303,299.995,1,1.25
18.08.2021 02:00:13.916,300.306,300.004,1,1.25
18.08.2021 02:00:14.146,300.306,300.009,1,1.25
18.08.2021 02:00:14.773,300.34900000000005,300.01099999999997,1.25,1.25
18.08.2021 02:00:15.157,300.34700000000004,300.01,1.25,1.25
18.08.2021 02:00:15.560,300.344,300.006,1.25,1.25
18.08.2021 02:00:15.729,300.34900000000005,300.016,1,1.25
18.08.2021 02:00:15.969,300.35200000000003,300.015,1.75,1
18.08.2021 02:00:16.578,300.34900000000005,300.01099999999997,1,1.25
18.08.2021 02:00:16.779,300.34900000000005,300.019,1.25,1
18.08.2021 02:00:18.379,300.35,300.01,1.25,1.25
18.08.2021 02:00:19.151,300.34700000000004,300.009,1.25,1.25
18.08.2021 02:00:19.771,300.34700000000004,300.006,1.25,1.25
18.08.2021 02:00:20.016,300.341,300.01,1,1.25
18.08.2021 02:00:20.218,300.341,300.015,1,1.25
18.08.2021 02:00:20.754,300.337,300.023,1.5,1.25
18.08.2021 02:00:21.405,300.337,300.02500000000003,1.5,1
18.08.2021 02:00:21.598,300.337,300.018,1.5,1
18.08.2021 02:00:21.905,300.337,300.015,1.5,1.25
18.08.2021 02:00:22.189,300.337,300.015,1.5,1.25
18.08.2021 02:00:22.799,300.337,300.012,1.5,1.25
18.08.2021 02:00:25.433,300.356,300.021,1.75,1
18.08.2021 02:00:25.718,300.356,300.018,1.5,1.25
18.08.2021 02:00:26.221,300.356,300.026,1.5,1
18.08.2021 02:00:26.835,300.362,300.023,1,1.25
18.08.2021 02:00:26.936,300.362,300.023,1,1.25
18.08.2021 02:00:29.110,300.37,300.03700000000003,1.5,1.25
18.08.2021 02:00:30.160,300.37,300.038,1.5,1.25
18.08.2021 02:00:30.260,300.37,300.04400000000004,1.5,1.25
18.08.2021 02:00:30.361,300.37,300.045,1.5,1.25
18.08.2021 02:00:30.575,300.37,300.048,1.5,1.25
18.08.2021 02:00:30.782,300.37,300.04900000000004,1.5,1.25
18.08.2021 02:00:31.401,300.37,300.04900000000004,1.5,1.25
18.08.2021 02:00:31.618,300.37,300.046,1.5,1
18.08.2021 02:00:33.256,300.37,300.03900000000004,1.5,1.25
18.08.2021 02:00:38.395,300.353,300.02500000000003,1.5,1.25
18.08.2021 02:00:38.496,300.353,300.024,1.75,1
18.08.2021 02:00:40.841,300.336,300.01099999999997,1.5,1.25
18.08.2021 02:00:41.017,300.336,300.017,1.5,1.25
18.08.2021 02:00:41.788,300.336,300.015,1.5,1.25
18.08.2021 02:00:42.078,300.336,300.014,1.5,1.25
18.08.2021 02:00:42.317,300.336,300.01099999999997,1.5,1.25
18.08.2021 02:00:44.745,300.336,300.01099999999997,1.5,1.25
18.08.2021 02:00:45.168,300.336,300.014,1.5,1.25
18.08.2021 02:00:46.640,300.35,300.013,1.25,1.25
18.08.2021 02:00:47.882,300.351,300.014,1.25,1.25
18.08.2021 02:00:48.611,300.36,300.023,1.25,1.25
18.08.2021 02:00:51.262,300.361,300.02500000000003,1.25,1
18.08.2021 02:00:51.873,300.361,300.019,1.25,1.25
18.08.2021 02:00:51.974,300.35,299.985,0.69,1.5
18.08.2021 02:00:52.297,300.34700000000004,299.981,0.69,1.5
18.08.2021 02:00:52.523,300.35400000000004,300.015,1.25,1
18.08.2021 02:00:54.049,300.343,300.006,1.25,1.25
18.08.2021 02:00:54.451,300.339,300.001,1.25,1.25
18.08.2021 02:00:55.114,300.337,299.999,1.25,1
18.08.2021 02:00:57.581,300.323,299.98400000000004,1.25,1
18.08.2021 02:01:00.192,300.311,299.976,1.25,1.25
18.08.2021 02:01:01.443,300.31,299.973,1.25,1.25
18.08.2021 02:01:01.703,300.31,299.973,1.25,1.25
18.08.2021 02:01:04.552,300.311,299.97400000000005,1.25,1.25
18.08.2021 02:01:06.569,300.312,299.97400000000005,1.12,1.25
18.08.2021 02:01:06.878,300.313,299.985,1,1.25
18.08.2021 02:01:07.205,300.32099999999997,299.97900000000004,1.25,1.25
18.08.2021 02:01:07.308,300.314,299.97700000000003,1,1.25
18.08.2021 02:01:10.724,300.323,299.986,1,1.25
18.08.2021 02:01:10.875,300.323,299.996,1,1
18.08.2021 02:01:11.076,300.329,299.991,1.25,1
18.08.2021 02:01:11.260,300.329,299.986,1.25,1.25
18.08.2021 02:01:11.510,300.323,299.986,1.25,1.25
18.08.2021 02:01:11.799,300.322,299.98400000000004,1.25,1.25
18.08.2021 02:01:16.302,300.32099999999997,299.986,1.25,1.25
18.08.2021 02:01:16.486,300.32099999999997,299.982,1.25,1
18.08.2021 02:01:16.702,300.313,299.976,1.25,1.25
18.08.2021 02:01:17.281,300.312,299.973,1.25,1
18.08.2021 02:01:17.483,300.29900000000004,299.934,0.69,1.5
18.08.2021 02:01:23.000,300.298,299.963,1.25,1.25
18.08.2021 02:01:23.875,300.293,299.959,1.25,1
18.08.2021 02:01:24.078,300.293,299.955,1.25,1
18.08.2021 02:01:27.461,300.285,299.948,1.25,1
18.08.2021 02:01:28.915,300.272,299.935,1,1.25
18.08.2021 02:01:29.147,300.27500000000003,299.94,1.25,1.25
18.08.2021 02:01:32.180,300.274,299.938,1,1.25
18.08.2021 02:01:35.073,300.28700000000003,299.95,1.25,1.25
18.08.2021 02:01:37.943,300.269,299.954,1.5,1.25
18.08.2021 02:01:40.051,300.269,299.956,1.5,1.25
18.08.2021 02:01:42.823,300.269,299.95099999999996,1.5,1.75
18.08.2021 02:01:46.440,300.269,299.949,1.5,1.25
18.08.2021 02:01:46.666,300.269,299.958,1.5,1.25
18.08.2021 02:01:47.781,300.269,299.961,1.5,1.25
18.08.2021 02:01:47.986,300.269,299.969,1,1.25
18.08.2021 02:01:48.086,300.295,299.969,1.5,1.25
18.08.2021 02:01:48.463,300.295,299.97400000000005,1.5,1.25
18.08.2021 02:01:48.633,300.295,299.973,1.5,1
18.08.2021 02:01:51.751,300.295,299.963,1.5,1.25
18.08.2021 02:01:52.261,300.295,299.96700000000004,1.5,1.25
18.08.2021 02:01:56.087,300.295,299.97200000000004,1.5,1.25
18.08.2021 02:01:57.040,300.295,299.97400000000005,1.5,1.25
18.08.2021 02:01:57.805,300.295,299.97400000000005,1.5,1
18.08.2021 02:01:58.690,300.295,299.96700000000004,1.5,1.25
18.08.2021 02:02:00.200,300.295,299.97400000000005,1.5,1.25
18.08.2021 02:02:00.448,300.295,299.97900000000004,1.5,1.25
18.08.2021 02:02:05.530,300.295,299.98900000000003,1,1.25
18.08.2021 02:02:05.695,300.295,299.991,1.5,1.25
18.08.2021 02:02:07.188,300.295,299.985,1.5,1.25
18.08.2021 02:02:08.164,300.295,299.981,1.5,1.25
18.08.2021 02:02:08.452,300.295,299.981,1.5,1
18.08.2021 02:02:09.972,300.295,299.982,1.5,1.25
18.08.2021 02:02:11.728,300.323,299.98900000000003,1.25,1.25
18.08.2021 02:02:12.247,300.328,299.991,1.25,1.25
18.08.2021 02:02:13.756,300.324,299.985,1.25,1
18.08.2021 02:02:14.719,300.317,299.976,1.25,1.25
18.08.2021 02:02:33.017,300.325,299.985,1.25,1
18.08.2021 02:02:33.548,300.314,299.975,1.25,1.25
18.08.2021 02:02:37.736,300.3,299.975,1.5,1.25
18.08.2021 02:02:37.886,300.3,299.97700000000003,1.5,1.25
18.08.2021 02:02:40.787,300.3,299.988,1.5,1.25
18.08.2021 02:02:41.038,300.3,299.98900000000003,1.5,1.25
18.08.2021 02:02:41.861,300.3,299.998,1,1.25
18.08.2021 02:02:45.866,300.325,300,1.5,1.25
18.08.2021 02:02:48.465,300.325,300.007,1.5,1.25
18.08.2021 02:02:55.558,300.325,300.01,1.5,1
18.08.2021 02:02:58.085,300.325,300.004,1.5,1.25
18.08.2021 02:02:58.285,300.325,300.009,1.5,1
18.08.2021 02:02:58.946,300.325,300.004,1.5,1.25
18.08.2021 02:03:01.033,300.325,299.999,1.5,1.25
18.08.2021 02:03:01.193,300.325,299.961,1.5,1.5
18.08.2021 02:03:01.593,300.325,299.993,1.5,1.25
18.08.2021 02:03:01.694,300.325,299.997,1.5,1.25
18.08.2021 02:03:04.332,300.325,299.999,1.5,1.25
18.08.2021 02:03:04.535,300.325,299.999,1.5,1.25
18.08.2021 02:03:04.657,300.325,299.999,1.5,1.25
18.08.2021 02:03:04.757,300.325,300.005,1.5,1.25
18.08.2021 02:03:04.858,300.325,300.009,1.5,1.25
18.08.2021 02:03:04.959,300.325,300.01099999999997,1.5,1
18.08.2021 02:03:07.428,300.325,300.01099999999997,1,1.25
18.08.2021 02:03:07.529,300.329,300.017,1.5,1.25
18.08.2021 02:03:07.630,300.329,300.02,1.5,1.25
18.08.2021 02:03:14.567,300.329,300.024,1.5,1
18.08.2021 02:03:17.430,300.329,300.01099999999997,1.5,1.25
18.08.2021 02:03:17.677,300.323,300.026,1,1
18.08.2021 02:03:18.893,300.323,300.022,1.5,1
18.08.2021 02:03:19.308,300.323,300.028,1,1
18.08.2021 02:03:20.980,300.323,300.024,1,1.25
18.08.2021 02:03:24.534,300.323,300.021,1.5,1.25
18.08.2021 02:03:24.608,300.323,300.021,1,1.25
18.08.2021 02:03:24.821,300.323,300.021,1.5,1.25
18.08.2021 02:03:26.032,300.323,300.018,1.5,1
18.08.2021 02:03:26.683,300.323,300.012,1.5,1.25
18.08.2021 02:03:27.543,300.323,300.013,1.5,1.25
18.08.2021 02:03:29.115,300.323,300.012,1.5,1.25
18.08.2021 02:03:29.319,300.323,300.015,1.5,1.25
18.08.2021 02:03:29.518,300.323,300.015,1.5,1.25
18.08.2021 02:03:32.265,300.323,300.014,1.5,1.25
18.08.2021 02:03:35.228,300.323,300.01099999999997,1.5,1.25
18.08.2021 02:03:37.331,300.323,300.014,1,1.25
18.08.2021 02:03:38.394,300.323,300.021,1,1.25
18.08.2021 02:03:40.963,300.323,300.02500000000003,1.5,1
18.08.2021 02:03:43.155,300.323,300.014,1.5,1.25
18.08.2021 02:03:49.758,300.329,300.01099999999997,1.5,1.25
18.08.2021 02:03:49.959,300.329,300.009,1.5,1
18.08.2021 02:04:00.385,300.311,300.004,1.5,1.25
18.08.2021 02:04:00.661,300.311,300.01,1,1.25
18.08.2021 02:04:02.300,300.311,300.012,1,1.25
18.08.2021 02:04:16.578,300.302,300.02,1,1
18.08.2021 02:04:16.959,300.302,300.017,1,1
18.08.2021 02:04:17.164,300.302,300.019,1,1
18.08.2021 02:04:19.553,300.302,300.018,1,1
18.08.2021 02:04:21.031,300.302,300.017,1,1
18.08.2021 02:04:22.933,300.302,300.018,1,1
18.08.2021 02:04:32.305,300.302,300.01099999999997,1,1
18.08.2021 02:04:37.500,300.302,300.004,1,1.25
18.08.2021 02:04:38.167,300.302,300.005,1,1.25
18.08.2021 02:04:39.948,300.302,300,1.5,1.25
18.08.2021 02:04:41.672,300.302,299.995,1.5,1.25
18.08.2021 02:04:42.284,300.302,299.99,1,1.25
18.08.2021 02:04:48.175,300.302,299.998,1.5,1.25
18.08.2021 02:04:51.202,300.302,299.998,1.5,1.25
18.08.2021 02:04:51.403,300.302,299.993,1.5,1
18.08.2021 02:04:51.562,300.28200000000004,299.992,1,1.25
18.08.2021 02:04:51.663,300.28200000000004,299.98900000000003,1,1
18.08.2021 02:04:51.864,300.28200000000004,299.983,1.5,1
18.08.2021 02:04:54.484,300.28200000000004,299.975,1.5,1.25
18.08.2021 02:04:55.690,300.28200000000004,299.97400000000005,1,1.25
18.08.2021 02:04:55.919,300.28200000000004,299.985,1,1.25
18.08.2021 02:04:56.330,300.28200000000004,299.98400000000004,1,1.25
18.08.2021 02:04:57.239,300.28200000000004,299.986,1,1.25
18.08.2021 02:04:57.648,300.28200000000004,299.999,1,1.25
18.08.2021 02:04:57.871,300.28200000000004,300.004,1,1.25
18.08.2021 02:05:01.013,300.28200000000004,300.001,1,1.25
18.08.2021 02:05:01.220,300.28200000000004,300.004,1,1.25
18.08.2021 02:05:09.433,300.28200000000004,299.996,1,1
18.08.2021 02:05:10.862,300.28200000000004,299.988,1,1
18.08.2021 02:05:11.067,300.28200000000004,299.982,1.5,1
18.08.2021 02:05:12.466,300.28200000000004,299.978,1,1.25
18.08.2021 02:05:12.960,300.28200000000004,299.98,1.5,1.25
18.08.2021 02:05:16.291,300.28200000000004,299.976,1.5,1.25
18.08.2021 02:05:16.691,300.28200000000004,299.975,1.5,1
18.08.2021 02:05:25.593,300.28200000000004,299.97400000000005,1.5,1.25
18.08.2021 02:05:26.497,300.28200000000004,299.97700000000003,1.5,1.25
18.08.2021 02:05:35.820,300.28200000000004,299.97200000000004,1.5,1.25
18.08.2021 02:05:36.072,300.28200000000004,299.968,1.5,1
18.08.2021 02:05:55.434,300.251,299.961,1,1.25
18.08.2021 02:05:55.535,300.251,299.961,1.5,1
18.08.2021 02:05:56.357,300.251,299.948,1.5,1
18.08.2021 02:05:56.557,300.251,299.943,1.5,1.25
18.08.2021 02:05:58.226,300.251,299.95,1,1.25
18.08.2021 02:05:59.522,300.251,299.952,1,1.25
18.08.2021 02:06:00.124,300.251,299.958,1,1.25
18.08.2021 02:06:01.920,300.251,299.957,1,1.25
18.08.2021 02:06:07.868,300.251,299.966,1,1.5
18.08.2021 02:06:09.001,300.251,299.96500000000003,1,1.5
18.08.2021 02:06:13.992,300.251,299.97200000000004,1,1
18.08.2021 02:06:20.190,300.251,299.96500000000003,1,1.25
18.08.2021 02:06:20.793,300.251,299.958,1,1.25
18.08.2021 02:06:21.301,300.251,299.954,1.5,1
18.08.2021 02:06:23.207,300.251,299.947,1.5,1
18.08.2021 02:06:26.232,300.251,299.944,1.5,1.25
18.08.2021 02:06:31.576,300.251,299.945,1.5,1.25
18.08.2021 02:06:32.053,300.251,299.94599999999997,1.5,1.25
18.08.2021 02:06:42.034,300.251,299.94599999999997,1.5,1.25
18.08.2021 02:06:42.566,300.251,299.94599999999997,1.5,1.25
18.08.2021 02:06:52.320,300.251,299.954,1,1
18.08.2021 02:06:56.549,300.251,299.95,1.5,1.25
18.08.2021 02:07:00.172,300.251,299.952,1,1.25
18.08.2021 02:07:00.373,300.251,299.952,1.5,1.25
18.08.2021 02:07:30.259,300.267,299.94599999999997,1.5,1.25
18.08.2021 02:07:38.613,300.267,299.94599999999997,1.5,1.25
18.08.2021 02:07:38.852,300.267,299.942,1.75,1
18.08.2021 02:07:49.040,300.242,299.935,1.5,1
18.08.2021 02:08:00.257,300.242,299.91900000000004,1.5,1
18.08.2021 02:08:00.455,300.24,299.91400000000004,1,1.25
18.08.2021 02:08:00.726,300.24,299.91400000000004,1,1.25
18.08.2021 02:08:01.912,300.242,299.92,1.5,1.25
18.08.2021 02:08:07.293,300.242,299.921,1.5,1.25
18.08.2021 02:08:09.084,300.238,299.918,1,1.25
18.08.2021 02:08:10.222,300.242,299.926,1.5,1.25
18.08.2021 02:08:17.206,300.242,299.93,1.5,1
18.08.2021 02:08:21.053,300.242,299.926,1.5,1.25
18.08.2021 02:08:26.150,300.242,299.926,1.5,1.25
18.08.2021 02:08:29.514,300.242,299.934,1.5,1
18.08.2021 02:08:32.146,300.238,299.926,1.5,1.25
18.08.2021 02:08:37.053,300.249,299.923,1,1.25
18.08.2021 02:08:37.707,300.249,299.928,1,1.25
18.08.2021 02:08:44.581,300.251,299.928,1.5,1.25
18.08.2021 02:08:45.395,300.251,299.925,1.5,1.25
18.08.2021 02:08:48.892,300.246,299.921,1,1.25
18.08.2021 02:08:49.835,300.246,299.91700000000003,1.25,1
18.08.2021 02:08:52.783,300.236,299.90900000000005,1,1.25
18.08.2021 02:08:57.575,300.226,299.90500000000003,1,1
18.08.2021 02:09:01.531,300.22,299.897,1,1.25
18.08.2021 02:09:04.679,300.22200000000004,299.90000000000003,1.5,1.25
18.08.2021 02:09:12.006,300.22200000000004,299.899,1.5,1
18.08.2021 02:09:15.244,300.22,299.897,1,1
18.08.2021 02:09:26.249,300.22200000000004,299.90000000000003,1.5,1
18.08.2021 02:09:26.691,300.22200000000004,299.903,1.5,1
18.08.2021 02:09:37.965,300.22200000000004,299.904,1.5,1
18.08.2021 02:09:38.117,300.22200000000004,299.904,1.5,1
18.08.2021 02:09:40.192,300.22200000000004,299.896,1.5,1.25
18.08.2021 02:09:45.843,300.22200000000004,299.896,1.5,1.25
18.08.2021 02:09:46.846,300.22200000000004,299.896,1.5,1.25
18.08.2021 02:09:48.040,300.22200000000004,299.896,1.5,1.25
18.08.2021 02:09:48.141,300.22200000000004,299.90000000000003,1.5,1.25
18.08.2021 02:09:51.596,300.22200000000004,299.904,1.5,1.25
18.08.2021 02:09:51.800,300.22200000000004,299.899,1.5,1.25
18.08.2021 02:09:59.915,300.218,299.894,1,1
18.08.2021 02:10:00.066,300.22200000000004,299.85200000000003,1.75,1.5
18.08.2021 02:10:00.374,300.22200000000004,299.888,1.5,1.25
18.08.2021 02:10:00.557,300.22200000000004,299.892,1.75,1
18.08.2021 02:10:01.303,300.22200000000004,299.885,1.75,1.25
18.08.2021 02:10:06.530,300.22200000000004,299.893,1.5,1
18.08.2021 02:10:08.059,300.22200000000004,299.893,1.5,1
18.08.2021 02:10:08.360,300.22200000000004,299.889,1.5,1
18.08.2021 02:10:08.826,300.22200000000004,299.853,1.5,1.5
18.08.2021 02:10:09.031,300.22200000000004,299.889,1.5,1
18.08.2021 02:10:10.721,300.22,299.877,1,1.25
18.08.2021 02:10:12.376,300.22,299.878,1,1.25
18.08.2021 02:10:12.577,300.219,299.876,1,1.25
18.08.2021 02:10:15.062,300.22,299.878,1,1.25
18.08.2021 02:10:42.002,300.21700000000004,299.879,1,1.25
18.08.2021 02:10:42.442,300.21700000000004,299.879,1,1.25
18.08.2021 02:10:48.602,300.22200000000004,299.88599999999997,1.5,1.25
18.08.2021 02:11:00.672,300.22200000000004,299.889,1.5,1.25
18.08.2021 02:11:08.752,300.212,299.878,1,1.25
18.08.2021 02:11:18.645,300.212,299.88,1,1.25
18.08.2021 02:11:19.244,300.216,299.883,1.25,1.25
18.08.2021 02:11:23.873,300.21,299.88,1,1
18.08.2021 02:11:24.074,300.199,299.875,1,1
18.08.2021 02:11:33.150,300.199,299.866,1.25,1.25
18.08.2021 02:11:37.043,300.199,299.865,1,1.25
18.08.2021 02:11:38.019,300.202,299.867,1.25,1
18.08.2021 02:11:38.193,300.194,299.862,1.25,1
18.08.2021 02:11:38.723,300.194,299.855,1.25,1.25
18.08.2021 02:11:41.826,300.193,299.85900000000004,1.25,1.25
18.08.2021 02:11:42.054,300.197,299.866,1,1.25
18.08.2021 02:11:44.644,300.2,299.867,1.25,1.25
18.08.2021 02:11:45.187,300.195,299.861,1.25,1.25
18.08.2021 02:11:45.790,300.195,299.85900000000004,1.25,1.25
18.08.2021 02:11:46.772,300.19,299.85400000000004,1.25,1.25
18.08.2021 02:11:46.973,300.19,299.858,1.25,1.25
18.08.2021 02:11:48.442,300.19599999999997,299.865,1,1.25
18.08.2021 02:11:50.654,300.199,299.867,1.25,1
18.08.2021 02:11:51.272,300.199,299.86400000000003,1.25,1
18.08.2021 02:11:51.329,300.199,299.86400000000003,1.25,1
18.08.2021 02:11:52.973,300.19,299.857,1.25,1.25
18.08.2021 02:11:55.709,300.17900000000003,299.857,1.5,1
18.08.2021 02:12:00.261,300.17900000000003,299.855,1.5,1.25
18.08.2021 02:12:00.643,300.17900000000003,299.862,1.5,1.25
18.08.2021 02:12:01.984,300.17900000000003,299.867,1.5,1.25
18.08.2021 02:12:07.932,300.17900000000003,299.867,1.5,1.25
18.08.2021 02:12:15.054,300.17900000000003,299.866,1.5,1.25
18.08.2021 02:12:17.266,300.202,299.867,1.5,1.25
18.08.2021 02:12:17.494,300.202,299.875,1.5,1.25
18.08.2021 02:12:31.645,300.202,299.88,1.5,1.25
18.08.2021 02:12:31.846,300.202,299.876,1.5,1
18.08.2021 02:12:32.167,300.19599999999997,299.867,1,1.5
18.08.2021 02:12:38.629,300.199,299.867,1.25,1.25
18.08.2021 02:12:39.374,300.202,299.867,1.62,1.25
18.08.2021 02:12:40.960,300.202,299.871,1.5,1.25
18.08.2021 02:12:45.327,300.202,299.876,1.5,1.25
18.08.2021 02:12:50.582,300.202,299.871,1.5,1.25
18.08.2021 02:12:58.409,300.202,299.873,1.5,1.25
18.08.2021 02:12:58.610,300.202,299.876,1.5,1
18.08.2021 02:12:59.709,300.202,299.872,1.5,1.25
18.08.2021 02:13:02.629,300.19599999999997,299.867,1,1
18.08.2021 02:13:09.550,300.19599999999997,299.867,1,1
18.08.2021 02:13:12.952,300.198,299.865,1.25,1.25
18.08.2021 02:13:22.377,300.194,299.865,1,1.25
18.08.2021 02:13:24.683,300.202,299.878,1.62,1.25
18.08.2021 02:13:29.244,300.202,299.879,1.5,1.25
18.08.2021 02:13:33.053,300.202,299.883,1.5,1
18.08.2021 02:13:54.298,300.202,299.881,1,1.25
18.08.2021 02:14:12.263,300.202,299.879,1.5,1
18.08.2021 02:14:13.749,300.202,299.876,1.5,1
18.08.2021 02:14:14.293,300.202,299.876,1.5,1
18.08.2021 02:14:14.493,300.202,299.872,1.75,1.25
18.08.2021 02:14:15.158,300.202,299.871,1.75,1.25
18.08.2021 02:14:15.509,300.202,299.875,1.5,1.25
18.08.2021 02:14:34.083,300.202,299.878,1.62,1.25
18.08.2021 02:14:34.334,300.2,299.876,1,1.25
18.08.2021 02:14:34.716,300.198,299.876,1,1.25
18.08.2021 02:14:34.913,300.198,299.876,1,1.25
18.08.2021 02:14:35.117,300.198,299.876,1,1.25
18.08.2021 02:14:35.394,300.197,299.876,1,1.25
18.08.2021 02:14:42.242,300.202,299.876,1.5,1.25
18.08.2021 02:14:42.443,300.202,299.871,1.5,1.25
18.08.2021 02:14:44.814,300.195,299.865,1,1.25
18.08.2021 02:14:51.054,300.194,299.867,1,1.25
18.08.2021 02:15:04.650,300.198,299.866,1.25,1.25
18.08.2021 02:15:06.518,300.198,299.866,1.25,1.25
18.08.2021 02:15:11.349,300.199,299.871,1,1.25
18.08.2021 02:15:17.860,300.202,299.871,1.75,1.25
18.08.2021 02:15:19.048,300.202,299.871,1.75,1.25
18.08.2021 02:15:19.553,300.202,299.871,1.5,1.25
18.08.2021 02:15:44.312,300.202,299.866,1.87,1.25
18.08.2021 02:15:44.562,300.202,299.876,1.5,1.25
18.08.2021 02:15:56.708,300.202,299.879,1.5,1.25
18.08.2021 02:15:56.960,300.199,299.878,1.25,1
18.08.2021 02:16:02.546,300.199,299.866,1.25,1.25
18.08.2021 02:16:02.747,300.199,299.863,1.25,1.25
18.08.2021 02:16:03.044,300.191,299.858,1.25,1.25
18.08.2021 02:16:09.054,300.188,299.85400000000004,1.25,1.25
18.08.2021 02:16:30.663,300.185,299.85400000000004,1.25,1.25
18.08.2021 02:16:55.828,300.177,299.846,1.5,1.25
18.08.2021 02:16:56.194,300.177,299.85,1.5,1.25
18.08.2021 02:17:01.524,300.177,299.85400000000004,1.5,1.25
18.08.2021 02:17:02.878,300.177,299.857,1.5,1.25
18.08.2021 02:17:19.220,300.177,299.85,1.5,1.25
18.08.2021 02:17:21.250,300.177,299.85,1.5,1.25
18.08.2021 02:17:22.319,300.177,299.853,1.5,1.25
18.08.2021 02:17:24.951,300.177,299.858,1.5,1
18.08.2021 02:17:27.502,300.177,299.856,1.5,1.25
18.08.2021 02:17:34.406,300.177,299.85900000000004,1.5,1
18.08.2021 02:17:37.281,300.177,299.857,1.5,1.25
18.08.2021 02:17:38.638,300.177,299.865,1.5,1
18.08.2021 02:18:00.756,300.20099999999996,299.87,1.25,1.25
18.08.2021 02:18:01.255,300.205,299.88,1.62,1.25
18.08.2021 02:18:01.680,300.205,299.88,1.5,1.25
18.08.2021 02:18:05.355,300.205,299.88,1.5,1.25
18.08.2021 02:18:05.806,300.205,299.88,1.5,1.25
18.08.2021 02:18:06.615,300.205,299.88,1.5,1.25
18.08.2021 02:18:27.601,300.205,299.889,1.5,1.25
18.08.2021 02:18:31.570,300.205,299.889,1.5,1.25
18.08.2021 02:18:33.771,300.205,299.889,1.5,1
18.08.2021 02:18:39.805,300.205,299.884,1.5,1.25
18.08.2021 02:18:41.126,300.205,299.881,1.5,1.25
18.08.2021 02:18:42.693,300.205,299.891,1.5,1.25
18.08.2021 02:18:47.670,300.228,299.895,1.5,1.25
18.08.2021 02:18:57.416,300.228,299.898,1.5,1.25
18.08.2021 02:19:00.910,300.225,299.893,1.25,1
18.08.2021 02:19:01.121,300.216,299.888,1.25,1
18.08.2021 02:19:05.814,300.212,299.884,1,1
18.08.2021 02:19:06.063,300.212,299.884,1,1
18.08.2021 02:19:23.259,300.194,299.88,1.5,1
18.08.2021 02:19:23.548,300.194,299.871,1.5,1.25
18.08.2021 02:19:32.806,300.194,299.868,1,1.25
18.08.2021 02:19:39.554,300.194,299.867,1.5,1
18.08.2021 02:19:55.801,300.194,299.867,1,1
18.08.2021 02:20:03.556,300.194,299.868,1.5,1
18.08.2021 02:20:08.770,300.194,299.868,1.5,1
18.08.2021 02:20:26.469,300.191,299.867,1.25,1
18.08.2021 02:20:26.721,300.19,299.867,1.25,1
18.08.2021 02:20:39.064,300.189,299.853,1.25,1.25
18.08.2021 02:20:40.111,300.182,299.846,1.25,1.25
18.08.2021 02:20:40.552,300.181,299.846,1,1.25
18.08.2021 02:20:44.576,300.185,299.84900000000005,1.25,1.25
18.08.2021 02:20:48.586,300.181,299.846,1,1.25
18.08.2021 02:20:51.711,300.182,299.84900000000005,1.25,1.25
18.08.2021 02:20:51.895,300.182,299.84700000000004,1,1.25
18.08.2021 02:20:51.946,300.182,299.84700000000004,1.25,1.25
18.08.2021 02:20:54.594,300.182,299.84700000000004,1.25,1.25
18.08.2021 02:20:57.634,300.185,299.85,1,1.25
18.08.2021 02:21:02.122,300.184,299.85,1,1.25
18.08.2021 02:21:05.062,300.186,299.85,1.25,1.25
18.08.2021 02:21:05.279,300.186,299.851,1.25,1.25
18.08.2021 02:21:05.483,300.185,299.85,1.25,1.25
18.08.2021 02:21:05.681,300.181,299.845,1,1.25
18.08.2021 02:21:17.368,300.184,299.85,1,1.25
18.08.2021 02:21:21.376,300.156,299.853,1,1.25
18.08.2021 02:21:22.090,300.156,299.853,1,1.25
18.08.2021 02:21:23.407,300.156,299.857,1,1.25
18.08.2021 02:21:24.422,300.156,299.857,1,1.25
18.08.2021 02:21:25.855,300.156,299.857,1,1.25
18.08.2021 02:21:26.468,300.156,299.857,1,1.25
18.08.2021 02:21:27.076,300.192,299.857,1.25,1.25
18.08.2021 02:21:35.160,300.193,299.85400000000004,1.25,1.25
18.08.2021 02:21:38.572,300.194,299.861,1.5,1.25
18.08.2021 02:21:38.772,300.194,299.861,1.75,1
18.08.2021 02:21:56.870,300.193,299.855,1.25,1.25
18.08.2021 02:21:56.971,300.194,299.856,1.5,1.25
18.08.2021 02:22:00.636,300.194,299.867,1.5,1.25
18.08.2021 02:22:50.069,300.194,299.867,1.5,1
18.08.2021 02:22:50.270,300.194,299.873,1.5,1
18.08.2021 02:22:50.483,300.186,299.867,1,1
18.08.2021 02:22:50.883,300.182,299.85200000000003,1,1
18.08.2021 02:22:51.703,300.181,299.85200000000003,1,1
18.08.2021 02:23:09.045,300.186,299.85,1.25,1.25
18.08.2021 02:23:15.710,300.178,299.84900000000005,1,1
18.08.2021 02:23:15.878,300.182,299.853,1,1
18.08.2021 02:23:16.226,300.181,299.851,1,1
18.08.2021 02:23:20.666,300.181,299.844,1.25,1.25
18.08.2021 02:23:23.421,300.18,299.841,1.25,1.25
18.08.2021 02:23:24.054,300.18,299.84200000000004,1.25,1.25
18.08.2021 02:23:24.223,300.18,299.841,1.25,1.25
18.08.2021 02:23:26.306,300.18,299.84200000000004,1.25,1.25
18.08.2021 02:23:26.506,300.18,299.84200000000004,1.25,1.25
18.08.2021 02:23:29.296,300.18,299.84200000000004,1.25,1.25
18.08.2021 02:23:54.599,300.177,299.84000000000003,1.25,1.25
18.08.2021 02:23:58.146,300.161,299.833,1.5,1.25
18.08.2021 02:24:35.551,300.161,299.828,1.5,1.25
18.08.2021 02:24:35.752,300.161,299.835,1.5,1.25
18.08.2021 02:25:44.236,300.161,299.839,1.5,1
18.08.2021 02:25:44.486,300.161,299.831,1.5,1.25
18.08.2021 02:25:48.537,300.161,299.833,1.5,1.25
18.08.2021 02:25:57.321,300.161,299.837,1.5,1.25
18.08.2021 02:25:59.431,300.161,299.832,1.5,1.25
18.08.2021 02:26:05.621,300.15900000000005,299.831,1,1
18.08.2021 02:26:05.974,300.153,299.824,1,1
18.08.2021 02:26:06.174,300.15000000000003,299.82,1.5,1
18.08.2021 02:26:17.888,300.146,299.814,1,1.25
18.08.2021 02:26:19.394,300.15000000000003,299.817,1,1.25
18.08.2021 02:26:19.547,300.15000000000003,299.815,1,1.25
18.08.2021 02:26:19.798,300.15000000000003,299.817,1,1.25
18.08.2021 02:26:24.207,300.153,299.815,1.25,1.25
18.08.2021 02:26:24.410,300.153,299.816,1.25,1.25
18.08.2021 02:26:24.615,300.154,299.815,1.25,1.25
18.08.2021 02:26:24.817,300.154,299.817,1.25,1.25
18.08.2021 02:26:39.610,300.149,299.82,1,1
18.08.2021 02:26:39.825,300.154,299.825,1.5,1
18.08.2021 02:26:43.579,300.152,299.83,1,1
18.08.2021 02:26:50.976,300.161,299.82599999999996,1.81,1.25
18.08.2021 02:26:53.216,300.154,299.815,1.25,1.25
18.08.2021 02:27:08.547,300.14,299.812,1.5,1.25
18.08.2021 02:27:22.253,300.14,299.809,1.5,1.25
18.08.2021 02:27:24.549,300.14,299.819,1.5,1
18.08.2021 02:27:26.758,300.14,299.81,1.62,1.5
18.08.2021 02:27:43.194,300.13599999999997,299.802,1.25,1.25
18.08.2021 02:27:48.906,300.129,299.79900000000004,1,1.25
18.08.2021 02:27:54.664,300.115,299.78900000000004,1,1.25
18.08.2021 02:27:58.043,300.12,299.793,1,1.25
18.08.2021 02:28:02.700,300.10900000000004,299.788,1.5,1.25
18.08.2021 02:28:04.595,300.10900000000004,299.785,1.5,1.25
18.08.2021 02:28:05.159,300.10900000000004,299.788,1.5,1.25
18.08.2021 02:28:07.095,300.10900000000004,299.79400000000004,1.5,1.25
18.08.2021 02:28:23.217,300.10900000000004,299.79200000000003,1.5,1.25
18.08.2021 02:28:27.353,300.10900000000004,299.798,1.5,1.25
18.08.2021 02:28:27.520,300.10900000000004,299.793,1.5,1.25
18.08.2021 02:28:32.314,300.096,299.79,1,1.25
18.08.2021 02:28:32.618,300.04400000000004,299.79,0.37,1.25
18.08.2021 02:28:33.635,300.043,299.78900000000004,0.37,1.25
18.08.2021 02:28:34.650,300.04200000000003,299.78900000000004,0.37,1.25
18.08.2021 02:28:34.855,300.09700000000004,299.78900000000004,1,1.25
18.08.2021 02:28:38.866,300.1,299.78700000000003,1,1.25
18.08.2021 02:28:53.555,300.105,299.786,1,1.25
18.08.2021 02:28:56.563,300.105,299.788,1,1.25
18.08.2021 02:29:01.595,300.107,299.786,1,1.25
18.08.2021 02:29:21.675,300.103,299.788,1,1.25
18.08.2021 02:29:40.826,300.1,299.785,1,1.25
18.08.2021 02:30:00.348,300.108,299.79,1,1.25
18.08.2021 02:30:00.680,300.10900000000004,299.797,1.5,1.25
18.08.2021 02:30:00.843,300.10900000000004,299.79400000000004,1.5,1.25
18.08.2021 02:30:07.121,300.10900000000004,299.798,1.5,1.25
18.08.2021 02:30:07.372,300.10900000000004,299.79400000000004,1.5,1.25
18.08.2021 02:30:13.123,300.10200000000003,299.79,1,1.25
18.08.2021 02:30:13.486,300.10200000000003,299.79200000000003,1,1.25
18.08.2021 02:30:17.004,300.083,299.788,1,1.25
18.08.2021 02:30:19.562,300.083,299.78400000000005,1,1.25
18.08.2021 02:30:19.818,300.083,299.78000000000003,1,1.25
18.08.2021 02:30:20.129,300.083,299.78400000000005,1,1.25
18.08.2021 02:30:22.535,300.083,299.78000000000003,1,1.25
18.08.2021 02:30:22.687,300.083,299.78200000000004,1,1.25
18.08.2021 02:30:39.676,300.083,299.777,1,1.25
18.08.2021 02:30:40.257,300.083,299.78400000000005,1,1.25
18.08.2021 02:30:41.605,300.083,299.78000000000003,1,1.25
18.08.2021 02:30:41.843,300.083,299.78400000000005,1,1.25
18.08.2021 02:30:43.692,300.083,299.781,1,1.25
18.08.2021 02:30:50.689,300.083,299.78400000000005,1,1.25
18.08.2021 02:31:12.287,300.083,299.78000000000003,1,1.25
18.08.2021 02:31:15.961,300.083,299.78700000000003,1,1
18.08.2021 02:31:31.939,300.083,299.777,1.5,1.25
18.08.2021 02:31:44.343,300.083,299.776,1,1.25
18.08.2021 02:31:44.574,300.083,299.79,1,1
18.08.2021 02:32:27.233,300.101,299.788,1,1.25
18.08.2021 02:32:34.508,300.096,299.798,1,1
18.08.2021 02:32:53.433,300.103,299.795,1.12,1
18.08.2021 02:33:10.207,300.103,299.807,1,1
18.08.2021 02:33:19.537,300.103,299.802,1,1.25
18.08.2021 02:33:19.688,300.103,299.801,1.5,1.25
18.08.2021 02:33:19.986,300.103,299.796,1.5,1.25
18.08.2021 02:33:47.318,300.09900000000005,299.78900000000004,1,1.25
18.08.2021 02:33:58.332,300.096,299.785,1,1.25
18.08.2021 02:33:58.878,300.09900000000005,299.79,1,1.25
18.08.2021 02:33:59.077,300.096,299.79,1,1.25
18.08.2021 02:33:59.789,300.096,299.79,1,1.25
18.08.2021 02:33:59.892,300.09900000000005,299.79,1,1.25
18.08.2021 02:34:00.699,300.096,299.788,1,1.25
18.08.2021 02:34:01.204,300.096,299.788,1,1.25
18.08.2021 02:34:03.435,300.096,299.788,1,1.25
18.08.2021 02:34:03.846,300.096,299.788,1,1.25
18.08.2021 02:34:04.669,300.096,299.788,1,1.25
18.08.2021 02:34:15.279,300.103,299.788,1.5,1.25
18.08.2021 02:34:19.517,300.1,299.78700000000003,1,1.25
18.08.2021 02:34:49.531,300.103,299.79,1.5,1.25
18.08.2021 02:35:14.158,300.103,299.79400000000004,1.62,1.25
18.08.2021 02:35:20.363,300.1,299.79200000000003,1,1.25
18.08.2021 02:35:20.561,300.103,299.796,1,1.25
18.08.2021 02:35:27.614,300.103,299.798,1.5,1.25
18.08.2021 02:35:27.859,300.103,299.796,1,1.25
18.08.2021 02:35:31.553,300.103,299.801,1,1.25
18.08.2021 02:35:33.547,300.116,299.802,1,1.25
18.08.2021 02:35:33.748,300.116,299.807,1,1.25
18.08.2021 02:35:33.937,300.116,299.809,1,1.25
18.08.2021 02:35:36.946,300.128,299.815,1,1.25
18.08.2021 02:35:37.146,300.128,299.818,1,1.25
18.08.2021 02:35:37.487,300.129,299.816,1,1.25
18.08.2021 02:35:37.688,300.129,299.816,1,1.25
18.08.2021 02:35:47.066,300.126,299.812,1,1.25
18.08.2021 02:35:54.878,300.12,299.811,1,1.25
18.08.2021 02:36:14.631,300.112,299.803,1,1.25
18.08.2021 02:36:18.341,300.108,299.801,1,1.25
18.08.2021 02:36:35.240,300.111,299.802,1,1.25
18.08.2021 02:36:35.907,300.106,299.797,1,1.25
18.08.2021 02:36:36.721,300.107,299.797,1,1.25
18.08.2021 02:36:38.061,300.107,299.797,1,1.25
18.08.2021 02:36:42.198,300.107,299.793,1,1.25
18.08.2021 02:36:47.229,300.1,299.79,1,1.25
18.08.2021 02:37:18.949,300.106,299.79400000000004,1,1.25
18.08.2021 02:37:20.929,300.106,299.79900000000004,1,1.25
18.08.2021 02:37:21.096,300.106,299.79900000000004,1,1.25
18.08.2021 02:37:36.706,300.116,299.803,1,1.25
18.08.2021 02:38:01.592,300.116,299.807,1,1.25
18.08.2021 02:38:17.508,300.116,299.812,1,1
