Gmt time,Ask,Bid,AskVolume,BidVolume
16.08.2021 00:00:00.043,299.183,298.748,1,1
16.08.2021 00:00:02.418,299.202,298.738,1.5,1
16.08.2021 00:00:02.469,299.183,298.738,1,1
16.08.2021 00:00:02.620,299.173,298.72900000000004,1,1
16.08.2021 00:00:02.725,299.163,298.72900000000004,1,1
16.08.2021 00:00:03.254,299.186,298.72900000000004,0.7,1
16.08.2021 00:00:03.355,299.153,298.72900000000004,1,1
16.08.2021 00:00:05.563,299.153,298.72,1,1
16.08.2021 00:00:06.232,299.153,298.718,1,1
16.08.2021 00:00:08.809,299.153,298.718,1.5,1
16.08.2021 00:00:14.114,299.153,298.78400000000005,1.5,0.37
16.08.2021 00:00:15.935,299.153,298.718,1.5,1.5
16.08.2021 00:00:18.286,299.153,298.73400000000004,1.5,1.75
16.08.2021 00:00:18.337,299.153,298.73,1.5,1.5
16.08.2021 00:00:18.718,299.153,298.73,1.5,1.75
16.08.2021 00:00:19.278,299.153,298.718,1.5,1.75
16.08.2021 00:00:19.488,299.153,298.721,1.5,1.75
16.08.2021 00:00:20.196,299.153,298.721,1.44,1.75
16.08.2021 00:00:21.869,299.153,298.718,1.5,1.75
16.08.2021 00:00:23.030,299.153,298.718,1.5,1.75
16.08.2021 00:00:23.181,299.137,298.79400000000004,1.5,0.37
16.08.2021 00:00:23.232,299.137,298.718,1.5,1.5
16.08.2021 00:00:23.433,299.149,298.725,0.85,1.75
16.08.2021 00:00:23.586,299.137,298.718,1.5,1.75
16.08.2021 00:00:23.838,299.153,298.721,1.5,1.75
16.08.2021 00:00:24.111,299.151,298.721,0.85,1.75
16.08.2021 00:00:24.411,299.106,298.756,1,1.35
16.08.2021 00:00:24.589,299.153,298.721,1.5,1.75
16.08.2021 00:00:25.408,299.106,298.756,1,1.35
16.08.2021 00:00:26.429,299.106,298.756,1,1.35
16.08.2021 00:00:30.002,299.094,298.756,1.25,1
16.08.2021 00:00:30.203,299.091,298.752,1.25,1.25
16.08.2021 00:00:30.323,299.088,298.751,1.25,1.25
16.08.2021 00:00:33.341,299.086,298.747,1,1
16.08.2021 00:00:35.184,299.082,298.745,1.25,1
16.08.2021 00:00:47.767,299.078,298.751,1.25,1
16.08.2021 00:00:50.717,299.079,298.751,1.25,1
16.08.2021 00:00:53.947,299.073,298.742,1.25,1
16.08.2021 00:00:56.598,299.072,298.742,1.25,1
16.08.2021 00:00:57.630,299.073,298.742,1.25,1
16.08.2021 00:00:58.032,299.07099999999997,298.742,1.25,1
16.08.2021 00:00:59.330,299.073,298.742,1.25,1
16.08.2021 00:01:00.195,299.072,298.742,1.25,1
16.08.2021 00:01:01.617,299.073,298.741,1.25,1
16.08.2021 00:01:02.657,299.069,298.741,1.25,1
16.08.2021 00:01:03.039,299.068,298.741,1.25,1
16.08.2021 00:01:03.267,299.069,298.741,1.25,1
16.08.2021 00:01:07.597,299.068,298.738,1.25,1
16.08.2021 00:01:08.371,299.069,298.738,1.25,1
16.08.2021 00:01:08.578,299.069,298.741,1.25,1
16.08.2021 00:01:11.641,299.069,298.741,1.25,1
16.08.2021 00:01:13.228,299.068,298.732,1.25,1
16.08.2021 00:01:15.094,299.059,298.728,1.25,1
16.08.2021 00:01:51.087,299.057,298.73,1.25,1
16.08.2021 00:01:51.289,299.057,298.749,1,1.25
16.08.2021 00:01:51.573,299.074,298.742,1.25,1
16.08.2021 00:01:51.763,299.061,298.73900000000003,1.25,1
16.08.2021 00:01:57.689,299.06,298.741,1.25,1
16.08.2021 00:01:59.055,299.064,298.745,1.25,1
16.08.2021 00:01:59.257,299.064,298.753,1,1
16.08.2021 00:02:11.613,299.077,298.759,1.25,1
16.08.2021 00:02:11.824,299.08,298.762,1.25,1
16.08.2021 00:02:15.709,299.081,298.76,1.25,1
16.08.2021 00:02:15.918,299.081,298.758,1.25,1
16.08.2021 00:02:18.575,299.078,298.76099999999997,1.25,1
16.08.2021 00:02:25.291,299.081,298.76099999999997,1.25,1
16.08.2021 00:02:38.444,299.083,298.767,1.25,1
16.08.2021 00:02:42.586,299.09000000000003,298.771,1.25,1
16.08.2021 00:03:13.037,299.096,298.771,1.25,1
16.08.2021 00:03:15.867,299.09000000000003,298.768,1.25,1
16.08.2021 00:03:16.018,299.083,298.757,1.25,1
16.08.2021 00:03:18.141,299.03200000000004,298.72400000000005,0.69,1
16.08.2021 00:03:18.242,299.029,298.752,1.5,0.37
16.08.2021 00:03:18.293,298.996,298.66400000000004,1.75,1
16.08.2021 00:03:18.343,298.97400000000005,298.66400000000004,1.25,1
16.08.2021 00:03:18.394,298.968,298.59900000000005,1.25,1.75
16.08.2021 00:03:18.495,298.97900000000004,298.541,1.5,1
16.08.2021 00:03:18.545,298.959,298.541,1.5,1.5
16.08.2021 00:03:18.797,298.963,298.473,1.5,1.75
16.08.2021 00:03:18.993,298.936,298.47400000000005,0.62,1.75
16.08.2021 00:03:19.043,298.966,298.471,1.5,1.75
16.08.2021 00:03:19.094,298.96700000000004,298.47200000000004,1.5,1.75
16.08.2021 00:03:19.145,298.928,298.47400000000005,0.69,1.75
16.08.2021 00:03:19.287,298.96700000000004,298.471,1.5,1.75
16.08.2021 00:03:19.586,298.959,298.471,1.5,1.75
16.08.2021 00:03:19.687,298.958,298.46500000000003,1.5,1.75
16.08.2021 00:03:20.022,298.955,298.464,1.5,1.75
16.08.2021 00:03:20.505,298.98900000000003,298.466,1.5,1.75
16.08.2021 00:03:20.605,298.958,298.455,1.5,1.75
16.08.2021 00:03:20.722,298.91900000000004,298.455,1.5,1.5
16.08.2021 00:03:21.166,298.933,298.455,1.5,1.5
16.08.2021 00:03:22.719,298.933,298.483,1.5,1
16.08.2021 00:03:22.823,298.933,298.468,1.5,1.5
16.08.2021 00:03:23.683,298.937,298.461,1.5,1.75
16.08.2021 00:03:23.885,298.937,298.461,1.5,1.5
16.08.2021 00:03:23.985,298.934,298.482,1.5,1
16.08.2021 00:03:24.036,298.939,298.456,1.5,1.5
16.08.2021 00:03:24.162,298.939,298.456,1.5,1.5
16.08.2021 00:03:24.213,298.939,298.514,1.5,0.37
16.08.2021 00:03:41.330,298.913,298.457,1.5,1.75
16.08.2021 00:03:42.209,298.906,298.444,1.5,1.75
16.08.2021 00:03:48.388,298.899,298.464,1.5,1
16.08.2021 00:03:48.539,298.88599999999997,298.447,1.5,1.5
16.08.2021 00:03:48.590,298.921,298.463,1.5,1
16.08.2021 00:03:48.648,298.921,298.46,1.5,1
16.08.2021 00:03:48.699,298.921,298.46,1.5,1
16.08.2021 00:03:56.390,298.925,298.476,1.5,1
16.08.2021 00:03:56.491,298.925,298.506,1.5,1
16.08.2021 00:03:56.783,298.889,298.51,1.25,1.5
16.08.2021 00:03:58.473,298.925,298.51,1.5,1
16.08.2021 00:03:58.859,298.91900000000004,298.509,1.5,1
16.08.2021 00:03:58.960,298.915,298.505,1.5,1
16.08.2021 00:03:59.012,298.915,298.505,1.5,1
16.08.2021 00:03:59.212,298.91400000000004,298.498,1.5,1
16.08.2021 00:03:59.263,298.90900000000005,298.498,1.5,1
16.08.2021 00:03:59.446,298.91400000000004,298.498,1.5,1
16.08.2021 00:03:59.647,298.90900000000005,298.498,1.5,1
16.08.2021 00:03:59.751,298.90900000000005,298.496,1.5,1
16.08.2021 00:04:02.933,298.90900000000005,298.49,1.5,1
16.08.2021 00:04:03.034,298.899,298.48400000000004,1.5,1
16.08.2021 00:04:03.600,298.889,298.468,1.5,1
16.08.2021 00:04:03.650,298.889,298.468,1.5,1
16.08.2021 00:04:03.701,298.888,298.466,1.5,1
16.08.2021 00:04:03.890,298.888,298.478,1.5,1
16.08.2021 00:04:05.565,298.897,298.478,1.5,1
16.08.2021 00:04:05.868,298.889,298.478,1.5,1
16.08.2021 00:04:07.877,298.896,298.478,1.5,1
16.08.2021 00:04:07.927,298.896,298.506,1.5,1
16.08.2021 00:04:11.732,298.899,298.49,1.5,1
16.08.2021 00:04:13.235,298.899,298.503,1.5,1
16.08.2021 00:04:13.336,298.899,298.508,1.5,1
16.08.2021 00:04:13.437,298.899,298.497,1.5,1
16.08.2021 00:04:16.051,298.899,298.485,1.5,1
16.08.2021 00:04:16.152,298.899,298.492,1.5,1
16.08.2021 00:04:16.303,298.834,298.48900000000003,1,1.5
16.08.2021 00:04:16.484,298.834,298.48900000000003,1,1.5
16.08.2021 00:04:16.663,298.834,298.48900000000003,1.25,1.5
16.08.2021 00:04:17.506,298.834,298.48900000000003,1.25,1.5
16.08.2021 00:04:25.961,298.833,298.476,1.25,1.5
16.08.2021 00:04:47.131,298.832,298.463,1.25,1.5
16.08.2021 00:04:47.275,298.832,298.463,1.25,1.5
16.08.2021 00:04:47.533,298.832,298.463,1,1.5
16.08.2021 00:04:47.749,298.832,298.463,1.25,1.5
16.08.2021 00:04:50.127,298.831,298.463,1,1.5
16.08.2021 00:04:50.552,298.832,298.463,1,1.5
16.08.2021 00:05:01.297,298.834,298.463,1,1.5
16.08.2021 00:05:01.447,298.834,298.46500000000003,1,1.5
16.08.2021 00:05:01.548,298.834,298.469,1,1.5
16.08.2021 00:05:01.649,298.841,298.469,1,1.5
16.08.2021 00:05:03.378,298.881,298.469,1.5,1
16.08.2021 00:05:08.151,298.853,298.488,1,1
16.08.2021 00:05:08.466,298.899,298.488,1.75,1
16.08.2021 00:05:09.264,298.899,298.488,1.5,1
16.08.2021 00:05:12.789,298.901,298.48900000000003,1.5,1
16.08.2021 00:05:13.001,298.906,298.494,1.5,1
16.08.2021 00:05:17.541,298.908,298.496,1.5,1
16.08.2021 00:05:19.872,298.90700000000004,298.495,1.5,1
16.08.2021 00:05:35.926,298.904,298.492,1.75,1
16.08.2021 00:05:35.977,298.899,298.48900000000003,1.75,1
16.08.2021 00:05:36.338,298.898,298.486,1.75,1
16.08.2021 00:05:41.595,298.90000000000003,298.488,1.5,1
16.08.2021 00:05:43.140,298.869,298.47,1.5,1
16.08.2021 00:05:43.291,298.866,298.457,1.5,1
16.08.2021 00:05:43.442,298.85900000000004,298.44599999999997,1.5,1.5
16.08.2021 00:05:44.887,298.853,298.444,1.5,1.5
16.08.2021 00:05:45.028,298.84900000000005,298.444,1.5,1.5
16.08.2021 00:05:53.338,298.835,298.442,0.85,1.75
16.08.2021 00:05:53.439,298.841,298.42900000000003,1.5,1.75
16.08.2021 00:05:53.590,298.833,298.42900000000003,0.85,1.75
16.08.2021 00:05:59.971,298.839,298.447,0.85,1.75
16.08.2021 00:06:00.022,298.839,298.447,0.85,1.75
16.08.2021 00:06:00.072,298.839,298.447,0.85,1.75
16.08.2021 00:06:00.271,298.839,298.45,0.85,1.75
16.08.2021 00:06:01.571,298.822,298.47400000000005,1.25,1
16.08.2021 00:06:02.584,298.822,298.47400000000005,1.25,1
16.08.2021 00:06:08.251,298.82,298.482,1.25,1.25
16.08.2021 00:06:08.411,298.82,298.488,1.25,1.25
16.08.2021 00:06:12.224,298.82099999999997,298.48400000000004,1,1.35
16.08.2021 00:06:12.425,298.822,298.524,0.37,1
16.08.2021 00:06:12.526,298.853,298.524,0.37,1
16.08.2021 00:06:12.626,298.856,298.524,0.37,1
16.08.2021 00:06:13.512,298.857,298.524,0.37,1
16.08.2021 00:06:15.065,298.857,298.538,0.37,1
16.08.2021 00:06:15.166,298.926,298.617,0.37,1
16.08.2021 00:06:15.285,298.937,298.623,1,1
16.08.2021 00:06:15.418,298.94599999999997,298.638,1,1
16.08.2021 00:06:15.553,298.986,298.638,1.5,1
16.08.2021 00:06:15.974,298.986,298.638,1.5,1
16.08.2021 00:06:16.024,298.986,298.648,1.5,1
16.08.2021 00:06:16.125,299.016,298.648,1.5,1
16.08.2021 00:06:16.587,299.016,298.678,1.5,1
16.08.2021 00:06:16.835,299.007,298.678,0.7,1
16.08.2021 00:06:18.326,299.009,298.678,0.7,1
16.08.2021 00:06:24.193,299.022,298.678,0.7,0.75
16.08.2021 00:06:32.528,299.019,298.678,0.7,1
16.08.2021 00:06:35.084,299.018,298.678,0.7,1
16.08.2021 00:06:35.218,299.02,298.688,0.7,0.75
16.08.2021 00:06:37.345,299.018,298.678,0.7,1
16.08.2021 00:06:37.396,299.01,298.678,0.7,1
16.08.2021 00:06:37.446,299.003,298.658,1.25,1
16.08.2021 00:06:37.547,299.013,298.678,0.6,1
16.08.2021 00:06:39.382,299.023,298.65900000000005,1.35,1
16.08.2021 00:06:39.482,299.023,298.688,1.35,0.75
16.08.2021 00:06:41.839,299.023,298.688,1.6,0.75
16.08.2021 00:06:46.704,299.023,298.661,1.5,1
16.08.2021 00:06:46.758,299.023,298.688,1.5,1
16.08.2021 00:06:46.859,299.023,298.688,1.44,1
16.08.2021 00:06:51.219,299.019,298.688,0.7,1
16.08.2021 00:06:59.338,299.022,298.688,0.85,1.25
16.08.2021 00:06:59.439,299.022,298.688,0.85,1.75
16.08.2021 00:07:00.188,299.023,298.688,1.6,1.5
16.08.2021 00:07:00.289,299.031,298.708,0.85,1
16.08.2021 00:07:00.390,299.043,298.708,1.5,1.5
16.08.2021 00:07:00.936,299.018,298.708,1,1.5
16.08.2021 00:07:07.304,299.026,298.718,1,1.5
16.08.2021 00:07:07.405,299.029,298.728,1,1.5
16.08.2021 00:07:13.973,299.035,298.728,1,1.5
16.08.2021 00:07:14.174,299.029,298.728,1,1.5
16.08.2021 00:07:33.369,299.026,298.728,1,1.5
16.08.2021 00:07:33.771,299.03700000000003,298.728,1,1.5
16.08.2021 00:07:36.163,299.038,298.728,1,1.5
16.08.2021 00:07:52.622,299.026,298.728,1,1.5
16.08.2021 00:08:09.196,299.026,298.728,1,1.5
16.08.2021 00:08:09.297,299.033,298.728,1,1.5
16.08.2021 00:08:20.319,299.038,298.738,1,1.5
16.08.2021 00:08:35.910,299.038,298.738,1,1.5
16.08.2021 00:08:41.145,299.038,298.738,1,1.5
16.08.2021 00:08:48.190,299.04,298.738,1,1.5
16.08.2021 00:08:50.357,299.038,298.738,1,1.5
16.08.2021 00:08:55.925,299.038,298.738,1,1.5
16.08.2021 00:09:05.409,299.038,298.741,1,1.1
16.08.2021 00:09:07.549,299.04400000000004,298.738,1,1.5
16.08.2021 00:09:09.276,299.04200000000003,298.73900000000003,1,1.1
16.08.2021 00:10:08.996,299.047,298.738,1,1.5
16.08.2021 00:10:09.155,299.04400000000004,298.738,1,1.5
16.08.2021 00:10:22.603,299.03700000000003,298.738,1,1.5
16.08.2021 00:10:24.133,299.03400000000005,298.738,1,1.5
16.08.2021 00:10:31.052,299.03000000000003,298.738,1,1.5
16.08.2021 00:10:33.835,299.029,298.718,1,1.85
16.08.2021 00:10:38.337,299.046,298.738,1,1.5
16.08.2021 00:11:00.243,299.046,298.738,1,1.5
16.08.2021 00:11:05.712,299.038,298.728,1,1.5
16.08.2021 00:11:06.532,299.03400000000005,298.718,1,1.5
16.08.2021 00:11:08.407,299.031,298.708,1,1.5
16.08.2021 00:11:08.782,299.031,298.708,1.1,1.5
16.08.2021 00:11:11.323,299.027,298.708,1,1.5
16.08.2021 00:11:11.540,299.028,298.708,1,1.85
16.08.2021 00:11:11.691,299.035,298.708,1,1.85
16.08.2021 00:11:34.059,299.05,298.728,1,1.5
16.08.2021 00:12:02.389,299.059,298.73900000000003,1,1.25
16.08.2021 00:12:03.953,299.063,298.748,1,1.5
16.08.2021 00:12:18.773,299.066,298.758,1,1.5
16.08.2021 00:12:26.536,299.066,298.758,1,1.5
16.08.2021 00:12:45.541,299.068,298.748,1,1.75
16.08.2021 00:12:48.907,299.072,298.748,1,1.75
16.08.2021 00:12:49.159,299.065,298.748,1,1.5
16.08.2021 00:12:49.444,299.065,298.748,1,1.75
16.08.2021 00:12:49.614,299.068,298.748,1,1.5
16.08.2021 00:12:54.523,299.061,298.748,1,1.5
16.08.2021 00:12:54.725,299.057,298.748,1,1.5
16.08.2021 00:12:57.558,299.055,298.748,1,1.5
16.08.2021 00:12:58.809,299.06,298.748,1,1.5
16.08.2021 00:12:59.017,299.057,298.748,1,1.5
16.08.2021 00:13:02.040,299.057,298.748,1,1.5
16.08.2021 00:13:08.162,299.065,298.748,1,1.5
16.08.2021 00:13:13.035,299.068,298.748,1,1.5
16.08.2021 00:13:16.554,299.066,298.748,1,1.5
16.08.2021 00:13:35.190,299.068,298.748,1,1.5
16.08.2021 00:13:48.387,299.07,298.758,1,1.5
16.08.2021 00:13:49.929,299.069,298.758,1,1.5
16.08.2021 00:13:54.475,299.07599999999996,298.758,1,1.5
16.08.2021 00:13:55.768,299.077,298.758,1,1.5
16.08.2021 00:14:02.300,299.068,298.758,1,1.5
16.08.2021 00:14:09.766,299.066,298.758,1,1.5
16.08.2021 00:14:10.000,299.064,298.748,1.5,1.5
16.08.2021 00:14:15.577,299.06,298.73,1,1.25
16.08.2021 00:14:33.499,299.065,298.748,1,1.5
16.08.2021 00:14:33.703,299.075,298.748,1,1.75
16.08.2021 00:14:45.670,299.067,298.748,1,1.5
16.08.2021 00:15:00.268,299.064,298.748,1,1.5
16.08.2021 00:15:00.578,299.06,298.748,1,1.5
16.08.2021 00:15:02.408,299.055,298.738,1.25,1.5
16.08.2021 00:15:03.550,299.047,298.72,1,1.25
16.08.2021 00:15:06.264,299.031,298.718,1,1.5
16.08.2021 00:15:23.987,299.038,298.728,1,1.5
16.08.2021 00:15:26.826,299.059,298.728,1,1.87
16.08.2021 00:15:29.059,299.057,298.73,1,1.25
16.08.2021 00:15:32.044,299.056,298.728,1,1.87
16.08.2021 00:15:32.144,299.059,298.728,1,1.87
16.08.2021 00:15:38.992,299.063,298.738,1,1.75
16.08.2021 00:15:39.718,299.07599999999996,298.758,1,1.5
16.08.2021 00:15:49.034,299.07099999999997,298.758,1,1.5
16.08.2021 00:15:52.768,299.066,298.758,1,1.5
16.08.2021 00:16:01.457,299.065,298.748,1,1.5
16.08.2021 00:16:02.508,299.066,298.748,1,1.5
16.08.2021 00:16:04.723,299.067,298.748,1,1.5
16.08.2021 00:16:13.805,299.068,298.748,1,1.75
16.08.2021 00:16:14.437,299.07099999999997,298.748,1,1.5
16.08.2021 00:16:14.624,299.07099999999997,298.748,1,1.5
16.08.2021 00:16:14.839,299.07099999999997,298.748,1,1.5
16.08.2021 00:16:17.311,299.07099999999997,298.748,1,1.75
16.08.2021 00:16:19.571,299.069,298.748,1,1.75
16.08.2021 00:16:25.199,299.058,298.738,1,1.5
16.08.2021 00:16:28.349,299.051,298.738,1,1.5
16.08.2021 00:16:28.766,299.04400000000004,298.728,1,1.5
16.08.2021 00:16:29.421,299.043,298.728,1,1.5
16.08.2021 00:16:30.546,299.04,298.728,1,1.5
16.08.2021 00:16:31.558,299.04,298.728,1,1.5
16.08.2021 00:16:32.627,299.03900000000004,298.728,1,1.5
16.08.2021 00:16:34.249,299.033,298.718,1,1.5
16.08.2021 00:16:42.268,299.027,298.718,1,1.5
16.08.2021 00:16:42.369,299.02500000000003,298.718,1,1.5
16.08.2021 00:16:44.367,299.02500000000003,298.718,1,1.5
16.08.2021 00:16:51.068,299.02500000000003,298.718,1,1.5
16.08.2021 00:16:51.272,299.035,298.718,1.25,1.5
16.08.2021 00:17:07.683,299.038,298.718,1,1.5
16.08.2021 00:17:07.846,299.03400000000005,298.718,1,1.5
16.08.2021 00:17:14.436,299.026,298.718,1,1.5
16.08.2021 00:17:49.979,299.033,298.718,1,1.5
16.08.2021 00:18:06.496,299.038,298.718,1,1.5
16.08.2021 00:18:06.547,299.038,298.728,1,1.5
16.08.2021 00:18:06.946,299.045,298.728,1,1.5
16.08.2021 00:18:09.536,299.047,298.728,1,1.5
16.08.2021 00:18:13.269,299.048,298.728,1,1.5
16.08.2021 00:18:27.115,299.047,298.728,1,1.5
16.08.2021 00:18:36.344,299.047,298.728,1,1.5
16.08.2021 00:18:41.373,299.045,298.728,1.25,1.5
16.08.2021 00:18:41.531,299.03700000000003,298.718,1,1.5
16.08.2021 00:18:42.407,299.03000000000003,298.718,1,1.5
16.08.2021 00:18:43.158,299.027,298.699,1,1.25
16.08.2021 00:19:06.817,299.023,298.718,1,1.5
16.08.2021 00:19:07.031,299.017,298.698,1,1.5
16.08.2021 00:19:42.478,299.012,298.698,1,1.5
16.08.2021 00:19:43.695,299.01,298.698,1,1.5
16.08.2021 00:19:44.722,299.002,298.688,1,1.5
16.08.2021 00:19:58.952,298.996,298.688,1,1.5
16.08.2021 00:20:06.474,298.997,298.688,1,1.5
16.08.2021 00:20:06.575,298.999,298.688,1,1.5
16.08.2021 00:20:09.876,299.009,298.688,1,1.5
16.08.2021 00:21:40.097,299.02,298.698,1,1.25
16.08.2021 00:21:41.713,299.021,298.708,1,1.5
16.08.2021 00:21:53.102,299.02,298.708,1,1.5
16.08.2021 00:22:07.943,299.015,298.698,1,1.5
16.08.2021 00:22:46.596,299.016,298.698,1,1.75
16.08.2021 00:23:06.995,299.026,298.708,1,1.75
16.08.2021 00:23:09.270,299.029,298.708,1,1.75
16.08.2021 00:23:12.381,299.029,298.708,1,1.75
16.08.2021 00:23:22.501,299.018,298.708,1,1.5
16.08.2021 00:23:31.869,299.02,298.708,1,1.5
16.08.2021 00:23:32.335,299.02,298.708,1,1.5
16.08.2021 00:23:44.658,299.022,298.708,1,1.5
16.08.2021 00:23:55.541,299.02,298.708,1,1.5
16.08.2021 00:24:05.195,299.022,298.708,1,1.5
16.08.2021 00:24:30.010,299.02,298.708,1,1.5
16.08.2021 00:24:31.496,299.02,298.708,1,1.5
16.08.2021 00:24:35.186,299.018,298.708,1,1.5
16.08.2021 00:24:41.423,299.02,298.708,1,1.5
16.08.2021 00:24:41.997,299.02,298.708,1,1.5
16.08.2021 00:25:03.468,299.018,298.69,1,1.25
16.08.2021 00:25:03.824,299.03000000000003,298.718,1,1.5
16.08.2021 00:25:57.958,299.031,298.718,1,1.5
16.08.2021 00:25:58.585,299.029,298.718,1,1.5
16.08.2021 00:26:03.635,299.026,298.708,1,1.51
16.08.2021 00:26:32.269,299.036,298.718,1,1.5
16.08.2021 00:26:47.810,299.036,298.718,1,1.5
16.08.2021 00:26:59.152,299.031,298.718,1,1.5
16.08.2021 00:26:59.664,299.029,298.718,1,1.5
16.08.2021 00:27:27.999,299.028,298.707,1,1.25
16.08.2021 00:27:28.416,299.028,298.704,1,1.25
16.08.2021 00:29:01.093,299.026,298.71,1,1
16.08.2021 00:29:06.058,299.033,298.71,1,1.25
16.08.2021 00:29:06.474,299.045,298.728,1,1.5
16.08.2021 00:29:07.038,299.041,298.728,1,1.5
16.08.2021 00:29:07.486,299.046,298.728,1,1.5
16.08.2021 00:29:20.378,299.047,298.728,1,1.5
16.08.2021 00:29:47.617,299.048,298.728,1,1.5
16.08.2021 00:29:48.219,299.05,298.728,1,1.85
16.08.2021 00:29:48.447,299.047,298.728,1,1.5
16.08.2021 00:29:48.650,299.03900000000004,298.728,1,1.5
16.08.2021 00:29:48.822,299.03400000000005,298.711,1,1.35
16.08.2021 00:29:55.268,299.027,298.708,1,1.5
16.08.2021 00:29:57.424,299.027,298.708,1,1.5
16.08.2021 00:29:57.625,299.033,298.708,1,1.75
16.08.2021 00:30:02.769,299.035,298.728,1,1.5
16.08.2021 00:30:06.872,299.036,298.728,1,1.5
16.08.2021 00:30:24.983,299.036,298.708,1.2,1.97
16.08.2021 00:30:31.992,299.027,298.708,1,1.5
16.08.2021 00:30:34.269,299.028,298.708,1,1.5
16.08.2021 00:30:41.817,299.027,298.708,1,1.5
16.08.2021 00:30:52.963,299.02500000000003,298.708,1,1.5
16.08.2021 00:30:55.365,299.02500000000003,298.708,1,1.85
16.08.2021 00:30:57.396,299.038,298.728,1,1.5
16.08.2021 00:31:01.020,299.038,298.728,1,1.5
16.08.2021 00:31:01.070,299.041,298.728,1,1.5
16.08.2021 00:31:06.041,299.047,298.728,1,1.5
16.08.2021 00:31:45.709,299.051,298.728,1.2,1.5
16.08.2021 00:31:46.529,299.048,298.728,1,1.5
16.08.2021 00:31:55.106,299.048,298.728,1,1.5
16.08.2021 00:31:55.623,299.048,298.728,1,1.5
16.08.2021 00:31:56.279,299.048,298.728,1,1.51
16.08.2021 00:31:59.692,299.048,298.728,1,1.5
16.08.2021 00:31:59.846,299.04400000000004,298.728,1,1.5
16.08.2021 00:32:13.891,299.03900000000004,298.728,1,1.5
16.08.2021 00:32:24.666,299.035,298.728,1,1.5
16.08.2021 00:32:24.871,299.03000000000003,298.718,1,1.5
16.08.2021 00:32:27.582,299.02500000000003,298.718,1,1.5
16.08.2021 00:32:33.163,299.02500000000003,298.718,1,1.5
16.08.2021 00:32:33.484,299.028,298.718,1,1.5
16.08.2021 00:32:41.462,299.03700000000003,298.72,1,1.25
16.08.2021 00:33:07.895,299.04,298.728,1,1.5
16.08.2021 00:33:35.100,299.043,298.728,1,1.5
16.08.2021 00:33:42.209,299.04200000000003,298.728,1,1.5
16.08.2021 00:34:00.988,299.04,298.728,1,1.5
16.08.2021 00:34:17.756,299.046,298.728,1,1.5
16.08.2021 00:34:29.130,299.04900000000004,298.72900000000004,1,1.35
16.08.2021 00:34:35.043,299.05400000000003,298.741,1,1.35
16.08.2021 00:35:22.031,299.064,298.738,1.25,1.5
16.08.2021 00:35:34.086,299.06,298.738,1.25,1.5
16.08.2021 00:35:59.710,299.066,298.748,1,1.5
16.08.2021 00:36:02.969,299.067,298.758,1,1.5
16.08.2021 00:36:34.427,299.072,298.758,1,1.5
16.08.2021 00:36:35.011,299.072,298.758,1,1.5
16.08.2021 00:37:07.091,299.077,298.755,1,1.35
16.08.2021 00:37:09.933,299.077,298.756,1,1.35
16.08.2021 00:37:10.134,299.068,298.749,1,1
16.08.2021 00:38:05.201,299.068,298.758,1,1.5
16.08.2021 00:38:06.269,299.068,298.758,1,1.5
16.08.2021 00:38:16.480,299.069,298.758,1,1.5
16.08.2021 00:38:40.284,299.077,298.758,1,1.5
16.08.2021 00:39:24.186,299.077,298.758,1,1.5
16.08.2021 00:41:17.469,299.07599999999996,298.747,1,1
16.08.2021 00:41:17.721,299.065,298.748,1,1.5
16.08.2021 00:41:58.253,299.064,298.748,1.1,1.5
16.08.2021 00:41:58.504,299.053,298.72900000000004,1.25,1
16.08.2021 00:42:02.465,299.048,298.728,1,1.85
16.08.2021 00:42:27.579,299.051,298.728,1,1.51
16.08.2021 00:42:30.581,299.048,298.728,1,1.51
16.08.2021 00:42:47.453,299.038,298.718,1,1.51
16.08.2021 00:43:03.820,299.038,298.718,1.1,1.5
16.08.2021 00:43:32.407,299.03700000000003,298.718,1,1.5
16.08.2021 00:43:45.532,299.038,298.728,1,1.5
16.08.2021 00:43:46.693,299.038,298.728,1.1,1.5
16.08.2021 00:44:05.169,299.035,298.728,1,1.5
16.08.2021 00:44:05.940,299.03400000000005,298.709,1.55,1.5
16.08.2021 00:44:15.252,299.02500000000003,298.708,1.1,1.5
16.08.2021 00:44:30.593,299.029,298.708,1,1.85
16.08.2021 00:44:50.778,299.029,298.708,1,1.5
16.08.2021 00:44:50.935,299.029,298.708,1.2,1.5
16.08.2021 00:44:51.479,299.029,298.708,1.2,1.5
16.08.2021 00:45:09.742,299.027,298.708,1,1.5
16.08.2021 00:45:49.681,299.018,298.708,1,1.5
16.08.2021 00:45:50.247,299.018,298.708,1,1.5
16.08.2021 00:46:32.779,299.019,298.698,1,1.5
16.08.2021 00:46:58.080,299.02,298.698,1,1.75
16.08.2021 00:48:54.129,299.022,298.708,1,1.5
16.08.2021 00:48:54.331,299.017,298.698,1,1.85
16.08.2021 00:49:39.130,299.005,298.688,1.2,1.5
16.08.2021 00:49:39.582,299,298.688,1,1.5
16.08.2021 00:50:14.709,299.008,298.73400000000004,1.35,0.37
16.08.2021 00:50:15.102,299.023,298.708,1,1.5
16.08.2021 00:50:26.093,299.033,298.708,1.5,1.97
16.08.2021 00:50:35.268,299.033,298.71,1.5,1.35
16.08.2021 00:51:09.691,299.03000000000003,298.708,1,1.75
16.08.2021 00:51:09.792,299.022,298.708,1,1.5
16.08.2021 00:51:09.892,299.021,298.708,1,1.5
16.08.2021 00:51:16.233,299.014,298.698,1,1.5
16.08.2021 00:51:32.267,299.026,298.708,1,1.5
16.08.2021 00:51:32.439,299.026,298.708,1,1.5
16.08.2021 00:51:43.499,299.033,298.708,1.5,1.87
16.08.2021 00:52:01.228,299.033,298.708,1.5,1.87
16.08.2021 00:52:03.713,299.04,298.718,1,1.75
16.08.2021 00:52:03.934,299.046,298.718,1,1.87
16.08.2021 00:52:05.668,299.048,298.72,1,1.25
16.08.2021 00:52:07.132,299.048,298.718,1,1.87
16.08.2021 00:52:24.270,299.051,298.738,1,1.5
16.08.2021 00:52:48.633,299.058,298.738,1,1.75
16.08.2021 00:52:48.905,299.056,298.738,1,1.5
16.08.2021 00:52:49.996,299.058,298.738,1,1.75
16.08.2021 00:52:54.273,299.059,298.738,1,1.75
16.08.2021 00:53:02.943,299.058,298.738,1,1.75
16.08.2021 00:53:07.002,299.053,298.738,1,1.5
16.08.2021 00:53:14.973,299.055,298.738,1,1.5
16.08.2021 00:53:15.942,299.056,298.738,1,1.5
16.08.2021 00:53:20.959,299.052,298.738,1,1.5
16.08.2021 00:53:30.775,299.048,298.728,1,1.5
16.08.2021 00:53:32.880,299.047,298.728,1,1.5
16.08.2021 00:53:33.109,299.048,298.728,1,1.75
16.08.2021 00:53:37.345,299.04900000000004,298.728,1,1.75
16.08.2021 00:53:39.602,299.05,298.728,1,1.75
16.08.2021 00:53:45.216,299.051,298.728,1,1.5
16.08.2021 00:53:50.270,299.051,298.728,1,1.5
16.08.2021 00:54:12.913,299.051,298.748,1,1.5
16.08.2021 00:54:13.242,299.04900000000004,298.748,1,1.5
16.08.2021 00:54:14.186,299.051,298.748,1,1.5
16.08.2021 00:54:16.606,299.051,298.748,1,1.5
16.08.2021 00:54:17.061,299.05,298.728,1,1.5
16.08.2021 00:54:19.226,299.03900000000004,298.728,1,1.5
16.08.2021 00:54:21.126,299.036,298.728,1,1.5
16.08.2021 00:54:32.555,299.035,298.728,1,1.5
16.08.2021 00:54:35.279,299.041,298.728,1,1.5
16.08.2021 00:54:44.819,299.03900000000004,298.728,1,1.5
16.08.2021 00:54:48.630,299.03900000000004,298.728,1,1.5
16.08.2021 00:54:48.792,299.043,298.728,1.62,1.5
16.08.2021 00:54:55.810,299.058,298.748,1,1.5
16.08.2021 00:55:00.031,299.06,298.748,1,1.5
16.08.2021 00:55:00.284,299.048,298.728,1,1.75
16.08.2021 00:55:00.385,299.053,298.74,1.5,1.25
16.08.2021 00:55:01.040,299.063,298.748,1.5,1.75
16.08.2021 00:55:01.785,299.066,298.758,1,1.5
16.08.2021 00:55:10.178,299.063,298.748,1.75,1.5
16.08.2021 00:55:23.710,299.053,298.748,1.25,1
16.08.2021 00:55:51.659,299.04400000000004,298.728,1.25,1.5
16.08.2021 00:55:53.320,299.04200000000003,298.728,1.25,1.5
16.08.2021 00:55:55.005,299.03900000000004,298.728,1.25,1.5
16.08.2021 00:55:55.703,299.03400000000005,298.728,1.25,1
16.08.2021 00:55:57.995,299.03000000000003,298.728,1.25,1
16.08.2021 00:56:08.536,299.026,298.728,1.25,1
16.08.2021 00:56:16.462,299.029,298.728,1.25,1
16.08.2021 00:56:21.236,299.026,298.709,1.25,1.5
16.08.2021 00:56:39.331,299.02500000000003,298.708,1.25,1.5
16.08.2021 00:56:41.258,299.015,298.708,1.25,1.5
16.08.2021 00:56:53.550,299.02,298.708,1.25,1.5
16.08.2021 00:57:22.053,299.026,298.718,1.25,1.5
16.08.2021 00:57:22.354,299.028,298.718,1.25,1.5
16.08.2021 00:57:41.451,299.02500000000003,298.718,1.25,1
16.08.2021 00:57:45.817,299.014,298.718,1.25,1
16.08.2021 00:57:50.138,299.02,298.718,1.25,1
16.08.2021 00:58:13.964,299.014,298.708,1.25,1.5
16.08.2021 00:59:54.429,299.012,298.708,1.25,1
16.08.2021 00:59:54.586,299.012,298.708,1.25,1
16.08.2021 00:59:54.636,299.012,298.688,1.25,1.5
16.08.2021 00:59:55.414,299.01,298.688,1.25,1.5
16.08.2021 01:00:04.019,299.001,298.688,1.25,1.5
16.08.2021 01:00:05.593,299.005,298.688,1.25,1.5
16.08.2021 01:00:05.750,299.005,298.708,1.25,1
16.08.2021 01:00:05.851,299.005,298.708,1,1.5
16.08.2021 01:00:18.148,299.014,298.708,1.25,1
16.08.2021 01:00:20.047,299.008,298.689,1.25,1.5
16.08.2021 01:00:51.428,299.001,298.688,1.25,1.5
16.08.2021 01:00:51.602,299,298.688,1.25,1.5
16.08.2021 01:00:55.980,299.001,298.688,1,1.81
16.08.2021 01:00:59.319,299.009,298.688,1,1.5
16.08.2021 01:01:23.993,299.009,298.698,1,1.5
16.08.2021 01:01:31.264,299.012,298.698,1,1.5
16.08.2021 01:01:32.376,299.012,298.698,1,1.5
16.08.2021 01:01:33.248,299.01,298.698,1,1.5
16.08.2021 01:01:33.406,299.01,298.698,1,1.5
16.08.2021 01:01:35.394,299.012,298.698,1,1.5
16.08.2021 01:01:41.370,299.009,298.698,1,1.5
16.08.2021 01:01:43.934,299.015,298.698,1,1.5
16.08.2021 01:01:44.558,299.019,298.698,1,1.5
16.08.2021 01:01:46.191,299.022,298.698,1,1.75
16.08.2021 01:01:53.768,299.022,298.708,1,1.5
16.08.2021 01:02:00.786,299.03200000000004,298.718,1,1.5
16.08.2021 01:02:01.035,299.029,298.718,1,1.5
16.08.2021 01:02:01.201,299.029,298.718,1,1.5
16.08.2021 01:02:33.974,298.976,298.708,0.37,1.5
16.08.2021 01:03:25.855,299.012,298.698,1.25,1.5
16.08.2021 01:03:27.267,299.01,298.698,1.25,1.5
16.08.2021 01:03:31.640,299.012,298.698,1.25,1.5
16.08.2021 01:03:34.114,299.009,298.698,1.25,1.5
16.08.2021 01:04:53.455,299.004,298.708,1.25,1
16.08.2021 01:04:53.506,299.004,298.708,1,1.5
16.08.2021 01:04:53.711,299.004,298.708,1,1.5
16.08.2021 01:04:53.880,299.022,298.708,1.25,1.5
16.08.2021 01:05:01.271,299.021,298.708,1.25,1.5
16.08.2021 01:05:08.820,299.029,298.708,1.25,1.5
16.08.2021 01:05:10.060,299.029,298.708,1.25,1.5
16.08.2021 01:05:10.462,299.029,298.708,1.25,1.5
16.08.2021 01:05:36.329,299.029,298.718,1,1.5
16.08.2021 01:05:41.189,299.026,298.708,1.25,1.5
16.08.2021 01:05:46.987,299.018,298.708,1.25,1.5
16.08.2021 01:06:01.241,299.017,298.708,1.25,1
16.08.2021 01:06:40.978,299.007,298.698,1.25,1.5
16.08.2021 01:07:17.596,299.004,298.698,1.25,1
16.08.2021 01:07:17.950,299.001,298.678,1.25,1.5
16.08.2021 01:07:55.044,298.992,298.678,1.25,1.5
16.08.2021 01:08:25.362,298.991,298.678,1.25,1.5
16.08.2021 01:08:44.827,298.995,298.678,1.25,1.5
16.08.2021 01:08:44.878,298.995,298.665,1,1.25
16.08.2021 01:08:49.320,299.004,298.688,1,1.75
16.08.2021 01:09:01.503,299.01,298.698,1,1.5
16.08.2021 01:09:10.771,299.01,298.698,1,1.5
16.08.2021 01:09:44.528,299.01,298.698,1,1.5
16.08.2021 01:09:44.728,299.01,298.698,1,1.5
16.08.2021 01:10:05.271,299.01099999999997,298.688,1,1.5
16.08.2021 01:10:08.907,299.012,298.688,1,1.5
16.08.2021 01:10:09.109,299.007,298.688,1,1.5
16.08.2021 01:10:12.564,299.001,298.688,1,1.5
16.08.2021 01:10:18.114,298.997,298.688,1,1.5
16.08.2021 01:10:28.771,298.997,298.688,1,1.5
16.08.2021 01:10:52.503,298.997,298.688,1,1.5
16.08.2021 01:10:59.771,298.999,298.688,1,1.5
16.08.2021 01:11:09.646,298.999,298.678,1,1.5
16.08.2021 01:11:40.481,298.992,298.678,1,1.5
16.08.2021 01:11:58.700,298.986,298.678,1,1.5
16.08.2021 01:11:58.901,298.98,298.658,1.25,1.5
16.08.2021 01:12:05.213,298.971,298.658,1,1.5
16.08.2021 01:12:10.857,298.964,298.648,1,1.5
16.08.2021 01:12:11.060,298.969,298.648,1,1.5
16.08.2021 01:12:11.229,298.969,298.648,1,1.5
16.08.2021 01:13:02.887,298.973,298.658,1,1.5
16.08.2021 01:13:03.043,298.97,298.658,1,1.5
16.08.2021 01:13:07.314,298.966,298.658,1,1.5
16.08.2021 01:13:18.518,298.969,298.648,1,1.5
16.08.2021 01:13:18.978,298.969,298.648,1,1.5
16.08.2021 01:13:20.658,298.971,298.648,1,1.5
16.08.2021 01:14:00.988,298.985,298.668,1.25,1.5
16.08.2021 01:14:03.723,298.987,298.668,1,1.5
16.08.2021 01:14:08.003,298.986,298.668,1,1.5
16.08.2021 01:14:42.557,298.988,298.668,1,1.5
16.08.2021 01:14:50.739,298.99,298.668,1,1.5
16.08.2021 01:14:50.941,298.993,298.668,1.5,1.75
16.08.2021 01:14:52.463,298.993,298.66900000000004,1.5,1.25
16.08.2021 01:15:03.051,298.991,298.678,1,1.5
16.08.2021 01:15:05.517,298.988,298.678,1,1.5
16.08.2021 01:15:16.677,298.987,298.678,1,1.5
16.08.2021 01:15:59.916,298.988,298.678,1,1.5
16.08.2021 01:16:01.866,298.98900000000003,298.668,1,1.25
16.08.2021 01:16:05.155,298.99,298.668,1,1.25
16.08.2021 01:16:07.918,298.987,298.666,1,1.25
16.08.2021 01:16:14.812,298.97700000000003,298.668,1,1.5
16.08.2021 01:16:26.178,298.97700000000003,298.668,1,1.5
16.08.2021 01:16:26.408,298.97900000000004,298.668,1,1.5
16.08.2021 01:16:57.431,298.98,298.668,1,1.5
16.08.2021 01:16:58.817,298.978,298.668,1,1.5
16.08.2021 01:16:58.973,298.978,298.668,1,1.5
16.08.2021 01:17:06.271,298.978,298.668,1,1.5
16.08.2021 01:19:54.838,298.97700000000003,298.658,1,1.5
16.08.2021 01:19:55.040,298.981,298.668,1,1.5
16.08.2021 01:19:55.290,298.981,298.668,1,1.5
16.08.2021 01:20:00.567,298.986,298.668,1.5,1.5
16.08.2021 01:20:17.761,298.983,298.668,1.25,1.5
16.08.2021 01:20:21.299,298.978,298.668,1,1.5
16.08.2021 01:20:31.994,298.978,298.668,1,1.5
16.08.2021 01:20:33.214,298.97900000000004,298.668,1,1.5
16.08.2021 01:20:34.612,298.982,298.668,1,1.5
16.08.2021 01:20:35.242,298.98,298.668,1,1.5
16.08.2021 01:21:22.010,298.96500000000003,298.658,1,1.5
16.08.2021 01:21:47.272,298.969,298.658,1,1.5
16.08.2021 01:21:49.562,298.969,298.658,1,1.5
16.08.2021 01:24:07.608,298.968,298.648,1,1.5
16.08.2021 01:24:15.271,298.969,298.642,1,1.12
16.08.2021 01:25:44.807,298.973,298.658,1,1.5
16.08.2021 01:28:13.797,298.96,298.638,1,1.5
16.08.2021 01:28:31.212,298.95099999999996,298.628,1,1.75
16.08.2021 01:28:31.413,298.95099999999996,298.628,1,1.75
16.08.2021 01:28:53.830,298.952,298.628,1,1.5
16.08.2021 01:28:54.031,298.949,298.628,1,1.5
16.08.2021 01:29:00.372,298.949,298.628,1,1.5
16.08.2021 01:29:36.750,298.959,298.638,1,1.5
16.08.2021 01:29:52.059,298.957,298.638,1,1.5
16.08.2021 01:30:00.812,298.957,298.638,1,1.5
16.08.2021 01:30:01.742,298.96,298.638,1,1.5
16.08.2021 01:30:15.947,298.961,298.648,1,1.5
16.08.2021 01:30:16.200,298.953,298.638,1.5,1.5
16.08.2021 01:30:16.429,298.959,298.648,1,1.5
16.08.2021 01:30:25.125,298.953,298.638,1.5,1.5
16.08.2021 01:31:06.182,298.949,298.638,1,1.5
16.08.2021 01:31:06.385,298.943,298.628,1.62,1.5
16.08.2021 01:31:06.583,298.943,298.628,1.81,1.5
16.08.2021 01:31:08.769,298.938,298.628,1,1.5
16.08.2021 01:31:16.772,298.939,298.628,1,1.5
16.08.2021 01:31:34.299,298.94,298.628,1,1.5
16.08.2021 01:31:37.144,298.94,298.618,1,1
16.08.2021 01:31:43.146,298.939,298.628,1,1.5
16.08.2021 01:31:43.347,298.939,298.628,1,1.5
16.08.2021 01:31:46.614,298.939,298.628,1,1.5
16.08.2021 01:31:49.101,298.939,298.628,1,1.5
16.08.2021 01:32:01.306,298.939,298.628,1,1.5
16.08.2021 01:32:01.509,298.939,298.628,1,1.5
16.08.2021 01:32:02.625,298.94,298.628,1,1.5
16.08.2021 01:32:08.934,298.948,298.638,1,1.5
16.08.2021 01:32:09.136,298.95099999999996,298.638,1,1.5
16.08.2021 01:32:09.540,298.95099999999996,298.638,1,1.5
16.08.2021 01:32:11.471,298.949,298.638,1,1.5
16.08.2021 01:32:12.108,298.949,298.638,1,1.5
16.08.2021 01:32:13.510,298.948,298.638,1,1.5
16.08.2021 01:32:19.270,298.948,298.638,1,1.5
16.08.2021 01:32:42.272,298.95099999999996,298.638,1,1.5
16.08.2021 01:32:42.801,298.955,298.638,1,1.5
16.08.2021 01:32:43.065,298.956,298.638,1,1.81
16.08.2021 01:33:32.398,298.966,298.648,1,1.5
16.08.2021 01:33:34.584,298.96500000000003,298.648,1,1.5
16.08.2021 01:33:36.351,298.96700000000004,298.648,1,1.5
16.08.2021 01:33:38.114,298.96700000000004,298.648,1,1.5
16.08.2021 01:33:59.974,298.96700000000004,298.648,1,1.5
16.08.2021 01:34:00.848,298.968,298.648,1.62,1.5
16.08.2021 01:34:10.701,298.968,298.658,1.5,1.5
16.08.2021 01:34:12.371,298.968,298.658,1.5,1.5
16.08.2021 01:34:16.537,298.968,298.658,1.5,1.5
16.08.2021 01:34:25.207,298.96700000000004,298.658,1,1.5
16.08.2021 01:34:37.244,298.96500000000003,298.635,1,1.25
16.08.2021 01:34:42.221,298.958,298.648,1.25,1.5
16.08.2021 01:34:46.800,298.96,298.648,1.25,1.5
16.08.2021 01:35:01.247,298.953,298.638,1.25,1.5
16.08.2021 01:35:06.910,298.944,298.638,1.25,1
16.08.2021 01:35:09.154,298.94,298.638,1.25,1.5
16.08.2021 01:37:19.372,298.943,298.638,1.25,1
16.08.2021 01:37:32.466,298.938,298.638,1.25,1.5
16.08.2021 01:37:44.143,298.947,298.638,1.25,1.5
16.08.2021 01:37:48.853,298.953,298.638,1.5,1
16.08.2021 01:37:49.925,298.952,298.638,1,1.5
16.08.2021 01:38:02.272,298.952,298.638,1,1.5
16.08.2021 01:38:03.580,298.952,298.638,1,1.5
16.08.2021 01:38:04.564,298.952,298.638,1,1.5
16.08.2021 01:38:11.722,298.952,298.627,1,1.25
16.08.2021 01:38:14.582,298.952,298.628,1,1.25
16.08.2021 01:38:22.236,298.95099999999996,298.627,1,1.25
16.08.2021 01:38:22.840,298.952,298.628,1,1.25
16.08.2021 01:39:04.932,298.95,298.62,1,1.25
16.08.2021 01:39:10.681,298.952,298.629,1,1.25
16.08.2021 01:39:11.438,298.952,298.629,1,1.25
16.08.2021 01:39:14.493,298.952,298.622,1,1.25
16.08.2021 01:39:19.615,298.952,298.621,1,1.12
16.08.2021 01:39:46.334,298.956,298.626,1.25,1
16.08.2021 01:39:47.598,298.956,298.619,1.25,1.5
16.08.2021 01:40:27.930,298.956,298.638,1.25,1.5
16.08.2021 01:40:29.630,298.942,298.638,1.25,1
16.08.2021 01:40:29.832,298.942,298.638,1.25,1
16.08.2021 01:40:42.691,298.938,298.638,1.25,1
16.08.2021 01:40:42.843,298.938,298.638,1.25,1.5
16.08.2021 01:40:45.741,298.943,298.638,1.25,1
16.08.2021 01:40:47.309,298.943,298.638,1.25,1
16.08.2021 01:40:47.359,298.943,298.628,1.87,1.5
16.08.2021 01:40:49.016,298.935,298.628,1.25,1
16.08.2021 01:40:57.437,298.932,298.628,1.25,1.5
16.08.2021 01:41:00.980,298.934,298.596,1.25,1.25
16.08.2021 01:41:01.493,298.932,298.628,1.25,1
16.08.2021 01:41:03.967,298.93,298.628,1.25,1
16.08.2021 01:41:05.487,298.93,298.60400000000004,1.25,1.5
16.08.2021 01:41:09.589,298.93,298.618,1.25,1.5
16.08.2021 01:41:10.623,298.931,298.628,1.25,1
16.08.2021 01:41:14.223,298.931,298.628,1.25,1
16.08.2021 01:41:14.373,298.93,298.60900000000004,1.25,1.5
16.08.2021 01:41:14.730,298.923,298.584,1.25,1
16.08.2021 01:41:21.402,298.91700000000003,298.608,1.25,1
16.08.2021 01:41:23.023,298.91400000000004,298.608,1.25,1.5
16.08.2021 01:41:23.484,298.916,298.608,1.25,1
16.08.2021 01:41:39.965,298.91700000000003,298.608,1.25,1.5
16.08.2021 01:42:00.953,298.915,298.608,1.25,1
16.08.2021 01:42:01.186,298.91200000000003,298.608,1.25,1
16.08.2021 01:42:05.026,298.90500000000003,298.589,1.25,1.5
16.08.2021 01:42:08.751,298.90500000000003,298.588,1.25,1.5
16.08.2021 01:42:11.773,298.904,298.588,1.25,1.5
16.08.2021 01:42:30.075,298.90500000000003,298.588,1,1.5
16.08.2021 01:42:44.649,298.902,298.588,1.25,1.5
16.08.2021 01:42:46.545,298.90700000000004,298.588,1.25,1.5
16.08.2021 01:42:48.804,298.90500000000003,298.588,1.25,1.5
16.08.2021 01:42:49.719,298.91,298.588,1.75,1.5
16.08.2021 01:42:53.655,298.91,298.588,1.75,1.5
16.08.2021 01:42:54.605,298.901,298.588,1.25,1.5
16.08.2021 01:43:14.518,298.90000000000003,298.578,1.25,1.5
16.08.2021 01:43:18.705,298.901,298.598,1.75,1
16.08.2021 01:43:18.856,298.901,298.588,1.75,1.5
16.08.2021 01:43:18.907,298.901,298.588,1.75,1.5
16.08.2021 01:43:25.987,298.895,298.588,1,1.5
16.08.2021 01:44:40.174,298.908,298.598,1.5,1.5
16.08.2021 01:44:40.426,298.908,298.598,1.5,1.5
16.08.2021 01:45:05.650,298.918,298.598,1.25,1.5
16.08.2021 01:45:05.751,298.91700000000003,298.598,1,1.5
16.08.2021 01:45:05.908,298.923,298.598,1.75,1.5
16.08.2021 01:45:10.423,298.923,298.587,1.25,1
16.08.2021 01:45:11.259,298.925,298.608,1.75,1.5
16.08.2021 01:45:14.611,298.923,298.608,1.25,1.5
16.08.2021 01:45:15.220,298.925,298.608,1.87,1.5
16.08.2021 01:45:19.278,298.921,298.608,1.25,1.5
16.08.2021 01:45:29.391,298.918,298.608,1.25,1.5
16.08.2021 01:45:32.947,298.92400000000004,298.608,1.25,1.5
16.08.2021 01:45:35.597,298.92400000000004,298.608,1.25,1.5
16.08.2021 01:45:52.891,298.923,298.608,1.25,1.5
16.08.2021 01:45:53.201,298.923,298.608,1.25,1.5
16.08.2021 01:46:11.250,298.925,298.59200000000004,1.75,1.06
16.08.2021 01:46:16.462,298.925,298.608,1.75,1.5
16.08.2021 01:46:18.396,298.925,298.608,1.75,1.5
16.08.2021 01:46:26.985,298.925,298.608,1.75,1.5
16.08.2021 01:46:37.877,298.925,298.608,1.5,1.5
16.08.2021 01:46:49.921,298.925,298.608,1.5,1.5
16.08.2021 01:47:10.124,298.922,298.608,1.25,1.5
16.08.2021 01:47:59.131,298.91700000000003,298.589,1.5,1.5
16.08.2021 01:48:12.043,298.91700000000003,298.589,1.5,1.5
16.08.2021 01:48:14.800,298.91700000000003,298.589,1.75,1.5
16.08.2021 01:48:28.221,298.91700000000003,298.589,1.75,1.5
16.08.2021 01:48:28.623,298.91,298.588,1.25,1.5
16.08.2021 01:48:34.274,298.90900000000005,298.588,1.25,1.5
16.08.2021 01:49:40.570,298.904,298.57099999999997,1.25,1.25
16.08.2021 01:49:40.772,298.901,298.569,1.25,1.5
16.08.2021 01:49:50.420,298.896,298.569,1.25,1.5
16.08.2021 01:49:50.639,298.897,298.569,1.75,1.75
16.08.2021 01:50:03.136,298.897,298.569,1.75,1.75
16.08.2021 01:50:12.721,298.893,298.578,1.25,1.5
16.08.2021 01:50:21.653,298.881,298.578,1.25,1
16.08.2021 01:50:21.703,298.879,298.568,1.75,1.5
16.08.2021 01:50:22.880,298.879,298.568,1.87,1.5
16.08.2021 01:50:26.789,298.879,298.568,1.75,1.5
16.08.2021 01:50:27.732,298.879,298.568,1.87,1.5
16.08.2021 01:50:50.342,298.879,298.568,1.75,1.5
16.08.2021 01:51:01.571,298.879,298.568,1.5,1.5
16.08.2021 01:53:25.707,298.893,298.578,1,1.5
16.08.2021 01:53:35.034,298.894,298.588,1.5,1.5
16.08.2021 01:53:59.360,298.915,298.608,1.25,1.5
16.08.2021 01:54:02.634,298.91700000000003,298.608,1.75,1.5
16.08.2021 01:54:34.341,298.91700000000003,298.608,1.75,1.5
16.08.2021 01:54:34.558,298.91700000000003,298.608,1.75,1.5
16.08.2021 01:54:46.073,298.911,298.608,1.25,1
16.08.2021 01:54:49.336,298.90900000000005,298.608,1.25,1.5
16.08.2021 01:55:11.488,298.91700000000003,298.598,1.87,1.5
16.08.2021 01:55:11.639,298.913,298.598,1.25,1.5
16.08.2021 01:55:17.559,298.911,298.598,1.25,1.5
16.08.2021 01:55:19.773,298.90900000000005,298.598,1.25,1.5
16.08.2021 01:57:11.345,298.906,298.569,1,1
16.08.2021 01:57:41.241,298.91700000000003,298.583,1.75,1.25
16.08.2021 01:57:41.789,298.91700000000003,298.591,1.5,1.25
16.08.2021 01:57:55.772,298.91700000000003,298.59200000000004,1.5,1.25
16.08.2021 01:58:22.875,298.931,298.593,1.25,1.25
16.08.2021 01:58:23.075,298.92900000000003,298.59200000000004,1.25,1.25
16.08.2021 01:58:23.759,298.93,298.59200000000004,1.25,1.25
16.08.2021 01:58:28.196,298.93,298.593,1.25,1.25
16.08.2021 01:58:34.775,298.932,298.596,1.25,1.25
16.08.2021 01:58:42.393,298.931,298.598,1.25,1.75
16.08.2021 01:58:55.549,298.933,298.60400000000004,1,1.25
16.08.2021 01:59:07.246,298.938,298.60900000000004,1.5,1.25
16.08.2021 01:59:07.422,298.938,298.615,1.5,1.25
16.08.2021 01:59:25.853,298.938,298.615,1.5,1.25
16.08.2021 01:59:26.090,298.938,298.611,1.5,1.25
16.08.2021 02:00:00.071,298.938,298.608,1.5,1.5
16.08.2021 02:00:00.272,298.947,298.618,1.25,1.62
16.08.2021 02:00:26.018,298.957,298.63,1.25,1.25
16.08.2021 02:00:37.722,298.966,298.632,1.25,1.25
16.08.2021 02:00:41.088,298.966,298.64,1,1
16.08.2021 02:00:43.176,298.964,298.638,1,1.5
16.08.2021 02:00:54.915,298.97,298.638,1.25,1.81
16.08.2021 02:00:55.429,298.971,298.644,1.5,1
16.08.2021 02:00:58.266,298.98,298.645,1.25,1.25
16.08.2021 02:01:20.949,298.98,298.658,1.25,1.5
16.08.2021 02:01:21.200,298.975,298.641,1.25,1
16.08.2021 02:01:21.367,298.973,298.638,1.25,1.81
16.08.2021 02:01:31.809,298.969,298.638,1.25,1.5
16.08.2021 02:01:36.514,298.963,298.627,1.25,1
16.08.2021 02:02:43.166,298.958,298.622,1.25,1.25
16.08.2021 02:02:43.404,298.959,298.622,1.25,1.25
16.08.2021 02:03:29.683,298.953,298.618,1.25,1.75
16.08.2021 02:03:29.993,298.953,298.618,1.25,1.75
16.08.2021 02:03:30.365,298.952,298.618,1.25,1.75
16.08.2021 02:03:33.476,298.952,298.618,1.25,1.75
16.08.2021 02:03:37.428,298.952,298.618,1.25,1.5
16.08.2021 02:03:54.999,298.95099999999996,298.618,1.25,1.75
16.08.2021 02:03:55.729,298.936,298.60200000000003,1.25,1.25
16.08.2021 02:03:55.951,298.933,298.598,1.25,1.62
16.08.2021 02:03:58.979,298.93,298.598,1.25,1.75
16.08.2021 02:04:01.314,298.938,298.603,1.25,1.25
16.08.2021 02:04:01.549,298.938,298.608,1.25,1.75
16.08.2021 02:04:10.632,298.943,298.61,1.25,1.25
16.08.2021 02:04:11.435,298.932,298.608,1,1.5
16.08.2021 02:04:39.503,298.932,298.598,1.25,1.75
16.08.2021 02:04:41.274,298.92400000000004,298.598,1,1.5
16.08.2021 02:04:56.775,298.931,298.598,1.25,1.75
16.08.2021 02:04:59.690,298.93,298.593,1.25,1
16.08.2021 02:05:04.572,298.921,298.588,1.25,1.5
16.08.2021 02:05:08.800,298.91700000000003,298.588,1.25,1.5
16.08.2021 02:05:10.728,298.918,298.588,1.25,1.5
16.08.2021 02:05:38.451,298.91900000000004,298.588,1,1.5
16.08.2021 02:05:51.274,298.91700000000003,298.581,1.25,1.25
16.08.2021 02:06:08.527,298.921,298.588,1.25,1.5
16.08.2021 02:06:13.178,298.918,298.588,1.25,1.5
16.08.2021 02:06:14.644,298.921,298.588,1.25,1.5
16.08.2021 02:06:15.678,298.918,298.588,1.25,1.5
16.08.2021 02:06:21.099,298.927,298.591,1.25,1.25
16.08.2021 02:06:21.312,298.925,298.59900000000005,1,1
16.08.2021 02:06:22.704,298.931,298.605,1,1
16.08.2021 02:06:22.948,298.931,298.60400000000004,1.5,1
16.08.2021 02:06:23.135,298.931,298.606,1,1
16.08.2021 02:06:24.252,298.933,298.606,1,1
16.08.2021 02:06:24.951,298.933,298.598,1,1.5
16.08.2021 02:06:41.276,298.93,298.598,1.25,1.5
16.08.2021 02:06:47.762,298.932,298.598,1.25,1.75
16.08.2021 02:06:47.934,298.93,298.598,1.25,1.5
16.08.2021 02:06:49.810,298.921,298.598,1,1.5
16.08.2021 02:06:51.794,298.92400000000004,298.598,1,1.5
16.08.2021 02:06:54.312,298.925,298.59900000000005,1,1
16.08.2021 02:06:55.095,298.92400000000004,298.598,1,1.5
16.08.2021 02:07:01.834,298.931,298.598,1.25,1.5
16.08.2021 02:07:02.033,298.931,298.598,1.25,1.75
16.08.2021 02:07:04.646,298.932,298.598,1.25,1.75
16.08.2021 02:07:05.438,298.93,298.598,1.25,1.5
16.08.2021 02:07:16.019,298.932,298.598,1.25,1.75
16.08.2021 02:07:17.274,298.93,298.598,1.25,1.5
16.08.2021 02:07:32.775,298.931,298.598,1.25,1.75
16.08.2021 02:07:33.762,298.931,298.598,1.25,1.5
16.08.2021 02:07:34.177,298.931,298.598,1.25,1.75
16.08.2021 02:07:34.395,298.923,298.598,1,1.75
16.08.2021 02:07:35.031,298.918,298.593,1,1
16.08.2021 02:07:35.187,298.918,298.593,1,1.25
16.08.2021 02:07:38.345,298.93,298.598,1.25,1.5
16.08.2021 02:08:06.876,298.92400000000004,298.59700000000004,1,1
16.08.2021 02:08:07.768,298.922,298.595,1,1
16.08.2021 02:08:12.703,298.926,298.588,1.25,1.75
16.08.2021 02:08:15.957,298.921,298.588,1.25,1.5
16.08.2021 02:08:42.868,298.918,298.588,1,1.5
16.08.2021 02:08:42.918,298.91400000000004,298.588,1,1.5
16.08.2021 02:08:44.140,298.91400000000004,298.588,1,1.5
16.08.2021 02:08:46.218,298.913,298.588,1,1.5
16.08.2021 02:08:47.712,298.913,298.588,1,1.5
16.08.2021 02:08:49.699,298.911,298.588,1,1.5
16.08.2021 02:08:49.901,298.913,298.586,1,1
16.08.2021 02:08:52.726,298.91700000000003,298.583,1.25,1.25
16.08.2021 02:09:02.883,298.91900000000004,298.585,1.25,1.25
16.08.2021 02:09:02.933,298.91900000000004,298.585,1.25,1.25
16.08.2021 02:09:03.394,298.921,298.583,1.25,1.25
16.08.2021 02:09:04.491,298.918,298.583,1.25,1.25
16.08.2021 02:09:04.693,298.91900000000004,298.583,1.25,1.25
16.08.2021 02:09:06.275,298.918,298.583,1.25,1.25
16.08.2021 02:09:10.756,298.91900000000004,298.583,1.25,1.25
16.08.2021 02:09:22.158,298.901,298.575,1.5,1.25
16.08.2021 02:09:35.709,298.901,298.57099999999997,1.75,1.25
16.08.2021 02:09:35.911,298.899,298.57,1.25,1.25
16.08.2021 02:09:50.387,298.901,298.578,1.5,1.81
16.08.2021 02:09:50.552,298.901,298.578,1.5,2.19
16.08.2021 02:09:54.265,298.901,298.581,1.5,1.25
16.08.2021 02:10:11.522,298.921,298.589,1.25,1.25
16.08.2021 02:10:21.332,298.921,298.588,1.25,1.5
16.08.2021 02:10:48.768,298.918,298.588,1.25,1.5
16.08.2021 02:10:49.020,298.92,298.589,1.25,1.25
16.08.2021 02:10:56.892,298.922,298.585,1.25,1.25
16.08.2021 02:10:57.112,298.921,298.585,1.25,1.25
16.08.2021 02:11:03.275,298.922,298.585,1.25,1.25
16.08.2021 02:11:32.986,298.91900000000004,298.588,1.25,1.5
16.08.2021 02:11:33.188,298.915,298.579,1.25,1.25
16.08.2021 02:11:35.229,298.91,298.578,1.25,1.81
16.08.2021 02:11:35.430,298.91,298.578,1.25,1.5
16.08.2021 02:11:39.854,298.90900000000005,298.578,1.25,1.81
16.08.2021 02:11:44.040,298.911,298.578,1.25,1.75
16.08.2021 02:11:44.252,298.90900000000005,298.578,1.25,1.75
16.08.2021 02:11:56.469,298.898,298.568,1.75,1.5
16.08.2021 02:12:29.160,298.892,298.566,1,1.25
16.08.2021 02:12:30.385,298.899,298.565,1.75,1.25
16.08.2021 02:12:30.553,298.899,298.564,1.75,1.25
16.08.2021 02:13:54.211,298.892,298.558,1.25,1.75
16.08.2021 02:13:54.788,298.898,298.564,1,1
16.08.2021 02:14:01.731,298.90900000000005,298.574,1.25,1.25
16.08.2021 02:14:01.897,298.91,298.574,1.87,1.25
16.08.2021 02:14:03.765,298.90900000000005,298.573,1.25,1.25
16.08.2021 02:14:04.395,298.90900000000005,298.574,1.25,1.25
16.08.2021 02:14:16.467,298.91700000000003,298.586,1.25,1.25
16.08.2021 02:14:16.699,298.91700000000003,298.584,1.25,1.25
16.08.2021 02:14:17.451,298.915,298.588,1,1
16.08.2021 02:14:23.572,298.91900000000004,298.586,1.25,1.25
16.08.2021 02:14:35.285,298.91700000000003,298.581,1.25,1.25
16.08.2021 02:14:40.050,298.921,298.581,1.25,1
16.08.2021 02:14:40.251,298.91400000000004,298.579,1.25,1
16.08.2021 02:14:40.452,298.911,298.574,1.25,1
16.08.2021 02:15:09.899,298.908,298.572,1.25,1.25
16.08.2021 02:15:10.151,298.908,298.579,1,1.25
16.08.2021 02:15:51.376,298.918,298.586,1.25,1.25
16.08.2021 02:16:04.525,298.91900000000004,298.583,1.25,1.25
16.08.2021 02:16:15.104,298.918,298.586,1.25,1.25
16.08.2021 02:16:25.912,298.91900000000004,298.585,1.25,1.25
16.08.2021 02:16:33.721,298.918,298.581,1.25,1.25
16.08.2021 02:16:33.897,298.91900000000004,298.581,1.25,1.25
16.08.2021 02:16:46.343,298.927,298.596,1.25,1.25
16.08.2021 02:17:10.521,298.93,298.596,1.25,1.25
16.08.2021 02:17:26.430,298.932,298.596,1.25,1.25
16.08.2021 02:17:26.613,298.93,298.596,1.25,1
16.08.2021 02:17:26.785,298.93,298.593,1.25,1.25
16.08.2021 02:18:04.775,298.93,298.595,1,1
16.08.2021 02:18:12.276,298.931,298.595,1.25,1.25
16.08.2021 02:18:13.103,298.931,298.595,1.25,1.25
16.08.2021 02:18:55.703,298.931,298.6,1.25,1.25
16.08.2021 02:18:55.905,298.94,298.607,1.25,1.75
16.08.2021 02:19:45.000,298.943,298.607,1.25,1.25
16.08.2021 02:19:45.194,298.941,298.607,1.25,1.25
16.08.2021 02:20:31.946,298.944,298.60900000000004,1.25,1.25
16.08.2021 02:20:32.147,298.944,298.62,1,1.25
16.08.2021 02:20:55.617,298.954,298.617,1.25,1
16.08.2021 02:20:55.768,298.95099999999996,298.612,1.25,1.25
16.08.2021 02:21:16.757,298.941,298.608,1.25,1.75
16.08.2021 02:21:23.853,298.939,298.60400000000004,1.25,1.25
16.08.2021 02:21:59.520,298.943,298.607,1.25,1
16.08.2021 02:22:05.584,298.939,298.603,1.25,1.25
16.08.2021 02:22:17.385,298.932,298.601,1.25,1.25
16.08.2021 02:22:41.878,298.94,298.60400000000004,1.25,1.25
16.08.2021 02:22:49.960,298.948,298.613,1.25,1.25
16.08.2021 02:22:51.589,298.949,298.617,1.25,1.25
16.08.2021 02:23:54.805,298.955,298.621,1.5,1
16.08.2021 02:24:01.371,298.96,298.635,1,1.25
16.08.2021 02:24:03.626,298.968,298.627,1.25,1.25
16.08.2021 02:24:11.997,298.958,298.626,1.25,1
16.08.2021 02:24:44.865,298.96700000000004,298.631,1.25,1.25
16.08.2021 02:24:46.200,298.969,298.634,1.25,1.25
16.08.2021 02:24:48.458,298.96700000000004,298.631,1.25,1.25
16.08.2021 02:24:59.965,298.969,298.632,1.25,1.25
16.08.2021 02:25:21.083,298.963,298.627,1.25,1.25
16.08.2021 02:25:21.407,298.959,298.625,1.25,1.25
16.08.2021 02:25:22.780,298.961,298.626,1.25,1.25
16.08.2021 02:25:37.498,298.966,298.634,1.25,1.25
16.08.2021 02:25:40.111,298.969,298.634,1.25,1.25
16.08.2021 02:25:40.312,298.96700000000004,298.629,1.25,1.25
16.08.2021 02:25:46.427,298.96,298.621,1.25,1.25
16.08.2021 02:27:34.277,298.958,298.622,1.25,1.25
16.08.2021 02:27:38.270,298.96,298.621,1.25,1.25
16.08.2021 02:27:47.069,298.958,298.633,1,1.25
16.08.2021 02:27:51.016,298.96700000000004,298.631,1.25,1.25
16.08.2021 02:27:54.354,298.969,298.633,1.25,1.25
16.08.2021 02:27:57.276,298.971,298.634,1.25,1.25
16.08.2021 02:28:26.941,298.97,298.634,1,1
16.08.2021 02:28:27.143,298.973,298.639,1.25,1.25
16.08.2021 02:28:36.986,298.975,298.643,1.75,1.25
16.08.2021 02:29:07.776,298.975,298.645,1.75,1.25
16.08.2021 02:29:34.247,298.975,298.645,1.5,1
16.08.2021 02:30:17.777,298.975,298.645,1.5,1
16.08.2021 02:30:25.962,298.975,298.646,1.75,1.25
16.08.2021 02:30:30.182,298.975,298.644,1.75,1
16.08.2021 02:30:37.424,298.975,298.646,1.75,1.25
16.08.2021 02:30:41.150,298.975,298.648,1.62,1
16.08.2021 02:31:02.460,298.982,298.653,1,1.25
16.08.2021 02:31:03.943,298.991,298.654,1.25,1.25
16.08.2021 02:31:19.820,298.99,298.652,1.25,1.25
16.08.2021 02:31:38.935,298.982,298.648,1.25,1.5
16.08.2021 02:31:39.549,298.98,298.648,1.25,1.5
16.08.2021 02:31:48.221,298.98,298.648,1.25,1.75
16.08.2021 02:32:00.097,298.982,298.648,1.25,1.5
16.08.2021 02:32:08.050,298.976,298.641,1.25,1
16.08.2021 02:32:17.840,298.978,298.648,1.25,1.25
16.08.2021 02:32:18.014,298.981,298.648,1.25,1.25
16.08.2021 02:32:18.274,298.98,298.647,1.25,1.25
16.08.2021 02:32:18.511,298.981,298.647,1.25,1.25
16.08.2021 02:32:30.479,298.98,298.645,1.25,1.25
16.08.2021 02:32:38.276,298.982,298.645,1.25,1.25
16.08.2021 02:32:54.959,298.98,298.645,1.25,1.25
16.08.2021 02:33:54.493,298.973,298.638,1.25,1.75
16.08.2021 02:33:54.694,298.973,298.638,1.25,1.5
16.08.2021 02:33:55.701,298.96500000000003,298.628,1.25,1.5
16.08.2021 02:34:00.018,298.96,298.628,1.25,1.75
16.08.2021 02:34:00.744,298.963,298.629,1.25,1.25
16.08.2021 02:34:01.302,298.961,298.628,1.25,1.5
16.08.2021 02:34:10.236,298.96500000000003,298.628,1.25,1.75
16.08.2021 02:34:10.437,298.961,298.628,1.25,1.75
16.08.2021 02:36:07.424,298.956,298.621,1.25,1.25
16.08.2021 02:36:07.475,298.956,298.638,1,1.5
16.08.2021 02:36:07.676,298.978,298.648,1.25,1.75
16.08.2021 02:36:08.104,298.982,298.651,1,1.25
16.08.2021 02:36:08.155,298.982,298.651,1.25,1.25
16.08.2021 02:36:08.961,298.98400000000004,298.648,1.25,1.5
16.08.2021 02:36:14.193,298.973,298.648,1.25,1.5
16.08.2021 02:36:14.394,298.973,298.648,1.25,1.5
16.08.2021 02:36:14.985,298.973,298.648,1.25,1.5
16.08.2021 02:36:15.143,298.971,298.648,1.25,1.5
16.08.2021 02:36:16.805,298.97200000000004,298.648,1.25,1.5
16.08.2021 02:36:24.405,298.969,298.648,1.25,1.5
16.08.2021 02:36:24.506,298.969,298.648,1,1.5
16.08.2021 02:36:25.164,298.969,298.65500000000003,1,1.25
16.08.2021 02:36:25.710,298.969,298.658,1,1
16.08.2021 02:36:39.767,298.983,298.649,1.25,1.25
16.08.2021 02:36:50.832,298.982,298.648,1.25,1.81
16.08.2021 02:37:10.286,298.978,298.645,1.25,1.25
16.08.2021 02:37:37.015,298.97900000000004,298.648,1.25,1.5
16.08.2021 02:37:53.044,298.973,298.648,1.25,1.5
16.08.2021 02:38:03.499,298.97,298.648,1.25,1.5
16.08.2021 02:38:10.993,298.973,298.648,1.25,1.5
16.08.2021 02:38:24.724,298.969,298.63599999999997,1.25,1.25
16.08.2021 02:38:51.881,298.96500000000003,298.627,1.25,1
16.08.2021 02:39:10.473,298.958,298.621,1.25,1.25
16.08.2021 02:39:10.753,298.958,298.633,1,1.25
16.08.2021 02:39:11.223,298.958,298.648,1,1.5
16.08.2021 02:39:11.425,298.96700000000004,298.648,1,1.75
16.08.2021 02:39:13.098,298.978,298.648,1.25,1.5
16.08.2021 02:39:14.799,298.978,298.645,1,1
16.08.2021 02:39:30.461,298.982,298.645,1.25,1.25
16.08.2021 02:39:30.562,298.982,298.646,1.25,1.25
16.08.2021 02:39:40.509,298.982,298.646,1.25,1
16.08.2021 02:40:00.485,298.97700000000003,298.647,1.25,1.25
16.08.2021 02:40:18.057,298.98,298.645,1.25,1
16.08.2021 02:41:16.427,298.973,298.639,1.25,1.25
16.08.2021 02:41:27.030,298.98,298.646,1.25,1.25
16.08.2021 02:42:23.276,298.982,298.643,1.25,1.25
16.08.2021 02:42:27.308,298.98,298.643,1.25,1.25
16.08.2021 02:42:29.167,298.978,298.643,1.25,1.25
16.08.2021 02:42:29.404,298.97900000000004,298.648,1.25,1.81
16.08.2021 02:42:40.885,298.98,298.648,1.25,1.5
16.08.2021 02:42:43.241,298.98,298.648,1.25,1.75
16.08.2021 02:42:44.742,298.987,298.658,1.87,1.5
16.08.2021 02:42:45.881,298.987,298.658,1.75,1.5
16.08.2021 02:42:51.748,298.98400000000004,298.648,1.25,1.5
16.08.2021 02:43:02.278,298.98,298.648,1.25,1.75
16.08.2021 02:43:10.277,298.982,298.648,1.25,1.75
16.08.2021 02:43:37.300,298.98,298.65000000000003,1.25,1.25
16.08.2021 02:44:23.715,298.986,298.658,1.25,1.5
16.08.2021 02:45:08.487,298.987,298.65700000000004,1.75,1
16.08.2021 02:45:11.287,298.983,298.658,1.25,1.5
16.08.2021 02:45:32.986,298.987,298.65500000000003,1.75,1
16.08.2021 02:45:54.687,298.983,298.652,1.25,1.25
16.08.2021 02:45:55.039,298.987,298.649,1.75,1.25
16.08.2021 02:46:10.597,298.982,298.648,1.25,1.5
16.08.2021 02:46:17.278,298.98,298.648,1.25,1.5
16.08.2021 02:46:43.267,298.982,298.648,1.25,1.5
16.08.2021 02:46:45.188,298.98,298.648,1.25,1.75
16.08.2021 02:47:53.011,298.976,298.639,1.25,1.25
16.08.2021 02:47:53.212,298.97200000000004,298.638,1.75,1.5
16.08.2021 02:47:53.365,298.968,298.638,1.25,1.5
16.08.2021 02:47:56.193,298.954,298.618,1.25,1.25
16.08.2021 02:47:56.355,298.954,298.618,1.25,1.25
16.08.2021 02:48:27.012,298.958,298.628,1.25,1.5
16.08.2021 02:48:28.258,298.96,298.628,1.25,1.5
16.08.2021 02:48:28.863,298.961,298.628,1.87,1.75
16.08.2021 02:48:36.513,298.958,298.628,1.25,1.5
16.08.2021 02:48:49.959,298.966,298.631,1.25,1.25
16.08.2021 02:48:50.161,298.96500000000003,298.629,1.25,1.25
16.08.2021 02:48:52.784,298.96500000000003,298.628,1.25,1.87
16.08.2021 02:48:52.987,298.963,298.628,1.25,1.5
16.08.2021 02:49:01.278,298.96,298.628,1.25,1.5
16.08.2021 02:49:04.991,298.96,298.628,1.25,1.5
16.08.2021 02:49:17.588,298.96,298.633,1,1
16.08.2021 02:49:17.986,298.954,298.628,1,1.5
16.08.2021 02:49:18.186,298.953,298.628,1,1.5
16.08.2021 02:51:05.781,298.916,298.618,0.37,1.25
16.08.2021 02:51:09.678,298.957,298.63,1,1
16.08.2021 02:51:35.373,298.964,298.628,1.25,1.87
16.08.2021 02:51:38.156,298.96,298.628,1.25,1.5
16.08.2021 02:51:59.609,298.95,298.618,1.25,1.75
16.08.2021 02:52:32.997,298.943,298.605,1.25,1.25
16.08.2021 02:52:36.917,298.937,298.605,1.25,1.25
16.08.2021 02:52:37.425,298.939,298.608,1.25,1.5
16.08.2021 02:52:53.054,298.944,298.608,1.25,1.75
16.08.2021 02:52:55.278,298.938,298.608,1.25,1.5
16.08.2021 02:52:57.346,298.94,298.608,1.25,1.75
16.08.2021 02:56:06.673,298.945,298.60900000000004,1.25,1.25
16.08.2021 02:56:14.820,298.957,298.621,1.25,1.25
16.08.2021 02:56:15.021,298.957,298.63,1,1
16.08.2021 02:56:17.777,298.969,298.631,1.25,1.25
16.08.2021 02:56:37.830,298.971,298.638,1.25,1.75
16.08.2021 02:56:38.232,298.975,298.648,1.25,1.75
16.08.2021 02:56:38.627,298.98,298.648,1.25,1.5
16.08.2021 02:57:05.419,298.973,298.642,1,1.25
16.08.2021 02:57:58.936,298.975,298.648,1,1.62
16.08.2021 02:58:04.720,298.975,298.648,1,1.62
16.08.2021 02:58:22.779,298.982,298.648,1.87,1.5
16.08.2021 02:58:53.985,298.983,298.648,1.25,1.25
16.08.2021 02:58:54.190,298.983,298.658,1.25,1.5
16.08.2021 02:59:27.913,298.991,298.658,1.25,1.5
16.08.2021 02:59:28.106,298.991,298.658,1.25,1.5
16.08.2021 02:59:37.785,298.987,298.658,1.25,1.5
16.08.2021 02:59:37.987,298.99,298.658,1.25,1.5
16.08.2021 03:00:00.215,298.991,298.658,1.25,1
16.08.2021 03:00:02.476,298.99,298.658,1.25,1.75
16.08.2021 03:00:06.263,298.995,298.67,1,1.25
16.08.2021 03:00:24.843,299.004,298.67,1.25,1.25
16.08.2021 03:00:25.095,299.004,298.681,1,1.25
16.08.2021 03:00:25.356,299.016,298.683,1.25,1.25
16.08.2021 03:00:39.493,299.008,298.678,1.25,1.75
16.08.2021 03:00:56.436,299.006,298.678,1,1.5
16.08.2021 03:00:56.642,299.006,298.692,1,1
16.08.2021 03:00:56.894,299.026,298.694,1.25,1.25
16.08.2021 03:00:58.779,299.029,298.69599999999997,1.25,1.25
16.08.2021 03:01:09.161,299.03200000000004,298.703,1,1.25
16.08.2021 03:01:14.278,299.03900000000004,298.708,1.25,1.5
16.08.2021 03:01:15.525,299.04,298.708,1.25,1.75
16.08.2021 03:01:15.746,299.04,298.702,1.25,1
16.08.2021 03:02:10.677,299.033,298.707,1,1.25
16.08.2021 03:02:23.922,299.028,298.702,1,1
16.08.2021 03:05:49.336,299.033,298.707,1.25,1
16.08.2021 03:06:44.822,299.046,298.718,1.25,1.5
16.08.2021 03:06:45.023,299.043,298.72,1,1
16.08.2021 03:06:57.604,299.056,298.725,1.25,1
16.08.2021 03:06:59.517,299.059,298.728,1.25,1.5
16.08.2021 03:07:01.380,299.066,298.735,1.25,1.25
16.08.2021 03:07:04.976,299.069,298.738,1.25,1
16.08.2021 03:07:05.377,299.07099999999997,298.748,1.87,1.5
16.08.2021 03:07:06.399,299.07099999999997,298.748,1.25,1.5
16.08.2021 03:07:08.771,299.07599999999996,298.748,1.25,1.5
16.08.2021 03:07:40.583,299.08,298.744,1.25,1
16.08.2021 03:07:51.718,299.07099999999997,298.738,1.25,1.62
16.08.2021 03:07:52.279,299.065,298.73400000000004,1.25,1.25
16.08.2021 03:07:58.460,299.065,298.73400000000004,1.25,1.25
16.08.2021 03:08:02.151,299.072,298.738,1.25,1.5
16.08.2021 03:08:34.672,299.07099999999997,298.748,1.25,1.5
16.08.2021 03:08:34.773,299.07099999999997,298.748,1.25,1.5
16.08.2021 03:08:34.999,299.075,298.748,1,1.5
16.08.2021 03:08:36.086,299.075,298.748,1.25,1.5
16.08.2021 03:08:53.567,299.06,298.728,1.25,1.75
16.08.2021 03:08:54.391,299.06,298.728,1.25,1.5
16.08.2021 03:09:06.706,299.056,298.728,1.25,1.5
16.08.2021 03:09:14.217,299.058,298.728,1.25,1.5
16.08.2021 03:09:26.098,299.051,298.728,1,1.5
16.08.2021 03:09:34.296,299.055,298.728,1,1.5
16.08.2021 03:09:34.717,299.061,298.738,1,1.5
16.08.2021 03:09:35.777,299.064,298.738,1,1.5
16.08.2021 03:09:52.500,299.072,298.742,1.75,1.25
16.08.2021 03:09:54.585,299.075,298.748,1,1
16.08.2021 03:10:51.426,299.079,298.744,1.75,1.5
16.08.2021 03:10:55.009,299.073,298.746,1,1
16.08.2021 03:11:07.279,299.08,298.748,1.25,1.81
16.08.2021 03:12:21.886,299.085,298.768,1,1.5
16.08.2021 03:12:50.935,299.095,298.778,1,1.5
16.08.2021 03:12:51.556,299.105,298.778,1.25,1.5
16.08.2021 03:12:55.765,299.107,298.778,1.25,1.75
16.08.2021 03:12:56.108,299.107,298.778,1.25,1.75
16.08.2021 03:12:57.352,299.11,298.779,1.25,1
16.08.2021 03:13:00.049,299.112,298.778,1.87,1.5
16.08.2021 03:13:00.206,299.112,298.781,1.87,1
16.08.2021 03:13:01.202,299.112,298.778,1.75,1.5
16.08.2021 03:13:12.556,299.106,298.778,1.25,1.5
16.08.2021 03:13:12.950,299.106,298.778,1.25,1.5
16.08.2021 03:13:16.136,299.108,298.772,1.25,1.25
16.08.2021 03:13:24.863,299.10400000000004,298.769,1,1
16.08.2021 03:13:27.263,299.093,298.768,1,1.5
16.08.2021 03:13:41.645,299.093,298.758,1.25,1.5
16.08.2021 03:14:02.542,299.08,298.758,1.25,1.5
16.08.2021 03:14:12.556,299.08,298.743,1.25,1.25
16.08.2021 03:14:13.126,299.08,298.743,1.25,1.25
16.08.2021 03:14:15.278,299.078,298.746,1.25,1.25
16.08.2021 03:14:26.236,299.075,298.748,1,1
16.08.2021 03:14:37.780,299.075,298.748,1,1
16.08.2021 03:14:40.343,299.075,298.747,1,1.5
16.08.2021 03:14:45.465,299.08,298.758,1.25,1.5
16.08.2021 03:15:34.711,299.081,298.758,1,1.5
16.08.2021 03:15:48.205,299.08,298.748,1.25,1.75
16.08.2021 03:16:18.652,299.082,298.758,1.25,1.5
16.08.2021 03:16:18.871,299.087,298.758,1.25,1.75
16.08.2021 03:16:56.092,299.095,298.763,1.75,1.25
16.08.2021 03:16:56.303,299.09700000000004,298.771,1.25,1
16.08.2021 03:16:58.945,299.10400000000004,298.773,1.25,1.25
16.08.2021 03:17:11.787,299.108,298.774,1.25,1.25
16.08.2021 03:17:19.607,299.106,298.77,1.25,1.25
16.08.2021 03:17:20.771,299.10200000000003,298.768,1.25,1.5
16.08.2021 03:17:31.558,299.101,298.768,1.25,1.75
16.08.2021 03:17:37.352,299.095,298.768,1.25,1.5
16.08.2021 03:17:37.780,299.09700000000004,298.768,1.25,1.75
16.08.2021 03:17:44.780,299.106,298.773,1.25,1.25
16.08.2021 03:17:52.942,299.10900000000004,298.788,1.25,1.5
16.08.2021 03:17:58.010,299.106,298.788,1,1.5
16.08.2021 03:18:00.280,299.103,298.788,1,1.5
16.08.2021 03:18:52.403,299.103,298.77500000000003,1,1
16.08.2021 03:19:02.780,299.103,298.77500000000003,1,1
16.08.2021 03:19:08.140,299.093,298.768,1,1.62
16.08.2021 03:19:08.305,299.09200000000004,298.768,1,1.5
16.08.2021 03:19:23.263,299.093,298.76,1.25,1
16.08.2021 03:19:23.446,299.089,298.758,1.25,1.5
16.08.2021 03:19:25.551,299.089,298.758,1.25,1.75
16.08.2021 03:19:29.158,299.091,298.758,1.25,1.75
16.08.2021 03:19:30.107,299.09000000000003,298.758,1.25,1.81
16.08.2021 03:19:39.812,299.096,298.768,1.75,1.5
16.08.2021 03:19:40.222,299.09700000000004,298.772,1,1
16.08.2021 03:19:55.238,299.096,298.769,1,1
16.08.2021 03:19:56.214,299.09200000000004,298.768,1,1.5
16.08.2021 03:20:00.635,299.09200000000004,298.768,1,1.5
16.08.2021 03:20:02.446,299.101,298.773,1.75,1.25
16.08.2021 03:20:02.739,299.101,298.773,1.5,1.25
16.08.2021 03:20:11.541,299.101,298.773,1.5,1.25
16.08.2021 03:20:20.176,299.101,298.774,1.5,1.25
16.08.2021 03:20:29.003,299.094,298.77,1,1
16.08.2021 03:20:29.205,299.09000000000003,298.768,1,1.5
16.08.2021 03:20:35.990,299.093,298.768,1.25,1.5
16.08.2021 03:20:57.787,299.09900000000005,298.768,1.25,1.75
16.08.2021 03:20:57.950,299.101,298.768,1.75,1.62
16.08.2021 03:20:59.650,299.09900000000005,298.769,1.25,1.25
16.08.2021 03:21:04.521,299.101,298.768,1.75,1.87
16.08.2021 03:21:09.312,299.09900000000005,298.768,1.25,1.5
16.08.2021 03:21:51.904,299.095,298.768,1.25,1.5
16.08.2021 03:21:52.357,299.085,298.752,1.75,1
16.08.2021 03:21:56.384,299.081,298.75,1.25,1
16.08.2021 03:21:57.233,299.08,298.75,1.25,1
16.08.2021 03:22:20.513,299.08,298.748,1.25,1.75
16.08.2021 03:22:31.558,299.08,298.748,1,1.5
16.08.2021 03:22:41.723,299.081,298.748,1.25,1.75
16.08.2021 03:22:41.929,299.081,298.756,1.5,1
16.08.2021 03:22:49.191,299.081,298.754,1,1.5
16.08.2021 03:22:54.962,299.085,298.76099999999997,1.5,1.25
16.08.2021 03:23:07.010,299.098,298.768,1.75,1.62
16.08.2021 03:23:07.646,299.09000000000003,298.768,1,1.5
16.08.2021 03:23:10.765,299.098,298.768,1.75,1.5
16.08.2021 03:23:11.318,299.098,298.769,1.75,1.25
16.08.2021 03:23:13.864,299.098,298.768,1.75,1.62
16.08.2021 03:23:14.022,299.098,298.768,1.75,1.5
16.08.2021 03:23:32.345,299.095,298.778,1,1.5
16.08.2021 03:25:32.777,299.098,298.778,1.5,1.5
16.08.2021 03:25:33.320,299.098,298.778,1.5,1.5
16.08.2021 03:26:33.322,299.098,298.774,1.5,1
16.08.2021 03:26:42.938,299.098,298.778,1.5,1.5
16.08.2021 03:26:44.281,299.098,298.774,1.5,1
16.08.2021 03:26:44.452,299.098,298.774,1.5,1
16.08.2021 03:27:00.463,299.094,298.76099999999997,1.25,1.25
16.08.2021 03:27:03.012,299.08,298.748,1.25,1.5
16.08.2021 03:27:06.379,299.08,298.748,1.25,1.5
16.08.2021 03:27:11.871,299.075,298.748,1.75,1.75
16.08.2021 03:27:12.039,299.074,298.748,1,1.5
16.08.2021 03:27:12.442,299.075,298.758,1.5,1
16.08.2021 03:27:45.108,299.096,298.765,1.25,1.25
16.08.2021 03:27:53.281,299.098,298.765,1.25,1.25
16.08.2021 03:27:54.679,299.09700000000004,298.765,1.25,1.25
16.08.2021 03:28:05.974,299.098,298.765,1.25,1
16.08.2021 03:28:48.348,299.093,298.76099999999997,1.25,1.25
16.08.2021 03:28:48.399,299.093,298.76,1.25,1.25
16.08.2021 03:28:48.640,299.09000000000003,298.757,1.25,1
16.08.2021 03:29:13.853,299.088,298.753,1.25,1.25
16.08.2021 03:29:16.200,299.086,298.754,1.25,1.25
16.08.2021 03:29:30.276,299.085,298.758,1,1
16.08.2021 03:29:40.531,299.093,298.758,1.25,1.5
16.08.2021 03:29:53.623,299.081,298.755,1,1
16.08.2021 03:29:53.824,299.088,298.755,1.25,1.25
16.08.2021 03:29:54.880,299.086,298.757,1,1
16.08.2021 03:30:00.737,299.093,298.759,1.25,1.25
16.08.2021 03:30:01.039,299.093,298.755,1.25,1.25
16.08.2021 03:30:13.781,299.088,298.755,1.25,1.25
16.08.2021 03:30:14.681,299.089,298.755,1,1
16.08.2021 03:30:28.136,299.094,298.763,1.25,1.25
16.08.2021 03:30:28.338,299.094,298.771,1.25,1
16.08.2021 03:30:31.742,299.106,298.773,1.25,1
16.08.2021 03:30:31.965,299.10200000000003,298.76099999999997,1.25,1
16.08.2021 03:30:32.116,299.091,298.753,1.25,1.25
16.08.2021 03:30:37.317,299.086,298.756,1.25,1
16.08.2021 03:30:37.627,299.086,298.756,1,1.25
16.08.2021 03:30:42.508,299.089,298.762,1,1
16.08.2021 03:30:47.595,299.096,298.769,1,1
16.08.2021 03:30:47.796,299.096,298.768,1.25,1.5
16.08.2021 03:31:16.438,299.095,298.768,1.25,1.5
16.08.2021 03:31:19.809,299.098,298.768,1.25,1.5
16.08.2021 03:31:38.697,299.095,298.768,1.25,1.5
16.08.2021 03:31:48.472,299.101,298.768,1.25,1.75
16.08.2021 03:31:59.448,299.105,298.778,1.25,1.5
16.08.2021 03:32:07.902,299.107,298.788,1,1.5
16.08.2021 03:32:19.639,299.116,298.786,1.25,1.75
16.08.2021 03:32:38.901,299.12,298.788,1.25,1.75
16.08.2021 03:32:54.255,299.121,298.78900000000004,1.25,1.25
16.08.2021 03:33:02.343,299.119,298.786,1.25,1
16.08.2021 03:33:02.542,299.119,298.785,1.25,1.25
16.08.2021 03:33:13.279,299.119,298.788,1.25,1.5
16.08.2021 03:34:33.918,299.122,298.78900000000004,1.25,1.25
16.08.2021 03:34:34.069,299.122,298.81,1,1
16.08.2021 03:34:44.057,299.145,298.808,1.75,1.87
16.08.2021 03:34:51.260,299.13599999999997,298.808,1.25,1.5
16.08.2021 03:34:53.684,299.138,298.808,1.25,1.5
16.08.2021 03:35:29.024,299.133,298.8,1.25,1.25
16.08.2021 03:35:44.708,299.125,298.79900000000004,1.25,1
16.08.2021 03:37:41.252,299.133,298.807,1,1.25
16.08.2021 03:37:50.716,299.14,298.808,1.25,1
16.08.2021 03:37:56.426,299.134,298.802,1.25,1.25
16.08.2021 03:38:01.782,299.14,298.807,1.25,1.25
16.08.2021 03:38:13.376,299.141,298.805,1.25,1
16.08.2021 03:43:20.037,299.134,298.807,1.25,1
16.08.2021 03:43:24.061,299.141,298.808,1.25,1.25
16.08.2021 03:43:40.620,299.14,298.808,1.25,1
16.08.2021 03:43:44.412,299.141,298.808,1.25,1.25
16.08.2021 03:43:44.614,299.141,298.80400000000003,1.25,1.25
16.08.2021 03:43:46.928,299.135,298.81,1.25,1
16.08.2021 03:43:47.335,299.142,298.808,1.25,1.81
16.08.2021 03:44:22.574,299.14,298.808,1.25,1.25
16.08.2021 03:44:47.167,299.145,298.812,1.25,1.25
16.08.2021 03:44:47.471,299.139,298.808,1.25,1.5
16.08.2021 03:44:52.215,299.135,298.809,1.25,1
16.08.2021 03:44:52.434,299.138,298.808,1.25,1.5
16.08.2021 03:45:55.455,299.129,298.79400000000004,1.75,1
16.08.2021 03:46:43.608,299.119,298.788,1,1.5
16.08.2021 03:46:47.045,299.117,298.788,1.25,1.5
16.08.2021 03:46:55.257,299.119,298.786,1.25,1.25
16.08.2021 03:46:55.625,299.106,298.779,1,1.5
16.08.2021 03:47:07.447,299.10200000000003,298.778,1,1.5
16.08.2021 03:47:07.876,299.10200000000003,298.778,1,1.5
16.08.2021 03:48:13.120,299.108,298.781,1.25,1.25
16.08.2021 03:48:19.271,299.103,298.828,1.5,1
16.08.2021 03:48:24.507,299.103,298.818,1.5,1
16.08.2021 03:48:49.284,299.103,298.818,1.75,1
16.08.2021 03:48:51.489,299.101,298.818,1,1
16.08.2021 03:48:51.735,299.107,298.828,1,1
16.08.2021 03:48:51.855,299.107,298.828,1,1
16.08.2021 03:49:42.168,299.113,298.828,1.75,1
16.08.2021 03:49:47.741,299.103,298.818,1.5,1
16.08.2021 03:49:53.412,299.103,298.828,1.5,1
16.08.2021 03:49:54.359,299.112,298.838,1,1
16.08.2021 03:50:00.369,299.112,298.828,1,1
16.08.2021 03:50:27.167,299.103,298.818,1.5,1
16.08.2021 03:50:27.393,299.101,298.818,1,1
16.08.2021 03:50:38.283,299.101,298.818,1,1
16.08.2021 03:51:03.182,299.103,298.828,1.5,1
16.08.2021 03:51:03.283,299.11,298.838,1,1
16.08.2021 03:51:03.384,299.113,298.838,1.62,1
16.08.2021 03:51:03.608,299.103,298.828,1.5,1
16.08.2021 03:51:03.658,299.113,298.838,1.62,1
16.08.2021 03:51:21.056,299.113,298.838,1.5,1
16.08.2021 03:51:21.281,299.113,298.838,1.5,1
16.08.2021 03:51:21.925,299.113,298.838,1.5,1
16.08.2021 03:51:23.604,299.123,298.848,1.62,1
16.08.2021 03:52:23.805,299.129,298.79900000000004,1.75,1.12
16.08.2021 03:53:27.688,299.129,298.798,1.75,1.25
16.08.2021 03:53:27.739,299.121,298.838,1,1
16.08.2021 03:53:28.440,299.121,298.838,1,1
16.08.2021 03:53:28.646,299.123,298.838,1.75,1
16.08.2021 03:53:30.532,299.123,298.838,1.75,1
16.08.2021 03:54:24.851,299.116,298.838,1,1
16.08.2021 03:54:27.689,299.123,298.848,1.5,1
16.08.2021 03:54:54.795,299.123,298.848,1.5,1
16.08.2021 03:54:59.293,299.123,298.848,1.5,1
16.08.2021 03:55:17.242,299.133,298.848,1.75,1
16.08.2021 03:55:52.385,299.133,298.848,1.5,1
16.08.2021 03:56:01.570,299.134,298.829,1.25,1.5
16.08.2021 03:56:02.307,299.123,298.848,1.5,1
16.08.2021 03:56:47.108,299.123,298.838,1.5,1
16.08.2021 03:57:47.105,299.123,298.848,1.5,1
16.08.2021 03:58:48.043,299.132,298.82099999999997,1,1.5
16.08.2021 03:58:48.244,299.132,298.848,1.25,1
16.08.2021 03:58:55.959,299.133,298.848,1.5,1
16.08.2021 03:58:56.361,299.133,298.848,1.75,1
16.08.2021 03:59:11.620,299.13,298.829,1,1.5
16.08.2021 03:59:11.721,299.13,298.858,1,1
16.08.2021 03:59:11.825,299.133,298.858,1.5,1
16.08.2021 03:59:48.732,299.123,298.839,1.5,1.5
16.08.2021 03:59:48.783,299.133,298.848,1.5,1
16.08.2021 03:59:49.130,299.123,298.80400000000003,1.5,1.25
16.08.2021 03:59:49.181,299.123,298.807,1.5,1
16.08.2021 03:59:50.108,299.133,298.858,1.5,1
16.08.2021 03:59:52.129,299.123,298.81,1.5,1.25
16.08.2021 03:59:52.180,299.133,298.858,1.5,1
16.08.2021 04:00:54.742,299.147,298.844,1.5,0.37
16.08.2021 04:03:09.205,299.123,298.848,1.5,1
16.08.2021 04:03:56.833,299.123,298.838,1.5,1
16.08.2021 04:04:00.697,299.123,298.838,1.5,1
16.08.2021 04:04:30.864,299.113,298.828,1.5,1
16.08.2021 04:05:30.859,299.113,298.838,1.5,1
16.08.2021 04:06:35.660,299.129,298.78900000000004,1.75,0.69
16.08.2021 04:07:35.709,299.123,298.848,1.75,1
16.08.2021 04:07:35.838,299.123,298.848,1.75,1
16.08.2021 04:07:39.330,299.123,298.838,1.5,1
16.08.2021 04:08:39.318,299.123,298.848,1.5,1
16.08.2021 04:09:39.810,299.153,298.801,1.75,0.69
16.08.2021 04:11:23.071,299.123,298.838,1.5,1
16.08.2021 04:11:23.276,299.123,298.838,1.5,1
16.08.2021 04:11:29.445,299.123,298.838,1.75,1
16.08.2021 04:12:02.831,299.123,298.838,1.5,1
16.08.2021 04:12:07.939,299.123,298.838,1.75,1
16.08.2021 04:12:23.010,299.123,298.848,1.5,1
16.08.2021 04:12:53.872,299.123,298.838,1.5,1
16.08.2021 04:13:26.334,299.123,298.838,1.5,1
16.08.2021 04:14:55.660,299.143,298.788,1.75,0.69
16.08.2021 04:15:35.247,299.143,298.76099999999997,1.75,1.5
16.08.2021 04:16:15.710,299.143,298.76099999999997,1.75,1.5
16.08.2021 04:16:30.347,299.113,298.838,1.5,1
16.08.2021 04:17:35.659,299.143,298.788,1.75,0.69
16.08.2021 04:18:53.739,299.131,298.819,1.5,1
16.08.2021 04:19:45.659,299.131,298.786,1.75,0.69
16.08.2021 04:20:03.635,299.113,298.828,1.5,1
16.08.2021 04:20:09.379,299.113,298.848,1.5,1
16.08.2021 04:20:09.430,299.113,298.848,1.5,1
16.08.2021 04:20:09.909,299.113,298.838,1.5,1
16.08.2021 04:20:10.104,299.113,298.838,1.5,1
16.08.2021 04:21:15.659,299.131,298.78700000000003,1.75,0.69
16.08.2021 04:21:22.228,299.131,298.818,1.75,1
16.08.2021 04:21:26.785,299.131,298.818,1.75,1
16.08.2021 04:22:12.432,299.131,298.818,1.75,1.5
16.08.2021 04:22:14.871,299.113,298.828,1.5,1
16.08.2021 04:23:15.660,299.131,298.814,1.5,0.37
16.08.2021 04:24:23.320,299.07599999999996,298.814,0.37,0.37
16.08.2021 04:24:28.283,299.131,298.76099999999997,1,0.75
16.08.2021 04:25:27.593,299.131,298.814,1.5,0.37
16.08.2021 04:26:52.692,299.07599999999996,298.814,0.37,0.37
16.08.2021 04:27:03.050,299.131,298.814,1.5,0.37
16.08.2021 04:27:23.628,299.131,298.75,1.75,1.5
16.08.2021 04:27:23.729,299.103,298.818,1.5,1
16.08.2021 04:27:23.833,299.103,298.818,1.75,1
16.08.2021 04:28:06.005,299.103,298.818,1.5,1
16.08.2021 04:28:12.286,299.103,298.818,1.75,1
16.08.2021 04:28:17.501,299.103,298.818,1.75,1
16.08.2021 04:28:17.772,299.113,298.838,1.75,1
16.08.2021 04:28:17.875,299.113,298.838,1.75,1
16.08.2021 04:29:06.893,299.113,298.838,1.5,1
16.08.2021 04:29:08.744,299.113,298.838,1.5,1
16.08.2021 04:29:10.356,299.113,298.838,1.5,1
16.08.2021 04:29:10.557,299.113,298.838,1.5,1
16.08.2021 04:29:18.261,299.131,298.791,1.75,0.69
16.08.2021 04:29:43.170,299.103,298.828,1.5,1
16.08.2021 04:29:44.272,299.103,298.828,1.5,1
16.08.2021 04:29:47.263,299.103,298.828,1.5,1
16.08.2021 04:30:04.178,299.113,298.828,1.75,1
16.08.2021 04:30:09.379,299.113,298.828,1.75,1
16.08.2021 04:30:38.025,299.103,298.818,1.5,1
16.08.2021 04:30:38.081,299.103,298.818,1.5,1
16.08.2021 04:30:42.666,299.103,298.808,1.75,1
16.08.2021 04:30:42.932,299.083,298.808,1.5,1
16.08.2021 04:30:56.718,299.083,298.798,1.5,1
16.08.2021 04:30:56.818,299.083,298.808,1.5,1
16.08.2021 04:30:56.964,299.073,298.78900000000004,1.5,1.5
16.08.2021 04:30:57.065,299.083,298.808,1.5,1
16.08.2021 04:31:01.462,299.083,298.78900000000004,1.5,1.5
16.08.2021 04:31:01.512,299.083,298.798,1.5,1
16.08.2021 04:31:02.016,299.083,298.798,1.5,1.5
16.08.2021 04:31:07.549,299.083,298.798,1.5,1.5
16.08.2021 04:31:07.599,299.073,298.741,1,1.5
16.08.2021 04:31:07.727,299.083,298.741,1.5,1.5
16.08.2021 04:31:12.721,299.083,298.808,1.5,1
16.08.2021 04:31:19.786,299.083,298.808,1.5,1.5
16.08.2021 04:31:21.667,299.075,298.808,1,1.5
16.08.2021 04:31:22.188,299.075,298.808,1.5,1
16.08.2021 04:31:22.931,299.075,298.781,1.5,1.5
16.08.2021 04:31:23.359,299.079,298.814,1.5,0.37
16.08.2021 04:31:23.460,299.064,298.741,1,1.5
16.08.2021 04:31:24.809,299.083,298.741,2,1.5
16.08.2021 04:31:25.738,299.083,298.725,1.5,1.5
16.08.2021 04:31:25.890,299.083,298.814,1.5,0.37
16.08.2021 04:31:26.358,299.083,298.725,2,1.75
16.08.2021 04:31:26.512,299.083,298.814,2,0.37
16.08.2021 04:31:26.613,299.075,298.743,1,1.5
16.08.2021 04:31:26.713,299.075,298.78000000000003,1.5,0.69
16.08.2021 04:31:26.882,299.075,298.808,1.5,1
16.08.2021 04:31:28.333,299.075,298.808,1.5,1
16.08.2021 04:31:29.598,299.07099999999997,298.808,1.5,1
16.08.2021 04:31:29.800,299.083,298.808,2.25,1
16.08.2021 04:31:30.580,299.083,298.808,2,1
16.08.2021 04:31:32.170,299.083,298.808,2,1
16.08.2021 04:31:33.014,299.083,298.78900000000004,2,1.5
16.08.2021 04:31:33.472,299.083,298.808,2,1
16.08.2021 04:31:34.208,299.083,298.808,2.25,1
16.08.2021 04:31:34.374,299.083,298.808,2.25,1
16.08.2021 04:31:35.840,299.083,298.808,2,1
16.08.2021 04:31:36.043,299.083,298.808,2.25,1
16.08.2021 04:31:42.936,299.05,298.808,1,1
16.08.2021 04:31:42.986,299.066,298.808,1.12,1
16.08.2021 04:31:44.051,299.066,298.808,1.5,1
16.08.2021 04:31:44.287,299.066,298.808,1.12,1
16.08.2021 04:31:44.450,299.066,298.808,1.5,1
16.08.2021 04:31:45.032,299.066,298.808,1.12,1
16.08.2021 04:31:45.393,299.082,298.808,1.5,1
16.08.2021 04:31:45.692,299.08,298.808,1.75,1
16.08.2021 04:31:45.943,299.072,298.808,1.5,1
16.08.2021 04:31:46.335,299.083,298.808,1.5,1
16.08.2021 04:31:49.509,299.07099999999997,298.808,1.5,1
16.08.2021 04:31:49.680,299.038,298.808,1,1
16.08.2021 04:31:49.731,299.062,298.808,1.5,1
16.08.2021 04:31:49.875,299.062,298.808,1,1
16.08.2021 04:31:50.692,299.03900000000004,298.808,1,1
16.08.2021 04:31:50.742,299.068,298.808,1.5,1
16.08.2021 04:31:50.864,299.068,298.808,1.5,1
16.08.2021 04:31:51.346,299.059,298.808,1,1
16.08.2021 04:31:52.058,299.07099999999997,298.808,1.5,1
16.08.2021 04:31:52.108,299.061,298.808,1,1
16.08.2021 04:31:52.219,299.072,298.808,1.5,1
16.08.2021 04:31:52.270,299.059,298.808,1,1
16.08.2021 04:31:52.320,299.07099999999997,298.808,1.5,1
16.08.2021 04:31:52.421,299.053,298.808,1,1
16.08.2021 04:31:53.161,299.07,298.808,1.5,1
16.08.2021 04:31:53.642,299.07,298.808,1.5,1
16.08.2021 04:31:53.844,299.07099999999997,298.808,1.5,1
16.08.2021 04:31:54.174,299.05,298.808,1,1
16.08.2021 04:31:54.225,299.07599999999996,298.808,1.5,1
16.08.2021 04:31:54.275,299.059,298.808,1,1
16.08.2021 04:31:54.959,299.041,298.808,1,1
16.08.2021 04:31:55.010,299.069,298.808,1.5,1
16.08.2021 04:31:55.274,299.069,298.808,1.5,1
16.08.2021 04:31:55.648,299.06,298.808,1,1
16.08.2021 04:31:55.749,299.053,298.808,1,1
16.08.2021 04:31:55.865,299.065,298.808,1,1
16.08.2021 04:31:56.324,299.05,298.808,1,1
16.08.2021 04:31:56.494,299.064,298.808,1,1
16.08.2021 04:31:57.483,299.05,298.808,1,1
16.08.2021 04:31:57.534,299.06,298.808,1,1
16.08.2021 04:31:59.681,299.06,298.808,1.5,1
16.08.2021 04:32:03.207,299.041,298.808,1,1
16.08.2021 04:32:03.307,299.062,298.808,1.5,1
16.08.2021 04:32:04.678,299.068,298.808,1.5,1
16.08.2021 04:32:05.574,299.061,298.808,1,1
16.08.2021 04:32:05.624,299.07,298.808,1.5,1
16.08.2021 04:32:05.885,299.061,298.808,1,1
16.08.2021 04:32:05.935,299.07,298.808,1.5,1
16.08.2021 04:32:06.134,299.061,298.808,1,1
16.08.2021 04:32:06.235,299.07,298.808,1.5,1
16.08.2021 04:32:06.657,299.061,298.808,1,1
16.08.2021 04:32:06.708,299.07,298.808,1.5,1
16.08.2021 04:32:07.587,299.048,298.808,1,1
16.08.2021 04:32:07.637,299.075,298.808,1.5,1
16.08.2021 04:32:08.213,299.059,298.808,1,1
16.08.2021 04:32:08.263,299.064,298.808,1,1
16.08.2021 04:32:08.983,299.04200000000003,298.808,1,1
16.08.2021 04:32:09.033,299.066,298.808,1.12,1
16.08.2021 04:32:11.299,299.04200000000003,298.808,1,1
16.08.2021 04:32:11.350,299.069,298.808,1.5,1
16.08.2021 04:32:14.516,299.055,298.808,1,1
16.08.2021 04:32:14.566,299.075,298.808,1.5,1
16.08.2021 04:32:14.617,299.06,298.808,1,1
16.08.2021 04:32:14.746,299.063,298.808,1,1
16.08.2021 04:32:15.270,299.078,298.808,1.5,1
16.08.2021 04:32:15.321,299.061,298.808,1,1
16.08.2021 04:32:15.371,299.07,298.808,1.5,1
16.08.2021 04:32:15.422,299.06,298.808,1,1
16.08.2021 04:32:16.080,299.06,298.808,1.5,1
16.08.2021 04:32:16.231,299.072,298.808,1.5,1
16.08.2021 04:32:16.282,299.06,298.808,1,1
16.08.2021 04:32:17.877,299.065,298.808,1,1
16.08.2021 04:32:18.000,299.06,298.808,1,1
16.08.2021 04:32:18.176,299.075,298.808,1.5,1
16.08.2021 04:32:18.379,299.065,298.808,1,1
16.08.2021 04:32:18.548,299.077,298.808,1.5,1
16.08.2021 04:32:18.750,299.047,298.808,1,1
16.08.2021 04:32:18.883,299.062,298.808,1.5,1
16.08.2021 04:32:20.318,299.04400000000004,298.808,1,1
16.08.2021 04:32:20.369,299.072,298.808,1.5,1
16.08.2021 04:32:20.469,299.058,298.808,1,1
16.08.2021 04:32:21.328,299.058,298.808,1.5,1
16.08.2021 04:32:21.484,299.066,298.808,1.12,1
16.08.2021 04:32:22.985,299.043,298.808,1,1
16.08.2021 04:32:23.036,299.069,298.808,1.5,1
16.08.2021 04:32:23.637,299.059,298.808,1,1
16.08.2021 04:32:23.687,299.063,298.808,1,1
16.08.2021 04:32:25.804,299.05400000000003,298.808,1,1
16.08.2021 04:32:25.905,299.069,298.808,1,1
16.08.2021 04:32:26.396,299.056,298.808,1,1.5
16.08.2021 04:32:26.446,299.073,298.808,1,1.5
16.08.2021 04:32:26.496,299.059,298.808,1,1.5
16.08.2021 04:32:27.455,299.059,298.808,1,1
16.08.2021 04:32:28.845,299.059,298.808,1,1.5
16.08.2021 04:32:28.895,299.075,298.808,1,1.5
16.08.2021 04:32:30.475,299.083,298.808,1.5,1.5
16.08.2021 04:32:30.576,299.058,298.808,1,1.5
16.08.2021 04:32:30.626,299.083,298.808,1.5,1.5
16.08.2021 04:32:31.220,299.058,298.808,1,1.5
16.08.2021 04:32:31.270,299.083,298.808,2,1.5
16.08.2021 04:32:33.239,299.067,298.808,1.5,1
16.08.2021 04:32:33.393,299.075,298.808,1,1.5
16.08.2021 04:32:33.493,299.075,298.818,1,1
16.08.2021 04:32:38.216,299.09000000000003,298.818,1.5,1
16.08.2021 04:32:40.717,299.058,298.818,1,1
16.08.2021 04:32:40.818,299.084,298.818,1.5,1
16.08.2021 04:32:41.240,299.084,298.79400000000004,1.5,1.5
16.08.2021 04:32:41.943,299.075,298.741,1,1.75
16.08.2021 04:32:41.994,299.075,298.818,1,1
16.08.2021 04:32:42.109,299.086,298.818,1.5,1
16.08.2021 04:32:42.216,299.075,298.818,1,1
16.08.2021 04:32:42.641,299.059,298.818,1,1
16.08.2021 04:32:42.691,299.086,298.818,1.5,1
16.08.2021 04:32:43.582,299.075,298.818,1,1
16.08.2021 04:32:43.721,299.083,298.818,1.5,1
16.08.2021 04:32:44.707,299.075,298.818,1,1
16.08.2021 04:32:44.899,299.078,298.818,1.5,1
16.08.2021 04:32:45.003,299.075,298.818,1,1
16.08.2021 04:32:45.207,299.084,298.818,1.5,1
16.08.2021 04:32:45.615,299.075,298.818,1,1
16.08.2021 04:32:45.774,299.086,298.818,1.5,1
16.08.2021 04:32:46.379,299.075,298.818,1,1
16.08.2021 04:32:46.493,299.086,298.818,1.5,1
16.08.2021 04:32:46.996,299.075,298.818,1,1
16.08.2021 04:32:47.098,299.086,298.818,1.5,1
16.08.2021 04:32:48.093,299.075,298.818,1,1
16.08.2021 04:32:48.241,299.086,298.818,1.5,1
16.08.2021 04:32:48.389,299.058,298.818,1,1
16.08.2021 04:32:48.439,299.086,298.818,1.5,1
16.08.2021 04:32:49.020,299.069,298.818,1,1
16.08.2021 04:32:49.070,299.086,298.818,1.5,1
16.08.2021 04:32:53.744,299.075,298.818,1,1
16.08.2021 04:32:53.895,299.08,298.818,1.5,1
16.08.2021 04:32:54.172,299.075,298.818,1,1
16.08.2021 04:32:54.460,299.063,298.818,1,1
16.08.2021 04:32:54.510,299.077,298.818,1.5,1
16.08.2021 04:32:54.714,299.075,298.818,1,1
16.08.2021 04:32:55.356,299.082,298.818,1.5,1
16.08.2021 04:32:56.979,299.069,298.818,1,1
16.08.2021 04:32:57.029,299.086,298.818,1.5,1
16.08.2021 04:32:57.130,299.075,298.818,1,1
16.08.2021 04:32:59.020,299.088,298.818,1.5,1
16.08.2021 04:33:00.019,299.073,298.818,1,1
16.08.2021 04:33:00.265,299.091,298.818,1.5,1
16.08.2021 04:33:05.471,299.063,298.818,1,1
16.08.2021 04:33:06.438,299.085,298.818,1.5,1
16.08.2021 04:33:06.539,299.068,298.818,1,1
16.08.2021 04:33:06.781,299.082,298.818,1.5,1
16.08.2021 04:33:14.478,299.075,298.818,1,1
16.08.2021 04:33:14.827,299.072,298.818,1,1
16.08.2021 04:33:14.877,299.093,298.818,1.5,1
16.08.2021 04:33:15.629,299.063,298.818,1,1
16.08.2021 04:33:15.731,299.082,298.818,1.5,1
16.08.2021 04:33:15.973,299.073,298.818,1,1
16.08.2021 04:33:16.077,299.091,298.818,1.5,1
16.08.2021 04:33:16.592,299.075,298.818,1,1
16.08.2021 04:33:18.709,299.073,298.818,1,1
16.08.2021 04:33:19.966,299.084,298.818,1.5,1
16.08.2021 04:33:20.350,299.073,298.818,1,1
16.08.2021 04:33:20.400,299.091,298.818,1.5,1
16.08.2021 04:33:22.496,299.068,298.818,1,1
16.08.2021 04:33:23.911,299.082,298.818,1.5,1
16.08.2021 04:33:24.961,299.068,298.818,1,1
16.08.2021 04:33:25.011,299.085,298.818,1.5,1
16.08.2021 04:33:26.397,299.085,298.808,1.5,1.5
16.08.2021 04:33:26.482,299.085,298.808,1.5,1
16.08.2021 04:33:26.601,299.083,298.798,1.5,1.5
16.08.2021 04:33:29.841,299.061,298.798,1,1.5
16.08.2021 04:33:29.891,299.083,298.798,1.5,1.5
16.08.2021 04:33:32.496,299.083,298.798,1.5,1
16.08.2021 04:33:32.974,299.064,298.798,1,1
16.08.2021 04:33:33.024,299.082,298.798,1.5,1
16.08.2021 04:33:37.751,299.064,298.798,1,1
16.08.2021 04:33:37.852,299.062,298.808,1,1
16.08.2021 04:33:37.902,299.051,298.788,1,1.5
16.08.2021 04:33:38.153,299.063,298.73,1.5,1.75
16.08.2021 04:33:38.472,299.063,298.73,1,1.75
16.08.2021 04:33:38.769,299.05,298.73,1,1.75
16.08.2021 04:33:38.820,299.065,298.73,1,1.5
16.08.2021 04:33:39.098,299.04900000000004,298.73,1,1.75
16.08.2021 04:33:39.453,299.064,298.73,1,1.75
16.08.2021 04:33:39.726,299.04900000000004,298.73,1,1.75
16.08.2021 04:33:39.786,299.064,298.73,1,1.75
16.08.2021 04:33:39.888,299.064,298.798,1,1
16.08.2021 04:33:40.038,299.048,298.788,1,1.5
16.08.2021 04:33:40.100,299.048,298.788,1,1
16.08.2021 04:33:40.202,299.065,298.788,1.5,1
16.08.2021 04:33:40.356,299.05,298.788,1,1
16.08.2021 04:33:40.407,299.065,298.788,1.5,1
16.08.2021 04:33:40.987,299.05,298.788,1,1
16.08.2021 04:33:41.047,299.064,298.788,1.5,1
16.08.2021 04:33:41.330,299.04900000000004,298.788,1,1
16.08.2021 04:33:41.699,299.061,298.788,1.5,1
16.08.2021 04:33:42.947,299.05,298.788,1,1
16.08.2021 04:33:43.007,299.063,298.788,1.5,1
16.08.2021 04:33:43.267,299.04900000000004,298.788,1,1
16.08.2021 04:33:43.327,299.073,298.788,1.5,1
16.08.2021 04:33:47.783,299.073,298.788,1.5,1
16.08.2021 04:33:58.349,299.055,298.778,1.5,1.5
16.08.2021 04:34:00.884,299.043,298.778,1,1.5
16.08.2021 04:34:01.210,299.063,298.778,1.5,1.5
16.08.2021 04:34:02.918,299.026,298.778,1,1.5
16.08.2021 04:34:03.021,299.051,298.778,1.5,1.5
16.08.2021 04:34:08.376,299.036,298.778,1,1.5
16.08.2021 04:34:08.477,299.051,298.778,1.5,1.5
16.08.2021 04:34:15.832,299.063,298.768,1.5,1.5
16.08.2021 04:34:23.711,299.033,298.768,1,1.5
16.08.2021 04:34:23.761,299.04200000000003,298.768,1.5,1.5
16.08.2021 04:34:32.221,299.033,298.768,1,1.5
16.08.2021 04:34:32.271,299.063,298.768,1.5,1.5
16.08.2021 04:34:37.239,299.01099999999997,298.758,1,1.5
16.08.2021 04:34:37.342,299.026,298.758,1,1.5
16.08.2021 04:34:37.942,299.04400000000004,298.758,1.5,1.5
16.08.2021 04:34:38.333,299.026,298.758,1,1.5
16.08.2021 04:34:38.713,299.045,298.758,1.5,1.5
16.08.2021 04:34:38.975,299.027,298.758,1,1.5
16.08.2021 04:34:39.050,299.04400000000004,298.758,1.5,1.5
16.08.2021 04:34:39.283,299.029,298.758,1,1.5
16.08.2021 04:34:39.344,299.045,298.758,1.5,1.5
16.08.2021 04:34:39.596,299.026,298.758,1,1.5
16.08.2021 04:34:39.657,299.04200000000003,298.758,1.5,1.5
16.08.2021 04:34:39.949,299.028,298.758,1,1.5
16.08.2021 04:34:39.999,299.045,298.758,1.5,1.5
16.08.2021 04:34:40.260,299.028,298.758,1,1.5
16.08.2021 04:34:40.340,299.03900000000004,298.758,1.5,1.5
16.08.2021 04:34:40.632,299.028,298.758,1,1.5
16.08.2021 04:34:40.888,299.038,298.758,1.5,1.5
16.08.2021 04:34:41.817,299.052,298.758,1.5,1.5
16.08.2021 04:34:42.018,299.052,298.758,1.5,1.5
16.08.2021 04:34:44.542,299.03200000000004,298.758,1,1.5
16.08.2021 04:34:44.815,299.053,298.758,2,1.5
16.08.2021 04:34:46.137,299.033,298.758,1,1.5
16.08.2021 04:34:46.188,299.053,298.758,1.5,1.5
16.08.2021 04:34:46.907,299.024,298.758,1,1.5
16.08.2021 04:34:46.957,299.048,298.758,1.5,1.5
16.08.2021 04:34:48.574,299.035,298.758,1,1.5
16.08.2021 04:34:48.939,299.04400000000004,298.758,1.5,1.5
16.08.2021 04:34:49.366,299.023,298.758,1,1.5
16.08.2021 04:34:49.417,299.04900000000004,298.758,1.5,1.5
16.08.2021 04:34:49.681,299.027,298.758,1,1.5
16.08.2021 04:34:49.732,299.04900000000004,298.758,1.5,1.5
16.08.2021 04:34:49.996,299.027,298.758,1,1.5
16.08.2021 04:34:52.311,299.038,298.758,1.5,1.5
16.08.2021 04:34:52.485,299.03000000000003,298.758,1,1.5
16.08.2021 04:34:52.636,299.006,298.758,1,1.5
16.08.2021 04:34:52.686,299.03700000000003,298.758,1.5,1.5
16.08.2021 04:34:53.550,299.022,298.758,1,1.5
16.08.2021 04:34:53.600,299.041,298.758,1.5,1.5
16.08.2021 04:34:53.814,299.035,298.758,1,1.5
16.08.2021 04:34:55.098,299.043,298.758,1.5,1.5
16.08.2021 04:34:55.709,299.031,298.758,1,1.5
16.08.2021 04:34:55.760,299.045,298.758,1.5,1.5
16.08.2021 04:34:56.037,299.031,298.758,1,1.5
16.08.2021 04:34:56.349,299.045,298.758,1.5,1.5
16.08.2021 04:34:56.615,299.033,298.758,1,1.5
16.08.2021 04:34:56.972,299.02,298.758,1,1.5
16.08.2021 04:34:57.022,299.045,298.758,1.5,1.5
16.08.2021 04:34:59.672,299.03400000000005,298.758,1,1.5
16.08.2021 04:34:59.723,299.04900000000004,298.758,1.5,1.5
16.08.2021 04:35:01.106,299.013,298.758,1,1.5
16.08.2021 04:35:01.157,299.035,298.758,1,1.5
16.08.2021 04:35:01.754,299.046,298.758,1.5,1.5
16.08.2021 04:35:02.053,299.029,298.758,1,1.5
16.08.2021 04:35:02.103,299.045,298.758,1.5,1.5
16.08.2021 04:35:02.673,299.027,298.758,1,1.5
16.08.2021 04:35:02.724,299.046,298.758,1.5,1.5
16.08.2021 04:35:03.245,299.031,298.758,1,1.5
16.08.2021 04:35:03.322,299.045,298.758,1.5,1.5
16.08.2021 04:35:03.567,299.03000000000003,298.758,1,1.5
16.08.2021 04:35:03.627,299.038,298.758,1.5,1.5
16.08.2021 04:35:04.487,299.017,298.758,1,1.5
16.08.2021 04:35:04.537,299.03900000000004,298.758,1.5,1.5
16.08.2021 04:35:05.159,299.03900000000004,298.778,1.5,1
16.08.2021 04:35:05.439,299.018,298.778,1,1
16.08.2021 04:35:05.489,299.033,298.778,1,1
16.08.2021 04:35:05.738,299.014,298.778,1,1
16.08.2021 04:35:05.840,299.033,298.778,1,1
16.08.2021 04:35:06.041,299.014,298.778,1,1
16.08.2021 04:35:06.102,299.03000000000003,298.778,1,1
16.08.2021 04:35:08.009,299.038,298.778,1.5,1
16.08.2021 04:35:08.313,299.03000000000003,298.778,1,1
16.08.2021 04:35:08.364,299.03000000000003,298.768,1,1.5
16.08.2021 04:35:08.987,299.04200000000003,298.768,1.5,1.5
16.08.2021 04:35:11.781,299.027,298.768,1,1.5
16.08.2021 04:35:11.832,299.04400000000004,298.768,1.5,1.5
16.08.2021 04:35:16.832,299.031,298.768,1,1.25
16.08.2021 04:35:16.882,299.046,298.768,1.5,1.25
16.08.2021 04:35:17.753,299.02500000000003,298.768,1,1.25
16.08.2021 04:35:17.803,299.05,298.768,1.5,1.25
16.08.2021 04:35:18.056,299.03000000000003,298.768,1,1.25
16.08.2021 04:35:18.106,299.04200000000003,298.768,1.5,1.25
16.08.2021 04:35:20.724,299.03200000000004,298.768,1,1.25
16.08.2021 04:35:20.774,299.051,298.768,1.5,1.25
16.08.2021 04:35:21.035,299.031,298.768,1,1.5
16.08.2021 04:35:21.086,299.052,298.768,1.5,1.5
16.08.2021 04:35:24.106,299.024,298.768,1,1.5
16.08.2021 04:35:24.156,299.04400000000004,298.768,1.5,1.5
16.08.2021 04:35:25.139,299.03000000000003,298.768,1,1.5
16.08.2021 04:35:25.190,299.04400000000004,298.768,1.5,1.5
16.08.2021 04:35:26.598,299.018,298.768,1,1.5
16.08.2021 04:35:26.719,299.04,298.768,1.5,1.5
16.08.2021 04:35:28.216,299.02500000000003,298.768,1,1.5
16.08.2021 04:35:28.267,299.04,298.768,1.5,1.5
16.08.2021 04:35:28.481,299.031,298.768,1,1.5
16.08.2021 04:35:29.471,299.045,298.768,1.5,1.5
16.08.2021 04:35:29.890,299.033,298.768,1,1.5
16.08.2021 04:35:30.041,299.04900000000004,298.768,1.5,1.5
16.08.2021 04:35:31.582,299.031,298.768,1,1.5
16.08.2021 04:35:31.733,299.04200000000003,298.768,1.5,1.5
16.08.2021 04:35:31.956,299.03200000000004,298.768,1,1.5
16.08.2021 04:35:32.388,299.04400000000004,298.768,1.5,1.5
16.08.2021 04:35:33.505,299.031,298.768,1,1.5
16.08.2021 04:35:33.606,299.04900000000004,298.768,1.5,1.5
16.08.2021 04:35:33.656,299.04900000000004,298.778,1.5,1
16.08.2021 04:35:33.757,299.04900000000004,298.778,1.5,1.5
16.08.2021 04:35:34.444,299.04400000000004,298.778,1,1.5
16.08.2021 04:35:34.505,299.05,298.778,1.5,1.5
16.08.2021 04:35:35.080,299.041,298.778,1,1.5
16.08.2021 04:35:35.139,299.056,298.778,1.5,1.5
16.08.2021 04:35:35.415,299.038,298.778,1,1.5
16.08.2021 04:35:35.476,299.055,298.778,1.5,1.5
16.08.2021 04:35:36.072,299.043,298.778,1,1.5
16.08.2021 04:35:37.829,299.05400000000003,298.778,1.5,1.5
16.08.2021 04:35:38.072,299.04,298.778,1,1.5
16.08.2021 04:35:38.523,299.051,298.778,1.5,1.5
16.08.2021 04:35:40.259,299.03900000000004,298.778,1,1.5
16.08.2021 04:35:40.309,299.051,298.778,1.5,1.5
16.08.2021 04:35:41.545,299.038,298.778,1,1.5
16.08.2021 04:35:41.596,299.061,298.778,1.5,1.5
16.08.2021 04:35:42.819,299.045,298.778,1,1.5
16.08.2021 04:35:42.941,299.063,298.778,1.5,1.5
16.08.2021 04:35:48.107,299.023,298.778,1,1.5
16.08.2021 04:35:48.397,299.04400000000004,298.778,1,1.5
16.08.2021 04:35:48.679,299.027,298.778,1,1.5
16.08.2021 04:35:48.730,299.03900000000004,298.778,1,1.5
16.08.2021 04:35:49.321,299.027,298.778,1,1.5
16.08.2021 04:35:49.641,299.05,298.778,1.5,1.5
16.08.2021 04:35:49.948,299.027,298.778,1,1.5
16.08.2021 04:35:49.999,299.04200000000003,298.778,1,1.5
16.08.2021 04:35:51.499,299.022,298.778,1,1.5
16.08.2021 04:35:51.550,299.03700000000003,298.778,1,1.5
16.08.2021 04:35:52.095,299.021,298.778,1,1.5
16.08.2021 04:35:52.196,299.02500000000003,298.778,1,1.5
16.08.2021 04:35:52.362,299.04200000000003,298.778,1,1.5
16.08.2021 04:35:52.751,299.02500000000003,298.778,1,1.5
16.08.2021 04:35:52.802,299.04200000000003,298.778,1,1.5
16.08.2021 04:35:57.175,299.024,298.778,1,1.5
16.08.2021 04:35:57.225,299.043,298.778,1,1.5
16.08.2021 04:35:57.505,299.057,298.778,1.5,1.5
16.08.2021 04:35:57.555,299.04200000000003,298.778,1,1.5
16.08.2021 04:36:01.866,299.024,298.778,1,1.5
16.08.2021 04:36:01.916,299.04200000000003,298.778,1,1.5
16.08.2021 04:36:04.128,299.056,298.778,1.5,1.5
16.08.2021 04:36:05.133,299.028,298.778,1,1.5
16.08.2021 04:36:05.183,299.04900000000004,298.778,1.5,1.25
16.08.2021 04:36:08.565,299.02500000000003,298.778,1,1.5
16.08.2021 04:36:08.835,299.02500000000003,298.778,1,1
16.08.2021 04:36:08.936,299.046,298.778,1.5,1
16.08.2021 04:36:09.146,299.046,298.778,1.12,1.5
16.08.2021 04:36:09.514,299.03000000000003,298.778,1,1.5
16.08.2021 04:36:09.565,299.04,298.778,1,1.5
16.08.2021 04:36:09.829,299.031,298.778,1,1.5
16.08.2021 04:36:19.252,299.04900000000004,298.778,1.5,1.5
16.08.2021 04:36:19.505,299.038,298.778,1,1.5
16.08.2021 04:36:19.865,299.02,298.778,1,1.5
16.08.2021 04:36:19.915,299.04,298.778,1,1.5
16.08.2021 04:36:20.169,299.033,298.778,1,1.5
16.08.2021 04:36:20.338,299.043,298.778,1,1.5
16.08.2021 04:36:20.439,299.036,298.778,1,1.5
16.08.2021 04:36:20.540,299.051,298.778,1.5,1.5
16.08.2021 04:36:20.744,299.03200000000004,298.778,1,1.5
16.08.2021 04:36:20.859,299.03000000000003,298.778,1,1.5
16.08.2021 04:36:21.320,299.01099999999997,298.778,1,1.5
16.08.2021 04:36:21.371,299.026,298.778,1,1.5
16.08.2021 04:36:21.869,299.012,298.778,1,1.5
16.08.2021 04:36:22.225,299.026,298.778,1,1.5
16.08.2021 04:36:23.679,299.04200000000003,298.778,1,1.5
16.08.2021 04:36:23.996,299.02500000000003,298.778,1,1.5
16.08.2021 04:36:24.047,299.035,298.778,1,1.5
16.08.2021 04:36:24.310,299.02500000000003,298.778,1,1.5
16.08.2021 04:36:25.975,299.043,298.778,1,1.5
16.08.2021 04:36:26.275,299.026,298.778,1,1.5
16.08.2021 04:36:26.570,299.012,298.778,1,1.5
16.08.2021 04:36:26.630,299.041,298.778,1,1.5
16.08.2021 04:36:27.559,299.027,298.778,1,1.5
16.08.2021 04:36:28.602,299.046,298.778,1.12,1.5
16.08.2021 04:36:28.890,299.031,298.778,1,1.5
16.08.2021 04:36:29.714,299.04,298.778,1,1.5
16.08.2021 04:36:30.135,299.022,298.778,1,1.5
16.08.2021 04:36:30.186,299.035,298.778,1,1.5
16.08.2021 04:36:31.324,299.022,298.778,1,1.5
16.08.2021 04:36:31.401,299.045,298.778,1,1.5
16.08.2021 04:36:31.822,299.022,298.778,1,1.5
16.08.2021 04:36:31.873,299.036,298.778,1,1.5
16.08.2021 04:36:32.288,299.022,298.778,1,1.5
16.08.2021 04:36:32.339,299.035,298.778,1,1.5
16.08.2021 04:36:33.048,299.022,298.778,1,1.5
16.08.2021 04:36:33.173,299.045,298.778,1,1.5
16.08.2021 04:36:33.422,299.031,298.778,1,1.5
16.08.2021 04:36:33.646,299.031,298.788,1,1
16.08.2021 04:36:35.253,299.03700000000003,298.788,1,1
16.08.2021 04:36:37.097,299.024,298.788,1,1
16.08.2021 04:36:37.198,299.041,298.788,1,1
16.08.2021 04:36:37.299,299.02500000000003,298.788,1,1
16.08.2021 04:36:37.653,299.043,298.788,1,1
16.08.2021 04:36:37.754,299.014,298.788,1,1
16.08.2021 04:36:38.857,299.045,298.788,1,1
16.08.2021 04:36:38.989,299.03000000000003,298.788,1,1
16.08.2021 04:36:39.500,299.031,298.788,1,1
16.08.2021 04:36:39.550,299.047,298.788,1.5,1
16.08.2021 04:36:39.651,299.03000000000003,298.788,1,1
16.08.2021 04:36:39.843,299.016,298.788,1,1
16.08.2021 04:36:39.894,299.026,298.788,1,1
16.08.2021 04:36:42.928,299.047,298.788,1.5,1
16.08.2021 04:36:43.069,299.038,298.788,1,1
16.08.2021 04:36:43.841,299.03000000000003,298.788,1,1
16.08.2021 04:36:45.888,299.045,298.788,1,1
16.08.2021 04:36:46.333,299.02500000000003,298.788,1,1
16.08.2021 04:36:46.384,299.045,298.788,1,1
16.08.2021 04:36:47.891,299.027,298.788,1,1
16.08.2021 04:36:47.941,299.036,298.788,1,1
16.08.2021 04:36:48.848,299.027,298.788,1,1
16.08.2021 04:36:49.066,299.043,298.788,1,1
16.08.2021 04:36:49.167,299.03400000000005,298.788,1,1
16.08.2021 04:36:49.647,299.018,298.788,1,1
16.08.2021 04:36:49.698,299.043,298.788,1,1
16.08.2021 04:36:49.973,299.03000000000003,298.788,1,1
16.08.2021 04:36:54.398,299.036,298.788,1,1
16.08.2021 04:36:56.121,299.027,298.788,1,1
16.08.2021 04:36:56.672,299.041,298.788,1,1
16.08.2021 04:36:57.466,299.027,298.788,1,1
16.08.2021 04:36:57.954,299.043,298.788,1,1
16.08.2021 04:37:02.429,299.03400000000005,298.788,1,1
16.08.2021 04:37:02.479,299.04400000000004,298.788,1,1
16.08.2021 04:37:02.776,299.03000000000003,298.788,1,1
16.08.2021 04:37:04.398,299.021,298.788,1,1
16.08.2021 04:37:04.448,299.023,298.788,1,1
16.08.2021 04:37:04.550,299.038,298.788,1,1
16.08.2021 04:37:06.016,299.03000000000003,298.788,1,1
16.08.2021 04:37:06.079,299.041,298.788,1,1
16.08.2021 04:37:06.236,299.03000000000003,298.788,1,1
16.08.2021 04:37:06.287,299.038,298.788,1,1
16.08.2021 04:37:07.016,299.02500000000003,298.788,1,1
16.08.2021 04:37:07.066,299.043,298.788,1,1
16.08.2021 04:37:08.770,299.02500000000003,298.788,1,1
16.08.2021 04:37:08.835,299.04,298.788,1,1
16.08.2021 04:37:10.077,299.027,298.788,1,1
16.08.2021 04:37:10.414,299.04200000000003,298.788,1,1
16.08.2021 04:37:10.606,299.043,298.788,1,1
16.08.2021 04:37:10.757,299.047,298.788,1.5,1
16.08.2021 04:37:11.347,299.023,298.788,1,1
16.08.2021 04:37:11.477,299.041,298.788,1,1
16.08.2021 04:37:12.161,299.023,298.788,1,1
16.08.2021 04:37:12.211,299.04200000000003,298.788,1,1
16.08.2021 04:37:12.317,299.014,298.788,1,1
16.08.2021 04:37:12.367,299.045,298.788,1,1
16.08.2021 04:37:12.417,299.036,298.788,1,1
16.08.2021 04:37:12.518,299.046,298.788,1.12,1
16.08.2021 04:37:12.669,299.041,298.788,1,1
16.08.2021 04:37:12.820,299.024,298.788,1,1
16.08.2021 04:37:12.870,299.03900000000004,298.788,1,1
16.08.2021 04:37:13.331,299.024,298.788,1,1
16.08.2021 04:37:13.381,299.041,298.788,1,1
16.08.2021 04:37:13.487,299.023,298.788,1,1
16.08.2021 04:37:13.537,299.041,298.788,1,1
16.08.2021 04:37:13.803,299.024,298.788,1,1
16.08.2021 04:37:13.853,299.045,298.788,1,1
16.08.2021 04:37:13.962,299.024,298.788,1,1
16.08.2021 04:37:14.040,299.03900000000004,298.788,1,1
16.08.2021 04:37:14.943,299.02500000000003,298.788,1,1
16.08.2021 04:37:14.993,299.045,298.788,1,1
16.08.2021 04:37:15.100,299.02500000000003,298.788,1,1
16.08.2021 04:37:15.150,299.043,298.788,1,1
16.08.2021 04:37:15.256,299.02500000000003,298.788,1,1
16.08.2021 04:37:15.507,299.041,298.788,1,1
16.08.2021 04:37:15.760,299.012,298.788,1,1
16.08.2021 04:37:15.835,299.036,298.788,1,1
16.08.2021 04:37:20.635,299.014,298.788,1,1
16.08.2021 04:37:21.346,299.047,298.788,1.5,1
16.08.2021 04:37:21.446,299.03200000000004,298.788,1,1
16.08.2021 04:37:22.161,299.03900000000004,298.788,1,1
16.08.2021 04:37:22.474,299.047,298.788,1.5,1
16.08.2021 04:37:22.593,299.031,298.788,1,1
16.08.2021 04:37:23.082,299.047,298.788,1.5,1
16.08.2021 04:37:23.233,299.017,298.788,1,1
16.08.2021 04:37:23.284,299.047,298.788,1.5,1
16.08.2021 04:37:23.388,299.03900000000004,298.788,1,1
16.08.2021 04:37:23.438,299.047,298.788,1.5,1
16.08.2021 04:37:23.541,299.03900000000004,298.788,1,1
16.08.2021 04:37:23.592,299.047,298.788,1.5,1
16.08.2021 04:37:23.642,299.036,298.788,1,1
16.08.2021 04:37:24.045,299.047,298.788,1.5,1
16.08.2021 04:37:24.168,299.02,298.788,1,1
16.08.2021 04:37:24.750,299.04,298.788,1,1
16.08.2021 04:37:25.400,299.03700000000003,298.788,1,1
16.08.2021 04:37:26.768,299.019,298.788,1,1
16.08.2021 04:37:26.818,299.04,298.788,1,1
16.08.2021 04:37:27.025,299.013,298.788,1,1
16.08.2021 04:37:27.125,299.043,298.788,1,1
16.08.2021 04:37:27.482,299.033,298.788,1,1
16.08.2021 04:37:28.837,299.04,298.788,1,1
16.08.2021 04:37:28.888,299.031,298.788,1,1
16.08.2021 04:37:31.343,299.04400000000004,298.788,1,1
16.08.2021 04:37:31.957,299.012,298.788,1,1
16.08.2021 04:37:32.008,299.03000000000003,298.788,1,1
16.08.2021 04:37:32.603,299.04400000000004,298.788,1,1
16.08.2021 04:37:32.704,299.028,298.788,1,1
16.08.2021 04:37:32.755,299.04400000000004,298.788,1,1
16.08.2021 04:37:32.933,299.026,298.788,1,1
16.08.2021 04:37:33.671,299.026,298.778,1,1.5
16.08.2021 04:37:35.146,299.04200000000003,298.778,1,1.5
16.08.2021 04:37:35.297,299.017,298.778,1,1.5
16.08.2021 04:37:35.347,299.04200000000003,298.778,1,1.5
16.08.2021 04:37:35.608,299.018,298.778,1,1.5
16.08.2021 04:37:35.658,299.03000000000003,298.778,1,1.5
16.08.2021 04:37:36.491,299.012,298.778,1,1.5
16.08.2021 04:37:36.603,299.027,298.778,1,1.5
16.08.2021 04:37:37.463,299.01,298.778,1,1.5
16.08.2021 04:37:37.563,299.046,298.778,1.12,1.5
16.08.2021 04:37:38.951,299.018,298.778,1,1.5
16.08.2021 04:37:39.306,299.033,298.778,1,1.5
16.08.2021 04:37:39.916,299.017,298.778,1,1.5
16.08.2021 04:37:39.966,299.04400000000004,298.778,1,1.5
