Gmt time,Ask,Bid,AskVolume,BidVolume
02.08.2021 00:00:00.158,302.42,301.581,1.75,1
02.08.2021 00:00:00.361,302.42,301.581,1.75,1
02.08.2021 00:00:00.513,302.421,301.594,1.75,1.44
02.08.2021 00:00:00.703,302.348,301.635,1.25,1
02.08.2021 00:00:01.106,302.348,301.635,1.5,1
02.08.2021 00:00:01.156,302.32599999999996,301.582,1.5,1.5
02.08.2021 00:00:01.293,302.32599999999996,301.577,1.5,1.5
02.08.2021 00:00:01.403,302.302,301.648,1,1
02.08.2021 00:00:01.554,302.315,301.612,1.5,1
02.08.2021 00:00:01.605,302.315,301.578,1.5,1.25
02.08.2021 00:00:01.801,302.306,301.579,1.12,1.25
02.08.2021 00:00:01.904,302.301,301.619,1,1
02.08.2021 00:00:02.180,302.323,301.616,1.5,1
02.08.2021 00:00:02.331,302.302,301.615,1,1
02.08.2021 00:00:02.596,302.367,301.59700000000004,1.5,1
02.08.2021 00:00:02.696,302.367,301.583,1.5,1.5
02.08.2021 00:00:02.795,302.367,301.583,1.5,1.5
02.08.2021 00:00:02.848,302.29900000000004,301.653,1,0.75
02.08.2021 00:00:03.017,302.302,301.585,1.5,1.5
02.08.2021 00:00:03.118,302.302,301.585,1.5,1.5
02.08.2021 00:00:03.168,302.302,301.585,1.5,1.5
02.08.2021 00:00:03.347,302.303,301.585,1.5,1.5
02.08.2021 00:00:03.582,302.365,301.583,1.5,1.5
02.08.2021 00:00:03.682,302.297,301.557,1,1.75
02.08.2021 00:00:03.783,302.297,301.63,1,0.69
02.08.2021 00:00:03.833,302.333,301.65700000000004,1.5,1.5
02.08.2021 00:00:04.069,302.297,301.632,1,1
02.08.2021 00:00:04.120,302.343,301.587,1.5,1.25
02.08.2021 00:00:04.270,302.363,301.573,1.5,1.5
02.08.2021 00:00:04.423,302.307,301.646,1.5,1
02.08.2021 00:00:04.576,302.313,301.627,1.5,1.5
02.08.2021 00:00:04.727,302.362,301.65900000000005,1.5,1
02.08.2021 00:00:04.928,302.301,301.622,1,1
02.08.2021 00:00:04.978,302.301,301.588,1,1.5
02.08.2021 00:00:05.113,302.29200000000003,301.658,1,1
02.08.2021 00:00:05.247,302.29200000000003,301.658,1,1.5
02.08.2021 00:00:05.322,302.301,301.589,1,1.5
02.08.2021 00:00:05.473,302.301,301.589,1.5,1.5
02.08.2021 00:00:05.639,302.3,301.59000000000003,1.5,1.25
02.08.2021 00:00:05.690,302.3,301.59000000000003,1.5,1.25
02.08.2021 00:00:05.740,302.3,301.59000000000003,1.5,1.25
02.08.2021 00:00:05.841,302.29,301.666,1,1.5
02.08.2021 00:00:15.348,302.291,301.668,1,1.5
02.08.2021 00:00:15.472,302.308,301.703,1,1
02.08.2021 00:00:15.573,302.348,301.703,1.5,1.5
02.08.2021 00:00:16.580,302.356,301.71,1,1.5
02.08.2021 00:00:18.357,302.357,301.711,1,1.5
02.08.2021 00:00:19.696,302.35900000000004,301.712,1,1.5
02.08.2021 00:00:19.801,302.35900000000004,301.712,1,1.5
02.08.2021 00:00:20.062,302.363,301.71700000000004,1,1.5
02.08.2021 00:00:21.756,302.363,301.71700000000004,1,1
02.08.2021 00:00:21.913,302.392,301.73400000000004,1,1
02.08.2021 00:00:21.964,302.392,301.73400000000004,1.5,1.12
02.08.2021 00:00:24.298,302.392,301.741,1.5,1
02.08.2021 00:00:24.449,302.37,301.79,1.25,1
02.08.2021 00:00:24.821,302.384,301.818,1,1.5
02.08.2021 00:00:25.744,302.384,301.818,1,1.5
02.08.2021 00:00:25.795,302.38599999999997,301.82,1.12,1.5
02.08.2021 00:00:25.895,302.396,301.83,1,1
02.08.2021 00:00:25.946,302.396,301.83,1.12,1.5
02.08.2021 00:00:26.395,302.397,301.831,1,1
02.08.2021 00:00:26.646,302.397,301.831,1.5,1.5
02.08.2021 00:00:28.895,302.397,301.831,1,1
02.08.2021 00:00:29.046,302.397,301.831,1.5,1.5
02.08.2021 00:00:30.601,302.422,301.846,1.5,1.5
02.08.2021 00:00:30.652,302.413,301.837,1,1.5
02.08.2021 00:00:31.370,302.41400000000004,301.839,1,1.5
02.08.2021 00:00:31.568,302.41400000000004,301.839,1.5,1.5
02.08.2021 00:00:32.692,302.41400000000004,301.839,1.5,1.5
02.08.2021 00:00:36.128,302.439,301.848,1.5,1.5
02.08.2021 00:00:39.012,302.438,301.846,1,1
02.08.2021 00:00:39.165,302.438,301.846,1.5,1.5
02.08.2021 00:00:40.745,302.438,301.846,1.5,1.5
02.08.2021 00:00:40.946,302.438,301.846,1.5,1.5
02.08.2021 00:00:42.327,302.438,301.846,1.5,1.5
02.08.2021 00:00:45.423,302.41,301.853,1,1.5
02.08.2021 00:00:45.481,302.399,301.853,1,1.5
02.08.2021 00:00:45.582,302.389,301.896,1,1
02.08.2021 00:00:45.683,302.38599999999997,301.896,1,1.5
02.08.2021 00:00:46.379,302.38599999999997,301.943,1,1
02.08.2021 00:00:46.581,302.38599999999997,301.943,1,1.25
02.08.2021 00:00:46.812,302.38599999999997,301.941,1,0.75
02.08.2021 00:00:47.034,302.38599999999997,301.941,1,1.5
02.08.2021 00:00:47.704,302.394,301.944,1,1.5
02.08.2021 00:00:48.297,302.394,301.945,1,1
02.08.2021 00:00:48.597,302.394,301.941,1,1.5
02.08.2021 00:00:51.150,302.394,301.941,1,1.5
02.08.2021 00:00:52.479,302.394,301.95,1,1.25
02.08.2021 00:00:54.686,302.394,301.95099999999996,1,0.75
02.08.2021 00:00:54.737,302.394,301.897,1,1
02.08.2021 00:00:54.787,302.394,301.952,1,0.75
02.08.2021 00:00:54.888,302.394,301.952,1,1.5
02.08.2021 00:00:55.442,302.387,301.952,1,1.5
02.08.2021 00:00:59.168,302.387,301.958,1,1
02.08.2021 00:00:59.299,302.387,301.958,1,1.25
02.08.2021 00:01:00.478,302.387,301.961,1,1.5
02.08.2021 00:01:00.593,302.387,301.961,1,1
02.08.2021 00:01:00.694,302.387,301.964,1,0.75
02.08.2021 00:01:00.845,302.387,301.964,1,1.5
02.08.2021 00:01:01.349,302.421,301.964,1,1.5
02.08.2021 00:01:01.450,302.421,301.97,1,1.5
02.08.2021 00:01:02.044,302.421,301.97200000000004,1,1
02.08.2021 00:01:02.218,302.421,301.97200000000004,1,1.25
02.08.2021 00:01:04.539,302.421,301.971,1,1.5
02.08.2021 00:01:05.567,302.421,301.96500000000003,1,1
02.08.2021 00:01:05.769,302.421,301.96500000000003,1,1.25
02.08.2021 00:01:16.690,302.421,302.03400000000005,1,0.37
02.08.2021 00:01:16.740,302.423,302.03400000000005,1,0.37
02.08.2021 00:01:16.791,302.41200000000003,302.03400000000005,1,0.37
02.08.2021 00:01:16.891,302.41200000000003,301.975,1,1.25
02.08.2021 00:01:16.942,302.41200000000003,301.971,1,1.5
02.08.2021 00:01:17.043,302.41200000000003,301.971,1,1.5
02.08.2021 00:01:17.093,302.41200000000003,301.96700000000004,1,1.5
02.08.2021 00:01:17.144,302.41200000000003,301.96700000000004,1,1.5
02.08.2021 00:01:21.204,302.41200000000003,302.03400000000005,1,0.37
02.08.2021 00:01:21.413,302.41200000000003,301.96700000000004,1,1.5
02.08.2021 00:01:21.513,302.41200000000003,301.968,1,1.5
02.08.2021 00:01:21.564,302.41200000000003,301.97700000000003,1,1.25
02.08.2021 00:01:21.715,302.40500000000003,301.968,1,1.5
02.08.2021 00:01:21.815,302.394,301.999,1,1
02.08.2021 00:01:21.884,302.394,301.968,1,1
02.08.2021 00:01:21.935,302.406,301.968,1,1.25
02.08.2021 00:01:21.985,302.391,301.981,1,1
02.08.2021 00:01:22.086,302.376,301.968,1,1.5
02.08.2021 00:01:22.137,302.384,301.97400000000005,1,1.75
02.08.2021 00:01:22.187,302.368,301.987,1,1.5
02.08.2021 00:01:22.237,302.368,301.956,1,1.25
02.08.2021 00:01:22.338,302.377,301.956,1,1.25
02.08.2021 00:01:22.448,302.382,302.04400000000004,1,0.37
02.08.2021 00:01:22.549,302.368,302.005,1,1.25
02.08.2021 00:01:22.649,302.368,301.96500000000003,1,1
02.08.2021 00:01:22.699,302.368,301.988,1,1.25
02.08.2021 00:01:22.800,302.373,301.98400000000004,1,1.25
02.08.2021 00:01:22.951,302.372,301.97200000000004,1,1.25
02.08.2021 00:01:23.002,302.372,302.022,1,1
02.08.2021 00:01:23.052,302.385,302.022,1,1
02.08.2021 00:01:23.153,302.382,302.022,1,1
02.08.2021 00:01:23.253,302.40000000000003,302.022,1,1
02.08.2021 00:01:23.304,302.393,301.991,1,1.25
02.08.2021 00:01:23.354,302.393,302.001,1,1
02.08.2021 00:01:23.455,302.38599999999997,301.988,1,1.25
02.08.2021 00:01:23.505,302.38599999999997,302.026,1,1
02.08.2021 00:01:23.606,302.384,302.026,1,1
02.08.2021 00:01:23.707,302.37,302.012,1,1.75
02.08.2021 00:01:23.758,302.378,301.988,1,1.5
02.08.2021 00:01:23.858,302.371,302.074,1,0.37
02.08.2021 00:01:23.959,302.377,302.074,1,0.37
02.08.2021 00:01:24.160,302.384,302.016,1,1.5
02.08.2021 00:01:24.210,302.381,302.03400000000005,1,0.69
02.08.2021 00:01:24.261,302.38599999999997,302.006,1,1.5
02.08.2021 00:01:24.361,302.383,301.988,1,1.5
02.08.2021 00:01:24.412,302.389,301.988,1,1.5
02.08.2021 00:01:24.562,302.389,302.001,1,1.5
02.08.2021 00:01:24.721,302.389,302.024,1,1.12
02.08.2021 00:01:24.771,302.376,302.024,1,1.12
02.08.2021 00:01:24.972,302.381,302.024,1,1
02.08.2021 00:01:25.073,302.36400000000003,302.041,1,0.19
02.08.2021 00:01:25.305,302.36400000000003,302.028,1,1.25
02.08.2021 00:01:25.557,302.36400000000003,301.983,1,1.5
02.08.2021 00:01:25.607,302.36400000000003,301.983,1,1.5
02.08.2021 00:01:25.658,302.36400000000003,302.005,1,1.5
02.08.2021 00:01:25.809,302.383,302.04400000000004,1,0.69
02.08.2021 00:01:25.930,302.378,301.986,1,1.5
02.08.2021 00:01:26.045,302.372,302.01099999999997,1,1.25
02.08.2021 00:01:26.112,302.379,302.01099999999997,1,1.25
02.08.2021 00:01:26.163,302.379,302.027,1,1
02.08.2021 00:01:26.213,302.379,301.986,1,1.5
02.08.2021 00:01:26.364,302.372,302.002,1,1.5
02.08.2021 00:01:26.516,302.372,301.988,1,1.25
02.08.2021 00:01:26.616,302.389,301.988,1,1.25
02.08.2021 00:01:26.718,302.389,301.988,1,1.5
02.08.2021 00:01:26.872,302.382,301.993,1,1.5
02.08.2021 00:01:26.974,302.389,302.046,1,0.69
02.08.2021 00:01:27.024,302.389,301.991,1,1
02.08.2021 00:01:27.075,302.394,302.001,1,1
02.08.2021 00:01:27.302,302.391,302.012,1,1
02.08.2021 00:01:27.453,302.391,301.98400000000004,1,1.25
02.08.2021 00:01:27.503,302.391,301.991,1,1.25
02.08.2021 00:01:27.554,302.391,301.988,1,1
02.08.2021 00:01:27.801,302.391,302.019,1,1
02.08.2021 00:01:27.851,302.391,301.992,1,1
02.08.2021 00:01:28.003,302.391,301.992,1,1.5
02.08.2021 00:01:28.232,302.449,302.009,1.5,1.75
02.08.2021 00:01:28.433,302.447,302.004,1.5,1.5
02.08.2021 00:01:28.533,302.447,301.988,1.5,1
02.08.2021 00:01:28.584,302.40700000000004,301.988,1,1
02.08.2021 00:01:28.634,302.40700000000004,301.981,1,1.5
02.08.2021 00:01:28.708,302.40700000000004,302.001,1,1
02.08.2021 00:01:28.811,302.388,301.999,1,1.5
02.08.2021 00:01:28.956,302.395,302.051,1,0.69
02.08.2021 00:01:29.121,302.387,302.021,1,1.5
02.08.2021 00:01:29.172,302.387,301.999,1,1.5
02.08.2021 00:01:29.223,302.391,301.999,1,1.5
02.08.2021 00:01:29.323,302.391,301.999,1,1.5
02.08.2021 00:01:29.374,302.377,301.999,1,1.5
02.08.2021 00:01:29.513,302.388,301.999,1,1.5
02.08.2021 00:01:29.564,302.388,302.021,1,1
02.08.2021 00:01:29.664,302.388,301.999,1,1.5
02.08.2021 00:01:29.715,302.38599999999997,302.046,1,1
02.08.2021 00:01:29.866,302.38,302.047,1,1.5
02.08.2021 00:01:29.977,302.393,302.047,1,1.5
02.08.2021 00:01:30.124,302.381,302.053,1,0.69
02.08.2021 00:01:30.174,302.393,301.999,1,1.5
02.08.2021 00:01:30.225,302.38,301.999,1,1.5
02.08.2021 00:01:30.275,302.383,301.999,1,1.5
02.08.2021 00:01:30.577,302.383,302.001,1,1.5
02.08.2021 00:01:30.735,302.383,302.004,1,1
02.08.2021 00:01:30.835,302.383,302.007,1,1
02.08.2021 00:01:30.886,302.383,302.004,1,1
02.08.2021 00:01:30.936,302.383,302.074,1,0.37
02.08.2021 00:01:31.037,302.383,302,1,1.5
02.08.2021 00:01:31.138,302.408,302,1,1.5
02.08.2021 00:01:31.188,302.382,302,1,1.5
02.08.2021 00:01:31.289,302.404,302,1,1.5
02.08.2021 00:01:31.340,302.382,302,1,1
02.08.2021 00:01:31.440,302.38,301.992,1,1.5
02.08.2021 00:01:31.541,302.38,302.015,1,1
02.08.2021 00:01:31.710,302.379,302.015,1,1.5
02.08.2021 00:01:31.811,302.379,302.038,1,1
02.08.2021 00:01:32.513,302.381,302.038,1,1.5
02.08.2021 00:01:32.564,302.385,302.053,1,0.69
02.08.2021 00:01:32.614,302.383,302.053,1,0.69
02.08.2021 00:01:32.715,302.383,302.001,1,1
02.08.2021 00:01:32.867,302.383,302.001,1,1.25
02.08.2021 00:01:33.005,302.383,302.03400000000005,1,1.12
02.08.2021 00:01:33.511,302.382,302.03400000000005,1,1.5
02.08.2021 00:01:33.562,302.388,302.06,1,0.69
02.08.2021 00:01:33.612,302.385,302.06,1,0.69
02.08.2021 00:01:33.713,302.376,302.021,1,1
02.08.2021 00:01:33.764,302.387,302.001,1,1.25
02.08.2021 00:01:33.815,302.376,302.001,1,1
02.08.2021 00:01:33.972,302.382,302.004,1,1
02.08.2021 00:01:34.073,302.382,302.004,1,1.5
02.08.2021 00:01:34.344,302.382,302.046,1,1
02.08.2021 00:01:34.457,302.389,302.046,1,1
02.08.2021 00:01:34.507,302.375,302.046,1,1
02.08.2021 00:01:34.608,302.377,302.084,1,0.37
02.08.2021 00:01:34.709,302.376,302.05400000000003,1,1.25
02.08.2021 00:01:34.759,302.382,302.05400000000003,1,0.75
02.08.2021 00:01:35.010,302.413,302.05400000000003,1,1
02.08.2021 00:01:35.061,302.413,302.035,1,1
02.08.2021 00:01:35.161,302.41700000000003,302.009,1,1
02.08.2021 00:01:35.212,302.41700000000003,302.021,1,1
02.08.2021 00:01:35.262,302.41900000000004,302.009,1,1
02.08.2021 00:01:35.313,302.426,302.02,1,1
02.08.2021 00:01:35.363,302.421,302.009,1,1
02.08.2021 00:01:35.413,302.41900000000004,302.009,1,1
02.08.2021 00:01:35.514,302.41900000000004,302.04400000000004,1,1
02.08.2021 00:01:35.737,302.418,302.04400000000004,1,1
02.08.2021 00:01:37.906,302.418,302.027,1,1
02.08.2021 00:01:38.010,302.408,302.013,1,1.5
02.08.2021 00:01:38.111,302.42400000000004,302.013,1,1.5
02.08.2021 00:01:38.211,302.442,302.013,1,1.5
02.08.2021 00:01:38.312,302.444,302.029,1,1.5
02.08.2021 00:01:38.670,302.444,302.046,1,1
02.08.2021 00:01:38.821,302.444,302.046,1,1.5
02.08.2021 00:01:39.067,302.444,302.063,1,1
02.08.2021 00:01:39.168,302.448,302.062,1,1.5
02.08.2021 00:01:39.309,302.433,302.058,1,0.69
02.08.2021 00:01:39.359,302.433,302.05400000000003,1,0.62
02.08.2021 00:01:39.410,302.433,302.003,1,1.5
02.08.2021 00:01:39.510,302.431,302.03400000000005,1,1.75
02.08.2021 00:01:39.611,302.442,302.019,1,1.5
02.08.2021 00:01:39.762,302.442,302.052,1,1.25
02.08.2021 00:01:39.863,302.431,302.052,1,1
02.08.2021 00:01:39.963,302.432,302.027,1,1.5
02.08.2021 00:01:40.187,302.432,302.05,1,1
02.08.2021 00:01:40.461,302.43,302.05,1,1
02.08.2021 00:01:41.566,302.426,302.022,1,1.5
02.08.2021 00:01:41.667,302.433,302.022,1,1.5
02.08.2021 00:01:41.717,302.433,302.022,1,1.5
02.08.2021 00:01:41.938,302.433,302.055,1,1
02.08.2021 00:01:42.462,302.436,302.055,1,1
02.08.2021 00:01:43.567,302.449,302.068,1,1.69
02.08.2021 00:01:43.669,302.449,302.134,1,0.37
02.08.2021 00:01:44.212,302.449,302.072,1,1.5
02.08.2021 00:01:44.312,302.453,302.072,1,1.5
02.08.2021 00:01:44.363,302.453,302.074,1,1.5
02.08.2021 00:01:44.666,302.455,302.074,1,1.5
02.08.2021 00:01:44.738,302.455,302.074,1,1.5
02.08.2021 00:01:46.670,302.455,302.086,1,1
02.08.2021 00:01:46.771,302.455,302.086,1,1.5
02.08.2021 00:01:47.817,302.455,302.081,1,1.5
02.08.2021 00:01:49.019,302.455,302.081,1.5,1.5
02.08.2021 00:01:49.820,302.455,302.083,1,1.5
02.08.2021 00:01:52.289,302.455,302.083,1,1.5
02.08.2021 00:01:52.439,302.464,302.079,1,1.5
02.08.2021 00:01:52.491,302.464,302.134,1.5,0.37
02.08.2021 00:01:54.561,302.464,302.094,1.5,1.5
02.08.2021 00:01:56.685,302.464,302.09200000000004,1,1.5
02.08.2021 00:01:56.842,302.47400000000005,302.10900000000004,1.5,1.5
02.08.2021 00:01:58.653,302.47400000000005,302.10900000000004,1,1
02.08.2021 00:01:58.703,302.444,302.091,1,1.5
02.08.2021 00:01:58.753,302.448,302.098,1,1.5
02.08.2021 00:01:58.804,302.454,302.098,1,1.5
02.08.2021 00:01:58.857,302.454,302.098,1,1.5
02.08.2021 00:01:59.056,302.454,302.098,1,1.5
02.08.2021 00:02:03.457,302.454,302.09200000000004,1,1
02.08.2021 00:02:03.558,302.454,302.09200000000004,1,1.5
02.08.2021 00:02:04.742,302.454,302.09200000000004,1,1.5
02.08.2021 00:02:08.544,302.454,302.09200000000004,1,1.5
02.08.2021 00:02:11.584,302.454,302.087,1,1
02.08.2021 00:02:11.826,302.454,302.085,1,1
02.08.2021 00:02:13.259,302.454,302.084,1,1.12
02.08.2021 00:02:15.586,302.454,302.084,1.5,1.12
02.08.2021 00:02:23.419,302.454,302.081,1.5,1
02.08.2021 00:02:23.582,302.42400000000004,302.081,1,1
02.08.2021 00:02:23.646,302.42400000000004,302.069,1,1.5
02.08.2021 00:02:23.739,302.42400000000004,302.069,1,1.5
02.08.2021 00:02:23.940,302.42400000000004,302.069,1,1.5
02.08.2021 00:02:29.557,302.42400000000004,302.061,1,1
02.08.2021 00:02:29.817,302.42400000000004,302.05400000000003,1,1.12
02.08.2021 00:02:30.781,302.42400000000004,302.05400000000003,1,1.5
02.08.2021 00:02:31.252,302.444,302.05400000000003,1.5,1.5
02.08.2021 00:02:31.988,302.466,302.05400000000003,1.75,1.5
02.08.2021 00:02:32.325,302.46500000000003,302.053,1.75,1.5
02.08.2021 00:02:32.982,302.46500000000003,302.053,1.75,1.5
02.08.2021 00:02:35.516,302.46,302.048,1.5,1.5
02.08.2021 00:02:35.566,302.46,302.048,1.5,1.5
02.08.2021 00:02:36.308,302.46700000000004,302.055,1.5,1.5
02.08.2021 00:02:37.878,302.466,302.05400000000003,1.5,1.5
02.08.2021 00:02:42.009,302.466,302.05400000000003,1.5,1.5
02.08.2021 00:02:43.866,302.466,302.05400000000003,1.5,1.5
02.08.2021 00:02:44.067,302.47,302.058,1,1.5
02.08.2021 00:02:44.117,302.447,302.07099999999997,1,1
02.08.2021 00:02:44.218,302.447,302.083,1.25,1.25
02.08.2021 00:02:44.319,302.436,302.144,1.5,0.37
02.08.2021 00:02:45.177,302.418,302.083,1,1.5
02.08.2021 00:02:49.338,302.418,302.091,1,1.25
02.08.2021 00:02:49.389,302.418,302.091,1,1.5
02.08.2021 00:02:52.289,302.418,302.067,1,1.5
02.08.2021 00:02:52.339,302.43,302.09900000000005,1,1
02.08.2021 00:02:52.520,302.43,302.13599999999997,1.5,0.69
02.08.2021 00:02:52.570,302.43,302.07099999999997,1,1.5
02.08.2021 00:02:52.754,302.43,302.17400000000004,1,0.37
02.08.2021 00:02:52.955,302.43,302.146,1,0.69
02.08.2021 00:02:53.157,302.43,302.184,1,0.37
02.08.2021 00:02:53.358,302.43,302.149,1.5,0.69
02.08.2021 00:02:53.558,302.43,302.17400000000004,1,0.37
02.08.2021 00:02:53.760,302.43,302.144,1.5,0.69
02.08.2021 00:02:53.962,302.43,302.103,1,1.5
02.08.2021 00:02:54.170,302.43,302.084,1.5,1.5
02.08.2021 00:02:54.414,302.43,302.103,1,1.5
02.08.2021 00:02:54.617,302.43,302.084,1.5,1.5
02.08.2021 00:02:54.822,302.43,302.103,1,1.5
02.08.2021 00:02:54.982,302.43,302.084,1.5,1.5
02.08.2021 00:02:55.180,302.43,302.103,1,1.5
02.08.2021 00:02:55.384,302.43,302.087,1,1.5
02.08.2021 00:02:55.613,302.43,302.106,1,1.5
02.08.2021 00:02:55.828,302.43,302.091,1,1.5
02.08.2021 00:02:55.989,302.43,302.184,1,0.37
02.08.2021 00:02:56.233,302.43,302.091,1,1.5
02.08.2021 00:02:56.437,302.43,302.107,1,1.5
02.08.2021 00:02:56.636,302.43,302.091,1,1.5
02.08.2021 00:02:56.835,302.43,302.107,1,1.5
02.08.2021 00:02:57.037,302.43,302.085,1,1.5
02.08.2021 00:02:57.242,302.43,302.106,1,1.5
02.08.2021 00:02:57.441,302.43,302.087,1,1.5
02.08.2021 00:02:57.641,302.43,302.107,1,1.5
02.08.2021 00:02:57.842,302.43,302.085,1,1.5
02.08.2021 00:02:58.044,302.43,302.105,1,1.5
02.08.2021 00:02:58.245,302.43,302.085,1,1.5
02.08.2021 00:02:58.446,302.43,302.105,1,1.5
02.08.2021 00:02:58.647,302.43,302.085,1,1.5
02.08.2021 00:03:09.018,302.43,302.084,1,1.5
02.08.2021 00:03:09.069,302.43,302.118,1,1
02.08.2021 00:03:24.408,302.43,302.091,1,1.5
02.08.2021 00:03:24.620,302.43,302.09700000000004,1,1.5
02.08.2021 00:03:27.575,302.43,302.09700000000004,1,1.5
02.08.2021 00:03:27.730,302.43,302.09700000000004,1,1.5
02.08.2021 00:03:31.251,302.437,302.09700000000004,1,1.5
02.08.2021 00:03:31.461,302.437,302.101,1,1.5
02.08.2021 00:03:31.887,302.513,302.10900000000004,1.5,1.5
02.08.2021 00:03:33.283,302.513,302.10900000000004,1.25,1.5
02.08.2021 00:03:33.334,302.513,302.10900000000004,1,1.5
02.08.2021 00:03:33.446,302.513,302.10900000000004,1.5,1.5
02.08.2021 00:03:33.740,302.513,302.10900000000004,1,1.5
02.08.2021 00:03:35.851,302.513,302.10900000000004,1,1.5
02.08.2021 00:03:38.302,302.513,302.10900000000004,1,1.5
02.08.2021 00:03:39.158,302.486,302.10900000000004,1,1.5
02.08.2021 00:03:39.260,302.439,302.101,1,1.5
02.08.2021 00:03:39.461,302.428,302.10400000000004,1,1.5
02.08.2021 00:03:42.001,302.428,302.115,1,1.5
02.08.2021 00:03:44.705,302.428,302.113,1,1.5
02.08.2021 00:03:44.806,302.442,302.143,1,1.5
02.08.2021 00:03:44.915,302.47,302.125,1,1.5
02.08.2021 00:03:45.066,302.47,302.125,1,1.5
02.08.2021 00:03:51.124,302.47,302.204,1,0.37
02.08.2021 00:03:51.357,302.47,302.163,1,1
02.08.2021 00:03:52.376,302.47,302.16400000000004,1,1
02.08.2021 00:03:52.577,302.47,302.176,1,1
02.08.2021 00:04:01.583,302.47,302.144,1,1.5
02.08.2021 00:04:04.895,302.47,302.131,1,1.5
02.08.2021 00:04:08.129,302.47,302.124,1.5,1.5
02.08.2021 00:04:08.337,302.47,302.124,1,1.5
02.08.2021 00:04:08.451,302.47,302.124,1.5,1.5
02.08.2021 00:04:11.488,302.47,302.128,1,1.5
02.08.2021 00:04:11.589,302.47,302.128,1,1.5
02.08.2021 00:04:13.298,302.47,302.128,1,1.5
02.08.2021 00:04:16.288,302.47,302.123,1.5,1.5
02.08.2021 00:04:17.133,302.47,302.122,1.5,1.5
02.08.2021 00:04:17.234,302.47,302.122,1.5,1.5
02.08.2021 00:04:21.039,302.47,302.119,1,1.5
02.08.2021 00:04:24.992,302.47,302.119,1.5,1.5
02.08.2021 00:04:25.193,302.47,302.119,1,1.5
02.08.2021 00:04:30.474,302.47,302.119,1.5,1.5
02.08.2021 00:04:39.172,302.444,302.131,1,1.5
02.08.2021 00:04:39.334,302.444,302.126,1,1.5
02.08.2021 00:04:39.435,302.444,302.146,1,1.5
02.08.2021 00:04:39.588,302.444,302.185,1,0.69
02.08.2021 00:04:39.638,302.444,302.185,1,0.69
02.08.2021 00:04:40.042,302.444,302.127,1,1.5
02.08.2021 00:04:40.093,302.444,302.127,1,1.5
02.08.2021 00:04:40.302,302.444,302.132,1,1.5
02.08.2021 00:04:42.615,302.444,302.141,1,1.5
02.08.2021 00:04:42.853,302.444,302.141,1,1.5
02.08.2021 00:04:50.625,302.444,302.146,1,1.5
02.08.2021 00:04:51.617,302.444,302.14,1,1.62
02.08.2021 00:04:51.770,302.444,302.204,1,0.37
02.08.2021 00:04:55.575,302.444,302.17900000000003,1,1
02.08.2021 00:05:13.721,302.444,302.143,1,1
02.08.2021 00:05:14.084,302.444,302.143,1,1.5
02.08.2021 00:05:15.287,302.444,302.141,1,1.5
02.08.2021 00:05:16.857,302.444,302.141,1,1.5
02.08.2021 00:05:24.504,302.463,302.146,1,1.5
02.08.2021 00:05:29.153,302.48400000000004,302.187,1,0.87
02.08.2021 00:05:29.254,302.46,302.187,1,0.87
02.08.2021 00:05:29.304,302.46,302.16400000000004,1.5,1
02.08.2021 00:05:29.786,302.464,302.214,1,0.37
02.08.2021 00:05:30.360,302.464,302.195,1,0.87
02.08.2021 00:05:30.502,302.462,302.22400000000005,1,0.37
02.08.2021 00:05:30.552,302.464,302.177,1,1
02.08.2021 00:05:31.583,302.464,302.177,1,1
02.08.2021 00:05:31.784,302.464,302.186,1,1
02.08.2021 00:05:32.027,302.462,302.199,1,1
02.08.2021 00:05:32.078,302.462,302.176,1,1
02.08.2021 00:05:32.147,302.464,302.176,1,1
02.08.2021 00:05:32.685,302.464,302.188,1,1
02.08.2021 00:05:32.786,302.464,302.193,1,0.87
02.08.2021 00:05:32.979,302.464,302.18,1,1
02.08.2021 00:05:35.246,302.469,302.182,1,1
02.08.2021 00:05:35.311,302.509,302.182,1,1
02.08.2021 00:05:35.511,302.499,302.182,1,1
02.08.2021 00:05:35.615,302.523,302.16700000000003,1,1.5
02.08.2021 00:05:35.797,302.523,302.206,1,0.69
02.08.2021 00:05:35.898,302.48900000000003,302.161,1,1.5
02.08.2021 00:05:36.502,302.48900000000003,302.199,1.5,0.69
02.08.2021 00:05:46.444,302.48900000000003,302.151,1.5,1.5
02.08.2021 00:05:46.645,302.462,302.171,1,1.5
02.08.2021 00:05:48.862,302.462,302.15700000000004,1,1.5
02.08.2021 00:05:49.024,302.462,302.161,1,1.5
02.08.2021 00:05:49.125,302.47400000000005,302.161,1,1.5
02.08.2021 00:05:54.675,302.47400000000005,302.16700000000003,1,1.5
02.08.2021 00:06:08.822,302.47400000000005,302.154,1,1.5
02.08.2021 00:06:27.298,302.47400000000005,302.211,1,1
02.08.2021 00:06:33.935,302.47400000000005,302.15500000000003,1,1.5
02.08.2021 00:06:35.191,302.47400000000005,302.244,1,0.37
02.08.2021 00:06:47.139,302.5,302.191,1,1.5
02.08.2021 00:06:47.189,302.5,302.20099999999996,1,1.5
02.08.2021 00:06:50.677,302.5,302.173,1,1.5
02.08.2021 00:06:50.865,302.5,302.182,1,1.5
02.08.2021 00:06:53.958,302.5,302.182,1,1.5
02.08.2021 00:06:54.159,302.5,302.18,1,1
02.08.2021 00:06:54.407,302.5,302.214,1,0.87
02.08.2021 00:06:55.742,302.5,302.219,1,1
02.08.2021 00:07:00.386,302.5,302.176,1,1.5
02.08.2021 00:07:00.537,302.5,302.18,1,1.5
02.08.2021 00:07:00.947,302.5,302.191,1,1.5
02.08.2021 00:07:01.047,302.5,302.18,1,1.5
02.08.2021 00:07:04.318,302.5,302.177,1,1.5
02.08.2021 00:07:12.628,302.5,302.187,1,1
02.08.2021 00:07:21.785,302.5,302.264,1,0.37
02.08.2021 00:07:22.644,302.5,302.249,1,1
02.08.2021 00:07:23.301,302.5,302.259,1,1
02.08.2021 00:07:24.181,302.5,302.247,1,1
02.08.2021 00:07:28.157,302.5,302.248,1,1
02.08.2021 00:07:34.231,302.528,302.221,1,1.5
02.08.2021 00:07:34.281,302.528,302.221,1,1.5
02.08.2021 00:07:35.552,302.528,302.221,1,1.5
02.08.2021 00:07:40.431,302.528,302.258,1,0.69
02.08.2021 00:07:43.202,302.528,302.206,1,1.5
02.08.2021 00:07:45.407,302.528,302.211,1,1.5
02.08.2021 00:07:47.447,302.528,302.244,1,1
02.08.2021 00:07:48.433,302.5,302.236,1,1
02.08.2021 00:07:48.534,302.5,302.221,1,1
02.08.2021 00:07:48.735,302.5,302.23900000000003,1,1
02.08.2021 00:07:48.891,302.5,302.228,1,1
02.08.2021 00:07:53.436,302.5,302.238,1,1
02.08.2021 00:07:56.086,302.5,302.238,1,1
02.08.2021 00:07:56.548,302.5,302.24,1,1
02.08.2021 00:07:57.146,302.5,302.231,1,1
02.08.2021 00:07:58.187,302.5,302.22400000000005,1,1
02.08.2021 00:08:03.554,302.5,302.193,1,1.5
02.08.2021 00:08:06.472,302.5,302.189,1,1.5
02.08.2021 00:08:14.528,302.5,302.165,1,1.5
02.08.2021 00:08:20.991,302.5,302.21,1,1
02.08.2021 00:08:25.079,302.5,302.171,1,1.5
02.08.2021 00:08:26.711,302.5,302.181,1,1.5
02.08.2021 00:08:27.091,302.5,302.181,1,1.5
02.08.2021 00:08:27.293,302.5,302.182,1,1.5
02.08.2021 00:08:28.478,302.5,302.176,1,1.5
02.08.2021 00:08:31.445,302.5,302.184,1,1.5
02.08.2021 00:08:34.896,302.482,302.181,1,1.5
02.08.2021 00:08:43.230,302.482,302.22700000000003,1,0.69
02.08.2021 00:08:46.994,302.482,302.171,1,1.5
02.08.2021 00:08:47.563,302.482,302.216,1,1
02.08.2021 00:08:47.716,302.482,302.216,1,1
02.08.2021 00:08:51.288,302.482,302.22400000000005,1,1
02.08.2021 00:08:51.538,302.482,302.219,1,1
02.08.2021 00:08:52.325,302.482,302.21500000000003,1,1
02.08.2021 00:08:53.889,302.482,302.214,1,1
02.08.2021 00:08:59.683,302.482,302.214,1,1
02.08.2021 00:09:01.022,302.482,302.176,1,1.5
02.08.2021 00:09:05.515,302.482,302.176,1,1.5
02.08.2021 00:09:09.135,302.482,302.16700000000003,1,1.5
02.08.2021 00:09:11.594,302.482,302.17400000000004,1,1.5
02.08.2021 00:09:11.848,302.482,302.171,1,1.5
02.08.2021 00:09:13.958,302.482,302.173,1,1.5
02.08.2021 00:09:17.038,302.482,302.208,1,1
02.08.2021 00:09:19.019,302.482,302.208,1,1
02.08.2021 00:09:30.588,302.482,302.218,1,1
02.08.2021 00:09:30.795,302.482,302.181,1,1.5
02.08.2021 00:09:31.476,302.482,302.181,1,1.5
02.08.2021 00:09:31.822,302.482,302.181,1,1.5
02.08.2021 00:09:32.730,302.482,302.181,1,1.5
02.08.2021 00:09:39.098,302.482,302.163,1,1.5
02.08.2021 00:09:48.206,302.482,302.191,1,1
02.08.2021 00:09:48.401,302.482,302.185,1,1
02.08.2021 00:09:48.802,302.482,302.195,1,1
02.08.2021 00:09:49.347,302.482,302.197,1,1
02.08.2021 00:10:06.241,302.457,302.161,1,1.5
02.08.2021 00:10:06.292,302.457,302.161,1,1.5
02.08.2021 00:10:13.644,302.457,302.183,1,1
02.08.2021 00:10:13.694,302.457,302.186,1,1
02.08.2021 00:10:30.258,302.457,302.188,1,0.69
02.08.2021 00:10:43.034,302.457,302.153,1,1.5
02.08.2021 00:10:45.299,302.457,302.153,1,1.5
02.08.2021 00:10:49.870,302.457,302.151,1,1.5
02.08.2021 00:10:50.122,302.457,302.143,1,1.5
02.08.2021 00:11:03.345,302.456,302.143,1,1.5
02.08.2021 00:11:06.947,302.456,302.151,1,1.5
02.08.2021 00:11:07.119,302.456,302.146,1,1.5
02.08.2021 00:11:21.897,302.456,302.18,1,1
02.08.2021 00:11:21.947,302.427,302.173,1,1
02.08.2021 00:11:22.099,302.427,302.173,1,1
02.08.2021 00:11:28.027,302.427,302.16400000000004,1,0.69
02.08.2021 00:11:30.812,302.427,302.131,1,1.5
02.08.2021 00:11:39.813,302.427,302.107,1,1.5
02.08.2021 00:11:47.951,302.427,302.121,1,1.5
02.08.2021 00:11:48.476,302.427,302.214,1,0.37
02.08.2021 00:11:48.704,302.427,302.131,1,1.5
02.08.2021 00:11:53.717,302.427,302.168,1,1
02.08.2021 00:11:53.942,302.427,302.176,1,1
02.08.2021 00:11:55.041,302.427,302.165,1,1
02.08.2021 00:12:00.413,302.427,302.117,1,1.5
02.08.2021 00:12:03.350,302.427,302.11400000000003,1,1.5
02.08.2021 00:12:07.497,302.427,302.121,1,1.5
02.08.2021 00:12:09.823,302.427,302.117,1,1.5
02.08.2021 00:12:13.979,302.427,302.121,1,1.5
02.08.2021 00:12:17.493,302.427,302.141,1,1.5
02.08.2021 00:12:17.716,302.427,302.133,1,1.5
02.08.2021 00:12:28.229,302.427,302.141,1,1.5
02.08.2021 00:12:28.428,302.427,302.132,1,1.5
02.08.2021 00:12:33.528,302.427,302.125,1,1.5
02.08.2021 00:12:33.786,302.427,302.126,1,1.5
02.08.2021 00:12:34.028,302.427,302.124,1,1.5
02.08.2021 00:12:34.301,302.427,302.126,1,1.5
02.08.2021 00:12:34.357,302.427,302.126,1,1.5
02.08.2021 00:12:34.805,302.427,302.127,1,1.5
02.08.2021 00:12:36.511,302.427,302.123,1,1.5
02.08.2021 00:12:52.145,302.439,302.166,1,0.87
02.08.2021 00:12:52.196,302.442,302.166,1,0.87
02.08.2021 00:12:52.305,302.442,302.15700000000004,1,1
02.08.2021 00:13:00.753,302.442,302.121,1,1.5
02.08.2021 00:13:05.323,302.442,302.214,1,0.37
02.08.2021 00:13:07.290,302.442,302.13599999999997,1,1.5
02.08.2021 00:13:12.285,302.441,302.134,1,1.5
02.08.2021 00:13:21.794,302.441,302.141,1,1.5
02.08.2021 00:13:25.749,302.441,302.116,1,1.5
02.08.2021 00:13:25.956,302.441,302.132,1,1.5
02.08.2021 00:13:29.894,302.442,302.132,1,1.5
02.08.2021 00:13:34.993,302.442,302.111,1,1.5
02.08.2021 00:13:49.235,302.442,302.204,1,0.37
02.08.2021 00:13:54.425,302.442,302.16700000000003,1,1
02.08.2021 00:14:03.779,302.442,302.111,1,1.5
02.08.2021 00:14:03.830,302.41700000000003,302.111,1,1.5
02.08.2021 00:14:13.400,302.41700000000003,302.093,1,1.5
02.08.2021 00:14:15.636,302.41700000000003,302.105,1,1.5
02.08.2021 00:14:20.132,302.41700000000003,302.17,1,1
02.08.2021 00:14:20.317,302.41700000000003,302.17,1,1
02.08.2021 00:14:25.542,302.41700000000003,302.166,1,1
02.08.2021 00:14:27.588,302.41700000000003,302.16900000000004,1,1
02.08.2021 00:14:29.516,302.41700000000003,302.131,1,1.5
02.08.2021 00:14:29.871,302.41700000000003,302.131,1,1.5
02.08.2021 00:14:43.237,302.41700000000003,302.127,1,1.5
02.08.2021 00:14:46.431,302.41700000000003,302.151,1,1
02.08.2021 00:14:48.313,302.41700000000003,302.16400000000004,1,1
02.08.2021 00:14:52.131,302.416,302.163,1,1
02.08.2021 00:14:56.332,302.416,302.144,1,1
02.08.2021 00:14:56.433,302.416,302.10900000000004,1,1
02.08.2021 00:14:56.532,302.416,302.17400000000004,1,0.37
02.08.2021 00:15:00.133,302.415,302.101,1,1.5
02.08.2021 00:15:07.139,302.415,302.101,1,1.5
02.08.2021 00:15:07.345,302.415,302.111,1,1.5
02.08.2021 00:15:11.011,302.415,302.112,1,1.5
02.08.2021 00:15:11.584,302.415,302.101,1,1.5
02.08.2021 00:15:12.541,302.415,302.101,1,1.5
02.08.2021 00:15:13.166,302.415,302.091,1,1.5
02.08.2021 00:15:13.348,302.415,302.091,1,1.5
02.08.2021 00:15:14.131,302.415,302.091,1,1.5
02.08.2021 00:15:14.333,302.415,302.096,1,1.5
02.08.2021 00:15:14.746,302.415,302.091,1,1.5
02.08.2021 00:15:15.489,302.415,302.103,1,1.5
02.08.2021 00:15:15.783,302.415,302.111,1,1.5
02.08.2021 00:15:16.141,302.415,302.10400000000004,1,1.5
02.08.2021 00:15:16.791,302.415,302.132,1,1
02.08.2021 00:15:19.657,302.415,302.127,1,1
02.08.2021 00:15:19.827,302.415,302.129,1,1
02.08.2021 00:15:21.479,302.415,302.103,1,1.5
02.08.2021 00:15:21.680,302.415,302.135,1,1
02.08.2021 00:15:25.729,302.415,302.084,1,1.5
02.08.2021 00:15:29.282,302.415,302.087,1,1.5
02.08.2021 00:15:35.965,302.415,302.086,1,1.5
02.08.2021 00:15:36.103,302.415,302.093,1,1.44
02.08.2021 00:15:36.204,302.415,302.093,1,1.5
02.08.2021 00:15:42.255,302.415,302.14,1,1
02.08.2021 00:15:52.921,302.415,302.084,1,1.5
02.08.2021 00:16:02.800,302.415,302.17400000000004,1,0.37
02.08.2021 00:16:02.851,302.415,302.137,1,0.69
02.08.2021 00:16:03.075,302.415,302.091,1,1.5
02.08.2021 00:16:06.203,302.415,302.091,1,1.5
02.08.2021 00:16:09.147,302.415,302.13599999999997,1,0.69
02.08.2021 00:16:09.744,302.415,302.091,1,1.5
02.08.2021 00:16:09.844,302.392,302.085,1,1.5
02.08.2021 00:16:09.945,302.392,302.085,1,1.5
02.08.2021 00:16:10.140,302.392,302.075,1,1.5
02.08.2021 00:16:17.088,302.392,302.075,1,1.5
02.08.2021 00:16:17.441,302.392,302.128,1,1
02.08.2021 00:16:17.940,302.392,302.115,1,0.87
02.08.2021 00:16:18.459,302.392,302.064,1,1.5
02.08.2021 00:16:22.501,302.392,302.057,1,1.5
02.08.2021 00:16:22.654,302.392,302.134,1,0.37
02.08.2021 00:16:24.588,302.392,302.057,1.5,1.5
02.08.2021 00:16:35.562,302.392,302.064,1.5,1.5
02.08.2021 00:16:36.917,302.392,302.064,1,1.5
02.08.2021 00:16:41.408,302.392,302.121,1,1
02.08.2021 00:16:50.526,302.392,302.055,1,1.5
02.08.2021 00:16:51.754,302.392,302.051,1.5,1.5
02.08.2021 00:16:57.324,302.392,302.053,1,1.5
02.08.2021 00:16:59.765,302.367,302.07099999999997,1,1.5
02.08.2021 00:16:59.916,302.367,302.111,1,0.69
02.08.2021 00:17:00.293,302.367,302.124,1,0.69
02.08.2021 00:17:00.394,302.368,302.124,1,0.69
02.08.2021 00:17:00.454,302.368,302.124,1,0.69
02.08.2021 00:17:02.468,302.368,302.06,1,1.5
02.08.2021 00:17:02.568,302.368,302.033,1,1.5
02.08.2021 00:17:02.681,302.367,302.03900000000004,1,1.5
02.08.2021 00:17:02.782,302.368,302.031,1.5,1.5
02.08.2021 00:17:07.356,302.368,302.041,1,1.5
02.08.2021 00:17:12.087,302.368,302.036,1,1.5
02.08.2021 00:17:12.289,302.368,302.033,1.5,1.5
02.08.2021 00:17:12.500,302.368,302.03200000000004,1.5,1.5
02.08.2021 00:17:12.660,302.368,302.03200000000004,1.5,1.5
02.08.2021 00:17:13.079,302.368,302.026,1.5,1.5
02.08.2021 00:17:13.130,302.368,302.033,1.5,1.5
02.08.2021 00:17:13.283,302.368,302.10400000000004,1.5,0.37
02.08.2021 00:17:19.290,302.368,302.036,1,1.5
02.08.2021 00:17:23.536,302.368,302.036,1.5,1.5
02.08.2021 00:17:38.803,302.368,302.026,1.5,1.5
02.08.2021 00:17:40.838,302.368,302.031,1.5,1.5
02.08.2021 00:17:41.196,302.368,302.031,1,1.5
02.08.2021 00:17:41.404,302.368,302.07599999999996,1.5,0.69
02.08.2021 00:17:43.118,302.368,302.089,1,1
02.08.2021 00:17:46.474,302.348,302.089,1,1
02.08.2021 00:17:50.842,302.348,302.03700000000003,1,1.5
02.08.2021 00:18:05.237,302.348,302.04400000000004,1,1.5
02.08.2021 00:18:05.453,302.365,302.047,1,1.5
02.08.2021 00:18:05.604,302.365,302.061,1,1.5
02.08.2021 00:18:05.855,302.365,302.052,1,1.5
02.08.2021 00:18:07.137,302.365,302.096,1,1
02.08.2021 00:18:09.296,302.365,302.089,1,1
02.08.2021 00:18:11.040,302.365,302.089,1,1
02.08.2021 00:18:11.244,302.365,302.087,1,1
02.08.2021 00:18:20.864,302.365,302.063,1,1.75
02.08.2021 00:18:21.024,302.365,302.134,1,0.37
02.08.2021 00:18:25.551,302.365,302.053,1,1.5
02.08.2021 00:18:27.909,302.365,302.045,1,1.5
02.08.2021 00:18:28.062,302.365,302.134,1,0.37
02.08.2021 00:18:32.895,302.365,302.10400000000004,1,0.69
02.08.2021 00:18:36.886,302.365,302.052,1,1.5
02.08.2021 00:18:38.370,302.365,302.087,1,1
02.08.2021 00:18:38.969,302.365,302.1,1,1
02.08.2021 00:18:39.121,302.365,302.1,1,1
02.08.2021 00:18:44.023,302.365,302.098,1,1
02.08.2021 00:18:44.424,302.365,302.09900000000005,1,0.87
02.08.2021 00:18:47.327,302.365,302.106,1,1
02.08.2021 00:18:47.534,302.365,302.11,1,1
02.08.2021 00:18:50.880,302.365,302.063,1,1.5
02.08.2021 00:18:51.037,302.365,302.053,1,1.5
02.08.2021 00:18:51.306,302.365,302.053,1,1.5
02.08.2021 00:18:52.177,302.365,302.058,1,1.75
02.08.2021 00:18:52.330,302.365,302.124,1,0.37
02.08.2021 00:18:56.702,302.365,302.046,1,1.5
02.08.2021 00:18:56.903,302.365,302.124,1,0.37
02.08.2021 00:18:59.169,302.365,302.052,1,1.5
02.08.2021 00:19:01.807,302.365,302.05400000000003,1,1.75
02.08.2021 00:19:01.994,302.365,302.11400000000003,1,0.37
02.08.2021 00:19:15.647,302.365,302.05400000000003,1,1.5
02.08.2021 00:19:15.842,302.365,302.084,1,1
02.08.2021 00:19:19.123,302.365,302.096,1,1
02.08.2021 00:19:22.549,302.365,302.06,1,1.75
02.08.2021 00:19:22.702,302.365,302.124,1,0.37
02.08.2021 00:19:27.135,302.365,302.051,1,1.5
02.08.2021 00:19:34.361,302.365,302.051,1,1.5
02.08.2021 00:19:38.638,302.365,302.057,1,1.5
02.08.2021 00:19:38.739,302.365,302.07,1,1.5
02.08.2021 00:19:38.837,302.365,302.10200000000003,1,1
02.08.2021 00:19:41.529,302.365,302.061,1,1.5
02.08.2021 00:19:41.580,302.365,302.065,1,1.75
02.08.2021 00:19:41.662,302.365,302.061,1,1.5
02.08.2021 00:19:41.815,302.365,302.061,1,1.5
02.08.2021 00:19:42.238,302.365,302.067,1,1.75
02.08.2021 00:19:42.351,302.365,302.061,1,1.5
02.08.2021 00:19:44.033,302.39,302.061,1,1.5
02.08.2021 00:19:45.265,302.39,302.061,1.5,1.5
02.08.2021 00:19:45.402,302.39,302.061,1.5,1.5
02.08.2021 00:19:45.453,302.39,302.061,1,1.5
02.08.2021 00:19:47.588,302.39,302.061,1,1.5
02.08.2021 00:19:48.935,302.39,302.067,1.5,1.75
02.08.2021 00:19:49.089,302.39,302.134,1,0.37
02.08.2021 00:19:52.458,302.39,302.057,1.5,1.5
02.08.2021 00:19:52.586,302.39,302.057,1.5,1.5
02.08.2021 00:19:53.312,302.39,302.061,1,1.5
02.08.2021 00:19:53.523,302.39,302.053,1.5,1.5
02.08.2021 00:19:53.759,302.39,302.057,1.5,1.5
02.08.2021 00:19:58.048,302.39,302.061,1,1.5
02.08.2021 00:19:58.199,302.39,302.075,1,1.5
02.08.2021 00:19:58.515,302.39,302.07599999999996,1,1.75
02.08.2021 00:19:58.668,302.39,302.144,1,0.37
02.08.2021 00:20:04.049,302.392,302.072,1,1.5
02.08.2021 00:20:09.660,302.392,302.081,1,1.5
02.08.2021 00:20:09.761,302.415,302.081,1,1.5
02.08.2021 00:20:12.117,302.416,302.081,1.12,1.5
02.08.2021 00:20:25.260,302.416,302.11400000000003,1.5,1
02.08.2021 00:20:25.416,302.416,302.121,1.12,1
02.08.2021 00:20:30.411,302.416,302.103,1,1.5
02.08.2021 00:20:30.597,302.416,302.103,1,1.5
02.08.2021 00:20:30.862,302.416,302.084,1.12,1.5
02.08.2021 00:20:33.718,302.416,302.086,1.5,1.5
02.08.2021 00:20:33.873,302.416,302.154,1.12,0.37
02.08.2021 00:20:34.109,302.416,302.091,1,1.5
02.08.2021 00:20:40.606,302.416,302.085,1.12,1.5
02.08.2021 00:20:42.288,302.416,302.126,1,1
02.08.2021 00:20:44.329,302.416,302.131,1.12,1
02.08.2021 00:20:47.421,302.416,302.127,1,1
02.08.2021 00:20:47.673,302.416,302.158,1,1
02.08.2021 00:20:47.949,302.416,302.124,1,1.5
02.08.2021 00:20:48.109,302.416,302.111,1,1.5
02.08.2021 00:20:49.573,302.416,302.107,1,1.75
02.08.2021 00:20:49.728,302.416,302.17400000000004,1,0.37
02.08.2021 00:20:50.782,302.416,302.16400000000004,1,0.37
02.08.2021 00:20:52.668,302.416,302.09000000000003,1,1.5
02.08.2021 00:20:52.874,302.416,302.096,1,1.5
02.08.2021 00:20:53.674,302.416,302.093,1.12,1.5
02.08.2021 00:21:00.292,302.416,302.081,1.12,1.5
02.08.2021 00:21:00.455,302.416,302.081,1.12,1.5
02.08.2021 00:21:08.548,302.416,302.083,1.5,1.25
02.08.2021 00:21:08.797,302.416,302.081,1.12,1.5
02.08.2021 00:21:11.318,302.416,302.081,1.5,1.5
02.08.2021 00:21:16.348,302.416,302.072,1.5,1.5
02.08.2021 00:21:16.399,302.416,302.077,1.5,1.75
02.08.2021 00:21:16.547,302.416,302.144,1.5,0.37
02.08.2021 00:21:17.069,302.416,302.072,1.5,1.5
02.08.2021 00:21:17.120,302.416,302.078,1.5,1.75
02.08.2021 00:21:17.271,302.416,302.144,1.5,0.37
02.08.2021 00:21:18.139,302.416,302.072,1.5,1.5
02.08.2021 00:21:18.337,302.39,302.062,1,1.5
02.08.2021 00:21:24.148,302.39,302.061,1,1.5
02.08.2021 00:21:27.974,302.39,302.07099999999997,1.5,1.75
02.08.2021 00:21:28.127,302.39,302.134,1,0.37
02.08.2021 00:21:32.730,302.39,302.074,1,1.5
02.08.2021 00:21:40.223,302.39,302.085,1,1.5
02.08.2021 00:21:41.149,302.39,302.085,1,1.5
02.08.2021 00:21:47.035,302.39,302.101,1,1
02.08.2021 00:21:47.689,302.389,302.101,1,1
02.08.2021 00:21:47.740,302.389,302.113,1,1
02.08.2021 00:21:51.621,302.389,302.081,1,1.5
02.08.2021 00:21:52.307,302.389,302.07099999999997,1,1.5
02.08.2021 00:21:54.634,302.389,302.062,1,1.5
02.08.2021 00:21:54.996,302.389,302.077,1,1.5
02.08.2021 00:21:55.374,302.389,302.085,1,1.5
02.08.2021 00:21:55.530,302.389,302.131,1,0.69
02.08.2021 00:21:55.731,302.389,302.07099999999997,1,1.5
02.08.2021 00:21:57.257,302.389,302.074,1.5,1.75
02.08.2021 00:21:57.422,302.389,302.066,1,1.5
02.08.2021 00:22:13.030,302.39,302.061,1,1.5
02.08.2021 00:22:21.941,302.39,302.061,1.5,1.5
02.08.2021 00:22:21.991,302.39,302.061,1,1.5
02.08.2021 00:22:27.723,302.39,302.117,1,1
02.08.2021 00:22:32.830,302.39,302.061,1,1.5
02.08.2021 00:22:44.788,302.39,302.081,1,1.5
02.08.2021 00:22:47.687,302.39,302.077,1,1.5
02.08.2021 00:22:47.899,302.39,302.065,1,1.5
02.08.2021 00:22:48.436,302.39,302.073,1,1.5
02.08.2021 00:22:51.062,302.389,302.07599999999996,1,1.5
02.08.2021 00:22:51.564,302.389,302.081,1,1.5
02.08.2021 00:22:51.717,302.389,302.154,1,0.37
02.08.2021 00:23:00.544,302.389,302.115,1,1
02.08.2021 00:23:05.952,302.389,302.062,1,1.5
02.08.2021 00:23:17.478,302.389,302.04400000000004,1.5,1.5
02.08.2021 00:23:20.308,302.389,302.051,1.5,1.5
02.08.2021 00:23:21.567,302.389,302.051,1.5,1.5
02.08.2021 00:23:24.500,302.363,302.051,1,1.5
02.08.2021 00:23:30.251,302.363,302.04900000000004,1,1.5
02.08.2021 00:23:30.444,302.363,302.086,1,1
02.08.2021 00:23:38.127,302.363,302.1,1,0.69
02.08.2021 00:23:44.031,302.36400000000003,302.041,1,1.5
02.08.2021 00:23:44.182,302.36400000000003,302.101,1,0.69
02.08.2021 00:23:44.358,302.36400000000003,302.101,1,0.69
02.08.2021 00:23:50.587,302.36400000000003,302.03200000000004,1,1.5
02.08.2021 00:24:01.511,302.36400000000003,302.045,1,1.5
02.08.2021 00:24:03.426,302.36400000000003,302.041,1,1.5
02.08.2021 00:24:03.592,302.36400000000003,302.041,1,1.5
02.08.2021 00:24:04.120,302.36400000000003,302.041,1,1.5
02.08.2021 00:24:06.728,302.36400000000003,302.07099999999997,1,1.5
02.08.2021 00:24:10.157,302.36400000000003,302.051,1,1.5
02.08.2021 00:24:19.096,302.36400000000003,302.061,1,1.5
02.08.2021 00:24:24.548,302.36400000000003,302.086,1,1
02.08.2021 00:24:28.469,302.36400000000003,302.087,1,1
02.08.2021 00:24:48.227,302.36400000000003,302.051,1,1.5
02.08.2021 00:25:01.823,302.36400000000003,302.051,1,1.5
02.08.2021 00:25:02.521,302.36400000000003,302.051,1,1.5
02.08.2021 00:25:03.287,302.36400000000003,302.051,1,1.5
02.08.2021 00:25:43.513,302.36400000000003,302.094,1,0.69
02.08.2021 00:25:46.997,302.36400000000003,302.041,1,1.5
02.08.2021 00:25:48.609,302.36400000000003,302.041,1,1.5
02.08.2021 00:25:56.338,302.36400000000003,302.093,1,1
02.08.2021 00:26:09.645,302.36400000000003,302.061,1,1.5
02.08.2021 00:26:13.602,302.36400000000003,302.062,1,1.5
02.08.2021 00:26:13.657,302.36400000000003,302.084,1,1
02.08.2021 00:26:13.762,302.36400000000003,302.095,1,1
02.08.2021 00:26:14.212,302.36400000000003,302.094,1,1
02.08.2021 00:26:14.413,302.36400000000003,302.089,1,1
02.08.2021 00:26:14.464,302.36400000000003,302.089,1,1
02.08.2021 00:26:16.382,302.36400000000003,302.116,1,1
02.08.2021 00:26:16.585,302.36400000000003,302.116,1,1
02.08.2021 00:26:19.893,302.36400000000003,302.081,1,1.5
02.08.2021 00:26:22.514,302.36400000000003,302.081,1,1.5
02.08.2021 00:26:22.840,302.36400000000003,302.061,1,1.5
02.08.2021 00:26:25.089,302.36400000000003,302.077,1,1.5
02.08.2021 00:26:26.181,302.36400000000003,302.057,1,1.5
02.08.2021 00:26:40.542,302.36400000000003,302.067,1,1.75
02.08.2021 00:26:40.713,302.36400000000003,302.061,1,1.5
02.08.2021 00:26:45.389,302.36400000000003,302.061,1,1.5
02.08.2021 00:26:45.534,302.36400000000003,302.061,1,1.5
02.08.2021 00:26:45.585,302.36400000000003,302.061,1,1.5
02.08.2021 00:26:49.624,302.36400000000003,302.096,1,1
02.08.2021 00:26:57.113,302.36400000000003,302.061,1,1.5
02.08.2021 00:26:57.320,302.36400000000003,302.061,1,1.5
02.08.2021 00:26:59.582,302.36400000000003,302.064,1,1.5
02.08.2021 00:27:13.110,302.36400000000003,302.063,1,1.5
02.08.2021 00:27:13.676,302.36400000000003,302.107,1,0.69
02.08.2021 00:27:22.360,302.36400000000003,302.07099999999997,1,1.5
02.08.2021 00:27:33.674,302.36400000000003,302.07099999999997,1,1.5
02.08.2021 00:27:33.895,302.36400000000003,302.051,1,1.5
02.08.2021 00:27:39.750,302.36400000000003,302.051,1,1.5
02.08.2021 00:27:40.272,302.36400000000003,302.134,1,0.37
02.08.2021 00:27:42.392,302.36400000000003,302.1,1,0.69
02.08.2021 00:27:44.499,302.36400000000003,302.04200000000003,1,1.5
02.08.2021 00:27:46.852,302.36400000000003,302.09000000000003,1,0.69
02.08.2021 00:27:55.354,302.36400000000003,302.053,1,1.5
02.08.2021 00:27:57.503,302.36400000000003,302.051,1,1.5
02.08.2021 00:27:57.654,302.36400000000003,302.043,1,1.5
02.08.2021 00:28:01.857,302.36400000000003,302.053,1,1.5
02.08.2021 00:28:08.153,302.36400000000003,302.052,1,1.5
02.08.2021 00:28:08.356,302.36400000000003,302.106,1,0.69
02.08.2021 00:28:08.524,302.36400000000003,302.055,1,1.5
02.08.2021 00:28:11.771,302.36400000000003,302.055,1,1.5
02.08.2021 00:28:11.872,302.36400000000003,302.066,1,1.75
02.08.2021 00:28:11.971,302.36400000000003,302.134,1,0.37
02.08.2021 00:28:12.171,302.36400000000003,302.062,1,1.5
02.08.2021 00:28:13.095,302.36400000000003,302.062,1,1.5
02.08.2021 00:28:14.994,302.36400000000003,302.09900000000005,1,0.69
02.08.2021 00:28:17.333,302.36400000000003,302.043,1,1.5
02.08.2021 00:28:19.267,302.36400000000003,302.04400000000004,1,1.5
02.08.2021 00:28:25.721,302.36400000000003,302.047,1,1.5
02.08.2021 00:28:25.882,302.36400000000003,302.057,1,1.5
02.08.2021 00:28:35.333,302.36400000000003,302.095,1,0.69
02.08.2021 00:28:41.996,302.36400000000003,302.047,1,1.5
02.08.2021 00:28:49.941,302.36400000000003,302.053,1,1.5
02.08.2021 00:28:52.869,302.36400000000003,302.04400000000004,1,1.5
02.08.2021 00:28:54.119,302.36400000000003,302.051,1,1.5
02.08.2021 00:29:14.170,302.36400000000003,302.066,1,1.5
02.08.2021 00:29:16.675,302.36400000000003,302.09000000000003,1,1
02.08.2021 00:29:34.836,302.36400000000003,302.088,1,1
02.08.2021 00:29:40.629,302.36400000000003,302.088,1,1
02.08.2021 00:29:45.172,302.36400000000003,302.089,1,1
02.08.2021 00:29:45.374,302.36400000000003,302.089,1,1
02.08.2021 00:29:48.340,302.36400000000003,302.051,1,1.5
02.08.2021 00:29:48.541,302.36400000000003,302.064,1,1.5
02.08.2021 00:29:50.142,302.362,302.064,1,1.5
02.08.2021 00:29:51.902,302.362,302.064,1,1.5
02.08.2021 00:29:52.103,302.362,302.134,1,0.37
02.08.2021 00:30:05.968,302.362,302.10400000000004,1,1
02.08.2021 00:30:08.798,302.362,302.061,1,1.5
02.08.2021 00:30:14.560,302.39,302.07099999999997,1,1.5
02.08.2021 00:30:14.656,302.39,302.07099999999997,1,1.5
02.08.2021 00:30:15.404,302.39,302.084,1,1.5
02.08.2021 00:30:23.079,302.39,302.108,1,1
02.08.2021 00:30:23.753,302.39,302.121,1,1
02.08.2021 00:30:30.513,302.39,302.17400000000004,1,0.37
02.08.2021 00:30:30.796,302.39,302.101,1,1.5
02.08.2021 00:30:31.532,302.39,302.101,1,1.5
02.08.2021 00:30:31.583,302.39,302.101,1,1.5
02.08.2021 00:30:31.784,302.39,302.105,1,1.5
02.08.2021 00:30:33.792,302.413,302.111,1,1.5
02.08.2021 00:30:37.506,302.413,302.153,1,0.69
02.08.2021 00:30:37.657,302.413,302.10200000000003,1,1.5
02.08.2021 00:30:38.150,302.436,302.11400000000003,1,1.5
02.08.2021 00:30:38.351,302.436,302.11400000000003,1,1.5
02.08.2021 00:30:39.914,302.436,302.10200000000003,1,1.5
02.08.2021 00:30:46.907,302.436,302.106,1,1.5
02.08.2021 00:30:47.111,302.436,302.112,1,1.5
02.08.2021 00:30:47.912,302.436,302.112,1,1.5
02.08.2021 00:30:56.630,302.436,302.15000000000003,1,1
02.08.2021 00:30:57.046,302.436,302.168,1,0.87
02.08.2021 00:31:01.768,302.436,302.122,1,1.5
02.08.2021 00:31:04.880,302.436,302.121,1,1.5
02.08.2021 00:31:05.233,302.436,302.121,1,1.5
02.08.2021 00:31:05.837,302.436,302.204,1,0.37
02.08.2021 00:31:06.240,302.436,302.121,1,1.5
02.08.2021 00:31:06.641,302.436,302.122,1,1.5
02.08.2021 00:31:06.844,302.436,302.121,1,1.5
02.08.2021 00:31:10.505,302.436,302.115,1,1.5
02.08.2021 00:31:13.587,302.436,302.204,1,0.37
02.08.2021 00:31:17.925,302.436,302.111,1,1.5
02.08.2021 00:31:19.338,302.436,302.204,1,0.37
02.08.2021 00:31:38.391,302.436,302.168,1,0.69
02.08.2021 00:31:49.381,302.436,302.107,1,1.5
02.08.2021 00:31:49.536,302.436,302.184,1,0.37
02.08.2021 00:31:58.305,302.436,302.106,1.12,1.5
02.08.2021 00:31:58.356,302.436,302.115,1.12,1.75
02.08.2021 00:31:58.508,302.436,302.111,1.12,1.5
02.08.2021 00:31:58.969,302.436,302.111,1,1.5
02.08.2021 00:32:00.121,302.436,302.111,1.12,1.5
02.08.2021 00:32:00.322,302.436,302.184,1,0.37
02.08.2021 00:32:11.061,302.436,302.111,1.12,1.75
02.08.2021 00:32:11.215,302.436,302.107,1.12,1.5
02.08.2021 00:32:13.952,302.436,302.111,1,1.5
02.08.2021 00:32:15.841,302.436,302.168,1,0.69
02.08.2021 00:32:16.106,302.436,302.166,1,0.69
02.08.2021 00:32:16.881,302.436,302.166,1,0.69
02.08.2021 00:32:18.816,302.436,302.121,1,1.5
02.08.2021 00:32:28.678,302.436,302.151,1,1
02.08.2021 00:32:28.830,302.436,302.204,1,0.37
02.08.2021 00:32:32.561,302.436,302.158,1,1
02.08.2021 00:32:32.758,302.437,302.156,1,1
02.08.2021 00:32:33.069,302.437,302.15500000000003,1,1
02.08.2021 00:32:34.831,302.437,302.15700000000004,1,1
02.08.2021 00:32:40.755,302.437,302.117,1,1.5
02.08.2021 00:32:40.856,302.437,302.111,1,1.5
02.08.2021 00:32:51.292,302.437,302.112,1,1.5
02.08.2021 00:32:51.494,302.437,302.184,1,0.37
02.08.2021 00:32:52.569,302.437,302.111,1,1.5
02.08.2021 00:32:52.770,302.437,302.194,1,0.37
02.08.2021 00:33:00.851,302.437,302.184,1,0.37
02.08.2021 00:33:08.870,302.437,302.127,1,1.5
02.08.2021 00:33:22.087,302.437,302.111,1,1.5
02.08.2021 00:33:22.444,302.437,302.121,1,1.5
02.08.2021 00:33:31.955,302.437,302.121,1,1.5
02.08.2021 00:33:32.056,302.437,302.111,1.5,1.5
02.08.2021 00:33:32.106,302.437,302.111,1,1.5
02.08.2021 00:33:33.492,302.437,302.111,1,1.5
02.08.2021 00:33:33.593,302.437,302.111,1,1.5
02.08.2021 00:33:33.693,302.437,302.111,1,1.5
02.08.2021 00:33:41.167,302.437,302.107,1.5,1.5
02.08.2021 00:33:41.368,302.437,302.107,1,1.5
02.08.2021 00:33:57.806,302.437,302.146,1.5,1
02.08.2021 00:33:58.045,302.437,302.135,1.5,1
02.08.2021 00:33:58.206,302.437,302.135,1.5,1
02.08.2021 00:33:58.364,302.41700000000003,302.137,1,1
02.08.2021 00:33:58.639,302.41700000000003,302.09200000000004,1.5,1.5
02.08.2021 00:34:02.553,302.415,302.084,1,1.5
02.08.2021 00:34:09.261,302.415,302.075,1,1.5
02.08.2021 00:34:09.414,302.415,302.075,1.5,1.5
02.08.2021 00:34:09.736,302.415,302.07099999999997,1.5,1.5
02.08.2021 00:34:10.039,302.415,302.065,1.5,1.5
02.08.2021 00:34:10.242,302.415,302.07599999999996,1.5,1.5
02.08.2021 00:34:10.458,302.415,302.079,1.5,1.75
02.08.2021 00:34:10.611,302.415,302.144,1.5,0.37
02.08.2021 00:34:10.815,302.415,302.07099999999997,1.5,1.5
02.08.2021 00:34:11.015,302.415,302.07099999999997,1.5,1.5
02.08.2021 00:34:14.633,302.392,302.10900000000004,1,1
02.08.2021 00:34:19.800,302.392,302.10900000000004,1,1
02.08.2021 00:34:20.958,302.392,302.106,1,1
02.08.2021 00:34:29.537,302.392,302.07099999999997,1,1.5
02.08.2021 00:34:29.696,302.392,302.066,1,1.5
02.08.2021 00:34:34.069,302.392,302.065,1,1.5
02.08.2021 00:34:34.270,302.392,302.067,1,1.5
02.08.2021 00:34:34.790,302.392,302.067,1,1.5
02.08.2021 00:34:34.841,302.392,302.072,1,1.75
02.08.2021 00:34:34.991,302.392,302.134,1,0.37
02.08.2021 00:34:50.410,302.392,302.074,1,1.75
02.08.2021 00:34:50.599,302.392,302.07099999999997,1,1.5
02.08.2021 00:34:58.874,302.392,302.067,1,1.5
02.08.2021 00:35:03.695,302.392,302.072,1,1.5
02.08.2021 00:35:11.422,302.392,302.081,1,1.5
02.08.2021 00:35:12.659,302.392,302.077,1,1.5
02.08.2021 00:35:14.233,302.392,302.085,1,1.75
02.08.2021 00:35:14.402,302.392,302.07599999999996,1,1.5
02.08.2021 00:35:18.693,302.392,302.086,1,1.75
02.08.2021 00:35:18.843,302.392,302.154,1,0.37
02.08.2021 00:35:23.039,302.392,302.081,1,1.5
02.08.2021 00:35:23.279,302.392,302.081,1,1.5
02.08.2021 00:35:23.956,302.392,302.081,1,1.5
02.08.2021 00:35:24.159,302.392,302.154,1,0.37
02.08.2021 00:35:27.026,302.392,302.124,1,0.69
02.08.2021 00:35:28.826,302.392,302.10400000000004,1,1
02.08.2021 00:35:28.877,302.392,302.078,1,1
02.08.2021 00:35:29.027,302.392,302.144,1,0.37
02.08.2021 00:35:29.230,302.392,302.081,1,1.5
02.08.2021 00:35:30.088,302.392,302.081,1,1.5
02.08.2021 00:35:31.282,302.392,302.081,1,1.5
02.08.2021 00:35:32.619,302.394,302.081,1,1.5
02.08.2021 00:35:47.089,302.394,302.081,1,1.5
02.08.2021 00:35:50.700,302.394,302.081,1,1.5
02.08.2021 00:36:13.891,302.394,302.081,1,1.5
02.08.2021 00:36:37.566,302.394,302.091,1,1.5
02.08.2021 00:36:37.721,302.394,302.093,1,1.5
02.08.2021 00:36:38.342,302.394,302.07599999999996,1,1.5
02.08.2021 00:36:54.590,302.394,302.08,1,1.75
02.08.2021 00:36:54.790,302.394,302.074,1,1.5
02.08.2021 00:37:04.166,302.394,302.07599999999996,1,1.75
02.08.2021 00:37:04.322,302.394,302.07099999999997,1,1.5
02.08.2021 00:37:05.578,302.394,302.072,1,1.5
02.08.2021 00:37:09.620,302.394,302.078,1,1.75
02.08.2021 00:37:09.774,302.394,302.072,1,1.5
02.08.2021 00:37:10.021,302.394,302.07099999999997,1,1.5
02.08.2021 00:37:21.820,302.394,302.078,1,1.75
02.08.2021 00:37:22.021,302.394,302.072,1,1.5
02.08.2021 00:37:34.394,302.394,302.07099999999997,1,1.5
02.08.2021 00:37:34.595,302.394,302.066,1.5,1.5
02.08.2021 00:37:34.646,302.394,302.07099999999997,1,1.5
02.08.2021 00:37:38.376,302.371,302.061,1,1.5
02.08.2021 00:37:38.527,302.371,302.074,1,1.5
02.08.2021 00:37:38.789,302.369,302.074,1,1.5
02.08.2021 00:37:46.696,302.369,302.069,1,1.75
02.08.2021 00:37:46.851,302.369,302.134,1,0.37
02.08.2021 00:37:48.887,302.369,302.063,1,1.5
02.08.2021 00:37:48.938,302.369,302.069,1,1.5
02.08.2021 00:37:49.089,302.369,302.134,1,0.37
02.08.2021 00:37:54.630,302.37,302.063,1,1.5
02.08.2021 00:37:55.465,302.37,302.063,1,1.5
02.08.2021 00:37:55.869,302.37,302.144,1,0.37
02.08.2021 00:38:08.107,302.37,302.061,1,1.5
02.08.2021 00:38:23.941,302.37,302.101,1,1
02.08.2021 00:38:24.091,302.37,302.09700000000004,1,0.69
02.08.2021 00:38:24.343,302.34200000000004,302.03700000000003,1,1.5
02.08.2021 00:38:24.460,302.34200000000004,302.036,1,1.5
02.08.2021 00:38:28.171,302.34200000000004,302.024,1,1.5
02.08.2021 00:38:28.321,302.34200000000004,302.094,1,0.37
02.08.2021 00:38:40.013,302.34200000000004,302.064,1,1
02.08.2021 00:38:40.163,302.34200000000004,302.066,1,1
02.08.2021 00:38:44.929,302.34200000000004,302.014,1,1.5
02.08.2021 00:38:52.643,302.34200000000004,302.016,1.5,1
02.08.2021 00:38:52.833,302.34200000000004,302.074,1.5,0.37
02.08.2021 00:38:55.203,302.34200000000004,302.04400000000004,1.5,1
02.08.2021 00:38:55.404,302.34200000000004,302.047,1.5,1
02.08.2021 00:38:56.811,302.34200000000004,302.047,1.5,1
02.08.2021 00:38:57.451,302.34200000000004,302.047,1.5,1
02.08.2021 00:38:57.890,302.34200000000004,302.051,1,1
02.08.2021 00:38:58.481,302.34200000000004,302.05,1.5,1
02.08.2021 00:38:58.532,302.34200000000004,302.038,1.5,1
02.08.2021 00:38:58.683,302.34200000000004,302.038,1.5,1
02.08.2021 00:38:58.834,302.34200000000004,302.066,1,1
02.08.2021 00:39:01.313,302.316,302.02500000000003,1,1.5
02.08.2021 00:39:02.961,302.316,301.996,1,1.5
02.08.2021 00:39:03.061,302.316,302.001,1,1.5
02.08.2021 00:39:05.266,302.316,302.01099999999997,1,1.5
02.08.2021 00:39:06.247,302.316,302.006,1,1.5
02.08.2021 00:39:06.297,302.316,302.006,1,1.5
02.08.2021 00:39:07.793,302.316,302.006,1,1.5
02.08.2021 00:39:07.844,302.316,302.005,1,1.5
02.08.2021 00:39:07.938,302.316,302.074,1,0.37
02.08.2021 00:39:11.115,302.316,302.002,1,1.5
02.08.2021 00:39:11.316,302.316,302.004,1,1.5
02.08.2021 00:39:11.366,302.316,302.004,1,1.5
02.08.2021 00:39:14.142,302.316,302.01099999999997,1,1.5
02.08.2021 00:39:18.186,302.316,302.01099999999997,1,1.5
02.08.2021 00:39:18.346,302.316,302.01099999999997,1,1.5
02.08.2021 00:39:18.397,302.316,302.01099999999997,1,1.5
02.08.2021 00:39:22.133,302.329,302.01099999999997,1,1.5
02.08.2021 00:39:22.284,302.329,302.021,1,1.5
02.08.2021 00:39:24.284,302.329,302.021,1,1.5
02.08.2021 00:39:24.486,302.329,302.094,1,0.37
02.08.2021 00:39:25.089,302.329,302.017,1,1.5
02.08.2021 00:39:27.110,302.329,302.014,1,1.5
02.08.2021 00:39:27.311,302.329,302.084,1,0.37
02.08.2021 00:39:27.818,302.329,302.05400000000003,1,1
02.08.2021 00:39:30.770,302.329,302.084,1,0.37
02.08.2021 00:39:31.902,302.329,302.014,1,1.5
02.08.2021 00:39:32.020,302.329,302.014,1,1.5
02.08.2021 00:39:32.782,302.329,302.014,1,1.5
02.08.2021 00:39:32.832,302.329,302.014,1,1.5
02.08.2021 00:39:35.225,302.329,302.021,1,1.5
02.08.2021 00:39:36.218,302.329,302.021,1,1.5
02.08.2021 00:39:36.372,302.329,302.094,1,0.37
02.08.2021 00:39:50.853,302.329,302.014,1,1.5
02.08.2021 00:39:51.030,302.329,302.094,1,0.37
02.08.2021 00:40:00.898,302.329,302.021,1,1.5
02.08.2021 00:40:01.085,302.329,302.021,1,1.5
02.08.2021 00:40:02.498,302.329,302.014,1,1.5
02.08.2021 00:40:02.548,302.329,302.018,1,1.5
02.08.2021 00:40:02.599,302.329,302.015,1,1.5
02.08.2021 00:40:02.700,302.329,302.021,1,1.5
02.08.2021 00:40:03.858,302.329,302.021,1,1.5
02.08.2021 00:40:04.012,302.329,302.094,1,0.37
02.08.2021 00:40:09.019,302.329,302.021,1,1.5
02.08.2021 00:40:09.203,302.329,302.094,1,0.37
02.08.2021 00:40:23.258,302.329,302.014,1,1.5
02.08.2021 00:40:23.454,302.329,302.014,1,1.5
02.08.2021 00:40:23.616,302.329,302.084,1,0.37
02.08.2021 00:40:24.777,302.329,302.021,1,1.5
02.08.2021 00:40:24.979,302.329,302.021,1,1.5
02.08.2021 00:40:26.517,302.329,302.024,1,1.5
02.08.2021 00:40:26.568,302.329,302.021,1,1.5
02.08.2021 00:40:26.768,302.329,302.021,1,1.5
02.08.2021 00:40:26.927,302.329,302.017,1,1.5
02.08.2021 00:40:27.120,302.329,302.017,1,1.5
02.08.2021 00:40:27.590,302.329,302.017,1,1.5
02.08.2021 00:40:33.480,302.33,302.063,1,1
02.08.2021 00:40:40.750,302.33,302.084,1,0.37
02.08.2021 00:40:40.953,302.33,302.017,1,1.5
02.08.2021 00:40:50.402,302.33,302.016,1,1.5
02.08.2021 00:40:51.558,302.33,302.013,1,1.5
02.08.2021 00:40:51.711,302.33,302.084,1,0.37
02.08.2021 00:41:00.018,302.33,302.013,1,1.5
02.08.2021 00:41:00.068,302.33,302.013,1,1.5
02.08.2021 00:41:06.719,302.33,302.017,1,1.5
02.08.2021 00:41:07.826,302.33,302.016,1,1.5
02.08.2021 00:41:08.211,302.33,302.017,1,1.5
02.08.2021 00:41:13.580,302.33,302.017,1,1.5
02.08.2021 00:41:14.448,302.33,302.017,1,1.5
02.08.2021 00:41:25.499,302.33,302.016,1,1.5
02.08.2021 00:41:29.479,302.33,302.03700000000003,1,1.75
02.08.2021 00:41:29.638,302.33,302.021,1,1.5
02.08.2021 00:41:30.249,302.33,302.021,1,1.5
02.08.2021 00:41:31.504,302.329,302.021,1,1.5
02.08.2021 00:41:32.918,302.329,302.016,1,1.5
02.08.2021 00:41:33.019,302.329,302.016,1,1.5
02.08.2021 00:41:33.069,302.329,302.058,1,1
02.08.2021 00:41:36.314,302.329,302.031,1,1.62
02.08.2021 00:41:36.473,302.329,302.094,1,0.37
02.08.2021 00:41:42.895,302.329,302.021,1,1.5
02.08.2021 00:41:43.008,302.329,302.094,1,0.37
02.08.2021 00:41:45.640,302.329,302.021,1,1.5
02.08.2021 00:41:53.586,302.329,302.017,1,1.5
02.08.2021 00:41:56.871,302.329,302.014,1,1.5
02.08.2021 00:41:57.065,302.329,302.014,1,1.5
02.08.2021 00:42:02.030,302.329,302.021,1,1.5
02.08.2021 00:42:09.335,302.329,302.058,1,1
02.08.2021 00:42:12.316,302.329,302.016,1,1.5
02.08.2021 00:42:12.367,302.329,302.017,1,1.5
02.08.2021 00:42:12.518,302.329,302.084,1,0.37
02.08.2021 00:42:12.730,302.329,302.021,1,1.5
02.08.2021 00:42:13.941,302.329,302.02500000000003,1,1.75
02.08.2021 00:42:14.093,302.329,302.094,1,0.37
02.08.2021 00:42:45.563,302.329,302.033,1,1.5
02.08.2021 00:42:55.829,302.329,302.035,1,1.75
02.08.2021 00:42:55.980,302.329,302.10400000000004,1,0.37
02.08.2021 00:43:00.580,302.329,302.067,1,0.69
02.08.2021 00:43:03.587,302.329,302.021,1,1.5
02.08.2021 00:43:05.026,302.329,302.068,1,1
02.08.2021 00:43:06.065,302.329,302.059,1,1
02.08.2021 00:43:07.120,302.329,302.059,1,1
02.08.2021 00:43:11.018,302.329,302.031,1,1.5
02.08.2021 00:43:49.149,302.329,302.031,1,1
02.08.2021 00:43:49.301,302.329,302.094,1,0.37
02.08.2021 00:44:02.898,302.345,302.024,1,1.5
02.08.2021 00:44:02.948,302.334,302.024,1,1.5
02.08.2021 00:44:03.049,302.332,302.024,1,1.5
02.08.2021 00:44:04.915,302.332,302.014,1,1.5
02.08.2021 00:44:05.109,302.332,302.017,1,1.5
02.08.2021 00:44:10.672,302.332,302.017,1,1.5
02.08.2021 00:44:10.723,302.332,302.024,1,1.75
02.08.2021 00:44:10.873,302.332,302.084,1,0.37
02.08.2021 00:44:21.586,302.332,302.021,1,1.5
02.08.2021 00:44:24.672,302.332,302.021,1,1.5
02.08.2021 00:44:24.723,302.332,302.021,1,1.5
02.08.2021 00:44:24.846,302.332,302.021,1,1.5
02.08.2021 00:44:36.735,302.332,302.031,1,1.5
02.08.2021 00:44:36.890,302.332,302.094,1,0.37
02.08.2021 00:44:39.399,302.332,302.026,1,1.5
02.08.2021 00:44:39.551,302.332,302.084,1,0.37
02.08.2021 00:44:47.623,302.332,302.021,1,1.5
02.08.2021 00:44:47.824,302.332,302.027,1,1.5
02.08.2021 00:44:47.875,302.332,302.027,1,1.5
02.08.2021 00:44:50.024,302.332,302.021,1,1.5
02.08.2021 00:44:50.177,302.332,302.094,1,0.37
02.08.2021 00:44:56.134,302.332,302.017,1,1.5
02.08.2021 00:44:56.288,302.332,302.094,1,0.37
02.08.2021 00:44:57.462,302.332,302.028,1,1.75
02.08.2021 00:44:57.618,302.332,302.094,1,0.37
02.08.2021 00:45:01.807,302.332,302.021,1,1.5
02.08.2021 00:45:08.590,302.332,302.021,1,1.5
02.08.2021 00:45:11.195,302.332,302.021,1,1.5
02.08.2021 00:45:11.303,302.332,302.03000000000003,1,1.75
02.08.2021 00:45:11.395,302.332,302.094,1,0.37
02.08.2021 00:45:12.896,302.36,302.033,1.5,1.5
02.08.2021 00:45:12.997,302.36,302.03200000000004,1,1.5
02.08.2021 00:45:15.917,302.36,302.03000000000003,1,1.5
02.08.2021 00:45:22.690,302.36,302.04200000000003,1,1.5
02.08.2021 00:45:23.039,302.36,302.04200000000003,1,1.5
02.08.2021 00:45:23.089,302.383,302.04400000000004,1,1.5
02.08.2021 00:45:23.140,302.383,302.04400000000004,1,1.5
02.08.2021 00:45:24.174,302.383,302.051,1,1.5
02.08.2021 00:45:28.768,302.383,302.051,1,1.5
02.08.2021 00:45:30.095,302.382,302.05400000000003,1,1.5
02.08.2021 00:45:57.573,302.382,302.052,1,1.5
02.08.2021 00:46:10.440,302.382,302.041,1.5,1.5
02.08.2021 00:46:12.981,302.382,302.03900000000004,1,1.5
02.08.2021 00:46:24.175,302.382,302.041,1.5,1.5
02.08.2021 00:46:24.375,302.382,302.038,1.5,1.5
02.08.2021 00:46:24.576,302.382,302.038,1.5,1.5
02.08.2021 00:46:26.651,302.382,302.035,1.5,1.5
02.08.2021 00:46:26.843,302.382,302.04200000000003,1.5,1.5
02.08.2021 00:46:27.504,302.382,302.041,1.5,1.5
02.08.2021 00:46:28.108,302.382,302.041,1.5,1.5
02.08.2021 00:46:28.159,302.382,302.041,1.5,1.5
02.08.2021 00:46:28.410,302.382,302.03900000000004,1,1.5
02.08.2021 00:46:28.608,302.382,302.03900000000004,1.5,1.5
02.08.2021 00:46:29.295,302.382,302.045,1.5,1.5
02.08.2021 00:46:32.997,302.382,302.045,1.5,1.5
02.08.2021 00:46:39.721,302.382,302.051,1,1.5
02.08.2021 00:46:39.922,302.382,302.051,1.5,1.5
02.08.2021 00:46:40.322,302.382,302.05400000000003,1.5,1.75
02.08.2021 00:46:40.478,302.382,302.124,1,0.37
02.08.2021 00:46:43.762,302.382,302.051,1,1.5
02.08.2021 00:46:45.839,302.382,302.052,1,1.5
02.08.2021 00:46:50.983,302.382,302.051,1.5,1.5
02.08.2021 00:46:52.459,302.382,302.051,1,1.5
02.08.2021 00:46:52.660,302.382,302.051,1,1.5
02.08.2021 00:46:53.115,302.382,302.051,1.5,1.5
02.08.2021 00:46:53.216,302.382,302.11400000000003,1.5,0.37
02.08.2021 00:46:53.384,302.382,302.124,1,0.37
02.08.2021 00:46:54.294,302.382,302.061,1,1.5
02.08.2021 00:46:55.966,302.382,302.064,1,1.75
02.08.2021 00:46:56.126,302.382,302.064,1,1.75
02.08.2021 00:46:56.372,302.382,302.053,1,1.5
02.08.2021 00:47:04.760,302.382,302.05400000000003,1,1.5
02.08.2021 00:47:22.850,302.382,302.05400000000003,1,1.5
02.08.2021 00:47:23.901,302.382,302.134,1,0.37
02.08.2021 00:47:24.026,302.385,302.056,1,1.5
02.08.2021 00:47:32.885,302.385,302.072,1,1.5
02.08.2021 00:47:38.262,302.385,302.07099999999997,1,1.5
02.08.2021 00:47:38.959,302.40500000000003,302.073,1,1.5
02.08.2021 00:47:41.269,302.40500000000003,302.073,1,1.5
02.08.2021 00:47:41.721,302.40500000000003,302.074,1,1.5
02.08.2021 00:47:51.781,302.40500000000003,302.101,1,1.5
02.08.2021 00:47:58.908,302.40500000000003,302.112,1,1.5
02.08.2021 00:48:01.702,302.40500000000003,302.112,1,1.5
02.08.2021 00:48:01.904,302.40500000000003,302.095,1,1.5
02.08.2021 00:48:06.541,302.40500000000003,302.09200000000004,1,1.75
02.08.2021 00:48:06.742,302.40500000000003,302.086,1,1.5
02.08.2021 00:48:13.675,302.40500000000003,302.091,1,1.5
02.08.2021 00:48:13.828,302.40500000000003,302.154,1,0.37
02.08.2021 00:48:26.982,302.40500000000003,302.09200000000004,1,1.5
02.08.2021 00:48:29.825,302.40500000000003,302.087,1,1.5
02.08.2021 00:48:30.077,302.40500000000003,302.115,1,1.5
02.08.2021 00:48:30.128,302.40500000000003,302.121,1,1.5
02.08.2021 00:48:30.329,302.40500000000003,302.101,1,1.5
02.08.2021 00:48:31.508,302.40500000000003,302.101,1,1.5
02.08.2021 00:48:54.148,302.40500000000003,302.10400000000004,1,1.5
02.08.2021 00:48:54.199,302.40500000000003,302.103,1,1.75
02.08.2021 00:48:54.312,302.40500000000003,302.16400000000004,1,0.37
02.08.2021 00:49:00.270,302.40500000000003,302.138,1,1
02.08.2021 00:49:01.767,302.40500000000003,302.101,1,1.5
02.08.2021 00:49:01.878,302.40500000000003,302.091,1,1.5
02.08.2021 00:49:03.459,302.40500000000003,302.111,1,1.5
02.08.2021 00:49:03.672,302.40500000000003,302.145,1,0.69
02.08.2021 00:49:04.275,302.40500000000003,302.091,1,1.5
02.08.2021 00:49:04.478,302.40500000000003,302.091,1,1.5
02.08.2021 00:49:34.125,302.40500000000003,302.1,1,1.75
02.08.2021 00:49:34.281,302.40500000000003,302.16400000000004,1,0.37
02.08.2021 00:49:34.731,302.40500000000003,302.093,1,1.5
02.08.2021 00:49:54.918,302.40500000000003,302.095,1,1.5
02.08.2021 00:50:00.257,302.40500000000003,302.106,1,1.5
02.08.2021 00:50:07.736,302.40500000000003,302.086,1,1.5
02.08.2021 00:50:08.273,302.40500000000003,302.09200000000004,1,1.5
02.08.2021 00:50:16.338,302.40500000000003,302.09200000000004,1,1.5
02.08.2021 00:50:16.389,302.40500000000003,302.09900000000005,1,1.75
02.08.2021 00:50:16.539,302.40500000000003,302.16400000000004,1,0.37
02.08.2021 00:50:17.007,302.40500000000003,302.086,1,1.5
02.08.2021 00:50:26.660,302.40500000000003,302.095,1,1.5
02.08.2021 00:50:34.589,302.40500000000003,302.093,1,1.5
02.08.2021 00:50:34.640,302.40500000000003,302.091,1,1.5
02.08.2021 00:50:34.842,302.40500000000003,302.091,1,1.5
02.08.2021 00:50:35.450,302.40500000000003,302.085,1,1.5
02.08.2021 00:50:35.601,302.40500000000003,302.154,1,0.37
02.08.2021 00:50:49.468,302.40500000000003,302.111,1,1.5
02.08.2021 00:50:50.026,302.403,302.111,1,1.5
02.08.2021 00:50:52.869,302.403,302.113,1,1.75
02.08.2021 00:50:53.025,302.403,302.17400000000004,1,0.37
02.08.2021 00:50:55.740,302.403,302.101,1,1.5
02.08.2021 00:50:55.791,302.403,302.10200000000003,1,1.5
02.08.2021 00:50:55.941,302.403,302.16400000000004,1,0.37
02.08.2021 00:51:01.861,302.403,302.127,1,1
02.08.2021 00:51:02.420,302.403,302.085,1,1.5
02.08.2021 00:51:03.551,302.403,302.154,1,0.37
02.08.2021 00:51:15.181,302.404,302.086,1,1.5
02.08.2021 00:51:23.586,302.404,302.081,1,1.5
02.08.2021 00:51:25.135,302.404,302.103,1.5,1
02.08.2021 00:51:25.484,302.404,302.154,1,0.37
02.08.2021 00:51:25.686,302.404,302.119,1,1
02.08.2021 00:51:26.836,302.404,302.117,1,1
02.08.2021 00:51:30.967,302.404,302.067,1,1.5
02.08.2021 00:51:35.811,302.384,302.116,1,0.69
02.08.2021 00:51:37.507,302.384,302.066,1,1.5
02.08.2021 00:51:37.558,302.384,302.061,1,1.5
02.08.2021 00:51:37.714,302.384,302.061,1,1.5
02.08.2021 00:51:38.290,302.384,302.067,1,1.5
02.08.2021 00:51:38.924,302.384,302.066,1,1.5
02.08.2021 00:51:39.510,302.384,302.064,1,1.5
02.08.2021 00:51:44.933,302.384,302.066,1,1.5
02.08.2021 00:51:47.885,302.384,302.064,1,1.5
02.08.2021 00:51:48.070,302.384,302.061,1,1.5
02.08.2021 00:51:48.120,302.384,302.061,1,1.5
02.08.2021 00:51:49.234,302.384,302.11,1,1
02.08.2021 00:51:49.693,302.384,302.123,1,1
02.08.2021 00:51:52.407,302.384,302.122,1,1
02.08.2021 00:51:53.359,302.384,302.09900000000005,1,1
02.08.2021 00:51:54.722,302.384,302.11400000000003,1,1
02.08.2021 00:51:55.403,302.384,302.11400000000003,1,1
02.08.2021 00:51:55.609,302.384,302.116,1,1
02.08.2021 00:52:01.302,302.384,302.065,1,1.5
02.08.2021 00:52:08.450,302.382,302.061,1,1.5
02.08.2021 00:52:12.619,302.382,302.059,1,1.5
02.08.2021 00:52:12.720,302.356,302.051,1,1.5
02.08.2021 00:52:12.979,302.358,302.041,1,1.5
02.08.2021 00:52:13.095,302.358,302.04400000000004,1,1.5
02.08.2021 00:52:17.666,302.357,302.041,1,1.5
02.08.2021 00:52:18.430,302.357,302.061,1,1.5
02.08.2021 00:52:18.843,302.357,302.051,1,1.5
02.08.2021 00:52:19.948,302.357,302.051,1,1.5
02.08.2021 00:52:20.048,302.357,302.043,1,1.75
02.08.2021 00:52:20.149,302.357,302.11400000000003,1,0.37
02.08.2021 00:52:23.523,302.357,302.03700000000003,1,1.5
02.08.2021 00:52:24.133,302.357,302.041,1,1.5
02.08.2021 00:52:33.310,302.357,302.031,1,1.5
02.08.2021 00:52:33.543,302.357,302.033,1,1.5
02.08.2021 00:52:34.077,302.357,302.041,1,1.5
02.08.2021 00:52:34.187,302.358,302.09200000000004,1,0.69
02.08.2021 00:52:39.369,302.358,302.041,1,1.5
02.08.2021 00:52:51.537,302.358,302.041,1,1.5
02.08.2021 00:52:51.788,302.358,302.108,1,1
02.08.2021 00:52:51.839,302.384,302.108,1,1
02.08.2021 00:52:53.326,302.384,302.108,1,0.69
02.08.2021 00:52:53.585,302.384,302.04,1,1.5
02.08.2021 00:52:53.685,302.41,302.018,1,0.19
02.08.2021 00:52:53.739,302.41,301.947,1,1.5
02.08.2021 00:52:53.913,302.391,301.947,1,1.5
02.08.2021 00:52:54.106,302.388,301.947,1,1.25
02.08.2021 00:52:54.540,302.38599999999997,301.947,1,1.25
02.08.2021 00:52:54.603,302.38599999999997,301.947,1,1
02.08.2021 00:53:46.443,302.38599999999997,301.932,1,1
02.08.2021 00:53:47.596,302.38599999999997,301.927,1,1
02.08.2021 00:53:48.746,302.38599999999997,301.947,1,1
02.08.2021 00:54:10.582,302.38599999999997,301.927,1,1
02.08.2021 00:54:33.966,302.38599999999997,301.947,1,1
02.08.2021 00:54:42.483,302.38599999999997,301.96700000000004,1,1
02.08.2021 00:55:00.654,302.38599999999997,301.947,1,1
02.08.2021 00:55:18.937,302.38599999999997,301.947,1.5,1.25
02.08.2021 00:55:19.087,302.369,301.993,1,1.75
02.08.2021 00:55:19.266,302.362,301.987,1.5,1.5
02.08.2021 00:55:20.203,302.362,302.001,1,1.5
02.08.2021 00:55:20.405,302.362,301.98900000000003,1.5,1.5
02.08.2021 00:55:20.563,302.358,301.98900000000003,1.5,1.5
02.08.2021 00:55:20.770,302.358,301.98900000000003,1,1.5
02.08.2021 00:55:20.972,302.37,301.991,1,1.5
02.08.2021 00:55:21.374,302.37,302.001,1,1.5
02.08.2021 00:55:21.827,302.389,302.003,1,1.5
02.08.2021 00:55:21.928,302.406,302.002,1,1.5
02.08.2021 00:55:22.381,302.406,302.001,1.12,1.5
02.08.2021 00:55:22.583,302.406,302.001,1.75,1.5
02.08.2021 00:55:24.188,302.384,302.004,1,1.5
02.08.2021 00:55:24.357,302.384,302.014,1,1.5
02.08.2021 00:55:32.536,302.384,302.01099999999997,1,1.5
02.08.2021 00:55:33.246,302.384,302.01099999999997,1,1.5
02.08.2021 00:55:34.529,302.384,302.048,1,1
02.08.2021 00:55:38.525,302.384,301.991,1,1.5
02.08.2021 00:55:41.674,302.384,301.991,1,1.5
02.08.2021 00:55:44.589,302.384,302.01099999999997,1,1.5
02.08.2021 00:55:48.342,302.384,302.006,1.5,1.5
02.08.2021 00:55:54.272,302.384,302.004,1,1.5
02.08.2021 00:55:54.473,302.384,302.002,1.5,1.5
02.08.2021 00:55:54.789,302.384,302.002,1,1.5
02.08.2021 00:55:55.039,302.384,302.002,1.5,1.5
02.08.2021 00:55:57.472,302.384,302.003,1.5,1.5
02.08.2021 00:55:59.968,302.384,302.03900000000004,1,1
02.08.2021 00:56:00.623,302.384,302.041,1.5,1
02.08.2021 00:56:01.072,302.384,302.04,1,1
02.08.2021 00:56:02.505,302.387,302.043,1.5,1
02.08.2021 00:56:09.285,302.387,302.031,1.5,1.5
02.08.2021 00:56:09.536,302.387,302.031,1.5,1.5
02.08.2021 00:56:10.656,302.387,302.03700000000003,1,1.5
02.08.2021 00:56:10.907,302.387,302.03700000000003,1.5,1.5
02.08.2021 00:56:11.572,302.387,302.03700000000003,1,1.5
02.08.2021 00:56:11.970,302.387,302.03700000000003,1.5,1.5
02.08.2021 00:56:17.875,302.387,302.03900000000004,1.5,1.5
02.08.2021 00:56:18.124,302.387,302.03900000000004,1,1.5
02.08.2021 00:56:19.873,302.387,302.045,1.5,1.5
02.08.2021 00:56:19.923,302.385,302.064,1,1
02.08.2021 00:56:20.024,302.383,302.064,1,1
02.08.2021 00:56:20.125,302.387,302.015,1.5,1.5
02.08.2021 00:56:20.707,302.387,302.015,1.75,1.5
02.08.2021 00:56:20.914,302.387,302.015,1.75,1.5
02.08.2021 00:56:23.957,302.387,302.021,1.5,1.5
02.08.2021 00:56:26.193,302.387,302.021,1.5,1.5
02.08.2021 00:56:27.043,302.387,302.019,1.5,1.5
02.08.2021 00:56:28.066,302.387,302.027,1,1.5
02.08.2021 00:56:32.565,302.387,302.024,1,1.5
02.08.2021 00:56:34.678,302.387,302.053,1,1
02.08.2021 00:56:34.878,302.387,302.047,1,1
02.08.2021 00:56:40.487,302.387,302.051,1,1
02.08.2021 00:56:55.082,302.387,302.02,1,1.5
02.08.2021 00:56:56.143,302.387,302.02,1,1.5
02.08.2021 00:57:05.204,302.387,302.04400000000004,1,1
02.08.2021 00:57:13.127,302.387,302.024,1,1.5
02.08.2021 00:57:22.304,302.387,302.022,1,1.5
02.08.2021 00:57:25.286,302.387,302.031,1,1.5
02.08.2021 00:57:25.336,302.394,302.043,1,1.5
02.08.2021 00:57:25.461,302.394,302.043,1,1.5
02.08.2021 00:57:33.411,302.394,302.046,1,1.5
02.08.2021 00:57:33.814,302.394,302.107,1,0.69
02.08.2021 00:57:33.864,302.394,302.10400000000004,1,0.62
02.08.2021 00:57:34.015,302.394,302.047,1,1.5
02.08.2021 00:57:34.208,302.394,302.10400000000004,1,0.62
02.08.2021 00:57:34.377,302.394,302.04900000000004,1,1.5
02.08.2021 00:57:34.654,302.394,302.144,1,0.37
02.08.2021 00:57:35.460,302.394,302.04900000000004,1,1.5
02.08.2021 00:57:35.661,302.394,302.144,1,0.37
02.08.2021 00:57:36.137,302.394,302.07099999999997,1,1.5
02.08.2021 00:57:36.684,302.394,302.094,1,0.62
02.08.2021 00:57:36.836,302.394,302.064,1,1.5
02.08.2021 00:57:36.886,302.394,302.064,1,1.5
02.08.2021 00:57:37.640,302.394,302.089,1,0.69
02.08.2021 00:57:37.830,302.394,302.064,1,1.5
02.08.2021 00:58:01.251,302.394,302.087,1.5,1
02.08.2021 00:58:03.828,302.394,302.087,1,1
02.08.2021 00:58:04.100,302.394,302.11,1,1
02.08.2021 00:58:05.074,302.394,302.093,1,1
02.08.2021 00:58:05.229,302.394,302.144,1,0.37
02.08.2021 00:58:19.742,302.394,302.084,1,1.5
02.08.2021 00:58:26.755,302.394,302.081,1,1.5
02.08.2021 00:58:38.684,302.394,302.107,1,1
02.08.2021 00:58:38.735,302.394,302.107,1,1
02.08.2021 00:58:39.238,302.394,302.10900000000004,1,1
02.08.2021 00:58:54.150,302.394,302.072,1,1.5
02.08.2021 00:58:54.354,302.394,302.07099999999997,1,1.5
02.08.2021 00:58:55.696,302.394,302.07099999999997,1,1.5
02.08.2021 00:58:55.903,302.394,302.07099999999997,1,1.5
02.08.2021 00:59:02.700,302.394,302.057,1.5,1.5
02.08.2021 00:59:07.361,302.394,302.08,1.5,1
02.08.2021 00:59:23.742,302.394,302.036,1.5,1.5
02.08.2021 00:59:23.793,302.385,302.03700000000003,1,1
02.08.2021 00:59:23.944,302.39,302.065,1,1
02.08.2021 00:59:30.317,302.394,302.021,1.75,1.5
02.08.2021 00:59:32.567,302.394,302.017,1.75,1.5
02.08.2021 00:59:35.068,302.394,302.021,1.75,1.5
02.08.2021 00:59:35.327,302.394,302.021,1.75,1.5
02.08.2021 00:59:35.529,302.394,302.019,1.75,1.5
02.08.2021 00:59:35.680,302.394,302.019,1.75,1.5
02.08.2021 00:59:47.481,302.394,302.019,1.75,1.5
02.08.2021 00:59:47.722,302.394,302.023,1.75,1.5
02.08.2021 00:59:50.614,302.394,302.023,1.75,1.5
02.08.2021 00:59:50.968,302.394,302.021,1.75,1.5
02.08.2021 00:59:51.414,302.394,302.015,1.75,1.5
02.08.2021 00:59:51.615,302.394,302.015,1.75,1.5
02.08.2021 00:59:51.766,302.394,302.015,1.75,1.5
02.08.2021 00:59:53.201,302.37,302.045,1,1
02.08.2021 01:00:00.296,302.394,302.016,1.75,1.5
02.08.2021 01:00:00.496,302.394,302.016,1.75,1.5
02.08.2021 01:00:00.697,302.394,302.014,1.75,1.5
02.08.2021 01:00:01.042,302.394,302.014,1.75,1.5
02.08.2021 01:00:01.245,302.394,302.014,1.75,1.5
02.08.2021 01:00:01.445,302.394,302.014,1.75,1.5
02.08.2021 01:00:14.573,302.394,302.008,1.75,1.5
02.08.2021 01:00:21.221,302.389,301.999,1.75,1.5
02.08.2021 01:00:22.752,302.392,302.001,1.75,1.5
02.08.2021 01:00:22.953,302.367,302.033,1,1
02.08.2021 01:00:24.445,302.366,302.084,1,0.37
02.08.2021 01:00:32.004,302.394,302.021,1.75,1.5
02.08.2021 01:00:35.734,302.394,302.02,1.75,1.5
02.08.2021 01:00:42.052,302.394,302.013,1.75,1.5
02.08.2021 01:00:44.799,302.394,302.015,1.75,1.5
02.08.2021 01:00:54.401,302.394,302.013,1.75,1.5
02.08.2021 01:00:55.313,302.394,302.013,1.75,1.5
02.08.2021 01:00:57.870,302.394,302.013,1.75,1.5
02.08.2021 01:00:59.635,302.394,302.012,1.75,1.5
02.08.2021 01:00:59.889,302.394,302.012,1.75,1.5
02.08.2021 01:01:00.742,302.394,302.015,1.75,1.5
02.08.2021 01:01:02.077,302.394,302.023,1.75,1.5
02.08.2021 01:01:04.999,302.394,302.024,1.75,1.5
02.08.2021 01:01:05.118,302.394,302.024,1.75,1.5
02.08.2021 01:01:05.532,302.394,302.024,1.75,1.5
02.08.2021 01:01:06.251,302.394,302.024,1.75,1.5
02.08.2021 01:01:10.844,302.394,302.024,1.75,1.5
02.08.2021 01:01:14.864,302.394,302.023,1.75,1.5
02.08.2021 01:01:28.101,302.394,302.029,1.75,1.25
02.08.2021 01:01:29.071,302.394,302.028,1.75,1.25
02.08.2021 01:01:29.585,302.394,302.027,1.75,1.25
02.08.2021 01:01:31.520,302.394,302.023,1.75,1.5
02.08.2021 01:01:43.613,302.394,302.023,1.75,1.5
02.08.2021 01:01:43.927,302.394,302.023,1.75,1.5
02.08.2021 01:01:44.428,302.394,302.027,1.75,1.25
02.08.2021 01:01:45.373,302.394,302.027,1.75,1.25
02.08.2021 01:01:51.516,302.394,302.023,1.75,1.5
02.08.2021 01:01:51.935,302.394,302.021,1.75,1.5
02.08.2021 01:01:53.651,302.394,302.015,1.75,1.5
02.08.2021 01:01:56.973,302.394,302.012,1.75,1.5
02.08.2021 01:02:04.729,302.394,302.01099999999997,1.75,1.5
02.08.2021 01:02:05.366,302.394,302.003,1.75,1.5
02.08.2021 01:02:05.607,302.362,302.036,1,1
02.08.2021 01:02:09.650,302.363,302.038,1,1
02.08.2021 01:02:09.869,302.361,302.035,1,1
02.08.2021 01:02:10.639,302.363,302.03700000000003,1,1
02.08.2021 01:02:10.841,302.361,302.035,1,1
02.08.2021 01:02:26.551,302.394,302.002,1.75,1.5
02.08.2021 01:02:30.739,302.394,302.01099999999997,1.75,1.5
02.08.2021 01:02:30.987,302.394,302.013,1.75,1.5
02.08.2021 01:02:40.048,302.375,302.04900000000004,1,1
02.08.2021 01:02:43.027,302.373,302.048,1,1
02.08.2021 01:02:47.271,302.394,302.059,1.75,1.25
02.08.2021 01:03:12.589,302.394,302.058,1.75,1.25
02.08.2021 01:03:13.184,302.394,302.058,1.75,1.25
02.08.2021 01:03:13.899,302.394,302.056,1.75,1.25
02.08.2021 01:03:18.684,302.394,302.059,1.75,1.25
02.08.2021 01:03:26.230,302.394,302.031,1.75,1.5
02.08.2021 01:03:26.438,302.394,302.029,1.75,1.5
02.08.2021 01:03:47.656,302.394,302.026,1.75,1.5
02.08.2021 01:03:57.839,302.394,302.012,1.75,1.5
02.08.2021 01:03:59.591,302.394,302.01099999999997,1.75,1.5
02.08.2021 01:04:11.532,302.365,302.001,1.75,1.5
02.08.2021 01:04:13.586,302.365,302.001,1.75,1.5
02.08.2021 01:04:19.012,302.365,302.001,1.75,1.5
02.08.2021 01:04:19.400,302.365,302.001,1.75,1.5
02.08.2021 01:04:20.151,302.365,302.001,1.75,1.5
02.08.2021 01:04:20.425,302.365,302.001,1.75,1.5
02.08.2021 01:04:21.463,302.365,302.001,1.75,1.5
02.08.2021 01:04:22.808,302.36400000000003,302.03900000000004,1,1
02.08.2021 01:04:23.569,302.36400000000003,302.03900000000004,1,1
02.08.2021 01:04:23.821,302.365,302.04,1.5,1
02.08.2021 01:04:24.854,302.365,302.001,1.75,1.5
02.08.2021 01:04:28.209,302.365,302.003,1.75,1.5
02.08.2021 01:04:29.233,302.365,302.001,1.75,1.5
02.08.2021 01:04:32.471,302.365,302.001,1.75,1.5
02.08.2021 01:04:32.969,302.365,302.001,1.75,1.5
02.08.2021 01:04:33.171,302.365,302.001,1.75,1.5
02.08.2021 01:04:43.827,302.365,302.01099999999997,1.5,1.5
02.08.2021 01:04:48.616,302.365,302.051,1.5,1
02.08.2021 01:04:57.375,302.365,302.007,1.5,1.5
02.08.2021 01:05:35.534,302.365,302.013,1.75,1.5
02.08.2021 01:05:35.585,302.365,302.013,1.75,1.5
02.08.2021 01:05:43.536,302.365,302.013,1.5,1.5
02.08.2021 01:06:01.470,302.365,302.013,1.75,1.5
02.08.2021 01:06:01.627,302.365,302.013,1.5,1.5
02.08.2021 01:06:01.677,302.365,302.013,1.5,1.5
02.08.2021 01:06:09.073,302.365,302.04400000000004,1.5,1
02.08.2021 01:06:09.314,302.387,302.062,1,1
02.08.2021 01:06:12.091,302.396,302.03700000000003,1.75,1.5
02.08.2021 01:06:12.891,302.378,302.03700000000003,1.75,1.5
02.08.2021 01:06:14.337,302.378,302.038,1.5,1.5
02.08.2021 01:06:24.101,302.378,302.03900000000004,1.5,1.5
02.08.2021 01:06:24.466,302.40900000000005,302.041,1.75,1.5
02.08.2021 01:06:31.577,302.40900000000005,302.05,1.75,1.5
02.08.2021 01:06:41.953,302.40900000000005,302.075,1.75,1.25
02.08.2021 01:06:52.320,302.346,302.045,0.37,1.5
02.08.2021 01:07:14.601,302.40900000000005,302.05,1.75,1.5
02.08.2021 01:07:22.913,302.40900000000005,302.081,1.75,1.25
02.08.2021 01:07:25.731,302.389,302.134,1,0.37
02.08.2021 01:07:25.933,302.389,302.074,1.5,1.5
02.08.2021 01:08:00.768,302.415,302.067,1.75,1.5
02.08.2021 01:08:00.970,302.415,302.067,1.75,1.5
02.08.2021 01:08:03.066,302.415,302.064,1.75,1.5
02.08.2021 01:08:03.270,302.415,302.067,1.75,1.5
02.08.2021 01:08:03.836,302.415,302.073,1.5,1.5
02.08.2021 01:08:04.048,302.415,302.073,1.5,1.5
02.08.2021 01:08:05.927,302.415,302.072,1.5,1.5
02.08.2021 01:08:06.697,302.415,302.072,1.5,1.5
02.08.2021 01:08:13.442,302.415,302.098,1.5,1
02.08.2021 01:08:19.457,302.415,302.067,1.5,1.5
02.08.2021 01:08:19.651,302.415,302.07,1.5,1.5
02.08.2021 01:08:21.584,302.415,302.074,1.5,1.5
02.08.2021 01:08:41.904,302.41200000000003,302.058,1.75,1.5
02.08.2021 01:08:45.215,302.41200000000003,302.051,1.75,1.5
02.08.2021 01:08:45.567,302.413,302.11400000000003,1.75,0.37
02.08.2021 01:08:51.197,302.413,302.052,1.75,1.5
02.08.2021 01:08:53.239,302.413,302.09000000000003,1.5,1.25
02.08.2021 01:08:53.428,302.413,302.087,1.75,1.25
02.08.2021 01:09:01.114,302.413,302.058,1.75,1.5
02.08.2021 01:09:01.715,302.413,302.052,1.75,1.5
02.08.2021 01:09:12.925,302.413,302.09200000000004,1.5,1.25
02.08.2021 01:09:13.176,302.413,302.091,1.5,1.25
02.08.2021 01:09:13.532,302.413,302.09200000000004,1.5,1.25
02.08.2021 01:09:13.784,302.413,302.082,1.75,1.5
02.08.2021 01:09:14.013,302.411,302.066,1.5,1.5
02.08.2021 01:09:14.231,302.411,302.064,1.5,1.5
02.08.2021 01:09:14.586,302.411,302.063,1.5,1.5
02.08.2021 01:09:14.761,302.411,302.063,1.5,1.5
02.08.2021 01:09:18.709,302.411,302.063,1.5,1.5
02.08.2021 01:09:22.709,302.411,302.065,1.5,1.5
02.08.2021 01:09:24.958,302.411,302.065,1.5,1.5
02.08.2021 01:09:28.468,302.411,302.057,1.5,1.5
02.08.2021 01:09:28.620,302.411,302.05400000000003,1.5,1.5
02.08.2021 01:09:34.115,302.411,302.04400000000004,1.75,1.5
02.08.2021 01:09:35.299,302.411,302.043,1.75,1.5
02.08.2021 01:09:35.552,302.411,302.043,1.75,1.5
02.08.2021 01:09:36.246,302.411,302.041,1.75,1.5
02.08.2021 01:09:36.413,302.411,302.041,1.75,1.5
02.08.2021 01:09:45.855,302.411,302.04200000000003,1.75,1.5
02.08.2021 01:09:46.795,302.411,302.04200000000003,1.75,1.5
02.08.2021 01:10:00.175,302.411,302.045,1.75,1.5
02.08.2021 01:10:01.479,302.411,302.03900000000004,1.75,1.5
02.08.2021 01:10:01.640,302.411,302.03900000000004,1.75,1.5
02.08.2021 01:10:11.772,302.411,302.028,1.75,1.5
02.08.2021 01:10:12.282,302.395,302.063,1.75,1.25
02.08.2021 01:10:13.138,302.395,302.07,1.75,1.25
02.08.2021 01:10:19.298,302.393,302.067,1,1
02.08.2021 01:10:20.070,302.395,302.067,1.75,1.25
02.08.2021 01:10:22.420,302.395,302.03200000000004,1.75,1.5
02.08.2021 01:10:27.228,302.395,302.043,1.5,1.5
02.08.2021 01:10:28.559,302.395,302.04400000000004,1.5,1.5
02.08.2021 01:10:30.608,302.395,302.045,1.5,1.5
02.08.2021 01:10:34.649,302.413,302.051,1.5,1.5
02.08.2021 01:10:34.851,302.413,302.063,1.5,1.5
02.08.2021 01:10:35.028,302.413,302.063,1.5,1.5
02.08.2021 01:10:35.977,302.413,302.066,1.5,1.5
02.08.2021 01:10:36.735,302.413,302.066,1.5,1.5
02.08.2021 01:10:38.251,302.413,302.065,1.5,1.5
02.08.2021 01:10:40.252,302.413,302.094,1.5,1.25
02.08.2021 01:10:40.589,302.413,302.096,1.5,1.25
02.08.2021 01:10:45.924,302.413,302.09200000000004,1.5,1
02.08.2021 01:10:51.253,302.413,302.062,1.5,1.5
02.08.2021 01:10:51.627,302.413,302.065,1.5,1.5
02.08.2021 01:11:02.533,302.413,302.062,1.5,1.5
02.08.2021 01:11:02.721,302.413,302.063,1.5,1.5
02.08.2021 01:11:04.100,302.413,302.07099999999997,1.75,1.5
02.08.2021 01:11:04.302,302.444,302.06,1.75,1.5
02.08.2021 01:11:06.192,302.444,302.064,1.75,1.5
02.08.2021 01:11:15.270,302.444,302.057,1.75,1.5
02.08.2021 01:11:15.434,302.444,302.057,2.25,1.5
02.08.2021 01:11:16.037,302.439,302.079,1.75,1.25
02.08.2021 01:11:19.414,302.436,302.075,1.75,1.25
02.08.2021 01:11:19.621,302.413,302.081,1,1
02.08.2021 01:11:41.403,302.439,302.03900000000004,1.75,1.5
02.08.2021 01:11:42.372,302.439,302.03900000000004,1.75,1.5
02.08.2021 01:11:45.823,302.439,302.03900000000004,1.75,1.5
02.08.2021 01:11:47.794,302.439,302.07,1.75,1.25
02.08.2021 01:11:59.102,302.435,302.038,1.75,1.5
02.08.2021 01:11:59.585,302.435,302.038,1.75,1.5
02.08.2021 01:12:01.104,302.346,302.03900000000004,0.37,1.5
02.08.2021 01:12:14.413,302.41700000000003,302.038,1.75,1.5
02.08.2021 01:12:14.665,302.391,302.033,1.75,1.5
02.08.2021 01:12:25.771,302.391,302.02500000000003,1.75,1.5
02.08.2021 01:12:26.184,302.336,302.021,0.37,1.5
02.08.2021 01:12:26.285,302.391,302.02,1.75,1.5
02.08.2021 01:12:35.551,302.391,302.074,1.5,0.37
02.08.2021 01:12:39.123,302.391,302.01099999999997,1.75,1.5
02.08.2021 01:12:41.312,302.346,302.003,1.5,1.5
02.08.2021 01:12:51.681,302.346,302.074,1.5,0.37
02.08.2021 01:13:03.308,302.346,302.007,1.5,1.5
02.08.2021 01:14:08.526,302.346,301.997,1.5,1.5
02.08.2021 01:14:08.740,302.346,301.997,1.5,1.5
02.08.2021 01:14:11.654,302.346,301.998,1.5,1.5
02.08.2021 01:14:11.878,302.346,301.99,1.75,1.5
02.08.2021 01:14:12.074,302.346,301.99,1.75,1.5
02.08.2021 01:14:24.945,302.346,301.986,1.75,1.5
02.08.2021 01:14:37.702,302.346,301.988,1.75,1.5
02.08.2021 01:14:38.300,302.346,301.988,1.75,1.5
02.08.2021 01:14:46.548,302.346,301.988,1.75,1.5
02.08.2021 01:14:52.856,302.318,302.012,1.5,1.25
02.08.2021 01:15:01.733,302.318,302.005,1.5,1.25
02.08.2021 01:15:03.503,302.303,301.996,1,1.5
02.08.2021 01:15:03.604,302.303,301.996,1,1.5
02.08.2021 01:15:04.953,302.303,302.001,1,1.5
02.08.2021 01:15:14.343,302.303,301.998,1,1.5
02.08.2021 01:15:14.690,302.303,301.992,1.5,1.5
02.08.2021 01:15:18.295,302.303,301.98900000000003,1.5,1.5
02.08.2021 01:15:31.698,302.303,301.993,1.5,1.25
02.08.2021 01:15:33.375,302.303,302.01099999999997,1,1.25
02.08.2021 01:15:33.995,302.303,302.009,1.5,1.25
02.08.2021 01:15:37.858,302.303,302.01099999999997,1,1.25
02.08.2021 01:15:40.073,302.32599999999996,301.998,1.5,1.5
02.08.2021 01:15:47.213,302.32599999999996,301.995,1.5,1.5
02.08.2021 01:15:55.360,302.32599999999996,301.98900000000003,1.5,1.5
02.08.2021 01:16:02.665,302.32599999999996,302.017,1.5,1
02.08.2021 01:16:02.846,302.32599999999996,302.017,1.5,1.25
02.08.2021 01:16:06.777,302.32599999999996,302.021,1.5,1.25
02.08.2021 01:16:07.706,302.32599999999996,302.017,1.5,1.25
02.08.2021 01:16:12.582,302.32599999999996,302.002,1.5,1.5
02.08.2021 01:16:45.091,302.32599999999996,302.013,1.12,1.5
02.08.2021 01:16:52.286,302.35200000000003,302.03700000000003,1.5,1.25
02.08.2021 01:16:52.682,302.35200000000003,302.03900000000004,1.5,1.25
02.08.2021 01:16:56.915,302.322,302.041,1,1.25
02.08.2021 01:16:56.965,302.322,302.024,1.5,1.25
02.08.2021 01:17:02.961,302.322,301.987,1.5,1.5
02.08.2021 01:17:22.290,302.322,301.991,1,1.5
02.08.2021 01:17:23.608,302.322,301.991,1,1.5
02.08.2021 01:17:24.029,302.322,301.991,1,1.5
02.08.2021 01:17:24.229,302.322,301.991,1,1.5
02.08.2021 01:17:24.741,302.322,301.991,1,1.5
02.08.2021 01:17:24.943,302.322,302.027,1,1.25
02.08.2021 01:17:25.402,302.322,302.028,1,1.25
02.08.2021 01:17:27.236,302.322,301.991,1,1.5
02.08.2021 01:17:28.609,302.322,301.991,1,1.5
02.08.2021 01:17:29.019,302.322,301.991,1,1.5
02.08.2021 01:17:29.249,302.322,301.991,1,1.5
02.08.2021 01:17:29.421,302.322,301.991,1,1.5
02.08.2021 01:17:29.622,302.322,301.991,1,1.5
02.08.2021 01:17:31.671,302.322,301.991,1,1.5
02.08.2021 01:17:32.235,302.322,301.991,1,1.5
02.08.2021 01:17:32.437,302.322,301.991,1,1.5
02.08.2021 01:17:33.783,302.322,301.991,1,1.5
02.08.2021 01:17:34.869,302.322,301.991,1,1.5
02.08.2021 01:17:35.497,302.322,301.991,1,1.5
02.08.2021 01:17:35.951,302.322,301.991,1,1.5
02.08.2021 01:17:37.139,302.322,301.97700000000003,1.5,1.5
02.08.2021 01:17:39.908,302.322,301.98400000000004,1.5,1.5
02.08.2021 01:17:46.703,302.322,301.991,1,1.5
02.08.2021 01:17:49.333,302.322,302.001,1,1.5
02.08.2021 01:17:52.334,302.322,302.001,1,1.5
02.08.2021 01:17:58.625,302.322,301.991,1,1.5
02.08.2021 01:18:00.424,302.322,301.987,1.5,1.5
02.08.2021 01:18:00.779,302.322,301.991,1,1.5
02.08.2021 01:18:01.222,302.322,301.991,1,1.5
02.08.2021 01:18:07.578,302.322,301.988,1.5,1.5
02.08.2021 01:18:07.799,302.322,301.987,1.5,1.5
02.08.2021 01:18:16.854,302.322,301.987,1.5,1.5
02.08.2021 01:18:20.094,302.322,301.981,1.5,1.5
02.08.2021 01:18:24.129,302.322,301.97700000000003,1.5,1.5
02.08.2021 01:18:27.158,302.322,301.97700000000003,1.75,1.5
02.08.2021 01:18:27.917,302.322,301.97700000000003,1.75,1.5
02.08.2021 01:18:28.136,302.322,302.01,1.5,1.25
02.08.2021 01:18:30.671,302.322,302.006,1.5,1
02.08.2021 01:18:33.091,302.322,302.006,1.5,1.25
02.08.2021 01:18:37.503,302.322,302.008,1.5,1.25
02.08.2021 01:18:44.259,302.322,301.97700000000003,1.5,1.5
02.08.2021 01:18:48.645,302.322,301.97700000000003,1.5,1.5
02.08.2021 01:18:56.590,302.322,301.96700000000004,1.5,1.5
02.08.2021 01:19:00.233,302.322,301.96700000000004,1.5,1.5
02.08.2021 01:19:00.434,302.322,301.971,1.5,1.5
02.08.2021 01:19:00.683,302.322,301.971,1.5,1.5
02.08.2021 01:19:01.011,302.322,301.96700000000004,1.5,1.5
02.08.2021 01:19:12.572,302.322,301.96700000000004,1.75,1.5
02.08.2021 01:19:21.801,302.322,302.03400000000005,1.75,0.37
02.08.2021 01:19:29.783,302.29400000000004,302.004,1,1.25
02.08.2021 01:19:50.726,302.29400000000004,301.988,1.5,1.25
02.08.2021 01:19:57.554,302.29400000000004,301.947,1.5,1.5
02.08.2021 01:20:03.717,302.29400000000004,301.947,1.75,1.5
02.08.2021 01:20:03.921,302.29400000000004,301.95099999999996,1.5,1.5
02.08.2021 01:20:04.077,302.29400000000004,301.95099999999996,1.5,1.5
02.08.2021 01:20:04.278,302.29400000000004,301.947,1.5,1.5
02.08.2021 01:20:04.479,302.29400000000004,301.947,1.5,1.5
02.08.2021 01:20:04.743,302.29400000000004,301.947,1.75,1.5
02.08.2021 01:20:04.927,302.29400000000004,301.947,1.5,1.5
02.08.2021 01:20:05.133,302.29400000000004,301.947,1.5,1.5
02.08.2021 01:20:12.292,302.29400000000004,301.947,1.5,1.25
02.08.2021 01:20:12.695,302.29400000000004,301.95099999999996,1.5,1.5
02.08.2021 01:20:13.192,302.29400000000004,301.95099999999996,1.5,1.5
02.08.2021 01:20:16.953,302.29400000000004,301.947,1.5,1.5
02.08.2021 01:20:17.581,302.29400000000004,301.947,1.5,1.5
02.08.2021 01:20:17.782,302.29400000000004,301.95099999999996,1.5,1.5
02.08.2021 01:20:18.144,302.29400000000004,301.988,1.5,1.25
02.08.2021 01:20:22.804,302.29400000000004,301.987,1.5,1.25
02.08.2021 01:20:23.007,302.29400000000004,301.988,1.5,1.25
02.08.2021 01:20:30.637,302.29400000000004,301.96700000000004,1,1.5
02.08.2021 01:20:30.838,302.29400000000004,301.97700000000003,1,1.5
02.08.2021 01:20:36.112,302.29400000000004,301.96700000000004,1,1.5
02.08.2021 01:21:22.077,302.29400000000004,301.96700000000004,1.5,1.5
02.08.2021 01:21:23.859,302.29400000000004,301.96700000000004,1.5,1.5
02.08.2021 01:21:25.728,302.29400000000004,301.96700000000004,1.5,1.5
02.08.2021 01:21:26.130,302.29400000000004,301.968,1.5,1.5
02.08.2021 01:21:29.091,302.29400000000004,301.987,1.5,1.5
02.08.2021 01:21:29.291,302.29400000000004,301.987,1.5,1.5
02.08.2021 01:21:29.492,302.29400000000004,301.987,1.5,1.5
02.08.2021 01:21:30.233,302.29400000000004,301.987,1.5,1.5
02.08.2021 01:21:30.437,302.29400000000004,301.987,1.5,1.5
02.08.2021 01:21:30.662,302.29400000000004,301.96700000000004,1.5,1.5
02.08.2021 01:21:44.209,302.29400000000004,301.969,1.5,1.5
02.08.2021 01:21:45.615,302.29400000000004,301.97,1.5,1.5
02.08.2021 01:21:47.886,302.29400000000004,301.97,1.5,1.5
02.08.2021 01:21:58.752,302.29400000000004,301.973,1.5,1.5
02.08.2021 01:21:59.160,302.29400000000004,301.97200000000004,1.5,1.5
02.08.2021 01:22:20.267,302.29400000000004,301.971,1.5,1.5
02.08.2021 01:22:21.119,302.29400000000004,301.97,1.5,1.5
02.08.2021 01:22:26.042,302.29400000000004,302.03400000000005,1,0.37
02.08.2021 01:22:27.997,302.29400000000004,301.987,1,1.5
02.08.2021 01:22:28.198,302.29400000000004,301.987,1,1.5
02.08.2021 01:22:31.284,302.29400000000004,301.987,1,1.5
02.08.2021 01:22:31.385,302.281,302.016,1,1.25
02.08.2021 01:22:31.491,302.281,302.018,1,1.25
02.08.2021 01:22:34.632,302.281,302.018,1,1.25
02.08.2021 01:22:35.862,302.30400000000003,301.987,1,1.5
02.08.2021 01:22:47.336,302.30400000000003,301.987,1,1.5
02.08.2021 01:22:47.541,302.30400000000003,301.987,1,1.5
02.08.2021 01:22:48.827,302.30400000000003,301.987,1.5,1.5
02.08.2021 01:22:49.030,302.30400000000003,301.987,1,1.5
02.08.2021 01:22:49.280,302.30400000000003,301.987,1.5,1.5
02.08.2021 01:22:49.597,302.30400000000003,301.987,1,1.5
02.08.2021 01:22:49.797,302.30400000000003,301.987,1.5,1.5
02.08.2021 01:22:52.029,302.30400000000003,301.96700000000004,1.5,1.5
02.08.2021 01:23:14.340,302.30400000000003,301.968,1.5,1.5
02.08.2021 01:24:03.218,302.30400000000003,301.987,1.5,1.5
02.08.2021 01:24:31.075,302.30400000000003,301.997,1.5,1.5
02.08.2021 01:24:31.234,302.30400000000003,301.987,1.5,1.5
02.08.2021 01:24:54.001,302.30400000000003,301.987,1.5,1.5
02.08.2021 01:24:54.210,302.30400000000003,302.002,1.5,1.25
02.08.2021 01:25:32.201,302.30400000000003,301.997,1,1.5
02.08.2021 01:25:42.764,302.30400000000003,302.007,1,1.5
02.08.2021 01:25:42.965,302.30400000000003,302.007,1,1.5
02.08.2021 01:26:01.436,302.30400000000003,302.007,1,1.5
02.08.2021 01:26:03.830,302.30400000000003,302.007,1,1.5
02.08.2021 01:26:42.378,302.327,301.982,1.5,1.5
02.08.2021 01:26:42.755,302.327,301.982,1.5,1.5
02.08.2021 01:26:52.737,302.327,301.97200000000004,1.5,1.5
02.08.2021 01:26:53.937,302.327,301.992,1.5,1.5
02.08.2021 01:27:14.594,302.327,301.978,1.5,1.5
02.08.2021 01:27:16.433,302.327,301.992,1.5,1.5
02.08.2021 01:27:18.674,302.327,301.992,1.5,1.5
02.08.2021 01:27:18.868,302.327,301.992,1.5,1.5
02.08.2021 01:27:22.139,302.327,301.992,1.5,1.5
02.08.2021 01:27:23.901,302.327,301.992,1.5,1.5
02.08.2021 01:27:59.206,302.327,301.987,1.75,1.5
02.08.2021 01:28:06.944,302.301,301.97700000000003,1.5,1.5
02.08.2021 01:28:07.128,302.301,301.987,1.5,1.5
02.08.2021 01:28:22.479,302.301,301.987,1.5,1.5
02.08.2021 01:29:06.123,302.301,301.987,1.5,1.5
02.08.2021 01:29:51.379,302.301,301.997,1,1.5
02.08.2021 01:29:55.961,302.327,301.997,1.5,1.5
02.08.2021 01:29:56.062,302.327,302.007,1.5,1.5
02.08.2021 01:30:01.929,302.327,302.007,1.5,1.25
02.08.2021 01:30:02.067,302.297,302.007,1,1.5
02.08.2021 01:30:02.129,302.297,302.007,1,1.5
02.08.2021 01:30:07.732,302.297,302.027,1,1.5
02.08.2021 01:30:11.233,302.323,302.027,1.5,1.5
02.08.2021 01:30:11.398,302.323,302.028,1,1.25
02.08.2021 01:30:13.740,302.323,302.03700000000003,1,1.81
02.08.2021 01:30:16.720,302.323,302.03900000000004,1,1.25
02.08.2021 01:30:19.944,302.323,302.047,1,1.5
02.08.2021 01:30:19.994,302.346,302.047,1.5,1.5
02.08.2021 01:30:20.175,302.346,302.057,1.12,1.5
02.08.2021 01:30:30.957,302.346,302.077,1,1.5
02.08.2021 01:30:42.206,302.346,302.067,1.12,1.5
02.08.2021 01:30:42.444,302.346,302.047,1.5,1.5
02.08.2021 01:30:42.607,302.346,302.047,1.5,1.5
02.08.2021 01:30:42.793,302.346,302.047,1.5,1.5
02.08.2021 01:30:42.976,302.346,302.047,1.12,1.5
02.08.2021 01:30:43.491,302.346,302.047,1.5,1.5
02.08.2021 01:30:43.958,302.346,302.047,1.12,1.5
02.08.2021 01:30:44.538,302.346,302.04900000000004,1.5,1.25
02.08.2021 01:30:45.858,302.346,302.047,1.12,1.5
02.08.2021 01:30:46.570,302.346,302.047,1.5,1.5
02.08.2021 01:30:46.954,302.346,302.047,1.12,1.5
02.08.2021 01:30:51.272,302.346,302.067,1,1.5
02.08.2021 01:30:55.209,302.346,302.067,1,1.5
02.08.2021 01:31:02.322,302.346,302.067,1,1.5
02.08.2021 01:31:26.448,302.346,302.067,1.12,1.5
02.08.2021 01:31:31.609,302.346,302.067,1,1.5
02.08.2021 01:31:31.770,302.346,302.07099999999997,1.12,1.25
02.08.2021 01:31:32.405,302.346,302.047,1.5,1.5
02.08.2021 01:31:33.610,302.346,302.047,1.12,1.5
02.08.2021 01:31:34.267,302.346,302.052,1,1.25
02.08.2021 01:31:34.418,302.346,302.04900000000004,1.12,1
02.08.2021 01:31:39.605,302.346,302.047,1,1.5
02.08.2021 01:31:41.167,302.346,302.047,1.12,1.5
02.08.2021 01:31:50.246,302.346,302.10400000000004,1,0.37
02.08.2021 01:31:50.347,302.413,302.082,1.75,1.75
02.08.2021 01:31:50.498,302.433,302.135,1.5,0.69
02.08.2021 01:31:50.650,302.433,302.135,1.5,0.69
02.08.2021 01:31:51.302,302.433,302.081,1.5,1.5
02.08.2021 01:31:52.132,302.433,302.095,1,1.5
02.08.2021 01:31:52.289,302.433,302.10200000000003,1,1.5
02.08.2021 01:31:53.145,302.433,302.10200000000003,1,1.5
02.08.2021 01:31:53.569,302.433,302.091,1.5,1.5
02.08.2021 01:31:53.773,302.439,302.093,1,1.5
02.08.2021 01:31:54.645,302.439,302.086,1.5,1.5
02.08.2021 01:31:57.756,302.439,302.084,1,1.5
02.08.2021 01:32:00.285,302.439,302.081,1.5,1.5
02.08.2021 01:32:00.476,302.439,302.081,1.5,1.5
02.08.2021 01:32:02.231,302.439,302.081,1.5,1.5
02.08.2021 01:32:03.998,302.439,302.115,1.5,1
02.08.2021 01:32:05.106,302.439,302.113,1.5,1
02.08.2021 01:32:05.306,302.439,302.113,1.5,1
02.08.2021 01:32:18.056,302.439,302.07099999999997,1.5,1.5
02.08.2021 01:32:18.308,302.439,302.083,1.5,1.5
02.08.2021 01:32:18.358,302.439,302.091,1.5,1.5
02.08.2021 01:32:18.560,302.439,302.089,1.5,1.5
02.08.2021 01:32:18.811,302.439,302.084,1.5,1.5
02.08.2021 01:32:19.415,302.439,302.091,1.5,1.5
02.08.2021 01:32:20.370,302.439,302.091,1.5,1.5
02.08.2021 01:32:20.572,302.439,302.091,1.5,1.5
02.08.2021 01:32:20.773,302.439,302.16400000000004,1.5,0.37
02.08.2021 01:32:21.577,302.439,302.084,1.5,1.5
02.08.2021 01:32:23.126,302.439,302.16400000000004,1.5,0.37
02.08.2021 01:32:23.807,302.439,302.081,1.5,1.5
02.08.2021 01:32:24.193,302.439,302.085,1.5,1.5
02.08.2021 01:32:24.376,302.439,302.154,1.5,0.37
02.08.2021 01:32:29.842,302.439,302.086,1,1.5
02.08.2021 01:32:30.072,302.439,302.091,1.5,1.5
02.08.2021 01:32:30.274,302.439,302.101,1.5,1.5
02.08.2021 01:32:30.754,302.439,302.10200000000003,1.5,1.5
02.08.2021 01:32:30.928,302.439,302.101,1.5,1.5
02.08.2021 01:32:31.111,302.439,302.10200000000003,1.5,1.5
02.08.2021 01:32:34.130,302.439,302.10200000000003,1.5,1.5
02.08.2021 01:32:36.763,302.439,302.101,1.5,1.5
02.08.2021 01:32:36.955,302.439,302.101,1,1.5
02.08.2021 01:32:38.550,302.439,302.098,1.5,1.5
02.08.2021 01:32:40.917,302.439,302.081,1,1.5
02.08.2021 01:32:42.698,302.439,302.093,1,1.5
02.08.2021 01:32:44.156,302.439,302.096,1.5,1.5
02.08.2021 01:32:45.118,302.439,302.09700000000004,1,1.5
02.08.2021 01:32:45.273,302.439,302.09700000000004,1.5,1.5
02.08.2021 01:32:46.369,302.439,302.101,1.5,1.5
02.08.2021 01:32:46.694,302.439,302.101,1.5,1.5
02.08.2021 01:32:48.729,302.439,302.093,1.5,1.5
02.08.2021 01:32:49.347,302.439,302.095,1.5,1.5
02.08.2021 01:32:49.600,302.439,302.095,1.5,1.5
02.08.2021 01:32:49.975,302.439,302.095,1.5,1.5
02.08.2021 01:32:53.849,302.439,302.103,1.5,1.5
02.08.2021 01:32:54.035,302.439,302.106,1,1.5
02.08.2021 01:32:57.788,302.439,302.111,1,1.5
02.08.2021 01:32:58.039,302.439,302.111,1,1.5
02.08.2021 01:32:58.243,302.439,302.111,1,1.5
02.08.2021 01:32:59.069,302.439,302.111,1,1.5
02.08.2021 01:33:02.935,302.439,302.128,1,1.5
02.08.2021 01:33:02.985,302.46500000000003,302.127,1,1.5
02.08.2021 01:33:06.076,302.46500000000003,302.131,1,1.5
02.08.2021 01:33:06.510,302.46500000000003,302.112,1,1.5
02.08.2021 01:33:07.169,302.46500000000003,302.111,1.5,1.5
02.08.2021 01:33:08.629,302.46500000000003,302.10900000000004,1.5,1.5
02.08.2021 01:33:09.762,302.46500000000003,302.105,1.5,1.5
02.08.2021 01:33:12.903,302.46500000000003,302.10200000000003,1.5,1.5
02.08.2021 01:33:13.106,302.46500000000003,302.105,1.5,1.5
02.08.2021 01:33:20.517,302.46500000000003,302.107,1.5,1.5
02.08.2021 01:33:21.452,302.46500000000003,302.107,1.5,1.5
02.08.2021 01:33:21.652,302.46500000000003,302.107,1,1.5
02.08.2021 01:33:30.296,302.46500000000003,302.105,1.5,1.5
02.08.2021 01:33:30.878,302.46500000000003,302.098,1.5,1.5
02.08.2021 01:33:31.295,302.46500000000003,302.101,1.5,1.5
02.08.2021 01:33:38.095,302.46500000000003,302.098,1.5,1.5
02.08.2021 01:33:42.473,302.46500000000003,302.101,1.5,1.5
02.08.2021 01:33:42.672,302.46500000000003,302.101,1.5,1.5
02.08.2021 01:33:42.907,302.46500000000003,302.101,1.5,1.5
02.08.2021 01:33:43.109,302.46500000000003,302.10200000000003,1.5,1.5
02.08.2021 01:33:43.360,302.46500000000003,302.101,1.5,1.5
02.08.2021 01:33:44.707,302.46500000000003,302.101,1.5,1.5
02.08.2021 01:33:45.536,302.46500000000003,302.101,1.5,1.5
02.08.2021 01:33:45.739,302.46500000000003,302.09900000000005,1.5,1.5
02.08.2021 01:33:54.650,302.46500000000003,302.096,1.5,1.5
02.08.2021 01:33:55.133,302.46500000000003,302.091,1,1.5
02.08.2021 01:33:55.340,302.46500000000003,302.095,1.5,1.5
02.08.2021 01:33:59.620,302.46500000000003,302.096,1.5,1.5
02.08.2021 01:33:59.822,302.46500000000003,302.09200000000004,1.75,1.5
02.08.2021 01:34:00.161,302.442,302.086,1,1.5
02.08.2021 01:34:00.955,302.442,302.085,1.5,1.5
02.08.2021 01:34:01.593,302.442,302.085,1,1.5
02.08.2021 01:34:06.781,302.442,302.096,1,1.5
02.08.2021 01:34:10.116,302.442,302.09200000000004,1.5,1.5
02.08.2021 01:34:28.670,302.442,302.086,1,1.5
02.08.2021 01:34:28.894,302.442,302.086,1.5,1.5
02.08.2021 01:34:32.591,302.442,302.084,1,1.5
02.08.2021 01:34:41.514,302.442,302.091,1,1.5
02.08.2021 01:34:46.911,302.442,302.091,1,1.5
02.08.2021 01:34:47.127,302.442,302.091,1.5,1.5
02.08.2021 01:34:49.489,302.442,302.095,1,1.5
02.08.2021 01:34:59.189,302.434,302.152,1,1
02.08.2021 01:34:59.339,302.434,302.152,1,0.87
02.08.2021 01:35:00.259,302.434,302.133,1,1
02.08.2021 01:35:00.679,302.434,302.128,1,1
02.08.2021 01:35:00.860,302.434,302.128,1,1
02.08.2021 01:35:05.982,302.434,302.118,1.5,1
02.08.2021 01:35:12.158,302.434,302.093,1,1.5
02.08.2021 01:35:13.823,302.434,302.083,1.5,1.5
02.08.2021 01:35:17.070,302.434,302.085,1,1.5
02.08.2021 01:35:19.521,302.434,302.088,1.5,1.5
02.08.2021 01:35:19.942,302.434,302.091,1,1.5
02.08.2021 01:35:20.288,302.434,302.091,1.5,1.5
02.08.2021 01:35:20.490,302.434,302.094,1.5,1.5
02.08.2021 01:35:22.551,302.434,302.09200000000004,1.5,1.5
02.08.2021 01:35:23.281,302.434,302.091,1.5,1.5
02.08.2021 01:35:23.641,302.434,302.09200000000004,1.5,1.5
