Gmt time,Ask,Bid,AskVolume,BidVolume
12.08.2021 00:00:00.208,7.7789600000000005,7.778410000000001,0.75,0.37
12.08.2021 00:00:08.206,7.77895,7.778410000000001,0.37,0.37
12.08.2021 00:00:19.173,7.7789399999999995,7.778410000000001,0.37,0.37
12.08.2021 00:00:20.173,7.77887,7.778410000000001,0.37,0.37
12.08.2021 00:00:26.974,7.7789600000000005,7.778410000000001,0.75,0.37
12.08.2021 00:01:00.486,7.77897,7.77827,0.37,0.75
12.08.2021 00:01:02.850,7.77897,7.7782800000000005,0.37,0.37
12.08.2021 00:01:34.389,7.778980000000001,7.7782800000000005,0.75,0.37
12.08.2021 00:01:35.328,7.7789600000000005,7.7782800000000005,0.37,0.37
12.08.2021 00:01:36.750,7.7789399999999995,7.7782800000000005,0.37,0.37
12.08.2021 00:01:38.760,7.778930000000001,7.7782800000000005,0.37,0.37
12.08.2021 00:02:04.393,7.778930000000001,7.77827,0.37,0.75
12.08.2021 00:02:26.716,7.778980000000001,7.77827,0.75,0.75
12.08.2021 00:02:27.927,7.778980000000001,7.77833,0.75,0.37
12.08.2021 00:03:00.101,7.77897,7.77842,0.37,0.37
12.08.2021 00:03:00.202,7.77884,7.778530000000001,0.75,0.75
12.08.2021 00:03:08.866,7.7789,7.77844,0.37,0.37
12.08.2021 00:03:09.518,7.778930000000001,7.77844,0.37,0.37
12.08.2021 00:03:10.317,7.7789399999999995,7.778410000000001,0.37,0.37
12.08.2021 00:04:09.197,7.7789600000000005,7.778410000000001,0.37,0.37
12.08.2021 00:04:10.208,7.7789399999999995,7.778410000000001,0.37,0.37
12.08.2021 00:04:11.213,7.7789399999999995,7.7782800000000005,0.37,0.47
12.08.2021 00:04:29.677,7.778930000000001,7.7782800000000005,0.37,0.47
12.08.2021 00:04:30.681,7.77892,7.7782800000000005,0.37,0.85
12.08.2021 00:04:32.295,7.7789,7.7782800000000005,0.37,0.85
12.08.2021 00:04:58.396,7.7789,7.7782800000000005,0.37,0.47
12.08.2021 00:05:05.340,7.7789,7.778430000000001,0.37,0.37
12.08.2021 00:05:05.752,7.778930000000001,7.778430000000001,0.37,0.37
12.08.2021 00:05:06.754,7.7789399999999995,7.778430000000001,0.37,0.37
12.08.2021 00:05:07.756,7.7789399999999995,7.77842,0.37,0.37
12.08.2021 00:05:25.744,7.7789399999999995,7.778410000000001,0.37,0.37
12.08.2021 00:05:30.527,7.7789399999999995,7.77842,0.37,0.37
12.08.2021 00:05:36.811,7.778930000000001,7.77842,0.37,0.37
12.08.2021 00:05:41.822,7.77892,7.77842,0.37,0.37
12.08.2021 00:05:42.827,7.778910000000001,7.77842,0.37,0.37
12.08.2021 00:05:43.952,7.7789,7.77842,0.37,0.37
12.08.2021 00:05:49.839,7.77889,7.77842,0.37,0.37
12.08.2021 00:05:50.842,7.778880000000001,7.77842,0.37,0.37
12.08.2021 00:05:51.845,7.77887,7.77842,0.37,0.37
12.08.2021 00:06:32.513,7.77887,7.778300000000001,0.37,0.47
12.08.2021 00:06:55.658,7.778980000000001,7.778239999999999,0.82,0.47
12.08.2021 00:07:08.439,7.778980000000001,7.778239999999999,0.75,0.47
12.08.2021 00:07:26.898,7.778980000000001,7.778310000000001,0.75,0.47
12.08.2021 00:07:38.096,7.778980000000001,7.77842,0.75,0.37
12.08.2021 00:07:41.674,7.778980000000001,7.778239999999999,0.75,0.47
12.08.2021 00:07:41.724,7.7788200000000005,7.778480000000001,0.75,0.75
12.08.2021 00:07:43.798,7.77877,7.778460000000001,0.75,0.37
12.08.2021 00:07:43.848,7.77895,7.778460000000001,0.37,0.37
12.08.2021 00:07:44.678,7.778980000000001,7.778430000000001,1.87,0.37
12.08.2021 00:07:44.925,7.7788200000000005,7.778480000000001,0.75,0.75
12.08.2021 00:07:46.994,7.77877,7.778460000000001,0.75,0.37
12.08.2021 00:07:47.044,7.77895,7.778460000000001,0.37,0.37
12.08.2021 00:07:47.678,7.778980000000001,7.778430000000001,1.87,0.37
12.08.2021 00:07:48.165,7.7788200000000005,7.778480000000001,0.75,0.75
12.08.2021 00:07:50.194,7.77877,7.778460000000001,0.75,0.37
12.08.2021 00:07:50.244,7.77895,7.778460000000001,0.37,0.37
12.08.2021 00:07:50.678,7.778980000000001,7.778430000000001,1.12,0.37
12.08.2021 00:07:51.330,7.7788200000000005,7.778480000000001,0.75,0.75
12.08.2021 00:07:53.394,7.77877,7.778460000000001,0.75,0.37
12.08.2021 00:07:53.445,7.77895,7.778460000000001,0.37,0.37
12.08.2021 00:07:53.680,7.778980000000001,7.778430000000001,1.12,0.37
12.08.2021 00:07:54.534,7.7788200000000005,7.778480000000001,0.75,0.75
12.08.2021 00:07:56.641,7.778910000000001,7.77842,0.37,0.37
12.08.2021 00:07:57.273,7.778980000000001,7.778430000000001,1.12,0.37
12.08.2021 00:07:57.724,7.7788200000000005,7.778480000000001,0.75,0.75
12.08.2021 00:07:59.794,7.77877,7.778460000000001,0.75,0.37
12.08.2021 00:07:59.845,7.77895,7.778460000000001,0.37,0.37
12.08.2021 00:08:00.274,7.778980000000001,7.778430000000001,1.12,0.37
12.08.2021 00:08:00.917,7.7788200000000005,7.778480000000001,0.75,0.75
12.08.2021 00:08:03.041,7.7789,7.778410000000001,0.37,0.37
12.08.2021 00:08:03.638,7.778980000000001,7.778430000000001,2.62,0.37
12.08.2021 00:08:04.164,7.7788200000000005,7.778480000000001,0.75,0.75
12.08.2021 00:08:06.197,7.77877,7.778460000000001,0.75,0.37
12.08.2021 00:08:06.248,7.77895,7.778460000000001,0.37,0.37
12.08.2021 00:08:06.640,7.778980000000001,7.778430000000001,1.87,0.37
12.08.2021 00:08:07.316,7.7788200000000005,7.778480000000001,0.75,0.75
12.08.2021 00:08:09.441,7.778910000000001,7.77842,0.37,0.37
12.08.2021 00:08:10.073,7.778980000000001,7.778430000000001,2.62,0.37
12.08.2021 00:08:10.564,7.7788200000000005,7.778480000000001,0.75,0.75
12.08.2021 00:08:12.643,7.77895,7.778460000000001,0.37,0.37
12.08.2021 00:08:13.074,7.778980000000001,7.778430000000001,2.62,0.37
12.08.2021 00:08:13.734,7.7788200000000005,7.778480000000001,0.75,0.75
12.08.2021 00:08:15.798,7.77877,7.778460000000001,0.75,0.37
12.08.2021 00:08:15.848,7.77895,7.778460000000001,0.37,0.37
12.08.2021 00:08:16.075,7.778980000000001,7.778430000000001,1.87,0.37
12.08.2021 00:08:16.964,7.7788200000000005,7.778480000000001,0.75,0.75
12.08.2021 00:08:19.041,7.778910000000001,7.77842,0.37,0.37
12.08.2021 00:08:19.673,7.778980000000001,7.778430000000001,2.62,0.37
12.08.2021 00:08:20.166,7.7788200000000005,7.778480000000001,0.75,0.75
12.08.2021 00:08:22.197,7.77877,7.778460000000001,0.75,0.37
12.08.2021 00:08:22.247,7.77895,7.778460000000001,0.37,0.37
12.08.2021 00:08:22.674,7.778980000000001,7.778430000000001,2.62,0.37
12.08.2021 00:08:23.363,7.7788200000000005,7.778480000000001,0.75,0.75
12.08.2021 00:08:25.398,7.77877,7.778460000000001,0.75,0.37
12.08.2021 00:08:25.449,7.77895,7.778460000000001,0.37,0.37
12.08.2021 00:08:25.676,7.778980000000001,7.778430000000001,1.12,0.37
12.08.2021 00:08:26.568,7.7788200000000005,7.778480000000001,0.75,0.75
12.08.2021 00:08:28.641,7.778910000000001,7.77842,0.37,0.37
12.08.2021 00:08:29.273,7.778980000000001,7.778430000000001,1.12,0.37
12.08.2021 00:08:29.767,7.7788200000000005,7.778480000000001,0.75,0.75
12.08.2021 00:08:31.797,7.77877,7.778460000000001,0.75,0.37
12.08.2021 00:08:31.848,7.77895,7.778460000000001,0.37,0.37
12.08.2021 00:08:32.274,7.778980000000001,7.778430000000001,1.12,0.37
12.08.2021 00:08:32.922,7.7788200000000005,7.778480000000001,0.75,0.75
12.08.2021 00:08:35.048,7.77895,7.778460000000001,0.37,0.37
12.08.2021 00:08:35.300,7.778980000000001,7.778430000000001,2.62,0.37
12.08.2021 00:08:36.118,7.7788200000000005,7.778480000000001,0.75,0.75
12.08.2021 00:08:38.241,7.778910000000001,7.77842,0.37,0.37
12.08.2021 00:08:38.872,7.778980000000001,7.778430000000001,2.62,0.37
12.08.2021 00:08:39.318,7.7788200000000005,7.778480000000001,0.75,0.75
12.08.2021 00:08:41.395,7.77877,7.778460000000001,0.75,0.37
12.08.2021 00:08:41.445,7.77895,7.778460000000001,0.37,0.37
12.08.2021 00:08:41.874,7.778980000000001,7.778430000000001,1.12,0.37
12.08.2021 00:08:42.566,7.7788200000000005,7.778480000000001,0.75,0.75
12.08.2021 00:08:44.597,7.77877,7.778460000000001,0.75,0.37
12.08.2021 00:08:44.647,7.77895,7.778460000000001,0.37,0.37
12.08.2021 00:08:44.875,7.778980000000001,7.778430000000001,1.12,0.37
12.08.2021 00:08:45.734,7.7788200000000005,7.778480000000001,0.75,0.75
12.08.2021 00:08:47.841,7.778910000000001,7.77842,0.37,0.37
12.08.2021 00:08:48.472,7.778980000000001,7.778430000000001,1.12,0.37
12.08.2021 00:08:48.923,7.7788200000000005,7.778480000000001,0.75,0.75
12.08.2021 00:08:49.855,7.77877,7.778430000000001,0.75,1.12
12.08.2021 00:08:49.905,7.778980000000001,7.778430000000001,1.12,0.37
12.08.2021 00:08:55.273,7.7789,7.778430000000001,0.37,0.37
12.08.2021 00:09:24.582,7.778910000000001,7.778430000000001,0.37,0.37
12.08.2021 00:09:27.337,7.778930000000001,7.778430000000001,0.37,0.37
12.08.2021 00:09:50.247,7.778930000000001,7.77827,0.37,0.85
12.08.2021 00:10:05.460,7.778930000000001,7.77827,0.37,0.75
12.08.2021 00:10:07.358,7.77892,7.77827,0.37,0.75
12.08.2021 00:10:10.364,7.778910000000001,7.77829,0.37,0.37
12.08.2021 00:11:15.658,7.778980000000001,7.77822,0.75,0.75
12.08.2021 00:11:22.813,7.778980000000001,7.77827,0.75,0.75
12.08.2021 00:11:23.573,7.778980000000001,7.77827,0.75,0.85
12.08.2021 00:11:24.518,7.778930000000001,7.77827,0.37,0.85
12.08.2021 00:11:33.221,7.778980000000001,7.77827,0.75,0.85
12.08.2021 00:11:33.330,7.778980000000001,7.77827,0.75,0.85
12.08.2021 00:11:34.237,7.778930000000001,7.77827,0.37,0.85
12.08.2021 00:12:03.594,7.77892,7.77827,0.37,0.85
12.08.2021 00:12:07.620,7.778930000000001,7.77827,0.37,0.85
12.08.2021 00:12:13.387,7.778930000000001,7.77827,0.37,0.82
12.08.2021 00:12:14.472,7.778930000000001,7.77842,0.37,0.37
12.08.2021 00:12:15.618,7.7789600000000005,7.77842,0.37,0.37
12.08.2021 00:12:16.622,7.77897,7.77842,0.75,0.37
12.08.2021 00:12:35.236,7.778930000000001,7.77842,0.37,0.37
12.08.2021 00:13:08.724,7.7789600000000005,7.77842,0.37,0.37
12.08.2021 00:13:12.090,7.77892,7.77837,0.37,0.37
12.08.2021 00:13:12.141,7.77885,7.77837,0.75,0.37
12.08.2021 00:13:12.192,7.77879,7.778180000000001,0.37,0.37
12.08.2021 00:13:12.393,7.77878,7.778180000000001,0.75,0.37
12.08.2021 00:13:12.494,7.778760000000001,7.778180000000001,0.75,0.37
12.08.2021 00:13:12.545,7.77879,7.778180000000001,0.47,0.37
12.08.2021 00:13:12.595,7.778760000000001,7.778180000000001,0.75,0.37
12.08.2021 00:13:12.714,7.77879,7.778180000000001,0.47,0.37
12.08.2021 00:13:12.814,7.7786800000000005,7.7780700000000005,0.37,0.37
12.08.2021 00:13:12.993,7.77847,7.77822,0.75,0.75
12.08.2021 00:13:13.144,7.77852,7.77827,0.75,0.75
12.08.2021 00:13:13.295,7.77847,7.77822,0.75,0.75
12.08.2021 00:13:17.986,7.77842,7.77817,0.75,0.75
12.08.2021 00:13:35.709,7.77852,7.77809,0.37,0.37
12.08.2021 00:13:37.775,7.77847,7.77809,0.37,0.37
12.08.2021 00:13:48.109,7.77842,7.77817,0.75,0.75
12.08.2021 00:14:41.494,7.778410000000001,7.7781,0.75,0.75
12.08.2021 00:14:54.010,7.778560000000001,7.7780700000000005,0.37,0.37
12.08.2021 00:14:54.266,7.778560000000001,7.778060000000001,0.75,0.37
12.08.2021 00:14:55.895,7.77842,7.77817,0.75,0.75
12.08.2021 00:15:14.406,7.77855,7.7781,0.75,0.37
12.08.2021 00:15:17.958,7.778510000000001,7.7781,0.37,0.75
12.08.2021 00:15:18.249,7.77842,7.77817,0.75,0.75
12.08.2021 00:15:21.340,7.778510000000001,7.778260000000001,0.37,0.75
12.08.2021 00:15:21.441,7.77852,7.77827,0.75,0.75
12.08.2021 00:15:22.939,7.77862,7.77834,1.5,0.75
12.08.2021 00:15:22.989,7.77862,7.77837,1.5,0.75
12.08.2021 00:15:23.090,7.778700000000001,7.778310000000001,0.75,0.37
12.08.2021 00:15:23.191,7.77862,7.77837,0.75,0.75
12.08.2021 00:15:23.241,7.7788,7.778310000000001,0.75,0.37
12.08.2021 00:15:23.292,7.77887,7.778310000000001,0.75,0.37
12.08.2021 00:15:23.342,7.778860000000001,7.778310000000001,0.85,0.37
12.08.2021 00:15:23.493,7.77887,7.778310000000001,0.75,0.37
12.08.2021 00:15:23.593,7.77887,7.778310000000001,0.85,0.37
12.08.2021 00:15:23.643,7.77887,7.778310000000001,0.82,0.37
12.08.2021 00:15:23.795,7.778880000000001,7.778310000000001,0.45,0.37
12.08.2021 00:15:23.996,7.77892,7.778300000000001,2.35,0.37
12.08.2021 00:15:24.097,7.7789399999999995,7.778300000000001,0.47,0.37
12.08.2021 00:15:24.198,7.7789399999999995,7.778300000000001,0.47,0.37
12.08.2021 00:15:24.388,7.7789399999999995,7.778300000000001,0.45,0.37
12.08.2021 00:15:24.438,7.7789399999999995,7.77832,0.45,0.75
12.08.2021 00:15:24.539,7.7790300000000006,7.778410000000001,1.2,0.37
12.08.2021 00:15:24.640,7.7790300000000006,7.778410000000001,0.47,0.37
12.08.2021 00:15:24.791,7.7790300000000006,7.778410000000001,0.45,0.37
12.08.2021 00:15:25.895,7.77907,7.778410000000001,0.75,0.37
12.08.2021 00:15:25.945,7.77908,7.77847,0.82,0.37
12.08.2021 00:15:27.013,7.77908,7.77847,0.85,0.37
12.08.2021 00:15:27.993,7.77878,7.778530000000001,0.75,0.75
12.08.2021 00:15:28.144,7.7788200000000005,7.77857,0.75,0.75
12.08.2021 00:15:28.295,7.77878,7.778530000000001,0.75,0.75
12.08.2021 00:15:28.446,7.7788200000000005,7.77857,0.75,0.75
12.08.2021 00:15:28.597,7.77878,7.778530000000001,0.75,0.75
12.08.2021 00:15:28.748,7.7788200000000005,7.77857,0.75,0.75
12.08.2021 00:15:28.899,7.77878,7.778530000000001,0.75,0.75
12.08.2021 00:15:32.986,7.77872,7.77847,0.75,1.12
12.08.2021 00:15:33.087,7.77872,7.778480000000001,0.75,0.75
12.08.2021 00:15:33.272,7.77872,7.77847,0.75,1.12
12.08.2021 00:15:53.984,7.778860000000001,7.7784,0.75,0.37
12.08.2021 00:15:55.065,7.778860000000001,7.77844,0.75,0.37
12.08.2021 00:15:55.166,7.77878,7.778530000000001,0.75,0.75
12.08.2021 00:16:05.560,7.778810000000001,7.778460000000001,0.37,0.37
12.08.2021 00:16:05.673,7.778810000000001,7.77839,0.37,0.47
12.08.2021 00:16:05.761,7.778860000000001,7.77839,0.37,0.47
12.08.2021 00:16:05.811,7.7788200000000005,7.77857,0.75,0.75
12.08.2021 00:16:07.959,7.778930000000001,7.77864,1.12,0.75
12.08.2021 00:16:08.010,7.77892,7.77867,0.75,0.75
12.08.2021 00:16:08.111,7.778930000000001,7.77872,0.37,0.75
12.08.2021 00:16:08.162,7.778930000000001,7.77852,0.37,0.75
12.08.2021 00:16:08.414,7.778930000000001,7.77852,0.37,0.85
12.08.2021 00:16:08.506,7.779000000000001,7.77852,0.37,0.85
12.08.2021 00:16:10.007,7.77902,7.77852,0.37,0.85
12.08.2021 00:16:11.508,7.7790300000000006,7.77852,0.37,0.85
12.08.2021 00:16:12.992,7.77892,7.77867,0.75,0.75
12.08.2021 00:16:13.669,7.77897,7.77872,1.12,0.75
12.08.2021 00:16:27.606,7.77902,7.77852,0.37,0.85
12.08.2021 00:16:33.926,7.7789399999999995,7.778530000000001,0.37,0.47
12.08.2021 00:16:34.030,7.77892,7.77867,0.75,0.75
12.08.2021 00:16:34.132,7.778880000000001,7.778630000000001,0.75,0.75
12.08.2021 00:16:34.233,7.77897,7.77872,0.75,0.75
12.08.2021 00:16:34.334,7.77902,7.77877,0.75,0.75
12.08.2021 00:18:02.985,7.77897,7.77872,0.75,0.75
12.08.2021 00:18:32.863,7.778980000000001,7.77872,0.75,0.75
12.08.2021 00:18:42.861,7.77897,7.77872,0.75,0.75
12.08.2021 00:23:42.558,7.779060000000001,7.7786800000000005,0.37,0.37
12.08.2021 00:23:43.304,7.77897,7.77872,0.75,0.75
12.08.2021 00:23:49.766,7.778989999999999,7.77873,0.75,0.75
12.08.2021 00:23:52.766,7.77897,7.77872,0.75,0.75
12.08.2021 00:24:52.236,7.778880000000001,7.778630000000001,0.75,1.12
12.08.2021 00:24:52.949,7.7788200000000005,7.77857,0.75,0.75
12.08.2021 00:24:53.050,7.77878,7.77854,0.75,0.37
12.08.2021 00:24:53.452,7.77878,7.778530000000001,0.75,0.75
12.08.2021 00:25:09.200,7.7788200000000005,7.77857,0.75,0.75
12.08.2021 00:25:52.837,7.77884,7.778580000000001,0.75,0.75
12.08.2021 00:26:02.841,7.7788200000000005,7.77857,0.75,0.75
12.08.2021 00:26:18.606,7.77878,7.778530000000001,0.75,0.75
12.08.2021 00:26:48.818,7.77872,7.77847,0.75,0.75
12.08.2021 00:26:52.990,7.77867,7.77842,0.75,0.75
12.08.2021 00:28:02.452,7.77872,7.77817,0.37,1.22
12.08.2021 00:28:02.658,7.77872,7.77817,0.37,1.22
12.08.2021 00:28:03.090,7.77867,7.77842,0.75,0.75
12.08.2021 00:29:02.842,7.7786800000000005,7.778410000000001,0.75,0.75
12.08.2021 00:29:10.072,7.77867,7.77842,0.75,0.75
12.08.2021 00:30:22.839,7.7786800000000005,7.77842,0.75,0.75
12.08.2021 00:30:32.471,7.77857,7.77832,0.75,0.75
12.08.2021 00:30:32.521,7.77873,7.778310000000001,0.75,0.37
12.08.2021 00:30:32.572,7.77852,7.778310000000001,0.75,0.37
12.08.2021 00:30:32.622,7.77869,7.778130000000001,0.75,0.75
12.08.2021 00:30:32.673,7.77847,7.77822,0.75,0.75
12.08.2021 00:30:32.974,7.77842,7.77817,0.75,0.75
12.08.2021 00:30:33.154,7.77852,7.778260000000001,0.75,0.75
12.08.2021 00:30:33.205,7.77872,7.778130000000001,0.85,0.37
12.08.2021 00:30:33.356,7.778760000000001,7.77827,0.85,0.85
12.08.2021 00:30:33.457,7.77857,7.77832,0.75,0.75
12.08.2021 00:30:33.507,7.77874,7.77829,0.75,0.37
12.08.2021 00:30:33.558,7.778710000000001,7.77829,0.82,0.37
12.08.2021 00:30:33.759,7.778710000000001,7.77829,0.85,0.37
12.08.2021 00:30:33.809,7.778710000000001,7.77815,0.85,0.37
12.08.2021 00:30:37.952,7.778700000000001,7.77814,0.85,0.37
12.08.2021 00:30:38.003,7.77847,7.77822,0.75,0.75
12.08.2021 00:31:05.805,7.77852,7.77827,0.75,0.75
12.08.2021 00:31:05.956,7.77847,7.77822,0.75,0.75
12.08.2021 00:31:14.651,7.77842,7.77817,0.75,0.75
12.08.2021 00:31:31.845,7.77847,7.77822,0.75,0.75
12.08.2021 00:33:12.199,7.77849,7.778230000000001,0.75,0.75
12.08.2021 00:33:22.461,7.7785,7.778230000000001,0.75,0.75
12.08.2021 00:35:28.116,7.7785,7.778239999999999,0.75,0.37
12.08.2021 00:35:28.217,7.778510000000001,7.778239999999999,0.75,0.37
12.08.2021 00:35:28.653,7.778510000000001,7.778230000000001,0.75,0.75
12.08.2021 00:35:42.022,7.778560000000001,7.7782800000000005,0.75,0.75
12.08.2021 00:35:42.123,7.778510000000001,7.778230000000001,0.75,0.75
12.08.2021 00:38:33.102,7.77862,7.77838,0.37,0.75
12.08.2021 00:38:33.153,7.778660000000001,7.77838,0.75,0.75
12.08.2021 00:38:36.452,7.778660000000001,7.778410000000001,0.75,0.75
12.08.2021 00:38:37.905,7.778660000000001,7.77838,0.75,1.12
12.08.2021 00:38:57.899,7.77873,7.77838,0.37,0.75
12.08.2021 00:38:58.907,7.778760000000001,7.77838,0.37,0.75
12.08.2021 00:38:59.863,7.7787500000000005,7.77838,0.37,0.75
12.08.2021 00:39:03.310,7.778660000000001,7.77838,0.75,1.5
12.08.2021 00:40:05.004,7.7786800000000005,7.77839,0.75,0.75
12.08.2021 00:41:32.805,7.7786800000000005,7.778430000000001,0.75,0.37
12.08.2021 00:42:03.069,7.7786800000000005,7.77842,0.75,0.75
12.08.2021 00:42:03.170,7.77864,7.77842,0.75,0.75
12.08.2021 00:42:03.606,7.77862,7.77842,0.75,0.75
12.08.2021 00:42:04.569,7.77862,7.77837,0.75,1.12
12.08.2021 00:42:07.570,7.77862,7.77838,0.75,0.37
12.08.2021 00:43:22.812,7.77864,7.77838,0.75,1.12
12.08.2021 00:43:32.809,7.77862,7.77838,0.75,0.37
12.08.2021 00:44:35.658,7.77862,7.77837,0.75,0.75
12.08.2021 00:44:52.807,7.77862,7.77842,0.75,0.37
12.08.2021 00:45:02.792,7.77862,7.77838,0.75,0.37
12.08.2021 00:46:03.158,7.77862,7.77837,0.75,0.75
12.08.2021 00:46:09.506,7.77857,7.77834,0.75,0.37
12.08.2021 00:46:09.557,7.77862,7.77837,0.75,0.75
12.08.2021 00:46:10.957,7.77862,7.77838,0.75,0.37
12.08.2021 00:46:22.747,7.778630000000001,7.77838,0.75,0.37
12.08.2021 00:46:52.748,7.77862,7.77838,0.75,0.37
12.08.2021 00:47:08.743,7.77862,7.77837,0.75,0.75
12.08.2021 00:47:08.794,7.77862,7.7783500000000005,0.75,1.12
12.08.2021 00:47:09.550,7.778610000000001,7.7783500000000005,0.75,0.37
12.08.2021 00:47:10.244,7.778610000000001,7.77834,0.75,0.37
12.08.2021 00:47:25.960,7.778610000000001,7.77838,0.75,0.37
12.08.2021 00:47:28.633,7.7788,7.77838,0.75,0.37
12.08.2021 00:47:39.692,7.778610000000001,7.77838,0.75,0.37
12.08.2021 00:48:26.010,7.778610000000001,7.77832,0.75,0.75
12.08.2021 00:48:42.754,7.778610000000001,7.778300000000001,0.75,0.82
12.08.2021 00:50:01.125,7.778610000000001,7.778300000000001,0.75,0.85
12.08.2021 00:50:04.459,7.778610000000001,7.778300000000001,0.75,0.82
12.08.2021 00:50:14.636,7.778610000000001,7.7783500000000005,0.75,0.37
12.08.2021 00:50:17.638,7.778610000000001,7.778360000000001,0.75,0.37
12.08.2021 00:50:20.638,7.778610000000001,7.77837,0.75,0.37
12.08.2021 00:50:32.642,7.778610000000001,7.77838,0.75,0.37
12.08.2021 00:50:49.910,7.778610000000001,7.778300000000001,0.75,0.75
12.08.2021 00:50:49.960,7.778660000000001,7.778360000000001,0.75,0.75
12.08.2021 00:50:50.011,7.77892,7.778230000000001,1.5,0.85
12.08.2021 00:50:50.061,7.778760000000001,7.778460000000001,0.75,0.75
12.08.2021 00:50:51.411,7.778760000000001,7.778480000000001,0.75,0.37
12.08.2021 00:50:54.420,7.778760000000001,7.77849,0.75,0.37
12.08.2021 00:51:04.478,7.778980000000001,7.77849,0.75,0.37
12.08.2021 00:51:05.650,7.778989999999999,7.77849,0.37,0.37
12.08.2021 00:51:06.156,7.778980000000001,7.77849,0.37,0.37
12.08.2021 00:51:07.162,7.778989999999999,7.77849,0.37,0.37
12.08.2021 00:51:08.334,7.779050000000001,7.77849,0.47,0.37
12.08.2021 00:51:20.085,7.778760000000001,7.77849,0.75,0.37
12.08.2021 00:51:20.769,7.778760000000001,7.7785,0.75,0.37
12.08.2021 00:51:20.819,7.77884,7.77854,0.75,0.75
12.08.2021 00:51:32.466,7.7789,7.77855,0.75,0.75
12.08.2021 00:51:38.949,7.7789,7.7785899999999994,0.75,0.75
12.08.2021 00:51:39.050,7.77907,7.778760000000001,0.45,0.75
12.08.2021 00:51:39.151,7.77908,7.778760000000001,0.37,0.75
12.08.2021 00:51:39.278,7.77913,7.778760000000001,2.25,0.75
12.08.2021 00:51:39.379,7.77913,7.77878,2.25,0.37
12.08.2021 00:51:39.656,7.779110000000001,7.77878,0.37,0.37
12.08.2021 00:51:39.809,7.77914,7.77878,0.75,0.37
12.08.2021 00:51:44.405,7.77913,7.77878,0.37,0.37
12.08.2021 00:51:46.412,7.77914,7.77878,1.12,0.37
12.08.2021 00:51:48.188,7.77913,7.77878,0.37,0.37
12.08.2021 00:51:49.191,7.77914,7.77878,1.12,0.37
12.08.2021 00:51:50.195,7.77913,7.77878,0.37,0.37
12.08.2021 00:51:53.210,7.77914,7.77878,1.12,0.37
12.08.2021 00:51:54.218,7.77913,7.77878,0.37,0.37
12.08.2021 00:51:57.221,7.77914,7.77878,1.12,0.37
12.08.2021 00:51:58.226,7.77913,7.77878,0.37,0.37
12.08.2021 00:52:00.236,7.77914,7.77878,1.12,0.37
12.08.2021 00:52:01.242,7.77913,7.77878,0.37,0.37
12.08.2021 00:52:03.471,7.7790300000000006,7.77878,0.75,0.37
12.08.2021 00:52:39.255,7.779060000000001,7.77878,0.37,0.37
12.08.2021 00:52:40.970,7.779060000000001,7.778760000000001,0.37,1.12
12.08.2021 00:52:41.071,7.779050000000001,7.778760000000001,0.75,0.37
12.08.2021 00:52:41.122,7.77912,7.778760000000001,0.75,1.12
12.08.2021 00:52:42.471,7.77912,7.77878,0.75,0.37
12.08.2021 00:53:25.725,7.7790300000000006,7.77878,0.75,0.37
12.08.2021 00:53:45.658,7.7790300000000006,7.778760000000001,0.75,0.75
12.08.2021 00:53:57.130,7.779100000000001,7.778760000000001,1.12,0.75
12.08.2021 00:53:57.281,7.77909,7.778760000000001,0.37,0.75
12.08.2021 00:54:02.362,7.77908,7.778760000000001,0.37,0.75
12.08.2021 00:54:03.366,7.77907,7.778760000000001,0.37,0.75
12.08.2021 00:54:07.337,7.77907,7.7788200000000005,0.37,0.37
12.08.2021 00:54:07.438,7.77908,7.7788200000000005,0.37,0.37
12.08.2021 00:54:07.596,7.7790300000000006,7.7788200000000005,0.75,0.37
12.08.2021 00:54:08.838,7.7790300000000006,7.77878,0.75,0.37
12.08.2021 00:54:17.395,7.7790300000000006,7.77884,0.75,0.75
12.08.2021 00:54:17.445,7.779110000000001,7.77884,0.37,0.75
12.08.2021 00:54:17.496,7.77914,7.77884,0.75,0.75
12.08.2021 00:54:18.721,7.77912,7.77884,0.37,0.75
12.08.2021 00:54:18.895,7.77912,7.778830000000001,0.37,0.37
12.08.2021 00:54:20.492,7.779100000000001,7.778830000000001,0.37,0.37
12.08.2021 00:54:21.723,7.77909,7.778830000000001,0.37,0.37
12.08.2021 00:54:22.645,7.77909,7.7788,0.37,1.12
12.08.2021 00:54:22.695,7.7790300000000006,7.7788,0.75,1.12
12.08.2021 00:54:38.260,7.7790300000000006,7.77878,0.75,0.37
12.08.2021 00:54:39.419,7.779100000000001,7.77878,2.25,0.37
12.08.2021 00:54:39.710,7.779100000000001,7.7787500000000005,2.25,0.75
12.08.2021 00:54:42.761,7.77908,7.7787500000000005,0.37,0.75
12.08.2021 00:55:40.886,7.77907,7.7787500000000005,0.37,1.5
12.08.2021 00:55:42.116,7.779060000000001,7.7787500000000005,0.37,1.5
12.08.2021 00:56:15.185,7.779100000000001,7.7787500000000005,0.75,1.5
12.08.2021 00:57:30.075,7.779050000000001,7.7787500000000005,0.75,0.37
12.08.2021 00:57:30.176,7.779060000000001,7.7787500000000005,0.37,0.37
12.08.2021 00:57:31.106,7.77909,7.7787500000000005,0.37,0.37
12.08.2021 00:57:31.526,7.77909,7.77877,0.37,0.37
12.08.2021 00:57:32.108,7.779100000000001,7.77877,1.12,0.37
12.08.2021 00:57:34.111,7.77909,7.77877,0.37,0.37
12.08.2021 00:57:36.117,7.779100000000001,7.77877,1.12,0.37
12.08.2021 00:57:37.117,7.77909,7.77877,0.37,0.37
12.08.2021 00:57:40.124,7.779100000000001,7.77877,1.12,0.37
12.08.2021 00:57:41.125,7.77909,7.77877,0.37,0.37
12.08.2021 00:57:43.131,7.779100000000001,7.77877,1.12,0.37
12.08.2021 00:57:45.133,7.77909,7.77877,0.37,0.37
12.08.2021 00:57:47.138,7.779100000000001,7.77877,1.12,0.37
12.08.2021 00:57:48.140,7.77909,7.77877,0.37,0.37
12.08.2021 00:57:50.686,7.779100000000001,7.77877,1.12,0.37
12.08.2021 00:57:51.691,7.77909,7.77877,0.37,0.37
12.08.2021 00:57:53.698,7.779100000000001,7.77877,1.12,0.37
12.08.2021 00:57:54.700,7.77909,7.77877,0.37,0.37
12.08.2021 00:57:57.708,7.779100000000001,7.77877,1.12,0.37
12.08.2021 00:57:58.713,7.77909,7.77877,0.37,0.37
12.08.2021 00:58:00.722,7.779100000000001,7.77877,0.37,0.37
12.08.2021 00:58:02.730,7.77909,7.77877,0.37,0.37
12.08.2021 00:58:04.737,7.779100000000001,7.77877,1.12,0.37
12.08.2021 00:58:05.742,7.77909,7.77877,0.37,0.37
12.08.2021 00:58:07.745,7.779100000000001,7.77877,1.12,0.37
12.08.2021 00:58:09.754,7.77909,7.77877,0.37,0.37
12.08.2021 00:58:11.762,7.779100000000001,7.77877,1.12,0.37
12.08.2021 00:58:13.776,7.77909,7.77877,0.37,0.37
12.08.2021 00:58:15.786,7.779100000000001,7.77877,1.12,0.37
12.08.2021 00:58:16.789,7.77909,7.77877,0.37,0.37
12.08.2021 00:58:18.794,7.779100000000001,7.77877,1.12,0.37
12.08.2021 00:58:20.803,7.77909,7.77877,0.37,0.37
12.08.2021 00:58:22.809,7.779100000000001,7.77877,1.12,0.37
12.08.2021 00:58:23.814,7.77909,7.77877,0.37,0.37
12.08.2021 00:58:26.827,7.779100000000001,7.77877,1.12,0.37
12.08.2021 00:58:27.834,7.77909,7.77877,0.37,0.37
12.08.2021 00:58:29.839,7.779100000000001,7.77877,1.12,0.37
12.08.2021 00:58:31.849,7.77909,7.77874,0.37,0.75
12.08.2021 00:58:33.859,7.779100000000001,7.77874,1.12,0.75
12.08.2021 00:58:34.865,7.77909,7.77874,0.37,0.75
12.08.2021 00:58:37.879,7.779100000000001,7.77874,1.12,0.75
12.08.2021 00:58:38.883,7.77909,7.77874,0.37,0.75
12.08.2021 00:58:40.888,7.779100000000001,7.77874,1.12,0.75
12.08.2021 00:58:42.899,7.77909,7.77874,0.37,0.75
12.08.2021 00:58:43.925,7.77909,7.778760000000001,0.37,0.75
12.08.2021 00:58:55.401,7.77909,7.7787500000000005,0.37,0.75
12.08.2021 00:59:00.245,7.779060000000001,7.7787500000000005,0.37,0.75
12.08.2021 00:59:00.418,7.779060000000001,7.778760000000001,0.37,0.75
12.08.2021 00:59:30.164,7.779100000000001,7.778760000000001,0.75,0.75
12.08.2021 00:59:34.904,7.779100000000001,7.7787500000000005,0.75,0.75
12.08.2021 00:59:36.404,7.779100000000001,7.778760000000001,0.75,0.75
12.08.2021 00:59:38.808,7.779100000000001,7.7787500000000005,0.75,0.75
12.08.2021 00:59:43.309,7.779100000000001,7.778760000000001,0.75,0.37
12.08.2021 00:59:47.810,7.779100000000001,7.7787500000000005,0.75,0.75
12.08.2021 00:59:52.312,7.779100000000001,7.77877,0.75,0.37
12.08.2021 00:59:56.813,7.779100000000001,7.778760000000001,0.75,0.37
12.08.2021 01:00:01.315,7.779100000000001,7.77877,0.75,0.37
12.08.2021 01:00:05.067,7.77907,7.77877,0.37,0.37
12.08.2021 01:00:07.256,7.779060000000001,7.77877,0.37,0.37
12.08.2021 01:00:19.322,7.779060000000001,7.778760000000001,0.37,0.37
12.08.2021 01:00:23.823,7.779060000000001,7.77877,0.37,0.37
12.08.2021 01:00:35.798,7.779060000000001,7.778760000000001,0.37,0.37
12.08.2021 01:00:40.299,7.779060000000001,7.77877,0.37,0.37
12.08.2021 01:00:42.001,7.779100000000001,7.77877,0.75,0.37
12.08.2021 01:00:42.494,7.779100000000001,7.7788200000000005,0.75,0.37
12.08.2021 01:00:54.774,7.779100000000001,7.778810000000001,0.75,0.37
12.08.2021 01:00:57.809,7.779100000000001,7.7788200000000005,0.75,0.37
12.08.2021 01:01:43.000,7.779100000000001,7.77877,0.75,0.75
12.08.2021 01:01:43.616,7.77907,7.77877,0.37,0.75
12.08.2021 01:01:55.658,7.77907,7.7787500000000005,0.37,0.75
12.08.2021 01:01:57.368,7.779110000000001,7.7788,0.75,0.75
12.08.2021 01:01:57.850,7.77913,7.7788,0.75,0.75
12.08.2021 01:01:57.983,7.77913,7.77884,0.75,0.75
12.08.2021 01:01:58.117,7.77913,7.77885,0.75,0.75
12.08.2021 01:01:59.064,7.7792,7.77885,0.85,0.75
12.08.2021 01:01:59.583,7.7792,7.77885,0.82,0.75
12.08.2021 01:01:59.833,7.7792,7.77885,0.85,0.75
12.08.2021 01:02:00.579,7.7791500000000005,7.77885,0.75,0.75
12.08.2021 01:02:14.486,7.77912,7.77885,0.37,0.75
12.08.2021 01:02:15.708,7.779110000000001,7.77885,0.37,0.75
12.08.2021 01:02:16.685,7.77914,7.77885,0.37,0.75
12.08.2021 01:02:17.704,7.7791500000000005,7.77885,1.12,0.75
12.08.2021 01:02:29.048,7.779160000000001,7.77885,0.37,1.12
12.08.2021 01:02:31.058,7.7791500000000005,7.77885,0.37,1.12
12.08.2021 01:02:32.063,7.779160000000001,7.77885,0.37,1.12
12.08.2021 01:02:34.072,7.7791500000000005,7.77885,0.37,1.12
12.08.2021 01:02:36.083,7.779160000000001,7.77885,0.37,1.12
12.08.2021 01:02:38.092,7.7791500000000005,7.77885,0.37,1.12
12.08.2021 01:02:40.107,7.779160000000001,7.77885,0.37,1.12
12.08.2021 01:02:41.101,7.7791500000000005,7.77885,0.37,1.12
12.08.2021 01:02:43.108,7.779160000000001,7.77885,0.37,1.12
12.08.2021 01:02:45.114,7.7791500000000005,7.77885,0.37,1.12
12.08.2021 01:02:47.122,7.779160000000001,7.77885,0.37,1.12
12.08.2021 01:02:49.127,7.7791500000000005,7.77885,0.37,1.12
12.08.2021 01:02:50.231,7.7792,7.77885,0.85,0.75
12.08.2021 01:03:25.658,7.7792,7.77885,1.12,0.75
12.08.2021 01:04:27.136,7.779050000000001,7.778810000000001,0.75,0.37
12.08.2021 01:04:27.186,7.77908,7.778810000000001,0.75,0.37
12.08.2021 01:04:27.287,7.779050000000001,7.778810000000001,2.25,0.37
12.08.2021 01:04:27.337,7.77908,7.778810000000001,0.75,0.37
12.08.2021 01:04:27.388,7.779050000000001,7.778810000000001,2.25,0.37
12.08.2021 01:04:27.488,7.77908,7.778810000000001,0.75,0.37
12.08.2021 01:04:27.539,7.779050000000001,7.778700000000001,2.25,0.75
12.08.2021 01:04:27.589,7.77908,7.77874,0.75,0.75
12.08.2021 01:04:27.690,7.779050000000001,7.778700000000001,2.25,0.75
12.08.2021 01:04:27.740,7.77908,7.77874,0.75,0.75
12.08.2021 01:04:27.841,7.779050000000001,7.778700000000001,2.25,0.82
12.08.2021 01:04:27.892,7.77908,7.77874,0.75,0.75
12.08.2021 01:04:27.942,7.779050000000001,7.778700000000001,2.25,0.82
12.08.2021 01:04:28.044,7.77908,7.77874,0.75,0.75
12.08.2021 01:04:28.145,7.779050000000001,7.778700000000001,2.25,0.75
12.08.2021 01:04:28.246,7.77908,7.77874,0.85,0.75
12.08.2021 01:04:28.296,7.77908,7.77874,0.75,0.75
12.08.2021 01:04:28.397,7.77908,7.778760000000001,0.75,0.37
12.08.2021 01:04:29.865,7.77908,7.77878,0.75,0.37
12.08.2021 01:04:37.236,7.77908,7.77877,0.75,0.37
12.08.2021 01:04:38.511,7.77909,7.77877,0.75,0.37
12.08.2021 01:04:38.736,7.77909,7.778760000000001,0.75,0.37
12.08.2021 01:04:42.386,7.77909,7.77877,0.75,0.37
12.08.2021 01:04:43.887,7.77909,7.7787500000000005,0.75,0.75
12.08.2021 01:04:51.175,7.77909,7.778760000000001,0.75,0.75
12.08.2021 01:04:52.001,7.77909,7.7788200000000005,0.75,0.37
12.08.2021 01:04:56.280,7.77909,7.77877,0.75,0.37
12.08.2021 01:04:58.012,7.77908,7.77877,0.37,0.37
12.08.2021 01:04:59.012,7.77907,7.77877,0.37,0.37
12.08.2021 01:05:01.375,7.77909,7.77877,0.75,0.37
12.08.2021 01:05:06.354,7.77909,7.778760000000001,0.75,0.75
12.08.2021 01:05:06.455,7.779100000000001,7.778760000000001,2.25,0.75
12.08.2021 01:05:08.941,7.779100000000001,7.7787500000000005,2.25,0.75
12.08.2021 01:05:10.855,7.779100000000001,7.77877,2.25,0.75
12.08.2021 01:05:17.925,7.77909,7.77877,0.37,0.75
12.08.2021 01:05:23.227,7.779100000000001,7.77877,2.25,0.75
12.08.2021 01:05:24.065,7.779100000000001,7.7788200000000005,2.25,0.37
12.08.2021 01:05:29.074,7.779100000000001,7.778810000000001,2.25,0.37
12.08.2021 01:05:39.293,7.779100000000001,7.778830000000001,2.25,0.37
12.08.2021 01:06:02.143,7.779100000000001,7.77884,0.75,0.37
12.08.2021 01:06:03.147,7.779100000000001,7.778830000000001,0.75,0.37
12.08.2021 01:06:30.988,7.779100000000001,7.77874,0.75,0.75
12.08.2021 01:07:40.345,7.779100000000001,7.7787500000000005,0.75,0.37
12.08.2021 01:07:41.845,7.779100000000001,7.778760000000001,0.75,0.37
12.08.2021 01:07:46.347,7.779100000000001,7.77877,0.75,0.37
12.08.2021 01:07:58.351,7.779100000000001,7.7787500000000005,0.75,0.37
12.08.2021 01:07:59.851,7.779100000000001,7.778760000000001,0.75,0.37
12.08.2021 01:08:04.353,7.779100000000001,7.77877,0.75,0.37
12.08.2021 01:08:09.612,7.779100000000001,7.77874,0.75,1.12
12.08.2021 01:08:12.612,7.779100000000001,7.7787500000000005,0.75,0.37
12.08.2021 01:08:18.613,7.779100000000001,7.778760000000001,0.75,0.37
12.08.2021 01:08:36.453,7.779100000000001,7.77879,0.75,0.37
12.08.2021 01:08:51.777,7.779100000000001,7.778810000000001,0.75,0.37
12.08.2021 01:08:51.828,7.77913,7.778810000000001,0.37,0.37
12.08.2021 01:08:52.484,7.7791500000000005,7.778810000000001,0.37,0.37
12.08.2021 01:08:53.276,7.7791500000000005,7.7788200000000005,0.37,0.37
12.08.2021 01:08:53.495,7.77914,7.7788200000000005,0.37,0.37
12.08.2021 01:08:54.490,7.779110000000001,7.7788200000000005,0.37,0.37
12.08.2021 01:08:55.492,7.779100000000001,7.7788200000000005,0.37,0.37
12.08.2021 01:09:00.877,7.779110000000001,7.7788200000000005,0.37,0.37
12.08.2021 01:09:01.883,7.779100000000001,7.7788200000000005,0.37,0.37
12.08.2021 01:09:02.710,7.779100000000001,7.77884,0.37,0.37
12.08.2021 01:09:04.894,7.779110000000001,7.77884,0.37,0.37
12.08.2021 01:09:05.895,7.779100000000001,7.77884,0.37,0.37
12.08.2021 01:09:11.921,7.779110000000001,7.77884,0.37,0.37
12.08.2021 01:09:12.923,7.779100000000001,7.77884,0.37,0.37
12.08.2021 01:09:15.934,7.779110000000001,7.77884,0.37,0.37
12.08.2021 01:09:16.936,7.779100000000001,7.77884,0.37,0.37
12.08.2021 01:09:18.943,7.779110000000001,7.77884,0.37,0.37
12.08.2021 01:09:19.950,7.779100000000001,7.77884,0.37,0.37
12.08.2021 01:09:22.966,7.779110000000001,7.77884,0.37,0.37
12.08.2021 01:09:23.967,7.779100000000001,7.77884,0.37,0.37
12.08.2021 01:09:26.975,7.779110000000001,7.77884,0.37,0.37
12.08.2021 01:09:27.978,7.779100000000001,7.77884,0.37,0.37
12.08.2021 01:09:29.986,7.779110000000001,7.77884,0.37,0.37
12.08.2021 01:09:30.989,7.779100000000001,7.77884,0.37,0.37
12.08.2021 01:09:33.993,7.779110000000001,7.77884,0.37,0.37
12.08.2021 01:09:34.994,7.779100000000001,7.77884,0.37,0.37
12.08.2021 01:09:35.870,7.779100000000001,7.7788200000000005,0.37,1.12
12.08.2021 01:09:36.573,7.779110000000001,7.7788200000000005,0.37,1.12
12.08.2021 01:09:37.596,7.779100000000001,7.7788200000000005,0.37,1.12
12.08.2021 01:09:38.597,7.77909,7.7788200000000005,0.37,1.12
12.08.2021 01:09:43.618,7.7791500000000005,7.7788200000000005,0.75,1.12
12.08.2021 01:09:55.609,7.7791500000000005,7.778830000000001,0.75,0.37
12.08.2021 01:09:57.616,7.7791500000000005,7.7788200000000005,0.75,1.5
12.08.2021 01:09:58.617,7.7791500000000005,7.778830000000001,0.75,0.37
12.08.2021 01:10:11.530,7.77909,7.77878,0.75,0.37
12.08.2021 01:10:12.323,7.77909,7.7787500000000005,0.82,0.75
12.08.2021 01:10:16.656,7.77907,7.7787500000000005,0.37,0.75
12.08.2021 01:10:17.674,7.779050000000001,7.7787500000000005,0.37,0.75
12.08.2021 01:10:22.125,7.77904,7.7787500000000005,0.37,0.75
12.08.2021 01:10:24.136,7.779050000000001,7.7787500000000005,0.37,0.75
12.08.2021 01:10:26.141,7.77904,7.7787500000000005,0.37,0.75
12.08.2021 01:10:36.445,7.77904,7.77869,0.37,0.37
12.08.2021 01:10:41.743,7.77904,7.7787500000000005,0.37,0.75
12.08.2021 01:10:51.470,7.779060000000001,7.7787500000000005,0.37,0.75
12.08.2021 01:11:27.847,7.779050000000001,7.7787500000000005,0.37,0.75
12.08.2021 01:11:30.848,7.779060000000001,7.7787500000000005,0.75,0.75
12.08.2021 01:11:55.658,7.77907,7.7787500000000005,0.37,0.75
12.08.2021 01:12:41.986,7.779100000000001,7.7787500000000005,0.85,0.75
12.08.2021 01:12:42.051,7.779100000000001,7.7787500000000005,0.82,0.75
12.08.2021 01:12:54.971,7.77907,7.7787500000000005,0.37,0.75
12.08.2021 01:13:39.011,7.77908,7.7787500000000005,0.37,1.12
12.08.2021 01:14:33.283,7.779060000000001,7.7787500000000005,0.37,0.75
12.08.2021 01:14:37.481,7.779100000000001,7.7787500000000005,0.75,0.75
12.08.2021 01:14:45.066,7.77907,7.7787500000000005,0.37,0.75
12.08.2021 01:14:46.518,7.77908,7.7787500000000005,0.37,0.75
12.08.2021 01:14:50.163,7.77909,7.7787500000000005,0.37,0.75
12.08.2021 01:15:02.309,7.77908,7.7787500000000005,0.37,0.75
12.08.2021 01:15:05.235,7.779060000000001,7.7787500000000005,0.37,0.75
12.08.2021 01:15:19.090,7.779060000000001,7.77874,0.37,0.75
12.08.2021 01:15:21.268,7.77907,7.77874,0.75,0.75
12.08.2021 01:15:23.270,7.779060000000001,7.77874,0.37,0.75
12.08.2021 01:15:27.084,7.77907,7.77874,0.75,0.75
12.08.2021 01:15:29.283,7.77904,7.77874,0.75,0.75
12.08.2021 01:16:04.014,7.7790300000000006,7.77874,0.37,0.75
12.08.2021 01:16:13.100,7.77904,7.77874,0.75,0.75
12.08.2021 01:16:44.019,7.77895,7.77864,0.75,0.75
12.08.2021 01:16:44.388,7.7789399999999995,7.77864,0.37,0.75
12.08.2021 01:16:45.853,7.77895,7.77864,0.75,0.75
12.08.2021 01:17:05.241,7.77895,7.778650000000001,0.75,0.37
12.08.2021 01:17:12.936,7.77909,7.778650000000001,0.47,0.37
12.08.2021 01:17:14.239,7.77895,7.778650000000001,0.75,0.37
12.08.2021 01:17:15.498,7.7789399999999995,7.77864,0.37,0.75
12.08.2021 01:17:17.638,7.77895,7.77864,0.75,0.75
12.08.2021 01:17:23.188,7.77897,7.77862,0.75,0.37
12.08.2021 01:17:24.343,7.77897,7.77864,0.75,0.37
12.08.2021 01:17:26.351,7.77897,7.778630000000001,0.75,0.37
12.08.2021 01:17:26.406,7.778989999999999,7.778630000000001,0.37,0.37
12.08.2021 01:17:26.523,7.77895,7.77862,0.37,0.37
12.08.2021 01:17:30.528,7.7789399999999995,7.77862,0.37,0.37
12.08.2021 01:17:31.529,7.778930000000001,7.77862,0.37,0.75
12.08.2021 01:17:32.535,7.77892,7.77862,0.37,1.5
12.08.2021 01:17:32.694,7.77892,7.778650000000001,0.37,0.37
12.08.2021 01:17:33.953,7.7789,7.778650000000001,0.37,0.37
12.08.2021 01:17:34.147,7.7789,7.77862,0.37,1.12
12.08.2021 01:17:36.963,7.77889,7.77862,0.37,1.12
12.08.2021 01:17:37.148,7.77889,7.778630000000001,0.37,0.37
12.08.2021 01:17:38.975,7.778880000000001,7.778630000000001,0.37,0.37
12.08.2021 01:17:41.987,7.77887,7.778630000000001,0.37,0.75
12.08.2021 01:17:44.451,7.77887,7.77864,0.37,0.75
12.08.2021 01:17:49.024,7.77885,7.778650000000001,0.37,0.37
12.08.2021 01:18:04.002,7.778980000000001,7.778650000000001,0.75,0.37
12.08.2021 01:18:14.097,7.778980000000001,7.778630000000001,0.75,0.37
12.08.2021 01:18:14.582,7.77895,7.77864,0.75,0.75
12.08.2021 01:18:20.630,7.778930000000001,7.77864,0.37,0.75
12.08.2021 01:18:30.137,7.778910000000001,7.778650000000001,0.37,0.37
12.08.2021 01:18:31.141,7.77885,7.778650000000001,0.37,0.37
12.08.2021 01:18:36.599,7.779050000000001,7.7786800000000005,0.75,0.75
12.08.2021 01:18:36.700,7.779050000000001,7.77874,0.75,0.75
12.08.2021 01:18:46.945,7.779000000000001,7.77869,0.75,0.75
12.08.2021 01:19:04.333,7.779050000000001,7.77874,2.25,0.75
12.08.2021 01:19:34.405,7.779060000000001,7.77874,0.37,0.37
12.08.2021 01:19:34.858,7.779050000000001,7.77874,0.75,1.12
12.08.2021 01:19:37.785,7.779050000000001,7.778810000000001,0.75,0.37
12.08.2021 01:19:52.956,7.779050000000001,7.7788200000000005,0.75,0.37
12.08.2021 01:19:54.828,7.779050000000001,7.77874,0.75,1.12
12.08.2021 01:19:55.482,7.779100000000001,7.77874,0.75,0.37
12.08.2021 01:20:00.183,7.779050000000001,7.77874,0.75,1.12
12.08.2021 01:20:00.283,7.779100000000001,7.77874,0.75,0.37
12.08.2021 01:20:02.859,7.779100000000001,7.77864,0.75,0.85
12.08.2021 01:20:02.909,7.77895,7.77864,0.75,1.5
12.08.2021 01:20:02.959,7.779050000000001,7.7786800000000005,0.75,0.75
12.08.2021 01:20:03.009,7.77895,7.77864,0.75,1.5
12.08.2021 01:20:03.110,7.77904,7.7786800000000005,0.37,0.75
12.08.2021 01:20:03.161,7.77895,7.77864,0.75,1.5
12.08.2021 01:20:03.211,7.77904,7.7786800000000005,0.37,0.75
12.08.2021 01:20:03.312,7.77895,7.77864,0.75,1.5
12.08.2021 01:20:03.362,7.77904,7.7786800000000005,0.37,0.75
12.08.2021 01:20:03.463,7.77895,7.77864,0.75,1.5
12.08.2021 01:20:03.513,7.77904,7.7786800000000005,0.37,0.75
12.08.2021 01:20:03.564,7.77895,7.77864,0.75,1.5
12.08.2021 01:20:03.665,7.77904,7.77874,0.37,0.75
12.08.2021 01:20:03.816,7.77895,7.77874,0.75,0.75
12.08.2021 01:20:03.916,7.77904,7.77874,0.37,0.75
12.08.2021 01:20:03.967,7.77895,7.77874,0.75,0.75
12.08.2021 01:20:04.067,7.77904,7.77874,0.37,1.5
12.08.2021 01:20:04.118,7.77895,7.77864,0.75,0.75
12.08.2021 01:20:04.319,7.779050000000001,7.7786800000000005,1.12,0.75
12.08.2021 01:20:04.369,7.77895,7.77864,0.75,0.75
12.08.2021 01:20:04.420,7.779050000000001,7.7786800000000005,1.12,0.75
12.08.2021 01:20:04.520,7.77895,7.77864,0.75,0.75
12.08.2021 01:20:04.571,7.779050000000001,7.7786800000000005,1.12,0.75
12.08.2021 01:20:04.621,7.77895,7.77864,0.75,0.75
12.08.2021 01:20:04.722,7.779050000000001,7.77874,1.12,1.5
12.08.2021 01:20:04.924,7.77895,7.77874,0.75,0.75
12.08.2021 01:20:04.974,7.779050000000001,7.77874,1.12,0.75
12.08.2021 01:20:05.025,7.77895,7.77874,0.75,0.75
12.08.2021 01:20:05.126,7.779050000000001,7.77874,1.12,1.5
12.08.2021 01:20:05.176,7.77895,7.77874,0.75,0.75
12.08.2021 01:20:05.227,7.779050000000001,7.7786800000000005,0.75,0.75
12.08.2021 01:20:05.327,7.77895,7.77864,0.75,0.75
12.08.2021 01:20:05.378,7.779050000000001,7.7786800000000005,0.75,0.75
12.08.2021 01:20:05.428,7.77895,7.77864,0.75,0.75
12.08.2021 01:20:05.478,7.779050000000001,7.7786800000000005,0.82,0.75
12.08.2021 01:20:05.529,7.779050000000001,7.77874,0.75,0.75
12.08.2021 01:20:05.629,7.779050000000001,7.7786800000000005,0.75,0.75
12.08.2021 01:20:05.680,7.779050000000001,7.77874,0.75,0.75
12.08.2021 01:20:05.830,7.77895,7.77874,0.75,0.75
12.08.2021 01:20:05.931,7.779050000000001,7.77874,2.25,0.75
12.08.2021 01:20:05.981,7.77895,7.77874,0.75,0.75
12.08.2021 01:20:06.032,7.779050000000001,7.77874,0.75,0.75
12.08.2021 01:20:06.133,7.77895,7.77874,0.75,0.75
12.08.2021 01:20:06.183,7.779050000000001,7.77874,0.75,0.75
12.08.2021 01:20:06.234,7.77895,7.77874,0.75,0.75
12.08.2021 01:20:06.334,7.779050000000001,7.77874,0.75,0.75
12.08.2021 01:20:06.385,7.77895,7.77864,0.75,0.75
12.08.2021 01:20:06.435,7.779050000000001,7.7786800000000005,0.75,0.75
12.08.2021 01:20:06.485,7.779050000000001,7.77874,0.75,0.75
12.08.2021 01:20:06.586,7.779050000000001,7.7786800000000005,0.75,0.75
12.08.2021 01:20:06.636,7.77895,7.77864,0.75,0.75
12.08.2021 01:20:06.737,7.779050000000001,7.7786800000000005,0.75,0.75
12.08.2021 01:20:06.787,7.77895,7.77864,0.75,0.75
12.08.2021 01:20:06.888,7.779050000000001,7.77874,0.75,1.5
12.08.2021 01:20:07.039,7.77895,7.77874,0.75,0.75
12.08.2021 01:20:07.090,7.779050000000001,7.77874,0.75,0.75
12.08.2021 01:20:07.190,7.77895,7.77874,0.75,0.75
12.08.2021 01:20:07.241,7.779050000000001,7.77874,0.75,0.75
12.08.2021 01:20:07.291,7.77895,7.77874,0.75,0.75
12.08.2021 01:20:07.342,7.77895,7.77864,0.75,0.75
12.08.2021 01:20:07.493,7.779050000000001,7.7786800000000005,0.82,0.75
12.08.2021 01:20:07.594,7.77895,7.77864,0.75,0.75
12.08.2021 01:20:07.644,7.779050000000001,7.7786800000000005,0.75,0.75
12.08.2021 01:20:07.694,7.77895,7.77864,0.75,0.75
12.08.2021 01:20:07.795,7.779050000000001,7.77874,0.75,0.75
12.08.2021 01:20:07.896,7.779050000000001,7.77874,0.85,0.75
12.08.2021 01:20:07.997,7.77895,7.77874,0.75,0.75
12.08.2021 01:20:08.047,7.779050000000001,7.77874,0.75,0.75
12.08.2021 01:20:08.098,7.77895,7.77874,0.75,0.75
12.08.2021 01:20:08.198,7.779050000000001,7.77874,0.75,0.75
12.08.2021 01:20:08.249,7.77895,7.77874,0.75,0.75
12.08.2021 01:20:08.299,7.779050000000001,7.77874,0.82,0.75
12.08.2021 01:20:08.400,7.77895,7.77864,0.75,1.12
12.08.2021 01:20:08.450,7.779050000000001,7.7786800000000005,0.75,0.75
12.08.2021 01:20:08.500,7.77895,7.77864,0.75,1.12
12.08.2021 01:20:08.601,7.779050000000001,7.7786800000000005,2.25,0.75
12.08.2021 01:20:08.651,7.77895,7.778650000000001,0.75,0.75
12.08.2021 01:20:08.702,7.7790300000000006,7.7786800000000005,0.75,0.75
12.08.2021 01:20:08.803,7.77895,7.77864,0.75,2.62
12.08.2021 01:20:08.853,7.7790300000000006,7.7786800000000005,0.75,0.75
12.08.2021 01:20:08.904,7.77895,7.77874,0.75,0.75
12.08.2021 01:20:08.954,7.7790300000000006,7.77874,0.75,0.75
12.08.2021 01:20:09.005,7.779050000000001,7.77874,0.75,0.75
12.08.2021 01:20:09.055,7.77895,7.77874,0.75,0.75
12.08.2021 01:20:09.106,7.7790300000000006,7.77874,0.75,0.75
12.08.2021 01:20:09.207,7.77895,7.77874,0.75,0.75
12.08.2021 01:20:09.257,7.779050000000001,7.77874,0.82,0.75
12.08.2021 01:20:09.308,7.77895,7.77874,0.75,0.75
12.08.2021 01:20:09.358,7.779050000000001,7.77874,0.85,0.75
12.08.2021 01:20:09.409,7.779050000000001,7.77874,0.75,0.75
12.08.2021 01:20:09.459,7.77895,7.77864,0.75,0.75
12.08.2021 01:20:09.510,7.7790300000000006,7.7786800000000005,0.75,0.75
12.08.2021 01:20:09.560,7.77895,7.77864,0.75,0.75
12.08.2021 01:20:09.661,7.779050000000001,7.7786800000000005,0.85,0.75
12.08.2021 01:20:09.711,7.77895,7.77864,0.75,0.75
12.08.2021 01:20:09.761,7.779050000000001,7.7786800000000005,0.75,0.75
12.08.2021 01:20:09.812,7.779050000000001,7.77874,0.75,0.75
12.08.2021 01:20:09.913,7.779050000000001,7.77874,0.85,0.75
12.08.2021 01:20:10.014,7.77895,7.77874,0.75,0.75
12.08.2021 01:20:10.064,7.779050000000001,7.77874,0.75,0.75
12.08.2021 01:20:10.115,7.77895,7.77874,0.75,0.75
12.08.2021 01:20:10.165,7.779050000000001,7.77874,0.75,0.75
12.08.2021 01:20:10.272,7.77895,7.77864,0.75,0.75
12.08.2021 01:20:10.322,7.779050000000001,7.7786800000000005,0.75,0.75
12.08.2021 01:20:10.373,7.77895,7.77864,0.75,0.75
12.08.2021 01:20:10.425,7.779050000000001,7.7786800000000005,0.85,0.75
12.08.2021 01:20:10.476,7.779050000000001,7.77874,0.75,0.75
12.08.2021 01:20:10.576,7.779050000000001,7.7786800000000005,0.75,0.75
12.08.2021 01:20:10.627,7.77895,7.77864,0.75,0.75
12.08.2021 01:20:10.727,7.779050000000001,7.7786800000000005,0.75,0.75
12.08.2021 01:20:10.777,7.77895,7.77874,0.75,0.75
12.08.2021 01:20:10.828,7.779050000000001,7.77874,0.75,0.75
12.08.2021 01:20:10.929,7.77895,7.77874,0.75,0.75
12.08.2021 01:20:10.979,7.779050000000001,7.77874,0.85,0.75
12.08.2021 01:20:11.030,7.779050000000001,7.77874,0.75,1.5
12.08.2021 01:20:11.081,7.77895,7.77874,0.75,0.75
12.08.2021 01:20:11.131,7.779050000000001,7.77874,0.75,0.75
12.08.2021 01:20:11.181,7.7790300000000006,7.77874,0.75,0.75
12.08.2021 01:20:11.232,7.77895,7.77864,0.75,0.75
12.08.2021 01:20:11.383,7.779050000000001,7.7786800000000005,0.85,0.75
12.08.2021 01:20:11.434,7.779050000000001,7.77874,0.75,0.75
12.08.2021 01:20:11.585,7.77895,7.77874,0.75,0.75
12.08.2021 01:20:11.686,7.779010000000001,7.77874,0.75,0.75
12.08.2021 01:20:11.736,7.77895,7.77874,0.75,0.75
12.08.2021 01:20:11.787,7.7790300000000006,7.77874,0.75,0.75
12.08.2021 01:20:11.837,7.779010000000001,7.77874,0.75,0.75
12.08.2021 01:20:11.938,7.779050000000001,7.77874,0.75,0.75
12.08.2021 01:20:12.039,7.779000000000001,7.77874,0.75,0.75
12.08.2021 01:20:12.554,7.779000000000001,7.77869,0.75,0.75
12.08.2021 01:20:21.801,7.7790300000000006,7.7786800000000005,0.37,0.37
12.08.2021 01:20:21.902,7.77904,7.7786800000000005,0.75,0.37
12.08.2021 01:20:24.425,7.779060000000001,7.7786800000000005,1.2,0.37
12.08.2021 01:20:25.428,7.7790300000000006,7.7786800000000005,0.37,0.37
12.08.2021 01:20:26.430,7.77902,7.7786800000000005,0.37,0.37
12.08.2021 01:20:27.435,7.779010000000001,7.7786800000000005,0.37,0.37
12.08.2021 01:20:28.768,7.779060000000001,7.7786800000000005,0.85,0.37
12.08.2021 01:20:38.994,7.779060000000001,7.778710000000001,1.22,0.75
12.08.2021 01:20:39.095,7.779000000000001,7.778710000000001,0.75,0.75
12.08.2021 01:20:39.145,7.779050000000001,7.77874,0.75,0.75
12.08.2021 01:20:39.246,7.779000000000001,7.778710000000001,0.75,0.75
12.08.2021 01:20:39.296,7.779050000000001,7.77874,0.75,0.75
12.08.2021 01:20:39.347,7.779000000000001,7.778710000000001,0.75,0.75
12.08.2021 01:20:39.448,7.779050000000001,7.77874,0.75,0.75
12.08.2021 01:20:39.498,7.779000000000001,7.778710000000001,0.75,0.75
12.08.2021 01:20:39.549,7.779050000000001,7.77874,0.75,0.75
12.08.2021 01:20:39.650,7.779000000000001,7.778710000000001,0.75,0.75
12.08.2021 01:20:39.700,7.779050000000001,7.77874,0.75,0.75
12.08.2021 01:20:39.751,7.779000000000001,7.778710000000001,0.75,0.75
12.08.2021 01:20:39.801,7.779050000000001,7.77874,0.75,0.75
12.08.2021 01:20:39.902,7.779000000000001,7.778710000000001,0.75,0.75
12.08.2021 01:20:39.953,7.779050000000001,7.77874,0.75,0.75
12.08.2021 01:20:40.054,7.779000000000001,7.778710000000001,0.75,0.75
12.08.2021 01:20:40.104,7.779050000000001,7.77874,0.75,0.75
12.08.2021 01:20:40.155,7.779000000000001,7.778710000000001,0.75,0.75
12.08.2021 01:20:40.256,7.779050000000001,7.77874,0.75,0.75
12.08.2021 01:20:40.307,7.779000000000001,7.778710000000001,0.75,0.75
12.08.2021 01:20:40.357,7.779050000000001,7.77874,0.75,0.75
12.08.2021 01:20:40.458,7.779000000000001,7.77869,0.75,0.75
12.08.2021 01:20:40.660,7.779050000000001,7.77874,0.75,0.75
12.08.2021 01:20:40.811,7.779000000000001,7.77869,0.75,0.75
12.08.2021 01:20:40.912,7.779050000000001,7.77874,0.82,0.75
12.08.2021 01:20:41.075,7.779000000000001,7.77869,0.75,0.75
12.08.2021 01:20:41.276,7.779050000000001,7.77874,0.82,0.75
12.08.2021 01:20:41.377,7.779000000000001,7.77869,0.75,0.75
12.08.2021 01:20:41.478,7.779010000000001,7.77873,0.75,0.37
12.08.2021 01:20:41.579,7.779060000000001,7.77874,0.75,0.75
12.08.2021 01:20:41.630,7.779010000000001,7.77873,0.75,0.37
12.08.2021 01:20:41.680,7.779060000000001,7.77874,2.35,0.75
12.08.2021 01:20:41.781,7.779010000000001,7.77873,0.75,0.37
12.08.2021 01:20:41.832,7.779060000000001,7.77874,0.75,0.75
12.08.2021 01:20:41.882,7.779010000000001,7.77873,0.75,0.37
12.08.2021 01:20:41.983,7.779060000000001,7.77874,0.75,0.75
12.08.2021 01:20:42.034,7.779010000000001,7.77873,0.75,0.37
12.08.2021 01:20:42.084,7.779060000000001,7.77874,2.25,0.75
12.08.2021 01:20:42.185,7.779010000000001,7.77873,0.75,0.37
12.08.2021 01:20:42.236,7.779060000000001,7.77874,0.75,0.75
12.08.2021 01:20:42.286,7.779010000000001,7.77869,0.75,0.75
12.08.2021 01:20:42.388,7.779060000000001,7.77874,0.75,0.75
12.08.2021 01:20:42.489,7.779060000000001,7.77874,0.85,0.75
12.08.2021 01:20:42.590,7.779010000000001,7.77869,0.75,0.75
12.08.2021 01:20:42.640,7.779060000000001,7.77874,0.75,0.75
12.08.2021 01:20:42.741,7.779060000000001,7.77874,0.85,0.75
12.08.2021 01:20:42.841,7.779010000000001,7.77869,0.75,0.75
12.08.2021 01:20:42.892,7.779060000000001,7.77874,0.75,0.75
12.08.2021 01:20:42.993,7.779010000000001,7.77869,0.75,0.75
12.08.2021 01:20:43.144,7.779060000000001,7.77874,0.85,0.75
12.08.2021 01:20:43.245,7.779010000000001,7.77869,0.75,0.75
12.08.2021 01:20:43.307,7.77902,7.77874,0.75,0.75
12.08.2021 01:20:43.357,7.779010000000001,7.77869,0.75,0.75
12.08.2021 01:20:43.407,7.778989999999999,7.77874,0.75,0.75
12.08.2021 01:20:43.508,7.779000000000001,7.778710000000001,0.75,0.37
12.08.2021 01:20:44.504,7.779000000000001,7.77869,2.25,0.75
12.08.2021 01:20:50.434,7.778980000000001,7.77869,0.75,0.75
12.08.2021 01:20:52.936,7.77895,7.77869,0.37,0.75
12.08.2021 01:20:54.942,7.7789399999999995,7.77869,0.37,0.75
12.08.2021 01:20:56.946,7.778930000000001,7.77869,0.37,0.75
12.08.2021 01:20:59.374,7.778930000000001,7.77873,0.37,0.37
12.08.2021 01:20:59.424,7.7789600000000005,7.77874,0.37,0.75
12.08.2021 01:20:59.544,7.778980000000001,7.77874,0.75,0.75
12.08.2021 01:20:59.795,7.77902,7.77878,0.75,0.75
12.08.2021 01:20:59.846,7.77904,7.77874,0.75,0.75
12.08.2021 01:20:59.953,7.7790300000000006,7.77874,0.75,0.75
12.08.2021 01:21:06.001,7.7790300000000006,7.77878,1.12,0.75
12.08.2021 01:21:06.102,7.779050000000001,7.77874,0.75,0.75
12.08.2021 01:21:06.153,7.7790300000000006,7.77878,0.75,0.75
12.08.2021 01:21:06.254,7.779050000000001,7.77874,1.12,0.75
12.08.2021 01:21:06.304,7.77902,7.77878,0.75,0.75
12.08.2021 01:21:06.355,7.779050000000001,7.77874,1.12,0.75
12.08.2021 01:21:06.405,7.77904,7.77878,0.75,0.75
12.08.2021 01:21:06.506,7.779050000000001,7.77874,1.12,0.75
12.08.2021 01:21:06.557,7.779010000000001,7.77878,0.75,0.75
12.08.2021 01:21:06.607,7.77904,7.77874,0.75,0.75
12.08.2021 01:21:06.708,7.779050000000001,7.77878,0.37,0.75
12.08.2021 01:21:06.758,7.779050000000001,7.77874,1.12,0.75
12.08.2021 01:21:06.809,7.779050000000001,7.77878,1.12,0.75
12.08.2021 01:21:06.909,7.779050000000001,7.77874,1.12,0.75
12.08.2021 01:21:06.960,7.77904,7.77878,0.75,0.75
12.08.2021 01:21:07.010,7.779050000000001,7.77874,1.12,0.75
12.08.2021 01:21:07.111,7.779050000000001,7.77878,1.12,0.75
12.08.2021 01:21:07.162,7.779050000000001,7.77874,1.12,0.75
12.08.2021 01:21:07.607,7.77909,7.77878,1.22,0.75
12.08.2021 01:21:07.657,7.779050000000001,7.77874,0.75,0.75
12.08.2021 01:21:07.758,7.77902,7.77874,0.75,0.75
12.08.2021 01:21:11.059,7.77902,7.77878,0.75,0.75
12.08.2021 01:21:11.109,7.779050000000001,7.77874,2.25,0.75
12.08.2021 01:21:11.160,7.77902,7.77878,0.75,0.75
12.08.2021 01:21:11.261,7.7790300000000006,7.77874,0.37,0.75
12.08.2021 01:21:11.311,7.77902,7.77878,0.75,0.75
12.08.2021 01:21:11.362,7.7790300000000006,7.77874,0.37,0.75
12.08.2021 01:21:11.463,7.77902,7.77878,0.75,0.75
12.08.2021 01:21:11.513,7.7790300000000006,7.77874,0.37,0.75
12.08.2021 01:21:11.564,7.7790300000000006,7.77878,0.37,0.75
12.08.2021 01:21:11.665,7.77909,7.77878,1.12,0.75
12.08.2021 01:21:11.778,7.77907,7.77878,0.75,0.75
12.08.2021 01:21:11.913,7.77907,7.77879,0.75,0.75
12.08.2021 01:21:13.594,7.77909,7.77879,0.37,0.75
12.08.2021 01:21:13.695,7.779100000000001,7.77879,1.2,0.75
12.08.2021 01:21:46.074,7.779100000000001,7.77879,0.85,0.75
12.08.2021 01:22:07.364,7.77914,7.77884,0.47,0.75
12.08.2021 01:22:07.514,7.779110000000001,7.77884,0.37,0.75
12.08.2021 01:22:08.795,7.77913,7.77884,0.37,0.75
12.08.2021 01:22:12.423,7.77912,7.77884,0.37,0.75
12.08.2021 01:22:28.128,7.779060000000001,7.77884,0.37,1.12
12.08.2021 01:22:29.248,7.779100000000001,7.77884,0.37,0.75
12.08.2021 01:22:30.344,7.77908,7.77884,0.37,0.75
12.08.2021 01:22:33.138,7.77907,7.77884,0.37,1.12
12.08.2021 01:22:37.149,7.77908,7.778830000000001,0.37,0.37
12.08.2021 01:22:37.647,7.77908,7.77884,0.37,0.75
12.08.2021 01:22:41.378,7.77907,7.77884,0.37,0.75
12.08.2021 01:22:41.946,7.779060000000001,7.77879,0.37,0.75
12.08.2021 01:22:42.046,7.779100000000001,7.77879,0.75,0.75
12.08.2021 01:22:44.163,7.77909,7.77879,0.37,0.75
12.08.2021 01:22:51.177,7.77908,7.77879,0.37,0.75
12.08.2021 01:22:52.178,7.77907,7.77879,0.37,0.75
12.08.2021 01:22:54.182,7.779060000000001,7.77879,0.37,0.75
12.08.2021 01:23:05.314,7.779100000000001,7.77879,0.75,0.75
12.08.2021 01:23:05.365,7.77912,7.77872,0.45,0.45
12.08.2021 01:23:07.133,7.77913,7.77872,1.22,0.37
12.08.2021 01:23:07.334,7.77913,7.77872,0.47,0.37
12.08.2021 01:23:07.553,7.77913,7.77873,0.47,0.37
12.08.2021 01:23:08.040,7.77913,7.77873,0.47,0.37
12.08.2021 01:23:08.207,7.779100000000001,7.77873,0.37,0.37
12.08.2021 01:23:09.051,7.779100000000001,7.77872,0.37,0.82
12.08.2021 01:23:09.212,7.77912,7.77872,0.47,0.82
12.08.2021 01:23:11.934,7.779100000000001,7.77879,0.75,0.75
12.08.2021 01:23:50.194,7.77912,7.77884,0.82,0.75
12.08.2021 01:23:50.302,7.779100000000001,7.77884,0.37,0.75
12.08.2021 01:23:51.295,7.77912,7.77884,0.37,0.75
12.08.2021 01:23:56.569,7.77912,7.778880000000001,0.37,0.75
12.08.2021 01:23:56.670,7.77919,7.77889,1.22,0.75
12.08.2021 01:23:56.721,7.77919,7.77889,1.12,0.75
12.08.2021 01:23:56.872,7.77914,7.77884,0.75,0.75
12.08.2021 01:23:57.126,7.77919,7.778880000000001,0.47,0.75
12.08.2021 01:23:57.177,7.77919,7.778880000000001,0.37,0.75
12.08.2021 01:23:57.389,7.7791500000000005,7.77884,2.62,0.75
12.08.2021 01:24:00.639,7.7791500000000005,7.7789399999999995,0.37,0.75
12.08.2021 01:24:00.740,7.77917,7.7789399999999995,0.37,0.75
12.08.2021 01:24:00.841,7.77925,7.7789399999999995,1.12,0.75
12.08.2021 01:24:05.689,7.779280000000001,7.778989999999999,0.37,0.75
12.08.2021 01:24:06.335,7.7793,7.778989999999999,0.75,0.82
12.08.2021 01:24:09.679,7.77929,7.778989999999999,0.37,0.82
12.08.2021 01:24:10.338,7.7793,7.778989999999999,0.75,0.82
12.08.2021 01:24:10.389,7.77935,7.77914,0.37,0.75
12.08.2021 01:24:10.439,7.779400000000001,7.77914,0.37,0.75
12.08.2021 01:24:10.490,7.77942,7.77919,0.75,0.75
12.08.2021 01:24:10.540,7.7795000000000005,7.77919,0.75,0.75
12.08.2021 01:24:15.514,7.77955,7.77924,0.75,0.75
12.08.2021 01:24:15.615,7.779580000000001,7.77929,0.37,0.75
12.08.2021 01:24:15.744,7.7796,7.77929,0.75,0.75
12.08.2021 01:24:19.199,7.77954,7.77929,0.37,0.75
12.08.2021 01:24:19.249,7.77954,7.77924,0.37,0.75
12.08.2021 01:24:20.699,7.77955,7.77924,0.75,0.75
12.08.2021 01:24:29.372,7.77952,7.77924,0.37,0.75
12.08.2021 01:24:30.409,7.77953,7.77924,0.37,0.75
12.08.2021 01:24:34.385,7.77954,7.77924,0.37,0.75
12.08.2021 01:24:44.019,7.77954,7.77914,0.37,0.45
12.08.2021 01:24:44.169,7.779580000000001,7.7791500000000005,1.22,0.45
12.08.2021 01:24:44.305,7.779580000000001,7.7791500000000005,1.12,0.45
12.08.2021 01:24:45.006,7.77954,7.77914,0.37,1.22
12.08.2021 01:24:46.407,7.77954,7.779180000000001,0.37,0.37
12.08.2021 01:24:49.455,7.77954,7.77924,0.37,0.75
12.08.2021 01:24:57.208,7.77952,7.77924,0.37,0.75
12.08.2021 01:24:57.259,7.77952,7.77919,1.12,0.75
12.08.2021 01:24:57.309,7.7795000000000005,7.77919,0.37,0.75
12.08.2021 01:24:57.462,7.77949,7.77919,0.75,0.75
12.08.2021 01:24:57.568,7.7795000000000005,7.77919,0.37,0.75
12.08.2021 01:25:00.230,7.77949,7.77919,0.37,0.75
12.08.2021 01:25:15.442,7.77952,7.77919,1.12,0.75
12.08.2021 01:25:18.424,7.77952,7.77924,0.37,0.75
12.08.2021 01:25:18.474,7.7795000000000005,7.77919,0.75,0.75
12.08.2021 01:25:48.427,7.77952,7.77914,0.37,0.37
12.08.2021 01:25:48.768,7.7795000000000005,7.77919,0.75,0.75
12.08.2021 01:25:53.342,7.77947,7.77919,0.37,0.75
12.08.2021 01:25:57.728,7.7795000000000005,7.77919,0.75,0.75
12.08.2021 01:26:07.058,7.77949,7.77919,0.37,0.75
12.08.2021 01:26:07.109,7.779450000000001,7.77914,0.75,0.75
12.08.2021 01:26:20.829,7.77944,7.77914,0.37,0.75
12.08.2021 01:26:20.880,7.779400000000001,7.77909,0.75,0.75
12.08.2021 01:26:26.479,7.779360000000001,7.77908,0.75,0.75
12.08.2021 01:26:28.205,7.779310000000001,7.7790300000000006,0.75,0.75
12.08.2021 01:26:28.355,7.779260000000001,7.778980000000001,0.75,0.75
12.08.2021 01:26:33.678,7.779210000000001,7.778930000000001,0.75,0.75
12.08.2021 01:26:37.683,7.779160000000001,7.778880000000001,0.75,0.75
12.08.2021 01:26:40.394,7.77914,7.778880000000001,0.37,0.75
12.08.2021 01:26:40.444,7.779110000000001,7.778830000000001,0.75,0.75
12.08.2021 01:26:40.545,7.779010000000001,7.77874,0.75,0.75
12.08.2021 01:26:40.646,7.7789600000000005,7.7786800000000005,0.75,0.75
12.08.2021 01:26:40.746,7.778910000000001,7.778630000000001,0.75,0.75
12.08.2021 01:26:40.847,7.7789600000000005,7.7786800000000005,0.75,0.75
12.08.2021 01:26:43.279,7.779010000000001,7.77873,0.75,0.75
12.08.2021 01:26:52.802,7.77908,7.77878,0.75,0.75
12.08.2021 01:27:18.633,7.77912,7.77869,0.37,0.45
12.08.2021 01:27:22.811,7.77908,7.77878,0.75,0.75
12.08.2021 01:27:30.111,7.77908,7.77878,0.75,0.85
12.08.2021 01:27:38.616,7.779060000000001,7.77878,0.75,0.85
12.08.2021 01:27:49.049,7.779060000000001,7.77878,0.75,0.75
12.08.2021 01:27:49.100,7.779060000000001,7.77878,0.75,0.85
12.08.2021 01:27:49.200,7.779160000000001,7.778880000000001,1.12,0.75
12.08.2021 01:27:49.549,7.779160000000001,7.778880000000001,0.75,0.85
12.08.2021 01:27:50.046,7.779160000000001,7.778880000000001,0.75,0.85
12.08.2021 01:27:58.029,7.779160000000001,7.778880000000001,0.75,0.85
12.08.2021 01:28:10.095,7.7792200000000005,7.7788,0.37,0.85
12.08.2021 01:28:10.145,7.7792200000000005,7.778830000000001,0.37,0.85
12.08.2021 01:28:10.246,7.779260000000001,7.778980000000001,0.75,0.85
12.08.2021 01:28:10.315,7.779260000000001,7.778980000000001,0.75,0.85
12.08.2021 01:28:13.554,7.779310000000001,7.7790300000000006,0.75,0.85
12.08.2021 01:28:13.681,7.779310000000001,7.7790300000000006,0.75,0.85
12.08.2021 01:28:13.884,7.779310000000001,7.7790300000000006,0.75,0.85
12.08.2021 01:28:14.141,7.779310000000001,7.7790300000000006,0.75,0.85
12.08.2021 01:28:14.437,7.779310000000001,7.7790300000000006,0.75,0.85
12.08.2021 01:28:14.679,7.779310000000001,7.7790300000000006,0.75,0.85
12.08.2021 01:28:14.896,7.779310000000001,7.7790300000000006,0.75,0.85
12.08.2021 01:28:24.359,7.779310000000001,7.7790300000000006,0.75,0.85
12.08.2021 01:28:30.098,7.779310000000001,7.7790300000000006,0.75,1.6
12.08.2021 01:28:30.152,7.779400000000001,7.7790300000000006,0.37,0.85
12.08.2021 01:28:30.245,7.779400000000001,7.7790300000000006,0.37,0.85
12.08.2021 01:28:30.465,7.779400000000001,7.77897,0.37,0.47
12.08.2021 01:28:30.870,7.779400000000001,7.77897,0.37,0.47
12.08.2021 01:28:31.107,7.779360000000001,7.778930000000001,0.37,0.47
12.08.2021 01:28:43.684,7.779310000000001,7.7790300000000006,0.75,0.85
12.08.2021 01:28:49.049,7.779310000000001,7.7790300000000006,0.75,0.75
12.08.2021 01:28:49.100,7.779310000000001,7.7790300000000006,0.75,0.85
12.08.2021 01:28:49.200,7.779360000000001,7.77908,1.12,0.85
12.08.2021 01:28:49.558,7.779360000000001,7.77908,1.12,0.85
12.08.2021 01:28:49.802,7.779360000000001,7.77908,1.12,0.85
12.08.2021 01:28:50.053,7.779360000000001,7.77908,0.75,0.85
12.08.2021 01:28:50.372,7.779360000000001,7.77908,0.75,0.85
12.08.2021 01:29:09.048,7.779360000000001,7.77908,0.75,0.75
12.08.2021 01:29:09.099,7.779360000000001,7.77908,0.75,0.85
12.08.2021 01:29:09.213,7.779360000000001,7.77908,0.75,0.85
12.08.2021 01:29:09.897,7.77942,7.778989999999999,0.37,0.47
12.08.2021 01:29:10.053,7.77942,7.778989999999999,0.37,0.37
12.08.2021 01:29:10.154,7.77942,7.778989999999999,0.37,0.47
12.08.2021 01:29:19.385,7.779360000000001,7.77908,0.75,0.85
12.08.2021 01:29:30.055,7.779360000000001,7.77908,0.75,0.75
12.08.2021 01:29:30.176,7.779360000000001,7.77908,0.75,0.85
12.08.2021 01:29:48.388,7.779360000000001,7.77908,0.75,0.85
12.08.2021 01:29:48.697,7.779360000000001,7.77908,0.75,0.85
12.08.2021 01:29:48.798,7.77942,7.77904,0.37,0.47
12.08.2021 01:29:48.910,7.77942,7.77904,0.37,0.47
12.08.2021 01:29:49.125,7.779389999999999,7.77909,0.75,0.85
12.08.2021 01:29:49.271,7.779389999999999,7.77909,0.75,0.85
12.08.2021 01:29:49.372,7.779389999999999,7.77909,0.75,0.85
12.08.2021 01:29:49.651,7.779389999999999,7.77909,0.75,0.85
12.08.2021 01:29:49.747,7.779389999999999,7.77909,0.75,0.75
12.08.2021 01:29:50.055,7.779389999999999,7.77909,0.75,0.85
12.08.2021 01:29:50.156,7.779389999999999,7.77909,0.75,0.85
12.08.2021 01:29:56.142,7.779389999999999,7.77909,0.75,0.75
12.08.2021 01:30:01.045,7.779389999999999,7.7791500000000005,0.75,0.37
12.08.2021 01:30:04.051,7.779389999999999,7.779160000000001,0.75,0.37
12.08.2021 01:30:09.861,7.779389999999999,7.77909,0.75,0.85
12.08.2021 01:30:10.061,7.779389999999999,7.77909,0.75,0.75
12.08.2021 01:30:10.147,7.779389999999999,7.77909,0.75,0.85
12.08.2021 01:30:10.482,7.77947,7.77902,0.37,0.85
12.08.2021 01:30:11.063,7.779460000000001,7.77902,0.37,0.85
12.08.2021 01:30:12.064,7.77942,7.77902,0.37,0.85
12.08.2021 01:30:19.315,7.779389999999999,7.77909,0.75,0.85
12.08.2021 01:30:28.080,7.779389999999999,7.77909,0.75,0.85
12.08.2021 01:30:28.994,7.779410000000001,7.779110000000001,0.75,0.85
12.08.2021 01:30:29.150,7.779410000000001,7.779110000000001,0.75,0.75
12.08.2021 01:30:29.260,7.77937,7.77907,0.75,0.75
12.08.2021 01:30:30.054,7.77937,7.77907,0.75,0.85
12.08.2021 01:30:30.172,7.779400000000001,7.779100000000001,0.75,0.85
12.08.2021 01:30:39.797,7.779410000000001,7.779110000000001,0.75,0.85
12.08.2021 01:30:40.472,7.7794300000000005,7.77913,0.75,0.85
12.08.2021 01:30:40.573,7.779450000000001,7.7791500000000005,0.75,0.85
12.08.2021 01:30:40.793,7.7794300000000005,7.77913,0.75,0.85
12.08.2021 01:30:48.139,7.7794300000000005,7.77913,0.75,0.85
12.08.2021 01:30:49.052,7.7794300000000005,7.77913,0.75,0.75
12.08.2021 01:30:49.190,7.7794300000000005,7.77913,0.75,0.85
12.08.2021 01:30:50.054,7.7794300000000005,7.77913,0.75,0.85
12.08.2021 01:30:50.155,7.7794300000000005,7.77913,0.75,0.85
12.08.2021 01:30:50.549,7.7794300000000005,7.77913,0.75,0.85
12.08.2021 01:30:50.727,7.7794300000000005,7.77913,0.75,0.85
12.08.2021 01:30:51.999,7.7794300000000005,7.77913,0.75,0.85
12.08.2021 01:30:52.381,7.7794300000000005,7.77913,0.75,0.85
12.08.2021 01:30:59.773,7.7794300000000005,7.779160000000001,0.75,0.37
12.08.2021 01:31:00.688,7.77944,7.77917,0.37,0.85
12.08.2021 01:31:00.789,7.77944,7.7792200000000005,0.37,0.85
12.08.2021 01:31:00.889,7.77954,7.77924,0.75,0.75
12.08.2021 01:31:01.037,7.77955,7.77925,1.12,0.75
12.08.2021 01:31:02.369,7.77953,7.77925,0.37,0.75
12.08.2021 01:31:07.303,7.77953,7.77925,0.37,0.85
12.08.2021 01:31:08.147,7.77953,7.77925,0.37,0.75
12.08.2021 01:31:09.053,7.77954,7.77925,0.37,0.75
12.08.2021 01:31:09.154,7.77954,7.77935,0.37,0.75
12.08.2021 01:31:09.255,7.77954,7.779280000000001,0.37,0.85
12.08.2021 01:31:09.356,7.7796,7.7793,0.75,0.85
12.08.2021 01:31:09.457,7.779610000000001,7.779310000000001,0.75,0.82
12.08.2021 01:31:09.507,7.77964,7.7793399999999995,1.12,0.75
12.08.2021 01:31:09.771,7.77964,7.7793399999999995,1.12,0.85
12.08.2021 01:31:09.930,7.77964,7.7793399999999995,1.12,0.82
12.08.2021 01:31:10.781,7.77962,7.7793399999999995,0.37,0.82
12.08.2021 01:31:17.198,7.77964,7.7793399999999995,0.75,0.82
12.08.2021 01:31:17.249,7.779710000000001,7.77954,0.37,0.75
12.08.2021 01:31:17.350,7.779710000000001,7.77957,0.37,0.75
12.08.2021 01:31:17.400,7.77979,7.7795000000000005,0.37,0.85
12.08.2021 01:31:17.716,7.77979,7.7795000000000005,0.37,0.85
12.08.2021 01:31:18.199,7.779810000000001,7.77953,0.37,0.85
12.08.2021 01:31:18.729,7.77982,7.77953,0.37,0.85
12.08.2021 01:31:20.653,7.7798300000000005,7.77953,1.12,0.85
12.08.2021 01:31:20.704,7.7798300000000005,7.779580000000001,0.37,0.75
12.08.2021 01:31:21.215,7.7798300000000005,7.77953,1.12,0.85
12.08.2021 01:31:21.796,7.779850000000001,7.77955,0.75,0.85
12.08.2021 01:31:22.437,7.779850000000001,7.77955,0.75,0.85
12.08.2021 01:31:24.359,7.779850000000001,7.77955,0.75,0.85
12.08.2021 01:31:24.584,7.779850000000001,7.77955,0.75,0.75
12.08.2021 01:31:29.052,7.779850000000001,7.77955,2.25,0.85
12.08.2021 01:31:29.153,7.779850000000001,7.77955,0.75,0.85
12.08.2021 01:31:30.426,7.779850000000001,7.77955,0.75,0.75
12.08.2021 01:31:30.477,7.7798300000000005,7.77955,0.37,0.75
12.08.2021 01:31:31.574,7.779850000000001,7.77955,2.25,0.75
12.08.2021 01:31:35.568,7.77989,7.779630000000001,0.75,0.75
12.08.2021 01:31:35.619,7.7799700000000005,7.779660000000001,0.75,0.37
12.08.2021 01:31:35.670,7.7799700000000005,7.779680000000001,0.75,0.75
12.08.2021 01:31:35.771,7.779980000000001,7.779710000000001,0.37,0.75
12.08.2021 01:31:35.911,7.779980000000001,7.77972,0.37,0.75
12.08.2021 01:31:36.943,7.78002,7.77972,0.75,0.75
12.08.2021 01:31:38.705,7.780030000000001,7.779760000000001,0.37,0.75
12.08.2021 01:31:38.806,7.7801100000000005,7.7798300000000005,1.22,0.75
12.08.2021 01:31:38.907,7.7801800000000005,7.77988,1.22,0.75
12.08.2021 01:31:39.008,7.7801800000000005,7.77988,1.12,0.75
12.08.2021 01:31:39.058,7.7801800000000005,7.77993,0.37,0.75
12.08.2021 01:31:39.109,7.7801800000000005,7.77989,0.37,0.75
12.08.2021 01:31:39.209,7.780310000000001,7.77989,0.85,0.37
12.08.2021 01:31:39.310,7.78032,7.77989,0.47,0.37
12.08.2021 01:31:39.782,7.78032,7.77989,1.22,0.37
12.08.2021 01:31:40.245,7.78029,7.77989,0.37,0.37
12.08.2021 01:31:41.335,7.78027,7.77989,0.37,0.37
12.08.2021 01:31:42.340,7.780260000000001,7.77989,0.37,0.37
12.08.2021 01:31:43.117,7.78027,7.77989,0.37,0.37
12.08.2021 01:31:43.218,7.78027,7.77988,0.37,0.37
12.08.2021 01:31:43.996,7.78027,7.77984,0.37,0.37
12.08.2021 01:31:45.497,7.78027,7.779850000000001,0.37,0.37
12.08.2021 01:31:46.254,7.78032,7.779850000000001,0.85,0.37
12.08.2021 01:31:47.409,7.78032,7.779850000000001,0.85,0.37
12.08.2021 01:31:48.497,7.78032,7.77984,0.85,0.37
12.08.2021 01:31:49.058,7.78034,7.77984,1.12,0.47
12.08.2021 01:31:49.160,7.78024,7.77994,0.75,0.85
12.08.2021 01:31:49.260,7.78023,7.77993,0.75,0.85
12.08.2021 01:31:49.617,7.78023,7.77993,0.75,0.85
12.08.2021 01:31:53.569,7.78029,7.77999,0.75,0.75
12.08.2021 01:31:53.669,7.78019,7.77993,0.75,0.37
12.08.2021 01:31:53.720,7.78024,7.77994,0.75,0.75
12.08.2021 01:31:53.770,7.7801800000000005,7.77993,0.75,0.37
12.08.2021 01:31:53.821,7.7802500000000006,7.77995,0.75,0.75
12.08.2021 01:31:53.871,7.78022,7.77992,0.75,0.75
12.08.2021 01:31:54.019,7.780200000000001,7.7799000000000005,0.75,0.75
12.08.2021 01:31:58.746,7.780150000000001,7.779850000000001,0.75,0.75
12.08.2021 01:31:58.897,7.7801,7.779800000000001,0.75,0.75
12.08.2021 01:31:58.947,7.78012,7.779710000000001,0.75,0.75
12.08.2021 01:31:58.998,7.77999,7.779710000000001,0.75,0.75
12.08.2021 01:31:59.048,7.7801100000000005,7.779710000000001,0.85,0.75
12.08.2021 01:31:59.295,7.7801100000000005,7.7796,0.85,0.37
12.08.2021 01:31:59.452,7.7801100000000005,7.7796,0.82,0.37
12.08.2021 01:31:59.848,7.7801100000000005,7.7796,0.85,0.37
12.08.2021 01:32:00.284,7.7801100000000005,7.77957,0.85,0.37
12.08.2021 01:32:01.557,7.78007,7.77957,0.37,0.37
12.08.2021 01:32:03.496,7.78007,7.77959,0.37,0.37
12.08.2021 01:32:04.284,7.78004,7.77959,0.37,0.37
12.08.2021 01:32:05.147,7.780030000000001,7.77955,0.37,0.37
12.08.2021 01:32:05.322,7.780030000000001,7.77952,0.75,0.45
12.08.2021 01:32:06.298,7.78002,7.779510000000001,0.37,0.75
12.08.2021 01:32:06.601,7.78,7.779510000000001,0.37,0.75
12.08.2021 01:32:08.101,7.780010000000001,7.779510000000001,0.37,0.75
12.08.2021 01:32:09.054,7.780030000000001,7.77957,0.45,0.37
12.08.2021 01:32:09.205,7.780080000000001,7.7798300000000005,0.75,0.75
12.08.2021 01:32:09.255,7.7800899999999995,7.77979,2.62,0.82
12.08.2021 01:32:09.306,7.780060000000001,7.77979,0.75,0.82
12.08.2021 01:32:09.424,7.780060000000001,7.77979,0.75,0.85
12.08.2021 01:32:09.475,7.7800899999999995,7.77979,2.62,0.85
12.08.2021 01:32:09.576,7.7800899999999995,7.77979,2.62,0.85
12.08.2021 01:32:09.725,7.7800899999999995,7.779810000000001,1.12,0.85
12.08.2021 01:32:12.351,7.7800899999999995,7.7798300000000005,0.75,0.85
12.08.2021 01:32:12.452,7.780139999999999,7.77993,0.75,0.75
12.08.2021 01:32:12.502,7.780160000000001,7.77993,0.75,0.75
12.08.2021 01:32:12.553,7.78017,7.77987,0.75,0.85
12.08.2021 01:32:12.804,7.78017,7.77987,0.75,0.85
12.08.2021 01:32:12.855,7.78019,7.77989,0.75,0.85
12.08.2021 01:32:12.956,7.78019,7.77989,0.75,0.85
12.08.2021 01:32:13.066,7.78019,7.77989,0.75,0.85
12.08.2021 01:32:13.216,7.780210000000001,7.779910000000001,0.75,0.85
12.08.2021 01:32:13.266,7.78024,7.779960000000001,0.75,0.75
12.08.2021 01:32:13.369,7.78027,7.78,0.75,0.75
12.08.2021 01:32:13.419,7.78027,7.779980000000001,0.75,0.75
12.08.2021 01:32:13.589,7.78028,7.779980000000001,0.75,0.75
12.08.2021 01:32:13.834,7.78028,7.779980000000001,0.75,0.85
12.08.2021 01:32:16.410,7.78028,7.779980000000001,0.75,0.85
12.08.2021 01:32:16.514,7.78029,7.77999,2.25,0.85
12.08.2021 01:32:16.672,7.78029,7.78002,0.75,0.75
12.08.2021 01:32:16.804,7.780210000000001,7.77992,0.75,0.85
12.08.2021 01:32:16.854,7.78012,7.779860000000001,0.75,0.75
12.08.2021 01:32:16.955,7.780210000000001,7.779780000000001,0.82,0.37
12.08.2021 01:32:17.106,7.78022,7.779780000000001,0.47,0.37
12.08.2021 01:32:17.206,7.78022,7.779780000000001,0.37,0.37
12.08.2021 01:32:17.367,7.78022,7.779710000000001,0.37,0.75
12.08.2021 01:32:17.517,7.78022,7.7797,0.45,0.37
12.08.2021 01:32:18.856,7.78022,7.779680000000001,0.45,0.75
12.08.2021 01:32:20.012,7.78017,7.77987,0.75,0.75
12.08.2021 01:32:20.163,7.78012,7.77982,0.75,0.75
12.08.2021 01:32:20.419,7.780139999999999,7.77984,0.75,0.75
12.08.2021 01:32:40.373,7.780150000000001,7.779850000000001,0.75,0.75
12.08.2021 01:32:48.440,7.780139999999999,7.779850000000001,0.37,0.75
12.08.2021 01:33:19.228,7.78007,7.779760000000001,0.75,0.75
12.08.2021 01:33:19.329,7.780060000000001,7.779760000000001,0.37,0.75
12.08.2021 01:33:19.379,7.780060000000001,7.779800000000001,0.37,0.75
12.08.2021 01:33:19.430,7.78005,7.779780000000001,0.75,0.75
12.08.2021 01:33:19.533,7.78004,7.779730000000001,0.75,0.75
12.08.2021 01:33:22.398,7.780030000000001,7.779730000000001,0.37,0.75
12.08.2021 01:33:23.077,7.779980000000001,7.77967,0.75,1.12
12.08.2021 01:33:23.279,7.78002,7.779710000000001,1.12,0.75
12.08.2021 01:33:23.463,7.77999,7.779680000000001,0.75,0.75
12.08.2021 01:33:57.281,7.78,7.7796899999999996,0.75,0.75
12.08.2021 01:33:57.485,7.779960000000001,7.7796899999999996,0.37,0.75
12.08.2021 01:33:57.535,7.77995,7.77964,0.75,0.75
12.08.2021 01:33:57.586,7.7799000000000005,7.77959,0.75,0.75
12.08.2021 01:33:57.737,7.779960000000001,7.77965,1.12,0.75
12.08.2021 01:33:57.888,7.779910000000001,7.7796,0.75,0.75
12.08.2021 01:33:58.859,7.7799000000000005,7.77959,0.75,0.75
12.08.2021 01:34:01.970,7.77984,7.77953,0.75,2.25
12.08.2021 01:34:02.171,7.7799000000000005,7.77959,0.75,0.75
12.08.2021 01:34:02.272,7.77987,7.779560000000001,0.75,0.75
12.08.2021 01:34:07.478,7.7798300000000005,7.77955,0.75,0.75
12.08.2021 01:34:08.444,7.779780000000001,7.7795000000000005,0.75,0.75
12.08.2021 01:34:08.558,7.77977,7.77949,0.75,0.75
12.08.2021 01:34:13.603,7.779810000000001,7.77953,0.75,0.75
12.08.2021 01:34:13.754,7.7798300000000005,7.77955,0.75,0.75
12.08.2021 01:34:20.570,7.77982,7.77955,0.37,0.75
12.08.2021 01:34:22.704,7.7799000000000005,7.779580000000001,1.5,0.75
12.08.2021 01:34:22.755,7.7799000000000005,7.77965,0.75,0.75
12.08.2021 01:34:22.805,7.77992,7.77965,0.37,0.75
12.08.2021 01:34:22.856,7.779960000000001,7.7797,0.37,0.75
12.08.2021 01:34:22.906,7.779980000000001,7.7797,0.75,0.75
12.08.2021 01:34:42.605,7.78,7.7797,0.75,0.75
12.08.2021 01:34:59.208,7.77999,7.7796899999999996,0.75,0.75
12.08.2021 01:35:16.656,7.78002,7.77972,1.12,0.75
12.08.2021 01:35:17.075,7.78002,7.779730000000001,0.37,0.75
12.08.2021 01:35:23.398,7.780030000000001,7.779730000000001,0.75,0.75
12.08.2021 01:35:44.574,7.78005,7.77975,0.75,0.75
12.08.2021 01:36:02.041,7.780030000000001,7.779739999999999,0.75,0.75
12.08.2021 01:36:10.739,7.77995,7.779739999999999,0.37,0.75
12.08.2021 01:36:11.006,7.77995,7.779730000000001,0.37,0.75
12.08.2021 01:36:11.960,7.7799700000000005,7.779730000000001,0.37,0.75
12.08.2021 01:36:13.090,7.7799700000000005,7.77975,0.37,0.75
12.08.2021 01:36:13.461,7.779980000000001,7.77975,0.37,0.75
12.08.2021 01:36:14.979,7.77999,7.77975,0.37,0.75
12.08.2021 01:36:17.991,7.78,7.77975,0.37,0.75
12.08.2021 01:36:26.124,7.77993,7.77975,0.37,0.75
12.08.2021 01:36:26.175,7.77993,7.7797,0.37,0.75
12.08.2021 01:36:26.381,7.77993,7.7796899999999996,0.37,0.75
12.08.2021 01:36:26.642,7.77993,7.77967,0.37,0.75
12.08.2021 01:36:27.109,7.77993,7.77965,0.37,0.75
12.08.2021 01:36:27.624,7.77994,7.77965,1.12,0.75
12.08.2021 01:36:54.388,7.77994,7.779739999999999,0.75,0.37
12.08.2021 01:36:54.604,7.77994,7.77965,0.75,0.75
12.08.2021 01:36:54.655,7.780080000000001,7.77962,0.47,0.37
12.08.2021 01:36:57.133,7.77994,7.77965,0.75,0.75
12.08.2021 01:37:24.523,7.78004,7.77965,0.9,0.37
12.08.2021 01:37:24.661,7.78004,7.77965,0.92,0.37
12.08.2021 01:37:24.908,7.78004,7.77965,0.92,0.37
12.08.2021 01:37:27.008,7.78004,7.77962,0.92,0.37
12.08.2021 01:37:27.263,7.77994,7.77965,0.75,0.75
12.08.2021 01:37:40.714,7.780030000000001,7.779580000000001,0.85,0.37
12.08.2021 01:37:51.218,7.780030000000001,7.779580000000001,0.47,0.37
12.08.2021 01:37:52.995,7.78,7.779580000000001,0.37,0.37
12.08.2021 01:37:54.190,7.78,7.779610000000001,0.37,0.37
12.08.2021 01:37:56.764,7.77999,7.779580000000001,0.37,0.37
12.08.2021 01:37:57.473,7.77994,7.77965,0.75,0.75
12.08.2021 01:38:08.028,7.77992,7.77965,0.37,0.75
12.08.2021 01:38:09.250,7.779910000000001,7.77965,0.37,0.75
12.08.2021 01:38:10.734,7.77989,7.7796,0.75,0.75
12.08.2021 01:38:10.835,7.7799000000000005,7.77962,0.75,0.75
12.08.2021 01:38:11.055,7.77988,7.77959,0.75,0.75
12.08.2021 01:38:13.366,7.77987,7.779580000000001,0.75,0.75
12.08.2021 01:38:15.064,7.77982,7.77953,0.75,0.75
12.08.2021 01:38:15.215,7.77979,7.77952,0.75,0.75
12.08.2021 01:38:15.266,7.779810000000001,7.77952,0.75,2.25
12.08.2021 01:38:15.383,7.779810000000001,7.77953,0.75,0.37
12.08.2021 01:38:18.350,7.779810000000001,7.77952,0.75,2.62
12.08.2021 01:38:26.122,7.779800000000001,7.77952,0.37,2.62
12.08.2021 01:38:53.529,7.779800000000001,7.77954,0.37,0.75
12.08.2021 01:38:55.121,7.77977,7.77955,0.37,0.37
12.08.2021 01:38:56.124,7.779760000000001,7.779560000000001,0.37,0.37
12.08.2021 01:38:57.124,7.779760000000001,7.77954,0.37,1.12
12.08.2021 01:39:09.754,7.7798300000000005,7.77954,0.75,0.75
12.08.2021 01:39:11.848,7.7798300000000005,7.77955,0.75,0.37
12.08.2021 01:39:11.899,7.77984,7.779580000000001,0.37,0.75
12.08.2021 01:39:12.050,7.77989,7.7796,2.25,0.75
12.08.2021 01:39:15.853,7.77992,7.77964,0.37,0.75
12.08.2021 01:39:15.954,7.77993,7.77965,0.75,0.75
12.08.2021 01:39:16.055,7.77994,7.77965,0.75,0.75
12.08.2021 01:39:21.366,7.77995,7.779660000000001,0.75,0.75
12.08.2021 01:39:29.298,7.77995,7.77967,0.75,0.37
12.08.2021 01:39:33.054,7.77995,7.779660000000001,0.75,0.75
12.08.2021 01:39:49.102,7.77995,7.779680000000001,0.75,0.37
12.08.2021 01:39:52.096,7.77995,7.779660000000001,0.75,0.75
12.08.2021 01:40:02.614,7.779960000000001,7.77967,1.12,0.75
12.08.2021 01:41:06.818,7.779960000000001,7.779680000000001,0.75,0.75
12.08.2021 01:41:06.868,7.779860000000001,7.77964,0.75,0.37
12.08.2021 01:41:06.969,7.77992,7.77964,0.75,0.37
12.08.2021 01:41:07.073,7.779910000000001,7.77964,0.75,0.37
12.08.2021 01:41:07.180,7.7799000000000005,7.77964,0.75,0.37
12.08.2021 01:41:07.643,7.7799000000000005,7.779610000000001,0.75,0.75
12.08.2021 01:41:08.173,7.77988,7.77959,0.75,0.75
12.08.2021 01:41:37.628,7.77995,7.779560000000001,0.82,0.37
12.08.2021 01:41:38.470,7.77988,7.77959,0.75,0.75
12.08.2021 01:42:15.766,7.77989,7.77959,0.75,0.75
12.08.2021 01:42:32.497,7.77993,7.779630000000001,0.75,0.75
12.08.2021 01:43:15.650,7.7799000000000005,7.779630000000001,0.37,0.75
12.08.2021 01:43:35.700,7.779910000000001,7.779630000000001,0.37,0.75
12.08.2021 01:43:42.608,7.779910000000001,7.77962,0.37,0.75
12.08.2021 01:43:56.305,7.77989,7.779610000000001,0.75,1.12
12.08.2021 01:44:10.495,7.779910000000001,7.77962,1.12,0.75
12.08.2021 01:44:20.478,7.77988,7.779610000000001,0.75,0.37
12.08.2021 01:44:20.642,7.779910000000001,7.779610000000001,1.12,0.37
12.08.2021 01:44:34.708,7.7799000000000005,7.77957,0.37,0.37
12.08.2021 01:44:34.809,7.7799000000000005,7.779560000000001,0.37,0.45
12.08.2021 01:44:35.811,7.77993,7.779560000000001,0.47,0.37
12.08.2021 01:44:50.959,7.779910000000001,7.7796,0.75,0.75
12.08.2021 01:45:35.042,7.77988,7.77959,0.75,0.75
12.08.2021 01:45:35.193,7.77989,7.779630000000001,0.37,0.75
12.08.2021 01:45:35.243,7.77992,7.779630000000001,0.82,0.75
12.08.2021 01:45:38.571,7.77994,7.77964,0.82,0.75
12.08.2021 01:45:57.238,7.77995,7.77957,0.47,0.37
12.08.2021 01:45:57.339,7.77995,7.77957,0.47,0.37
12.08.2021 01:45:59.561,7.77989,7.77957,0.37,0.37
12.08.2021 01:46:08.853,7.77989,7.77964,0.37,0.75
12.08.2021 01:46:52.955,7.77989,7.77962,0.37,0.75
12.08.2021 01:47:00.329,7.77992,7.77962,0.82,0.75
12.08.2021 01:47:02.552,7.779910000000001,7.779610000000001,0.75,0.75
12.08.2021 01:47:47.479,7.779960000000001,7.7796899999999996,0.37,0.75
12.08.2021 01:47:47.530,7.77984,7.77954,0.75,0.82
12.08.2021 01:47:47.631,7.779960000000001,7.7797,0.47,0.75
12.08.2021 01:47:47.681,7.779860000000001,7.7796,0.75,0.37
12.08.2021 01:47:47.782,7.77992,7.779630000000001,0.37,0.75
12.08.2021 01:47:47.833,7.77994,7.77964,0.75,0.75
12.08.2021 01:47:47.883,7.77989,7.77959,0.75,0.75
12.08.2021 01:47:47.984,7.779960000000001,7.779730000000001,1.12,0.75
12.08.2021 01:47:48.034,7.77988,7.779580000000001,0.75,0.75
12.08.2021 01:47:48.085,7.779980000000001,7.779610000000001,0.85,0.37
12.08.2021 01:47:48.236,7.77999,7.779610000000001,0.75,0.37
12.08.2021 01:47:48.286,7.77993,7.779610000000001,0.85,0.37
12.08.2021 01:47:48.337,7.77994,7.779580000000001,0.85,0.75
12.08.2021 01:47:48.388,7.779960000000001,7.779580000000001,0.85,0.75
12.08.2021 01:47:48.438,7.77992,7.779580000000001,0.85,0.75
12.08.2021 01:47:48.539,7.77984,7.77954,0.75,0.75
12.08.2021 01:47:48.640,7.77993,7.77965,0.75,0.75
12.08.2021 01:47:48.747,7.77982,7.77959,0.75,0.37
12.08.2021 01:47:48.798,7.77995,7.77967,0.85,0.75
12.08.2021 01:47:48.848,7.779810000000001,7.77959,0.75,0.37
12.08.2021 01:47:48.899,7.779910000000001,7.77959,0.85,0.37
12.08.2021 01:47:48.949,7.77988,7.77962,0.75,0.75
12.08.2021 01:47:49.050,7.77989,7.779630000000001,0.75,0.75
12.08.2021 01:47:49.151,7.779910000000001,7.779610000000001,0.85,0.37
12.08.2021 01:47:49.252,7.77988,7.779580000000001,0.82,0.75
12.08.2021 01:47:49.353,7.77988,7.779580000000001,0.85,0.75
12.08.2021 01:47:49.454,7.77988,7.779580000000001,0.85,0.75
12.08.2021 01:47:49.566,7.779780000000001,7.77952,0.75,0.75
12.08.2021 01:47:53.843,7.779760000000001,7.77952,0.75,0.75
12.08.2021 01:47:56.124,7.77975,7.77952,0.75,0.75
12.08.2021 01:48:01.040,7.779860000000001,7.779580000000001,2.35,0.75
12.08.2021 01:48:01.090,7.779860000000001,7.779610000000001,2.25,0.75
12.08.2021 01:48:01.191,7.77979,7.77954,0.75,0.75
12.08.2021 01:48:01.292,7.779800000000001,7.77952,0.75,2.25
12.08.2021 01:48:01.342,7.77972,7.77952,0.75,0.75
12.08.2021 01:48:01.393,7.779800000000001,7.77955,0.75,0.75
12.08.2021 01:48:01.615,7.77977,7.77952,0.75,0.75
12.08.2021 01:48:01.716,7.779739999999999,7.7795000000000005,0.75,0.37
12.08.2021 01:48:02.475,7.779739999999999,7.77949,0.75,1.12
12.08.2021 01:48:02.722,7.779739999999999,7.77952,0.75,0.75
12.08.2021 01:48:04.236,7.77984,7.779580000000001,0.82,0.75
12.08.2021 01:48:04.337,7.779739999999999,7.779580000000001,0.75,0.37
12.08.2021 01:48:04.387,7.77979,7.779580000000001,0.75,0.37
12.08.2021 01:48:04.488,7.779800000000001,7.779580000000001,0.75,0.37
12.08.2021 01:48:04.689,7.7798300000000005,7.779580000000001,0.75,1.12
12.08.2021 01:48:04.740,7.779739999999999,7.77953,0.75,0.75
12.08.2021 01:48:04.790,7.779780000000001,7.77953,0.75,0.75
12.08.2021 01:48:04.840,7.77982,7.77957,0.75,0.75
12.08.2021 01:48:04.941,7.779780000000001,7.77953,0.75,0.75
12.08.2021 01:48:05.386,7.77975,7.77952,0.75,0.75
12.08.2021 01:48:06.094,7.779850000000001,7.7796,0.75,0.75
12.08.2021 01:48:06.194,7.779850000000001,7.779580000000001,0.75,0.75
12.08.2021 01:48:06.295,7.779810000000001,7.779560000000001,0.75,0.75
12.08.2021 01:48:06.396,7.779760000000001,7.77952,0.75,0.75
12.08.2021 01:48:06.506,7.77972,7.77952,0.75,0.75
12.08.2021 01:48:06.614,7.779780000000001,7.77953,0.75,0.75
12.08.2021 01:48:12.658,7.77977,7.77952,0.75,2.25
12.08.2021 01:48:12.708,7.77972,7.77952,0.75,0.75
12.08.2021 01:48:22.932,7.77972,7.77953,0.75,0.37
12.08.2021 01:48:23.939,7.77972,7.77955,0.75,0.37
12.08.2021 01:48:26.436,7.779739999999999,7.77955,0.75,0.37
12.08.2021 01:48:26.497,7.77972,7.77955,0.75,0.37
12.08.2021 01:48:27.278,7.77972,7.77953,0.75,0.37
12.08.2021 01:48:30.731,7.779680000000001,7.77947,0.75,0.37
12.08.2021 01:48:30.832,7.779680000000001,7.77944,0.75,0.75
12.08.2021 01:48:30.882,7.779630000000001,7.779389999999999,0.75,0.75
12.08.2021 01:48:30.983,7.779560000000001,7.7793399999999995,0.75,1.12
12.08.2021 01:48:31.034,7.7796,7.77935,0.75,0.75
12.08.2021 01:48:31.085,7.779560000000001,7.779310000000001,0.75,0.75
12.08.2021 01:48:31.236,7.77955,7.7793,0.75,0.75
12.08.2021 01:48:31.490,7.779610000000001,7.779360000000001,0.75,0.75
12.08.2021 01:48:32.357,7.779560000000001,7.779310000000001,0.75,0.75
12.08.2021 01:48:36.203,7.77955,7.7793,0.75,0.75
12.08.2021 01:48:50.274,7.779580000000001,7.77932,0.75,0.75
12.08.2021 01:49:11.249,7.779710000000001,7.779280000000001,1.33,1.22
12.08.2021 01:49:11.308,7.77957,7.77932,0.75,0.75
12.08.2021 01:49:12.555,7.779560000000001,7.779310000000001,0.75,0.75
12.08.2021 01:49:38.225,7.779560000000001,7.77932,0.75,0.37
12.08.2021 01:49:42.554,7.77957,7.77932,0.75,1.12
12.08.2021 01:49:50.531,7.77957,7.779330000000001,0.75,0.37
12.08.2021 01:49:53.456,7.77957,7.7793399999999995,0.75,0.37
12.08.2021 01:50:08.266,7.77962,7.77937,0.75,0.75
12.08.2021 01:50:08.417,7.779580000000001,7.779330000000001,0.75,0.75
12.08.2021 01:50:12.683,7.77962,7.77937,0.75,0.75
12.08.2021 01:50:14.173,7.779630000000001,7.779380000000001,0.75,0.75
12.08.2021 01:50:14.324,7.77964,7.779389999999999,0.75,0.75
12.08.2021 01:50:14.434,7.77965,7.779400000000001,0.75,0.75
12.08.2021 01:50:21.947,7.7796,7.77935,0.75,0.75
12.08.2021 01:50:22.098,7.779580000000001,7.779330000000001,0.75,0.75
12.08.2021 01:50:24.963,7.779630000000001,7.779380000000001,0.75,0.75
12.08.2021 01:50:25.064,7.77964,7.779389999999999,0.75,0.75
12.08.2021 01:50:33.169,7.77975,7.77954,0.37,0.75
12.08.2021 01:50:33.320,7.779760000000001,7.77953,0.37,0.75
12.08.2021 01:50:33.370,7.779780000000001,7.77953,0.75,0.75
12.08.2021 01:50:33.421,7.77982,7.77957,0.75,0.75
12.08.2021 01:50:33.571,7.7798300000000005,7.779580000000001,0.75,0.75
12.08.2021 01:50:36.855,7.77992,7.779580000000001,0.47,0.75
12.08.2021 01:50:36.905,7.77992,7.779680000000001,0.37,0.75
12.08.2021 01:50:37.006,7.77992,7.779730000000001,0.37,0.75
12.08.2021 01:50:37.057,7.77992,7.7796899999999996,0.37,0.75
12.08.2021 01:50:37.230,7.77994,7.7796899999999996,0.75,0.75
12.08.2021 01:50:40.094,7.77995,7.7797,0.75,0.75
12.08.2021 01:50:41.841,7.7799700000000005,7.77972,0.75,0.75
12.08.2021 01:50:43.470,7.779980000000001,7.779730000000001,0.75,0.75
12.08.2021 01:50:56.130,7.78,7.779739999999999,0.75,0.75
12.08.2021 01:50:56.364,7.78002,7.779739999999999,0.75,0.75
12.08.2021 01:50:57.864,7.78004,7.779760000000001,1.12,0.75
12.08.2021 01:51:06.462,7.780030000000001,7.779760000000001,0.37,0.75
12.08.2021 01:51:07.963,7.78005,7.779760000000001,0.75,0.75
12.08.2021 01:51:15.257,7.78004,7.779760000000001,0.75,0.75
12.08.2021 01:51:15.400,7.77999,7.779710000000001,0.75,0.75
12.08.2021 01:51:16.555,7.78002,7.77972,0.75,0.75
12.08.2021 01:51:16.657,7.780060000000001,7.779760000000001,0.75,0.75
12.08.2021 01:51:18.233,7.780030000000001,7.77975,0.75,0.75
12.08.2021 01:51:20.353,7.780030000000001,7.77977,0.75,0.37
12.08.2021 01:51:20.454,7.7800899999999995,7.779910000000001,0.37,0.75
12.08.2021 01:51:20.505,7.780150000000001,7.779910000000001,0.37,0.75
12.08.2021 01:51:20.629,7.78012,7.77984,0.75,0.75
12.08.2021 01:51:20.806,7.7801,7.77982,0.75,0.75
12.08.2021 01:51:23.955,7.7801,7.779780000000001,0.75,0.37
12.08.2021 01:51:24.105,7.779960000000001,7.779680000000001,0.75,0.47
12.08.2021 01:51:24.156,7.78007,7.779780000000001,0.75,0.75
12.08.2021 01:51:24.257,7.780060000000001,7.77977,0.75,0.75
12.08.2021 01:51:24.321,7.78004,7.77975,0.75,0.75
12.08.2021 01:51:31.243,7.780030000000001,7.779739999999999,0.75,0.75
12.08.2021 01:51:36.044,7.78002,7.779739999999999,0.37,0.75
12.08.2021 01:51:38.940,7.78007,7.77977,0.75,0.75
12.08.2021 01:51:39.090,7.780030000000001,7.779730000000001,0.75,0.75
12.08.2021 01:51:39.431,7.78005,7.77975,0.75,0.75
12.08.2021 01:51:39.972,7.780030000000001,7.779730000000001,0.75,0.75
12.08.2021 01:51:46.896,7.78002,7.779730000000001,0.37,0.75
12.08.2021 01:51:50.690,7.780010000000001,7.779730000000001,0.37,0.75
12.08.2021 01:51:51.129,7.780030000000001,7.779730000000001,0.75,0.75
12.08.2021 01:52:00.438,7.78005,7.77975,0.75,0.75
12.08.2021 01:52:11.215,7.7800899999999995,7.77979,0.75,0.75
12.08.2021 01:52:11.366,7.78007,7.77977,0.75,0.75
12.08.2021 01:52:18.694,7.78012,7.77982,0.75,0.75
12.08.2021 01:52:18.795,7.78007,7.77977,0.75,0.75
12.08.2021 01:52:40.683,7.78012,7.7796899999999996,0.37,0.45
12.08.2021 01:52:48.728,7.78007,7.77977,0.75,0.75
12.08.2021 01:53:08.599,7.780080000000001,7.779780000000001,0.75,0.75
12.08.2021 01:53:24.945,7.780150000000001,7.77984,0.75,0.75
12.08.2021 01:53:24.995,7.7801,7.77979,0.75,0.75
12.08.2021 01:53:26.518,7.78007,7.779780000000001,0.75,0.75
12.08.2021 01:53:35.174,7.78002,7.779730000000001,0.75,0.75
12.08.2021 01:53:35.332,7.780030000000001,7.779739999999999,0.75,0.75
12.08.2021 01:53:35.457,7.78002,7.779730000000001,0.75,0.75
12.08.2021 01:53:41.709,7.779960000000001,7.779680000000001,0.75,0.75
12.08.2021 01:53:41.860,7.77999,7.779710000000001,0.75,0.75
12.08.2021 01:53:42.534,7.7799700000000005,7.7796899999999996,0.75,0.75
12.08.2021 01:53:42.664,7.779960000000001,7.779680000000001,0.75,0.75
12.08.2021 01:53:42.841,7.77994,7.779660000000001,0.75,0.75
12.08.2021 01:53:43.185,7.779960000000001,7.779680000000001,0.75,0.75
12.08.2021 01:53:44.977,7.7799700000000005,7.7796899999999996,0.75,0.75
12.08.2021 01:53:51.830,7.78002,7.779739999999999,0.75,0.75
12.08.2021 01:53:52.111,7.78,7.77972,0.75,0.75
12.08.2021 01:53:52.264,7.780010000000001,7.779730000000001,0.75,0.75
12.08.2021 01:54:24.475,7.78002,7.779730000000001,0.75,0.75
12.08.2021 01:55:02.883,7.78007,7.779780000000001,0.75,0.75
12.08.2021 01:55:02.987,7.78,7.779730000000001,0.75,0.75
12.08.2021 01:55:15.057,7.78007,7.77964,0.37,0.37
12.08.2021 01:55:22.509,7.780010000000001,7.779730000000001,0.75,0.75
12.08.2021 01:55:24.841,7.78002,7.779739999999999,0.75,0.75
12.08.2021 01:55:25.110,7.77999,7.779739999999999,0.37,0.75
12.08.2021 01:55:54.147,7.78002,7.779739999999999,0.75,0.75
12.08.2021 01:55:54.297,7.78,7.779730000000001,0.75,0.75
12.08.2021 01:56:02.509,7.77999,7.77972,0.75,0.75
12.08.2021 01:56:09.153,7.78,7.779730000000001,0.75,0.75
12.08.2021 01:56:15.029,7.779960000000001,7.779730000000001,0.37,0.75
12.08.2021 01:56:19.010,7.780030000000001,7.779780000000001,0.75,0.75
12.08.2021 01:56:22.511,7.78005,7.779780000000001,0.75,0.75
12.08.2021 01:56:22.925,7.78002,7.77977,0.75,0.75
12.08.2021 01:56:39.042,7.7799700000000005,7.77977,0.37,0.75
12.08.2021 01:57:44.907,7.780010000000001,7.779760000000001,0.75,0.75
12.08.2021 01:57:51.027,7.780010000000001,7.779780000000001,0.75,0.75
12.08.2021 01:57:52.509,7.780010000000001,7.779760000000001,0.75,0.75
12.08.2021 01:58:04.366,7.779980000000001,7.779760000000001,0.37,0.75
12.08.2021 01:58:08.793,7.780010000000001,7.779760000000001,0.75,0.75
12.08.2021 01:58:26.756,7.78002,7.77977,0.75,0.75
12.08.2021 01:58:52.484,7.780010000000001,7.779760000000001,0.75,0.75
12.08.2021 01:59:40.539,7.78002,7.77977,0.75,0.75
12.08.2021 01:59:41.866,7.780010000000001,7.779760000000001,0.75,0.75
12.08.2021 01:59:42.282,7.78002,7.77977,0.75,0.75
12.08.2021 01:59:42.533,7.78004,7.77979,0.75,0.75
12.08.2021 01:59:42.856,7.78005,7.779800000000001,0.75,0.75
12.08.2021 01:59:51.614,7.780030000000001,7.779780000000001,0.75,0.75
12.08.2021 01:59:54.206,7.78002,7.77977,0.75,0.75
12.08.2021 01:59:56.059,7.780030000000001,7.779780000000001,0.75,0.75
12.08.2021 02:00:10.850,7.78002,7.779780000000001,0.37,0.75
12.08.2021 02:00:10.900,7.779980000000001,7.779730000000001,0.75,0.75
12.08.2021 02:00:26.010,7.7799700000000005,7.77972,0.75,0.75
12.08.2021 02:00:48.474,7.78002,7.77977,0.75,0.75
12.08.2021 02:00:48.525,7.78,7.77972,0.75,0.75
12.08.2021 02:00:48.575,7.7799700000000005,7.77972,0.75,0.75
12.08.2021 02:00:48.726,7.78002,7.77977,0.75,0.75
12.08.2021 02:00:48.777,7.78,7.77972,0.75,0.75
12.08.2021 02:00:48.827,7.7799700000000005,7.77972,0.75,0.75
12.08.2021 02:00:48.940,7.78002,7.77977,0.75,0.75
12.08.2021 02:01:02.873,7.78007,7.779730000000001,0.37,0.37
12.08.2021 02:01:03.611,7.7801100000000005,7.779739999999999,0.37,0.37
12.08.2021 02:01:03.661,7.78002,7.779739999999999,0.75,0.37
12.08.2021 02:01:23.769,7.78,7.779680000000001,0.75,0.37
12.08.2021 02:01:24.574,7.78,7.77965,0.75,0.75
12.08.2021 02:01:26.913,7.78,7.77967,0.75,0.37
12.08.2021 02:01:28.923,7.78,7.779660000000001,0.75,0.37
12.08.2021 02:01:31.869,7.78,7.77967,0.75,0.37
12.08.2021 02:01:33.876,7.78,7.779660000000001,0.75,0.37
12.08.2021 02:01:34.871,7.78,7.77967,0.75,0.37
12.08.2021 02:01:36.933,7.78,7.779660000000001,0.75,0.37
12.08.2021 02:01:37.885,7.78,7.779710000000001,0.75,0.37
12.08.2021 02:01:39.042,7.78,7.779730000000001,0.75,0.37
12.08.2021 02:01:40.045,7.78,7.779739999999999,0.75,0.37
12.08.2021 02:01:51.540,7.7799700000000005,7.77967,0.75,0.75
12.08.2021 02:01:51.691,7.78,7.779660000000001,0.75,0.75
12.08.2021 02:01:51.741,7.77992,7.77962,0.75,2.62
12.08.2021 02:01:51.842,7.78,7.779660000000001,0.75,0.75
12.08.2021 02:01:51.892,7.77992,7.77962,0.75,1.12
12.08.2021 02:01:51.993,7.78,7.77962,0.75,2.25
12.08.2021 02:01:52.043,7.77992,7.779630000000001,0.75,0.75
12.08.2021 02:01:52.094,7.78,7.77965,0.75,2.25
12.08.2021 02:01:52.144,7.77994,7.77964,0.75,0.75
12.08.2021 02:01:52.245,7.78,7.77965,0.75,0.75
12.08.2021 02:01:52.295,7.77992,7.77962,0.75,2.25
12.08.2021 02:01:52.346,7.7799700000000005,7.77965,0.75,2.25
12.08.2021 02:01:52.497,7.78,7.779660000000001,0.75,0.75
12.08.2021 02:01:52.598,7.78,7.77967,0.75,0.75
12.08.2021 02:01:52.781,7.78,7.7796899999999996,0.75,0.75
12.08.2021 02:02:01.947,7.78,7.77972,0.75,0.37
12.08.2021 02:02:07.162,7.78,7.779730000000001,0.75,0.37
12.08.2021 02:02:08.173,7.78,7.779739999999999,0.75,0.37
12.08.2021 02:02:27.334,7.78002,7.77972,0.75,0.75
12.08.2021 02:02:52.320,7.78002,7.7797,0.75,2.25
12.08.2021 02:02:52.371,7.7801,7.7797,0.75,0.75
12.08.2021 02:02:57.496,7.78002,7.7797,0.75,2.25
12.08.2021 02:03:34.790,7.78007,7.779760000000001,0.75,0.75
12.08.2021 02:03:36.931,7.78002,7.779710000000001,0.75,1.12
12.08.2021 02:03:44.548,7.78002,7.77972,0.75,0.37
12.08.2021 02:03:56.593,7.78002,7.779730000000001,0.75,0.37
12.08.2021 02:03:57.600,7.78002,7.779739999999999,0.75,0.37
12.08.2021 02:04:04.175,7.78002,7.77975,0.75,0.37
12.08.2021 02:04:04.694,7.780060000000001,7.779760000000001,0.75,0.37
12.08.2021 02:04:04.744,7.78002,7.779760000000001,0.75,0.37
12.08.2021 02:04:06.194,7.78002,7.77977,0.75,0.37
12.08.2021 02:04:28.659,7.78007,7.779780000000001,0.75,0.75
12.08.2021 02:04:28.760,7.78007,7.77984,0.75,0.37
12.08.2021 02:04:29.128,7.78007,7.77979,0.75,0.75
12.08.2021 02:04:34.656,7.780060000000001,7.779780000000001,0.75,0.75
12.08.2021 02:04:34.757,7.78002,7.779739999999999,0.75,0.75
12.08.2021 02:04:34.869,7.78002,7.779730000000001,0.75,0.37
12.08.2021 02:04:35.685,7.78002,7.77972,0.75,2.25
12.08.2021 02:04:37.102,7.78002,7.779730000000001,0.75,0.75
12.08.2021 02:04:37.292,7.78002,7.77972,0.75,0.75
12.08.2021 02:04:41.138,7.78002,7.779730000000001,0.75,0.75
12.08.2021 02:04:44.516,7.78005,7.779730000000001,0.37,0.75
12.08.2021 02:04:45.313,7.780060000000001,7.779730000000001,0.37,0.75
12.08.2021 02:05:04.735,7.78002,7.779730000000001,0.75,0.75
12.08.2021 02:05:26.229,7.7799700000000005,7.7796899999999996,0.75,0.75
12.08.2021 02:05:26.330,7.7799700000000005,7.77967,0.75,0.37
12.08.2021 02:05:26.927,7.7799700000000005,7.779660000000001,0.75,0.75
12.08.2021 02:05:30.479,7.77992,7.779610000000001,0.75,0.82
12.08.2021 02:05:30.630,7.77982,7.77954,0.75,0.37
12.08.2021 02:05:30.680,7.77982,7.779510000000001,0.75,2.35
12.08.2021 02:05:30.790,7.77982,7.779510000000001,0.75,0.75
12.08.2021 02:06:23.948,7.77989,7.77948,0.75,0.47
12.08.2021 02:06:24.901,7.77989,7.779510000000001,0.75,0.37
12.08.2021 02:06:26.401,7.77989,7.7795000000000005,0.37,0.37
12.08.2021 02:06:28.310,7.77984,7.7795000000000005,0.37,0.37
12.08.2021 02:06:30.876,7.77982,7.779510000000001,0.75,0.75
12.08.2021 02:06:52.485,7.77982,7.77953,0.75,0.75
12.08.2021 02:06:54.439,7.77987,7.779580000000001,0.75,0.75
12.08.2021 02:06:54.590,7.77992,7.779630000000001,0.75,0.75
12.08.2021 02:07:07.578,7.78007,7.77959,1.22,0.37
12.08.2021 02:07:08.291,7.78007,7.77959,1.22,0.37
12.08.2021 02:07:08.834,7.780060000000001,7.779610000000001,0.47,0.37
12.08.2021 02:07:14.304,7.78002,7.779730000000001,0.75,0.75
12.08.2021 02:07:39.734,7.780060000000001,7.77979,0.37,0.75
12.08.2021 02:07:39.835,7.78007,7.77979,0.75,1.12
12.08.2021 02:07:47.647,7.78007,7.779810000000001,0.75,0.37
12.08.2021 02:07:53.636,7.78007,7.77982,0.75,0.37
12.08.2021 02:07:55.640,7.78007,7.7798300000000005,0.75,0.37
12.08.2021 02:07:56.201,7.7801800000000005,7.7798300000000005,0.75,0.37
12.08.2021 02:07:56.266,7.7801800000000005,7.779810000000001,0.75,0.37
12.08.2021 02:07:56.695,7.7801800000000005,7.77979,0.75,0.37
12.08.2021 02:08:02.733,7.78007,7.77979,0.75,0.37
12.08.2021 02:08:09.631,7.78007,7.779780000000001,0.75,1.5
12.08.2021 02:08:10.550,7.78007,7.77982,0.75,0.75
12.08.2021 02:08:19.734,7.780160000000001,7.77982,0.75,0.75
12.08.2021 02:08:19.947,7.78017,7.77982,1.12,0.75
12.08.2021 02:08:21.750,7.780160000000001,7.77982,0.37,0.75
12.08.2021 02:08:22.755,7.780160000000001,7.7798300000000005,0.37,0.37
12.08.2021 02:08:32.823,7.78007,7.7798300000000005,0.75,0.37
12.08.2021 02:08:53.289,7.78002,7.779800000000001,0.75,0.37
12.08.2021 02:08:54.703,7.78002,7.77975,0.75,0.37
12.08.2021 02:09:17.104,7.78002,7.779739999999999,0.75,1.12
12.08.2021 02:09:17.154,7.7799700000000005,7.779739999999999,0.75,0.37
12.08.2021 02:09:18.604,7.7799700000000005,7.7797,0.75,0.37
12.08.2021 02:09:27.828,7.7799700000000005,7.779780000000001,0.75,0.37
12.08.2021 02:09:29.197,7.7799700000000005,7.7797,0.75,0.37
12.08.2021 02:09:29.626,7.7800899999999995,7.7797,0.85,0.37
12.08.2021 02:09:29.727,7.7800899999999995,7.7797,0.85,0.37
12.08.2021 02:09:32.487,7.7799700000000005,7.7797,0.75,0.37
12.08.2021 02:09:42.484,7.7799700000000005,7.7796899999999996,0.75,0.75
12.08.2021 02:09:45.658,7.779980000000001,7.7796899999999996,0.75,0.75
12.08.2021 02:10:01.517,7.779980000000001,7.7797,0.75,0.37
12.08.2021 02:10:56.542,7.779980000000001,7.779710000000001,0.75,0.37
12.08.2021 02:11:06.822,7.779980000000001,7.7796899999999996,0.75,0.75
12.08.2021 02:11:31.078,7.779980000000001,7.779780000000001,0.75,0.37
12.08.2021 02:11:46.111,7.779980000000001,7.77979,0.75,0.37
12.08.2021 02:12:00.035,7.779980000000001,7.7796899999999996,0.75,0.75
12.08.2021 02:12:07.156,7.779980000000001,7.77975,0.75,0.37
12.08.2021 02:12:08.212,7.779980000000001,7.779760000000001,0.75,0.37
12.08.2021 02:12:10.835,7.779980000000001,7.7797,0.75,0.37
12.08.2021 02:12:11.831,7.779980000000001,7.7796899999999996,0.75,1.12
12.08.2021 02:12:15.844,7.779980000000001,7.779710000000001,0.75,0.37
12.08.2021 02:12:22.865,7.779980000000001,7.779730000000001,0.75,0.37
12.08.2021 02:12:23.869,7.779980000000001,7.7796899999999996,0.75,1.12
12.08.2021 02:12:52.459,7.7799700000000005,7.7796899999999996,0.75,1.12
12.08.2021 02:14:02.464,7.7799700000000005,7.779680000000001,0.75,0.75
12.08.2021 02:14:09.021,7.7799700000000005,7.7796899999999996,0.75,0.37
12.08.2021 02:14:11.402,7.7799700000000005,7.779730000000001,0.75,0.37
12.08.2021 02:14:55.492,7.7799700000000005,7.779739999999999,0.75,0.37
12.08.2021 02:15:17.536,7.7799700000000005,7.779730000000001,0.75,0.37
12.08.2021 02:15:19.472,7.7799700000000005,7.779680000000001,0.75,0.75
12.08.2021 02:15:21.545,7.7799700000000005,7.7796899999999996,0.75,0.37
12.08.2021 02:15:23.549,7.7799700000000005,7.7797,0.75,0.37
12.08.2021 02:15:53.908,7.7799700000000005,7.7796899999999996,0.75,0.75
12.08.2021 02:16:10.643,7.7799700000000005,7.779680000000001,0.75,1.12
12.08.2021 02:16:31.859,7.7799700000000005,7.7796899999999996,0.75,0.37
12.08.2021 02:16:36.886,7.7799700000000005,7.7797,0.75,0.37
12.08.2021 02:16:40.401,7.7799700000000005,7.77972,0.75,0.37
12.08.2021 02:16:46.485,7.7799700000000005,7.779710000000001,0.75,0.37
12.08.2021 02:16:53.930,7.7799700000000005,7.779680000000001,0.75,0.75
12.08.2021 02:17:00.748,7.7799700000000005,7.7796899999999996,0.75,0.37
12.08.2021 02:17:02.963,7.7799700000000005,7.779739999999999,0.75,0.37
12.08.2021 02:17:15.031,7.7799700000000005,7.77972,0.75,0.37
12.08.2021 02:17:38.265,7.7799700000000005,7.779680000000001,0.75,0.75
12.08.2021 02:18:28.304,7.7799700000000005,7.779660000000001,0.75,0.75
12.08.2021 02:19:02.996,7.7799700000000005,7.779680000000001,0.75,0.37
12.08.2021 02:19:03.996,7.7799700000000005,7.7796899999999996,0.75,0.37
12.08.2021 02:19:04.998,7.7799700000000005,7.7797,0.75,0.37
12.08.2021 02:19:10.006,7.7799700000000005,7.779710000000001,0.75,0.37
12.08.2021 02:19:11.009,7.7799700000000005,7.77967,0.75,0.37
12.08.2021 02:19:20.814,7.78002,7.77972,0.75,0.75
12.08.2021 02:19:20.965,7.78007,7.77977,0.75,0.75
12.08.2021 02:19:21.015,7.7801,7.77972,0.37,0.75
12.08.2021 02:19:21.116,7.78022,7.779730000000001,0.37,0.85
12.08.2021 02:19:21.217,7.78022,7.779739999999999,0.37,0.85
12.08.2021 02:19:21.318,7.78022,7.779800000000001,0.37,0.82
12.08.2021 02:19:21.426,7.78022,7.779810000000001,0.37,0.85
12.08.2021 02:19:21.765,7.780330000000001,7.77979,0.37,0.85
12.08.2021 02:19:25.261,7.780330000000001,7.77979,0.37,1.22
12.08.2021 02:19:27.658,7.780330000000001,7.77979,0.37,0.85
12.08.2021 02:19:28.259,7.780330000000001,7.77979,0.37,0.85
12.08.2021 02:19:30.984,7.78034,7.77979,0.37,1.22
12.08.2021 02:19:31.034,7.78032,7.78002,0.75,0.75
12.08.2021 02:19:31.135,7.780360000000001,7.78007,0.37,0.75
12.08.2021 02:19:31.236,7.780360000000001,7.779960000000001,0.37,0.75
12.08.2021 02:19:31.541,7.780510000000001,7.77999,0.37,0.75
12.08.2021 02:19:31.642,7.780510000000001,7.78,0.37,0.75
12.08.2021 02:19:32.718,7.7805800000000005,7.77999,0.45,0.82
12.08.2021 02:19:32.842,7.7805800000000005,7.780010000000001,0.37,0.75
12.08.2021 02:19:32.946,7.7805800000000005,7.78,0.37,0.75
12.08.2021 02:19:33.097,7.7805800000000005,7.77999,0.37,0.85
12.08.2021 02:19:33.553,7.7805800000000005,7.780010000000001,0.37,0.85
12.08.2021 02:19:33.665,7.7805800000000005,7.780010000000001,0.37,0.85
12.08.2021 02:19:34.177,7.78057,7.780010000000001,0.37,0.85
12.08.2021 02:19:37.168,7.78059,7.780010000000001,0.37,0.85
