Gmt time,Ask,Bid,AskVolume,BidVolume
24.08.2021 00:00:00.057,7.79215,7.79152,0.75,0.37
24.08.2021 00:00:01.057,7.79214,7.79152,0.75,0.37
24.08.2021 00:00:01.415,7.79215,7.79152,0.75,0.47
24.08.2021 00:00:01.617,7.79215,7.79152,0.75,0.47
24.08.2021 00:00:01.744,7.79214,7.79152,0.75,0.47
24.08.2021 00:00:03.201,7.79215,7.79152,0.75,0.47
24.08.2021 00:00:05.587,7.79215,7.79152,0.75,0.47
24.08.2021 00:00:15.987,7.79214,7.791530000000001,0.75,0.47
24.08.2021 00:00:28.860,7.79214,7.791530000000001,0.75,0.45
24.08.2021 00:00:29.520,7.79214,7.791530000000001,0.75,0.47
24.08.2021 00:00:33.333,7.79215,7.79152,0.75,0.47
24.08.2021 00:00:35.300,7.79215,7.791650000000001,0.75,0.37
24.08.2021 00:00:37.122,7.79215,7.7916300000000005,0.75,0.37
24.08.2021 00:00:38.136,7.79215,7.79162,0.75,0.37
24.08.2021 00:01:05.178,7.79215,7.7915399999999995,0.75,0.45
24.08.2021 00:01:26.293,7.792160000000001,7.79152,0.75,1.22
24.08.2021 00:01:26.832,7.792160000000001,7.79152,0.75,2.72
24.08.2021 00:01:27.123,7.79214,7.79152,0.75,1.22
24.08.2021 00:01:27.174,7.79214,7.79152,0.75,1.2
24.08.2021 00:01:27.224,7.79214,7.7915399999999995,0.75,0.37
24.08.2021 00:01:28.274,7.79214,7.79162,0.75,0.37
24.08.2021 00:01:28.353,7.792160000000001,7.79162,0.75,0.37
24.08.2021 00:01:29.075,7.79214,7.79162,0.75,0.37
24.08.2021 00:01:29.238,7.79214,7.791600000000001,0.75,0.37
24.08.2021 00:01:30.927,7.792160000000001,7.791600000000001,0.75,0.37
24.08.2021 00:01:31.028,7.792160000000001,7.791610000000001,0.75,0.37
24.08.2021 00:01:31.120,7.79214,7.791610000000001,0.75,0.37
24.08.2021 00:01:33.234,7.79214,7.79162,0.75,0.37
24.08.2021 00:01:33.505,7.79215,7.79162,0.75,0.37
24.08.2021 00:01:35.374,7.79214,7.79162,0.75,0.37
24.08.2021 00:01:44.116,7.792160000000001,7.79162,0.75,0.37
24.08.2021 00:01:44.260,7.79214,7.79162,0.75,0.37
24.08.2021 00:01:44.776,7.79214,7.7915399999999995,0.75,0.47
24.08.2021 00:01:45.015,7.79214,7.7915399999999995,0.75,0.45
24.08.2021 00:01:45.766,7.79214,7.7915399999999995,0.75,0.47
24.08.2021 00:01:45.816,7.79214,7.791589999999999,0.75,0.37
24.08.2021 00:01:48.267,7.79214,7.791600000000001,0.75,0.37
24.08.2021 00:02:10.192,7.79227,7.791600000000001,0.85,0.37
24.08.2021 00:02:18.008,7.79227,7.791600000000001,0.85,0.37
24.08.2021 00:02:20.288,7.792160000000001,7.791600000000001,0.75,0.37
24.08.2021 00:02:20.539,7.79214,7.791600000000001,0.75,0.37
24.08.2021 00:02:21.333,7.79214,7.7915399999999995,0.75,0.47
24.08.2021 00:02:24.405,7.79214,7.79162,0.75,0.37
24.08.2021 00:02:26.095,7.79214,7.79167,0.75,0.37
24.08.2021 00:02:26.345,7.792160000000001,7.791560000000001,0.75,0.37
24.08.2021 00:02:27.376,7.792160000000001,7.79152,0.75,2.35
24.08.2021 00:02:29.074,7.792160000000001,7.79152,0.75,0.85
24.08.2021 00:02:29.125,7.79214,7.791510000000001,0.75,0.47
24.08.2021 00:02:30.294,7.792160000000001,7.79152,0.75,2.35
24.08.2021 00:02:30.395,7.792160000000001,7.79152,0.75,2.35
24.08.2021 00:02:30.834,7.79214,7.7915,0.75,0.85
24.08.2021 00:02:30.984,7.79214,7.79152,0.75,0.85
24.08.2021 00:02:31.401,7.79214,7.79152,0.75,0.85
24.08.2021 00:02:32.329,7.792260000000001,7.791530000000001,0.37,0.85
24.08.2021 00:02:32.430,7.792180000000001,7.791880000000001,0.75,0.75
24.08.2021 00:02:40.696,7.79219,7.791930000000001,0.75,0.75
24.08.2021 00:02:40.751,7.79224,7.791930000000001,0.75,0.75
24.08.2021 00:02:45.294,7.79224,7.791939999999999,0.75,0.37
24.08.2021 00:02:47.358,7.79224,7.79195,0.75,0.37
24.08.2021 00:02:48.342,7.79224,7.791960000000001,0.75,0.37
24.08.2021 00:02:49.373,7.79224,7.79197,0.75,0.37
24.08.2021 00:02:53.726,7.792410000000001,7.79197,0.75,0.37
24.08.2021 00:02:55.465,7.792410000000001,7.791980000000001,0.75,0.37
24.08.2021 00:03:01.722,7.79224,7.791980000000001,0.75,0.37
24.08.2021 00:03:06.803,7.79224,7.79197,0.75,0.37
24.08.2021 00:03:07.815,7.79224,7.791960000000001,0.75,0.37
24.08.2021 00:03:08.322,7.792330000000001,7.791960000000001,0.75,0.37
24.08.2021 00:03:08.373,7.792330000000001,7.79192,0.75,0.75
24.08.2021 00:03:08.473,7.7923,7.79192,0.75,0.75
24.08.2021 00:03:10.312,7.7924500000000005,7.79192,0.75,0.75
24.08.2021 00:03:10.362,7.7924500000000005,7.791960000000001,0.75,0.75
24.08.2021 00:03:10.413,7.792530000000001,7.791980000000001,0.75,0.75
24.08.2021 00:03:10.463,7.792530000000001,7.791980000000001,0.75,0.85
24.08.2021 00:03:10.564,7.7923,7.79187,0.75,0.85
24.08.2021 00:03:10.614,7.7923,7.79187,0.75,0.75
24.08.2021 00:03:11.366,7.7923,7.79185,0.75,0.75
24.08.2021 00:03:11.470,7.7922899999999995,7.791830000000001,0.75,0.75
24.08.2021 00:03:11.520,7.7922899999999995,7.79192,0.75,0.75
24.08.2021 00:03:11.766,7.7923100000000005,7.79192,0.75,0.75
24.08.2021 00:03:13.845,7.79243,7.79192,0.75,0.75
24.08.2021 00:03:13.896,7.7922899999999995,7.791830000000001,0.75,0.82
24.08.2021 00:03:13.996,7.79247,7.79192,0.75,0.85
24.08.2021 00:03:14.047,7.7922899999999995,7.791830000000001,0.75,0.85
24.08.2021 00:03:14.097,7.792280000000001,7.791810000000001,0.75,0.37
24.08.2021 00:03:14.810,7.792280000000001,7.79173,0.75,0.37
24.08.2021 00:03:18.404,7.792280000000001,7.791760000000001,0.75,0.37
24.08.2021 00:03:19.873,7.792280000000001,7.79173,0.75,0.45
24.08.2021 00:03:21.866,7.792400000000001,7.79173,1.22,0.45
24.08.2021 00:03:21.916,7.792280000000001,7.79173,0.75,0.47
24.08.2021 00:03:22.017,7.7924500000000005,7.79192,0.75,0.75
24.08.2021 00:03:22.067,7.7923100000000005,7.79169,0.75,0.85
24.08.2021 00:03:22.118,7.7922899999999995,7.7917000000000005,0.75,0.85
24.08.2021 00:03:22.231,7.79227,7.79172,0.75,0.75
24.08.2021 00:03:22.440,7.7922899999999995,7.79172,0.75,0.75
24.08.2021 00:03:28.877,7.7922899999999995,7.79173,0.75,0.37
24.08.2021 00:03:29.909,7.79224,7.791930000000001,0.75,0.75
24.08.2021 00:03:31.905,7.79224,7.791939999999999,0.75,0.75
24.08.2021 00:03:49.456,7.79224,7.79195,0.75,0.37
24.08.2021 00:03:50.460,7.79224,7.791960000000001,0.75,0.37
24.08.2021 00:03:56.073,7.79224,7.791939999999999,0.75,0.75
24.08.2021 00:03:56.525,7.79222,7.791939999999999,0.37,0.75
24.08.2021 00:04:01.587,7.79222,7.79192,0.37,0.75
24.08.2021 00:04:01.924,7.79222,7.791939999999999,0.37,0.75
24.08.2021 00:04:04.965,7.79227,7.791939999999999,0.75,0.75
24.08.2021 00:04:05.066,7.79243,7.79192,0.75,2.25
24.08.2021 00:04:12.714,7.79237,7.79192,0.37,2.25
24.08.2021 00:04:33.481,7.79237,7.79197,0.37,0.37
24.08.2021 00:04:44.160,7.79237,7.79192,0.37,0.75
24.08.2021 00:05:12.680,7.79239,7.79192,0.75,0.75
24.08.2021 00:05:18.728,7.79232,7.79192,0.37,0.75
24.08.2021 00:05:31.394,7.7923800000000005,7.791960000000001,0.75,0.37
24.08.2021 00:05:31.444,7.792339999999999,7.79204,0.75,0.75
24.08.2021 00:05:31.765,7.792350000000001,7.79204,0.75,0.75
24.08.2021 00:05:33.348,7.79237,7.79204,0.75,0.75
24.08.2021 00:05:33.449,7.792530000000001,7.79202,0.37,0.75
24.08.2021 00:05:33.549,7.79257,7.79204,0.75,0.85
24.08.2021 00:05:33.650,7.792630000000001,7.79208,0.75,0.85
24.08.2021 00:05:33.809,7.792630000000001,7.79208,0.75,0.85
24.08.2021 00:05:34.054,7.792630000000001,7.79208,0.75,0.85
24.08.2021 00:05:34.450,7.792630000000001,7.79209,0.75,0.85
24.08.2021 00:05:39.315,7.792630000000001,7.79209,0.75,0.85
24.08.2021 00:05:40.185,7.79264,7.79209,0.75,0.85
24.08.2021 00:05:40.699,7.79264,7.79208,0.75,0.85
24.08.2021 00:05:46.494,7.79264,7.79214,0.75,0.47
24.08.2021 00:05:47.777,7.79264,7.7921700000000005,0.75,0.37
24.08.2021 00:05:50.199,7.79264,7.792230000000001,0.75,0.37
24.08.2021 00:06:02.558,7.79265,7.792230000000001,0.75,0.37
24.08.2021 00:06:08.256,7.792660000000001,7.792230000000001,0.75,0.37
24.08.2021 00:06:08.417,7.792680000000001,7.792230000000001,0.75,0.37
24.08.2021 00:06:08.517,7.792680000000001,7.79212,0.75,0.47
24.08.2021 00:06:18.309,7.792680000000001,7.79208,0.75,0.47
24.08.2021 00:06:25.853,7.7927,7.79208,0.75,0.47
24.08.2021 00:06:25.954,7.792710000000001,7.79208,0.75,0.47
24.08.2021 00:06:30.309,7.792710000000001,7.792110000000001,0.75,0.47
24.08.2021 00:06:34.120,7.792680000000001,7.792110000000001,0.75,0.47
24.08.2021 00:06:52.368,7.792680000000001,7.792050000000001,0.75,0.85
24.08.2021 00:06:52.617,7.792680000000001,7.792050000000001,0.82,0.85
24.08.2021 00:06:52.864,7.792680000000001,7.792050000000001,0.85,0.85
24.08.2021 00:06:57.322,7.79272,7.79209,0.47,0.47
24.08.2021 00:07:01.398,7.792580000000001,7.7920300000000005,0.37,0.47
24.08.2021 00:07:04.095,7.792580000000001,7.7920300000000005,0.37,0.47
24.08.2021 00:07:42.432,7.792580000000001,7.7920300000000005,0.37,0.47
24.08.2021 00:07:44.909,7.792680000000001,7.79204,0.82,0.47
24.08.2021 00:08:01.464,7.792680000000001,7.79204,0.82,0.47
24.08.2021 00:08:38.576,7.792680000000001,7.79204,0.75,0.47
24.08.2021 00:09:19.741,7.79264,7.79202,0.75,3.1
24.08.2021 00:09:21.809,7.79264,7.79215,0.75,0.37
24.08.2021 00:09:53.266,7.79264,7.792160000000001,0.75,0.37
24.08.2021 00:10:00.279,7.79264,7.79209,0.75,0.37
24.08.2021 00:10:32.876,7.792680000000001,7.79209,0.75,0.37
24.08.2021 00:11:02.542,7.792680000000001,7.79202,0.75,0.75
24.08.2021 00:12:05.112,7.792680000000001,7.79202,0.75,0.75
24.08.2021 00:12:08.615,7.792680000000001,7.79202,0.75,0.85
24.08.2021 00:12:50.391,7.792680000000001,7.79227,0.37,0.75
24.08.2021 00:12:50.441,7.792710000000001,7.79212,0.82,0.47
24.08.2021 00:12:50.492,7.792710000000001,7.79212,0.75,0.37
24.08.2021 00:12:50.593,7.792730000000001,7.7920300000000005,0.82,0.85
24.08.2021 00:12:50.694,7.792730000000001,7.792050000000001,0.75,0.85
24.08.2021 00:12:50.794,7.792730000000001,7.792050000000001,0.75,0.85
24.08.2021 00:12:50.945,7.792750000000001,7.79207,0.82,0.85
24.08.2021 00:12:51.125,7.792750000000001,7.79207,0.75,0.85
24.08.2021 00:12:51.273,7.792750000000001,7.79207,0.75,0.85
24.08.2021 00:12:51.323,7.79272,7.792050000000001,0.75,0.85
24.08.2021 00:12:51.424,7.792680000000001,7.792050000000001,0.75,0.85
24.08.2021 00:12:51.577,7.792680000000001,7.792050000000001,0.75,0.85
24.08.2021 00:12:51.913,7.792680000000001,7.792050000000001,0.75,0.85
24.08.2021 00:12:52.192,7.792680000000001,7.792050000000001,0.75,0.85
24.08.2021 00:12:53.869,7.792680000000001,7.79207,0.75,0.47
24.08.2021 00:12:53.970,7.792630000000001,7.7923,0.75,0.75
24.08.2021 00:12:55.923,7.792630000000001,7.792360000000001,0.75,0.37
24.08.2021 00:12:55.973,7.7927800000000005,7.7924500000000005,1.12,0.75
24.08.2021 00:13:02.308,7.7927800000000005,7.7925,0.75,0.75
24.08.2021 00:13:07.400,7.792730000000001,7.79243,0.75,0.37
24.08.2021 00:13:07.451,7.792730000000001,7.792410000000001,0.75,0.37
24.08.2021 00:13:08.689,7.792730000000001,7.792400000000001,0.75,0.75
24.08.2021 00:13:12.263,7.792680000000001,7.792350000000001,0.75,0.75
24.08.2021 00:13:13.881,7.792630000000001,7.7923,0.75,0.75
24.08.2021 00:13:15.314,7.792580000000001,7.79227,0.75,0.37
24.08.2021 00:13:15.364,7.792630000000001,7.7923,0.75,0.75
24.08.2021 00:13:18.663,7.79262,7.7923,0.37,0.75
24.08.2021 00:13:21.309,7.792680000000001,7.792339999999999,0.75,0.75
24.08.2021 00:13:21.359,7.792580000000001,7.7922899999999995,0.75,0.37
24.08.2021 00:13:21.410,7.792680000000001,7.7922899999999995,0.75,0.37
24.08.2021 00:13:21.816,7.792630000000001,7.7923,0.75,0.75
24.08.2021 00:14:14.767,7.792730000000001,7.792280000000001,0.75,0.37
24.08.2021 00:14:14.818,7.792730000000001,7.79224,0.75,0.37
24.08.2021 00:14:15.774,7.7927,7.79224,0.37,0.37
24.08.2021 00:14:17.367,7.7927,7.79225,0.37,0.37
24.08.2021 00:14:21.916,7.792630000000001,7.7923,0.75,0.75
24.08.2021 00:21:47.067,7.792750000000001,7.792360000000001,0.37,0.75
24.08.2021 00:21:47.118,7.792750000000001,7.79244,0.37,0.75
24.08.2021 00:21:47.221,7.792810000000001,7.792460000000001,0.37,0.75
24.08.2021 00:21:47.422,7.792810000000001,7.79249,0.37,0.75
24.08.2021 00:21:47.755,7.7927800000000005,7.79249,0.75,0.75
24.08.2021 00:21:54.784,7.79272,7.792400000000001,0.75,0.37
24.08.2021 00:21:55.755,7.79272,7.79239,0.75,0.75
24.08.2021 00:22:08.022,7.79262,7.792339999999999,0.75,0.37
24.08.2021 00:22:08.570,7.79262,7.7922899999999995,0.75,0.75
24.08.2021 00:22:20.758,7.79262,7.792350000000001,0.75,0.37
24.08.2021 00:22:23.819,7.79262,7.79237,0.75,0.37
24.08.2021 00:22:23.981,7.79267,7.79237,0.75,0.37
24.08.2021 00:22:24.821,7.79267,7.79239,0.75,0.37
24.08.2021 00:22:38.436,7.7926899999999995,7.79239,0.37,0.37
24.08.2021 00:23:05.725,7.79262,7.79239,0.75,0.37
24.08.2021 00:23:24.998,7.79262,7.7922899999999995,0.75,0.75
24.08.2021 00:23:27.428,7.79265,7.792160000000001,0.75,0.85
24.08.2021 00:23:27.479,7.79265,7.79232,0.75,0.37
24.08.2021 00:23:27.890,7.79262,7.79232,0.37,0.37
24.08.2021 00:23:42.923,7.792610000000001,7.792330000000001,0.37,0.37
24.08.2021 00:24:15.764,7.7926,7.7922899999999995,0.37,0.75
24.08.2021 00:24:17.823,7.79267,7.792339999999999,1.12,0.75
24.08.2021 00:24:17.974,7.79264,7.792339999999999,0.75,0.75
24.08.2021 00:24:36.385,7.79264,7.7923800000000005,0.75,0.37
24.08.2021 00:24:47.787,7.79267,7.7923800000000005,0.75,0.37
24.08.2021 00:26:05.762,7.79267,7.792339999999999,0.75,0.75
24.08.2021 00:28:11.043,7.7926,7.792260000000001,0.75,0.47
24.08.2021 00:28:11.198,7.7926,7.792260000000001,0.75,0.47
24.08.2021 00:28:15.309,7.7926,7.792280000000001,0.75,0.82
24.08.2021 00:28:24.324,7.792680000000001,7.792350000000001,2.62,0.75
24.08.2021 00:28:28.347,7.792680000000001,7.792360000000001,2.25,0.37
24.08.2021 00:29:28.513,7.792680000000001,7.792350000000001,2.25,0.75
24.08.2021 00:29:39.953,7.79267,7.792400000000001,0.75,0.75
24.08.2021 00:29:40.104,7.79267,7.792350000000001,0.75,1.12
24.08.2021 00:29:41.287,7.79264,7.792350000000001,0.75,0.75
24.08.2021 00:29:41.438,7.79262,7.792350000000001,0.75,0.75
24.08.2021 00:29:41.646,7.792610000000001,7.792350000000001,0.37,0.75
24.08.2021 00:29:42.649,7.79264,7.792350000000001,1.12,0.75
24.08.2021 00:29:54.699,7.792660000000001,7.79232,0.75,0.37
24.08.2021 00:29:55.631,7.792660000000001,7.792360000000001,0.75,0.37
24.08.2021 00:29:57.665,7.792730000000001,7.792400000000001,2.72,0.75
24.08.2021 00:29:57.816,7.792730000000001,7.79242,2.62,0.75
24.08.2021 00:29:58.652,7.79272,7.79242,0.37,0.75
24.08.2021 00:29:58.753,7.792710000000001,7.79242,0.37,0.75
24.08.2021 00:29:59.313,7.792710000000001,7.7924500000000005,0.37,0.75
24.08.2021 00:29:59.414,7.792710000000001,7.79255,0.37,0.75
24.08.2021 00:29:59.515,7.7927,7.792400000000001,0.75,0.47
24.08.2021 00:29:59.616,7.7927,7.792400000000001,0.75,0.47
24.08.2021 00:29:59.771,7.7927,7.79243,0.75,0.75
24.08.2021 00:30:06.815,7.7927,7.792400000000001,0.75,0.37
24.08.2021 00:30:07.188,7.79282,7.79242,0.85,0.75
24.08.2021 00:30:07.239,7.79282,7.792460000000001,0.75,0.75
24.08.2021 00:30:07.344,7.79283,7.79243,0.75,1.6
24.08.2021 00:30:07.448,7.79283,7.79243,0.75,1.6
24.08.2021 00:30:07.647,7.79283,7.7925,0.75,0.37
24.08.2021 00:30:08.638,7.792760000000001,7.7925,0.75,0.37
24.08.2021 00:30:08.739,7.792750000000001,7.79244,0.75,0.75
24.08.2021 00:30:08.840,7.792760000000001,7.79244,2.25,0.75
24.08.2021 00:30:09.102,7.792750000000001,7.79244,0.75,0.75
24.08.2021 00:30:14.197,7.792710000000001,7.79239,0.75,0.75
24.08.2021 00:30:15.705,7.792730000000001,7.79244,0.75,0.75
24.08.2021 00:30:15.756,7.792750000000001,7.79244,0.75,0.75
24.08.2021 00:30:16.761,7.79274,7.79244,0.37,0.75
24.08.2021 00:30:17.754,7.792750000000001,7.79244,1.12,0.75
24.08.2021 00:30:22.802,7.79274,7.79244,0.37,0.75
24.08.2021 00:30:24.499,7.792730000000001,7.79244,0.37,0.75
24.08.2021 00:30:25.735,7.792750000000001,7.79244,1.12,0.75
24.08.2021 00:30:36.897,7.792750000000001,7.7923800000000005,1.12,0.45
24.08.2021 00:30:37.761,7.79274,7.7923800000000005,0.37,0.45
24.08.2021 00:30:38.908,7.7927,7.7923800000000005,0.37,0.45
24.08.2021 00:30:45.808,7.7927,7.79244,0.37,0.75
24.08.2021 00:31:40.122,7.79272,7.79242,0.37,0.75
24.08.2021 00:31:43.046,7.792730000000001,7.79242,0.37,0.75
24.08.2021 00:31:45.052,7.79272,7.79242,0.37,0.75
24.08.2021 00:31:45.893,7.79272,7.79244,0.37,0.75
24.08.2021 00:31:46.055,7.792730000000001,7.79244,0.37,0.75
24.08.2021 00:31:48.060,7.79272,7.79244,0.37,0.75
24.08.2021 00:31:50.068,7.792730000000001,7.79244,0.37,0.75
24.08.2021 00:31:52.070,7.79272,7.79244,0.37,0.75
24.08.2021 00:31:53.075,7.792730000000001,7.79244,0.37,0.75
24.08.2021 00:31:55.082,7.79272,7.79244,0.37,0.75
24.08.2021 00:31:57.118,7.792730000000001,7.79244,0.37,0.75
24.08.2021 00:31:59.098,7.79272,7.79244,0.37,0.75
24.08.2021 00:32:01.106,7.792730000000001,7.79244,0.37,0.75
24.08.2021 00:32:03.113,7.79272,7.79244,0.37,0.75
24.08.2021 00:32:04.933,7.792750000000001,7.79244,0.37,0.75
24.08.2021 00:36:33.712,7.792660000000001,7.7923800000000005,0.75,0.47
24.08.2021 00:36:33.813,7.792760000000001,7.79243,2.32,0.75
24.08.2021 00:36:34.484,7.79274,7.79243,0.37,0.75
24.08.2021 00:36:49.807,7.79272,7.79243,0.37,0.75
24.08.2021 00:36:50.811,7.792730000000001,7.79243,0.37,0.75
24.08.2021 00:36:51.818,7.79272,7.79243,0.37,0.75
24.08.2021 00:36:53.082,7.79272,7.7923800000000005,0.37,0.47
24.08.2021 00:36:53.822,7.792730000000001,7.7923800000000005,0.37,0.47
24.08.2021 00:36:55.829,7.79272,7.7923800000000005,0.37,0.47
24.08.2021 00:36:57.864,7.792730000000001,7.7923800000000005,0.37,0.47
24.08.2021 00:36:59.847,7.79272,7.7923800000000005,0.37,0.47
24.08.2021 00:37:01.851,7.792730000000001,7.7923800000000005,0.37,0.47
24.08.2021 00:37:02.856,7.79272,7.7923800000000005,0.37,0.47
24.08.2021 00:37:04.051,7.79272,7.79243,0.37,0.75
24.08.2021 00:37:04.860,7.792730000000001,7.79243,0.37,0.75
24.08.2021 00:37:06.869,7.79272,7.79243,0.37,0.75
24.08.2021 00:37:08.877,7.792730000000001,7.79243,0.37,0.75
24.08.2021 00:37:10.904,7.79272,7.79243,0.37,0.75
24.08.2021 00:37:12.891,7.792730000000001,7.79243,0.37,0.75
24.08.2021 00:37:13.893,7.79272,7.79243,0.37,0.75
24.08.2021 00:37:15.898,7.792730000000001,7.79243,0.37,0.75
24.08.2021 00:37:17.907,7.79272,7.79243,0.37,0.75
24.08.2021 00:37:19.909,7.792730000000001,7.79243,0.37,0.75
24.08.2021 00:37:20.914,7.79272,7.79243,0.37,0.75
24.08.2021 00:37:22.954,7.792730000000001,7.79243,0.37,0.75
24.08.2021 00:37:24.934,7.79272,7.79243,0.37,0.75
24.08.2021 00:37:26.939,7.792730000000001,7.79243,0.37,0.75
24.08.2021 00:37:28.947,7.79272,7.79243,0.37,0.75
24.08.2021 00:37:30.956,7.792730000000001,7.79243,0.37,0.75
24.08.2021 00:37:31.959,7.79272,7.79243,0.37,0.75
24.08.2021 00:37:33.968,7.792730000000001,7.79243,0.37,0.75
24.08.2021 00:37:35.977,7.79272,7.79243,0.37,0.75
24.08.2021 00:37:37.984,7.792730000000001,7.79243,0.37,0.75
24.08.2021 00:37:39.990,7.79272,7.79243,0.37,0.75
24.08.2021 00:37:41.999,7.792730000000001,7.79243,0.37,0.75
24.08.2021 00:37:43.002,7.79272,7.79243,0.37,0.75
24.08.2021 00:37:45.008,7.792730000000001,7.79243,0.37,0.75
24.08.2021 00:37:47.049,7.79272,7.79243,0.37,0.75
24.08.2021 00:37:49.030,7.792730000000001,7.79243,0.37,0.75
24.08.2021 00:37:50.025,7.79272,7.79243,0.37,0.75
24.08.2021 00:37:52.031,7.792730000000001,7.79243,0.37,0.75
24.08.2021 00:37:54.038,7.79272,7.79243,0.37,0.75
24.08.2021 00:37:56.051,7.792730000000001,7.79243,0.37,0.75
24.08.2021 00:37:58.062,7.79272,7.79243,0.37,0.75
24.08.2021 00:38:00.069,7.792730000000001,7.79243,0.37,0.75
24.08.2021 00:38:01.072,7.79272,7.79243,0.37,0.75
24.08.2021 00:38:03.662,7.792730000000001,7.79243,0.37,0.75
24.08.2021 00:38:04.815,7.7926899999999995,7.79243,0.75,0.75
24.08.2021 00:38:04.866,7.792660000000001,7.79237,0.75,0.37
24.08.2021 00:38:04.967,7.792660000000001,7.792339999999999,0.75,1.12
24.08.2021 00:38:05.018,7.792610000000001,7.792339999999999,0.75,0.37
24.08.2021 00:38:05.169,7.792560000000001,7.79224,2.25,0.75
24.08.2021 00:38:05.270,7.792510000000001,7.79219,0.75,0.75
24.08.2021 00:38:23.005,7.79254,7.79214,0.82,0.47
24.08.2021 00:38:33.385,7.79255,7.79214,0.82,0.47
24.08.2021 00:38:35.518,7.792510000000001,7.79219,0.75,0.75
24.08.2021 00:38:50.077,7.7924500000000005,7.79219,0.37,0.75
24.08.2021 00:38:51.526,7.792460000000001,7.79219,0.37,0.75
24.08.2021 00:38:52.568,7.7924500000000005,7.79214,0.37,0.75
24.08.2021 00:38:52.669,7.7924500000000005,7.79202,0.37,0.47
24.08.2021 00:38:52.919,7.7924500000000005,7.79202,0.37,0.37
24.08.2021 00:38:54.063,7.792460000000001,7.791980000000001,0.37,1.22
24.08.2021 00:38:57.064,7.79247,7.791980000000001,0.37,0.85
24.08.2021 00:38:58.139,7.79247,7.791980000000001,0.37,0.85
24.08.2021 00:38:58.665,7.79247,7.791980000000001,0.37,0.85
24.08.2021 00:39:01.100,7.79247,7.791980000000001,0.37,0.85
24.08.2021 00:39:01.565,7.79248,7.791980000000001,0.37,0.85
24.08.2021 00:39:09.129,7.792530000000001,7.792010000000001,1.12,0.47
24.08.2021 00:39:12.197,7.792530000000001,7.79202,0.75,0.47
24.08.2021 00:39:13.202,7.79254,7.79202,1.12,0.47
24.08.2021 00:39:13.303,7.79254,7.79202,1.12,0.47
24.08.2021 00:39:14.300,7.792560000000001,7.79204,0.45,1.22
24.08.2021 00:39:14.351,7.79255,7.79224,0.75,0.75
24.08.2021 00:39:16.129,7.7925,7.79219,0.75,0.75
24.08.2021 00:39:18.930,7.7924500000000005,7.79214,0.75,0.82
24.08.2021 00:39:20.012,7.792400000000001,7.79209,0.75,0.75
24.08.2021 00:39:20.364,7.792350000000001,7.79204,0.75,0.82
24.08.2021 00:39:20.632,7.7923,7.79199,0.75,0.75
24.08.2021 00:39:24.174,7.79222,7.79199,0.37,0.75
24.08.2021 00:39:24.275,7.792160000000001,7.791939999999999,0.37,0.75
24.08.2021 00:39:24.756,7.79225,7.791939999999999,0.75,0.75
24.08.2021 00:39:27.494,7.7923800000000005,7.79202,0.85,0.75
24.08.2021 00:39:27.594,7.792350000000001,7.79204,0.75,0.75
24.08.2021 00:39:27.714,7.7923,7.79199,0.75,0.75
24.08.2021 00:39:27.885,7.79225,7.791939999999999,0.75,0.75
24.08.2021 00:39:29.454,7.792160000000001,7.7918899999999995,0.37,0.75
24.08.2021 00:39:30.912,7.79212,7.7918899999999995,0.37,0.75
24.08.2021 00:39:32.412,7.79213,7.7918899999999995,0.37,0.75
24.08.2021 00:39:33.337,7.79215,7.7918899999999995,0.37,0.75
24.08.2021 00:39:36.307,7.792160000000001,7.7918899999999995,0.37,0.75
24.08.2021 00:39:37.298,7.792180000000001,7.7918899999999995,0.37,0.75
24.08.2021 00:39:38.757,7.79219,7.7918899999999995,1.12,0.75
24.08.2021 00:39:46.266,7.79213,7.79184,0.75,0.75
24.08.2021 00:39:47.340,7.7922,7.79175,0.37,0.37
24.08.2021 00:39:47.491,7.79219,7.79175,0.37,0.37
24.08.2021 00:39:47.876,7.79219,7.79172,0.37,0.45
24.08.2021 00:39:48.880,7.79219,7.79173,0.37,0.37
24.08.2021 00:39:49.884,7.79219,7.79172,0.37,0.45
24.08.2021 00:39:52.624,7.792110000000001,7.79172,0.37,0.37
24.08.2021 00:39:52.887,7.792110000000001,7.791710000000001,0.37,0.37
24.08.2021 00:39:53.890,7.792110000000001,7.79172,0.37,0.37
24.08.2021 00:39:54.889,7.792110000000001,7.7917000000000005,0.37,0.37
24.08.2021 00:40:05.397,7.792110000000001,7.791710000000001,0.37,0.37
24.08.2021 00:40:06.400,7.792110000000001,7.79172,0.37,0.37
24.08.2021 00:40:07.410,7.792110000000001,7.79182,0.37,0.37
24.08.2021 00:40:14.441,7.792110000000001,7.79172,0.37,0.37
24.08.2021 00:40:15.421,7.792110000000001,7.791710000000001,0.37,0.37
24.08.2021 00:40:22.446,7.792110000000001,7.791810000000001,0.37,0.37
24.08.2021 00:40:57.156,7.79213,7.791810000000001,0.37,0.37
24.08.2021 00:40:57.691,7.79212,7.79174,0.37,0.37
24.08.2021 00:40:57.791,7.79215,7.79169,1.12,0.37
24.08.2021 00:40:58.071,7.79215,7.79172,0.37,0.75
24.08.2021 00:41:03.032,7.79208,7.79179,0.37,0.75
24.08.2021 00:41:04.513,7.79209,7.79179,0.75,0.75
24.08.2021 00:41:09.088,7.79207,7.79179,0.37,0.75
24.08.2021 00:41:40.012,7.79204,7.79179,0.37,0.75
24.08.2021 00:41:40.818,7.792060000000001,7.79179,0.37,0.75
24.08.2021 00:41:42.318,7.79209,7.79179,1.12,0.75
24.08.2021 00:41:42.542,7.79204,7.79174,0.75,0.75
24.08.2021 00:41:48.141,7.79208,7.79179,0.37,0.75
24.08.2021 00:41:48.883,7.79209,7.79179,0.75,0.75
24.08.2021 00:41:56.816,7.79213,7.79172,1.12,0.75
24.08.2021 00:41:58.052,7.79213,7.79168,0.75,0.85
24.08.2021 00:41:58.142,7.792110000000001,7.7917000000000005,0.37,0.37
24.08.2021 00:41:59.144,7.79212,7.79168,0.37,0.85
24.08.2021 00:42:00.145,7.792110000000001,7.79169,0.37,0.45
24.08.2021 00:42:08.140,7.792110000000001,7.79172,0.37,0.75
24.08.2021 00:42:11.876,7.792110000000001,7.79169,0.37,0.47
24.08.2021 00:42:11.981,7.792110000000001,7.79172,0.37,0.75
24.08.2021 00:42:13.171,7.7921000000000005,7.79172,0.37,0.75
24.08.2021 00:42:13.309,7.7921000000000005,7.7917000000000005,0.37,0.37
24.08.2021 00:42:15.175,7.792110000000001,7.79169,0.37,0.45
24.08.2021 00:42:18.460,7.79209,7.79179,0.75,0.75
24.08.2021 00:42:19.836,7.79208,7.79179,0.37,0.75
24.08.2021 00:42:19.887,7.79204,7.79174,0.75,0.75
24.08.2021 00:42:25.200,7.79209,7.79179,0.75,0.75
24.08.2021 00:42:35.708,7.79204,7.79174,0.75,0.75
24.08.2021 00:42:46.377,7.79209,7.79179,0.75,0.75
24.08.2021 00:42:57.137,7.79208,7.79179,0.37,0.75
24.08.2021 00:42:57.187,7.79204,7.79174,0.75,0.75
24.08.2021 00:43:06.303,7.79199,7.79174,0.37,0.75
24.08.2021 00:43:09.819,7.79199,7.791710000000001,0.37,0.37
24.08.2021 00:43:12.291,7.791980000000001,7.79172,0.37,0.37
24.08.2021 00:43:14.789,7.792010000000001,7.7917000000000005,0.37,0.37
24.08.2021 00:43:16.211,7.792010000000001,7.79169,0.37,0.37
24.08.2021 00:43:27.437,7.792010000000001,7.79174,0.37,0.75
24.08.2021 00:43:28.477,7.79199,7.79169,0.75,0.75
24.08.2021 00:43:38.840,7.79202,7.79162,0.37,0.75
24.08.2021 00:43:58.614,7.79199,7.79169,0.75,0.75
24.08.2021 00:44:06.801,7.79204,7.79174,1.12,0.75
24.08.2021 00:44:08.139,7.79207,7.79179,0.37,0.75
24.08.2021 00:44:08.240,7.79213,7.79184,0.37,0.75
24.08.2021 00:44:09.078,7.79214,7.79184,0.75,0.75
24.08.2021 00:44:09.961,7.7921700000000005,7.7918899999999995,0.37,0.75
24.08.2021 00:44:10.011,7.792160000000001,7.79184,0.75,0.75
24.08.2021 00:44:10.070,7.79214,7.79184,0.75,0.75
24.08.2021 00:44:11.942,7.792180000000001,7.7918899999999995,0.37,0.75
24.08.2021 00:44:12.951,7.79219,7.7918899999999995,0.75,0.75
24.08.2021 00:44:13.778,7.79219,7.7919,0.75,0.37
24.08.2021 00:44:13.879,7.7922,7.7919,0.75,1.22
24.08.2021 00:44:13.979,7.7922899999999995,7.79199,0.75,0.75
24.08.2021 00:44:16.208,7.792339999999999,7.79204,0.75,0.75
24.08.2021 00:44:19.110,7.7923800000000005,7.79208,0.37,0.75
24.08.2021 00:44:19.160,7.79244,7.79208,1.12,0.75
24.08.2021 00:44:19.261,7.79244,7.79214,1.12,0.75
24.08.2021 00:44:21.391,7.792460000000001,7.7922,0.37,0.75
24.08.2021 00:44:21.442,7.79249,7.7922,1.12,0.75
24.08.2021 00:44:22.431,7.79248,7.7922,0.37,0.75
24.08.2021 00:44:22.718,7.79248,7.79224,0.37,0.75
24.08.2021 00:44:22.769,7.79248,7.79219,0.37,0.75
24.08.2021 00:44:23.440,7.79249,7.79219,1.12,0.75
24.08.2021 00:44:24.980,7.79247,7.79219,0.37,0.75
24.08.2021 00:44:25.982,7.792460000000001,7.79219,0.37,0.75
24.08.2021 00:44:30.000,7.79247,7.79219,0.37,0.75
24.08.2021 00:44:31.003,7.792460000000001,7.79219,0.37,0.75
24.08.2021 00:44:34.018,7.79247,7.79219,0.37,0.75
24.08.2021 00:44:35.003,7.79239,7.79209,0.75,0.75
24.08.2021 00:44:36.012,7.792339999999999,7.79204,0.75,0.75
24.08.2021 00:44:41.521,7.7922899999999995,7.79199,0.75,0.75
24.08.2021 00:44:45.247,7.792339999999999,7.79204,1.5,0.75
24.08.2021 00:44:46.763,7.7923800000000005,7.79209,0.37,0.75
24.08.2021 00:44:47.230,7.79239,7.79209,0.75,0.75
24.08.2021 00:44:48.903,7.792410000000001,7.79214,0.37,0.75
24.08.2021 00:44:49.487,7.79243,7.79214,0.37,0.75
24.08.2021 00:44:50.352,7.79244,7.79214,1.12,0.75
24.08.2021 00:44:50.490,7.79243,7.79214,0.37,0.75
24.08.2021 00:44:51.489,7.79244,7.79214,1.12,0.75
24.08.2021 00:44:51.962,7.79248,7.79219,0.37,0.75
24.08.2021 00:44:52.063,7.79247,7.79219,0.37,0.75
24.08.2021 00:44:53.498,7.792460000000001,7.79219,0.37,0.75
24.08.2021 00:44:58.049,7.792460000000001,7.79219,0.47,0.75
24.08.2021 00:45:01.866,7.79244,7.792180000000001,0.75,0.75
24.08.2021 00:45:02.254,7.792339999999999,7.79208,0.75,0.75
24.08.2021 00:45:05.827,7.7922899999999995,7.7920300000000005,0.75,0.75
24.08.2021 00:45:05.928,7.79224,7.791980000000001,0.75,0.75
24.08.2021 00:45:09.837,7.79219,7.791930000000001,0.75,0.75
24.08.2021 00:45:14.156,7.79214,7.791880000000001,0.75,0.75
24.08.2021 00:45:14.207,7.79225,7.791810000000001,0.85,0.75
24.08.2021 00:45:14.257,7.79214,7.791880000000001,0.75,0.75
24.08.2021 00:45:23.227,7.79209,7.791830000000001,0.75,0.75
24.08.2021 00:45:23.378,7.79204,7.791780000000001,0.75,0.75
24.08.2021 00:45:32.052,7.79209,7.7918,0.82,0.75
24.08.2021 00:45:32.254,7.79209,7.791830000000001,0.75,0.75
24.08.2021 00:45:59.969,7.79204,7.791780000000001,0.75,0.75
24.08.2021 00:46:05.250,7.79209,7.791830000000001,0.75,0.75
24.08.2021 00:46:06.723,7.79204,7.791780000000001,0.75,0.75
24.08.2021 00:46:06.773,7.79204,7.791760000000001,0.75,0.75
24.08.2021 00:46:12.662,7.79199,7.79173,0.75,0.75
24.08.2021 00:46:12.774,7.79204,7.791780000000001,0.75,0.75
24.08.2021 00:46:15.708,7.79199,7.79173,0.75,0.75
24.08.2021 00:46:15.759,7.79199,7.7917000000000005,0.75,0.75
24.08.2021 00:46:27.963,7.791939999999999,7.79168,0.75,0.75
24.08.2021 00:46:28.013,7.79199,7.7917000000000005,0.85,0.75
24.08.2021 00:46:28.114,7.79199,7.7917000000000005,0.82,0.75
24.08.2021 00:46:33.312,7.791939999999999,7.79168,0.75,0.75
24.08.2021 00:46:35.492,7.79204,7.7917000000000005,0.85,0.75
24.08.2021 00:46:35.543,7.79204,7.791780000000001,0.85,0.75
24.08.2021 00:46:35.593,7.79204,7.791780000000001,0.85,0.75
24.08.2021 00:46:35.694,7.79204,7.791780000000001,0.75,0.75
24.08.2021 00:46:37.298,7.79199,7.79173,0.75,0.75
24.08.2021 00:46:37.417,7.79204,7.791780000000001,0.75,0.75
24.08.2021 00:46:43.298,7.79199,7.79173,0.75,0.75
24.08.2021 00:46:46.186,7.791939999999999,7.79168,0.75,0.75
24.08.2021 00:46:46.292,7.79199,7.79173,0.85,0.75
24.08.2021 00:46:46.343,7.79199,7.79173,0.75,0.75
24.08.2021 00:46:52.642,7.791939999999999,7.79168,0.75,0.75
24.08.2021 00:46:59.851,7.79202,7.7916300000000005,0.85,0.37
24.08.2021 00:47:00.471,7.7920300000000005,7.7916300000000005,1.6,0.37
24.08.2021 00:47:01.933,7.7920300000000005,7.79164,1.6,0.37
24.08.2021 00:47:02.186,7.7920300000000005,7.79164,1.6,0.37
24.08.2021 00:47:05.362,7.79195,7.791580000000001,0.85,0.75
24.08.2021 00:47:05.499,7.79195,7.79157,0.85,0.75
24.08.2021 00:47:05.600,7.792000000000001,7.791600000000001,0.85,0.75
24.08.2021 00:47:07.850,7.7918899999999995,7.7916300000000005,2.25,0.75
24.08.2021 00:47:07.951,7.791930000000001,7.79164,0.85,0.75
24.08.2021 00:47:08.001,7.791939999999999,7.79164,0.85,0.75
24.08.2021 00:47:08.052,7.791939999999999,7.79164,0.85,0.75
24.08.2021 00:47:09.453,7.791939999999999,7.79164,0.85,0.75
24.08.2021 00:47:09.556,7.791939999999999,7.79164,0.85,0.75
24.08.2021 00:47:09.808,7.791939999999999,7.79164,0.85,0.75
24.08.2021 00:47:11.635,7.7918899999999995,7.7916300000000005,0.75,0.75
24.08.2021 00:47:11.786,7.791939999999999,7.79164,0.85,0.75
24.08.2021 00:47:11.886,7.791939999999999,7.79164,0.85,0.75
24.08.2021 00:47:20.297,7.791939999999999,7.79164,0.82,0.75
24.08.2021 00:47:21.228,7.79202,7.79155,0.37,0.47
24.08.2021 00:47:24.508,7.79199,7.79164,0.75,0.75
24.08.2021 00:47:24.609,7.79199,7.7917000000000005,0.75,0.75
24.08.2021 00:47:24.716,7.79199,7.79172,0.75,0.75
24.08.2021 00:47:25.095,7.79199,7.7917000000000005,0.75,0.75
24.08.2021 00:47:26.593,7.79199,7.79172,0.75,0.75
24.08.2021 00:47:30.981,7.79199,7.79172,0.75,0.85
24.08.2021 00:47:39.262,7.79204,7.7917000000000005,1.12,1.22
24.08.2021 00:47:39.312,7.79204,7.791780000000001,1.12,0.75
24.08.2021 00:47:39.413,7.79209,7.7918,0.75,0.85
24.08.2021 00:47:39.463,7.79209,7.79182,0.75,0.85
24.08.2021 00:47:39.695,7.79209,7.79182,0.75,0.82
24.08.2021 00:47:48.277,7.79215,7.791760000000001,0.75,0.47
24.08.2021 00:47:48.428,7.79204,7.791780000000001,0.75,0.85
24.08.2021 00:47:48.596,7.79209,7.7918,0.75,0.82
24.08.2021 00:47:48.920,7.79209,7.7918,0.75,0.85
24.08.2021 00:47:51.378,7.79209,7.7918,0.75,0.85
24.08.2021 00:47:54.749,7.79209,7.7918,0.75,0.85
24.08.2021 00:48:00.277,7.79204,7.79174,0.75,1.22
24.08.2021 00:48:00.327,7.79204,7.79174,0.75,1.22
24.08.2021 00:48:00.428,7.79199,7.79174,0.75,0.47
24.08.2021 00:48:00.732,7.79199,7.79173,0.75,0.85
24.08.2021 00:48:01.198,7.79199,7.79173,0.75,0.85
24.08.2021 00:48:01.249,7.79204,7.79174,0.75,0.85
24.08.2021 00:48:01.299,7.79204,7.791780000000001,0.75,0.82
24.08.2021 00:48:01.350,7.79209,7.7918,0.75,0.82
24.08.2021 00:48:01.400,7.79209,7.7918,0.75,0.85
24.08.2021 00:48:01.781,7.79209,7.7918,0.75,0.85
24.08.2021 00:48:05.124,7.79214,7.7918,0.75,0.85
24.08.2021 00:48:05.174,7.79214,7.791880000000001,0.75,0.75
24.08.2021 00:48:07.940,7.79214,7.791880000000001,0.75,0.85
24.08.2021 00:48:13.331,7.79214,7.791880000000001,0.75,0.85
24.08.2021 00:48:21.139,7.79225,7.79185,1.12,1.22
24.08.2021 00:48:23.604,7.79225,7.79185,0.75,1.22
24.08.2021 00:48:26.118,7.79219,7.791930000000001,0.75,0.75
24.08.2021 00:48:26.237,7.79219,7.791930000000001,0.75,0.85
24.08.2021 00:48:26.812,7.79219,7.791930000000001,0.75,0.85
24.08.2021 00:48:29.698,7.79224,7.791960000000001,0.75,0.82
24.08.2021 00:48:29.748,7.79224,7.791960000000001,0.75,0.85
24.08.2021 00:48:31.587,7.79224,7.791980000000001,0.75,0.85
24.08.2021 00:48:33.830,7.79224,7.791980000000001,0.75,0.85
24.08.2021 00:48:36.308,7.79224,7.791980000000001,0.75,0.85
24.08.2021 00:48:37.912,7.7922899999999995,7.7920300000000005,0.75,0.82
24.08.2021 00:48:37.963,7.7922899999999995,7.7920300000000005,0.75,0.85
24.08.2021 00:48:41.937,7.79239,7.79213,0.75,0.75
24.08.2021 00:48:45.062,7.79239,7.79213,0.75,0.85
24.08.2021 00:48:45.211,7.79247,7.79209,0.37,0.47
24.08.2021 00:48:45.262,7.79239,7.79213,0.75,0.85
24.08.2021 00:48:57.721,7.792460000000001,7.7921000000000005,0.75,0.85
24.08.2021 00:48:58.164,7.79248,7.7921000000000005,2.25,0.85
24.08.2021 00:49:00.181,7.792460000000001,7.7921000000000005,0.37,0.85
24.08.2021 00:49:01.527,7.79244,7.792180000000001,0.75,0.75
24.08.2021 00:49:07.747,7.79249,7.792230000000001,0.75,0.75
24.08.2021 00:49:08.394,7.79249,7.792230000000001,0.75,0.85
24.08.2021 00:49:09.158,7.79249,7.792230000000001,0.75,0.75
24.08.2021 00:49:10.305,7.79249,7.792230000000001,0.75,0.85
24.08.2021 00:49:10.512,7.79249,7.792230000000001,0.75,0.75
24.08.2021 00:49:36.064,7.79247,7.792230000000001,0.37,1.12
24.08.2021 00:49:42.829,7.792460000000001,7.792230000000001,0.37,0.75
24.08.2021 00:49:58.343,7.79249,7.792230000000001,0.75,0.75
24.08.2021 00:50:56.257,7.79242,7.79213,0.75,1.22
24.08.2021 00:50:56.307,7.79244,7.792180000000001,0.75,0.75
24.08.2021 00:50:58.475,7.79239,7.79213,0.75,0.85
24.08.2021 00:50:58.627,7.792339999999999,7.79208,0.75,0.85
24.08.2021 00:50:58.800,7.792339999999999,7.79208,0.75,0.85
24.08.2021 00:50:59.740,7.7922899999999995,7.7920300000000005,0.75,0.85
24.08.2021 00:50:59.791,7.7922899999999995,7.7920300000000005,0.75,0.85
24.08.2021 00:50:59.892,7.7922899999999995,7.7920300000000005,0.75,0.85
24.08.2021 00:51:00.118,7.7922899999999995,7.7920300000000005,0.75,0.85
24.08.2021 00:51:01.440,7.7922899999999995,7.7920300000000005,0.75,0.85
24.08.2021 00:51:01.882,7.7922899999999995,7.7920300000000005,0.75,0.85
24.08.2021 00:51:03.810,7.79222,7.791930000000001,0.75,3.1
24.08.2021 00:51:03.912,7.79219,7.791930000000001,0.75,2.32
24.08.2021 00:51:06.454,7.79214,7.791880000000001,0.75,0.85
24.08.2021 00:51:06.555,7.79214,7.791880000000001,0.75,0.85
24.08.2021 00:51:06.606,7.79214,7.791880000000001,0.75,0.75
24.08.2021 00:51:07.569,7.79209,7.791830000000001,0.75,0.85
24.08.2021 00:51:07.619,7.79209,7.791830000000001,0.75,0.85
24.08.2021 00:51:07.720,7.79209,7.791830000000001,0.75,0.85
24.08.2021 00:51:07.894,7.79209,7.791830000000001,0.75,0.75
24.08.2021 00:51:08.183,7.79209,7.7918,0.75,0.82
24.08.2021 00:51:12.615,7.79204,7.791780000000001,0.75,0.85
24.08.2021 00:51:12.665,7.79204,7.791780000000001,0.75,0.75
24.08.2021 00:51:12.846,7.79199,7.79173,0.75,0.85
24.08.2021 00:51:12.896,7.79199,7.79173,0.75,0.85
24.08.2021 00:51:12.997,7.79199,7.79173,0.75,0.75
24.08.2021 00:51:14.942,7.79204,7.79174,0.75,0.75
24.08.2021 00:51:14.993,7.79204,7.791780000000001,0.75,0.75
24.08.2021 00:51:15.044,7.79209,7.7918,0.75,0.82
24.08.2021 00:51:15.095,7.79209,7.7918,0.75,0.85
24.08.2021 00:51:15.438,7.79209,7.7918,0.75,0.85
24.08.2021 00:51:17.319,7.79209,7.7918,0.75,0.75
24.08.2021 00:51:17.795,7.79219,7.7918,1.12,0.82
24.08.2021 00:51:17.846,7.79219,7.791930000000001,1.12,0.75
24.08.2021 00:51:25.598,7.792230000000001,7.791760000000001,0.37,0.47
24.08.2021 00:51:26.029,7.792210000000001,7.791760000000001,0.37,0.85
24.08.2021 00:51:27.139,7.79209,7.791830000000001,0.75,0.85
24.08.2021 00:51:27.799,7.79219,7.79184,0.75,0.85
24.08.2021 00:51:27.849,7.79219,7.791930000000001,0.75,0.75
24.08.2021 00:51:38.353,7.79219,7.791930000000001,0.75,0.85
24.08.2021 00:51:38.532,7.79224,7.791980000000001,0.75,0.75
24.08.2021 00:51:48.817,7.79224,7.791980000000001,0.75,0.85
24.08.2021 00:51:52.922,7.79224,7.791980000000001,0.75,0.85
24.08.2021 00:51:56.357,7.7922899999999995,7.7920300000000005,0.75,0.85
24.08.2021 00:51:56.508,7.792339999999999,7.79208,0.75,0.75
24.08.2021 00:52:08.654,7.792339999999999,7.79208,0.75,0.85
24.08.2021 00:52:08.754,7.7924500000000005,7.7920300000000005,0.37,0.47
24.08.2021 00:52:10.169,7.792360000000001,7.79208,0.75,0.85
24.08.2021 00:52:22.816,7.792360000000001,7.79208,0.75,0.85
24.08.2021 00:52:30.024,7.792339999999999,7.79208,0.75,0.85
24.08.2021 00:52:38.324,7.792339999999999,7.79208,0.75,0.85
24.08.2021 00:52:55.900,7.792460000000001,7.79207,0.75,0.4
24.08.2021 00:52:56.005,7.792460000000001,7.79202,0.75,0.85
24.08.2021 00:52:56.106,7.792339999999999,7.79208,0.75,0.85
24.08.2021 00:52:56.260,7.792339999999999,7.79208,0.75,0.85
24.08.2021 00:52:59.717,7.792339999999999,7.79208,0.75,0.85
24.08.2021 00:53:01.054,7.792339999999999,7.79208,0.75,0.85
24.08.2021 00:53:01.104,7.79239,7.79213,0.75,0.75
24.08.2021 00:53:01.578,7.79239,7.79213,0.75,0.85
24.08.2021 00:53:01.932,7.79239,7.79213,0.75,0.85
24.08.2021 00:53:02.658,7.79244,7.792180000000001,1.12,0.75
24.08.2021 00:53:05.539,7.79244,7.792180000000001,0.75,0.85
24.08.2021 00:53:11.606,7.79244,7.792180000000001,0.75,0.82
24.08.2021 00:53:20.402,7.79244,7.792180000000001,0.75,0.85
24.08.2021 00:53:40.116,7.792460000000001,7.792180000000001,0.75,0.85
24.08.2021 00:53:40.217,7.79243,7.792180000000001,0.75,0.85
24.08.2021 00:53:47.202,7.792410000000001,7.79213,0.75,0.85
24.08.2021 00:53:47.252,7.792410000000001,7.79213,0.75,0.75
24.08.2021 00:54:13.735,7.79247,7.792060000000001,0.37,0.47
24.08.2021 00:54:13.836,7.79247,7.792060000000001,0.37,0.47
24.08.2021 00:54:14.097,7.79247,7.792060000000001,0.37,0.47
24.08.2021 00:54:14.627,7.79248,7.792060000000001,0.37,0.85
24.08.2021 00:54:15.963,7.79248,7.79208,0.37,0.47
24.08.2021 00:54:16.630,7.79247,7.792060000000001,0.37,0.47
24.08.2021 00:54:17.447,7.792410000000001,7.79213,0.75,0.75
24.08.2021 00:55:00.280,7.79242,7.79213,0.75,0.75
24.08.2021 00:55:03.394,7.792400000000001,7.79213,0.75,0.75
24.08.2021 00:55:28.685,7.79243,7.792060000000001,0.75,0.47
24.08.2021 00:55:31.684,7.79243,7.792050000000001,0.75,0.47
24.08.2021 00:55:33.510,7.792400000000001,7.79213,0.75,0.75
24.08.2021 00:56:01.005,7.792350000000001,7.79208,0.75,0.85
24.08.2021 00:56:01.055,7.792350000000001,7.79208,0.75,0.75
24.08.2021 00:56:17.702,7.79243,7.792010000000001,0.75,0.47
24.08.2021 00:56:27.946,7.792360000000001,7.79208,0.75,0.82
24.08.2021 00:56:40.542,7.792460000000001,7.792010000000001,0.37,0.47
24.08.2021 00:56:40.593,7.792360000000001,7.79208,0.75,0.75
24.08.2021 00:56:47.568,7.792460000000001,7.792010000000001,0.37,0.47
24.08.2021 00:56:47.672,7.792360000000001,7.79208,0.75,0.75
24.08.2021 00:56:47.777,7.792460000000001,7.792010000000001,0.37,0.47
24.08.2021 00:56:47.880,7.792360000000001,7.79208,0.75,0.75
24.08.2021 00:56:47.983,7.792460000000001,7.792010000000001,0.37,0.47
24.08.2021 00:56:48.087,7.792360000000001,7.79208,0.75,0.75
24.08.2021 00:56:48.190,7.792460000000001,7.792010000000001,0.37,0.47
24.08.2021 00:56:48.403,7.792360000000001,7.79208,0.75,0.75
24.08.2021 00:56:48.501,7.792460000000001,7.792010000000001,0.37,0.47
24.08.2021 00:56:48.605,7.792360000000001,7.79208,0.75,0.75
24.08.2021 00:56:48.733,7.792460000000001,7.792010000000001,0.37,0.47
24.08.2021 00:56:49.616,7.7923800000000005,7.792010000000001,0.37,0.47
24.08.2021 00:56:50.721,7.79244,7.792010000000001,0.37,0.47
24.08.2021 00:56:51.704,7.79243,7.792010000000001,0.37,0.47
24.08.2021 00:56:54.524,7.79247,7.792010000000001,0.75,0.47
24.08.2021 00:56:54.626,7.79243,7.792010000000001,0.75,0.47
24.08.2021 00:56:58.341,7.792360000000001,7.79208,0.75,0.75
24.08.2021 00:57:30.027,7.792360000000001,7.79214,0.75,0.37
24.08.2021 00:57:30.078,7.792400000000001,7.79214,0.75,0.37
24.08.2021 00:57:31.527,7.792400000000001,7.79213,0.75,0.75
24.08.2021 00:57:33.802,7.792400000000001,7.792180000000001,0.75,0.37
24.08.2021 00:57:33.853,7.79247,7.792180000000001,0.75,1.12
24.08.2021 00:57:44.416,7.79243,7.792180000000001,0.75,0.75
24.08.2021 00:57:47.723,7.79243,7.79214,0.75,0.85
24.08.2021 00:57:55.971,7.79243,7.792180000000001,0.75,0.75
24.08.2021 00:58:13.724,7.7924500000000005,7.792180000000001,0.75,0.75
24.08.2021 00:58:35.024,7.79243,7.792180000000001,0.75,0.75
24.08.2021 00:58:50.210,7.792510000000001,7.792230000000001,0.75,0.75
24.08.2021 00:58:58.496,7.79252,7.792230000000001,0.75,0.75
24.08.2021 00:59:17.786,7.79242,7.7921700000000005,0.75,0.47
24.08.2021 00:59:17.887,7.79242,7.7921700000000005,0.75,0.37
24.08.2021 00:59:18.819,7.79242,7.79213,0.75,0.82
24.08.2021 00:59:21.992,7.79243,7.792180000000001,0.75,0.75
24.08.2021 00:59:52.042,7.79249,7.79215,0.37,0.45
24.08.2021 00:59:52.271,7.79247,7.792180000000001,0.75,0.75
24.08.2021 00:59:54.056,7.79243,7.792180000000001,0.75,0.75
24.08.2021 01:00:20.114,7.79243,7.79214,0.75,0.85
24.08.2021 01:00:22.364,7.79247,7.792180000000001,0.75,0.75
24.08.2021 01:00:32.444,7.792460000000001,7.792180000000001,0.37,0.75
24.08.2021 01:00:53.589,7.79247,7.792180000000001,0.75,0.82
24.08.2021 01:00:53.833,7.79243,7.792180000000001,0.75,0.82
24.08.2021 01:00:53.934,7.79243,7.792180000000001,0.75,0.85
24.08.2021 01:00:54.035,7.79243,7.792180000000001,0.75,0.75
24.08.2021 01:00:58.702,7.79243,7.7922,0.75,0.37
24.08.2021 01:00:58.752,7.79252,7.792230000000001,1.12,0.75
24.08.2021 01:00:58.863,7.79248,7.792230000000001,0.37,0.75
24.08.2021 01:00:59.177,7.79252,7.792230000000001,0.75,0.75
24.08.2021 01:01:30.242,7.79252,7.792230000000001,0.75,0.85
24.08.2021 01:01:38.866,7.79252,7.792230000000001,0.75,0.75
24.08.2021 01:01:59.900,7.79254,7.792180000000001,0.75,0.47
24.08.2021 01:02:00.051,7.79254,7.792160000000001,0.75,0.85
24.08.2021 01:02:00.104,7.79257,7.792160000000001,0.75,0.85
24.08.2021 01:02:00.466,7.79257,7.792160000000001,0.75,0.85
24.08.2021 01:02:05.754,7.792580000000001,7.792180000000001,0.75,0.47
24.08.2021 01:02:05.805,7.792580000000001,7.792180000000001,0.75,0.47
24.08.2021 01:02:06.262,7.792580000000001,7.792180000000001,0.75,0.47
24.08.2021 01:02:08.558,7.792580000000001,7.792180000000001,0.75,0.47
24.08.2021 01:02:08.822,7.792580000000001,7.792180000000001,0.75,0.47
24.08.2021 01:02:09.066,7.79252,7.792230000000001,0.75,0.85
24.08.2021 01:02:10.856,7.79252,7.792230000000001,0.75,0.82
24.08.2021 01:02:24.142,7.79252,7.792230000000001,0.75,0.85
24.08.2021 01:02:24.674,7.79252,7.792230000000001,0.75,0.82
24.08.2021 01:03:01.637,7.792580000000001,7.792330000000001,0.75,0.75
24.08.2021 01:03:09.367,7.792560000000001,7.792280000000001,0.75,0.75
24.08.2021 01:03:24.211,7.792510000000001,7.792230000000001,0.75,0.82
24.08.2021 01:03:43.778,7.79248,7.792230000000001,0.37,0.82
24.08.2021 01:03:57.510,7.792510000000001,7.792230000000001,0.75,0.75
24.08.2021 01:04:17.507,7.79255,7.79222,0.75,0.82
24.08.2021 01:04:24.355,7.792510000000001,7.792230000000001,0.75,0.75
24.08.2021 01:05:12.166,7.7925,7.7921700000000005,2.25,0.47
24.08.2021 01:05:12.217,7.79249,7.7921700000000005,0.75,0.45
24.08.2021 01:05:12.267,7.792410000000001,7.7921700000000005,0.75,0.37
24.08.2021 01:05:12.368,7.7923100000000005,7.7920300000000005,0.75,0.85
24.08.2021 01:05:12.468,7.792260000000001,7.79199,0.75,0.37
24.08.2021 01:05:13.717,7.792260000000001,7.791980000000001,0.75,0.75
24.08.2021 01:05:22.831,7.792350000000001,7.791930000000001,0.75,0.47
24.08.2021 01:05:37.152,7.792350000000001,7.791930000000001,0.75,0.47
24.08.2021 01:05:37.656,7.792350000000001,7.791930000000001,0.75,0.47
24.08.2021 01:05:42.631,7.792260000000001,7.791980000000001,0.75,0.75
24.08.2021 01:06:06.143,7.79237,7.791939999999999,0.75,0.47
24.08.2021 01:06:13.040,7.792260000000001,7.791980000000001,0.75,0.75
24.08.2021 01:08:45.791,7.792260000000001,7.791980000000001,0.75,0.75
24.08.2021 01:08:57.425,7.792260000000001,7.791980000000001,0.75,0.85
24.08.2021 01:08:57.679,7.792260000000001,7.791980000000001,0.75,0.85
24.08.2021 01:09:57.710,7.792260000000001,7.791980000000001,0.75,0.75
24.08.2021 01:10:41.362,7.792260000000001,7.791980000000001,0.75,0.85
24.08.2021 01:10:45.033,7.792260000000001,7.791980000000001,0.75,0.82
24.08.2021 01:11:22.598,7.79227,7.791980000000001,0.75,0.82
24.08.2021 01:11:22.838,7.7923,7.79199,0.75,0.75
24.08.2021 01:11:30.472,7.7923,7.79199,0.75,0.85
24.08.2021 01:11:53.534,7.7923,7.79199,0.75,0.82
24.08.2021 01:12:06.316,7.792360000000001,7.79204,0.75,0.75
24.08.2021 01:12:14.541,7.792410000000001,7.79209,0.75,0.75
24.08.2021 01:12:15.159,7.79244,7.79214,0.37,0.75
24.08.2021 01:12:15.210,7.792460000000001,7.79214,0.75,0.75
24.08.2021 01:14:10.823,7.792510000000001,7.79219,0.75,0.75
24.08.2021 01:14:45.066,7.792460000000001,7.79214,0.75,0.82
24.08.2021 01:15:05.553,7.79254,7.79207,0.37,0.37
24.08.2021 01:15:07.143,7.79254,7.79207,0.37,0.47
24.08.2021 01:15:11.171,7.792560000000001,7.79207,0.37,0.47
24.08.2021 01:15:15.238,7.792460000000001,7.79214,0.75,0.75
24.08.2021 01:16:35.428,7.792460000000001,7.79204,0.37,0.59
24.08.2021 01:16:36.308,7.792460000000001,7.79204,0.37,0.59
24.08.2021 01:17:35.091,7.792510000000001,7.79219,0.75,0.75
24.08.2021 01:17:35.142,7.792560000000001,7.79209,0.37,0.47
24.08.2021 01:17:35.192,7.792510000000001,7.79219,0.75,0.75
24.08.2021 01:17:35.242,7.792560000000001,7.79209,0.37,0.47
24.08.2021 01:17:35.293,7.792460000000001,7.79214,0.75,0.85
24.08.2021 01:17:36.831,7.792510000000001,7.79219,0.75,0.75
24.08.2021 01:17:42.212,7.792510000000001,7.79219,0.75,0.85
24.08.2021 01:17:42.663,7.792510000000001,7.79219,0.75,0.82
24.08.2021 01:17:57.307,7.792510000000001,7.79219,0.75,0.85
24.08.2021 01:17:58.735,7.792510000000001,7.79219,0.75,0.82
24.08.2021 01:18:00.307,7.792510000000001,7.79219,0.75,0.85
24.08.2021 01:18:21.983,7.792510000000001,7.79219,0.75,0.82
24.08.2021 01:18:22.399,7.792510000000001,7.79219,0.75,0.85
24.08.2021 01:18:38.576,7.792510000000001,7.79219,0.75,0.82
24.08.2021 01:19:16.481,7.792460000000001,7.79214,0.75,0.85
24.08.2021 01:19:16.632,7.792460000000001,7.79214,0.75,0.85
24.08.2021 01:19:16.884,7.792460000000001,7.79214,0.75,0.82
24.08.2021 01:19:17.687,7.792460000000001,7.79214,0.75,0.85
24.08.2021 01:19:21.307,7.792460000000001,7.79214,0.75,0.85
24.08.2021 01:19:22.347,7.792460000000001,7.79214,0.75,0.85
24.08.2021 01:19:28.805,7.792560000000001,7.79212,0.75,0.47
24.08.2021 01:19:40.999,7.792510000000001,7.79219,0.75,0.82
24.08.2021 01:19:41.100,7.792460000000001,7.7921700000000005,0.75,0.37
24.08.2021 01:19:41.151,7.792510000000001,7.79219,0.75,0.82
24.08.2021 01:19:41.201,7.792460000000001,7.7921700000000005,0.75,0.37
24.08.2021 01:19:42.035,7.792460000000001,7.79214,0.75,0.82
24.08.2021 01:20:10.422,7.792580000000001,7.792110000000001,0.37,0.47
24.08.2021 01:20:11.235,7.792460000000001,7.79214,0.75,0.82
24.08.2021 01:20:46.894,7.7924500000000005,7.79214,0.75,0.82
24.08.2021 01:21:18.773,7.792580000000001,7.792110000000001,0.37,0.37
24.08.2021 01:21:22.733,7.792580000000001,7.7921000000000005,0.37,0.37
24.08.2021 01:21:22.783,7.792580000000001,7.7921000000000005,0.37,0.47
24.08.2021 01:21:23.920,7.79257,7.7921000000000005,0.37,0.47
24.08.2021 01:21:24.144,7.7924500000000005,7.79214,0.75,0.82
24.08.2021 01:21:36.923,7.7924500000000005,7.79214,0.75,0.85
24.08.2021 01:21:37.451,7.7924500000000005,7.79214,0.75,0.82
24.08.2021 01:22:46.589,7.792460000000001,7.79214,0.75,0.75
24.08.2021 01:23:02.540,7.79244,7.79214,0.37,1.12
24.08.2021 01:23:14.746,7.79244,7.7921700000000005,0.37,0.37
24.08.2021 01:23:14.897,7.79252,7.79224,0.37,0.75
24.08.2021 01:23:15.047,7.792510000000001,7.79219,0.75,0.85
24.08.2021 01:23:15.148,7.79252,7.79224,0.37,0.75
24.08.2021 01:23:15.249,7.7925,7.79224,1.12,0.75
24.08.2021 01:23:15.349,7.7925,7.79219,0.37,2.25
24.08.2021 01:23:15.400,7.7925,7.79224,0.37,0.75
24.08.2021 01:23:19.791,7.79254,7.792280000000001,0.37,0.75
24.08.2021 01:23:19.842,7.79254,7.79224,0.37,0.75
24.08.2021 01:23:19.892,7.79254,7.7922899999999995,0.37,0.75
24.08.2021 01:23:19.943,7.79259,7.7922899999999995,0.37,0.75
24.08.2021 01:23:20.044,7.792560000000001,7.79224,0.75,0.75
24.08.2021 01:23:25.477,7.792580000000001,7.7922899999999995,0.75,0.75
24.08.2021 01:23:25.527,7.7926,7.7922899999999995,1.12,0.75
24.08.2021 01:23:25.628,7.792560000000001,7.79224,0.75,0.82
24.08.2021 01:23:25.679,7.7926,7.7922899999999995,0.37,0.75
24.08.2021 01:23:26.163,7.792610000000001,7.7922899999999995,1.12,0.75
24.08.2021 01:23:26.734,7.792560000000001,7.79224,0.75,0.85
24.08.2021 01:23:26.784,7.792560000000001,7.79224,0.75,0.75
24.08.2021 01:23:27.753,7.79255,7.79224,0.37,0.75
24.08.2021 01:23:29.815,7.792560000000001,7.79224,0.75,0.75
24.08.2021 01:23:31.822,7.79255,7.79224,0.37,0.75
24.08.2021 01:23:36.113,7.792560000000001,7.79224,1.12,0.75
24.08.2021 01:23:44.203,7.79257,7.79225,0.37,0.37
24.08.2021 01:23:45.203,7.79257,7.792260000000001,0.37,0.37
24.08.2021 01:23:56.749,7.792560000000001,7.792260000000001,0.75,0.37
24.08.2021 01:23:57.073,7.792510000000001,7.79219,0.75,0.85
24.08.2021 01:23:57.124,7.792510000000001,7.79219,0.75,0.82
24.08.2021 01:24:17.275,7.792510000000001,7.79213,0.37,0.47
24.08.2021 01:24:27.165,7.792510000000001,7.79219,1.12,0.75
24.08.2021 01:25:36.482,7.792560000000001,7.79224,0.75,0.75
24.08.2021 01:25:48.980,7.792530000000001,7.79224,0.75,0.75
24.08.2021 01:25:49.101,7.79252,7.7922,0.75,0.45
24.08.2021 01:25:49.358,7.792530000000001,7.79224,0.75,0.75
24.08.2021 01:25:49.560,7.79252,7.7922,0.75,0.37
24.08.2021 01:25:49.714,7.792560000000001,7.79224,0.37,0.75
24.08.2021 01:25:49.815,7.792530000000001,7.79224,0.75,0.75
24.08.2021 01:25:52.889,7.79252,7.79219,0.75,0.85
24.08.2021 01:25:53.014,7.79252,7.79219,0.75,0.75
24.08.2021 01:25:54.925,7.792510000000001,7.79219,0.37,0.75
24.08.2021 01:25:58.082,7.79252,7.79219,0.75,0.75
24.08.2021 01:26:04.366,7.792530000000001,7.79224,0.75,0.75
24.08.2021 01:26:08.976,7.79252,7.79219,0.75,0.75
24.08.2021 01:26:09.497,7.792510000000001,7.79219,0.37,0.75
24.08.2021 01:26:10.501,7.7925,7.79219,0.37,0.75
24.08.2021 01:26:10.712,7.7925,7.79224,0.37,0.75
24.08.2021 01:26:10.763,7.792530000000001,7.79224,0.75,0.75
24.08.2021 01:26:12.748,7.79252,7.7922,0.75,0.37
24.08.2021 01:26:13.050,7.79252,7.79219,0.75,0.75
24.08.2021 01:26:51.104,7.792460000000001,7.79219,0.37,0.75
24.08.2021 01:27:08.004,7.792460000000001,7.79214,0.37,0.47
24.08.2021 01:27:08.054,7.792460000000001,7.79219,0.37,0.75
24.08.2021 01:27:18.054,7.792460000000001,7.79214,1.12,0.75
24.08.2021 01:27:18.355,7.792510000000001,7.79219,1.12,0.75
24.08.2021 01:28:37.612,7.79257,7.79224,0.75,0.75
24.08.2021 01:28:38.797,7.79255,7.79224,0.37,0.75
24.08.2021 01:28:39.593,7.79254,7.79224,0.75,0.75
24.08.2021 01:28:42.806,7.7925,7.79224,0.37,0.75
24.08.2021 01:29:11.676,7.79254,7.79224,0.37,0.75
24.08.2021 01:29:19.022,7.79252,7.79219,0.75,0.75
24.08.2021 01:29:19.073,7.79248,7.79219,0.37,0.75
24.08.2021 01:29:21.541,7.79247,7.79219,0.37,0.75
24.08.2021 01:29:49.118,7.79247,7.79214,0.37,0.47
24.08.2021 01:29:49.219,7.79247,7.79219,0.37,0.75
24.08.2021 01:30:07.802,7.792460000000001,7.79219,0.37,0.75
24.08.2021 01:30:09.809,7.79247,7.79219,0.37,0.75
24.08.2021 01:30:13.007,7.792460000000001,7.79219,0.37,0.75
24.08.2021 01:30:13.997,7.7924500000000005,7.79219,0.37,0.75
24.08.2021 01:30:17.717,7.79244,7.79219,0.37,0.75
24.08.2021 01:30:26.263,7.792460000000001,7.79219,0.37,0.75
24.08.2021 01:30:37.525,7.792460000000001,7.79214,0.37,0.75
24.08.2021 01:30:38.646,7.7924500000000005,7.79214,0.37,0.75
24.08.2021 01:30:48.079,7.792460000000001,7.79214,0.37,0.75
24.08.2021 01:30:49.059,7.7924500000000005,7.79214,0.37,0.75
24.08.2021 01:30:50.064,7.79244,7.79214,0.37,0.75
24.08.2021 01:31:08.026,7.79244,7.79209,0.37,0.47
24.08.2021 01:31:08.202,7.79244,7.79214,0.37,0.75
24.08.2021 01:31:09.595,7.79243,7.79214,0.37,0.75
24.08.2021 01:31:26.851,7.792460000000001,7.79214,0.37,0.75
24.08.2021 01:31:27.002,7.792460000000001,7.792160000000001,0.37,0.75
24.08.2021 01:31:27.873,7.7924500000000005,7.792160000000001,0.37,0.75
24.08.2021 01:31:29.529,7.7924500000000005,7.7922,0.37,0.75
24.08.2021 01:31:30.163,7.79247,7.7922,0.37,0.75
24.08.2021 01:31:31.569,7.792460000000001,7.7922,0.37,0.75
24.08.2021 01:31:35.960,7.79243,7.79212,0.75,0.37
24.08.2021 01:31:36.011,7.792460000000001,7.7922,0.37,0.75
24.08.2021 01:31:36.118,7.792460000000001,7.79219,0.37,0.75
24.08.2021 01:31:37.942,7.7924500000000005,7.79219,0.37,0.75
24.08.2021 01:31:40.631,7.7924500000000005,7.792160000000001,0.37,0.75
24.08.2021 01:31:40.682,7.7924500000000005,7.7922,0.37,0.75
24.08.2021 01:31:41.188,7.792460000000001,7.7922,0.37,0.75
24.08.2021 01:31:41.472,7.792460000000001,7.792160000000001,0.37,0.75
24.08.2021 01:31:41.573,7.7924500000000005,7.792160000000001,0.37,0.75
24.08.2021 01:31:49.181,7.79247,7.792160000000001,0.37,0.75
24.08.2021 01:31:51.189,7.792460000000001,7.792160000000001,0.37,0.75
24.08.2021 01:31:54.906,7.79244,7.792110000000001,0.75,0.75
24.08.2021 01:31:55.198,7.79242,7.792110000000001,0.37,0.75
24.08.2021 01:31:55.498,7.79242,7.7921000000000005,0.37,0.75
24.08.2021 01:31:56.878,7.792400000000001,7.7921000000000005,0.37,0.75
24.08.2021 01:31:57.016,7.792400000000001,7.79207,1.12,0.75
24.08.2021 01:32:03.883,7.7923,7.79202,0.75,0.37
24.08.2021 01:32:03.983,7.7923,7.79197,0.75,0.75
24.08.2021 01:32:04.084,7.7921700000000005,7.7919,0.75,0.37
24.08.2021 01:32:04.134,7.792280000000001,7.79195,0.82,0.75
24.08.2021 01:32:04.185,7.79225,7.79192,0.75,0.75
24.08.2021 01:32:04.313,7.79219,7.7919,0.75,0.37
24.08.2021 01:32:04.415,7.79215,7.7919,0.75,0.37
24.08.2021 01:32:04.660,7.79215,7.79182,0.75,0.75
24.08.2021 01:32:05.426,7.7922,7.79187,0.75,0.75
24.08.2021 01:32:05.628,7.79215,7.79182,0.75,0.75
24.08.2021 01:32:08.126,7.792210000000001,7.791880000000001,0.75,0.75
24.08.2021 01:32:08.278,7.79215,7.79182,0.75,0.75
24.08.2021 01:32:13.520,7.79222,7.7918899999999995,0.75,0.75
24.08.2021 01:32:14.510,7.7921700000000005,7.79184,0.75,0.75
24.08.2021 01:32:14.661,7.79215,7.79182,0.75,0.75
24.08.2021 01:32:14.790,7.79212,7.7918,0.75,0.37
24.08.2021 01:32:14.930,7.79212,7.79179,0.75,0.75
24.08.2021 01:32:18.965,7.7922,7.79187,0.75,0.75
24.08.2021 01:32:19.066,7.79222,7.7918899999999995,0.75,0.75
24.08.2021 01:32:19.167,7.79224,7.791910000000001,0.75,0.75
24.08.2021 01:32:19.412,7.79225,7.791930000000001,0.37,0.75
24.08.2021 01:32:20.243,7.79222,7.791930000000001,0.37,0.75
24.08.2021 01:32:21.773,7.792280000000001,7.791960000000001,0.37,0.75
24.08.2021 01:32:21.824,7.792280000000001,7.792000000000001,0.37,0.75
24.08.2021 01:32:21.928,7.792280000000001,7.791960000000001,0.37,0.75
24.08.2021 01:32:22.032,7.792260000000001,7.791939999999999,0.75,0.37
24.08.2021 01:32:22.133,7.792210000000001,7.791939999999999,0.75,0.37
24.08.2021 01:32:22.183,7.792230000000001,7.791939999999999,0.75,0.37
24.08.2021 01:32:22.500,7.792230000000001,7.7919,0.75,0.75
24.08.2021 01:32:36.502,7.79224,7.791860000000001,0.37,0.37
24.08.2021 01:32:37.285,7.792260000000001,7.791860000000001,0.37,0.37
24.08.2021 01:32:38.283,7.79222,7.791860000000001,0.37,0.37
24.08.2021 01:32:40.288,7.792210000000001,7.791860000000001,0.37,0.37
24.08.2021 01:32:42.337,7.792230000000001,7.791860000000001,0.37,0.37
24.08.2021 01:32:43.340,7.79222,7.791860000000001,0.37,0.37
24.08.2021 01:32:43.888,7.79227,7.791860000000001,0.85,0.37
24.08.2021 01:32:44.032,7.792280000000001,7.79195,2.72,0.75
24.08.2021 01:32:44.134,7.792280000000001,7.79195,1.22,0.75
24.08.2021 01:32:44.235,7.792280000000001,7.791960000000001,0.37,0.75
24.08.2021 01:32:44.336,7.792230000000001,7.7919,0.75,0.75
24.08.2021 01:32:44.387,7.79219,7.791880000000001,0.75,0.37
24.08.2021 01:32:44.487,7.792280000000001,7.791960000000001,0.45,0.75
24.08.2021 01:32:44.588,7.79219,7.791880000000001,0.75,0.37
24.08.2021 01:32:44.689,7.79227,7.791880000000001,0.85,0.37
24.08.2021 01:32:44.740,7.79224,7.791910000000001,2.25,0.75
24.08.2021 01:32:44.841,7.79222,7.7918899999999995,0.75,0.75
24.08.2021 01:32:44.942,7.792230000000001,7.79179,0.47,0.37
24.08.2021 01:32:44.992,7.79222,7.7918899999999995,0.75,0.75
24.08.2021 01:32:45.133,7.792230000000001,7.79179,0.45,0.37
24.08.2021 01:32:45.184,7.79219,7.791860000000001,0.75,0.75
24.08.2021 01:32:45.289,7.792180000000001,7.79185,0.75,0.75
24.08.2021 01:33:08.840,7.7921700000000005,7.79184,0.75,0.75
24.08.2021 01:33:11.455,7.79212,7.7918,0.75,0.37
24.08.2021 01:33:11.506,7.79222,7.7918,0.85,0.37
24.08.2021 01:33:12.178,7.79219,7.7918,0.75,0.37
24.08.2021 01:33:12.943,7.79219,7.79173,0.75,0.37
24.08.2021 01:33:16.359,7.7921700000000005,7.79173,0.37,0.37
24.08.2021 01:33:21.195,7.7921700000000005,7.791710000000001,0.37,0.37
24.08.2021 01:33:22.372,7.792160000000001,7.791710000000001,0.37,0.37
24.08.2021 01:33:24.900,7.792160000000001,7.79172,0.37,0.37
24.08.2021 01:33:24.951,7.792180000000001,7.79185,0.75,0.75
24.08.2021 01:33:25.052,7.792230000000001,7.79195,0.75,0.75
24.08.2021 01:33:25.203,7.79222,7.791960000000001,0.75,0.75
24.08.2021 01:33:25.253,7.7922899999999995,7.791960000000001,0.75,2.25
24.08.2021 01:33:25.354,7.7923100000000005,7.791980000000001,0.75,0.75
24.08.2021 01:33:25.555,7.79232,7.79199,0.75,0.75
24.08.2021 01:33:30.390,7.792330000000001,7.792010000000001,0.75,0.75
24.08.2021 01:33:32.594,7.792339999999999,7.792010000000001,2.25,0.75
24.08.2021 01:33:40.818,7.79227,7.792010000000001,0.37,0.75
24.08.2021 01:33:41.470,7.792280000000001,7.792010000000001,0.37,0.75
24.08.2021 01:33:41.776,7.792280000000001,7.79197,0.37,0.37
24.08.2021 01:33:41.827,7.79237,7.79197,0.47,0.37
24.08.2021 01:33:42.328,7.79237,7.79197,0.45,1.12
24.08.2021 01:33:43.414,7.7923800000000005,7.791980000000001,1.22,0.37
24.08.2021 01:33:44.417,7.79237,7.79199,0.45,0.37
24.08.2021 01:33:47.774,7.79237,7.79197,0.45,0.75
24.08.2021 01:33:48.767,7.792360000000001,7.79197,0.37,0.75
24.08.2021 01:33:50.926,7.792360000000001,7.79195,1.12,0.45
24.08.2021 01:33:51.027,7.792360000000001,7.791939999999999,1.2,1.2
24.08.2021 01:33:51.081,7.792330000000001,7.792000000000001,0.75,0.75
24.08.2021 01:33:53.433,7.79232,7.792000000000001,0.37,0.75
24.08.2021 01:33:54.435,7.7922899999999995,7.792000000000001,0.37,0.75
24.08.2021 01:33:55.532,7.7922899999999995,7.791980000000001,0.37,0.75
24.08.2021 01:34:02.794,7.7923100000000005,7.791980000000001,0.75,0.75
24.08.2021 01:34:40.133,7.792280000000001,7.792010000000001,0.37,0.37
24.08.2021 01:34:40.183,7.79232,7.792010000000001,0.75,0.37
24.08.2021 01:34:40.285,7.792339999999999,7.792010000000001,0.75,1.12
24.08.2021 01:34:51.553,7.792330000000001,7.792010000000001,0.37,0.75
24.08.2021 01:35:51.742,7.792339999999999,7.792010000000001,0.75,0.75
24.08.2021 01:36:02.228,7.792339999999999,7.792010000000001,0.85,0.75
24.08.2021 01:36:17.046,7.7923,7.792000000000001,0.75,0.75
24.08.2021 01:36:41.842,7.792339999999999,7.79208,0.37,0.75
24.08.2021 01:36:43.316,7.792350000000001,7.79208,0.45,0.75
24.08.2021 01:36:58.672,7.792339999999999,7.79208,0.37,0.75
24.08.2021 01:36:58.773,7.792280000000001,7.79202,0.37,0.37
24.08.2021 01:36:58.824,7.7923,7.792010000000001,0.75,0.75
24.08.2021 01:36:58.874,7.792260000000001,7.791980000000001,0.75,0.37
24.08.2021 01:37:07.275,7.792260000000001,7.79197,0.75,0.75
24.08.2021 01:37:07.426,7.79224,7.79195,0.75,0.75
24.08.2021 01:37:13.207,7.79225,7.791960000000001,0.75,0.75
24.08.2021 01:37:16.147,7.79225,7.79202,0.75,0.75
24.08.2021 01:37:29.529,7.79222,7.791930000000001,0.75,1.42
24.08.2021 01:37:29.579,7.79225,7.791960000000001,0.75,0.75
24.08.2021 01:37:33.771,7.79222,7.791930000000001,0.75,0.67
24.08.2021 01:37:33.872,7.79225,7.79197,0.75,0.75
24.08.2021 01:37:34.097,7.792230000000001,7.79195,0.75,0.75
24.08.2021 01:37:34.298,7.79225,7.79197,0.75,0.75
24.08.2021 01:37:40.611,7.79222,7.791930000000001,0.75,0.67
24.08.2021 01:37:40.662,7.79225,7.79197,0.75,0.75
24.08.2021 01:37:40.763,7.79222,7.791939999999999,0.75,0.75
24.08.2021 01:38:10.701,7.79232,7.79202,0.47,0.75
24.08.2021 01:38:10.885,7.79222,7.79202,0.75,0.75
24.08.2021 01:39:06.314,7.792260000000001,7.791980000000001,0.75,0.75
24.08.2021 01:39:08.672,7.79225,7.79197,0.75,0.75
24.08.2021 01:39:22.105,7.79225,7.7920300000000005,0.75,0.37
24.08.2021 01:39:26.164,7.79225,7.79204,0.75,0.37
24.08.2021 01:39:30.236,7.79225,7.79197,0.75,0.75
24.08.2021 01:39:35.179,7.79225,7.79202,0.75,0.75
24.08.2021 01:39:35.330,7.79227,7.79202,0.75,0.75
24.08.2021 01:39:35.718,7.792280000000001,7.79202,0.75,0.75
24.08.2021 01:39:46.630,7.792330000000001,7.79195,0.45,0.75
24.08.2021 01:39:47.684,7.792339999999999,7.79195,0.47,0.75
24.08.2021 01:39:48.793,7.79227,7.79199,0.75,0.75
24.08.2021 01:39:50.022,7.792260000000001,7.791980000000001,0.75,0.75
24.08.2021 01:39:50.875,7.792260000000001,7.791980000000001,0.85,0.75
24.08.2021 01:39:50.976,7.79225,7.79197,0.75,0.75
24.08.2021 01:39:51.127,7.79222,7.791939999999999,0.75,0.75
24.08.2021 01:39:51.228,7.79224,7.791960000000001,0.75,0.75
24.08.2021 01:40:13.471,7.79232,7.791860000000001,0.47,0.47
24.08.2021 01:40:13.522,7.79224,7.791960000000001,0.75,0.75
24.08.2021 01:40:50.851,7.79222,7.791930000000001,0.75,0.67
24.08.2021 01:40:50.902,7.79224,7.791960000000001,0.75,0.75
24.08.2021 01:41:25.681,7.79222,7.791930000000001,0.75,1.42
24.08.2021 01:41:25.732,7.792280000000001,7.7920300000000005,0.45,0.75
24.08.2021 01:41:25.833,7.79225,7.79197,0.75,0.75
24.08.2021 01:41:26.705,7.79232,7.791930000000001,0.47,0.67
24.08.2021 01:41:29.476,7.79224,7.791960000000001,0.75,0.75
24.08.2021 01:41:33.086,7.79215,7.791930000000001,0.75,0.67
24.08.2021 01:41:33.137,7.79215,7.79187,0.75,0.75
24.08.2021 01:41:33.237,7.792180000000001,7.7919,0.75,0.75
24.08.2021 01:41:33.340,7.792160000000001,7.791880000000001,0.75,0.75
24.08.2021 01:41:33.441,7.79213,7.79185,0.75,0.75
24.08.2021 01:41:33.789,7.792180000000001,7.7919,0.75,0.75
24.08.2021 01:41:35.729,7.79213,7.79185,0.75,0.75
24.08.2021 01:41:35.930,7.792110000000001,7.791830000000001,0.75,0.75
24.08.2021 01:41:36.031,7.792160000000001,7.791880000000001,0.75,0.75
24.08.2021 01:41:36.453,7.79215,7.79187,0.75,0.75
24.08.2021 01:41:36.567,7.79213,7.79185,0.75,0.75
24.08.2021 01:41:37.159,7.792110000000001,7.791830000000001,0.75,0.75
24.08.2021 01:41:40.777,7.792060000000001,7.7918,0.75,1.12
24.08.2021 01:41:40.928,7.7921000000000005,7.79182,0.75,0.75
24.08.2021 01:41:41.239,7.79209,7.791810000000001,0.75,0.75
24.08.2021 01:41:41.390,7.79208,7.7918,0.75,0.75
24.08.2021 01:41:41.669,7.792060000000001,7.791780000000001,0.75,0.75
24.08.2021 01:41:43.172,7.792060000000001,7.79179,0.75,0.37
24.08.2021 01:41:44.172,7.792060000000001,7.7918,0.75,0.37
24.08.2021 01:41:49.192,7.792060000000001,7.791810000000001,0.75,0.37
24.08.2021 01:41:56.139,7.792060000000001,7.791780000000001,0.75,0.75
24.08.2021 01:41:57.186,7.79204,7.791760000000001,0.75,0.75
24.08.2021 01:41:57.497,7.79204,7.79177,0.75,0.37
24.08.2021 01:42:10.234,7.79204,7.791760000000001,0.75,0.75
24.08.2021 01:42:12.400,7.792000000000001,7.79172,0.75,0.75
24.08.2021 01:42:12.729,7.791980000000001,7.79172,0.75,0.75
24.08.2021 01:42:15.777,7.791960000000001,7.79168,0.75,0.75
24.08.2021 01:42:15.827,7.791930000000001,7.79168,0.75,0.75
24.08.2021 01:42:15.884,7.79197,7.79169,0.75,0.75
24.08.2021 01:42:16.205,7.79197,7.7917000000000005,0.75,0.75
24.08.2021 01:42:16.256,7.79195,7.7917000000000005,0.75,0.75
24.08.2021 01:42:16.306,7.79195,7.79167,0.75,0.75
24.08.2021 01:42:35.227,7.79197,7.79169,0.75,0.75
24.08.2021 01:42:35.530,7.791980000000001,7.7917000000000005,0.75,0.75
24.08.2021 01:42:35.708,7.7920300000000005,7.79175,1.12,0.75
24.08.2021 01:42:35.759,7.79208,7.791780000000001,0.75,0.75
24.08.2021 01:42:35.809,7.79209,7.791810000000001,0.75,0.75
24.08.2021 01:42:35.910,7.7920300000000005,7.79175,0.75,0.75
24.08.2021 01:42:37.055,7.7920300000000005,7.79177,0.75,0.37
24.08.2021 01:42:37.312,7.792050000000001,7.79177,0.75,1.12
24.08.2021 01:42:37.665,7.792000000000001,7.79177,0.75,0.37
24.08.2021 01:42:37.716,7.792000000000001,7.79172,0.75,0.75
24.08.2021 01:42:53.337,7.79207,7.79169,0.75,0.75
24.08.2021 01:43:07.806,7.792000000000001,7.79172,0.75,0.75
24.08.2021 01:43:10.654,7.792000000000001,7.79169,0.75,0.75
24.08.2021 01:43:11.586,7.792000000000001,7.79168,0.75,0.75
24.08.2021 01:43:11.680,7.792000000000001,7.79172,0.75,0.75
24.08.2021 01:43:11.886,7.792000000000001,7.79168,0.75,0.75
24.08.2021 01:43:12.577,7.792000000000001,7.7917000000000005,0.75,0.37
24.08.2021 01:43:14.568,7.792000000000001,7.79168,0.75,1.12
24.08.2021 01:43:15.352,7.792000000000001,7.79169,0.75,0.75
24.08.2021 01:43:16.572,7.792000000000001,7.7917000000000005,0.75,0.37
24.08.2021 01:43:32.715,7.79207,7.7917000000000005,0.45,0.37
24.08.2021 01:43:32.825,7.79202,7.7917000000000005,0.37,0.37
24.08.2021 01:43:34.365,7.7920300000000005,7.7917000000000005,0.37,0.37
24.08.2021 01:43:35.825,7.79204,7.7917000000000005,0.37,0.37
24.08.2021 01:43:38.826,7.792050000000001,7.7917000000000005,0.37,0.37
24.08.2021 01:43:40.096,7.79197,7.7917000000000005,0.37,0.37
24.08.2021 01:43:40.197,7.791960000000001,7.79168,0.75,0.75
24.08.2021 01:43:40.298,7.79197,7.79169,0.37,0.75
24.08.2021 01:43:40.499,7.79197,7.79167,0.37,2.25
24.08.2021 01:43:40.968,7.792000000000001,7.79167,0.75,2.25
24.08.2021 01:43:43.704,7.792050000000001,7.7916300000000005,0.37,0.75
24.08.2021 01:43:45.432,7.792060000000001,7.7916300000000005,0.37,0.75
24.08.2021 01:43:46.124,7.792000000000001,7.79167,0.75,2.25
24.08.2021 01:43:58.761,7.792060000000001,7.791660000000001,0.47,0.75
24.08.2021 01:44:06.928,7.791880000000001,7.7916300000000005,0.75,0.67
24.08.2021 01:44:07.079,7.79192,7.79164,0.75,0.75
24.08.2021 01:44:07.130,7.79195,7.79167,0.75,0.75
24.08.2021 01:44:07.240,7.7919,7.79162,0.75,0.75
24.08.2021 01:44:10.608,7.7918899999999995,7.791610000000001,0.75,0.75
24.08.2021 01:44:10.709,7.79179,7.79152,0.75,0.75
24.08.2021 01:44:10.759,7.79185,7.79157,0.75,0.75
24.08.2021 01:44:11.081,7.791830000000001,7.79155,0.75,0.75
24.08.2021 01:44:11.735,7.79184,7.791560000000001,0.75,0.75
24.08.2021 01:44:12.091,7.79182,7.7915399999999995,0.75,0.75
24.08.2021 01:44:19.537,7.791830000000001,7.791560000000001,0.75,0.75
24.08.2021 01:44:20.951,7.79182,7.79155,0.75,0.75
24.08.2021 01:44:21.071,7.79179,7.79152,0.75,0.75
24.08.2021 01:44:39.869,7.791860000000001,7.791430000000001,0.37,1.05
24.08.2021 01:44:39.919,7.791860000000001,7.79149,0.37,0.37
24.08.2021 01:44:40.020,7.791860000000001,7.79149,0.47,0.37
24.08.2021 01:44:41.537,7.791860000000001,7.791460000000001,0.47,0.37
24.08.2021 01:44:47.319,7.791780000000001,7.791510000000001,0.75,0.75
24.08.2021 01:44:50.620,7.791780000000001,7.7915399999999995,0.75,0.37
24.08.2021 01:44:56.801,7.79164,7.79144,0.75,0.37
24.08.2021 01:44:56.852,7.79169,7.791430000000001,0.75,0.67
24.08.2021 01:44:56.952,7.79182,7.79155,0.85,0.75
24.08.2021 01:44:57.003,7.79182,7.79155,0.75,0.75
24.08.2021 01:44:57.053,7.791780000000001,7.791510000000001,0.75,0.75
24.08.2021 01:44:57.104,7.791760000000001,7.791480000000001,0.75,0.75
24.08.2021 01:45:02.237,7.791760000000001,7.791510000000001,0.75,0.75
24.08.2021 01:45:05.496,7.79182,7.79145,0.37,0.37
24.08.2021 01:45:08.574,7.79182,7.791430000000001,0.37,1.05
24.08.2021 01:45:13.739,7.791760000000001,7.79147,0.75,0.75
24.08.2021 01:45:13.868,7.79179,7.79152,0.75,0.75
24.08.2021 01:45:14.203,7.791760000000001,7.7915,0.75,0.75
24.08.2021 01:45:14.329,7.79177,7.79152,0.75,0.75
24.08.2021 01:45:23.235,7.79184,7.79152,0.37,0.75
24.08.2021 01:45:27.204,7.79184,7.791430000000001,0.37,0.67
24.08.2021 01:45:29.329,7.79177,7.791510000000001,0.75,0.75
24.08.2021 01:45:34.952,7.791760000000001,7.791460000000001,0.75,0.75
24.08.2021 01:45:36.188,7.791760000000001,7.791430000000001,0.75,0.67
24.08.2021 01:45:36.239,7.79173,7.791430000000001,0.37,0.67
24.08.2021 01:45:36.340,7.79173,7.791460000000001,0.37,0.75
24.08.2021 01:45:36.440,7.79173,7.791380000000001,0.37,1.12
24.08.2021 01:45:36.491,7.79173,7.79144,0.37,0.37
24.08.2021 01:45:37.344,7.79173,7.79149,0.37,0.75
24.08.2021 01:45:37.394,7.79173,7.79144,0.37,0.37
24.08.2021 01:45:37.495,7.79173,7.7914200000000005,0.37,0.37
24.08.2021 01:45:37.596,7.79173,7.791430000000001,0.37,0.67
24.08.2021 01:45:37.752,7.79164,7.7914200000000005,0.75,0.37
24.08.2021 01:45:37.904,7.79167,7.7914,0.75,0.75
24.08.2021 01:45:38.017,7.791650000000001,7.79139,0.75,0.37
24.08.2021 01:45:40.834,7.791650000000001,7.791380000000001,0.75,0.75
24.08.2021 01:45:40.935,7.79164,7.79137,0.75,0.75
24.08.2021 01:45:40.985,7.79168,7.7914,0.75,0.75
24.08.2021 01:45:56.658,7.79174,7.79133,0.47,0.37
24.08.2021 01:45:57.939,7.79172,7.7914200000000005,0.47,0.75
24.08.2021 01:46:03.727,7.791710000000001,7.7914200000000005,0.37,0.75
24.08.2021 01:46:04.917,7.79172,7.7914200000000005,0.45,0.75
24.08.2021 01:46:09.209,7.79172,7.79137,0.45,0.37
24.08.2021 01:46:09.814,7.79177,7.791380000000001,0.85,0.37
24.08.2021 01:46:10.098,7.791760000000001,7.79137,0.47,0.75
24.08.2021 01:46:11.254,7.79168,7.7914,0.75,0.75
24.08.2021 01:46:16.516,7.79167,7.7914,0.37,0.75
24.08.2021 01:46:16.617,7.7916300000000005,7.791360000000001,0.75,0.75
24.08.2021 01:46:16.768,7.79162,7.79135,0.75,0.75
24.08.2021 01:46:16.919,7.791610000000001,7.79134,0.75,0.75
24.08.2021 01:46:17.032,7.791589999999999,7.79132,0.75,0.75
24.08.2021 01:46:17.192,7.7916300000000005,7.791360000000001,0.75,0.75
24.08.2021 01:46:17.321,7.79162,7.79135,0.75,0.75
24.08.2021 01:46:17.422,7.7916300000000005,7.791360000000001,0.75,0.75
24.08.2021 01:46:17.536,7.791580000000001,7.791310000000001,0.75,0.75
24.08.2021 01:46:17.689,7.7916300000000005,7.791360000000001,0.75,0.75
24.08.2021 01:46:17.841,7.791580000000001,7.791310000000001,0.75,0.75
24.08.2021 01:46:17.987,7.7916300000000005,7.791360000000001,0.75,0.75
24.08.2021 01:46:18.139,7.791580000000001,7.791310000000001,0.75,0.75
24.08.2021 01:46:18.285,7.7916300000000005,7.791360000000001,0.75,0.75
24.08.2021 01:46:18.482,7.791580000000001,7.791310000000001,0.75,0.75
24.08.2021 01:46:18.589,7.7916300000000005,7.791360000000001,0.75,0.75
24.08.2021 01:46:18.785,7.791580000000001,7.791310000000001,0.75,0.75
24.08.2021 01:46:18.895,7.7916300000000005,7.791360000000001,0.75,0.75
24.08.2021 01:46:19.036,7.791580000000001,7.791310000000001,0.75,0.75
24.08.2021 01:46:19.187,7.7916300000000005,7.791360000000001,0.75,0.75
24.08.2021 01:46:19.336,7.791580000000001,7.791310000000001,0.75,0.75
24.08.2021 01:46:19.487,7.7916300000000005,7.791360000000001,0.75,0.75
24.08.2021 01:46:19.636,7.791580000000001,7.791310000000001,0.75,0.75
24.08.2021 01:46:19.787,7.7916300000000005,7.791360000000001,0.75,0.75
24.08.2021 01:46:19.938,7.791580000000001,7.791310000000001,0.75,0.75
24.08.2021 01:46:20.085,7.7916300000000005,7.791360000000001,0.75,0.75
24.08.2021 01:46:20.237,7.79157,7.791300000000001,0.75,0.75
24.08.2021 01:46:20.338,7.791480000000001,7.79124,0.75,0.37
24.08.2021 01:46:20.439,7.79149,7.79122,0.75,2.25
24.08.2021 01:46:20.539,7.791510000000001,7.79124,0.75,0.75
24.08.2021 01:46:20.640,7.7915,7.7912300000000005,0.75,0.75
24.08.2021 01:46:20.741,7.7914200000000005,7.79122,0.75,0.75
24.08.2021 01:46:20.792,7.79147,7.79122,0.75,0.75
24.08.2021 01:46:26.996,7.791430000000001,7.7911399999999995,0.75,0.75
24.08.2021 01:46:40.172,7.79128,7.79107,0.75,0.37
24.08.2021 01:46:40.222,7.79128,7.791,0.75,0.75
24.08.2021 01:46:40.729,7.79124,7.79098,0.75,0.37
24.08.2021 01:46:40.993,7.79124,7.790960000000001,0.75,0.75
24.08.2021 01:46:44.579,7.79124,7.79097,0.75,0.75
24.08.2021 01:46:47.375,7.79128,7.79097,0.75,2.25
24.08.2021 01:46:53.264,7.791260000000001,7.7909500000000005,0.75,0.75
24.08.2021 01:47:04.725,7.791260000000001,7.79097,0.37,0.75
24.08.2021 01:47:05.664,7.79127,7.79097,0.37,0.75
24.08.2021 01:47:07.361,7.79132,7.791060000000001,0.37,0.75
24.08.2021 01:47:07.412,7.79132,7.790960000000001,0.37,0.75
24.08.2021 01:47:07.462,7.791360000000001,7.79107,0.37,0.75
24.08.2021 01:47:07.513,7.791480000000001,7.7911600000000005,1.6,0.75
24.08.2021 01:47:07.613,7.791480000000001,7.791180000000001,0.75,0.75
24.08.2021 01:47:08.963,7.79149,7.791180000000001,0.75,0.75
24.08.2021 01:47:10.727,7.7914200000000005,7.791180000000001,0.37,0.75
24.08.2021 01:47:10.778,7.7914200000000005,7.7911399999999995,0.37,0.75
24.08.2021 01:47:11.488,7.79144,7.7911399999999995,0.75,0.75
24.08.2021 01:47:13.432,7.7914200000000005,7.79112,0.75,0.75
24.08.2021 01:47:17.653,7.79147,7.791180000000001,0.75,0.75
24.08.2021 01:47:19.063,7.79152,7.7912300000000005,0.75,0.75
24.08.2021 01:47:19.214,7.791560000000001,7.791380000000001,0.37,0.75
24.08.2021 01:47:19.264,7.791560000000001,7.79134,0.37,0.75
24.08.2021 01:47:19.365,7.79167,7.791380000000001,0.75,0.75
24.08.2021 01:47:20.180,7.79157,7.79128,0.75,0.75
24.08.2021 01:47:21.036,7.791589999999999,7.79133,0.37,0.75
24.08.2021 01:47:21.187,7.791589999999999,7.791250000000001,0.37,2.25
24.08.2021 01:47:21.318,7.791600000000001,7.791250000000001,0.75,2.25
24.08.2021 01:47:21.368,7.791600000000001,7.79128,0.75,0.75
24.08.2021 01:47:22.683,7.791600000000001,7.79135,0.75,0.75
24.08.2021 01:47:22.733,7.79164,7.79135,0.37,0.75
24.08.2021 01:47:22.784,7.791660000000001,7.79135,0.75,0.75
24.08.2021 01:47:22.900,7.791660000000001,7.791360000000001,0.75,0.75
24.08.2021 01:47:23.003,7.791660000000001,7.791380000000001,0.75,0.75
24.08.2021 01:47:24.272,7.79173,7.791480000000001,1.12,0.75
24.08.2021 01:47:24.423,7.79173,7.79147,0.37,0.75
24.08.2021 01:47:24.529,7.79173,7.791510000000001,0.37,0.75
24.08.2021 01:47:25.251,7.791780000000001,7.791510000000001,1.12,0.75
24.08.2021 01:47:26.551,7.79179,7.791510000000001,0.37,0.75
24.08.2021 01:47:27.518,7.7918,7.791510000000001,0.75,0.75
24.08.2021 01:47:30.083,7.791860000000001,7.791560000000001,0.75,0.75
24.08.2021 01:47:30.233,7.791860000000001,7.79157,0.75,0.75
24.08.2021 01:47:30.284,7.791860000000001,7.79155,0.75,0.75
24.08.2021 01:47:30.385,7.791860000000001,7.7915399999999995,0.75,0.75
24.08.2021 01:47:30.535,7.791860000000001,7.791560000000001,0.75,0.75
24.08.2021 01:47:31.593,7.791860000000001,7.791530000000001,0.75,0.67
24.08.2021 01:47:31.644,7.7918,7.791530000000001,0.75,0.67
24.08.2021 01:47:31.694,7.7918,7.791480000000001,0.75,0.37
24.08.2021 01:47:31.745,7.79175,7.791460000000001,0.75,0.75
24.08.2021 01:47:31.896,7.7917000000000005,7.7914200000000005,0.75,0.75
24.08.2021 01:47:32.393,7.79174,7.7914200000000005,0.75,0.75
24.08.2021 01:47:33.467,7.79167,7.7914200000000005,0.75,0.75
24.08.2021 01:47:33.568,7.791710000000001,7.7914200000000005,0.75,2.25
24.08.2021 01:47:37.606,7.79174,7.79145,0.75,0.75
24.08.2021 01:47:38.130,7.79177,7.7915,0.37,0.75
24.08.2021 01:47:38.353,7.79179,7.7915,0.75,0.75
24.08.2021 01:47:41.416,7.79177,7.791480000000001,0.75,0.75
24.08.2021 01:47:44.972,7.79177,7.791480000000001,0.85,0.75
24.08.2021 01:47:46.176,7.79172,7.79145,0.75,0.37
24.08.2021 01:47:46.332,7.79169,7.79145,0.75,0.37
24.08.2021 01:47:46.382,7.79169,7.79139,0.75,0.75
24.08.2021 01:47:46.965,7.79168,7.791380000000001,0.75,0.37
24.08.2021 01:47:47.066,7.79164,7.791380000000001,0.75,0.37
24.08.2021 01:47:47.192,7.79164,7.79134,0.75,0.75
24.08.2021 01:47:54.181,7.79164,7.79135,0.82,0.37
24.08.2021 01:47:54.625,7.79164,7.79134,0.82,0.75
24.08.2021 01:47:58.654,7.791510000000001,7.79133,0.75,0.67
24.08.2021 01:47:58.704,7.79134,7.7911,0.75,1.12
24.08.2021 01:47:58.805,7.79134,7.79109,0.82,0.37
24.08.2021 01:47:58.856,7.79128,7.791030000000001,0.75,0.67
24.08.2021 01:47:58.906,7.79128,7.791,0.85,0.37
24.08.2021 01:47:59.057,7.79124,7.79094,0.75,1.12
24.08.2021 01:48:05.013,7.791250000000001,7.7909500000000005,0.82,0.75
24.08.2021 01:48:09.369,7.791210000000001,7.790910000000001,0.75,0.75
24.08.2021 01:48:09.493,7.791210000000001,7.79092,0.75,0.75
24.08.2021 01:48:09.646,7.79124,7.79094,0.85,0.75
24.08.2021 01:48:09.976,7.79124,7.79094,0.85,0.75
24.08.2021 01:48:11.112,7.791189999999999,7.79092,0.75,0.75
24.08.2021 01:48:11.163,7.791189999999999,7.79089,0.75,0.75
24.08.2021 01:48:11.264,7.791189999999999,7.79089,0.85,0.75
24.08.2021 01:48:11.466,7.791189999999999,7.79089,0.85,0.75
24.08.2021 01:48:12.672,7.791189999999999,7.79089,0.85,0.75
24.08.2021 01:48:12.764,7.79117,7.79087,0.85,0.75
24.08.2021 01:48:14.767,7.79117,7.790900000000001,0.85,0.37
24.08.2021 01:48:17.005,7.79117,7.790900000000001,0.82,0.37
24.08.2021 01:48:17.176,7.791200000000001,7.790910000000001,0.85,0.37
24.08.2021 01:48:19.180,7.791200000000001,7.790900000000001,0.85,0.75
24.08.2021 01:48:33.914,7.791200000000001,7.790910000000001,0.47,0.75
24.08.2021 01:48:35.215,7.79117,7.79092,0.45,0.37
24.08.2021 01:48:37.423,7.791210000000001,7.79093,0.85,0.37
24.08.2021 01:48:38.614,7.791210000000001,7.79094,0.85,0.37
24.08.2021 01:48:39.624,7.791210000000001,7.7909500000000005,0.85,0.37
24.08.2021 01:48:40.634,7.791210000000001,7.79094,0.85,0.37
24.08.2021 01:48:46.698,7.79122,7.7909500000000005,0.47,0.37
24.08.2021 01:48:47.709,7.791210000000001,7.79094,0.85,0.37
24.08.2021 01:48:50.729,7.791210000000001,7.7909500000000005,0.85,0.37
24.08.2021 01:48:51.741,7.791210000000001,7.79094,0.85,0.37
24.08.2021 01:48:57.820,7.791210000000001,7.7909500000000005,0.85,0.37
24.08.2021 01:48:58.833,7.791210000000001,7.79094,0.85,0.37
24.08.2021 01:49:00.307,7.791210000000001,7.79094,0.85,0.37
24.08.2021 01:49:04.895,7.791210000000001,7.7909500000000005,0.85,0.37
24.08.2021 01:49:05.905,7.791210000000001,7.79094,0.85,0.37
24.08.2021 01:49:08.301,7.791200000000001,7.79093,0.47,0.75
24.08.2021 01:49:08.402,7.791200000000001,7.79097,0.47,0.37
24.08.2021 01:49:08.503,7.791200000000001,7.79097,0.47,0.37
24.08.2021 01:49:08.788,7.791200000000001,7.79093,0.47,0.37
24.08.2021 01:49:10.242,7.791200000000001,7.79092,0.47,0.75
24.08.2021 01:49:13.776,7.791200000000001,7.79092,0.47,0.75
24.08.2021 01:49:23.992,7.791200000000001,7.79092,1.22,0.75
24.08.2021 01:49:26.062,7.791180000000001,7.79092,0.47,0.37
24.08.2021 01:49:26.292,7.79117,7.79094,0.47,0.37
24.08.2021 01:49:26.563,7.79117,7.79094,0.45,0.37
24.08.2021 01:49:27.295,7.79115,7.79094,0.37,0.37
24.08.2021 01:49:29.318,7.79115,7.790960000000001,0.37,0.75
24.08.2021 01:49:29.368,7.7912300000000005,7.790960000000001,0.47,0.75
24.08.2021 01:49:29.419,7.7912300000000005,7.790960000000001,0.47,0.75
24.08.2021 01:49:29.520,7.79124,7.7909500000000005,0.85,0.37
24.08.2021 01:49:29.717,7.791260000000001,7.790960000000001,2.35,0.75
24.08.2021 01:49:29.864,7.791260000000001,7.790960000000001,2.35,0.75
24.08.2021 01:49:33.923,7.791210000000001,7.7909500000000005,0.75,0.37
24.08.2021 01:49:33.973,7.791260000000001,7.790960000000001,2.35,0.75
24.08.2021 01:49:34.024,7.791260000000001,7.790960000000001,0.85,0.75
24.08.2021 01:49:34.156,7.791260000000001,7.790960000000001,0.85,0.75
24.08.2021 01:49:34.379,7.791260000000001,7.790960000000001,0.85,0.75
24.08.2021 01:49:41.281,7.791260000000001,7.790960000000001,0.85,0.75
24.08.2021 01:49:43.871,7.79122,7.79092,0.85,0.75
24.08.2021 01:49:43.989,7.791260000000001,7.790960000000001,0.85,0.75
24.08.2021 01:49:44.282,7.791260000000001,7.790960000000001,0.85,0.75
24.08.2021 01:49:44.439,7.791260000000001,7.790960000000001,0.85,0.75
24.08.2021 01:49:44.645,7.791260000000001,7.790960000000001,0.85,0.75
24.08.2021 01:49:49.719,7.791260000000001,7.790960000000001,0.75,0.75
24.08.2021 01:50:01.146,7.79133,7.7909500000000005,0.85,0.37
24.08.2021 01:50:01.693,7.79133,7.7909500000000005,0.85,0.37
24.08.2021 01:50:10.897,7.791210000000001,7.7909500000000005,0.75,0.37
24.08.2021 01:50:11.048,7.791210000000001,7.79094,0.75,0.37
24.08.2021 01:50:11.149,7.791210000000001,7.79093,0.75,0.37
24.08.2021 01:50:13.413,7.791210000000001,7.79092,0.75,0.37
24.08.2021 01:50:14.029,7.791210000000001,7.79093,0.75,0.37
24.08.2021 01:50:20.953,7.791210000000001,7.790910000000001,0.75,0.75
24.08.2021 01:50:26.934,7.791189999999999,7.790910000000001,0.37,0.75
24.08.2021 01:50:27.936,7.791189999999999,7.79092,0.37,0.37
24.08.2021 01:50:29.992,7.791189999999999,7.79093,0.37,0.37
24.08.2021 01:50:32.961,7.791180000000001,7.79093,0.37,0.37
24.08.2021 01:50:36.966,7.79117,7.79094,0.37,0.37
24.08.2021 01:51:02.509,7.79122,7.790960000000001,1.12,0.37
24.08.2021 01:51:17.542,7.791210000000001,7.79097,0.37,0.37
24.08.2021 01:51:21.550,7.79122,7.7909500000000005,0.75,0.37
24.08.2021 01:51:21.818,7.7912300000000005,7.7909500000000005,0.37,0.37
24.08.2021 01:51:39.316,7.7912300000000005,7.79097,0.37,0.75
24.08.2021 01:51:39.468,7.79129,7.79097,0.37,0.75
24.08.2021 01:51:39.595,7.791300000000001,7.79097,0.82,0.75
24.08.2021 01:51:47.281,7.791260000000001,7.79097,0.37,0.75
24.08.2021 01:51:50.286,7.79129,7.79097,0.37,1.12
24.08.2021 01:51:51.608,7.79128,7.79097,0.37,0.75
24.08.2021 01:51:52.614,7.79127,7.79097,0.37,0.75
24.08.2021 01:51:53.401,7.79135,7.7910200000000005,1.6,0.75
24.08.2021 01:51:53.452,7.79135,7.7910200000000005,1.5,0.75
24.08.2021 01:51:53.552,7.79135,7.79107,0.37,0.75
24.08.2021 01:51:53.603,7.791430000000001,7.7911,0.47,0.75
24.08.2021 01:51:53.653,7.791430000000001,7.7911600000000005,0.37,0.75
24.08.2021 01:51:53.754,7.79152,7.791189999999999,0.75,0.75
24.08.2021 01:51:53.804,7.79155,7.79122,0.75,0.75
24.08.2021 01:51:53.905,7.791600000000001,7.79129,0.37,0.75
24.08.2021 01:51:54.006,7.791600000000001,7.791360000000001,0.37,0.75
24.08.2021 01:51:54.057,7.791600000000001,7.79132,0.37,0.75
24.08.2021 01:51:54.107,7.791610000000001,7.79135,0.37,0.75
24.08.2021 01:51:54.208,7.79167,7.791360000000001,0.75,0.75
24.08.2021 01:51:54.595,7.79168,7.791360000000001,0.82,0.75
24.08.2021 01:52:01.881,7.79164,7.791300000000001,0.82,0.75
24.08.2021 01:52:01.932,7.79162,7.791300000000001,0.75,0.75
24.08.2021 01:52:02.037,7.7916300000000005,7.791300000000001,0.82,0.75
24.08.2021 01:52:03.052,7.79157,7.79124,0.75,0.75
24.08.2021 01:52:03.153,7.791560000000001,7.791200000000001,0.85,0.75
24.08.2021 01:52:03.386,7.79155,7.791200000000001,0.85,0.75
24.08.2021 01:52:03.704,7.7915399999999995,7.791200000000001,0.37,0.75
24.08.2021 01:52:03.875,7.791589999999999,7.791200000000001,0.85,0.75
24.08.2021 01:52:04.005,7.791610000000001,7.791200000000001,0.47,0.75
24.08.2021 01:52:04.055,7.791610000000001,7.791300000000001,0.37,0.75
24.08.2021 01:52:04.257,7.79167,7.791360000000001,0.37,0.75
24.08.2021 01:52:04.358,7.79173,7.791360000000001,0.45,0.75
24.08.2021 01:52:04.408,7.79173,7.7914,0.37,0.75
24.08.2021 01:52:04.459,7.79179,7.791360000000001,0.37,0.37
24.08.2021 01:52:04.510,7.79185,7.791360000000001,0.82,0.37
24.08.2021 01:52:04.662,7.791860000000001,7.791560000000001,0.47,0.75
24.08.2021 01:52:04.712,7.791930000000001,7.791560000000001,0.45,0.75
24.08.2021 01:52:04.763,7.791930000000001,7.791480000000001,0.37,0.37
24.08.2021 01:52:04.814,7.7918899999999995,7.791560000000001,0.75,0.75
24.08.2021 01:52:04.915,7.79199,7.79147,0.45,0.37
24.08.2021 01:52:04.966,7.791930000000001,7.791600000000001,0.75,0.75
24.08.2021 01:52:05.069,7.791860000000001,7.791530000000001,0.75,0.75
24.08.2021 01:52:05.170,7.7918899999999995,7.791560000000001,0.75,0.75
24.08.2021 01:52:05.271,7.791939999999999,7.791610000000001,0.75,0.75
24.08.2021 01:52:08.501,7.79192,7.791610000000001,0.37,0.75
24.08.2021 01:52:08.551,7.791810000000001,7.791480000000001,0.75,0.75
24.08.2021 01:52:08.602,7.79175,7.79144,0.82,0.75
24.08.2021 01:52:08.652,7.79177,7.7914,1.22,0.75
24.08.2021 01:52:08.904,7.79172,7.7914,0.82,0.75
24.08.2021 01:52:09.260,7.79172,7.79139,2.32,0.75
24.08.2021 01:52:09.433,7.791710000000001,7.79139,0.45,0.75
24.08.2021 01:52:10.394,7.79162,7.79133,0.37,0.75
24.08.2021 01:52:10.445,7.79162,7.791300000000001,0.37,0.75
24.08.2021 01:52:10.697,7.79162,7.791300000000001,0.47,0.75
24.08.2021 01:52:10.848,7.79162,7.791300000000001,0.45,0.75
24.08.2021 01:52:12.707,7.791589999999999,7.791260000000001,2.25,0.75
24.08.2021 01:52:12.808,7.791580000000001,7.791200000000001,0.85,0.75
24.08.2021 01:52:12.858,7.79157,7.791260000000001,0.45,0.75
24.08.2021 01:52:12.959,7.79157,7.79124,1.22,0.75
24.08.2021 01:52:13.891,7.791560000000001,7.79124,0.85,0.75
24.08.2021 01:52:13.942,7.79157,7.791200000000001,1.22,0.75
24.08.2021 01:52:13.993,7.79155,7.791250000000001,0.85,0.75
24.08.2021 01:52:14.108,7.791530000000001,7.791200000000001,0.82,0.75
24.08.2021 01:52:14.209,7.79155,7.79122,2.35,0.75
24.08.2021 01:52:18.734,7.79155,7.7912300000000005,0.85,0.75
24.08.2021 01:52:19.022,7.79155,7.791200000000001,0.85,0.75
24.08.2021 01:52:19.072,7.79155,7.7912300000000005,0.85,0.75
24.08.2021 01:52:19.206,7.79155,7.79128,0.85,0.75
24.08.2021 01:52:19.257,7.79155,7.79122,2.35,0.75
24.08.2021 01:52:19.324,7.79155,7.79124,0.85,0.75
24.08.2021 01:52:20.577,7.79155,7.79124,0.75,0.75
24.08.2021 01:52:23.123,7.79157,7.79124,1.12,0.75
24.08.2021 01:52:23.279,7.79157,7.79128,0.37,0.75
24.08.2021 01:52:28.937,7.791580000000001,7.79128,0.37,0.75
24.08.2021 01:52:29.088,7.791589999999999,7.79128,0.37,0.75
24.08.2021 01:52:29.189,7.791650000000001,7.79134,0.75,0.75
24.08.2021 01:52:33.538,7.79168,7.79134,0.37,0.75
24.08.2021 01:52:33.589,7.79168,7.791460000000001,0.37,0.75
24.08.2021 01:52:33.639,7.79168,7.791410000000001,0.37,0.75
24.08.2021 01:52:33.690,7.79172,7.79145,0.37,0.75
24.08.2021 01:52:33.740,7.79177,7.79144,0.75,0.75
24.08.2021 01:52:33.791,7.791780000000001,7.7915399999999995,0.37,0.75
24.08.2021 01:52:33.841,7.791830000000001,7.79157,0.37,0.75
24.08.2021 01:52:33.892,7.791830000000001,7.7915399999999995,0.37,0.75
24.08.2021 01:52:34.043,7.791860000000001,7.79155,0.37,0.75
24.08.2021 01:52:34.093,7.791860000000001,7.791589999999999,0.37,0.75
24.08.2021 01:52:34.236,7.791939999999999,7.791610000000001,0.75,0.75
24.08.2021 01:52:34.459,7.791910000000001,7.791580000000001,0.75,0.75
24.08.2021 01:52:34.711,7.79195,7.79162,2.25,0.75
24.08.2021 01:52:34.761,7.791910000000001,7.79139,0.75,0.85
24.08.2021 01:52:34.811,7.79195,7.79162,2.62,0.75
24.08.2021 01:52:34.862,7.791910000000001,7.79139,0.75,0.85
24.08.2021 01:52:34.912,7.79192,7.791589999999999,0.75,0.75
24.08.2021 01:52:35.013,7.79195,7.79162,2.62,0.75
24.08.2021 01:52:35.291,7.792000000000001,7.791510000000001,0.37,0.37
24.08.2021 01:52:35.342,7.792000000000001,7.791660000000001,1.12,0.75
24.08.2021 01:52:35.493,7.792000000000001,7.791560000000001,0.37,0.85
24.08.2021 01:52:35.543,7.792000000000001,7.791710000000001,0.37,0.75
24.08.2021 01:52:35.648,7.791980000000001,7.791650000000001,0.75,0.75
24.08.2021 01:52:35.699,7.792000000000001,7.79172,0.37,0.75
24.08.2021 01:52:35.799,7.792000000000001,7.79167,1.12,0.75
24.08.2021 01:52:35.850,7.79195,7.79162,0.75,0.75
24.08.2021 01:52:35.951,7.792000000000001,7.79168,0.37,0.75
24.08.2021 01:52:36.001,7.79199,7.791660000000001,0.75,0.75
24.08.2021 01:52:38.802,7.791939999999999,7.791660000000001,0.37,0.75
24.08.2021 01:52:39.018,7.791939999999999,7.79164,0.37,0.75
24.08.2021 01:52:39.249,7.791880000000001,7.79155,0.75,0.75
24.08.2021 01:52:39.350,7.79187,7.7915,0.75,0.75
24.08.2021 01:52:39.451,7.791760000000001,7.7915,0.37,0.75
24.08.2021 01:52:40.933,7.79177,7.7915,0.37,0.75
24.08.2021 01:52:43.933,7.791780000000001,7.7915,0.37,0.75
24.08.2021 01:52:44.605,7.791880000000001,7.7915,0.37,0.75
24.08.2021 01:52:44.706,7.791880000000001,7.791580000000001,0.37,0.75
24.08.2021 01:52:44.757,7.791810000000001,7.791480000000001,0.75,0.75
24.08.2021 01:52:44.807,7.79185,7.79152,0.75,0.75
24.08.2021 01:52:44.908,7.791880000000001,7.79155,1.12,0.75
24.08.2021 01:52:45.091,7.79185,7.79152,0.75,0.75
24.08.2021 01:52:45.223,7.79187,7.7915399999999995,0.75,0.75
24.08.2021 01:52:46.061,7.79185,7.7915399999999995,0.37,0.75
24.08.2021 01:52:47.562,7.791860000000001,7.7915399999999995,0.37,0.75
24.08.2021 01:52:51.736,7.791860000000001,7.79155,0.37,0.75
24.08.2021 01:52:52.027,7.791880000000001,7.79155,0.75,0.75
24.08.2021 01:52:52.137,7.79187,7.7915399999999995,0.75,0.75
24.08.2021 01:53:07.789,7.791830000000001,7.791560000000001,0.37,0.37
24.08.2021 01:53:10.760,7.791910000000001,7.79144,0.37,0.85
24.08.2021 01:53:10.871,7.791910000000001,7.79144,0.37,0.85
24.08.2021 01:53:11.091,7.791910000000001,7.7914200000000005,1.12,2.35
24.08.2021 01:53:11.317,7.791910000000001,7.7914200000000005,1.12,0.85
24.08.2021 01:53:12.042,7.79192,7.791589999999999,0.75,0.75
24.08.2021 01:53:12.175,7.791860000000001,7.791530000000001,0.75,0.75
24.08.2021 01:53:12.315,7.79187,7.7915399999999995,0.75,0.75
24.08.2021 01:53:13.973,7.791880000000001,7.791589999999999,0.37,0.75
24.08.2021 01:53:14.125,7.791880000000001,7.791610000000001,0.37,0.75
24.08.2021 01:53:14.175,7.791880000000001,7.79155,1.12,1.12
24.08.2021 01:53:14.335,7.791880000000001,7.79157,0.37,0.75
24.08.2021 01:53:14.436,7.7919,7.79157,0.75,0.75
24.08.2021 01:53:15.409,7.791910000000001,7.79162,0.37,0.75
24.08.2021 01:53:15.560,7.7919,7.79157,0.75,0.75
24.08.2021 01:53:15.611,7.791880000000001,7.79155,0.75,0.75
24.08.2021 01:53:15.712,7.7919,7.79157,0.75,0.75
24.08.2021 01:53:21.758,7.7919,7.791580000000001,0.75,0.37
24.08.2021 01:53:22.389,7.7918899999999995,7.791580000000001,0.75,0.37
24.08.2021 01:53:23.827,7.7918899999999995,7.79157,0.75,0.37
24.08.2021 01:53:29.846,7.7918899999999995,7.791580000000001,1.12,0.37
24.08.2021 01:53:30.901,7.79187,7.791600000000001,0.37,0.37
24.08.2021 01:53:32.908,7.791880000000001,7.791589999999999,0.37,0.37
24.08.2021 01:53:33.009,7.79184,7.791530000000001,0.75,0.75
24.08.2021 01:53:33.059,7.79179,7.791480000000001,0.75,0.75
24.08.2021 01:53:33.160,7.791780000000001,7.79147,0.75,0.75
24.08.2021 01:53:33.211,7.791810000000001,7.791480000000001,0.75,0.75
24.08.2021 01:53:33.365,7.79179,7.79147,0.75,0.75
24.08.2021 01:53:36.372,7.79179,7.791460000000001,1.12,0.75
24.08.2021 01:53:47.985,7.79173,7.79144,0.75,0.75
24.08.2021 01:53:48.036,7.79173,7.7914,0.75,0.75
24.08.2021 01:53:50.482,7.79177,7.79144,0.75,0.75
24.08.2021 01:53:53.242,7.79168,7.791380000000001,0.75,0.75
24.08.2021 01:53:53.292,7.79168,7.79135,0.75,0.75
24.08.2021 01:53:53.393,7.79174,7.791460000000001,0.75,0.75
24.08.2021 01:53:53.494,7.79174,7.7914200000000005,0.75,0.75
24.08.2021 01:53:53.545,7.79172,7.79129,0.75,0.37
24.08.2021 01:53:53.595,7.79167,7.79134,0.75,0.75
24.08.2021 01:53:53.696,7.79172,7.79139,2.25,0.75
24.08.2021 01:53:53.797,7.79169,7.791360000000001,0.75,0.75
24.08.2021 01:53:54.278,7.79164,7.791360000000001,0.37,0.75
24.08.2021 01:53:54.328,7.79164,7.791310000000001,1.12,0.75
24.08.2021 01:53:54.480,7.79162,7.79129,0.75,0.75
24.08.2021 01:54:02.594,7.79157,7.79124,0.75,0.75
24.08.2021 01:54:07.674,7.79162,7.79129,0.75,0.75
24.08.2021 01:54:07.876,7.7916300000000005,7.791300000000001,1.12,0.75
24.08.2021 01:54:08.996,7.79168,7.79135,1.12,0.75
24.08.2021 01:54:09.197,7.79169,7.791360000000001,0.75,0.75
24.08.2021 01:54:09.890,7.791660000000001,7.791360000000001,0.37,0.75
24.08.2021 01:54:10.891,7.79168,7.791360000000001,0.37,0.75
24.08.2021 01:54:11.929,7.79167,7.791360000000001,0.37,0.75
24.08.2021 01:54:16.243,7.791580000000001,7.791300000000001,0.75,0.37
24.08.2021 01:54:16.293,7.791580000000001,7.79127,0.75,0.75
24.08.2021 01:54:16.346,7.791580000000001,7.791250000000001,0.75,2.62
24.08.2021 01:54:16.401,7.791610000000001,7.79129,0.75,0.75
24.08.2021 01:54:16.452,7.791589999999999,7.791260000000001,2.25,0.75
24.08.2021 01:54:24.379,7.79157,7.791250000000001,0.75,0.37
24.08.2021 01:54:25.475,7.79162,7.79129,1.5,0.75
24.08.2021 01:54:25.676,7.79162,7.791310000000001,0.37,0.75
24.08.2021 01:54:25.966,7.79164,7.791310000000001,0.75,0.75
24.08.2021 01:54:33.891,7.79164,7.7914,0.37,0.75
24.08.2021 01:54:33.942,7.79167,7.7914200000000005,0.37,0.75
24.08.2021 01:54:34.055,7.79167,7.79139,0.37,0.75
24.08.2021 01:54:34.465,7.79168,7.79139,0.37,0.75
24.08.2021 01:54:34.944,7.791710000000001,7.79139,0.37,0.75
24.08.2021 01:54:35.723,7.791710000000001,7.79134,0.37,0.37
24.08.2021 01:54:36.172,7.79174,7.79137,0.37,0.37
24.08.2021 01:54:37.190,7.791710000000001,7.79134,0.37,0.37
24.08.2021 01:54:40.083,7.791710000000001,7.79139,0.37,0.75
24.08.2021 01:54:40.955,7.79172,7.79139,2.25,0.75
24.08.2021 01:54:42.959,7.791710000000001,7.79139,0.37,0.75
24.08.2021 01:54:43.793,7.791660000000001,7.79134,0.75,0.37
24.08.2021 01:54:43.844,7.791660000000001,7.79132,0.75,0.75
24.08.2021 01:54:43.945,7.79167,7.79134,0.75,0.75
24.08.2021 01:54:47.885,7.79169,7.791360000000001,0.75,0.75
24.08.2021 01:54:48.010,7.791660000000001,7.791360000000001,0.75,0.75
24.08.2021 01:54:48.411,7.791650000000001,7.791360000000001,0.37,0.75
24.08.2021 01:54:48.461,7.79164,7.791310000000001,0.75,0.75
24.08.2021 01:54:48.560,7.791650000000001,7.79133,1.12,0.75
24.08.2021 01:54:48.661,7.7916300000000005,7.79133,0.75,0.75
24.08.2021 01:54:48.761,7.7916300000000005,7.791310000000001,0.75,0.75
24.08.2021 01:54:48.819,7.79162,7.79129,0.75,0.75
24.08.2021 01:54:49.574,7.791610000000001,7.79129,0.37,0.75
24.08.2021 01:54:50.585,7.791600000000001,7.79129,0.37,0.75
24.08.2021 01:54:51.587,7.79162,7.79129,0.75,0.75
24.08.2021 01:54:54.604,7.791600000000001,7.79129,0.37,0.75
24.08.2021 01:54:55.610,7.791589999999999,7.79129,0.37,0.75
24.08.2021 01:55:01.650,7.791589999999999,7.79124,0.37,0.37
24.08.2021 01:55:01.701,7.79164,7.79122,0.75,1.12
24.08.2021 01:55:01.751,7.79164,7.791310000000001,1.12,0.75
24.08.2021 01:55:08.007,7.7916300000000005,7.791310000000001,0.37,0.75
24.08.2021 01:55:09.013,7.791610000000001,7.791310000000001,0.37,0.75
24.08.2021 01:55:13.018,7.791600000000001,7.791310000000001,0.37,0.75
24.08.2021 01:55:15.716,7.79164,7.791310000000001,0.75,0.75
24.08.2021 01:55:20.032,7.7916300000000005,7.791310000000001,0.37,0.75
24.08.2021 01:55:44.065,7.7916300000000005,7.79133,0.37,0.75
24.08.2021 01:55:44.177,7.79164,7.79133,0.37,0.75
24.08.2021 01:55:44.747,7.79164,7.791250000000001,0.37,0.94
24.08.2021 01:55:45.514,7.79164,7.79129,0.37,0.37
24.08.2021 01:55:49.119,7.79164,7.79134,0.37,0.75
24.08.2021 01:56:04.455,7.79164,7.791260000000001,0.37,0.37
24.08.2021 01:56:10.133,7.7916300000000005,7.791260000000001,0.37,0.37
24.08.2021 01:56:13.056,7.79164,7.791260000000001,0.37,0.37
24.08.2021 01:56:14.359,7.79164,7.79134,0.37,0.75
24.08.2021 01:56:17.081,7.7916300000000005,7.79134,0.37,0.75
24.08.2021 01:56:18.083,7.79162,7.79134,0.37,0.75
24.08.2021 01:56:18.488,7.79162,7.79127,0.37,0.37
24.08.2021 01:56:23.294,7.79162,7.79134,0.37,0.75
24.08.2021 01:56:24.116,7.79164,7.79134,0.37,0.75
24.08.2021 01:56:29.602,7.79164,7.791360000000001,0.37,0.75
24.08.2021 01:56:30.209,7.7916300000000005,7.791360000000001,0.37,0.75
24.08.2021 01:56:31.199,7.791600000000001,7.791360000000001,0.37,1.12
24.08.2021 01:56:31.477,7.7916300000000005,7.791360000000001,0.37,0.75
24.08.2021 01:56:34.185,7.79162,7.791360000000001,0.37,0.75
24.08.2021 01:56:38.443,7.791650000000001,7.791360000000001,0.37,0.75
24.08.2021 01:56:39.501,7.79164,7.791360000000001,0.37,0.75
24.08.2021 01:56:43.011,7.79164,7.79134,0.37,0.75
24.08.2021 01:56:43.146,7.79164,7.791380000000001,0.37,0.75
24.08.2021 01:56:43.247,7.791650000000001,7.791380000000001,0.37,0.75
24.08.2021 01:56:43.361,7.791650000000001,7.7914,0.37,0.75
24.08.2021 01:56:43.515,7.791650000000001,7.79137,0.37,0.75
24.08.2021 01:56:44.208,7.79168,7.79137,0.37,0.75
24.08.2021 01:56:45.307,7.79167,7.79137,0.37,0.75
24.08.2021 01:56:46.312,7.791660000000001,7.79137,0.37,0.75
24.08.2021 01:56:47.315,7.79167,7.79137,0.37,0.75
24.08.2021 01:56:51.128,7.79168,7.79137,0.37,0.75
24.08.2021 01:56:55.866,7.79168,7.791360000000001,0.37,0.75
24.08.2021 01:56:56.229,7.79167,7.791360000000001,0.37,0.75
24.08.2021 01:56:57.276,7.791660000000001,7.791360000000001,0.37,0.75
24.08.2021 01:57:01.898,7.79168,7.791360000000001,0.37,0.75
24.08.2021 01:57:03.271,7.79167,7.791360000000001,0.37,0.75
24.08.2021 01:57:03.372,7.79164,7.791310000000001,0.75,0.75
24.08.2021 01:57:03.472,7.79162,7.79129,0.75,0.86
24.08.2021 01:57:06.453,7.791580000000001,7.79129,0.37,0.86
24.08.2021 01:57:07.459,7.79157,7.79129,0.37,0.86
24.08.2021 01:57:10.747,7.791580000000001,7.79129,0.37,0.86
24.08.2021 01:57:11.801,7.79157,7.79129,0.37,0.86
24.08.2021 01:57:16.880,7.79157,7.79128,0.37,0.75
24.08.2021 01:57:17.269,7.791610000000001,7.79128,1.12,1.12
24.08.2021 01:57:19.840,7.791600000000001,7.791310000000001,0.37,0.37
24.08.2021 01:57:20.844,7.791589999999999,7.791310000000001,0.37,0.37
24.08.2021 01:57:24.287,7.791580000000001,7.791310000000001,0.37,0.37
24.08.2021 01:57:34.181,7.79155,7.79124,0.75,0.37
24.08.2021 01:57:34.332,7.791580000000001,7.791260000000001,0.37,0.75
24.08.2021 01:57:34.383,7.791560000000001,7.79124,0.75,0.37
24.08.2021 01:57:35.239,7.791560000000001,7.7912300000000005,1.12,0.75
24.08.2021 01:57:44.040,7.79155,7.79122,0.75,2.25
24.08.2021 01:57:44.551,7.79155,7.79124,1.12,0.37
24.08.2021 01:57:45.556,7.7915399999999995,7.79124,0.37,0.37
24.08.2021 01:57:50.567,7.79155,7.79124,0.75,0.37
24.08.2021 01:57:52.486,7.79149,7.79124,0.75,0.37
24.08.2021 01:57:52.537,7.79149,7.791200000000001,0.75,0.37
24.08.2021 01:57:52.638,7.7915,7.791200000000001,0.37,0.37
24.08.2021 01:57:53.649,7.79149,7.791180000000001,0.37,1.12
24.08.2021 01:57:54.610,7.791480000000001,7.791180000000001,0.37,1.12
24.08.2021 01:57:58.624,7.79149,7.791189999999999,0.37,0.37
24.08.2021 01:58:02.359,7.7915,7.791200000000001,0.37,0.37
24.08.2021 01:58:07.398,7.791480000000001,7.791189999999999,0.37,0.75
24.08.2021 01:58:08.401,7.79147,7.791189999999999,0.37,1.12
24.08.2021 01:58:10.344,7.79145,7.791210000000001,0.37,0.37
24.08.2021 01:58:19.383,7.79144,7.791210000000001,0.37,0.37
24.08.2021 01:58:20.129,7.79144,7.791250000000001,0.37,0.75
24.08.2021 01:58:20.179,7.791530000000001,7.791250000000001,0.75,0.75
24.08.2021 01:58:20.284,7.7915399999999995,7.791210000000001,2.25,0.75
24.08.2021 01:58:20.397,7.79152,7.79122,0.37,0.37
24.08.2021 01:58:21.001,7.79152,7.7912300000000005,0.37,0.75
24.08.2021 01:58:23.430,7.791530000000001,7.7912300000000005,0.37,1.12
24.08.2021 01:58:30.413,7.791530000000001,7.791250000000001,0.37,0.75
24.08.2021 01:58:30.464,7.79155,7.791250000000001,0.37,1.12
24.08.2021 01:58:35.427,7.7915399999999995,7.791250000000001,0.37,0.75
24.08.2021 01:58:36.427,7.791530000000001,7.791250000000001,0.37,0.75
24.08.2021 01:58:37.429,7.79152,7.791250000000001,0.37,0.75
24.08.2021 01:58:43.037,7.791560000000001,7.791250000000001,0.37,0.75
24.08.2021 01:58:55.119,7.791560000000001,7.79124,0.37,0.37
24.08.2021 01:59:00.736,7.791560000000001,7.791250000000001,0.37,0.75
24.08.2021 01:59:30.946,7.791560000000001,7.79124,0.37,0.37
24.08.2021 01:59:43.263,7.791610000000001,7.7911600000000005,0.47,0.47
24.08.2021 01:59:45.077,7.791589999999999,7.791250000000001,0.85,0.75
24.08.2021 01:59:46.726,7.791589999999999,7.791300000000001,0.75,0.75
24.08.2021 01:59:46.777,7.791610000000001,7.791300000000001,0.82,0.75
24.08.2021 01:59:46.827,7.79155,7.791300000000001,0.37,1.12
24.08.2021 01:59:47.185,7.791560000000001,7.79133,0.37,0.75
24.08.2021 01:59:48.032,7.791560000000001,7.79134,0.37,0.75
24.08.2021 01:59:49.834,7.79157,7.79134,0.37,0.75
24.08.2021 01:59:49.985,7.791560000000001,7.79134,0.37,0.75
24.08.2021 02:00:06.748,7.791560000000001,7.7912300000000005,0.37,0.85
24.08.2021 02:00:12.625,7.79157,7.7912300000000005,0.37,0.85
24.08.2021 02:00:13.625,7.791560000000001,7.7912300000000005,0.37,0.85
24.08.2021 02:00:18.146,7.791560000000001,7.79134,0.37,0.75
24.08.2021 02:00:29.977,7.79157,7.79134,0.37,0.75
24.08.2021 02:00:30.981,7.791560000000001,7.79134,0.37,0.75
24.08.2021 02:00:44.745,7.791560000000001,7.791250000000001,0.37,0.82
24.08.2021 02:00:44.795,7.791650000000001,7.791380000000001,0.85,0.75
24.08.2021 02:00:44.846,7.791660000000001,7.79139,0.85,0.75
24.08.2021 02:00:44.946,7.79167,7.79144,0.37,0.75
24.08.2021 02:00:45.047,7.79169,7.79144,0.37,0.75
24.08.2021 02:00:45.404,7.79174,7.79144,0.37,0.75
24.08.2021 02:00:46.122,7.79175,7.79144,1.12,0.75
24.08.2021 02:00:47.553,7.791760000000001,7.79144,0.75,0.75
24.08.2021 02:01:07.689,7.791760000000001,7.791360000000001,0.37,0.37
24.08.2021 02:01:07.903,7.79177,7.791360000000001,0.75,0.37
24.08.2021 02:01:08.744,7.791760000000001,7.79137,0.37,0.37
24.08.2021 02:01:15.442,7.791760000000001,7.79144,0.75,0.75
24.08.2021 02:01:27.776,7.79175,7.79144,0.37,0.75
24.08.2021 02:01:30.624,7.7917000000000005,7.79144,0.37,0.75
24.08.2021 02:01:42.747,7.7917000000000005,7.791380000000001,0.37,0.37
