Gmt time,Ask,Bid,AskVolume,BidVolume
09.08.2021 00:00:00.100,301.318,300.85900000000004,1.25,1
09.08.2021 00:00:00.151,301.318,300.84200000000004,1.25,1
09.08.2021 00:00:00.252,301.329,300.831,1.5,1
09.08.2021 00:00:00.302,301.329,300.831,1.5,1
09.08.2021 00:00:00.580,301.32599999999996,300.831,1.5,1
09.08.2021 00:00:00.835,301.319,300.831,1.5,1
09.08.2021 00:00:02.196,301.309,300.831,1.5,1
09.08.2021 00:00:02.631,301.309,300.851,1.5,1
09.08.2021 00:00:02.741,301.309,300.85400000000004,1.5,1
09.08.2021 00:00:02.945,301.309,300.853,1.5,1
09.08.2021 00:00:03.415,301.309,300.811,1.5,1
09.08.2021 00:00:04.179,301.29900000000004,300.816,1.5,1
09.08.2021 00:00:04.283,301.258,300.816,1.5,1
09.08.2021 00:00:04.434,301.233,300.832,1.75,1
09.08.2021 00:00:04.585,301.272,300.832,1.5,1
09.08.2021 00:00:04.786,301.216,300.832,0.62,1
09.08.2021 00:00:04.997,301.23900000000003,300.832,1.5,1
09.08.2021 00:00:05.098,301.23900000000003,300.832,1.5,1
09.08.2021 00:00:05.199,301.20099999999996,300.837,0.69,1
09.08.2021 00:00:05.300,301.23900000000003,300.837,1.5,1
09.08.2021 00:00:05.485,301.23900000000003,300.837,1.5,1
09.08.2021 00:00:05.721,301.288,300.837,1.5,1
09.08.2021 00:00:05.950,301.20099999999996,300.837,0.69,1
09.08.2021 00:00:06.101,301.28900000000004,300.837,1.5,1
09.08.2021 00:00:06.152,301.166,300.837,0.37,1
09.08.2021 00:00:06.354,301.23900000000003,300.837,1.5,1
09.08.2021 00:00:06.559,301.238,300.837,1.5,1
09.08.2021 00:00:06.763,301.28900000000004,300.837,1.5,1
09.08.2021 00:00:07.365,301.238,300.837,1.5,1
09.08.2021 00:00:07.578,301.28900000000004,300.837,1.5,1
09.08.2021 00:00:07.736,301.235,300.837,1.5,1
09.08.2021 00:00:08.027,301.244,300.837,1.5,1
09.08.2021 00:00:08.228,301.233,300.837,1.5,1
09.08.2021 00:00:08.444,301.238,300.837,1.5,1
09.08.2021 00:00:08.645,301.238,300.837,1.5,1
09.08.2021 00:00:08.809,301.22700000000003,300.837,1.75,1
09.08.2021 00:00:09.010,301.166,300.837,0.37,1
09.08.2021 00:00:09.118,301.286,300.837,1.5,1
09.08.2021 00:00:09.412,301.166,300.837,0.37,1
09.08.2021 00:00:09.462,301.28900000000004,300.834,1.5,1
09.08.2021 00:00:09.664,301.2,300.834,0.69,1
09.08.2021 00:00:09.875,301.28400000000005,300.834,1.5,1
09.08.2021 00:00:10.077,301.238,300.834,1.5,1
09.08.2021 00:00:10.329,301.225,300.836,0.69,1
09.08.2021 00:00:10.480,301.233,300.836,1.5,1
09.08.2021 00:00:10.581,301.23900000000003,300.836,1.5,1
09.08.2021 00:00:10.631,301.243,300.836,1.44,1
09.08.2021 00:00:10.732,301.221,300.835,0.69,1
09.08.2021 00:00:11.034,301.22900000000004,300.835,1.5,1
09.08.2021 00:00:11.235,301.21,300.835,0.69,1
09.08.2021 00:00:11.336,301.22900000000004,300.835,1.5,1
09.08.2021 00:00:11.978,301.243,300.832,1.5,1
09.08.2021 00:00:12.028,301.279,300.837,1.5,1
09.08.2021 00:00:12.180,301.22900000000004,300.837,1.5,1
09.08.2021 00:00:12.230,301.194,300.833,0.69,1
09.08.2021 00:00:12.281,301.249,300.837,1.5,1
09.08.2021 00:00:12.331,301.22900000000004,300.837,1.5,1
09.08.2021 00:00:12.432,301.225,300.824,1.5,1
09.08.2021 00:00:12.734,301.216,300.824,1.5,1.12
09.08.2021 00:00:13.030,301.208,300.824,1.5,1.5
09.08.2021 00:00:13.144,301.208,300.867,1.5,1
09.08.2021 00:00:14.538,301.209,300.867,1.5,1.5
09.08.2021 00:00:18.203,301.206,300.867,1.5,1
09.08.2021 00:00:18.419,301.197,300.867,1.5,1
09.08.2021 00:00:19.405,301.189,300.867,1.5,1
09.08.2021 00:00:19.774,301.198,300.867,1.5,1.5
09.08.2021 00:00:21.217,301.212,300.884,1.5,1
09.08.2021 00:00:21.268,301.212,300.884,1.5,1.12
09.08.2021 00:00:21.450,301.212,300.884,1.5,1.12
09.08.2021 00:00:21.841,301.213,300.884,1.5,1.12
09.08.2021 00:00:25.707,301.213,300.884,1.5,1.12
09.08.2021 00:00:25.909,301.213,300.884,1.5,1
09.08.2021 00:00:45.630,301.22900000000004,300.884,1.5,1.5
09.08.2021 00:00:45.831,301.22900000000004,300.884,1.5,1.5
09.08.2021 00:00:47.706,301.22900000000004,300.884,1.5,1.5
09.08.2021 00:00:50.658,301.199,300.884,1.25,1.5
09.08.2021 00:00:50.859,301.207,300.884,1.25,1.5
09.08.2021 00:00:51.063,301.207,300.884,1.25,1.5
09.08.2021 00:00:51.262,301.205,300.884,1.25,1.5
09.08.2021 00:00:51.452,301.205,300.884,1.25,1.5
09.08.2021 00:00:55.709,301.205,300.884,1.25,1.5
09.08.2021 00:01:10.874,301.245,300.884,1.5,1.5
09.08.2021 00:01:11.240,301.207,300.91700000000003,0.69,1.5
09.08.2021 00:01:19.310,301.228,300.91700000000003,1.25,1.5
09.08.2021 00:01:22.019,301.24,300.91700000000003,1.25,1.5
09.08.2021 00:01:22.170,301.244,300.91700000000003,1.25,1.5
09.08.2021 00:01:33.676,301.276,300.943,1.5,1.5
09.08.2021 00:01:33.834,301.273,300.943,1.5,1
09.08.2021 00:01:34.158,301.269,300.943,1.5,1
09.08.2021 00:01:34.585,301.272,300.943,1.5,1.5
09.08.2021 00:01:42.150,301.269,300.943,1.5,1
09.08.2021 00:01:48.155,301.269,300.939,1.5,1
09.08.2021 00:01:49.427,301.269,300.944,1.5,1
09.08.2021 00:01:53.237,301.23,300.944,1.25,1
09.08.2021 00:02:03.807,301.264,300.94,1.5,1
09.08.2021 00:02:04.048,301.259,300.94,1.5,1
09.08.2021 00:02:06.281,301.255,300.91200000000003,1.5,1.5
09.08.2021 00:02:07.049,301.255,300.91200000000003,1.5,1.5
09.08.2021 00:02:13.152,301.248,300.91200000000003,1.5,1.5
09.08.2021 00:02:41.604,301.255,300.91200000000003,1.5,1.5
09.08.2021 00:02:41.780,301.186,300.91200000000003,0.37,1.5
09.08.2021 00:02:42.252,301.268,300.91200000000003,1.5,1.5
09.08.2021 00:02:42.553,301.263,300.91200000000003,1.5,1.5
09.08.2021 00:02:42.754,301.267,300.91200000000003,1.5,1.5
09.08.2021 00:02:46.951,301.272,300.91200000000003,1.5,1.5
09.08.2021 00:02:47.052,301.279,300.91200000000003,1.5,1.5
09.08.2021 00:02:47.102,301.283,300.91200000000003,1.5,1.75
09.08.2021 00:02:47.566,301.286,300.91200000000003,1.5,1.75
09.08.2021 00:02:47.767,301.28900000000004,300.943,1.5,1.5
09.08.2021 00:02:48.729,301.256,300.943,1.25,1.5
09.08.2021 00:02:48.779,301.273,300.943,1.25,1.5
09.08.2021 00:02:48.830,301.273,300.94,1.25,1.75
09.08.2021 00:02:48.980,301.306,300.97400000000005,1.5,1.12
09.08.2021 00:02:49.181,301.315,300.975,1.5,1
09.08.2021 00:02:50.390,301.319,300.975,1.5,1.5
09.08.2021 00:02:50.555,301.319,300.975,1.5,1.5
09.08.2021 00:02:51.694,301.28900000000004,300.975,1.5,1
09.08.2021 00:02:52.112,301.293,300.975,1.5,1
09.08.2021 00:02:52.531,301.278,300.975,1.5,1
09.08.2021 00:02:52.936,301.285,300.975,1.5,1
09.08.2021 00:02:53.240,301.283,300.975,1.5,1
09.08.2021 00:02:56.031,301.285,300.975,1.5,1
09.08.2021 00:02:56.249,301.283,300.975,1.5,1
09.08.2021 00:02:58.398,301.276,300.94599999999997,1.5,1
09.08.2021 00:02:58.556,301.269,300.94599999999997,1.5,1
09.08.2021 00:03:03.050,301.255,300.94599999999997,1.5,1
09.08.2021 00:03:03.264,301.208,300.94599999999997,1.25,1
09.08.2021 00:03:03.495,301.21500000000003,300.94599999999997,1.25,1
09.08.2021 00:03:06.980,301.23,300.94599999999997,1.25,1
09.08.2021 00:03:07.031,301.233,300.94599999999997,1.25,1
09.08.2021 00:03:16.519,301.279,300.94599999999997,1.5,1
09.08.2021 00:03:17.360,301.29200000000003,300.94599999999997,1.5,1.5
09.08.2021 00:03:23.329,301.252,300.94599999999997,1.25,1.5
09.08.2021 00:03:23.825,301.251,300.94599999999997,1.25,1
09.08.2021 00:03:23.983,301.245,300.94599999999997,1,1
09.08.2021 00:03:24.185,301.216,300.94599999999997,0.37,1
09.08.2021 00:03:24.386,301.243,300.94599999999997,1.25,1
09.08.2021 00:03:24.944,301.22900000000004,300.94599999999997,0.87,1
09.08.2021 00:03:28.751,301.226,300.934,1,1
09.08.2021 00:03:28.902,301.226,300.934,1.25,1
09.08.2021 00:03:32.063,301.225,300.934,1.25,1
09.08.2021 00:03:33.293,301.235,300.934,1.25,1.12
09.08.2021 00:03:33.397,301.238,300.934,1.25,1.5
09.08.2021 00:03:34.170,301.249,300.934,1.25,1.5
09.08.2021 00:03:34.454,301.253,300.934,1.25,1.5
09.08.2021 00:03:34.677,301.253,300.934,1.25,1.5
09.08.2021 00:03:35.335,301.256,300.934,1.25,1.5
09.08.2021 00:03:37.776,301.264,300.932,1.25,1.75
09.08.2021 00:03:40.679,301.29400000000004,300.963,1.5,1
09.08.2021 00:03:44.230,301.286,300.963,1.5,1
09.08.2021 00:03:45.072,301.279,300.963,1.5,1
09.08.2021 00:03:49.720,301.23400000000004,300.932,1.25,1.5
09.08.2021 00:03:49.827,301.23400000000004,300.932,1.25,1.5
09.08.2021 00:03:50.543,301.232,300.932,1.25,1.5
09.08.2021 00:03:55.207,301.242,300.932,1.25,1.5
09.08.2021 00:03:56.226,301.247,300.932,1.25,1.5
09.08.2021 00:03:57.578,301.254,300.932,1.25,1.5
09.08.2021 00:03:58.193,301.257,300.932,1.25,1.5
09.08.2021 00:03:58.350,301.257,300.932,1.25,1.5
09.08.2021 00:04:00.103,301.253,300.932,1.25,1.5
09.08.2021 00:04:00.437,301.252,300.932,1.25,1.5
09.08.2021 00:04:01.493,301.254,300.932,1.25,1.5
09.08.2021 00:04:01.544,301.254,300.932,1.25,1.5
09.08.2021 00:04:04.935,301.252,300.932,1.25,1.5
09.08.2021 00:04:05.295,301.253,300.932,1.25,1.5
09.08.2021 00:04:06.009,301.266,300.959,1.25,1.5
09.08.2021 00:04:06.854,301.276,300.959,1.25,1.5
09.08.2021 00:04:08.475,301.268,300.959,1.25,1.5
09.08.2021 00:04:09.245,301.29900000000004,300.959,1.5,1.5
09.08.2021 00:04:09.791,301.30400000000003,300.959,1.5,1.5
09.08.2021 00:04:09.841,301.298,300.959,1.5,1.5
09.08.2021 00:04:12.555,301.319,300.981,1.5,1
09.08.2021 00:04:12.756,301.315,300.981,1.5,1.5
09.08.2021 00:04:13.709,301.309,300.981,1.5,1
09.08.2021 00:04:26.787,301.314,300.981,1.5,1.5
09.08.2021 00:04:29.215,301.309,300.973,1.5,1.5
09.08.2021 00:04:34.239,301.313,300.973,1.5,1.5
09.08.2021 00:04:34.829,301.309,300.973,1.5,1.5
09.08.2021 00:04:34.940,301.309,300.973,1.5,1.5
09.08.2021 00:04:45.778,301.315,300.973,1.5,1.5
09.08.2021 00:04:47.454,301.309,300.973,1.5,1.5
09.08.2021 00:04:48.640,301.307,300.973,1.5,1.5
09.08.2021 00:04:55.074,301.265,300.973,1,1
09.08.2021 00:05:00.809,301.309,300.973,1.5,1.5
09.08.2021 00:05:00.988,301.314,300.973,1.5,1.5
09.08.2021 00:05:02.248,301.309,300.973,1.5,1.5
09.08.2021 00:05:04.257,301.309,300.96500000000003,1.5,1.5
09.08.2021 00:05:05.856,301.314,300.96500000000003,1.5,1.5
09.08.2021 00:05:11.472,301.309,300.96500000000003,1.5,1.5
09.08.2021 00:05:11.673,301.315,300.96500000000003,1.5,1.5
09.08.2021 00:05:11.874,301.309,300.96500000000003,1.5,1.5
09.08.2021 00:05:13.985,301.308,300.96500000000003,1.5,1.5
09.08.2021 00:05:16.264,301.309,300.96500000000003,1.5,1.5
09.08.2021 00:05:16.466,301.303,300.96500000000003,1.5,1
09.08.2021 00:05:18.319,301.307,300.96500000000003,1.5,1.5
09.08.2021 00:05:22.308,301.30400000000003,300.96500000000003,1.5,1
09.08.2021 00:05:26.151,301.30400000000003,300.96500000000003,1.5,1.5
09.08.2021 00:05:26.353,301.314,300.96500000000003,1.5,1.5
09.08.2021 00:05:28.904,301.315,300.96500000000003,1.5,1.5
09.08.2021 00:05:29.137,301.309,300.96500000000003,1.5,1.5
09.08.2021 00:05:31.865,301.264,300.96500000000003,1.25,1
09.08.2021 00:05:49.879,301.298,300.96500000000003,1.5,1
09.08.2021 00:05:51.390,301.28400000000005,300.96500000000003,1.5,1
09.08.2021 00:05:59.471,301.28900000000004,300.96500000000003,1.5,1
09.08.2021 00:06:28.618,301.28900000000004,300.96500000000003,1.5,1
09.08.2021 00:06:56.680,301.28400000000005,300.96500000000003,1.5,1
09.08.2021 00:06:56.730,301.251,300.96500000000003,1,1
09.08.2021 00:06:59.903,301.277,300.968,1.5,1
09.08.2021 00:07:00.062,301.269,300.947,1.5,1
09.08.2021 00:07:05.630,301.279,300.947,1.5,1
09.08.2021 00:07:08.737,301.279,300.947,1.5,1.5
09.08.2021 00:07:08.938,301.296,300.947,1.5,1.5
09.08.2021 00:07:09.478,301.296,300.947,1.5,1.5
09.08.2021 00:07:09.680,301.28900000000004,300.947,1.5,1.5
09.08.2021 00:07:09.940,301.28900000000004,300.947,1.5,1.5
09.08.2021 00:07:11.141,301.296,300.947,1.5,1.5
09.08.2021 00:07:12.407,301.293,300.947,1.5,1.5
09.08.2021 00:07:15.418,301.28900000000004,300.947,1.5,1.5
09.08.2021 00:07:17.747,301.29,300.947,1.5,1.5
09.08.2021 00:07:17.949,301.295,300.947,1.5,1.5
09.08.2021 00:07:26.016,301.253,300.947,1.25,1.5
09.08.2021 00:07:26.231,301.252,300.947,1.25,1.5
09.08.2021 00:07:26.420,301.271,300.947,1,1.5
09.08.2021 00:07:27.056,301.274,300.947,1.25,1.5
09.08.2021 00:07:27.257,301.277,300.947,1.25,1.75
09.08.2021 00:07:39.676,301.216,300.947,0.37,1.75
09.08.2021 00:07:42.221,301.28900000000004,300.947,1.5,1.5
09.08.2021 00:07:51.502,301.295,300.947,1.5,1.5
09.08.2021 00:07:53.815,301.29900000000004,300.947,1.5,1.5
09.08.2021 00:08:00.099,301.29900000000004,300.976,1.5,1
09.08.2021 00:08:00.258,301.29900000000004,300.976,1.5,1
09.08.2021 00:08:20.442,301.28900000000004,300.976,1.5,1
09.08.2021 00:08:24.946,301.278,300.976,1.5,1
09.08.2021 00:08:31.017,301.283,300.976,1.5,1
09.08.2021 00:08:35.914,301.241,300.976,1.25,1
09.08.2021 00:08:35.965,301.241,300.95,1.25,1
09.08.2021 00:08:36.123,301.231,300.95,1,1
09.08.2021 00:08:39.692,301.263,300.927,1.5,1
09.08.2021 00:08:40.555,301.264,300.927,1.5,1.5
09.08.2021 00:08:41.071,301.269,300.927,1.5,1.5
09.08.2021 00:08:43.958,301.269,300.927,1.5,1.5
09.08.2021 00:08:44.410,301.259,300.927,1.5,1
09.08.2021 00:08:44.928,301.259,300.927,1.5,1
09.08.2021 00:08:45.359,301.259,300.927,1.5,1
09.08.2021 00:08:46.893,301.257,300.927,1.5,1
09.08.2021 00:08:48.635,301.22200000000004,300.927,1.25,1
09.08.2021 00:08:48.845,301.221,300.927,1.25,1
09.08.2021 00:08:53.062,301.22200000000004,300.927,1.25,1
09.08.2021 00:08:53.261,301.223,300.927,1.25,1
09.08.2021 00:08:54.115,301.22200000000004,300.927,1.25,1
09.08.2021 00:08:54.316,301.226,300.927,1.25,1.5
09.08.2021 00:08:56.624,301.23400000000004,300.945,1.25,1
09.08.2021 00:09:02.803,301.232,300.945,1.25,1
09.08.2021 00:09:06.149,301.233,300.945,1.25,1
09.08.2021 00:09:10.468,301.269,300.945,1.5,1
09.08.2021 00:09:11.217,301.269,300.945,1.5,1
09.08.2021 00:09:11.941,301.269,300.945,1.5,1
09.08.2021 00:09:12.107,301.269,300.945,1.5,1
09.08.2021 00:09:15.181,301.267,300.945,1.5,1
09.08.2021 00:09:20.383,301.221,300.945,1.25,1
09.08.2021 00:09:22.708,301.221,300.945,1.25,1
09.08.2021 00:09:32.062,301.221,300.945,1.25,1
09.08.2021 00:10:00.357,301.23900000000003,300.92400000000004,1.5,1
09.08.2021 00:10:00.558,301.23900000000003,300.92400000000004,1.5,1
09.08.2021 00:10:08.140,301.253,300.92400000000004,1.5,1
09.08.2021 00:10:09.435,301.249,300.92400000000004,1.5,1
09.08.2021 00:10:09.586,301.23900000000003,300.899,1.5,1.5
09.08.2021 00:10:09.637,301.238,300.899,1.5,1.5
09.08.2021 00:10:18.499,301.22900000000004,300.899,1.5,1
09.08.2021 00:10:22.439,301.182,300.899,1.25,1
09.08.2021 00:10:22.589,301.182,300.876,1.25,1.5
09.08.2021 00:10:22.640,301.173,300.876,1.25,1
09.08.2021 00:10:27.016,301.173,300.876,1.25,1.5
09.08.2021 00:10:33.860,301.209,300.876,1.5,1
09.08.2021 00:10:34.006,301.209,300.876,1.5,1
09.08.2021 00:10:34.258,301.21700000000004,300.876,1.5,1.5
09.08.2021 00:10:41.754,301.185,300.876,1.25,1.5
09.08.2021 00:10:42.631,301.185,300.876,1.25,1.5
09.08.2021 00:10:58.761,301.213,300.876,1.5,1
09.08.2021 00:11:00.270,301.213,300.876,1.5,1.5
09.08.2021 00:11:05.501,301.219,300.876,1.5,1.5
09.08.2021 00:11:05.652,301.184,300.876,0.69,1.5
09.08.2021 00:11:06.682,301.246,300.901,1.5,1.5
09.08.2021 00:11:07.615,301.23900000000003,300.901,1.5,1.5
09.08.2021 00:11:14.485,301.23900000000003,300.901,1.5,1.5
09.08.2021 00:11:24.447,301.23900000000003,300.901,1.5,1.5
09.08.2021 00:11:24.649,301.203,300.901,1.25,1.5
09.08.2021 00:11:41.770,301.248,300.901,1.5,1.5
09.08.2021 00:11:42.619,301.249,300.901,1.5,1.5
09.08.2021 00:11:47.490,301.259,300.901,1.5,1.5
09.08.2021 00:11:47.863,301.249,300.901,1.5,1.5
09.08.2021 00:11:48.245,301.255,300.901,1.5,1.5
09.08.2021 00:11:58.043,301.216,300.901,1.25,1.5
09.08.2021 00:11:58.194,301.216,300.901,1.25,1.5
09.08.2021 00:12:05.839,301.249,300.901,1.5,1.5
09.08.2021 00:12:06.413,301.257,300.901,1.5,1.5
09.08.2021 00:12:28.696,301.259,300.901,1.5,1.5
09.08.2021 00:12:37.757,301.259,300.901,1.5,1.5
09.08.2021 00:12:44.855,301.214,300.901,1.25,1.5
09.08.2021 00:12:45.102,301.211,300.901,1.25,1.5
09.08.2021 00:12:49.025,301.212,300.901,1.25,1.5
09.08.2021 00:12:49.226,301.219,300.901,1.25,1.5
09.08.2021 00:12:53.940,301.244,300.901,1.5,1.5
09.08.2021 00:13:10.487,301.256,300.901,1.5,1.5
09.08.2021 00:13:11.333,301.264,300.92400000000004,1.5,1.5
09.08.2021 00:13:30.717,301.259,300.92400000000004,1.5,1.12
09.08.2021 00:13:35.639,301.259,300.92400000000004,1.5,1.12
09.08.2021 00:13:49.279,301.223,300.92400000000004,1.25,1.12
09.08.2021 00:13:56.804,301.264,300.92400000000004,1.5,1.5
09.08.2021 00:14:19.870,301.276,300.92400000000004,1.5,1.5
09.08.2021 00:14:21.739,301.27500000000003,300.92400000000004,1.5,1.5
09.08.2021 00:14:42.779,301.269,300.92400000000004,1.5,1.5
09.08.2021 00:14:43.823,301.269,300.92400000000004,1.5,1.5
09.08.2021 00:14:52.310,301.269,300.937,1.5,1
09.08.2021 00:14:52.457,301.285,300.937,1.5,1.5
09.08.2021 00:14:53.699,301.28700000000003,300.937,1.5,1.5
09.08.2021 00:14:53.863,301.29200000000003,300.937,1.5,1.5
09.08.2021 00:14:54.087,301.29200000000003,300.937,1.5,1.5
09.08.2021 00:14:54.137,301.252,300.961,0.69,1
09.08.2021 00:14:55.415,301.309,300.975,1.5,1
09.08.2021 00:14:57.995,301.319,300.975,1.5,1
09.08.2021 00:14:58.160,301.319,300.975,1.5,1.5
09.08.2021 00:15:00.449,301.324,300.975,1.5,1
09.08.2021 00:15:06.195,301.302,300.975,1.25,1
09.08.2021 00:15:07.231,301.305,300.975,1.25,1
09.08.2021 00:15:07.382,301.313,300.975,1.25,1
09.08.2021 00:15:07.669,301.285,300.975,1.25,1.5
09.08.2021 00:15:13.920,301.324,300.975,1.5,1.5
09.08.2021 00:15:26.921,301.324,300.975,1.5,1.5
09.08.2021 00:15:27.142,301.324,300.975,1.5,1.5
09.08.2021 00:15:30.766,301.327,301.003,1.5,1
09.08.2021 00:15:34.458,301.334,301.003,1.5,1.5
09.08.2021 00:15:35.950,301.329,301.003,1.5,1
09.08.2021 00:15:40.709,301.29,301.003,1.25,1
09.08.2021 00:15:43.099,301.336,301.003,1.5,1.5
09.08.2021 00:15:47.103,301.329,301.003,1.5,1
09.08.2021 00:15:47.258,301.329,301.003,1.5,1
09.08.2021 00:15:48.788,301.329,301.003,1.5,1
09.08.2021 00:15:48.989,301.336,301.003,1.5,1.5
09.08.2021 00:16:00.783,301.3,301.016,1.25,1
09.08.2021 00:16:01.551,301.3,301.016,1.25,1
09.08.2021 00:16:01.659,301.3,301.03700000000003,1.25,1
09.08.2021 00:16:01.710,301.3,301.03700000000003,1.25,1
09.08.2021 00:16:02.229,301.31,301.03700000000003,1.25,1
09.08.2021 00:16:04.516,301.356,301.03700000000003,1.5,1
09.08.2021 00:16:04.818,301.339,301.03700000000003,1.5,1
09.08.2021 00:16:06.142,301.339,301.03700000000003,1.5,1
09.08.2021 00:16:06.842,301.343,301.03700000000003,1.5,1
09.08.2021 00:16:08.179,301.343,301.031,1.5,1
09.08.2021 00:16:08.230,301.34900000000005,301.031,1.5,1
09.08.2021 00:16:15.097,301.343,301.031,1.5,1
09.08.2021 00:16:18.410,301.348,301.031,1.5,1
09.08.2021 00:16:25.165,301.34900000000005,301.031,1.5,1
09.08.2021 00:16:25.525,301.313,301.031,1.25,1
09.08.2021 00:16:27.407,301.314,301.056,1.25,1
09.08.2021 00:16:27.956,301.339,301.056,1.5,1
09.08.2021 00:16:28.619,301.339,301.05400000000003,1.5,1
09.08.2021 00:16:29.366,301.339,301.058,1.5,1
09.08.2021 00:16:29.517,301.339,301.058,1.5,1
09.08.2021 00:16:30.471,301.343,301.058,1.5,1
09.08.2021 00:16:33.158,301.339,301.058,1.5,1
09.08.2021 00:16:33.275,301.339,301.058,1.5,1
09.08.2021 00:16:33.646,301.339,301.058,1.5,1
09.08.2021 00:16:33.796,301.339,301.055,1.5,1
09.08.2021 00:16:35.805,301.343,301.055,1.5,1
09.08.2021 00:16:39.536,301.343,301.06,1.5,1
09.08.2021 00:16:39.911,301.343,301.057,1.5,1
09.08.2021 00:16:58.262,301.353,301.057,1.5,1
09.08.2021 00:16:59.428,301.343,301.057,1.5,1
09.08.2021 00:17:00.544,301.343,301.06,1.5,1
09.08.2021 00:17:00.650,301.343,301.057,1.5,1
09.08.2021 00:17:10.708,301.34900000000005,301.057,1.5,1
09.08.2021 00:17:14.802,301.34900000000005,301.057,1.5,1
09.08.2021 00:17:15.048,301.353,301.057,1.5,1
09.08.2021 00:17:16.588,301.343,301.057,1.5,1
09.08.2021 00:17:35.521,301.343,301.06,1.5,1
09.08.2021 00:17:35.686,301.343,301.057,1.5,1
09.08.2021 00:17:43.722,301.34900000000005,301.057,1.5,1
09.08.2021 00:17:45.214,301.343,301.066,1.5,1
09.08.2021 00:17:45.315,301.343,301.062,1.5,1
09.08.2021 00:17:45.797,301.343,301.059,1.5,1
09.08.2021 00:17:45.965,301.343,301.064,1.5,1
09.08.2021 00:17:46.455,301.344,301.058,1.5,1
09.08.2021 00:17:56.780,301.344,301.065,1.5,1
09.08.2021 00:17:56.881,301.339,301.062,1.5,1
09.08.2021 00:17:57.336,301.339,301.065,1.5,1
09.08.2021 00:17:57.387,301.339,301.062,1.5,1
09.08.2021 00:17:57.810,301.344,301.058,1.5,1
09.08.2021 00:17:58.649,301.339,301.066,1.5,1
09.08.2021 00:17:58.749,301.339,301.06,1.5,1
09.08.2021 00:18:04.027,301.329,301.06,1.5,1
09.08.2021 00:18:04.128,301.343,301.061,1.5,1
09.08.2021 00:18:04.229,301.343,301.061,1.5,1
09.08.2021 00:18:04.450,301.34700000000004,301.061,1.5,1
09.08.2021 00:18:05.932,301.34900000000005,301.057,1.5,1
09.08.2021 00:18:06.641,301.353,301.057,1.5,1
09.08.2021 00:18:19.864,301.343,301.057,1.5,1
09.08.2021 00:18:39.363,301.3,301.062,1,1
09.08.2021 00:18:39.464,301.3,301.058,1.25,1
09.08.2021 00:18:39.565,301.30400000000003,301.058,1.25,1
09.08.2021 00:18:54.454,301.348,301.058,1.5,1
09.08.2021 00:18:54.892,301.313,301.059,1.25,1
09.08.2021 00:18:55.587,301.313,301.059,1.25,1
09.08.2021 00:19:02.857,301.339,301.061,1.5,1
09.08.2021 00:19:06.069,301.34200000000004,301.061,1.5,1
09.08.2021 00:19:06.516,301.344,301.059,1.5,1
09.08.2021 00:19:27.670,301.343,301.059,1.5,1
09.08.2021 00:19:27.872,301.337,301.059,1.5,1
09.08.2021 00:19:28.740,301.34900000000005,301.059,1.5,1
09.08.2021 00:19:29.869,301.343,301.059,1.5,1
09.08.2021 00:19:30.070,301.343,301.059,1.5,1
09.08.2021 00:19:30.636,301.34900000000005,301.059,1.5,1
09.08.2021 00:19:30.840,301.34900000000005,301.059,1.5,1
09.08.2021 00:19:31.175,301.34900000000005,301.059,1.5,1
09.08.2021 00:19:31.325,301.34900000000005,301.059,1.5,1
09.08.2021 00:19:36.829,301.311,301.059,1.25,1
09.08.2021 00:19:46.344,301.339,301.036,1.5,1
09.08.2021 00:19:54.242,301.306,301.04,0.69,1
09.08.2021 00:19:55.696,301.302,301.04,1.25,1
09.08.2021 00:19:57.255,301.317,301.04,1.25,1
09.08.2021 00:19:59.076,301.309,301.04,1.25,1
09.08.2021 00:20:02.661,301.341,301.04,1.5,1
09.08.2021 00:20:02.999,301.334,301.04,1.5,1
09.08.2021 00:20:17.066,301.339,301.015,1.5,1
09.08.2021 00:20:17.267,301.339,301.015,1.5,1
09.08.2021 00:20:20.211,301.336,301.015,1.5,1
09.08.2021 00:20:58.596,301.293,301.028,1,1
09.08.2021 00:20:58.798,301.341,301.028,1.5,1
09.08.2021 00:21:14.906,301.34200000000004,301.028,1.5,1
09.08.2021 00:21:14.956,301.34200000000004,301.033,1.5,1
09.08.2021 00:21:18.228,301.343,301.03700000000003,1.5,1
09.08.2021 00:21:20.935,301.343,301.03400000000005,1.5,1
09.08.2021 00:21:27.966,301.343,301.03400000000005,1.5,1
09.08.2021 00:21:28.484,301.343,301.038,1.5,1
09.08.2021 00:21:28.570,301.343,301.035,1.5,1
09.08.2021 00:21:31.551,301.343,301.035,1.5,1
09.08.2021 00:21:32.527,301.343,301.03700000000003,1.5,1
09.08.2021 00:21:32.678,301.344,301.017,1.5,1
09.08.2021 00:21:36.396,301.302,301.017,1,1
09.08.2021 00:21:37.263,301.302,301.017,1,1
09.08.2021 00:21:42.299,301.305,301.021,1,1
09.08.2021 00:21:51.653,301.35400000000004,301.021,1.5,1
09.08.2021 00:21:59.208,301.339,301.021,1.5,1.5
09.08.2021 00:22:10.314,301.266,301.021,0.37,1
09.08.2021 00:22:22.467,301.32599999999996,301.021,1.5,1
09.08.2021 00:22:24.257,301.337,301.021,1.5,1
09.08.2021 00:22:24.758,301.329,301.021,1.5,1
09.08.2021 00:22:24.959,301.338,301.021,1.5,1
09.08.2021 00:22:32.839,301.31,301.021,1.25,1
09.08.2021 00:22:33.242,301.296,301.021,1.25,1
09.08.2021 00:22:45.709,301.34000000000003,301.021,1.5,1
09.08.2021 00:22:45.910,301.33,301.021,1.5,1
09.08.2021 00:22:53.018,301.319,301.021,1.5,1
09.08.2021 00:22:53.475,301.324,301.021,1.5,1
09.08.2021 00:22:58.009,301.30400000000003,301.021,1.25,1
09.08.2021 00:22:58.653,301.319,301.021,1.5,1
09.08.2021 00:22:58.954,301.313,301.031,1.5,1
09.08.2021 00:23:01.809,301.329,301.031,1.5,1
09.08.2021 00:23:03.615,301.327,301.009,1.5,1
09.08.2021 00:23:14.751,301.295,301.009,1.25,1
09.08.2021 00:23:24.806,301.334,301.006,1.5,1
09.08.2021 00:23:36.182,301.291,301.006,1.25,1
09.08.2021 00:23:41.986,301.293,301.006,1,1
09.08.2021 00:25:02.809,301.327,301.006,1.5,1
09.08.2021 00:25:08.958,301.329,301.006,1.5,1
09.08.2021 00:25:34.416,301.339,301.006,1.5,1
09.08.2021 00:25:34.632,301.338,301.006,1.5,1
09.08.2021 00:25:44.782,301.328,301.008,1.5,1
09.08.2021 00:25:44.902,301.325,301.008,1.5,1
09.08.2021 00:25:48.068,301.317,301.008,1.5,1
09.08.2021 00:25:48.269,301.319,301.008,1.5,1
09.08.2021 00:25:48.863,301.307,300.982,1.5,1.5
09.08.2021 00:25:49.065,301.307,300.982,1.5,1.5
09.08.2021 00:25:51.969,301.29400000000004,300.982,1.5,1
09.08.2021 00:26:03.046,301.305,300.982,1.5,1
09.08.2021 00:26:04.033,301.297,300.982,1.5,1
09.08.2021 00:26:14.026,301.248,300.982,1.25,1
09.08.2021 00:26:22.768,301.29,300.982,1.5,1
09.08.2021 00:26:34.131,301.28900000000004,300.982,1.5,1
09.08.2021 00:26:41.146,301.28700000000003,300.982,1.5,1
09.08.2021 00:26:52.351,301.28900000000004,300.982,1.5,1
09.08.2021 00:26:53.336,301.293,300.982,1.5,1
09.08.2021 00:27:20.959,301.29400000000004,300.982,1.5,1
09.08.2021 00:27:21.392,301.285,300.982,1.5,1
09.08.2021 00:27:32.204,301.29,300.982,1.5,1
09.08.2021 00:27:32.704,301.295,300.982,1.5,1
09.08.2021 00:28:03.416,301.297,300.982,1.5,1
09.08.2021 00:28:47.230,301.29,300.982,1.5,1
09.08.2021 00:29:03.145,301.28900000000004,300.982,1.5,1
09.08.2021 00:29:03.302,301.28400000000005,300.982,1.5,1
09.08.2021 00:29:35.555,301.278,300.961,1.5,1
09.08.2021 00:29:35.900,301.269,300.961,1.5,1
09.08.2021 00:29:37.211,301.277,300.961,1.5,1
09.08.2021 00:29:45.235,301.283,300.961,1.5,1
09.08.2021 00:30:03.077,301.243,300.961,1,1
09.08.2021 00:30:04.955,301.244,300.961,1.25,1
09.08.2021 00:30:09.501,301.241,300.961,1.25,1
09.08.2021 00:30:53.401,301.28000000000003,300.961,1.5,1
09.08.2021 00:31:03.059,301.279,300.961,1.5,1
09.08.2021 00:31:03.260,301.273,300.961,1.5,1
09.08.2021 00:31:10.950,301.259,300.962,1.5,1
09.08.2021 00:31:11.101,301.212,300.937,0.69,1
09.08.2021 00:31:11.152,301.265,300.937,1.5,1
09.08.2021 00:31:14.933,301.266,300.937,1.5,1
09.08.2021 00:31:25.226,301.269,300.937,1.5,1
09.08.2021 00:31:34.597,301.272,300.937,1.5,1
09.08.2021 00:31:35.494,301.269,300.937,1.5,1
09.08.2021 00:31:36.237,301.265,300.937,1.5,1
09.08.2021 00:31:46.168,301.28400000000005,300.937,1.5,1.5
09.08.2021 00:31:49.887,301.279,300.937,1.5,1.5
09.08.2021 00:31:50.089,301.277,300.937,1.5,1.5
09.08.2021 00:31:59.851,301.276,300.937,1.5,1
09.08.2021 00:32:27.105,301.269,300.937,1.5,1
09.08.2021 00:32:27.264,301.273,300.937,1.5,1
09.08.2021 00:32:29.016,301.269,300.937,1.5,1
09.08.2021 00:33:03.437,301.233,300.937,1.25,1
09.08.2021 00:33:04.069,301.233,300.937,1.25,1.5
09.08.2021 00:33:12.618,301.283,300.937,1.5,1.5
09.08.2021 00:33:22.483,301.286,300.96,1.5,1
09.08.2021 00:33:22.685,301.255,300.96,1.25,1
09.08.2021 00:33:29.362,301.256,300.96,1.25,1
09.08.2021 00:33:40.723,301.279,300.96,1.5,1
09.08.2021 00:33:45.777,301.279,300.96,1.5,1
09.08.2021 00:34:02.217,301.279,300.96,1.5,1
09.08.2021 00:34:03.854,301.233,300.96,1.25,1
09.08.2021 00:34:15.197,301.266,300.934,1.5,1.12
09.08.2021 00:34:50.907,301.273,300.934,1.5,1.12
09.08.2021 00:34:59.918,301.235,300.944,1.08,1
09.08.2021 00:35:00.069,301.254,300.944,1.08,1.5
09.08.2021 00:35:07.641,301.291,300.944,1.5,1.5
09.08.2021 00:35:07.742,301.25,300.955,0.69,1
09.08.2021 00:35:14.631,301.28900000000004,300.955,1.5,1
09.08.2021 00:35:16.706,301.28900000000004,300.955,1.5,1
09.08.2021 00:35:30.205,301.28900000000004,300.955,1.5,1
09.08.2021 00:35:34.172,301.28700000000003,300.955,1.5,1
09.08.2021 00:35:38.586,301.28900000000004,300.955,1.5,1.5
09.08.2021 00:35:38.743,301.28900000000004,300.955,1.5,1
09.08.2021 00:35:40.212,301.28900000000004,300.955,1.5,1
09.08.2021 00:35:40.405,301.29400000000004,300.955,1.5,1.5
09.08.2021 00:36:10.825,301.297,300.955,1.5,1.5
09.08.2021 00:36:11.043,301.28900000000004,300.955,1.5,1
09.08.2021 00:36:11.495,301.28900000000004,300.955,1.5,1
09.08.2021 00:36:14.127,301.28900000000004,300.98,1.5,1
09.08.2021 00:36:30.274,301.248,300.98,1.25,1
09.08.2021 00:36:34.152,301.248,300.98,1.06,1
09.08.2021 00:36:46.364,301.28900000000004,300.98,1.5,1
09.08.2021 00:36:46.565,301.28900000000004,300.98,1.5,1
09.08.2021 00:36:47.532,301.28900000000004,300.98,1.5,1
09.08.2021 00:36:48.964,301.28900000000004,300.98,1.5,1
09.08.2021 00:36:49.729,301.28900000000004,300.98,1.5,1
09.08.2021 00:36:54.416,301.28900000000004,300.98,1.5,1
09.08.2021 00:36:57.726,301.252,300.98,1.25,1
09.08.2021 00:37:01.303,301.28900000000004,300.98,1.5,1
09.08.2021 00:37:01.514,301.28700000000003,300.98,1.5,1
09.08.2021 00:37:04.258,301.28700000000003,300.98400000000004,1.5,1
09.08.2021 00:37:06.458,301.28900000000004,300.98400000000004,1.5,1
09.08.2021 00:37:11.801,301.29900000000004,300.98400000000004,1.5,1
09.08.2021 00:37:13.670,301.293,300.98400000000004,1.5,1
09.08.2021 00:37:35.024,301.28900000000004,300.98400000000004,1.5,1
09.08.2021 00:37:41.789,301.28900000000004,300.98400000000004,1.5,1
09.08.2021 00:37:53.543,301.29900000000004,300.98400000000004,1.5,1
09.08.2021 00:38:00.957,301.317,300.999,1.5,1
09.08.2021 00:38:20.473,301.318,300.999,1.5,1
09.08.2021 00:38:36.206,301.283,301.01,1.25,1
09.08.2021 00:38:36.474,301.319,301.01,1.5,1
09.08.2021 00:38:36.594,301.317,301.008,1.5,1
09.08.2021 00:38:40.570,301.317,301.006,1.5,1
09.08.2021 00:38:56.485,301.28900000000004,301.006,1.25,1
09.08.2021 00:38:56.718,301.272,301.008,1.25,1
09.08.2021 00:38:57.623,301.309,301.008,1.5,1
09.08.2021 00:39:00.765,301.314,301.008,1.5,1
09.08.2021 00:39:08.249,301.323,301.008,1.5,1
09.08.2021 00:39:08.436,301.319,301.008,1.5,1
09.08.2021 00:39:10.933,301.286,301.008,1.25,1
09.08.2021 00:39:11.345,301.28400000000005,301.012,1.25,1
09.08.2021 00:39:11.489,301.28400000000005,301.01099999999997,1.25,1
09.08.2021 00:39:20.791,301.327,301.006,1.5,1
09.08.2021 00:39:35.179,301.329,301.006,1.5,1
09.08.2021 00:39:35.280,301.335,301.021,1.5,1
09.08.2021 00:39:35.431,301.34200000000004,301.021,1.5,1
09.08.2021 00:39:40.335,301.339,301.021,1.5,1
09.08.2021 00:39:49.854,301.28900000000004,301.021,1.25,1
09.08.2021 00:39:51.734,301.29400000000004,301.022,1.25,1
09.08.2021 00:39:51.941,301.29,301.022,1.25,1
09.08.2021 00:39:56.834,301.336,301.022,1.5,1
09.08.2021 00:40:00.958,301.329,301.022,1.5,1
09.08.2021 00:40:27.298,301.266,301.022,0.37,1
09.08.2021 00:40:34.020,301.28700000000003,301.022,0.6,1
09.08.2021 00:40:44.985,301.27500000000003,301.022,0.69,1
09.08.2021 00:40:45.035,301.338,301.022,1.5,1
09.08.2021 00:40:48.549,301.328,300.995,1.5,1
09.08.2021 00:40:48.600,301.328,300.995,1.5,1
09.08.2021 00:40:48.729,301.328,300.993,1.5,1
09.08.2021 00:40:49.736,301.323,300.993,1.5,1
09.08.2021 00:40:56.376,301.28700000000003,300.993,1.25,1.5
09.08.2021 00:40:56.555,301.281,300.996,1.25,1
09.08.2021 00:40:57.260,301.308,300.996,1.5,1
09.08.2021 00:41:07.566,301.309,300.996,1.5,1
09.08.2021 00:41:07.767,301.32,300.996,1.5,1
09.08.2021 00:41:07.900,301.32,300.992,1.5,1.5
09.08.2021 00:41:08.026,301.324,300.992,1.5,1
09.08.2021 00:41:08.227,301.324,300.992,1.5,1.5
09.08.2021 00:41:14.592,301.296,300.992,1.25,1.5
09.08.2021 00:41:21.765,301.341,300.992,1.5,1.5
09.08.2021 00:41:22.149,301.333,300.992,1.5,1.5
09.08.2021 00:41:31.697,301.291,300.992,1.25,1.5
09.08.2021 00:41:38.222,301.319,300.992,1.5,1
09.08.2021 00:41:38.373,301.317,300.992,1.5,1
09.08.2021 00:41:46.926,301.324,300.992,1.5,1
09.08.2021 00:41:47.131,301.325,300.992,1.5,1.5
09.08.2021 00:41:51.698,301.319,300.992,1.5,1
09.08.2021 00:41:52.194,301.324,300.992,1.5,1.5
09.08.2021 00:41:55.220,301.324,300.992,1.5,1
09.08.2021 00:42:35.796,301.338,300.992,1.5,1.5
09.08.2021 00:42:40.313,301.329,300.992,1.5,1.5
09.08.2021 00:42:55.444,301.319,300.992,1.5,1
09.08.2021 00:42:55.642,301.324,300.992,1.5,1.5
09.08.2021 00:43:00.730,301.323,300.992,1.5,1
09.08.2021 00:43:08.200,301.322,300.992,1.5,1.5
09.08.2021 00:43:08.846,301.293,301.02,1.25,1
09.08.2021 00:43:08.946,301.296,301.017,1.25,1
09.08.2021 00:43:09.047,301.335,301.017,1.5,1
09.08.2021 00:43:36.754,301.291,301.017,1.25,1
09.08.2021 00:43:53.263,301.328,301.02,1.5,1
09.08.2021 00:44:00.310,301.319,301.02,1.5,1
09.08.2021 00:44:03.429,301.309,301.023,1.5,1
09.08.2021 00:44:03.580,301.309,301.023,1.5,1
09.08.2021 00:44:03.631,301.309,300.995,1.5,1
09.08.2021 00:44:08.891,301.30400000000003,300.994,1.5,1
09.08.2021 00:44:13.129,301.309,300.994,1.5,1
09.08.2021 00:44:15.581,301.314,300.994,1.5,1.5
09.08.2021 00:44:15.785,301.319,300.994,1.5,1
09.08.2021 00:44:31.041,301.315,300.994,1.5,1
09.08.2021 00:44:40.041,301.262,300.994,1.25,1
09.08.2021 00:44:45.531,301.29900000000004,300.994,1.5,1
09.08.2021 00:45:40.463,301.313,300.994,1.5,1
09.08.2021 00:45:43.103,301.329,300.994,1.5,1.12
09.08.2021 00:45:55.673,301.328,300.994,1.5,1.12
09.08.2021 00:45:56.074,301.319,300.994,1.5,1
09.08.2021 00:45:56.445,301.319,300.994,1.5,1
09.08.2021 00:45:56.963,301.319,300.994,1.5,1
09.08.2021 00:45:57.179,301.319,300.994,1.5,1
09.08.2021 00:45:57.613,301.319,300.994,1.5,1
09.08.2021 00:45:57.918,301.319,300.994,1.5,1
09.08.2021 00:45:58.426,301.319,300.994,1.5,1
09.08.2021 00:46:09.737,301.327,300.994,1.5,1.12
09.08.2021 00:46:12.212,301.313,300.994,1.5,1
09.08.2021 00:46:14.937,301.309,300.994,1.5,1
09.08.2021 00:46:15.138,301.328,300.994,1.5,1.12
09.08.2021 00:46:44.278,301.328,300.994,1.5,1.12
09.08.2021 00:46:44.530,301.316,300.994,1.5,1
09.08.2021 00:46:53.751,301.333,300.994,1.5,1.5
09.08.2021 00:46:55.032,301.327,300.994,1.5,1.12
09.08.2021 00:46:55.489,301.318,300.994,1.5,1
09.08.2021 00:47:03.727,301.308,300.994,1.5,1
09.08.2021 00:48:02.700,301.313,300.994,1.5,1
09.08.2021 00:48:05.653,301.327,300.994,1.5,1.12
09.08.2021 00:48:22.438,301.316,300.988,1.5,1
09.08.2021 00:49:24.596,301.319,300.988,1.5,1
09.08.2021 00:49:41.303,301.281,300.988,1.25,1
09.08.2021 00:49:53.278,301.319,300.988,1.5,1.5
09.08.2021 00:50:03.730,301.285,300.988,1.25,1
09.08.2021 00:50:13.675,301.28200000000004,300.988,1.25,1
09.08.2021 00:50:14.203,301.283,300.988,1.25,1
09.08.2021 00:50:18.363,301.319,300.988,1.5,1
09.08.2021 00:51:02.735,301.314,300.991,1.5,1
09.08.2021 00:51:07.177,301.329,300.991,1.5,1.5
09.08.2021 00:51:08.306,301.327,300.991,1.5,1
09.08.2021 00:51:08.759,301.272,300.991,1.25,1
09.08.2021 00:51:19.484,301.28900000000004,300.96700000000004,1.5,1
09.08.2021 00:51:19.686,301.28400000000005,300.96700000000004,1.5,1
09.08.2021 00:51:24.097,301.28700000000003,300.96700000000004,1.5,1.5
09.08.2021 00:51:24.293,301.28700000000003,300.96700000000004,1.5,1
09.08.2021 00:51:26.334,301.28700000000003,300.96700000000004,1.5,1
09.08.2021 00:51:33.291,301.256,300.969,1.25,1
09.08.2021 00:52:19.183,301.298,300.969,1.5,1.5
09.08.2021 00:52:54.391,301.307,300.969,1.5,1
09.08.2021 00:53:01.879,301.258,300.969,1.25,1
09.08.2021 00:53:28.522,301.295,300.969,1.5,1
09.08.2021 00:53:33.345,301.245,300.969,1.25,1
09.08.2021 00:53:33.548,301.245,300.969,1.25,1
09.08.2021 00:53:36.159,301.242,300.969,1.25,1
09.08.2021 00:53:37.333,301.23400000000004,300.941,1.25,1
09.08.2021 00:53:38.710,301.244,300.941,1.25,1.5
09.08.2021 00:54:04.810,301.288,300.941,1.5,1.5
09.08.2021 00:54:14.950,301.28900000000004,300.941,1.5,1.5
09.08.2021 00:54:17.701,301.28700000000003,300.941,1.5,1.5
09.08.2021 00:55:06.683,301.28200000000004,300.941,1.5,1.5
09.08.2021 00:55:06.919,301.279,300.941,1.5,1.5
09.08.2021 00:55:12.571,301.233,300.941,1.25,1
09.08.2021 00:55:19.996,301.27500000000003,300.941,1.5,1.5
09.08.2021 00:55:23.140,301.269,300.941,1.5,1
09.08.2021 00:55:23.341,301.264,300.941,1.5,1
09.08.2021 00:55:23.442,301.259,300.941,1.5,1
09.08.2021 00:55:23.794,301.245,300.941,1.5,1
09.08.2021 00:55:26.791,301.253,300.941,1.5,1
09.08.2021 00:55:31.558,301.249,300.941,1.5,1
09.08.2021 00:55:33.197,301.247,300.91,1.5,1.5
09.08.2021 00:55:33.505,301.244,300.91,1.5,1
09.08.2021 00:55:35.010,301.245,300.91,1.5,1.5
09.08.2021 00:55:35.161,301.254,300.91,1.5,1.5
09.08.2021 00:55:35.810,301.245,300.91,1.5,1.5
09.08.2021 00:56:01.136,301.212,300.91,1.25,1.5
09.08.2021 00:56:02.380,301.211,300.91,1.25,1.5
09.08.2021 00:56:02.743,301.21500000000003,300.91,1.25,1.5
09.08.2021 00:56:09.830,301.249,300.91,1.5,1.5
09.08.2021 00:56:10.181,301.254,300.91,1.5,1.5
09.08.2021 00:56:10.360,301.253,300.91,1.5,1.5
09.08.2021 00:56:15.856,301.253,300.91,1.5,1.5
09.08.2021 00:56:16.062,301.249,300.91,1.5,1.5
09.08.2021 00:56:16.214,301.249,300.91,1.5,1.5
09.08.2021 00:56:17.547,301.245,300.91,1.5,1.5
09.08.2021 00:56:20.511,301.249,300.91,1.5,1.5
09.08.2021 00:56:26.210,301.254,300.91,1.5,1.5
09.08.2021 00:56:26.891,301.259,300.91,1.5,1.5
09.08.2021 00:56:35.710,301.233,300.91,1.25,1.5
09.08.2021 00:56:35.761,301.235,300.941,1.25,1
09.08.2021 00:56:35.912,301.24,300.941,1.25,1.5
09.08.2021 00:56:37.859,301.279,300.941,1.5,1.5
09.08.2021 00:56:41.592,301.279,300.941,1.5,1.5
09.08.2021 00:56:41.794,301.269,300.941,1.5,1
09.08.2021 00:56:53.246,301.271,300.941,1.5,1.5
09.08.2021 00:56:53.447,301.279,300.941,1.5,1.5
09.08.2021 00:57:00.527,301.28400000000005,300.941,1.5,1.5
09.08.2021 00:57:00.728,301.28700000000003,300.941,1.5,1.5
09.08.2021 00:57:03.421,301.248,300.941,1.25,1.5
09.08.2021 00:57:37.059,301.291,300.941,1.5,1.5
09.08.2021 00:57:38.469,301.28900000000004,300.941,1.5,1.5
09.08.2021 00:57:41.576,301.253,300.941,1.25,1.5
09.08.2021 00:57:41.999,301.252,300.941,1.25,1.5
09.08.2021 00:57:49.544,301.278,300.941,1.5,1.5
09.08.2021 00:57:49.745,301.277,300.941,1.5,1.5
09.08.2021 00:57:50.794,301.269,300.941,1.5,1
09.08.2021 00:57:51.079,301.269,300.941,1.5,1
09.08.2021 00:57:53.059,301.269,300.941,1.5,1
09.08.2021 00:57:53.817,301.269,300.941,1.5,1
09.08.2021 00:58:07.282,301.221,300.941,1,1
09.08.2021 00:58:19.197,301.249,300.91200000000003,1.5,1.5
09.08.2021 00:58:19.247,301.247,300.91200000000003,1.5,1.5
09.08.2021 00:58:31.259,301.249,300.91200000000003,1.5,1.5
09.08.2021 00:58:36.073,301.249,300.91200000000003,1.5,1.5
09.08.2021 00:58:38.150,301.249,300.91200000000003,1.5,1.5
09.08.2021 00:58:54.260,301.255,300.91200000000003,1.5,1.5
09.08.2021 00:58:56.946,301.26,300.91200000000003,1.5,1.5
09.08.2021 00:58:57.322,301.263,300.91200000000003,1.5,1.5
09.08.2021 00:58:57.524,301.259,300.91200000000003,1.5,1.5
09.08.2021 00:59:02.224,301.259,300.91200000000003,1.5,1.5
09.08.2021 00:59:10.119,301.221,300.91200000000003,1.25,1.5
09.08.2021 00:59:19.175,301.225,300.91200000000003,1.25,1.5
09.08.2021 00:59:19.389,301.22700000000003,300.91200000000003,1.25,1.5
09.08.2021 00:59:19.654,301.223,300.91200000000003,1.25,1.5
09.08.2021 00:59:19.862,301.21700000000004,300.91200000000003,1.25,1.5
09.08.2021 00:59:20.335,301.255,300.91200000000003,1.5,1.5
09.08.2021 00:59:31.994,301.254,300.91200000000003,1.5,1.5
09.08.2021 00:59:32.198,301.249,300.91200000000003,1.5,1.5
09.08.2021 00:59:36.540,301.208,300.91200000000003,1.25,1.5
09.08.2021 00:59:48.878,301.205,300.91200000000003,1.25,1
09.08.2021 00:59:49.032,301.205,300.91200000000003,1.25,1.5
09.08.2021 00:59:51.938,301.23900000000003,300.91200000000003,1.5,1
09.08.2021 01:00:00.537,301.23900000000003,300.91200000000003,1.5,1
09.08.2021 01:00:00.738,301.22900000000004,300.91200000000003,1.5,1
09.08.2021 01:00:02.360,301.218,300.882,1.5,1.5
09.08.2021 01:00:02.439,301.218,300.882,1.5,1.5
09.08.2021 01:00:03.907,301.223,300.882,1.5,1.5
09.08.2021 01:00:05.171,301.226,300.882,1.5,1.5
09.08.2021 01:00:07.273,301.192,300.882,1.25,1.5
09.08.2021 01:00:09.557,301.197,300.882,1.25,1.5
09.08.2021 01:00:15.600,301.235,300.882,1.5,1.5
09.08.2021 01:00:20.533,301.22900000000004,300.882,1.5,1.5
09.08.2021 01:00:20.734,301.219,300.882,1.5,1.5
09.08.2021 01:00:22.912,301.207,300.882,1.5,1
09.08.2021 01:00:26.624,301.213,300.882,1.5,1.5
09.08.2021 01:00:29.197,301.209,300.882,1.5,1
09.08.2021 01:00:31.638,301.209,300.882,1.5,1
09.08.2021 01:00:31.839,301.206,300.882,1.5,1
09.08.2021 01:00:43.262,301.213,300.882,1.5,1.5
09.08.2021 01:00:43.464,301.213,300.882,1.5,1
09.08.2021 01:00:43.823,301.213,300.882,1.5,1.5
09.08.2021 01:00:59.859,301.218,300.882,1.5,1.5
09.08.2021 01:01:00.111,301.223,300.882,1.5,1.5
09.08.2021 01:01:10.328,301.185,300.882,1.25,1.5
09.08.2021 01:01:17.259,301.219,300.882,1.5,1.5
09.08.2021 01:01:22.936,301.219,300.882,1.5,1.5
09.08.2021 01:01:23.145,301.219,300.882,1.5,1.5
09.08.2021 01:01:23.335,301.219,300.882,1.5,1.5
09.08.2021 01:01:24.217,301.219,300.882,1.5,1.5
09.08.2021 01:01:36.268,301.17400000000004,300.882,1.25,1
09.08.2021 01:01:37.558,301.214,300.882,1.5,1.5
09.08.2021 01:01:45.050,301.207,300.882,1.5,1
09.08.2021 01:02:01.411,301.209,300.882,1.5,1
09.08.2021 01:02:08.519,301.209,300.882,1.5,1
09.08.2021 01:02:08.721,301.209,300.882,1.5,1
09.08.2021 01:02:10.745,301.208,300.882,1.5,1
09.08.2021 01:02:19.456,301.158,300.882,1.25,1
09.08.2021 01:02:29.031,301.198,300.882,1.5,1
09.08.2021 01:02:46.231,301.15900000000005,300.882,1.25,1
09.08.2021 01:02:53.428,301.189,300.85900000000004,1.5,1
09.08.2021 01:02:53.830,301.175,300.85900000000004,1.5,1
09.08.2021 01:02:53.997,301.168,300.85900000000004,1.5,1
09.08.2021 01:02:55.172,301.175,300.85900000000004,1.5,1
09.08.2021 01:02:57.145,301.182,300.85900000000004,1.5,1
09.08.2021 01:03:05.553,301.17900000000003,300.85900000000004,1.5,1
09.08.2021 01:03:07.283,301.15000000000003,300.85900000000004,1.25,1
09.08.2021 01:03:07.484,301.152,300.85900000000004,1.25,1
09.08.2021 01:03:12.530,301.156,300.85900000000004,1.25,1.5
09.08.2021 01:03:12.969,301.163,300.85900000000004,1.25,1.5
09.08.2021 01:03:13.439,301.16200000000003,300.85900000000004,1.25,1.5
09.08.2021 01:03:27.257,301.193,300.85900000000004,1.5,1
09.08.2021 01:03:34.312,301.148,300.85900000000004,1.25,1
09.08.2021 01:03:36.492,301.17900000000003,300.85900000000004,1.5,1
09.08.2021 01:03:36.693,301.16900000000004,300.85900000000004,1.5,1
09.08.2021 01:03:36.894,301.173,300.85900000000004,1.5,1
09.08.2021 01:03:37.709,301.16900000000004,300.85900000000004,1.5,1
09.08.2021 01:03:39.704,301.17400000000004,300.85900000000004,1.5,1
09.08.2021 01:03:46.102,301.186,300.85900000000004,1.5,1
09.08.2021 01:03:46.303,301.189,300.85900000000004,1.5,1
09.08.2021 01:03:46.972,301.192,300.85900000000004,1.5,1.5
09.08.2021 01:03:47.461,301.193,300.85900000000004,1.5,1
09.08.2021 01:03:47.619,301.193,300.85900000000004,1.5,1.5
09.08.2021 01:03:52.798,301.154,300.85900000000004,1.25,1
09.08.2021 01:04:03.776,301.189,300.85900000000004,1.5,1
09.08.2021 01:04:08.918,301.151,300.85900000000004,1.25,1
09.08.2021 01:04:15.145,301.154,300.85900000000004,1.25,1
09.08.2021 01:04:15.870,301.154,300.85900000000004,1.25,1
09.08.2021 01:04:33.049,301.193,300.85900000000004,1.5,1.5
09.08.2021 01:04:34.128,301.193,300.85900000000004,1.5,1
09.08.2021 01:05:00.609,301.126,300.85900000000004,0.37,1.5
09.08.2021 01:05:00.911,301.198,300.85900000000004,1.5,1.5
09.08.2021 01:05:02.312,301.199,300.85900000000004,1.5,1.5
09.08.2021 01:05:05.817,301.15500000000003,300.85900000000004,1.25,1
09.08.2021 01:05:15.394,301.194,300.85900000000004,1.5,1.5
09.08.2021 01:05:16.321,301.189,300.85900000000004,1.5,1
09.08.2021 01:05:22.514,301.15000000000003,300.85900000000004,1.25,1
09.08.2021 01:05:22.668,301.141,300.85900000000004,1.25,1
09.08.2021 01:05:42.915,301.131,300.85900000000004,1.25,1
09.08.2021 01:05:43.148,301.13599999999997,300.85900000000004,1.25,1
09.08.2021 01:06:00.912,301.178,300.85900000000004,1.5,1
09.08.2021 01:06:04.195,301.192,300.85900000000004,1.5,1.5
09.08.2021 01:06:04.418,301.198,300.85900000000004,1.5,1.5
09.08.2021 01:06:04.630,301.16200000000003,300.85900000000004,1.25,1.5
09.08.2021 01:06:04.935,301.16400000000004,300.85900000000004,1.25,1.5
09.08.2021 01:06:06.846,301.168,300.879,1.25,1
09.08.2021 01:06:11.742,301.161,300.879,1.25,1
09.08.2021 01:06:11.897,301.16400000000004,300.879,1.25,1
09.08.2021 01:06:15.851,301.172,300.879,1.25,1
09.08.2021 01:06:24.178,301.209,300.879,1.5,1
09.08.2021 01:06:34.062,301.206,300.879,1.5,1
09.08.2021 01:06:35.269,301.178,300.879,1.25,1.5
09.08.2021 01:06:49.914,301.219,300.879,1.5,1.5
09.08.2021 01:06:50.240,301.226,300.90000000000003,1.5,1
09.08.2021 01:07:01.805,301.219,300.90000000000003,1.5,1
09.08.2021 01:07:07.826,301.208,300.877,1.5,1
09.08.2021 01:07:07.877,301.206,300.877,1.5,1
09.08.2021 01:07:09.989,301.211,300.877,1.5,1.5
09.08.2021 01:07:13.207,301.209,300.877,1.5,1
09.08.2021 01:07:13.408,301.208,300.877,1.5,1
09.08.2021 01:07:34.640,301.214,300.877,1.5,1
09.08.2021 01:07:35.161,301.213,300.877,1.5,1.5
09.08.2021 01:07:35.344,301.209,300.877,1.5,1
09.08.2021 01:07:35.589,301.209,300.877,1.5,1.5
09.08.2021 01:07:37.741,301.176,300.877,1.25,1
09.08.2021 01:07:38.029,301.176,300.877,1.25,1.5
09.08.2021 01:07:50.588,301.173,300.877,1.25,1
09.08.2021 01:07:51.437,301.173,300.877,1.25,1
09.08.2021 01:07:51.685,301.173,300.877,1.25,1
09.08.2021 01:07:52.057,301.171,300.877,1.25,1
09.08.2021 01:07:52.255,301.173,300.877,1.25,1
09.08.2021 01:07:57.358,301.21500000000003,300.877,1.5,1.5
09.08.2021 01:07:57.721,301.213,300.877,1.5,1
09.08.2021 01:07:59.954,301.213,300.877,1.5,1.5
09.08.2021 01:08:02.286,301.211,300.877,1.5,1
09.08.2021 01:08:02.462,301.211,300.877,1.5,1.5
09.08.2021 01:08:07.094,301.209,300.877,1.5,1
09.08.2021 01:08:07.839,301.17,300.877,1.25,1
09.08.2021 01:08:12.173,301.175,300.877,1.25,1
09.08.2021 01:08:17.836,301.209,300.877,1.5,1
09.08.2021 01:08:32.537,301.209,300.877,1.5,1
09.08.2021 01:08:36.586,301.207,300.877,1.5,1
09.08.2021 01:08:47.451,301.199,300.877,1.5,1
09.08.2021 01:09:01.042,301.199,300.877,1.5,1
09.08.2021 01:09:07.124,301.213,300.877,1.5,1.5
09.08.2021 01:09:10.921,301.209,300.877,1.5,1
09.08.2021 01:09:12.805,301.211,300.877,1.5,1.5
09.08.2021 01:09:13.828,301.219,300.877,1.5,1.5
09.08.2021 01:09:18.084,301.22400000000005,300.877,1.5,1.5
09.08.2021 01:09:19.018,301.228,300.877,1.5,1.5
09.08.2021 01:09:19.834,301.192,300.877,1.25,1.5
09.08.2021 01:09:22.453,301.183,300.877,1.25,1.5
09.08.2021 01:09:22.638,301.18,300.877,1.25,1.5
09.08.2021 01:09:23.073,301.182,300.958,1.25,0.75
09.08.2021 01:09:23.174,301.214,300.973,1,1
09.08.2021 01:09:23.224,301.214,301.023,1,1
09.08.2021 01:09:23.325,301.186,301.031,0.37,1
09.08.2021 01:09:23.376,301.339,301.031,1.6,1
09.08.2021 01:09:23.541,301.339,301.031,1.6,1
09.08.2021 01:09:30.988,301.339,301.031,1.6,1
09.08.2021 01:09:31.273,301.339,301.031,1.6,1
09.08.2021 01:09:40.084,301.339,301.041,1.6,1
09.08.2021 01:09:41.735,301.339,301.041,1.6,1
09.08.2021 01:09:42.128,301.339,301.045,1.5,1
09.08.2021 01:09:53.067,301.324,301.05400000000003,1.1,1
09.08.2021 01:09:53.117,301.339,301.05400000000003,1.5,1
09.08.2021 01:09:53.323,301.323,301.05400000000003,1.1,1
09.08.2021 01:09:55.137,301.339,301.055,1.6,1
09.08.2021 01:10:00.074,301.339,301.055,1.5,1
09.08.2021 01:10:00.285,301.343,301.055,1.5,1
09.08.2021 01:10:05.047,301.343,301.055,1.5,1
09.08.2021 01:10:05.252,301.339,301.055,1.5,1
09.08.2021 01:10:05.532,301.339,301.055,1.6,1
09.08.2021 01:10:08.131,301.339,301.055,1.5,1
09.08.2021 01:10:08.382,301.339,301.055,1.5,1
09.08.2021 01:10:08.539,301.339,301.055,1.5,1
09.08.2021 01:10:08.778,301.339,301.055,1.5,1
09.08.2021 01:10:11.807,301.348,301.055,1.5,1
09.08.2021 01:10:12.389,301.34900000000005,301.055,1.5,1
09.08.2021 01:10:12.549,301.34900000000005,301.055,1.5,1
09.08.2021 01:10:13.218,301.34900000000005,301.055,1.5,1
09.08.2021 01:10:15.999,301.311,301.055,1.25,1
09.08.2021 01:10:17.162,301.32,301.055,1.25,1
09.08.2021 01:10:20.220,301.329,301.03400000000005,1.25,1
09.08.2021 01:10:26.537,301.339,301.046,1.5,1
09.08.2021 01:10:32.858,301.339,301.046,1.5,1
09.08.2021 01:10:33.105,301.317,301.046,1.25,1
09.08.2021 01:10:34.159,301.334,301.046,1.25,1
09.08.2021 01:10:34.368,301.315,301.046,1.25,1
09.08.2021 01:10:42.218,301.313,301.046,1.25,1
09.08.2021 01:10:42.488,301.333,301.046,1.25,1
09.08.2021 01:10:43.509,301.315,301.046,1.25,1
09.08.2021 01:10:45.345,301.317,301.04400000000004,1.25,1
09.08.2021 01:10:59.066,301.348,301.04400000000004,1.5,1
09.08.2021 01:10:59.339,301.348,301.055,1.5,1
09.08.2021 01:10:59.389,301.339,301.055,1.5,1
09.08.2021 01:10:59.440,301.339,301.055,1.5,1
09.08.2021 01:11:01.169,301.339,301.055,1.5,1
09.08.2021 01:11:01.908,301.339,301.055,1.5,1
09.08.2021 01:11:31.785,301.339,301.03400000000005,1.5,1.12
09.08.2021 01:11:38.557,301.339,301.043,1.5,1
09.08.2021 01:11:38.658,301.339,301.057,1.5,1
09.08.2021 01:11:38.708,301.343,301.03400000000005,1.5,1
09.08.2021 01:11:45.514,301.339,301.03400000000005,1.5,1.12
09.08.2021 01:11:51.137,301.339,301.03400000000005,1.5,1.5
09.08.2021 01:11:51.308,301.339,301.03400000000005,1.5,1.12
09.08.2021 01:11:58.717,301.339,301.03400000000005,1.5,1.5
09.08.2021 01:12:00.414,301.339,301.03400000000005,1.5,1.12
09.08.2021 01:12:13.210,301.339,301.03400000000005,1.5,1.5
09.08.2021 01:12:13.376,301.319,301.03400000000005,1.25,1
09.08.2021 01:12:14.202,301.333,301.03400000000005,1.25,1.12
09.08.2021 01:12:16.014,301.332,301.047,1.25,1
09.08.2021 01:12:16.394,301.333,301.047,1.25,1
09.08.2021 01:12:18.529,301.333,301.047,1.25,1
09.08.2021 01:12:20.155,301.333,301.047,1.25,1
09.08.2021 01:12:23.144,301.319,301.047,1.25,1
09.08.2021 01:12:24.210,301.335,301.047,1.25,1
09.08.2021 01:12:35.461,301.339,301.047,1.5,1
09.08.2021 01:12:36.489,301.339,301.047,1.5,1
09.08.2021 01:12:51.833,301.339,301.047,1.25,1
09.08.2021 01:12:51.883,301.339,301.03400000000005,1.5,1.12
09.08.2021 01:12:55.202,301.339,301.03400000000005,1.5,1
09.08.2021 01:12:55.592,301.339,301.03400000000005,1.5,1
09.08.2021 01:12:59.127,301.339,301.03400000000005,1.5,1
09.08.2021 01:13:00.256,301.339,301.03400000000005,1.5,1.12
09.08.2021 01:13:10.522,301.332,301.047,1.25,1
09.08.2021 01:13:10.623,301.313,301.047,1.25,1
09.08.2021 01:13:10.852,301.333,301.047,1.25,1
09.08.2021 01:13:20.260,301.332,301.047,1.25,1
09.08.2021 01:13:39.885,301.34900000000005,301.047,1.5,1
09.08.2021 01:13:40.158,301.34900000000005,301.047,1.5,1
09.08.2021 01:13:42.648,301.369,301.047,1.5,1
09.08.2021 01:13:53.464,301.369,301.047,1.5,1
09.08.2021 01:13:53.824,301.339,301.047,1.5,1
09.08.2021 01:13:55.922,301.339,301.047,1.5,1
09.08.2021 01:13:56.023,301.339,301.028,1.5,1.5
09.08.2021 01:13:56.174,301.339,301.028,1.5,1
09.08.2021 01:13:59.258,301.339,301.028,1.5,1
09.08.2021 01:14:03.326,301.339,301.02500000000003,1.5,1
09.08.2021 01:14:04.196,301.339,301.02500000000003,1.5,1.5
09.08.2021 01:14:04.351,301.339,301.02500000000003,1.5,1
09.08.2021 01:14:05.447,301.339,301.02500000000003,1.5,1.5
09.08.2021 01:14:07.610,301.339,301.02500000000003,1.5,1.5
09.08.2021 01:14:07.763,301.339,301.02500000000003,1.5,1.5
09.08.2021 01:14:10.403,301.339,301.02500000000003,1.5,1.5
09.08.2021 01:14:16.128,301.339,301.04900000000004,1.5,1
09.08.2021 01:14:34.639,301.339,301.04900000000004,1.5,1
09.08.2021 01:14:34.790,301.343,301.036,1.5,1
09.08.2021 01:14:35.721,301.339,301.036,1.5,1
09.08.2021 01:14:42.207,301.339,301.036,1.5,1
09.08.2021 01:14:42.665,301.343,301.036,1.5,1
09.08.2021 01:14:42.946,301.339,301.036,1.5,1
09.08.2021 01:14:44.173,301.339,301.038,1.5,1
09.08.2021 01:14:45.157,301.339,301.035,1.5,1
09.08.2021 01:14:46.085,301.339,301.035,1.5,1
09.08.2021 01:14:46.286,301.343,301.013,1.5,1.5
09.08.2021 01:14:46.336,301.343,301.013,1.5,1.5
09.08.2021 01:14:48.823,301.339,301.013,1.5,1.5
09.08.2021 01:14:49.024,301.339,301.013,1.5,1.5
09.08.2021 01:14:51.666,301.343,301.013,1.5,1.5
09.08.2021 01:14:58.499,301.339,301.013,1.5,1.75
09.08.2021 01:14:58.669,301.339,301.013,1.5,1.5
09.08.2021 01:15:11.555,301.339,301.026,1.5,1
09.08.2021 01:15:13.981,301.339,301.026,1.5,1.5
09.08.2021 01:15:15.709,301.339,301.026,1.5,1
09.08.2021 01:15:16.664,301.339,301.026,1.5,1.5
09.08.2021 01:15:18.797,301.339,301.026,1.5,1.5
09.08.2021 01:15:19.016,301.339,301.026,1.5,1.5
09.08.2021 01:15:20.656,301.339,301.026,1.5,1.5
09.08.2021 01:15:20.947,301.339,301.02,1.5,1.5
09.08.2021 01:15:21.860,301.335,301.02,1.25,1.5
09.08.2021 01:15:24.716,301.331,301.02,1.25,1.5
09.08.2021 01:15:24.908,301.335,301.02,1.25,1.5
09.08.2021 01:15:25.496,301.329,301.02,1.25,1.5
09.08.2021 01:15:27.840,301.339,301.058,1.5,1
09.08.2021 01:15:27.890,301.339,301.038,1.5,1
09.08.2021 01:15:27.941,301.339,301.033,1.5,1
09.08.2021 01:15:28.041,301.339,301.033,1.5,1.5
09.08.2021 01:15:28.811,301.339,301.033,1.5,1.5
09.08.2021 01:15:29.522,301.286,301.033,0.37,1
09.08.2021 01:15:29.623,301.339,301.033,1.5,1.5
09.08.2021 01:15:29.889,301.339,301.033,1.5,1.5
09.08.2021 01:15:33.668,301.339,301.033,1.5,1.5
09.08.2021 01:15:34.391,301.339,301.033,1.5,1.5
09.08.2021 01:15:34.618,301.339,301.033,1.5,1
09.08.2021 01:15:34.824,301.339,301.033,1.5,1
09.08.2021 01:15:38.025,301.339,301.033,1.5,1
09.08.2021 01:15:41.938,301.325,301.023,1.25,1.5
09.08.2021 01:15:43.350,301.327,301.023,1.25,1.5
09.08.2021 01:15:49.070,301.319,301.041,1.25,1
09.08.2021 01:15:49.225,301.319,301.041,1.25,1
09.08.2021 01:15:52.450,301.332,301.041,1.25,1
09.08.2021 01:16:00.113,301.348,301.041,1.5,1
09.08.2021 01:16:07.033,301.29900000000004,301.041,1.25,1
09.08.2021 01:16:07.133,301.312,301.02500000000003,1.25,1
09.08.2021 01:16:07.194,301.312,301.02500000000003,1.25,1
09.08.2021 01:16:08.564,301.307,301.035,1.25,1
09.08.2021 01:16:16.765,301.302,301.035,1,1
09.08.2021 01:16:21.948,301.323,301.035,1.5,1
09.08.2021 01:16:32.912,301.303,301.035,1.75,1
09.08.2021 01:17:09.505,301.303,301.014,1.5,1
09.08.2021 01:17:09.606,301.303,301.014,1.5,1.12
09.08.2021 01:17:09.738,301.273,301.014,1,1.12
09.08.2021 01:17:13.443,301.29,301.014,1.5,1.12
09.08.2021 01:17:13.776,301.309,301.03900000000004,1.75,1
09.08.2021 01:17:14.187,301.273,301.03900000000004,1,1
09.08.2021 01:17:23.973,301.273,301.03900000000004,1.5,1
09.08.2021 01:17:25.519,301.263,301.03900000000004,1,1
09.08.2021 01:17:30.096,301.273,301.03900000000004,1,1
09.08.2021 01:17:30.205,301.273,301.03900000000004,1.5,1
09.08.2021 01:17:30.830,301.263,301.03900000000004,1,1
09.08.2021 01:17:37.091,301.28000000000003,301.03900000000004,1.5,1
09.08.2021 01:17:37.861,301.273,301.03900000000004,1,1
09.08.2021 01:17:38.673,301.273,301.03900000000004,1.5,1
09.08.2021 01:18:03.281,301.283,301.03900000000004,1.5,1
09.08.2021 01:18:08.286,301.283,301.03900000000004,1,1
09.08.2021 01:18:08.387,301.303,301.03900000000004,1.5,1
09.08.2021 01:18:08.487,301.303,301.03900000000004,1.5,1
09.08.2021 01:18:08.638,301.266,301.05400000000003,0.37,1
09.08.2021 01:18:08.689,301.317,301.03700000000003,1.75,1
09.08.2021 01:18:12.911,301.317,301.03700000000003,1.75,1
09.08.2021 01:18:13.449,301.309,301.03700000000003,1.75,1
09.08.2021 01:18:13.851,301.303,301.03700000000003,1.75,1
09.08.2021 01:18:25.796,301.293,301.03700000000003,1.5,1
09.08.2021 01:18:30.165,301.313,301.03700000000003,1.5,1
09.08.2021 01:18:31.235,301.303,301.03700000000003,1.5,1
09.08.2021 01:18:32.258,301.303,301.03700000000003,1.5,1
09.08.2021 01:19:03.834,301.303,301.03700000000003,1.5,1
09.08.2021 01:19:18.667,301.303,301.03700000000003,1.5,1
09.08.2021 01:19:22.526,301.303,301.03700000000003,1.5,1
09.08.2021 01:19:27.089,301.303,301.03700000000003,1.5,1
09.08.2021 01:19:27.304,301.303,301.057,1.5,1
09.08.2021 01:19:27.354,301.32,301.045,1.5,1
09.08.2021 01:19:27.555,301.323,301.045,1.5,1
09.08.2021 01:19:34.054,301.303,301.045,1.5,1
09.08.2021 01:19:35.842,301.303,301.045,1.5,1
09.08.2021 01:19:36.115,301.303,301.045,1.5,1
09.08.2021 01:19:36.315,301.303,301.045,1.5,1
09.08.2021 01:19:48.677,301.303,301.045,1.5,1
09.08.2021 01:19:48.884,301.303,301.045,1.5,1
09.08.2021 01:19:50.417,301.303,301.045,1.5,1
09.08.2021 01:19:50.689,301.303,301.045,1.5,1
09.08.2021 01:20:07.941,301.303,301.045,1.5,1
09.08.2021 01:20:09.897,301.303,301.045,1.5,1
09.08.2021 01:20:14.951,301.303,301.045,1.5,1
09.08.2021 01:20:15.713,301.303,301.045,1.5,1
09.08.2021 01:20:24.191,301.303,301.05400000000003,1.5,1
09.08.2021 01:20:25.017,301.283,301.05400000000003,1.5,1
09.08.2021 01:20:35.142,301.293,301.031,1.5,1
09.08.2021 01:20:52.577,301.293,301.031,1.5,1
09.08.2021 01:20:52.678,301.293,301.048,1.5,1
09.08.2021 01:20:52.780,301.293,301.048,1.5,1
09.08.2021 01:20:53.124,301.273,301.048,1,1
09.08.2021 01:21:00.450,301.273,301.048,1.5,1
09.08.2021 01:21:03.576,301.273,301.048,1,1
09.08.2021 01:21:20.107,301.273,301.048,1.5,1
09.08.2021 01:21:50.839,301.283,301.048,1.5,1
09.08.2021 01:22:57.209,301.293,301.048,1.5,1
09.08.2021 01:23:04.241,301.293,301.053,1.5,1
09.08.2021 01:23:04.426,301.293,301.053,1.5,1
09.08.2021 01:23:04.627,301.319,301.04,1.5,1
09.08.2021 01:23:09.929,301.343,301.04,1.5,1
09.08.2021 01:23:19.246,301.333,301.04,1.5,1
09.08.2021 01:23:19.460,301.333,301.04,1.5,1
09.08.2021 01:23:20.143,301.333,301.04,1.5,1
09.08.2021 01:23:20.314,301.333,301.04,1.5,1
09.08.2021 01:23:26.403,301.313,301.04,1.81,1
09.08.2021 01:23:29.156,301.313,301.04,1.5,1
09.08.2021 01:23:31.058,301.313,301.04,1.5,1
09.08.2021 01:23:32.087,301.313,301.04,1.5,1
09.08.2021 01:23:32.288,301.313,301.04,1.5,1
09.08.2021 01:24:57.804,301.333,301.04,1.5,1
09.08.2021 01:25:23.336,301.313,301.04,1.5,1
09.08.2021 01:25:23.455,301.313,301.017,1.5,1
09.08.2021 01:25:35.450,301.283,301.017,1,1.5
09.08.2021 01:25:35.658,301.32099999999997,301.017,1.5,1.5
09.08.2021 01:25:59.647,301.293,301.031,1.5,1
09.08.2021 01:25:59.798,301.293,301.031,1.5,1
09.08.2021 01:26:04.918,301.293,301.031,1.5,1
09.08.2021 01:26:09.589,301.293,301.031,1.5,1
09.08.2021 01:26:41.266,301.283,301.031,1,1
09.08.2021 01:26:46.338,301.283,301.031,1.5,1
09.08.2021 01:27:08.955,301.283,301.031,1,1
09.08.2021 01:27:19.001,301.293,301.031,1.5,1
09.08.2021 01:27:28.114,301.293,301.031,1.5,1
09.08.2021 01:27:49.131,301.273,301.031,1.5,1
09.08.2021 01:27:53.761,301.283,301.051,1.5,1
09.08.2021 01:27:54.377,301.283,301.033,1.5,1
09.08.2021 01:27:54.528,301.283,301.033,1.5,1
09.08.2021 01:27:54.679,301.263,301.033,1,1
09.08.2021 01:28:54.753,301.301,301.033,1.5,1
09.08.2021 01:29:14.285,301.305,301.033,1.5,1
09.08.2021 01:29:14.436,301.263,301.033,1,1
09.08.2021 01:29:23.155,301.283,301.033,1.5,1
09.08.2021 01:29:23.820,301.273,301.033,1,1
09.08.2021 01:29:47.835,301.29,301.033,1.5,1
09.08.2021 01:29:48.580,301.273,301.033,1,1
09.08.2021 01:30:07.782,301.293,301.013,1.5,1
09.08.2021 01:30:07.832,301.303,301.02500000000003,1.75,1
09.08.2021 01:30:08.034,301.303,301.02500000000003,1.75,1
09.08.2021 01:30:10.197,301.293,301.02500000000003,1.75,1
09.08.2021 01:30:14.530,301.313,301.04200000000003,1.75,1
09.08.2021 01:30:18.120,301.313,301.04200000000003,1.75,1
09.08.2021 01:30:18.221,301.313,301.028,1.5,1
09.08.2021 01:30:18.322,301.323,301.028,1.5,1
09.08.2021 01:30:18.481,301.323,301.028,1.5,1
09.08.2021 01:30:18.985,301.333,301.028,1.5,1
09.08.2021 01:30:19.538,301.338,301.028,1.5,1
09.08.2021 01:30:20.414,301.313,301.028,1.5,1
09.08.2021 01:30:24.628,301.313,301.028,1.5,1
09.08.2021 01:30:26.702,301.328,301.028,1.25,1.5
09.08.2021 01:30:27.162,301.314,301.028,1.25,1
09.08.2021 01:30:28.556,301.312,301.028,1.25,1
09.08.2021 01:30:30.450,301.333,301.04900000000004,1.5,1
09.08.2021 01:30:30.634,301.333,301.04900000000004,1.5,1
09.08.2021 01:30:30.874,301.34700000000004,301.04900000000004,1.5,1
09.08.2021 01:30:33.986,301.34900000000005,301.02500000000003,1.5,1
09.08.2021 01:30:35.253,301.333,301.02500000000003,1.5,1
09.08.2021 01:30:35.653,301.333,301.02500000000003,1.5,1
09.08.2021 01:30:36.036,301.333,301.02500000000003,1.5,1
09.08.2021 01:30:45.949,301.333,301.02500000000003,1.5,1
09.08.2021 01:30:54.222,301.298,301.02500000000003,1.25,1
09.08.2021 01:30:54.273,301.314,301.03400000000005,1.25,1
09.08.2021 01:30:59.668,301.293,301.03400000000005,1.5,1
09.08.2021 01:31:03.345,301.293,301.012,1.5,1
09.08.2021 01:31:07.027,301.293,301.012,1.5,1
09.08.2021 01:31:08.871,301.293,301.012,1.5,1
09.08.2021 01:31:13.639,301.293,301.029,1.5,1
09.08.2021 01:31:13.890,301.293,301.029,1.5,1
09.08.2021 01:31:16.358,301.273,301.029,1,1
09.08.2021 01:31:18.106,301.273,301.051,1,1
09.08.2021 01:31:18.284,301.273,301.051,1.5,1
09.08.2021 01:31:26.184,301.273,301.051,1,1
09.08.2021 01:31:29.819,301.273,301.051,1.5,1
09.08.2021 01:31:44.125,301.293,301.051,1.85,1
09.08.2021 01:31:51.196,301.317,301.051,1.75,1
09.08.2021 01:31:51.349,301.317,301.026,1.75,1
09.08.2021 01:31:53.062,301.303,301.026,1.5,1
09.08.2021 01:31:57.330,301.293,301.035,1.5,1
09.08.2021 01:32:04.683,301.303,301.035,1.5,1
09.08.2021 01:32:04.734,301.303,301.017,1.5,1
09.08.2021 01:32:05.264,301.305,301.04,1.5,1
09.08.2021 01:32:12.259,301.305,301.04,1.5,1
09.08.2021 01:32:12.991,301.273,301.04,1,1
09.08.2021 01:32:40.230,301.283,301.04,1.5,1
09.08.2021 01:32:42.258,301.283,301.04,1.5,1
09.08.2021 01:32:55.170,301.283,301.04,1.5,1
09.08.2021 01:32:57.229,301.263,301.04,1,1
09.08.2021 01:33:05.381,301.263,301.04,1.5,1
09.08.2021 01:33:08.741,301.263,301.04,1,1
09.08.2021 01:33:10.787,301.263,301.04,1.5,1
09.08.2021 01:33:18.410,301.263,301.04,1,1
09.08.2021 01:33:24.148,301.273,301.04,1.5,1
09.08.2021 01:33:26.145,301.273,301.04,1.5,1
09.08.2021 01:33:26.756,301.29400000000004,301.04,1.1,1
09.08.2021 01:33:34.845,301.273,301.04,1.5,1
09.08.2021 01:33:46.311,301.253,301.04,1,1
09.08.2021 01:33:46.668,301.253,301.04,1.5,1
09.08.2021 01:33:49.084,301.273,301.04,1.5,1
09.08.2021 01:34:01.354,301.273,301.04,1.5,1
09.08.2021 01:34:01.556,301.273,301.04,1.5,1
09.08.2021 01:34:01.757,301.273,301.04,1.5,1
09.08.2021 01:34:28.778,301.283,301.04,1.5,1
09.08.2021 01:34:36.980,301.263,301.04,1.5,1
09.08.2021 01:34:37.518,301.263,301.041,1.5,1
09.08.2021 01:34:39.362,301.263,301.041,1.5,1
09.08.2021 01:34:40.304,301.263,301.041,1.5,1
09.08.2021 01:34:43.518,301.243,301.041,1,1
09.08.2021 01:34:45.365,301.243,301.028,1,1
09.08.2021 01:34:53.058,301.258,301.028,1.5,1
09.08.2021 01:34:53.218,301.273,301.03000000000003,1.5,1
09.08.2021 01:34:54.585,301.243,301.03000000000003,1,1
09.08.2021 01:35:08.127,301.26,301.03000000000003,1,1
09.08.2021 01:35:08.227,301.293,301.03000000000003,1.5,1
09.08.2021 01:35:08.873,301.253,301.03000000000003,1,1
09.08.2021 01:35:29.566,301.27500000000003,301.03000000000003,1.5,1
09.08.2021 01:35:30.308,301.253,301.03000000000003,1,1
09.08.2021 01:35:50.843,301.27,301.03000000000003,1.5,1
09.08.2021 01:35:52.374,301.263,301.03000000000003,1,1
09.08.2021 01:35:52.475,301.263,301.03000000000003,1.5,1
09.08.2021 01:35:52.626,301.277,301.046,1.5,1
09.08.2021 01:35:52.783,301.274,301.046,1,1
09.08.2021 01:35:53.531,301.243,301.046,1,1
09.08.2021 01:35:54.811,301.243,301.02500000000003,1,1
09.08.2021 01:35:54.962,301.223,301.02500000000003,1,1
09.08.2021 01:35:55.163,301.258,301.03400000000005,1.5,1
09.08.2021 01:35:55.214,301.258,301.03400000000005,1.5,1
09.08.2021 01:35:56.854,301.243,301.03400000000005,1,1
09.08.2021 01:35:58.275,301.223,301.03400000000005,1,1
09.08.2021 01:36:03.088,301.24,301.03400000000005,1,1
09.08.2021 01:36:03.139,301.253,301.03400000000005,1,1
09.08.2021 01:36:07.851,301.269,301.03400000000005,1.5,1
09.08.2021 01:36:08.635,301.263,301.03400000000005,1,1
09.08.2021 01:36:14.299,301.253,301.03400000000005,1,1
09.08.2021 01:36:23.055,301.253,301.02500000000003,1,1
09.08.2021 01:36:32.807,301.253,301.02500000000003,1.5,1
09.08.2021 01:36:33.311,301.253,301.04400000000004,1.5,1
09.08.2021 01:36:33.361,301.253,301.04400000000004,1,1
09.08.2021 01:36:34.113,301.253,301.04400000000004,1.5,1
09.08.2021 01:36:38.772,301.273,301.027,1.5,1
09.08.2021 01:36:38.922,301.273,301.027,1.5,1
09.08.2021 01:36:50.292,301.273,301.027,1.5,1
09.08.2021 01:36:54.214,301.273,301.027,1.5,1
09.08.2021 01:36:57.792,301.253,301.027,1.5,1
09.08.2021 01:36:57.994,301.283,301.027,1.5,1
09.08.2021 01:36:59.276,301.281,301.03700000000003,1.5,1
09.08.2021 01:37:01.038,301.253,301.03700000000003,1,1
09.08.2021 01:37:05.329,301.263,301.03700000000003,1,1
09.08.2021 01:37:11.028,301.263,301.03700000000003,1.5,1
09.08.2021 01:37:11.179,301.253,301.03700000000003,1,1
09.08.2021 01:37:19.177,301.253,301.031,1.5,1
09.08.2021 01:37:19.278,301.233,301.031,1,1
09.08.2021 01:37:23.724,301.257,301.04900000000004,1.5,1
09.08.2021 01:37:25.329,301.243,301.04900000000004,1,1
09.08.2021 01:37:26.745,301.243,301.04,1,1
09.08.2021 01:37:27.319,301.233,301.04,1,1
09.08.2021 01:37:28.244,301.25,301.04,1,1
09.08.2021 01:37:28.295,301.26099999999997,301.04,1.5,1
09.08.2021 01:37:28.683,301.269,301.04,1.5,1
09.08.2021 01:37:28.784,301.269,301.028,1.5,1
09.08.2021 01:37:28.834,301.265,301.031,1,1
09.08.2021 01:37:28.935,301.265,301.036,1,1
09.08.2021 01:37:29.086,301.263,301.036,1,1
09.08.2021 01:37:29.245,301.263,301.036,1.5,1
09.08.2021 01:37:29.450,301.243,301.036,1,1
09.08.2021 01:37:59.339,301.243,301.036,1.5,1
09.08.2021 01:38:01.338,301.243,301.036,1,1
09.08.2021 01:38:02.818,301.243,301.036,1.5,1
09.08.2021 01:38:17.902,301.233,301.036,1,1
09.08.2021 01:38:26.287,301.253,301.036,1.5,1
09.08.2021 01:38:26.438,301.253,301.036,1.5,1
09.08.2021 01:38:39.484,301.253,301.036,1,1
09.08.2021 01:38:39.585,301.253,301.03000000000003,1,1
09.08.2021 01:38:39.687,301.263,301.03000000000003,1,1
09.08.2021 01:38:45.150,301.263,301.03000000000003,1.5,1
09.08.2021 01:38:45.709,301.253,301.03000000000003,1,1
09.08.2021 01:39:01.848,301.253,301.03000000000003,1.5,1
09.08.2021 01:39:07.139,301.253,301.03000000000003,1,1
09.08.2021 01:39:08.709,301.263,301.03000000000003,1.5,1
09.08.2021 01:39:09.992,301.263,301.03000000000003,1,1
09.08.2021 01:39:12.343,301.263,301.03000000000003,1.5,1
09.08.2021 01:39:27.504,301.253,301.03000000000003,1,1
09.08.2021 01:39:37.021,301.263,301.03000000000003,1.5,1
09.08.2021 01:39:38.875,301.263,301.03000000000003,1,1
09.08.2021 01:39:41.031,301.263,301.03000000000003,1.5,1
09.08.2021 01:39:53.433,301.253,301.03000000000003,1,1
09.08.2021 01:39:59.925,301.253,301.03000000000003,1.5,1
09.08.2021 01:40:04.902,301.253,301.03000000000003,1,1
09.08.2021 01:40:06.093,301.253,301.03000000000003,1.5,1
09.08.2021 01:40:09.206,301.253,301.03000000000003,1,1
09.08.2021 01:40:13.763,301.253,301.03000000000003,1.5,1
09.08.2021 01:40:14.450,301.253,301.03000000000003,1,1
09.08.2021 01:40:17.502,301.253,301.03000000000003,1.5,1
09.08.2021 01:40:17.708,301.253,301.041,1.5,1
09.08.2021 01:40:17.809,301.233,301.041,1,1
09.08.2021 01:40:17.859,301.233,301.023,1,1
09.08.2021 01:40:18.443,301.255,301.023,1,1
09.08.2021 01:40:18.544,301.257,301.023,1.5,1
09.08.2021 01:40:20.225,301.253,301.023,1,1
09.08.2021 01:40:21.136,301.253,301.023,1.5,1
09.08.2021 01:40:21.238,301.233,301.023,1,1
09.08.2021 01:40:21.470,301.233,301.033,1,1
09.08.2021 01:40:21.525,301.249,301.033,1.5,1
09.08.2021 01:40:21.626,301.245,301.033,1,1
09.08.2021 01:40:22.265,301.233,301.033,1,1
09.08.2021 01:40:34.226,301.233,301.02500000000003,1,1
09.08.2021 01:40:34.327,301.257,301.02500000000003,1.5,1
09.08.2021 01:40:34.427,301.257,301.02500000000003,1.5,1
09.08.2021 01:40:34.878,301.267,301.017,1,1
09.08.2021 01:40:34.979,301.265,301.019,1.5,1
09.08.2021 01:40:35.225,301.265,301.019,1,1
09.08.2021 01:40:36.134,301.263,301.019,1,1
09.08.2021 01:40:41.318,301.243,301.019,1,1
09.08.2021 01:40:41.652,301.253,301.019,1,1
09.08.2021 01:40:42.007,301.26099999999997,301.019,1.5,1
09.08.2021 01:40:42.443,301.243,301.019,1,1
09.08.2021 01:40:42.953,301.233,301.019,1,1
09.08.2021 01:40:48.028,301.233,301.033,1,1
09.08.2021 01:40:58.641,301.241,301.033,1,1
09.08.2021 01:40:58.834,301.241,301.033,1.5,1
09.08.2021 01:40:59.434,301.223,301.033,1,1
09.08.2021 01:41:04.467,301.223,301.017,1,1
09.08.2021 01:41:05.159,301.24,301.017,1.5,1
09.08.2021 01:41:05.944,301.213,301.017,1,1
09.08.2021 01:41:07.133,301.246,301.017,1,1
09.08.2021 01:41:07.184,301.253,301.017,1.5,1
09.08.2021 01:41:07.234,301.241,301.017,1,1
09.08.2021 01:41:08.607,301.233,301.017,1,1
09.08.2021 01:41:23.046,301.233,301.021,1.5,1
09.08.2021 01:41:23.374,301.223,301.021,1,1
09.08.2021 01:41:23.475,301.233,301.026,1.5,1
09.08.2021 01:41:23.687,301.233,301.026,1,1
09.08.2021 01:41:25.928,301.223,301.026,1,1
09.08.2021 01:41:51.252,301.223,301.021,1,1
09.08.2021 01:41:58.317,301.223,301.017,1,1
09.08.2021 01:42:04.334,301.243,301.017,1,1
09.08.2021 01:42:11.500,301.241,301.017,1,1
09.08.2021 01:42:13.840,301.243,301.017,1,1
09.08.2021 01:42:19.767,301.223,301.017,1,1
09.08.2021 01:42:23.881,301.223,301.03200000000004,1,1
09.08.2021 01:42:47.361,301.22900000000004,301.03200000000004,1,1
09.08.2021 01:42:48.106,301.213,301.03200000000004,1,1
09.08.2021 01:42:50.707,301.213,301.016,1,1
09.08.2021 01:42:50.858,301.203,301.02500000000003,1,1
09.08.2021 01:42:51.124,301.203,301.012,1,1
09.08.2021 01:42:51.380,301.203,301.01099999999997,1,1
09.08.2021 01:43:00.468,301.203,301.014,1,1
09.08.2021 01:43:31.263,301.193,301.014,1,1
09.08.2021 01:43:35.616,301.21500000000003,301.014,1,1
09.08.2021 01:43:35.667,301.213,301.014,1,1
09.08.2021 01:43:35.768,301.21700000000004,301.014,1,1
09.08.2021 01:43:36.344,301.193,301.014,1,1
09.08.2021 01:43:56.571,301.193,301.027,1,1
09.08.2021 01:43:57.354,301.193,301.018,1,1
09.08.2021 01:44:00.324,301.21,301.018,1,1
09.08.2021 01:44:00.926,301.213,301.018,1,1
09.08.2021 01:44:10.202,301.23,301.019,1,1
09.08.2021 01:44:10.253,301.233,301.019,1,1
09.08.2021 01:44:17.242,301.213,301.019,1,1
09.08.2021 01:44:17.400,301.213,301.02500000000003,1,1
09.08.2021 01:44:22.826,301.213,301.033,1,1
09.08.2021 01:44:30.946,301.22900000000004,301.02500000000003,1,1
09.08.2021 01:44:31.097,301.233,301.02500000000003,1.5,1
09.08.2021 01:44:36.072,301.22900000000004,301.02500000000003,1,1
09.08.2021 01:44:37.720,301.223,301.02500000000003,1,1
09.08.2021 01:44:43.152,301.22900000000004,301.02500000000003,1,1
09.08.2021 01:44:43.716,301.233,301.02500000000003,1,1
09.08.2021 01:44:45.811,301.223,301.02500000000003,1,1
09.08.2021 01:44:51.674,301.223,301.019,1,1
09.08.2021 01:44:58.754,301.223,301.029,1,1
09.08.2021 01:45:00.670,301.221,301.029,1,1
09.08.2021 01:45:00.840,301.223,301.029,1,1
09.08.2021 01:45:01.025,301.223,301.013,1,1
09.08.2021 01:45:04.545,301.221,301.013,1,1
09.08.2021 01:45:09.001,301.213,301.013,1,1
09.08.2021 01:45:23.094,301.221,301.013,1,1
09.08.2021 01:45:41.099,301.221,301.022,1,1
09.08.2021 01:45:41.200,301.21700000000004,301.022,1,1
09.08.2021 01:45:51.259,301.221,301.022,1,1
09.08.2021 01:45:51.473,301.223,301.022,1,1
09.08.2021 01:45:58.150,301.221,301.022,1,1
09.08.2021 01:46:00.870,301.223,301.022,1,1
09.08.2021 01:46:04.018,301.221,301.022,1,1
09.08.2021 01:46:09.975,301.223,301.022,1,1
09.08.2021 01:46:11.969,301.225,301.022,1,1
09.08.2021 01:46:12.069,301.22900000000004,301.01,1,1
09.08.2021 01:46:12.271,301.22900000000004,301.018,1,1
09.08.2021 01:46:12.321,301.22900000000004,301.01,1,1
09.08.2021 01:46:12.472,301.22900000000004,301.02,1,1
09.08.2021 01:46:12.523,301.22900000000004,301.009,1,1
09.08.2021 01:46:14.872,301.225,301.009,1,1
09.08.2021 01:46:16.191,301.232,301.009,1,1
09.08.2021 01:46:16.292,301.22900000000004,301.009,1,1
09.08.2021 01:46:20.532,301.233,301.009,1.5,1
09.08.2021 01:46:21.229,301.22900000000004,301.009,1,1
09.08.2021 01:46:22.820,301.22900000000004,301.029,1,1
09.08.2021 01:46:23.462,301.225,301.029,1,1
09.08.2021 01:46:26.908,301.213,301.029,1,1
09.08.2021 01:46:32.389,301.221,301.029,1,1
09.08.2021 01:46:41.883,301.223,301.029,1,1
09.08.2021 01:47:05.328,301.22900000000004,301.029,1,1
09.08.2021 01:47:09.555,301.233,301.029,1.5,1
09.08.2021 01:47:13.656,301.233,301.04400000000004,1.5,1
09.08.2021 01:47:13.807,301.233,301.029,1.5,1
09.08.2021 01:47:29.180,301.233,301.027,1,1
09.08.2021 01:48:02.960,301.241,301.027,1,1
09.08.2021 01:48:03.060,301.233,301.027,1,1
09.08.2021 01:48:03.369,301.233,301.03700000000003,1,1
09.08.2021 01:48:03.520,301.22900000000004,301.03700000000003,1,1
09.08.2021 01:48:03.661,301.223,301.03700000000003,1,1
09.08.2021 01:48:10.137,301.243,301.03700000000003,1.5,1
09.08.2021 01:48:10.191,301.241,301.03700000000003,1,1
09.08.2021 01:48:20.704,301.223,301.03700000000003,1,1
09.08.2021 01:49:06.679,301.223,301.038,1,1
09.08.2021 01:49:06.890,301.223,301.02,1,1
09.08.2021 01:49:07.042,301.221,301.02,1,1
09.08.2021 01:49:07.956,301.223,301.02,1,1
09.08.2021 01:49:13.134,301.22900000000004,301.02,1,1
09.08.2021 01:49:13.235,301.22900000000004,301.012,1,1
09.08.2021 01:49:13.336,301.243,301.012,1.5,1
09.08.2021 01:49:13.387,301.233,301.012,1,1
09.08.2021 01:49:22.502,301.237,301.012,1,1
09.08.2021 01:49:29.348,301.241,301.02,1,1
09.08.2021 01:49:29.449,301.247,301.01099999999997,1,1
09.08.2021 01:49:31.767,301.249,301.021,1.5,1
09.08.2021 01:49:52.340,301.249,301.026,1.5,1
09.08.2021 01:49:52.441,301.253,301.027,1,1
09.08.2021 01:49:52.542,301.262,301.013,1.5,1
09.08.2021 01:49:54.821,301.263,301.031,1,1
09.08.2021 01:49:54.872,301.269,301.017,1.5,1
09.08.2021 01:49:54.922,301.26099999999997,301.017,1,1
09.08.2021 01:49:55.073,301.26099999999997,301.03000000000003,1,1
09.08.2021 01:49:55.124,301.263,301.03000000000003,1.12,1
09.08.2021 01:49:58.548,301.26099999999997,301.03000000000003,1,1
09.08.2021 01:49:59.144,301.26099999999997,301.03000000000003,1.5,1
09.08.2021 01:49:59.392,301.253,301.03000000000003,1,1
09.08.2021 01:49:59.524,301.253,301.03000000000003,1.5,1
09.08.2021 01:50:03.106,301.249,301.012,1.5,1
09.08.2021 01:50:12.027,301.253,301.012,1.5,1
09.08.2021 01:50:14.315,301.253,301.012,2,1
09.08.2021 01:50:14.618,301.249,301.02,1.5,1
09.08.2021 01:50:21.312,301.249,301.02,1,1
09.08.2021 01:50:21.924,301.249,301.02,1.5,1
09.08.2021 01:50:24.328,301.245,301.02,1,1
09.08.2021 01:50:24.840,301.249,301.02,1.5,1
09.08.2021 01:50:29.304,301.253,301.02,1.5,1
09.08.2021 01:50:30.352,301.233,301.02,1,1
09.08.2021 01:50:30.541,301.233,301.014,1,1
09.08.2021 01:50:33.456,301.253,301.014,1.5,1
09.08.2021 01:50:36.352,301.253,301.009,1.5,1
09.08.2021 01:50:36.553,301.253,301.009,1.5,1
09.08.2021 01:50:36.754,301.245,301.013,1,1
09.08.2021 01:50:40.469,301.249,301.013,1.5,1
09.08.2021 01:50:40.570,301.249,301.013,1,1
09.08.2021 01:50:42.198,301.245,301.013,1,1
09.08.2021 01:50:42.416,301.249,301.013,1,1
09.08.2021 01:50:47.856,301.241,301.013,1,1
09.08.2021 01:50:48.340,301.233,301.03400000000005,1,1
09.08.2021 01:50:48.541,301.233,301.018,1.5,1
09.08.2021 01:50:48.642,301.22900000000004,301.018,1,1
09.08.2021 01:50:50.787,301.223,301.018,1,1
09.08.2021 01:50:56.914,301.233,301.018,1,1
09.08.2021 01:51:03.584,301.22900000000004,301.018,1,1
09.08.2021 01:51:08.048,301.233,301.018,1.5,1
09.08.2021 01:51:08.994,301.237,301.018,1,1
09.08.2021 01:51:09.861,301.233,301.018,1,1
09.08.2021 01:51:20.373,301.233,301.03400000000005,1,1
09.08.2021 01:51:29.291,301.233,301.021,1,1
09.08.2021 01:51:30.408,301.245,301.021,1,1
09.08.2021 01:51:31.798,301.243,301.021,1,1
09.08.2021 01:51:32.347,301.241,301.021,1,1
09.08.2021 01:51:33.030,301.243,301.021,1,1
09.08.2021 01:51:33.158,301.245,301.021,1,1
09.08.2021 01:51:33.262,301.249,301.021,1,1
09.08.2021 01:51:34.929,301.243,301.021,1,1
09.08.2021 01:51:38.061,301.243,301.01,1,1
09.08.2021 01:51:40.128,301.249,301.01,1,1
09.08.2021 01:51:40.815,301.249,301.03200000000004,1,1
09.08.2021 01:51:40.866,301.253,301.03200000000004,1,1
09.08.2021 01:51:41.724,301.253,301.029,1,1
09.08.2021 01:51:55.405,301.253,301.03000000000003,1,1
09.08.2021 01:52:09.170,301.253,301.03000000000003,2,1
09.08.2021 01:53:18.794,301.265,301.03000000000003,1.5,1
09.08.2021 01:53:18.956,301.26099999999997,301.03000000000003,1,1
09.08.2021 01:53:19.146,301.26099999999997,301.03000000000003,1.5,1
09.08.2021 01:53:32.554,301.26099999999997,301.035,1.5,1
09.08.2021 01:53:32.937,301.26099999999997,301.02,1.5,1
09.08.2021 01:53:33.975,301.26099999999997,301.021,1.5,1
09.08.2021 01:53:34.979,301.253,301.021,1,1
09.08.2021 01:53:38.973,301.233,301.021,1,1
09.08.2021 01:53:41.659,301.25,301.021,1.5,1
09.08.2021 01:53:41.709,301.25,301.024,1.5,1
09.08.2021 01:53:41.810,301.269,301.031,1.5,1
09.08.2021 01:53:42.231,301.269,301.018,1.5,1
09.08.2021 01:53:42.281,301.265,301.023,1.5,1
09.08.2021 01:54:06.803,301.263,301.023,1,1
09.08.2021 01:54:15.891,301.263,301.019,1,1
09.08.2021 01:54:20.708,301.263,301.019,1.5,1
09.08.2021 01:54:22.079,301.26099999999997,301.03000000000003,1.5,1
09.08.2021 01:54:23.560,301.243,301.03000000000003,1,1
09.08.2021 01:54:26.177,301.26,301.03000000000003,1.5,1
09.08.2021 01:54:27.523,301.263,301.03000000000003,1,1
09.08.2021 01:54:34.306,301.273,301.03000000000003,1.5,1
09.08.2021 01:54:34.407,301.273,301.03000000000003,1,1
09.08.2021 01:54:35.559,301.273,301.015,1.5,1
09.08.2021 01:54:42.585,301.273,301.015,1.5,1
09.08.2021 01:54:43.481,301.273,301.015,1.5,1
09.08.2021 01:54:45.166,301.273,301.015,1.5,1
09.08.2021 01:54:45.523,301.273,301.015,1.5,1
09.08.2021 01:54:51.233,301.273,301.015,1.5,1
09.08.2021 01:54:58.669,301.273,301.033,1.5,1
09.08.2021 01:55:07.307,301.273,301.033,1.5,1
09.08.2021 01:55:07.743,301.273,301.04400000000004,1.5,1
09.08.2021 01:55:07.895,301.277,301.04400000000004,1.5,1
09.08.2021 01:55:10.284,301.273,301.04400000000004,1.5,1
09.08.2021 01:55:12.457,301.273,301.04400000000004,1.5,1
09.08.2021 01:55:13.368,301.273,301.04400000000004,1.5,1
09.08.2021 01:55:13.570,301.273,301.04400000000004,1.5,1
09.08.2021 01:55:21.798,301.253,301.026,1.5,1
09.08.2021 01:55:21.898,301.253,301.026,1,1
09.08.2021 01:55:25.868,301.253,301.036,1,1
09.08.2021 01:55:45.723,301.263,301.036,1,1
09.08.2021 01:55:46.033,301.263,301.029,1,1
09.08.2021 01:55:46.084,301.273,301.029,1.5,1
09.08.2021 01:55:46.185,301.273,301.029,1,1
09.08.2021 01:55:48.684,301.273,301.029,1.5,1
09.08.2021 01:55:48.735,301.273,301.018,1.5,1
09.08.2021 01:55:49.065,301.281,301.018,1.5,1
09.08.2021 01:55:49.115,301.281,301.018,1.5,1
09.08.2021 01:55:49.381,301.285,301.018,1.5,1
09.08.2021 01:55:50.398,301.263,301.018,1,1
09.08.2021 01:55:57.593,301.273,301.018,1.5,1
09.08.2021 01:55:59.036,301.253,301.018,1,1
09.08.2021 01:56:00.828,301.233,301.018,1,1
09.08.2021 01:56:02.473,301.243,301.018,1,1
09.08.2021 01:56:07.903,301.26,301.018,1,1
09.08.2021 01:56:07.954,301.263,301.018,1,1
09.08.2021 01:56:21.078,301.243,301.018,1,1
09.08.2021 01:56:44.053,301.253,301.018,1,1
09.08.2021 01:56:50.723,301.243,301.018,1,1
09.08.2021 01:56:52.594,301.253,301.018,1,1
09.08.2021 01:56:59.311,301.273,301.018,1.5,1
09.08.2021 01:57:02.132,301.263,301.03400000000005,1.5,1
09.08.2021 01:57:02.182,301.263,301.03400000000005,1,1
09.08.2021 01:57:06.473,301.285,301.03400000000005,1.5,1
09.08.2021 01:57:07.217,301.263,301.03400000000005,1,1
09.08.2021 01:57:11.896,301.263,301.03400000000005,1.5,1
09.08.2021 01:57:21.692,301.263,301.03400000000005,1,1
09.08.2021 01:57:21.893,301.28900000000004,301.03400000000005,1.5,1
09.08.2021 01:57:24.075,301.253,301.03400000000005,1,1
09.08.2021 01:57:46.676,301.263,301.03400000000005,1,1
09.08.2021 01:57:49.374,301.253,301.03400000000005,1,1
09.08.2021 01:57:49.424,301.263,301.03400000000005,1,1
09.08.2021 01:57:50.223,301.253,301.03400000000005,1,1
09.08.2021 01:57:50.309,301.263,301.03400000000005,1,1
09.08.2021 01:57:53.874,301.243,301.03400000000005,1,1
09.08.2021 01:57:53.925,301.253,301.03400000000005,1,1
09.08.2021 01:57:56.174,301.243,301.03400000000005,1,1
09.08.2021 01:57:56.588,301.253,301.03400000000005,1,1
09.08.2021 01:58:01.713,301.253,301.036,1,1
09.08.2021 01:58:02.193,301.243,301.036,1,1
09.08.2021 01:58:02.613,301.253,301.036,1,1
09.08.2021 01:58:03.097,301.253,301.028,1,1
09.08.2021 01:58:03.148,301.286,301.028,1.5,1
09.08.2021 01:58:04.264,301.273,301.028,1,1
09.08.2021 01:58:04.673,301.263,301.028,1,1
09.08.2021 01:58:05.974,301.253,301.028,1,1
09.08.2021 01:58:08.834,301.243,301.028,1,1
09.08.2021 01:58:09.138,301.26,301.028,1,1
09.08.2021 01:58:09.471,301.263,301.028,1,1
09.08.2021 01:58:10.753,301.263,301.04900000000004,1,1
09.08.2021 01:58:10.854,301.273,301.03900000000004,1,1
09.08.2021 01:58:15.684,301.253,301.03900000000004,1,1
09.08.2021 01:58:20.011,301.263,301.03900000000004,1,1
09.08.2021 01:58:21.171,301.253,301.03900000000004,1,1
09.08.2021 01:58:26.645,301.27500000000003,301.03900000000004,1,1
09.08.2021 01:58:26.746,301.305,301.03900000000004,1.75,1
09.08.2021 01:58:27.387,301.263,301.03900000000004,1,1
09.08.2021 01:58:32.799,301.28000000000003,301.03900000000004,1,1
09.08.2021 01:58:34.777,301.283,301.03900000000004,1,1
09.08.2021 01:58:34.884,301.283,301.03900000000004,1.5,1
09.08.2021 01:58:37.189,301.283,301.03900000000004,1.5,1
09.08.2021 01:58:42.030,301.273,301.03900000000004,1,1
09.08.2021 01:58:45.505,301.295,301.03900000000004,1.5,1
09.08.2021 01:58:46.898,301.293,301.03900000000004,1.5,1
09.08.2021 01:58:48.772,301.263,301.03900000000004,1,1
09.08.2021 01:58:51.044,301.28000000000003,301.03900000000004,1.5,1
09.08.2021 01:58:52.201,301.283,301.03900000000004,1.5,1
09.08.2021 01:59:05.119,301.273,301.03900000000004,1,1
09.08.2021 01:59:07.288,301.295,301.03900000000004,1.5,1
09.08.2021 01:59:08.028,301.273,301.03900000000004,1,1
09.08.2021 01:59:10.768,301.283,301.03900000000004,1.5,1
09.08.2021 01:59:26.244,301.283,301.05400000000003,1.5,1
09.08.2021 01:59:26.294,301.327,301.033,1.5,1
09.08.2021 01:59:28.251,301.293,301.041,1.5,1
09.08.2021 01:59:28.351,301.293,301.03000000000003,1.5,1
09.08.2021 01:59:48.242,301.293,301.03000000000003,1.5,1
09.08.2021 01:59:48.589,301.313,301.03000000000003,1.5,1
09.08.2021 01:59:49.283,301.313,301.03000000000003,1.5,1
09.08.2021 01:59:51.849,301.283,301.03000000000003,1,1
09.08.2021 01:59:52.042,301.283,301.03000000000003,1.5,1
09.08.2021 01:59:52.782,301.283,301.03000000000003,1,1
09.08.2021 01:59:53.179,301.293,301.03000000000003,1.5,1
09.08.2021 01:59:54.819,301.293,301.03000000000003,1.5,1
09.08.2021 01:59:55.549,301.273,301.03000000000003,1,1
09.08.2021 01:59:55.599,301.283,301.03000000000003,1.5,1
09.08.2021 01:59:55.801,301.283,301.03000000000003,1,1
09.08.2021 01:59:56.580,301.283,301.045,1,1
09.08.2021 01:59:56.681,301.283,301.045,1.5,1
09.08.2021 01:59:56.874,301.273,301.045,1,1
09.08.2021 01:59:57.189,301.283,301.045,1.5,1
09.08.2021 01:59:59.092,301.283,301.045,1,1
09.08.2021 01:59:59.769,301.273,301.045,1,1
09.08.2021 01:59:59.819,301.283,301.045,1,1
09.08.2021 01:59:59.997,301.283,301.045,1.5,1
09.08.2021 02:00:00.357,301.283,301.045,1,1
09.08.2021 02:00:02.240,301.283,301.045,1.5,1
09.08.2021 02:00:03.889,301.263,301.045,1,1
09.08.2021 02:00:05.382,301.28000000000003,301.045,1.5,1
09.08.2021 02:00:05.993,301.283,301.045,1,1
09.08.2021 02:00:09.043,301.283,301.036,1,1
09.08.2021 02:00:10.209,301.3,300.993,1.5,1.5
09.08.2021 02:00:10.360,301.33,301.002,1.5,1.5
09.08.2021 02:00:12.232,301.303,301.008,1.5,1.5
09.08.2021 02:00:12.400,301.303,301.008,1.5,1.5
09.08.2021 02:00:13.166,301.283,301.008,1,1.5
09.08.2021 02:00:15.389,301.283,301.022,1,1.5
09.08.2021 02:00:16.579,301.273,301.022,1,1.5
09.08.2021 02:00:17.114,301.29,301.022,1.5,1.5
09.08.2021 02:00:17.910,301.283,301.022,1,1.5
09.08.2021 02:00:39.415,301.283,301.022,1,1
09.08.2021 02:00:45.745,301.283,301.022,1,1.5
09.08.2021 02:00:51.950,301.293,301.022,1.5,1
09.08.2021 02:00:52.153,301.293,301.022,1.5,1
09.08.2021 02:00:52.757,301.273,301.022,1,1
09.08.2021 02:00:54.641,301.273,301.022,1.5,1
09.08.2021 02:00:54.845,301.273,301.022,1,1
09.08.2021 02:00:58.072,301.273,301.022,1.5,1
09.08.2021 02:00:58.547,301.273,301.03700000000003,1.5,1
09.08.2021 02:00:58.902,301.273,301.03700000000003,1,1
09.08.2021 02:01:00.275,301.263,301.03700000000003,1,1
09.08.2021 02:01:01.774,301.253,301.03700000000003,1,1
09.08.2021 02:01:03.101,301.263,301.03700000000003,1,1
09.08.2021 02:01:04.178,301.253,301.03700000000003,1,1
09.08.2021 02:01:06.010,301.253,301.057,1,1
09.08.2021 02:01:09.829,301.253,301.03900000000004,1,1
09.08.2021 02:01:27.263,301.243,301.03900000000004,1,1
09.08.2021 02:01:28.547,301.243,301.05,1,1
09.08.2021 02:01:41.678,301.243,301.035,1,1
09.08.2021 02:01:45.760,301.253,301.035,1,1
09.08.2021 02:01:45.811,301.233,301.035,1,1
09.08.2021 02:02:19.217,301.233,301.05,1,1
09.08.2021 02:02:29.869,301.285,301.05,1.5,1
09.08.2021 02:02:30.609,301.233,301.05,1,1
09.08.2021 02:02:51.077,301.255,301.05,1,1
09.08.2021 02:02:51.177,301.285,301.05,1.5,1
09.08.2021 02:02:51.814,301.233,301.05,1,1
09.08.2021 02:02:57.682,301.223,301.05,1,1
09.08.2021 02:02:57.811,301.233,301.05,1,1
09.08.2021 02:03:04.286,301.233,301.03000000000003,1,1
09.08.2021 02:03:12.394,301.223,301.03000000000003,1,1
09.08.2021 02:03:19.680,301.223,301.029,1,1
09.08.2021 02:03:33.568,301.233,301.029,1,1
09.08.2021 02:03:33.673,301.243,301.029,1,1
09.08.2021 02:03:36.979,301.223,301.029,1,1
09.08.2021 02:03:37.049,301.24,301.029,1,1
09.08.2021 02:03:37.150,301.243,301.029,1,1
09.08.2021 02:03:49.224,301.223,301.029,1,1
09.08.2021 02:03:49.294,301.24,301.029,1,1
09.08.2021 02:03:49.452,301.243,301.029,1,1
09.08.2021 02:04:01.333,301.243,301.038,1,1
09.08.2021 02:04:01.576,301.233,301.038,1,1
09.08.2021 02:04:01.895,301.223,301.038,1,1
09.08.2021 02:04:07.085,301.243,301.04400000000004,1,1
09.08.2021 02:04:07.186,301.28900000000004,301.029,1.5,1
09.08.2021 02:04:08.474,301.253,301.029,1,1
09.08.2021 02:04:11.643,301.243,301.029,1,1
09.08.2021 02:04:17.873,301.233,301.029,1,1
09.08.2021 02:04:24.568,301.243,301.029,1,1
09.08.2021 02:04:25.760,301.233,301.029,1,1
09.08.2021 02:04:25.810,301.243,301.029,1,1
09.08.2021 02:04:28.179,301.233,301.029,1,1
09.08.2021 02:04:29.578,301.243,301.029,1,1
09.08.2021 02:04:30.934,301.233,301.029,1,1
09.08.2021 02:04:54.951,301.223,301.029,1,1
09.08.2021 02:05:00.372,301.223,301.041,1,1
09.08.2021 02:05:12.228,301.213,301.02500000000003,1,1
09.08.2021 02:05:12.279,301.203,301.02500000000003,1,1
09.08.2021 02:05:14.973,301.225,301.02500000000003,1,1
09.08.2021 02:05:15.074,301.233,301.023,1,1
09.08.2021 02:05:21.423,301.213,301.023,1,1
09.08.2021 02:05:32.970,301.213,301.04,1,1
09.08.2021 02:05:36.128,301.223,301.04,1,1
09.08.2021 02:06:00.442,301.243,301.04,1,1
09.08.2021 02:06:01.024,301.233,301.04,1,1
09.08.2021 02:06:06.640,301.223,301.04,1,1
09.08.2021 02:06:32.257,301.24,301.04,1,1
09.08.2021 02:06:32.358,301.269,301.024,1.5,1
09.08.2021 02:06:34.188,301.253,301.024,1,1
09.08.2021 02:06:37.525,301.253,301.013,1,1
09.08.2021 02:06:38.700,301.243,301.013,1,1
09.08.2021 02:06:40.623,301.223,301.013,1,1
09.08.2021 02:06:44.192,301.223,301.013,0.75,1.5
09.08.2021 02:06:44.687,301.223,301.013,1,1
09.08.2021 02:06:44.803,301.24,301.013,1,1
09.08.2021 02:06:44.854,301.253,301.013,1,1
09.08.2021 02:06:47.635,301.253,301.013,1,1.5
09.08.2021 02:07:00.253,301.253,301.031,1,1
09.08.2021 02:07:04.910,301.233,301.031,1,1
09.08.2021 02:07:05.230,301.253,301.031,1,1
09.08.2021 02:07:16.545,301.233,301.031,1,1
09.08.2021 02:07:17.006,301.253,301.031,1,1
09.08.2021 02:07:18.094,301.233,301.031,1,1
09.08.2021 02:07:27.262,301.25,301.031,1,1
09.08.2021 02:07:27.409,301.253,301.031,1,1
09.08.2021 02:07:41.485,301.243,301.031,1,1
09.08.2021 02:07:53.295,301.233,301.031,1,1
09.08.2021 02:08:07.175,301.25,301.031,1,1
09.08.2021 02:08:07.276,301.263,301.031,1,1
09.08.2021 02:08:07.377,301.263,301.016,1,1
09.08.2021 02:08:08.834,301.253,301.016,1,1
09.08.2021 02:08:10.907,301.243,301.016,1,1
09.08.2021 02:08:21.238,301.253,301.028,1,1
09.08.2021 02:08:21.779,301.243,301.028,1,1
09.08.2021 02:08:22.125,301.26,301.028,1,1
09.08.2021 02:08:22.225,301.285,301.028,1.5,1
09.08.2021 02:08:23.394,301.253,301.028,1,1
09.08.2021 02:08:25.598,301.243,301.028,1,1
09.08.2021 02:08:27.324,301.26,301.028,1,1
09.08.2021 02:08:27.425,301.285,301.028,1.5,1
09.08.2021 02:08:28.072,301.253,301.028,1,1
09.08.2021 02:08:32.574,301.233,301.028,1,1
09.08.2021 02:08:47.345,301.243,301.028,1,1
09.08.2021 02:08:58.636,301.26,301.028,1,1
09.08.2021 02:08:58.736,301.28900000000004,301.028,1.5,1
09.08.2021 02:08:58.846,301.28900000000004,301.028,1.5,1
09.08.2021 02:08:59.379,301.243,301.028,1,1
09.08.2021 02:09:00.697,301.28200000000004,301.028,1.5,1
09.08.2021 02:09:02.366,301.263,301.028,1,1
09.08.2021 02:09:03.283,301.243,301.028,1,1
09.08.2021 02:09:05.924,301.233,301.028,1,1
09.08.2021 02:09:11.759,301.223,301.018,1,1
09.08.2021 02:09:16.371,301.223,301.041,1,1
09.08.2021 02:09:44.160,301.233,301.041,1,1
09.08.2021 02:09:46.421,301.243,301.041,1,1
09.08.2021 02:09:55.614,301.233,301.041,1,1
09.08.2021 02:10:13.744,301.25,301.041,1.5,1
09.08.2021 02:10:14.497,301.233,301.041,1,1
09.08.2021 02:10:21.149,301.243,301.035,1,1
09.08.2021 02:10:21.873,301.233,301.035,1,1
09.08.2021 02:10:39.846,301.243,301.035,1,1
09.08.2021 02:10:52.522,301.243,301.03900000000004,1,1
09.08.2021 02:11:03.950,301.26,301.03900000000004,1.5,1
09.08.2021 02:11:04.697,301.233,301.03900000000004,1,1
09.08.2021 02:11:04.969,301.255,301.03900000000004,1.5,1
09.08.2021 02:11:05.711,301.233,301.03900000000004,1,1
09.08.2021 02:11:35.673,301.213,301.03900000000004,1,1
09.08.2021 02:11:38.112,301.223,301.03900000000004,1,1
09.08.2021 02:12:07.537,301.223,301.038,1,1
09.08.2021 02:12:43.073,301.26099999999997,301.038,1.5,1
09.08.2021 02:13:00.350,301.243,301.038,1,1
09.08.2021 02:13:02.828,301.233,301.038,1,1
09.08.2021 02:13:05.169,301.233,301.028,1,1
09.08.2021 02:13:14.820,301.233,301.035,1,1
09.08.2021 02:13:26.400,301.223,301.035,1,1
09.08.2021 02:13:30.285,301.233,301.035,1,1
09.08.2021 02:13:39.128,301.223,301.035,1,1
09.08.2021 02:13:41.224,301.245,301.035,1,1
09.08.2021 02:13:41.504,301.26099999999997,301.035,1.5,1
09.08.2021 02:13:41.955,301.223,301.035,1,1
09.08.2021 02:13:47.932,301.233,301.035,1,1
09.08.2021 02:13:55.424,301.223,301.035,1,1
09.08.2021 02:13:56.695,301.24,301.035,1,1
09.08.2021 02:13:56.796,301.26099999999997,301.035,1.5,1
09.08.2021 02:13:57.490,301.223,301.035,1,1
09.08.2021 02:14:01.172,301.233,301.035,1,1
09.08.2021 02:14:02.616,301.257,301.035,1.5,1
09.08.2021 02:14:03.314,301.233,301.035,1,1
09.08.2021 02:14:15.846,301.25,301.035,1.5,1
09.08.2021 02:14:16.590,301.233,301.035,1,1
09.08.2021 02:14:30.295,301.223,301.035,1,1
09.08.2021 02:14:30.980,301.233,301.035,1,1
09.08.2021 02:14:37.001,301.223,301.035,1,1
09.08.2021 02:14:38.117,301.233,301.035,1,1
09.08.2021 02:14:41.888,301.233,301.053,1,1
09.08.2021 02:14:47.361,301.233,301.033,1,1
09.08.2021 02:14:47.462,301.286,301.038,1,1
09.08.2021 02:14:47.663,301.293,301.03400000000005,1.5,1
09.08.2021 02:14:48.009,301.28900000000004,301.03700000000003,1.5,1
09.08.2021 02:14:48.426,301.283,301.03700000000003,1.5,1
09.08.2021 02:14:48.883,301.263,301.03700000000003,1,1
09.08.2021 02:14:48.985,301.253,301.03700000000003,1,1
09.08.2021 02:14:50.094,301.243,301.03700000000003,1,1
09.08.2021 02:14:51.107,301.253,301.03700000000003,1,1
09.08.2021 02:14:51.260,301.253,301.028,1,1
09.08.2021 02:14:51.945,301.243,301.028,1,1
09.08.2021 02:14:56.148,301.26,301.028,1.5,1
09.08.2021 02:14:56.894,301.243,301.028,1,1
09.08.2021 02:15:02.550,301.243,301.03400000000005,1,1
09.08.2021 02:15:03.889,301.233,301.03400000000005,1,1
09.08.2021 02:15:04.801,301.25,301.03400000000005,1,1
09.08.2021 02:15:04.852,301.277,301.03400000000005,1.5,1
09.08.2021 02:15:05.542,301.233,301.03400000000005,1,1
09.08.2021 02:15:08.337,301.277,301.03400000000005,1.5,1
09.08.2021 02:15:09.081,301.233,301.03400000000005,1,1
09.08.2021 02:15:39.522,301.268,301.03400000000005,1.5,1
09.08.2021 02:15:40.219,301.233,301.03400000000005,1,1
09.08.2021 02:15:56.546,301.233,301.051,1,1
09.08.2021 02:16:03.243,301.25,301.051,1.5,1
09.08.2021 02:16:03.995,301.233,301.051,1,1
09.08.2021 02:16:06.103,301.233,301.035,1,1
09.08.2021 02:16:16.382,301.25,301.035,1.5,1
09.08.2021 02:16:16.658,301.257,301.035,1.5,1
09.08.2021 02:16:17.125,301.223,301.035,1,1
09.08.2021 02:16:38.431,301.223,301.017,1,1
09.08.2021 02:16:51.474,301.213,301.017,1,1
09.08.2021 02:16:54.479,301.213,301.027,1,1
09.08.2021 02:16:57.572,301.213,301.018,1,1
09.08.2021 02:16:59.254,301.223,301.018,1,1
09.08.2021 02:17:00.181,301.223,301.026,1,1
09.08.2021 02:17:16.579,301.233,301.026,1,1
09.08.2021 02:17:20.552,301.223,301.026,1,1
09.08.2021 02:17:23.266,301.203,301.026,1,1
09.08.2021 02:17:30.703,301.203,301.043,1,1
09.08.2021 02:17:39.649,301.193,301.043,1,1
09.08.2021 02:17:39.700,301.193,301.028,1,1
09.08.2021 02:17:40.465,301.193,301.012,1,1
09.08.2021 02:17:41.093,301.193,301.023,1,1
09.08.2021 02:17:42.214,301.193,301.031,1,1
09.08.2021 02:17:49.156,301.203,301.023,1,1
09.08.2021 02:17:57.126,301.22900000000004,301.023,1,1
09.08.2021 02:17:57.379,301.223,301.023,1,1
09.08.2021 02:17:58.526,301.213,301.023,1,1
09.08.2021 02:18:00.412,301.213,301.017,1,1
09.08.2021 02:18:06.463,301.213,301.027,1,1
09.08.2021 02:18:21.006,301.225,301.036,1,1
09.08.2021 02:18:21.107,301.233,301.036,1,1
09.08.2021 02:18:21.207,301.237,301.036,1,1
09.08.2021 02:18:21.558,301.237,301.03000000000003,1,1
09.08.2021 02:18:21.879,301.225,301.03000000000003,1,1
09.08.2021 02:18:21.980,301.221,301.04400000000004,1,1
09.08.2021 02:18:22.131,301.221,301.026,1,1
09.08.2021 02:18:22.181,301.213,301.026,1,1
09.08.2021 02:18:25.120,301.213,301.024,1,1
09.08.2021 02:18:25.221,301.223,301.024,1,1
09.08.2021 02:18:25.271,301.213,301.024,1,1
09.08.2021 02:18:30.420,301.213,301.035,1,1
09.08.2021 02:19:00.740,301.223,301.035,1,1
09.08.2021 02:19:18.047,301.225,301.035,1,1
09.08.2021 02:19:18.780,301.213,301.035,1,1
09.08.2021 02:19:26.475,301.213,301.038,1,1
09.08.2021 02:19:49.580,301.22900000000004,301.038,1,1
09.08.2021 02:19:50.317,301.223,301.038,1,1
09.08.2021 02:20:01.035,301.223,301.023,1,1
09.08.2021 02:20:01.145,301.223,301.036,1,1
09.08.2021 02:20:01.519,301.223,301.03200000000004,1,1
09.08.2021 02:20:05.319,301.237,301.03200000000004,1,1
09.08.2021 02:20:05.564,301.233,301.03200000000004,1,1
09.08.2021 02:20:06.062,301.223,301.03200000000004,1,1
09.08.2021 02:20:10.556,301.203,301.03200000000004,1,1
09.08.2021 02:20:22.849,301.213,301.03200000000004,1,1
09.08.2021 02:20:23.443,301.233,301.03200000000004,1,1
09.08.2021 02:20:25.033,301.213,301.03200000000004,1,1
09.08.2021 02:20:31.992,301.223,301.03200000000004,1,1
09.08.2021 02:20:37.471,301.249,301.03200000000004,1.5,1
09.08.2021 02:20:38.213,301.223,301.03200000000004,1,1
09.08.2021 02:20:39.847,301.24,301.03200000000004,1,1
09.08.2021 02:20:39.898,301.249,301.03200000000004,1.5,1
09.08.2021 02:20:40.595,301.223,301.03200000000004,1,1
09.08.2021 02:20:42.609,301.223,301.027,1,1
09.08.2021 02:20:54.629,301.223,301.028,1,1
09.08.2021 02:20:55.128,301.213,301.028,1,1
09.08.2021 02:20:56.431,301.23,301.028,1,1
09.08.2021 02:20:56.483,301.249,301.028,1.5,1
09.08.2021 02:20:56.929,301.245,301.028,1,1
09.08.2021 02:20:56.979,301.213,301.028,1,1
09.08.2021 02:21:00.613,301.241,301.03000000000003,1,1
09.08.2021 02:21:00.713,301.249,301.03000000000003,1.5,1
09.08.2021 02:21:01.138,301.249,301.012,1.5,1
09.08.2021 02:21:01.290,301.253,301.012,1,1
09.08.2021 02:21:01.936,301.233,301.012,1,1
09.08.2021 02:21:03.117,301.233,301.023,1,1
09.08.2021 02:21:06.756,301.233,301.021,1,1
09.08.2021 02:21:07.619,301.223,301.021,1,1
09.08.2021 02:21:19.802,301.223,301.019,1,1
09.08.2021 02:21:32.931,301.24,301.019,1,1
09.08.2021 02:21:33.674,301.248,301.019,1,1
09.08.2021 02:21:33.725,301.223,301.019,1,1
09.08.2021 02:21:40.617,301.223,301.031,1,1
09.08.2021 02:21:42.422,301.24,301.031,1,1
09.08.2021 02:21:42.473,301.257,301.031,1.5,1
09.08.2021 02:21:43.166,301.223,301.031,1,1
09.08.2021 02:21:43.436,301.245,301.031,1,1
09.08.2021 02:21:43.537,301.257,301.031,1.5,1
09.08.2021 02:21:44.180,301.223,301.031,1,1
09.08.2021 02:21:48.435,301.223,301.024,1,1
09.08.2021 02:21:48.821,301.245,301.024,1,1
09.08.2021 02:21:48.922,301.257,301.024,1.5,1
09.08.2021 02:21:49.398,301.26099999999997,301.024,1.5,1
09.08.2021 02:21:49.599,301.233,301.024,1,1
09.08.2021 02:21:50.565,301.223,301.024,1,1
09.08.2021 02:21:50.672,301.257,301.024,2,1
09.08.2021 02:21:52.780,301.243,301.024,1,1
09.08.2021 02:21:55.129,301.223,301.024,1,1
09.08.2021 02:22:06.483,301.233,301.024,1,1
09.08.2021 02:22:11.705,301.255,301.024,1.5,1
09.08.2021 02:22:12.449,301.223,301.024,1,1
09.08.2021 02:22:53.874,301.223,301.03700000000003,1,1
09.08.2021 02:22:56.757,301.223,301.029,1,1
09.08.2021 02:23:46.114,301.233,301.029,1,1
09.08.2021 02:23:49.132,301.233,301.023,1,1
09.08.2021 02:23:49.233,301.243,301.023,1,1
09.08.2021 02:24:49.259,301.269,301.023,1.5,1
09.08.2021 02:24:49.309,301.243,301.023,1,1
09.08.2021 02:24:53.634,301.233,301.023,1,1
09.08.2021 02:25:06.753,301.243,301.023,1,1
09.08.2021 02:26:08.214,301.269,301.023,1.5,1
09.08.2021 02:26:20.695,301.26099999999997,301.023,1,1
09.08.2021 02:26:20.946,301.26099999999997,301.023,1.5,1
09.08.2021 02:26:21.047,301.233,301.023,1,1
09.08.2021 02:26:21.275,301.233,301.026,1,1
09.08.2021 02:26:39.124,301.26099999999997,301.026,1.5,1
09.08.2021 02:26:39.884,301.233,301.026,1,1
09.08.2021 02:26:45.411,301.25,301.026,1,1
09.08.2021 02:26:45.462,301.26099999999997,301.026,1.5,1
09.08.2021 02:26:46.151,301.233,301.026,1,1
09.08.2021 02:26:50.252,301.233,301.03900000000004,1,1
09.08.2021 02:26:50.353,301.223,301.026,1,1
09.08.2021 02:27:06.068,301.233,301.026,1,1
09.08.2021 02:27:06.441,301.255,301.026,1,1
09.08.2021 02:27:06.591,301.257,301.026,1.5,1
09.08.2021 02:27:07.879,301.243,301.026,1,1
09.08.2021 02:27:19.056,301.243,301.016,1,1
09.08.2021 02:27:19.997,301.233,301.016,1,1
09.08.2021 02:27:23.089,301.213,301.016,1,1
09.08.2021 02:27:24.280,301.213,301.019,1,1
09.08.2021 02:27:24.444,301.233,301.019,1,1
09.08.2021 02:28:24.125,301.213,301.019,1,1
09.08.2021 02:28:36.283,301.213,301.035,1,1
09.08.2021 02:28:54.773,301.203,301.035,1,1
09.08.2021 02:29:00.292,301.223,301.035,1,1
09.08.2021 02:29:07.943,301.213,301.035,1,1
09.08.2021 02:29:11.546,301.213,301.04400000000004,1,1
09.08.2021 02:29:54.709,301.23,301.04400000000004,1,1
09.08.2021 02:29:54.760,301.233,301.04400000000004,1,1
09.08.2021 02:29:55.452,301.213,301.04400000000004,1,1
09.08.2021 02:30:03.271,301.213,301.04,1,1
09.08.2021 02:30:12.573,301.213,301.027,1,1
09.08.2021 02:30:33.432,301.23,301.027,1,1
09.08.2021 02:30:33.532,301.233,301.027,1,1
09.08.2021 02:30:34.211,301.213,301.027,1,1
09.08.2021 02:31:35.902,301.233,301.027,1,1
09.08.2021 02:31:44.925,301.237,301.027,1,1
09.08.2021 02:31:53.394,301.233,301.027,1,1
09.08.2021 02:32:00.771,301.237,301.027,1.5,1
09.08.2021 02:32:06.926,301.237,301.027,1,1
09.08.2021 02:32:07.027,301.241,301.027,1,1
09.08.2021 02:32:07.378,301.233,301.027,1,1
09.08.2021 02:33:03.059,301.213,301.027,1,1
09.08.2021 02:33:39.371,301.213,301.026,1,1
09.08.2021 02:34:03.354,301.233,301.026,1,1
09.08.2021 02:34:50.049,301.238,301.026,1,1
09.08.2021 02:34:50.137,301.22900000000004,301.026,1,1
09.08.2021 02:34:50.414,301.203,301.035,1,1
09.08.2021 02:34:52.093,301.193,301.022,1,1
09.08.2021 02:34:52.144,301.193,301.031,1,1
09.08.2021 02:34:53.951,301.21500000000003,301.031,1,1
09.08.2021 02:34:54.693,301.203,301.031,1,1
09.08.2021 02:35:03.809,301.213,301.031,1,1
09.08.2021 02:35:04.550,301.193,301.031,1,1
09.08.2021 02:35:08.000,301.203,301.031,1,1
09.08.2021 02:35:08.747,301.203,301.022,1,1
09.08.2021 02:35:08.847,301.225,301.022,1,1
09.08.2021 02:35:10.029,301.213,301.022,1,1
09.08.2021 02:35:11.430,301.223,301.022,1,1
09.08.2021 02:35:15.686,301.225,301.006,1,1
09.08.2021 02:35:15.737,301.22900000000004,301.006,1,1
09.08.2021 02:35:16.525,301.22900000000004,301.013,1,1
09.08.2021 02:35:16.995,301.223,301.013,1,1
09.08.2021 02:35:17.340,301.221,301.013,1,1
09.08.2021 02:35:22.109,301.223,301.013,1,1
09.08.2021 02:35:27.531,301.221,301.013,1,1
09.08.2021 02:35:27.877,301.213,301.013,1,1
09.08.2021 02:35:36.275,301.209,301.016,1,1
09.08.2021 02:35:38.811,301.205,301.016,1,1
09.08.2021 02:35:38.913,301.193,301.016,1,1
09.08.2021 02:35:56.426,301.203,301.016,1,1
09.08.2021 02:36:11.719,301.205,301.016,1,1
09.08.2021 02:36:12.460,301.203,301.016,1,1
09.08.2021 02:36:39.152,301.203,301.023,1,1
09.08.2021 02:36:49.527,301.20099999999996,301.023,1,1
09.08.2021 02:36:49.716,301.203,301.023,1,1
09.08.2021 02:36:50.461,301.20099999999996,301.023,1,1
09.08.2021 02:36:50.842,301.203,301.023,1,1
09.08.2021 02:36:59.027,301.20099999999996,301.023,1,1
09.08.2021 02:36:59.280,301.203,301.023,1,1
09.08.2021 02:36:59.331,301.203,301.01,1,1
09.08.2021 02:36:59.381,301.197,301.01,1,1
09.08.2021 02:36:59.482,301.183,301.01,1,1
09.08.2021 02:37:01.901,301.197,301.01,1,1
09.08.2021 02:37:02.480,301.193,301.01,1,1
09.08.2021 02:37:02.581,301.197,301.01,1,1
09.08.2021 02:37:02.643,301.193,301.01,1,1
09.08.2021 02:37:33.448,301.193,301.016,1.5,1
09.08.2021 02:37:33.550,301.189,301.016,1,1
09.08.2021 02:37:33.659,301.193,301.016,1.5,1
09.08.2021 02:37:45.222,301.189,301.016,1,1
09.08.2021 02:37:45.533,301.193,301.016,1.5,1
09.08.2021 02:37:52.083,301.189,301.016,1,1
09.08.2021 02:37:52.792,301.193,301.016,1.5,1
09.08.2021 02:37:55.562,301.189,301.016,1,1
09.08.2021 02:37:55.714,301.185,301.016,1,1
09.08.2021 02:38:04.034,301.193,301.016,1,1
09.08.2021 02:38:14.961,301.189,301.016,1,1
09.08.2021 02:38:24.967,301.185,301.016,1,1
09.08.2021 02:38:25.907,301.193,301.016,1,1
09.08.2021 02:38:45.812,301.193,301.014,1.5,1
09.08.2021 02:38:45.915,301.208,301.014,1.5,1
