Gmt time,Ask,Bid,AskVolume,BidVolume
13.08.2021 00:00:00.108,110.405,110.40200000000002,1.95,1.25
13.08.2021 00:00:00.210,110.40899999999999,110.405,2.32,1
13.08.2021 00:00:00.311,110.40899999999999,110.406,1.87,1.25
13.08.2021 00:00:00.463,110.40899999999999,110.40700000000001,1,1.25
13.08.2021 00:00:00.665,110.41,110.40700000000001,1.1,1.25
13.08.2021 00:00:00.817,110.41,110.406,1,2.89
13.08.2021 00:00:00.968,110.412,110.405,1.1,2.89
13.08.2021 00:00:02.400,110.411,110.40700000000001,1.2,1
13.08.2021 00:00:02.908,110.411,110.406,1.2,3.64
13.08.2021 00:00:03.379,110.411,110.40700000000001,1.2,1
13.08.2021 00:00:03.531,110.411,110.406,1.2,3.64
13.08.2021 00:00:04.047,110.411,110.40700000000001,1.2,1
13.08.2021 00:00:04.148,110.411,110.406,1.2,3.64
13.08.2021 00:00:05.109,110.411,110.40700000000001,1.95,1
13.08.2021 00:00:06.780,110.41,110.40700000000001,1,1.25
13.08.2021 00:00:07.791,110.41,110.406,2.32,2.44
13.08.2021 00:00:08.805,110.40899999999999,110.406,1,1.69
13.08.2021 00:00:10.467,110.40700000000001,110.404,5.1,1.5
13.08.2021 00:00:10.518,110.405,110.40200000000002,1,3.34
13.08.2021 00:00:12.741,110.406,110.404,1.12,1.25
13.08.2021 00:00:12.793,110.408,110.404,1.95,2.2
13.08.2021 00:00:12.945,110.40899999999999,110.405,1,1.25
13.08.2021 00:00:13.149,110.40899999999999,110.406,1.2,1.25
13.08.2021 00:00:14.940,110.41,110.406,1.95,2.95
13.08.2021 00:00:16.730,110.411,110.40700000000001,1.95,1.39
13.08.2021 00:00:18.922,110.41,110.40700000000001,1.2,1.25
13.08.2021 00:00:20.706,110.40899999999999,110.406,1,3.14
13.08.2021 00:00:23.087,110.41,110.406,1.2,3.14
13.08.2021 00:00:30.626,110.411,110.40700000000001,1.2,2.14
13.08.2021 00:00:33.392,110.411,110.40700000000001,1.6,1.69
13.08.2021 00:00:35.900,110.412,110.408,1.95,1.95
13.08.2021 00:00:37.615,110.412,110.40899999999999,1.2,1
13.08.2021 00:00:38.264,110.414,110.411,1,1.2
13.08.2021 00:00:39.090,110.415,110.411,1.01,1.95
13.08.2021 00:00:42.010,110.41600000000001,110.413,1.1,1
13.08.2021 00:00:42.062,110.41700000000002,110.414,1.57,1
13.08.2021 00:00:42.164,110.41700000000002,110.413,1.57,2.14
13.08.2021 00:01:01.489,110.415,110.413,1.25,1.1
13.08.2021 00:01:01.540,110.413,110.41,1.2,1.2
13.08.2021 00:01:01.642,110.412,110.408,1.76,1.57
13.08.2021 00:01:01.743,110.411,110.408,1.2,1
13.08.2021 00:01:01.844,110.41,110.408,1,1
13.08.2021 00:01:02.349,110.41,110.40700000000001,1,1.1
13.08.2021 00:01:02.551,110.41,110.406,1.2,2.51
13.08.2021 00:01:04.601,110.40899999999999,110.406,1,1.01
13.08.2021 00:01:04.703,110.405,110.40299999999999,1.25,4.2
13.08.2021 00:01:04.804,110.404,110.40100000000001,1,1.97
13.08.2021 00:01:04.906,110.404,110.4,2.14,2.32
13.08.2021 00:01:05.260,110.40299999999999,110.399,1.39,1.2
13.08.2021 00:01:08.661,110.40299999999999,110.399,1,1.72
13.08.2021 00:01:15.320,110.40299999999999,110.399,1.39,1.1
13.08.2021 00:01:17.122,110.40200000000002,110.398,1,2.48
13.08.2021 00:01:18.326,110.40100000000001,110.397,1.69,5.47
13.08.2021 00:01:18.428,110.40100000000001,110.397,2.14,1.95
13.08.2021 00:01:18.868,110.399,110.396,1.2,3
13.08.2021 00:01:18.969,110.398,110.395,1.39,1
13.08.2021 00:01:19.071,110.398,110.393,1,1.1
13.08.2021 00:01:19.223,110.397,110.393,2.14,1.2
13.08.2021 00:01:21.246,110.395,110.39200000000001,1.39,1
13.08.2021 00:01:21.449,110.395,110.39,1.25,2.7
13.08.2021 00:01:21.602,110.393,110.39,2.44,1.57
13.08.2021 00:01:21.753,110.393,110.389,3.41,1.5
13.08.2021 00:01:21.854,110.393,110.389,1.95,1.7
13.08.2021 00:01:21.956,110.393,110.389,3.04,1
13.08.2021 00:01:22.533,110.393,110.389,3.26,1.2
13.08.2021 00:01:23.390,110.393,110.391,1,1.2
13.08.2021 00:01:23.491,110.394,110.391,1,1.2
13.08.2021 00:01:23.593,110.396,110.393,2.51,1
13.08.2021 00:01:27.574,110.396,110.39200000000001,5.57,1.5
13.08.2021 00:01:27.827,110.395,110.391,1,2.66
13.08.2021 00:01:27.928,110.396,110.39200000000001,1,1.6
13.08.2021 00:01:29.884,110.397,110.393,1.95,1.2
13.08.2021 00:01:36.816,110.394,110.39200000000001,1.95,1
13.08.2021 00:01:36.867,110.394,110.39,3.07,1.95
13.08.2021 00:01:36.969,110.393,110.39,1.2,1.12
13.08.2021 00:01:37.939,110.393,110.389,2.32,1.39
13.08.2021 00:01:39.572,110.39200000000001,110.38799999999999,1.95,2.17
13.08.2021 00:01:43.658,110.39200000000001,110.38600000000001,1,2.2
13.08.2021 00:01:45.121,110.39,110.38600000000001,1,3.89
13.08.2021 00:01:45.716,110.39200000000001,110.38600000000001,1.57,2.05
13.08.2021 00:01:50.963,110.39200000000001,110.38799999999999,2.14,1.27
13.08.2021 00:01:52.142,110.393,110.389,2.14,1.2
13.08.2021 00:01:52.243,110.394,110.39,1.2,2.14
13.08.2021 00:01:52.345,110.395,110.391,1,1
13.08.2021 00:01:52.446,110.395,110.39200000000001,1.39,1
13.08.2021 00:01:53.670,110.398,110.39200000000001,1.69,1.2
13.08.2021 00:02:07.402,110.397,110.393,1.5,1.6
13.08.2021 00:02:09.769,110.398,110.394,1.69,1.2
13.08.2021 00:02:09.871,110.399,110.394,1,1.2
13.08.2021 00:02:10.340,110.399,110.395,1.25,1.95
13.08.2021 00:02:10.496,110.398,110.394,1,1.95
13.08.2021 00:02:10.597,110.399,110.395,1.25,1.95
13.08.2021 00:02:13.924,110.399,110.396,1,1
13.08.2021 00:02:21.683,110.4,110.398,1,1
13.08.2021 00:02:21.835,110.40100000000001,110.397,1,3.79
13.08.2021 00:02:23.242,110.40200000000002,110.398,1.1,2.14
13.08.2021 00:02:23.503,110.40299999999999,110.399,1.1,1
13.08.2021 00:02:25.127,110.40299999999999,110.4,1.1,1
13.08.2021 00:02:25.229,110.404,110.40100000000001,1.1,1
13.08.2021 00:02:28.659,110.405,110.40100000000001,1.1,2.89
13.08.2021 00:02:31.953,110.405,110.40200000000002,1.1,1.25
13.08.2021 00:02:35.916,110.404,110.40100000000001,1.1,1.69
13.08.2021 00:02:36.018,110.404,110.40100000000001,1.1,1.75
13.08.2021 00:02:39.545,110.405,110.40200000000002,1,1.45
13.08.2021 00:02:43.169,110.405,110.40299999999999,1,1.25
13.08.2021 00:02:43.321,110.408,110.40299999999999,1,1.69
13.08.2021 00:02:43.422,110.40899999999999,110.405,1.2,1.5
13.08.2021 00:02:43.777,110.41,110.405,1,1.25
13.08.2021 00:02:45.417,110.408,110.406,1,1
13.08.2021 00:02:48.639,110.40899999999999,110.406,1,2.14
13.08.2021 00:02:53.961,110.41,110.40700000000001,1,1.2
13.08.2021 00:02:54.062,110.41,110.40700000000001,1,2.2
13.08.2021 00:02:54.164,110.411,110.40700000000001,1,2.95
13.08.2021 00:02:55.831,110.412,110.408,1,1.39
13.08.2021 00:02:56.438,110.413,110.40899999999999,1.57,1.45
13.08.2021 00:02:56.602,110.414,110.41,1.1,1.39
13.08.2021 00:02:57.478,110.414,110.41,1.1,2.2
13.08.2021 00:02:57.836,110.415,110.412,1.1,1
13.08.2021 00:02:57.938,110.41600000000001,110.412,1.57,1.2
13.08.2021 00:02:58.089,110.41600000000001,110.412,1.97,1.25
13.08.2021 00:02:58.191,110.41600000000001,110.412,1.22,1.75
13.08.2021 00:02:58.723,110.41700000000002,110.411,1.95,1.75
13.08.2021 00:02:59.269,110.41600000000001,110.411,1.95,2.89
13.08.2021 00:02:59.421,110.41700000000002,110.411,1.95,1.25
13.08.2021 00:02:59.862,110.415,110.411,1.5,2.14
13.08.2021 00:03:01.389,110.415,110.412,1,1.25
13.08.2021 00:03:04.491,110.41600000000001,110.412,1.2,1.25
13.08.2021 00:03:04.593,110.41600000000001,110.412,2.1,1.25
13.08.2021 00:03:05.010,110.41600000000001,110.411,1.2,2.95
13.08.2021 00:03:05.578,110.415,110.411,1,2.2
13.08.2021 00:03:11.787,110.413,110.41,1.12,1
13.08.2021 00:03:11.838,110.413,110.40700000000001,1.95,2.7
13.08.2021 00:03:11.939,110.411,110.408,1.2,1.95
13.08.2021 00:03:12.148,110.411,110.408,1.6,1
13.08.2021 00:03:12.609,110.411,110.408,1.2,1
13.08.2021 00:03:12.874,110.411,110.406,1.2,2.14
13.08.2021 00:03:15.370,110.41,110.406,1,1.95
13.08.2021 00:03:15.472,110.41,110.406,1.22,1.5
13.08.2021 00:03:15.573,110.41,110.406,1.1,1.2
13.08.2021 00:03:15.913,110.411,110.405,1.1,3.14
13.08.2021 00:03:18.148,110.412,110.405,1.1,4.04
13.08.2021 00:03:22.504,110.411,110.406,1.22,2.14
13.08.2021 00:03:23.226,110.411,110.406,1.1,3.49
13.08.2021 00:03:24.116,110.414,110.40899999999999,3.04,1.95
13.08.2021 00:03:24.218,110.414,110.40899999999999,1.01,3.04
13.08.2021 00:03:24.420,110.414,110.40899999999999,1.41,2.89
13.08.2021 00:03:25.287,110.414,110.40899999999999,1.1,2.29
13.08.2021 00:03:41.101,110.414,110.40899999999999,1,6.86
13.08.2021 00:03:46.658,110.415,110.41,1.76,2.1
13.08.2021 00:03:57.381,110.415,110.412,1,1.39
13.08.2021 00:03:58.447,110.41700000000002,110.411,1.57,1.39
13.08.2021 00:03:58.599,110.41700000000002,110.413,1.1,1.39
13.08.2021 00:03:58.760,110.419,110.415,2.25,1.2
13.08.2021 00:03:58.861,110.42,110.41700000000002,1.1,1.25
13.08.2021 00:03:59.268,110.42200000000001,110.419,2.07,1.25
13.08.2021 00:03:59.369,110.42200000000001,110.419,1.57,1.25
13.08.2021 00:04:00.132,110.423,110.41700000000002,1.57,1.57
13.08.2021 00:04:01.726,110.42200000000001,110.41700000000002,2.16,5.21
13.08.2021 00:04:02.962,110.42200000000001,110.41700000000002,1.76,3.04
13.08.2021 00:04:20.423,110.423,110.41799999999999,2.32,3.85
13.08.2021 00:04:20.626,110.42399999999999,110.419,3.64,3.04
13.08.2021 00:04:21.326,110.42399999999999,110.419,3.47,2.7
13.08.2021 00:04:24.360,110.423,110.419,1.22,1
13.08.2021 00:04:24.461,110.423,110.419,1.1,1.2
13.08.2021 00:04:33.993,110.423,110.419,1,2.29
13.08.2021 00:04:35.194,110.42399999999999,110.419,3.26,3.04
13.08.2021 00:04:35.296,110.42399999999999,110.42200000000001,1.5,1.2
13.08.2021 00:04:35.346,110.426,110.42200000000001,1.72,2.29
13.08.2021 00:04:35.448,110.428,110.42399999999999,1.3,1
13.08.2021 00:04:35.549,110.427,110.42399999999999,1,1.95
13.08.2021 00:04:36.595,110.429,110.423,1.1,1.95
13.08.2021 00:04:43.403,110.427,110.42399999999999,1.22,1.5
13.08.2021 00:04:44.000,110.425,110.42,1.1,3.19
13.08.2021 00:04:45.054,110.42399999999999,110.42,1.2,2.14
13.08.2021 00:04:48.736,110.42399999999999,110.421,1,1.2
13.08.2021 00:04:48.838,110.425,110.421,1.76,1.2
13.08.2021 00:04:52.526,110.42399999999999,110.42,1.1,2.14
13.08.2021 00:04:52.627,110.423,110.42,1.1,1
13.08.2021 00:04:53.073,110.42200000000001,110.42,1.1,1.25
13.08.2021 00:04:53.174,110.42399999999999,110.419,1.1,1.25
13.08.2021 00:04:55.199,110.42200000000001,110.41799999999999,1.22,2.12
13.08.2021 00:04:55.809,110.42200000000001,110.419,1.1,1.25
13.08.2021 00:05:02.089,110.423,110.41799999999999,3.66,2.51
13.08.2021 00:05:02.190,110.42399999999999,110.419,4.6,3.07
13.08.2021 00:05:02.242,110.425,110.421,3.47,1.75
13.08.2021 00:05:02.344,110.426,110.423,1.8,1
13.08.2021 00:05:02.446,110.426,110.42200000000001,1.57,1.39
13.08.2021 00:05:02.548,110.426,110.423,1.57,1
13.08.2021 00:05:02.801,110.427,110.423,1.1,1.2
13.08.2021 00:05:03.595,110.429,110.42399999999999,1.57,3.85
13.08.2021 00:05:03.696,110.429,110.425,1.1,2.95
13.08.2021 00:05:03.798,110.43200000000002,110.428,2.35,1.25
13.08.2021 00:05:03.899,110.434,110.429,2.32,3.1
13.08.2021 00:05:04.007,110.434,110.43,1.22,1.25
13.08.2021 00:05:04.261,110.434,110.429,1.97,3.07
13.08.2021 00:05:12.941,110.43299999999999,110.429,1.1,3.7
13.08.2021 00:05:14.644,110.43100000000001,110.427,2.32,4.2
13.08.2021 00:05:15.061,110.43,110.427,1.1,1.69
13.08.2021 00:05:15.163,110.43,110.426,1.97,1.69
13.08.2021 00:05:15.265,110.43,110.426,1.95,2.2
13.08.2021 00:05:18.808,110.43,110.426,1.6,1.69
13.08.2021 00:05:18.909,110.43,110.426,1.2,2.14
13.08.2021 00:05:19.304,110.429,110.425,1,1.25
13.08.2021 00:05:19.405,110.429,110.425,1.41,1
13.08.2021 00:05:19.506,110.429,110.425,1.01,1.2
13.08.2021 00:05:20.234,110.429,110.425,1.82,1.2
13.08.2021 00:05:20.335,110.429,110.42399999999999,3.35,2.14
13.08.2021 00:05:20.638,110.429,110.42399999999999,6.17,1
13.08.2021 00:05:24.155,110.428,110.423,1.41,2.89
13.08.2021 00:05:27.904,110.428,110.423,1.39,3.04
13.08.2021 00:05:28.057,110.429,110.425,2.14,1.2
13.08.2021 00:05:28.311,110.429,110.42399999999999,2.66,2.14
13.08.2021 00:05:28.413,110.429,110.42399999999999,4.97,1
13.08.2021 00:05:28.870,110.427,110.423,1.39,1.2
13.08.2021 00:05:28.921,110.425,110.421,2.14,4.2
13.08.2021 00:05:29.052,110.42399999999999,110.42,1.76,2.58
13.08.2021 00:05:29.204,110.425,110.421,4.17,1.39
13.08.2021 00:05:29.406,110.425,110.42200000000001,1,1.2
13.08.2021 00:05:30.123,110.426,110.42,1.91,1.5
13.08.2021 00:05:30.224,110.425,110.421,1.39,2.14
13.08.2021 00:05:38.110,110.423,110.42,1.95,1
13.08.2021 00:05:38.212,110.423,110.419,1.95,1.2
13.08.2021 00:05:38.626,110.423,110.419,2.1,1
13.08.2021 00:05:39.800,110.423,110.419,1.95,1.2
13.08.2021 00:05:40.361,110.42399999999999,110.41799999999999,2.29,1
13.08.2021 00:05:40.665,110.42200000000001,110.41799999999999,1.2,1.95
13.08.2021 00:05:41.098,110.42200000000001,110.41700000000002,3.04,1.95
13.08.2021 00:05:42.150,110.42,110.41700000000002,1,1.2
13.08.2021 00:05:44.655,110.419,110.41600000000001,1,1.01
13.08.2021 00:05:48.030,110.42,110.41600000000001,1.76,1.1
13.08.2021 00:05:49.351,110.419,110.41600000000001,1,1.1
13.08.2021 00:05:49.871,110.42,110.41700000000002,1.2,1.25
13.08.2021 00:05:49.972,110.421,110.41700000000002,1.2,1.01
13.08.2021 00:05:50.073,110.421,110.41799999999999,1.2,1
13.08.2021 00:05:50.276,110.421,110.41700000000002,1.39,1.01
13.08.2021 00:05:50.377,110.421,110.41799999999999,1,1.01
13.08.2021 00:05:50.478,110.42200000000001,110.41799999999999,1.2,1.01
13.08.2021 00:05:51.131,110.42399999999999,110.419,8.8,1.57
13.08.2021 00:05:51.283,110.425,110.41799999999999,2.96,2.91
13.08.2021 00:05:53.640,110.425,110.42,2.52,3.91
13.08.2021 00:05:53.741,110.425,110.42,1.2,3.91
13.08.2021 00:05:53.842,110.425,110.42200000000001,1.2,1.25
13.08.2021 00:05:55.953,110.425,110.42200000000001,1.6,1
13.08.2021 00:05:56.796,110.425,110.42200000000001,1.2,1
13.08.2021 00:05:57.207,110.425,110.42,1.2,2.16
13.08.2021 00:06:06.392,110.425,110.42200000000001,1.95,1
13.08.2021 00:06:19.690,110.427,110.421,1.25,1.39
13.08.2021 00:06:22.287,110.426,110.42200000000001,1,2.35
13.08.2021 00:06:22.389,110.428,110.42399999999999,1.5,2.29
13.08.2021 00:06:22.490,110.43100000000001,110.42399999999999,4.24,1.39
13.08.2021 00:06:22.591,110.43,110.425,3.64,1.39
13.08.2021 00:06:23.304,110.43,110.425,2.44,1.85
13.08.2021 00:06:23.456,110.43,110.426,1,4.22
13.08.2021 00:06:26.178,110.43,110.425,1.69,4.6
13.08.2021 00:06:27.171,110.429,110.42399999999999,1.5,4.41
13.08.2021 00:06:27.273,110.428,110.42399999999999,1,4.71
13.08.2021 00:06:27.375,110.428,110.42399999999999,1,3.15
13.08.2021 00:06:27.634,110.428,110.423,2.7,2.14
13.08.2021 00:06:38.090,110.428,110.42399999999999,1.95,1
13.08.2021 00:06:59.343,110.429,110.42399999999999,2.89,2.7
13.08.2021 00:07:01.355,110.429,110.425,1,1.95
13.08.2021 00:07:01.456,110.43,110.428,1.12,1.39
13.08.2021 00:07:01.507,110.43299999999999,110.429,1.31,1.95
13.08.2021 00:07:01.609,110.434,110.43,1.89,1
13.08.2021 00:07:01.716,110.434,110.43,1.39,1
13.08.2021 00:07:02.615,110.435,110.43,2.7,2.14
13.08.2021 00:07:02.717,110.435,110.429,1.2,1.69
13.08.2021 00:07:04.499,110.434,110.429,2.14,2.14
13.08.2021 00:07:04.903,110.434,110.429,1.69,2.29
13.08.2021 00:07:06.915,110.434,110.428,1.39,1
13.08.2021 00:07:07.168,110.434,110.43,3.7,1
13.08.2021 00:07:07.270,110.435,110.429,1.95,1
13.08.2021 00:07:35.709,110.434,110.429,3.07,2.89
13.08.2021 00:07:39.772,110.434,110.429,1.5,3.04
13.08.2021 00:07:40.229,110.435,110.43100000000001,1,2.29
13.08.2021 00:07:40.331,110.436,110.43100000000001,2.81,2.29
13.08.2021 00:07:40.433,110.436,110.43100000000001,3.26,2.14
13.08.2021 00:07:40.535,110.435,110.43100000000001,1,1.39
13.08.2021 00:07:41.149,110.434,110.43,1.2,1.25
13.08.2021 00:07:48.395,110.435,110.43,4,2.29
13.08.2021 00:07:48.496,110.436,110.429,2.89,2.14
13.08.2021 00:07:49.879,110.436,110.429,3.7,2.14
13.08.2021 00:07:49.980,110.436,110.43,2.5,1.2
13.08.2021 00:07:54.400,110.436,110.43,1.69,1.39
13.08.2021 00:07:54.502,110.436,110.434,1.12,1.2
13.08.2021 00:07:54.553,110.439,110.434,2.45,2.89
13.08.2021 00:07:54.654,110.439,110.435,1.87,1.2
13.08.2021 00:07:55.996,110.43799999999999,110.435,1.12,1.2
13.08.2021 00:07:56.097,110.43700000000001,110.434,1,1
13.08.2021 00:07:56.199,110.43799999999999,110.43200000000002,1.25,1
13.08.2021 00:07:57.956,110.43700000000001,110.43200000000002,2.51,2.14
13.08.2021 00:07:58.057,110.43799999999999,110.43200000000002,1.57,1.25
13.08.2021 00:08:00.904,110.43700000000001,110.434,1,1
13.08.2021 00:08:02.412,110.43799999999999,110.435,1,1
13.08.2021 00:08:09.105,110.44,110.435,3.85,1
13.08.2021 00:08:15.602,110.439,110.434,2.89,1.2
13.08.2021 00:08:15.703,110.439,110.436,1,1
13.08.2021 00:08:15.805,110.44,110.436,1.69,1.2
13.08.2021 00:08:17.204,110.44,110.436,3.32,1
13.08.2021 00:08:18.187,110.44200000000001,110.43799999999999,6.37,1.39
13.08.2021 00:08:19.849,110.44200000000001,110.439,1.12,1.39
13.08.2021 00:08:19.951,110.44200000000001,110.43799999999999,1.5,1.39
13.08.2021 00:08:27.164,110.44200000000001,110.43700000000001,4.22,2.39
13.08.2021 00:08:29.169,110.44200000000001,110.43700000000001,4.04,1.39
13.08.2021 00:08:29.574,110.444,110.43799999999999,2.51,1.95
13.08.2021 00:08:29.676,110.444,110.439,1.95,4.04
13.08.2021 00:08:29.778,110.44600000000001,110.443,1.01,1
13.08.2021 00:08:30.233,110.447,110.443,1.57,1.2
13.08.2021 00:08:35.315,110.44600000000001,110.44200000000001,1.01,1.2
13.08.2021 00:08:39.303,110.443,110.439,1.1,4.39
13.08.2021 00:08:39.405,110.44200000000001,110.43799999999999,1.1,4.09
13.08.2021 00:08:39.507,110.44200000000001,110.43700000000001,2.72,4.39
13.08.2021 00:08:40.488,110.44200000000001,110.436,1.41,1.5
13.08.2021 00:08:58.517,110.441,110.43700000000001,1.57,1.2
13.08.2021 00:09:01.456,110.44200000000001,110.436,2.35,1
13.08.2021 00:09:03.270,110.441,110.436,3.47,2.14
13.08.2021 00:09:15.111,110.441,110.436,2.51,2.85
13.08.2021 00:09:17.131,110.441,110.436,3.66,2.7
13.08.2021 00:09:25.006,110.441,110.43799999999999,1,1.39
13.08.2021 00:09:25.108,110.441,110.43700000000001,1.1,2.14
13.08.2021 00:09:25.209,110.44,110.43700000000001,1,1.2
13.08.2021 00:09:31.428,110.44,110.436,1.57,2.14
13.08.2021 00:09:44.279,110.44,110.436,2.26,1.95
13.08.2021 00:09:44.443,110.44,110.436,1.76,1.95
13.08.2021 00:09:56.284,110.44,110.436,2.26,2.14
13.08.2021 00:09:56.471,110.44,110.436,1.76,2.14
13.08.2021 00:09:58.112,110.441,110.435,1.5,3.79
13.08.2021 00:09:58.878,110.441,110.43700000000001,1.57,1.39
13.08.2021 00:10:00.464,110.44,110.43700000000001,1.1,1
13.08.2021 00:10:02.566,110.439,110.436,1,1.76
13.08.2021 00:10:13.041,110.44,110.436,1.39,1.76
13.08.2021 00:10:14.007,110.44,110.436,1,2.97
13.08.2021 00:10:51.242,110.44,110.436,1.39,1.57
13.08.2021 00:10:51.689,110.44,110.43700000000001,1.39,1
13.08.2021 00:11:10.526,110.439,110.43700000000001,1,1
13.08.2021 00:11:13.452,110.44,110.43700000000001,1.39,1
13.08.2021 00:11:15.156,110.439,110.43700000000001,1,1
13.08.2021 00:11:21.875,110.439,110.436,1,1.1
13.08.2021 00:11:52.419,110.439,110.436,2.5,1
13.08.2021 00:11:54.911,110.439,110.436,1.69,1
13.08.2021 00:11:57.972,110.439,110.436,2.5,1
13.08.2021 00:12:15.250,110.439,110.436,1.5,1.69
13.08.2021 00:12:15.352,110.44200000000001,110.439,4.07,1
13.08.2021 00:12:15.640,110.44200000000001,110.43799999999999,4.07,1.95
13.08.2021 00:12:18.266,110.44,110.436,2.51,5.82
13.08.2021 00:12:18.496,110.44,110.436,2.51,2.7
13.08.2021 00:12:23.893,110.44,110.43700000000001,1.76,1
13.08.2021 00:12:25.293,110.439,110.43700000000001,1.25,1
13.08.2021 00:12:26.239,110.44,110.43700000000001,1.76,1
13.08.2021 00:12:30.514,110.44,110.436,2.51,2.7
13.08.2021 00:12:30.615,110.439,110.436,1.25,2.7
13.08.2021 00:12:33.276,110.44,110.43700000000001,1.82,1.5
13.08.2021 00:12:33.479,110.44,110.43700000000001,1.01,1.5
13.08.2021 00:12:34.695,110.44,110.436,2.57,1.95
13.08.2021 00:12:40.067,110.439,110.436,1.25,1.95
13.08.2021 00:12:49.275,110.441,110.439,1.25,1.57
13.08.2021 00:12:49.376,110.44200000000001,110.439,2.14,1.1
13.08.2021 00:12:49.816,110.44200000000001,110.43799999999999,4.39,1.1
13.08.2021 00:12:49.917,110.441,110.43799999999999,1.69,1.1
13.08.2021 00:12:50.022,110.441,110.43799999999999,1.75,1.1
13.08.2021 00:12:50.124,110.441,110.439,1.69,1
13.08.2021 00:12:50.225,110.441,110.43799999999999,1.69,1.1
13.08.2021 00:12:52.192,110.441,110.43799999999999,2.5,1.1
13.08.2021 00:12:52.293,110.441,110.43799999999999,1.69,1.1
13.08.2021 00:12:53.941,110.439,110.43799999999999,1.69,1
13.08.2021 00:12:54.042,110.439,110.43700000000001,1,1.1
13.08.2021 00:12:54.194,110.44,110.43700000000001,1.69,1.1
13.08.2021 00:12:57.522,110.439,110.43700000000001,1.25,1
13.08.2021 00:13:00.082,110.44,110.43700000000001,1.76,1
13.08.2021 00:13:09.674,110.439,110.43700000000001,1.25,1
13.08.2021 00:13:09.775,110.439,110.436,1.25,1.95
13.08.2021 00:13:10.620,110.44,110.436,2.51,1.95
13.08.2021 00:13:12.630,110.44200000000001,110.439,4.47,1
13.08.2021 00:13:12.732,110.44200000000001,110.43799999999999,5.22,1
13.08.2021 00:13:12.833,110.44200000000001,110.439,4.47,1
13.08.2021 00:13:13.930,110.441,110.43700000000001,1.01,1.95
13.08.2021 00:13:16.378,110.441,110.43799999999999,1.1,1
13.08.2021 00:13:16.480,110.44200000000001,110.439,4.46,1
13.08.2021 00:13:17.822,110.44200000000001,110.43799999999999,4.76,1.2
13.08.2021 00:13:17.923,110.441,110.43700000000001,1.01,2.7
13.08.2021 00:13:18.025,110.443,110.43700000000001,5.16,1
13.08.2021 00:13:22.440,110.44200000000001,110.439,5.16,1
13.08.2021 00:13:22.647,110.44200000000001,110.43799999999999,5.16,1
13.08.2021 00:13:34.037,110.44200000000001,110.44,1.69,1.5
13.08.2021 00:13:34.341,110.444,110.441,2.66,1
13.08.2021 00:13:34.443,110.444,110.441,1.25,2.7
13.08.2021 00:13:34.544,110.44500000000001,110.44200000000001,2.57,1.5
13.08.2021 00:13:44.469,110.44500000000001,110.443,1.35,1
13.08.2021 00:13:44.577,110.44600000000001,110.443,2.2,1
13.08.2021 00:13:45.482,110.44600000000001,110.443,1.25,1.1
13.08.2021 00:13:45.583,110.448,110.444,2.89,1.57
13.08.2021 00:13:47.969,110.449,110.44500000000001,2.89,1.57
13.08.2021 00:13:48.283,110.449,110.44600000000001,2.25,1.1
13.08.2021 00:13:48.334,110.45,110.448,1,1.1
13.08.2021 00:13:48.385,110.45299999999999,110.449,2.89,1.1
13.08.2021 00:13:48.537,110.454,110.448,2.98,1.1
13.08.2021 00:13:48.638,110.45299999999999,110.448,3,2.89
13.08.2021 00:13:48.739,110.45299999999999,110.449,3.19,1
13.08.2021 00:13:49.659,110.45299999999999,110.45,1.41,1
13.08.2021 00:13:49.760,110.45299999999999,110.45100000000001,1.01,1
13.08.2021 00:13:50.051,110.45299999999999,110.45,1.01,1.5
13.08.2021 00:13:52.011,110.454,110.45100000000001,1.1,1
13.08.2021 00:13:57.439,110.45299999999999,110.45,2.16,1
13.08.2021 00:13:59.322,110.45299999999999,110.45,1.01,1.5
13.08.2021 00:13:59.424,110.45299999999999,110.45100000000001,1.01,1
13.08.2021 00:14:18.371,110.454,110.45100000000001,1.1,1.5
13.08.2021 00:14:21.444,110.454,110.45200000000001,1.1,1
13.08.2021 00:14:26.703,110.454,110.45200000000001,1.49,1
13.08.2021 00:14:26.976,110.454,110.45100000000001,1.49,1
13.08.2021 00:14:28.679,110.454,110.45200000000001,1.02,1
13.08.2021 00:14:29.832,110.454,110.45100000000001,1.49,1.5
13.08.2021 00:14:29.933,110.454,110.45100000000001,1.09,1.5
13.08.2021 00:14:37.506,110.454,110.45200000000001,1.21,1
13.08.2021 00:14:37.607,110.45299999999999,110.45100000000001,1.41,1
13.08.2021 00:14:44.704,110.45299999999999,110.45,1.41,1.5
13.08.2021 00:14:46.432,110.45,110.447,3.81,2.25
13.08.2021 00:14:46.534,110.45,110.44600000000001,4.54,2.7
13.08.2021 00:14:46.990,110.449,110.44600000000001,3.79,1
13.08.2021 00:14:47.243,110.45,110.447,2.89,1
13.08.2021 00:14:47.345,110.45100000000001,110.448,3.1,1.5
13.08.2021 00:14:47.446,110.45200000000001,110.447,2.14,1.5
13.08.2021 00:14:47.598,110.449,110.44600000000001,3.79,1
13.08.2021 00:14:47.700,110.447,110.443,1,2.89
13.08.2021 00:14:47.801,110.44500000000001,110.443,1,1.5
13.08.2021 00:14:47.903,110.44600000000001,110.444,1.94,1
13.08.2021 00:14:47.954,110.44500000000001,110.44200000000001,2.51,1
13.08.2021 00:14:48.055,110.444,110.441,1.95,1
13.08.2021 00:14:48.594,110.44500000000001,110.44200000000001,3.04,1
13.08.2021 00:14:49.387,110.44500000000001,110.44200000000001,2.89,1
13.08.2021 00:14:49.608,110.44500000000001,110.441,2.89,1.95
13.08.2021 00:14:49.984,110.44500000000001,110.441,3.04,1.5
13.08.2021 00:14:50.661,110.44500000000001,110.441,1.95,3.07
13.08.2021 00:14:50.762,110.44500000000001,110.443,1,1
13.08.2021 00:14:50.864,110.44600000000001,110.443,2.32,1
13.08.2021 00:15:33.644,110.448,110.44200000000001,2.32,2.7
13.08.2021 00:15:49.306,110.45,110.44600000000001,3.26,1.95
13.08.2021 00:15:49.408,110.45,110.447,1.1,1.12
13.08.2021 00:15:52.163,110.45100000000001,110.447,1.24,3.07
13.08.2021 00:15:53.891,110.45200000000001,110.448,3.32,1.2
13.08.2021 00:15:53.993,110.45200000000001,110.449,1.1,1
13.08.2021 00:15:54.094,110.45200000000001,110.45,1.1,1
13.08.2021 00:16:00.441,110.45200000000001,110.449,1.1,1
13.08.2021 00:16:02.494,110.45200000000001,110.449,2.22,1
13.08.2021 00:16:02.545,110.449,110.44600000000001,2.14,1
13.08.2021 00:16:02.647,110.447,110.44500000000001,1,1.87
13.08.2021 00:16:02.748,110.447,110.444,1.1,1.5
13.08.2021 00:16:13.482,110.447,110.443,2.91,1
13.08.2021 00:16:17.511,110.448,110.44500000000001,1,1.2
13.08.2021 00:16:17.613,110.449,110.44500000000001,2.32,2.14
13.08.2021 00:16:17.715,110.45,110.44600000000001,1.1,1.95
13.08.2021 00:16:20.907,110.45,110.44600000000001,2.16,1.5
13.08.2021 00:16:26.284,110.449,110.44500000000001,2.16,1.5
13.08.2021 00:16:26.385,110.449,110.443,1.97,2.25
13.08.2021 00:16:27.283,110.448,110.444,1.95,2.32
13.08.2021 00:16:31.659,110.447,110.444,1,1.57
13.08.2021 00:16:37.651,110.447,110.441,1,2.72
13.08.2021 00:16:43.484,110.447,110.443,2.14,1.1
13.08.2021 00:16:52.382,110.447,110.444,1,1.57
13.08.2021 00:16:52.483,110.448,110.44500000000001,1.5,1.01
13.08.2021 00:16:52.584,110.449,110.44600000000001,1.25,1.1
13.08.2021 00:16:52.686,110.45,110.44600000000001,2.89,1.76
13.08.2021 00:16:54.100,110.45,110.44600000000001,2.2,1.57
13.08.2021 00:16:54.253,110.449,110.44500000000001,1.39,1.76
13.08.2021 00:16:55.381,110.449,110.44500000000001,3.32,1.57
13.08.2021 00:17:05.738,110.448,110.44500000000001,2.91,1
13.08.2021 00:17:07.642,110.449,110.443,3.66,1.5
13.08.2021 00:17:09.660,110.447,110.443,1.41,2.25
13.08.2021 00:17:23.775,110.44600000000001,110.444,1.1,1
13.08.2021 00:17:34.593,110.448,110.444,2.89,1.95
13.08.2021 00:17:34.745,110.448,110.444,2.29,1.5
13.08.2021 00:17:37.826,110.448,110.44500000000001,2.14,1
13.08.2021 00:17:37.927,110.448,110.44500000000001,2.29,1
13.08.2021 00:17:43.659,110.447,110.444,1.2,1.5
13.08.2021 00:17:47.669,110.448,110.444,1,1
13.08.2021 00:17:47.770,110.448,110.44500000000001,2.14,1
13.08.2021 00:17:59.783,110.448,110.44600000000001,1,1.2
13.08.2021 00:17:59.885,110.449,110.44600000000001,1.25,1.2
13.08.2021 00:18:02.415,110.45,110.44600000000001,2.7,1.2
13.08.2021 00:18:02.517,110.45,110.447,1.76,1
13.08.2021 00:18:03.236,110.449,110.44600000000001,1.2,1
13.08.2021 00:18:03.388,110.449,110.443,2.14,1.95
13.08.2021 00:18:03.489,110.447,110.444,1.2,1.5
13.08.2021 00:18:05.162,110.448,110.444,2.14,1.95
13.08.2021 00:18:18.950,110.447,110.444,1,1.2
13.08.2021 00:18:21.779,110.447,110.443,2.7,1.95
13.08.2021 00:18:33.650,110.447,110.444,1.69,1.2
13.08.2021 00:18:37.659,110.447,110.44500000000001,1,1
13.08.2021 00:18:42.282,110.447,110.444,1,1.2
13.08.2021 00:19:13.660,110.447,110.443,1.95,2.7
13.08.2021 00:19:23.503,110.447,110.443,4.45,2.7
13.08.2021 00:19:43.710,110.44600000000001,110.443,1,3.04
13.08.2021 00:19:44.358,110.44500000000001,110.443,1,1.2
13.08.2021 00:20:10.950,110.44600000000001,110.443,1,2.91
13.08.2021 00:20:11.051,110.447,110.44200000000001,1,2.91
13.08.2021 00:20:17.201,110.44600000000001,110.443,1,1.57
13.08.2021 00:20:17.353,110.44500000000001,110.443,1,1.1
13.08.2021 00:20:20.087,110.44500000000001,110.44200000000001,1,1.57
13.08.2021 00:20:30.235,110.444,110.439,2.14,1.12
13.08.2021 00:20:30.337,110.44200000000001,110.43799999999999,2.44,3.92
13.08.2021 00:20:32.195,110.44200000000001,110.43799999999999,2.89,1.57
13.08.2021 00:20:33.758,110.44200000000001,110.43799999999999,2.89,2.07
13.08.2021 00:20:33.965,110.44,110.43700000000001,1,1.57
13.08.2021 00:20:34.219,110.44,110.436,2.89,1.57
13.08.2021 00:20:41.760,110.439,110.436,1.25,1.1
13.08.2021 00:20:58.775,110.43799999999999,110.436,1.25,1.1
13.08.2021 00:21:01.271,110.439,110.436,1.69,1.1
13.08.2021 00:21:01.411,110.43799999999999,110.435,1.25,1.1
13.08.2021 00:21:01.519,110.435,110.434,1.5,1
13.08.2021 00:21:01.570,110.43700000000001,110.434,1.69,1.1
13.08.2021 00:21:01.947,110.436,110.43299999999999,1.25,1.1
13.08.2021 00:21:02.049,110.435,110.43200000000002,1.5,1.1
13.08.2021 00:21:03.704,110.435,110.43100000000001,2.89,1.1
13.08.2021 00:21:03.874,110.435,110.43100000000001,3.7,1.1
13.08.2021 00:21:03.977,110.43299999999999,110.43,1.25,1.22
13.08.2021 00:21:04.079,110.43299999999999,110.43,1.25,1.57
13.08.2021 00:21:06.752,110.43299999999999,110.43,1,1.97
13.08.2021 00:21:08.381,110.435,110.429,2.14,1.57
13.08.2021 00:21:20.869,110.43299999999999,110.429,1,2.72
13.08.2021 00:21:21.021,110.43299999999999,110.429,1.2,2.32
13.08.2021 00:21:21.072,110.43100000000001,110.428,1,1.2
13.08.2021 00:21:21.174,110.43,110.427,1,1.1
13.08.2021 00:21:22.674,110.43100000000001,110.426,3.64,1.97
13.08.2021 00:21:30.495,110.43100000000001,110.425,1.69,1.22
13.08.2021 00:21:30.597,110.429,110.426,1.25,1.1
13.08.2021 00:21:30.699,110.428,110.425,1.69,1.1
13.08.2021 00:21:32.221,110.427,110.423,1.39,2.07
13.08.2021 00:21:32.373,110.427,110.423,1.39,1.57
13.08.2021 00:21:33.182,110.427,110.423,1.25,1.97
13.08.2021 00:21:33.669,110.428,110.425,2.5,1.1
13.08.2021 00:21:33.821,110.43100000000001,110.425,2.25,1.22
13.08.2021 00:21:37.466,110.43100000000001,110.426,3.64,1.97
13.08.2021 00:21:42.845,110.43,110.426,1.25,1.97
13.08.2021 00:21:42.947,110.429,110.426,1,1.57
13.08.2021 00:21:43.840,110.43,110.426,1,1.97
13.08.2021 00:21:43.941,110.43100000000001,110.426,3.64,1.97
13.08.2021 00:21:57.215,110.43299999999999,110.429,1.5,2.72
13.08.2021 00:21:57.317,110.43299999999999,110.429,1.25,3.04
13.08.2021 00:21:58.685,110.434,110.43,1.5,1.97
13.08.2021 00:22:42.355,110.434,110.43,2.7,1.1
13.08.2021 00:22:42.457,110.43100000000001,110.428,2.25,1.1
13.08.2021 00:22:42.558,110.43100000000001,110.426,1,2.02
13.08.2021 00:22:45.821,110.43200000000002,110.428,1.92,3.85
13.08.2021 00:22:45.923,110.434,110.43100000000001,2.32,1.25
13.08.2021 00:22:46.025,110.434,110.43200000000002,1,1.01
13.08.2021 00:22:59.566,110.435,110.43100000000001,1.5,2.16
13.08.2021 00:22:59.667,110.435,110.43100000000001,1.95,1.76
13.08.2021 00:22:59.769,110.434,110.43100000000001,1,1.76
13.08.2021 00:23:09.192,110.434,110.43,1.95,1.76
13.08.2021 00:23:09.344,110.434,110.43100000000001,1.5,1.01
13.08.2021 00:23:13.275,110.43299999999999,110.43100000000001,1,1.01
13.08.2021 00:23:14.840,110.43299999999999,110.43200000000002,1,1.25
13.08.2021 00:23:21.871,110.43299999999999,110.43100000000001,1,1.01
13.08.2021 00:23:24.602,110.43200000000002,110.43100000000001,1,1.01
13.08.2021 00:23:24.703,110.43200000000002,110.429,1.5,1.41
13.08.2021 00:23:27.089,110.43200000000002,110.428,1.5,2.16
13.08.2021 00:23:27.190,110.43100000000001,110.428,1.5,2.16
13.08.2021 00:23:32.087,110.43100000000001,110.43,1,1.01
13.08.2021 00:23:32.189,110.43200000000002,110.43100000000001,1,1.01
13.08.2021 00:23:32.290,110.43200000000002,110.43,1,1.76
13.08.2021 00:23:34.121,110.43299999999999,110.43,1,1
13.08.2021 00:23:45.016,110.43299999999999,110.43200000000002,1,1.01
13.08.2021 00:23:45.117,110.434,110.43299999999999,1.5,1.25
13.08.2021 00:23:52.027,110.43299999999999,110.43,1.5,2.22
13.08.2021 00:23:59.957,110.43299999999999,110.429,1.5,1.41
13.08.2021 00:24:04.709,110.43200000000002,110.43,1,1.1
13.08.2021 00:24:09.496,110.43299999999999,110.43,1.5,1.1
13.08.2021 00:24:14.450,110.43299999999999,110.43,1,3.7
13.08.2021 00:24:14.690,110.43299999999999,110.43100000000001,1,1.25
13.08.2021 00:24:17.604,110.434,110.43200000000002,2.25,1.25
13.08.2021 00:24:17.889,110.43299999999999,110.43200000000002,1,1.25
13.08.2021 00:24:29.861,110.43299999999999,110.43100000000001,1,1.39
13.08.2021 00:24:30.289,110.43200000000002,110.43100000000001,1,1.25
13.08.2021 00:24:30.542,110.43100000000001,110.43,1,1.25
13.08.2021 00:24:33.720,110.43299999999999,110.429,1.5,2.35
13.08.2021 00:24:33.978,110.43100000000001,110.429,1,2.2
13.08.2021 00:24:34.131,110.43100000000001,110.429,1,2.14
13.08.2021 00:24:58.152,110.429,110.427,1,2.89
13.08.2021 00:24:58.254,110.428,110.426,1.5,1.39
13.08.2021 00:25:00.620,110.427,110.426,1,1
13.08.2021 00:25:01.081,110.427,110.425,1,1.39
13.08.2021 00:25:28.033,110.428,110.425,1.5,2.2
13.08.2021 00:25:31.529,110.428,110.42399999999999,1.5,1.75
13.08.2021 00:25:31.630,110.427,110.425,1.5,1
13.08.2021 00:25:31.937,110.426,110.425,1,1
13.08.2021 00:25:32.435,110.426,110.423,1.5,1.76
13.08.2021 00:25:43.929,110.426,110.423,1.5,1.79
13.08.2021 00:25:55.129,110.427,110.42399999999999,1.5,1.41
13.08.2021 00:25:55.230,110.427,110.425,1,1.22
13.08.2021 00:25:55.332,110.428,110.425,1,2.29
13.08.2021 00:25:56.211,110.429,110.42399999999999,1,2.16
13.08.2021 00:25:57.568,110.428,110.42399999999999,1,1.01
13.08.2021 00:25:58.118,110.427,110.42399999999999,1.5,1.39
13.08.2021 00:26:02.016,110.427,110.42399999999999,1,2.57
13.08.2021 00:26:02.118,110.428,110.42399999999999,1.5,4.1
13.08.2021 00:26:02.386,110.428,110.425,1,1.82
13.08.2021 00:26:13.970,110.428,110.425,1,1.57
13.08.2021 00:26:15.564,110.429,110.423,2.89,2.7
13.08.2021 00:26:15.666,110.427,110.423,2.44,1.72
13.08.2021 00:26:17.670,110.426,110.423,1,1.22
13.08.2021 00:26:29.695,110.426,110.425,1,1
13.08.2021 00:26:29.746,110.428,110.425,1,3.66
13.08.2021 00:26:29.847,110.429,110.426,1.5,1.22
13.08.2021 00:26:31.478,110.43,110.426,2.25,1.22
13.08.2021 00:26:32.965,110.43,110.427,1,1.22
13.08.2021 00:26:46.460,110.429,110.426,1,2.02
13.08.2021 00:26:51.660,110.43200000000002,110.427,1.12,1.85
13.08.2021 00:26:51.762,110.43200000000002,110.428,1.5,4.54
13.08.2021 00:26:51.863,110.434,110.43,2.62,3.79
13.08.2021 00:26:51.965,110.434,110.43100000000001,1,1.6
13.08.2021 00:26:53.413,110.434,110.43100000000001,1,1.95
13.08.2021 00:26:54.100,110.435,110.43100000000001,2.25,2.7
13.08.2021 00:26:57.989,110.435,110.43,1,1.95
13.08.2021 00:27:04.015,110.434,110.43100000000001,1,2.1
13.08.2021 00:27:07.058,110.434,110.43100000000001,1,2.7
13.08.2021 00:27:08.080,110.434,110.43,2.7,2.7
13.08.2021 00:27:08.182,110.43299999999999,110.43,1,1.95
13.08.2021 00:27:17.097,110.43200000000002,110.43,1,1.95
13.08.2021 00:27:26.859,110.43299999999999,110.43,1.12,1.95
13.08.2021 00:27:32.235,110.434,110.43,2.25,2.1
13.08.2021 00:27:33.016,110.43299999999999,110.43,1.12,1.95
13.08.2021 00:27:36.735,110.43200000000002,110.43,3.47,1
13.08.2021 00:27:36.837,110.43,110.427,1.31,2.02
13.08.2021 00:27:36.939,110.429,110.426,1,2.35
13.08.2021 00:27:37.041,110.429,110.426,1,1.1
13.08.2021 00:28:22.371,110.43100000000001,110.429,1,1.2
13.08.2021 00:28:22.473,110.43200000000002,110.429,1.69,1.2
13.08.2021 00:28:39.739,110.43200000000002,110.429,1,2.1
13.08.2021 00:29:00.050,110.43299999999999,110.43,1,1.95
13.08.2021 00:29:04.075,110.43299999999999,110.43100000000001,1,1
13.08.2021 00:29:06.470,110.435,110.43,1.57,1
13.08.2021 00:29:10.941,110.434,110.43100000000001,1.5,1.6
13.08.2021 00:29:14.275,110.434,110.43100000000001,1,1.95
13.08.2021 00:29:57.885,110.434,110.43100000000001,1,4.05
13.08.2021 00:29:59.107,110.435,110.43100000000001,1.5,4.8
13.08.2021 00:29:59.158,110.43700000000001,110.436,3,1
13.08.2021 00:29:59.260,110.439,110.43700000000001,1,1
13.08.2021 00:29:59.361,110.44,110.43700000000001,1,1.97
13.08.2021 00:30:00.269,110.441,110.43700000000001,1.5,2.72
13.08.2021 00:30:00.438,110.441,110.439,1,1.1
13.08.2021 00:30:00.489,110.443,110.439,4.2,1.1
13.08.2021 00:30:00.590,110.443,110.44,1.69,1.1
13.08.2021 00:30:01.120,110.444,110.44200000000001,1.11,1
13.08.2021 00:30:01.222,110.44500000000001,110.44200000000001,2.44,1.1
13.08.2021 00:30:02.186,110.44500000000001,110.443,1.87,1
13.08.2021 00:30:16.324,110.44600000000001,110.444,2.25,1
13.08.2021 00:30:16.425,110.448,110.444,3.19,1.41
13.08.2021 00:30:16.526,110.448,110.44500000000001,1,1
13.08.2021 00:30:16.628,110.447,110.44500000000001,1,1.1
13.08.2021 00:30:19.575,110.448,110.443,1.5,1.1
13.08.2021 00:30:20.126,110.447,110.444,2.37,1.1
13.08.2021 00:30:20.322,110.447,110.444,1.87,1.1
13.08.2021 00:30:20.774,110.447,110.444,2,1.1
13.08.2021 00:30:22.922,110.448,110.44200000000001,3.2,1.57
13.08.2021 00:30:24.127,110.448,110.44200000000001,3.45,1.57
13.08.2021 00:30:24.494,110.447,110.443,3.2,1.57
13.08.2021 00:30:25.972,110.447,110.443,3.45,1.57
13.08.2021 00:30:27.158,110.447,110.443,3.2,1.57
13.08.2021 00:30:30.814,110.447,110.443,3.45,1.57
13.08.2021 00:30:35.627,110.44600000000001,110.443,1,1.1
13.08.2021 00:30:35.678,110.44200000000001,110.44,1.25,1.2
13.08.2021 00:30:35.779,110.443,110.43799999999999,1.5,1.01
13.08.2021 00:30:35.881,110.441,110.439,1,1.01
13.08.2021 00:30:35.982,110.441,110.439,1,1.01
13.08.2021 00:30:36.240,110.44200000000001,110.439,1.5,1.01
13.08.2021 00:30:37.648,110.44200000000001,110.44,1,1.1
13.08.2021 00:30:37.800,110.443,110.44,1.25,1.57
13.08.2021 00:30:55.403,110.444,110.441,2.15,1.57
13.08.2021 00:30:55.555,110.44500000000001,110.44200000000001,2.25,1.1
13.08.2021 00:30:55.656,110.44600000000001,110.44200000000001,3.26,1.57
13.08.2021 00:30:55.757,110.447,110.441,3.94,1.97
13.08.2021 00:30:59.845,110.44600000000001,110.443,1.5,1.35
13.08.2021 00:31:01.511,110.447,110.444,3,1.47
13.08.2021 00:31:02.041,110.448,110.44500000000001,3,1.82
13.08.2021 00:31:04.093,110.449,110.44600000000001,4.87,1.82
13.08.2021 00:31:04.194,110.45,110.448,1,1
13.08.2021 00:31:04.296,110.45100000000001,110.448,1.05,1.82
13.08.2021 00:31:04.612,110.45200000000001,110.448,1.87,2.97
13.08.2021 00:31:06.365,110.454,110.45200000000001,1,2.2
13.08.2021 00:31:06.417,110.456,110.45299999999999,1.95,1
13.08.2021 00:31:06.519,110.45700000000001,110.454,1.6,1
13.08.2021 00:31:06.620,110.456,110.45200000000001,1.87,3.85
13.08.2021 00:31:06.722,110.456,110.45299999999999,1.87,1.45
13.08.2021 00:31:06.823,110.456,110.45200000000001,1.5,3.1
13.08.2021 00:31:08.143,110.45700000000001,110.454,1.1,1
13.08.2021 00:31:11.782,110.455,110.45200000000001,1.57,1.69
13.08.2021 00:31:11.883,110.45299999999999,110.45,1,4.9
13.08.2021 00:31:12.536,110.45299999999999,110.449,1.57,4.07
13.08.2021 00:31:18.368,110.45299999999999,110.449,2.72,1.69
13.08.2021 00:31:18.731,110.45299999999999,110.449,2.32,2.14
13.08.2021 00:31:19.773,110.45299999999999,110.449,2.32,2.95
13.08.2021 00:31:25.583,110.45200000000001,110.449,1.5,2.95
13.08.2021 00:31:29.040,110.45299999999999,110.449,3.82,2.95
13.08.2021 00:31:30.505,110.45100000000001,110.448,1,2.14
13.08.2021 00:31:31.575,110.45100000000001,110.448,1,2.2
13.08.2021 00:31:31.780,110.45200000000001,110.448,1.57,2.95
13.08.2021 00:31:37.898,110.449,110.447,1,1.5
13.08.2021 00:31:38.000,110.448,110.44500000000001,1,4.84
13.08.2021 00:31:38.101,110.448,110.44500000000001,1.1,2.5
13.08.2021 00:31:38.203,110.449,110.447,1.87,1.25
13.08.2021 00:31:38.306,110.45,110.448,1,1
13.08.2021 00:31:38.408,110.45,110.44600000000001,1.57,5.28
13.08.2021 00:31:43.695,110.449,110.44600000000001,1,2.2
13.08.2021 00:31:44.995,110.448,110.44500000000001,1.1,2.44
13.08.2021 00:31:45.197,110.447,110.44500000000001,1,1.69
13.08.2021 00:31:51.713,110.448,110.44500000000001,2.32,1.69
13.08.2021 00:31:52.304,110.449,110.44600000000001,1.5,2.14
13.08.2021 00:31:52.405,110.449,110.447,1,1.69
13.08.2021 00:31:52.666,110.45,110.447,1.57,1.69
13.08.2021 00:32:08.326,110.449,110.44600000000001,1,3.14
13.08.2021 00:32:14.329,110.447,110.444,1,2.91
13.08.2021 00:32:14.430,110.44600000000001,110.444,1,2.39
13.08.2021 00:32:14.852,110.44600000000001,110.443,1,3.1
13.08.2021 00:32:51.883,110.447,110.443,1.5,3.04
13.08.2021 00:32:52.035,110.448,110.444,2.32,1.39
13.08.2021 00:32:56.230,110.447,110.443,1,6.55
13.08.2021 00:33:02.431,110.44600000000001,110.443,1,3.32
13.08.2021 00:33:07.356,110.44500000000001,110.443,1,1.75
13.08.2021 00:33:10.221,110.44500000000001,110.44200000000001,1,5.14
13.08.2021 00:33:17.104,110.44500000000001,110.443,1,1
13.08.2021 00:33:18.030,110.44500000000001,110.44200000000001,1,4.2
13.08.2021 00:33:18.189,110.44600000000001,110.44200000000001,1,1
13.08.2021 00:33:19.108,110.44600000000001,110.441,1,4.2
13.08.2021 00:34:10.930,110.44500000000001,110.441,1.25,4.2
13.08.2021 00:34:20.433,110.444,110.441,1.69,2.7
13.08.2021 00:34:26.307,110.444,110.44200000000001,1.5,1
13.08.2021 00:34:34.865,110.44200000000001,110.439,1,1.95
13.08.2021 00:34:34.966,110.441,110.439,1,2.32
13.08.2021 00:34:35.118,110.441,110.439,1,1.2
13.08.2021 00:34:37.420,110.44200000000001,110.43799999999999,2.25,2.29
13.08.2021 00:34:37.774,110.44200000000001,110.439,1,2.1
13.08.2021 00:34:40.081,110.443,110.44,2.44,1.2
13.08.2021 00:34:40.602,110.443,110.441,2.44,1
13.08.2021 00:34:41.095,110.443,110.44,2.44,1.2
13.08.2021 00:34:42.497,110.443,110.441,2.44,1
13.08.2021 00:34:43.009,110.443,110.44,2.44,1.2
13.08.2021 00:34:43.563,110.443,110.441,2.44,1
13.08.2021 00:34:44.053,110.443,110.44,2.44,1.2
13.08.2021 00:34:57.311,110.441,110.439,1,1
13.08.2021 00:34:57.794,110.44200000000001,110.439,1.39,1
13.08.2021 00:34:59.205,110.441,110.439,1,1.2
13.08.2021 00:35:03.244,110.44,110.43700000000001,1,1.2
13.08.2021 00:35:12.945,110.439,110.436,1,1.2
13.08.2021 00:35:19.626,110.43700000000001,110.434,1,2.32
13.08.2021 00:35:19.727,110.43700000000001,110.43299999999999,2.32,1.39
13.08.2021 00:35:19.829,110.43700000000001,110.43299999999999,2.32,1.2
13.08.2021 00:35:20.085,110.436,110.43200000000002,1,3.04
13.08.2021 00:35:20.392,110.435,110.43200000000002,1,3.04
13.08.2021 00:35:20.631,110.435,110.43200000000002,1,2.89
13.08.2021 00:35:35.400,110.436,110.434,1.1,1
13.08.2021 00:35:36.159,110.439,110.435,1.57,1
13.08.2021 00:35:36.260,110.43799999999999,110.436,1,1
13.08.2021 00:35:40.696,110.439,110.43700000000001,1,1
13.08.2021 00:35:49.637,110.44,110.43700000000001,1.01,1
13.08.2021 00:35:52.448,110.44,110.436,1.41,2.44
13.08.2021 00:35:53.091,110.439,110.43700000000001,1,1
13.08.2021 00:35:53.142,110.441,110.43799999999999,1,1
13.08.2021 00:35:53.345,110.441,110.43700000000001,1,2.51
13.08.2021 00:36:10.659,110.44,110.43700000000001,1,1.01
13.08.2021 00:36:19.397,110.441,110.43700000000001,1.87,2.51
13.08.2021 00:36:19.524,110.441,110.43799999999999,1.87,1
13.08.2021 00:36:19.882,110.441,110.43700000000001,1.87,2.51
13.08.2021 00:36:21.099,110.441,110.43799999999999,1.5,1
13.08.2021 00:36:22.114,110.441,110.43700000000001,1.5,2.51
13.08.2021 00:36:23.390,110.441,110.43799999999999,1,1.2
13.08.2021 00:36:23.950,110.443,110.441,2.62,1
13.08.2021 00:36:24.052,110.44500000000001,110.443,2.51,1
13.08.2021 00:36:28.389,110.447,110.441,2.32,1.95
13.08.2021 00:36:37.986,110.44600000000001,110.44200000000001,3.7,1.2
13.08.2021 00:36:38.088,110.443,110.439,1.57,3.45
13.08.2021 00:36:38.241,110.443,110.44,1.5,1.1
13.08.2021 00:36:43.069,110.44200000000001,110.439,1,1.57
13.08.2021 00:36:43.271,110.443,110.439,1.69,2.47
13.08.2021 00:36:44.351,110.443,110.441,1,1
13.08.2021 00:36:44.554,110.444,110.439,1,1.2
13.08.2021 00:36:44.707,110.443,110.439,1.76,1.95
13.08.2021 00:36:44.758,110.441,110.43799999999999,1,1.2
13.08.2021 00:36:44.961,110.44,110.436,1.5,5.29
13.08.2021 00:36:45.113,110.439,110.436,1,2.32
13.08.2021 00:36:47.028,110.439,110.435,1.57,3.64
13.08.2021 00:36:49.670,110.43799999999999,110.435,1,2.89
13.08.2021 00:36:59.891,110.436,110.43299999999999,1.01,2.62
13.08.2021 00:36:59.993,110.434,110.43100000000001,1,3.52
13.08.2021 00:37:01.041,110.43299999999999,110.43100000000001,1,1.2
13.08.2021 00:37:01.143,110.43299999999999,110.43,1,1.95
13.08.2021 00:37:20.802,110.43299999999999,110.43,1,2.1
13.08.2021 00:37:21.105,110.43299999999999,110.43,1,1.95
13.08.2021 00:37:25.042,110.434,110.429,1,2.1
13.08.2021 00:37:34.668,110.434,110.43200000000002,1.5,1
13.08.2021 00:37:34.770,110.435,110.43299999999999,1,1.2
13.08.2021 00:37:40.659,110.43700000000001,110.43200000000002,1.5,1.2
13.08.2021 00:37:47.950,110.434,110.43100000000001,1,1.2
13.08.2021 00:37:49.599,110.436,110.43,1,3.97
13.08.2021 00:37:49.701,110.434,110.43100000000001,1,1.6
13.08.2021 00:37:50.113,110.434,110.43100000000001,1,1.2
13.08.2021 00:37:50.265,110.434,110.429,1,2.29
13.08.2021 00:37:50.366,110.43299999999999,110.43,1,1.95
13.08.2021 00:38:07.050,110.434,110.43,2.51,2.7
13.08.2021 00:38:10.004,110.434,110.43,2.57,2.7
13.08.2021 00:38:21.661,110.434,110.43,1.57,2.7
13.08.2021 00:38:21.763,110.434,110.43,1.5,2.85
13.08.2021 00:38:29.792,110.434,110.43,1.57,2.7
13.08.2021 00:38:40.184,110.434,110.43100000000001,1.1,1
13.08.2021 00:38:53.261,110.435,110.43100000000001,3.26,1.95
13.08.2021 00:39:00.134,110.434,110.43100000000001,1.25,1.95
13.08.2021 00:39:07.709,110.434,110.43100000000001,1.82,1
13.08.2021 00:39:09.543,110.43299999999999,110.43100000000001,1.35,1
13.08.2021 00:39:10.170,110.43299999999999,110.43,1.82,1
13.08.2021 00:39:10.272,110.43299999999999,110.429,1.82,4.2
13.08.2021 00:39:15.651,110.43299999999999,110.43,1.35,1
13.08.2021 00:39:39.059,110.43100000000001,110.429,1.25,1
13.08.2021 00:39:39.161,110.43100000000001,110.428,1.76,1
13.08.2021 00:39:39.464,110.43200000000002,110.428,2.51,2.89
13.08.2021 00:39:43.254,110.43100000000001,110.428,1.76,1
13.08.2021 00:39:43.357,110.43,110.427,1.1,1.25
13.08.2021 00:39:43.458,110.429,110.426,1,2.14
13.08.2021 00:39:43.560,110.429,110.426,1,1.75
13.08.2021 00:39:43.661,110.43,110.427,1,1.39
13.08.2021 00:39:46.659,110.43100000000001,110.427,2.51,2.14
13.08.2021 00:40:03.736,110.43200000000002,110.427,1.57,1
13.08.2021 00:40:06.018,110.43100000000001,110.427,2.91,1.5
13.08.2021 00:40:06.684,110.43100000000001,110.428,2.91,1
13.08.2021 00:40:06.910,110.43200000000002,110.428,2.25,1
13.08.2021 00:40:09.854,110.43100000000001,110.43,1,1
13.08.2021 00:40:10.290,110.43200000000002,110.43100000000001,1,1
13.08.2021 00:40:10.442,110.43200000000002,110.43,1,1
13.08.2021 00:40:10.695,110.435,110.429,2.16,1
13.08.2021 00:40:13.283,110.434,110.43200000000002,1.69,1
13.08.2021 00:40:16.361,110.43299999999999,110.43100000000001,1.69,1
13.08.2021 00:40:19.645,110.43299999999999,110.429,2.16,1
13.08.2021 00:40:19.696,110.43299999999999,110.43100000000001,1.69,1
13.08.2021 00:40:19.854,110.43200000000002,110.43100000000001,1,1
13.08.2021 00:40:19.955,110.43200000000002,110.43,1.1,1
13.08.2021 00:40:24.528,110.43200000000002,110.429,1.57,1
13.08.2021 00:40:30.155,110.43299999999999,110.429,1,1
13.08.2021 00:40:30.938,110.43299999999999,110.43100000000001,1.22,1
13.08.2021 00:40:31.040,110.435,110.43200000000002,1.22,1
13.08.2021 00:40:31.141,110.435,110.43299999999999,1,1
13.08.2021 00:40:40.369,110.436,110.43299999999999,1.39,1
13.08.2021 00:41:40.252,110.435,110.43299999999999,1,1.5
13.08.2021 00:41:40.902,110.436,110.43299999999999,1.5,1.5
13.08.2021 00:41:42.385,110.435,110.43299999999999,1,1.5
13.08.2021 00:41:42.503,110.436,110.43299999999999,1.5,1.5
13.08.2021 00:41:43.028,110.435,110.43299999999999,1,1.5
13.08.2021 00:41:43.131,110.436,110.43299999999999,1.5,1.5
13.08.2021 00:41:43.412,110.435,110.43299999999999,1,1.5
13.08.2021 00:41:44.153,110.436,110.43299999999999,1.5,1.5
13.08.2021 00:41:44.556,110.435,110.43299999999999,1,1.5
13.08.2021 00:41:44.710,110.436,110.43299999999999,1.5,1.5
13.08.2021 00:41:45.048,110.435,110.43299999999999,1,1.5
13.08.2021 00:41:45.354,110.436,110.43299999999999,1.5,1.5
13.08.2021 00:41:45.804,110.435,110.43299999999999,1,1.5
13.08.2021 00:41:46.375,110.43700000000001,110.43200000000002,1.5,1.5
13.08.2021 00:41:46.477,110.435,110.43299999999999,1,1.5
13.08.2021 00:41:46.794,110.436,110.43299999999999,1.5,1.5
13.08.2021 00:41:47.298,110.435,110.43299999999999,1,1.5
13.08.2021 00:41:47.912,110.436,110.43299999999999,1.5,1.5
13.08.2021 00:41:48.163,110.435,110.43299999999999,1,1.5
13.08.2021 00:41:49.024,110.436,110.43299999999999,1.5,1.5
13.08.2021 00:41:50.047,110.435,110.43299999999999,1,1.5
13.08.2021 00:41:50.326,110.436,110.43299999999999,1.5,1.5
13.08.2021 00:41:50.958,110.435,110.43299999999999,1,1.5
13.08.2021 00:41:51.164,110.436,110.43299999999999,1.5,1.5
13.08.2021 00:41:51.471,110.435,110.43299999999999,1,1.5
13.08.2021 00:41:51.693,110.436,110.43299999999999,1.5,1.5
13.08.2021 00:41:52.602,110.435,110.43299999999999,1,1.5
13.08.2021 00:41:52.905,110.436,110.43299999999999,1.5,1.5
13.08.2021 00:41:53.114,110.435,110.43299999999999,1,1.5
13.08.2021 00:41:53.356,110.436,110.43299999999999,1.5,1.5
13.08.2021 00:41:54.859,110.435,110.43299999999999,1,1.5
13.08.2021 00:41:55.044,110.436,110.43299999999999,1.5,1.5
13.08.2021 00:41:56.881,110.435,110.43299999999999,1,1.5
13.08.2021 00:41:57.474,110.436,110.43299999999999,1.5,1.5
13.08.2021 00:41:57.576,110.435,110.43299999999999,1,1.5
13.08.2021 00:41:57.876,110.436,110.43299999999999,1.5,1.5
13.08.2021 00:41:58.010,110.435,110.43299999999999,1,1.5
13.08.2021 00:41:58.212,110.434,110.43299999999999,1,1
13.08.2021 00:41:58.722,110.435,110.43299999999999,1.1,1
13.08.2021 00:42:14.862,110.43700000000001,110.435,1.69,1
13.08.2021 00:42:14.963,110.439,110.43700000000001,1.39,1
13.08.2021 00:42:19.138,110.44,110.43700000000001,1.69,1
13.08.2021 00:42:19.699,110.441,110.43700000000001,1.25,1
13.08.2021 00:42:19.879,110.439,110.43799999999999,1.25,1
13.08.2021 00:42:20.283,110.44,110.43799999999999,1.25,1
13.08.2021 00:42:23.089,110.439,110.436,4.79,1.5
13.08.2021 00:42:23.190,110.43700000000001,110.43299999999999,1.69,1.95
13.08.2021 00:42:23.291,110.436,110.43299999999999,2.44,1.2
13.08.2021 00:42:26.533,110.43700000000001,110.434,4.31,1.5
13.08.2021 00:42:26.634,110.43700000000001,110.43299999999999,1.25,1.95
13.08.2021 00:42:26.685,110.439,110.436,1.25,1
13.08.2021 00:42:26.786,110.43799999999999,110.436,1.25,1.5
13.08.2021 00:42:26.888,110.44,110.436,10.45,1.5
13.08.2021 00:42:27.314,110.43700000000001,110.435,1,1
13.08.2021 00:42:27.466,110.434,110.43200000000002,1.25,1
13.08.2021 00:42:28.073,110.43299999999999,110.43,1.5,1
13.08.2021 00:42:28.175,110.43200000000002,110.43,1.5,1
13.08.2021 00:42:28.276,110.43200000000002,110.429,2.95,1
13.08.2021 00:42:28.377,110.43200000000002,110.429,1.31,1.95
13.08.2021 00:42:28.630,110.43200000000002,110.43,1.25,1
13.08.2021 00:42:30.287,110.43200000000002,110.43100000000001,1.25,1
13.08.2021 00:42:33.458,110.43299999999999,110.43200000000002,1.69,1
13.08.2021 00:42:37.659,110.43299999999999,110.43100000000001,1.25,1
13.08.2021 00:42:40.223,110.43299999999999,110.43200000000002,1.25,1
13.08.2021 00:42:40.274,110.436,110.43299999999999,6.35,1
13.08.2021 00:42:40.376,110.439,110.436,3.04,1
13.08.2021 00:42:40.477,110.44,110.43700000000001,2.12,1
13.08.2021 00:42:40.579,110.441,110.43799999999999,2.39,1
13.08.2021 00:42:47.079,110.441,110.43799999999999,1.25,1
13.08.2021 00:42:47.837,110.44,110.43700000000001,1.69,1.5
13.08.2021 00:42:47.938,110.441,110.43799999999999,1.01,1
13.08.2021 00:43:03.548,110.441,110.439,1.25,1
13.08.2021 00:43:06.501,110.443,110.439,1,1
13.08.2021 00:43:07.671,110.44200000000001,110.441,1,1
13.08.2021 00:43:07.888,110.443,110.441,1.5,1.2
13.08.2021 00:43:07.989,110.44500000000001,110.443,1.25,1
13.08.2021 00:43:09.810,110.44500000000001,110.444,1,1
13.08.2021 00:43:14.341,110.44500000000001,110.44200000000001,2.76,1
13.08.2021 00:43:14.930,110.44500000000001,110.44200000000001,1.25,1.95
13.08.2021 00:43:15.199,110.44500000000001,110.443,1.25,1
13.08.2021 00:43:15.304,110.444,110.44200000000001,2.51,1
13.08.2021 00:43:15.405,110.443,110.441,1.5,1
13.08.2021 00:43:15.506,110.44200000000001,110.441,1,1
13.08.2021 00:43:15.894,110.443,110.439,1,1
13.08.2021 00:43:15.995,110.443,110.44,2.44,2.7
13.08.2021 00:43:16.961,110.443,110.441,1.12,1
13.08.2021 00:43:17.113,110.444,110.441,1.63,1.95
13.08.2021 00:43:17.265,110.444,110.44200000000001,1,1.5
13.08.2021 00:43:17.467,110.44500000000001,110.44200000000001,1,1.5
13.08.2021 00:43:17.568,110.44500000000001,110.443,1,1
13.08.2021 00:43:25.394,110.44600000000001,110.444,1,1.5
13.08.2021 00:43:25.496,110.448,110.44600000000001,2.44,1
13.08.2021 00:43:27.562,110.448,110.44500000000001,1.69,1.57
13.08.2021 00:43:28.661,110.448,110.44600000000001,1.69,1
13.08.2021 00:43:30.173,110.45100000000001,110.449,1.5,1
13.08.2021 00:43:30.275,110.45200000000001,110.45,1.2,1
13.08.2021 00:43:30.376,110.454,110.45100000000001,2.64,1.5
13.08.2021 00:43:30.477,110.454,110.45100000000001,2.14,1.5
13.08.2021 00:43:32.233,110.45,110.449,1.5,1
13.08.2021 00:43:32.335,110.45,110.44600000000001,5.39,3.72
13.08.2021 00:43:32.436,110.449,110.44600000000001,1,1.57
13.08.2021 00:43:32.747,110.448,110.44600000000001,1.25,1.5
13.08.2021 00:43:35.211,110.448,110.44500000000001,1.25,2.32
13.08.2021 00:43:38.304,110.44600000000001,110.443,1.69,1.57
13.08.2021 00:44:19.586,110.447,110.443,2.25,2.7
13.08.2021 00:44:19.940,110.447,110.44500000000001,1,1.1
13.08.2021 00:44:20.091,110.448,110.44500000000001,1.25,1.1
13.08.2021 00:44:20.658,110.448,110.444,2.89,1.57
13.08.2021 00:44:20.778,110.448,110.443,1,1.1
13.08.2021 00:44:23.451,110.448,110.44500000000001,1.25,1.1
13.08.2021 00:44:26.089,110.449,110.44500000000001,3.82,1.57
13.08.2021 00:44:26.191,110.45,110.44600000000001,3.89,1.1
13.08.2021 00:44:27.436,110.45100000000001,110.44600000000001,1.94,1
13.08.2021 00:44:31.404,110.45,110.44600000000001,3.89,1.1
13.08.2021 00:44:32.093,110.45,110.44600000000001,2.69,1.97
13.08.2021 00:44:36.455,110.45,110.447,1,1.1
13.08.2021 00:44:36.557,110.45,110.448,1,1
13.08.2021 00:44:36.701,110.45100000000001,110.448,2.14,1
13.08.2021 00:44:37.002,110.45200000000001,110.448,1.25,1
13.08.2021 00:44:42.570,110.45299999999999,110.448,1.25,1.5
13.08.2021 00:44:42.687,110.45299999999999,110.45100000000001,1.69,1
13.08.2021 00:44:45.627,110.45200000000001,110.45100000000001,1,1
13.08.2021 00:44:49.090,110.454,110.45,1.69,1
13.08.2021 00:44:51.115,110.45299999999999,110.45200000000001,1,1
13.08.2021 00:44:53.876,110.45299999999999,110.45100000000001,1,1.1
13.08.2021 00:44:55.071,110.455,110.45299999999999,1.5,1.5
13.08.2021 00:44:55.325,110.45700000000001,110.454,1.95,1
13.08.2021 00:45:00.518,110.45700000000001,110.455,1,1
13.08.2021 00:45:04.358,110.45700000000001,110.454,1.5,1
13.08.2021 00:45:10.592,110.45700000000001,110.45299999999999,1.5,2.89
13.08.2021 00:45:13.296,110.455,110.45100000000001,1.95,3.38
13.08.2021 00:45:13.398,110.45200000000001,110.45,2.89,1.2
13.08.2021 00:45:13.517,110.45299999999999,110.45,1,1.01
13.08.2021 00:45:14.806,110.454,110.45,2.7,1.01
13.08.2021 00:45:26.704,110.454,110.45,2.25,1.41
13.08.2021 00:45:29.554,110.454,110.45200000000001,1,1.76
13.08.2021 00:45:29.706,110.454,110.45299999999999,1,1.25
13.08.2021 00:45:29.810,110.455,110.45299999999999,1.87,1.25
13.08.2021 00:45:30.062,110.455,110.45200000000001,1.87,1.01
13.08.2021 00:45:31.627,110.456,110.45100000000001,1.5,1.82
13.08.2021 00:45:36.812,110.455,110.45200000000001,1.57,1.69
13.08.2021 00:45:40.499,110.454,110.45200000000001,1.1,1
13.08.2021 00:45:40.651,110.454,110.45100000000001,1.1,2.44
13.08.2021 00:45:44.334,110.45200000000001,110.45100000000001,1,1.69
13.08.2021 00:45:54.392,110.454,110.45100000000001,1.1,1.25
13.08.2021 00:45:54.494,110.45200000000001,110.45100000000001,1,1.25
13.08.2021 00:46:04.588,110.45299999999999,110.448,1,5.57
13.08.2021 00:46:04.689,110.45100000000001,110.449,1,2.14
13.08.2021 00:46:04.790,110.45200000000001,110.449,1,4.01
13.08.2021 00:46:27.132,110.45100000000001,110.449,1,2.25
13.08.2021 00:46:27.256,110.45100000000001,110.447,1.69,1
13.08.2021 00:46:27.357,110.447,110.44600000000001,1,1.2
13.08.2021 00:46:27.459,110.448,110.443,1,1.89
13.08.2021 00:46:27.764,110.44600000000001,110.444,1,1
13.08.2021 00:46:27.866,110.44500000000001,110.443,1,1.95
13.08.2021 00:46:57.929,110.44500000000001,110.444,1,1
13.08.2021 00:47:10.976,110.44500000000001,110.443,1,1
13.08.2021 00:47:11.078,110.44500000000001,110.44200000000001,1,1
13.08.2021 00:47:16.895,110.444,110.44200000000001,1.1,1
13.08.2021 00:47:16.996,110.44200000000001,110.441,1,1
13.08.2021 00:47:19.017,110.443,110.441,1,1
13.08.2021 00:47:33.919,110.44200000000001,110.441,1,1
13.08.2021 00:47:38.859,110.444,110.44,1,1
13.08.2021 00:47:42.435,110.44200000000001,110.44,1,1
13.08.2021 00:47:46.659,110.443,110.44,1.25,1.2
13.08.2021 00:47:48.178,110.444,110.44,1,1.5
13.08.2021 00:47:56.906,110.444,110.441,1.01,1
13.08.2021 00:48:01.112,110.443,110.44,1,1
13.08.2021 00:48:03.123,110.443,110.441,1,1
13.08.2021 00:48:06.101,110.443,110.44,1,2.32
13.08.2021 00:48:12.358,110.44200000000001,110.439,1.5,1.7
13.08.2021 00:48:14.251,110.44200000000001,110.43700000000001,1,1.2
13.08.2021 00:48:15.209,110.443,110.43700000000001,1.76,1.95
13.08.2021 00:48:16.188,110.44,110.43799999999999,1,1
13.08.2021 00:48:17.202,110.441,110.43799999999999,1.5,1.2
13.08.2021 00:48:20.236,110.44,110.43799999999999,1,1
13.08.2021 00:48:21.153,110.44,110.43700000000001,1,1.2
13.08.2021 00:48:21.255,110.441,110.43700000000001,2.32,1.95
13.08.2021 00:48:22.263,110.441,110.436,1.1,1
13.08.2021 00:48:30.322,110.439,110.43700000000001,1,1
13.08.2021 00:48:47.426,110.439,110.436,1,1.2
13.08.2021 00:48:52.733,110.44,110.435,1,1.22
13.08.2021 00:49:05.540,110.44,110.43799999999999,1.5,1
13.08.2021 00:49:06.530,110.44,110.43700000000001,2.25,1.1
13.08.2021 00:49:16.030,110.441,110.439,1.5,1
13.08.2021 00:49:19.074,110.44200000000001,110.43799999999999,2.25,2.91
13.08.2021 00:49:22.045,110.44200000000001,110.44,1.5,1
13.08.2021 00:49:30.805,110.44200000000001,110.439,1,1.76
13.08.2021 00:49:47.207,110.44500000000001,110.44,1.5,1.41
13.08.2021 00:49:47.360,110.444,110.441,1,1.57
13.08.2021 00:49:55.865,110.444,110.44,1.57,2.89
13.08.2021 00:49:55.973,110.44500000000001,110.441,3.66,1.5
13.08.2021 00:49:56.911,110.443,110.44,1,2.89
13.08.2021 00:49:57.217,110.443,110.44,2.35,1.5
13.08.2021 00:49:58.895,110.44200000000001,110.439,1.1,2.44
13.08.2021 00:49:59.914,110.443,110.44,4.22,1
13.08.2021 00:50:00.921,110.441,110.439,1,1.69
13.08.2021 00:50:01.338,110.44200000000001,110.439,1.1,2.44
13.08.2021 00:50:02.855,110.44200000000001,110.44,1.1,1
13.08.2021 00:50:04.136,110.444,110.439,3.45,1
13.08.2021 00:50:04.237,110.443,110.441,1.1,1
13.08.2021 00:50:05.097,110.444,110.441,2.14,1
13.08.2021 00:50:06.387,110.44500000000001,110.44200000000001,3.51,1
13.08.2021 00:50:06.767,110.44500000000001,110.44200000000001,1.95,1
13.08.2021 00:50:06.868,110.447,110.444,2.14,1
13.08.2021 00:50:06.969,110.447,110.443,1.95,1.76
13.08.2021 00:50:07.329,110.448,110.444,1.95,1
13.08.2021 00:50:12.937,110.447,110.444,1,2.44
13.08.2021 00:50:16.068,110.44600000000001,110.443,1,1.76
13.08.2021 00:50:17.064,110.447,110.443,1.2,2.51
13.08.2021 00:50:17.166,110.447,110.444,1.2,1
13.08.2021 00:50:17.699,110.447,110.443,1.2,2.51
13.08.2021 00:50:17.851,110.448,110.444,1.72,1.69
13.08.2021 00:50:17.956,110.448,110.44500000000001,1.95,1
13.08.2021 00:50:18.058,110.447,110.444,1,2.51
13.08.2021 00:50:19.098,110.448,110.44500000000001,1.95,1
13.08.2021 00:50:20.104,110.447,110.444,1,1.76
13.08.2021 00:50:21.067,110.448,110.44500000000001,1.95,1
13.08.2021 00:50:21.553,110.448,110.444,1.95,1.57
13.08.2021 00:50:21.654,110.447,110.444,1,1.57
13.08.2021 00:50:24.093,110.44500000000001,110.443,1,2.51
13.08.2021 00:50:27.217,110.448,110.443,1.2,1
13.08.2021 00:50:30.180,110.44600000000001,110.443,1,1.76
13.08.2021 00:50:31.142,110.44600000000001,110.444,1,1
13.08.2021 00:50:31.244,110.447,110.444,1.95,1
13.08.2021 00:50:32.192,110.44600000000001,110.443,1,1.01
13.08.2021 00:50:33.204,110.448,110.443,1.95,1
13.08.2021 00:50:34.204,110.447,110.44200000000001,1,1.01
13.08.2021 00:50:36.207,110.44600000000001,110.444,1,1
13.08.2021 00:50:36.409,110.44600000000001,110.443,1,1.1
13.08.2021 00:50:37.218,110.447,110.444,1.95,1
13.08.2021 00:50:37.555,110.447,110.443,1.95,1.57
13.08.2021 00:50:38.195,110.44600000000001,110.44200000000001,1,1.1
13.08.2021 00:50:39.209,110.44600000000001,110.443,1,1.57
13.08.2021 00:50:40.246,110.44500000000001,110.443,1,1.1
13.08.2021 00:50:41.268,110.44600000000001,110.443,1,1.57
13.08.2021 00:50:44.021,110.44600000000001,110.444,1,1
13.08.2021 00:50:44.123,110.447,110.444,1.95,1
13.08.2021 00:50:44.275,110.447,110.44200000000001,1,1.01
13.08.2021 00:50:44.376,110.44600000000001,110.444,1,1
13.08.2021 00:50:44.477,110.448,110.44500000000001,1,1.57
13.08.2021 00:50:45.197,110.449,110.44600000000001,3,1.76
13.08.2021 00:50:46.097,110.448,110.44600000000001,1,1
13.08.2021 00:50:46.198,110.449,110.44600000000001,2.32,1
13.08.2021 00:50:48.389,110.448,110.44600000000001,1,1
13.08.2021 00:51:00.413,110.447,110.44600000000001,1,1
13.08.2021 00:51:00.515,110.447,110.44500000000001,1,1
13.08.2021 00:51:00.617,110.447,110.444,1,1.01
13.08.2021 00:51:02.395,110.44600000000001,110.444,1.1,1.25
13.08.2021 00:51:03.806,110.44600000000001,110.443,1.1,2.44
13.08.2021 00:51:04.442,110.44500000000001,110.443,1.1,1.5
13.08.2021 00:51:12.215,110.447,110.44200000000001,1.1,1.5
13.08.2021 00:51:15.522,110.44600000000001,110.443,1.97,1
13.08.2021 00:51:15.909,110.447,110.443,3.1,2.44
13.08.2021 00:51:16.263,110.44600000000001,110.443,1.97,1
13.08.2021 00:51:16.365,110.444,110.441,1.1,1
13.08.2021 00:51:17.538,110.444,110.44,1.97,2.44
13.08.2021 00:51:19.403,110.44500000000001,110.441,4.41,1
13.08.2021 00:51:21.218,110.44500000000001,110.441,4.01,1.95
13.08.2021 00:51:22.458,110.444,110.441,1.1,1.5
13.08.2021 00:51:26.266,110.444,110.44,1.2,3.26
13.08.2021 00:51:32.601,110.444,110.441,2.89,1
13.08.2021 00:51:47.769,110.444,110.44,2.7,1.76
13.08.2021 00:51:48.209,110.444,110.44,2.25,2.91
13.08.2021 00:52:00.822,110.444,110.44,3.64,1.57
13.08.2021 00:52:01.491,110.444,110.44,3.19,2.72
13.08.2021 00:52:20.682,110.444,110.44,5.51,1.57
13.08.2021 00:52:20.784,110.444,110.44,6.01,1.57
13.08.2021 00:52:20.936,110.44200000000001,110.44,1,1.5
13.08.2021 00:52:22.062,110.44200000000001,110.439,1.57,1
13.08.2021 00:52:22.805,110.441,110.43700000000001,1.57,2.14
13.08.2021 00:52:22.907,110.44,110.43700000000001,1,1.39
13.08.2021 00:52:23.932,110.44,110.435,1,2.39
13.08.2021 00:52:23.984,110.43700000000001,110.435,1.5,1
13.08.2021 00:52:24.085,110.436,110.43299999999999,1.1,1.31
13.08.2021 00:52:24.187,110.435,110.43100000000001,1.97,3.19
13.08.2021 00:52:24.307,110.435,110.43200000000002,1.97,1
13.08.2021 00:52:24.409,110.435,110.43100000000001,1.97,3.19
13.08.2021 00:52:36.847,110.434,110.43,2.36,2.32
13.08.2021 00:52:37.083,110.434,110.43100000000001,1.61,1
13.08.2021 00:52:38.128,110.434,110.43,2.14,2.32
13.08.2021 00:52:42.356,110.434,110.43100000000001,1.61,1
13.08.2021 00:52:46.612,110.43299999999999,110.43,1,1.97
13.08.2021 00:52:54.105,110.435,110.43,1.69,1.1
13.08.2021 00:53:00.305,110.434,110.43,2.89,2.32
13.08.2021 00:53:01.133,110.43299999999999,110.43,1,1.57
13.08.2021 00:53:03.268,110.434,110.43,3.11,2.32
13.08.2021 00:53:05.339,110.434,110.43100000000001,2.14,1
13.08.2021 00:53:17.163,110.436,110.43200000000002,1,1.2
13.08.2021 00:53:17.214,110.43700000000001,110.43299999999999,1.5,1.95
13.08.2021 00:53:17.265,110.43700000000001,110.43299999999999,1.5,3.04
13.08.2021 00:53:17.366,110.439,110.435,4.56,2.1
13.08.2021 00:53:20.329,110.439,110.43700000000001,1.94,1
13.08.2021 00:53:21.374,110.44,110.43700000000001,2.47,1
13.08.2021 00:53:22.267,110.44,110.436,2.25,1.95
13.08.2021 00:53:26.478,110.441,110.439,2.02,1.39
13.08.2021 00:53:26.579,110.443,110.44,1.87,1.25
13.08.2021 00:53:27.416,110.44500000000001,110.44,2.62,1
13.08.2021 00:53:28.879,110.443,110.441,1,1
13.08.2021 00:53:29.031,110.443,110.44,2.7,1
13.08.2021 00:53:29.183,110.44200000000001,110.44,1.1,1
13.08.2021 00:53:29.334,110.443,110.441,1.12,1.5
13.08.2021 00:53:29.436,110.444,110.441,3.07,1.5
13.08.2021 00:53:30.066,110.44500000000001,110.441,1.95,2.14
13.08.2021 00:53:30.518,110.444,110.441,1.1,1.69
13.08.2021 00:53:34.295,110.443,110.44,1,2.57
13.08.2021 00:53:34.756,110.444,110.44200000000001,1,1.25
13.08.2021 00:53:36.842,110.44600000000001,110.441,1,2.95
13.08.2021 00:53:36.943,110.44500000000001,110.44200000000001,1.5,1.39
13.08.2021 00:53:40.659,110.44500000000001,110.441,1.76,2.7
13.08.2021 00:53:44.898,110.44600000000001,110.443,1.57,2.44
13.08.2021 00:53:45.605,110.447,110.44200000000001,4.01,1
13.08.2021 00:53:45.707,110.44600000000001,110.44200000000001,5.32,1.69
13.08.2021 00:53:46.791,110.44600000000001,110.443,1.95,1.69
13.08.2021 00:53:46.893,110.447,110.44500000000001,1.57,1.5
13.08.2021 00:53:47.248,110.448,110.44600000000001,1.1,1
13.08.2021 00:53:48.128,110.447,110.44500000000001,1.2,1
13.08.2021 00:53:50.629,110.448,110.44600000000001,1.2,1
13.08.2021 00:53:53.978,110.449,110.447,1.2,1
13.08.2021 00:53:54.607,110.45100000000001,110.447,2.45,2.32
13.08.2021 00:53:54.709,110.45299999999999,110.447,3.07,2.32
13.08.2021 00:53:54.760,110.45299999999999,110.449,2.32,1
13.08.2021 00:53:54.811,110.45200000000001,110.448,3.07,2.32
13.08.2021 00:53:54.913,110.45100000000001,110.448,1,1.57
13.08.2021 00:53:55.014,110.45100000000001,110.449,1,1
13.08.2021 00:53:55.117,110.45,110.447,1,1.57
13.08.2021 00:53:55.218,110.45,110.44600000000001,1,1.1
13.08.2021 00:53:55.530,110.449,110.44600000000001,1,2.51
13.08.2021 00:53:56.644,110.45,110.44600000000001,4.01,3.26
13.08.2021 00:53:57.337,110.449,110.44600000000001,1.39,1
13.08.2021 00:53:57.438,110.448,110.44600000000001,1,1
13.08.2021 00:54:00.298,110.448,110.444,4.2,1.57
13.08.2021 00:54:00.400,110.448,110.444,5.1,1.5
13.08.2021 00:54:00.714,110.447,110.443,2.14,2.32
13.08.2021 00:54:00.815,110.44600000000001,110.443,1.69,1.57
13.08.2021 00:54:01.180,110.447,110.444,2.14,1
13.08.2021 00:54:01.231,110.44500000000001,110.441,2.7,1.76
13.08.2021 00:54:01.433,110.443,110.441,1,1.01
13.08.2021 00:54:02.773,110.443,110.44,1.1,1.25
13.08.2021 00:54:02.875,110.443,110.439,1,1
13.08.2021 00:54:03.180,110.44200000000001,110.439,1.1,1
13.08.2021 00:54:03.282,110.44200000000001,110.43799999999999,1.57,2.14
13.08.2021 00:54:03.970,110.44200000000001,110.439,1.57,1
13.08.2021 00:54:04.123,110.443,110.439,1.1,1
13.08.2021 00:54:04.793,110.44200000000001,110.43799999999999,1.57,2.14
13.08.2021 00:54:06.261,110.44200000000001,110.439,1.1,1
13.08.2021 00:54:06.811,110.44200000000001,110.43799999999999,1.57,2.89
13.08.2021 00:54:06.912,110.44200000000001,110.439,1.1,1
13.08.2021 00:54:08.890,110.444,110.441,1.31,1.2
13.08.2021 00:54:08.991,110.444,110.44200000000001,1.69,1
13.08.2021 00:54:09.093,110.444,110.44,1,3.64
13.08.2021 00:54:11.444,110.44500000000001,110.443,1.5,1.2
13.08.2021 00:54:11.596,110.44600000000001,110.443,1.31,1.95
13.08.2021 00:54:12.305,110.44600000000001,110.444,1.69,1
13.08.2021 00:54:12.482,110.44600000000001,110.443,1.25,1.2
13.08.2021 00:54:14.465,110.448,110.44500000000001,2.25,2.22
13.08.2021 00:54:14.667,110.448,110.444,2.32,3.64
13.08.2021 00:54:15.880,110.44600000000001,110.444,1,1.5
13.08.2021 00:54:16.894,110.447,110.444,1.39,1.5
13.08.2021 00:54:17.758,110.448,110.44500000000001,2.2,1.5
13.08.2021 00:54:19.545,110.449,110.444,1.25,1.95
13.08.2021 00:54:19.647,110.448,110.44600000000001,1,1
13.08.2021 00:54:20.561,110.449,110.44600000000001,1.5,1.25
13.08.2021 00:54:20.663,110.449,110.447,1,1.39
13.08.2021 00:54:20.765,110.45,110.447,1,2.14
13.08.2021 00:54:22.599,110.45100000000001,110.45,1.5,1
13.08.2021 00:54:22.701,110.454,110.449,2.66,1.5
13.08.2021 00:54:23.729,110.45200000000001,110.449,1.2,1.5
13.08.2021 00:54:24.885,110.45299999999999,110.45,2.66,1
13.08.2021 00:54:25.234,110.45299999999999,110.45100000000001,3.26,1
13.08.2021 00:54:25.336,110.45299999999999,110.45,2.51,1.87
13.08.2021 00:54:25.487,110.45200000000001,110.449,1.95,2.62
13.08.2021 00:54:27.571,110.45299999999999,110.449,2.51,3.82
13.08.2021 00:54:27.722,110.454,110.449,1.5,1.57
13.08.2021 00:54:28.404,110.45299999999999,110.45,1.5,2.39
13.08.2021 00:54:29.788,110.454,110.45200000000001,1.2,1
13.08.2021 00:54:29.889,110.456,110.45200000000001,1.15,3.85
13.08.2021 00:54:29.990,110.455,110.45200000000001,1,4.6
13.08.2021 00:54:30.861,110.456,110.45299999999999,1,1.25
13.08.2021 00:54:32.457,110.458,110.456,2.25,1
13.08.2021 00:54:32.559,110.458,110.456,1,2.14
13.08.2021 00:54:32.711,110.45700000000001,110.454,1,2.2
13.08.2021 00:54:33.150,110.456,110.45299999999999,1.95,1.25
13.08.2021 00:54:33.252,110.45700000000001,110.45299999999999,1.95,2.95
13.08.2021 00:54:33.353,110.458,110.454,1.5,3.1
13.08.2021 00:54:33.786,110.456,110.454,1,1.75
13.08.2021 00:54:34.574,110.456,110.45299999999999,1.5,2.95
13.08.2021 00:54:34.777,110.455,110.45299999999999,1,1
13.08.2021 00:54:34.879,110.45700000000001,110.454,1.12,2.4
13.08.2021 00:54:34.929,110.459,110.458,1,1.25
13.08.2021 00:54:35.031,110.459,110.45700000000001,1.87,1.25
13.08.2021 00:54:35.133,110.45700000000001,110.455,1,1.25
13.08.2021 00:54:35.234,110.458,110.454,1.5,3.25
13.08.2021 00:54:35.343,110.45700000000001,110.454,1.5,1.25
13.08.2021 00:54:35.556,110.456,110.454,1,1.25
13.08.2021 00:54:35.657,110.455,110.454,1.5,1.25
13.08.2021 00:54:35.759,110.456,110.45100000000001,1.69,4.22
13.08.2021 00:54:35.860,110.458,110.454,1.5,1.25
13.08.2021 00:54:35.962,110.45700000000001,110.454,1.5,2.44
13.08.2021 00:54:37.194,110.45700000000001,110.454,1,3.25
13.08.2021 00:54:37.346,110.456,110.454,1,1.25
13.08.2021 00:54:37.655,110.456,110.45299999999999,1,2.7
13.08.2021 00:54:38.047,110.45299999999999,110.45,1,2.7
13.08.2021 00:54:38.860,110.45299999999999,110.45,2.5,1.39
13.08.2021 00:54:39.638,110.45200000000001,110.449,1.69,1.2
13.08.2021 00:54:39.740,110.45200000000001,110.449,1.69,1.1
13.08.2021 00:54:40.144,110.45,110.447,1,2.85
13.08.2021 00:54:40.245,110.45100000000001,110.448,1.69,1.1
13.08.2021 00:54:40.346,110.45,110.447,1,2.95
13.08.2021 00:54:41.097,110.45100000000001,110.447,2.14,2.8
13.08.2021 00:54:41.199,110.45,110.447,1.5,1.67
13.08.2021 00:54:41.300,110.448,110.44600000000001,1.75,3.37
13.08.2021 00:54:41.351,110.45100000000001,110.447,1,3.04
13.08.2021 00:54:43.857,110.45200000000001,110.44600000000001,1.25,3.7
13.08.2021 00:54:43.959,110.449,110.44600000000001,1,3.7
13.08.2021 00:54:44.061,110.45,110.448,1,1.1
13.08.2021 00:54:44.163,110.449,110.44600000000001,1.5,1.57
13.08.2021 00:54:44.366,110.45100000000001,110.44600000000001,1.39,4.47
13.08.2021 00:54:44.417,110.449,110.447,1,1
13.08.2021 00:54:44.519,110.449,110.44600000000001,1,6.34
13.08.2021 00:54:44.620,110.45,110.447,1,1.5
13.08.2021 00:54:44.722,110.449,110.447,1,1
13.08.2021 00:54:45.082,110.449,110.44600000000001,1.2,1.87
13.08.2021 00:54:45.235,110.448,110.44600000000001,1,1.57
13.08.2021 00:54:45.337,110.449,110.44600000000001,1.5,3.07
13.08.2021 00:54:45.440,110.448,110.44500000000001,1.5,2
13.08.2021 00:54:45.644,110.447,110.44600000000001,1,1.58
13.08.2021 00:54:45.746,110.447,110.44500000000001,1,1
13.08.2021 00:54:45.848,110.447,110.444,2.14,2.25
13.08.2021 00:54:46.368,110.45,110.447,1,2.1
13.08.2021 00:54:46.520,110.45200000000001,110.447,1,2.1
13.08.2021 00:54:46.723,110.45100000000001,110.448,1,1
13.08.2021 00:54:46.824,110.45100000000001,110.449,1.69,1
13.08.2021 00:54:46.926,110.45200000000001,110.448,2.89,1
13.08.2021 00:54:47.027,110.45,110.447,1,2.7
13.08.2021 00:54:47.398,110.449,110.44600000000001,1.25,1.7
13.08.2021 00:54:47.499,110.447,110.44500000000001,1,1
13.08.2021 00:54:47.600,110.447,110.444,1,1.95
13.08.2021 00:54:49.620,110.447,110.44200000000001,1,1.2
13.08.2021 00:54:49.824,110.447,110.443,2.14,1.2
13.08.2021 00:54:50.120,110.44600000000001,110.44200000000001,1,4.8
13.08.2021 00:54:51.910,110.44600000000001,110.444,1,1.1
13.08.2021 00:54:52.062,110.447,110.444,1.25,1.57
13.08.2021 00:54:52.318,110.447,110.443,2.95,5.25
13.08.2021 00:54:52.571,110.44600000000001,110.44200000000001,1.25,4.27
13.08.2021 00:54:52.803,110.447,110.44200000000001,1.25,1
13.08.2021 00:54:53.069,110.447,110.444,1,2.89
13.08.2021 00:54:53.423,110.44500000000001,110.444,1.25,1
13.08.2021 00:54:53.474,110.447,110.443,2.14,1.57
13.08.2021 00:54:53.776,110.44600000000001,110.443,1,1.1
13.08.2021 00:54:53.877,110.44600000000001,110.444,1,1
13.08.2021 00:54:54.019,110.44600000000001,110.443,1,1.1
13.08.2021 00:54:54.204,110.44600000000001,110.443,1,1.97
13.08.2021 00:54:54.825,110.44600000000001,110.443,1.5,1.57
13.08.2021 00:54:54.926,110.448,110.443,1.69,1.1
13.08.2021 00:54:55.381,110.44600000000001,110.443,1,2.72
13.08.2021 00:54:55.633,110.44600000000001,110.443,1.5,1
13.08.2021 00:54:55.786,110.44500000000001,110.443,1,1
13.08.2021 00:54:56.308,110.44600000000001,110.44200000000001,1,5.02
13.08.2021 00:54:56.510,110.44500000000001,110.44200000000001,1,3.9
13.08.2021 00:54:56.844,110.44500000000001,110.443,1,1
13.08.2021 00:54:57.402,110.44500000000001,110.44200000000001,1,2.77
13.08.2021 00:54:57.503,110.44600000000001,110.444,1,1.2
13.08.2021 00:54:57.655,110.447,110.44200000000001,1,1.1
13.08.2021 00:54:57.969,110.447,110.443,2.89,1.57
13.08.2021 00:54:58.171,110.44600000000001,110.443,1,2.32
13.08.2021 00:54:58.272,110.44600000000001,110.444,1,1
13.08.2021 00:54:58.374,110.448,110.443,2.14,1
13.08.2021 00:54:58.626,110.44600000000001,110.444,1,1
13.08.2021 00:54:59.209,110.447,110.444,1.69,1.2
13.08.2021 00:55:00.118,110.448,110.44500000000001,1,1
13.08.2021 00:55:00.219,110.447,110.44500000000001,1.5,1.69
13.08.2021 00:55:00.321,110.454,110.45,2.75,1.5
13.08.2021 00:55:00.422,110.45299999999999,110.45200000000001,1.5,1
13.08.2021 00:55:00.473,110.45299999999999,110.45,3.25,1
13.08.2021 00:55:00.524,110.45,110.447,1.25,5.47
13.08.2021 00:55:00.626,110.447,110.444,1.5,4.4
13.08.2021 00:55:00.727,110.44500000000001,110.44200000000001,1,1.2
13.08.2021 00:55:00.829,110.444,110.44200000000001,1,2.7
13.08.2021 00:55:00.930,110.44600000000001,110.44200000000001,1,4.2
13.08.2021 00:55:00.981,110.444,110.441,1.25,1
13.08.2021 00:55:01.082,110.44200000000001,110.44,1.69,1
13.08.2021 00:55:01.134,110.44,110.43700000000001,1.5,2.25
13.08.2021 00:55:01.286,110.439,110.436,1,3.92
13.08.2021 00:55:01.439,110.44,110.43700000000001,1,1
13.08.2021 00:55:01.542,110.44,110.436,1.75,2.21
13.08.2021 00:55:01.644,110.44,110.43700000000001,1.25,1.5
13.08.2021 00:55:01.746,110.44,110.43700000000001,1,1.5
13.08.2021 00:55:02.202,110.44,110.436,1,6.07
13.08.2021 00:55:02.253,110.43799999999999,110.436,1.25,4.57
13.08.2021 00:55:02.355,110.44,110.43700000000001,1.5,1.5
13.08.2021 00:55:02.558,110.44,110.43799999999999,1,1
13.08.2021 00:55:02.936,110.441,110.43799999999999,2.14,1.5
13.08.2021 00:55:03.037,110.44,110.43700000000001,1.2,2.25
13.08.2021 00:55:04.013,110.43700000000001,110.434,1,1.95
13.08.2021 00:55:04.114,110.439,110.435,3.7,1.1
13.08.2021 00:55:04.317,110.43700000000001,110.43299999999999,2.14,1.1
13.08.2021 00:55:04.419,110.435,110.43299999999999,1,1
13.08.2021 00:55:04.521,110.435,110.43200000000002,2.5,2.25
13.08.2021 00:55:04.622,110.43299999999999,110.429,1.25,6.47
13.08.2021 00:55:04.725,110.439,110.43700000000001,1,1.25
13.08.2021 00:55:04.776,110.443,110.44,3.75,1.5
13.08.2021 00:55:04.827,110.44200000000001,110.43799999999999,1,1
13.08.2021 00:55:04.929,110.441,110.43799999999999,1,1
13.08.2021 00:55:04.980,110.443,110.43700000000001,1,2.07
13.08.2021 00:55:05.082,110.441,110.439,1.5,1
13.08.2021 00:55:05.133,110.43799999999999,110.435,1.75,1.3
13.08.2021 00:55:05.235,110.441,110.436,1.69,1
13.08.2021 00:55:05.286,110.43799999999999,110.435,1,1.1
13.08.2021 00:55:05.389,110.44,110.43700000000001,2.25,1
13.08.2021 00:55:05.541,110.44,110.436,1.25,1
13.08.2021 00:55:05.643,110.43799999999999,110.436,1,1
13.08.2021 00:55:05.694,110.44,110.43700000000001,1.5,1
13.08.2021 00:55:06.200,110.44,110.436,2.5,2.32
13.08.2021 00:55:06.302,110.43799999999999,110.436,1,3.22
13.08.2021 00:55:06.403,110.43700000000001,110.434,1.25,1.12
13.08.2021 00:55:06.504,110.43700000000001,110.43299999999999,1.75,1
13.08.2021 00:55:06.605,110.435,110.43200000000002,1,3
13.08.2021 00:55:06.707,110.435,110.43299999999999,1,1
13.08.2021 00:55:08.144,110.436,110.43200000000002,2.14,1.5
13.08.2021 00:55:08.246,110.435,110.43200000000002,2.44,1
13.08.2021 00:55:08.347,110.434,110.43,1.69,3.45
13.08.2021 00:55:08.448,110.434,110.43100000000001,1.69,1
13.08.2021 00:55:10.281,110.43299999999999,110.43100000000001,1,1
13.08.2021 00:55:11.487,110.43200000000002,110.43,1.25,1
13.08.2021 00:55:11.588,110.43299999999999,110.43,2.89,1
13.08.2021 00:55:11.943,110.43,110.429,1,1
13.08.2021 00:55:12.045,110.429,110.427,1.75,1
13.08.2021 00:55:12.146,110.429,110.423,2.89,1.5
13.08.2021 00:55:12.248,110.427,110.42399999999999,1.69,2.25
13.08.2021 00:55:12.451,110.427,110.42399999999999,2.95,1
13.08.2021 00:55:12.552,110.426,110.421,2.95,1.95
13.08.2021 00:55:12.755,110.425,110.42200000000001,1.25,1.1
13.08.2021 00:55:14.110,110.426,110.423,1.25,1
13.08.2021 00:55:14.212,110.427,110.42399999999999,1.69,1
13.08.2021 00:55:15.298,110.428,110.423,1.75,1.95
13.08.2021 00:55:15.399,110.426,110.42,1.39,2.25
13.08.2021 00:55:15.500,110.42399999999999,110.421,1.25,1.5
13.08.2021 00:55:15.602,110.423,110.42,1.25,1.5
13.08.2021 00:55:15.704,110.423,110.42,2.5,1
13.08.2021 00:55:15.805,110.423,110.42,1.69,1
13.08.2021 00:55:15.906,110.423,110.42,1.75,1.5
13.08.2021 00:55:16.008,110.423,110.42,1.25,3
13.08.2021 00:55:17.188,110.423,110.42,1.75,1.2
13.08.2021 00:55:18.589,110.421,110.419,1.25,1.57
13.08.2021 00:55:21.538,110.423,110.419,2.95,1.95
13.08.2021 00:55:21.650,110.423,110.42,2.2,1
13.08.2021 00:55:22.241,110.423,110.42,1.39,1
13.08.2021 00:55:23.633,110.425,110.423,1,1.5
13.08.2021 00:55:23.785,110.426,110.42200000000001,2.2,1
13.08.2021 00:55:24.302,110.425,110.423,1.25,1
13.08.2021 00:55:24.504,110.427,110.423,2.35,1.5
13.08.2021 00:55:24.605,110.427,110.426,1.25,1
13.08.2021 00:55:24.706,110.427,110.425,1.75,1
13.08.2021 00:55:25.167,110.428,110.426,1.75,1
13.08.2021 00:55:25.692,110.428,110.42399999999999,2.2,3.07
13.08.2021 00:55:26.263,110.428,110.425,1.75,1.2
13.08.2021 00:55:27.821,110.428,110.425,1.25,1.95
13.08.2021 00:55:28.073,110.429,110.427,1,1.25
13.08.2021 00:55:28.124,110.43100000000001,110.43,1,1
13.08.2021 00:55:28.226,110.43299999999999,110.43100000000001,1,1
13.08.2021 00:55:28.680,110.434,110.43100000000001,2.14,1
13.08.2021 00:55:30.441,110.43299999999999,110.429,1.25,1.5
13.08.2021 00:55:30.542,110.43299999999999,110.43,1.25,2.7
13.08.2021 00:55:31.905,110.43299999999999,110.43,1.25,3.6
13.08.2021 00:55:32.007,110.43200000000002,110.43,3.26,1.5
13.08.2021 00:55:32.108,110.43200000000002,110.428,2.97,3.45
13.08.2021 00:55:32.210,110.43200000000002,110.429,2.89,1
13.08.2021 00:55:34.830,110.43299999999999,110.43,2.25,1.2
13.08.2021 00:55:35.095,110.434,110.43,2.51,1.95
13.08.2021 00:55:35.196,110.43299999999999,110.43,1,1.5
13.08.2021 00:55:36.276,110.43100000000001,110.429,1.2,2.25
13.08.2021 00:55:36.327,110.43,110.425,1.5,1.1
13.08.2021 00:55:37.088,110.428,110.425,1.25,1.2
13.08.2021 00:55:37.190,110.427,110.42399999999999,2.7,1
13.08.2021 00:55:37.293,110.425,110.42200000000001,1.25,1.6
13.08.2021 00:55:37.416,110.425,110.421,1.39,1.2
13.08.2021 00:55:37.468,110.423,110.421,1,1.2
13.08.2021 00:55:38.076,110.42399999999999,110.42200000000001,1,1
13.08.2021 00:55:41.370,110.423,110.42,1,1.57
13.08.2021 00:55:42.300,110.423,110.42,1.5,1.97
13.08.2021 00:55:42.401,110.42399999999999,110.42,1,3.47
13.08.2021 00:55:42.503,110.42399999999999,110.42200000000001,1,1
13.08.2021 00:55:44.055,110.425,110.42200000000001,1,1.5
13.08.2021 00:55:44.164,110.425,110.423,1,1
13.08.2021 00:55:44.316,110.426,110.423,1.5,1
13.08.2021 00:55:44.417,110.427,110.423,1.5,1
13.08.2021 00:55:45.145,110.426,110.423,1,1.5
13.08.2021 00:55:45.573,110.425,110.423,1,1
13.08.2021 00:55:45.775,110.426,110.421,2.25,1.1
13.08.2021 00:55:47.603,110.42399999999999,110.42200000000001,1.5,1.5
13.08.2021 00:55:48.021,110.425,110.42200000000001,1,3.22
13.08.2021 00:55:48.122,110.427,110.42399999999999,1.5,1
13.08.2021 00:55:48.224,110.427,110.425,1,1.1
13.08.2021 00:55:48.326,110.428,110.425,1,1.1
13.08.2021 00:55:50.038,110.427,110.42399999999999,1,1.97
13.08.2021 00:55:50.190,110.428,110.425,1,1.57
13.08.2021 00:55:52.954,110.429,110.426,1.5,1.1
13.08.2021 00:55:54.791,110.428,110.425,1,1.1
13.08.2021 00:55:56.434,110.426,110.42399999999999,1.5,3
13.08.2021 00:56:00.455,110.425,110.42200000000001,1,1.1
13.08.2021 00:56:00.657,110.42399999999999,110.421,1,2.32
13.08.2021 00:56:00.758,110.423,110.42,1.5,2.32
13.08.2021 00:56:03.988,110.423,110.421,1,1.5
13.08.2021 00:56:04.594,110.42399999999999,110.421,1.5,1.5
13.08.2021 00:56:04.695,110.42399999999999,110.42,1,1.5
13.08.2021 00:56:05.309,110.42399999999999,110.421,1.69,1
13.08.2021 00:56:07.243,110.425,110.421,1,1
13.08.2021 00:56:07.295,110.427,110.421,2.7,2.44
13.08.2021 00:56:07.398,110.426,110.423,1.5,1.5
13.08.2021 00:56:10.399,110.427,110.423,2.14,2.25
13.08.2021 00:56:13.392,110.428,110.425,2.25,1.2
13.08.2021 00:56:13.594,110.429,110.425,1,1
13.08.2021 00:56:13.696,110.428,110.425,1.25,1.95
13.08.2021 00:56:15.828,110.427,110.42399999999999,1.2,1
13.08.2021 00:56:17.848,110.427,110.423,1.2,2.7
13.08.2021 00:56:17.950,110.427,110.42200000000001,1,2.7
13.08.2021 00:56:19.457,110.426,110.42399999999999,1,1
13.08.2021 00:56:19.609,110.428,110.42399999999999,2.89,1.5
13.08.2021 00:56:19.858,110.426,110.42399999999999,1,1
13.08.2021 00:56:20.837,110.427,110.42399999999999,1,1
13.08.2021 00:56:20.938,110.427,110.423,1.5,1.95
13.08.2021 00:56:21.874,110.426,110.423,1,1.95
13.08.2021 00:56:22.895,110.427,110.423,1.95,2.14
13.08.2021 00:56:23.887,110.426,110.423,1,1.2
13.08.2021 00:56:24.040,110.427,110.423,2.14,1.95
13.08.2021 00:56:24.141,110.425,110.423,1,1.95
13.08.2021 00:56:24.534,110.426,110.423,1,1.95
13.08.2021 00:56:24.909,110.427,110.423,2.89,2.7
13.08.2021 00:56:25.581,110.428,110.423,2.14,1
13.08.2021 00:56:25.900,110.426,110.42399999999999,1.5,1
13.08.2021 00:56:26.896,110.428,110.423,2.14,1
13.08.2021 00:56:27.932,110.426,110.42399999999999,1,1.5
13.08.2021 00:56:28.206,110.427,110.42399999999999,1.39,1.5
13.08.2021 00:56:29.645,110.428,110.425,1,1.69
13.08.2021 00:56:29.746,110.429,110.425,2.89,2.44
13.08.2021 00:56:30.954,110.428,110.425,1,1.69
13.08.2021 00:56:40.037,110.429,110.425,2.89,2.44
13.08.2021 00:56:40.139,110.43,110.427,1,2.47
13.08.2021 00:56:40.241,110.43,110.427,1,2.44
13.08.2021 00:56:41.035,110.43100000000001,110.426,2.29,3.64
13.08.2021 00:56:41.137,110.43,110.425,1,2.89
13.08.2021 00:56:41.292,110.43,110.426,1.2,3.64
13.08.2021 00:56:41.394,110.43,110.427,1,1
13.08.2021 00:56:43.413,110.43,110.428,1,1
13.08.2021 00:56:45.255,110.43100000000001,110.429,1.39,1
13.08.2021 00:56:45.407,110.43299999999999,110.43,4.26,1
13.08.2021 00:56:45.508,110.43299999999999,110.43,1.39,1
13.08.2021 00:56:46.038,110.43100000000001,110.43,1,1
13.08.2021 00:56:46.088,110.43,110.428,1.39,2.25
13.08.2021 00:56:46.190,110.43100000000001,110.426,2.2,1
13.08.2021 00:56:46.966,110.43100000000001,110.425,2.95,1.95
13.08.2021 00:56:51.341,110.43,110.426,2.14,2.14
13.08.2021 00:56:52.586,110.428,110.426,1.25,1.95
13.08.2021 00:56:52.688,110.429,110.426,4.39,1
13.08.2021 00:56:52.790,110.429,110.425,6.1,1.5
13.08.2021 00:56:53.050,110.429,110.425,2.69,2.72
13.08.2021 00:56:53.152,110.429,110.425,3.21,1.5
13.08.2021 00:56:56.677,110.428,110.42399999999999,2.44,2.7
13.08.2021 00:57:01.982,110.428,110.426,1,1
13.08.2021 00:57:02.083,110.429,110.426,1.5,1.2
13.08.2021 00:57:02.745,110.43,110.426,2.25,2.14
13.08.2021 00:57:02.847,110.43100000000001,110.428,1.87,1.2
13.08.2021 00:57:02.948,110.43200000000002,110.428,2.44,3.45
13.08.2021 00:57:07.114,110.43200000000002,110.429,1.69,1
13.08.2021 00:57:11.836,110.43299999999999,110.429,1.69,3.45
13.08.2021 00:57:11.937,110.43299999999999,110.43,1,1.95
13.08.2021 00:57:19.911,110.43,110.429,1,1
13.08.2021 00:57:19.962,110.43,110.427,1,1.1
13.08.2021 00:57:20.064,110.428,110.425,1,2.32
13.08.2021 00:57:20.166,110.429,110.425,2.44,2.72
13.08.2021 00:57:20.267,110.428,110.425,1,1.97
13.08.2021 00:57:20.369,110.429,110.425,2.89,2.32
13.08.2021 00:57:21.560,110.428,110.425,1,1.57
13.08.2021 00:57:25.392,110.427,110.423,2.14,1.57
13.08.2021 00:57:25.594,110.427,110.423,1.69,2.72
13.08.2021 00:57:27.145,110.428,110.42399999999999,2.89,1.57
13.08.2021 00:57:29.986,110.429,110.426,1.5,2.29
13.08.2021 00:57:30.088,110.43100000000001,110.427,2.89,2.7
13.08.2021 00:57:31.119,110.43100000000001,110.427,1.5,3.04
13.08.2021 00:57:31.416,110.43100000000001,110.427,2.7,2.89
13.08.2021 00:57:33.645,110.43,110.427,2.14,1
13.08.2021 00:57:34.495,110.43200000000002,110.426,2.14,2.7
13.08.2021 00:58:00.960,110.43100000000001,110.428,1.39,1
13.08.2021 00:58:02.618,110.43100000000001,110.427,2.14,2.7
13.08.2021 00:58:13.670,110.43100000000001,110.428,1.39,1
13.08.2021 00:58:25.447,110.43200000000002,110.426,2.89,2.7
13.08.2021 00:58:30.201,110.43,110.427,1,1.95
13.08.2021 00:58:33.373,110.43100000000001,110.428,1.5,1.39
13.08.2021 00:58:33.474,110.43200000000002,110.427,3.45,5.54
13.08.2021 00:58:33.575,110.43200000000002,110.426,1.69,3.6
13.08.2021 00:58:33.677,110.43100000000001,110.427,2.14,3.45
13.08.2021 00:58:33.829,110.43,110.426,2.14,3.45
13.08.2021 00:58:33.981,110.43,110.427,1,1.2
13.08.2021 00:58:34.082,110.43200000000002,110.428,1,1
13.08.2021 00:58:34.183,110.43200000000002,110.429,1.39,1
13.08.2021 00:58:38.590,110.43100000000001,110.428,1.39,1
13.08.2021 00:58:46.295,110.43200000000002,110.429,1,3.7
13.08.2021 00:58:46.396,110.43299999999999,110.43,1.5,1.39
13.08.2021 00:58:57.399,110.434,110.43100000000001,1,1.39
13.08.2021 00:58:59.006,110.43299999999999,110.43,1.41,1.5
13.08.2021 00:58:59.208,110.43299999999999,110.429,2.91,1.5
13.08.2021 00:59:04.446,110.43299999999999,110.427,2.91,1.5
13.08.2021 00:59:10.147,110.43299999999999,110.428,1,1.39
13.08.2021 00:59:15.119,110.43200000000002,110.43,1,1.25
13.08.2021 00:59:15.221,110.434,110.429,1.1,1
13.08.2021 00:59:15.373,110.43299999999999,110.429,1.1,3.64
13.08.2021 00:59:28.110,110.43100000000001,110.428,1.1,1
13.08.2021 00:59:28.212,110.43100000000001,110.427,2.25,2.14
13.08.2021 00:59:28.717,110.43100000000001,110.428,1,1
13.08.2021 00:59:29.191,110.43100000000001,110.427,2.25,3.64
13.08.2021 00:59:29.494,110.43200000000002,110.428,2.91,1.5
13.08.2021 00:59:41.773,110.43,110.427,1.1,1
13.08.2021 00:59:41.875,110.429,110.427,1.01,1
13.08.2021 00:59:41.976,110.428,110.426,1,1
13.08.2021 00:59:42.077,110.428,110.42399999999999,2.32,3.45
13.08.2021 00:59:50.916,110.427,110.42399999999999,1.1,1
13.08.2021 00:59:54.888,110.426,110.42200000000001,3.72,1.5
13.08.2021 00:59:54.990,110.425,110.421,1.57,2.89
13.08.2021 00:59:58.704,110.42399999999999,110.421,1,2.89
13.08.2021 01:00:01.631,110.42399999999999,110.42,1.1,3.64
13.08.2021 01:00:02.454,110.423,110.419,1,6.04
13.08.2021 01:00:02.555,110.42200000000001,110.419,1.1,2.44
13.08.2021 01:00:04.414,110.42,110.41700000000002,2.32,1.5
13.08.2021 01:00:04.516,110.419,110.41600000000001,1,1.2
13.08.2021 01:00:05.539,110.42,110.41600000000001,2.51,1.95
13.08.2021 01:00:10.817,110.419,110.415,2.14,1
13.08.2021 01:00:10.919,110.41700000000002,110.413,1.1,4.39
13.08.2021 01:00:12.197,110.41700000000002,110.414,1.1,1.25
13.08.2021 01:00:16.789,110.41600000000001,110.413,1,2.45
13.08.2021 01:00:16.890,110.415,110.412,1,4.42
13.08.2021 01:00:16.991,110.414,110.412,1,2.32
13.08.2021 01:00:17.093,110.415,110.412,1.5,1.95
13.08.2021 01:00:17.346,110.41600000000001,110.413,1,2.14
13.08.2021 01:00:17.498,110.41799999999999,110.415,1.5,1.39
13.08.2021 01:00:24.434,110.41799999999999,110.415,1.35,1
13.08.2021 01:00:24.535,110.419,110.413,2.57,2.7
13.08.2021 01:00:27.633,110.414,110.412,1,2.25
13.08.2021 01:00:34.010,110.41600000000001,110.411,2.51,1
13.08.2021 01:00:35.794,110.415,110.411,1.25,1
13.08.2021 01:00:36.065,110.415,110.412,2.51,1
13.08.2021 01:00:37.532,110.414,110.412,1.25,1
13.08.2021 01:00:48.205,110.412,110.41,1,2.25
13.08.2021 01:00:48.307,110.412,110.40899999999999,1,2.7
13.08.2021 01:00:49.967,110.413,110.40899999999999,1.76,3.45
13.08.2021 01:00:50.068,110.414,110.411,1.25,1.95
13.08.2021 01:00:53.128,110.415,110.411,2.51,2.7
13.08.2021 01:00:58.850,110.41700000000002,110.414,1.01,1
13.08.2021 01:00:58.951,110.41700000000002,110.414,1.41,1
13.08.2021 01:00:59.053,110.41700000000002,110.414,1.01,1.5
13.08.2021 01:01:00.556,110.419,110.41700000000002,1.87,1.2
13.08.2021 01:01:00.658,110.42,110.41700000000002,1.01,1.95
13.08.2021 01:01:00.860,110.421,110.41799999999999,1.75,1.95
13.08.2021 01:01:01.490,110.42200000000001,110.41799999999999,2.51,2.7
13.08.2021 01:01:01.591,110.423,110.419,2.14,1.95
13.08.2021 01:01:03.646,110.423,110.42,2.14,1
13.08.2021 01:01:06.042,110.42200000000001,110.42,1.25,1
13.08.2021 01:01:06.143,110.421,110.419,1.25,1
13.08.2021 01:01:06.194,110.421,110.41600000000001,2.44,1.2
13.08.2021 01:01:09.184,110.419,110.415,3.85,3
13.08.2021 01:01:09.337,110.41700000000002,110.414,2.89,1
13.08.2021 01:01:09.440,110.41700000000002,110.413,2.89,2.7
13.08.2021 01:01:13.752,110.41799999999999,110.414,3.64,1.2
13.08.2021 01:01:13.853,110.41799999999999,110.415,2.14,1
13.08.2021 01:01:25.603,110.41700000000002,110.415,1.75,1
13.08.2021 01:01:25.705,110.41700000000002,110.413,4.45,1.95
13.08.2021 01:01:25.808,110.41600000000001,110.412,2.95,2.7
13.08.2021 01:01:27.958,110.415,110.412,1.75,1.2
13.08.2021 01:01:29.615,110.41600000000001,110.412,3.7,1.95
13.08.2021 01:01:32.256,110.41600000000001,110.412,2.14,2.7
13.08.2021 01:01:33.570,110.41600000000001,110.412,2.95,2.7
13.08.2021 01:01:33.687,110.41600000000001,110.412,2.14,2.7
13.08.2021 01:01:37.112,110.41600000000001,110.412,1.69,3.6
13.08.2021 01:01:37.314,110.41700000000002,110.414,1.2,1.5
13.08.2021 01:01:37.415,110.41799999999999,110.414,3.64,2.7
13.08.2021 01:01:39.731,110.419,110.41600000000001,1.87,1.2
13.08.2021 01:01:39.832,110.421,110.41799999999999,1.76,1
13.08.2021 01:01:40.498,110.42200000000001,110.419,1.69,1.5
13.08.2021 01:01:40.600,110.42200000000001,110.42,1,1.5
13.08.2021 01:01:43.046,110.423,110.42,1.01,1.5
13.08.2021 01:01:43.465,110.42200000000001,110.42,1.25,1.5
13.08.2021 01:01:43.566,110.42200000000001,110.419,2.91,1
13.08.2021 01:01:43.668,110.421,110.41799999999999,1.35,2.25
13.08.2021 01:01:43.769,110.42,110.41799999999999,1.35,1
13.08.2021 01:01:43.870,110.421,110.41700000000002,3.72,1
13.08.2021 01:01:43.972,110.421,110.41600000000001,5.22,2.7
13.08.2021 01:01:44.073,110.421,110.41700000000002,2.97,1
13.08.2021 01:01:45.338,110.42,110.41600000000001,1.35,2.7
13.08.2021 01:01:45.641,110.419,110.41600000000001,1.45,1
13.08.2021 01:01:47.318,110.419,110.41600000000001,1.39,1
13.08.2021 01:01:54.318,110.419,110.41600000000001,2.39,1
13.08.2021 01:01:54.368,110.41700000000002,110.414,1.39,2.25
13.08.2021 01:01:54.621,110.41700000000002,110.415,1,1.5
13.08.2021 01:01:54.723,110.41700000000002,110.414,1,1.95
13.08.2021 01:01:59.544,110.419,110.415,2.89,1.95
13.08.2021 01:01:59.806,110.419,110.41600000000001,2.14,1
13.08.2021 01:01:59.907,110.419,110.415,2.89,1.2
13.08.2021 01:02:00.059,110.419,110.41600000000001,2.14,1
13.08.2021 01:02:00.161,110.419,110.41700000000002,1.39,1
13.08.2021 01:02:03.558,110.421,110.419,1.1,1
13.08.2021 01:02:03.660,110.42200000000001,110.419,1.5,1
13.08.2021 01:02:03.761,110.423,110.419,2.51,1.95
13.08.2021 01:02:07.305,110.421,110.419,1.1,1.12
13.08.2021 01:02:07.507,110.421,110.41799999999999,1.1,1
13.08.2021 01:02:07.797,110.42,110.41799999999999,1,1
13.08.2021 01:02:08.051,110.42,110.41700000000002,1.01,1.5
13.08.2021 01:02:08.203,110.42,110.41700000000002,2.16,1
13.08.2021 01:02:09.467,110.419,110.41600000000001,1.1,1.5
13.08.2021 01:02:13.208,110.42,110.41700000000002,1.1,1
13.08.2021 01:02:15.113,110.41799999999999,110.415,1.1,3
13.08.2021 01:02:15.218,110.41799999999999,110.414,1,1
13.08.2021 01:02:15.420,110.41700000000002,110.413,1.57,2.89
13.08.2021 01:02:17.277,110.41700000000002,110.414,1.1,1
13.08.2021 01:02:20.972,110.415,110.413,1.1,1.5
13.08.2021 01:02:21.073,110.415,110.412,1.1,1.5
13.08.2021 01:02:47.140,110.41600000000001,110.413,1.1,1
13.08.2021 01:02:47.242,110.41799999999999,110.413,1.57,1
13.08.2021 01:02:47.393,110.41700000000002,110.415,1.1,1
13.08.2021 01:02:48.824,110.419,110.41600000000001,3.66,1.5
13.08.2021 01:02:50.278,110.419,110.41600000000001,1.01,1.5
13.08.2021 01:02:50.430,110.419,110.41700000000002,1.01,1.5
13.08.2021 01:02:50.785,110.421,110.41600000000001,1.01,1.5
13.08.2021 01:03:04.187,110.41799999999999,110.415,1.1,1
13.08.2021 01:03:04.339,110.41799999999999,110.414,1.41,2.25
13.08.2021 01:03:04.491,110.41700000000002,110.413,1.1,2.7
13.08.2021 01:03:06.712,110.41700000000002,110.413,1,2.72
13.08.2021 01:03:07.760,110.41700000000002,110.413,1.2,2.32
13.08.2021 01:03:19.288,110.41600000000001,110.413,1,1.1
13.08.2021 01:03:22.360,110.41600000000001,110.412,3.89,2.32
13.08.2021 01:03:23.960,110.41600000000001,110.412,3.26,1.57
13.08.2021 01:03:24.061,110.41600000000001,110.412,2.81,1.97
13.08.2021 01:03:31.869,110.41600000000001,110.412,3.25,3.47
13.08.2021 01:03:32.071,110.41600000000001,110.412,3.7,3.07
13.08.2021 01:03:32.222,110.415,110.412,1.25,1.57
13.08.2021 01:03:41.855,110.41600000000001,110.412,3.62,1.97
13.08.2021 01:03:56.947,110.41600000000001,110.413,2.44,1.22
13.08.2021 01:04:15.855,110.41600000000001,110.413,2.94,1
13.08.2021 01:04:16.069,110.41600000000001,110.413,2.44,1.22
13.08.2021 01:04:33.009,110.41700000000002,110.413,3.32,2.7
13.08.2021 01:04:33.702,110.415,110.413,1.82,1
13.08.2021 01:04:33.804,110.414,110.412,1.25,1.5
13.08.2021 01:04:41.557,110.414,110.411,1.25,2.7
13.08.2021 01:04:48.216,110.415,110.411,2.57,2.7
13.08.2021 01:04:49.554,110.41,110.408,1,1.62
13.08.2021 01:04:49.605,110.41,110.40700000000001,1.69,1.95
13.08.2021 01:04:49.707,110.408,110.406,1,1.2
13.08.2021 01:04:50.049,110.408,110.406,1.69,1
13.08.2021 01:05:04.288,110.41,110.405,2.44,1.57
13.08.2021 01:05:30.957,110.408,110.406,1.25,1
13.08.2021 01:05:31.059,110.408,110.405,1.25,2.7
13.08.2021 01:05:32.141,110.40899999999999,110.405,3.19,2.7
13.08.2021 01:05:38.198,110.40899999999999,110.406,1.5,1
13.08.2021 01:05:39.417,110.40899999999999,110.406,1,2.5
13.08.2021 01:05:43.521,110.40899999999999,110.406,1,1.69
13.08.2021 01:05:45.429,110.411,110.41,1,1.5
13.08.2021 01:05:45.480,110.414,110.41,4.61,3.07
13.08.2021 01:05:45.582,110.414,110.411,1,1.76
13.08.2021 01:05:45.683,110.415,110.411,2.7,2.51
13.08.2021 01:05:45.784,110.415,110.412,2.7,1
13.08.2021 01:05:45.929,110.415,110.411,2.7,3.26
13.08.2021 01:05:46.080,110.415,110.412,2.7,1
13.08.2021 01:05:47.177,110.415,110.411,2.7,4.01
13.08.2021 01:05:47.993,110.415,110.412,1.95,1
13.08.2021 01:05:51.141,110.413,110.412,2.44,1
13.08.2021 01:05:51.192,110.412,110.408,1.2,4.76
13.08.2021 01:05:52.204,110.413,110.40899999999999,4.35,1.69
13.08.2021 01:05:52.306,110.414,110.41,3.45,1.76
13.08.2021 01:05:52.408,110.415,110.411,3.79,1
13.08.2021 01:05:52.510,110.415,110.411,3.19,1
13.08.2021 01:06:02.197,110.415,110.412,1.5,1
13.08.2021 01:06:05.075,110.41600000000001,110.412,2.7,1.69
13.08.2021 01:06:05.176,110.41600000000001,110.413,1.2,1.25
13.08.2021 01:06:05.278,110.41700000000002,110.413,1.95,2.51
13.08.2021 01:06:05.675,110.41600000000001,110.413,1.25,1.57
13.08.2021 01:06:05.727,110.415,110.411,3.64,3.07
13.08.2021 01:06:06.335,110.415,110.411,3.79,1.5
13.08.2021 01:06:08.590,110.413,110.41,3.79,1
13.08.2021 01:06:08.692,110.412,110.408,3.79,1
13.08.2021 01:06:08.794,110.411,110.40700000000001,1.95,2.51
13.08.2021 01:06:08.946,110.41,110.40700000000001,1,1.5
13.08.2021 01:06:10.503,110.411,110.40700000000001,1.95,3.26
13.08.2021 01:06:12.855,110.41,110.406,2.14,1.57
13.08.2021 01:06:14.698,110.41,110.406,3.7,1.1
13.08.2021 01:06:16.258,110.408,110.406,1.25,1.1
13.08.2021 01:06:16.359,110.408,110.405,2.89,1
13.08.2021 01:06:16.460,110.40700000000001,110.404,2.14,1
13.08.2021 01:06:18.248,110.40700000000001,110.40299999999999,3.64,2.32
13.08.2021 01:06:18.350,110.406,110.40200000000002,2.7,1.95
13.08.2021 01:06:18.451,110.405,110.40100000000001,1.25,4.22
13.08.2021 01:06:18.552,110.404,110.40100000000001,1,2.32
13.08.2021 01:06:33.677,110.405,110.40100000000001,1.39,2.32
13.08.2021 01:06:37.229,110.405,110.40100000000001,2.95,2.32
13.08.2021 01:06:37.331,110.404,110.40100000000001,2.89,1
13.08.2021 01:06:38.250,110.40299999999999,110.40100000000001,1.25,1
13.08.2021 01:06:38.351,110.40299999999999,110.4,1.45,1.5
13.08.2021 01:06:41.819,110.404,110.4,3.22,1.5
13.08.2021 01:06:41.920,110.404,110.4,2.89,2.32
13.08.2021 01:06:47.027,110.404,110.4,2.44,4.41
13.08.2021 01:06:48.323,110.404,110.4,2.51,4.39
13.08.2021 01:06:55.532,110.404,110.399,1.01,2.25
13.08.2021 01:07:03.035,110.40200000000002,110.4,1.25,1.5
13.08.2021 01:07:05.331,110.40100000000001,110.4,1,1.5
13.08.2021 01:07:05.432,110.40200000000002,110.4,1.76,1.5
13.08.2021 01:07:06.314,110.40100000000001,110.4,1.69,1
13.08.2021 01:07:06.416,110.40100000000001,110.399,1.69,2.25
13.08.2021 01:07:06.517,110.399,110.397,1.01,1
13.08.2021 01:07:06.619,110.399,110.396,1.76,1.5
13.08.2021 01:07:06.873,110.399,110.395,2.89,2.7
13.08.2021 01:07:07.127,110.399,110.395,2.91,2.25
13.08.2021 01:07:09.622,110.399,110.396,1.57,1
13.08.2021 01:07:09.673,110.4,110.398,1,2.7
13.08.2021 01:07:09.724,110.40200000000002,110.399,2.51,1
13.08.2021 01:07:12.600,110.40299999999999,110.4,2.51,1
13.08.2021 01:07:14.627,110.40299999999999,110.398,1.25,3.45
13.08.2021 01:07:15.648,110.40200000000002,110.4,1.69,1
13.08.2021 01:07:16.981,110.40200000000002,110.399,1.76,2.25
13.08.2021 01:07:18.039,110.40299999999999,110.399,1,1
13.08.2021 01:07:18.759,110.40200000000002,110.399,1,2.7
13.08.2021 01:07:19.756,110.40200000000002,110.399,1,2.72
13.08.2021 01:07:25.078,110.40200000000002,110.399,1.69,2.32
13.08.2021 01:07:30.328,110.40200000000002,110.4,1,1.1
13.08.2021 01:07:30.667,110.40299999999999,110.398,1,2.32
13.08.2021 01:07:33.482,110.40200000000002,110.4,1,1
13.08.2021 01:07:36.218,110.40100000000001,110.399,1,1.5
13.08.2021 01:07:36.270,110.399,110.397,1.25,1
13.08.2021 01:07:36.321,110.399,110.396,1.75,1.95
13.08.2021 01:07:36.422,110.398,110.396,1.25,1
13.08.2021 01:07:36.574,110.398,110.395,1.75,2.32
13.08.2021 01:07:36.827,110.398,110.395,1.25,1.95
13.08.2021 01:07:36.928,110.399,110.396,1.75,1.2
13.08.2021 01:07:37.080,110.399,110.396,1.25,2.7
13.08.2021 01:07:37.333,110.399,110.397,1.25,1
13.08.2021 01:07:52.697,110.4,110.396,3.7,2.7
13.08.2021 01:07:56.770,110.398,110.396,1.35,1
13.08.2021 01:07:56.923,110.398,110.395,1.35,1.5
13.08.2021 01:07:57.025,110.397,110.394,1.25,1.95
13.08.2021 01:07:58.891,110.397,110.394,1.25,1.95
13.08.2021 01:08:03.917,110.398,110.394,2.51,1.95
13.08.2021 01:08:04.069,110.398,110.395,1.76,1
13.08.2021 01:08:11.485,110.399,110.397,1,1.69
13.08.2021 01:08:11.537,110.40299999999999,110.398,1.2,1.2
13.08.2021 01:08:11.639,110.40299999999999,110.399,3.07,2.89
13.08.2021 01:08:12.708,110.40200000000002,110.399,1,1.5
13.08.2021 01:08:12.885,110.40200000000002,110.398,1.69,2.7
13.08.2021 01:08:13.037,110.40200000000002,110.399,1,1.5
13.08.2021 01:08:15.894,110.40200000000002,110.398,3.89,2.25
13.08.2021 01:08:15.995,110.40100000000001,110.397,2.44,1.95
13.08.2021 01:08:16.097,110.4,110.397,1,1.2
13.08.2021 01:08:16.987,110.4,110.395,1,1.5
13.08.2021 01:08:17.089,110.399,110.395,2.25,2.89
13.08.2021 01:08:17.251,110.398,110.395,1,1.95
13.08.2021 01:08:21.339,110.399,110.395,2.25,2.89
13.08.2021 01:08:21.592,110.398,110.395,1,2.14
13.08.2021 01:08:26.138,110.40100000000001,110.398,1,1.95
13.08.2021 01:08:26.189,110.40299999999999,110.4,1.39,1.2
13.08.2021 01:08:26.341,110.40299999999999,110.4,1,2.95
13.08.2021 01:08:26.613,110.405,110.40100000000001,3.19,2.91
13.08.2021 01:08:30.382,110.408,110.405,1.39,1.2
13.08.2021 01:08:30.484,110.40899999999999,110.406,3.11,1
13.08.2021 01:08:32.009,110.40899999999999,110.405,4.47,1.5
13.08.2021 01:08:32.212,110.40899999999999,110.406,2.5,1.2
13.08.2021 01:08:33.416,110.40899999999999,110.406,1.69,1.95
13.08.2021 01:08:56.569,110.411,110.405,3.07,2.7
13.08.2021 01:09:01.876,110.41,110.40700000000001,2.32,1
13.08.2021 01:09:02.384,110.411,110.408,1.1,1.69
13.08.2021 01:09:02.536,110.413,110.40700000000001,2.77,1.39
13.08.2021 01:09:03.332,110.412,110.408,1.57,3.14
13.08.2021 01:09:03.513,110.412,110.408,1.57,2.14
13.08.2021 01:09:03.614,110.412,110.408,1.57,3.14
13.08.2021 01:09:03.956,110.412,110.408,1.57,2.14
13.08.2021 01:09:05.193,110.412,110.408,3.66,1.5
13.08.2021 01:09:05.626,110.413,110.40700000000001,3.07,1.95
13.08.2021 01:09:08.824,110.412,110.408,3.66,1.5
13.08.2021 01:09:09.557,110.411,110.40700000000001,1.76,1.95
