Gmt time,Ask,Bid,AskVolume,BidVolume
05.08.2021 00:00:00.088,109.538,109.53399999999999,1.39,1.57
05.08.2021 00:00:07.260,109.536,109.53399999999999,1.25,1
05.08.2021 00:00:07.311,109.535,109.531,1.69,1.22
05.08.2021 00:00:07.412,109.53399999999999,109.531,2.89,1
05.08.2021 00:00:07.513,109.533,109.53,1.95,1
05.08.2021 00:00:07.615,109.53200000000001,109.53,1,1
05.08.2021 00:00:07.768,109.533,109.53,1.5,1.1
05.08.2021 00:00:07.971,109.535,109.529,2.44,1.22
05.08.2021 00:00:08.123,109.53399999999999,109.53,2.89,1.1
05.08.2021 00:00:08.478,109.533,109.53,1.25,1.1
05.08.2021 00:00:08.580,109.533,109.529,1,3.47
05.08.2021 00:00:10.650,109.535,109.52799999999999,2.14,3.59
05.08.2021 00:00:13.973,109.533,109.53,1.2,1
05.08.2021 00:00:15.005,109.533,109.53,2.2,1
05.08.2021 00:00:15.107,109.533,109.53,1.2,1
05.08.2021 00:00:15.208,109.533,109.529,1.2,1.2
05.08.2021 00:00:15.361,109.533,109.529,1,2.1
05.08.2021 00:00:15.690,109.533,109.53,1,2.1
05.08.2021 00:00:17.135,109.535,109.53,1,2.47
05.08.2021 00:00:17.237,109.535,109.531,1,6.22
05.08.2021 00:00:17.338,109.536,109.533,1.2,1
05.08.2021 00:00:17.440,109.537,109.533,2.14,1.2
05.08.2021 00:00:17.541,109.538,109.53399999999999,3.51,1.95
05.08.2021 00:00:28.076,109.53399999999999,109.531,1,5.32
05.08.2021 00:00:28.178,109.53399999999999,109.53,3.64,3.15
05.08.2021 00:00:28.279,109.533,109.53,1.2,1
05.08.2021 00:00:28.380,109.53399999999999,109.52799999999999,2.89,1.95
05.08.2021 00:00:28.625,109.53,109.52700000000002,1,1.6
05.08.2021 00:00:29.520,109.53,109.52700000000002,1.5,1
05.08.2021 00:00:29.722,109.53,109.52600000000001,1,1.2
05.08.2021 00:00:29.925,109.531,109.52600000000001,1.69,1.95
05.08.2021 00:00:31.175,109.531,109.52600000000001,1.25,4.35
05.08.2021 00:00:31.277,109.53200000000001,109.52700000000002,2.89,2.1
05.08.2021 00:00:31.378,109.53200000000001,109.52700000000002,1.25,7.35
05.08.2021 00:00:33.299,109.531,109.52700000000002,1.2,5.14
05.08.2021 00:00:33.400,109.529,109.52600000000001,1,1.57
05.08.2021 00:00:33.653,109.52799999999999,109.525,1.25,1.2
05.08.2021 00:00:33.806,109.52700000000002,109.524,1,1.2
05.08.2021 00:00:34.008,109.52700000000002,109.522,1.95,4.54
05.08.2021 00:00:34.734,109.52600000000001,109.522,1,3.22
05.08.2021 00:00:42.386,109.52799999999999,109.525,1.5,1.1
05.08.2021 00:00:42.487,109.52799999999999,109.525,1,2.1
05.08.2021 00:00:44.108,109.529,109.52600000000001,1.5,1.2
05.08.2021 00:00:45.851,109.52799999999999,109.524,1.69,3.42
05.08.2021 00:00:45.952,109.52700000000002,109.524,1,1.2
05.08.2021 00:00:47.953,109.52600000000001,109.523,1,1.6
05.08.2021 00:00:49.298,109.52600000000001,109.523,1,1.2
05.08.2021 00:00:51.726,109.52799999999999,109.523,3.7,3.97
05.08.2021 00:00:51.828,109.52799999999999,109.523,3.25,3.97
05.08.2021 00:00:52.091,109.52799999999999,109.524,2.95,1.95
05.08.2021 00:01:01.732,109.52799999999999,109.524,1.5,1.6
05.08.2021 00:01:01.985,109.52700000000002,109.523,1,2.85
05.08.2021 00:01:02.136,109.52700000000002,109.523,1,3.04
05.08.2021 00:01:08.357,109.52600000000001,109.523,1,2.47
05.08.2021 00:01:08.627,109.52799999999999,109.525,2.25,1.1
05.08.2021 00:01:08.730,109.529,109.525,2.25,1.72
05.08.2021 00:01:08.882,109.53,109.52700000000002,1.5,1.2
05.08.2021 00:01:10.876,109.531,109.52700000000002,2.25,2.85
05.08.2021 00:01:11.732,109.533,109.529,2.25,1.6
05.08.2021 00:01:14.523,109.533,109.53,1,1.6
05.08.2021 00:01:14.683,109.536,109.53200000000001,3.19,1.72
05.08.2021 00:01:14.784,109.536,109.53200000000001,2.25,2.47
05.08.2021 00:01:20.095,109.537,109.533,1.5,1.6
05.08.2021 00:01:23.166,109.537,109.533,2.32,1.2
05.08.2021 00:01:25.170,109.537,109.533,2.25,1.6
05.08.2021 00:01:26.176,109.537,109.533,2.32,1.2
05.08.2021 00:01:26.398,109.536,109.533,1,1.2
05.08.2021 00:01:31.802,109.536,109.533,1,1.6
05.08.2021 00:01:32.769,109.537,109.533,2.25,1.85
05.08.2021 00:01:32.871,109.537,109.535,1,1.95
05.08.2021 00:01:32.973,109.538,109.53399999999999,1.5,3.04
05.08.2021 00:01:33.075,109.54,109.537,1,2.14
05.08.2021 00:01:33.177,109.54100000000001,109.539,1.5,1.69
05.08.2021 00:01:33.278,109.54200000000002,109.539,1,1.39
05.08.2021 00:01:33.481,109.54200000000002,109.539,1,2.29
05.08.2021 00:01:33.533,109.544,109.54,1.69,2.85
05.08.2021 00:01:34.397,109.544,109.54,1.76,1.95
05.08.2021 00:01:34.637,109.54299999999999,109.54,1,1.95
05.08.2021 00:01:34.738,109.54299999999999,109.539,1.76,1.95
05.08.2021 00:01:34.790,109.539,109.536,1.25,1.57
05.08.2021 00:01:34.891,109.538,109.53399999999999,1.5,3.6
05.08.2021 00:01:34.993,109.538,109.53399999999999,1.57,2.7
05.08.2021 00:01:36.971,109.537,109.533,1,3.79
05.08.2021 00:01:38.285,109.536,109.533,1,3.97
05.08.2021 00:01:38.662,109.535,109.53200000000001,3.26,1.11
05.08.2021 00:01:38.764,109.53399999999999,109.531,1.57,1.2
05.08.2021 00:01:38.865,109.533,109.529,1,1.2
05.08.2021 00:01:39.659,109.53200000000001,109.52799999999999,1.5,1.85
05.08.2021 00:01:39.760,109.53,109.52700000000002,1,2.29
05.08.2021 00:01:41.250,109.531,109.52799999999999,1.5,1.2
05.08.2021 00:01:41.411,109.531,109.52799999999999,1.5,1.6
05.08.2021 00:01:41.716,109.53200000000001,109.52799999999999,1,2.1
05.08.2021 00:01:41.868,109.53200000000001,109.52799999999999,1,2.1
05.08.2021 00:01:45.929,109.53200000000001,109.52799999999999,1,1.72
05.08.2021 00:01:46.080,109.53200000000001,109.52600000000001,1.5,3.83
05.08.2021 00:01:46.182,109.529,109.52700000000002,1,1.39
05.08.2021 00:01:46.757,109.53,109.52700000000002,1,1.2
05.08.2021 00:01:47.279,109.529,109.52700000000002,1,1.2
05.08.2021 00:01:48.393,109.53200000000001,109.529,2.32,1.5
05.08.2021 00:01:48.545,109.53200000000001,109.53,1,1.2
05.08.2021 00:01:53.581,109.53399999999999,109.531,2.25,2.47
05.08.2021 00:02:00.885,109.533,109.531,1,1.2
05.08.2021 00:02:00.988,109.53399999999999,109.529,2.51,2.47
05.08.2021 00:02:01.090,109.531,109.529,1,1.2
05.08.2021 00:02:01.677,109.533,109.52799999999999,1.5,1.6
05.08.2021 00:02:02.646,109.533,109.53,1.5,1.2
05.08.2021 00:02:02.826,109.53399999999999,109.531,2.44,1.1
05.08.2021 00:02:03.883,109.53399999999999,109.531,1,2.47
05.08.2021 00:02:04.386,109.535,109.531,2.44,2.47
05.08.2021 00:02:06.412,109.53200000000001,109.53,1,1
05.08.2021 00:02:06.513,109.53200000000001,109.529,1,2.4
05.08.2021 00:02:06.766,109.53200000000001,109.52799999999999,1,1.2
05.08.2021 00:02:09.375,109.531,109.52700000000002,1.5,1.2
05.08.2021 00:02:11.357,109.531,109.52799999999999,1,2.44
05.08.2021 00:02:11.409,109.533,109.531,2.25,1.1
05.08.2021 00:02:11.511,109.535,109.531,2.85,2.66
05.08.2021 00:02:11.563,109.536,109.53200000000001,3.3,1.85
05.08.2021 00:02:16.752,109.535,109.53200000000001,1,1.6
05.08.2021 00:02:20.618,109.537,109.531,1,2.66
05.08.2021 00:02:20.720,109.537,109.533,1,3.97
05.08.2021 00:02:20.822,109.537,109.533,1,5.22
05.08.2021 00:02:20.923,109.538,109.53399999999999,1.5,2.29
05.08.2021 00:02:26.414,109.538,109.53399999999999,2.89,1.2
05.08.2021 00:02:26.515,109.537,109.53200000000001,1,1.39
05.08.2021 00:02:31.062,109.537,109.533,1,3.41
05.08.2021 00:02:32.628,109.538,109.53399999999999,3.64,1.95
05.08.2021 00:02:33.018,109.537,109.53399999999999,1,1.2
05.08.2021 00:02:51.731,109.536,109.53399999999999,1,1.2
05.08.2021 00:02:52.010,109.537,109.53399999999999,1,1.2
05.08.2021 00:02:52.972,109.536,109.53399999999999,1,1
05.08.2021 00:02:57.902,109.536,109.533,1,1.95
05.08.2021 00:03:00.916,109.53399999999999,109.531,1.69,3.82
05.08.2021 00:03:01.018,109.53200000000001,109.529,1,3.22
05.08.2021 00:03:01.119,109.53200000000001,109.529,1,1.2
05.08.2021 00:03:01.321,109.531,109.529,1,1.2
05.08.2021 00:03:01.803,109.533,109.531,1,1.1
05.08.2021 00:03:02.156,109.53399999999999,109.531,1.25,2.32
05.08.2021 00:03:02.258,109.53399999999999,109.53200000000001,1,1.2
05.08.2021 00:03:02.510,109.533,109.529,1,3.22
05.08.2021 00:03:02.712,109.531,109.52799999999999,1,1.2
05.08.2021 00:03:02.966,109.53,109.52700000000002,1,2.32
05.08.2021 00:03:03.344,109.529,109.52600000000001,1,1.39
05.08.2021 00:03:03.658,109.52799999999999,109.52600000000001,1,1.39
05.08.2021 00:03:06.864,109.52799999999999,109.524,1.5,5.85
05.08.2021 00:03:06.966,109.52700000000002,109.524,1.5,1.39
05.08.2021 00:03:09.008,109.525,109.521,1,3.79
05.08.2021 00:03:09.109,109.525,109.52,1,2.89
05.08.2021 00:03:09.312,109.525,109.521,1.5,3.04
05.08.2021 00:03:10.544,109.524,109.521,1.5,1.39
05.08.2021 00:03:10.697,109.523,109.52,1,3.29
05.08.2021 00:03:10.799,109.524,109.52,1.5,3.66
05.08.2021 00:03:11.486,109.524,109.521,1.5,3.06
05.08.2021 00:03:11.588,109.52700000000002,109.525,1.95,1.6
05.08.2021 00:03:11.690,109.52700000000002,109.523,1.5,2.29
05.08.2021 00:03:11.791,109.52600000000001,109.523,1.25,1.22
05.08.2021 00:03:11.893,109.525,109.523,1,1
05.08.2021 00:03:11.994,109.525,109.521,1,2.47
05.08.2021 00:03:14.264,109.52600000000001,109.522,1.25,1.6
05.08.2021 00:03:15.717,109.524,109.521,1,2.35
05.08.2021 00:03:18.286,109.525,109.521,1,2.35
05.08.2021 00:03:23.368,109.524,109.521,1.25,1.22
05.08.2021 00:03:23.470,109.525,109.521,1.69,1.97
05.08.2021 00:03:28.257,109.524,109.521,1.5,1.22
05.08.2021 00:03:28.410,109.524,109.521,1.5,1
05.08.2021 00:03:29.143,109.52,109.518,1.5,1.3
05.08.2021 00:03:29.195,109.522,109.52,2.25,1
05.08.2021 00:03:29.347,109.523,109.52,1.5,1.22
05.08.2021 00:03:34.879,109.524,109.52,1,2.16
05.08.2021 00:03:42.405,109.525,109.524,1,1
05.08.2021 00:03:42.455,109.52700000000002,109.52600000000001,1.12,1
05.08.2021 00:03:42.557,109.529,109.52600000000001,1.25,1.57
05.08.2021 00:03:42.658,109.52799999999999,109.52600000000001,1.12,1.1
05.08.2021 00:03:43.044,109.53,109.52600000000001,4,1.97
05.08.2021 00:03:46.738,109.53200000000001,109.52700000000002,1.25,1.57
05.08.2021 00:03:46.789,109.533,109.53,1.2,2.32
05.08.2021 00:03:46.890,109.533,109.531,1,1.2
05.08.2021 00:03:46.941,109.535,109.53200000000001,1,1.1
05.08.2021 00:03:47.042,109.536,109.53200000000001,2.7,1.97
05.08.2021 00:03:47.244,109.535,109.53200000000001,1,1.22
05.08.2021 00:03:47.358,109.535,109.53200000000001,1,1.22
05.08.2021 00:03:47.459,109.536,109.531,1,1.97
05.08.2021 00:03:48.025,109.536,109.533,1,1.1
05.08.2021 00:03:48.127,109.536,109.533,1,1.22
05.08.2021 00:03:48.228,109.537,109.533,1.69,1.97
05.08.2021 00:03:48.279,109.537,109.536,1,1
05.08.2021 00:03:48.582,109.539,109.535,1,1.1
05.08.2021 00:03:48.684,109.54100000000001,109.538,2.44,2.16
05.08.2021 00:03:48.785,109.54100000000001,109.539,1,2.35
05.08.2021 00:03:48.887,109.546,109.544,1.12,1.39
05.08.2021 00:03:48.988,109.551,109.548,2.92,1.5
05.08.2021 00:03:49.090,109.54899999999999,109.546,1,1.2
05.08.2021 00:03:49.195,109.548,109.545,1,2.14
05.08.2021 00:03:49.910,109.548,109.544,2.51,1.2
05.08.2021 00:03:51.483,109.548,109.544,2.25,1.6
05.08.2021 00:03:53.919,109.54899999999999,109.545,2.32,1.95
05.08.2021 00:03:54.020,109.54899999999999,109.545,1.5,2.85
05.08.2021 00:03:54.121,109.54899999999999,109.546,1.5,1.6
05.08.2021 00:03:54.223,109.54899999999999,109.545,1,1.2
05.08.2021 00:03:54.768,109.55,109.544,1.5,2.29
05.08.2021 00:03:57.067,109.54899999999999,109.545,2.51,1.95
05.08.2021 00:03:57.198,109.548,109.545,1.5,1.2
05.08.2021 00:03:57.506,109.548,109.545,1,1.6
05.08.2021 00:03:57.607,109.54899999999999,109.545,2.25,1.6
05.08.2021 00:03:59.099,109.54899999999999,109.545,3.26,1.2
05.08.2021 00:03:59.200,109.548,109.545,1.1,1
05.08.2021 00:03:59.302,109.546,109.54299999999999,1.5,1.2
05.08.2021 00:04:00.948,109.545,109.54299999999999,1,1
05.08.2021 00:04:01.000,109.545,109.54,1,3
05.08.2021 00:04:01.202,109.545,109.54299999999999,1.5,1.87
05.08.2021 00:04:01.304,109.54700000000001,109.54200000000002,1,2.32
05.08.2021 00:04:01.506,109.546,109.54299999999999,1,2.38
05.08.2021 00:04:01.608,109.54700000000001,109.545,1,1.97
05.08.2021 00:04:01.659,109.54899999999999,109.546,1.5,1.13
05.08.2021 00:04:01.760,109.54899999999999,109.545,1.5,4.72
05.08.2021 00:04:01.862,109.548,109.545,1,3.22
05.08.2021 00:04:03.938,109.54899999999999,109.546,1.5,1.1
05.08.2021 00:04:07.300,109.54899999999999,109.545,1.5,2.32
05.08.2021 00:04:07.660,109.54899999999999,109.546,1,1
05.08.2021 00:04:07.761,109.54899999999999,109.545,1.5,1.57
05.08.2021 00:04:10.610,109.548,109.545,1.25,1.5
05.08.2021 00:04:10.762,109.54700000000001,109.544,1,1
05.08.2021 00:04:10.863,109.54700000000001,109.545,1,1
05.08.2021 00:04:11.015,109.548,109.545,1.2,1
05.08.2021 00:04:11.116,109.54899999999999,109.545,4.39,1
05.08.2021 00:04:11.268,109.551,109.545,2.89,1.5
05.08.2021 00:04:11.369,109.55,109.54700000000001,2.14,1
05.08.2021 00:04:11.521,109.55,109.546,2.89,1
05.08.2021 00:04:11.622,109.54899999999999,109.546,1.25,1
05.08.2021 00:04:11.834,109.54899999999999,109.54700000000001,1.25,1.5
05.08.2021 00:04:12.381,109.54899999999999,109.546,1.25,1.5
05.08.2021 00:04:12.633,109.54899999999999,109.545,1.25,1.5
05.08.2021 00:04:15.353,109.54899999999999,109.544,1.39,1.5
05.08.2021 00:04:16.327,109.548,109.544,2.89,2.25
05.08.2021 00:04:16.726,109.546,109.544,1,1.5
05.08.2021 00:04:16.827,109.546,109.54299999999999,1.5,1
05.08.2021 00:04:17.030,109.546,109.54299999999999,2.95,1
05.08.2021 00:04:17.131,109.546,109.54299999999999,3.64,1
05.08.2021 00:04:17.444,109.546,109.54299999999999,3.04,1
05.08.2021 00:04:17.495,109.546,109.54,2.89,2.25
05.08.2021 00:04:17.545,109.544,109.54,1,1.5
05.08.2021 00:04:17.647,109.544,109.54100000000001,2.14,1.5
05.08.2021 00:04:17.748,109.54299999999999,109.54100000000001,1,1
05.08.2021 00:04:18.051,109.54299999999999,109.54,1.5,1.5
05.08.2021 00:04:20.628,109.54200000000002,109.539,1,1.5
05.08.2021 00:04:20.730,109.54,109.537,2.14,1.5
05.08.2021 00:04:20.832,109.538,109.535,1.39,3
05.08.2021 00:04:21.085,109.54,109.53399999999999,4.39,1.5
05.08.2021 00:04:21.237,109.54,109.537,2.89,1
05.08.2021 00:04:23.072,109.54,109.536,1,2.7
05.08.2021 00:04:24.989,109.539,109.536,1.25,1.5
05.08.2021 00:04:25.091,109.538,109.536,1.25,1.5
05.08.2021 00:04:25.193,109.538,109.53200000000001,1,3.45
05.08.2021 00:04:31.415,109.537,109.53399999999999,1.39,1
05.08.2021 00:04:33.200,109.537,109.536,1.25,1
05.08.2021 00:04:33.609,109.538,109.536,1,1
05.08.2021 00:04:37.517,109.539,109.536,2.89,1
05.08.2021 00:04:37.619,109.539,109.538,1,1
05.08.2021 00:04:37.721,109.54200000000002,109.538,3.04,1.5
05.08.2021 00:04:37.823,109.54200000000002,109.539,1.39,2.25
05.08.2021 00:04:37.925,109.54299999999999,109.54,1.39,1.5
05.08.2021 00:04:38.028,109.54200000000002,109.54,1.25,1.5
05.08.2021 00:04:38.237,109.54200000000002,109.539,1.25,2.25
05.08.2021 00:05:07.897,109.54100000000001,109.538,1,1.57
05.08.2021 00:05:08.465,109.54,109.537,2.57,1.87
05.08.2021 00:05:08.566,109.538,109.536,1,1.5
05.08.2021 00:05:08.668,109.537,109.53399999999999,1.39,1.5
05.08.2021 00:05:10.856,109.54,109.535,3.64,1
05.08.2021 00:05:10.957,109.54,109.537,3.07,1
05.08.2021 00:05:11.059,109.54100000000001,109.539,1.1,1
05.08.2021 00:05:14.354,109.54100000000001,109.538,2.51,2.25
05.08.2021 00:05:15.421,109.54100000000001,109.539,1.69,1.5
05.08.2021 00:05:16.013,109.54200000000002,109.539,1.01,1.5
05.08.2021 00:05:21.536,109.54200000000002,109.54,1.25,1
05.08.2021 00:05:23.147,109.54100000000001,109.538,2.44,1.5
05.08.2021 00:05:23.198,109.538,109.536,1,3
05.08.2021 00:05:23.299,109.538,109.535,1.1,1
05.08.2021 00:05:23.350,109.537,109.533,2.89,2.25
05.08.2021 00:05:23.451,109.536,109.531,1.25,2.7
05.08.2021 00:05:26.160,109.531,109.529,1.25,1.69
05.08.2021 00:05:26.261,109.53200000000001,109.529,2.97,1
05.08.2021 00:05:26.362,109.531,109.52799999999999,1.01,1.5
05.08.2021 00:05:30.164,109.531,109.52799999999999,1.82,2.25
05.08.2021 00:05:30.367,109.53,109.52600000000001,1.76,3.45
05.08.2021 00:05:30.469,109.53,109.52700000000002,1.01,1.5
05.08.2021 00:05:30.836,109.53,109.52799999999999,1.25,1
05.08.2021 00:05:31.091,109.53200000000001,109.52799999999999,3.7,2.25
05.08.2021 00:05:31.293,109.53200000000001,109.529,3.7,1
05.08.2021 00:05:33.730,109.53200000000001,109.52799999999999,3.7,2.25
05.08.2021 00:05:47.647,109.53200000000001,109.529,1.2,1
05.08.2021 00:05:47.799,109.53399999999999,109.531,3.64,1
05.08.2021 00:05:48.885,109.53399999999999,109.53200000000001,1.39,1
05.08.2021 00:05:48.987,109.536,109.53200000000001,3.7,2.7
05.08.2021 00:05:49.807,109.535,109.53200000000001,1.25,2.7
05.08.2021 00:05:51.115,109.536,109.53200000000001,3.85,2.62
05.08.2021 00:05:52.894,109.535,109.53200000000001,2.2,1.5
05.08.2021 00:05:54.889,109.535,109.531,2.95,3
05.08.2021 00:05:57.661,109.53399999999999,109.53,2.14,1.5
05.08.2021 00:05:59.059,109.536,109.53,3.85,1
05.08.2021 00:06:02.517,109.533,109.531,1.39,1
05.08.2021 00:06:02.619,109.531,109.53,1.25,1
05.08.2021 00:06:02.670,109.531,109.52799999999999,1.39,2.25
05.08.2021 00:06:02.822,109.53,109.52700000000002,1.39,1
05.08.2021 00:06:02.923,109.529,109.52700000000002,1.25,1
05.08.2021 00:06:03.025,109.52799999999999,109.525,1,1.57
05.08.2021 00:06:03.589,109.52799999999999,109.524,2.89,1.5
05.08.2021 00:06:03.690,109.52700000000002,109.524,1.5,1
05.08.2021 00:06:03.990,109.52700000000002,109.522,1.95,1
05.08.2021 00:06:04.092,109.52600000000001,109.522,3.64,2.25
05.08.2021 00:06:04.243,109.52600000000001,109.522,3.79,2.25
05.08.2021 00:06:06.286,109.524,109.522,1,1.5
05.08.2021 00:06:06.387,109.524,109.521,1,1
05.08.2021 00:06:08.074,109.525,109.519,2.89,1.5
05.08.2021 00:06:08.175,109.523,109.52,1,1.5
05.08.2021 00:06:09.338,109.522,109.519,1,1.5
05.08.2021 00:06:09.541,109.521,109.518,1,1.5
05.08.2021 00:06:11.073,109.522,109.519,1.69,1.2
05.08.2021 00:06:12.758,109.522,109.52,1.25,1
05.08.2021 00:06:13.133,109.521,109.52,1.69,1
05.08.2021 00:06:13.184,109.521,109.518,2.89,1
05.08.2021 00:06:13.285,109.519,109.516,1.76,1
05.08.2021 00:06:13.387,109.519,109.515,2.44,2.25
05.08.2021 00:06:13.488,109.519,109.514,2.14,1.5
05.08.2021 00:06:16.188,109.51700000000001,109.514,1.2,1.5
05.08.2021 00:06:17.656,109.518,109.515,1.95,1
05.08.2021 00:06:17.831,109.518,109.515,2.95,1
05.08.2021 00:06:21.390,109.52,109.515,1.2,1.5
05.08.2021 00:06:23.209,109.519,109.515,1.95,2.7
05.08.2021 00:06:32.255,109.519,109.514,1.1,1.5
05.08.2021 00:06:34.480,109.518,109.51299999999999,1.1,2.25
05.08.2021 00:06:38.066,109.518,109.514,2.51,3.45
05.08.2021 00:06:38.735,109.51700000000001,109.514,1,1.95
05.08.2021 00:06:41.176,109.518,109.514,2.51,2.7
05.08.2021 00:06:41.277,109.518,109.515,2.51,1
05.08.2021 00:07:00.335,109.521,109.52,1.87,1.5
05.08.2021 00:07:00.386,109.523,109.52,1,1.95
05.08.2021 00:07:00.488,109.524,109.52,2.02,2.7
05.08.2021 00:07:00.782,109.524,109.521,1.1,1
05.08.2021 00:07:02.938,109.525,109.521,2.51,1.95
05.08.2021 00:07:04.229,109.52600000000001,109.522,3.66,1.5
05.08.2021 00:07:12.846,109.52700000000002,109.525,1,1.5
05.08.2021 00:07:12.948,109.52799999999999,109.525,1.25,1.5
05.08.2021 00:07:14.392,109.52799999999999,109.524,2.89,1.5
05.08.2021 00:07:15.657,109.52700000000002,109.524,1,1.5
05.08.2021 00:07:21.284,109.52799999999999,109.525,1.69,1.5
05.08.2021 00:07:26.592,109.529,109.52600000000001,2.2,1
05.08.2021 00:07:27.126,109.529,109.52600000000001,1.25,1.5
05.08.2021 00:07:27.361,109.529,109.52700000000002,1.25,1
05.08.2021 00:07:31.324,109.53,109.52799999999999,1.75,1
05.08.2021 00:07:39.120,109.529,109.52700000000002,2.2,1.5
05.08.2021 00:07:39.222,109.529,109.52600000000001,2.2,1.5
05.08.2021 00:07:51.046,109.529,109.52600000000001,1.25,1.5
05.08.2021 00:07:56.025,109.529,109.525,2.95,3.08
05.08.2021 00:08:00.152,109.53,109.52600000000001,5.29,1
05.08.2021 00:08:02.350,109.52799999999999,109.525,2.14,1.1
05.08.2021 00:08:02.452,109.52700000000002,109.524,3.64,1
05.08.2021 00:08:02.553,109.52700000000002,109.522,1,1.5
05.08.2021 00:08:08.593,109.52700000000002,109.521,3.64,2.25
05.08.2021 00:08:08.694,109.52600000000001,109.521,1.1,1.5
05.08.2021 00:08:09.526,109.524,109.522,1,1
05.08.2021 00:08:10.058,109.525,109.522,1.5,2.25
05.08.2021 00:08:13.026,109.52600000000001,109.523,3.45,1
05.08.2021 00:08:28.197,109.524,109.522,1.5,1
05.08.2021 00:08:28.299,109.524,109.521,1.5,1.95
05.08.2021 00:08:39.358,109.524,109.522,1.01,1
05.08.2021 00:08:39.409,109.52700000000002,109.525,1,1.95
05.08.2021 00:08:39.511,109.52799999999999,109.525,1.2,2.7
05.08.2021 00:08:40.997,109.529,109.52600000000001,1.01,1
05.08.2021 00:08:41.098,109.53,109.52700000000002,3.32,1
05.08.2021 00:08:46.655,109.53,109.52600000000001,2.57,1.95
05.08.2021 00:08:48.845,109.529,109.52600000000001,1.75,1.95
05.08.2021 00:08:54.056,109.529,109.524,2.44,1.2
05.08.2021 00:08:54.157,109.52700000000002,109.524,1.1,2.25
05.08.2021 00:08:54.621,109.52600000000001,109.524,1,1
05.08.2021 00:08:55.504,109.52700000000002,109.524,1.25,1.2
05.08.2021 00:09:01.497,109.52799999999999,109.525,1.69,1.2
05.08.2021 00:09:01.615,109.52799999999999,109.52600000000001,1.25,1
05.08.2021 00:09:02.802,109.52799999999999,109.525,2.44,2.32
05.08.2021 00:09:05.028,109.52799999999999,109.525,1.75,1.57
05.08.2021 00:09:05.335,109.52799999999999,109.52600000000001,1.75,1
05.08.2021 00:09:09.171,109.52799999999999,109.52600000000001,1.69,1
05.08.2021 00:09:13.378,109.529,109.52600000000001,1.69,1.1
05.08.2021 00:09:20.998,109.53,109.52700000000002,4.26,1
05.08.2021 00:09:21.564,109.53,109.52600000000001,5.01,1.57
05.08.2021 00:09:22.219,109.53,109.52700000000002,5.01,1
05.08.2021 00:09:23.515,109.53,109.52600000000001,4.26,1.57
05.08.2021 00:09:29.328,109.53,109.52799999999999,1,1.25
05.08.2021 00:09:29.379,109.53399999999999,109.531,1.87,1.2
05.08.2021 00:09:29.785,109.535,109.531,1.76,2.7
05.08.2021 00:09:30.654,109.536,109.531,1.1,1
05.08.2021 00:09:31.029,109.536,109.53200000000001,3.26,1.95
05.08.2021 00:09:31.376,109.538,109.533,1.57,1
05.08.2021 00:09:31.528,109.537,109.535,1.1,1
05.08.2021 00:09:31.780,109.538,109.535,2.51,1
05.08.2021 00:09:31.983,109.539,109.536,1,2.7
05.08.2021 00:09:32.084,109.54,109.537,1.5,1.2
05.08.2021 00:09:32.226,109.54100000000001,109.538,1.57,1.5
05.08.2021 00:09:34.232,109.54200000000002,109.539,2.91,1.5
05.08.2021 00:09:34.333,109.54200000000002,109.539,1.1,1.5
05.08.2021 00:09:34.434,109.54299999999999,109.539,2.32,1.95
05.08.2021 00:09:36.411,109.54200000000002,109.539,1.1,1.5
05.08.2021 00:09:36.512,109.54200000000002,109.538,2.32,1.95
05.08.2021 00:09:36.613,109.54,109.538,1,1
05.08.2021 00:09:36.715,109.54,109.537,1.1,1
05.08.2021 00:09:39.510,109.54,109.536,1.1,3.64
05.08.2021 00:09:40.365,109.539,109.536,1.1,1.5
05.08.2021 00:09:40.568,109.538,109.535,1.5,2.14
05.08.2021 00:09:41.526,109.538,109.53399999999999,2.32,1.95
05.08.2021 00:09:41.779,109.537,109.53399999999999,1,1
05.08.2021 00:09:43.992,109.536,109.533,1.1,1.5
05.08.2021 00:09:44.093,109.536,109.53200000000001,1.57,3.07
05.08.2021 00:09:48.527,109.536,109.531,1.57,1
05.08.2021 00:09:48.632,109.535,109.531,2.51,2.7
05.08.2021 00:09:51.360,109.535,109.53200000000001,1.57,1
05.08.2021 00:09:51.814,109.535,109.533,1,1
05.08.2021 00:09:52.383,109.536,109.533,1.5,1.2
05.08.2021 00:09:52.994,109.536,109.53399999999999,1,1.5
05.08.2021 00:10:06.045,109.537,109.53399999999999,1,1
05.08.2021 00:10:06.146,109.538,109.535,1.76,1
05.08.2021 00:10:25.032,109.537,109.53399999999999,1,2.7
05.08.2021 00:10:25.234,109.536,109.53399999999999,1,1
05.08.2021 00:10:26.095,109.536,109.533,1,2.7
05.08.2021 00:10:28.000,109.537,109.531,2.32,1.95
05.08.2021 00:10:28.101,109.536,109.531,1.57,1
05.08.2021 00:10:28.202,109.53399999999999,109.53200000000001,1,1
05.08.2021 00:10:28.303,109.53200000000001,109.53,1,1
05.08.2021 00:10:29.191,109.533,109.53,1.5,1.2
05.08.2021 00:10:29.292,109.533,109.52799999999999,1.5,1.1
05.08.2021 00:10:29.394,109.531,109.529,1,1
05.08.2021 00:10:30.980,109.531,109.52799999999999,1,1
05.08.2021 00:10:31.031,109.53,109.52700000000002,1,1
05.08.2021 00:10:35.249,109.53,109.52700000000002,1,1.94
05.08.2021 00:10:35.558,109.531,109.52700000000002,1.95,2.69
05.08.2021 00:10:37.860,109.53200000000001,109.53,1,2.94
05.08.2021 00:10:37.961,109.533,109.531,1,1.69
05.08.2021 00:10:38.063,109.53399999999999,109.531,1.5,1.1
05.08.2021 00:10:38.164,109.53399999999999,109.531,1,1.82
05.08.2021 00:10:38.619,109.535,109.53200000000001,1.95,1.25
05.08.2021 00:10:38.871,109.536,109.533,1.95,1.25
05.08.2021 00:10:40.216,109.537,109.533,1.2,1.69
05.08.2021 00:10:40.368,109.537,109.53399999999999,1.39,1
05.08.2021 00:10:43.405,109.538,109.535,1,1.01
05.08.2021 00:10:43.507,109.539,109.536,1.95,1.75
05.08.2021 00:10:53.415,109.539,109.535,1.95,1.76
05.08.2021 00:10:53.516,109.539,109.535,2.1,1.69
05.08.2021 00:10:55.648,109.54,109.535,1.2,1.25
05.08.2021 00:10:55.750,109.539,109.536,1.95,1.25
05.08.2021 00:11:05.487,109.538,109.536,1,1.75
05.08.2021 00:11:05.591,109.539,109.536,2.7,1.75
05.08.2021 00:11:07.185,109.54,109.535,2.7,1
05.08.2021 00:11:07.286,109.538,109.535,1,1.01
05.08.2021 00:11:07.438,109.537,109.533,1.5,5.7
05.08.2021 00:11:07.539,109.537,109.53200000000001,1,2.62
05.08.2021 00:11:07.995,109.536,109.53200000000001,2.89,1
05.08.2021 00:11:08.147,109.536,109.53200000000001,3.04,1
05.08.2021 00:11:08.248,109.535,109.531,1.95,1.5
05.08.2021 00:11:13.453,109.536,109.533,2.7,1.5
05.08.2021 00:11:13.554,109.537,109.53399999999999,5.14,1
05.08.2021 00:11:13.707,109.539,109.533,5.14,1.5
05.08.2021 00:11:19.120,109.538,109.533,1,1.5
05.08.2021 00:11:19.222,109.536,109.533,1.95,1
05.08.2021 00:11:20.113,109.535,109.533,1,1
05.08.2021 00:11:21.060,109.536,109.533,2.89,1
05.08.2021 00:11:24.426,109.535,109.533,1,1
05.08.2021 00:11:25.327,109.535,109.53200000000001,1.5,1
05.08.2021 00:11:38.581,109.53200000000001,109.53,1,2.25
05.08.2021 00:11:38.682,109.53200000000001,109.529,1,1.5
05.08.2021 00:11:38.885,109.531,109.529,1,1
05.08.2021 00:11:39.037,109.53200000000001,109.52700000000002,1,2.25
05.08.2021 00:11:59.831,109.53200000000001,109.529,1,1.5
05.08.2021 00:11:59.983,109.533,109.531,1,1
05.08.2021 00:12:00.135,109.53399999999999,109.531,1.95,1
05.08.2021 00:12:05.594,109.53399999999999,109.53200000000001,1,1
05.08.2021 00:12:06.097,109.535,109.53200000000001,2.14,1.5
05.08.2021 00:12:08.303,109.53399999999999,109.531,2.29,1
05.08.2021 00:12:08.405,109.53200000000001,109.529,1,3
05.08.2021 00:12:08.506,109.531,109.529,1.5,1
05.08.2021 00:12:11.335,109.53200000000001,109.529,1.2,1
05.08.2021 00:12:11.437,109.531,109.529,1,1.5
05.08.2021 00:12:11.538,109.53399999999999,109.529,2.14,1
05.08.2021 00:12:15.426,109.533,109.529,2.14,2.25
05.08.2021 00:12:16.726,109.533,109.53,1.39,1
05.08.2021 00:12:18.647,109.53399999999999,109.531,1.12,3.62
05.08.2021 00:12:18.698,109.539,109.53399999999999,4.05,1
05.08.2021 00:12:18.800,109.538,109.535,1.2,1.5
05.08.2021 00:12:23.912,109.54,109.537,1.5,1.25
05.08.2021 00:12:24.013,109.54100000000001,109.538,1.2,1.69
05.08.2021 00:12:24.115,109.54299999999999,109.54,1.2,1
05.08.2021 00:12:24.216,109.544,109.54,2.7,2.5
05.08.2021 00:12:35.513,109.545,109.54100000000001,3.45,1.69
05.08.2021 00:12:41.918,109.545,109.54200000000002,2.7,1
05.08.2021 00:12:44.792,109.544,109.54200000000002,1,1
05.08.2021 00:12:45.153,109.545,109.54200000000002,2.7,1
05.08.2021 00:12:54.332,109.545,109.544,1,1
05.08.2021 00:12:59.399,109.545,109.54200000000002,1,2.7
05.08.2021 00:13:06.060,109.54700000000001,109.545,1.5,1.57
05.08.2021 00:13:06.162,109.54899999999999,109.546,2.59,1
05.08.2021 00:13:14.235,109.55,109.546,2.89,2.32
05.08.2021 00:13:14.487,109.55,109.54700000000001,1.95,1
05.08.2021 00:13:16.247,109.55,109.546,2.89,2.32
05.08.2021 00:13:21.314,109.54899999999999,109.546,1,2.51
05.08.2021 00:13:21.935,109.55,109.546,3.45,3.26
05.08.2021 00:13:23.179,109.54899999999999,109.546,1,3.26
05.08.2021 00:13:27.812,109.548,109.546,1,2.51
05.08.2021 00:13:28.014,109.548,109.54700000000001,1,1
05.08.2021 00:13:28.065,109.55,109.54700000000001,2.7,1.25
05.08.2021 00:13:28.919,109.55,109.546,1,1.25
05.08.2021 00:13:30.004,109.551,109.55,1.5,1.01
05.08.2021 00:13:30.106,109.554,109.551,2.4,1.25
05.08.2021 00:13:30.208,109.554,109.552,1.1,1.25
05.08.2021 00:13:31.382,109.554,109.551,1.57,1
05.08.2021 00:13:31.483,109.554,109.551,1.97,1
05.08.2021 00:13:31.812,109.554,109.551,1.57,1
05.08.2021 00:13:32.350,109.55799999999999,109.555,1.2,2.89
05.08.2021 00:13:32.452,109.559,109.55600000000001,1.57,1
05.08.2021 00:13:32.554,109.56,109.55700000000002,1.1,1
05.08.2021 00:13:32.758,109.559,109.55600000000001,1,2.89
05.08.2021 00:13:32.860,109.559,109.55600000000001,1.22,1.5
05.08.2021 00:13:33.164,109.559,109.55600000000001,1.1,1
05.08.2021 00:13:33.808,109.559,109.555,1.57,2.89
05.08.2021 00:13:34.845,109.559,109.555,1.97,2.44
05.08.2021 00:13:34.946,109.559,109.555,1.57,2.89
05.08.2021 00:13:36.708,109.559,109.554,1.57,1
05.08.2021 00:13:36.810,109.55700000000002,109.554,1.1,1.5
05.08.2021 00:13:39.993,109.55799999999999,109.554,3.07,3.64
05.08.2021 00:13:40.094,109.559,109.555,1.1,1
05.08.2021 00:13:42.445,109.559,109.55700000000002,1.69,1
05.08.2021 00:13:42.697,109.561,109.55600000000001,1.39,1
05.08.2021 00:13:48.115,109.55799999999999,109.555,1.2,1.5
05.08.2021 00:13:48.217,109.55700000000002,109.555,1.2,1
05.08.2021 00:13:48.319,109.55700000000002,109.554,1.39,1
05.08.2021 00:13:49.258,109.55799999999999,109.555,1.25,1.57
05.08.2021 00:13:49.360,109.559,109.55600000000001,3.51,1
05.08.2021 00:13:49.462,109.559,109.55600000000001,1.25,1.57
05.08.2021 00:13:51.640,109.56,109.55799999999999,1.25,1
05.08.2021 00:13:51.742,109.561,109.55799999999999,2.14,1
05.08.2021 00:13:54.151,109.56200000000001,109.55799999999999,2.14,1.57
05.08.2021 00:13:54.987,109.56200000000001,109.55799999999999,1.5,3.66
05.08.2021 00:13:56.925,109.56299999999999,109.559,2.14,1.57
05.08.2021 00:14:00.510,109.56200000000001,109.559,1,1.1
05.08.2021 00:14:05.281,109.56200000000001,109.559,1,1.97
05.08.2021 00:14:06.643,109.56299999999999,109.55799999999999,1.5,1.2
05.08.2021 00:14:11.495,109.561,109.55799999999999,1.22,1.5
05.08.2021 00:14:11.596,109.56,109.55700000000002,1.57,1
05.08.2021 00:14:11.698,109.56,109.555,1,1.95
05.08.2021 00:14:11.901,109.55799999999999,109.555,1,2.7
05.08.2021 00:14:13.833,109.559,109.555,2.25,4.41
05.08.2021 00:14:13.935,109.56,109.55700000000002,1.5,1.1
05.08.2021 00:14:16.015,109.559,109.55600000000001,1,1.01
05.08.2021 00:14:16.217,109.55799999999999,109.555,1,1.76
05.08.2021 00:14:16.470,109.559,109.555,2.7,1.57
05.08.2021 00:14:16.571,109.55799999999999,109.555,1,1.57
05.08.2021 00:14:20.803,109.559,109.555,1.5,1.95
05.08.2021 00:14:20.904,109.559,109.55600000000001,1,1.2
05.08.2021 00:14:21.007,109.56,109.55600000000001,1,2.85
05.08.2021 00:14:21.108,109.56,109.55600000000001,1.5,2.14
05.08.2021 00:14:21.432,109.559,109.55600000000001,1,1.2
05.08.2021 00:14:22.669,109.559,109.555,2.25,2.14
05.08.2021 00:14:24.408,109.55799999999999,109.555,1,1.39
05.08.2021 00:14:25.790,109.55700000000002,109.554,1.5,1.95
05.08.2021 00:14:26.806,109.55799999999999,109.55600000000001,1,1
05.08.2021 00:14:26.857,109.56,109.55700000000002,1,1.2
05.08.2021 00:14:26.959,109.561,109.55799999999999,1,1.5
05.08.2021 00:14:28.818,109.561,109.559,1,1
05.08.2021 00:14:30.823,109.56200000000001,109.559,2.25,1
05.08.2021 00:14:55.537,109.561,109.559,1,1
05.08.2021 00:15:00.552,109.561,109.55799999999999,1,2.89
05.08.2021 00:15:04.304,109.56200000000001,109.559,1.5,1.25
05.08.2021 00:15:04.557,109.56,109.55799999999999,1,1.2
05.08.2021 00:15:04.658,109.56,109.55600000000001,1.69,2.7
05.08.2021 00:15:04.760,109.559,109.555,3.19,2.89
05.08.2021 00:15:04.861,109.55799999999999,109.555,1,2.14
05.08.2021 00:15:06.750,109.55799999999999,109.554,2.44,1.57
05.08.2021 00:15:08.092,109.55700000000002,109.553,1,1.1
05.08.2021 00:15:08.194,109.55700000000002,109.552,1.5,1.39
05.08.2021 00:15:08.396,109.555,109.552,1.5,1.39
05.08.2021 00:15:08.548,109.555,109.553,1.5,1
05.08.2021 00:15:14.775,109.555,109.552,1.5,1.95
05.08.2021 00:15:15.153,109.554,109.552,1,1.2
05.08.2021 00:15:15.356,109.554,109.551,1,1.39
05.08.2021 00:15:17.298,109.552,109.54899999999999,2.25,2.4
05.08.2021 00:15:17.400,109.551,109.546,1.69,1.1
05.08.2021 00:15:17.501,109.54899999999999,109.546,1.69,1.1
05.08.2021 00:15:17.603,109.54899999999999,109.545,2.7,1.1
05.08.2021 00:15:17.704,109.548,109.545,1,1.1
05.08.2021 00:15:18.645,109.54899999999999,109.545,1.5,1.2
05.08.2021 00:15:19.372,109.54899999999999,109.546,1.25,1
05.08.2021 00:15:19.474,109.54899999999999,109.545,3.89,1
05.08.2021 00:15:19.577,109.54899999999999,109.545,2.89,1
05.08.2021 00:15:19.831,109.54899999999999,109.545,1,1.97
05.08.2021 00:15:20.034,109.54899999999999,109.54700000000001,1,1
05.08.2021 00:15:20.136,109.55,109.54700000000001,1.2,1.5
05.08.2021 00:15:29.447,109.552,109.55,1,1
05.08.2021 00:15:29.548,109.553,109.551,1,1
05.08.2021 00:15:29.650,109.554,109.551,2.25,1.1
05.08.2021 00:15:31.435,109.554,109.552,1,1.5
05.08.2021 00:15:32.157,109.555,109.552,1,1.57
05.08.2021 00:15:39.921,109.554,109.552,1,1
05.08.2021 00:15:40.022,109.554,109.551,2.44,1.57
05.08.2021 00:15:40.174,109.554,109.55,2.44,2.7
05.08.2021 00:15:43.671,109.554,109.551,2.44,1.5
05.08.2021 00:15:46.834,109.554,109.55,2.89,3.07
05.08.2021 00:15:47.137,109.553,109.55,1,2.32
05.08.2021 00:15:51.833,109.555,109.55,1.69,1
05.08.2021 00:15:53.068,109.554,109.552,1,1
05.08.2021 00:15:53.169,109.554,109.553,1,1
05.08.2021 00:15:57.730,109.554,109.552,1,1
05.08.2021 00:15:57.831,109.554,109.551,1,1.57
05.08.2021 00:16:00.220,109.554,109.552,1,1
05.08.2021 00:16:00.422,109.554,109.551,1,1.57
05.08.2021 00:16:02.042,109.554,109.552,1,1
05.08.2021 00:16:03.857,109.55799999999999,109.554,4.76,1.5
05.08.2021 00:16:03.959,109.559,109.555,4.16,1
05.08.2021 00:16:04.060,109.559,109.555,4.01,1
05.08.2021 00:16:05.013,109.55799999999999,109.554,1.5,2.7
05.08.2021 00:16:05.115,109.55700000000002,109.553,1.5,3.45
05.08.2021 00:16:06.829,109.55600000000001,109.553,1,1.5
05.08.2021 00:16:06.981,109.555,109.552,1,2.79
05.08.2021 00:16:07.134,109.554,109.552,1,1
05.08.2021 00:16:07.439,109.554,109.551,1,2.7
05.08.2021 00:16:08.628,109.55700000000002,109.554,2.25,1.57
05.08.2021 00:16:08.954,109.55799999999999,109.554,2.7,2.32
05.08.2021 00:16:11.845,109.55799999999999,109.555,1,1.97
05.08.2021 00:16:11.997,109.55799999999999,109.555,1,1.5
05.08.2021 00:16:12.150,109.55799999999999,109.555,1,1.97
05.08.2021 00:16:12.303,109.55799999999999,109.555,1.5,1
05.08.2021 00:16:13.327,109.55799999999999,109.554,2.25,3.64
05.08.2021 00:16:16.358,109.55700000000002,109.554,1.76,1
05.08.2021 00:16:16.459,109.55700000000002,109.553,2.51,2.79
05.08.2021 00:16:17.613,109.55700000000002,109.554,1,1.95
05.08.2021 00:16:17.724,109.55799999999999,109.554,2.32,3.64
05.08.2021 00:16:19.443,109.55799999999999,109.55600000000001,1.57,1
05.08.2021 00:16:20.459,109.559,109.55600000000001,1.57,1
05.08.2021 00:16:24.082,109.55600000000001,109.555,1.69,1.5
05.08.2021 00:16:24.134,109.553,109.551,1.69,4.21
05.08.2021 00:16:24.185,109.551,109.548,1.25,5.11
05.08.2021 00:16:24.286,109.55,109.54700000000001,1.01,1.5
05.08.2021 00:16:24.337,109.54899999999999,109.545,1.1,5.14
05.08.2021 00:16:29.681,109.548,109.544,1.57,1.95
05.08.2021 00:16:31.790,109.54700000000001,109.544,1,2.14
05.08.2021 00:16:32.317,109.548,109.545,1.1,1
05.08.2021 00:16:32.418,109.54899999999999,109.545,3.26,2.14
05.08.2021 00:16:35.496,109.548,109.545,1,1.39
05.08.2021 00:16:36.194,109.54899999999999,109.546,1,1.85
05.08.2021 00:16:36.296,109.551,109.54899999999999,1.5,1
05.08.2021 00:16:36.397,109.552,109.54899999999999,1,1.2
05.08.2021 00:16:38.497,109.551,109.54899999999999,1.25,1
05.08.2021 00:16:38.548,109.54899999999999,109.546,1,2.22
05.08.2021 00:16:38.649,109.548,109.546,1,1.2
05.08.2021 00:16:38.751,109.54899999999999,109.54700000000001,1,1.95
05.08.2021 00:16:39.746,109.54899999999999,109.54700000000001,1,1.95
05.08.2021 00:16:40.482,109.55,109.54700000000001,1,1.2
05.08.2021 00:16:40.585,109.55,109.548,1,1.5
05.08.2021 00:16:40.687,109.551,109.548,1,1.5
05.08.2021 00:16:40.789,109.552,109.548,1,1
05.08.2021 00:16:42.884,109.552,109.54899999999999,2.25,1
05.08.2021 00:16:47.274,109.551,109.54899999999999,1,1.95
05.08.2021 00:16:47.325,109.54899999999999,109.546,1,2.14
05.08.2021 00:16:48.646,109.55,109.546,1.57,3.64
05.08.2021 00:16:48.968,109.54899999999999,109.546,1,2.89
05.08.2021 00:16:52.469,109.544,109.54200000000002,1.95,1
05.08.2021 00:16:52.519,109.54299999999999,109.54,1.01,1.5
05.08.2021 00:16:52.621,109.54100000000001,109.54,1,1
05.08.2021 00:16:52.722,109.54100000000001,109.539,1.57,1
05.08.2021 00:16:52.823,109.54100000000001,109.538,1.57,1
05.08.2021 00:16:55.716,109.539,109.536,1,1.6
05.08.2021 00:16:55.818,109.539,109.535,1,1.5
05.08.2021 00:16:57.156,109.54,109.535,1.69,1
05.08.2021 00:16:57.571,109.539,109.537,1.5,1.25
05.08.2021 00:16:57.740,109.539,109.536,1.25,1.5
05.08.2021 00:16:58.149,109.54,109.536,1.5,4.6
05.08.2021 00:16:58.251,109.54100000000001,109.538,1.5,1.39
05.08.2021 00:16:58.352,109.54200000000002,109.538,3.37,3.64
05.08.2021 00:16:58.656,109.54299999999999,109.537,3.89,2.25
05.08.2021 00:16:58.809,109.54200000000002,109.539,2.14,1
05.08.2021 00:16:59.113,109.54200000000002,109.538,2.44,2.7
05.08.2021 00:16:59.214,109.54100000000001,109.538,1,1.5
05.08.2021 00:16:59.467,109.54100000000001,109.537,2.44,3.45
05.08.2021 00:17:00.478,109.54100000000001,109.538,1.5,1.25
05.08.2021 00:17:00.630,109.54100000000001,109.539,1,1
05.08.2021 00:17:00.732,109.54200000000002,109.539,2.25,1
05.08.2021 00:17:00.833,109.544,109.54,3.26,1.5
05.08.2021 00:17:01.075,109.54200000000002,109.539,1.69,1
05.08.2021 00:17:01.177,109.54100000000001,109.539,1,1
05.08.2021 00:17:01.278,109.54200000000002,109.539,1.5,1
05.08.2021 00:17:01.556,109.54200000000002,109.538,2.44,2.7
05.08.2021 00:17:01.658,109.54100000000001,109.538,1,1.5
05.08.2021 00:17:02.064,109.54100000000001,109.539,1,1
05.08.2021 00:17:02.165,109.54299999999999,109.54,1,2.14
05.08.2021 00:17:03.666,109.54200000000002,109.539,1.25,1
05.08.2021 00:17:03.767,109.54100000000001,109.538,1.25,1
05.08.2021 00:17:03.869,109.54,109.537,1,2.14
05.08.2021 00:17:08.664,109.54299999999999,109.54,1,1
05.08.2021 00:17:08.816,109.54299999999999,109.54200000000002,1,1.5
05.08.2021 00:17:08.917,109.54299999999999,109.54100000000001,1,1.5
05.08.2021 00:17:09.707,109.54299999999999,109.54,1,1.5
05.08.2021 00:17:20.991,109.54299999999999,109.539,1,1.5
05.08.2021 00:17:33.158,109.54299999999999,109.54,1,2.25
05.08.2021 00:17:33.861,109.54299999999999,109.54100000000001,1,1
05.08.2021 00:17:33.963,109.545,109.54200000000002,1,1.57
05.08.2021 00:17:34.014,109.544,109.54100000000001,1,1.5
05.08.2021 00:17:34.115,109.54299999999999,109.54100000000001,1,1.5
05.08.2021 00:17:34.299,109.544,109.54100000000001,1,1
05.08.2021 00:17:35.073,109.544,109.54,1.5,2.25
05.08.2021 00:17:36.255,109.544,109.54100000000001,1.5,1
05.08.2021 00:17:36.573,109.544,109.54,1.5,2.25
05.08.2021 00:17:36.877,109.54299999999999,109.54,2.14,1
05.08.2021 00:17:36.978,109.54299999999999,109.539,2.89,1.57
05.08.2021 00:17:39.253,109.54299999999999,109.54,2.89,1
05.08.2021 00:17:39.693,109.54200000000002,109.54,1,1
05.08.2021 00:17:45.589,109.54200000000002,109.539,1,1.1
05.08.2021 00:17:55.298,109.54100000000001,109.538,1,1.57
05.08.2021 00:17:55.400,109.54,109.538,1.5,1
05.08.2021 00:17:58.421,109.54100000000001,109.539,1,1
05.08.2021 00:17:58.522,109.54200000000002,109.539,1,1
05.08.2021 00:17:58.885,109.54100000000001,109.538,1,2.14
05.08.2021 00:18:00.674,109.54200000000002,109.538,1.5,2.51
05.08.2021 00:18:02.423,109.54200000000002,109.536,8.06,1.3
05.08.2021 00:18:02.474,109.537,109.535,1,1.95
05.08.2021 00:18:02.576,109.537,109.533,1.25,1.41
05.08.2021 00:18:02.678,109.537,109.535,1.5,1
05.08.2021 00:18:02.779,109.538,109.535,1.5,1.1
05.08.2021 00:18:02.880,109.539,109.535,1,2.16
05.08.2021 00:18:03.190,109.539,109.537,1,1.1
05.08.2021 00:18:07.621,109.54,109.537,1.5,1.1
05.08.2021 00:18:15.016,109.54100000000001,109.537,2.25,3.29
05.08.2021 00:18:17.915,109.54200000000002,109.538,2.25,2.7
05.08.2021 00:18:43.955,109.54100000000001,109.538,1,1.5
05.08.2021 00:18:48.215,109.54100000000001,109.538,1,1.97
05.08.2021 00:18:51.273,109.54200000000002,109.539,1.5,1.1
05.08.2021 00:18:51.425,109.544,109.54,2.89,1.76
05.08.2021 00:18:51.527,109.544,109.54,1.69,2.91
05.08.2021 00:18:55.762,109.548,109.544,3.6,1.1
05.08.2021 00:18:55.865,109.54899999999999,109.544,1.95,1.01
05.08.2021 00:18:56.021,109.548,109.545,1,2.16
05.08.2021 00:18:56.225,109.55,109.546,1.95,2.51
05.08.2021 00:18:56.496,109.55,109.54700000000001,1,1.01
05.08.2021 00:18:57.190,109.551,109.54899999999999,1.3,1.57
05.08.2021 00:18:57.292,109.553,109.54899999999999,4.12,2.32
05.08.2021 00:18:59.617,109.551,109.54700000000001,1.5,3.47
05.08.2021 00:18:59.718,109.551,109.54700000000001,3.14,3.07
05.08.2021 00:18:59.819,109.55,109.546,1.95,2.32
05.08.2021 00:18:59.920,109.55,109.546,1.5,2.72
05.08.2021 00:19:00.693,109.551,109.548,1.3,2.91
05.08.2021 00:19:00.795,109.554,109.54899999999999,1.2,1.57
05.08.2021 00:19:00.897,109.554,109.55,2.89,1.57
05.08.2021 00:19:01.056,109.554,109.55,2.44,1.97
05.08.2021 00:19:02.630,109.554,109.55,3.26,1.57
05.08.2021 00:19:02.781,109.553,109.55,1,1
05.08.2021 00:19:06.426,109.553,109.54899999999999,1.5,2.25
05.08.2021 00:19:08.261,109.553,109.55,1,1.22
05.08.2021 00:19:08.362,109.55600000000001,109.554,1.2,3.82
05.08.2021 00:19:08.464,109.559,109.55600000000001,1.95,1
05.08.2021 00:19:08.666,109.559,109.555,3.15,1.76
05.08.2021 00:19:12.037,109.56,109.55600000000001,2.25,1
05.08.2021 00:19:12.088,109.561,109.55700000000002,2.62,2.16
05.08.2021 00:19:12.190,109.56299999999999,109.56,3,1.1
05.08.2021 00:19:12.291,109.56299999999999,109.559,1.5,2.44
05.08.2021 00:19:12.544,109.56299999999999,109.559,3.41,1.5
05.08.2021 00:19:12.696,109.561,109.55799999999999,1.2,1
05.08.2021 00:19:12.798,109.561,109.55700000000002,2.89,1.57
05.08.2021 00:19:12.900,109.56,109.55700000000002,1.39,1
05.08.2021 00:19:13.002,109.56,109.55600000000001,2.51,1.57
05.08.2021 00:19:13.567,109.559,109.55600000000001,1,1.1
05.08.2021 00:19:15.113,109.56,109.55700000000002,1.1,1
05.08.2021 00:19:16.321,109.56,109.555,1,1
05.08.2021 00:19:16.524,109.56,109.55600000000001,2.44,1.5
05.08.2021 00:19:17.707,109.56,109.55700000000002,1.76,1
05.08.2021 00:19:20.984,109.56,109.55600000000001,1.76,1.5
05.08.2021 00:19:21.414,109.561,109.55700000000002,4.2,1.5
05.08.2021 00:19:21.515,109.56200000000001,109.559,1,1
05.08.2021 00:19:22.116,109.564,109.56200000000001,1.5,1.2
05.08.2021 00:19:22.217,109.568,109.565,1.5,1.5
05.08.2021 00:19:22.319,109.569,109.565,1.5,2.89
05.08.2021 00:19:22.421,109.569,109.566,1.5,1
05.08.2021 00:19:23.487,109.57000000000001,109.56700000000001,1,1.95
05.08.2021 00:19:23.822,109.57100000000001,109.568,1.25,1
05.08.2021 00:19:23.874,109.573,109.57000000000001,3.07,1
05.08.2021 00:19:23.976,109.572,109.569,1.25,1
05.08.2021 00:19:24.079,109.572,109.569,1.94,1
05.08.2021 00:19:24.181,109.572,109.568,2.76,1
05.08.2021 00:19:24.334,109.57100000000001,109.56700000000001,1.94,1.95
05.08.2021 00:19:24.537,109.57000000000001,109.566,3.14,1
05.08.2021 00:19:24.639,109.57000000000001,109.565,4.64,1.95
05.08.2021 00:19:27.396,109.569,109.564,3.26,1.95
05.08.2021 00:19:27.498,109.57000000000001,109.56299999999999,5.2,1.5
05.08.2021 00:19:27.600,109.56700000000001,109.564,1.75,1
05.08.2021 00:19:27.701,109.56700000000001,109.564,1.25,1
05.08.2021 00:19:28.174,109.56700000000001,109.565,1.25,1
05.08.2021 00:19:28.275,109.569,109.565,3.51,1
05.08.2021 00:19:28.718,109.569,109.566,2.76,1
05.08.2021 00:19:30.102,109.57000000000001,109.566,1.5,2.85
05.08.2021 00:19:30.254,109.57000000000001,109.568,1,1
05.08.2021 00:19:36.510,109.572,109.568,2.44,2.85
05.08.2021 00:19:36.611,109.573,109.569,1.5,2.89
05.08.2021 00:19:36.662,109.573,109.569,2.09,1.95
05.08.2021 00:19:36.764,109.573,109.569,2.14,1.5
05.08.2021 00:19:38.352,109.573,109.57000000000001,1,1
05.08.2021 00:19:38.404,109.574,109.572,1,1
05.08.2021 00:19:38.505,109.575,109.572,1.5,1.2
05.08.2021 00:19:38.607,109.575,109.57100000000001,2.44,1.95
05.08.2021 00:19:38.766,109.574,109.57100000000001,1.25,1
05.08.2021 00:19:41.218,109.57600000000001,109.57000000000001,3.82,1
05.08.2021 00:19:46.234,109.574,109.57100000000001,1,1.5
05.08.2021 00:19:46.655,109.574,109.57000000000001,2.25,4.39
05.08.2021 00:19:46.807,109.573,109.57000000000001,1,2.7
05.08.2021 00:19:47.233,109.57100000000001,109.569,1,1.5
05.08.2021 00:19:47.334,109.572,109.56700000000001,1,1.95
05.08.2021 00:19:53.009,109.57100000000001,109.569,1,1
05.08.2021 00:19:53.061,109.573,109.57000000000001,2.25,1
05.08.2021 00:19:54.601,109.573,109.57000000000001,1,1.6
05.08.2021 00:19:54.703,109.574,109.57100000000001,1.5,1.2
05.08.2021 00:19:57.787,109.574,109.57000000000001,2.89,1.5
05.08.2021 00:19:58.097,109.573,109.57000000000001,1,1
05.08.2021 00:20:06.189,109.574,109.57000000000001,2.44,2.7
05.08.2021 00:20:07.080,109.575,109.569,1.5,3.14
05.08.2021 00:20:07.346,109.574,109.57100000000001,1,1.75
05.08.2021 00:20:07.448,109.575,109.57100000000001,1.5,2.95
05.08.2021 00:20:08.985,109.57600000000001,109.574,1,1.25
05.08.2021 00:20:09.036,109.57799999999999,109.574,3.45,2.89
05.08.2021 00:20:09.137,109.579,109.57600000000001,1.6,1.69
05.08.2021 00:20:09.239,109.579,109.57600000000001,1,1.69
05.08.2021 00:20:09.340,109.58,109.57700000000001,1.5,1.25
05.08.2021 00:20:13.326,109.581,109.57799999999999,2.25,1.69
05.08.2021 00:20:13.478,109.58200000000001,109.58,1.5,1.69
05.08.2021 00:20:13.529,109.58500000000001,109.581,2.92,1
05.08.2021 00:20:13.580,109.58600000000001,109.583,1.2,1
05.08.2021 00:20:13.783,109.587,109.584,1.95,1
05.08.2021 00:20:13.884,109.587,109.583,1.5,1
05.08.2021 00:20:13.985,109.58600000000001,109.583,1,1
05.08.2021 00:20:17.977,109.58600000000001,109.584,1,1
05.08.2021 00:20:18.674,109.588,109.583,1,1
05.08.2021 00:20:20.131,109.588,109.584,1,3.7
05.08.2021 00:20:21.388,109.589,109.58600000000001,1.5,1.69
05.08.2021 00:20:21.490,109.59,109.588,1.5,1.25
05.08.2021 00:20:21.592,109.59,109.589,1,1
05.08.2021 00:20:21.643,109.59200000000001,109.589,1,1.69
05.08.2021 00:20:21.746,109.59200000000001,109.59,1,1
05.08.2021 00:20:21.848,109.59299999999999,109.59,1,1
05.08.2021 00:20:23.528,109.59200000000001,109.589,1,1.75
05.08.2021 00:20:23.731,109.59200000000001,109.589,1,1
05.08.2021 00:20:23.832,109.59100000000001,109.588,1,1.5
05.08.2021 00:20:24.034,109.59100000000001,109.589,1,1
05.08.2021 00:20:25.790,109.59200000000001,109.589,1,1.5
05.08.2021 00:20:27.974,109.59100000000001,109.588,2.44,1
05.08.2021 00:20:28.076,109.59,109.587,2.39,1
05.08.2021 00:20:28.485,109.59,109.587,1,1.5
05.08.2021 00:20:29.716,109.59,109.58600000000001,1,1.95
05.08.2021 00:20:30.851,109.59,109.587,1,1.95
05.08.2021 00:20:30.952,109.59100000000001,109.587,2.44,2.7
05.08.2021 00:20:31.054,109.59100000000001,109.588,1,1.95
05.08.2021 00:20:31.156,109.59200000000001,109.588,1.7,2.7
05.08.2021 00:20:33.753,109.59100000000001,109.58600000000001,1.12,4.2
05.08.2021 00:20:33.855,109.589,109.58500000000001,2.44,4.65
05.08.2021 00:20:33.956,109.588,109.58500000000001,1,1.5
05.08.2021 00:20:34.263,109.587,109.58500000000001,1,1
05.08.2021 00:20:34.974,109.587,109.584,1,1
05.08.2021 00:20:35.780,109.587,109.583,1.5,2.89
05.08.2021 00:20:39.964,109.58600000000001,109.583,1,2.14
05.08.2021 00:20:42.780,109.588,109.58600000000001,1,1.2
05.08.2021 00:20:42.881,109.59200000000001,109.588,3.27,1.95
05.08.2021 00:20:42.932,109.59200000000001,109.59,1.26,1
05.08.2021 00:20:43.033,109.59299999999999,109.59100000000001,1.1,1
05.08.2021 00:20:43.185,109.59299999999999,109.59,1.1,1.5
05.08.2021 00:20:44.156,109.59299999999999,109.589,1,1.5
05.08.2021 00:20:44.605,109.594,109.59100000000001,1.5,1.01
05.08.2021 00:20:44.656,109.59200000000001,109.59100000000001,1,1
05.08.2021 00:20:44.859,109.59200000000001,109.59,1,1.76
05.08.2021 00:20:45.011,109.59299999999999,109.59100000000001,1,1.1
05.08.2021 00:20:45.113,109.59299999999999,109.59,1.1,1.69
05.08.2021 00:20:53.999,109.59200000000001,109.589,1.76,1
05.08.2021 00:20:54.050,109.589,109.58600000000001,1,1.2
05.08.2021 00:20:54.152,109.59,109.587,3.91,1.2
05.08.2021 00:20:54.203,109.587,109.584,1,2.7
05.08.2021 00:20:54.663,109.587,109.583,2.51,1.2
05.08.2021 00:20:54.715,109.58500000000001,109.583,1,1.2
05.08.2021 00:20:57.117,109.584,109.58,1.76,1.95
05.08.2021 00:20:57.219,109.583,109.58,1.5,1.2
05.08.2021 00:20:59.534,109.58200000000001,109.57799999999999,1.01,2.7
05.08.2021 00:20:59.636,109.581,109.57799999999999,1,1.95
05.08.2021 00:20:59.737,109.581,109.57700000000001,1,1
05.08.2021 00:20:59.788,109.58200000000001,109.57799999999999,1.57,2.14
05.08.2021 00:20:59.890,109.58200000000001,109.579,1,2.14
05.08.2021 00:20:59.991,109.583,109.579,1.5,2.29
05.08.2021 00:21:03.491,109.583,109.581,1,1.2
05.08.2021 00:21:03.896,109.584,109.58200000000001,1,1
05.08.2021 00:21:03.998,109.583,109.579,1.95,1.95
05.08.2021 00:21:07.502,109.581,109.57799999999999,1,1.2
05.08.2021 00:21:07.603,109.579,109.57700000000001,1,2.14
05.08.2021 00:21:07.957,109.57799999999999,109.57600000000001,1,1
05.08.2021 00:21:10.774,109.579,109.57600000000001,1.69,1
05.08.2021 00:21:11.288,109.58,109.57700000000001,1.57,1.25
05.08.2021 00:21:14.222,109.581,109.57700000000001,2.25,1.95
05.08.2021 00:21:14.326,109.581,109.57799999999999,1,1.5
05.08.2021 00:21:14.428,109.58200000000001,109.579,1,1
05.08.2021 00:21:17.694,109.583,109.579,2.89,1.5
05.08.2021 00:21:19.567,109.583,109.57700000000001,1,1.95
05.08.2021 00:21:21.730,109.583,109.58,1.57,1
05.08.2021 00:21:22.084,109.584,109.58,1.57,2.14
05.08.2021 00:21:22.882,109.58500000000001,109.581,1.5,1.95
05.08.2021 00:21:23.441,109.587,109.58500000000001,1,1.12
05.08.2021 00:21:23.543,109.59,109.58600000000001,2.55,2.14
05.08.2021 00:21:23.594,109.59100000000001,109.588,2.7,1
05.08.2021 00:21:23.697,109.59100000000001,109.589,1.5,1
05.08.2021 00:21:23.799,109.59299999999999,109.588,1.95,1
05.08.2021 00:21:24.219,109.59200000000001,109.589,1,2.29
05.08.2021 00:21:24.371,109.594,109.59100000000001,1,1.01
05.08.2021 00:21:24.472,109.595,109.59200000000001,1,2.14
05.08.2021 00:21:24.574,109.596,109.59200000000001,1.2,2.89
05.08.2021 00:21:24.727,109.596,109.59299999999999,1.2,1
05.08.2021 00:21:25.366,109.595,109.59100000000001,1.2,1
05.08.2021 00:21:25.417,109.594,109.59,3.79,2.25
05.08.2021 00:21:25.518,109.59299999999999,109.589,4.04,3.45
05.08.2021 00:21:28.913,109.59299999999999,109.589,2.25,2.25
05.08.2021 00:21:29.014,109.594,109.59,2.89,1.2
05.08.2021 00:21:29.116,109.594,109.59,1,2.85
05.08.2021 00:21:30.478,109.595,109.59100000000001,1.95,1.57
05.08.2021 00:21:30.580,109.595,109.59100000000001,1.5,3.79
05.08.2021 00:21:31.983,109.59700000000001,109.59100000000001,1.95,1.95
05.08.2021 00:21:32.626,109.59700000000001,109.59200000000001,1.5,6.64
05.08.2021 00:21:33.083,109.59700000000001,109.59200000000001,1.5,2.89
05.08.2021 00:21:33.850,109.596,109.59200000000001,2.14,1.5
05.08.2021 00:21:34.002,109.594,109.59100000000001,1.95,1
05.08.2021 00:21:34.104,109.594,109.588,2.14,2.25
05.08.2021 00:21:34.205,109.59299999999999,109.588,4.91,2.7
05.08.2021 00:21:34.356,109.59200000000001,109.588,2.91,1
05.08.2021 00:21:34.458,109.59100000000001,109.587,1.76,1
05.08.2021 00:21:34.559,109.59,109.58600000000001,1.57,1.95
05.08.2021 00:21:34.661,109.588,109.58500000000001,1,1.31
05.08.2021 00:21:34.914,109.588,109.584,1.5,2.14
05.08.2021 00:21:35.656,109.589,109.58500000000001,1.5,1.2
05.08.2021 00:21:35.757,109.589,109.58600000000001,1,1
05.08.2021 00:21:36.339,109.587,109.58600000000001,1,1
05.08.2021 00:21:36.390,109.587,109.584,1.2,1
05.08.2021 00:21:36.492,109.588,109.583,2.7,5.89
05.08.2021 00:21:36.543,109.588,109.58500000000001,1.95,1
05.08.2021 00:21:36.644,109.589,109.58500000000001,3.45,1.5
05.08.2021 00:21:36.898,109.588,109.58500000000001,1,1
05.08.2021 00:21:37.014,109.588,109.584,1.5,2.89
05.08.2021 00:21:39.557,109.59,109.584,1.5,1.2
05.08.2021 00:21:39.732,109.589,109.58600000000001,1,1
05.08.2021 00:21:40.559,109.59100000000001,109.58600000000001,1,1
05.08.2021 00:21:40.660,109.59100000000001,109.587,1.95,1.5
05.08.2021 00:21:40.921,109.59100000000001,109.588,1,1
05.08.2021 00:21:45.348,109.59100000000001,109.589,1,1
05.08.2021 00:21:45.552,109.59200000000001,109.589,1.5,1
05.08.2021 00:21:45.940,109.59299999999999,109.59,1.25,1.5
05.08.2021 00:21:46.042,109.594,109.588,1,7.95
05.08.2021 00:21:46.143,109.59299999999999,109.589,1.5,2.85
05.08.2021 00:21:48.153,109.59200000000001,109.588,1.2,5.57
05.08.2021 00:21:48.255,109.59100000000001,109.588,1,1.2
05.08.2021 00:21:51.476,109.59200000000001,109.589,1,1.2
05.08.2021 00:21:58.624,109.59299999999999,109.59,1,1.95
05.08.2021 00:21:58.827,109.59299999999999,109.589,2.7,2.7
05.08.2021 00:22:00.564,109.59299999999999,109.589,2.85,1.5
05.08.2021 00:22:00.665,109.59100000000001,109.588,2.14,1
05.08.2021 00:22:00.766,109.59100000000001,109.587,2.14,2.7
05.08.2021 00:22:01.838,109.59,109.587,2.14,1
05.08.2021 00:22:02.967,109.59100000000001,109.588,2.89,1
05.08.2021 00:22:08.930,109.59200000000001,109.588,2.14,2.7
05.08.2021 00:22:09.032,109.59299999999999,109.589,3.45,2.14
05.08.2021 00:22:12.527,109.59200000000001,109.589,1,1.2
05.08.2021 00:22:12.578,109.59,109.588,1.39,1
05.08.2021 00:22:12.679,109.59,109.58600000000001,2.89,2.7
05.08.2021 00:22:12.780,109.59,109.58600000000001,3.89,1.95
05.08.2021 00:22:12.882,109.589,109.58600000000001,2.29,1
05.08.2021 00:22:12.933,109.588,109.584,2.89,3.45
05.08.2021 00:22:13.824,109.588,109.58500000000001,1,1.95
05.08.2021 00:22:18.652,109.58600000000001,109.584,2.39,1
05.08.2021 00:22:18.703,109.58600000000001,109.58,2.14,4.65
05.08.2021 00:22:18.805,109.58500000000001,109.581,3.04,1
05.08.2021 00:22:19.136,109.58600000000001,109.581,2.14,1
05.08.2021 00:22:19.448,109.58600000000001,109.58200000000001,2.14,1.95
05.08.2021 00:22:19.550,109.587,109.583,4.41,1
05.08.2021 00:22:22.423,109.587,109.584,1,1.95
05.08.2021 00:22:22.475,109.588,109.58600000000001,1.95,1
05.08.2021 00:22:22.628,109.589,109.58500000000001,3.29,2.25
05.08.2021 00:22:22.730,109.589,109.58600000000001,2.29,1.5
05.08.2021 00:22:23.616,109.589,109.58600000000001,1.95,1
05.08.2021 00:22:23.740,109.589,109.58500000000001,1.95,3.45
05.08.2021 00:22:23.861,109.589,109.58600000000001,2.89,1
05.08.2021 00:22:23.962,109.589,109.58500000000001,2.89,3.45
05.08.2021 00:22:24.068,109.589,109.58600000000001,2.89,1
05.08.2021 00:22:25.565,109.59,109.588,1,1.5
05.08.2021 00:22:27.696,109.59200000000001,109.587,1.2,1.5
05.08.2021 00:22:27.798,109.59100000000001,109.589,1.2,1
05.08.2021 00:22:31.454,109.59200000000001,109.589,2.89,1
05.08.2021 00:22:31.555,109.594,109.59100000000001,1.95,1
05.08.2021 00:22:31.656,109.595,109.59200000000001,2.89,1
05.08.2021 00:22:31.808,109.594,109.59100000000001,1.39,1.5
05.08.2021 00:22:31.909,109.594,109.589,1.2,1.5
05.08.2021 00:22:32.860,109.59100000000001,109.589,1,1
05.08.2021 00:22:36.315,109.59100000000001,109.588,1.2,1
05.08.2021 00:22:40.374,109.59200000000001,109.589,1.2,1
05.08.2021 00:22:41.295,109.59299999999999,109.59,2.14,1
05.08.2021 00:22:41.663,109.594,109.59100000000001,1.2,1.5
05.08.2021 00:22:41.867,109.595,109.59200000000001,1.39,1
05.08.2021 00:22:45.629,109.59200000000001,109.589,1.2,1.5
05.08.2021 00:22:45.731,109.59200000000001,109.588,1.95,2.32
05.08.2021 00:22:45.833,109.59200000000001,109.588,2.1,2.25
05.08.2021 00:22:47.860,109.59,109.58600000000001,3.79,1.5
05.08.2021 00:22:48.064,109.59,109.58600000000001,2.89,1.57
05.08.2021 00:22:48.497,109.59,109.587,1.2,1
05.08.2021 00:22:52.510,109.59,109.588,1,1
05.08.2021 00:22:52.611,109.59100000000001,109.588,2.14,1
05.08.2021 00:22:57.101,109.59100000000001,109.588,3.04,1
05.08.2021 00:22:57.202,109.59,109.587,1.39,1.5
05.08.2021 00:23:00.084,109.59100000000001,109.588,2.89,1
05.08.2021 00:23:00.291,109.59100000000001,109.587,2.14,1
05.08.2021 00:23:00.342,109.59,109.58500000000001,1.39,1
05.08.2021 00:23:00.912,109.589,109.58600000000001,2.95,1
05.08.2021 00:23:01.013,109.589,109.58500000000001,3.7,1.57
05.08.2021 00:23:06.789,109.59,109.58600000000001,3.25,1.95
05.08.2021 00:23:06.941,109.589,109.58500000000001,1.25,2.7
05.08.2021 00:23:07.042,109.587,109.584,1,1
05.08.2021 00:23:07.144,109.588,109.584,1.39,2.25
05.08.2021 00:23:07.245,109.589,109.58500000000001,2.95,1
05.08.2021 00:23:10.223,109.59,109.58600000000001,1.94,1.95
05.08.2021 00:23:10.274,109.59100000000001,109.587,3.64,1
05.08.2021 00:23:12.156,109.59100000000001,109.588,2.44,1
05.08.2021 00:23:37.572,109.59,109.58600000000001,2.14,3
05.08.2021 00:23:37.673,109.589,109.58600000000001,1.69,1.5
05.08.2021 00:23:37.774,109.589,109.58500000000001,1,1.5
05.08.2021 00:23:39.333,109.588,109.58500000000001,1,1.95
05.08.2021 00:24:00.476,109.58600000000001,109.58200000000001,1,3.45
05.08.2021 00:24:00.577,109.58500000000001,109.58200000000001,1.69,1
05.08.2021 00:24:00.678,109.584,109.58,1,2.85
05.08.2021 00:24:00.830,109.584,109.58,1.69,1.95
05.08.2021 00:24:00.932,109.583,109.58,1,1
05.08.2021 00:24:01.083,109.583,109.579,1.94,2.32
05.08.2021 00:24:01.185,109.581,109.57799999999999,1,1.2
05.08.2021 00:24:04.206,109.58200000000001,109.57799999999999,1.25,1.95
05.08.2021 00:24:27.126,109.58,109.57799999999999,1,1
05.08.2021 00:24:27.808,109.581,109.57799999999999,1,1.95
05.08.2021 00:24:27.910,109.58,109.57799999999999,1,1.95
05.08.2021 00:24:29.018,109.581,109.57799999999999,1,1.95
05.08.2021 00:24:29.343,109.581,109.57799999999999,1,1.95
05.08.2021 00:24:33.426,109.58,109.57700000000001,1,1.95
05.08.2021 00:24:39.180,109.58200000000001,109.58,1,2.7
05.08.2021 00:24:39.231,109.584,109.58,2.25,1.2
05.08.2021 00:24:39.332,109.584,109.58,1.5,2.1
05.08.2021 00:24:39.433,109.584,109.58,3.64,1.5
05.08.2021 00:24:39.535,109.583,109.58,1.25,1
05.08.2021 00:24:40.493,109.584,109.58,2.25,1.2
05.08.2021 00:24:43.392,109.583,109.58,1.25,1
05.08.2021 00:24:43.544,109.583,109.579,2.89,1.5
05.08.2021 00:24:43.595,109.581,109.57799999999999,1,1.5
05.08.2021 00:24:43.747,109.58,109.57700000000001,1.25,1
05.08.2021 00:24:43.848,109.58,109.57600000000001,1.69,2.7
05.08.2021 00:24:44.050,109.57799999999999,109.57600000000001,1.25,1
05.08.2021 00:24:44.101,109.57600000000001,109.573,1,1
05.08.2021 00:24:44.203,109.57600000000001,109.572,1,4.8
05.08.2021 00:24:47.198,109.574,109.57100000000001,1,1.57
05.08.2021 00:24:59.974,109.57700000000001,109.575,2.25,1.1
05.08.2021 00:25:00.077,109.57799999999999,109.575,1,1.1
05.08.2021 00:25:00.230,109.57799999999999,109.575,2.5,1.1
05.08.2021 00:25:00.332,109.575,109.572,1,1.97
05.08.2021 00:25:00.433,109.57600000000001,109.573,1,1.1
05.08.2021 00:25:02.188,109.57700000000001,109.573,1.5,1.95
05.08.2021 00:25:02.289,109.57799999999999,109.574,1.5,3.1
05.08.2021 00:25:02.390,109.579,109.57700000000001,1.5,1.1
05.08.2021 00:25:02.492,109.58,109.57700000000001,1.5,1.1
05.08.2021 00:25:03.720,109.581,109.57700000000001,2.25,4.54
05.08.2021 00:25:03.772,109.583,109.579,1.69,2.05
05.08.2021 00:25:03.874,109.584,109.58,4.39,1.57
05.08.2021 00:25:03.976,109.584,109.58,3.7,1.1
05.08.2021 00:25:06.955,109.584,109.58,1.25,2.72
05.08.2021 00:25:07.057,109.58500000000001,109.58200000000001,1.69,1.1
05.08.2021 00:25:07.564,109.58600000000001,109.58200000000001,3.26,1.1
05.08.2021 00:25:10.171,109.587,109.58200000000001,2.06,1.1
05.08.2021 00:25:11.117,109.588,109.58500000000001,1.5,1.2
05.08.2021 00:25:11.369,109.588,109.58600000000001,1.25,1
05.08.2021 00:25:14.662,109.59100000000001,109.587,3.56,1.95
05.08.2021 00:25:14.814,109.59100000000001,109.588,1.31,1.2
05.08.2021 00:25:15.569,109.59200000000001,109.588,2.06,1.95
05.08.2021 00:25:16.401,109.59200000000001,109.587,1.25,1.2
05.08.2021 00:25:16.503,109.59,109.58600000000001,2.44,4.4
05.08.2021 00:25:16.605,109.59,109.58600000000001,2.44,3.5
05.08.2021 00:25:16.706,109.59,109.58600000000001,2.94,3.5
05.08.2021 00:25:17.722,109.59,109.58600000000001,2.81,3.5
05.08.2021 00:25:17.824,109.59,109.58600000000001,2.81,3.65
05.08.2021 00:25:17.926,109.588,109.584,1.69,2.7
05.08.2021 00:25:18.027,109.587,109.584,1,1.5
05.08.2021 00:25:18.687,109.58600000000001,109.583,1.31,1
05.08.2021 00:25:18.810,109.58600000000001,109.58200000000001,1.31,2.7
05.08.2021 00:25:23.118,109.584,109.581,2.89,1
05.08.2021 00:25:23.220,109.583,109.581,1,1
05.08.2021 00:25:23.321,109.584,109.581,2.44,1
05.08.2021 00:25:23.423,109.58500000000001,109.581,3.19,1.1
05.08.2021 00:25:26.091,109.587,109.583,2.75,1.2
05.08.2021 00:25:26.192,109.588,109.584,2.51,1.5
05.08.2021 00:25:27.357,109.587,109.584,1,1.2
05.08.2021 00:25:29.604,109.587,109.583,1,1
05.08.2021 00:25:29.655,109.58600000000001,109.58200000000001,1,3.82
05.08.2021 00:25:31.626,109.58600000000001,109.583,1,1.1
05.08.2021 00:25:31.727,109.587,109.583,1,1
05.08.2021 00:25:32.075,109.588,109.584,2.45,1
05.08.2021 00:25:33.247,109.588,109.584,2.32,1.5
05.08.2021 00:25:33.666,109.59,109.584,1.2,2.81
05.08.2021 00:25:33.818,109.588,109.58500000000001,1.12,1
05.08.2021 00:25:33.919,109.587,109.584,1.2,1
05.08.2021 00:25:33.970,109.58500000000001,109.58200000000001,2.14,1
05.08.2021 00:25:34.071,109.58500000000001,109.581,2.14,2.25
05.08.2021 00:25:37.023,109.58500000000001,109.581,3.7,1.5
05.08.2021 00:25:38.077,109.58500000000001,109.581,2.89,1
05.08.2021 00:25:40.948,109.58600000000001,109.58200000000001,1.12,3.07
05.08.2021 00:25:44.525,109.58600000000001,109.581,2.32,2.89
05.08.2021 00:25:45.904,109.58500000000001,109.581,1.2,1.5
05.08.2021 00:25:46.005,109.584,109.581,1.25,1.5
05.08.2021 00:25:46.106,109.58500000000001,109.581,1.39,1.5
05.08.2021 00:25:48.843,109.584,109.58,2.14,1.5
05.08.2021 00:25:48.945,109.58200000000001,109.57799999999999,1.2,1
05.08.2021 00:25:49.046,109.58200000000001,109.57700000000001,2.29,1.5
05.08.2021 00:25:51.724,109.58200000000001,109.579,1.39,1
05.08.2021 00:25:51.876,109.583,109.579,2.89,1
05.08.2021 00:25:51.978,109.584,109.581,2.14,1
05.08.2021 00:25:52.080,109.584,109.58,2.95,2.25
05.08.2021 00:25:59.788,109.581,109.57700000000001,2.14,1.5
05.08.2021 00:25:59.889,109.58,109.57600000000001,1,2.96
05.08.2021 00:26:00.317,109.579,109.57600000000001,1,1
05.08.2021 00:26:00.418,109.57799999999999,109.575,1.2,1
05.08.2021 00:26:00.522,109.57799999999999,109.572,1.39,2.7
05.08.2021 00:26:06.315,109.575,109.572,1.5,1
05.08.2021 00:26:06.952,109.57600000000001,109.572,1.2,2.25
05.08.2021 00:26:11.404,109.57600000000001,109.573,1.2,1
05.08.2021 00:26:14.841,109.57700000000001,109.573,2.14,2.25
05.08.2021 00:26:17.100,109.57700000000001,109.574,1.25,1
05.08.2021 00:26:17.308,109.57799999999999,109.574,1.2,2.25
05.08.2021 00:26:17.410,109.579,109.57600000000001,2.14,1
05.08.2021 00:26:17.749,109.58,109.57600000000001,3.64,1.5
05.08.2021 00:26:29.833,109.58,109.57700000000001,1,1
05.08.2021 00:26:31.192,109.58,109.57600000000001,2.89,1.5
05.08.2021 00:26:31.293,109.58,109.57600000000001,3.85,1.5
05.08.2021 00:26:47.851,109.57700000000001,109.57600000000001,2.44,1
05.08.2021 00:26:47.902,109.57600000000001,109.57100000000001,1,1.95
05.08.2021 00:26:48.003,109.573,109.57000000000001,1.39,1
05.08.2021 00:26:48.104,109.573,109.569,1.39,2.25
05.08.2021 00:26:48.205,109.573,109.57000000000001,1,1
05.08.2021 00:26:51.233,109.573,109.57100000000001,1,1.1
05.08.2021 00:26:51.436,109.575,109.57100000000001,2.7,1.1
05.08.2021 00:26:57.081,109.575,109.57100000000001,2.85,1
05.08.2021 00:27:00.201,109.575,109.57000000000001,2.1,3.26
05.08.2021 00:27:01.524,109.575,109.57000000000001,1.95,4.6
05.08.2021 00:27:03.418,109.57700000000001,109.573,1.5,1.79
05.08.2021 00:27:03.520,109.579,109.575,3.49,1
05.08.2021 00:27:03.723,109.579,109.575,2.89,1.57
05.08.2021 00:27:06.192,109.58,109.57600000000001,1.95,1.57
05.08.2021 00:27:06.294,109.58,109.57600000000001,1,1.97
05.08.2021 00:27:07.507,109.58,109.57600000000001,1.2,1.57
05.08.2021 00:27:07.609,109.579,109.575,1,4.41
05.08.2021 00:27:07.711,109.579,109.575,1.2,2.51
05.08.2021 00:27:10.974,109.579,109.575,2.25,1.97
05.08.2021 00:27:11.076,109.579,109.57600000000001,1,1.97
05.08.2021 00:27:14.248,109.579,109.57600000000001,1,1.76
05.08.2021 00:27:14.401,109.579,109.575,2.7,2.51
05.08.2021 00:27:14.767,109.57799999999999,109.574,2.7,2.32
05.08.2021 00:27:14.868,109.57799999999999,109.574,2.85,1.5
05.08.2021 00:27:17.003,109.57799999999999,109.574,2.7,1.57
05.08.2021 00:27:19.019,109.574,109.572,1,1.5
05.08.2021 00:27:19.070,109.573,109.57100000000001,1,1
05.08.2021 00:27:19.273,109.573,109.57000000000001,1.2,1
05.08.2021 00:27:24.663,109.574,109.569,1.2,1.5
05.08.2021 00:27:24.866,109.573,109.57000000000001,1.2,1
05.08.2021 00:27:27.567,109.574,109.57100000000001,2.14,1
05.08.2021 00:27:27.972,109.574,109.57100000000001,2.1,1
05.08.2021 00:27:28.151,109.574,109.57100000000001,1.95,1
05.08.2021 00:27:33.130,109.575,109.57100000000001,3.45,1.57
05.08.2021 00:27:35.435,109.575,109.57100000000001,2.25,2.91
05.08.2021 00:27:35.586,109.575,109.57100000000001,2.7,2.51
05.08.2021 00:27:53.983,109.575,109.57100000000001,3.79,1.5
05.08.2021 00:28:02.067,109.575,109.57100000000001,2.89,1.57
05.08.2021 00:28:02.169,109.575,109.57100000000001,3.04,1.5
05.08.2021 00:28:07.948,109.575,109.57100000000001,1.5,3.22
05.08.2021 00:28:08.100,109.57600000000001,109.572,2.32,1.95
05.08.2021 00:28:08.728,109.57600000000001,109.573,1.57,1
05.08.2021 00:28:14.620,109.57799999999999,109.572,2.51,2.7
05.08.2021 00:28:43.018,109.579,109.57600000000001,1.5,1.1
05.08.2021 00:28:43.120,109.581,109.57799999999999,1,2.95
05.08.2021 00:28:43.230,109.583,109.57700000000001,1,4.82
05.08.2021 00:28:45.141,109.583,109.58,1.95,1
05.08.2021 00:28:45.394,109.584,109.58,2.7,1.76
05.08.2021 00:28:45.495,109.584,109.581,1,1.57
05.08.2021 00:28:46.034,109.58500000000001,109.581,2.7,1.57
05.08.2021 00:28:46.135,109.58500000000001,109.58200000000001,1.95,1
05.08.2021 00:28:48.938,109.58600000000001,109.58200000000001,2.25,2.14
05.08.2021 00:28:49.538,109.58500000000001,109.58200000000001,1.39,2.25
05.08.2021 00:28:51.695,109.584,109.581,1,1.1
05.08.2021 00:28:53.128,109.58500000000001,109.581,1.5,2.14
05.08.2021 00:28:58.928,109.584,109.581,1,2.14
05.08.2021 00:29:00.223,109.58500000000001,109.58200000000001,1,1.41
05.08.2021 00:29:02.109,109.58600000000001,109.583,1,1.22
05.08.2021 00:29:02.261,109.587,109.58200000000001,1,1
05.08.2021 00:29:03.169,109.584,109.58200000000001,1,1.01
05.08.2021 00:29:03.271,109.58500000000001,109.58200000000001,1.5,1.1
05.08.2021 00:29:03.372,109.584,109.58200000000001,1,1.1
05.08.2021 00:29:06.602,109.58200000000001,109.58,1,1.1
05.08.2021 00:29:06.704,109.583,109.57700000000001,1.5,2.16
05.08.2021 00:29:06.805,109.581,109.57700000000001,1.5,2.91
05.08.2021 00:29:07.007,109.58,109.57600000000001,1.5,3.66
05.08.2021 00:29:09.612,109.58,109.57600000000001,1.5,3.14
05.08.2021 00:29:09.714,109.581,109.575,1.5,2.14
05.08.2021 00:29:09.815,109.58,109.574,1,3.89
05.08.2021 00:29:10.996,109.579,109.57600000000001,1,3.51
05.08.2021 00:29:11.047,109.58200000000001,109.57600000000001,1.5,4.04
05.08.2021 00:29:11.149,109.58200000000001,109.57700000000001,1.5,5.91
05.08.2021 00:29:11.250,109.58200000000001,109.57799999999999,1.5,1.64
05.08.2021 00:29:12.109,109.583,109.579,1.5,3.89
05.08.2021 00:29:12.211,109.58500000000001,109.579,1.5,2.22
05.08.2021 00:29:13.048,109.58500000000001,109.581,2.25,1.39
05.08.2021 00:29:13.757,109.58500000000001,109.581,1.5,3.89
05.08.2021 00:29:30.236,109.587,109.581,2.25,1.41
05.08.2021 00:29:32.961,109.58600000000001,109.583,1.5,1.41
05.08.2021 00:29:33.405,109.587,109.58200000000001,1,3.1
05.08.2021 00:29:33.506,109.587,109.58200000000001,1,3.06
05.08.2021 00:29:37.616,109.588,109.58600000000001,1.5,1.12
05.08.2021 00:29:37.717,109.589,109.58600000000001,1,1.79
05.08.2021 00:29:41.033,109.589,109.584,1.5,1.2
05.08.2021 00:29:41.136,109.587,109.583,1.5,5.04
05.08.2021 00:29:41.339,109.587,109.584,1.5,1.41
05.08.2021 00:29:41.492,109.588,109.584,1.5,2.91
05.08.2021 00:29:41.899,109.589,109.58600000000001,1.5,1.01
05.08.2021 00:29:42.594,109.589,109.58600000000001,1,2.35
05.08.2021 00:29:45.604,109.59,109.588,1,1
05.08.2021 00:29:45.944,109.59100000000001,109.588,1.5,1
05.08.2021 00:29:57.613,109.59100000000001,109.589,1.5,1
05.08.2021 00:29:58.177,109.59200000000001,109.589,1.95,1
05.08.2021 00:30:00.221,109.594,109.589,1.5,1.1
05.08.2021 00:30:00.447,109.59200000000001,109.589,1,1.01
05.08.2021 00:30:02.033,109.59200000000001,109.59,1,1
05.08.2021 00:30:02.134,109.59299999999999,109.59,1.5,1.1
05.08.2021 00:30:02.855,109.59200000000001,109.59,1,1.1
05.08.2021 00:30:03.951,109.59299999999999,109.59,1,1.1
05.08.2021 00:30:04.002,109.595,109.59299999999999,1.87,1.01
05.08.2021 00:30:04.103,109.59700000000001,109.59299999999999,2.7,1.01
05.08.2021 00:30:04.155,109.598,109.595,3.9,1
05.08.2021 00:30:04.256,109.599,109.595,1.5,1.41
05.08.2021 00:30:06.765,109.60000000000001,109.595,1,1.41
05.08.2021 00:30:06.867,109.601,109.598,1,1.1
05.08.2021 00:30:06.972,109.602,109.599,1,1.01
05.08.2021 00:30:07.023,109.604,109.601,1.8,1
05.08.2021 00:30:07.378,109.603,109.598,1.5,1.1
05.08.2021 00:30:07.429,109.60000000000001,109.596,1.2,1.6
05.08.2021 00:30:07.480,109.60000000000001,109.596,1.2,1.1
05.08.2021 00:30:07.583,109.60000000000001,109.595,4.41,1.57
05.08.2021 00:30:07.735,109.599,109.595,2.39,1.1
05.08.2021 00:30:07.938,109.599,109.595,1.39,1.1
05.08.2021 00:30:08.343,109.60000000000001,109.595,2.89,2.16
05.08.2021 00:30:11.992,109.601,109.596,2.62,4.79
05.08.2021 00:30:12.094,109.604,109.599,1.5,1.01
05.08.2021 00:30:12.195,109.604,109.60000000000001,1.65,1
05.08.2021 00:30:12.297,109.603,109.599,1.5,2.14
05.08.2021 00:30:12.553,109.602,109.599,1,1
05.08.2021 00:30:12.709,109.603,109.59700000000001,1,2.14
05.08.2021 00:30:14.480,109.60000000000001,109.59700000000001,1.5,1.01
05.08.2021 00:30:14.885,109.601,109.598,1.87,1
05.08.2021 00:30:15.543,109.602,109.598,2.14,1
05.08.2021 00:30:16.252,109.602,109.599,1,1.1
05.08.2021 00:30:17.414,109.603,109.60000000000001,1,1.22
05.08.2021 00:30:17.515,109.604,109.602,1,1
05.08.2021 00:30:17.717,109.604,109.601,1,1.76
05.08.2021 00:30:22.581,109.604,109.601,1,2.16
05.08.2021 00:30:22.873,109.605,109.601,1.5,2.16
05.08.2021 00:30:23.394,109.604,109.601,1,1.01
05.08.2021 00:30:23.496,109.602,109.599,4.26,1
05.08.2021 00:30:23.597,109.599,109.596,1,1.22
05.08.2021 00:30:23.699,109.599,109.596,1,1.1
05.08.2021 00:30:24.208,109.598,109.595,1.12,1.41
05.08.2021 00:30:24.310,109.598,109.594,1.12,1.41
05.08.2021 00:30:30.768,109.598,109.594,1.57,1.25
05.08.2021 00:30:30.874,109.598,109.594,1.6,1.25
05.08.2021 00:30:30.925,109.599,109.595,2.89,1.01
05.08.2021 00:30:31.026,109.598,109.595,1.2,1
05.08.2021 00:30:31.228,109.598,109.595,1.57,1.75
05.08.2021 00:30:31.380,109.598,109.595,1.1,1.25
05.08.2021 00:30:31.485,109.598,109.595,1.1,1.75
05.08.2021 00:30:31.623,109.598,109.595,1.1,1.25
05.08.2021 00:30:31.876,109.598,109.595,1.1,1.75
05.08.2021 00:30:33.231,109.599,109.595,2.32,2.57
05.08.2021 00:30:33.664,109.598,109.595,1,2.57
05.08.2021 00:30:33.765,109.598,109.595,1,1.01
05.08.2021 00:30:33.868,109.598,109.594,2.35,1.25
05.08.2021 00:30:37.891,109.596,109.59299999999999,1,1.25
05.08.2021 00:30:41.040,109.59700000000001,109.59299999999999,1.95,1.69
05.08.2021 00:30:44.363,109.596,109.59299999999999,1.12,1.5
05.08.2021 00:30:44.465,109.595,109.59100000000001,2.32,1.12
05.08.2021 00:30:44.516,109.59299999999999,109.59,1,1.69
05.08.2021 00:30:45.256,109.594,109.59299999999999,1,1
05.08.2021 00:30:45.307,109.599,109.59700000000001,1.25,1
05.08.2021 00:30:45.409,109.601,109.598,3.45,1.25
05.08.2021 00:30:45.612,109.601,109.59700000000001,2.7,1.01
05.08.2021 00:30:45.713,109.60000000000001,109.59700000000001,1.2,1
05.08.2021 00:30:46.342,109.599,109.595,1.57,4.56
05.08.2021 00:30:46.450,109.599,109.595,1.95,2.06
05.08.2021 00:30:46.602,109.598,109.594,1.95,2.44
05.08.2021 00:30:51.184,109.599,109.595,2.25,5.57
05.08.2021 00:30:51.335,109.60000000000001,109.596,2.89,1.69
05.08.2021 00:30:51.437,109.60000000000001,109.596,2.7,2.87
05.08.2021 00:30:53.302,109.599,109.595,1.2,3.7
05.08.2021 00:30:53.403,109.60000000000001,109.596,2.25,2.97
05.08.2021 00:30:55.571,109.601,109.598,1.5,1.2
05.08.2021 00:30:55.673,109.603,109.599,1,3.29
05.08.2021 00:31:05.647,109.601,109.598,1.95,1.5
05.08.2021 00:31:05.749,109.60000000000001,109.59700000000001,1.95,2.14
05.08.2021 00:31:05.851,109.599,109.596,2.32,1.69
05.08.2021 00:31:06.257,109.599,109.596,2.25,1.5
05.08.2021 00:31:06.359,109.599,109.595,2.7,3.14
05.08.2021 00:31:07.879,109.60000000000001,109.596,1.5,4.66
05.08.2021 00:31:07.981,109.60000000000001,109.59700000000001,1,3.14
05.08.2021 00:31:08.032,109.602,109.598,1.5,1.76
05.08.2021 00:31:09.101,109.60000000000001,109.59700000000001,2.85,1.12
05.08.2021 00:31:09.202,109.599,109.596,2.47,1.39
05.08.2021 00:31:09.304,109.598,109.595,1.57,1
05.08.2021 00:31:09.405,109.598,109.594,2.32,1.76
05.08.2021 00:31:09.508,109.59700000000001,109.59299999999999,1.12,5.04
05.08.2021 00:31:09.763,109.59700000000001,109.59299999999999,1.87,1.69
05.08.2021 00:31:09.864,109.596,109.59299999999999,1.95,1
05.08.2021 00:31:09.965,109.595,109.59200000000001,1.2,1.69
05.08.2021 00:31:10.846,109.595,109.59,3.07,3.81
05.08.2021 00:31:14.974,109.59299999999999,109.589,1.95,2.51
05.08.2021 00:31:15.076,109.59200000000001,109.589,1.2,1.25
05.08.2021 00:31:15.228,109.59200000000001,109.587,1.95,4.85
05.08.2021 00:31:15.329,109.59100000000001,109.587,2.7,2.69
05.08.2021 00:31:16.516,109.59100000000001,109.589,1,4.26
05.08.2021 00:31:16.567,109.59299999999999,109.589,2.25,5.01
05.08.2021 00:31:16.669,109.594,109.59100000000001,1.5,1.25
05.08.2021 00:31:20.284,109.59200000000001,109.59,1,1.25
05.08.2021 00:31:20.638,109.594,109.59100000000001,1.5,2.39
05.08.2021 00:31:20.740,109.595,109.59200000000001,1,1.94
05.08.2021 00:31:20.841,109.596,109.59200000000001,1.5,1.94
05.08.2021 00:31:21.043,109.59700000000001,109.59299999999999,3.07,1.25
05.08.2021 00:31:21.999,109.595,109.59100000000001,1.95,4.94
05.08.2021 00:31:22.101,109.594,109.59100000000001,1,1.75
05.08.2021 00:31:24.992,109.59299999999999,109.59,1,3.32
05.08.2021 00:31:25.093,109.59200000000001,109.59,1.95,1
05.08.2021 00:31:25.194,109.59200000000001,109.588,2.7,1.94
05.08.2021 00:31:25.296,109.59100000000001,109.588,1,1.25
05.08.2021 00:31:25.808,109.59100000000001,109.588,1,2.87
05.08.2021 00:31:26.696,109.59100000000001,109.587,1.95,1.69
05.08.2021 00:31:28.835,109.59100000000001,109.587,1.5,3.16
05.08.2021 00:31:31.050,109.59200000000001,109.589,1,2.89
05.08.2021 00:31:31.101,109.595,109.588,2.25,4.79
05.08.2021 00:31:31.203,109.594,109.59100000000001,1,1.25
05.08.2021 00:31:31.305,109.595,109.59100000000001,2.25,1.76
05.08.2021 00:31:33.452,109.594,109.59100000000001,1,1.69
05.08.2021 00:31:34.493,109.594,109.59,1.5,2.51
05.08.2021 00:31:34.989,109.59299999999999,109.59,1,1.25
05.08.2021 00:31:35.092,109.59299999999999,109.588,1.5,1.25
05.08.2021 00:31:35.345,109.59200000000001,109.588,2.25,1.39
05.08.2021 00:31:40.653,109.59200000000001,109.589,1,1.25
05.08.2021 00:31:40.754,109.59200000000001,109.589,1,5.16
05.08.2021 00:31:40.855,109.594,109.59,1,3.7
05.08.2021 00:31:40.957,109.594,109.59,1,2.14
05.08.2021 00:31:41.109,109.595,109.59,2.32,2.89
05.08.2021 00:31:41.427,109.595,109.59100000000001,2.32,1
05.08.2021 00:31:44.738,109.595,109.59200000000001,1,1
05.08.2021 00:31:46.206,109.59700000000001,109.59100000000001,2.25,1.2
05.08.2021 00:31:46.912,109.595,109.59100000000001,1,5.66
05.08.2021 00:31:51.447,109.594,109.59100000000001,1,1.25
05.08.2021 00:31:51.549,109.59200000000001,109.59,1,1.69
05.08.2021 00:31:54.973,109.594,109.59,1.5,3.16
05.08.2021 00:31:59.446,109.594,109.59100000000001,1,2.91
05.08.2021 00:31:59.548,109.596,109.59100000000001,2.32,4.16
05.08.2021 00:32:01.210,109.59299999999999,109.59,1.57,1.69
05.08.2021 00:32:02.096,109.594,109.59,2.25,3.72
05.08.2021 00:32:02.247,109.594,109.59100000000001,1.5,1.35
05.08.2021 00:32:02.348,109.595,109.59100000000001,1,3.32
05.08.2021 00:32:02.928,109.595,109.59100000000001,1.5,1.39
05.08.2021 00:32:03.599,109.594,109.59,3.2,2.6
05.08.2021 00:32:03.700,109.594,109.59,2.7,1.76
05.08.2021 00:32:07.218,109.594,109.59,1,3.1
05.08.2021 00:32:10.226,109.595,109.59200000000001,1.2,1.5
05.08.2021 00:32:10.328,109.596,109.59200000000001,1.5,3.04
05.08.2021 00:32:10.530,109.59700000000001,109.59299999999999,1.95,1.95
05.08.2021 00:32:13.018,109.59700000000001,109.594,1.2,1
05.08.2021 00:32:19.457,109.598,109.594,2.32,1.2
05.08.2021 00:32:22.505,109.599,109.594,2.32,1
05.08.2021 00:32:23.753,109.599,109.595,1.5,6.29
05.08.2021 00:32:23.856,109.60000000000001,109.59700000000001,2.7,1
05.08.2021 00:32:23.958,109.601,109.598,1.5,1.39
05.08.2021 00:32:27.075,109.602,109.598,3.07,2.14
05.08.2021 00:32:27.694,109.602,109.598,2.62,2.29
05.08.2021 00:32:29.907,109.602,109.598,2.32,2.89
05.08.2021 00:32:31.425,109.602,109.599,1.57,1
05.08.2021 00:32:36.005,109.603,109.60000000000001,1,1.2
05.08.2021 00:32:36.909,109.604,109.601,1,1.2
05.08.2021 00:32:37.010,109.605,109.601,3.26,1.2
05.08.2021 00:32:43.185,109.603,109.601,1,1.2
05.08.2021 00:32:43.307,109.603,109.60000000000001,1,2.89
05.08.2021 00:32:45.356,109.604,109.602,2.7,1.75
05.08.2021 00:32:45.407,109.604,109.601,1,2.14
05.08.2021 00:32:52.631,109.603,109.60000000000001,1,1.95
05.08.2021 00:33:03.057,109.602,109.60000000000001,1,1.5
05.08.2021 00:33:03.413,109.603,109.60000000000001,2.14,1
05.08.2021 00:33:13.017,109.603,109.60000000000001,1,2.1
05.08.2021 00:33:13.119,109.604,109.60000000000001,1.25,2.85
05.08.2021 00:33:33.234,109.605,109.60000000000001,2.32,4.04
05.08.2021 00:33:33.285,109.605,109.603,1.1,1.25
05.08.2021 00:33:33.336,109.60700000000001,109.603,3.26,2.7
05.08.2021 00:33:33.437,109.60700000000001,109.603,1.1,4.82
05.08.2021 00:33:33.590,109.60799999999999,109.604,2.4,2.89
05.08.2021 00:33:35.444,109.60799999999999,109.604,2.32,3.04
05.08.2021 00:33:35.546,109.60799999999999,109.604,2.32,2.89
05.08.2021 00:33:35.648,109.60799999999999,109.604,1.1,3.89
05.08.2021 00:33:36.108,109.609,109.605,2.25,4.22
05.08.2021 00:33:36.210,109.61,109.60600000000001,2.32,1.95
05.08.2021 00:33:36.363,109.61,109.60600000000001,1.5,3.04
05.08.2021 00:33:36.465,109.61,109.60600000000001,1.57,2.89
05.08.2021 00:33:37.035,109.61,109.60600000000001,2.91,2.25
05.08.2021 00:33:39.688,109.609,109.60600000000001,1,2.29
05.08.2021 00:33:42.478,109.61,109.60700000000001,1,2.14
05.08.2021 00:33:52.088,109.611,109.60799999999999,1.1,1
05.08.2021 00:33:53.074,109.613,109.609,2.32,2.14
05.08.2021 00:33:53.125,109.613,109.611,1.5,1
05.08.2021 00:33:53.226,109.614,109.61200000000001,1.27,1
05.08.2021 00:34:04.560,109.61500000000001,109.61,1.5,1.2
05.08.2021 00:34:20.947,109.611,109.609,1,1.25
05.08.2021 00:34:21.048,109.61,109.60700000000001,1,2.77
05.08.2021 00:34:21.150,109.61,109.60600000000001,2.7,2.51
05.08.2021 00:34:23.232,109.609,109.60600000000001,1,1.1
05.08.2021 00:34:41.080,109.60799999999999,109.605,1,1.1
05.08.2021 00:34:48.476,109.60700000000001,109.605,2.06,1
05.08.2021 00:34:48.527,109.60600000000001,109.602,1.5,6.42
05.08.2021 00:34:48.577,109.604,109.601,1.5,5.02
05.08.2021 00:34:48.679,109.604,109.602,1,1.22
05.08.2021 00:34:48.730,109.603,109.601,1,2.59
05.08.2021 00:34:48.882,109.603,109.601,1,1.22
05.08.2021 00:34:59.867,109.604,109.601,1,1.97
05.08.2021 00:35:06.470,109.605,109.603,1.5,1.25
05.08.2021 00:35:06.521,109.60799999999999,109.604,2.25,2.41
05.08.2021 00:35:06.673,109.60799999999999,109.605,1,2.41
05.08.2021 00:35:06.774,109.609,109.605,1,3.16
05.08.2021 00:35:08.888,109.60799999999999,109.605,1,1.1
05.08.2021 00:35:11.453,109.609,109.605,2.44,1.97
05.08.2021 00:35:23.913,109.609,109.60600000000001,1,2.16
05.08.2021 00:35:24.445,109.61,109.60700000000001,1.5,1.39
05.08.2021 00:35:27.447,109.611,109.60700000000001,2.25,1.39
05.08.2021 00:35:34.132,109.61,109.60700000000001,1,1.39
05.08.2021 00:35:35.489,109.61,109.60600000000001,1.5,2.89
05.08.2021 00:35:35.591,109.609,109.60600000000001,1.5,1.25
05.08.2021 00:35:36.327,109.60799999999999,109.605,1,3.14
05.08.2021 00:35:37.667,109.60700000000001,109.604,1,2.16
05.08.2021 00:35:42.890,109.60700000000001,109.604,1,1
05.08.2021 00:35:45.323,109.60600000000001,109.603,1,2.14
05.08.2021 00:35:45.863,109.604,109.602,1,1
05.08.2021 00:35:49.069,109.603,109.60000000000001,1,2.14
05.08.2021 00:35:53.153,109.602,109.60000000000001,1,1
05.08.2021 00:35:53.708,109.602,109.599,1,2.89
05.08.2021 00:35:53.810,109.603,109.599,1,1
05.08.2021 00:35:59.396,109.604,109.599,1.57,1
05.08.2021 00:36:08.861,109.603,109.60000000000001,1,3.04
05.08.2021 00:36:08.963,109.604,109.60000000000001,1.5,3.79
05.08.2021 00:36:09.266,109.604,109.60000000000001,1.76,2.7
05.08.2021 00:36:10.160,109.603,109.60000000000001,1.76,1
05.08.2021 00:36:22.869,109.604,109.599,1,3.04
05.08.2021 00:36:25.820,109.603,109.60000000000001,1,2.89
05.08.2021 00:36:34.173,109.602,109.598,2.7,2.22
05.08.2021 00:36:34.224,109.599,109.59700000000001,1,2.25
05.08.2021 00:36:34.325,109.60000000000001,109.596,1,1.39
05.08.2021 00:36:34.427,109.60000000000001,109.598,1,2.14
05.08.2021 00:36:34.528,109.601,109.598,1,2.14
05.08.2021 00:36:36.628,109.601,109.599,1,1
05.08.2021 00:36:37.244,109.601,109.598,1,2.14
05.08.2021 00:36:39.635,109.602,109.598,2.32,2.89
05.08.2021 00:36:41.298,109.60000000000001,109.598,1,1.95
05.08.2021 00:36:41.399,109.602,109.59700000000001,1.5,1.2
05.08.2021 00:36:41.533,109.599,109.59700000000001,1,1.6
05.08.2021 00:36:41.803,109.599,109.59700000000001,1,1.2
05.08.2021 00:36:43.365,109.60000000000001,109.598,1,1
05.08.2021 00:36:43.466,109.602,109.598,2.32,2.89
05.08.2021 00:36:43.567,109.602,109.599,1.5,1.2
05.08.2021 00:36:43.669,109.602,109.60000000000001,1.5,1
05.08.2021 00:36:43.824,109.602,109.599,1.5,1.2
05.08.2021 00:36:50.604,109.602,109.60000000000001,1.5,1
05.08.2021 00:36:50.925,109.60000000000001,109.598,1,1.11
05.08.2021 00:36:51.026,109.60000000000001,109.596,1,1.2
05.08.2021 00:36:51.531,109.60000000000001,109.598,1,1
05.08.2021 00:36:54.791,109.599,109.59700000000001,1,1
05.08.2021 00:36:54.893,109.598,109.596,1,1
05.08.2021 00:36:55.959,109.596,109.594,1.25,1.5
05.08.2021 00:36:56.061,109.595,109.59200000000001,1.5,2.4
05.08.2021 00:36:56.112,109.59299999999999,109.59200000000001,1,1.2
05.08.2021 00:36:56.214,109.59299999999999,109.59100000000001,1,1
05.08.2021 00:36:59.522,109.59299999999999,109.59,1.1,1
05.08.2021 00:37:00.413,109.59200000000001,109.59,1,1
05.08.2021 00:37:00.564,109.59100000000001,109.588,1.25,1.5
05.08.2021 00:37:00.615,109.59100000000001,109.59,1,1
05.08.2021 00:37:00.767,109.59200000000001,109.59,1.5,1
05.08.2021 00:37:00.869,109.59299999999999,109.59100000000001,1.5,1.69
05.08.2021 00:37:00.970,109.594,109.59200000000001,1,1
05.08.2021 00:37:01.071,109.595,109.59200000000001,1.57,1
05.08.2021 00:37:01.173,109.594,109.59200000000001,1,1
05.08.2021 00:37:10.019,109.59200000000001,109.59100000000001,1,1
05.08.2021 00:37:10.121,109.59299999999999,109.589,1,1
05.08.2021 00:37:10.273,109.59200000000001,109.589,1,1
05.08.2021 00:37:10.578,109.59100000000001,109.589,1,1
05.08.2021 00:37:12.527,109.59299999999999,109.589,1.5,1
05.08.2021 00:37:12.679,109.59299999999999,109.59100000000001,1,1
05.08.2021 00:37:19.898,109.594,109.59200000000001,1,1
05.08.2021 00:37:20.000,109.59700000000001,109.59100000000001,2.72,2.25
05.08.2021 00:37:20.101,109.596,109.594,1.5,1
05.08.2021 00:37:20.203,109.596,109.595,1.5,1
05.08.2021 00:37:21.799,109.598,109.595,1.95,1
05.08.2021 00:37:21.902,109.598,109.596,1,1
05.08.2021 00:37:22.004,109.60000000000001,109.59700000000001,2.32,1
05.08.2021 00:37:22.158,109.60000000000001,109.598,1.87,1
05.08.2021 00:37:22.310,109.601,109.598,1.5,1
05.08.2021 00:37:22.463,109.601,109.599,1.5,1
05.08.2021 00:37:31.181,109.601,109.60000000000001,1,1
05.08.2021 00:37:31.282,109.602,109.60000000000001,1.5,1
05.08.2021 00:37:32.928,109.602,109.601,1,1
05.08.2021 00:37:33.029,109.604,109.601,1.76,1
05.08.2021 00:37:35.568,109.605,109.601,1.57,1
05.08.2021 00:37:41.939,109.60799999999999,109.605,2.07,2.32
05.08.2021 00:37:42.040,109.609,109.60700000000001,1.6,1.5
05.08.2021 00:37:42.091,109.61,109.60700000000001,1.1,1.5
05.08.2021 00:37:42.212,109.61200000000001,109.60799999999999,1.57,1
05.08.2021 00:37:43.558,109.61200000000001,109.61,1.1,1
05.08.2021 00:37:47.154,109.61500000000001,109.61200000000001,1.25,1.95
05.08.2021 00:37:47.256,109.614,109.61200000000001,1.25,1
05.08.2021 00:37:47.358,109.614,109.611,1.25,1.95
05.08.2021 00:37:49.716,109.614,109.61200000000001,1.25,1
05.08.2021 00:37:49.818,109.616,109.611,1.69,1.2
05.08.2021 00:37:49.919,109.616,109.613,2.14,1
05.08.2021 00:37:50.396,109.61500000000001,109.613,1.25,1
05.08.2021 00:37:50.756,109.616,109.614,2.14,1
05.08.2021 00:37:57.196,109.616,109.613,2.14,1
05.08.2021 00:37:57.298,109.61500000000001,109.613,1.25,1
05.08.2021 00:37:58.855,109.616,109.613,1.39,1
05.08.2021 00:37:58.956,109.616,109.613,2.2,1
05.08.2021 00:37:59.493,109.616,109.61200000000001,2.2,1.95
05.08.2021 00:38:00.972,109.61500000000001,109.61200000000001,1.75,1.2
05.08.2021 00:38:01.875,109.613,109.611,1.25,1
05.08.2021 00:38:03.564,109.611,109.60799999999999,1.75,2.06
05.08.2021 00:38:03.665,109.611,109.60700000000001,1.25,1
05.08.2021 00:38:03.767,109.61,109.60700000000001,1.25,1.95
05.08.2021 00:38:03.868,109.61,109.60700000000001,2.2,1
05.08.2021 00:38:04.094,109.61,109.60600000000001,3.7,2.7
05.08.2021 00:38:05.661,109.60799999999999,109.605,1.45,2.25
05.08.2021 00:38:05.762,109.60799999999999,109.604,2.95,2.7
05.08.2021 00:38:16.223,109.60799999999999,109.604,3.25,2.1
05.08.2021 00:38:16.335,109.60799999999999,109.605,1.69,1.2
05.08.2021 00:38:21.451,109.609,109.60600000000001,2.95,1
05.08.2021 00:38:23.814,109.609,109.60600000000001,1.69,1.2
05.08.2021 00:38:28.283,109.609,109.60700000000001,1,1.2
05.08.2021 00:38:40.294,109.609,109.60600000000001,1,1.95
05.08.2021 00:38:44.565,109.60799999999999,109.60600000000001,1.25,1
05.08.2021 00:38:44.666,109.60700000000001,109.60600000000001,1.25,1
05.08.2021 00:38:44.770,109.60700000000001,109.605,1.25,1.5
05.08.2021 00:38:46.712,109.609,109.604,1.25,2.7
05.08.2021 00:38:46.813,109.60799999999999,109.60600000000001,1.25,1
05.08.2021 00:38:48.685,109.60799999999999,109.605,2.14,1.5
05.08.2021 00:38:52.628,109.60799999999999,109.60600000000001,1.25,1
05.08.2021 00:38:52.729,109.609,109.60600000000001,2.44,1.2
05.08.2021 00:38:53.011,109.60799999999999,109.60600000000001,1.25,1.2
05.08.2021 00:38:58.396,109.609,109.60700000000001,1.69,1
05.08.2021 00:38:59.682,109.609,109.60600000000001,1.69,1.95
05.08.2021 00:38:59.783,109.609,109.60700000000001,1.69,1
05.08.2021 00:39:04.769,109.60799999999999,109.60600000000001,1.25,1.95
05.08.2021 00:39:05.906,109.609,109.60600000000001,1.69,1.95
05.08.2021 00:39:11.254,109.609,109.60700000000001,1.69,1
05.08.2021 00:39:14.467,109.61,109.60799999999999,1,2.47
05.08.2021 00:39:14.518,109.613,109.609,1.25,1
05.08.2021 00:39:14.620,109.611,109.609,1.35,1
05.08.2021 00:39:14.723,109.611,109.60799999999999,1.82,1
05.08.2021 00:39:14.976,109.61,109.60700000000001,1.35,2.25
05.08.2021 00:39:16.043,109.60799999999999,109.604,1.25,2.62
05.08.2021 00:39:19.818,109.60700000000001,109.604,1.39,1
05.08.2021 00:39:30.994,109.60799999999999,109.60600000000001,1.69,1
05.08.2021 00:39:31.109,109.60799999999999,109.60600000000001,1.25,1
05.08.2021 00:39:31.261,109.609,109.605,3.79,2.25
05.08.2021 00:39:35.716,109.60799999999999,109.60600000000001,1.25,1
05.08.2021 00:39:35.918,109.60799999999999,109.605,1.25,1.95
05.08.2021 00:39:37.835,109.60700000000001,109.604,1,1.2
05.08.2021 00:39:48.332,109.60799999999999,109.605,1.69,1.2
05.08.2021 00:39:48.434,109.60799999999999,109.60600000000001,1.69,1
05.08.2021 00:39:48.535,109.60799999999999,109.605,1.69,1.2
05.08.2021 00:39:50.910,109.609,109.605,1.25,1
05.08.2021 00:39:51.115,109.609,109.60600000000001,2.89,1
05.08.2021 00:39:52.955,109.60799999999999,109.60600000000001,1.25,1
05.08.2021 00:39:53.057,109.60799999999999,109.605,2.14,1.5
05.08.2021 00:40:04.102,109.61200000000001,109.60799999999999,1.25,1.95
05.08.2021 00:40:04.153,109.614,109.61,5.42,1.95
05.08.2021 00:40:04.305,109.614,109.61,2.89,1.95
05.08.2021 00:40:04.407,109.61500000000001,109.61,2.14,1
05.08.2021 00:40:05.943,109.613,109.61,1.39,1
05.08.2021 00:40:06.044,109.613,109.61,1.75,1.2
05.08.2021 00:40:06.146,109.614,109.611,1.39,1.5
05.08.2021 00:40:09.046,109.61500000000001,109.61200000000001,2.89,1
05.08.2021 00:40:10.914,109.616,109.61200000000001,3.64,2.7
05.08.2021 00:40:13.707,109.616,109.61200000000001,3.19,2.85
05.08.2021 00:40:16.839,109.617,109.614,2.14,1
05.08.2021 00:40:18.750,109.616,109.613,1,1.2
05.08.2021 00:40:18.852,109.61500000000001,109.613,1.25,1
05.08.2021 00:40:23.910,109.614,109.611,1.25,1.95
05.08.2021 00:40:30.030,109.614,109.61200000000001,1,1.2
05.08.2021 00:40:30.582,109.616,109.611,2.06,2.7
05.08.2021 00:40:42.629,109.61500000000001,109.61200000000001,1,2.85
05.08.2021 00:40:42.730,109.616,109.61200000000001,1.69,2.85
05.08.2021 00:40:56.226,109.616,109.614,1,1.95
05.08.2021 00:40:56.805,109.619,109.613,4.45,2.7
05.08.2021 00:40:57.298,109.618,109.61500000000001,3.7,1
05.08.2021 00:40:58.687,109.617,109.614,1.25,1.2
05.08.2021 00:41:04.195,109.613,109.611,1.5,1.2
05.08.2021 00:41:04.297,109.61200000000001,109.609,1.25,2.7
05.08.2021 00:41:06.229,109.61200000000001,109.60799999999999,2.5,3.6
05.08.2021 00:41:07.345,109.61200000000001,109.609,1.69,1.2
05.08.2021 00:41:10.436,109.61200000000001,109.60799999999999,2.89,3.45
05.08.2021 00:41:11.230,109.611,109.60799999999999,1,3.45
05.08.2021 00:41:23.677,109.61200000000001,109.60799999999999,3.26,3.45
05.08.2021 00:41:23.728,109.61,109.60799999999999,1.25,1.5
05.08.2021 00:41:23.829,109.61,109.60600000000001,1.69,4.89
05.08.2021 00:41:23.931,109.61,109.60600000000001,2.5,3.6
05.08.2021 00:41:24.032,109.61,109.60600000000001,2.95,2.7
05.08.2021 00:41:25.414,109.61,109.60700000000001,5.95,1
05.08.2021 00:41:28.303,109.609,109.60600000000001,1.01,2.25
05.08.2021 00:41:30.253,109.60799999999999,109.605,1.01,3
05.08.2021 00:41:30.355,109.609,109.603,2.51,5.03
05.08.2021 00:41:37.135,109.60799999999999,109.60600000000001,1.76,1
05.08.2021 00:41:37.829,109.60799999999999,109.60700000000001,1,1
05.08.2021 00:41:37.980,109.609,109.60700000000001,1.69,1
05.08.2021 00:41:39.266,109.61,109.60700000000001,3.26,1
05.08.2021 00:41:40.507,109.611,109.60799999999999,2.91,1
05.08.2021 00:41:40.941,109.611,109.60799999999999,1.57,1.5
05.08.2021 00:41:51.400,109.61,109.60799999999999,1,1.5
05.08.2021 00:41:52.394,109.611,109.60799999999999,1.57,1.5
05.08.2021 00:41:56.023,109.61200000000001,109.61,1,1.57
05.08.2021 00:41:56.125,109.614,109.611,2.95,1
05.08.2021 00:41:56.226,109.614,109.611,2.14,1
05.08.2021 00:41:57.146,109.614,109.611,2.56,1.1
05.08.2021 00:41:57.868,109.614,109.611,2.44,1.1
05.08.2021 00:41:57.969,109.614,109.61200000000001,1.25,1
05.08.2021 00:41:58.704,109.61500000000001,109.613,1.75,1
05.08.2021 00:41:59.519,109.61500000000001,109.613,1.25,1.5
05.08.2021 00:41:59.782,109.616,109.613,3,1.57
05.08.2021 00:42:00.831,109.616,109.61500000000001,1,1
05.08.2021 00:42:01.033,109.617,109.61500000000001,1,1.57
05.08.2021 00:42:01.741,109.617,109.614,1,1.57
05.08.2021 00:42:01.944,109.617,109.61500000000001,1,1.1
05.08.2021 00:42:29.094,109.617,109.614,2.69,1.57
05.08.2021 00:42:29.196,109.614,109.613,1.69,1
05.08.2021 00:42:29.246,109.613,109.611,1.25,2.02
05.08.2021 00:42:29.499,109.613,109.609,3.19,3.47
05.08.2021 00:42:36.424,109.613,109.611,1.69,1
05.08.2021 00:42:36.526,109.613,109.61,6.26,1
05.08.2021 00:42:36.627,109.611,109.60799999999999,1.25,2.06
05.08.2021 00:42:38.419,109.611,109.60799999999999,1.25,1.57
05.08.2021 00:42:39.125,109.611,109.60700000000001,2.87,2.72
05.08.2021 00:42:39.227,109.611,109.60600000000001,3.82,1
05.08.2021 00:42:39.328,109.609,109.60600000000001,1.75,1.57
05.08.2021 00:42:40.152,109.609,109.60600000000001,1.25,1.1
05.08.2021 00:42:40.668,109.609,109.60600000000001,2.5,1.1
05.08.2021 00:42:45.450,109.60799999999999,109.60600000000001,1.75,1
05.08.2021 00:42:45.601,109.609,109.605,1.69,1
05.08.2021 00:42:48.521,109.60799999999999,109.605,1.69,1.57
05.08.2021 00:43:01.069,109.60799999999999,109.605,1.25,3.1
05.08.2021 00:43:01.170,109.609,109.60600000000001,1.75,1.22
05.08.2021 00:43:01.272,109.61,109.60600000000001,3.25,1.97
05.08.2021 00:43:01.373,109.61,109.60600000000001,2.44,1.97
05.08.2021 00:43:03.084,109.61,109.60799999999999,1,2.25
05.08.2021 00:43:03.585,109.61200000000001,109.60700000000001,1,1.5
05.08.2021 00:43:08.624,109.611,109.60700000000001,2.81,1.2
05.08.2021 00:43:09.438,109.61,109.60700000000001,1,1.2
05.08.2021 00:43:15.144,109.609,109.60600000000001,1,2.72
05.08.2021 00:43:16.756,109.61,109.60600000000001,1.69,1.97
05.08.2021 00:43:20.745,109.611,109.60799999999999,1,1.57
05.08.2021 00:43:20.846,109.61200000000001,109.61,2.44,1
05.08.2021 00:43:21.599,109.61200000000001,109.611,1,1
05.08.2021 00:43:30.169,109.61200000000001,109.60700000000001,2.25,1.1
05.08.2021 00:43:30.270,109.611,109.60700000000001,1.25,1.1
05.08.2021 00:43:30.371,109.611,109.60600000000001,1.25,2.32
05.08.2021 00:43:30.473,109.61,109.60700000000001,3.25,1.1
05.08.2021 00:43:33.527,109.61,109.60700000000001,3.19,1.1
05.08.2021 00:43:33.679,109.61,109.60700000000001,1,1.97
05.08.2021 00:43:33.780,109.611,109.60700000000001,3.94,2.72
05.08.2021 00:44:05.108,109.61,109.60700000000001,1,1.97
05.08.2021 00:44:07.495,109.61,109.60700000000001,1,1.1
05.08.2021 00:44:07.545,109.60799999999999,109.605,1.69,3.07
05.08.2021 00:44:07.647,109.60700000000001,109.604,3.19,1.27
05.08.2021 00:44:08.227,109.60700000000001,109.604,1.5,1.22
05.08.2021 00:44:11.414,109.60799999999999,109.605,1,1.22
05.08.2021 00:44:14.778,109.60600000000001,109.604,3.19,2.7
05.08.2021 00:44:14.880,109.605,109.602,1,3.92
05.08.2021 00:44:14.981,109.605,109.601,3.19,1.97
05.08.2021 00:44:15.387,109.604,109.601,1,1.97
05.08.2021 00:44:22.936,109.605,109.601,1.5,3.47
05.08.2021 00:44:23.172,109.604,109.60000000000001,1,2.72
05.08.2021 00:44:28.804,109.603,109.60000000000001,1,1.97
05.08.2021 00:44:28.956,109.601,109.599,1,1.57
05.08.2021 00:44:29.260,109.604,109.598,3.64,1.1
05.08.2021 00:44:30.785,109.603,109.599,3.19,1.6
05.08.2021 00:44:31.124,109.603,109.599,3.19,1.97
05.08.2021 00:44:32.559,109.603,109.599,1.5,3.22
05.08.2021 00:44:33.669,109.604,109.601,1.5,1.1
05.08.2021 00:44:38.220,109.603,109.601,1,1
05.08.2021 00:44:38.322,109.602,109.60000000000001,1.25,1.1
05.08.2021 00:44:38.627,109.603,109.60000000000001,1.25,1.1
05.08.2021 00:44:43.586,109.603,109.601,1,1
05.08.2021 00:44:43.688,109.605,109.60000000000001,1.25,1
05.08.2021 00:44:50.584,109.60600000000001,109.602,2.44,3.85
05.08.2021 00:44:50.686,109.60600000000001,109.603,1,1.22
05.08.2021 00:44:50.787,109.60700000000001,109.603,2.44,1.22
05.08.2021 00:44:50.940,109.60600000000001,109.603,1,1.22
05.08.2021 00:44:51.041,109.605,109.601,1,1.95
05.08.2021 00:44:55.299,109.604,109.601,1,1.2
05.08.2021 00:44:55.501,109.605,109.599,1.5,1.95
05.08.2021 00:45:00.647,109.604,109.60000000000001,2.25,2.1
05.08.2021 00:45:14.531,109.604,109.601,1.69,1.22
05.08.2021 00:45:23.204,109.605,109.603,1,1.1
05.08.2021 00:45:23.306,109.60700000000001,109.603,3.19,1.22
05.08.2021 00:45:25.708,109.60600000000001,109.603,1,1.22
05.08.2021 00:45:25.809,109.60700000000001,109.604,1.25,1.1
05.08.2021 00:45:34.864,109.60600000000001,109.603,1,2.72
05.08.2021 00:45:36.299,109.60700000000001,109.604,1.25,1.1
05.08.2021 00:45:40.562,109.60600000000001,109.602,2.44,6.47
05.08.2021 00:45:40.664,109.604,109.602,1,1.57
05.08.2021 00:45:40.867,109.604,109.601,1.69,1
05.08.2021 00:45:40.969,109.603,109.601,1.25,1
05.08.2021 00:45:41.070,109.604,109.599,1.25,1.2
05.08.2021 00:45:42.960,109.603,109.599,2.44,2.7
05.08.2021 00:45:44.096,109.603,109.60000000000001,1.69,1
05.08.2021 00:45:45.337,109.602,109.598,1.69,2.72
05.08.2021 00:45:47.178,109.603,109.599,3.82,1.1
05.08.2021 00:45:47.279,109.604,109.60000000000001,3.19,1.22
05.08.2021 00:45:47.693,109.603,109.60000000000001,1.25,1.97
05.08.2021 00:45:47.794,109.603,109.60000000000001,1.25,1.5
05.08.2021 00:46:00.471,109.602,109.599,1.25,1.57
05.08.2021 00:46:00.572,109.601,109.599,1,1.1
05.08.2021 00:46:00.674,109.601,109.598,1,1.1
05.08.2021 00:46:01.108,109.602,109.598,1.69,1.97
05.08.2021 00:46:03.268,109.601,109.59700000000001,1,1.22
05.08.2021 00:46:03.319,109.60000000000001,109.596,1.5,1
05.08.2021 00:46:03.371,109.599,109.595,2.44,5.4
05.08.2021 00:46:09.418,109.598,109.595,1.25,1.5
05.08.2021 00:46:09.520,109.599,109.598,1,1
05.08.2021 00:46:09.621,109.60000000000001,109.59700000000001,1.25,2.32
05.08.2021 00:46:20.657,109.602,109.598,4.82,1.57
05.08.2021 00:46:20.759,109.60000000000001,109.599,1,1
05.08.2021 00:46:20.810,109.599,109.596,1,1.71
05.08.2021 00:46:20.912,109.60000000000001,109.595,1,1.1
05.08.2021 00:46:21.064,109.59700000000001,109.59299999999999,1.69,4.8
05.08.2021 00:46:21.167,109.594,109.59100000000001,1.82,1.1
05.08.2021 00:46:21.269,109.594,109.59100000000001,1.82,1
05.08.2021 00:46:26.451,109.59299999999999,109.59,1.01,1
05.08.2021 00:46:27.127,109.59299999999999,109.59100000000001,1.01,1
05.08.2021 00:46:31.291,109.594,109.59100000000001,1.69,1.2
05.08.2021 00:46:31.731,109.595,109.59100000000001,1.01,2.7
05.08.2021 00:46:34.555,109.595,109.59100000000001,1.25,3.6
05.08.2021 00:47:00.883,109.596,109.59200000000001,2.51,1.2
05.08.2021 00:47:06.811,109.59700000000001,109.59,3.91,3.45
05.08.2021 00:47:10.705,109.596,109.59100000000001,2.51,3.6
05.08.2021 00:47:26.154,109.59700000000001,109.59200000000001,1.76,1
05.08.2021 00:47:55.289,109.598,109.595,3.82,1
05.08.2021 00:47:55.390,109.598,109.596,2.25,1.2
05.08.2021 00:47:55.491,109.60000000000001,109.596,2.51,1.95
05.08.2021 00:47:55.543,109.601,109.599,1,1.95
05.08.2021 00:47:55.644,109.603,109.60000000000001,1.7,1.5
05.08.2021 00:47:55.745,109.604,109.601,2.51,1
05.08.2021 00:48:00.290,109.603,109.601,1.25,1
05.08.2021 00:48:00.391,109.603,109.60000000000001,1.01,1
05.08.2021 00:48:00.493,109.602,109.599,1.01,1
05.08.2021 00:48:00.594,109.602,109.598,1.01,2.7
05.08.2021 00:48:09.560,109.602,109.598,1.01,3.2
05.08.2021 00:48:09.763,109.603,109.59700000000001,1.76,2.7
05.08.2021 00:48:11.962,109.602,109.599,1.76,1
05.08.2021 00:48:19.438,109.601,109.598,1.01,1
05.08.2021 00:48:19.641,109.601,109.599,1.1,1
05.08.2021 00:48:19.742,109.601,109.598,1.1,1
05.08.2021 00:48:19.844,109.602,109.599,2.89,1
05.08.2021 00:48:22.092,109.603,109.60000000000001,2.32,1
05.08.2021 00:48:24.143,109.602,109.599,1,1.2
05.08.2021 00:48:24.245,109.604,109.598,2.32,2.7
05.08.2021 00:48:24.346,109.602,109.599,1,1.95
05.08.2021 00:48:29.745,109.603,109.60000000000001,2.32,1
05.08.2021 00:48:29.999,109.603,109.599,3.47,3
05.08.2021 00:48:32.207,109.603,109.599,3.64,2.7
05.08.2021 00:48:32.419,109.603,109.60000000000001,2.89,1
05.08.2021 00:48:35.403,109.604,109.601,2.32,1
05.08.2021 00:48:40.204,109.604,109.60000000000001,1.57,2.14
05.08.2021 00:48:40.550,109.603,109.60000000000001,1.1,1.69
05.08.2021 00:48:52.281,109.603,109.601,1,1
05.08.2021 00:48:52.383,109.603,109.60000000000001,1,2.14
05.08.2021 00:48:52.855,109.604,109.60000000000001,1.57,2.89
05.08.2021 00:48:56.968,109.604,109.601,1,1.39
05.08.2021 00:48:57.819,109.604,109.602,1,1.25
05.08.2021 00:48:57.871,109.605,109.604,1,1.25
05.08.2021 00:48:57.923,109.60700000000001,109.604,1,1.2
05.08.2021 00:48:58.126,109.60799999999999,109.605,1,1.2
05.08.2021 00:48:58.682,109.60799999999999,109.604,1.57,3.64
05.08.2021 00:48:58.835,109.60799999999999,109.603,1,1.39
05.08.2021 00:48:58.937,109.60700000000001,109.603,1.1,2.89
05.08.2021 00:49:00.726,109.60600000000001,109.603,1.1,1
05.08.2021 00:49:00.827,109.60600000000001,109.602,1.1,2.89
05.08.2021 00:49:02.932,109.605,109.602,1.5,1.39
05.08.2021 00:49:04.783,109.604,109.602,1,1.39
05.08.2021 00:49:17.912,109.605,109.602,1.1,1
05.08.2021 00:49:55.354,109.605,109.601,1.95,2.51
05.08.2021 00:49:56.382,109.60700000000001,109.604,1.6,1
05.08.2021 00:49:56.484,109.60700000000001,109.605,1,1.5
05.08.2021 00:49:56.585,109.60799999999999,109.60600000000001,1,1.25
05.08.2021 00:49:56.787,109.609,109.604,1.2,1.5
05.08.2021 00:49:57.091,109.60799999999999,109.605,2.1,1
05.08.2021 00:49:57.141,109.60600000000001,109.603,1.2,1.5
05.08.2021 00:49:59.081,109.60600000000001,109.602,1.95,2.51
05.08.2021 00:50:00.085,109.605,109.603,1,1
05.08.2021 00:50:01.090,109.60600000000001,109.601,1,1.57
05.08.2021 00:50:02.155,109.605,109.604,1,1
05.08.2021 00:50:02.917,109.60600000000001,109.604,1.5,1
