Gmt time,Ask,Bid,AskVolume,BidVolume
23.08.2021 00:00:00.202,109.844,109.84100000000001,1.57,1
23.08.2021 00:00:00.817,109.84299999999999,109.838,1.57,2.72
23.08.2021 00:00:00.868,109.84100000000001,109.837,3.34,1
23.08.2021 00:00:00.970,109.84100000000001,109.837,3.49,1
23.08.2021 00:00:01.071,109.84100000000001,109.83600000000001,4.24,2.81
23.08.2021 00:00:02.283,109.84200000000001,109.837,1.47,1
23.08.2021 00:00:02.486,109.84100000000001,109.84,1,1
23.08.2021 00:00:02.537,109.84299999999999,109.839,3.07,1.5
23.08.2021 00:00:02.587,109.844,109.84100000000001,2.32,1
23.08.2021 00:00:02.689,109.845,109.84100000000001,3.45,1
23.08.2021 00:00:03.307,109.84700000000001,109.84200000000001,1.57,3.14
23.08.2021 00:00:03.409,109.848,109.845,1,1.95
23.08.2021 00:00:03.510,109.848,109.84700000000001,1,1
23.08.2021 00:00:03.662,109.848,109.845,1,2.89
23.08.2021 00:00:03.763,109.848,109.845,1,3.04
23.08.2021 00:00:03.946,109.848,109.84700000000001,1,1
23.08.2021 00:00:04.100,109.852,109.848,2.32,1
23.08.2021 00:00:04.201,109.852,109.84700000000001,1.57,1.2
23.08.2021 00:00:04.729,109.851,109.84700000000001,1,1.2
23.08.2021 00:00:04.780,109.849,109.84700000000001,1,1
23.08.2021 00:00:05.085,109.852,109.84700000000001,3.6,1.5
23.08.2021 00:00:06.026,109.851,109.84700000000001,1.97,1.5
23.08.2021 00:00:06.532,109.85000000000001,109.846,2.29,1
23.08.2021 00:00:06.734,109.851,109.84700000000001,1.97,1
23.08.2021 00:00:07.138,109.852,109.846,2.47,1.5
23.08.2021 00:00:07.290,109.85000000000001,109.846,1.2,1.95
23.08.2021 00:00:07.493,109.849,109.845,1.2,2.89
23.08.2021 00:00:07.544,109.846,109.844,1,1.5
23.08.2021 00:00:07.645,109.846,109.84299999999999,1.2,1.5
23.08.2021 00:00:07.747,109.845,109.84299999999999,1.1,1
23.08.2021 00:00:08.418,109.846,109.84299999999999,1.1,1
23.08.2021 00:00:08.837,109.846,109.84200000000001,1.2,3.26
23.08.2021 00:00:10.897,109.845,109.84200000000001,1.1,1.69
23.08.2021 00:00:12.309,109.845,109.84200000000001,1.35,1
23.08.2021 00:00:12.411,109.845,109.84100000000001,1.41,1
23.08.2021 00:00:16.256,109.846,109.84200000000001,1.31,1.69
23.08.2021 00:00:16.692,109.84700000000001,109.84200000000001,2.91,2.95
23.08.2021 00:00:16.794,109.85000000000001,109.845,1.8,1.25
23.08.2021 00:00:16.898,109.853,109.846,2.54,2.14
23.08.2021 00:00:16.999,109.854,109.848,1.27,2.89
23.08.2021 00:00:17.101,109.853,109.851,1.2,1
23.08.2021 00:00:17.353,109.855,109.851,1.1,1
23.08.2021 00:00:17.404,109.85600000000001,109.852,2.16,1
23.08.2021 00:00:18.223,109.85600000000001,109.852,2.14,1
23.08.2021 00:00:18.960,109.855,109.852,1,1
23.08.2021 00:00:20.196,109.85700000000001,109.852,1.76,3.64
23.08.2021 00:00:20.370,109.85700000000001,109.853,1.95,1.25
23.08.2021 00:00:21.146,109.85799999999999,109.853,2.7,2.14
23.08.2021 00:00:22.126,109.85799999999999,109.853,2.25,3.04
23.08.2021 00:00:22.228,109.859,109.85600000000001,1.1,1.95
23.08.2021 00:00:22.279,109.861,109.85600000000001,2.32,1.95
23.08.2021 00:00:22.380,109.863,109.859,1.12,1.95
23.08.2021 00:00:24.427,109.866,109.86200000000001,1.5,1.95
23.08.2021 00:00:24.529,109.867,109.863,2.32,1.5
23.08.2021 00:00:24.935,109.868,109.863,3.64,2.95
23.08.2021 00:00:25.047,109.868,109.86200000000001,1.12,1.95
23.08.2021 00:00:27.470,109.867,109.863,1.5,3.7
23.08.2021 00:00:28.761,109.866,109.863,1.1,2.5
23.08.2021 00:00:28.880,109.867,109.863,2.32,2.95
23.08.2021 00:00:28.982,109.869,109.866,1.2,2.14
23.08.2021 00:00:29.083,109.87,109.867,1.7,1
23.08.2021 00:00:29.185,109.87200000000001,109.867,3.22,1.5
23.08.2021 00:00:29.236,109.87200000000001,109.868,1.87,1.25
23.08.2021 00:00:29.339,109.87299999999999,109.869,1.57,1.95
23.08.2021 00:00:30.734,109.87299999999999,109.869,1.5,3.85
23.08.2021 00:00:30.957,109.87200000000001,109.868,1.2,1
23.08.2021 00:00:31.058,109.87200000000001,109.866,1.2,4.09
23.08.2021 00:00:39.770,109.869,109.86500000000001,1.2,3.82
23.08.2021 00:00:39.871,109.86500000000001,109.863,1,2.32
23.08.2021 00:00:40.174,109.86500000000001,109.86200000000001,1,1.57
23.08.2021 00:00:40.637,109.864,109.861,1,1.2
23.08.2021 00:00:45.529,109.86500000000001,109.861,1.95,2.7
23.08.2021 00:00:47.646,109.864,109.86,1,1.95
23.08.2021 00:00:49.020,109.864,109.861,1,1.95
23.08.2021 00:00:49.600,109.86500000000001,109.861,1.2,2.89
23.08.2021 00:00:49.701,109.86500000000001,109.86,1,2.7
23.08.2021 00:00:50.807,109.86500000000001,109.861,1.57,2.89
23.08.2021 00:00:51.261,109.86500000000001,109.86,1.1,1
23.08.2021 00:00:51.363,109.863,109.86,1.1,1.5
23.08.2021 00:00:51.465,109.863,109.859,2.32,1.2
23.08.2021 00:00:51.567,109.863,109.859,2.72,1
23.08.2021 00:00:52.953,109.86200000000001,109.85799999999999,1.1,2.7
23.08.2021 00:00:53.948,109.86,109.85600000000001,1.22,1
23.08.2021 00:00:55.058,109.859,109.855,1,2.51
23.08.2021 00:00:55.160,109.86200000000001,109.85799999999999,3.91,1
23.08.2021 00:00:55.261,109.86200000000001,109.85799999999999,1.57,1.2
23.08.2021 00:00:56.891,109.863,109.859,2.35,1
23.08.2021 00:00:57.099,109.863,109.859,1.1,1.2
23.08.2021 00:00:57.201,109.868,109.86500000000001,1.39,1
23.08.2021 00:00:57.304,109.87,109.866,5.1,1.41
23.08.2021 00:00:57.405,109.87,109.866,1.69,1.22
23.08.2021 00:00:57.507,109.87100000000001,109.867,2.14,1.1
23.08.2021 00:00:59.151,109.87,109.866,1.95,1.01
23.08.2021 00:01:00.908,109.87,109.86500000000001,1.25,1.1
23.08.2021 00:01:01.457,109.87,109.866,2.89,1.01
23.08.2021 00:01:01.586,109.87,109.864,1.69,1.41
23.08.2021 00:01:01.844,109.869,109.86500000000001,1.76,2.14
23.08.2021 00:01:01.973,109.868,109.86500000000001,1,1.39
23.08.2021 00:01:02.076,109.868,109.86500000000001,1,2.95
23.08.2021 00:01:05.385,109.87,109.864,1.1,3.7
23.08.2021 00:01:08.027,109.87,109.866,3.64,1.01
23.08.2021 00:01:11.146,109.87100000000001,109.869,1.2,1.1
23.08.2021 00:01:11.248,109.87299999999999,109.868,1.69,1.1
23.08.2021 00:01:11.299,109.874,109.87,1.1,1.5
23.08.2021 00:01:11.350,109.876,109.87200000000001,3.07,1
23.08.2021 00:01:11.451,109.879,109.87299999999999,3.39,1.25
23.08.2021 00:01:11.552,109.878,109.875,1.95,1
23.08.2021 00:01:11.856,109.879,109.876,1,1
23.08.2021 00:01:11.957,109.879,109.87700000000001,1,1
23.08.2021 00:01:12.310,109.879,109.876,1,1.5
23.08.2021 00:01:13.827,109.879,109.875,1,1.69
23.08.2021 00:01:14.283,109.87700000000001,109.874,1.2,1.2
23.08.2021 00:01:14.384,109.876,109.87299999999999,1,1.2
23.08.2021 00:01:14.485,109.87700000000001,109.87299999999999,1.1,2.7
23.08.2021 00:01:14.637,109.87700000000001,109.87299999999999,1,4.05
23.08.2021 00:01:16.354,109.879,109.874,2.5,3.97
23.08.2021 00:01:16.455,109.881,109.875,1.2,2.32
23.08.2021 00:01:18.224,109.879,109.876,1.25,2.32
23.08.2021 00:01:18.529,109.878,109.875,1.39,1
23.08.2021 00:01:18.631,109.87700000000001,109.874,1.25,1.1
23.08.2021 00:01:18.732,109.87700000000001,109.87299999999999,2.14,3.52
23.08.2021 00:01:18.995,109.87700000000001,109.87200000000001,1.69,1.57
23.08.2021 00:01:22.264,109.87700000000001,109.87299999999999,2.89,2.32
23.08.2021 00:01:22.517,109.87700000000001,109.87299999999999,1,3.92
23.08.2021 00:01:22.618,109.878,109.874,1.39,1.1
23.08.2021 00:01:22.751,109.878,109.876,1.25,1
23.08.2021 00:01:22.852,109.879,109.876,1.39,1
23.08.2021 00:01:23.005,109.88,109.876,2.14,1.1
23.08.2021 00:01:23.106,109.881,109.875,2.95,1.1
23.08.2021 00:01:23.258,109.881,109.878,1.39,1
23.08.2021 00:01:23.775,109.881,109.87700000000001,2.89,1.57
23.08.2021 00:01:24.431,109.881,109.87700000000001,3.85,1.5
23.08.2021 00:01:24.533,109.87700000000001,109.875,1.25,1.1
23.08.2021 00:01:24.786,109.87700000000001,109.87299999999999,2.44,2.1
23.08.2021 00:01:25.249,109.878,109.87200000000001,2.89,1.95
23.08.2021 00:01:25.401,109.876,109.87299999999999,2.14,1
23.08.2021 00:01:25.604,109.875,109.87299999999999,1.25,1
23.08.2021 00:01:25.956,109.876,109.87299999999999,2.89,1
23.08.2021 00:01:27.013,109.876,109.87100000000001,3.79,2.7
23.08.2021 00:01:27.546,109.874,109.87100000000001,1,1.95
23.08.2021 00:01:29.558,109.874,109.87100000000001,2.2,1
23.08.2021 00:01:29.659,109.874,109.87,2.2,1.95
23.08.2021 00:01:36.503,109.874,109.87,1.69,2.1
23.08.2021 00:01:40.276,109.874,109.87,2.89,1.95
23.08.2021 00:01:43.695,109.87299999999999,109.87,1,1.2
23.08.2021 00:01:46.657,109.87299999999999,109.867,1.69,2.85
23.08.2021 00:01:46.758,109.869,109.867,1.57,2.25
23.08.2021 00:01:46.860,109.868,109.866,1.1,1
23.08.2021 00:01:46.961,109.868,109.86500000000001,2.51,1
23.08.2021 00:01:49.018,109.87200000000001,109.868,1.1,1
23.08.2021 00:01:49.069,109.87200000000001,109.869,1.25,2.25
23.08.2021 00:01:49.221,109.874,109.869,1.31,1
23.08.2021 00:01:50.464,109.874,109.87,2.44,1.5
23.08.2021 00:01:51.694,109.87299999999999,109.87,1.25,1.5
23.08.2021 00:01:52.489,109.874,109.87,2.44,1.5
23.08.2021 00:01:52.645,109.874,109.87100000000001,1.69,1
23.08.2021 00:01:52.746,109.874,109.87200000000001,1,1
23.08.2021 00:01:52.848,109.875,109.87200000000001,1.01,1
23.08.2021 00:01:53.526,109.875,109.87100000000001,1.76,1.95
23.08.2021 00:01:54.526,109.875,109.87200000000001,1.76,1
23.08.2021 00:01:58.321,109.874,109.87200000000001,1,1
23.08.2021 00:02:01.498,109.876,109.87299999999999,1,2.72
23.08.2021 00:02:01.599,109.87700000000001,109.874,1.69,1.57
23.08.2021 00:02:04.834,109.876,109.874,1,1.1
23.08.2021 00:02:07.313,109.874,109.87299999999999,1.5,1
23.08.2021 00:02:07.415,109.874,109.87200000000001,2.44,1
23.08.2021 00:02:07.517,109.874,109.87,2.89,1.57
23.08.2021 00:02:07.844,109.874,109.87100000000001,1.95,1.25
23.08.2021 00:02:08.726,109.87200000000001,109.869,1,3.82
23.08.2021 00:02:08.879,109.87,109.867,2.7,1.39
23.08.2021 00:02:08.982,109.868,109.866,1,1.39
23.08.2021 00:02:09.084,109.867,109.86500000000001,1,2.21
23.08.2021 00:02:09.741,109.867,109.864,1.5,1.76
23.08.2021 00:02:12.314,109.86500000000001,109.863,1,1.01
23.08.2021 00:02:12.780,109.863,109.861,1,2.5
23.08.2021 00:02:12.831,109.863,109.86,1.5,2.14
23.08.2021 00:02:12.882,109.861,109.859,1,3.34
23.08.2021 00:02:13.084,109.859,109.85799999999999,1.57,1
23.08.2021 00:02:13.143,109.859,109.85600000000001,1.57,2.14
23.08.2021 00:02:13.244,109.85799999999999,109.855,1.5,2.12
23.08.2021 00:02:13.346,109.859,109.85799999999999,1,1.25
23.08.2021 00:02:13.447,109.861,109.85700000000001,1.5,1.39
23.08.2021 00:02:14.505,109.86200000000001,109.85799999999999,1,1.2
23.08.2021 00:02:16.287,109.86200000000001,109.859,1,1
23.08.2021 00:02:16.862,109.863,109.859,1.57,3.89
23.08.2021 00:02:16.964,109.863,109.86,1.5,1.64
23.08.2021 00:02:18.370,109.864,109.86200000000001,1,1.39
23.08.2021 00:02:19.243,109.86500000000001,109.86200000000001,1,1.39
23.08.2021 00:02:19.740,109.86500000000001,109.86200000000001,1,2.39
23.08.2021 00:02:20.563,109.866,109.863,1.57,1
23.08.2021 00:02:21.833,109.866,109.863,1,2.39
23.08.2021 00:02:21.935,109.867,109.864,1,1.39
23.08.2021 00:02:24.029,109.868,109.864,1.5,2.39
23.08.2021 00:02:24.130,109.869,109.86500000000001,1.5,1.39
23.08.2021 00:02:24.283,109.87,109.867,1.57,1.25
23.08.2021 00:02:24.435,109.87,109.867,1,2.2
23.08.2021 00:02:24.537,109.87,109.867,1,1.39
23.08.2021 00:02:27.340,109.87,109.867,1,1.41
23.08.2021 00:02:31.073,109.867,109.864,1,2.19
23.08.2021 00:02:31.123,109.867,109.864,2.25,1.25
23.08.2021 00:02:31.174,109.86500000000001,109.86200000000001,1,2.2
23.08.2021 00:02:31.225,109.863,109.861,1,1.57
23.08.2021 00:02:31.326,109.861,109.85799999999999,1,2.22
23.08.2021 00:02:31.781,109.861,109.85700000000001,1,2.16
23.08.2021 00:02:40.101,109.86200000000001,109.85799999999999,2.89,1.1
23.08.2021 00:02:49.221,109.861,109.85799999999999,1,1.1
23.08.2021 00:02:50.538,109.86200000000001,109.85799999999999,2.7,1.01
23.08.2021 00:02:50.639,109.86200000000001,109.859,1,3.26
23.08.2021 00:02:50.791,109.86200000000001,109.86,1,1
23.08.2021 00:02:50.943,109.863,109.86,3.45,1
23.08.2021 00:02:51.044,109.86200000000001,109.86,1,1
23.08.2021 00:02:55.951,109.864,109.859,1.2,2.5
23.08.2021 00:02:56.054,109.86500000000001,109.86200000000001,1.5,1.01
23.08.2021 00:02:56.156,109.864,109.861,1,1.76
23.08.2021 00:02:56.410,109.86200000000001,109.86,1,1.1
23.08.2021 00:03:00.892,109.86200000000001,109.85799999999999,1,3.89
23.08.2021 00:03:06.315,109.861,109.859,1,1.25
23.08.2021 00:03:06.722,109.863,109.85799999999999,1.5,1.69
23.08.2021 00:03:16.385,109.861,109.85799999999999,1,1.95
23.08.2021 00:03:16.976,109.861,109.85700000000001,2.51,2.7
23.08.2021 00:03:20.101,109.861,109.85799999999999,1.76,1
23.08.2021 00:03:34.678,109.864,109.861,1.39,4.57
23.08.2021 00:03:34.780,109.867,109.863,3.79,1
23.08.2021 00:03:34.881,109.867,109.863,1.5,2.1
23.08.2021 00:03:38.104,109.868,109.864,2.14,1.95
23.08.2021 00:03:46.829,109.867,109.864,1.69,1.2
23.08.2021 00:03:46.880,109.863,109.861,1.76,1.87
23.08.2021 00:03:46.981,109.86200000000001,109.859,1.76,1
23.08.2021 00:03:47.368,109.861,109.859,1,1
23.08.2021 00:04:00.705,109.86200000000001,109.859,1.76,1
23.08.2021 00:04:10.858,109.861,109.85799999999999,1.35,1
23.08.2021 00:04:11.162,109.86,109.85700000000001,1.01,1.5
23.08.2021 00:04:11.974,109.86,109.85700000000001,1.35,1.5
23.08.2021 00:04:13.183,109.861,109.85799999999999,1.01,1
23.08.2021 00:04:13.284,109.86200000000001,109.859,3.26,1
23.08.2021 00:04:13.601,109.86200000000001,109.85799999999999,2.51,2.7
23.08.2021 00:04:14.223,109.861,109.85799999999999,1.25,2.7
23.08.2021 00:04:14.324,109.86200000000001,109.85799999999999,2.51,2.7
23.08.2021 00:04:14.426,109.86200000000001,109.85799999999999,2.91,2.25
23.08.2021 00:04:19.185,109.861,109.85700000000001,1.25,2.25
23.08.2021 00:04:29.378,109.861,109.85799999999999,1.76,1
23.08.2021 00:04:32.355,109.85799999999999,109.85600000000001,1.69,1.12
23.08.2021 00:04:32.457,109.85700000000001,109.853,2.89,2.32
23.08.2021 00:04:32.559,109.85600000000001,109.853,1.5,1.57
23.08.2021 00:04:39.023,109.853,109.85000000000001,1.01,3.75
23.08.2021 00:04:40.443,109.851,109.849,1,1.95
23.08.2021 00:04:40.545,109.85000000000001,109.848,1,1
23.08.2021 00:04:40.747,109.851,109.846,1,1.95
23.08.2021 00:04:46.965,109.85000000000001,109.846,2.51,2.7
23.08.2021 00:04:47.319,109.85000000000001,109.84700000000001,1.76,1
23.08.2021 00:04:48.152,109.852,109.848,2.51,1.95
23.08.2021 00:04:48.304,109.853,109.849,2.57,1.95
23.08.2021 00:04:48.459,109.853,109.85000000000001,1.25,1.95
23.08.2021 00:04:51.227,109.851,109.849,1.25,1
23.08.2021 00:04:51.430,109.85000000000001,109.848,1.25,1
23.08.2021 00:04:51.531,109.851,109.846,1.76,1
23.08.2021 00:04:52.265,109.85000000000001,109.846,2.51,1.2
23.08.2021 00:04:56.440,109.849,109.845,1,2.85
23.08.2021 00:05:00.518,109.84700000000001,109.845,1,1.95
23.08.2021 00:05:00.620,109.845,109.84299999999999,1,3.45
23.08.2021 00:05:00.721,109.844,109.84299999999999,1.25,1.5
23.08.2021 00:05:00.822,109.845,109.84200000000001,2.51,1
23.08.2021 00:05:00.924,109.844,109.84100000000001,1.76,1
23.08.2021 00:05:01.509,109.84299999999999,109.84,1.1,1
23.08.2021 00:05:02.278,109.84299999999999,109.839,1.76,1.95
23.08.2021 00:05:04.711,109.84299999999999,109.84,1.1,1
23.08.2021 00:05:06.521,109.84299999999999,109.839,1.1,3.07
23.08.2021 00:05:08.067,109.84299999999999,109.839,1,2.35
23.08.2021 00:05:08.321,109.84299999999999,109.839,1.76,1.2
23.08.2021 00:05:11.365,109.84200000000001,109.839,1.75,1.95
23.08.2021 00:05:11.466,109.84200000000001,109.839,1.1,1
23.08.2021 00:05:16.261,109.84299999999999,109.839,3.26,1.95
23.08.2021 00:05:17.067,109.84299999999999,109.84,1.57,1
23.08.2021 00:05:17.169,109.846,109.84,3.72,1.5
23.08.2021 00:05:17.221,109.846,109.84200000000001,1.39,3.64
23.08.2021 00:05:17.272,109.848,109.844,4.61,1.5
23.08.2021 00:05:17.374,109.848,109.844,4.11,1.5
23.08.2021 00:05:17.476,109.848,109.845,2.51,1
23.08.2021 00:05:17.629,109.85000000000001,109.844,1.76,1.95
23.08.2021 00:05:17.831,109.85000000000001,109.846,2.51,1.2
23.08.2021 00:05:20.087,109.851,109.84700000000001,1.76,1.2
23.08.2021 00:05:22.210,109.85000000000001,109.846,1,3.04
23.08.2021 00:05:22.842,109.851,109.84700000000001,2.51,1.2
23.08.2021 00:05:23.830,109.85000000000001,109.846,1,3.04
23.08.2021 00:05:23.982,109.85000000000001,109.846,1.76,2.7
23.08.2021 00:05:24.083,109.84700000000001,109.844,2.2,1
23.08.2021 00:05:24.184,109.846,109.84299999999999,1.69,1.2
23.08.2021 00:05:24.285,109.846,109.84200000000001,1.69,3.07
23.08.2021 00:05:26.225,109.84700000000001,109.84299999999999,2.89,1
23.08.2021 00:05:26.838,109.849,109.845,4.39,1
23.08.2021 00:05:26.990,109.849,109.84700000000001,1.25,1
23.08.2021 00:05:27.142,109.85000000000001,109.84700000000001,2.89,1
23.08.2021 00:05:27.244,109.851,109.846,2.95,1
23.08.2021 00:05:27.426,109.849,109.84700000000001,1.25,1
23.08.2021 00:05:27.529,109.85000000000001,109.84700000000001,2.95,1
23.08.2021 00:05:28.499,109.85000000000001,109.84700000000001,1.25,1
23.08.2021 00:05:28.600,109.851,109.84700000000001,2.89,1
23.08.2021 00:05:31.317,109.852,109.849,1,1
23.08.2021 00:05:31.418,109.853,109.849,2.14,1.5
23.08.2021 00:05:31.520,109.851,109.849,1.25,1
23.08.2021 00:05:31.622,109.852,109.84700000000001,1.39,1
23.08.2021 00:05:32.076,109.851,109.848,2.2,1
23.08.2021 00:05:32.178,109.85000000000001,109.846,2.2,2.25
23.08.2021 00:05:38.047,109.849,109.846,1.25,1
23.08.2021 00:05:38.857,109.85000000000001,109.846,2.2,1
23.08.2021 00:05:39.188,109.849,109.846,1.25,1
23.08.2021 00:05:39.390,109.849,109.845,2.2,2.25
23.08.2021 00:05:39.696,109.849,109.845,2.14,2.25
23.08.2021 00:05:39.798,109.849,109.846,2.14,1
23.08.2021 00:05:40.433,109.849,109.846,1.25,1.5
23.08.2021 00:05:40.679,109.851,109.845,2.2,1.5
23.08.2021 00:05:40.781,109.85000000000001,109.846,2.14,2.25
23.08.2021 00:05:43.215,109.851,109.84700000000001,3.79,1
23.08.2021 00:05:43.418,109.851,109.84700000000001,2.89,1
23.08.2021 00:05:46.435,109.852,109.849,1.2,1
23.08.2021 00:05:46.637,109.853,109.85000000000001,2.2,1
23.08.2021 00:05:46.922,109.853,109.85000000000001,1.2,1
23.08.2021 00:05:48.351,109.853,109.849,2.89,1.5
23.08.2021 00:06:00.107,109.853,109.85000000000001,2.14,1
23.08.2021 00:06:02.711,109.855,109.852,4.01,1
23.08.2021 00:06:02.864,109.85600000000001,109.853,1.65,1.25
23.08.2021 00:06:02.915,109.85799999999999,109.854,3.07,2.44
23.08.2021 00:06:03.016,109.859,109.85600000000001,1.65,1
23.08.2021 00:06:03.119,109.86,109.85700000000001,1.69,1
23.08.2021 00:06:03.272,109.86,109.85600000000001,2.14,1
23.08.2021 00:06:03.373,109.859,109.85600000000001,1.25,1
23.08.2021 00:06:04.140,109.85799999999999,109.855,1.39,1
23.08.2021 00:06:04.511,109.85799999999999,109.854,2.89,1.25
23.08.2021 00:06:04.765,109.859,109.855,3.26,1.25
23.08.2021 00:06:10.555,109.86,109.85600000000001,2.14,1.25
23.08.2021 00:06:10.656,109.86,109.85600000000001,2.95,1
23.08.2021 00:06:11.313,109.86,109.85600000000001,1.76,1.2
23.08.2021 00:06:12.429,109.86,109.85600000000001,2.44,2.1
23.08.2021 00:06:14.260,109.861,109.85700000000001,1.2,1.69
23.08.2021 00:06:14.412,109.861,109.85700000000001,1,3.51
23.08.2021 00:06:14.614,109.863,109.859,2.7,1.25
23.08.2021 00:06:14.716,109.863,109.861,1,1
23.08.2021 00:06:15.019,109.864,109.861,1,1
23.08.2021 00:06:15.170,109.86200000000001,109.859,1,1.65
23.08.2021 00:06:15.272,109.86200000000001,109.85799999999999,2.89,1
23.08.2021 00:06:15.734,109.86200000000001,109.859,2.14,1
23.08.2021 00:06:19.462,109.863,109.86,1,1.39
23.08.2021 00:06:19.564,109.864,109.86,1.69,1.39
23.08.2021 00:06:20.336,109.864,109.86,2.95,1
23.08.2021 00:06:20.437,109.86200000000001,109.86,1.25,1
23.08.2021 00:06:20.539,109.86200000000001,109.859,1.25,1
23.08.2021 00:06:20.641,109.86200000000001,109.85700000000001,1.25,1.5
23.08.2021 00:06:22.786,109.86,109.854,1.75,2.35
23.08.2021 00:06:22.887,109.859,109.855,2.95,1.1
23.08.2021 00:06:23.191,109.861,109.85600000000001,2.89,1.1
23.08.2021 00:06:23.394,109.86,109.855,1.25,1.1
23.08.2021 00:06:24.550,109.85700000000001,109.855,1,1
23.08.2021 00:06:24.651,109.85700000000001,109.854,1,1.1
23.08.2021 00:06:24.903,109.85700000000001,109.853,2.7,1.01
23.08.2021 00:06:25.005,109.85700000000001,109.853,3.85,1
23.08.2021 00:06:30.438,109.85700000000001,109.853,2.89,1.1
23.08.2021 00:06:31.525,109.859,109.85700000000001,1.65,1
23.08.2021 00:06:31.626,109.86,109.85799999999999,1,1
23.08.2021 00:06:31.728,109.861,109.85799999999999,1.1,1
23.08.2021 00:06:31.930,109.86200000000001,109.85799999999999,2.51,1.2
23.08.2021 00:06:32.745,109.861,109.85700000000001,1.1,2.89
23.08.2021 00:06:32.847,109.861,109.85700000000001,2.16,2.25
23.08.2021 00:06:32.948,109.86,109.85600000000001,2.51,2.89
23.08.2021 00:06:34.243,109.859,109.85600000000001,1,2.14
23.08.2021 00:06:35.609,109.86,109.85600000000001,1.57,2.14
23.08.2021 00:06:37.414,109.86,109.85700000000001,1.1,1
23.08.2021 00:06:39.747,109.863,109.86,3,1.01
23.08.2021 00:06:39.899,109.864,109.861,1,1.41
23.08.2021 00:06:40.000,109.86500000000001,109.864,1,1
23.08.2021 00:06:40.051,109.867,109.864,1,1.1
23.08.2021 00:06:41.307,109.867,109.86500000000001,1,1
23.08.2021 00:06:41.979,109.868,109.86500000000001,1.95,1
23.08.2021 00:06:42.181,109.868,109.864,2.7,1.01
23.08.2021 00:06:48.382,109.868,109.864,3.97,1.5
23.08.2021 00:06:52.300,109.868,109.864,1.95,2.32
23.08.2021 00:06:52.401,109.87,109.867,1.5,1.76
23.08.2021 00:06:52.792,109.87,109.868,1,1
23.08.2021 00:06:53.868,109.87,109.867,1.76,1.5
23.08.2021 00:06:53.969,109.87200000000001,109.866,2.78,1.76
23.08.2021 00:06:54.171,109.87100000000001,109.868,1.2,1
23.08.2021 00:06:54.273,109.87299999999999,109.87100000000001,1,1
23.08.2021 00:06:54.323,109.875,109.87100000000001,4.16,1
23.08.2021 00:06:54.425,109.876,109.87299999999999,1.7,1.25
23.08.2021 00:06:54.526,109.87700000000001,109.87100000000001,1.39,1.76
23.08.2021 00:06:54.628,109.87700000000001,109.876,1.77,1
23.08.2021 00:06:54.729,109.878,109.87700000000001,2.25,1
23.08.2021 00:06:54.780,109.881,109.87700000000001,3.22,1.5
23.08.2021 00:06:54.881,109.882,109.878,2.66,1.5
23.08.2021 00:06:58.244,109.88,109.878,1,1
23.08.2021 00:07:00.782,109.882,109.881,1,1
23.08.2021 00:07:00.884,109.883,109.881,2.25,2.14
23.08.2021 00:07:00.986,109.88600000000001,109.883,1.22,1
23.08.2021 00:07:01.088,109.88700000000001,109.883,1.1,1.5
23.08.2021 00:07:01.139,109.889,109.88600000000001,6.15,1
23.08.2021 00:07:01.190,109.88700000000001,109.883,1.41,3.07
23.08.2021 00:07:01.292,109.88600000000001,109.885,1.1,1
23.08.2021 00:07:01.343,109.88600000000001,109.883,1.76,1.5
23.08.2021 00:07:01.495,109.88700000000001,109.884,1.22,1
23.08.2021 00:07:01.597,109.88700000000001,109.884,1.1,1.69
23.08.2021 00:07:02.074,109.88700000000001,109.883,2.39,1.57
23.08.2021 00:07:02.176,109.885,109.883,1,1.1
23.08.2021 00:07:02.378,109.885,109.884,1,1
23.08.2021 00:07:04.646,109.88600000000001,109.884,1,1.25
23.08.2021 00:07:04.748,109.889,109.88600000000001,1,1.5
23.08.2021 00:07:04.799,109.889,109.88799999999999,1,1
23.08.2021 00:07:04.849,109.89200000000001,109.889,2.7,1
23.08.2021 00:07:05.667,109.895,109.893,3.75,1.5
23.08.2021 00:07:05.768,109.896,109.893,1.2,1.5
23.08.2021 00:07:07.640,109.896,109.895,1,1
23.08.2021 00:07:07.691,109.899,109.896,1.2,1.5
23.08.2021 00:07:07.741,109.90100000000001,109.898,1.3,1
23.08.2021 00:07:07.843,109.904,109.9,1.1,3.07
23.08.2021 00:07:07.945,109.905,109.90299999999999,1.39,1
23.08.2021 00:07:08.046,109.906,109.90200000000002,3.64,1.57
23.08.2021 00:07:08.148,109.90700000000001,109.90299999999999,2.14,1.76
23.08.2021 00:07:08.249,109.90700000000001,109.904,1.2,1
23.08.2021 00:07:08.351,109.908,109.905,1,1.01
23.08.2021 00:07:08.553,109.908,109.904,1.39,2.4
23.08.2021 00:07:08.655,109.90899999999999,109.90299999999999,4.79,1.2
23.08.2021 00:07:08.756,109.906,109.90200000000002,1,2.22
23.08.2021 00:07:09.060,109.90700000000001,109.90200000000002,2.14,2.97
23.08.2021 00:07:09.161,109.90700000000001,109.90200000000002,3.14,2.16
23.08.2021 00:07:09.415,109.906,109.90200000000002,3.29,1
23.08.2021 00:07:09.517,109.905,109.90200000000002,1.64,1
23.08.2021 00:07:09.618,109.904,109.90100000000001,1.39,1.5
23.08.2021 00:07:09.960,109.90299999999999,109.90100000000001,1,1
23.08.2021 00:07:10.011,109.899,109.897,1,1.27
23.08.2021 00:07:10.214,109.899,109.896,1,1.1
23.08.2021 00:07:10.365,109.899,109.897,1.25,1
23.08.2021 00:07:10.467,109.898,109.897,1.25,1
23.08.2021 00:07:10.669,109.899,109.897,1.39,1
23.08.2021 00:07:10.771,109.899,109.896,2.14,1
23.08.2021 00:07:12.613,109.899,109.895,3.64,1
23.08.2021 00:07:12.714,109.899,109.893,2.14,1.1
23.08.2021 00:07:13.119,109.897,109.893,1.5,2.91
23.08.2021 00:07:14.463,109.896,109.893,1,1.97
23.08.2021 00:07:14.752,109.896,109.893,1,1.57
23.08.2021 00:07:18.048,109.898,109.89200000000001,1.69,2.72
23.08.2021 00:07:18.149,109.896,109.893,1,2.72
23.08.2021 00:07:20.387,109.897,109.893,2.95,1.57
23.08.2021 00:07:21.216,109.896,109.89200000000001,4.82,2.7
23.08.2021 00:07:21.318,109.89200000000001,109.889,1,2.23
23.08.2021 00:07:21.419,109.89200000000001,109.88799999999999,1.69,1.97
23.08.2021 00:07:21.930,109.891,109.88799999999999,1.25,1.57
23.08.2021 00:07:22.415,109.891,109.88600000000001,1,1.1
23.08.2021 00:07:24.555,109.89,109.88700000000001,2.57,1
23.08.2021 00:07:27.747,109.889,109.88700000000001,1.25,1.5
23.08.2021 00:07:27.949,109.891,109.88799999999999,1,1
23.08.2021 00:07:28.050,109.89200000000001,109.889,1.45,1.5
23.08.2021 00:07:28.101,109.893,109.89,2.14,1
23.08.2021 00:07:28.354,109.893,109.891,1,1.1
23.08.2021 00:07:28.405,109.895,109.894,1.25,1
23.08.2021 00:07:28.506,109.897,109.895,2.14,1
23.08.2021 00:07:28.608,109.898,109.895,1.25,1.5
23.08.2021 00:07:28.709,109.898,109.896,1.69,1.5
23.08.2021 00:07:29.667,109.9,109.894,1.45,1.57
23.08.2021 00:07:30.997,109.899,109.895,1.39,1.57
23.08.2021 00:07:32.715,109.90100000000001,109.897,3.89,1.1
23.08.2021 00:07:32.816,109.90200000000002,109.898,1.25,1
23.08.2021 00:07:32.918,109.90299999999999,109.899,2.39,1.57
23.08.2021 00:07:33.019,109.90299999999999,109.899,1,2.16
23.08.2021 00:07:34.303,109.904,109.9,1.39,1.76
23.08.2021 00:07:34.404,109.904,109.9,1.25,2.16
23.08.2021 00:07:34.506,109.904,109.9,1.39,1.57
23.08.2021 00:07:35.106,109.90299999999999,109.9,1,1.1
23.08.2021 00:07:37.677,109.90100000000001,109.897,3.29,1.5
23.08.2021 00:07:37.780,109.9,109.896,2.76,3.15
23.08.2021 00:07:38.506,109.899,109.895,1.01,1.95
23.08.2021 00:07:38.861,109.899,109.895,2.16,1.5
23.08.2021 00:07:40.691,109.896,109.893,1.25,1.2
23.08.2021 00:07:40.793,109.893,109.89,1,2.45
23.08.2021 00:07:40.895,109.893,109.88799999999999,1.25,1.1
23.08.2021 00:07:40.997,109.89200000000001,109.88799999999999,1.01,1.95
23.08.2021 00:07:44.085,109.891,109.88799999999999,1.25,1.95
23.08.2021 00:07:44.187,109.891,109.88700000000001,1.82,1.95
23.08.2021 00:07:44.768,109.89,109.88700000000001,1.25,1.95
23.08.2021 00:07:52.442,109.891,109.889,1,1
23.08.2021 00:07:52.544,109.89200000000001,109.889,2.21,1
23.08.2021 00:07:56.723,109.893,109.88700000000001,1.2,1.2
23.08.2021 00:07:59.399,109.891,109.88799999999999,1.25,1.2
23.08.2021 00:07:59.501,109.88700000000001,109.88600000000001,1,1.69
23.08.2021 00:07:59.602,109.88799999999999,109.883,1,1.2
23.08.2021 00:07:59.704,109.88600000000001,109.883,1.69,1.57
23.08.2021 00:07:59.855,109.885,109.882,1,1.7
23.08.2021 00:07:59.957,109.885,109.882,1,1.2
23.08.2021 00:08:04.178,109.882,109.88,1,1.5
23.08.2021 00:08:04.280,109.881,109.87700000000001,1,2.1
23.08.2021 00:08:04.381,109.88,109.87700000000001,1,1.72
23.08.2021 00:08:04.634,109.88,109.87700000000001,1,1.1
23.08.2021 00:08:06.251,109.882,109.88,1.95,1.1
23.08.2021 00:08:06.354,109.882,109.879,2.2,1.57
23.08.2021 00:08:06.456,109.882,109.879,1.25,1.22
23.08.2021 00:08:06.558,109.882,109.879,1.25,1.1
23.08.2021 00:08:10.575,109.881,109.878,2.14,1
23.08.2021 00:08:10.677,109.881,109.87700000000001,2.89,2.32
23.08.2021 00:08:12.116,109.881,109.876,1.25,1.57
23.08.2021 00:08:14.713,109.88,109.876,2.2,2.72
23.08.2021 00:08:16.518,109.88,109.876,1.25,2.72
23.08.2021 00:08:20.570,109.881,109.87700000000001,2.44,1.97
23.08.2021 00:08:21.347,109.881,109.875,1.69,1.22
23.08.2021 00:08:21.913,109.88,109.876,1,2.1
23.08.2021 00:08:23.971,109.88,109.876,1.25,1.95
23.08.2021 00:08:27.010,109.88,109.876,1.75,1.95
23.08.2021 00:08:27.212,109.879,109.875,1.25,1.1
23.08.2021 00:08:27.828,109.879,109.876,1.69,1.22
23.08.2021 00:08:28.909,109.88,109.876,1,1.22
23.08.2021 00:08:29.010,109.88,109.876,1,3.6
23.08.2021 00:08:29.263,109.88,109.876,1.69,2.72
23.08.2021 00:08:32.343,109.879,109.876,1.25,2.32
23.08.2021 00:08:32.445,109.879,109.87700000000001,1.25,1
23.08.2021 00:08:32.546,109.878,109.876,1.25,1.1
23.08.2021 00:08:32.648,109.87700000000001,109.874,1.75,1.57
23.08.2021 00:08:33.959,109.87700000000001,109.87299999999999,1.69,1.97
23.08.2021 00:08:34.060,109.876,109.87299999999999,1.25,1.97
23.08.2021 00:08:34.872,109.878,109.875,1.69,1.1
23.08.2021 00:08:34.973,109.878,109.876,1.25,1.1
23.08.2021 00:08:35.074,109.879,109.876,1.25,1.1
23.08.2021 00:08:35.175,109.88,109.875,1.25,1.22
23.08.2021 00:08:37.112,109.879,109.876,1.25,2.32
23.08.2021 00:08:37.214,109.879,109.876,1.25,2.72
23.08.2021 00:08:37.519,109.88,109.876,3.19,2.72
23.08.2021 00:08:41.186,109.879,109.876,1.75,1.57
23.08.2021 00:08:41.795,109.879,109.875,2.44,2.72
23.08.2021 00:08:43.034,109.878,109.875,1.25,2.72
23.08.2021 00:08:43.135,109.88,109.874,2.44,2.72
23.08.2021 00:08:43.517,109.878,109.875,1.25,2.72
23.08.2021 00:08:43.701,109.879,109.875,2.44,2.72
23.08.2021 00:08:43.803,109.878,109.875,1.25,2.72
23.08.2021 00:08:43.905,109.878,109.875,1.25,1.57
23.08.2021 00:08:44.007,109.875,109.87200000000001,1,1.97
23.08.2021 00:08:44.109,109.875,109.87100000000001,2.44,1.97
23.08.2021 00:08:45.151,109.876,109.87,2.89,1.5
23.08.2021 00:08:45.605,109.878,109.874,4.51,1.22
23.08.2021 00:08:45.707,109.878,109.874,3.64,1.22
23.08.2021 00:08:45.809,109.878,109.875,1.25,2.72
23.08.2021 00:08:45.911,109.879,109.875,2.44,2.72
23.08.2021 00:08:46.408,109.879,109.876,1,2.2
23.08.2021 00:08:46.511,109.88,109.876,2.25,2.95
23.08.2021 00:08:46.613,109.88,109.87700000000001,1,2.97
23.08.2021 00:08:54.617,109.881,109.87700000000001,1,2.72
23.08.2021 00:08:54.719,109.883,109.88,1.2,1.1
23.08.2021 00:08:54.870,109.885,109.882,1.95,1.76
23.08.2021 00:08:54.972,109.885,109.882,1.2,1.41
23.08.2021 00:08:55.073,109.885,109.883,1,1.35
23.08.2021 00:08:56.088,109.885,109.881,3.64,3.71
23.08.2021 00:08:56.139,109.882,109.88,1,1.25
23.08.2021 00:08:56.291,109.881,109.878,1,3.32
23.08.2021 00:08:56.443,109.882,109.878,1.57,3.32
23.08.2021 00:08:57.091,109.881,109.878,1.57,1.25
23.08.2021 00:08:57.243,109.88,109.87700000000001,1.1,1.25
23.08.2021 00:08:57.344,109.88,109.878,1,1.25
23.08.2021 00:08:57.446,109.882,109.87700000000001,2.02,1.75
23.08.2021 00:08:59.558,109.881,109.878,2.02,1.25
23.08.2021 00:08:59.660,109.88,109.87700000000001,1.27,1.25
23.08.2021 00:09:00.091,109.881,109.875,1.27,3.7
23.08.2021 00:09:00.717,109.88,109.878,1.1,1.25
23.08.2021 00:09:00.818,109.88,109.87700000000001,1.1,1.25
23.08.2021 00:09:03.207,109.882,109.88,1.1,1.69
23.08.2021 00:09:03.258,109.883,109.88,1,2.89
23.08.2021 00:09:03.360,109.884,109.881,2.32,1.39
23.08.2021 00:09:03.612,109.885,109.882,2.59,1
23.08.2021 00:09:03.714,109.885,109.882,1.2,2.95
23.08.2021 00:09:03.815,109.88600000000001,109.882,3.15,2.95
23.08.2021 00:09:03.968,109.885,109.882,1,2.2
23.08.2021 00:09:04.069,109.88600000000001,109.882,3.15,2.95
23.08.2021 00:09:04.721,109.88600000000001,109.883,3.15,1.25
23.08.2021 00:09:05.917,109.88600000000001,109.882,2.7,2.95
23.08.2021 00:09:06.869,109.88600000000001,109.883,2.25,1.45
23.08.2021 00:09:08.726,109.88600000000001,109.884,1.5,1.25
23.08.2021 00:09:10.046,109.88600000000001,109.883,1.5,1.45
23.08.2021 00:09:12.128,109.88600000000001,109.884,1,1.25
23.08.2021 00:09:12.824,109.88700000000001,109.884,1,2.2
23.08.2021 00:09:12.875,109.889,109.88600000000001,1.2,2.14
23.08.2021 00:09:12.925,109.891,109.88600000000001,3.67,1.25
23.08.2021 00:09:13.027,109.891,109.88799999999999,2.77,1.69
23.08.2021 00:09:13.237,109.88799999999999,109.88600000000001,1.2,1
23.08.2021 00:09:13.338,109.88799999999999,109.884,2.4,3.64
23.08.2021 00:09:13.440,109.88700000000001,109.884,1.95,1.25
23.08.2021 00:09:20.426,109.88700000000001,109.883,2.4,2.89
23.08.2021 00:09:20.528,109.88600000000001,109.883,1.65,1
23.08.2021 00:09:20.629,109.885,109.882,1,2.14
23.08.2021 00:09:20.781,109.885,109.881,2.59,3.64
23.08.2021 00:09:22.971,109.884,109.88,2.89,2.89
23.08.2021 00:09:23.073,109.884,109.88,3.22,1.5
23.08.2021 00:09:23.327,109.883,109.88,2.92,1
23.08.2021 00:09:23.536,109.884,109.879,2.4,1.69
23.08.2021 00:09:24.552,109.882,109.878,2.4,1.46
23.08.2021 00:09:24.704,109.882,109.87700000000001,3.67,3.7
23.08.2021 00:09:24.855,109.881,109.87700000000001,1.2,2.89
23.08.2021 00:09:24.956,109.882,109.876,1.61,2.89
23.08.2021 00:09:25.124,109.881,109.87700000000001,1.2,2.89
23.08.2021 00:09:29.857,109.88,109.87700000000001,1.09,1.5
23.08.2021 00:09:29.958,109.88,109.87700000000001,2.09,1
23.08.2021 00:09:30.162,109.879,109.876,2.21,1
23.08.2021 00:09:30.484,109.88,109.876,2.96,1.95
23.08.2021 00:09:31.113,109.88,109.876,2.74,2.89
23.08.2021 00:09:32.939,109.88,109.876,2.21,2.89
23.08.2021 00:09:36.403,109.88,109.87700000000001,2.21,1
23.08.2021 00:09:36.656,109.881,109.87700000000001,2.77,1.95
23.08.2021 00:09:40.461,109.881,109.87700000000001,4.11,2.25
23.08.2021 00:09:47.653,109.88,109.876,2.77,2.7
23.08.2021 00:09:49.880,109.88,109.876,4.11,2.25
23.08.2021 00:09:50.299,109.88,109.876,3.71,2.7
23.08.2021 00:09:58.636,109.88,109.876,3.36,2.25
23.08.2021 00:09:58.738,109.878,109.875,2.16,1.5
23.08.2021 00:09:58.840,109.876,109.87299999999999,1.1,1
23.08.2021 00:09:58.941,109.876,109.87200000000001,4.04,1
23.08.2021 00:09:59.043,109.875,109.87200000000001,3.14,1
23.08.2021 00:09:59.144,109.874,109.87,2.61,2.44
23.08.2021 00:09:59.245,109.874,109.87,2.21,2.89
23.08.2021 00:09:59.346,109.874,109.87,1.27,3.7
23.08.2021 00:10:02.692,109.875,109.87100000000001,1.57,2.14
23.08.2021 00:10:02.743,109.87700000000001,109.874,4.8,1
23.08.2021 00:10:02.844,109.876,109.87299999999999,1.67,1.5
23.08.2021 00:10:03.991,109.87700000000001,109.87200000000001,1.27,1.5
23.08.2021 00:10:04.113,109.87700000000001,109.874,1.1,2.7
23.08.2021 00:10:04.215,109.879,109.876,1.8,1
23.08.2021 00:10:04.266,109.879,109.87700000000001,1.2,1
23.08.2021 00:10:08.707,109.88,109.87700000000001,1.1,1
23.08.2021 00:10:14.338,109.88,109.87700000000001,1.41,1
23.08.2021 00:10:18.477,109.88,109.87700000000001,1.1,1.25
23.08.2021 00:10:18.629,109.881,109.87700000000001,1.57,2.14
23.08.2021 00:10:19.140,109.881,109.878,1.1,1.25
23.08.2021 00:10:19.250,109.883,109.879,3.36,1.5
23.08.2021 00:10:19.351,109.883,109.88,1.27,1
23.08.2021 00:10:19.756,109.883,109.879,2.02,2.89
23.08.2021 00:10:19.811,109.883,109.878,2.16,1
23.08.2021 00:10:23.430,109.884,109.88,4.46,1.95
23.08.2021 00:10:23.532,109.88600000000001,109.882,4.26,1
23.08.2021 00:10:23.633,109.88600000000001,109.882,2.51,1.2
23.08.2021 00:10:24.498,109.88600000000001,109.882,3.04,1
23.08.2021 00:10:27.856,109.88600000000001,109.881,3.79,2.44
23.08.2021 00:10:27.906,109.883,109.879,2.51,5.25
23.08.2021 00:10:28.008,109.882,109.878,2.89,1.5
23.08.2021 00:10:28.160,109.881,109.87700000000001,1.95,2.06
23.08.2021 00:10:32.454,109.88,109.87700000000001,1.25,1
23.08.2021 00:10:32.714,109.88,109.876,1.25,2.51
23.08.2021 00:10:33.239,109.881,109.87700000000001,3.49,1.25
23.08.2021 00:10:33.738,109.881,109.87700000000001,1.95,1
23.08.2021 00:10:39.564,109.87700000000001,109.876,1,1
23.08.2021 00:10:39.615,109.87700000000001,109.875,1.87,1.5
23.08.2021 00:10:39.717,109.876,109.874,2.91,1
23.08.2021 00:10:40.020,109.876,109.87200000000001,1.97,1.25
23.08.2021 00:10:41.018,109.876,109.87299999999999,1.5,1
23.08.2021 00:10:41.120,109.876,109.874,1.5,1
23.08.2021 00:10:47.548,109.88,109.876,2.1,1
23.08.2021 00:10:47.700,109.88,109.87700000000001,1.5,1
23.08.2021 00:10:48.635,109.879,109.87700000000001,1.39,1
23.08.2021 00:10:48.736,109.876,109.87299999999999,2.14,1.12
23.08.2021 00:10:49.090,109.875,109.87299999999999,1,1
23.08.2021 00:10:49.416,109.875,109.87200000000001,1.39,1
23.08.2021 00:10:49.517,109.874,109.87100000000001,1.2,1
23.08.2021 00:10:49.948,109.87200000000001,109.87,1.2,1
23.08.2021 00:10:50.049,109.874,109.87100000000001,2.74,1
23.08.2021 00:10:50.150,109.874,109.87100000000001,2.4,1
23.08.2021 00:10:50.252,109.875,109.87200000000001,1.95,1
23.08.2021 00:10:55.866,109.875,109.87200000000001,3.04,1
23.08.2021 00:10:56.018,109.874,109.87100000000001,1.39,1
23.08.2021 00:10:56.673,109.875,109.87100000000001,1,1
23.08.2021 00:10:56.723,109.874,109.87,2.89,1.2
23.08.2021 00:10:56.825,109.875,109.869,3.04,1
23.08.2021 00:10:56.926,109.87299999999999,109.869,1.2,2.14
23.08.2021 00:10:57.078,109.87299999999999,109.87100000000001,1.39,1
23.08.2021 00:10:57.236,109.874,109.87100000000001,1.2,1
23.08.2021 00:11:05.157,109.875,109.87200000000001,1.2,1
23.08.2021 00:11:10.427,109.875,109.87200000000001,1.6,1
23.08.2021 00:11:10.580,109.87100000000001,109.87,1,1
23.08.2021 00:11:10.631,109.87200000000001,109.867,1,1.2
23.08.2021 00:11:10.784,109.874,109.867,6.86,2.89
23.08.2021 00:11:26.427,109.87100000000001,109.868,1,1.2
23.08.2021 00:11:26.982,109.87,109.868,1,1
23.08.2021 00:11:27.033,109.869,109.866,1,1.2
23.08.2021 00:11:27.589,109.868,109.866,1,1.2
23.08.2021 00:11:27.942,109.868,109.864,2.89,1.39
23.08.2021 00:11:28.044,109.868,109.864,1,2.35
23.08.2021 00:11:28.347,109.868,109.863,2.89,2.91
23.08.2021 00:11:28.460,109.867,109.863,1,1.41
23.08.2021 00:11:47.590,109.867,109.861,1.5,1.41
23.08.2021 00:11:47.742,109.866,109.861,4.01,3.72
23.08.2021 00:11:47.793,109.864,109.861,1,1.41
23.08.2021 00:11:47.894,109.86500000000001,109.861,1,2.91
23.08.2021 00:11:48.418,109.86500000000001,109.861,2.32,1.76
23.08.2021 00:11:48.520,109.867,109.864,3,1.1
23.08.2021 00:11:48.621,109.868,109.86500000000001,1.87,1.01
23.08.2021 00:11:50.703,109.869,109.86500000000001,3.26,1.1
23.08.2021 00:11:50.942,109.869,109.86500000000001,3.39,1.1
23.08.2021 00:11:51.102,109.87,109.864,3.26,1.1
23.08.2021 00:11:51.891,109.869,109.86500000000001,3.39,1.1
23.08.2021 00:11:52.815,109.869,109.86200000000001,2.32,3.91
23.08.2021 00:11:57.581,109.867,109.864,2.64,1
23.08.2021 00:11:58.034,109.867,109.864,2.51,1
23.08.2021 00:12:00.975,109.867,109.86500000000001,1,1
23.08.2021 00:12:01.078,109.868,109.86500000000001,1,1.01
23.08.2021 00:12:05.536,109.868,109.86500000000001,1,1.82
23.08.2021 00:12:06.051,109.869,109.86500000000001,3.07,2.57
23.08.2021 00:12:10.421,109.87,109.866,2.25,2.97
23.08.2021 00:12:11.009,109.87,109.86500000000001,2.32,1.25
23.08.2021 00:12:14.828,109.87100000000001,109.867,1.95,2.16
23.08.2021 00:12:15.672,109.87,109.867,2.32,1.69
23.08.2021 00:12:15.774,109.869,109.866,1,1.76
23.08.2021 00:12:15.875,109.87,109.864,1.95,2.89
23.08.2021 00:12:15.977,109.868,109.864,1.95,2.89
23.08.2021 00:12:16.129,109.868,109.864,2.54,1
23.08.2021 00:12:30.803,109.867,109.863,1.95,2.14
23.08.2021 00:12:32.312,109.86500000000001,109.86200000000001,1.6,1
23.08.2021 00:12:32.363,109.863,109.86,1.1,1.87
23.08.2021 00:12:33.813,109.863,109.861,1.12,1.25
23.08.2021 00:12:35.014,109.863,109.86,1.12,2.14
23.08.2021 00:12:38.056,109.86500000000001,109.861,1.87,2.7
23.08.2021 00:12:38.158,109.86500000000001,109.86200000000001,1.12,1
23.08.2021 00:12:41.634,109.86500000000001,109.863,1,1.2
23.08.2021 00:12:42.887,109.867,109.863,2.14,1.2
23.08.2021 00:12:44.204,109.868,109.864,2.72,1.69
23.08.2021 00:12:44.306,109.869,109.86500000000001,2.05,1.69
23.08.2021 00:12:44.509,109.87,109.866,1.1,1
23.08.2021 00:12:48.819,109.87,109.866,2.91,1
23.08.2021 00:12:48.971,109.87,109.866,3.86,1
23.08.2021 00:12:49.072,109.869,109.866,1.1,1
23.08.2021 00:12:53.359,109.87,109.866,1.01,3.07
23.08.2021 00:13:07.163,109.87299999999999,109.868,3.07,1.25
23.08.2021 00:13:07.265,109.875,109.87100000000001,6.01,1
23.08.2021 00:13:07.366,109.875,109.87100000000001,2.72,1
23.08.2021 00:13:07.468,109.875,109.87100000000001,2.89,1.76
23.08.2021 00:13:07.978,109.87200000000001,109.869,2.7,1
23.08.2021 00:13:08.079,109.87200000000001,109.868,4.35,1.5
23.08.2021 00:13:08.181,109.87200000000001,109.868,3.45,1.57
23.08.2021 00:13:09.038,109.87299999999999,109.868,1.2,1
23.08.2021 00:13:13.275,109.87299999999999,109.87,1.6,1.25
23.08.2021 00:13:13.376,109.875,109.87100000000001,4.57,1.76
23.08.2021 00:13:18.560,109.876,109.87200000000001,1.85,1
23.08.2021 00:13:19.487,109.876,109.87200000000001,1.95,2.51
23.08.2021 00:13:21.495,109.876,109.87200000000001,2.1,2.44
23.08.2021 00:13:23.320,109.876,109.87200000000001,2.7,1.76
23.08.2021 00:13:28.093,109.876,109.87200000000001,3.04,1
23.08.2021 00:13:28.295,109.874,109.87,2.39,1.57
23.08.2021 00:13:31.523,109.874,109.87,3.34,1.1
23.08.2021 00:13:31.832,109.875,109.87,3.49,2.91
23.08.2021 00:13:31.984,109.876,109.869,2.89,2.91
23.08.2021 00:13:38.393,109.874,109.87100000000001,1,1.57
23.08.2021 00:13:38.983,109.874,109.87,1.39,2.51
23.08.2021 00:13:41.303,109.874,109.87,1,3.04
23.08.2021 00:13:42.765,109.874,109.87,1.1,3.64
23.08.2021 00:13:45.257,109.874,109.87,2.61,2.25
23.08.2021 00:13:46.187,109.875,109.87,1.01,1
23.08.2021 00:13:46.303,109.875,109.87100000000001,3.71,1.2
23.08.2021 00:13:48.937,109.875,109.87200000000001,1.1,1
23.08.2021 00:13:52.375,109.874,109.87200000000001,2.14,1
23.08.2021 00:13:52.728,109.87299999999999,109.87200000000001,1.01,1
23.08.2021 00:13:52.830,109.87299999999999,109.87100000000001,1.01,1
23.08.2021 00:13:52.932,109.87200000000001,109.87,1.1,1
23.08.2021 00:13:53.033,109.87100000000001,109.869,1.01,1
23.08.2021 00:13:59.011,109.87100000000001,109.868,1.01,1
23.08.2021 00:14:00.999,109.87100000000001,109.868,1.86,1
23.08.2021 00:14:01.101,109.87100000000001,109.866,2.41,1
23.08.2021 00:14:01.726,109.87,109.867,1.01,1
23.08.2021 00:14:06.623,109.87299999999999,109.87,3.23,1
23.08.2021 00:14:06.726,109.875,109.87100000000001,3.89,1
23.08.2021 00:14:06.777,109.876,109.87200000000001,7.99,1
23.08.2021 00:14:07.745,109.876,109.87299999999999,2.91,1
23.08.2021 00:14:13.708,109.878,109.875,2.32,1
23.08.2021 00:14:13.759,109.879,109.87700000000001,1.6,1
23.08.2021 00:14:13.810,109.88,109.878,1.1,1
23.08.2021 00:14:13.912,109.882,109.879,1.2,1.69
23.08.2021 00:14:14.014,109.884,109.879,2.76,1
23.08.2021 00:14:15.933,109.883,109.879,2.61,2.25
23.08.2021 00:14:16.896,109.881,109.87700000000001,1.39,1.5
23.08.2021 00:14:17.916,109.88,109.876,5.11,1.5
23.08.2021 00:14:18.018,109.88,109.875,5.79,1
23.08.2021 00:14:18.119,109.878,109.875,2.61,1
23.08.2021 00:14:18.220,109.878,109.874,3.36,1.5
23.08.2021 00:14:32.298,109.876,109.874,1,1
23.08.2021 00:14:35.245,109.878,109.874,4.11,1
23.08.2021 00:14:50.383,109.878,109.875,4.11,1
23.08.2021 00:14:51.184,109.878,109.876,1.1,1
23.08.2021 00:14:51.335,109.879,109.87700000000001,1.46,1
23.08.2021 00:14:51.437,109.879,109.87700000000001,1.41,1
23.08.2021 00:14:51.589,109.881,109.878,4.86,1
23.08.2021 00:14:52.198,109.879,109.87700000000001,1.25,1
23.08.2021 00:14:56.336,109.879,109.876,1.69,1.1
23.08.2021 00:15:04.091,109.881,109.878,1,1.1
23.08.2021 00:15:08.056,109.881,109.87700000000001,1.2,2.51
23.08.2021 00:15:08.208,109.88,109.876,1.39,1.76
23.08.2021 00:15:10.667,109.88,109.876,1,1.22
23.08.2021 00:15:10.769,109.88,109.876,1.39,1.01
23.08.2021 00:15:13.065,109.878,109.875,1,1.1
23.08.2021 00:15:13.928,109.876,109.87100000000001,3.1,3.45
23.08.2021 00:15:14.029,109.876,109.87,1.41,1.69
23.08.2021 00:15:14.282,109.876,109.869,2.42,2.32
23.08.2021 00:15:14.585,109.875,109.87,1.57,2.1
23.08.2021 00:15:14.737,109.87299999999999,109.87,1,1.1
23.08.2021 00:15:17.768,109.874,109.87,2.14,1.57
23.08.2021 00:15:17.869,109.874,109.87100000000001,1,1.1
23.08.2021 00:15:18.071,109.874,109.87,1.2,1.1
23.08.2021 00:15:24.313,109.874,109.869,2.29,2.32
23.08.2021 00:15:34.904,109.874,109.868,1,2.72
23.08.2021 00:15:39.286,109.87299999999999,109.869,1.2,1.57
23.08.2021 00:15:39.388,109.87,109.866,1.5,1.5
23.08.2021 00:15:39.490,109.869,109.86500000000001,1.76,4.2
23.08.2021 00:15:39.642,109.867,109.86500000000001,1,1.2
23.08.2021 00:15:39.794,109.867,109.864,1,1.95
23.08.2021 00:15:44.323,109.868,109.86500000000001,1.25,1.2
23.08.2021 00:15:44.525,109.869,109.86500000000001,2.89,1.95
23.08.2021 00:15:48.573,109.869,109.866,1,1.2
23.08.2021 00:15:48.675,109.87,109.866,2.25,2.1
23.08.2021 00:15:48.928,109.87200000000001,109.869,1.39,1
23.08.2021 00:15:51.921,109.87100000000001,109.867,1,2.29
23.08.2021 00:15:52.024,109.87100000000001,109.867,1.39,1.95
23.08.2021 00:15:56.358,109.87,109.866,2.89,1.2
23.08.2021 00:15:56.460,109.87,109.866,4.07,1.2
23.08.2021 00:16:10.252,109.86500000000001,109.863,2.5,3.37
23.08.2021 00:16:10.303,109.867,109.861,2.14,2.91
23.08.2021 00:16:10.404,109.86500000000001,109.861,1.69,2.16
23.08.2021 00:16:10.860,109.864,109.861,1,1.1
23.08.2021 00:16:11.163,109.86500000000001,109.861,2.44,1.97
23.08.2021 00:16:12.939,109.86500000000001,109.861,2.89,1.5
23.08.2021 00:16:14.516,109.864,109.861,3.14,1
23.08.2021 00:16:14.566,109.863,109.859,3.14,2.32
23.08.2021 00:16:14.819,109.861,109.85799999999999,1.25,1.1
23.08.2021 00:16:15.319,109.86200000000001,109.85799999999999,2.14,1.57
23.08.2021 00:16:15.420,109.863,109.85700000000001,1.69,1.97
23.08.2021 00:16:15.790,109.863,109.859,1.39,2.16
23.08.2021 00:16:16.047,109.86500000000001,109.861,1.31,2.16
23.08.2021 00:16:16.148,109.866,109.86200000000001,1.39,2.16
23.08.2021 00:16:16.632,109.866,109.864,1,1
23.08.2021 00:16:16.938,109.86500000000001,109.86200000000001,1.69,1.97
23.08.2021 00:16:16.989,109.86500000000001,109.861,2.89,1.57
23.08.2021 00:16:17.141,109.86200000000001,109.85799999999999,1.69,1.97
23.08.2021 00:16:17.596,109.864,109.86,4.46,1.1
23.08.2021 00:16:17.697,109.863,109.86,1,1.1
23.08.2021 00:16:20.642,109.863,109.859,1.69,1
23.08.2021 00:16:20.744,109.86200000000001,109.859,1.69,1
23.08.2021 00:16:21.611,109.86200000000001,109.85799999999999,1.5,1.95
23.08.2021 00:16:31.278,109.86200000000001,109.86,1,1.1
23.08.2021 00:16:33.024,109.864,109.86,4.01,1.1
23.08.2021 00:16:34.748,109.864,109.86,2.62,1.6
23.08.2021 00:16:39.704,109.86500000000001,109.861,1.95,1.39
23.08.2021 00:16:39.756,109.866,109.863,1,1.2
23.08.2021 00:16:39.857,109.868,109.86200000000001,2.32,3.79
23.08.2021 00:16:40.915,109.864,109.861,1,1.7
23.08.2021 00:16:40.966,109.864,109.86,2.32,2.7
23.08.2021 00:16:41.067,109.863,109.86,1.12,1.95
23.08.2021 00:16:41.169,109.863,109.859,2.32,1.57
23.08.2021 00:16:41.320,109.86200000000001,109.85799999999999,1.57,2.45
23.08.2021 00:16:41.422,109.861,109.85700000000001,1.57,3.82
23.08.2021 00:16:41.675,109.859,109.85600000000001,1,1.95
23.08.2021 00:16:41.827,109.859,109.855,4.01,1.57
23.08.2021 00:16:41.979,109.85700000000001,109.854,1,1.22
23.08.2021 00:16:42.080,109.85700000000001,109.853,2.19,1.97
23.08.2021 00:16:42.704,109.85700000000001,109.853,2.81,1.22
23.08.2021 00:16:43.968,109.85799999999999,109.853,1,1.41
23.08.2021 00:16:44.609,109.85799999999999,109.855,1,1.01
23.08.2021 00:16:44.710,109.85799999999999,109.855,1,1.41
23.08.2021 00:16:44.862,109.85799999999999,109.854,1,3.66
23.08.2021 00:16:45.014,109.85799999999999,109.855,1,1.22
23.08.2021 00:16:45.065,109.85799999999999,109.854,1.95,2.89
23.08.2021 00:16:45.368,109.85700000000001,109.853,1,3.04
23.08.2021 00:16:45.469,109.85700000000001,109.853,1.2,2.89
23.08.2021 00:16:47.928,109.855,109.852,2.14,1.12
23.08.2021 00:16:48.029,109.855,109.851,1.39,3.64
23.08.2021 00:16:48.180,109.855,109.851,1.25,3.04
23.08.2021 00:16:52.138,109.855,109.853,1,1.2
23.08.2021 00:16:52.239,109.85600000000001,109.853,1,1.85
23.08.2021 00:16:53.758,109.85600000000001,109.853,1,1.2
23.08.2021 00:16:55.240,109.85600000000001,109.852,1,4.72
23.08.2021 00:16:57.940,109.853,109.851,1,1.2
23.08.2021 00:16:58.142,109.853,109.85000000000001,1.69,1.2
23.08.2021 00:16:59.158,109.852,109.849,1,1.57
23.08.2021 00:16:59.310,109.852,109.849,2.45,1
23.08.2021 00:16:59.411,109.85000000000001,109.84700000000001,1.12,2.45
23.08.2021 00:16:59.512,109.85000000000001,109.84700000000001,1.87,1.39
23.08.2021 00:16:59.950,109.85000000000001,109.846,2.32,2.14
23.08.2021 00:17:00.159,109.85000000000001,109.84700000000001,1.12,1.39
23.08.2021 00:17:00.955,109.851,109.845,2.32,2.89
23.08.2021 00:17:32.624,109.852,109.849,1.5,1.95
23.08.2021 00:17:33.984,109.852,109.848,1.5,2.89
23.08.2021 00:17:39.931,109.85000000000001,109.848,1,1.5
23.08.2021 00:17:40.052,109.85000000000001,109.84700000000001,1,2.14
23.08.2021 00:17:43.877,109.849,109.846,1.25,1.5
23.08.2021 00:17:44.029,109.849,109.844,1.69,1.5
23.08.2021 00:17:44.130,109.84700000000001,109.844,1,2.06
23.08.2021 00:17:46.774,109.84700000000001,109.84299999999999,1.5,2.89
23.08.2021 00:17:46.925,109.846,109.84299999999999,1,2.14
23.08.2021 00:17:47.780,109.844,109.84100000000001,1,1.95
23.08.2021 00:17:47.932,109.84299999999999,109.84,1,1
23.08.2021 00:17:48.033,109.844,109.84,1.25,1.95
23.08.2021 00:17:48.135,109.844,109.839,1.25,1
23.08.2021 00:17:48.236,109.84200000000001,109.839,1,2.4
23.08.2021 00:17:50.310,109.84299999999999,109.839,1.25,1.2
23.08.2021 00:17:50.411,109.84299999999999,109.838,1,1.39
23.08.2021 00:17:51.662,109.84100000000001,109.839,2.25,1
23.08.2021 00:17:51.713,109.838,109.83500000000001,1,1.57
23.08.2021 00:17:53.260,109.837,109.834,1,1.85
23.08.2021 00:17:53.362,109.837,109.833,1,2.29
23.08.2021 00:17:54.647,109.838,109.834,1,1.39
23.08.2021 00:18:01.826,109.839,109.83600000000001,1,1
23.08.2021 00:18:01.927,109.84,109.83600000000001,3.19,1.95
23.08.2021 00:18:02.029,109.84,109.837,3.19,1
23.08.2021 00:18:02.150,109.84,109.83600000000001,3.19,2.7
23.08.2021 00:18:02.505,109.84100000000001,109.83600000000001,1.69,1
23.08.2021 00:18:02.606,109.84,109.83600000000001,1.69,1.95
23.08.2021 00:18:07.145,109.839,109.83500000000001,2.44,1.95
23.08.2021 00:18:07.247,109.838,109.834,1.5,4.84
23.08.2021 00:18:07.399,109.838,109.83500000000001,1,1
23.08.2021 00:18:07.601,109.839,109.83600000000001,1.5,1.25
23.08.2021 00:18:07.702,109.84,109.83600000000001,1.69,2.14
23.08.2021 00:18:07.804,109.84,109.837,1.5,1
23.08.2021 00:18:08.108,109.84,109.83600000000001,1,3.64
23.08.2021 00:18:08.414,109.84100000000001,109.83600000000001,1,1
23.08.2021 00:18:08.516,109.84,109.83600000000001,1,3.64
23.08.2021 00:18:10.506,109.839,109.83600000000001,1,1.5
23.08.2021 00:18:10.868,109.84,109.83600000000001,1.25,1.2
23.08.2021 00:18:11.342,109.839,109.83600000000001,1,1.2
23.08.2021 00:18:21.529,109.839,109.834,1.25,1.95
23.08.2021 00:18:22.534,109.838,109.83500000000001,1.75,1
23.08.2021 00:18:22.636,109.838,109.83500000000001,1.25,1
23.08.2021 00:18:24.998,109.84,109.837,2.14,1
23.08.2021 00:18:27.970,109.84,109.83600000000001,1.25,2.25
23.08.2021 00:18:28.072,109.84,109.83600000000001,2.95,2.25
23.08.2021 00:18:30.671,109.839,109.83500000000001,3.7,1.5
23.08.2021 00:18:38.467,109.839,109.83500000000001,2.89,2.44
23.08.2021 00:18:42.258,109.84,109.837,1.25,1
23.08.2021 00:18:44.682,109.84299999999999,109.84,4.39,1
23.08.2021 00:18:44.834,109.844,109.84100000000001,3.59,1
23.08.2021 00:18:44.936,109.844,109.84200000000001,1.69,1
23.08.2021 00:18:45.088,109.845,109.84200000000001,1.95,1
23.08.2021 00:18:48.826,109.845,109.84100000000001,2.89,1.5
23.08.2021 00:18:48.927,109.845,109.84200000000001,2.14,1
23.08.2021 00:18:49.029,109.845,109.84100000000001,2.89,1.5
23.08.2021 00:19:01.702,109.845,109.84299999999999,1,1
23.08.2021 00:19:01.803,109.846,109.84299999999999,1,1
23.08.2021 00:19:02.006,109.848,109.845,1.95,1
23.08.2021 00:19:02.108,109.848,109.846,1,1
23.08.2021 00:19:02.210,109.849,109.845,2.89,1
23.08.2021 00:19:02.464,109.85000000000001,109.84299999999999,3.64,2.89
23.08.2021 00:19:02.616,109.849,109.845,2.89,1
23.08.2021 00:19:02.718,109.849,109.844,3.64,2.89
23.08.2021 00:19:03.249,109.84700000000001,109.84299999999999,3.64,2.25
23.08.2021 00:19:03.351,109.846,109.84299999999999,1,1
23.08.2021 00:19:03.679,109.84700000000001,109.845,1,1
23.08.2021 00:19:03.781,109.849,109.846,2.76,1
23.08.2021 00:19:03.883,109.849,109.846,1.39,1
23.08.2021 00:19:04.034,109.848,109.844,1,2.89
23.08.2021 00:19:04.819,109.848,109.84299999999999,3.64,2.89
23.08.2021 00:19:04.920,109.848,109.84299999999999,3.79,2.44
23.08.2021 00:19:15.444,109.848,109.84299999999999,2.7,3.89
23.08.2021 00:19:16.632,109.848,109.844,1.2,1.94
23.08.2021 00:19:18.420,109.85000000000001,109.845,1,1
23.08.2021 00:19:18.522,109.85000000000001,109.848,1,1
23.08.2021 00:19:18.624,109.852,109.848,2.89,1
23.08.2021 00:19:18.726,109.852,109.849,1,1
23.08.2021 00:19:18.828,109.853,109.849,2.7,1
23.08.2021 00:19:22.485,109.853,109.85000000000001,1,1
23.08.2021 00:19:22.889,109.853,109.849,1.5,3.64
23.08.2021 00:19:24.251,109.852,109.848,2.32,2.25
23.08.2021 00:19:24.404,109.851,109.848,1,1
23.08.2021 00:19:28.088,109.85000000000001,109.84700000000001,1,1
23.08.2021 00:19:28.189,109.851,109.845,1,2.89
23.08.2021 00:19:28.375,109.849,109.845,1,2.14
23.08.2021 00:19:31.868,109.85000000000001,109.845,2.89,2.14
23.08.2021 00:19:35.268,109.851,109.84700000000001,2.89,1
23.08.2021 00:19:38.202,109.85000000000001,109.846,1,2.7
23.08.2021 00:19:48.896,109.848,109.844,5.45,1.69
23.08.2021 00:19:48.997,109.846,109.84299999999999,1,1
23.08.2021 00:19:49.098,109.845,109.84200000000001,1,1.5
23.08.2021 00:19:56.043,109.844,109.84,1,2.89
23.08.2021 00:20:04.397,109.844,109.84100000000001,1,1.5
23.08.2021 00:20:09.711,109.844,109.84,2.14,1.5
23.08.2021 00:20:17.895,109.844,109.84,1.5,3.89
23.08.2021 00:20:25.958,109.844,109.84100000000001,1,2.95
23.08.2021 00:20:26.585,109.844,109.84100000000001,1,2.14
23.08.2021 00:20:26.938,109.844,109.84100000000001,1,2.2
23.08.2021 00:20:30.306,109.844,109.84100000000001,1,2.14
23.08.2021 00:20:31.017,109.844,109.84100000000001,1,2.95
23.08.2021 00:20:31.119,109.844,109.84100000000001,1,2.89
23.08.2021 00:20:33.160,109.844,109.84100000000001,1,2.2
23.08.2021 00:20:33.362,109.844,109.84100000000001,1,2.89
23.08.2021 00:20:33.463,109.844,109.84100000000001,1,2.95
23.08.2021 00:20:33.598,109.844,109.84100000000001,1,2.89
23.08.2021 00:20:33.800,109.844,109.84100000000001,1,2.95
23.08.2021 00:20:33.909,109.844,109.84100000000001,1,2.89
23.08.2021 00:20:34.115,109.844,109.84100000000001,1,2.95
23.08.2021 00:20:40.146,109.844,109.84100000000001,1,2.14
23.08.2021 00:20:41.050,109.844,109.84100000000001,1,1.82
23.08.2021 00:20:41.404,109.844,109.84100000000001,1,2.51
23.08.2021 00:20:42.018,109.846,109.84,1.5,3.32
23.08.2021 00:20:42.120,109.845,109.84200000000001,1,1.82
23.08.2021 00:20:42.221,109.846,109.84200000000001,2.25,2.57
23.08.2021 00:20:42.625,109.846,109.84200000000001,2.25,1.76
23.08.2021 00:20:43.293,109.846,109.84200000000001,1,3.91
23.08.2021 00:20:43.395,109.84700000000001,109.84200000000001,1.5,5.67
23.08.2021 00:20:50.618,109.84700000000001,109.845,1,1
23.08.2021 00:20:50.720,109.849,109.844,1,1
23.08.2021 00:20:53.501,109.848,109.844,1.76,1
23.08.2021 00:21:03.697,109.848,109.84299999999999,1,1
23.08.2021 00:21:03.849,109.846,109.84200000000001,1.5,3.52
23.08.2021 00:21:03.950,109.845,109.84200000000001,1,1.27
23.08.2021 00:21:04.051,109.845,109.84100000000001,1,3.07
23.08.2021 00:21:15.537,109.845,109.84100000000001,1,3.32
23.08.2021 00:21:20.668,109.845,109.84100000000001,1,1.01
23.08.2021 00:21:20.820,109.846,109.84200000000001,1.57,1
23.08.2021 00:21:33.898,109.84700000000001,109.84100000000001,4.16,1
23.08.2021 00:21:34.647,109.844,109.84200000000001,1.25,1
23.08.2021 00:21:45.995,109.844,109.84,1.69,2.89
23.08.2021 00:21:47.921,109.84,109.838,1,2.81
23.08.2021 00:21:48.023,109.839,109.837,1,3.15
23.08.2021 00:21:49.208,109.839,109.83600000000001,1.69,1.1
23.08.2021 00:21:49.314,109.84,109.83500000000001,2.57,1
23.08.2021 00:21:49.422,109.839,109.83500000000001,2.57,2.32
23.08.2021 00:21:54.733,109.839,109.83600000000001,1.01,1
23.08.2021 00:21:56.098,109.839,109.83600000000001,1.82,1
23.08.2021 00:21:56.202,109.84,109.834,2.57,1.57
23.08.2021 00:21:57.647,109.839,109.83500000000001,1.76,1.57
23.08.2021 00:22:05.008,109.839,109.83500000000001,1.5,3.91
23.08.2021 00:22:05.111,109.84,109.837,1,1.1
23.08.2021 00:22:05.212,109.84,109.838,1,1
23.08.2021 00:22:05.694,109.84200000000001,109.838,1,1.1
23.08.2021 00:22:07.476,109.84299999999999,109.839,2.51,1.1
23.08.2021 00:22:07.739,109.84299999999999,109.84,1.01,1
23.08.2021 00:22:07.842,109.84299999999999,109.839,1.76,1.1
23.08.2021 00:22:07.995,109.84,109.837,1.1,1
23.08.2021 00:22:10.837,109.84,109.83600000000001,1.76,2.51
23.08.2021 00:22:10.989,109.839,109.83600000000001,1,1.01
23.08.2021 00:22:11.215,109.84,109.83600000000001,3.26,1.76
23.08.2021 00:22:11.366,109.839,109.83600000000001,1.1,1.25
23.08.2021 00:22:13.104,109.839,109.83500000000001,1.5,3.64
23.08.2021 00:22:15.375,109.839,109.83600000000001,1.5,1
23.08.2021 00:22:16.210,109.839,109.83500000000001,1.5,3.64
23.08.2021 00:22:18.341,109.84,109.834,1.5,4.14
23.08.2021 00:22:20.345,109.839,109.83500000000001,1.5,4.01
23.08.2021 00:22:28.787,109.84100000000001,109.838,2.11,1
23.08.2021 00:22:28.888,109.84200000000001,109.84,1.85,1
23.08.2021 00:22:28.990,109.84200000000001,109.84,1.25,1
23.08.2021 00:22:31.598,109.839,109.837,1,1
23.08.2021 00:22:32.080,109.839,109.83500000000001,1.2,3.64
23.08.2021 00:22:38.785,109.84,109.834,3.04,1.69
23.08.2021 00:22:39.203,109.838,109.834,1.39,3.07
23.08.2021 00:22:54.624,109.838,109.834,1.5,4.16
23.08.2021 00:22:54.877,109.838,109.83500000000001,1.5,1.89
23.08.2021 00:23:01.373,109.838,109.83600000000001,1,1.45
23.08.2021 00:23:05.914,109.839,109.83600000000001,1,1.45
23.08.2021 00:23:11.777,109.84299999999999,109.838,3.82,1
23.08.2021 00:23:11.879,109.84200000000001,109.84,1,1
23.08.2021 00:23:14.414,109.84200000000001,109.839,1.2,1.5
23.08.2021 00:23:15.021,109.84299999999999,109.84,1,2.14
23.08.2021 00:23:21.485,109.84200000000001,109.839,1,3.26
23.08.2021 00:23:21.587,109.84,109.837,1.2,2.06
23.08.2021 00:23:21.688,109.84,109.83600000000001,2.85,2.94
23.08.2021 00:23:21.891,109.84100000000001,109.83500000000001,2.85,2.81
23.08.2021 00:23:32.857,109.838,109.83600000000001,1,1.25
23.08.2021 00:23:34.230,109.838,109.83600000000001,1,3.32
23.08.2021 00:23:34.331,109.839,109.837,1,2.14
23.08.2021 00:23:34.433,109.84100000000001,109.837,1,1.76
23.08.2021 00:23:34.703,109.84299999999999,109.838,1.95,2.66
23.08.2021 00:23:40.284,109.84100000000001,109.839,1,1.25
23.08.2021 00:23:40.704,109.84100000000001,109.839,1.2,1.25
23.08.2021 00:23:40.805,109.839,109.838,1,1
23.08.2021 00:23:40.856,109.839,109.83600000000001,1,1.31
23.08.2021 00:23:41.008,109.838,109.83500000000001,1,2.51
23.08.2021 00:23:42.251,109.838,109.83500000000001,1,3.39
23.08.2021 00:23:45.557,109.837,109.83500000000001,1,2.89
23.08.2021 00:23:47.259,109.838,109.83500000000001,1,1.89
23.08.2021 00:23:48.590,109.839,109.83500000000001,1.95,2.64
23.08.2021 00:23:48.692,109.838,109.83500000000001,1,2.51
23.08.2021 00:23:48.845,109.839,109.83500000000001,1.95,2.51
23.08.2021 00:23:51.609,109.837,109.83500000000001,1,2.51
23.08.2021 00:23:52.111,109.839,109.83500000000001,1.95,2.51
23.08.2021 00:23:52.247,109.839,109.83500000000001,1.95,2.64
23.08.2021 00:23:52.649,109.838,109.83500000000001,1,2.64
23.08.2021 00:23:52.750,109.838,109.83500000000001,1,2.14
23.08.2021 00:23:54.392,109.838,109.837,1,1
23.08.2021 00:23:54.494,109.839,109.837,1,1
23.08.2021 00:23:58.486,109.84200000000001,109.837,1.1,1.2
23.08.2021 00:23:58.588,109.84100000000001,109.839,1,1
23.08.2021 00:23:58.794,109.84299999999999,109.838,1.5,1.57
23.08.2021 00:23:59.357,109.84200000000001,109.838,1,2.14
23.08.2021 00:23:59.509,109.84200000000001,109.839,1,3.26
23.08.2021 00:24:00.758,109.84100000000001,109.839,1,3.26
23.08.2021 00:24:03.746,109.84299999999999,109.839,1.2,3.26
23.08.2021 00:24:05.216,109.84100000000001,109.839,1,3.26
23.08.2021 00:24:07.820,109.84200000000001,109.84,1,1
23.08.2021 00:24:07.921,109.84299999999999,109.84,1,1.2
23.08.2021 00:24:11.638,109.845,109.84,1,1.39
23.08.2021 00:24:11.739,109.845,109.84100000000001,1.95,1.39
23.08.2021 00:24:54.927,109.845,109.84100000000001,1.5,3.7
23.08.2021 00:24:56.489,109.845,109.84299999999999,1,1
23.08.2021 00:24:57.799,109.845,109.844,1,1
23.08.2021 00:24:58.002,109.846,109.844,1,1
23.08.2021 00:25:00.133,109.845,109.844,1,1
23.08.2021 00:25:00.528,109.846,109.844,1,1
23.08.2021 00:25:01.243,109.844,109.84299999999999,1,1
23.08.2021 00:25:01.344,109.845,109.84299999999999,1.01,1
23.08.2021 00:25:01.445,109.846,109.84200000000001,1.76,2.7
23.08.2021 00:25:01.547,109.845,109.84200000000001,1,2.89
23.08.2021 00:25:02.145,109.846,109.845,1,1
23.08.2021 00:25:07.257,109.84700000000001,109.84299999999999,1.12,4.45
23.08.2021 00:25:07.358,109.849,109.84700000000001,1.2,1.25
23.08.2021 00:25:07.460,109.85000000000001,109.849,1.5,1
23.08.2021 00:25:07.720,109.852,109.851,1,1
23.08.2021 00:25:07.873,109.854,109.852,3.07,1
23.08.2021 00:25:07.974,109.854,109.851,3.57,1
23.08.2021 00:25:08.075,109.852,109.851,1,1
23.08.2021 00:25:08.177,109.851,109.85000000000001,1,1
23.08.2021 00:25:10.527,109.851,109.849,1,1.25
23.08.2021 00:25:10.578,109.853,109.851,1.39,1
23.08.2021 00:25:11.700,109.853,109.851,2.84,1
23.08.2021 00:25:11.802,109.852,109.85000000000001,1.25,1
23.08.2021 00:25:16.168,109.854,109.85000000000001,1.09,1
23.08.2021 00:25:16.269,109.854,109.851,1.87,1.39
23.08.2021 00:25:16.371,109.85600000000001,109.854,2.14,1
23.08.2021 00:25:16.472,109.85700000000001,109.852,1.85,2.14
23.08.2021 00:25:19.358,109.85600000000001,109.855,1,1
23.08.2021 00:25:19.515,109.85600000000001,109.852,1.2,2.89
23.08.2021 00:25:20.183,109.859,109.854,2.47,1
23.08.2021 00:25:20.234,109.85799999999999,109.855,3.82,1
23.08.2021 00:25:22.174,109.85799999999999,109.855,3.41,1
23.08.2021 00:25:22.225,109.85799999999999,109.855,5.32,1
23.08.2021 00:25:23.762,109.85600000000001,109.853,2.47,1
23.08.2021 00:25:23.863,109.85700000000001,109.852,1.91,1
23.08.2021 00:25:28.221,109.85700000000001,109.855,1.31,1
23.08.2021 00:25:28.771,109.85600000000001,109.855,1,1
23.08.2021 00:25:31.310,109.85600000000001,109.852,1.2,2.89
23.08.2021 00:25:31.633,109.85600000000001,109.853,1.2,1
23.08.2021 00:25:32.683,109.85600000000001,109.854,1.2,1
23.08.2021 00:25:35.754,109.85600000000001,109.855,1,1
23.08.2021 00:25:37.764,109.85799999999999,109.855,2.47,1
23.08.2021 00:25:48.249,109.86,109.85700000000001,1.57,1.5
23.08.2021 00:25:48.351,109.861,109.85799999999999,1.6,1.5
23.08.2021 00:25:48.452,109.861,109.859,1,1
23.08.2021 00:25:49.512,109.86200000000001,109.859,1.95,1
23.08.2021 00:25:49.614,109.864,109.86,3.22,1.25
23.08.2021 00:25:49.716,109.864,109.861,3.22,1
23.08.2021 00:25:51.836,109.864,109.86200000000001,1.2,1
23.08.2021 00:25:58.928,109.863,109.86200000000001,1,1
23.08.2021 00:25:59.860,109.864,109.86,1,1.25
23.08.2021 00:26:07.574,109.86500000000001,109.86,1.5,1.69
23.08.2021 00:26:10.640,109.863,109.861,1,1.25
23.08.2021 00:26:10.692,109.863,109.85700000000001,1.5,6.86
23.08.2021 00:26:10.793,109.863,109.86,1.95,1
23.08.2021 00:26:10.895,109.863,109.861,1,1
23.08.2021 00:26:12.823,109.864,109.861,1.5,1
23.08.2021 00:26:25.083,109.86500000000001,109.863,2.03,1
23.08.2021 00:26:25.235,109.868,109.86200000000001,1.57,1.95
23.08.2021 00:26:25.337,109.867,109.864,1,1
23.08.2021 00:26:31.069,109.867,109.863,1.5,2.89
23.08.2021 00:26:31.170,109.868,109.864,1.5,2.89
23.08.2021 00:26:31.423,109.869,109.86500000000001,1.2,2.25
23.08.2021 00:26:38.005,109.868,109.86500000000001,1,1.95
23.08.2021 00:26:42.140,109.869,109.86500000000001,1.2,2.25
23.08.2021 00:26:42.779,109.869,109.86500000000001,1.6,2.25
23.08.2021 00:26:55.889,109.869,109.866,1,1.39
23.08.2021 00:27:04.959,109.868,109.866,1,1.39
23.08.2021 00:27:05.328,109.868,109.866,1,2.7
23.08.2021 00:27:08.265,109.867,109.86500000000001,1,2.14
23.08.2021 00:27:15.508,109.869,109.866,1.5,1.39
23.08.2021 00:27:15.611,109.868,109.866,1,2.14
23.08.2021 00:27:22.832,109.868,109.86500000000001,1,2.14
23.08.2021 00:27:25.425,109.869,109.86500000000001,1.39,1.2
23.08.2021 00:27:25.527,109.868,109.866,1,1.39
23.08.2021 00:27:34.394,109.867,109.866,1,1.25
23.08.2021 00:27:36.521,109.87100000000001,109.87,1.5,1
23.08.2021 00:27:36.572,109.87299999999999,109.87,1,2.95
23.08.2021 00:27:41.370,109.87299999999999,109.87100000000001,1,2.2
23.08.2021 00:27:44.677,109.87299999999999,109.87100000000001,1,1.25
23.08.2021 00:27:46.130,109.874,109.87100000000001,1,1.25
23.08.2021 00:27:46.231,109.87299999999999,109.87,1,2.5
23.08.2021 00:27:50.809,109.87299999999999,109.869,2.7,4.9
23.08.2021 00:27:50.910,109.874,109.87,3.07,1.39
23.08.2021 00:27:51.012,109.874,109.87,1.95,2.2
23.08.2021 00:27:52.061,109.874,109.87100000000001,1.95,1.25
23.08.2021 00:27:57.951,109.875,109.87100000000001,2.7,2.2
23.08.2021 00:28:00.003,109.87700000000001,109.875,1,1.25
23.08.2021 00:28:00.105,109.879,109.876,1.2,1.69
23.08.2021 00:28:00.206,109.881,109.87700000000001,3.04,1.69
23.08.2021 00:28:00.527,109.881,109.87700000000001,2.89,1.76
23.08.2021 00:28:00.629,109.881,109.87700000000001,2.7,1.82
23.08.2021 00:28:11.373,109.88,109.87700000000001,1,1.35
23.08.2021 00:28:14.762,109.88,109.879,1,1.25
23.08.2021 00:28:14.813,109.882,109.879,2.59,1.76
23.08.2021 00:28:18.825,109.882,109.88,1,1.25
23.08.2021 00:28:18.876,109.884,109.882,1.5,1
23.08.2021 00:28:18.978,109.885,109.883,1,1
23.08.2021 00:28:19.130,109.885,109.882,1,1.1
23.08.2021 00:28:21.963,109.88600000000001,109.882,1,4.84
23.08.2021 00:28:22.524,109.88600000000001,109.883,1,1.2
23.08.2021 00:28:22.740,109.88700000000001,109.883,2.89,1.95
23.08.2021 00:28:22.842,109.88799999999999,109.883,2.14,1
23.08.2021 00:28:25.165,109.88799999999999,109.885,1.5,1.1
23.08.2021 00:28:26.924,109.889,109.88600000000001,1.95,1.25
23.08.2021 00:28:28.973,109.889,109.88600000000001,1,1.35
23.08.2021 00:28:29.075,109.89,109.889,1.5,1.5
23.08.2021 00:28:29.126,109.89200000000001,109.889,1,1.75
23.08.2021 00:28:31.067,109.893,109.889,1.95,1.01
23.08.2021 00:28:31.168,109.893,109.88700000000001,1.95,2.21
23.08.2021 00:28:31.270,109.89200000000001,109.88700000000001,1,1.01
23.08.2021 00:28:31.522,109.89200000000001,109.88799999999999,1.95,1.01
23.08.2021 00:28:31.624,109.89200000000001,109.889,1,1.35
23.08.2021 00:28:31.726,109.891,109.88799999999999,1.5,3.17
23.08.2021 00:28:31.831,109.891,109.88700000000001,1,4.86
23.08.2021 00:28:32.034,109.891,109.88700000000001,1.95,3.64
23.08.2021 00:28:33.422,109.89,109.88700000000001,1,2.44
23.08.2021 00:28:36.120,109.889,109.885,1.2,2.77
23.08.2021 00:28:36.222,109.889,109.885,3.14,2.02
23.08.2021 00:28:38.137,109.88700000000001,109.884,1,4.11
23.08.2021 00:28:38.289,109.88700000000001,109.884,1,3.71
23.08.2021 00:28:38.541,109.88600000000001,109.883,1,3.36
23.08.2021 00:28:38.642,109.88600000000001,109.883,1,1.69
23.08.2021 00:28:46.488,109.88700000000001,109.881,1.69,1.2
23.08.2021 00:28:46.539,109.885,109.882,1.25,1.1
23.08.2021 00:28:47.532,109.88600000000001,109.88,2.2,2.32
23.08.2021 00:28:47.700,109.882,109.879,1.25,2.02
23.08.2021 00:28:47.851,109.881,109.879,2.69,1.2
23.08.2021 00:28:47.954,109.88,109.87700000000001,1,2.8
23.08.2021 00:28:48.055,109.88,109.876,2.25,4.24
23.08.2021 00:29:00.964,109.88,109.876,3.7,1.1
23.08.2021 00:29:01.065,109.88,109.876,2.89,1.01
23.08.2021 00:29:01.369,109.88,109.876,2.44,1.41
23.08.2021 00:29:04.890,109.88,109.876,1.69,2.29
23.08.2021 00:29:04.991,109.88,109.876,1.69,2.16
23.08.2021 00:29:05.309,109.879,109.876,1.25,1.57
23.08.2021 00:29:05.461,109.878,109.875,1.25,1.27
23.08.2021 00:29:05.563,109.879,109.874,2.44,4.79
23.08.2021 00:29:10.254,109.879,109.875,2.5,1.22
23.08.2021 00:29:10.539,109.878,109.875,1.25,1.22
23.08.2021 00:29:11.212,109.879,109.875,2.87,1.22
23.08.2021 00:29:11.795,109.875,109.87299999999999,2.5,1.2
23.08.2021 00:29:11.998,109.875,109.87100000000001,2.95,1.57
23.08.2021 00:29:14.102,109.874,109.87,1.39,2.51
23.08.2021 00:29:16.801,109.87299999999999,109.869,2.2,1
23.08.2021 00:29:16.952,109.87299999999999,109.869,1.75,1.97
23.08.2021 00:29:18.292,109.87299999999999,109.869,1.25,1.97
23.08.2021 00:29:19.119,109.874,109.87,1.69,1.41
23.08.2021 00:29:19.221,109.876,109.87100000000001,5.2,1.41
23.08.2021 00:29:21.774,109.875,109.87100000000001,1.39,1.01
23.08.2021 00:29:21.876,109.874,109.87,1.25,2.16
23.08.2021 00:29:24.292,109.874,109.87,1.25,4.24
23.08.2021 00:29:28.556,109.876,109.87100000000001,3.7,2.61
23.08.2021 00:29:31.019,109.876,109.87100000000001,2.14,4.36
23.08.2021 00:29:31.120,109.87700000000001,109.87200000000001,1.69,5.54
23.08.2021 00:29:31.222,109.88,109.874,1.69,2.16
23.08.2021 00:29:31.323,109.879,109.875,1.25,2.29
23.08.2021 00:29:31.425,109.88,109.874,1,6.36
23.08.2021 00:29:35.180,109.881,109.876,2.5,3.49
23.08.2021 00:29:41.737,109.882,109.875,2.95,2.14
23.08.2021 00:29:42.678,109.878,109.875,1,1.22
23.08.2021 00:29:42.729,109.87700000000001,109.874,1.2,1
23.08.2021 00:29:42.831,109.87700000000001,109.87299999999999,2.1,1.2
23.08.2021 00:29:42.932,109.87700000000001,109.87100000000001,2.47,1.6
23.08.2021 00:29:46.037,109.876,109.87100000000001,1.6,1.2
23.08.2021 00:29:46.290,109.876,109.87100000000001,1.2,1.6
23.08.2021 00:30:01.812,109.879,109.874,1.5,3.22
23.08.2021 00:30:01.913,109.88,109.876,1.5,1.6
23.08.2021 00:30:03.150,109.881,109.87700000000001,1.95,1.2
23.08.2021 00:30:03.657,109.882,109.878,1,1
23.08.2021 00:30:03.759,109.883,109.878,1,1.95
23.08.2021 00:30:03.862,109.885,109.879,1.97,1
23.08.2021 00:30:03.963,109.884,109.88,1.5,1.22
23.08.2021 00:30:04.116,109.885,109.882,1,1.1
23.08.2021 00:30:04.219,109.88700000000001,109.882,1.22,1.1
23.08.2021 00:30:05.229,109.88700000000001,109.882,1.1,2.42
23.08.2021 00:30:06.168,109.88700000000001,109.882,1.82,2.61
23.08.2021 00:30:07.865,109.889,109.885,1,2.89
23.08.2021 00:30:07.917,109.893,109.88600000000001,3.04,1.75
23.08.2021 00:30:08.019,109.893,109.88799999999999,2.54,1.25
23.08.2021 00:30:08.273,109.893,109.889,2.1,1.25
23.08.2021 00:30:08.375,109.893,109.88799999999999,2.14,3.34
23.08.2021 00:30:08.667,109.89200000000001,109.88799999999999,1,4.09
23.08.2021 00:30:13.140,109.89200000000001,109.889,1,1.25
23.08.2021 00:30:13.293,109.895,109.889,2.14,1.69
23.08.2021 00:30:13.444,109.894,109.89,1.5,2.2
23.08.2021 00:30:13.546,109.894,109.89,1.69,2.14
23.08.2021 00:30:13.647,109.895,109.889,1.5,2.22
23.08.2021 00:30:14.031,109.893,109.889,3.64,2.89
23.08.2021 00:30:14.133,109.893,109.889,2.7,2.2
23.08.2021 00:30:14.234,109.89200000000001,109.889,1.95,1.75
23.08.2021 00:30:14.386,109.893,109.889,3.45,1.75
23.08.2021 00:30:14.538,109.895,109.89200000000001,1.95,4
23.08.2021 00:30:14.640,109.896,109.894,1,2.5
23.08.2021 00:30:14.742,109.897,109.894,1.95,2.5
23.08.2021 00:30:14.844,109.898,109.894,2.7,2.5
23.08.2021 00:30:14.946,109.899,109.896,2.7,1.25
23.08.2021 00:30:15.150,109.898,109.895,1.95,1.75
23.08.2021 00:30:15.402,109.898,109.894,1.95,3.25
23.08.2021 00:30:15.795,109.899,109.894,1.95,1.25
23.08.2021 00:30:15.896,109.899,109.895,3.45,1.35
23.08.2021 00:30:15.997,109.899,109.895,2.89,1.01
23.08.2021 00:30:16.341,109.899,109.896,2.7,1.25
23.08.2021 00:30:19.260,109.898,109.895,1.95,1.25
23.08.2021 00:30:22.579,109.899,109.895,1.39,3.56
23.08.2021 00:30:24.277,109.899,109.895,1.2,1.82
23.08.2021 00:30:24.429,109.9,109.896,2.89,1.01
23.08.2021 00:30:26.485,109.899,109.896,1,1.69
23.08.2021 00:30:27.079,109.899,109.897,1,1
23.08.2021 00:30:29.188,109.90100000000001,109.897,1.95,1.75
23.08.2021 00:30:29.290,109.90100000000001,109.897,2.95,1
23.08.2021 00:30:30.154,109.90100000000001,109.896,4.07,3.64
23.08.2021 00:30:31.055,109.899,109.896,1,1.69
23.08.2021 00:30:32.327,109.898,109.896,1.25,1.5
23.08.2021 00:30:32.428,109.896,109.89200000000001,1.5,3.82
23.08.2021 00:30:32.530,109.894,109.893,1,1.2
23.08.2021 00:30:32.580,109.894,109.891,1.69,1.5
23.08.2021 00:30:34.450,109.893,109.891,1.25,1
23.08.2021 00:30:35.592,109.893,109.89,1.25,2.32
23.08.2021 00:30:40.931,109.89200000000001,109.889,1.75,1.57
23.08.2021 00:30:56.914,109.89200000000001,109.89,2.5,1
23.08.2021 00:30:59.988,109.891,109.889,1.25,1.57
23.08.2021 00:31:08.669,109.893,109.89,1.25,1
23.08.2021 00:31:08.771,109.894,109.89,2.44,2.89
23.08.2021 00:31:08.872,109.894,109.891,1.69,1.87
23.08.2021 00:31:16.231,109.893,109.89,1.25,4.57
23.08.2021 00:31:16.434,109.893,109.89,1.75,3.75
23.08.2021 00:31:21.626,109.889,109.88700000000001,1.25,1.5
23.08.2021 00:31:21.677,109.891,109.889,1.57,3
23.08.2021 00:31:21.727,109.889,109.88700000000001,1.25,1.5
23.08.2021 00:31:21.931,109.889,109.88600000000001,1.45,2.25
23.08.2021 00:31:23.416,109.88700000000001,109.885,1.25,1
23.08.2021 00:31:23.518,109.88600000000001,109.884,1.25,2.25
23.08.2021 00:31:23.619,109.88700000000001,109.885,1.69,1
23.08.2021 00:31:23.772,109.88600000000001,109.885,1.25,1
23.08.2021 00:31:23.823,109.88700000000001,109.885,1.69,1
23.08.2021 00:31:25.231,109.88700000000001,109.88600000000001,1.69,1
23.08.2021 00:31:25.418,109.88799999999999,109.88600000000001,2.14,1
23.08.2021 00:31:25.468,109.89,109.88700000000001,1.25,1
23.08.2021 00:31:25.570,109.891,109.89,1.25,1
23.08.2021 00:31:25.672,109.894,109.89,2.14,1
23.08.2021 00:31:26.676,109.893,109.891,2.2,1
23.08.2021 00:31:28.396,109.891,109.889,1.25,1
23.08.2021 00:31:30.152,109.891,109.88799999999999,1.25,2.25
23.08.2021 00:31:30.253,109.88799999999999,109.88600000000001,1.45,1.95
23.08.2021 00:31:30.354,109.88700000000001,109.885,1.45,1
23.08.2021 00:31:30.607,109.88700000000001,109.885,1.39,1
23.08.2021 00:31:30.759,109.88600000000001,109.884,1.25,1.5
23.08.2021 00:31:31.113,109.88600000000001,109.883,1.25,1.87
23.08.2021 00:31:33.673,109.88799999999999,109.884,2.14,1
23.08.2021 00:31:33.785,109.88600000000001,109.885,1.25,1
23.08.2021 00:31:34.257,109.88600000000001,109.884,1.25,1
23.08.2021 00:31:36.528,109.88700000000001,109.885,1.39,1
23.08.2021 00:31:36.851,109.88799999999999,109.884,1.25,1
23.08.2021 00:31:36.952,109.88799999999999,109.883,1.45,2.25
23.08.2021 00:31:42.401,109.88700000000001,109.885,2.95,1
23.08.2021 00:31:42.604,109.885,109.883,1.25,1.5
23.08.2021 00:31:44.017,109.88600000000001,109.883,1.25,1
23.08.2021 00:31:48.817,109.885,109.883,1.25,1.5
23.08.2021 00:31:49.927,109.884,109.883,1.25,1.5
23.08.2021 00:31:54.605,109.881,109.88,1.25,1.5
23.08.2021 00:31:54.860,109.882,109.88,3.45,1
23.08.2021 00:31:55.817,109.881,109.879,1.37,1
23.08.2021 00:31:55.927,109.88,109.878,1.25,1
23.08.2021 00:31:57.480,109.88,109.879,1.25,1
23.08.2021 00:31:57.982,109.883,109.88,2.19,1
23.08.2021 00:31:58.084,109.884,109.882,1.69,1
23.08.2021 00:31:58.186,109.885,109.883,1.25,1
23.08.2021 00:31:58.816,109.88700000000001,109.884,1.25,1
23.08.2021 00:31:59.098,109.885,109.883,1.25,1
23.08.2021 00:31:59.149,109.88700000000001,109.885,2.95,1
23.08.2021 00:32:01.165,109.88700000000001,109.885,1.57,1
23.08.2021 00:32:02.978,109.88600000000001,109.884,1.25,1
23.08.2021 00:32:04.194,109.89,109.88600000000001,2.06,1
23.08.2021 00:32:04.296,109.89,109.88799999999999,1.25,1
23.08.2021 00:32:04.347,109.89200000000001,109.89,1.25,1
23.08.2021 00:32:12.420,109.89200000000001,109.89,1.25,1
23.08.2021 00:32:12.522,109.893,109.89,2.95,1
23.08.2021 00:32:14.300,109.893,109.889,2.95,1.5
23.08.2021 00:32:14.403,109.893,109.89200000000001,1.69,1
23.08.2021 00:32:15.378,109.89200000000001,109.89,1.25,1.5
23.08.2021 00:32:15.813,109.89200000000001,109.891,1.69,1
23.08.2021 00:32:16.280,109.89200000000001,109.89,1.75,1.5
23.08.2021 00:32:18.348,109.893,109.891,3.7,1
23.08.2021 00:32:18.500,109.893,109.891,2.14,1
23.08.2021 00:32:20.282,109.895,109.89200000000001,1,4.39
23.08.2021 00:32:20.384,109.897,109.895,1.25,1
23.08.2021 00:32:20.485,109.898,109.896,2.14,1
23.08.2021 00:32:22.959,109.897,109.896,1.25,1
23.08.2021 00:32:29.592,109.895,109.893,1.39,1
23.08.2021 00:32:29.694,109.894,109.893,1.69,1
23.08.2021 00:32:29.797,109.894,109.89,2.95,2
23.08.2021 00:32:29.899,109.893,109.891,1.75,1
23.08.2021 00:32:30.051,109.893,109.891,1.69,1
23.08.2021 00:32:30.356,109.893,109.891,1.75,1
23.08.2021 00:32:30.458,109.893,109.891,1.69,1
23.08.2021 00:32:30.942,109.893,109.891,1.75,1
23.08.2021 00:32:31.274,109.893,109.89,2.5,1
23.08.2021 00:32:31.376,109.893,109.89,1,1.5
23.08.2021 00:32:31.477,109.896,109.89,2.95,1.12
23.08.2021 00:32:31.578,109.895,109.89200000000001,2.95,1
23.08.2021 00:32:31.730,109.895,109.89,1.25,1
23.08.2021 00:32:31.832,109.895,109.89,3.25,2.89
23.08.2021 00:32:33.156,109.895,109.889,1.75,2.25
23.08.2021 00:32:36.613,109.893,109.889,2.44,2.25
23.08.2021 00:32:38.252,109.89200000000001,109.88799999999999,1.5,2.44
23.08.2021 00:32:40.656,109.89200000000001,109.89,1,2.25
23.08.2021 00:32:40.758,109.894,109.89,6.25,3.19
23.08.2021 00:32:41.442,109.894,109.89200000000001,2.5,1
23.08.2021 00:32:42.304,109.894,109.891,3.14,1
23.08.2021 00:32:42.673,109.894,109.891,2.14,1
23.08.2021 00:32:42.826,109.894,109.89200000000001,1.25,1
23.08.2021 00:32:42.928,109.896,109.895,1.25,1
23.08.2021 00:32:42.979,109.897,109.893,2.2,3.94
23.08.2021 00:32:43.031,109.897,109.896,1.25,1
23.08.2021 00:32:43.973,109.896,109.893,2.2,3.45
23.08.2021 00:32:44.075,109.894,109.89200000000001,1.25,1
23.08.2021 00:32:44.378,109.893,109.89200000000001,1.25,1
23.08.2021 00:32:46.997,109.895,109.89200000000001,3.64,1
23.08.2021 00:32:47.099,109.895,109.893,1.69,1
23.08.2021 00:32:48.716,109.896,109.895,1.69,1
23.08.2021 00:32:48.868,109.897,109.895,1,1
23.08.2021 00:33:01.714,109.898,109.895,1.5,1.25
23.08.2021 00:33:01.815,109.899,109.896,2.14,1.25
23.08.2021 00:33:01.917,109.899,109.897,1,1
23.08.2021 00:33:03.164,109.90100000000001,109.9,1,1
23.08.2021 00:33:03.265,109.90200000000002,109.90100000000001,1,1
23.08.2021 00:33:03.366,109.904,109.90200000000002,1,1
23.08.2021 00:33:06.829,109.905,109.90200000000002,2.14,1
23.08.2021 00:33:07.031,109.905,109.90100000000001,1,1
23.08.2021 00:33:07.133,109.904,109.90100000000001,1,1.25
23.08.2021 00:33:10.726,109.904,109.90100000000001,1.2,1.75
23.08.2021 00:33:10.839,109.904,109.90100000000001,1.2,1.25
23.08.2021 00:33:11.938,109.904,109.90100000000001,3.7,1
23.08.2021 00:33:12.090,109.90200000000002,109.899,2.14,1
23.08.2021 00:33:12.191,109.90200000000002,109.898,2.14,1.5
23.08.2021 00:33:12.586,109.90100000000001,109.897,2.7,1.25
23.08.2021 00:33:12.687,109.9,109.896,1.39,2.44
23.08.2021 00:33:14.141,109.9,109.895,1.2,1.25
23.08.2021 00:33:15.842,109.9,109.897,1,1
23.08.2021 00:33:15.893,109.90100000000001,109.898,1.69,1.76
23.08.2021 00:33:15.945,109.90200000000002,109.9,1,1.5
23.08.2021 00:33:16.047,109.904,109.9,3.14,1.5
23.08.2021 00:33:16.098,109.90200000000002,109.898,1.69,4.47
23.08.2021 00:33:21.088,109.90299999999999,109.899,1,1
23.08.2021 00:33:21.492,109.90200000000002,109.898,2.14,1.87
23.08.2021 00:33:28.019,109.90200000000002,109.9,1,1.5
23.08.2021 00:33:28.120,109.904,109.9,2.95,1.69
23.08.2021 00:33:28.372,109.904,109.9,2.14,2.5
23.08.2021 00:33:36.158,109.904,109.9,2.2,1.69
23.08.2021 00:33:37.454,109.905,109.899,1.25,2.95
23.08.2021 00:33:37.606,109.904,109.9,3.85,1
23.08.2021 00:33:37.707,109.90299999999999,109.899,1.39,2.44
23.08.2021 00:33:40.653,109.904,109.90100000000001,2.95,1
23.08.2021 00:33:42.711,109.904,109.899,5.8,2.25
23.08.2021 00:33:44.233,109.9,109.897,1.25,1.5
23.08.2021 00:33:44.385,109.9,109.896,2.69,2.32
23.08.2021 00:33:47.461,109.9,109.896,1.69,2.51
23.08.2021 00:33:47.562,109.90200000000002,109.899,4.45,1
23.08.2021 00:33:47.664,109.90200000000002,109.897,1,1.13
23.08.2021 00:33:47.866,109.90100000000001,109.897,2.14,2.25
23.08.2021 00:33:49.499,109.90100000000001,109.898,1.39,1
23.08.2021 00:33:49.600,109.90100000000001,109.899,1,1
23.08.2021 00:33:49.853,109.90299999999999,109.9,1.39,1
23.08.2021 00:33:50.274,109.904,109.90100000000001,1.25,1
23.08.2021 00:33:52.496,109.905,109.90100000000001,2.89,1.5
23.08.2021 00:33:55.516,109.905,109.90200000000002,1.39,1
23.08.2021 00:33:56.292,109.905,109.90200000000002,2.2,1
23.08.2021 00:34:01.111,109.904,109.90100000000001,1.25,1
23.08.2021 00:34:02.385,109.905,109.90100000000001,3.64,1.25
23.08.2021 00:34:02.486,109.905,109.90200000000002,2.5,1
23.08.2021 00:34:05.498,109.905,109.90200000000002,2.14,1
23.08.2021 00:34:21.149,109.904,109.90200000000002,1,1.5
23.08.2021 00:34:21.339,109.90299999999999,109.9,1,2.25
23.08.2021 00:34:21.441,109.90200000000002,109.898,1.37,1.2
23.08.2021 00:34:21.492,109.90100000000001,109.897,1.25,3.82
23.08.2021 00:34:21.594,109.899,109.896,1.69,1.77
23.08.2021 00:34:21.747,109.899,109.895,2.5,3.22
23.08.2021 00:34:21.798,109.899,109.895,2.5,1.57
23.08.2021 00:34:22.101,109.898,109.895,2.5,1
23.08.2021 00:34:22.354,109.897,109.894,1.75,1.1
23.08.2021 00:34:22.506,109.897,109.893,1.75,1.57
23.08.2021 00:34:22.611,109.896,109.893,1.25,1.57
23.08.2021 00:34:22.916,109.896,109.893,1.25,1.57
23.08.2021 00:34:24.452,109.894,109.891,1.69,1.5
23.08.2021 00:34:24.553,109.893,109.89,1,4.2
23.08.2021 00:34:24.654,109.893,109.89,1.45,2.25
23.08.2021 00:34:24.756,109.89200000000001,109.889,2.14,1
23.08.2021 00:34:24.857,109.891,109.889,1,1
23.08.2021 00:34:24.958,109.891,109.88799999999999,1.25,1.57
23.08.2021 00:34:25.401,109.891,109.889,1,1.1
23.08.2021 00:34:25.502,109.89200000000001,109.889,1.25,1.1
23.08.2021 00:34:28.907,109.89200000000001,109.889,2.2,1
23.08.2021 00:34:29.025,109.89,109.889,1,1
23.08.2021 00:34:29.127,109.89,109.88700000000001,1,1.1
23.08.2021 00:34:29.228,109.891,109.89,1.25,1
23.08.2021 00:34:29.391,109.893,109.889,1.25,1
23.08.2021 00:34:29.543,109.893,109.89200000000001,1,1
23.08.2021 00:34:29.647,109.894,109.89200000000001,1.25,1
23.08.2021 00:34:30.878,109.894,109.891,1.39,1
23.08.2021 00:34:32.008,109.893,109.89,1.39,1
23.08.2021 00:34:32.110,109.893,109.891,2.2,1
23.08.2021 00:34:34.358,109.893,109.891,1,1.75
23.08.2021 00:34:34.459,109.894,109.893,1,1.25
23.08.2021 00:34:39.710,109.893,109.89200000000001,1,1.25
23.08.2021 00:34:39.812,109.893,109.89,1.2,1.25
23.08.2021 00:34:39.863,109.891,109.89,1,1.25
23.08.2021 00:34:42.940,109.891,109.889,1,1
23.08.2021 00:34:47.432,109.893,109.88799999999999,1.5,1.76
23.08.2021 00:34:52.163,109.893,109.88799999999999,1.5,2.01
23.08.2021 00:34:52.314,109.893,109.89,1,1.01
23.08.2021 00:35:00.092,109.893,109.889,2.89,1.76
23.08.2021 00:35:00.193,109.89200000000001,109.889,1,1.01
23.08.2021 00:35:00.294,109.893,109.889,3.64,1.76
23.08.2021 00:35:02.182,109.893,109.889,2.7,2.76
23.08.2021 00:35:02.333,109.894,109.88799999999999,2.89,1.76
23.08.2021 00:35:02.435,109.893,109.889,2.25,3.35
23.08.2021 00:35:02.536,109.894,109.891,1.95,1.25
23.08.2021 00:35:07.671,109.894,109.89,2.14,2.32
23.08.2021 00:35:10.349,109.894,109.89,1.69,3.1
23.08.2021 00:35:10.917,109.89200000000001,109.88799999999999,3.7,4.52
23.08.2021 00:35:11.019,109.89200000000001,109.88799999999999,2.14,3.71
23.08.2021 00:35:11.122,109.89200000000001,109.88799999999999,3.14,1.57
23.08.2021 00:35:11.223,109.893,109.88700000000001,2.14,1.76
23.08.2021 00:35:15.358,109.89200000000001,109.88799999999999,3.14,1.57
23.08.2021 00:35:15.459,109.89200000000001,109.88799999999999,2.14,1.76
23.08.2021 00:35:15.561,109.889,109.88600000000001,1.75,3.82
23.08.2021 00:35:15.764,109.889,109.88600000000001,1.75,1.97
23.08.2021 00:35:15.865,109.89,109.88700000000001,2.5,1.1
23.08.2021 00:35:16.666,109.89,109.88700000000001,1.25,1.76
23.08.2021 00:35:16.768,109.89,109.88700000000001,1.25,2.16
23.08.2021 00:35:17.337,109.89,109.88700000000001,1.25,2.32
23.08.2021 00:35:21.138,109.891,109.88700000000001,1.75,2.91
23.08.2021 00:35:21.189,109.89200000000001,109.889,1,1.76
23.08.2021 00:35:21.543,109.895,109.891,3.89,1.1
23.08.2021 00:35:23.992,109.896,109.89,2.89,1.01
23.08.2021 00:35:24.144,109.895,109.89200000000001,2.7,1.25
23.08.2021 00:35:26.305,109.895,109.893,1.95,1.25
23.08.2021 00:35:27.454,109.896,109.893,1,2.62
23.08.2021 00:35:27.555,109.897,109.895,1,1.25
23.08.2021 00:35:27.658,109.898,109.896,1,1.25
23.08.2021 00:35:27.816,109.899,109.896,2.7,1.25
23.08.2021 00:35:29.318,109.899,109.895,2.85,2.5
23.08.2021 00:35:29.579,109.899,109.896,2.7,1.25
23.08.2021 00:35:31.323,109.899,109.897,2.7,1.25
23.08.2021 00:35:33.231,109.9,109.897,1.5,1.31
23.08.2021 00:35:33.333,109.90200000000002,109.899,1,1.94
23.08.2021 00:35:33.434,109.904,109.90200000000002,1,1.25
23.08.2021 00:35:34.372,109.904,109.90100000000001,1,1.75
23.08.2021 00:35:40.156,109.904,109.90100000000001,1.5,1.25
23.08.2021 00:35:40.988,109.905,109.899,2.44,2.44
23.08.2021 00:35:41.677,109.90299999999999,109.899,2.25,2.06
23.08.2021 00:35:45.508,109.90299999999999,109.899,2.25,1.94
23.08.2021 00:35:45.609,109.904,109.9,1.5,1.25
23.08.2021 00:35:46.014,109.904,109.9,1,3.25
23.08.2021 00:35:49.065,109.905,109.90100000000001,1,1.69
23.08.2021 00:35:52.112,109.904,109.9,1,1.25
23.08.2021 00:35:52.213,109.90299999999999,109.899,1,3.44
23.08.2021 00:35:54.625,109.90200000000002,109.899,1,1.5
23.08.2021 00:35:54.727,109.90299999999999,109.899,1.5,1.5
23.08.2021 00:35:55.736,109.90200000000002,109.898,1,1.69
23.08.2021 00:35:57.676,109.90100000000001,109.898,2.14,1
23.08.2021 00:35:59.274,109.899,109.896,1.25,1
23.08.2021 00:35:59.375,109.898,109.895,1,1.5
23.08.2021 00:36:01.132,109.9,109.896,2.44,2.2
23.08.2021 00:36:01.233,109.9,109.897,2.25,1.25
23.08.2021 00:36:01.385,109.9,109.895,1,1.75
23.08.2021 00:36:05.074,109.899,109.896,1.25,1.25
23.08.2021 00:36:09.933,109.898,109.895,1,1.5
23.08.2021 00:36:13.979,109.899,109.895,2.7,1.5
23.08.2021 00:36:19.363,109.898,109.895,1,1
23.08.2021 00:36:31.406,109.898,109.894,1,2.32
23.08.2021 00:36:38.416,109.899,109.895,1.95,1
23.08.2021 00:36:39.608,109.899,109.895,3.7,1
23.08.2021 00:36:44.071,109.9,109.894,2.44,1.39
23.08.2021 00:36:48.517,109.898,109.895,1,1
23.08.2021 00:37:18.548,109.898,109.894,1.5,2.14
23.08.2021 00:37:24.446,109.897,109.894,1,1.39
23.08.2021 00:37:25.553,109.894,109.89200000000001,1.25,1.5
23.08.2021 00:37:25.604,109.893,109.89,1,1.5
23.08.2021 00:37:25.706,109.893,109.889,2.14,1
23.08.2021 00:37:25.858,109.89200000000001,109.889,1,1
23.08.2021 00:37:26.958,109.893,109.889,1.69,1.39
23.08.2021 00:37:27.267,109.89200000000001,109.889,1,1
23.08.2021 00:37:27.469,109.89200000000001,109.88799999999999,1,1.39
23.08.2021 00:37:28.462,109.891,109.88700000000001,1.75,2.7
23.08.2021 00:37:29.746,109.891,109.88700000000001,2.25,1.2
23.08.2021 00:37:30.738,109.889,109.88600000000001,1.95,1.5
23.08.2021 00:37:30.839,109.88700000000001,109.885,1,1
23.08.2021 00:37:30.890,109.889,109.885,3.64,1
23.08.2021 00:37:30.992,109.88799999999999,109.885,1,1
23.08.2021 00:37:32.098,109.88700000000001,109.885,1,1
23.08.2021 00:37:34.768,109.88799999999999,109.885,1.5,1
23.08.2021 00:37:37.449,109.88700000000001,109.885,1,1
23.08.2021 00:37:37.501,109.88600000000001,109.883,1.5,1
23.08.2021 00:37:40.599,109.88700000000001,109.883,2.14,1
23.08.2021 00:37:40.700,109.889,109.88600000000001,4.39,1
23.08.2021 00:37:40.853,109.889,109.884,1,1
23.08.2021 00:37:40.954,109.88700000000001,109.884,1.2,1
23.08.2021 00:37:41.106,109.88700000000001,109.883,1,1
23.08.2021 00:37:43.477,109.88700000000001,109.884,1.95,1
23.08.2021 00:37:51.284,109.88600000000001,109.881,1,1.5
23.08.2021 00:37:51.537,109.884,109.881,1,1
23.08.2021 00:37:51.840,109.881,109.879,1,1
23.08.2021 00:37:51.942,109.881,109.878,1,2.14
23.08.2021 00:37:52.047,109.883,109.88,1.25,3
23.08.2021 00:37:52.149,109.884,109.88,1.25,3.07
23.08.2021 00:37:52.250,109.884,109.88,1.25,4.91
23.08.2021 00:38:04.523,109.88600000000001,109.882,1.25,3.07
23.08.2021 00:38:04.574,109.88600000000001,109.884,1.69,1
23.08.2021 00:38:10.034,109.88600000000001,109.882,1.69,3.57
23.08.2021 00:38:13.210,109.88600000000001,109.882,1.5,3.26
23.08.2021 00:38:15.474,109.88700000000001,109.883,1,1
23.08.2021 00:38:15.576,109.88799999999999,109.885,1.25,1
23.08.2021 00:38:15.929,109.88799999999999,109.88600000000001,1.25,1
23.08.2021 00:38:17.745,109.88799999999999,109.884,1,2.89
23.08.2021 00:38:22.220,109.88799999999999,109.885,1,1
23.08.2021 00:38:22.420,109.889,109.885,2.14,1
23.08.2021 00:38:28.104,109.88700000000001,109.883,1.25,3.07
23.08.2021 00:38:53.401,109.88600000000001,109.883,1,1
23.08.2021 00:39:01.290,109.88600000000001,109.881,1.25,1.5
23.08.2021 00:39:01.442,109.885,109.881,1.69,2.14
23.08.2021 00:39:01.797,109.884,109.881,1,2.14
23.08.2021 00:39:02.975,109.883,109.881,1.25,1
23.08.2021 00:39:03.077,109.884,109.88,2.95,1
23.08.2021 00:39:03.178,109.884,109.881,1.69,1
23.08.2021 00:39:04.493,109.884,109.88,2.95,1.5
23.08.2021 00:39:04.761,109.884,109.881,2.5,1
23.08.2021 00:39:04.963,109.884,109.881,1.69,1
23.08.2021 00:39:06.938,109.885,109.881,1.69,2.14
23.08.2021 00:39:07.054,109.885,109.882,1.69,1
23.08.2021 00:39:15.320,109.88600000000001,109.882,2.14,1.5
23.08.2021 00:39:16.589,109.88700000000001,109.883,1.5,2.89
23.08.2021 00:39:16.691,109.88700000000001,109.884,1.5,1
23.08.2021 00:39:20.194,109.88799999999999,109.884,1.2,3.19
23.08.2021 00:39:20.295,109.891,109.88600000000001,1.25,1
23.08.2021 00:39:20.397,109.891,109.88700000000001,2.59,2.25
23.08.2021 00:39:22.290,109.891,109.88799999999999,1.2,1
23.08.2021 00:39:22.392,109.89200000000001,109.88799999999999,1.95,2.25
23.08.2021 00:39:22.596,109.89200000000001,109.889,1.2,1
23.08.2021 00:39:23.587,109.89200000000001,109.89,1.2,1
23.08.2021 00:39:25.150,109.89200000000001,109.891,1,1
23.08.2021 00:39:25.252,109.894,109.891,2.14,1
23.08.2021 00:39:25.415,109.894,109.89,2.89,1.5
23.08.2021 00:39:32.638,109.894,109.89,4.16,1.5
23.08.2021 00:39:32.998,109.894,109.88799999999999,1.2,2.44
23.08.2021 00:39:36.947,109.893,109.889,2.1,1.5
23.08.2021 00:39:42.416,109.893,109.89,1.39,1.5
23.08.2021 00:39:42.619,109.895,109.89200000000001,2.14,1
23.08.2021 00:39:42.720,109.895,109.893,1,1
23.08.2021 00:39:43.207,109.896,109.893,1,1
23.08.2021 00:39:44.998,109.897,109.895,1,1.5
23.08.2021 00:39:45.099,109.898,109.895,1,1.5
23.08.2021 00:39:45.201,109.898,109.896,1,1
23.08.2021 00:39:45.524,109.898,109.895,1.2,1.5
23.08.2021 00:39:47.724,109.897,109.895,1,1
23.08.2021 00:39:47.826,109.897,109.893,2.7,1.5
23.08.2021 00:39:56.367,109.896,109.893,1,1.5
23.08.2021 00:39:58.343,109.894,109.891,1.5,1
23.08.2021 00:39:58.444,109.893,109.891,1,1
23.08.2021 00:39:58.545,109.89200000000001,109.889,1,1.5
23.08.2021 00:40:14.151,109.893,109.889,1.95,2.25
23.08.2021 00:40:14.664,109.893,109.89,1,1
23.08.2021 00:40:14.805,109.893,109.889,1.95,2.25
23.08.2021 00:40:26.803,109.89200000000001,109.889,1.2,1
23.08.2021 00:40:27.254,109.893,109.889,1.5,2.51
23.08.2021 00:40:34.260,109.895,109.89200000000001,1.25,1.5
23.08.2021 00:40:34.362,109.897,109.893,3.49,1
23.08.2021 00:40:34.463,109.897,109.893,2.89,1
23.08.2021 00:40:40.717,109.896,109.89200000000001,3.7,2.33
23.08.2021 00:40:40.869,109.894,109.891,1.39,1.5
23.08.2021 00:40:40.971,109.894,109.89,2.29,1
23.08.2021 00:40:41.122,109.893,109.889,1,1
23.08.2021 00:40:42.285,109.894,109.89,2.95,1
23.08.2021 00:40:44.390,109.894,109.89,2.14,1.25
23.08.2021 00:40:45.365,109.894,109.891,2.14,1
23.08.2021 00:40:45.467,109.896,109.894,1.84,1
23.08.2021 00:40:51.055,109.898,109.894,3.79,1
23.08.2021 00:40:51.269,109.898,109.894,2.14,1.76
23.08.2021 00:40:51.501,109.899,109.896,2.2,1
23.08.2021 00:40:51.830,109.899,109.896,1.39,1
23.08.2021 00:40:51.942,109.9,109.897,2.14,1
23.08.2021 00:40:55.296,109.90200000000002,109.898,1.95,1
23.08.2021 00:40:55.670,109.90200000000002,109.899,1.2,1
23.08.2021 00:41:00.296,109.9,109.896,1.57,5.2
23.08.2021 00:41:00.398,109.9,109.896,1.76,2.14
23.08.2021 00:41:04.163,109.90200000000002,109.897,1.57,1
23.08.2021 00:41:04.265,109.90299999999999,109.899,2.17,2.14
23.08.2021 00:41:04.366,109.904,109.90100000000001,1.1,1
23.08.2021 00:41:05.531,109.906,109.90100000000001,1,1.2
23.08.2021 00:41:05.632,109.906,109.90200000000002,1.1,1.95
23.08.2021 00:41:06.653,109.906,109.90200000000002,1,1.97
23.08.2021 00:41:06.755,109.906,109.905,1,1
23.08.2021 00:41:06.806,109.90899999999999,109.905,6.34,2.32
23.08.2021 00:41:06.857,109.90899999999999,109.90700000000001,4.39,1
23.08.2021 00:41:06.908,109.90899999999999,109.906,1.25,1.1
23.08.2021 00:41:12.123,109.91,109.906,2.89,1.1
23.08.2021 00:41:12.326,109.91,109.906,4.64,1.1
23.08.2021 00:41:16.218,109.91,109.905,2.44,3.04
23.08.2021 00:41:16.522,109.91,109.905,2.89,3.66
23.08.2021 00:41:18.146,109.911,109.908,1,1.39
23.08.2021 00:41:18.248,109.912,109.908,2.14,3.04
23.08.2021 00:41:18.602,109.914,109.91,2.2,4.35
23.08.2021 00:41:18.704,109.914,109.91,2.21,2.7
23.08.2021 00:41:18.805,109.913,109.91,1.25,1.2
23.08.2021 00:41:18.907,109.913,109.90899999999999,2.14,1.95
23.08.2021 00:41:19.163,109.912,109.908,1,1
23.08.2021 00:41:19.366,109.911,109.90700000000001,1.01,2.7
23.08.2021 00:41:33.909,109.911,109.90700000000001,1,2.29
23.08.2021 00:41:34.933,109.912,109.90899999999999,1,1.2
23.08.2021 00:41:35.085,109.913,109.912,1,1
23.08.2021 00:41:35.237,109.915,109.912,2.02,1
23.08.2021 00:41:35.490,109.91600000000001,109.912,1.76,1.2
23.08.2021 00:41:37.918,109.91600000000001,109.915,1,1
23.08.2021 00:41:38.070,109.91799999999999,109.915,3.16,1
23.08.2021 00:41:38.172,109.92,109.914,3.8,1
23.08.2021 00:41:38.526,109.919,109.91600000000001,3.35,1
23.08.2021 00:41:40.418,109.919,109.91600000000001,2.32,1
23.08.2021 00:41:40.878,109.92,109.91700000000002,2.45,1
23.08.2021 00:41:41.187,109.92,109.91600000000001,3.5,1.2
23.08.2021 00:41:41.340,109.91799999999999,109.91600000000001,1,1
23.08.2021 00:41:41.391,109.91799999999999,109.914,1.5,1.95
23.08.2021 00:41:41.493,109.91700000000002,109.914,1,1.95
23.08.2021 00:41:41.595,109.919,109.915,1.57,1.25
23.08.2021 00:41:41.647,109.91700000000002,109.914,1,1.95
23.08.2021 00:41:41.749,109.92,109.913,3.79,1.5
23.08.2021 00:41:44.637,109.919,109.91600000000001,1.12,1
23.08.2021 00:41:45.525,109.92,109.914,1.57,1
23.08.2021 00:41:46.935,109.91700000000002,109.915,1,1
23.08.2021 00:41:47.736,109.91700000000002,109.914,1,1.25
23.08.2021 00:41:49.685,109.91600000000001,109.914,1,1
23.08.2021 00:41:49.786,109.91700000000002,109.914,1,1
23.08.2021 00:41:50.425,109.91799999999999,109.914,1.95,1
23.08.2021 00:41:51.029,109.91799999999999,109.913,2.7,2.14
23.08.2021 00:41:51.609,109.91700000000002,109.913,1,1.2
23.08.2021 00:41:52.173,109.915,109.913,1,1
23.08.2021 00:41:52.224,109.915,109.911,4.16,1
23.08.2021 00:41:52.376,109.915,109.912,1.1,1
23.08.2021 00:41:52.527,109.915,109.912,1.64,1
23.08.2021 00:41:52.629,109.91600000000001,109.912,6.32,1.1
23.08.2021 00:41:53.747,109.91600000000001,109.912,3.64,1.1
23.08.2021 00:41:58.441,109.91600000000001,109.913,1.5,1.01
23.08.2021 00:41:59.162,109.91700000000002,109.913,2.7,2.51
23.08.2021 00:42:05.201,109.91600000000001,109.913,1,1.1
23.08.2021 00:42:05.303,109.91600000000001,109.912,5.32,1.1
23.08.2021 00:42:05.354,109.913,109.91,2.32,1.95
23.08.2021 00:42:05.455,109.911,109.908,1.5,1.1
23.08.2021 00:42:05.606,109.91,109.90700000000001,1.5,1.01
23.08.2021 00:42:07.522,109.911,109.90700000000001,2.25,2.22
23.08.2021 00:42:08.385,109.912,109.908,1.5,2.16
23.08.2021 00:42:08.815,109.912,109.908,2.32,2.14
23.08.2021 00:42:09.459,109.912,109.908,2.72,1.69
23.08.2021 00:42:12.980,109.91,109.90700000000001,1.1,1.25
23.08.2021 00:42:13.081,109.90899999999999,109.90700000000001,1,1.25
23.08.2021 00:42:13.537,109.91,109.905,1,2.89
23.08.2021 00:42:18.548,109.91,109.906,2.32,4.42
23.08.2021 00:42:18.649,109.91,109.908,1,1
23.08.2021 00:42:19.762,109.913,109.91,1,3.85
23.08.2021 00:42:19.863,109.914,109.91,1,6.47
23.08.2021 00:42:19.964,109.915,109.911,2.25,2.29
23.08.2021 00:42:20.066,109.915,109.912,1.5,1.45
23.08.2021 00:42:20.319,109.91600000000001,109.912,1.5,2.35
23.08.2021 00:42:22.829,109.91600000000001,109.913,1.95,1.25
23.08.2021 00:42:24.023,109.91600000000001,109.913,1.95,1.25
23.08.2021 00:42:27.470,109.91600000000001,109.913,1,3.85
23.08.2021 00:42:27.520,109.91799999999999,109.913,3.45,4.22
23.08.2021 00:42:31.338,109.91700000000002,109.913,1.2,2.96
23.08.2021 00:42:32.111,109.91700000000002,109.913,1.95,2.57
23.08.2021 00:42:33.063,109.919,109.912,2.7,4.85
23.08.2021 00:42:33.114,109.919,109.91700000000002,1,1.01
23.08.2021 00:42:33.165,109.921,109.91700000000002,1.95,1.76
23.08.2021 00:42:33.283,109.92200000000001,109.919,1,1.1
23.08.2021 00:42:33.435,109.92399999999999,109.92,3.07,1.01
23.08.2021 00:42:33.537,109.923,109.921,1,1
23.08.2021 00:42:33.638,109.92399999999999,109.91799999999999,1,2.16
23.08.2021 00:42:36.268,109.923,109.919,1.95,1.25
23.08.2021 00:42:51.030,109.92399999999999,109.91700000000002,2.7,2.89
23.08.2021 00:42:52.706,109.92200000000001,109.91799999999999,1,2.89
23.08.2021 00:43:00.283,109.923,109.919,1.95,1.69
23.08.2021 00:43:00.385,109.92399999999999,109.919,1,1.1
23.08.2021 00:43:00.584,109.92399999999999,109.92,3.64,1.57
23.08.2021 00:43:02.071,109.92399999999999,109.921,1.5,1.01
23.08.2021 00:43:02.173,109.926,109.92200000000001,2.25,4.41
23.08.2021 00:43:02.274,109.928,109.92399999999999,2.7,1.1
23.08.2021 00:43:03.331,109.927,109.92399999999999,1,1.1
23.08.2021 00:43:03.615,109.926,109.92200000000001,1,3.66
23.08.2021 00:43:08.391,109.925,109.92200000000001,1,1.97
23.08.2021 00:43:08.442,109.92399999999999,109.921,1,1.1
23.08.2021 00:43:13.677,109.923,109.92,1.5,1.1
23.08.2021 00:43:15.653,109.92399999999999,109.91799999999999,2.7,1.25
23.08.2021 00:43:16.707,109.923,109.92,1.57,1
23.08.2021 00:43:18.659,109.923,109.919,1.57,2.14
23.08.2021 00:43:21.213,109.92200000000001,109.919,1.5,1.2
23.08.2021 00:43:21.264,109.92,109.91799999999999,1,3.26
23.08.2021 00:43:21.365,109.92200000000001,109.91700000000002,1,2.51
23.08.2021 00:43:24.022,109.923,109.919,1.2,2.89
23.08.2021 00:43:24.407,109.923,109.919,1,3.29
23.08.2021 00:43:25.104,109.926,109.923,2.32,1.25
23.08.2021 00:43:25.206,109.927,109.926,1,1
23.08.2021 00:43:25.307,109.928,109.926,1,1
23.08.2021 00:43:25.918,109.929,109.926,2.32,1
23.08.2021 00:43:26.222,109.928,109.926,1,1
23.08.2021 00:43:26.323,109.928,109.925,1,2.14
23.08.2021 00:43:28.446,109.928,109.92399999999999,1.57,1.2
23.08.2021 00:43:29.378,109.928,109.923,2.7,3.64
23.08.2021 00:43:30.371,109.926,109.923,1,1.5
23.08.2021 00:43:30.473,109.926,109.92200000000001,1,2.7
23.08.2021 00:43:31.340,109.928,109.923,2.89,4.35
23.08.2021 00:43:31.491,109.929,109.92399999999999,3.07,4.54
23.08.2021 00:43:32.511,109.93100000000001,109.925,1.95,1.2
23.08.2021 00:43:32.975,109.93,109.927,1.2,1
23.08.2021 00:43:33.076,109.93100000000001,109.927,2.7,4.64
23.08.2021 00:43:33.178,109.93200000000002,109.93,1,1.1
23.08.2021 00:43:33.279,109.93299999999999,109.93,1,1.01
23.08.2021 00:43:33.734,109.93299999999999,109.93100000000001,1,1
23.08.2021 00:43:34.448,109.935,109.93100000000001,1.95,1.25
23.08.2021 00:43:35.268,109.93299999999999,109.93,1.1,1.75
23.08.2021 00:43:35.673,109.934,109.93,2.25,2.2
23.08.2021 00:43:36.030,109.934,109.93200000000002,1.5,1
23.08.2021 00:43:36.132,109.935,109.93200000000002,1.95,1.25
23.08.2021 00:43:38.458,109.936,109.93200000000002,1.95,1.25
23.08.2021 00:43:38.814,109.936,109.93200000000002,1,2.91
23.08.2021 00:43:46.177,109.936,109.93100000000001,1,1.01
23.08.2021 00:43:48.624,109.934,109.93100000000001,1,1.45
23.08.2021 00:43:49.281,109.93200000000002,109.93,1.1,1
23.08.2021 00:43:49.383,109.93,109.926,1.57,2.95
23.08.2021 00:43:49.434,109.929,109.925,1,1.69
23.08.2021 00:43:49.636,109.928,109.925,1.1,1.25
23.08.2021 00:43:51.562,109.928,109.92399999999999,1.95,1.25
23.08.2021 00:43:54.203,109.928,109.92399999999999,1.5,1.35
23.08.2021 00:43:54.306,109.929,109.925,1.57,2.95
23.08.2021 00:43:55.065,109.929,109.926,1.1,1.75
23.08.2021 00:43:55.810,109.928,109.926,1,1.75
23.08.2021 00:43:56.388,109.928,109.926,1,1
23.08.2021 00:43:56.625,109.928,109.925,1,2.14
23.08.2021 00:44:00.516,109.929,109.926,1,2.89
23.08.2021 00:44:02.722,109.929,109.925,1.95,1
23.08.2021 00:44:02.824,109.927,109.92399999999999,1,1.01
23.08.2021 00:44:04.589,109.926,109.92200000000001,1,2.89
23.08.2021 00:44:04.944,109.927,109.923,1.25,1.1
23.08.2021 00:44:05.045,109.927,109.92399999999999,1.25,1
23.08.2021 00:44:06.307,109.927,109.923,1.39,1
23.08.2021 00:44:06.661,109.928,109.92200000000001,1,2.29
23.08.2021 00:44:06.762,109.927,109.925,1,1
23.08.2021 00:44:07.359,109.927,109.92399999999999,1,1.2
23.08.2021 00:44:07.561,109.927,109.925,1,1
23.08.2021 00:44:07.663,109.927,109.92399999999999,1,1.2
23.08.2021 00:44:11.749,109.928,109.92399999999999,1.5,2.2
23.08.2021 00:44:11.953,109.929,109.926,1.5,1.01
23.08.2021 00:44:14.949,109.928,109.925,1,2.5
23.08.2021 00:44:16.288,109.929,109.925,1.5,3.32
23.08.2021 00:44:16.721,109.93,109.927,2.25,2.12
23.08.2021 00:44:16.824,109.93100000000001,109.929,1.5,1.25
23.08.2021 00:44:16.977,109.93200000000002,109.929,1.5,1.25
