Gmt time,Ask,Bid,AskVolume,BidVolume
27.08.2021 00:00:00.079,110.053,110.048,1,4.41
27.08.2021 00:00:00.556,110.053,110.048,1.5,3.41
27.08.2021 00:00:00.860,110.054,110.04899999999999,1.2,1.2
27.08.2021 00:00:01.824,110.055,110.04899999999999,2.32,1.85
27.08.2021 00:00:02.232,110.05600000000001,110.051,1.95,1.2
27.08.2021 00:00:02.689,110.055,110.05,3.04,1
27.08.2021 00:00:04.243,110.05,110.048,1.95,1
27.08.2021 00:00:04.344,110.04899999999999,110.046,2.14,1
27.08.2021 00:00:04.495,110.04899999999999,110.044,3.26,1.89
27.08.2021 00:00:04.799,110.04899999999999,110.044,1.57,3.26
27.08.2021 00:00:05.689,110.04899999999999,110.044,1.5,3.04
27.08.2021 00:00:05.790,110.05,110.045,4.39,1.39
27.08.2021 00:00:06.094,110.05,110.045,2.44,3.79
27.08.2021 00:00:06.247,110.05,110.045,2.89,3.15
27.08.2021 00:00:06.349,110.04899999999999,110.045,1.25,1.65
27.08.2021 00:00:07.980,110.051,110.04700000000001,3.82,1.25
27.08.2021 00:00:08.082,110.051,110.04700000000001,2.2,1
27.08.2021 00:00:08.739,110.052,110.04700000000001,1.25,1.95
27.08.2021 00:00:08.789,110.052,110.048,1.25,1.95
27.08.2021 00:00:10.828,110.053,110.048,2.7,2.89
27.08.2021 00:00:10.988,110.052,110.04899999999999,3.45,1.25
27.08.2021 00:00:11.141,110.054,110.05,1.5,2.14
27.08.2021 00:00:11.242,110.055,110.051,1,2.14
27.08.2021 00:00:11.344,110.05700000000002,110.051,6.08,4.22
27.08.2021 00:00:11.601,110.05799999999999,110.053,1.5,1
27.08.2021 00:00:11.704,110.05799999999999,110.054,1,2.2
27.08.2021 00:00:11.806,110.059,110.055,2.7,1.25
27.08.2021 00:00:12.878,110.06,110.05600000000001,1.95,1.25
27.08.2021 00:00:15.240,110.05700000000002,110.053,1.2,1.95
27.08.2021 00:00:15.345,110.05600000000001,110.053,1,1.2
27.08.2021 00:00:15.446,110.05600000000001,110.052,1,1.2
27.08.2021 00:00:16.123,110.05600000000001,110.052,1.22,1
27.08.2021 00:00:16.225,110.05600000000001,110.051,1.97,2.89
27.08.2021 00:00:20.263,110.054,110.05,1.1,2.14
27.08.2021 00:00:20.416,110.054,110.05,2.57,1.2
27.08.2021 00:00:24.045,110.055,110.04899999999999,1.76,1.39
27.08.2021 00:00:28.092,110.05600000000001,110.05,1.97,1.69
27.08.2021 00:00:28.194,110.055,110.051,1.57,2.14
27.08.2021 00:00:36.158,110.054,110.051,1.1,1.25
27.08.2021 00:00:36.513,110.054,110.051,1.22,1
27.08.2021 00:00:36.619,110.053,110.04899999999999,1.76,3.07
27.08.2021 00:00:36.721,110.054,110.05,1.57,2.89
27.08.2021 00:00:36.822,110.054,110.05,1.57,3.7
27.08.2021 00:00:42.688,110.055,110.051,3.82,1.39
27.08.2021 00:00:43.676,110.054,110.051,1,1.39
27.08.2021 00:00:43.986,110.05600000000001,110.05,3.07,2.14
27.08.2021 00:00:44.346,110.055,110.051,2.72,1.69
27.08.2021 00:00:52.021,110.054,110.04899999999999,1.1,1.69
27.08.2021 00:00:52.072,110.05,110.048,2.25,1
27.08.2021 00:00:52.123,110.05,110.04700000000001,2.72,2.7
27.08.2021 00:00:52.225,110.045,110.044,1,1.87
27.08.2021 00:00:52.326,110.046,110.04200000000002,3.97,1
27.08.2021 00:00:52.478,110.046,110.04299999999999,1.1,1
27.08.2021 00:00:52.580,110.046,110.04200000000002,4.6,1
27.08.2021 00:00:52.883,110.044,110.04100000000001,1.1,1.5
27.08.2021 00:00:53.187,110.045,110.04100000000001,3.6,2.14
27.08.2021 00:00:53.441,110.046,110.04,1.6,1.69
27.08.2021 00:00:53.542,110.045,110.04100000000001,1.2,2.14
27.08.2021 00:00:53.645,110.044,110.04100000000001,1.2,1.5
27.08.2021 00:00:53.747,110.044,110.04,3.04,1
27.08.2021 00:00:53.848,110.044,110.039,6.3,1.5
27.08.2021 00:00:54.202,110.04200000000002,110.038,1.6,1
27.08.2021 00:00:55.161,110.04299999999999,110.036,3.6,1.95
27.08.2021 00:00:56.802,110.04,110.035,4.54,1.95
27.08.2021 00:00:57.609,110.04,110.036,4.67,1
27.08.2021 00:00:57.831,110.04,110.036,1.39,1.2
27.08.2021 00:00:58.996,110.04100000000001,110.037,1.91,1
27.08.2021 00:00:59.098,110.04100000000001,110.038,1.2,1
27.08.2021 00:01:01.198,110.04100000000001,110.037,2.1,1.95
27.08.2021 00:01:01.350,110.04100000000001,110.037,6.29,1.2
27.08.2021 00:01:01.452,110.04,110.036,2.66,1
27.08.2021 00:01:01.553,110.038,110.03399999999999,3.04,1.95
27.08.2021 00:01:01.655,110.038,110.033,3.79,1.5
27.08.2021 00:01:01.756,110.037,110.03200000000001,1.6,2.89
27.08.2021 00:01:02.311,110.03200000000001,110.03,1.57,1.95
27.08.2021 00:01:02.413,110.03200000000001,110.02799999999999,3.41,1
27.08.2021 00:01:02.565,110.031,110.02700000000002,1.85,1.12
27.08.2021 00:01:02.667,110.02700000000002,110.024,1.5,1.2
27.08.2021 00:01:02.717,110.02600000000001,110.021,3.97,5.59
27.08.2021 00:01:02.869,110.025,110.021,1.22,2.44
27.08.2021 00:01:02.971,110.02700000000002,110.023,3.66,1
27.08.2021 00:01:03.073,110.02799999999999,110.025,2.32,1.5
27.08.2021 00:01:03.174,110.03,110.02700000000002,1.97,1
27.08.2021 00:01:03.276,110.029,110.02600000000001,1.57,1
27.08.2021 00:01:03.377,110.03,110.025,1.97,1
27.08.2021 00:01:03.674,110.025,110.022,1.1,1.87
27.08.2021 00:01:04.432,110.02700000000002,110.022,3.57,2.14
27.08.2021 00:01:04.534,110.02600000000001,110.023,1.12,1.69
27.08.2021 00:01:04.736,110.02600000000001,110.022,1.12,2.14
27.08.2021 00:01:04.837,110.025,110.021,1,4.9
27.08.2021 00:01:05.382,110.025,110.021,1,2.89
27.08.2021 00:01:05.654,110.02600000000001,110.021,2.7,2.89
27.08.2021 00:01:05.857,110.025,110.021,1,2.14
27.08.2021 00:01:06.725,110.024,110.021,1,2.14
27.08.2021 00:01:07.200,110.02600000000001,110.021,4.91,1.5
27.08.2021 00:01:07.376,110.025,110.021,1.45,1.5
27.08.2021 00:01:10.610,110.024,110.021,1.25,1.5
27.08.2021 00:01:10.934,110.024,110.02,1.25,1
27.08.2021 00:01:10.985,110.02,110.01700000000001,2.57,2.05
27.08.2021 00:01:11.086,110.019,110.01700000000001,1.69,1.2
27.08.2021 00:01:11.137,110.016,110.014,1.69,1.2
27.08.2021 00:01:11.239,110.015,110.01200000000001,1.25,1
27.08.2021 00:01:11.289,110.01,110.008,1.75,2.7
27.08.2021 00:01:11.493,110.009,110.007,1.25,1
27.08.2021 00:01:11.696,110.01,110.007,1.25,1
27.08.2021 00:01:11.797,110.01200000000001,110.007,2.54,1.5
27.08.2021 00:01:11.899,110.01200000000001,110.008,2.69,1.5
27.08.2021 00:01:12.404,110.01200000000001,110.008,1.25,1.5
27.08.2021 00:01:12.916,110.015,110.01,2.62,2.32
27.08.2021 00:01:12.967,110.016,110.01100000000001,1.2,2.32
27.08.2021 00:01:13.018,110.01700000000001,110.01299999999999,3.52,1.5
27.08.2021 00:01:13.120,110.019,110.014,3.26,1.76
27.08.2021 00:01:13.223,110.02,110.015,5.51,1.01
27.08.2021 00:01:13.476,110.02,110.018,1,1
27.08.2021 00:01:13.578,110.023,110.019,1.57,1.5
27.08.2021 00:01:13.679,110.024,110.02,2.14,1
27.08.2021 00:01:13.781,110.021,110.01700000000001,4.51,1.95
27.08.2021 00:01:13.882,110.019,110.016,1,2.89
27.08.2021 00:01:14.034,110.019,110.015,2.39,1
27.08.2021 00:01:14.186,110.02,110.015,6.66,1
27.08.2021 00:01:14.553,110.022,110.018,2.25,1
27.08.2021 00:01:14.654,110.024,110.019,4.92,1.5
27.08.2021 00:01:14.756,110.022,110.018,1,1.2
27.08.2021 00:01:14.858,110.024,110.019,2.16,1
27.08.2021 00:01:16.946,110.021,110.015,1.2,3.45
27.08.2021 00:01:17.099,110.021,110.016,1.95,3.45
27.08.2021 00:01:17.251,110.022,110.01700000000001,2.89,1
27.08.2021 00:01:17.353,110.022,110.01700000000001,2.16,1
27.08.2021 00:01:17.532,110.022,110.01700000000001,2.51,1.95
27.08.2021 00:01:18.108,110.02,110.01700000000001,1.95,1
27.08.2021 00:01:18.210,110.021,110.015,4.39,1
27.08.2021 00:01:18.362,110.019,110.015,1.2,1.5
27.08.2021 00:01:18.615,110.018,110.015,1,1
27.08.2021 00:01:20.291,110.02,110.01700000000001,1.5,1.5
27.08.2021 00:01:20.393,110.021,110.01700000000001,2.89,1.87
27.08.2021 00:01:24.993,110.023,110.018,3,1
27.08.2021 00:01:25.094,110.022,110.018,4.01,2.25
27.08.2021 00:01:25.195,110.021,110.015,2.7,1.5
27.08.2021 00:01:25.296,110.019,110.016,1,1
27.08.2021 00:01:25.398,110.019,110.015,1.5,1
27.08.2021 00:01:26.385,110.019,110.015,7.16,1
27.08.2021 00:01:26.486,110.018,110.014,5.51,1
27.08.2021 00:01:27.284,110.01700000000001,110.014,1,1
27.08.2021 00:01:27.742,110.014,110.01100000000001,1.87,1.5
27.08.2021 00:01:27.844,110.01299999999999,110.01,1.31,1.95
27.08.2021 00:01:28.250,110.014,110.009,8.61,1.5
27.08.2021 00:01:29.211,110.014,110.01,5.39,1
27.08.2021 00:01:29.370,110.014,110.009,8.65,1.57
27.08.2021 00:01:30.438,110.015,110.009,5.76,1
27.08.2021 00:01:30.820,110.01299999999999,110.009,1.25,1.1
27.08.2021 00:01:32.534,110.01299999999999,110.01100000000001,1,1
27.08.2021 00:01:32.635,110.014,110.01100000000001,1.5,1
27.08.2021 00:01:32.788,110.014,110.01200000000001,1.5,1
27.08.2021 00:01:33.288,110.015,110.01200000000001,1.25,1
27.08.2021 00:01:35.597,110.01700000000001,110.01100000000001,1.69,1
27.08.2021 00:01:35.700,110.014,110.01,1.87,1.5
27.08.2021 00:01:35.802,110.014,110.009,5.44,2.89
27.08.2021 00:01:35.906,110.01299999999999,110.009,1,2.14
27.08.2021 00:01:36.700,110.01299999999999,110.01,1,1
27.08.2021 00:01:36.853,110.01299999999999,110.009,1,1.39
27.08.2021 00:01:36.955,110.01200000000001,110.009,1,1.39
27.08.2021 00:01:37.057,110.015,110.01100000000001,4.39,1
27.08.2021 00:01:37.261,110.015,110.01200000000001,1.5,1
27.08.2021 00:01:38.150,110.01700000000001,110.01200000000001,1,1
27.08.2021 00:01:38.252,110.01700000000001,110.01299999999999,2.44,1
27.08.2021 00:01:38.406,110.01700000000001,110.014,1,1
27.08.2021 00:01:40.038,110.018,110.014,1.5,3.26
27.08.2021 00:01:40.139,110.02,110.01700000000001,1,1
27.08.2021 00:01:40.291,110.021,110.01700000000001,1,1.5
27.08.2021 00:01:41.487,110.022,110.016,1,1.97
27.08.2021 00:01:43.603,110.022,110.018,1.25,1.1
27.08.2021 00:01:46.067,110.023,110.019,1.5,1.2
27.08.2021 00:01:46.168,110.024,110.02,2.89,1.5
27.08.2021 00:01:48.070,110.024,110.02,1.75,1.95
27.08.2021 00:01:50.117,110.024,110.02,1.69,1.95
27.08.2021 00:01:51.643,110.025,110.022,1,1
27.08.2021 00:01:51.746,110.025,110.021,1.5,1.2
27.08.2021 00:01:56.790,110.02600000000001,110.022,1.69,1.2
27.08.2021 00:01:56.897,110.02600000000001,110.023,1,1.2
27.08.2021 00:01:56.948,110.02799999999999,110.024,1,1.57
27.08.2021 00:01:57.201,110.02799999999999,110.024,1,2.1
27.08.2021 00:01:57.590,110.02600000000001,110.023,2.51,1.2
27.08.2021 00:01:57.692,110.025,110.022,1.25,1
27.08.2021 00:01:57.794,110.025,110.02,1.31,3.49
27.08.2021 00:02:02.839,110.02600000000001,110.023,1.12,1.95
27.08.2021 00:02:02.941,110.025,110.022,1.25,1.95
27.08.2021 00:02:03.042,110.025,110.021,1.69,2.59
27.08.2021 00:02:03.577,110.025,110.021,2.87,1.2
27.08.2021 00:02:04.093,110.025,110.02,4.07,2.89
27.08.2021 00:02:08.103,110.02600000000001,110.025,1.5,1
27.08.2021 00:02:08.153,110.029,110.025,1.1,2.44
27.08.2021 00:02:08.255,110.03,110.02600000000001,1,1.95
27.08.2021 00:02:12.012,110.031,110.02600000000001,2.51,1.95
27.08.2021 00:02:13.833,110.031,110.02600000000001,3.32,2.14
27.08.2021 00:02:14.881,110.03,110.025,1.76,2.89
27.08.2021 00:02:19.216,110.03,110.02600000000001,1.76,1
27.08.2021 00:02:28.141,110.03,110.02600000000001,1.75,1.2
27.08.2021 00:02:29.387,110.03,110.02600000000001,1.25,1.2
27.08.2021 00:02:29.489,110.029,110.02600000000001,1,1
27.08.2021 00:02:31.377,110.03,110.024,1,2.7
27.08.2021 00:02:34.226,110.025,110.023,1,1.7
27.08.2021 00:02:34.328,110.025,110.023,1.76,1.2
27.08.2021 00:02:34.378,110.025,110.021,2.57,1.5
27.08.2021 00:02:43.726,110.024,110.02,1.69,1.95
27.08.2021 00:02:50.845,110.025,110.021,3.54,1
27.08.2021 00:02:51.738,110.025,110.02,3.54,1.95
27.08.2021 00:02:52.167,110.025,110.02,2.89,3.41
27.08.2021 00:02:52.218,110.02600000000001,110.023,3.32,1
27.08.2021 00:02:52.319,110.025,110.022,1.25,1.2
27.08.2021 00:02:52.471,110.02700000000002,110.021,1.01,2.89
27.08.2021 00:02:52.572,110.02600000000001,110.022,1,3.04
27.08.2021 00:02:52.674,110.029,110.022,2.91,2.7
27.08.2021 00:02:52.825,110.02799999999999,110.024,1.76,1.2
27.08.2021 00:02:54.112,110.02799999999999,110.024,1.5,3.3
27.08.2021 00:02:54.213,110.029,110.023,1.57,1.95
27.08.2021 00:02:54.379,110.02600000000001,110.024,1,3.15
27.08.2021 00:02:54.773,110.02700000000002,110.024,1,1.95
27.08.2021 00:02:54.874,110.02700000000002,110.025,1,1
27.08.2021 00:02:55.115,110.02700000000002,110.024,1,1.95
27.08.2021 00:02:55.759,110.02700000000002,110.025,1,1
27.08.2021 00:02:56.256,110.02700000000002,110.024,1,1.95
27.08.2021 00:02:56.359,110.02700000000002,110.025,1,1
27.08.2021 00:02:57.300,110.02799999999999,110.025,1.57,1
27.08.2021 00:02:59.683,110.03,110.02600000000001,2.89,1
27.08.2021 00:02:59.785,110.03200000000001,110.02600000000001,2.51,1.2
27.08.2021 00:03:00.292,110.029,110.02700000000002,1.25,1
27.08.2021 00:03:00.394,110.029,110.02600000000001,1.25,1.2
27.08.2021 00:03:02.008,110.02600000000001,110.023,1.12,1.95
27.08.2021 00:03:02.160,110.024,110.023,1,1.2
27.08.2021 00:03:02.211,110.024,110.021,1,2.7
27.08.2021 00:03:02.515,110.023,110.021,1,1
27.08.2021 00:03:02.616,110.023,110.02,1.69,1.95
27.08.2021 00:03:02.819,110.021,110.019,1,1
27.08.2021 00:03:02.920,110.021,110.018,1.01,1
27.08.2021 00:03:03.022,110.022,110.018,2.44,1.1
27.08.2021 00:03:06.297,110.023,110.018,1.69,2.7
27.08.2021 00:03:08.785,110.022,110.018,2.41,1
27.08.2021 00:03:08.887,110.02,110.016,1.69,3.07
27.08.2021 00:03:10.036,110.019,110.015,1,2.16
27.08.2021 00:03:10.188,110.02,110.015,2.44,2.91
27.08.2021 00:03:14.013,110.021,110.016,1,1.41
27.08.2021 00:03:14.114,110.02,110.016,1,1.41
27.08.2021 00:03:14.215,110.021,110.016,1.69,1.41
27.08.2021 00:03:14.316,110.021,110.016,2.14,1.01
27.08.2021 00:03:14.856,110.019,110.016,1,1.76
27.08.2021 00:03:16.357,110.019,110.01299999999999,2.44,1.1
27.08.2021 00:03:16.458,110.016,110.01299999999999,1.25,1.1
27.08.2021 00:03:16.559,110.016,110.01200000000001,1.69,1.57
27.08.2021 00:03:17.190,110.016,110.01299999999999,1.5,1.1
27.08.2021 00:03:18.141,110.01700000000001,110.01299999999999,1.69,1.1
27.08.2021 00:03:18.789,110.016,110.01299999999999,1.25,1.1
27.08.2021 00:03:18.890,110.016,110.01200000000001,1.69,2.32
27.08.2021 00:03:19.184,110.016,110.01200000000001,1.5,1.97
27.08.2021 00:03:28.118,110.01700000000001,110.01299999999999,1,1.1
27.08.2021 00:03:31.939,110.01700000000001,110.01299999999999,1.5,1.97
27.08.2021 00:03:33.563,110.018,110.01299999999999,1.69,1.22
27.08.2021 00:03:34.219,110.018,110.01299999999999,2.69,1.22
27.08.2021 00:03:35.161,110.018,110.01299999999999,3.14,1.1
27.08.2021 00:03:40.727,110.018,110.01299999999999,2.14,1.57
27.08.2021 00:03:41.862,110.018,110.014,2.89,1
27.08.2021 00:03:43.524,110.018,110.01299999999999,2.14,1.57
27.08.2021 00:03:44.224,110.018,110.01299999999999,3.14,1.57
27.08.2021 00:03:45.305,110.019,110.01200000000001,2.14,1.57
27.08.2021 00:03:45.694,110.019,110.01200000000001,3.14,1.57
27.08.2021 00:03:46.755,110.01700000000001,110.01299999999999,1.94,1.57
27.08.2021 00:03:46.907,110.016,110.01299999999999,1.25,1
27.08.2021 00:03:47.011,110.016,110.01200000000001,1.75,1.57
27.08.2021 00:03:47.113,110.016,110.01200000000001,1.25,1.57
27.08.2021 00:03:48.219,110.016,110.01200000000001,1.25,1.97
27.08.2021 00:03:51.611,110.01700000000001,110.01200000000001,3.14,1.1
27.08.2021 00:03:51.713,110.015,110.01200000000001,1.25,1
27.08.2021 00:03:52.334,110.015,110.01100000000001,1.25,2.32
27.08.2021 00:03:52.477,110.015,110.01100000000001,1.25,2.32
27.08.2021 00:03:52.599,110.015,110.01100000000001,1.25,2.72
27.08.2021 00:03:55.047,110.018,110.01100000000001,2.64,1.1
27.08.2021 00:03:55.149,110.01700000000001,110.01200000000001,2.51,1.1
27.08.2021 00:03:56.325,110.016,110.01200000000001,1,1.57
27.08.2021 00:03:57.196,110.016,110.01299999999999,1,1
27.08.2021 00:03:57.298,110.018,110.01200000000001,2.14,1
27.08.2021 00:04:07.658,110.01700000000001,110.01299999999999,1.5,1.22
27.08.2021 00:04:07.810,110.021,110.016,3.64,1
27.08.2021 00:04:07.962,110.02,110.018,1,1
27.08.2021 00:04:09.391,110.021,110.018,1.25,1.1
27.08.2021 00:04:20.171,110.023,110.02,1,1
27.08.2021 00:04:20.323,110.024,110.02,1.25,1.57
27.08.2021 00:04:20.425,110.025,110.021,1.1,1.39
27.08.2021 00:04:20.526,110.02600000000001,110.021,2.14,2.1
27.08.2021 00:04:21.406,110.02600000000001,110.023,1.25,1.2
27.08.2021 00:04:21.457,110.029,110.024,1.1,2.66
27.08.2021 00:04:21.559,110.029,110.025,2.25,4.3
27.08.2021 00:04:21.660,110.031,110.024,1.1,4.3
27.08.2021 00:04:22.959,110.03,110.025,1,4.67
27.08.2021 00:04:23.060,110.031,110.02700000000002,1,2.35
27.08.2021 00:04:23.162,110.035,110.03,3.66,1.39
27.08.2021 00:04:23.263,110.036,110.03,1.1,1.39
27.08.2021 00:04:23.365,110.036,110.03200000000001,1.01,1.2
27.08.2021 00:04:23.466,110.037,110.03200000000001,1.1,3.49
27.08.2021 00:04:24.257,110.037,110.03200000000001,2.91,2.4
27.08.2021 00:04:24.358,110.035,110.031,1.57,2.59
27.08.2021 00:04:24.511,110.035,110.031,4.41,1.2
27.08.2021 00:04:24.613,110.03399999999999,110.029,1.57,3.49
27.08.2021 00:04:29.836,110.03399999999999,110.03,1,1.85
27.08.2021 00:04:29.937,110.036,110.03200000000001,1,1
27.08.2021 00:04:30.502,110.037,110.03200000000001,1.57,3.49
27.08.2021 00:04:30.603,110.038,110.03399999999999,1.2,1.2
27.08.2021 00:04:30.705,110.04,110.035,4.79,2.14
27.08.2021 00:04:31.019,110.038,110.035,1.2,1.95
27.08.2021 00:04:31.121,110.037,110.03200000000001,1.2,4.24
27.08.2021 00:04:31.223,110.037,110.03200000000001,2.35,3.34
27.08.2021 00:04:32.563,110.035,110.031,2.1,1
27.08.2021 00:04:32.665,110.03399999999999,110.03,1.2,1.69
27.08.2021 00:04:32.968,110.03399999999999,110.029,2.89,3.34
27.08.2021 00:04:33.118,110.03399999999999,110.03,3.64,1
27.08.2021 00:04:33.473,110.035,110.031,2.89,1.5
27.08.2021 00:04:33.625,110.035,110.03200000000001,1,1
27.08.2021 00:04:33.727,110.036,110.03200000000001,1.39,1.5
27.08.2021 00:04:40.694,110.037,110.03200000000001,2.14,3.45
27.08.2021 00:04:40.846,110.038,110.033,3.64,2.32
27.08.2021 00:04:40.947,110.039,110.035,2.7,1
27.08.2021 00:04:41.252,110.039,110.035,1,3.7
27.08.2021 00:04:42.351,110.039,110.035,1,2.14
27.08.2021 00:04:42.452,110.037,110.033,1.2,3.64
27.08.2021 00:04:42.553,110.038,110.035,1.95,1
27.08.2021 00:04:42.604,110.038,110.033,3.07,4.09
27.08.2021 00:04:42.706,110.038,110.03399999999999,2.32,1.25
27.08.2021 00:04:42.958,110.039,110.035,1.95,1.25
27.08.2021 00:04:47.139,110.038,110.03399999999999,3,1.25
27.08.2021 00:04:47.240,110.037,110.03399999999999,1.25,1.25
27.08.2021 00:04:47.342,110.036,110.03200000000001,1,2.14
27.08.2021 00:04:47.443,110.037,110.03200000000001,3,2.14
27.08.2021 00:04:47.645,110.036,110.03200000000001,1,1.5
27.08.2021 00:04:47.747,110.035,110.03200000000001,1,1
27.08.2021 00:04:47.848,110.035,110.031,1,3.9
27.08.2021 00:04:48.806,110.03399999999999,110.031,1,1.5
27.08.2021 00:04:50.256,110.03200000000001,110.029,2.25,1.95
27.08.2021 00:04:50.357,110.03,110.02799999999999,1,1.95
27.08.2021 00:04:50.610,110.03,110.02700000000002,1,1
27.08.2021 00:04:50.712,110.03,110.02600000000001,1,1.95
27.08.2021 00:04:50.813,110.029,110.025,1,1.95
27.08.2021 00:04:53.785,110.029,110.02600000000001,1,1.69
27.08.2021 00:04:53.887,110.031,110.025,1,2.89
27.08.2021 00:04:58.215,110.031,110.02600000000001,1,1
27.08.2021 00:05:00.851,110.03,110.029,1,1
27.08.2021 00:05:00.953,110.031,110.02799999999999,1.5,1.25
27.08.2021 00:05:01.054,110.031,110.029,1.5,1
27.08.2021 00:05:01.105,110.031,110.02700000000002,1.5,3.15
27.08.2021 00:05:01.207,110.03,110.02700000000002,1,1.95
27.08.2021 00:05:05.760,110.029,110.02600000000001,1,1
27.08.2021 00:05:06.065,110.02799999999999,110.02600000000001,1,1
27.08.2021 00:05:06.167,110.02700000000002,110.025,1,1.5
27.08.2021 00:05:06.269,110.029,110.025,1.5,1.69
27.08.2021 00:05:06.777,110.03,110.025,1,1.2
27.08.2021 00:05:18.737,110.029,110.025,2.89,1.5
27.08.2021 00:05:18.990,110.02799999999999,110.023,5.39,2.7
27.08.2021 00:05:19.091,110.02600000000001,110.023,1,2.25
27.08.2021 00:05:19.344,110.02600000000001,110.022,3.64,1.5
27.08.2021 00:05:19.496,110.02600000000001,110.022,4.29,1
27.08.2021 00:05:20.252,110.02700000000002,110.023,1.95,2.89
27.08.2021 00:05:20.353,110.02799999999999,110.024,1.1,1.95
27.08.2021 00:05:23.374,110.029,110.025,1.76,1.39
27.08.2021 00:05:27.045,110.03,110.025,1.25,1.2
27.08.2021 00:05:27.146,110.03,110.02600000000001,1.1,2.7
27.08.2021 00:05:29.138,110.03,110.02600000000001,1.82,2.7
27.08.2021 00:05:30.068,110.029,110.025,2.97,2.25
27.08.2021 00:05:30.171,110.02799999999999,110.024,5.54,1
27.08.2021 00:05:30.272,110.02700000000002,110.023,1.1,1.95
27.08.2021 00:05:30.374,110.02700000000002,110.023,1.41,1.5
27.08.2021 00:05:30.476,110.02700000000002,110.022,2.16,2.7
27.08.2021 00:05:34.631,110.024,110.02,1.1,3.07
27.08.2021 00:05:34.884,110.024,110.02,1.22,1.5
27.08.2021 00:05:45.530,110.021,110.01700000000001,2.16,2.25
27.08.2021 00:05:45.633,110.021,110.018,1.76,1
27.08.2021 00:05:45.734,110.021,110.01700000000001,2.89,1
27.08.2021 00:05:45.835,110.021,110.01700000000001,4.07,1
27.08.2021 00:05:45.938,110.02,110.016,4.22,1
27.08.2021 00:05:46.090,110.019,110.015,1.39,1
27.08.2021 00:05:46.800,110.019,110.015,2.5,1.1
27.08.2021 00:05:46.903,110.019,110.014,2.89,1.57
27.08.2021 00:05:47.005,110.02,110.01299999999999,3.39,1.57
27.08.2021 00:05:47.442,110.019,110.014,4,2.16
27.08.2021 00:05:48.326,110.019,110.016,1,1.01
27.08.2021 00:05:48.478,110.021,110.015,1.87,1.1
27.08.2021 00:05:48.580,110.02,110.016,1.5,1.6
27.08.2021 00:05:50.453,110.02,110.016,1.1,1.95
27.08.2021 00:05:50.605,110.024,110.01700000000001,2.82,2.85
27.08.2021 00:05:50.706,110.024,110.019,1,1.2
27.08.2021 00:05:50.808,110.024,110.02,1.5,1.85
27.08.2021 00:05:52.796,110.024,110.02,1.76,1.2
27.08.2021 00:05:53.053,110.024,110.02,2.76,1.2
27.08.2021 00:05:53.154,110.024,110.02,1.76,1.2
27.08.2021 00:05:54.295,110.023,110.02,1.76,1
27.08.2021 00:05:54.396,110.023,110.019,1.76,1.2
27.08.2021 00:05:55.256,110.022,110.018,1.01,1.2
27.08.2021 00:05:55.358,110.021,110.015,2.54,1.95
27.08.2021 00:05:55.459,110.019,110.015,1.75,1.57
27.08.2021 00:05:56.269,110.018,110.014,1.25,1.1
27.08.2021 00:05:56.370,110.01700000000001,110.01299999999999,1.69,1.1
27.08.2021 00:06:15.301,110.01700000000001,110.01299999999999,4.66,1
27.08.2021 00:06:17.609,110.016,110.01200000000001,1.01,1.5
27.08.2021 00:06:34.081,110.015,110.01200000000001,2.16,1
27.08.2021 00:06:34.183,110.014,110.01100000000001,1.01,2.7
27.08.2021 00:06:40.335,110.016,110.01299999999999,1.12,1
27.08.2021 00:06:40.437,110.018,110.014,2.14,1
27.08.2021 00:06:40.488,110.02,110.016,3.76,1
27.08.2021 00:06:40.539,110.02,110.016,3.26,1
27.08.2021 00:06:40.691,110.021,110.015,1,4.05
27.08.2021 00:06:41.521,110.021,110.01700000000001,1.2,1.2
27.08.2021 00:06:44.216,110.022,110.018,2.1,1
27.08.2021 00:06:44.318,110.022,110.018,1,2.1
27.08.2021 00:06:44.629,110.023,110.018,2.89,2.85
27.08.2021 00:06:54.729,110.024,110.019,3.19,1.95
27.08.2021 00:06:54.831,110.025,110.021,3.64,1.2
27.08.2021 00:06:55.086,110.025,110.021,1.69,2.85
27.08.2021 00:06:55.188,110.02600000000001,110.022,2.89,1.2
27.08.2021 00:06:57.466,110.025,110.022,1.39,1
27.08.2021 00:06:57.567,110.024,110.022,1.25,1
27.08.2021 00:06:57.668,110.025,110.022,1.39,1
27.08.2021 00:06:57.921,110.02600000000001,110.022,2.14,1.2
27.08.2021 00:06:58.022,110.025,110.022,1.25,1.2
27.08.2021 00:06:58.715,110.025,110.021,1.25,1
27.08.2021 00:06:59.163,110.025,110.022,2.14,1
27.08.2021 00:06:59.366,110.024,110.022,1.25,1
27.08.2021 00:06:59.468,110.024,110.021,1.25,1.95
27.08.2021 00:06:59.922,110.023,110.021,1.25,1
27.08.2021 00:07:00.027,110.023,110.019,1.25,2.1
27.08.2021 00:07:00.280,110.024,110.018,1.39,1.95
27.08.2021 00:07:01.380,110.023,110.018,1.25,1.95
27.08.2021 00:07:15.282,110.023,110.018,2.14,4.05
27.08.2021 00:07:15.383,110.023,110.02,1.25,1.2
27.08.2021 00:07:15.882,110.024,110.021,1.25,1.2
27.08.2021 00:07:15.983,110.02600000000001,110.023,3.26,1
27.08.2021 00:07:16.085,110.025,110.022,1.25,1.2
27.08.2021 00:07:16.186,110.025,110.021,2.14,3.9
27.08.2021 00:07:24.116,110.024,110.021,1.25,1.2
27.08.2021 00:07:26.482,110.023,110.02,1.25,1.95
27.08.2021 00:07:26.584,110.022,110.019,1.25,2.1
27.08.2021 00:07:26.693,110.023,110.019,1.39,1.95
27.08.2021 00:07:26.850,110.022,110.019,1.25,1.2
27.08.2021 00:07:32.867,110.022,110.018,1.39,1.95
27.08.2021 00:07:33.182,110.019,110.016,1.39,4.2
27.08.2021 00:07:33.386,110.019,110.014,1.25,1.57
27.08.2021 00:07:34.213,110.01700000000001,110.014,1.25,1.57
27.08.2021 00:07:37.462,110.01700000000001,110.01299999999999,3.19,1.1
27.08.2021 00:07:42.635,110.016,110.01299999999999,1.69,1
27.08.2021 00:07:42.787,110.01299999999999,110.01,1.25,2.02
27.08.2021 00:07:42.939,110.01299999999999,110.009,1.69,2.7
27.08.2021 00:07:43.093,110.01200000000001,110.009,1.25,1.2
27.08.2021 00:07:43.606,110.01100000000001,110.008,1.25,1.57
27.08.2021 00:07:43.709,110.01,110.007,1,1.1
27.08.2021 00:07:59.132,110.01,110.006,1.25,2.32
27.08.2021 00:08:02.206,110.01,110.006,4.64,1.5
27.08.2021 00:08:02.308,110.01,110.006,2.89,1
27.08.2021 00:08:09.572,110.007,110.004,1.82,1
27.08.2021 00:08:09.673,110.006,110.003,1.01,1.2
27.08.2021 00:08:09.775,110.006,110.00200000000001,1.01,1
27.08.2021 00:08:09.877,110.006,110.00200000000001,1.75,1.1
27.08.2021 00:08:11.960,110.006,110.00200000000001,1.69,1.1
27.08.2021 00:08:12.061,110.001,109.999,1,3.45
27.08.2021 00:08:12.163,110.001,109.99600000000001,1.69,1.2
27.08.2021 00:08:12.214,109.99799999999999,109.99700000000001,1,1.2
27.08.2021 00:08:12.315,109.99799999999999,109.99600000000001,1,1
27.08.2021 00:08:12.416,109.999,109.995,1,1.69
27.08.2021 00:08:15.653,109.999,109.994,1.95,2.51
27.08.2021 00:08:15.755,109.999,109.994,1.5,3.72
27.08.2021 00:08:17.234,109.999,109.994,2.32,2.14
27.08.2021 00:08:19.597,109.999,109.994,3.1,1.69
27.08.2021 00:08:20.820,109.994,109.991,1,7.65
27.08.2021 00:08:20.972,109.994,109.99000000000001,1.41,2.25
27.08.2021 00:08:21.124,109.993,109.989,1.97,1.5
27.08.2021 00:08:24.410,109.992,109.989,1,1.25
27.08.2021 00:08:25.119,109.992,109.988,1,2.39
27.08.2021 00:08:25.596,109.993,109.989,1,2.95
27.08.2021 00:08:26.141,109.994,109.989,1.57,3.7
27.08.2021 00:08:30.146,109.993,109.99000000000001,1.25,1
27.08.2021 00:08:31.041,109.99600000000001,109.991,1.69,1
27.08.2021 00:08:31.194,109.99600000000001,109.993,1.25,1
27.08.2021 00:08:31.297,109.99700000000001,109.994,1.35,1
27.08.2021 00:08:31.573,109.99799999999999,109.994,2.41,1
27.08.2021 00:08:32.058,109.99799999999999,109.994,1.1,1.5
27.08.2021 00:08:32.169,109.99799999999999,109.995,1,1
27.08.2021 00:08:32.271,110.001,109.994,2.01,1.95
27.08.2021 00:08:32.574,110,109.995,1.01,1.95
27.08.2021 00:08:32.675,110,109.995,2.01,1.95
27.08.2021 00:08:34.023,109.999,109.994,1,1
27.08.2021 00:08:39.804,109.995,109.992,1.5,2.32
27.08.2021 00:08:39.905,109.994,109.991,1.25,1
27.08.2021 00:08:40.108,109.994,109.99000000000001,1.25,1.57
27.08.2021 00:08:41.859,109.995,109.99000000000001,4.01,1.01
27.08.2021 00:08:42.292,109.994,109.991,1,1
27.08.2021 00:08:43.103,109.994,109.99000000000001,1,1.1
27.08.2021 00:08:49.840,109.991,109.989,1,1.1
27.08.2021 00:08:49.942,109.992,109.989,1,1.1
27.08.2021 00:08:50.207,109.993,109.989,1.5,1.01
27.08.2021 00:08:51.264,109.993,109.989,1,1.41
27.08.2021 00:08:51.467,109.994,109.99000000000001,1.5,2.76
27.08.2021 00:08:51.942,109.995,109.991,1,1
27.08.2021 00:08:52.043,109.99600000000001,109.991,2.44,1
27.08.2021 00:08:52.144,109.994,109.991,1.25,1.1
27.08.2021 00:08:52.297,109.99600000000001,109.992,1.2,4.79
27.08.2021 00:08:52.399,109.99700000000001,109.993,1.69,1.57
27.08.2021 00:08:52.501,109.999,109.993,1.69,1.1
27.08.2021 00:08:53.135,109.99700000000001,109.994,1.75,1
27.08.2021 00:08:53.236,109.99700000000001,109.993,2.5,1.1
27.08.2021 00:08:54.486,109.99700000000001,109.992,2.95,2.32
27.08.2021 00:08:55.166,109.99700000000001,109.993,2.95,1
27.08.2021 00:08:55.526,109.995,109.992,1.25,1.27
27.08.2021 00:08:56.132,109.99700000000001,109.991,1.75,1.1
27.08.2021 00:08:58.482,109.995,109.991,1.25,1.57
27.08.2021 00:08:58.583,109.995,109.992,1.25,1.1
27.08.2021 00:08:59.802,109.99700000000001,109.993,1.75,1.1
27.08.2021 00:09:00.411,110,109.99600000000001,3.37,4.4
27.08.2021 00:09:00.514,110.004,110,1.25,1.1
27.08.2021 00:09:00.616,110.005,110,3.7,1.1
27.08.2021 00:09:00.718,110.005,110.001,2.95,1
27.08.2021 00:09:02.530,110.006,110.00200000000001,1.75,1.1
27.08.2021 00:09:02.632,110.007,110.00200000000001,2.95,1.1
27.08.2021 00:09:03.988,110.007,110.00200000000001,2.7,1.35
27.08.2021 00:09:04.844,110.006,110.00200000000001,1,2.22
27.08.2021 00:09:08.635,110.007,110.00200000000001,1.5,3.72
27.08.2021 00:09:08.736,110.007,110.003,1.5,1.35
27.08.2021 00:09:08.838,110.009,110.006,1,1.25
27.08.2021 00:09:08.940,110.01,110.007,1,1
27.08.2021 00:09:09.511,110.01,110.006,3.45,1.5
27.08.2021 00:09:09.612,110.009,110.005,3.45,1
27.08.2021 00:09:09.714,110.008,110.004,2.7,1.25
27.08.2021 00:09:10.772,110.008,110.004,1.5,1.35
27.08.2021 00:09:10.874,110.008,110.005,1,1.82
27.08.2021 00:09:11.025,110.009,110.005,1,3.32
27.08.2021 00:09:12.136,110.009,110.006,1,2.57
27.08.2021 00:09:12.238,110.01,110.007,1,1.82
27.08.2021 00:09:13.805,110.01,110.007,1,1.01
27.08.2021 00:09:13.957,110.01,110.005,1,1.69
27.08.2021 00:09:14.059,110.008,110.006,1,1
27.08.2021 00:09:14.110,110.008,110.004,1.57,2.44
27.08.2021 00:09:16.485,110.008,110.005,1,1.25
27.08.2021 00:09:17.911,110.009,110.005,1.5,2.51
27.08.2021 00:09:17.962,110.009,110.007,1.5,1
27.08.2021 00:09:19.981,110.01100000000001,110.007,2.32,1
27.08.2021 00:09:20.873,110.01,110.007,1,1
27.08.2021 00:09:22.974,110.009,110.005,3.07,1.69
27.08.2021 00:09:23.076,110.009,110.003,4.57,1
27.08.2021 00:09:23.177,110.007,110.00200000000001,3.07,2.51
27.08.2021 00:09:23.937,110.006,110.00200000000001,1.95,1.69
27.08.2021 00:09:25.574,110.006,110.001,2.7,2.51
27.08.2021 00:09:27.678,110.006,110.001,3.07,3.32
27.08.2021 00:09:27.880,110.006,110.00200000000001,2.25,1.35
27.08.2021 00:09:29.578,110.008,110.004,2.25,1.82
27.08.2021 00:09:29.679,110.008,110.004,2.7,1.25
27.08.2021 00:09:34.001,110.007,110.003,1,2.57
27.08.2021 00:09:34.052,110.006,110.001,1.2,6.02
27.08.2021 00:09:34.204,110.005,110.001,1,2.96
27.08.2021 00:09:35.125,110.005,110.001,1.95,1.75
27.08.2021 00:09:38.574,110.006,110.001,2.7,3.32
27.08.2021 00:09:40.406,110.008,110.003,2.25,2.16
27.08.2021 00:10:02.358,110.008,110.005,1.5,1.01
27.08.2021 00:10:06.821,110.009,110.005,3.07,2.44
27.08.2021 00:10:08.467,110.008,110.005,1,2.44
27.08.2021 00:10:11.451,110.009,110.005,2.25,3.26
27.08.2021 00:10:11.578,110.009,110.006,1.5,1.1
27.08.2021 00:10:11.781,110.01,110.006,2.25,4.46
27.08.2021 00:10:12.183,110.01,110.007,1.5,1.25
27.08.2021 00:10:16.062,110.01200000000001,110.008,1.87,1.76
27.08.2021 00:10:16.113,110.01299999999999,110.01,1,1.25
27.08.2021 00:10:16.266,110.015,110.01100000000001,2.62,2.5
27.08.2021 00:10:18.704,110.016,110.01299999999999,1,1
27.08.2021 00:10:18.806,110.015,110.01200000000001,1,3.52
27.08.2021 00:10:20.118,110.015,110.01100000000001,2.25,2.51
27.08.2021 00:10:28.315,110.015,110.01200000000001,1,1.01
27.08.2021 00:10:28.417,110.01299999999999,110.01100000000001,1,1
27.08.2021 00:10:28.518,110.01299999999999,110.01,1,1.46
27.08.2021 00:10:29.083,110.01200000000001,110.009,2.44,1.2
27.08.2021 00:10:29.185,110.01100000000001,110.007,1.5,4.46
27.08.2021 00:10:29.286,110.01,110.007,1,1
27.08.2021 00:10:29.616,110.009,110.005,1,3.26
27.08.2021 00:10:29.768,110.009,110.006,1,1.25
27.08.2021 00:10:32.255,110.01100000000001,110.005,2.25,1.01
27.08.2021 00:10:32.407,110.01,110.007,1.5,1
27.08.2021 00:10:35.910,110.01100000000001,110.007,2.44,1.1
27.08.2021 00:10:43.415,110.01100000000001,110.007,2.25,1.82
27.08.2021 00:10:44.205,110.01200000000001,110.009,1,1.01
27.08.2021 00:10:53.489,110.014,110.01,3,1.01
27.08.2021 00:10:59.022,110.01299999999999,110.009,1,2.51
27.08.2021 00:10:59.123,110.01100000000001,110.008,1.5,2.65
27.08.2021 00:10:59.225,110.01,110.006,1,3.8
27.08.2021 00:11:04.081,110.01,110.007,1,1.35
27.08.2021 00:11:04.182,110.01100000000001,110.007,2.25,2.97
27.08.2021 00:11:16.771,110.01100000000001,110.009,1,1.76
27.08.2021 00:11:16.822,110.01299999999999,110.009,2.62,1.76
27.08.2021 00:11:16.923,110.01299999999999,110.009,2.25,2.54
27.08.2021 00:11:19.902,110.01299999999999,110.009,1.5,2.14
27.08.2021 00:11:20.154,110.01100000000001,110.009,1,1.25
27.08.2021 00:11:20.205,110.01,110.007,1.5,1.46
27.08.2021 00:11:20.306,110.01,110.008,1,2.5
27.08.2021 00:11:20.458,110.01100000000001,110.008,1,1.82
27.08.2021 00:11:35.036,110.01100000000001,110.007,1.5,2.57
27.08.2021 00:11:43.269,110.009,110.007,1,1.76
27.08.2021 00:11:49.216,110.01,110.007,1.5,1.76
27.08.2021 00:11:52.643,110.01100000000001,110.008,1.5,1.25
27.08.2021 00:11:52.745,110.01100000000001,110.009,1,1.01
27.08.2021 00:11:52.795,110.01299999999999,110.009,2.25,1.76
27.08.2021 00:11:52.947,110.014,110.01100000000001,1,1.25
27.08.2021 00:11:53.099,110.014,110.01100000000001,1,2.41
27.08.2021 00:11:54.165,110.014,110.01100000000001,1,1.01
27.08.2021 00:11:55.307,110.015,110.01200000000001,1.5,1
27.08.2021 00:12:05.516,110.01700000000001,110.01100000000001,1.69,1.1
27.08.2021 00:12:10.554,110.016,110.01299999999999,1.5,1
27.08.2021 00:12:11.872,110.01700000000001,110.01299999999999,2.25,1.57
27.08.2021 00:12:16.733,110.015,110.01100000000001,5.51,1.12
27.08.2021 00:12:16.835,110.015,110.009,4.26,2.7
27.08.2021 00:12:16.938,110.01200000000001,110.008,2.25,2.14
27.08.2021 00:12:23.116,110.014,110.01,3.75,2.16
27.08.2021 00:12:23.218,110.015,110.01200000000001,1.5,1
27.08.2021 00:12:23.319,110.015,110.01299999999999,1,1
27.08.2021 00:12:24.381,110.015,110.01200000000001,1,1.1
27.08.2021 00:12:24.483,110.015,110.01100000000001,2.25,1.76
27.08.2021 00:12:25.204,110.014,110.01100000000001,1,1.01
27.08.2021 00:12:25.306,110.01299999999999,110.01100000000001,1,1.25
27.08.2021 00:12:28.584,110.014,110.01100000000001,1,1.01
27.08.2021 00:12:31.372,110.015,110.01100000000001,2.25,1.76
27.08.2021 00:12:32.329,110.015,110.01100000000001,1.5,4.29
27.08.2021 00:12:32.532,110.015,110.01200000000001,1,1.41
27.08.2021 00:12:37.653,110.01700000000001,110.01299999999999,1.5,1.76
27.08.2021 00:12:37.755,110.01700000000001,110.01299999999999,1,3.66
27.08.2021 00:12:37.906,110.018,110.014,2.44,1.76
27.08.2021 00:12:44.822,110.019,110.014,1,1
27.08.2021 00:12:44.974,110.019,110.015,2.89,1.5
27.08.2021 00:12:45.126,110.019,110.016,1.5,1.76
27.08.2021 00:12:46.623,110.019,110.015,4.39,2.06
27.08.2021 00:12:56.982,110.021,110.016,1.87,1
27.08.2021 00:12:57.083,110.021,110.019,1,1
27.08.2021 00:12:57.185,110.022,110.019,1.57,1
27.08.2021 00:13:05.292,110.023,110.019,1.57,1.95
27.08.2021 00:13:18.560,110.023,110.02,1.1,1
27.08.2021 00:13:20.205,110.023,110.019,1.57,2.14
27.08.2021 00:13:20.307,110.023,110.019,1.97,1.69
27.08.2021 00:13:37.292,110.023,110.019,1.57,1.95
27.08.2021 00:13:37.393,110.024,110.02,1.76,2.14
27.08.2021 00:13:37.495,110.025,110.022,2.55,1
27.08.2021 00:13:38.301,110.02700000000002,110.023,6.85,1.69
27.08.2021 00:13:39.312,110.02700000000002,110.022,4.97,2.89
27.08.2021 00:13:42.128,110.02700000000002,110.021,1.22,1.69
27.08.2021 00:13:43.176,110.025,110.021,2.22,2.25
27.08.2021 00:13:45.792,110.023,110.02,1,1.95
27.08.2021 00:13:45.893,110.023,110.02,1.22,1.5
27.08.2021 00:13:48.501,110.025,110.021,4.6,1
27.08.2021 00:13:48.602,110.02600000000001,110.02,2.97,1
27.08.2021 00:13:48.754,110.025,110.02,3.72,2.89
27.08.2021 00:13:49.786,110.024,110.02,1.41,1.69
27.08.2021 00:13:50.913,110.023,110.02,1.22,1.5
27.08.2021 00:13:51.015,110.023,110.019,1.97,1.69
27.08.2021 00:13:52.745,110.023,110.019,1.57,2.14
27.08.2021 00:13:52.874,110.024,110.02,1.41,1.5
27.08.2021 00:13:56.896,110.025,110.02,2.91,2.89
27.08.2021 00:13:56.997,110.025,110.021,4.04,1
27.08.2021 00:13:57.098,110.025,110.021,1.1,1.2
27.08.2021 00:13:57.200,110.02600000000001,110.02,2.01,1.95
27.08.2021 00:13:57.251,110.02600000000001,110.022,1.95,1.2
27.08.2021 00:13:57.696,110.02700000000002,110.025,1,1.2
27.08.2021 00:13:57.747,110.029,110.025,1,2.14
27.08.2021 00:13:57.797,110.031,110.02600000000001,1.6,2.69
27.08.2021 00:13:58.503,110.033,110.02700000000002,1.22,1.75
27.08.2021 00:13:58.605,110.03200000000001,110.02700000000002,1.97,2.89
27.08.2021 00:13:59.226,110.033,110.02600000000001,3.22,2.5
27.08.2021 00:13:59.327,110.031,110.02600000000001,3.22,2.06
27.08.2021 00:13:59.378,110.031,110.02700000000002,3.22,1.25
27.08.2021 00:13:59.429,110.031,110.02600000000001,3.22,2.06
27.08.2021 00:13:59.656,110.029,110.024,1.95,3.15
27.08.2021 00:13:59.757,110.029,110.025,2.32,1
27.08.2021 00:13:59.960,110.03,110.023,3.07,1.95
27.08.2021 00:14:00.112,110.029,110.025,1.2,1.5
27.08.2021 00:14:00.213,110.03,110.025,3.64,2.14
27.08.2021 00:14:00.264,110.03,110.02700000000002,1.2,1
27.08.2021 00:14:00.365,110.031,110.02700000000002,2.7,1.25
27.08.2021 00:14:01.723,110.031,110.02700000000002,1.97,1
27.08.2021 00:14:02.220,110.03,110.02600000000001,1.76,1.95
27.08.2021 00:14:02.321,110.03,110.02600000000001,2.91,1
27.08.2021 00:14:03.017,110.029,110.025,2.14,1.5
27.08.2021 00:14:03.170,110.02799999999999,110.024,1.25,2.7
27.08.2021 00:14:04.456,110.02799999999999,110.02600000000001,1.25,1
27.08.2021 00:14:04.507,110.03,110.02600000000001,2.51,1.5
27.08.2021 00:14:10.800,110.031,110.02700000000002,2.32,1
27.08.2021 00:14:12.018,110.031,110.02600000000001,2.14,3.82
27.08.2021 00:14:12.961,110.03,110.02600000000001,1,3.82
27.08.2021 00:14:17.336,110.02799999999999,110.025,1.01,1
27.08.2021 00:14:17.438,110.02799999999999,110.024,1.01,1.2
27.08.2021 00:14:18.822,110.029,110.025,3.91,1.5
27.08.2021 00:14:19.651,110.02700000000002,110.023,1.2,2.7
27.08.2021 00:14:19.752,110.02799999999999,110.023,2.51,1.95
27.08.2021 00:14:20.351,110.02799999999999,110.024,1.25,1.95
27.08.2021 00:14:24.566,110.029,110.025,3.64,1
27.08.2021 00:14:33.222,110.029,110.025,1.2,1.5
27.08.2021 00:14:33.323,110.03,110.02700000000002,1.39,1
27.08.2021 00:14:33.629,110.031,110.025,1.2,1.57
27.08.2021 00:14:40.322,110.03,110.02700000000002,1.2,1
27.08.2021 00:14:52.448,110.03,110.02600000000001,1,1.5
27.08.2021 00:14:52.549,110.02600000000001,110.023,1.2,2.7
27.08.2021 00:14:52.651,110.02600000000001,110.023,1.75,1.95
27.08.2021 00:14:52.701,110.024,110.021,1.25,2.7
27.08.2021 00:14:52.803,110.023,110.02,1,3.82
27.08.2021 00:14:53.011,110.024,110.018,1,1.5
27.08.2021 00:14:53.113,110.023,110.018,1,1.5
27.08.2021 00:15:36.762,110.021,110.019,1,1.5
27.08.2021 00:15:39.760,110.022,110.019,1,1.5
27.08.2021 00:15:47.855,110.022,110.02,1,1.2
27.08.2021 00:15:48.209,110.023,110.02,1,1.2
27.08.2021 00:16:00.830,110.023,110.02,1,4.24
27.08.2021 00:16:00.931,110.023,110.02,1,3.15
27.08.2021 00:16:02.409,110.025,110.021,1,2.29
27.08.2021 00:16:02.611,110.025,110.022,1.5,1.85
27.08.2021 00:16:02.763,110.025,110.021,1,2.91
27.08.2021 00:16:02.865,110.025,110.02,1,2.39
27.08.2021 00:16:02.966,110.024,110.02,1,2.54
27.08.2021 00:16:03.067,110.023,110.021,1,1
27.08.2021 00:16:05.327,110.023,110.02,1,1.39
27.08.2021 00:16:06.468,110.029,110.025,1.12,1
27.08.2021 00:16:06.569,110.029,110.02600000000001,1,1.25
27.08.2021 00:16:07.428,110.029,110.025,1,2.14
27.08.2021 00:16:07.529,110.029,110.02600000000001,1,1.76
27.08.2021 00:16:07.631,110.029,110.02700000000002,1,1
27.08.2021 00:16:07.732,110.03,110.02700000000002,1,1.5
27.08.2021 00:16:09.566,110.03,110.02799999999999,1,1
27.08.2021 00:16:09.667,110.03,110.02700000000002,1,1.2
27.08.2021 00:16:10.289,110.03,110.02799999999999,1,1
27.08.2021 00:16:10.340,110.03399999999999,110.03200000000001,1.5,1
27.08.2021 00:16:10.442,110.03399999999999,110.03200000000001,1,1.25
27.08.2021 00:16:10.543,110.035,110.03200000000001,1,1.25
27.08.2021 00:16:14.044,110.035,110.031,1.2,1.69
27.08.2021 00:16:14.146,110.03399999999999,110.031,1,1.25
27.08.2021 00:16:14.561,110.03399999999999,110.029,1.54,3.66
27.08.2021 00:16:14.865,110.035,110.031,1.95,1.25
27.08.2021 00:16:21.302,110.03399999999999,110.03,2.7,1
27.08.2021 00:16:21.352,110.03200000000001,110.03,1,1
27.08.2021 00:16:21.453,110.03200000000001,110.03,1,1
27.08.2021 00:16:21.868,110.031,110.029,1,1
27.08.2021 00:16:22.070,110.031,110.02799999999999,1,1.25
27.08.2021 00:16:25.903,110.033,110.031,1,1
27.08.2021 00:16:25.953,110.035,110.031,1.57,1
27.08.2021 00:16:26.307,110.036,110.031,2.47,3.19
27.08.2021 00:16:27.291,110.036,110.03200000000001,1.65,1
27.08.2021 00:16:27.447,110.037,110.03200000000001,1.2,1.5
27.08.2021 00:16:27.549,110.038,110.03200000000001,4.01,2.7
27.08.2021 00:16:27.600,110.038,110.033,1.5,2.2
27.08.2021 00:16:27.701,110.039,110.03399999999999,2.7,2.5
27.08.2021 00:16:27.803,110.039,110.03399999999999,1.39,3.19
27.08.2021 00:16:27.905,110.04,110.037,3.75,1
27.08.2021 00:16:28.007,110.04,110.036,1,1.69
27.08.2021 00:16:28.109,110.04100000000001,110.036,2.14,3.19
27.08.2021 00:16:28.211,110.04200000000002,110.037,2.39,1.5
27.08.2021 00:16:29.997,110.04299999999999,110.039,1.7,1.75
27.08.2021 00:16:30.098,110.044,110.039,2.32,2.5
27.08.2021 00:16:30.351,110.045,110.04100000000001,4.35,1
27.08.2021 00:16:30.823,110.045,110.039,1.2,1.2
27.08.2021 00:16:31.618,110.04299999999999,110.038,1,3.14
27.08.2021 00:16:33.112,110.044,110.039,1.5,2.14
27.08.2021 00:16:33.214,110.045,110.04100000000001,2.32,1.25
27.08.2021 00:16:33.551,110.046,110.04100000000001,2.47,2.95
27.08.2021 00:16:33.652,110.046,110.04200000000002,1.3,1.25
27.08.2021 00:16:34.669,110.046,110.04200000000002,2.85,1
27.08.2021 00:16:34.771,110.045,110.04100000000001,2.32,2.89
27.08.2021 00:16:34.872,110.045,110.04100000000001,2.72,1.69
27.08.2021 00:16:35.990,110.044,110.04,1,2.44
27.08.2021 00:16:36.409,110.044,110.039,1.87,2.89
27.08.2021 00:16:37.998,110.04299999999999,110.039,1,1.5
27.08.2021 00:16:39.009,110.04299999999999,110.038,1.76,1
27.08.2021 00:16:39.111,110.04200000000002,110.037,3.64,1.69
27.08.2021 00:16:39.213,110.04200000000002,110.037,4.45,1
27.08.2021 00:16:47.822,110.039,110.036,1.1,1
27.08.2021 00:16:47.923,110.038,110.03399999999999,1.5,1
27.08.2021 00:16:48.076,110.037,110.03399999999999,1,1
27.08.2021 00:16:59.265,110.038,110.03399999999999,2.25,1
27.08.2021 00:17:11.152,110.038,110.035,1,1.25
27.08.2021 00:17:11.355,110.038,110.03399999999999,1,1.5
27.08.2021 00:17:12.237,110.037,110.03200000000001,1,2.89
27.08.2021 00:17:12.390,110.037,110.033,1,1
27.08.2021 00:17:13.802,110.038,110.033,3.82,1
27.08.2021 00:17:15.708,110.037,110.033,1,1
27.08.2021 00:17:15.881,110.037,110.03200000000001,4.07,1
27.08.2021 00:17:16.033,110.037,110.033,2.77,1
27.08.2021 00:17:19.844,110.036,110.033,1,1
27.08.2021 00:17:25.612,110.037,110.033,3.07,1
27.08.2021 00:17:26.071,110.038,110.033,3.37,1.2
27.08.2021 00:17:33.146,110.038,110.03399999999999,1,1.2
27.08.2021 00:17:33.247,110.039,110.035,1,1.25
27.08.2021 00:17:34.152,110.04100000000001,110.036,4.8,1.25
27.08.2021 00:17:35.417,110.04,110.036,1.95,1.25
27.08.2021 00:17:35.520,110.04,110.036,1,1.75
27.08.2021 00:17:35.622,110.04100000000001,110.036,2.7,1.75
27.08.2021 00:17:39.090,110.039,110.03399999999999,1.5,2.14
27.08.2021 00:18:02.417,110.038,110.03399999999999,1,2.89
27.08.2021 00:18:02.518,110.037,110.03399999999999,1,1.39
27.08.2021 00:18:08.787,110.036,110.03200000000001,1,3.89
27.08.2021 00:18:08.889,110.035,110.031,1,3.89
27.08.2021 00:18:08.990,110.035,110.031,1,2.14
27.08.2021 00:18:09.293,110.033,110.029,1.69,2.7
27.08.2021 00:18:09.395,110.031,110.02799999999999,1,1.65
27.08.2021 00:18:09.496,110.03,110.02600000000001,1.1,2.7
27.08.2021 00:18:12.761,110.03,110.02600000000001,1.1,2.14
27.08.2021 00:18:12.863,110.03,110.02600000000001,1,2.29
27.08.2021 00:18:14.729,110.03399999999999,110.02799999999999,1.12,2.29
27.08.2021 00:18:14.830,110.03399999999999,110.03,2.02,1.2
27.08.2021 00:18:14.932,110.03399999999999,110.031,1,1
27.08.2021 00:18:15.541,110.035,110.031,1.5,1.69
27.08.2021 00:18:34.612,110.035,110.031,1.75,1.5
27.08.2021 00:18:35.085,110.033,110.029,1.39,3.37
27.08.2021 00:18:35.136,110.03200000000001,110.02799999999999,1.75,4.4
27.08.2021 00:18:35.238,110.03200000000001,110.02799999999999,1.39,3.45
27.08.2021 00:18:36.142,110.03200000000001,110.02700000000002,2.14,1.95
27.08.2021 00:18:36.395,110.03200000000001,110.02700000000002,3.51,1.95
27.08.2021 00:18:38.135,110.03200000000001,110.02700000000002,2.69,2.1
27.08.2021 00:18:38.620,110.03200000000001,110.02600000000001,1.25,1.2
27.08.2021 00:18:40.955,110.03,110.02700000000002,1.25,1
27.08.2021 00:18:42.942,110.029,110.02600000000001,1.25,1
27.08.2021 00:19:06.507,110.02700000000002,110.02600000000001,1.25,1
27.08.2021 00:19:06.557,110.02600000000001,110.023,1.25,1.12
27.08.2021 00:19:06.659,110.025,110.021,2.44,2.32
27.08.2021 00:19:06.760,110.024,110.021,1.69,1.12
27.08.2021 00:19:08.090,110.024,110.02,1.69,2.7
27.08.2021 00:19:13.235,110.024,110.021,1.69,1
27.08.2021 00:19:13.286,110.02700000000002,110.023,1.5,2.7
27.08.2021 00:19:13.388,110.02799999999999,110.023,2.59,2.7
27.08.2021 00:19:16.509,110.02799999999999,110.024,3.64,1
27.08.2021 00:19:16.662,110.02799999999999,110.025,1.69,1
27.08.2021 00:19:16.865,110.029,110.02600000000001,1.25,1
27.08.2021 00:19:17.122,110.031,110.025,3.64,1
27.08.2021 00:19:18.220,110.031,110.02700000000002,2.44,1.2
27.08.2021 00:19:25.031,110.03,110.02600000000001,1,2.7
27.08.2021 00:19:25.488,110.029,110.02600000000001,1.25,1
27.08.2021 00:19:25.540,110.031,110.025,2.89,1
27.08.2021 00:19:30.934,110.031,110.02700000000002,2.14,1
27.08.2021 00:19:31.697,110.03200000000001,110.02799999999999,1.69,1.2
27.08.2021 00:19:39.517,110.031,110.02700000000002,2.89,1.5
27.08.2021 00:19:57.034,110.031,110.02700000000002,1.5,2.1
27.08.2021 00:19:58.280,110.031,110.02700000000002,1.5,1.95
27.08.2021 00:19:59.806,110.03399999999999,110.02799999999999,2.89,1
27.08.2021 00:19:59.907,110.03200000000001,110.02799999999999,1,1.95
27.08.2021 00:20:06.544,110.03200000000001,110.029,1.25,1
27.08.2021 00:20:06.645,110.03200000000001,110.02700000000002,1.25,1
27.08.2021 00:20:06.746,110.03,110.02600000000001,1.69,2.7
27.08.2021 00:20:11.797,110.029,110.02600000000001,1,1.5
27.08.2021 00:20:11.898,110.029,110.025,2.51,1
27.08.2021 00:20:19.159,110.02799999999999,110.024,1,1.95
27.08.2021 00:20:27.067,110.025,110.022,1,2.7
27.08.2021 00:20:31.094,110.024,110.021,1.25,2.7
27.08.2021 00:20:44.523,110.023,110.021,1.25,1
27.08.2021 00:20:52.093,110.02,110.01700000000001,1.45,3.82
27.08.2021 00:20:52.245,110.018,110.01700000000001,1.25,1.2
27.08.2021 00:20:52.296,110.01700000000001,110.015,1,1.5
27.08.2021 00:20:52.397,110.018,110.015,2.44,1
27.08.2021 00:20:52.498,110.01700000000001,110.015,1.25,1
27.08.2021 00:20:52.903,110.01700000000001,110.014,1.69,1
27.08.2021 00:20:53.004,110.018,110.015,1.69,1.5
27.08.2021 00:20:53.638,110.018,110.015,1.69,1.5
27.08.2021 00:20:53.849,110.018,110.015,1.69,1
27.08.2021 00:20:58.508,110.02,110.01700000000001,1.31,1
27.08.2021 00:20:58.609,110.021,110.016,3.64,2.32
27.08.2021 00:20:58.710,110.022,110.018,3.19,1.5
27.08.2021 00:20:59.165,110.022,110.019,1,1
27.08.2021 00:20:59.266,110.023,110.02,2.44,1
27.08.2021 00:21:02.050,110.024,110.02,2.89,1.95
27.08.2021 00:21:02.631,110.024,110.021,1.5,1
27.08.2021 00:21:04.270,110.024,110.02,1,3.07
27.08.2021 00:21:06.981,110.024,110.021,1,1.2
27.08.2021 00:21:10.884,110.02600000000001,110.022,2.66,2.7
27.08.2021 00:21:10.986,110.024,110.021,1.25,1.95
27.08.2021 00:21:11.087,110.024,110.02,2.44,2.7
27.08.2021 00:21:11.189,110.025,110.021,1.69,1.95
27.08.2021 00:21:12.054,110.023,110.021,1.69,1
27.08.2021 00:21:12.105,110.022,110.019,1,1.95
27.08.2021 00:21:23.709,110.021,110.019,1.25,1
27.08.2021 00:21:23.760,110.02,110.016,1.75,2.25
27.08.2021 00:21:23.962,110.019,110.016,1.25,1.5
27.08.2021 00:21:25.444,110.018,110.015,1.25,1.5
27.08.2021 00:21:26.578,110.019,110.015,1.69,2.7
27.08.2021 00:21:27.121,110.018,110.015,1.25,1.5
27.08.2021 00:21:27.373,110.018,110.014,1.25,2.7
27.08.2021 00:21:30.471,110.01700000000001,110.014,1,1.5
27.08.2021 00:21:30.622,110.01700000000001,110.01299999999999,1.69,2.25
27.08.2021 00:21:30.774,110.016,110.01299999999999,1.25,1.5
27.08.2021 00:21:33.311,110.016,110.014,1,1.2
27.08.2021 00:21:33.413,110.018,110.01299999999999,1,1.2
27.08.2021 00:21:36.761,110.02,110.015,1,1.95
27.08.2021 00:21:36.863,110.021,110.01700000000001,2.72,1.2
27.08.2021 00:21:36.964,110.021,110.018,1.25,1.5
27.08.2021 00:21:37.217,110.021,110.016,2.5,2.7
27.08.2021 00:21:38.124,110.019,110.016,1.25,2.25
27.08.2021 00:21:40.258,110.02,110.016,1.25,2.7
27.08.2021 00:21:41.659,110.021,110.01700000000001,2.5,1.95
27.08.2021 00:21:42.652,110.021,110.018,2.5,1
27.08.2021 00:21:47.647,110.021,110.018,1.25,1.5
27.08.2021 00:21:49.909,110.022,110.019,1.5,1
27.08.2021 00:21:51.699,110.023,110.02,2.44,1
27.08.2021 00:21:51.952,110.022,110.019,1,1
27.08.2021 00:21:52.103,110.022,110.018,2.44,1.95
27.08.2021 00:21:55.245,110.022,110.019,2.44,1
27.08.2021 00:21:56.615,110.021,110.018,1,1.2
27.08.2021 00:22:11.920,110.021,110.019,1,1
27.08.2021 00:22:15.987,110.022,110.01700000000001,1.25,1
27.08.2021 00:22:16.089,110.018,110.016,1.69,1.5
27.08.2021 00:22:16.190,110.016,110.014,1.5,1
27.08.2021 00:22:22.216,110.015,110.014,1,1
27.08.2021 00:22:24.547,110.016,110.014,1,1
27.08.2021 00:22:24.750,110.018,110.015,1,1.2
27.08.2021 00:22:26.145,110.02,110.014,1.69,1.95
27.08.2021 00:22:32.329,110.021,110.01700000000001,2.25,1.2
27.08.2021 00:22:32.430,110.021,110.019,1.5,1
27.08.2021 00:22:32.532,110.021,110.018,1.5,1
27.08.2021 00:22:32.837,110.021,110.019,1.5,1
27.08.2021 00:22:34.513,110.022,110.01700000000001,1,1.2
27.08.2021 00:22:43.443,110.01700000000001,110.016,1,1.87
27.08.2021 00:22:43.545,110.015,110.01200000000001,1,1.1
27.08.2021 00:22:43.596,110.01299999999999,110.01100000000001,1.25,1.2
27.08.2021 00:22:43.697,110.014,110.008,1.69,2.7
27.08.2021 00:22:44.052,110.01299999999999,110.008,2.44,2.7
27.08.2021 00:22:44.153,110.01100000000001,110.008,1,2.32
27.08.2021 00:22:44.406,110.01200000000001,110.008,1,1
27.08.2021 00:22:45.075,110.01200000000001,110.007,1.5,1
27.08.2021 00:22:45.177,110.009,110.007,1,1.1
27.08.2021 00:22:45.328,110.008,110.005,1.25,1
27.08.2021 00:22:45.543,110.008,110.004,1.25,2.89
27.08.2021 00:22:45.695,110.008,110.003,1.5,3.08
27.08.2021 00:22:45.746,110.004,110.003,1,1
27.08.2021 00:22:45.848,110.004,110.00200000000001,1.5,1.2
27.08.2021 00:22:45.898,110.004,110,1.5,3.26
27.08.2021 00:22:47.426,110.003,110,1,1.39
27.08.2021 00:22:49.383,110.003,110,1,1.85
27.08.2021 00:22:49.434,110.006,110.004,1.31,1
27.08.2021 00:22:49.485,110.008,110.004,1.95,1.95
27.08.2021 00:22:49.586,110.008,110.004,1.5,3.86
27.08.2021 00:22:52.207,110.008,110.005,1,2.1
27.08.2021 00:22:53.840,110.01200000000001,110.008,1.69,1.1
27.08.2021 00:22:54.347,110.01100000000001,110.008,1.5,1.1
27.08.2021 00:22:59.715,110.01,110.006,2.44,6.07
27.08.2021 00:23:00.121,110.009,110.006,1,1
27.08.2021 00:23:00.222,110.008,110.005,1.69,1.95
27.08.2021 00:23:00.633,110.008,110.005,1,2.1
27.08.2021 00:23:00.747,110.01,110.004,1.69,2.1
27.08.2021 00:23:02.214,110.01,110.006,3.19,1.2
27.08.2021 00:23:04.939,110.01,110.006,1.5,3.6
27.08.2021 00:23:05.645,110.01100000000001,110.007,1,1
27.08.2021 00:23:05.755,110.01,110.007,1.5,1.2
27.08.2021 00:23:11.495,110.01100000000001,110.006,2.25,3.6
27.08.2021 00:23:13.435,110.014,110.008,1.95,1.5
27.08.2021 00:23:13.537,110.01200000000001,110.009,1.25,2.25
27.08.2021 00:23:13.639,110.01299999999999,110.009,1.69,2.7
27.08.2021 00:23:13.740,110.01299999999999,110.01,1.25,1
27.08.2021 00:23:13.942,110.01299999999999,110.009,1.5,1.95
27.08.2021 00:23:15.482,110.01299999999999,110.01,1.69,1
27.08.2021 00:23:17.711,110.01200000000001,110.01,1,1
27.08.2021 00:23:17.812,110.01100000000001,110.007,1,3.86
27.08.2021 00:23:19.189,110.01100000000001,110.007,1,3.07
27.08.2021 00:23:22.657,110.009,110.007,1.69,1
27.08.2021 00:23:22.758,110.01,110.006,2.5,1.95
27.08.2021 00:23:24.333,110.01,110.006,2.25,2.7
27.08.2021 00:23:24.434,110.01200000000001,110.007,1.25,1
27.08.2021 00:23:31.922,110.01200000000001,110.008,1,3.6
27.08.2021 00:23:32.023,110.01299999999999,110.01,1,1
27.08.2021 00:23:32.125,110.01299999999999,110.009,1.5,1.95
27.08.2021 00:23:43.630,110.014,110.009,2.51,3.64
27.08.2021 00:23:43.731,110.014,110.01,2.44,1.2
27.08.2021 00:23:43.883,110.015,110.01100000000001,2.25,1.22
27.08.2021 00:23:44.085,110.01299999999999,110.01,1,2.02
27.08.2021 00:23:44.187,110.01299999999999,110.009,1,1.2
27.08.2021 00:23:44.288,110.01299999999999,110.009,1.69,1.1
27.08.2021 00:23:44.390,110.01299999999999,110.009,2.44,1.22
27.08.2021 00:23:45.400,110.014,110.008,1.5,1.1
27.08.2021 00:23:45.502,110.01100000000001,110.008,1,1.1
27.08.2021 00:23:46.131,110.01,110.005,1,2.72
27.08.2021 00:23:46.282,110.009,110.006,1,1.57
27.08.2021 00:23:46.726,110.009,110.006,1,1.97
27.08.2021 00:23:47.037,110.009,110.006,1,1.1
27.08.2021 00:23:54.496,110.009,110.006,1,1.22
27.08.2021 00:23:55.223,110.01100000000001,110.006,1,2.72
27.08.2021 00:23:55.328,110.01,110.007,1.69,1.1
27.08.2021 00:23:56.420,110.01100000000001,110.005,2.5,1.22
27.08.2021 00:23:56.521,110.01,110.006,2.5,1.1
27.08.2021 00:24:09.708,110.01100000000001,110.005,1.69,1.1
27.08.2021 00:24:13.699,110.01,110.006,2.5,1.1
27.08.2021 00:24:14.485,110.009,110.005,1.25,2.72
27.08.2021 00:24:14.587,110.006,110.003,2.5,4.2
27.08.2021 00:24:14.739,110.006,110.00200000000001,3.25,1.95
27.08.2021 00:24:14.840,110.005,110.001,3.25,1.1
27.08.2021 00:24:15.093,110.004,110,2.44,2.14
27.08.2021 00:24:18.579,110.004,110,2.44,3.29
27.08.2021 00:24:18.831,110.006,110,1.5,1.57
27.08.2021 00:24:18.933,110.006,110.00200000000001,1,2.72
27.08.2021 00:24:19.084,110.007,110.00200000000001,3.19,3.47
27.08.2021 00:24:21.281,110.007,110.00200000000001,3.19,3.6
27.08.2021 00:24:22.682,110.007,110.00200000000001,3.19,4.72
27.08.2021 00:24:29.782,110.008,110.005,1.25,1.5
27.08.2021 00:24:30.035,110.009,110.005,1.69,1.95
27.08.2021 00:24:30.186,110.009,110.004,1,1.2
27.08.2021 00:24:30.288,110.006,110.004,2.44,1.2
27.08.2021 00:24:30.342,110.007,110.001,2.44,3.45
27.08.2021 00:24:34.586,110.008,110.004,3.26,1
27.08.2021 00:24:36.502,110.008,110.004,1.25,3.97
27.08.2021 00:24:36.704,110.009,110.005,3.26,1.5
27.08.2021 00:24:38.135,110.007,110.003,1,2.7
27.08.2021 00:24:41.346,110.006,110.00200000000001,2.51,1.5
27.08.2021 00:24:52.339,110.005,110.00200000000001,1,1.5
27.08.2021 00:25:03.697,110.006,110.00200000000001,2.51,1.5
27.08.2021 00:25:11.581,110.005,110.00200000000001,2.51,1
27.08.2021 00:25:14.589,110.005,110.001,2.51,2.25
27.08.2021 00:25:17.318,110.004,110.001,1.25,2.25
27.08.2021 00:25:18.774,110.005,110.001,1.76,2.25
27.08.2021 00:25:21.438,110.005,110.001,2.57,2.25
27.08.2021 00:25:21.977,110.004,110.001,1.25,1
27.08.2021 00:25:24.712,110.005,110.001,3.32,1
27.08.2021 00:25:29.697,110.004,110,1.25,3.26
27.08.2021 00:25:30.003,110.005,109.999,2.57,2.06
27.08.2021 00:25:30.155,110.003,110,1.25,2.06
27.08.2021 00:25:30.257,110,109.99700000000001,1.69,3.76
27.08.2021 00:25:30.359,109.999,109.99700000000001,1.25,1.2
27.08.2021 00:25:30.410,109.999,109.995,1.69,2.32
27.08.2021 00:25:30.511,110,109.994,2.5,2.32
27.08.2021 00:25:31.319,109.99799999999999,109.995,1.82,1
27.08.2021 00:25:31.420,109.99700000000001,109.994,1.25,1
27.08.2021 00:25:31.825,109.99700000000001,109.993,2.51,1.5
27.08.2021 00:25:35.055,109.995,109.991,3.66,1
27.08.2021 00:25:35.157,109.993,109.99000000000001,1,1.95
27.08.2021 00:25:35.310,109.993,109.989,1.01,1
27.08.2021 00:25:35.412,109.993,109.99000000000001,1.25,1
27.08.2021 00:25:36.376,109.993,109.989,1.01,1.69
27.08.2021 00:25:36.843,109.992,109.989,1.25,1
27.08.2021 00:25:36.945,109.992,109.988,1.76,1.69
27.08.2021 00:25:39.016,109.99000000000001,109.988,1,1.25
27.08.2021 00:25:39.620,109.993,109.989,1,1
27.08.2021 00:25:39.773,109.993,109.991,1,1
27.08.2021 00:25:42.000,109.992,109.99000000000001,1,1
27.08.2021 00:25:42.101,109.991,109.989,1,1.95
27.08.2021 00:25:42.203,109.992,109.989,1,1.01
27.08.2021 00:25:42.304,109.991,109.988,1,2.16
27.08.2021 00:25:42.405,109.993,109.988,1,1.35
27.08.2021 00:25:42.506,109.991,109.989,1,1.1
27.08.2021 00:25:42.815,109.992,109.989,1,2.01
27.08.2021 00:25:43.301,109.992,109.989,1,1.76
27.08.2021 00:25:43.503,109.992,109.989,1,2.76
27.08.2021 00:25:45.709,109.993,109.989,1.5,3.72
27.08.2021 00:25:48.485,109.992,109.989,1,1.01
27.08.2021 00:25:48.586,109.991,109.988,1,1.2
27.08.2021 00:25:48.688,109.99000000000001,109.98700000000001,1,1.32
27.08.2021 00:25:50.861,109.991,109.98700000000001,2.25,2.42
27.08.2021 00:25:50.962,109.99000000000001,109.98700000000001,1,2.02
27.08.2021 00:25:53.696,109.989,109.985,2.25,2.77
27.08.2021 00:25:53.797,109.98700000000001,109.985,1,1.2
27.08.2021 00:25:53.899,109.98700000000001,109.984,1,2.96
27.08.2021 00:25:54.000,109.988,109.984,1,2.96
27.08.2021 00:25:54.101,109.988,109.984,1,4.17
27.08.2021 00:25:54.732,109.989,109.985,1,2.96
27.08.2021 00:25:54.833,109.99000000000001,109.985,2.25,4.09
27.08.2021 00:25:55.438,109.991,109.985,1.5,4.11
27.08.2021 00:25:55.741,109.989,109.986,1,2.97
27.08.2021 00:25:56.357,109.99000000000001,109.986,1.5,2.97
27.08.2021 00:25:56.509,109.989,109.986,1,2.97
27.08.2021 00:25:58.388,109.99000000000001,109.986,1.5,3.72
27.08.2021 00:25:58.540,109.99000000000001,109.98700000000001,1.5,1.82
27.08.2021 00:25:58.646,109.989,109.986,1,2.16
27.08.2021 00:25:59.001,109.988,109.985,1,1.2
27.08.2021 00:25:59.103,109.988,109.984,3,1.76
27.08.2021 00:25:59.356,109.98700000000001,109.98299999999999,1.5,2.06
27.08.2021 00:25:59.812,109.986,109.98299999999999,1,1.69
27.08.2021 00:26:01.490,109.986,109.98200000000001,2.89,1
27.08.2021 00:26:01.692,109.986,109.98,1,1.57
27.08.2021 00:26:03.463,109.98299999999999,109.98100000000001,3.19,1
27.08.2021 00:26:03.513,109.98,109.979,1.25,1.12
27.08.2021 00:26:03.615,109.98,109.97500000000001,1,1.57
27.08.2021 00:26:03.817,109.98,109.976,1.76,1.95
27.08.2021 00:26:03.918,109.979,109.976,1,1.2
27.08.2021 00:26:05.706,109.979,109.97500000000001,1.5,3.64
27.08.2021 00:26:08.392,109.979,109.977,1,1.69
27.08.2021 00:26:08.494,109.98,109.978,1,1
27.08.2021 00:26:08.595,109.98100000000001,109.978,1,1
27.08.2021 00:26:09.194,109.98200000000001,109.978,3.64,1
27.08.2021 00:26:09.830,109.98100000000001,109.978,1,1.31
27.08.2021 00:26:10.198,109.98200000000001,109.978,1.95,3.19
27.08.2021 00:26:10.300,109.98200000000001,109.979,1,1.12
27.08.2021 00:26:10.401,109.98100000000001,109.978,1.5,1.69
27.08.2021 00:26:10.503,109.98,109.977,1.5,1.95
27.08.2021 00:26:10.604,109.979,109.976,1.5,1.25
27.08.2021 00:26:11.061,109.979,109.976,1.5,2.69
27.08.2021 00:26:11.213,109.98,109.977,1.5,1
27.08.2021 00:26:11.316,109.98100000000001,109.977,1.5,1.95
27.08.2021 00:26:11.418,109.984,109.98,4.84,1.5
27.08.2021 00:26:11.571,109.98299999999999,109.98,1.5,1.25
27.08.2021 00:26:12.284,109.984,109.98,1.5,2.89
27.08.2021 00:26:12.386,109.984,109.98,1.5,3.89
27.08.2021 00:26:12.488,109.984,109.98,1,3.64
27.08.2021 00:26:14.901,109.984,109.98100000000001,1,1
27.08.2021 00:26:15.002,109.986,109.98200000000001,1.57,1.5
27.08.2021 00:26:15.053,109.986,109.984,1,1
27.08.2021 00:26:15.104,109.988,109.984,1.76,1.5
27.08.2021 00:26:15.205,109.988,109.985,1.25,1
27.08.2021 00:26:18.761,109.989,109.985,3.64,1
27.08.2021 00:26:22.968,109.989,109.985,2.57,2.25
27.08.2021 00:26:24.378,109.988,109.984,1.45,2.25
27.08.2021 00:26:24.631,109.98700000000001,109.98299999999999,2.06,1
27.08.2021 00:26:24.732,109.986,109.98299999999999,1,1
27.08.2021 00:26:29.928,109.986,109.98200000000001,1.5,1.5
27.08.2021 00:26:33.664,109.986,109.98299999999999,1,3.07
27.08.2021 00:26:33.715,109.989,109.985,3.34,1
27.08.2021 00:26:49.215,109.988,109.985,1,1.2
27.08.2021 00:26:51.551,109.988,109.984,2.51,3
27.08.2021 00:26:53.045,109.986,109.984,1,1
27.08.2021 00:26:53.146,109.986,109.98299999999999,1,1.95
27.08.2021 00:26:54.519,109.98700000000001,109.98299999999999,1.69,1.95
27.08.2021 00:26:54.620,109.988,109.984,3.26,1
27.08.2021 00:26:55.577,109.98700000000001,109.984,1,1.5
27.08.2021 00:26:55.679,109.986,109.98299999999999,1,1.95
27.08.2021 00:26:59.790,109.98700000000001,109.98299999999999,2.32,1
27.08.2021 00:27:01.955,109.986,109.98299999999999,1,1
27.08.2021 00:27:04.811,109.98700000000001,109.984,1,1
27.08.2021 00:27:04.913,109.988,109.984,3.64,1.5
27.08.2021 00:27:05.218,109.989,109.985,3.26,1
27.08.2021 00:27:10.125,109.99000000000001,109.986,1.87,3.45
27.08.2021 00:27:10.227,109.992,109.989,1.46,1
27.08.2021 00:27:10.378,109.993,109.989,3.26,1
27.08.2021 00:27:10.633,109.993,109.989,3.76,1.5
27.08.2021 00:27:10.735,109.993,109.989,3.64,1.5
27.08.2021 00:27:11.341,109.992,109.989,1,1
27.08.2021 00:27:12.553,109.992,109.988,2.51,2.25
27.08.2021 00:27:18.891,109.993,109.989,2.32,1
27.08.2021 00:27:18.992,109.993,109.99000000000001,1,1
27.08.2021 00:27:23.986,109.994,109.99000000000001,4.01,1
27.08.2021 00:27:28.703,109.992,109.989,1.25,1
27.08.2021 00:27:29.563,109.992,109.988,2.51,2.25
27.08.2021 00:27:50.863,109.991,109.98700000000001,2.5,1.2
27.08.2021 00:27:50.966,109.989,109.985,2.51,3.45
27.08.2021 00:27:57.851,109.989,109.986,1,1
27.08.2021 00:27:57.952,109.99000000000001,109.986,3.56,1.95
27.08.2021 00:27:58.786,109.989,109.986,1.25,1
27.08.2021 00:27:58.888,109.989,109.985,1.69,2.7
27.08.2021 00:27:59.040,109.989,109.985,3.32,1.5
27.08.2021 00:28:00.335,109.989,109.985,1.69,1.95
27.08.2021 00:28:05.805,109.988,109.985,1,1.2
27.08.2021 00:28:14.160,109.988,109.984,1,1.95
27.08.2021 00:28:25.351,109.986,109.98299999999999,1,1.5
27.08.2021 00:28:25.453,109.985,109.98100000000001,1.25,2.4
27.08.2021 00:28:25.554,109.98299999999999,109.98100000000001,1.25,1.2
27.08.2021 00:28:25.656,109.98299999999999,109.98,1.69,1
27.08.2021 00:28:25.762,109.98299999999999,109.979,2.44,1.2
27.08.2021 00:28:29.527,109.98299999999999,109.978,2.32,1.95
27.08.2021 00:28:29.628,109.98200000000001,109.978,3.19,1.2
27.08.2021 00:28:34.543,109.98100000000001,109.977,1,2.1
27.08.2021 00:28:34.695,109.98100000000001,109.977,1,1.95
27.08.2021 00:28:35.415,109.98100000000001,109.977,1,4.72
27.08.2021 00:28:35.516,109.98100000000001,109.977,1,2.7
27.08.2021 00:28:40.398,109.98,109.977,1.69,1.2
27.08.2021 00:28:40.500,109.979,109.97500000000001,2.95,1
27.08.2021 00:28:40.602,109.977,109.973,1.69,2.82
27.08.2021 00:28:40.703,109.976,109.97200000000001,1,2.45
27.08.2021 00:28:40.806,109.973,109.969,2.89,1
27.08.2021 00:28:41.110,109.97,109.96799999999999,1,1
27.08.2021 00:28:41.211,109.971,109.96799999999999,1.5,1
27.08.2021 00:28:41.445,109.969,109.96600000000001,1,1
27.08.2021 00:28:41.546,109.96799999999999,109.965,1,1.46
27.08.2021 00:28:41.648,109.969,109.96600000000001,1,1.57
27.08.2021 00:28:43.692,109.97,109.965,1,2.47
27.08.2021 00:28:43.794,109.97200000000001,109.96799999999999,1,1.2
27.08.2021 00:28:43.896,109.97200000000001,109.969,1,1.57
27.08.2021 00:28:46.906,109.974,109.97,2.89,1
27.08.2021 00:28:47.210,109.973,109.97,1,1
27.08.2021 00:28:53.502,109.974,109.96799999999999,2.89,1.5
27.08.2021 00:29:12.958,109.974,109.97,2.89,1
27.08.2021 00:29:15.204,109.973,109.971,1.25,1
27.08.2021 00:29:19.816,109.97500000000001,109.97,2.14,1
27.08.2021 00:29:49.082,109.977,109.97500000000001,1.57,1
27.08.2021 00:29:49.234,109.979,109.97500000000001,1.69,2.85
27.08.2021 00:29:49.639,109.98,109.978,2.2,1
27.08.2021 00:29:50.541,109.98,109.978,1.69,1
27.08.2021 00:29:52.851,109.98100000000001,109.978,1.5,1.2
27.08.2021 00:29:53.699,109.98100000000001,109.979,1.5,1
27.08.2021 00:29:53.750,109.985,109.979,3.34,1.95
27.08.2021 00:29:53.852,109.984,109.98100000000001,1.39,1.2
27.08.2021 00:29:55.469,109.98299999999999,109.98100000000001,1.25,1
27.08.2021 00:29:55.621,109.98299999999999,109.979,2.5,1.57
27.08.2021 00:29:56.119,109.98200000000001,109.978,2.14,1.95
27.08.2021 00:29:59.405,109.98200000000001,109.978,1.5,2.1
27.08.2021 00:29:59.557,109.98299999999999,109.979,3.15,1.2
27.08.2021 00:29:59.709,109.984,109.98,3.3,1.95
27.08.2021 00:29:59.811,109.985,109.98200000000001,2.4,1
27.08.2021 00:30:00.064,109.986,109.98200000000001,1.69,1.1
27.08.2021 00:30:00.216,109.988,109.98200000000001,2.14,1
27.08.2021 00:30:00.965,109.98700000000001,109.984,1.25,1
27.08.2021 00:30:01.275,109.98700000000001,109.98299999999999,1.25,1.1
27.08.2021 00:30:01.957,109.98700000000001,109.984,1,1
27.08.2021 00:30:11.504,109.988,109.98200000000001,1.69,1.57
27.08.2021 00:30:11.756,109.984,109.98,4.56,5.02
27.08.2021 00:30:11.858,109.98299999999999,109.979,2.44,1.2
27.08.2021 00:30:11.960,109.98200000000001,109.979,1,1
27.08.2021 00:30:12.716,109.98200000000001,109.977,1,1
27.08.2021 00:30:15.643,109.98100000000001,109.977,1.5,1.95
27.08.2021 00:30:26.101,109.98100000000001,109.977,2.69,1.95
27.08.2021 00:30:26.203,109.98,109.976,1.69,2.7
27.08.2021 00:30:27.486,109.98,109.977,1,1
27.08.2021 00:30:27.961,109.98,109.977,1.5,1.2
27.08.2021 00:30:28.179,109.98,109.977,1,1.2
27.08.2021 00:30:28.827,109.98100000000001,109.977,1.5,1.95
27.08.2021 00:30:33.231,109.98100000000001,109.977,4.07,1.2
27.08.2021 00:30:34.551,109.98,109.976,2.14,1.95
27.08.2021 00:30:38.062,109.978,109.974,5.35,1.87
27.08.2021 00:30:38.163,109.977,109.973,2.14,3.9
27.08.2021 00:30:38.567,109.977,109.973,4.97,1.5
27.08.2021 00:30:38.719,109.977,109.973,3.26,1.2
27.08.2021 00:30:39.207,109.977,109.973,4.16,1
27.08.2021 00:30:39.585,109.977,109.97200000000001,4.16,1.95
27.08.2021 00:30:40.526,109.977,109.973,4.16,1
27.08.2021 00:30:46.589,109.97200000000001,109.97,1.25,1.12
27.08.2021 00:30:46.690,109.97200000000001,109.969,1.75,3.15
27.08.2021 00:30:46.842,109.973,109.969,1.25,1
27.08.2021 00:30:47.199,109.974,109.971,1.39,1
27.08.2021 00:30:47.502,109.97500000000001,109.97200000000001,2.2,1
27.08.2021 00:30:48.534,109.977,109.97200000000001,1.39,1
27.08.2021 00:30:48.635,109.976,109.973,2.2,1
27.08.2021 00:30:48.737,109.976,109.973,1.39,1
27.08.2021 00:30:50.584,109.97500000000001,109.973,1.2,1
27.08.2021 00:30:50.686,109.97500000000001,109.97200000000001,1.95,1
27.08.2021 00:30:50.787,109.97500000000001,109.971,4.45,1.95
27.08.2021 00:30:52.249,109.97500000000001,109.97200000000001,1.57,1
27.08.2021 00:30:52.709,109.977,109.974,1,1.2
27.08.2021 00:30:52.811,109.978,109.974,1.95,1.95
27.08.2021 00:30:53.064,109.978,109.97500000000001,1.1,1
27.08.2021 00:30:53.216,109.978,109.974,1.1,1.95
27.08.2021 00:30:55.179,109.976,109.974,1,1.95
27.08.2021 00:30:57.081,109.977,109.974,1,2.14
27.08.2021 00:30:57.186,109.977,109.97500000000001,1,1
27.08.2021 00:30:57.288,109.977,109.974,1,2.14
27.08.2021 00:30:57.414,109.977,109.97500000000001,1,1.25
27.08.2021 00:30:57.517,109.977,109.974,1,2.14
27.08.2021 00:30:57.773,109.977,109.97500000000001,1,1.25
27.08.2021 00:30:57.874,109.977,109.974,1,2.14
27.08.2021 00:30:58.355,109.977,109.974,1,3.14
27.08.2021 00:30:58.457,109.977,109.974,1,2.14
27.08.2021 00:30:58.970,109.977,109.974,1,3.14
27.08.2021 00:31:00.509,109.977,109.974,1,2.14
27.08.2021 00:31:01.952,109.976,109.973,1,1
27.08.2021 00:31:02.054,109.97500000000001,109.973,1,1.2
27.08.2021 00:31:02.155,109.974,109.97200000000001,1,1.2
27.08.2021 00:31:02.409,109.973,109.971,1,1
27.08.2021 00:31:02.611,109.97200000000001,109.97,1,1.2
27.08.2021 00:31:02.662,109.971,109.96799999999999,1,3.64
27.08.2021 00:31:02.713,109.969,109.96700000000001,1,2.59
27.08.2021 00:31:02.816,109.96799999999999,109.96600000000001,1,2.2
27.08.2021 00:31:02.917,109.96799999999999,109.96600000000001,1,1
27.08.2021 00:31:03.172,109.96700000000001,109.965,1,3.26
27.08.2021 00:31:03.274,109.96600000000001,109.964,1,1.57
27.08.2021 00:31:03.678,109.96700000000001,109.964,1.01,1
27.08.2021 00:31:03.779,109.965,109.964,1,1
27.08.2021 00:31:03.881,109.96700000000001,109.964,1.01,1
27.08.2021 00:31:07.896,109.971,109.96700000000001,1,1.2
27.08.2021 00:31:08.049,109.971,109.96799999999999,1.46,1.5
27.08.2021 00:31:08.151,109.971,109.96799999999999,1.82,1
27.08.2021 00:31:08.252,109.971,109.96799999999999,1.01,1.5
27.08.2021 00:31:09.973,109.971,109.969,1,1.2
27.08.2021 00:31:10.074,109.973,109.97,1.82,1
27.08.2021 00:31:12.882,109.974,109.97,3.32,1.95
27.08.2021 00:31:14.799,109.974,109.97,3.26,1.95
27.08.2021 00:31:24.453,109.974,109.971,1.57,1
27.08.2021 00:31:27.806,109.973,109.971,1,1
27.08.2021 00:31:28.832,109.97500000000001,109.97,1,1.2
27.08.2021 00:31:33.109,109.97500000000001,109.971,1,1
27.08.2021 00:31:34.873,109.97500000000001,109.97200000000001,1,1
27.08.2021 00:31:36.948,109.976,109.97200000000001,1.5,2.7
27.08.2021 00:31:37.050,109.977,109.974,1.25,1.5
27.08.2021 00:31:37.686,109.978,109.974,2.44,1.95
27.08.2021 00:31:39.385,109.978,109.97500000000001,1.25,1.5
27.08.2021 00:31:43.504,109.976,109.973,1.25,3.09
27.08.2021 00:31:43.606,109.97500000000001,109.97200000000001,1.69,2.4
27.08.2021 00:31:48.860,109.976,109.97,1,2.32
27.08.2021 00:31:48.961,109.974,109.971,1,1.2
27.08.2021 00:31:52.962,109.97500000000001,109.97200000000001,1.69,1.2
27.08.2021 00:31:53.063,109.976,109.97200000000001,1.5,1.2
27.08.2021 00:31:53.165,109.978,109.97200000000001,1.69,2.7
27.08.2021 00:31:57.082,109.978,109.973,1.5,1.2
27.08.2021 00:31:57.184,109.978,109.97500000000001,1.69,1
27.08.2021 00:32:01.194,109.979,109.97500000000001,1.69,1.2
27.08.2021 00:32:01.296,109.978,109.976,1.25,1
27.08.2021 00:32:01.397,109.977,109.973,1.69,3.45
27.08.2021 00:32:01.498,109.977,109.97200000000001,1.25,1.95
27.08.2021 00:32:02.289,109.976,109.97200000000001,2.44,1.95
27.08.2021 00:32:02.391,109.97500000000001,109.97200000000001,1.69,1
27.08.2021 00:32:02.593,109.974,109.97200000000001,1.25,1
27.08.2021 00:32:04.132,109.974,109.971,1.25,1.5
27.08.2021 00:32:04.234,109.97500000000001,109.97200000000001,1.25,1.5
27.08.2021 00:32:05.411,109.976,109.974,1,1.1
27.08.2021 00:32:05.512,109.978,109.97500000000001,2.89,1
27.08.2021 00:32:08.905,109.978,109.976,1,1.1
27.08.2021 00:32:11.581,109.978,109.97500000000001,1.69,1.1
27.08.2021 00:32:12.453,109.977,109.974,1.25,1.57
27.08.2021 00:32:13.687,109.976,109.97200000000001,2.89,1.57
27.08.2021 00:32:13.789,109.97500000000001,109.97200000000001,1.69,1.1
27.08.2021 00:32:13.890,109.974,109.971,1.69,1.1
27.08.2021 00:32:15.914,109.97500000000001,109.97,1.69,1.22
27.08.2021 00:32:16.016,109.976,109.97200000000001,1.69,1.97
27.08.2021 00:32:21.428,109.97500000000001,109.97200000000001,1.35,1
27.08.2021 00:32:21.530,109.97500000000001,109.971,1.82,1.95
27.08.2021 00:32:23.381,109.97500000000001,109.971,1.01,1.95
27.08.2021 00:32:32.220,109.97500000000001,109.971,3.91,1
27.08.2021 00:32:32.322,109.973,109.971,1.25,1
27.08.2021 00:32:32.885,109.974,109.971,1.82,1
27.08.2021 00:32:33.814,109.97500000000001,109.971,2.51,1.95
27.08.2021 00:32:33.916,109.97500000000001,109.97200000000001,1,1.2
27.08.2021 00:32:40.133,109.977,109.974,1.57,1
27.08.2021 00:32:40.285,109.979,109.97500000000001,3.27,1.95
27.08.2021 00:32:41.321,109.979,109.976,2.82,1
27.08.2021 00:32:52.439,109.979,109.976,1.25,1.95
27.08.2021 00:32:53.440,109.984,109.978,3.2,1.95
27.08.2021 00:32:53.542,109.98299999999999,109.98,1,1
27.08.2021 00:32:53.643,109.984,109.98100000000001,1.5,1
27.08.2021 00:32:53.694,109.98299999999999,109.979,1,1.39
27.08.2021 00:32:56.169,109.984,109.98100000000001,1.5,1
27.08.2021 00:32:56.270,109.984,109.98200000000001,1,1
27.08.2021 00:32:56.371,109.985,109.98200000000001,1,1.5
27.08.2021 00:32:56.574,109.986,109.98200000000001,1.5,1.57
27.08.2021 00:32:59.817,109.986,109.98299999999999,1.5,1
27.08.2021 00:33:04.206,109.988,109.984,2.89,1.25
27.08.2021 00:33:07.406,109.98700000000001,109.984,1,1
27.08.2021 00:33:08.497,109.986,109.98200000000001,1.5,1.57
27.08.2021 00:33:10.450,109.98700000000001,109.98200000000001,1.5,1
27.08.2021 00:33:10.599,109.986,109.98200000000001,1.5,2.32
27.08.2021 00:33:10.893,109.986,109.98200000000001,1.5,2.91
27.08.2021 00:33:10.994,109.98700000000001,109.98299999999999,2.25,2.51
27.08.2021 00:33:11.095,109.988,109.984,1,1.57
27.08.2021 00:33:13.357,109.98700000000001,109.984,1,1.57
27.08.2021 00:33:14.862,109.988,109.984,1,1.57
27.08.2021 00:33:14.964,109.989,109.984,3.52,2.57
27.08.2021 00:33:20.610,109.988,109.984,1,1.76
27.08.2021 00:33:21.772,109.989,109.985,4.65,1
27.08.2021 00:33:21.924,109.989,109.985,2.25,3.32
27.08.2021 00:33:22.076,109.99000000000001,109.986,2.7,2.44
27.08.2021 00:33:26.103,109.989,109.986,1,1.76
27.08.2021 00:33:28.634,109.988,109.986,1,1
27.08.2021 00:33:28.736,109.986,109.984,1,1.57
27.08.2021 00:33:28.888,109.986,109.984,1,1
27.08.2021 00:33:28.989,109.985,109.98299999999999,1,1
27.08.2021 00:33:30.334,109.986,109.98299999999999,1,1
27.08.2021 00:33:30.934,109.98700000000001,109.984,1,1
27.08.2021 00:33:31.666,109.98700000000001,109.98299999999999,1,2.51
27.08.2021 00:33:32.895,109.988,109.98200000000001,1,2.91
27.08.2021 00:33:33.098,109.98700000000001,109.985,1,1
27.08.2021 00:33:34.320,109.98700000000001,109.984,1,1.76
27.08.2021 00:33:38.662,109.986,109.98299999999999,1,1.76
27.08.2021 00:33:46.881,109.986,109.984,1,1.69
27.08.2021 00:33:48.329,109.98700000000001,109.984,1,1.76
27.08.2021 00:33:48.675,109.988,109.984,2.25,3.26
27.08.2021 00:33:52.119,109.988,109.985,1,1
27.08.2021 00:33:52.902,109.988,109.984,1,4.01
27.08.2021 00:34:04.230,109.984,109.98299999999999,1,1
27.08.2021 00:34:04.281,109.984,109.98100000000001,1.57,1.95
27.08.2021 00:34:04.383,109.985,109.98100000000001,4.95,1.69
27.08.2021 00:34:04.485,109.984,109.98100000000001,1.2,1.69
27.08.2021 00:34:05.608,109.985,109.98100000000001,1.87,2.89
27.08.2021 00:34:05.811,109.985,109.98200000000001,1,1.5
27.08.2021 00:34:06.755,109.986,109.98200000000001,2.7,2.44
27.08.2021 00:34:07.620,109.986,109.98299999999999,1.95,1
27.08.2021 00:34:09.373,109.98700000000001,109.984,1,1.25
27.08.2021 00:34:09.475,109.989,109.985,2.32,1.69
27.08.2021 00:34:09.526,109.99000000000001,109.98700000000001,2.77,1.5
27.08.2021 00:34:09.627,109.992,109.986,1.95,2.44
27.08.2021 00:34:09.729,109.993,109.989,4.24,2.44
27.08.2021 00:34:09.830,109.993,109.989,2.7,2.44
27.08.2021 00:34:10.311,109.993,109.99000000000001,1.5,1.69
27.08.2021 00:34:10.616,109.995,109.992,1.5,1.25
27.08.2021 00:34:10.922,109.995,109.992,1.95,1.25
27.08.2021 00:34:12.826,109.995,109.992,1.5,1.75
27.08.2021 00:34:13.882,109.995,109.992,1.5,1
27.08.2021 00:34:13.984,109.995,109.991,1.95,2.44
27.08.2021 00:34:14.085,109.994,109.99000000000001,1.95,2.44
27.08.2021 00:34:16.356,109.994,109.991,1.2,1.5
27.08.2021 00:34:16.459,109.995,109.992,1.5,1.75
27.08.2021 00:34:16.611,109.99799999999999,109.995,1.39,2.44
27.08.2021 00:34:16.713,109.999,109.995,1.2,2.44
27.08.2021 00:34:16.866,109.999,109.99600000000001,1,1.69
27.08.2021 00:34:18.489,110,109.99700000000001,2.25,1.25
27.08.2021 00:34:18.591,110.001,109.99700000000001,1.95,1.69
27.08.2021 00:34:18.899,110.001,109.99600000000001,1.95,1.69
27.08.2021 00:34:19.366,109.999,109.99700000000001,1,1.69
27.08.2021 00:34:20.012,109.999,109.99600000000001,1.2,1
27.08.2021 00:34:20.113,109.99799999999999,109.99600000000001,1.12,1
27.08.2021 00:34:20.215,109.99700000000001,109.995,1,1
27.08.2021 00:34:20.317,109.99700000000001,109.993,1,1
27.08.2021 00:34:20.419,109.99600000000001,109.993,1.5,1
27.08.2021 00:34:21.422,109.995,109.993,1.12,1
27.08.2021 00:34:21.473,109.993,109.991,1,1.25
27.08.2021 00:34:21.676,109.994,109.989,1,2.14
27.08.2021 00:34:21.777,109.994,109.991,1.95,1.69
27.08.2021 00:34:24.722,109.994,109.99000000000001,3.6,1
27.08.2021 00:34:24.874,109.994,109.99000000000001,2.7,1
27.08.2021 00:34:25.144,109.993,109.99000000000001,1,1
27.08.2021 00:34:28.359,109.995,109.991,1.5,1.76
27.08.2021 00:34:28.460,109.99600000000001,109.992,3.15,1.25
27.08.2021 00:34:40.536,109.995,109.992,1,1.25
27.08.2021 00:34:40.638,109.995,109.991,2.32,1.69
27.08.2021 00:34:41.325,109.995,109.99000000000001,1,1.25
27.08.2021 00:34:41.442,109.993,109.991,1,1.25
27.08.2021 00:34:41.729,109.993,109.99000000000001,1,1.76
27.08.2021 00:34:54.639,109.992,109.99000000000001,1,1
27.08.2021 00:34:57.906,109.991,109.989,1,1
27.08.2021 00:34:58.108,109.991,109.988,1,1.76
27.08.2021 00:35:00.765,109.991,109.989,1,1
27.08.2021 00:35:00.867,109.991,109.988,1,1.25
27.08.2021 00:35:03.317,109.992,109.988,2.14,1
27.08.2021 00:35:06.059,109.991,109.988,1,1
27.08.2021 00:35:10.678,109.991,109.985,4.64,2.25
27.08.2021 00:35:10.779,109.988,109.985,1,1.12
27.08.2021 00:35:10.830,109.99000000000001,109.986,2.06,2.51
27.08.2021 00:35:10.931,109.99000000000001,109.98700000000001,1,1.5
27.08.2021 00:35:13.806,109.989,109.986,1,1.69
27.08.2021 00:35:13.907,109.988,109.986,1,1.5
27.08.2021 00:35:15.099,109.988,109.985,1,1.57
27.08.2021 00:35:22.844,109.989,109.986,1,1
27.08.2021 00:35:22.895,109.99000000000001,109.988,1,1
27.08.2021 00:35:22.997,109.991,109.988,1.5,1.1
27.08.2021 00:35:26.110,109.991,109.989,1.5,1
27.08.2021 00:35:26.313,109.993,109.99000000000001,1.69,1
27.08.2021 00:35:27.013,109.993,109.98700000000001,1,3.72
27.08.2021 00:35:27.215,109.991,109.988,1,2.16
27.08.2021 00:35:28.787,109.991,109.988,1,1.57
27.08.2021 00:35:28.992,109.99000000000001,109.988,1.25,1
27.08.2021 00:35:29.094,109.989,109.986,1.25,1.57
27.08.2021 00:35:29.448,109.988,109.986,1,1.76
27.08.2021 00:35:43.183,109.989,109.986,1,1.25
27.08.2021 00:36:04.244,109.99000000000001,109.986,2.7,1.5
27.08.2021 00:36:05.749,109.99000000000001,109.98700000000001,1,1
27.08.2021 00:36:05.900,109.99000000000001,109.986,1,2.32
27.08.2021 00:36:06.374,109.992,109.989,1.2,1
27.08.2021 00:36:12.539,109.992,109.99000000000001,1,1
27.08.2021 00:36:12.741,109.993,109.99000000000001,1,1
27.08.2021 00:36:17.217,109.995,109.993,1.57,1
27.08.2021 00:36:17.318,109.99799999999999,109.995,1.97,1
27.08.2021 00:36:17.369,109.999,109.995,3.15,1
27.08.2021 00:36:17.470,110,109.99600000000001,1.7,1
27.08.2021 00:36:17.571,110,109.99600000000001,1.1,1.69
27.08.2021 00:36:18.624,110,109.99700000000001,1,1.25
27.08.2021 00:36:18.726,110.001,109.999,1.1,1
27.08.2021 00:36:18.827,110.004,110,3.22,1.5
27.08.2021 00:36:19.030,110.003,109.99799999999999,1.2,2.89
27.08.2021 00:36:20.959,110.003,109.99799999999999,1.2,3.7
27.08.2021 00:36:24.078,110.00200000000001,109.999,1.1,1
27.08.2021 00:36:26.050,110.00200000000001,109.999,1.82,1
27.08.2021 00:36:26.202,110,109.99799999999999,1.25,1
27.08.2021 00:36:26.303,110,109.99700000000001,1.75,1
27.08.2021 00:36:30.176,110.001,109.99700000000001,2.51,1.5
27.08.2021 00:36:35.294,110.001,109.99700000000001,3.29,1
27.08.2021 00:36:48.504,110.001,109.999,1.5,1
27.08.2021 00:36:48.555,110.003,109.999,2.77,2.25
27.08.2021 00:36:48.656,110.004,110,3.49,1
27.08.2021 00:36:48.757,110.005,109.999,3.34,1
27.08.2021 00:36:48.909,110.004,109.99799999999999,1,2.44
27.08.2021 00:36:57.631,110.00200000000001,109.99799999999999,1.76,1.5
27.08.2021 00:36:57.732,110.00200000000001,109.999,1.01,1
27.08.2021 00:36:57.834,110.003,109.999,1.1,2.44
27.08.2021 00:36:57.935,110.00200000000001,109.999,1.57,1
27.08.2021 00:37:02.590,110.00200000000001,109.99700000000001,1.1,1
27.08.2021 00:37:04.254,110.00200000000001,109.99600000000001,1.57,2.44
27.08.2021 00:37:04.622,110,109.99700000000001,1,1
27.08.2021 00:37:05.969,110.003,110,2.87,1
27.08.2021 00:37:06.070,110.003,110,1.57,1
27.08.2021 00:37:11.120,110.00200000000001,110,1,1
27.08.2021 00:37:12.281,110.00200000000001,109.999,1,1.5
27.08.2021 00:37:22.894,110.003,110,1.1,1.5
27.08.2021 00:37:40.461,110.003,109.999,1.95,2.25
27.08.2021 00:37:40.687,110.003,109.999,3.85,1
27.08.2021 00:37:43.434,110.003,110,1.57,1
27.08.2021 00:37:43.637,110.00200000000001,109.999,1,1.5
27.08.2021 00:37:45.627,110.00200000000001,109.99799999999999,1,1
27.08.2021 00:37:48.260,110.001,109.99700000000001,1.76,2.25
27.08.2021 00:37:48.361,110,109.99700000000001,1,1
27.08.2021 00:37:51.992,110.001,109.99799999999999,1.1,1
27.08.2021 00:37:52.095,110.001,109.99700000000001,1.57,1.5
27.08.2021 00:37:56.403,110.001,109.99799999999999,1.1,1
27.08.2021 00:37:56.963,110.00200000000001,109.99799999999999,2.25,1.5
27.08.2021 00:38:01.261,110.00200000000001,109.999,1.5,1
27.08.2021 00:38:02.276,110.001,109.99700000000001,1.1,2.25
27.08.2021 00:38:02.378,110.001,109.99799999999999,1.1,1
27.08.2021 00:38:07.871,110.001,109.99700000000001,1.57,2.44
27.08.2021 00:38:09.051,110.001,109.99700000000001,1.5,3.7
27.08.2021 00:38:17.666,110.001,109.99700000000001,1.57,1
27.08.2021 00:38:17.768,110,109.99700000000001,1.5,1
27.08.2021 00:38:17.869,110,109.99600000000001,2.32,2.25
27.08.2021 00:38:21.898,110.001,109.99700000000001,1,2.44
27.08.2021 00:38:21.948,110.003,110,1.95,1
27.08.2021 00:38:22.050,110.003,109.999,2.32,1
27.08.2021 00:38:24.672,110.003,109.99799999999999,2.32,2.89
27.08.2021 00:38:25.213,110.003,109.99799999999999,2.42,2.89
27.08.2021 00:38:32.509,110.001,109.99799999999999,1,2.14
27.08.2021 00:38:33.285,110,109.99700000000001,1.01,1.5
27.08.2021 00:38:33.437,110,109.99600000000001,2.51,1.5
27.08.2021 00:38:54.494,109.999,109.995,2.44,3.15
27.08.2021 00:38:54.647,109.99700000000001,109.995,1.5,1.2
27.08.2021 00:38:54.749,109.99700000000001,109.994,1,2.14
27.08.2021 00:38:54.851,109.99799999999999,109.994,1.5,2.89
27.08.2021 00:38:58.374,109.99799999999999,109.995,1,1
27.08.2021 00:39:07.814,109.999,109.995,2.25,3.89
27.08.2021 00:39:08.168,110.00200000000001,109.999,2,1.25
27.08.2021 00:39:08.269,110.00200000000001,109.999,1,1.69
27.08.2021 00:39:08.370,110.003,109.999,2.32,2.44
27.08.2021 00:39:08.472,110.003,110,1,1.5
27.08.2021 00:39:09.337,110.00200000000001,109.999,1,1
27.08.2021 00:39:10.117,110.003,109.99700000000001,2.25,2.89
27.08.2021 00:39:22.478,110.00200000000001,109.99799999999999,2.35,2.44
27.08.2021 00:39:22.530,110,109.99600000000001,1.5,4.27
27.08.2021 00:39:39.848,110.001,109.99700000000001,2.89,1
27.08.2021 00:39:41.457,110,109.99700000000001,1,1
27.08.2021 00:39:41.558,110,109.99600000000001,1.5,2.89
27.08.2021 00:39:42.253,110.00200000000001,109.999,1.15,1.5
27.08.2021 00:39:42.354,110.003,109.999,2.96,1.5
27.08.2021 00:39:43.098,110.003,110,1.5,1
27.08.2021 00:39:48.854,110.004,110,2.77,2.44
27.08.2021 00:39:58.779,110.003,110,3.44,1.5
27.08.2021 00:39:58.830,110.001,109.99799999999999,1.31,2.7
27.08.2021 00:39:58.931,110,109.99799999999999,1,1.2
27.08.2021 00:39:59.032,110.001,109.99600000000001,1.25,1.5
27.08.2021 00:39:59.133,110.001,109.99600000000001,2.5,1
27.08.2021 00:39:59.241,110,109.995,1.25,1
27.08.2021 00:40:04.723,110.00200000000001,109.999,2.72,1
27.08.2021 00:40:05.634,110.00200000000001,110,1,1
27.08.2021 00:40:05.836,110.004,109.999,1.5,1
27.08.2021 00:40:06.050,110.004,110,1.5,2.89
27.08.2021 00:40:07.504,110.004,110.001,1,1
27.08.2021 00:40:08.607,110.003,110.001,1,1
27.08.2021 00:40:12.595,110.004,110.001,1,1.5
27.08.2021 00:40:22.606,110.004,110,2.25,1.5
27.08.2021 00:40:29.135,110.005,110,2.89,3.64
27.08.2021 00:40:29.302,110.005,110,3.7,2.7
27.08.2021 00:40:34.527,110.005,110.001,3.7,1
27.08.2021 00:40:35.213,110.005,110.003,1,1
27.08.2021 00:40:35.315,110.006,110.00200000000001,3.64,1.5
27.08.2021 00:40:38.776,110.007,110.003,1,1.95
27.08.2021 00:40:38.877,110.008,110.005,3.25,1
27.08.2021 00:40:39.207,110.008,110.005,1.69,1.5
27.08.2021 00:40:39.640,110.008,110.005,2.5,1.5
27.08.2021 00:40:39.953,110.006,110.004,1.75,1
27.08.2021 00:40:40.055,110.006,110.003,1.75,2.25
27.08.2021 00:40:40.173,110.006,110.003,1.25,2.25
27.08.2021 00:40:40.275,110.006,110.005,1,1
27.08.2021 00:40:40.378,110.008,110.005,2.5,1.5
27.08.2021 00:40:40.748,110.008,110.005,1.25,2.25
27.08.2021 00:40:42.314,110.009,110.006,1.25,1
27.08.2021 00:40:45.000,110.01,110.006,1.69,1.95
27.08.2021 00:40:45.966,110.01,110.007,1.25,1
27.08.2021 00:40:46.667,110.01200000000001,110.008,1.75,1.95
27.08.2021 00:40:46.768,110.01200000000001,110.009,1.25,1
27.08.2021 00:40:46.920,110.014,110.01,1.75,2.7
27.08.2021 00:40:47.021,110.015,110.01100000000001,3.7,1.5
27.08.2021 00:40:47.556,110.01700000000001,110.015,3,1
27.08.2021 00:40:47.657,110.018,110.015,1.95,1
27.08.2021 00:40:47.758,110.018,110.014,2.7,2.25
27.08.2021 00:40:51.926,110.01700000000001,110.01299999999999,1.25,2.7
27.08.2021 00:40:52.557,110.018,110.01299999999999,3.26,2.89
27.08.2021 00:40:56.439,110.01700000000001,110.01299999999999,1,2.89
27.08.2021 00:41:00.179,110.016,110.01299999999999,1,2.89
27.08.2021 00:41:06.080,110.01700000000001,110.01299999999999,2.06,1.5
27.08.2021 00:41:07.087,110.016,110.01299999999999,1.25,1
27.08.2021 00:41:11.916,110.016,110.01299999999999,2.2,1
27.08.2021 00:41:12.737,110.014,110.01299999999999,1.25,1
27.08.2021 00:41:12.787,110.01299999999999,110.01,2.14,3.37
27.08.2021 00:41:12.889,110.01200000000001,110.01,1,1.95
27.08.2021 00:41:13.041,110.01200000000001,110.009,1.25,1.5
27.08.2021 00:41:14.185,110.01299999999999,110.01,2.95,1
27.08.2021 00:41:15.991,110.01299999999999,110.007,2.44,2.7
27.08.2021 00:41:18.010,110.01,110.007,1.25,1
27.08.2021 00:41:18.112,110.01,110.006,2.44,4.27
27.08.2021 00:41:19.181,110.01,110.007,1.69,1
27.08.2021 00:41:19.282,110.01100000000001,110.007,2.89,1
27.08.2021 00:41:35.836,110.01,110.007,1.25,1.5
27.08.2021 00:41:37.560,110.01100000000001,110.007,2.89,1.5
27.08.2021 00:41:38.625,110.01,110.007,1.25,1.5
27.08.2021 00:41:38.727,110.009,110.007,1.25,1
27.08.2021 00:41:40.180,110.01,110.007,1.25,1.5
27.08.2021 00:41:40.282,110.01100000000001,110.007,2.14,1.5
27.08.2021 00:41:40.383,110.01100000000001,110.009,1.69,1
27.08.2021 00:41:41.142,110.01100000000001,110.01,1.25,1
27.08.2021 00:41:41.244,110.01200000000001,110.01100000000001,1,1
27.08.2021 00:41:41.346,110.01299999999999,110.01100000000001,1.25,1
27.08.2021 00:41:41.548,110.014,110.01100000000001,2.44,1
27.08.2021 00:41:45.849,110.01200000000001,110.01100000000001,1,1
27.08.2021 00:41:45.900,110.01200000000001,110.009,1.25,1.5
27.08.2021 00:41:47.388,110.01100000000001,110.008,1.75,1.1
27.08.2021 00:41:47.978,110.01100000000001,110.008,1.25,1.5
27.08.2021 00:42:03.855,110.01200000000001,110.009,1.25,1.1
27.08.2021 00:42:08.264,110.01200000000001,110.008,2.44,3.52
27.08.2021 00:42:08.366,110.01100000000001,110.008,1.25,1.5
27.08.2021 00:42:08.467,110.01200000000001,110.009,1.5,1
27.08.2021 00:42:10.986,110.014,110.01200000000001,2.12,1
27.08.2021 00:42:20.435,110.014,110.01100000000001,4.5,1
27.08.2021 00:42:20.537,110.01299999999999,110.01,2.24,1
27.08.2021 00:42:20.739,110.01299999999999,110.009,2.99,1
27.08.2021 00:42:23.358,110.01200000000001,110.008,1.25,2.32
27.08.2021 00:42:23.798,110.01,110.008,1.25,1
27.08.2021 00:42:23.900,110.01,110.007,1.25,1.5
27.08.2021 00:42:25.017,110.01100000000001,110.007,2.44,2.32
27.08.2021 00:42:25.119,110.01200000000001,110.007,1.25,2.25
27.08.2021 00:42:25.440,110.01200000000001,110.008,2.44,2.32
27.08.2021 00:42:27.504,110.01200000000001,110.009,1.25,1.57
27.08.2021 00:42:27.605,110.01200000000001,110.01,1.25,1
27.08.2021 00:42:27.707,110.01200000000001,110.009,1.25,1.57
27.08.2021 00:42:27.823,110.01200000000001,110.01,1.25,1
27.08.2021 00:42:32.447,110.01200000000001,110.009,1.25,1.57
27.08.2021 00:42:32.548,110.01200000000001,110.008,1.69,2.32
27.08.2021 00:42:42.885,110.01200000000001,110.009,1.69,1
27.08.2021 00:43:10.756,110.01200000000001,110.009,2.5,1
27.08.2021 00:43:16.127,110.01,110.007,1.25,2.25
27.08.2021 00:43:16.562,110.01,110.006,2.44,1.57
27.08.2021 00:43:16.664,110.008,110.006,1.69,1
27.08.2021 00:43:16.765,110.007,110.005,1,1
27.08.2021 00:43:16.867,110.006,110.004,1,1.5
27.08.2021 00:43:16.969,110.006,110.003,1,1.57
27.08.2021 00:43:17.175,110.006,110.004,1,1
27.08.2021 00:43:20.611,110.007,110.005,1,1
27.08.2021 00:43:32.583,110.009,110.006,1.69,1.5
27.08.2021 00:43:32.685,110.009,110.007,1.25,1
27.08.2021 00:43:32.787,110.01,110.008,1,1
27.08.2021 00:43:37.109,110.01,110.007,1,1.57
27.08.2021 00:43:37.214,110.01,110.008,1,1
27.08.2021 00:43:37.318,110.01100000000001,110.009,1.5,1
27.08.2021 00:43:37.470,110.01200000000001,110.006,3.25,1.57
27.08.2021 00:43:45.955,110.01,110.008,1.25,1
27.08.2021 00:43:48.562,110.01,110.007,1.25,1.57
27.08.2021 00:43:53.045,110.01,110.008,1,1
27.08.2021 00:43:58.921,110.01,110.007,1.69,1.5
27.08.2021 00:44:10.214,110.01,110.008,1,1
27.08.2021 00:44:12.333,110.014,110.01200000000001,3.19,1
27.08.2021 00:44:13.227,110.015,110.01200000000001,1.25,1.1
27.08.2021 00:44:13.591,110.016,110.01299999999999,1.5,1.69
27.08.2021 00:44:13.693,110.018,110.014,4.01,2.25
27.08.2021 00:44:15.901,110.019,110.01700000000001,1.25,1
27.08.2021 00:44:16.003,110.021,110.01700000000001,2.5,1.95
27.08.2021 00:44:16.143,110.021,110.018,1.25,1
27.08.2021 00:44:16.245,110.024,110.02,4.34,1
27.08.2021 00:44:16.447,110.024,110.02,1.2,1
27.08.2021 00:44:19.149,110.025,110.021,3.82,1
27.08.2021 00:44:21.440,110.024,110.02,1,2.89
27.08.2021 00:44:21.812,110.024,110.021,1,1.25
27.08.2021 00:44:22.450,110.024,110.02,1.2,1.69
27.08.2021 00:44:23.966,110.023,110.02,1.95,1
27.08.2021 00:44:24.017,110.022,110.018,1,2.32
27.08.2021 00:44:24.119,110.022,110.019,1,1
27.08.2021 00:44:28.315,110.021,110.019,1.25,1
27.08.2021 00:44:28.416,110.02,110.018,1,1
27.08.2021 00:44:28.523,110.02,110.01700000000001,1,1.76
27.08.2021 00:44:31.381,110.022,110.018,1.87,2.97
27.08.2021 00:44:31.482,110.024,110.02,2.51,2.14
27.08.2021 00:44:35.200,110.024,110.021,1.1,1
27.08.2021 00:44:51.923,110.025,110.019,1.76,1.5
27.08.2021 00:44:52.024,110.023,110.019,1.5,2.89
27.08.2021 00:44:52.125,110.022,110.019,1,1.69
27.08.2021 00:44:52.227,110.021,110.019,1,1.69
27.08.2021 00:44:52.328,110.022,110.019,1,1.69
27.08.2021 00:44:52.626,110.023,110.019,2.32,2.44
27.08.2021 00:44:55.760,110.022,110.019,1,1.25
27.08.2021 00:44:55.915,110.022,110.019,1,2.2
27.08.2021 00:44:56.017,110.023,110.019,2.44,1.95
27.08.2021 00:44:56.955,110.024,110.02,2.32,1.69
27.08.2021 00:44:57.007,110.022,110.02,1,1
27.08.2021 00:44:57.110,110.023,110.019,2.25,2.14
27.08.2021 00:45:00.574,110.021,110.01700000000001,2.25,4.09
27.08.2021 00:45:00.676,110.02,110.01700000000001,1,2.59
27.08.2021 00:45:01.024,110.02,110.016,2.25,3.64
27.08.2021 00:45:02.773,110.019,110.016,1,1.5
27.08.2021 00:45:05.373,110.018,110.015,1,2.14
27.08.2021 00:45:13.838,110.018,110.016,1,1.2
27.08.2021 00:45:13.939,110.02,110.015,1,1.69
27.08.2021 00:45:16.183,110.02,110.016,2.25,3.64
27.08.2021 00:45:17.230,110.019,110.016,1.5,1
27.08.2021 00:45:17.332,110.019,110.015,1.5,3.64
27.08.2021 00:45:21.202,110.018,110.015,1,2.14
27.08.2021 00:45:31.853,110.019,110.015,2.62,1.69
27.08.2021 00:45:44.778,110.018,110.015,1,1.25
27.08.2021 00:45:50.877,110.01700000000001,110.015,1,1.25
27.08.2021 00:45:58.850,110.018,110.015,1,2.35
27.08.2021 00:45:59.154,110.018,110.015,1,2.59
27.08.2021 00:45:59.306,110.016,110.015,1,1
27.08.2021 00:45:59.407,110.01700000000001,110.015,1,1.25
27.08.2021 00:46:04.152,110.019,110.015,1,2.14
27.08.2021 00:46:04.254,110.019,110.016,1,1
27.08.2021 00:46:04.355,110.019,110.015,1,1
27.08.2021 00:46:04.456,110.018,110.015,1,2.89
27.08.2021 00:46:09.549,110.01700000000001,110.015,1,1
27.08.2021 00:46:28.581,110.01700000000001,110.014,1,2.14
27.08.2021 00:46:45.847,110.016,110.014,1,1.39
27.08.2021 00:46:46.000,110.01700000000001,110.01200000000001,2.25,1.2
27.08.2021 00:46:46.102,110.014,110.01100000000001,2.25,3.82
27.08.2021 00:46:46.428,110.014,110.01,2.25,3.64
27.08.2021 00:46:57.219,110.014,110.01100000000001,2.25,1.25
27.08.2021 00:46:59.279,110.014,110.01200000000001,1.5,1
27.08.2021 00:47:00.766,110.01200000000001,110.01,1,1.69
27.08.2021 00:47:02.064,110.01100000000001,110.009,1,2.14
27.08.2021 00:47:02.266,110.01100000000001,110.008,1.5,1.39
27.08.2021 00:47:05.176,110.01,110.007,1,2.14
27.08.2021 00:47:05.277,110.009,110.007,1,1
27.08.2021 00:47:09.884,110.009,110.006,1.69,1
27.08.2021 00:47:10.187,110.008,110.006,1,1
27.08.2021 00:47:12.187,110.008,110.007,1,1
27.08.2021 00:47:12.289,110.008,110.006,1,1.39
27.08.2021 00:47:12.390,110.009,110.006,1.5,1.39
27.08.2021 00:47:18.292,110.01,110.005,1.5,4.52
27.08.2021 00:47:18.394,110.01,110.007,1,2.14
27.08.2021 00:47:19.723,110.009,110.007,1,1
27.08.2021 00:47:22.074,110.008,110.006,1,1
27.08.2021 00:47:22.822,110.009,110.006,1.5,1
27.08.2021 00:47:22.924,110.009,110.007,1.5,1
27.08.2021 00:47:34.877,110.01,110.007,1.5,1
27.08.2021 00:47:36.630,110.009,110.007,1,1
27.08.2021 00:47:38.209,110.008,110.005,1,1.95
27.08.2021 00:47:39.172,110.008,110.004,2.25,4.09
27.08.2021 00:47:39.325,110.008,110.003,1,1.39
27.08.2021 00:47:45.185,110.008,110.004,2.25,2.14
27.08.2021 00:47:49.214,110.007,110.004,1,1.39
27.08.2021 00:47:50.622,110.007,110.005,1,1
27.08.2021 00:48:03.406,110.008,110.005,1,1.95
27.08.2021 00:48:04.721,110.01,110.009,1.5,1.69
27.08.2021 00:48:04.823,110.01200000000001,110.01,1.5,1.25
27.08.2021 00:48:04.925,110.01299999999999,110.01,1.5,1.39
27.08.2021 00:48:08.877,110.015,110.009,1.5,2.89
27.08.2021 00:48:19.109,110.015,110.01100000000001,1.5,2.29
27.08.2021 00:48:22.173,110.016,110.01200000000001,2.25,2.89
27.08.2021 00:48:29.473,110.015,110.01200000000001,2.25,1.2
27.08.2021 00:48:29.574,110.014,110.01100000000001,1,1.12
27.08.2021 00:48:30.188,110.014,110.01,1.5,2.89
27.08.2021 00:48:33.090,110.01299999999999,110.01,1,1
27.08.2021 00:48:37.539,110.01,110.008,1,1
27.08.2021 00:48:37.944,110.01,110.009,1,1
27.08.2021 00:48:37.995,110.01299999999999,110.009,2.1,2.89
27.08.2021 00:48:38.096,110.01299999999999,110.01,1.5,1
27.08.2021 00:48:38.197,110.014,110.01,1.5,2.89
27.08.2021 00:48:38.299,110.01299999999999,110.01,1,1.69
27.08.2021 00:48:40.504,110.01,110.007,1.5,1
27.08.2021 00:48:40.605,110.01,110.006,1.5,4.84
27.08.2021 00:48:43.191,110.008,110.005,1.5,1
27.08.2021 00:48:43.293,110.008,110.004,2.25,4.09
27.08.2021 00:48:44.073,110.006,110.004,1.5,2.7
27.08.2021 00:48:44.125,110.00200000000001,110.001,1,3
27.08.2021 00:48:44.227,110.004,110,2,2.25
27.08.2021 00:48:44.329,110.00200000000001,109.999,1.5,1
27.08.2021 00:48:53.621,110.003,109.999,1.5,3.04
27.08.2021 00:48:54.967,110.004,110,1.5,2.89
27.08.2021 00:49:05.639,110.003,110,1.5,1
27.08.2021 00:49:05.741,110.00200000000001,109.999,1.5,1.95
27.08.2021 00:49:09.724,110.00200000000001,109.99799999999999,2.25,2.89
27.08.2021 00:49:11.067,110.001,109.99799999999999,1,2.14
27.08.2021 00:49:12.488,110,109.99799999999999,1,1.01
27.08.2021 00:49:12.818,109.99799999999999,109.99700000000001,1,1
27.08.2021 00:49:12.919,109.99799999999999,109.99600000000001,1,1.2
27.08.2021 00:49:13.021,109.99799999999999,109.995,1.69,1.57
27.08.2021 00:49:14.368,109.99700000000001,109.995,1,1
27.08.2021 00:49:14.470,109.99600000000001,109.993,1.5,2.77
27.08.2021 00:49:14.571,109.994,109.992,1,2.02
27.08.2021 00:49:14.673,109.995,109.992,1,2.02
27.08.2021 00:49:14.775,109.994,109.991,1,3.55
27.08.2021 00:49:17.323,109.995,109.99000000000001,1.5,1.1
27.08.2021 00:49:17.627,109.994,109.99000000000001,1.5,2.7
27.08.2021 00:49:17.728,109.991,109.988,1.69,1.57
27.08.2021 00:49:17.880,109.991,109.98700000000001,1.5,3.26
27.08.2021 00:49:18.450,109.992,109.988,1.5,1.95
27.08.2021 00:49:18.652,109.992,109.989,1,1
27.08.2021 00:49:22.260,109.992,109.988,1.5,3.71
27.08.2021 00:49:25.260,109.993,109.988,1.5,1
27.08.2021 00:49:27.104,109.991,109.989,1,1
27.08.2021 00:49:28.713,109.99000000000001,109.989,1,1
27.08.2021 00:49:28.842,109.991,109.989,1.5,1
27.08.2021 00:49:29.754,109.993,109.99000000000001,1.5,1
27.08.2021 00:49:32.345,109.994,109.991,1.5,1.75
27.08.2021 00:49:32.447,109.995,109.992,1,1.39
27.08.2021 00:49:32.701,109.995,109.992,1,2.2
27.08.2021 00:49:44.251,109.99600000000001,109.993,1.5,1.25
27.08.2021 00:49:44.353,109.99700000000001,109.994,1,1.25
27.08.2021 00:49:59.125,109.99799999999999,109.993,1,2.2
27.08.2021 00:50:01.131,109.99799999999999,109.994,2.25,2.95
27.08.2021 00:50:01.233,109.999,109.99600000000001,2.25,1.25
27.08.2021 00:50:03.150,110,109.99600000000001,2.25,3.7
27.08.2021 00:50:10.123,110.001,109.99700000000001,1.5,4.64
27.08.2021 00:50:14.031,110.00200000000001,110,1,1
27.08.2021 00:50:14.133,110.004,110,2.25,2.44
27.08.2021 00:50:14.234,110.004,110.001,1.5,1
27.08.2021 00:50:17.153,110.004,110.001,1,2.91
27.08.2021 00:50:17.355,110.005,110.00200000000001,1.5,1.1
27.08.2021 00:50:17.456,110.006,110.003,1,1.5
27.08.2021 00:50:17.659,110.006,110.00200000000001,1.5,2.51
27.08.2021 00:50:23.046,110.005,110.00200000000001,1,1.69
27.08.2021 00:50:27.846,110.004,110.001,1.25,1.57
27.08.2021 00:50:27.897,110.003,110.001,1.75,1
27.08.2021 00:50:28.050,110.00200000000001,110,1,1
27.08.2021 00:50:28.152,110.003,110,1.5,1
27.08.2021 00:50:30.031,110.003,110.001,1,1.1
27.08.2021 00:50:30.082,110.005,110.001,2.44,1.57
27.08.2021 00:50:32.617,110.005,110.00200000000001,1.5,1
27.08.2021 00:50:32.718,110.005,110.001,2.25,2.14
27.08.2021 00:50:36.940,110.005,110.00200000000001,1,1
27.08.2021 00:50:37.497,110.005,110.003,1,1
27.08.2021 00:50:39.221,110.006,110.003,1.57,1.5
27.08.2021 00:50:45.155,110.006,110.00200000000001,1.57,1.5
27.08.2021 00:51:00.044,110.006,110.003,1.57,1
27.08.2021 00:51:00.145,110.006,110.00200000000001,1.57,1.5
27.08.2021 00:51:09.734,110.005,110.001,1.1,3.81
27.08.2021 00:51:09.835,110.005,110.001,1.57,1.69
27.08.2021 00:51:16.184,110.004,110.001,1,1.25
27.08.2021 00:51:22.187,110.003,110,1.76,1
27.08.2021 00:51:24.063,110.003,110.001,1,1
27.08.2021 00:51:24.375,110.003,110.001,3.25,1
27.08.2021 00:51:24.426,110.001,109.99799999999999,2.5,2.82
27.08.2021 00:51:24.527,110,109.99799999999999,3.32,1.2
27.08.2021 00:51:24.578,110,109.99600000000001,3.32,1
27.08.2021 00:51:24.780,109.999,109.995,1,1
27.08.2021 00:51:24.932,109.999,109.994,1,2.7
27.08.2021 00:51:26.297,110,109.99600000000001,1,1
27.08.2021 00:51:26.450,109.999,109.99600000000001,1,2.7
27.08.2021 00:51:27.460,109.999,109.995,3.26,1
27.08.2021 00:51:30.852,110,109.995,3.26,1
27.08.2021 00:51:30.954,110,109.99700000000001,1.69,1
27.08.2021 00:51:31.056,109.999,109.99600000000001,1,1.5
27.08.2021 00:51:42.022,109.99799999999999,109.995,1.25,2.25
27.08.2021 00:51:42.124,109.99799999999999,109.995,1.69,1
27.08.2021 00:51:45.779,109.99799999999999,109.994,2.44,2.32
27.08.2021 00:51:47.564,109.99700000000001,109.994,2.57,1
27.08.2021 00:51:47.666,109.99700000000001,109.994,1.76,1
27.08.2021 00:51:50.800,109.99799999999999,109.994,2.51,2.25
27.08.2021 00:51:51.053,109.99799999999999,109.995,1,1.5
27.08.2021 00:52:07.700,109.99600000000001,109.994,1,1
27.08.2021 00:52:07.854,109.99700000000001,109.994,1,1.5
27.08.2021 00:52:10.404,109.99799999999999,109.994,2.32,2.25
27.08.2021 00:52:20.757,109.99700000000001,109.994,1,1.5
27.08.2021 00:52:29.527,109.994,109.992,2.5,1.95
27.08.2021 00:52:29.578,109.994,109.99000000000001,2.5,1.95
27.08.2021 00:52:31.970,109.992,109.99000000000001,1.25,1
27.08.2021 00:52:32.071,109.993,109.99000000000001,2.14,1
27.08.2021 00:52:32.563,109.992,109.988,1.69,2.32
27.08.2021 00:52:33.004,109.992,109.989,1.25,1
27.08.2021 00:52:33.717,109.991,109.989,1.25,1
27.08.2021 00:52:33.819,109.992,109.98700000000001,1.25,2.32
27.08.2021 00:52:33.920,109.992,109.988,2.44,1.95
27.08.2021 00:52:36.375,109.99000000000001,109.988,1.25,1.12
27.08.2021 00:52:36.730,109.988,109.985,1.69,2.7
27.08.2021 00:52:36.832,109.98700000000001,109.984,1.5,1.95
27.08.2021 00:52:41.909,109.98700000000001,109.98299999999999,2.44,2.25
27.08.2021 00:52:57.032,109.985,109.98200000000001,1.76,1.5
27.08.2021 00:52:57.134,109.985,109.98200000000001,1,2
27.08.2021 00:52:57.235,109.985,109.98200000000001,1,1.5
27.08.2021 00:53:01.215,109.986,109.98200000000001,3.26,2.25
27.08.2021 00:53:02.404,109.985,109.98200000000001,1.25,2.25
27.08.2021 00:53:08.447,109.984,109.98200000000001,1,1.12
27.08.2021 00:53:10.046,109.98200000000001,109.979,1.25,3.82
27.08.2021 00:53:10.148,109.98200000000001,109.978,1,1.2
27.08.2021 00:53:10.249,109.98100000000001,109.978,1.25,1.1
27.08.2021 00:53:10.514,109.98100000000001,109.977,3.25,1.97
27.08.2021 00:53:10.767,109.98100000000001,109.977,3.7,1.57
27.08.2021 00:53:17.068,109.98,109.976,2.95,1.1
27.08.2021 00:53:21.814,109.977,109.97500000000001,1.75,1
27.08.2021 00:53:21.865,109.97500000000001,109.97200000000001,1.69,2.02
27.08.2021 00:53:21.966,109.974,109.97200000000001,1.5,1.2
27.08.2021 00:53:22.017,109.974,109.97,2.89,4.01
27.08.2021 00:53:23.660,109.97200000000001,109.96799999999999,1.25,1.1
27.08.2021 00:53:25.642,109.97200000000001,109.969,1.69,1.57
27.08.2021 00:53:26.891,109.973,109.969,2.7,2.7
27.08.2021 00:53:26.992,109.973,109.97,1.5,1.1
27.08.2021 00:53:28.204,109.974,109.97,2.25,4.35
27.08.2021 00:53:28.565,109.974,109.973,1,1
27.08.2021 00:53:28.616,109.977,109.976,1.87,1
27.08.2021 00:53:28.718,109.978,109.976,1.2,1
27.08.2021 00:53:29.100,109.979,109.976,1.95,1
27.08.2021 00:53:32.349,109.98,109.976,1,1
27.08.2021 00:53:32.942,109.979,109.976,1,1.57
27.08.2021 00:53:40.149,109.98,109.976,4.01,1.2
27.08.2021 00:53:43.032,109.98,109.977,4.01,1
27.08.2021 00:53:45.123,109.98,109.978,1,1
27.08.2021 00:53:45.174,109.984,109.98200000000001,1.99,1
27.08.2021 00:53:45.277,109.985,109.98200000000001,2.57,1.5
27.08.2021 00:53:45.581,109.985,109.98200000000001,1.31,1.5
27.08.2021 00:53:45.684,109.98700000000001,109.984,1.25,1
