Gmt time,Ask,Bid,AskVolume,BidVolume
17.08.2021 00:00:00.371,109.302,109.29899999999999,1.1,1.5
17.08.2021 00:00:00.624,109.302,109.29899999999999,1,1.45
17.08.2021 00:00:00.725,109.303,109.29899999999999,1.1,2.2
17.08.2021 00:00:01.236,109.303,109.3,1.1,1.25
17.08.2021 00:00:01.337,109.303,109.29899999999999,1.1,2.14
17.08.2021 00:00:02.368,109.302,109.29899999999999,1,1.39
17.08.2021 00:00:02.672,109.302,109.29899999999999,1,1.85
17.08.2021 00:00:03.109,109.302,109.29899999999999,1,1.39
17.08.2021 00:00:03.217,109.303,109.298,1,2.29
17.08.2021 00:00:03.420,109.303,109.3,1,1.39
17.08.2021 00:00:04.054,109.303,109.29899999999999,1.1,2.14
17.08.2021 00:00:04.181,109.303,109.3,1,1.39
17.08.2021 00:00:04.283,109.303,109.29899999999999,1.1,2.14
17.08.2021 00:00:04.436,109.304,109.298,2.91,1
17.08.2021 00:00:05.080,109.298,109.296,1,1
17.08.2021 00:00:05.186,109.29899999999999,109.29299999999999,1.57,4.07
17.08.2021 00:00:05.287,109.29700000000001,109.29299999999999,1.57,3.39
17.08.2021 00:00:05.490,109.298,109.29200000000002,1.97,2.94
17.08.2021 00:00:05.591,109.29700000000001,109.29299999999999,1.97,2.44
17.08.2021 00:00:06.134,109.295,109.29299999999999,1.5,1.25
17.08.2021 00:00:06.236,109.295,109.29100000000001,1.1,3.89
17.08.2021 00:00:06.337,109.295,109.29,1,2.89
17.08.2021 00:00:07.518,109.29200000000002,109.289,2.14,1.5
17.08.2021 00:00:07.619,109.29100000000001,109.287,1.5,5.54
17.08.2021 00:00:07.721,109.29,109.286,2.25,1.85
17.08.2021 00:00:07.822,109.287,109.285,1.25,1
17.08.2021 00:00:07.924,109.285,109.28200000000001,1,1.35
17.08.2021 00:00:08.126,109.28399999999999,109.281,1,2.29
17.08.2021 00:00:08.884,109.285,109.28,1,1.01
17.08.2021 00:00:09.189,109.286,109.283,1.95,1
17.08.2021 00:00:09.291,109.288,109.28399999999999,1.54,1.2
17.08.2021 00:00:09.341,109.289,109.286,1.95,1
17.08.2021 00:00:09.443,109.289,109.287,1.5,1
17.08.2021 00:00:09.561,109.29,109.287,1.57,1
17.08.2021 00:00:09.612,109.29200000000002,109.288,6.37,1.95
17.08.2021 00:00:09.714,109.29200000000002,109.289,1.2,1.39
17.08.2021 00:00:09.815,109.294,109.29100000000001,1.95,1.5
17.08.2021 00:00:09.917,109.29299999999999,109.29,1.1,1
17.08.2021 00:00:10.069,109.29200000000002,109.289,1,1.87
17.08.2021 00:00:10.322,109.294,109.29,3.15,1.25
17.08.2021 00:00:10.524,109.294,109.29100000000001,2.89,1
17.08.2021 00:00:11.709,109.295,109.29100000000001,1.57,2.14
17.08.2021 00:00:11.918,109.29700000000001,109.29299999999999,3.29,1.1
17.08.2021 00:00:12.019,109.298,109.29200000000002,1.39,1.57
17.08.2021 00:00:13.344,109.296,109.29299999999999,1.5,1.1
17.08.2021 00:00:13.496,109.296,109.29299999999999,2.5,1.1
17.08.2021 00:00:13.597,109.29299999999999,109.29200000000002,1,1.1
17.08.2021 00:00:13.698,109.29299999999999,109.29100000000001,1.75,1
17.08.2021 00:00:13.800,109.294,109.29100000000001,2.57,1
17.08.2021 00:00:14.916,109.29200000000002,109.29,1.1,1
17.08.2021 00:00:15.018,109.29200000000002,109.289,1.1,2.25
17.08.2021 00:00:16.133,109.29100000000001,109.288,1,1
17.08.2021 00:00:16.285,109.29,109.286,1.1,7.83
17.08.2021 00:00:17.751,109.29,109.286,3.26,5.33
17.08.2021 00:00:17.874,109.29,109.286,1.57,6.33
17.08.2021 00:00:19.819,109.29100000000001,109.288,1.01,1
17.08.2021 00:00:19.920,109.29100000000001,109.285,1.76,1.95
17.08.2021 00:00:20.122,109.289,109.286,1,2.14
17.08.2021 00:00:20.274,109.289,109.285,2.51,6.08
17.08.2021 00:00:20.426,109.288,109.285,1.25,1.95
17.08.2021 00:00:20.477,109.285,109.28399999999999,1.25,1.88
17.08.2021 00:00:20.578,109.285,109.28200000000001,1.25,1.2
17.08.2021 00:00:22.082,109.285,109.281,1.69,2.51
17.08.2021 00:00:22.184,109.28399999999999,109.281,1.01,1
17.08.2021 00:00:22.286,109.28399999999999,109.28,1.76,1.39
17.08.2021 00:00:22.388,109.283,109.28,1,1.39
17.08.2021 00:00:26.200,109.283,109.279,2.51,2.89
17.08.2021 00:00:29.208,109.283,109.27799999999999,1.25,2.7
17.08.2021 00:00:30.001,109.283,109.279,2.51,2.89
17.08.2021 00:00:30.549,109.283,109.28,1.57,1.25
17.08.2021 00:00:30.993,109.28399999999999,109.28,1,1.25
17.08.2021 00:00:31.095,109.283,109.28,1,1.39
17.08.2021 00:00:33.071,109.283,109.28,1,1.41
17.08.2021 00:00:36.829,109.285,109.283,1,5.14
17.08.2021 00:00:36.880,109.287,109.28399999999999,1,2.22
17.08.2021 00:00:36.983,109.288,109.285,1,1.76
17.08.2021 00:00:39.090,109.288,109.286,1,1.01
17.08.2021 00:00:39.242,109.288,109.286,1,1.35
17.08.2021 00:00:39.293,109.29100000000001,109.287,1,1.25
17.08.2021 00:00:39.980,109.29,109.287,1.5,2.14
17.08.2021 00:00:45.125,109.29100000000001,109.288,1.5,2.2
17.08.2021 00:00:48.378,109.29,109.287,1,1.39
17.08.2021 00:00:59.539,109.29100000000001,109.289,1,2.81
17.08.2021 00:00:59.640,109.29200000000002,109.29,1.5,1
17.08.2021 00:00:59.741,109.29200000000002,109.289,1.1,6.19
17.08.2021 00:00:59.893,109.29299999999999,109.29100000000001,1,1.69
17.08.2021 00:01:00.374,109.294,109.29100000000001,1.1,1.25
17.08.2021 00:01:00.561,109.294,109.29200000000002,1.1,1
17.08.2021 00:01:02.572,109.295,109.29200000000002,1.1,1.25
17.08.2021 00:01:02.786,109.296,109.29299999999999,1.57,1.25
17.08.2021 00:01:02.889,109.29899999999999,109.296,2.42,1.25
17.08.2021 00:01:02.991,109.3,109.296,4.41,1.69
17.08.2021 00:01:03.346,109.298,109.296,1,1.25
17.08.2021 00:01:03.449,109.3,109.296,6.29,1.69
17.08.2021 00:01:03.551,109.301,109.296,1.97,1.25
17.08.2021 00:01:03.652,109.301,109.29700000000001,3.66,1.69
17.08.2021 00:01:03.754,109.301,109.298,2.32,1.25
17.08.2021 00:01:04.553,109.301,109.29899999999999,1.1,1.25
17.08.2021 00:01:05.717,109.301,109.298,1.22,1.69
17.08.2021 00:01:07.617,109.29899999999999,109.296,1.1,1.69
17.08.2021 00:01:07.718,109.301,109.296,1.01,1
17.08.2021 00:01:07.820,109.3,109.296,1.01,2.14
17.08.2021 00:01:10.648,109.3,109.296,1.1,2.95
17.08.2021 00:01:13.804,109.301,109.29700000000001,1.01,5.89
17.08.2021 00:01:13.855,109.301,109.29899999999999,1.01,1
17.08.2021 00:01:14.850,109.302,109.29899999999999,1.01,1.87
17.08.2021 00:01:15.053,109.302,109.29899999999999,1.1,2.19
17.08.2021 00:01:15.206,109.303,109.298,1.1,2.44
17.08.2021 00:01:16.118,109.304,109.302,3,1
17.08.2021 00:01:16.220,109.305,109.302,1.1,1.69
17.08.2021 00:01:16.322,109.30600000000001,109.303,1.1,1.69
17.08.2021 00:01:17.939,109.30700000000002,109.303,2.51,2.89
17.08.2021 00:01:18.349,109.30700000000002,109.304,1.57,1
17.08.2021 00:01:18.451,109.30700000000002,109.305,1.1,1
17.08.2021 00:01:18.603,109.30799999999999,109.305,1,3.14
17.08.2021 00:01:18.755,109.31,109.30600000000001,1.76,3.26
17.08.2021 00:01:18.907,109.31200000000001,109.30799999999999,2.8,1
17.08.2021 00:01:19.008,109.31200000000001,109.309,1.41,1
17.08.2021 00:01:19.618,109.31200000000001,109.309,1.25,1
17.08.2021 00:01:20.145,109.31200000000001,109.30799999999999,2.25,2.14
17.08.2021 00:01:21.526,109.31200000000001,109.309,1.25,1.2
17.08.2021 00:01:21.628,109.31299999999999,109.309,1.25,1
17.08.2021 00:01:21.881,109.31299999999999,109.31,1.76,1
17.08.2021 00:01:21.982,109.31299999999999,109.31,1.57,1.75
17.08.2021 00:01:23.215,109.315,109.309,1.57,2.95
17.08.2021 00:01:25.276,109.31299999999999,109.31,1.57,1.25
17.08.2021 00:01:25.429,109.311,109.309,1.5,1
17.08.2021 00:01:26.831,109.311,109.30700000000002,1.01,2.89
17.08.2021 00:01:26.882,109.30799999999999,109.30600000000001,1,1
17.08.2021 00:01:27.818,109.31,109.305,1,1.39
17.08.2021 00:01:27.920,109.31,109.30600000000001,1.5,1.85
17.08.2021 00:01:29.071,109.311,109.30700000000002,2.7,2.51
17.08.2021 00:01:29.173,109.31,109.30600000000001,1.5,3.29
17.08.2021 00:01:30.165,109.311,109.30799999999999,1.95,1
17.08.2021 00:01:30.266,109.311,109.30600000000001,1,1.39
17.08.2021 00:01:30.468,109.311,109.305,2.14,2.14
17.08.2021 00:01:32.442,109.311,109.305,1.95,2.2
17.08.2021 00:01:32.543,109.31,109.30600000000001,2.14,1.39
17.08.2021 00:01:32.998,109.31,109.30600000000001,1.95,2.2
17.08.2021 00:01:33.102,109.311,109.305,2.14,1.39
17.08.2021 00:01:34.474,109.309,109.30600000000001,2.14,1
17.08.2021 00:01:38.885,109.30700000000002,109.305,2.14,1
17.08.2021 00:01:38.987,109.30600000000001,109.303,1,1.39
17.08.2021 00:01:39.088,109.30700000000002,109.303,2.7,1.39
17.08.2021 00:01:39.290,109.30700000000002,109.304,1.95,1
17.08.2021 00:01:42.154,109.30700000000002,109.305,1.5,1
17.08.2021 00:01:43.354,109.30700000000002,109.30600000000001,1,1
17.08.2021 00:01:44.659,109.30700000000002,109.304,1.2,1
17.08.2021 00:01:47.744,109.305,109.302,2.89,1
17.08.2021 00:01:47.845,109.303,109.301,1,1.5
17.08.2021 00:01:50.407,109.304,109.301,1,1.95
17.08.2021 00:01:50.508,109.305,109.302,1,1.76
17.08.2021 00:01:50.609,109.30600000000001,109.302,3.19,3.66
17.08.2021 00:01:54.854,109.30600000000001,109.301,1,2.51
17.08.2021 00:01:54.955,109.304,109.301,2.06,1.1
17.08.2021 00:01:55.107,109.303,109.301,1,1.1
17.08.2021 00:01:55.561,109.304,109.29899999999999,1.25,1.1
17.08.2021 00:01:55.919,109.303,109.3,1,1.82
17.08.2021 00:01:56.021,109.304,109.3,6.14,1.57
17.08.2021 00:01:56.122,109.304,109.3,1.25,2.16
17.08.2021 00:01:56.430,109.304,109.3,1.39,1.76
17.08.2021 00:01:56.582,109.305,109.301,4.79,1
17.08.2021 00:01:57.401,109.303,109.3,1,1.57
17.08.2021 00:01:59.682,109.302,109.3,1.69,1
17.08.2021 00:01:59.733,109.301,109.298,1,1.1
17.08.2021 00:01:59.835,109.301,109.29700000000001,2.89,1.57
17.08.2021 00:02:00.353,109.298,109.295,1.25,1
17.08.2021 00:02:00.455,109.298,109.29200000000002,1.69,2.16
17.08.2021 00:02:00.506,109.295,109.29299999999999,1.25,1.57
17.08.2021 00:02:00.709,109.29700000000001,109.29200000000002,1.25,1.57
17.08.2021 00:02:01.311,109.295,109.29200000000002,1,1.1
17.08.2021 00:02:09.860,109.294,109.29100000000001,1.57,1.69
17.08.2021 00:02:10.466,109.294,109.29200000000002,1.1,1.25
17.08.2021 00:02:13.960,109.294,109.29100000000001,1.1,2.44
17.08.2021 00:02:15.078,109.295,109.29100000000001,1,1
17.08.2021 00:02:15.482,109.295,109.29200000000002,1.57,1
17.08.2021 00:02:16.097,109.295,109.29200000000002,1.97,1
17.08.2021 00:02:17.473,109.294,109.29100000000001,1.1,1.5
17.08.2021 00:02:17.575,109.294,109.289,3.57,1
17.08.2021 00:02:17.676,109.29100000000001,109.288,1.22,1
17.08.2021 00:02:20.212,109.29100000000001,109.287,2.72,2.44
17.08.2021 00:02:22.399,109.29,109.286,2.1,1.69
17.08.2021 00:02:22.500,109.288,109.285,2.56,1.95
17.08.2021 00:02:22.601,109.286,109.28399999999999,2.06,1.12
17.08.2021 00:02:22.652,109.286,109.28200000000001,3.04,1.69
17.08.2021 00:02:25.524,109.285,109.28200000000001,1.95,1.75
17.08.2021 00:02:25.575,109.286,109.28399999999999,2.25,2.95
17.08.2021 00:02:25.676,109.289,109.286,1.95,1.25
17.08.2021 00:02:26.325,109.29,109.287,1.57,1.25
17.08.2021 00:02:27.680,109.29200000000002,109.289,1.57,1
17.08.2021 00:02:29.078,109.29299999999999,109.289,2.7,2.51
17.08.2021 00:02:30.541,109.29299999999999,109.29,1.5,1.1
17.08.2021 00:02:30.951,109.29200000000002,109.288,1,1.1
17.08.2021 00:02:31.053,109.289,109.287,1,2.51
17.08.2021 00:02:32.115,109.288,109.286,1,1.75
17.08.2021 00:02:33.922,109.289,109.286,1,2.16
17.08.2021 00:02:39.680,109.288,109.287,1,1
17.08.2021 00:02:39.882,109.289,109.287,1,1
17.08.2021 00:02:40.186,109.289,109.288,1,1.69
17.08.2021 00:02:40.684,109.289,109.287,1,1.76
17.08.2021 00:02:42.844,109.29,109.289,1,1.25
17.08.2021 00:02:42.919,109.29299999999999,109.29100000000001,1,1.01
17.08.2021 00:02:42.970,109.295,109.29200000000002,1.2,1
17.08.2021 00:02:43.077,109.295,109.29299999999999,1,1
17.08.2021 00:02:45.980,109.296,109.29299999999999,1.95,1
17.08.2021 00:02:47.217,109.296,109.29200000000002,1.95,3.26
17.08.2021 00:02:48.069,109.295,109.29200000000002,1,3.26
17.08.2021 00:02:51.814,109.296,109.29200000000002,1.95,1.76
17.08.2021 00:02:52.159,109.296,109.29299999999999,1.5,1.1
17.08.2021 00:02:55.449,109.295,109.29200000000002,1.5,1.76
17.08.2021 00:02:57.327,109.294,109.29200000000002,1,1.69
17.08.2021 00:03:00.248,109.29200000000002,109.289,1.5,1.1
17.08.2021 00:03:00.349,109.29200000000002,109.288,1.95,3.82
17.08.2021 00:03:00.451,109.29200000000002,109.287,1,1.57
17.08.2021 00:03:00.603,109.29,109.287,1,2.72
17.08.2021 00:03:00.755,109.29,109.287,2.25,1.1
17.08.2021 00:03:01.899,109.29,109.288,2.44,1
17.08.2021 00:03:02.834,109.29,109.287,1.5,1.1
17.08.2021 00:03:03.403,109.289,109.287,1,1
17.08.2021 00:03:03.555,109.285,109.283,1,1
17.08.2021 00:03:03.656,109.28399999999999,109.28200000000001,1,3.34
17.08.2021 00:03:03.909,109.285,109.28200000000001,1.2,1.25
17.08.2021 00:03:06.522,109.286,109.283,1.87,1.97
17.08.2021 00:03:06.624,109.287,109.283,3.45,3.26
17.08.2021 00:03:06.725,109.286,109.283,2.25,1.01
17.08.2021 00:03:08.029,109.287,109.281,3.82,1.57
17.08.2021 00:03:09.263,109.286,109.283,3,1.76
17.08.2021 00:03:09.419,109.287,109.28399999999999,1.5,1.82
17.08.2021 00:03:10.206,109.287,109.28399999999999,1.5,1.1
17.08.2021 00:03:10.307,109.285,109.28200000000001,1,2.51
17.08.2021 00:03:10.919,109.289,109.286,3.9,1
17.08.2021 00:03:13.201,109.288,109.286,1,1
17.08.2021 00:03:15.580,109.289,109.286,1.5,1.69
17.08.2021 00:03:15.884,109.29,109.286,2.7,3.25
17.08.2021 00:03:19.527,109.29,109.286,2.7,2.32
17.08.2021 00:03:21.094,109.29,109.285,1.69,2.32
17.08.2021 00:03:21.416,109.29,109.286,3.64,1.57
17.08.2021 00:03:31.355,109.29,109.286,2.25,1.97
17.08.2021 00:03:31.911,109.29,109.286,2.7,1.76
17.08.2021 00:03:32.763,109.29100000000001,109.285,2.7,2.57
17.08.2021 00:03:41.881,109.289,109.286,1,2.22
17.08.2021 00:03:44.031,109.289,109.286,2.25,1.76
17.08.2021 00:03:46.521,109.289,109.285,1,1.01
17.08.2021 00:03:52.075,109.289,109.285,1,3.29
17.08.2021 00:04:02.496,109.289,109.285,2.44,2.72
17.08.2021 00:04:05.671,109.289,109.285,1.5,3.04
17.08.2021 00:04:09.052,109.289,109.286,2.44,1.1
17.08.2021 00:04:16.605,109.289,109.286,1.75,1.57
17.08.2021 00:04:16.964,109.289,109.286,1.25,1.57
17.08.2021 00:04:17.498,109.29,109.286,2.89,2.32
17.08.2021 00:04:17.929,109.29,109.288,1.69,1
17.08.2021 00:04:18.234,109.29100000000001,109.289,2.25,1.1
17.08.2021 00:04:18.336,109.29200000000002,109.29100000000001,1.25,1
17.08.2021 00:04:18.438,109.29299999999999,109.29200000000002,1,1
17.08.2021 00:04:19.240,109.294,109.29200000000002,2.14,1
17.08.2021 00:04:19.393,109.294,109.29299999999999,1.25,1
17.08.2021 00:04:19.494,109.295,109.29299999999999,1.25,1
17.08.2021 00:04:19.902,109.296,109.294,2.14,1
17.08.2021 00:04:20.222,109.298,109.29700000000001,1,1
17.08.2021 00:04:20.424,109.3,109.298,1.39,1
17.08.2021 00:04:20.790,109.3,109.298,2.2,1
17.08.2021 00:04:20.920,109.3,109.298,1.39,1
17.08.2021 00:04:21.123,109.302,109.29899999999999,1.39,1
17.08.2021 00:04:21.859,109.302,109.301,1,1
17.08.2021 00:04:23.557,109.303,109.301,1.39,1
17.08.2021 00:04:30.173,109.302,109.3,1,1
17.08.2021 00:04:30.276,109.302,109.298,1.69,1.5
17.08.2021 00:04:30.378,109.301,109.298,2.14,1
17.08.2021 00:04:33.850,109.302,109.298,1.2,1
17.08.2021 00:04:34.341,109.302,109.29899999999999,2.7,1
17.08.2021 00:04:42.853,109.302,109.298,3.64,1.57
17.08.2021 00:04:43.005,109.302,109.29899999999999,1.5,1.87
17.08.2021 00:04:43.107,109.305,109.302,1.99,1
17.08.2021 00:04:43.208,109.305,109.303,1,1.57
17.08.2021 00:04:43.259,109.30700000000002,109.304,2.89,1
17.08.2021 00:04:49.188,109.30700000000002,109.305,1,1
17.08.2021 00:04:49.239,109.31,109.30799999999999,3.37,1.1
17.08.2021 00:04:49.340,109.311,109.30799999999999,1.95,1.1
17.08.2021 00:04:49.441,109.31200000000001,109.31,1,1.1
17.08.2021 00:04:50.492,109.31200000000001,109.311,1,1
17.08.2021 00:04:50.953,109.31200000000001,109.31,1,1.1
17.08.2021 00:04:51.220,109.31299999999999,109.30799999999999,1.25,1.1
17.08.2021 00:04:51.335,109.31200000000001,109.31,1,1
17.08.2021 00:04:51.436,109.31200000000001,109.309,1.25,1.1
17.08.2021 00:04:58.150,109.31,109.30700000000002,2.25,1.1
17.08.2021 00:04:58.454,109.311,109.30700000000002,1.5,2.91
17.08.2021 00:05:01.277,109.31,109.30600000000001,1.69,3.74
17.08.2021 00:05:01.379,109.30799999999999,109.30600000000001,1,1.57
17.08.2021 00:05:02.343,109.30799999999999,109.30600000000001,1,1.41
17.08.2021 00:05:02.445,109.309,109.30600000000001,1.5,1.41
17.08.2021 00:05:08.504,109.30799999999999,109.30600000000001,1,1.76
17.08.2021 00:05:11.499,109.31,109.305,1.39,1
17.08.2021 00:05:11.600,109.309,109.305,2.14,2.51
17.08.2021 00:05:11.701,109.309,109.305,1.5,3.72
17.08.2021 00:05:12.196,109.31,109.304,2.14,2.32
17.08.2021 00:05:12.347,109.30799999999999,109.305,1.2,1
17.08.2021 00:05:16.254,109.30799999999999,109.304,1.95,2.32
17.08.2021 00:05:18.961,109.30700000000002,109.304,1,1.1
17.08.2021 00:05:39.047,109.31,109.30799999999999,3.07,1.2
17.08.2021 00:05:39.148,109.31200000000001,109.309,1,1.95
17.08.2021 00:05:39.249,109.31299999999999,109.31,1,1.39
17.08.2021 00:05:39.946,109.31299999999999,109.31,1,1.85
17.08.2021 00:05:40.682,109.314,109.31,2.25,3.04
17.08.2021 00:05:42.586,109.316,109.31299999999999,2.25,2.66
17.08.2021 00:05:42.688,109.32000000000001,109.31700000000001,2.96,1
17.08.2021 00:05:45.856,109.32000000000001,109.316,1.5,2.14
17.08.2021 00:05:46.215,109.32000000000001,109.31700000000001,1,1
17.08.2021 00:05:47.192,109.319,109.31700000000001,1,1
17.08.2021 00:05:54.767,109.319,109.31700000000001,1,1
17.08.2021 00:05:58.285,109.316,109.314,2.06,1
17.08.2021 00:05:58.336,109.314,109.311,1,1.1
17.08.2021 00:05:58.891,109.31299999999999,109.311,1,1.1
17.08.2021 00:06:00.386,109.31200000000001,109.31,1,1.57
17.08.2021 00:06:00.487,109.31200000000001,109.31,1,1.22
17.08.2021 00:06:01.215,109.31200000000001,109.31,1,1.1
17.08.2021 00:06:01.367,109.31299999999999,109.31,1,1.22
17.08.2021 00:06:24.726,109.31200000000001,109.31,1,1.95
17.08.2021 00:06:33.189,109.31299999999999,109.31,1,1
17.08.2021 00:06:33.692,109.31299999999999,109.311,1.01,1
17.08.2021 00:06:40.329,109.315,109.31,1.76,1
17.08.2021 00:06:53.457,109.316,109.315,1,1
17.08.2021 00:06:53.589,109.318,109.315,1,1.5
17.08.2021 00:06:53.640,109.319,109.31700000000001,1.87,1
17.08.2021 00:06:53.741,109.318,109.316,1,1
17.08.2021 00:06:59.962,109.319,109.316,1,1
17.08.2021 00:07:00.951,109.319,109.31700000000001,1.95,1
17.08.2021 00:07:02.983,109.319,109.316,2.14,1
17.08.2021 00:07:06.318,109.315,109.314,1.5,2.25
17.08.2021 00:07:06.370,109.31299999999999,109.311,1,3.52
17.08.2021 00:07:06.472,109.314,109.31200000000001,1,1
17.08.2021 00:07:06.726,109.31299999999999,109.311,1,3.45
17.08.2021 00:07:14.763,109.31299999999999,109.31,1,1
17.08.2021 00:07:25.099,109.31200000000001,109.309,1.12,3.64
17.08.2021 00:07:25.150,109.309,109.30799999999999,1,1
17.08.2021 00:07:25.201,109.30799999999999,109.30600000000001,1.95,1.5
17.08.2021 00:07:25.252,109.30600000000001,109.304,2.44,1.5
17.08.2021 00:07:25.355,109.305,109.302,2.5,2.77
17.08.2021 00:07:25.457,109.302,109.3,1,1
17.08.2021 00:07:25.560,109.3,109.29899999999999,1.69,1.12
17.08.2021 00:07:25.662,109.29899999999999,109.296,1.69,1.1
17.08.2021 00:07:25.764,109.29899999999999,109.29700000000001,1.25,1
17.08.2021 00:07:26.067,109.29899999999999,109.296,2.14,1.5
17.08.2021 00:07:26.169,109.301,109.3,1,1
17.08.2021 00:07:26.270,109.302,109.301,1.5,1
17.08.2021 00:07:26.321,109.302,109.29899999999999,2.89,1.5
17.08.2021 00:07:26.422,109.302,109.298,3.19,1.5
17.08.2021 00:07:26.473,109.301,109.29700000000001,1,1
17.08.2021 00:07:26.524,109.302,109.29899999999999,3.64,1
17.08.2021 00:07:26.625,109.3,109.298,1,1.5
17.08.2021 00:07:26.727,109.301,109.3,1.5,1
17.08.2021 00:07:26.777,109.301,109.298,2.14,1
17.08.2021 00:07:26.879,109.301,109.29700000000001,1,1
17.08.2021 00:07:27.346,109.301,109.29700000000001,1.5,3.1
17.08.2021 00:07:27.449,109.301,109.29899999999999,1,1
17.08.2021 00:07:28.148,109.304,109.301,3.7,1
17.08.2021 00:07:28.250,109.305,109.302,2.89,1
17.08.2021 00:07:28.557,109.304,109.301,1,1
17.08.2021 00:07:28.659,109.303,109.301,1,1
17.08.2021 00:07:28.811,109.304,109.301,2.7,1
17.08.2021 00:07:35.796,109.303,109.301,1,1
17.08.2021 00:07:41.916,109.303,109.3,1.5,1.1
17.08.2021 00:07:46.826,109.303,109.3,3.04,1
17.08.2021 00:07:46.929,109.303,109.29899999999999,4.04,1.5
17.08.2021 00:07:47.030,109.3,109.298,1,1
17.08.2021 00:07:47.132,109.29899999999999,109.29700000000001,1,1
17.08.2021 00:07:49.977,109.29899999999999,109.296,2.12,1
17.08.2021 00:07:50.079,109.294,109.29100000000001,1,1.95
17.08.2021 00:07:50.854,109.29200000000002,109.289,1.1,1.87
17.08.2021 00:07:50.955,109.29,109.287,1,1.1
17.08.2021 00:07:51.107,109.29,109.286,1.5,2.7
17.08.2021 00:07:51.561,109.289,109.286,1,1.57
17.08.2021 00:07:53.220,109.288,109.286,1,1.5
17.08.2021 00:07:58.411,109.288,109.285,1.25,1.57
17.08.2021 00:08:01.144,109.288,109.28399999999999,2.14,2.25
17.08.2021 00:08:01.520,109.288,109.285,1.69,1
17.08.2021 00:08:01.823,109.288,109.28399999999999,2.14,2.25
17.08.2021 00:08:05.415,109.288,109.285,1.69,1
17.08.2021 00:08:06.385,109.289,109.285,1.25,1
17.08.2021 00:08:07.876,109.289,109.28399999999999,1.69,1.5
17.08.2021 00:08:07.979,109.287,109.285,1,1
17.08.2021 00:08:10.215,109.283,109.281,1,2.75
17.08.2021 00:08:10.317,109.283,109.28,1.5,1.57
17.08.2021 00:08:16.113,109.283,109.279,3.19,1.57
17.08.2021 00:08:24.805,109.283,109.28,3.19,1
17.08.2021 00:08:25.202,109.28200000000001,109.279,1,3.45
17.08.2021 00:08:29.930,109.281,109.279,1.69,1
17.08.2021 00:08:30.032,109.27799999999999,109.275,1.25,2.7
17.08.2021 00:08:30.133,109.27700000000002,109.274,1.69,2.25
17.08.2021 00:08:30.235,109.27700000000002,109.273,1,1
17.08.2021 00:08:30.336,109.27600000000001,109.273,1.69,1
17.08.2021 00:08:32.586,109.275,109.273,1,1
17.08.2021 00:08:36.676,109.275,109.272,1.5,1.5
17.08.2021 00:08:39.475,109.273,109.271,1.25,1
17.08.2021 00:08:39.577,109.272,109.269,1.69,1.5
17.08.2021 00:08:40.314,109.27,109.26700000000001,2.44,1.2
17.08.2021 00:08:40.416,109.269,109.266,1.69,1
17.08.2021 00:08:40.517,109.266,109.264,1,1.5
17.08.2021 00:08:40.568,109.266,109.26200000000001,1.5,1.57
17.08.2021 00:08:40.619,109.26299999999999,109.26200000000001,1,1
17.08.2021 00:08:40.721,109.26299999999999,109.26100000000001,1,1.12
17.08.2021 00:08:40.823,109.26200000000001,109.259,1,1.95
17.08.2021 00:08:40.925,109.26299999999999,109.259,1.69,1.97
17.08.2021 00:08:41.077,109.26,109.258,1,1.57
17.08.2021 00:08:41.229,109.26100000000001,109.256,1.5,1.57
17.08.2021 00:08:41.482,109.259,109.257,1,1.57
17.08.2021 00:08:41.787,109.26100000000001,109.257,3.64,1.57
17.08.2021 00:08:42.765,109.26,109.257,1,2.32
17.08.2021 00:08:43.068,109.26100000000001,109.257,2.89,2.32
17.08.2021 00:08:47.463,109.26100000000001,109.258,1.39,1
17.08.2021 00:08:47.741,109.26200000000001,109.259,1,1.1
17.08.2021 00:08:47.792,109.26299999999999,109.26100000000001,2.25,1
17.08.2021 00:08:47.894,109.265,109.26299999999999,2.89,1.1
17.08.2021 00:08:47.996,109.26700000000001,109.265,1.25,1.1
17.08.2021 00:08:48.098,109.269,109.26700000000001,1.2,1
17.08.2021 00:08:48.200,109.27,109.268,1.5,1
17.08.2021 00:08:48.404,109.269,109.26700000000001,1,1.1
17.08.2021 00:08:48.767,109.269,109.266,1,1.57
17.08.2021 00:08:53.769,109.268,109.266,1,1.5
17.08.2021 00:08:54.167,109.26700000000001,109.26299999999999,1,1
17.08.2021 00:08:54.268,109.26700000000001,109.264,1.5,1.57
17.08.2021 00:08:54.370,109.268,109.264,1.95,1.57
17.08.2021 00:08:57.629,109.268,109.26299999999999,1,1.57
17.08.2021 00:08:57.730,109.268,109.265,1,1.57
17.08.2021 00:08:57.831,109.269,109.266,1,2.32
17.08.2021 00:09:00.063,109.27,109.266,2.7,2.32
17.08.2021 00:09:16.897,109.26700000000001,109.26299999999999,2.89,1.57
17.08.2021 00:09:16.998,109.266,109.26299999999999,1.2,1
17.08.2021 00:09:17.956,109.266,109.26200000000001,1.95,1.57
17.08.2021 00:09:18.208,109.26700000000001,109.26299999999999,1.95,2.51
17.08.2021 00:09:18.310,109.268,109.264,2.59,1.57
17.08.2021 00:09:18.411,109.269,109.266,2.14,1
17.08.2021 00:09:18.512,109.27,109.266,2.44,1.95
17.08.2021 00:09:22.105,109.269,109.266,1.22,1.5
17.08.2021 00:09:22.207,109.269,109.265,3.79,1
17.08.2021 00:09:22.309,109.268,109.264,1.1,2.14
17.08.2021 00:09:23.098,109.269,109.265,2.72,1.25
17.08.2021 00:09:23.200,109.269,109.265,2.25,1.41
17.08.2021 00:09:23.302,109.269,109.265,2.25,1.69
17.08.2021 00:09:26.137,109.26700000000001,109.265,1,1.25
17.08.2021 00:09:27.508,109.27,109.268,1.5,1
17.08.2021 00:09:27.610,109.271,109.269,1,1
17.08.2021 00:09:27.913,109.272,109.27,1,1.03
17.08.2021 00:09:28.015,109.272,109.271,1,1.69
17.08.2021 00:09:28.116,109.274,109.272,1,1.55
17.08.2021 00:09:28.218,109.275,109.273,1,2.44
17.08.2021 00:09:29.758,109.27600000000001,109.272,1.57,2.14
17.08.2021 00:09:29.809,109.273,109.271,1,2.2
17.08.2021 00:09:29.910,109.272,109.27,1,1
17.08.2021 00:09:30.011,109.273,109.268,1.1,1.69
17.08.2021 00:09:30.234,109.272,109.268,1.1,2.51
17.08.2021 00:09:30.336,109.271,109.268,1,2.14
17.08.2021 00:09:31.263,109.271,109.26700000000001,3.1,1
17.08.2021 00:09:31.313,109.268,109.266,1,1.25
17.08.2021 00:09:31.684,109.268,109.26299999999999,1.1,1.5
17.08.2021 00:09:31.836,109.266,109.264,1,1
17.08.2021 00:09:32.462,109.265,109.264,1,1
17.08.2021 00:09:32.513,109.266,109.26100000000001,1,2.89
17.08.2021 00:09:36.088,109.265,109.264,1,1
17.08.2021 00:09:36.191,109.266,109.264,1,1
17.08.2021 00:09:36.930,109.26700000000001,109.26200000000001,1,1.2
17.08.2021 00:09:37.034,109.26700000000001,109.26299999999999,1.1,2.39
17.08.2021 00:09:42.035,109.266,109.26299999999999,1.1,1.25
17.08.2021 00:09:42.464,109.266,109.26200000000001,1.1,1.39
17.08.2021 00:09:43.163,109.266,109.26299999999999,1.1,1.25
17.08.2021 00:09:44.914,109.268,109.264,1.5,1.39
17.08.2021 00:09:44.965,109.269,109.266,3.45,1
17.08.2021 00:09:45.066,109.269,109.265,1.95,1
17.08.2021 00:09:48.631,109.271,109.269,1,1.39
17.08.2021 00:09:48.732,109.272,109.269,1,2.14
17.08.2021 00:09:48.833,109.274,109.27,1.1,2.14
17.08.2021 00:10:00.370,109.273,109.27,1.57,1.69
17.08.2021 00:10:00.949,109.273,109.269,2.32,3.64
17.08.2021 00:10:09.490,109.27,109.268,1,1
17.08.2021 00:10:09.593,109.268,109.264,2.32,2.51
17.08.2021 00:10:09.645,109.266,109.26299999999999,1.5,1.89
17.08.2021 00:10:09.747,109.266,109.26299999999999,1.57,1.25
17.08.2021 00:10:11.855,109.265,109.26299999999999,1,1.25
17.08.2021 00:10:11.956,109.265,109.26200000000001,1.57,1.69
17.08.2021 00:10:13.142,109.265,109.26100000000001,1.57,2.89
17.08.2021 00:10:14.193,109.265,109.26100000000001,1.97,2.44
17.08.2021 00:10:15.196,109.264,109.26,2.51,1.2
17.08.2021 00:10:15.297,109.26100000000001,109.258,1,1.2
17.08.2021 00:10:15.398,109.26100000000001,109.257,1,1.5
17.08.2021 00:10:15.499,109.26,109.256,1,2.14
17.08.2021 00:10:16.331,109.26100000000001,109.257,1.5,1
17.08.2021 00:10:16.685,109.26100000000001,109.257,1,4.26
17.08.2021 00:10:17.345,109.26200000000001,109.258,1.5,1.39
17.08.2021 00:10:18.376,109.26200000000001,109.259,1,1
17.08.2021 00:10:18.477,109.264,109.26,2.16,1
17.08.2021 00:10:18.579,109.264,109.26,1.76,1.2
17.08.2021 00:10:20.640,109.26299999999999,109.259,1,3.45
17.08.2021 00:10:25.985,109.26200000000001,109.258,2.16,1.5
17.08.2021 00:10:26.087,109.26,109.256,1.76,1.95
17.08.2021 00:10:26.188,109.26,109.256,2.16,1
17.08.2021 00:10:26.290,109.258,109.255,1,2.51
17.08.2021 00:10:26.543,109.258,109.256,1,1
17.08.2021 00:10:27.751,109.258,109.255,1,1.39
17.08.2021 00:10:29.226,109.259,109.253,1.5,1.39
17.08.2021 00:10:36.696,109.255,109.25,1.57,1.5
17.08.2021 00:10:36.798,109.253,109.249,1,1
17.08.2021 00:10:36.951,109.251,109.24799999999999,1.57,1.5
17.08.2021 00:10:37.053,109.251,109.24700000000001,1.5,1
17.08.2021 00:10:37.521,109.251,109.24799999999999,1.76,1
17.08.2021 00:10:37.627,109.251,109.24799999999999,2.16,1
17.08.2021 00:10:37.782,109.251,109.24799999999999,1.57,1
17.08.2021 00:10:37.883,109.251,109.249,1.5,1.69
17.08.2021 00:10:37.984,109.253,109.249,1.57,5.14
17.08.2021 00:10:38.086,109.253,109.249,1.57,3.89
17.08.2021 00:10:38.698,109.254,109.25,2.32,2.14
17.08.2021 00:10:38.799,109.254,109.251,1.57,1.25
17.08.2021 00:10:39.547,109.254,109.251,1.57,2.69
17.08.2021 00:10:39.648,109.255,109.25200000000001,1.57,1
17.08.2021 00:10:39.750,109.257,109.25200000000001,1.1,1
17.08.2021 00:10:39.865,109.257,109.254,2.16,1
17.08.2021 00:10:40.744,109.257,109.254,1.1,1.25
17.08.2021 00:10:40.946,109.258,109.254,1.57,1.39
17.08.2021 00:10:41.848,109.258,109.255,1.1,1
17.08.2021 00:10:41.949,109.26,109.255,1.22,1
17.08.2021 00:10:42.050,109.26,109.255,1.1,1
17.08.2021 00:10:43.744,109.259,109.257,1.1,1
17.08.2021 00:10:43.845,109.26,109.257,1.57,1.25
17.08.2021 00:10:46.667,109.26,109.257,2.91,1
17.08.2021 00:10:46.819,109.26,109.256,2.72,2.44
17.08.2021 00:10:47.817,109.26100000000001,109.258,1.24,1.5
17.08.2021 00:10:48.020,109.26200000000001,109.258,2.32,2.14
17.08.2021 00:10:48.525,109.26200000000001,109.259,1.57,1
17.08.2021 00:10:53.884,109.26299999999999,109.259,2.32,3.64
17.08.2021 00:10:57.231,109.26299999999999,109.259,2.72,2.25
17.08.2021 00:10:58.514,109.26299999999999,109.26,1.57,1.25
17.08.2021 00:10:58.716,109.26299999999999,109.259,2.32,2.89
17.08.2021 00:10:59.563,109.26299999999999,109.259,2.32,4.64
17.08.2021 00:11:00.538,109.264,109.26,2.72,4.19
17.08.2021 00:11:00.639,109.264,109.26,2.32,2.7
17.08.2021 00:11:00.791,109.264,109.26,2.72,2.25
17.08.2021 00:11:01.552,109.264,109.26,2.32,4.64
17.08.2021 00:11:01.855,109.265,109.259,2.32,2.89
17.08.2021 00:11:02.585,109.264,109.26,2.32,4.64
17.08.2021 00:11:03.246,109.264,109.26,3.07,2.89
17.08.2021 00:11:03.578,109.264,109.26,2.32,4.64
17.08.2021 00:11:03.780,109.264,109.26,2.32,2.89
17.08.2021 00:11:04.583,109.264,109.26,2.32,4.64
17.08.2021 00:11:04.824,109.264,109.26,3.07,2.89
17.08.2021 00:11:05.583,109.264,109.26,2.32,4.64
17.08.2021 00:11:06.129,109.264,109.26,2.32,2.89
17.08.2021 00:11:06.587,109.264,109.26,2.32,4.64
17.08.2021 00:11:07.589,109.264,109.26,2.32,2.7
17.08.2021 00:11:07.951,109.26100000000001,109.259,1.1,1
17.08.2021 00:11:08.052,109.26100000000001,109.257,2.32,2.89
17.08.2021 00:11:08.154,109.26100000000001,109.257,2.72,2.44
17.08.2021 00:11:08.659,109.26100000000001,109.258,1.97,1
17.08.2021 00:11:09.031,109.26100000000001,109.258,1.1,1.5
17.08.2021 00:11:09.132,109.26100000000001,109.259,1.1,1
17.08.2021 00:11:10.587,109.26299999999999,109.259,2.35,1.69
17.08.2021 00:11:10.688,109.26299999999999,109.26,1.1,1.5
17.08.2021 00:11:10.992,109.26299999999999,109.26100000000001,1.1,1
17.08.2021 00:11:14.075,109.26299999999999,109.26,3.35,1
17.08.2021 00:11:14.177,109.26200000000001,109.258,4.29,2.25
17.08.2021 00:11:14.379,109.26200000000001,109.259,2.41,1
17.08.2021 00:11:18.473,109.26,109.257,1.41,1.5
17.08.2021 00:11:18.575,109.259,109.256,1.41,1
17.08.2021 00:11:18.676,109.26,109.255,1.01,1
17.08.2021 00:11:19.080,109.26,109.256,1.1,1
17.08.2021 00:11:19.334,109.26,109.257,1.76,1
17.08.2021 00:11:20.083,109.259,109.257,1.1,1
17.08.2021 00:11:20.336,109.259,109.256,2.91,1
17.08.2021 00:11:25.970,109.259,109.255,4.41,2.25
17.08.2021 00:11:26.742,109.256,109.254,1.69,1.5
17.08.2021 00:11:26.844,109.255,109.25200000000001,2.16,1.5
17.08.2021 00:11:27.046,109.255,109.253,1.76,1
17.08.2021 00:11:27.147,109.255,109.25200000000001,1.76,1.5
17.08.2021 00:11:27.250,109.254,109.25200000000001,1.01,1.5
17.08.2021 00:11:28.190,109.256,109.253,4.61,1.5
17.08.2021 00:11:29.104,109.256,109.254,1.01,1
17.08.2021 00:11:29.306,109.256,109.25200000000001,1.01,1
17.08.2021 00:11:29.408,109.255,109.25200000000001,1.41,2.25
17.08.2021 00:11:29.763,109.254,109.251,1.01,2.25
17.08.2021 00:11:30.162,109.254,109.251,2.16,1.5
17.08.2021 00:11:30.416,109.254,109.251,1.76,1.5
17.08.2021 00:11:35.774,109.253,109.251,1.25,1.5
17.08.2021 00:11:37.636,109.255,109.25200000000001,2.06,1.5
17.08.2021 00:11:37.737,109.256,109.25200000000001,4.04,2.25
17.08.2021 00:11:38.145,109.256,109.25200000000001,2.51,2.7
17.08.2021 00:11:38.325,109.256,109.253,2.51,1
17.08.2021 00:11:38.427,109.257,109.25200000000001,2.91,1
17.08.2021 00:11:38.983,109.256,109.254,2.16,1
17.08.2021 00:11:39.084,109.257,109.253,1.76,1.5
17.08.2021 00:11:39.777,109.257,109.254,1.76,1.5
17.08.2021 00:11:45.249,109.256,109.253,2.91,1
17.08.2021 00:11:45.350,109.255,109.25200000000001,1.01,2.25
17.08.2021 00:11:53.540,109.256,109.25200000000001,3.26,2.7
17.08.2021 00:12:10.542,109.256,109.25200000000001,2.91,2.25
17.08.2021 00:12:10.644,109.255,109.251,2.16,2.25
17.08.2021 00:12:10.745,109.255,109.251,5.16,2.25
17.08.2021 00:12:12.308,109.256,109.251,1.76,1
17.08.2021 00:12:14.682,109.254,109.251,1.41,1.5
17.08.2021 00:12:18.123,109.255,109.25200000000001,2.36,1
17.08.2021 00:12:27.850,109.255,109.25200000000001,1.41,1.5
17.08.2021 00:12:28.568,109.255,109.251,4.6,1
17.08.2021 00:12:33.649,109.25200000000001,109.25,1.35,1.5
17.08.2021 00:12:33.700,109.25,109.24799999999999,1.76,1
17.08.2021 00:12:33.802,109.249,109.244,1.41,2.25
17.08.2021 00:12:33.903,109.24799999999999,109.244,2.91,1
17.08.2021 00:12:35.897,109.24600000000001,109.242,1.76,2.7
17.08.2021 00:12:35.999,109.245,109.241,1.57,4.39
17.08.2021 00:12:36.100,109.245,109.241,2.16,2.25
17.08.2021 00:12:41.899,109.245,109.241,1.57,2.7
17.08.2021 00:12:42.001,109.24700000000001,109.241,2.91,1
17.08.2021 00:12:43.859,109.24600000000001,109.242,2.89,1.1
17.08.2021 00:12:44.659,109.24600000000001,109.243,1.5,1
17.08.2021 00:12:44.810,109.24700000000001,109.243,2.7,1.5
17.08.2021 00:12:44.911,109.24799999999999,109.244,1.72,2.72
17.08.2021 00:12:46.682,109.24799999999999,109.244,2.14,1
17.08.2021 00:12:46.784,109.24799999999999,109.244,3.14,1
17.08.2021 00:12:47.730,109.24700000000001,109.243,2.14,2.25
17.08.2021 00:12:53.365,109.249,109.242,3.86,2.72
17.08.2021 00:12:53.738,109.24799999999999,109.242,1.25,2.72
17.08.2021 00:13:00.157,109.24700000000001,109.243,1.39,2.32
17.08.2021 00:13:08.313,109.24700000000001,109.243,1,2.72
17.08.2021 00:13:08.466,109.24799999999999,109.24600000000001,1.3,1.1
17.08.2021 00:13:08.568,109.25,109.24700000000001,2.14,1
17.08.2021 00:13:08.923,109.251,109.24799999999999,1.87,1.1
17.08.2021 00:13:15.207,109.251,109.24700000000001,2.89,2.32
17.08.2021 00:13:15.309,109.25,109.24600000000001,4.39,1.57
17.08.2021 00:13:15.411,109.249,109.24600000000001,1.2,1
17.08.2021 00:13:19.214,109.249,109.245,1.95,2.32
17.08.2021 00:13:20.552,109.249,109.24600000000001,1.2,1
17.08.2021 00:13:20.703,109.25,109.245,2.89,2.72
17.08.2021 00:13:20.956,109.249,109.245,1.25,2.72
17.08.2021 00:13:21.057,109.251,109.245,2.7,1.01
17.08.2021 00:13:21.870,109.249,109.245,2.14,2.32
17.08.2021 00:13:26.483,109.249,109.245,1,2.72
17.08.2021 00:13:26.585,109.24799999999999,109.245,1,1.57
17.08.2021 00:13:26.687,109.24799999999999,109.244,2.7,1
17.08.2021 00:13:26.789,109.24799999999999,109.243,3.26,2.7
17.08.2021 00:13:28.324,109.24799999999999,109.244,2.89,1
17.08.2021 00:13:28.428,109.24799999999999,109.243,2.89,2.7
17.08.2021 00:13:32.631,109.24799999999999,109.243,2.25,3.79
17.08.2021 00:13:34.251,109.24600000000001,109.243,1,2.1
17.08.2021 00:13:41.266,109.24600000000001,109.243,1,1.97
17.08.2021 00:13:42.762,109.24700000000001,109.244,1,1.1
17.08.2021 00:13:43.165,109.24700000000001,109.244,1,1.22
17.08.2021 00:13:47.689,109.24799999999999,109.245,1,1.6
17.08.2021 00:13:49.248,109.24799999999999,109.24600000000001,1,2.91
17.08.2021 00:13:49.400,109.249,109.245,1,1.76
17.08.2021 00:13:51.619,109.249,109.24600000000001,1.69,1.1
17.08.2021 00:14:00.068,109.24799999999999,109.24600000000001,1,1.1
17.08.2021 00:14:00.170,109.24700000000001,109.245,1,1.1
17.08.2021 00:14:00.321,109.24700000000001,109.244,1,1.1
17.08.2021 00:14:00.432,109.24600000000001,109.243,1.69,1.57
17.08.2021 00:14:00.533,109.245,109.242,1,1.57
17.08.2021 00:14:00.685,109.244,109.242,1,1.57
17.08.2021 00:14:00.837,109.243,109.24000000000001,1,1.57
17.08.2021 00:14:00.989,109.242,109.239,1,1.57
17.08.2021 00:14:01.192,109.24000000000001,109.238,1,1.57
17.08.2021 00:14:01.293,109.239,109.23700000000001,1,1.1
17.08.2021 00:14:01.395,109.239,109.235,1,1.1
17.08.2021 00:14:01.496,109.239,109.236,1,1.1
17.08.2021 00:14:03.309,109.236,109.234,1,1.1
17.08.2021 00:14:03.410,109.235,109.23200000000001,1,1.57
17.08.2021 00:14:03.777,109.234,109.23100000000001,1,1.57
17.08.2021 00:14:07.047,109.235,109.23100000000001,2.44,1.97
17.08.2021 00:14:08.115,109.236,109.23200000000001,3.79,3.29
17.08.2021 00:14:08.166,109.23700000000001,109.236,1,1
17.08.2021 00:14:08.267,109.24000000000001,109.236,3.64,1.1
17.08.2021 00:14:12.466,109.24000000000001,109.236,3.85,1
17.08.2021 00:14:12.668,109.239,109.236,1.75,1.1
17.08.2021 00:14:15.439,109.239,109.236,1.69,1.1
17.08.2021 00:14:23.478,109.239,109.235,1.95,2.32
17.08.2021 00:14:25.269,109.239,109.235,2.44,2.72
17.08.2021 00:14:25.371,109.24000000000001,109.234,2.14,2.25
17.08.2021 00:14:26.781,109.239,109.236,1.39,1
17.08.2021 00:14:28.213,109.241,109.236,2.89,1
17.08.2021 00:14:28.315,109.241,109.23700000000001,1.69,2.7
17.08.2021 00:14:32.329,109.242,109.238,3.41,2.72
17.08.2021 00:14:32.481,109.244,109.24000000000001,1.69,1.97
17.08.2021 00:14:32.583,109.24600000000001,109.241,1.69,1
17.08.2021 00:14:35.352,109.244,109.242,1.25,1
17.08.2021 00:14:39.002,109.245,109.241,2.89,2.32
17.08.2021 00:14:39.104,109.243,109.241,1,1
17.08.2021 00:14:39.206,109.243,109.239,1.2,1.57
17.08.2021 00:14:39.309,109.242,109.239,1.25,1.1
17.08.2021 00:14:39.411,109.241,109.238,1,1.57
17.08.2021 00:14:39.513,109.242,109.239,1.45,1.57
17.08.2021 00:14:39.615,109.242,109.239,1,1.57
17.08.2021 00:14:39.768,109.243,109.239,2.89,3.07
17.08.2021 00:14:39.819,109.243,109.24000000000001,1.5,2.16
17.08.2021 00:14:39.921,109.245,109.241,4.39,1.1
17.08.2021 00:14:40.023,109.245,109.241,3,1.97
17.08.2021 00:14:40.237,109.245,109.241,2.7,1.57
17.08.2021 00:14:42.459,109.245,109.241,1.69,1.97
17.08.2021 00:14:44.280,109.24600000000001,109.242,3.64,1.1
17.08.2021 00:14:44.534,109.24600000000001,109.242,2.25,2.72
17.08.2021 00:14:45.022,109.24700000000001,109.24600000000001,1.25,1
17.08.2021 00:14:45.123,109.24799999999999,109.244,2.14,1.57
17.08.2021 00:14:45.225,109.24799999999999,109.245,2.2,1
17.08.2021 00:14:45.326,109.24799999999999,109.245,2.14,1
17.08.2021 00:14:47.635,109.24799999999999,109.245,2.95,1
17.08.2021 00:14:47.737,109.24799999999999,109.245,1.39,1.5
17.08.2021 00:14:47.787,109.249,109.24700000000001,1,1
17.08.2021 00:14:47.889,109.25,109.24700000000001,1.69,1.1
17.08.2021 00:14:47.990,109.251,109.25,1.12,1
17.08.2021 00:14:48.092,109.25200000000001,109.249,1.95,1
17.08.2021 00:14:48.193,109.253,109.25,2.14,1
17.08.2021 00:14:48.557,109.25200000000001,109.249,1,2.32
17.08.2021 00:14:55.707,109.25200000000001,109.25,1.25,1
17.08.2021 00:14:55.808,109.253,109.25200000000001,1.25,1
17.08.2021 00:14:55.859,109.255,109.25200000000001,2.85,1.1
17.08.2021 00:14:56.011,109.255,109.25200000000001,1,2.16
17.08.2021 00:14:56.112,109.256,109.254,1,1
17.08.2021 00:14:56.214,109.257,109.255,1,1
17.08.2021 00:14:59.207,109.258,109.255,1.5,1.1
17.08.2021 00:14:59.309,109.258,109.256,1.25,1
17.08.2021 00:14:59.512,109.258,109.255,1.25,2.32
17.08.2021 00:15:00.734,109.257,109.255,3.14,1
17.08.2021 00:15:00.835,109.256,109.253,1.39,1.5
17.08.2021 00:15:05.865,109.256,109.25200000000001,1.39,1.57
17.08.2021 00:15:06.280,109.256,109.254,1,1.1
17.08.2021 00:15:06.634,109.256,109.255,1,1
17.08.2021 00:15:08.370,109.257,109.254,3.89,1
17.08.2021 00:15:08.471,109.255,109.253,3.19,1
17.08.2021 00:15:08.573,109.255,109.251,3.64,2.32
17.08.2021 00:15:08.678,109.254,109.251,1.69,1.57
17.08.2021 00:15:09.201,109.253,109.251,1,1
17.08.2021 00:15:09.453,109.253,109.25,2.14,1.5
17.08.2021 00:15:09.655,109.25200000000001,109.25,1.69,1
17.08.2021 00:15:10.417,109.25200000000001,109.249,1.69,1.57
17.08.2021 00:15:12.221,109.253,109.249,1.69,1
17.08.2021 00:15:14.170,109.253,109.25,1.69,1.1
17.08.2021 00:15:16.665,109.253,109.251,1.25,1
17.08.2021 00:15:17.173,109.253,109.25,1.25,2.32
17.08.2021 00:15:33.901,109.25200000000001,109.25,1.75,2.32
17.08.2021 00:15:33.952,109.25,109.24799999999999,2.87,1.5
17.08.2021 00:15:34.053,109.249,109.24700000000001,1.25,1.2
17.08.2021 00:15:34.155,109.249,109.24600000000001,2.95,1
17.08.2021 00:15:34.256,109.249,109.245,3.7,2.32
17.08.2021 00:15:37.130,109.249,109.24600000000001,1.5,2.76
17.08.2021 00:15:37.231,109.251,109.24700000000001,3,2.91
17.08.2021 00:15:37.332,109.253,109.24700000000001,3.64,1.1
17.08.2021 00:15:37.913,109.25200000000001,109.249,1.95,1
17.08.2021 00:15:39.714,109.25200000000001,109.25,1,1
17.08.2021 00:15:40.915,109.253,109.25,1.69,1.1
17.08.2021 00:16:07.775,109.256,109.25,3.22,2.91
17.08.2021 00:16:07.877,109.255,109.25200000000001,1.5,1.22
17.08.2021 00:16:11.035,109.256,109.25200000000001,3,2.72
17.08.2021 00:16:15.343,109.254,109.251,1,1.1
17.08.2021 00:16:17.314,109.254,109.25,2.89,1.57
17.08.2021 00:16:17.482,109.254,109.25,2.44,1.97
17.08.2021 00:16:17.836,109.254,109.25,2.89,1.57
17.08.2021 00:16:18.015,109.253,109.25,2.14,1
17.08.2021 00:16:18.116,109.254,109.24799999999999,2.89,2.32
17.08.2021 00:16:18.252,109.253,109.25,2.14,1
17.08.2021 00:16:19.501,109.253,109.25,1,1.41
17.08.2021 00:16:19.602,109.253,109.25,1,1.01
17.08.2021 00:16:21.225,109.254,109.25,1.5,3.04
17.08.2021 00:16:22.325,109.254,109.25,2.44,2.72
17.08.2021 00:16:24.499,109.253,109.25,1,1.1
17.08.2021 00:16:24.601,109.25200000000001,109.249,3.19,1.57
17.08.2021 00:16:24.702,109.25,109.24799999999999,1.69,1
17.08.2021 00:16:24.804,109.249,109.245,1,1.27
17.08.2021 00:16:24.905,109.24700000000001,109.245,1,1.57
17.08.2021 00:16:29.176,109.24700000000001,109.244,1.25,1.1
17.08.2021 00:16:30.849,109.24799999999999,109.243,1.25,1.22
17.08.2021 00:16:33.990,109.24700000000001,109.244,1.25,1.2
17.08.2021 00:16:36.252,109.244,109.241,1.75,1.95
17.08.2021 00:16:36.409,109.243,109.24000000000001,1.25,1.95
17.08.2021 00:16:46.529,109.242,109.239,1.25,2.25
17.08.2021 00:16:54.888,109.243,109.239,2.44,2.7
17.08.2021 00:16:54.990,109.243,109.239,1.69,5.47
17.08.2021 00:16:55.092,109.244,109.241,1.75,1.5
17.08.2021 00:16:55.381,109.244,109.241,1.25,1.5
17.08.2021 00:16:59.692,109.244,109.241,1.75,1.5
17.08.2021 00:17:03.666,109.244,109.239,2.2,1.5
17.08.2021 00:17:03.970,109.242,109.238,2.44,2.85
17.08.2021 00:17:04.071,109.242,109.238,3.25,2.1
17.08.2021 00:17:04.486,109.242,109.238,3.7,1.95
17.08.2021 00:17:06.338,109.242,109.238,2.89,1.95
17.08.2021 00:17:06.576,109.242,109.238,3.7,1.95
17.08.2021 00:17:08.505,109.243,109.23700000000001,2.14,2.7
17.08.2021 00:17:09.640,109.242,109.238,2.95,2.7
17.08.2021 00:17:10.826,109.238,109.236,1.75,1.5
17.08.2021 00:17:10.979,109.23700000000001,109.234,2.57,1.12
17.08.2021 00:17:11.181,109.236,109.23299999999999,1.76,1
17.08.2021 00:17:12.279,109.23700000000001,109.23200000000001,2.57,1
17.08.2021 00:17:15.486,109.236,109.23200000000001,3.72,2.25
17.08.2021 00:17:20.304,109.23700000000001,109.235,1.99,1
17.08.2021 00:17:20.406,109.238,109.235,1.69,1.1
17.08.2021 00:17:20.508,109.238,109.236,2.14,1
17.08.2021 00:17:20.680,109.238,109.235,2.14,1
17.08.2021 00:17:20.829,109.23700000000001,109.234,1,2.32
17.08.2021 00:17:20.981,109.238,109.234,1.25,1
17.08.2021 00:17:21.646,109.238,109.235,1.69,2.32
17.08.2021 00:17:22.709,109.238,109.236,1.25,1
17.08.2021 00:17:22.810,109.239,109.23700000000001,1.25,1
17.08.2021 00:17:25.710,109.242,109.239,3.92,1.12
17.08.2021 00:17:25.761,109.244,109.239,1.69,1.95
17.08.2021 00:17:25.964,109.244,109.241,2.44,1.1
17.08.2021 00:17:26.267,109.245,109.241,1.39,2.7
17.08.2021 00:17:27.668,109.245,109.242,1.39,1
17.08.2021 00:17:32.732,109.24600000000001,109.242,1.39,2.7
17.08.2021 00:17:33.049,109.24600000000001,109.242,1.25,3.1
17.08.2021 00:17:34.994,109.24600000000001,109.242,1.39,2.32
17.08.2021 00:17:38.037,109.24600000000001,109.242,2.2,2.7
17.08.2021 00:17:40.852,109.245,109.242,1.75,1.1
17.08.2021 00:17:40.953,109.245,109.241,3.32,2.7
17.08.2021 00:17:42.582,109.242,109.24000000000001,1.25,1
17.08.2021 00:17:42.683,109.242,109.239,1.75,1.5
17.08.2021 00:17:42.785,109.24000000000001,109.23700000000001,1,4.2
17.08.2021 00:18:06.310,109.243,109.239,1.72,1
17.08.2021 00:18:06.411,109.243,109.24000000000001,1.1,1.5
17.08.2021 00:18:06.563,109.244,109.24000000000001,4.01,1.2
17.08.2021 00:18:07.018,109.244,109.239,3.66,3.45
17.08.2021 00:18:07.719,109.244,109.241,1.76,1
17.08.2021 00:18:10.024,109.245,109.242,2.51,1
17.08.2021 00:18:22.178,109.24600000000001,109.242,2.32,3.45
17.08.2021 00:18:22.280,109.24700000000001,109.243,2.91,1.5
17.08.2021 00:18:31.665,109.24700000000001,109.244,1.97,1
17.08.2021 00:18:38.639,109.24700000000001,109.243,2.41,1.5
17.08.2021 00:18:45.066,109.24700000000001,109.244,1.2,1.5
17.08.2021 00:18:45.167,109.24700000000001,109.245,1,1
17.08.2021 00:18:53.684,109.249,109.24700000000001,1,1.39
17.08.2021 00:18:53.785,109.251,109.24799999999999,1.27,1.69
17.08.2021 00:18:55.422,109.251,109.249,1,1
17.08.2021 00:19:00.416,109.25200000000001,109.249,1,1
17.08.2021 00:19:00.467,109.253,109.25,1.95,1
17.08.2021 00:19:10.101,109.255,109.253,1.97,1.25
17.08.2021 00:19:10.152,109.258,109.255,1,2.64
17.08.2021 00:19:10.254,109.259,109.256,2.02,1
17.08.2021 00:19:10.406,109.259,109.255,1.95,2.14
17.08.2021 00:19:10.507,109.26,109.256,5.1,1
17.08.2021 00:19:11.551,109.259,109.255,1.22,2.44
17.08.2021 00:19:12.265,109.259,109.256,1.1,1
17.08.2021 00:19:12.970,109.259,109.256,1.22,1
17.08.2021 00:19:13.444,109.259,109.256,1.1,1
17.08.2021 00:19:14.351,109.26,109.256,2.32,2.14
17.08.2021 00:19:15.825,109.26,109.256,2.72,1.69
17.08.2021 00:19:19.148,109.26,109.257,1.97,1
17.08.2021 00:19:28.730,109.259,109.256,1.1,1.69
17.08.2021 00:19:30.800,109.259,109.257,1.1,1
17.08.2021 00:19:30.952,109.259,109.256,1.1,1.69
17.08.2021 00:19:36.126,109.259,109.255,1.57,2.89
17.08.2021 00:19:39.902,109.259,109.255,2.72,1.69
17.08.2021 00:19:42.153,109.254,109.253,1,4.5
17.08.2021 00:19:42.254,109.254,109.25200000000001,1.1,1
17.08.2021 00:19:42.356,109.253,109.25,1.57,1
17.08.2021 00:19:42.931,109.25200000000001,109.25,1,1
17.08.2021 00:19:44.868,109.249,109.24700000000001,1,2.44
17.08.2021 00:19:45.221,109.249,109.245,1.1,1.69
17.08.2021 00:19:45.373,109.24799999999999,109.245,1.57,1.69
17.08.2021 00:19:45.475,109.24700000000001,109.245,1,1.69
17.08.2021 00:19:45.576,109.24799999999999,109.245,2.32,1.69
17.08.2021 00:19:53.031,109.249,109.245,1.1,1
17.08.2021 00:19:53.685,109.24600000000001,109.245,1,1.69
17.08.2021 00:19:53.787,109.24600000000001,109.245,1,1.69
17.08.2021 00:19:55.545,109.24600000000001,109.243,1,2.14
17.08.2021 00:19:58.670,109.245,109.241,2.7,1
17.08.2021 00:19:58.772,109.242,109.241,1,1
17.08.2021 00:19:58.873,109.242,109.238,1.97,2.25
17.08.2021 00:19:59.469,109.243,109.241,1.05,1
17.08.2021 00:19:59.570,109.244,109.241,2.02,1.25
17.08.2021 00:19:59.673,109.245,109.242,1.1,1.69
17.08.2021 00:19:59.875,109.24600000000001,109.242,2.25,2.89
17.08.2021 00:20:00.665,109.24700000000001,109.241,2.72,1.69
17.08.2021 00:20:00.919,109.245,109.242,1.97,1
17.08.2021 00:20:09.375,109.245,109.241,2.91,1.5
17.08.2021 00:20:10.273,109.24600000000001,109.24000000000001,2.25,2.14
17.08.2021 00:20:12.127,109.244,109.24000000000001,5.14,1.5
17.08.2021 00:20:12.229,109.242,109.239,1.1,1.5
17.08.2021 00:20:13.590,109.243,109.24000000000001,1,1.5
17.08.2021 00:20:13.844,109.245,109.24000000000001,2.7,3.29
17.08.2021 00:20:18.781,109.245,109.24000000000001,1,1.57
17.08.2021 00:20:27.770,109.245,109.241,1.5,1.95
17.08.2021 00:21:00.162,109.24600000000001,109.243,1.5,1
17.08.2021 00:21:00.264,109.245,109.242,1,1
17.08.2021 00:21:00.365,109.245,109.241,1.69,3.45
17.08.2021 00:21:11.883,109.244,109.241,1,1.95
17.08.2021 00:21:11.984,109.242,109.239,1,3.82
17.08.2021 00:21:26.351,109.244,109.24000000000001,4.69,1
17.08.2021 00:21:26.402,109.244,109.242,1.05,1.95
17.08.2021 00:21:26.503,109.245,109.242,1,1.95
17.08.2021 00:21:26.605,109.24600000000001,109.242,4.01,1.95
17.08.2021 00:21:32.410,109.24600000000001,109.241,1,1.2
17.08.2021 00:21:32.512,109.244,109.239,1,2.7
17.08.2021 00:21:35.709,109.243,109.239,1.1,2.89
17.08.2021 00:21:38.663,109.244,109.238,1,3.04
17.08.2021 00:21:45.353,109.243,109.239,1.1,2.89
17.08.2021 00:21:52.496,109.243,109.239,1.5,2.29
17.08.2021 00:21:53.808,109.243,109.239,1.57,2.14
17.08.2021 00:22:00.366,109.243,109.239,1.5,2.29
17.08.2021 00:22:04.493,109.244,109.241,1.43,1.39
17.08.2021 00:22:04.595,109.245,109.241,2.25,2.29
17.08.2021 00:22:22.158,109.24600000000001,109.242,1.5,2.29
17.08.2021 00:22:43.400,109.24600000000001,109.242,1.57,2.7
17.08.2021 00:22:48.848,109.245,109.242,1,1.95
17.08.2021 00:22:48.950,109.245,109.242,1,2.1
17.08.2021 00:22:57.017,109.245,109.24000000000001,1,1.95
17.08.2021 00:23:11.970,109.245,109.24000000000001,2.32,4.22
17.08.2021 00:23:12.122,109.245,109.242,1.57,1
17.08.2021 00:23:14.650,109.24600000000001,109.244,1,1.2
17.08.2021 00:23:14.802,109.24700000000001,109.244,1,2.29
17.08.2021 00:23:14.903,109.24700000000001,109.244,1,1.2
17.08.2021 00:23:15.105,109.24700000000001,109.244,1,2.29
17.08.2021 00:23:22.795,109.24700000000001,109.244,1,1.95
17.08.2021 00:23:22.948,109.24700000000001,109.243,2.7,3.07
17.08.2021 00:23:31.625,109.24600000000001,109.241,1,1.57
17.08.2021 00:23:32.361,109.24600000000001,109.242,1,1
17.08.2021 00:23:32.463,109.24600000000001,109.243,1,1.01
17.08.2021 00:23:35.942,109.24700000000001,109.243,2.7,1.76
17.08.2021 00:23:51.176,109.245,109.242,1.5,1.76
17.08.2021 00:24:18.011,109.245,109.241,2.7,1.01
17.08.2021 00:24:19.896,109.244,109.24000000000001,1,5.04
17.08.2021 00:24:23.352,109.242,109.239,1.5,1.1
17.08.2021 00:24:23.453,109.24000000000001,109.23700000000001,1.5,2.32
17.08.2021 00:24:23.555,109.238,109.234,2.51,2.32
17.08.2021 00:24:23.656,109.23700000000001,109.234,1.5,1.76
17.08.2021 00:24:23.808,109.238,109.23200000000001,3.45,1.1
17.08.2021 00:24:26.902,109.236,109.23200000000001,1,2.91
17.08.2021 00:24:34.354,109.236,109.23200000000001,2.7,1.25
17.08.2021 00:24:45.709,109.236,109.23100000000001,2.14,1.95
17.08.2021 00:24:48.237,109.236,109.23200000000001,2.14,1
17.08.2021 00:24:53.615,109.235,109.23200000000001,1.25,1
17.08.2021 00:25:15.212,109.23700000000001,109.234,1.2,1.41
17.08.2021 00:25:15.364,109.238,109.236,1,1
17.08.2021 00:25:15.465,109.239,109.23700000000001,1,1
17.08.2021 00:25:28.469,109.242,109.239,1,1.57
17.08.2021 00:25:28.572,109.243,109.24000000000001,1.25,1.1
17.08.2021 00:25:48.122,109.244,109.243,1.2,1
17.08.2021 00:25:48.223,109.245,109.243,1,1
17.08.2021 00:25:48.577,109.24700000000001,109.243,2.14,1
17.08.2021 00:25:48.982,109.24700000000001,109.244,1,1.1
17.08.2021 00:25:49.083,109.249,109.243,1.69,1.97
17.08.2021 00:26:07.071,109.24799999999999,109.244,1.39,1.57
17.08.2021 00:26:10.688,109.24600000000001,109.242,1.69,4.22
17.08.2021 00:26:10.895,109.24600000000001,109.24000000000001,4.51,2.32
17.08.2021 00:26:10.997,109.243,109.241,1,1
17.08.2021 00:26:11.557,109.243,109.24000000000001,1,1.1
17.08.2021 00:26:16.213,109.243,109.239,1.2,2.51
17.08.2021 00:26:26.035,109.242,109.238,1.5,2.72
17.08.2021 00:26:26.463,109.242,109.238,1.95,1.57
17.08.2021 00:26:43.367,109.24000000000001,109.23700000000001,1,1.1
17.08.2021 00:26:43.468,109.241,109.23700000000001,1.69,2.72
17.08.2021 00:26:52.820,109.241,109.23700000000001,2.14,1.57
17.08.2021 00:26:52.922,109.239,109.236,1.25,1.57
17.08.2021 00:26:53.024,109.24000000000001,109.236,3.64,1.57
17.08.2021 00:26:53.126,109.239,109.236,1.25,1.1
17.08.2021 00:26:55.402,109.238,109.235,1,1.22
17.08.2021 00:27:00.431,109.236,109.234,1,2.77
17.08.2021 00:27:01.192,109.236,109.23299999999999,1,1.1
17.08.2021 00:27:02.979,109.235,109.23299999999999,1,1.1
17.08.2021 00:27:03.081,109.236,109.23299999999999,1.5,1.1
17.08.2021 00:27:04.178,109.236,109.23200000000001,2.89,1.1
17.08.2021 00:27:04.280,109.234,109.23,3.64,2.32
17.08.2021 00:27:04.382,109.23100000000001,109.229,1,1.95
17.08.2021 00:27:04.483,109.23100000000001,109.228,2.14,1
17.08.2021 00:27:05.110,109.23100000000001,109.227,2.89,1.1
17.08.2021 00:27:12.152,109.23,109.227,1.39,1
17.08.2021 00:27:12.254,109.23,109.226,6.1,1
17.08.2021 00:27:12.711,109.229,109.22500000000001,1.39,1.57
17.08.2021 00:27:13.738,109.23,109.226,4.8,1
17.08.2021 00:27:13.839,109.23,109.227,1.2,1.69
17.08.2021 00:27:13.941,109.23100000000001,109.228,1.2,1.1
17.08.2021 00:27:14.194,109.23200000000001,109.228,2.77,1.57
17.08.2021 00:27:14.578,109.23200000000001,109.228,1,2.16
17.08.2021 00:27:14.729,109.23299999999999,109.229,3.45,1.1
17.08.2021 00:27:15.734,109.23299999999999,109.23,1.95,1
17.08.2021 00:27:18.756,109.235,109.23100000000001,4.99,1.76
17.08.2021 00:27:18.859,109.235,109.23200000000001,1.2,1
17.08.2021 00:27:19.792,109.236,109.23200000000001,1.5,1.5
17.08.2021 00:27:19.999,109.236,109.23299999999999,1.5,1
17.08.2021 00:27:23.607,109.23700000000001,109.235,1.95,1
17.08.2021 00:27:23.709,109.239,109.235,1.12,1.5
17.08.2021 00:27:23.811,109.239,109.23700000000001,1.2,1
17.08.2021 00:27:24.013,109.241,109.23700000000001,2.1,1.5
17.08.2021 00:27:24.114,109.241,109.238,1,1
17.08.2021 00:27:26.787,109.242,109.238,1.5,1.5
17.08.2021 00:27:29.627,109.242,109.23700000000001,1,1
17.08.2021 00:27:29.728,109.241,109.23700000000001,1.2,2.32
17.08.2021 00:27:30.166,109.24000000000001,109.23700000000001,1.2,1.5
17.08.2021 00:27:30.368,109.24000000000001,109.238,1,1.5
17.08.2021 00:27:34.577,109.24000000000001,109.239,1,1
17.08.2021 00:27:35.395,109.241,109.238,2.7,1
17.08.2021 00:27:35.496,109.243,109.239,5.7,1.95
17.08.2021 00:27:35.597,109.243,109.238,1.95,1
17.08.2021 00:27:36.984,109.242,109.238,3.64,1.5
17.08.2021 00:27:37.116,109.241,109.238,1.2,1
17.08.2021 00:27:41.234,109.242,109.238,1.5,1.95
17.08.2021 00:27:41.387,109.242,109.239,1.5,1
17.08.2021 00:27:47.002,109.242,109.238,4.57,1.5
17.08.2021 00:27:47.104,109.241,109.238,1.1,1
17.08.2021 00:27:47.206,109.238,109.23700000000001,1,1
17.08.2021 00:27:47.257,109.238,109.235,1.5,2.44
17.08.2021 00:27:47.359,109.238,109.234,3.45,1.69
17.08.2021 00:27:47.697,109.23700000000001,109.234,1,1.5
17.08.2021 00:27:47.900,109.238,109.234,5.33,1.69
17.08.2021 00:27:55.778,109.238,109.234,3,2.95
17.08.2021 00:27:55.880,109.239,109.23700000000001,1,1
17.08.2021 00:27:55.981,109.241,109.23700000000001,3.75,2.14
17.08.2021 00:27:56.083,109.241,109.23700000000001,2.25,2.95
17.08.2021 00:27:56.185,109.241,109.23700000000001,1.5,2.14
17.08.2021 00:28:00.434,109.239,109.236,1.95,1.69
17.08.2021 00:28:00.537,109.239,109.236,1.5,1.76
17.08.2021 00:28:00.639,109.239,109.236,1,1.76
17.08.2021 00:28:01.080,109.239,109.23700000000001,2.44,1
17.08.2021 00:28:01.130,109.239,109.235,3.07,2.51
17.08.2021 00:28:01.232,109.238,109.235,1.57,1.69
17.08.2021 00:28:01.485,109.239,109.235,1.95,1.76
17.08.2021 00:28:02.160,109.239,109.235,2.32,2.57
17.08.2021 00:28:02.736,109.238,109.235,2.62,1.82
17.08.2021 00:28:02.838,109.239,109.23299999999999,4.2,3.32
17.08.2021 00:28:02.939,109.23700000000001,109.234,1.5,1.01
17.08.2021 00:28:03.292,109.23700000000001,109.23299999999999,2.7,1.76
17.08.2021 00:28:06.788,109.239,109.235,2.7,1.76
17.08.2021 00:28:06.889,109.239,109.236,1.2,1.25
17.08.2021 00:28:06.990,109.24000000000001,109.235,4.35,2.51
17.08.2021 00:28:08.128,109.23700000000001,109.234,1.95,1
17.08.2021 00:28:08.669,109.23700000000001,109.23299999999999,3.45,1.57
17.08.2021 00:28:09.090,109.23700000000001,109.23299999999999,2.7,2.57
17.08.2021 00:28:09.192,109.238,109.234,1.5,2.44
17.08.2021 00:28:09.395,109.238,109.235,1.5,1
17.08.2021 00:28:10.090,109.236,109.234,1,1
17.08.2021 00:28:10.192,109.236,109.23200000000001,1,3.72
17.08.2021 00:28:15.339,109.235,109.23200000000001,1,2.97
17.08.2021 00:28:15.542,109.235,109.23200000000001,1,1.76
17.08.2021 00:28:15.644,109.23299999999999,109.23100000000001,2.25,1
17.08.2021 00:28:15.746,109.23299999999999,109.23,1.5,1.01
17.08.2021 00:28:23.682,109.23299999999999,109.23100000000001,1.5,1
17.08.2021 00:28:29.400,109.234,109.23100000000001,1.5,1.76
17.08.2021 00:28:29.503,109.234,109.23200000000001,1,1
17.08.2021 00:28:29.605,109.235,109.23,1,1.57
17.08.2021 00:28:30.180,109.23299999999999,109.23100000000001,1,1
17.08.2021 00:28:30.281,109.23299999999999,109.23,1.2,1
17.08.2021 00:28:30.433,109.23299999999999,109.229,1.95,2.32
17.08.2021 00:28:42.741,109.23299999999999,109.23,1.95,1
17.08.2021 00:28:46.639,109.23,109.227,1,2.47
17.08.2021 00:28:46.690,109.229,109.227,1,1.1
17.08.2021 00:28:46.792,109.227,109.22200000000001,4.39,9.11
17.08.2021 00:28:46.842,109.22500000000001,109.22200000000001,1,2.21
17.08.2021 00:28:46.944,109.224,109.221,1,2.91
17.08.2021 00:28:47.046,109.224,109.221,1,2.14
17.08.2021 00:28:47.148,109.226,109.224,1,1.57
17.08.2021 00:28:47.250,109.228,109.223,1,1.1
17.08.2021 00:28:47.352,109.228,109.22500000000001,1.95,1
17.08.2021 00:28:48.200,109.228,109.226,1,1
17.08.2021 00:28:49.556,109.228,109.22500000000001,1,1.95
17.08.2021 00:28:49.657,109.228,109.226,1,1
17.08.2021 00:28:49.758,109.23,109.224,1.5,1.95
17.08.2021 00:28:50.932,109.229,109.226,1,1
17.08.2021 00:28:51.786,109.23,109.226,1.5,2.7
17.08.2021 00:29:02.932,109.229,109.226,1,1
17.08.2021 00:29:03.170,109.23,109.226,4.39,1.5
17.08.2021 00:29:06.157,109.229,109.22500000000001,2.25,2.89
17.08.2021 00:29:08.840,109.226,109.223,2.87,1.5
17.08.2021 00:29:08.942,109.226,109.22,2.44,3.15
17.08.2021 00:29:15.207,109.22500000000001,109.22200000000001,1,1
17.08.2021 00:29:19.551,109.228,109.22500000000001,1.5,1.01
17.08.2021 00:29:19.653,109.23,109.226,2.74,1.57
17.08.2021 00:29:19.754,109.23,109.226,2.14,1.57
17.08.2021 00:29:20.448,109.229,109.226,1.95,1
17.08.2021 00:29:20.549,109.228,109.22500000000001,1.2,1
17.08.2021 00:29:20.811,109.228,109.224,1.95,2.51
17.08.2021 00:29:21.728,109.228,109.22500000000001,1.5,1.1
17.08.2021 00:29:21.830,109.229,109.22500000000001,1.95,2.51
17.08.2021 00:29:23.527,109.229,109.22500000000001,1.5,3.66
17.08.2021 00:29:25.589,109.23299999999999,109.23,2.7,1
17.08.2021 00:29:25.697,109.234,109.23,1.95,2.16
17.08.2021 00:29:25.799,109.235,109.23100000000001,2.7,2.51
17.08.2021 00:29:25.901,109.235,109.23100000000001,2.25,2.91
17.08.2021 00:29:45.625,109.235,109.23100000000001,3.64,1.1
17.08.2021 00:29:45.726,109.234,109.23,2.89,2.32
17.08.2021 00:29:54.800,109.234,109.23,1.5,3.66
17.08.2021 00:29:54.902,109.234,109.23100000000001,1,2.29
17.08.2021 00:29:55.163,109.235,109.23100000000001,1,3.04
17.08.2021 00:29:55.417,109.235,109.23299999999999,1,1.5
17.08.2021 00:29:56.306,109.236,109.23299999999999,1,1.5
17.08.2021 00:30:00.190,109.236,109.23200000000001,1.5,2.7
17.08.2021 00:30:00.292,109.236,109.23299999999999,1,1.2
17.08.2021 00:30:00.393,109.23700000000001,109.23299999999999,1.5,3.45
17.08.2021 00:30:00.494,109.238,109.234,4.39,1.5
17.08.2021 00:30:00.595,109.23700000000001,109.23299999999999,2.89,2.7
17.08.2021 00:30:00.697,109.236,109.23299999999999,1,2.7
17.08.2021 00:30:01.384,109.23700000000001,109.23299999999999,1.5,1.95
17.08.2021 00:30:04.583,109.23700000000001,109.23100000000001,1.5,1.95
17.08.2021 00:30:07.834,109.236,109.23299999999999,1,1.95
17.08.2021 00:30:08.416,109.23700000000001,109.234,1,2.7
17.08.2021 00:30:08.518,109.239,109.234,4.45,3.45
17.08.2021 00:30:08.619,109.239,109.235,2.89,1
17.08.2021 00:30:11.973,109.24000000000001,109.235,2.89,1.95
17.08.2021 00:30:14.076,109.24000000000001,109.236,2.89,1
17.08.2021 00:30:17.534,109.239,109.236,1,1.5
17.08.2021 00:30:21.892,109.24000000000001,109.236,1,1
17.08.2021 00:30:21.943,109.239,109.235,2.7,3.45
17.08.2021 00:30:27.553,109.23700000000001,109.234,1,1
17.08.2021 00:30:27.655,109.235,109.23100000000001,1.25,1.3
17.08.2021 00:30:27.757,109.234,109.23100000000001,1.94,1
17.08.2021 00:30:27.858,109.234,109.23,2.69,2.7
17.08.2021 00:30:33.311,109.23200000000001,109.23,1,1.5
17.08.2021 00:30:37.924,109.23299999999999,109.23,1.25,1
17.08.2021 00:30:38.967,109.234,109.23100000000001,1,1.2
17.08.2021 00:30:39.068,109.235,109.229,2.44,2.7
17.08.2021 00:30:39.639,109.23200000000001,109.23,2.44,1
17.08.2021 00:30:39.690,109.23100000000001,109.228,1.69,1
17.08.2021 00:30:39.791,109.23100000000001,109.227,1.69,2.7
17.08.2021 00:30:39.893,109.23,109.227,1,1.95
17.08.2021 00:30:41.557,109.23,109.226,1.5,3.64
17.08.2021 00:30:44.887,109.229,109.226,1,2.89
17.08.2021 00:30:46.347,109.229,109.22500000000001,1.69,2.7
17.08.2021 00:30:46.449,109.228,109.22500000000001,1,1.5
17.08.2021 00:30:47.779,109.228,109.226,1.25,1
17.08.2021 00:30:52.469,109.228,109.22500000000001,1,1.95
17.08.2021 00:30:52.914,109.229,109.22500000000001,1,1.2
17.08.2021 00:30:57.159,109.229,109.226,1.69,1
17.08.2021 00:30:57.261,109.229,109.22500000000001,2.5,2.7
17.08.2021 00:30:57.362,109.229,109.226,1.5,1.2
17.08.2021 00:31:03.310,109.23100000000001,109.228,1.5,1.95
17.08.2021 00:31:03.413,109.23200000000001,109.229,1,1
17.08.2021 00:31:03.515,109.23200000000001,109.23,1,1.5
17.08.2021 00:31:04.235,109.234,109.23100000000001,2.44,1
17.08.2021 00:31:04.337,109.235,109.23100000000001,2.44,2.7
17.08.2021 00:31:05.962,109.235,109.23200000000001,1,1.95
17.08.2021 00:31:13.024,109.234,109.23100000000001,1.75,1.5
17.08.2021 00:31:13.176,109.23299999999999,109.23100000000001,1.25,1
17.08.2021 00:31:13.278,109.234,109.229,1.75,1.95
17.08.2021 00:31:20.767,109.234,109.23100000000001,1.75,1
17.08.2021 00:31:20.869,109.235,109.23100000000001,1.69,2.85
17.08.2021 00:31:24.508,109.235,109.23100000000001,1.69,2.7
17.08.2021 00:31:24.612,109.235,109.23100000000001,2.5,2.7
17.08.2021 00:31:24.714,109.235,109.23100000000001,1.69,2.85
17.08.2021 00:31:25.781,109.235,109.23100000000001,2.44,2.7
17.08.2021 00:31:26.186,109.234,109.23100000000001,1.25,1.95
17.08.2021 00:31:26.439,109.23299999999999,109.23,1.25,2.25
17.08.2021 00:31:28.002,109.236,109.23,4,1.95
17.08.2021 00:31:28.104,109.235,109.23100000000001,1,3.97
17.08.2021 00:31:29.612,109.23700000000001,109.23200000000001,1,1.6
17.08.2021 00:31:29.713,109.238,109.234,2.44,1.95
17.08.2021 00:31:29.915,109.238,109.235,1.69,1
17.08.2021 00:31:30.232,109.239,109.23299999999999,1.69,2.7
17.08.2021 00:31:31.679,109.238,109.234,1.25,3.22
17.08.2021 00:31:31.780,109.239,109.235,1.69,1.95
17.08.2021 00:31:35.700,109.238,109.235,1.25,1.95
17.08.2021 00:31:37.758,109.239,109.236,1.69,1
17.08.2021 00:31:37.910,109.242,109.236,3.94,1.2
17.08.2021 00:31:38.062,109.241,109.238,2.44,1.5
17.08.2021 00:31:38.113,109.243,109.239,2.44,4.57
17.08.2021 00:31:38.214,109.244,109.24000000000001,2.5,3.47
17.08.2021 00:31:38.316,109.245,109.24000000000001,3.7,3.47
17.08.2021 00:32:00.354,109.245,109.242,1.25,1.57
17.08.2021 00:32:00.506,109.24600000000001,109.242,2.89,1.57
17.08.2021 00:32:00.802,109.244,109.241,1,3.47
17.08.2021 00:32:00.903,109.245,109.241,1.69,3.47
17.08.2021 00:32:01.005,109.244,109.241,1.25,2.32
17.08.2021 00:32:01.345,109.242,109.24000000000001,1.69,2.32
17.08.2021 00:32:01.497,109.241,109.239,1.69,1
17.08.2021 00:32:01.598,109.24000000000001,109.23700000000001,1.25,3.45
17.08.2021 00:32:01.699,109.241,109.238,2.44,1.1
17.08.2021 00:32:04.975,109.242,109.239,1.69,1.1
17.08.2021 00:32:05.026,109.242,109.241,1.69,1
17.08.2021 00:32:05.128,109.244,109.241,2.14,1.1
17.08.2021 00:32:05.230,109.243,109.241,1.25,1.1
17.08.2021 00:32:05.526,109.244,109.241,1.69,1.1
17.08.2021 00:32:09.179,109.244,109.242,1,1
17.08.2021 00:32:10.414,109.245,109.242,2.89,1
17.08.2021 00:32:31.705,109.24600000000001,109.243,1,2.7
17.08.2021 00:32:31.807,109.24799999999999,109.24600000000001,1.6,1
17.08.2021 00:32:31.908,109.24799999999999,109.24600000000001,1,1
17.08.2021 00:32:32.764,109.251,109.24700000000001,2.44,2.72
17.08.2021 00:32:32.866,109.25200000000001,109.249,2.59,1
17.08.2021 00:32:37.991,109.25200000000001,109.24799999999999,1,1.1
17.08.2021 00:32:38.154,109.25,109.249,1,1
17.08.2021 00:32:38.357,109.249,109.24700000000001,1,1.1
17.08.2021 00:32:38.764,109.24799999999999,109.24600000000001,1,1.1
17.08.2021 00:32:43.536,109.249,109.24600000000001,1,1
17.08.2021 00:32:43.688,109.25,109.24600000000001,1.25,1.5
17.08.2021 00:32:43.841,109.249,109.24600000000001,1,1.5
17.08.2021 00:32:43.943,109.25,109.24600000000001,1.25,2.7
17.08.2021 00:32:48.102,109.24799999999999,109.24600000000001,1,1
17.08.2021 00:33:07.818,109.251,109.24600000000001,2.52,1.1
17.08.2021 00:33:08.346,109.251,109.24799999999999,3.14,1
17.08.2021 00:33:23.542,109.251,109.24799999999999,1.25,1.57
17.08.2021 00:33:36.920,109.25200000000001,109.24799999999999,3.25,2.72
17.08.2021 00:33:37.021,109.25200000000001,109.249,1.25,1.57
17.08.2021 00:33:55.570,109.253,109.25,1.25,1.1
17.08.2021 00:34:24.840,109.254,109.25,2.14,1.57
17.08.2021 00:34:24.941,109.254,109.253,1.5,1
17.08.2021 00:34:25.042,109.254,109.25200000000001,1.5,1
17.08.2021 00:34:28.579,109.257,109.254,1.2,2.7
17.08.2021 00:34:28.681,109.259,109.256,1.95,1
17.08.2021 00:34:33.844,109.26200000000001,109.259,1,1.95
17.08.2021 00:34:33.946,109.265,109.26,1.5,1
17.08.2021 00:34:35.317,109.265,109.26100000000001,2.44,1.95
17.08.2021 00:34:39.310,109.26299999999999,109.26,3.19,1.2
17.08.2021 00:34:39.412,109.26200000000001,109.258,1.25,1.2
17.08.2021 00:34:39.513,109.26100000000001,109.258,1.75,1
17.08.2021 00:34:43.812,109.26100000000001,109.258,1.25,1
17.08.2021 00:34:46.594,109.26,109.258,1,1
17.08.2021 00:34:47.663,109.259,109.258,1,1
17.08.2021 00:34:47.714,109.259,109.256,1,1
17.08.2021 00:34:51.895,109.259,109.255,1.69,1.2
17.08.2021 00:34:54.725,109.26,109.257,1.5,1.2
17.08.2021 00:34:54.826,109.26100000000001,109.257,2.44,1.95
17.08.2021 00:34:57.213,109.26,109.257,1.25,1
17.08.2021 00:34:57.870,109.259,109.257,1,1
17.08.2021 00:35:01.284,109.26,109.257,1.69,1
17.08.2021 00:35:02.283,109.259,109.257,1,1
17.08.2021 00:35:03.888,109.26,109.257,1.69,1
17.08.2021 00:35:05.064,109.259,109.257,1,1
17.08.2021 00:35:05.417,109.26,109.257,2.62,1
17.08.2021 00:35:12.434,109.259,109.256,1.25,1.5
17.08.2021 00:35:12.586,109.26,109.256,2.44,1.95
17.08.2021 00:35:17.020,109.259,109.256,1.69,1
17.08.2021 00:35:20.261,109.258,109.256,1,1
17.08.2021 00:35:24.805,109.26,109.255,2.44,1
17.08.2021 00:35:24.957,109.26,109.256,1.69,3.45
17.08.2021 00:35:25.212,109.26100000000001,109.256,1.25,1
17.08.2021 00:35:27.485,109.26200000000001,109.258,1,1.95
17.08.2021 00:35:27.587,109.265,109.259,1.69,2.7
17.08.2021 00:35:27.688,109.265,109.26100000000001,2.44,2.7
17.08.2021 00:35:27.789,109.265,109.26200000000001,1.69,1
17.08.2021 00:35:30.552,109.266,109.26200000000001,1.25,2.7
17.08.2021 00:35:32.489,109.265,109.26200000000001,1.25,1.5
17.08.2021 00:35:32.743,109.265,109.26100000000001,1.25,2.7
17.08.2021 00:35:37.082,109.265,109.26200000000001,1.25,1
17.08.2021 00:35:37.183,109.265,109.26100000000001,1.25,2.7
17.08.2021 00:35:38.236,109.264,109.26100000000001,1.25,2.25
17.08.2021 00:35:39.602,109.265,109.26100000000001,2.44,1.95
17.08.2021 00:35:40.135,109.264,109.26100000000001,1.25,1.5
17.08.2021 00:35:47.460,109.266,109.26,3.64,1.5
17.08.2021 00:35:47.562,109.264,109.26100000000001,1.25,1.5
17.08.2021 00:35:47.764,109.26200000000001,109.26,3.32,1.2
17.08.2021 00:35:47.865,109.26100000000001,109.257,1.69,4.3
17.08.2021 00:35:47.967,109.26100000000001,109.257,4.22,3.82
17.08.2021 00:35:48.665,109.259,109.257,1.25,1
17.08.2021 00:35:48.767,109.259,109.256,2.2,1.5
17.08.2021 00:35:48.920,109.259,109.255,3.7,1.1
17.08.2021 00:36:02.468,109.255,109.25200000000001,1.39,1.95
17.08.2021 00:36:02.671,109.255,109.251,1.39,2.32
17.08.2021 00:36:02.772,109.255,109.25200000000001,1,1
17.08.2021 00:36:02.984,109.256,109.25200000000001,1.01,1.5
17.08.2021 00:36:05.916,109.256,109.253,1.01,1
17.08.2021 00:36:07.258,109.257,109.254,2.14,1
17.08.2021 00:36:07.360,109.259,109.254,1.25,1.5
17.08.2021 00:36:07.412,109.26,109.256,2.51,1.5
17.08.2021 00:36:19.315,109.26,109.256,2.95,1.5
17.08.2021 00:36:20.924,109.26,109.256,2.89,1.57
17.08.2021 00:36:31.629,109.259,109.256,1.25,1.57
17.08.2021 00:36:31.680,109.257,109.255,1.39,1
17.08.2021 00:36:31.730,109.257,109.253,1.39,3.52
17.08.2021 00:36:33.500,109.256,109.253,1,1.1
17.08.2021 00:36:54.036,109.258,109.254,4.39,1.1
17.08.2021 00:36:59.086,109.257,109.254,1,1.1
17.08.2021 00:37:04.065,109.256,109.253,2.51,1
17.08.2021 00:37:04.116,109.255,109.251,1.39,3.52
17.08.2021 00:37:15.733,109.254,109.251,1,1.57
17.08.2021 00:37:50.101,109.253,109.25,1.25,1.57
17.08.2021 00:37:51.980,109.25200000000001,109.25,1,1.57
17.08.2021 00:37:52.081,109.251,109.24799999999999,1,1.76
17.08.2021 00:37:52.183,109.249,109.24700000000001,1.25,1
17.08.2021 00:37:52.234,109.249,109.244,1,1.1
17.08.2021 00:37:52.335,109.24700000000001,109.244,1,2.54
17.08.2021 00:37:52.436,109.24700000000001,109.244,1.11,1.12
17.08.2021 00:37:52.841,109.24600000000001,109.243,1,1.97
17.08.2021 00:37:52.942,109.24600000000001,109.243,1,1.1
17.08.2021 00:37:53.820,109.24799999999999,109.244,3.45,1.1
17.08.2021 00:37:57.437,109.24700000000001,109.243,1,2.91
17.08.2021 00:38:02.506,109.244,109.242,3.56,1.95
17.08.2021 00:38:02.607,109.244,109.24000000000001,4.84,2.32
17.08.2021 00:38:02.709,109.244,109.241,2.33,1.57
17.08.2021 00:38:02.810,109.245,109.242,1,1.57
17.08.2021 00:38:02.911,109.24600000000001,109.242,2.7,2.32
17.08.2021 00:38:03.013,109.24600000000001,109.242,1.5,2.91
17.08.2021 00:38:03.116,109.24700000000001,109.243,2.7,1.1
17.08.2021 00:38:39.667,109.24600000000001,109.242,1,2.72
17.08.2021 00:38:50.234,109.24700000000001,109.244,1,1.97
17.08.2021 00:38:50.386,109.24799999999999,109.245,1,1.22
17.08.2021 00:38:50.488,109.24799999999999,109.245,1,2.96
17.08.2021 00:38:50.942,109.24700000000001,109.244,1.39,1
17.08.2021 00:38:51.043,109.24700000000001,109.243,2.14,2.02
17.08.2021 00:38:53.595,109.24700000000001,109.243,3.79,1
17.08.2021 00:38:55.865,109.243,109.241,1.5,1.95
17.08.2021 00:38:55.966,109.243,109.24000000000001,2.44,1.1
17.08.2021 00:38:56.067,109.242,109.24000000000001,1,1.1
17.08.2021 00:39:02.582,109.244,109.241,3.83,1.22
17.08.2021 00:39:02.683,109.24600000000001,109.24000000000001,1.25,2.72
17.08.2021 00:39:02.785,109.24600000000001,109.242,1,4.36
17.08.2021 00:39:03.106,109.24600000000001,109.243,1,1.66
17.08.2021 00:39:03.359,109.24600000000001,109.242,1,2.16
17.08.2021 00:39:08.432,109.24600000000001,109.242,1.2,1.57
17.08.2021 00:39:08.533,109.245,109.242,1,1.57
17.08.2021 00:39:08.635,109.245,109.241,1.95,1.57
17.08.2021 00:39:10.861,109.245,109.24000000000001,3.07,1
17.08.2021 00:39:10.963,109.243,109.24000000000001,1,1.57
17.08.2021 00:39:18.490,109.242,109.238,1,1
17.08.2021 00:39:18.823,109.242,109.239,1.5,1.01
17.08.2021 00:39:27.369,109.243,109.24000000000001,1,1.01
17.08.2021 00:39:30.803,109.242,109.239,1,3.66
17.08.2021 00:39:34.776,109.242,109.239,1.5,1.1
17.08.2021 00:39:34.877,109.241,109.238,1.25,1.1
17.08.2021 00:39:34.979,109.239,109.236,1,1.1
17.08.2021 00:39:35.080,109.238,109.235,1,1.95
17.08.2021 00:39:35.231,109.239,109.235,1.76,1.5
17.08.2021 00:39:39.879,109.24000000000001,109.23700000000001,1,1.25
17.08.2021 00:39:39.980,109.241,109.23700000000001,2.32,2.44
17.08.2021 00:39:40.233,109.24000000000001,109.236,2.25,4.09
17.08.2021 00:39:41.601,109.24000000000001,109.234,1,2.89
17.08.2021 00:39:46.262,109.239,109.23700000000001,1,1.1
17.08.2021 00:39:46.363,109.24000000000001,109.23700000000001,1,1.57
17.08.2021 00:39:47.116,109.24000000000001,109.236,3.07,1.5
17.08.2021 00:39:47.952,109.239,109.236,1,1
17.08.2021 00:39:51.839,109.24000000000001,109.23700000000001,1,1.1
17.08.2021 00:39:52.454,109.24000000000001,109.236,2.7,2.32
17.08.2021 00:39:53.010,109.239,109.235,3,2.72
17.08.2021 00:39:53.141,109.236,109.23299999999999,1,3.17
17.08.2021 00:39:53.344,109.23700000000001,109.23200000000001,1,1.57
17.08.2021 00:39:56.444,109.236,109.23299999999999,1.5,3.16
17.08.2021 00:39:56.545,109.239,109.236,1,2.91
17.08.2021 00:39:56.596,109.242,109.236,5.7,1.1
17.08.2021 00:40:02.004,109.241,109.23700000000001,1.5,4.41
17.08.2021 00:40:14.972,109.244,109.239,1.5,1.1
17.08.2021 00:40:15.074,109.244,109.241,1,1.57
17.08.2021 00:40:15.175,109.245,109.243,1,1
17.08.2021 00:40:15.226,109.245,109.241,1.5,3.64
17.08.2021 00:40:15.327,109.245,109.241,1,3.66
17.08.2021 00:40:17.691,109.245,109.241,1.95,2.51
17.08.2021 00:40:17.741,109.243,109.24000000000001,1.5,1.76
17.08.2021 00:40:22.922,109.244,109.238,2.7,1.76
17.08.2021 00:40:23.024,109.242,109.238,2.7,2.32
17.08.2021 00:40:25.388,109.243,109.238,1.5,1.01
17.08.2021 00:40:25.491,109.243,109.239,3,3.66
17.08.2021 00:40:28.088,109.243,109.239,2.7,3.26
17.08.2021 00:40:35.534,109.244,109.24000000000001,1,1
17.08.2021 00:40:35.686,109.245,109.241,2.32,1.5
17.08.2021 00:40:53.988,109.245,109.242,1,1
17.08.2021 00:40:59.520,109.245,109.243,1,1
17.08.2021 00:40:59.672,109.245,109.242,1.1,1.5
17.08.2021 00:41:11.801,109.245,109.239,3.26,2.7
17.08.2021 00:41:13.651,109.244,109.24000000000001,5.24,1
17.08.2021 00:41:21.062,109.243,109.239,1.1,3.64
17.08.2021 00:41:31.999,109.243,109.24000000000001,1.1,1
17.08.2021 00:41:35.604,109.243,109.239,1.1,4.39
17.08.2021 00:41:37.210,109.243,109.24000000000001,1.1,1
17.08.2021 00:41:37.835,109.243,109.239,1.1,4.39
17.08.2021 00:41:40.295,109.244,109.241,1.2,2.14
17.08.2021 00:41:40.397,109.245,109.241,2.51,2.7
17.08.2021 00:41:46.547,109.243,109.241,1,1
17.08.2021 00:41:46.648,109.244,109.239,1,2.14
17.08.2021 00:41:50.975,109.243,109.239,1.57,1.27
17.08.2021 00:41:54.138,109.243,109.238,6.29,2.8
17.08.2021 00:41:59.513,109.243,109.239,3.07,2.27
17.08.2021 00:42:00.488,109.243,109.239,2.32,1.46
17.08.2021 00:42:00.741,109.243,109.239,2.32,2.27
17.08.2021 00:42:00.893,109.243,109.239,2.32,1.46
17.08.2021 00:42:03.750,109.243,109.24000000000001,2.32,1
17.08.2021 00:42:13.352,109.244,109.242,1.2,1
17.08.2021 00:42:13.403,109.24600000000001,109.243,2.14,1.2
17.08.2021 00:42:13.504,109.24700000000001,109.243,1.2,1.5
17.08.2021 00:42:16.101,109.24700000000001,109.242,1.1,1
17.08.2021 00:42:18.334,109.24600000000001,109.242,1.57,2.7
17.08.2021 00:42:24.276,109.24600000000001,109.243,1.1,1.5
17.08.2021 00:42:32.618,109.245,109.243,1.5,1.5
17.08.2021 00:42:32.720,109.24600000000001,109.243,1.1,1
17.08.2021 00:42:44.870,109.245,109.242,1.76,1.5
17.08.2021 00:42:46.585,109.244,109.242,1.2,1
17.08.2021 00:42:46.686,109.243,109.241,1,1
17.08.2021 00:42:48.843,109.245,109.241,2.89,1.95
17.08.2021 00:42:48.958,109.245,109.242,1.76,1
17.08.2021 00:42:49.110,109.24600000000001,109.244,2.44,1
17.08.2021 00:42:49.536,109.24600000000001,109.243,1,1.95
17.08.2021 00:43:14.561,109.24600000000001,109.243,1,2.1
17.08.2021 00:43:14.663,109.24799999999999,109.245,1.5,1.2
17.08.2021 00:43:15.524,109.24799999999999,109.244,3.07,2.7
17.08.2021 00:43:15.832,109.24799999999999,109.245,1.5,1.2
17.08.2021 00:43:15.985,109.24799999999999,109.24600000000001,1.5,1
17.08.2021 00:43:18.136,109.24799999999999,109.245,1.5,1.2
17.08.2021 00:43:18.237,109.24799999999999,109.24600000000001,1.5,1
17.08.2021 00:43:18.389,109.24799999999999,109.245,1.5,1.2
17.08.2021 00:43:18.743,109.24799999999999,109.244,1.76,2.7
17.08.2021 00:43:23.318,109.24799999999999,109.244,2.44,2.85
17.08.2021 00:43:23.470,109.25,109.24700000000001,2.7,1.95
17.08.2021 00:43:23.572,109.25200000000001,109.24700000000001,4.01,1
17.08.2021 00:43:23.725,109.253,109.25,3.6,1.2
17.08.2021 00:43:23.826,109.254,109.251,3.11,1
17.08.2021 00:43:23.927,109.254,109.251,1.76,1
17.08.2021 00:43:35.114,109.255,109.25200000000001,1.41,1
17.08.2021 00:43:35.216,109.255,109.25200000000001,1.1,1
17.08.2021 00:43:35.318,109.257,109.255,1.5,1
17.08.2021 00:43:35.572,109.259,109.255,5.16,1
17.08.2021 00:43:39.781,109.259,109.255,1.57,1.95
17.08.2021 00:43:39.933,109.259,109.256,1.1,1
17.08.2021 00:43:43.141,109.259,109.255,3.19,1.5
17.08.2021 00:43:43.242,109.255,109.25200000000001,1.1,1.95
17.08.2021 00:43:43.344,109.255,109.251,1.95,2.7
17.08.2021 00:43:43.548,109.255,109.251,4.79,2.25
17.08.2021 00:43:43.649,109.254,109.251,1.22,1.5
17.08.2021 00:43:44.341,109.254,109.25,4.49,1
17.08.2021 00:43:46.258,109.253,109.25,2.91,1
17.08.2021 00:43:46.359,109.253,109.249,4.11,2.25
17.08.2021 00:43:46.613,109.25,109.24700000000001,1.57,1
17.08.2021 00:43:46.714,109.25,109.24600000000001,3.83,3.9
17.08.2021 00:43:46.816,109.249,109.245,2.32,2.7
17.08.2021 00:43:48.642,109.249,109.245,3.47,1.5
17.08.2021 00:43:53.062,109.249,109.245,2.51,2.7
17.08.2021 00:43:53.166,109.249,109.245,4.04,1.5
17.08.2021 00:43:54.135,109.24799999999999,109.244,3.66,1
17.08.2021 00:43:54.236,109.24700000000001,109.243,3.26,1.2
17.08.2021 00:43:54.338,109.24700000000001,109.242,5.66,2.44
17.08.2021 00:43:54.591,109.244,109.242,1,1
17.08.2021 00:43:54.693,109.245,109.242,1.76,1
17.08.2021 00:44:01.106,109.245,109.241,4.01,2.7
17.08.2021 00:44:11.315,109.245,109.241,4.41,2.25
17.08.2021 00:44:12.810,109.245,109.241,3.94,2.25
17.08.2021 00:44:13.185,109.245,109.241,5.16,2.25
17.08.2021 00:44:17.180,109.245,109.241,3.19,2.25
17.08.2021 00:44:28.331,109.243,109.239,4.22,2.25
17.08.2021 00:44:28.433,109.241,109.23700000000001,1.1,4.46
17.08.2021 00:44:28.534,109.241,109.23700000000001,4.41,1.12
17.08.2021 00:44:29.206,109.24000000000001,109.236,1.01,2.7
17.08.2021 00:44:29.308,109.24000000000001,109.236,1.41,2.25
17.08.2021 00:44:29.410,109.239,109.235,5.54,2.25
17.08.2021 00:44:29.663,109.236,109.23299999999999,1,1.2
17.08.2021 00:44:29.764,109.235,109.23200000000001,1.76,1.5
17.08.2021 00:44:30.070,109.235,109.23100000000001,4.41,2.25
17.08.2021 00:44:31.990,109.235,109.23100000000001,1.57,2.89
17.08.2021 00:44:32.142,109.235,109.23100000000001,1.5,4.04
17.08.2021 00:44:32.244,109.23700000000001,109.234,1.57,1.5
17.08.2021 00:44:33.043,109.239,109.235,1,1
17.08.2021 00:44:33.144,109.239,109.236,1,1
17.08.2021 00:44:33.599,109.239,109.235,1,2.25
17.08.2021 00:44:41.596,109.239,109.235,1.97,1
17.08.2021 00:44:43.614,109.236,109.23299999999999,1,1.95
17.08.2021 00:44:43.766,109.236,109.23100000000001,1.76,1
17.08.2021 00:44:43.868,109.235,109.23100000000001,3.26,2.7
17.08.2021 00:44:43.969,109.23299999999999,109.23100000000001,2.44,1
17.08.2021 00:44:44.070,109.23200000000001,109.228,2.57,1.57
17.08.2021 00:44:44.171,109.23100000000001,109.22500000000001,2.91,2.25
17.08.2021 00:44:44.424,109.229,109.22500000000001,2.51,2.7
17.08.2021 00:44:45.346,109.229,109.22500000000001,3.32,2.7
17.08.2021 00:44:45.449,109.229,109.22500000000001,1.76,2.7
17.08.2021 00:44:46.090,109.229,109.226,1,2.44
17.08.2021 00:44:46.141,109.23299999999999,109.23,2.66,1
17.08.2021 00:44:46.244,109.23299999999999,109.229,2.74,2.25
17.08.2021 00:44:46.346,109.23299999999999,109.229,2.14,2.25
17.08.2021 00:44:51.314,109.23299999999999,109.228,3.14,1
17.08.2021 00:44:51.415,109.23,109.227,1,1
17.08.2021 00:44:51.517,109.229,109.226,1.25,1.5
17.08.2021 00:44:51.734,109.229,109.22500000000001,2.14,1.12
17.08.2021 00:44:53.083,109.227,109.224,1.25,1.5
17.08.2021 00:44:54.501,109.228,109.224,2.14,1.5
17.08.2021 00:44:56.234,109.228,109.224,3.7,1.5
17.08.2021 00:45:00.185,109.227,109.223,1.25,2.7
17.08.2021 00:45:00.287,109.227,109.224,1,1
17.08.2021 00:45:01.605,109.226,109.22200000000001,3.89,2.25
17.08.2021 00:45:01.706,109.22500000000001,109.221,1.69,2.7
17.08.2021 00:45:01.808,109.223,109.221,1,1.5
17.08.2021 00:45:02.957,109.22500000000001,109.221,3.64,1.5
17.08.2021 00:45:04.533,109.22500000000001,109.221,2.25,3.04
17.08.2021 00:45:09.775,109.227,109.221,3.19,1.95
17.08.2021 00:45:10.591,109.22500000000001,109.22200000000001,1.5,1
17.08.2021 00:45:11.572,109.227,109.22200000000001,1,2.7
17.08.2021 00:45:11.673,109.227,109.224,2.67,1
17.08.2021 00:45:14.608,109.228,109.224,2.25,2.85
17.08.2021 00:45:14.929,109.228,109.224,2.25,3.45
17.08.2021 00:45:15.538,109.229,109.224,1.5,1.2
17.08.2021 00:45:19.933,109.23,109.224,1.25,3.45
17.08.2021 00:45:29.570,109.23,109.226,3.89,1
17.08.2021 00:45:31.286,109.23,109.226,2.44,1.2
17.08.2021 00:45:31.539,109.23100000000001,109.228,1.95,1
17.08.2021 00:45:31.641,109.234,109.229,1.2,1.2
17.08.2021 00:45:31.743,109.234,109.23,1.25,2.7
17.08.2021 00:45:33.052,109.234,109.23200000000001,1.25,1
17.08.2021 00:45:33.532,109.235,109.23200000000001,1.25,1.95
17.08.2021 00:45:33.633,109.23700000000001,109.23299999999999,4.52,1
17.08.2021 00:45:33.886,109.23700000000001,109.23299999999999,2.44,1.95
17.08.2021 00:45:41.076,109.23700000000001,109.23299999999999,4.45,1
17.08.2021 00:45:43.901,109.236,109.23200000000001,1.25,2.7
17.08.2021 00:45:47.740,109.236,109.23100000000001,1,1.5
17.08.2021 00:45:47.841,109.236,109.23200000000001,4.09,1.5
17.08.2021 00:45:48.368,109.23700000000001,109.23299999999999,3.7,1
17.08.2021 00:45:48.681,109.238,109.23100000000001,3.7,3.45
17.08.2021 00:45:48.782,109.23700000000001,109.23200000000001,4.84,3.64
17.08.2021 00:45:49.136,109.23700000000001,109.23299999999999,3.64,1
17.08.2021 00:45:50.651,109.24000000000001,109.235,3.9,1
17.08.2021 00:45:51.064,109.239,109.236,1.69,1
17.08.2021 00:45:51.166,109.24000000000001,109.236,2.81,2.7
17.08.2021 00:45:51.267,109.24000000000001,109.23700000000001,2.89,1
17.08.2021 00:45:54.068,109.241,109.23700000000001,1.25,3.45
17.08.2021 00:45:54.169,109.241,109.238,1,1
17.08.2021 00:45:58.286,109.242,109.238,1,2.7
17.08.2021 00:46:04.215,109.243,109.238,2.89,3.45
17.08.2021 00:46:41.202,109.244,109.242,2.25,1
17.08.2021 00:46:41.253,109.24600000000001,109.245,1.87,1
17.08.2021 00:46:41.304,109.249,109.245,2.15,2.32
17.08.2021 00:46:41.406,109.249,109.245,2.4,2.51
17.08.2021 00:47:13.574,109.25,109.244,2.2,2.32
17.08.2021 00:47:29.736,109.24700000000001,109.244,1.94,1.57
17.08.2021 00:47:29.838,109.245,109.242,1.25,3.52
17.08.2021 00:48:22.949,109.24700000000001,109.243,2.51,1
17.08.2021 00:48:31.362,109.245,109.242,1.25,1.57
17.08.2021 00:48:34.840,109.245,109.242,1.75,1.1
17.08.2021 00:48:34.942,109.243,109.241,1.25,1
17.08.2021 00:48:35.043,109.243,109.238,1,1.57
17.08.2021 00:48:35.246,109.241,109.238,1,2.72
17.08.2021 00:48:36.237,109.241,109.238,1,1.57
17.08.2021 00:48:38.583,109.241,109.23700000000001,4.64,1.1
17.08.2021 00:48:38.684,109.241,109.23700000000001,3.64,1.1
17.08.2021 00:48:41.497,109.241,109.235,2.14,3.82
17.08.2021 00:48:41.649,109.239,109.235,1.5,5.42
17.08.2021 00:48:41.752,109.24000000000001,109.234,2.64,2.32
17.08.2021 00:48:42.484,109.239,109.235,1.39,2.32
17.08.2021 00:48:45.611,109.239,109.235,1.69,1.97
17.08.2021 00:48:54.087,109.239,109.235,1.39,2.32
17.08.2021 00:48:54.190,109.238,109.235,1.25,1.57
17.08.2021 00:48:54.291,109.236,109.234,1,1
17.08.2021 00:48:54.393,109.235,109.23200000000001,1,1.97
17.08.2021 00:48:59.834,109.235,109.23100000000001,1.5,2.91
17.08.2021 00:49:01.501,109.234,109.23100000000001,1.25,1.57
17.08.2021 00:49:01.603,109.234,109.23,2.14,2.32
17.08.2021 00:49:01.705,109.234,109.23,3.14,2.32
17.08.2021 00:49:10.110,109.234,109.23,1.39,2.32
17.08.2021 00:49:12.309,109.23200000000001,109.229,1.5,1.57
17.08.2021 00:49:12.410,109.23100000000001,109.227,1.5,3.92
17.08.2021 00:49:12.562,109.23,109.227,1,1.57
17.08.2021 00:49:16.575,109.23299999999999,109.229,1,1.57
17.08.2021 00:49:16.676,109.23299999999999,109.23,1.2,1.57
17.08.2021 00:49:19.020,109.234,109.229,1,2.16
17.08.2021 00:49:19.071,109.235,109.23200000000001,1,1
17.08.2021 00:49:19.977,109.236,109.23200000000001,1.57,1
17.08.2021 00:49:29.977,109.236,109.23299999999999,1.01,1
17.08.2021 00:49:30.122,109.235,109.23100000000001,2.89,1.57
17.08.2021 00:49:30.683,109.235,109.23200000000001,1,1.5
17.08.2021 00:49:30.784,109.235,109.23299999999999,1,1
17.08.2021 00:49:35.708,109.236,109.23299999999999,1.01,1
17.08.2021 00:49:48.030,109.235,109.23100000000001,1.25,2.7
17.08.2021 00:49:51.184,109.235,109.23200000000001,1,1
17.08.2021 00:49:51.540,109.236,109.23200000000001,1.57,1.5
17.08.2021 00:49:57.620,109.23700000000001,109.23299999999999,3.47,2.25
17.08.2021 00:49:57.671,109.23700000000001,109.235,1,1.95
17.08.2021 00:49:57.773,109.241,109.236,1.6,1.5
17.08.2021 00:49:57.874,109.241,109.23700000000001,2.44,1.95
17.08.2021 00:49:58.627,109.243,109.23700000000001,1.95,1.95
17.08.2021 00:49:58.729,109.242,109.239,1.2,1
17.08.2021 00:50:01.900,109.243,109.239,3.64,1.5
17.08.2021 00:50:02.152,109.244,109.241,1,1
17.08.2021 00:50:02.203,109.245,109.243,1.2,1
17.08.2021 00:50:02.355,109.24799999999999,109.244,3.64,1
17.08.2021 00:50:03.484,109.249,109.245,1.76,1.95
17.08.2021 00:50:04.071,109.25,109.24600000000001,6.89,1
17.08.2021 00:50:11.792,109.25,109.24600000000001,5.96,1.5
17.08.2021 00:50:13.692,109.249,109.24600000000001,1,1
17.08.2021 00:50:17.715,109.25,109.24600000000001,1,2.89
17.08.2021 00:50:17.816,109.251,109.24700000000001,1.39,1.5
17.08.2021 00:50:17.867,109.251,109.249,1,1
17.08.2021 00:50:17.968,109.25200000000001,109.249,1.25,1
17.08.2021 00:50:18.069,109.25200000000001,109.24799999999999,1.25,1.95
17.08.2021 00:50:18.171,109.25200000000001,109.249,1.25,1
17.08.2021 00:50:20.362,109.253,109.249,1,2.14
17.08.2021 00:50:22.164,109.254,109.25,1.5,1
17.08.2021 00:50:24.439,109.253,109.25,2.14,1
17.08.2021 00:50:26.531,109.253,109.251,1,1
17.08.2021 00:50:28.732,109.254,109.251,1.69,1
17.08.2021 00:50:30.337,109.256,109.253,1.13,2.25
17.08.2021 00:50:30.438,109.257,109.255,1.5,1
17.08.2021 00:50:35.607,109.255,109.25200000000001,1.2,1.5
17.08.2021 00:50:35.860,109.254,109.25200000000001,1.69,1
17.08.2021 00:50:42.076,109.255,109.25,4.39,1
17.08.2021 00:50:45.287,109.25200000000001,109.251,1.25,1
17.08.2021 00:50:45.339,109.249,109.24700000000001,2.25,1.2
17.08.2021 00:50:45.440,109.24799999999999,109.245,1.2,1.5
17.08.2021 00:50:45.834,109.24700000000001,109.244,2.32,1
17.08.2021 00:50:45.935,109.24600000000001,109.244,1.5,1
17.08.2021 00:50:46.036,109.24600000000001,109.243,1.5,1.5
17.08.2021 00:50:50.057,109.245,109.242,1.2,1
17.08.2021 00:50:51.299,109.245,109.242,4.64,1
17.08.2021 00:50:52.079,109.245,109.242,3.64,1
17.08.2021 00:50:55.179,109.244,109.242,1,1
17.08.2021 00:50:58.752,109.245,109.242,1.95,1
17.08.2021 00:50:59.738,109.244,109.242,1,1
17.08.2021 00:50:59.839,109.245,109.242,1.2,1
17.08.2021 00:51:15.301,109.24600000000001,109.242,3,2.16
17.08.2021 00:51:15.402,109.249,109.24700000000001,1.87,1
17.08.2021 00:51:15.504,109.25,109.24700000000001,1.95,1
17.08.2021 00:51:15.605,109.25,109.24799999999999,1,1
17.08.2021 00:51:15.807,109.25,109.24600000000001,1,4.11
17.08.2021 00:51:15.959,109.25,109.249,1,1
17.08.2021 00:51:16.061,109.25200000000001,109.249,1.95,1
17.08.2021 00:51:16.162,109.254,109.25,4.91,1.5
17.08.2021 00:51:17.504,109.254,109.24799999999999,1.95,2.32
17.08.2021 00:51:21.621,109.251,109.24600000000001,2.32,1.5
17.08.2021 00:51:21.724,109.249,109.24600000000001,1,2.77
17.08.2021 00:51:23.431,109.249,109.245,5.74,1.5
17.08.2021 00:51:27.421,109.24700000000001,109.244,1,1.1
17.08.2021 00:51:31.636,109.24799999999999,109.245,3.45,1
17.08.2021 00:51:32.387,109.24799999999999,109.244,3.07,2.32
17.08.2021 00:51:37.173,109.24799999999999,109.244,5.27,2.32
17.08.2021 00:51:37.617,109.24799999999999,109.244,4.46,2.32
17.08.2021 00:51:40.277,109.24700000000001,109.244,1.01,1.5
17.08.2021 00:51:40.378,109.24700000000001,109.243,2.51,2.25
17.08.2021 00:51:42.608,109.24700000000001,109.243,3.7,2.25
17.08.2021 00:51:43.672,109.244,109.24000000000001,1,3.92
17.08.2021 00:51:44.255,109.244,109.24000000000001,1.75,2.72
17.08.2021 00:51:49.242,109.244,109.24000000000001,2.2,1.57
17.08.2021 00:51:49.608,109.243,109.239,1.39,3.71
17.08.2021 00:51:51.466,109.243,109.239,2.95,1.1
17.08.2021 00:51:51.847,109.242,109.238,3.14,1.57
17.08.2021 00:51:51.948,109.241,109.238,1.5,1.1
17.08.2021 00:51:52.050,109.242,109.238,4.9,1.1
17.08.2021 00:51:56.294,109.241,109.23700000000001,2.89,1.57
17.08.2021 00:51:56.396,109.241,109.23700000000001,3.89,1.57
17.08.2021 00:51:57.162,109.24000000000001,109.236,3.7,1.57
17.08.2021 00:52:00.811,109.239,109.236,1.25,1.57
17.08.2021 00:52:01.319,109.238,109.235,1.25,2.32
17.08.2021 00:52:02.765,109.239,109.235,3.06,1.97
17.08.2021 00:52:02.866,109.238,109.236,1.25,1.1
17.08.2021 00:52:02.968,109.238,109.235,1.25,1.57
17.08.2021 00:52:06.070,109.239,109.23299999999999,1.82,2.7
17.08.2021 00:52:06.449,109.238,109.235,1.82,1
17.08.2021 00:52:08.365,109.23700000000001,109.234,1.76,1
17.08.2021 00:52:08.466,109.23700000000001,109.23299999999999,1.76,2.7
17.08.2021 00:52:08.567,109.236,109.23200000000001,2.51,3.45
17.08.2021 00:52:08.668,109.236,109.23200000000001,3.51,1.2
17.08.2021 00:52:09.093,109.234,109.23200000000001,1.01,1
17.08.2021 00:52:09.144,109.234,109.23,1.01,2.89
17.08.2021 00:52:09.598,109.234,109.23,2.97,2.44
17.08.2021 00:52:13.617,109.23299999999999,109.23,1.25,2.51
17.08.2021 00:52:18.294,109.23,109.227,1.01,1.5
17.08.2021 00:52:18.396,109.23,109.226,2.51,1.2
17.08.2021 00:52:18.497,109.23,109.22500000000001,4.04,3.26
17.08.2021 00:52:21.197,109.226,109.224,1.82,1
17.08.2021 00:52:21.298,109.227,109.223,2.91,2.25
17.08.2021 00:52:21.706,109.224,109.223,1,1
17.08.2021 00:52:21.922,109.224,109.22200000000001,1,1
17.08.2021 00:52:23.996,109.226,109.223,1.35,1.5
17.08.2021 00:52:25.295,109.227,109.223,3.64,2.32
17.08.2021 00:52:26.201,109.226,109.223,2.44,1.1
17.08.2021 00:52:35.918,109.227,109.22500000000001,1,1
17.08.2021 00:52:36.020,109.229,109.22500000000001,3.34,1
17.08.2021 00:52:36.323,109.228,109.22500000000001,1,1
17.08.2021 00:52:42.532,109.229,109.22500000000001,1.25,1.22
17.08.2021 00:52:42.583,109.23299999999999,109.229,1.72,1
17.08.2021 00:52:42.685,109.23299999999999,109.23,1.39,1
17.08.2021 00:52:42.837,109.235,109.23,1.84,1
17.08.2021 00:52:43.140,109.235,109.23200000000001,2.14,1
17.08.2021 00:52:43.393,109.236,109.23299999999999,1.2,1
17.08.2021 00:52:47.746,109.239,109.234,1.2,1.5
17.08.2021 00:52:49.744,109.238,109.236,1.2,1
17.08.2021 00:52:57.108,109.24000000000001,109.23700000000001,1.2,1.57
17.08.2021 00:52:57.160,109.241,109.239,1.25,1
17.08.2021 00:52:57.263,109.241,109.238,1.39,1
17.08.2021 00:52:57.466,109.241,109.23700000000001,1.39,2.32
17.08.2021 00:53:00.015,109.241,109.236,2.62,1.1
17.08.2021 00:53:00.117,109.239,109.236,1.39,1.5
17.08.2021 00:53:00.219,109.239,109.23299999999999,2.89,1.1
17.08.2021 00:53:00.321,109.238,109.23299999999999,5.29,2.32
17.08.2021 00:53:00.627,109.238,109.235,2.7,1
17.08.2021 00:53:00.729,109.238,109.236,1,1
17.08.2021 00:53:00.831,109.239,109.236,1,1.1
17.08.2021 00:53:01.034,109.239,109.235,2.89,1.57
17.08.2021 00:53:10.984,109.239,109.236,2.14,1
17.08.2021 00:53:11.086,109.241,109.239,1.29,1
17.08.2021 00:53:11.289,109.24000000000001,109.239,1,1
17.08.2021 00:53:11.340,109.24000000000001,109.23700000000001,1,1.2
17.08.2021 00:53:11.593,109.24000000000001,109.235,1.76,1
17.08.2021 00:53:11.706,109.238,109.234,2.7,3.9
17.08.2021 00:53:11.808,109.23700000000001,109.234,1.57,1
17.08.2021 00:53:12.013,109.238,109.234,2.51,1.2
17.08.2021 00:53:12.410,109.238,109.236,1.76,1
17.08.2021 00:53:13.594,109.23700000000001,109.234,1.01,1
17.08.2021 00:53:13.697,109.23700000000001,109.235,1.57,1
17.08.2021 00:53:14.704,109.238,109.23200000000001,2.51,1.2
17.08.2021 00:53:14.805,109.236,109.23200000000001,1.57,1.95
17.08.2021 00:53:18.862,109.235,109.23100000000001,1.69,2.7
17.08.2021 00:53:22.721,109.236,109.23100000000001,1,1.87
17.08.2021 00:53:22.823,109.236,109.23200000000001,1.69,1.95
17.08.2021 00:53:22.925,109.235,109.23100000000001,2.89,1
17.08.2021 00:53:23.229,109.234,109.23100000000001,1,1
17.08.2021 00:53:23.331,109.235,109.23100000000001,2.89,1
17.08.2021 00:53:25.717,109.234,109.23100000000001,1.25,1
17.08.2021 00:53:26.647,109.23299999999999,109.23100000000001,1.25,1
17.08.2021 00:53:26.750,109.23299999999999,109.23,3.64,1
17.08.2021 00:53:26.851,109.23200000000001,109.229,1.75,1.5
17.08.2021 00:53:26.902,109.23,109.226,1.5,5.32
17.08.2021 00:53:26.953,109.23,109.228,1,1
17.08.2021 00:53:27.054,109.23100000000001,109.228,1.39,1
17.08.2021 00:53:30.079,109.23,109.228,1.25,1
17.08.2021 00:53:30.383,109.23100000000001,109.228,1.25,1
17.08.2021 00:53:31.791,109.23100000000001,109.227,1.25,1
17.08.2021 00:53:34.926,109.23200000000001,109.229,1,1.1
17.08.2021 00:53:35.027,109.235,109.23,1.2,2.32
17.08.2021 00:53:35.381,109.234,109.23100000000001,1.75,1.57
17.08.2021 00:53:36.738,109.234,109.23100000000001,1.25,1.95
17.08.2021 00:53:36.907,109.234,109.23100000000001,1.75,1.95
17.08.2021 00:53:37.112,109.234,109.23,3.85,1
17.08.2021 00:53:37.213,109.23299999999999,109.229,2.14,1.95
17.08.2021 00:53:37.314,109.23299999999999,109.229,2.95,1.95
17.08.2021 00:53:38.297,109.234,109.23,3.7,1.2
17.08.2021 00:53:38.398,109.23299999999999,109.23,1.75,1.2
17.08.2021 00:53:38.499,109.234,109.23,3.7,1.2
17.08.2021 00:53:38.762,109.234,109.23,2.89,1.2
17.08.2021 00:53:41.686,109.23299999999999,109.23,1.5,1.2
17.08.2021 00:53:41.787,109.23299999999999,109.229,2.7,2.14
17.08.2021 00:53:42.026,109.234,109.23,3.64,1.95
17.08.2021 00:53:42.178,109.234,109.23,2.44,2.1
17.08.2021 00:53:46.149,109.235,109.23100000000001,2.89,1.95
17.08.2021 00:53:52.167,109.235,109.23200000000001,1.25,1.95
17.08.2021 00:53:52.269,109.236,109.23299999999999,1,1.2
17.08.2021 00:53:52.384,109.23700000000001,109.23100000000001,2.14,1.95
17.08.2021 00:53:55.709,109.236,109.23100000000001,1,1.2
17.08.2021 00:53:56.193,109.236,109.23299999999999,2.7,1
17.08.2021 00:53:56.345,109.235,109.23299999999999,1,1.5
17.08.2021 00:53:56.447,109.235,109.23200000000001,1,2.59
17.08.2021 00:53:56.548,109.238,109.234,1,2.2
17.08.2021 00:53:56.599,109.24000000000001,109.236,1,1
17.08.2021 00:53:56.701,109.24000000000001,109.23700000000001,1.2,1
17.08.2021 00:53:58.926,109.24000000000001,109.23700000000001,1.2,1.75
17.08.2021 00:54:01.169,109.239,109.23700000000001,1,1.39
17.08.2021 00:54:02.343,109.239,109.23700000000001,1,1.45
17.08.2021 00:54:02.995,109.238,109.235,1,4.09
17.08.2021 00:54:03.097,109.23700000000001,109.235,1,1.2
17.08.2021 00:54:03.198,109.23700000000001,109.234,1,1.69
17.08.2021 00:54:05.036,109.235,109.234,1,1.25
17.08.2021 00:54:05.138,109.235,109.23299999999999,1,1.2
17.08.2021 00:54:06.274,109.236,109.23100000000001,1,2.14
17.08.2021 00:54:06.445,109.236,109.23299999999999,1.57,1.25
17.08.2021 00:54:13.498,109.236,109.23200000000001,2.32,2.14
17.08.2021 00:54:15.218,109.23700000000001,109.23299999999999,2.25,1.25
17.08.2021 00:54:15.471,109.236,109.23299999999999,1.5,1.39
17.08.2021 00:54:16.271,109.236,109.234,1.5,1
17.08.2021 00:54:16.423,109.23700000000001,109.234,1,1.95
17.08.2021 00:54:16.537,109.23700000000001,109.235,1,1
17.08.2021 00:54:16.849,109.23700000000001,109.234,1,2.7
17.08.2021 00:54:17.102,109.23700000000001,109.235,1.5,1
17.08.2021 00:54:17.254,109.238,109.23299999999999,1.5,1.2
17.08.2021 00:54:19.611,109.238,109.236,1.57,1
17.08.2021 00:54:20.204,109.24000000000001,109.23700000000001,1.1,1.69
17.08.2021 00:54:20.356,109.24000000000001,109.23700000000001,1.79,1
17.08.2021 00:54:22.419,109.239,109.236,1.22,1.5
17.08.2021 00:54:23.629,109.24000000000001,109.23700000000001,1.95,1
17.08.2021 00:54:28.092,109.241,109.238,2.35,1.12
17.08.2021 00:54:32.053,109.241,109.23700000000001,3.1,1.25
17.08.2021 00:54:33.886,109.239,109.23700000000001,1,1.25
17.08.2021 00:54:36.960,109.239,109.236,1,2.14
17.08.2021 00:54:38.203,109.24000000000001,109.23700000000001,1.2,1.69
17.08.2021 00:54:42.748,109.241,109.238,2.57,1
17.08.2021 00:54:42.850,109.241,109.23700000000001,3.07,2.51
17.08.2021 00:54:43.002,109.243,109.24000000000001,3.2,1
17.08.2021 00:54:43.103,109.242,109.239,2.14,1.1
17.08.2021 00:54:43.255,109.241,109.239,1,1
17.08.2021 00:54:43.499,109.241,109.239,1.87,1
17.08.2021 00:54:44.086,109.241,109.238,2.32,1
17.08.2021 00:54:46.368,109.241,109.238,1,1
17.08.2021 00:54:50.531,109.239,109.236,1.26,3
17.08.2021 00:54:50.683,109.238,109.23700000000001,1,1
17.08.2021 00:54:50.784,109.24000000000001,109.23700000000001,2.56,1
17.08.2021 00:54:50.937,109.24000000000001,109.23700000000001,2.06,1
17.08.2021 00:54:51.622,109.235,109.23299999999999,1.2,4.2
17.08.2021 00:54:51.723,109.235,109.23100000000001,1.69,1
17.08.2021 00:54:51.825,109.234,109.23100000000001,1,1
17.08.2021 00:54:53.375,109.235,109.23100000000001,2.89,1
17.08.2021 00:54:54.086,109.23200000000001,109.23,1,1.2
17.08.2021 00:54:54.137,109.23100000000001,109.228,1,2.4
17.08.2021 00:54:54.290,109.23100000000001,109.227,1.57,2.14
17.08.2021 00:54:54.594,109.23100000000001,109.228,1.57,1.12
17.08.2021 00:54:54.757,109.23200000000001,109.228,1,1
17.08.2021 00:54:54.859,109.23200000000001,109.229,2.51,1
17.08.2021 00:54:54.961,109.23200000000001,109.228,3.26,2.7
17.08.2021 00:54:55.063,109.23299999999999,109.23,1.01,1
17.08.2021 00:54:55.316,109.234,109.228,1.76,2.7
17.08.2021 00:54:55.425,109.234,109.23,5.14,1.95
17.08.2021 00:54:55.527,109.23299999999999,109.23,1,1.2
17.08.2021 00:54:56.211,109.23100000000001,109.229,2.44,1.95
17.08.2021 00:54:56.313,109.23100000000001,109.227,2.25,2.1
17.08.2021 00:54:58.184,109.23100000000001,109.227,3.44,2.1
17.08.2021 00:54:58.510,109.228,109.226,1.31,1.2
17.08.2021 00:54:58.662,109.229,109.226,1.25,1.2
17.08.2021 00:54:58.864,109.23,109.22500000000001,1,2.1
17.08.2021 00:54:59.487,109.229,109.226,1.57,1
17.08.2021 00:54:59.639,109.228,109.22500000000001,1,1.95
17.08.2021 00:54:59.994,109.229,109.227,1,1.39
17.08.2021 00:55:00.096,109.23,109.227,1.57,1
17.08.2021 00:55:00.366,109.226,109.22200000000001,1,3.37
17.08.2021 00:55:00.468,109.22500000000001,109.221,1,2.95
17.08.2021 00:55:01.024,109.223,109.221,1,1.5
17.08.2021 00:55:01.126,109.224,109.221,1,1.2
17.08.2021 00:55:01.227,109.22500000000001,109.221,1.1,3.89
17.08.2021 00:55:01.328,109.227,109.224,1.1,1
17.08.2021 00:55:01.430,109.228,109.22500000000001,1,1
17.08.2021 00:55:02.224,109.227,109.22500000000001,1,1
17.08.2021 00:55:02.427,109.228,109.224,3.51,1
17.08.2021 00:55:02.788,109.227,109.224,1.25,1
17.08.2021 00:55:03.263,109.227,109.22500000000001,1.25,1
17.08.2021 00:55:03.465,109.228,109.22500000000001,2.25,1
17.08.2021 00:55:04.072,109.229,109.22500000000001,2.51,1.5
17.08.2021 00:55:04.173,109.229,109.226,3.89,1
17.08.2021 00:55:04.275,109.229,109.226,1.69,1.5
17.08.2021 00:55:04.377,109.23,109.227,1.76,1
17.08.2021 00:55:04.865,109.23100000000001,109.228,1.57,2.14
17.08.2021 00:55:04.967,109.23200000000001,109.23,1.1,1.5
17.08.2021 00:55:05.068,109.234,109.23,4.79,1.5
17.08.2021 00:55:05.170,109.234,109.23,1.12,1.5
17.08.2021 00:55:05.271,109.236,109.229,3.26,1.5
17.08.2021 00:55:05.372,109.23200000000001,109.229,2.16,1
17.08.2021 00:55:05.474,109.23200000000001,109.228,3.74,1.5
17.08.2021 00:55:06.861,109.23299999999999,109.23100000000001,1.6,1
17.08.2021 00:55:06.963,109.23299999999999,109.229,1.87,3.15
17.08.2021 00:55:07.066,109.23200000000001,109.228,2.7,2.25
17.08.2021 00:55:07.219,109.23299999999999,109.227,3.47,2.25
17.08.2021 00:55:08.102,109.23100000000001,109.229,1.1,1
17.08.2021 00:55:08.305,109.23200000000001,109.228,2.65,1.5
17.08.2021 00:55:09.148,109.23100000000001,109.227,1,1.5
17.08.2021 00:55:10.767,109.228,109.224,4.39,3.07
17.08.2021 00:55:10.868,109.227,109.224,1,1.76
17.08.2021 00:55:10.970,109.227,109.22500000000001,1.5,1
17.08.2021 00:55:11.071,109.226,109.223,1,1.57
17.08.2021 00:55:11.172,109.22500000000001,109.223,1,1
17.08.2021 00:55:11.777,109.226,109.223,1.39,1
17.08.2021 00:55:12.095,109.227,109.223,1.57,1.76
17.08.2021 00:55:14.637,109.23,109.22500000000001,1.97,1
17.08.2021 00:55:14.738,109.23,109.226,2.32,1.5
17.08.2021 00:55:14.790,109.23,109.228,1.5,1.5
17.08.2021 00:55:15.042,109.23,109.227,1.31,1
17.08.2021 00:55:15.473,109.23,109.226,1.5,2.25
17.08.2021 00:55:17.366,109.23,109.227,1.5,1
17.08.2021 00:55:17.468,109.23100000000001,109.229,1,1
17.08.2021 00:55:17.519,109.23299999999999,109.229,3.45,1
17.08.2021 00:55:18.472,109.23299999999999,109.229,4.97,1
17.08.2021 00:55:19.079,109.23200000000001,109.228,3.1,1.25
17.08.2021 00:55:20.222,109.23299999999999,109.227,1.57,1.69
17.08.2021 00:55:21.149,109.23200000000001,109.228,3.74,1.5
17.08.2021 00:55:22.194,109.23100000000001,109.227,2.51,2.25
17.08.2021 00:55:22.295,109.23,109.227,1.1,1.5
17.08.2021 00:55:22.447,109.23,109.227,2.01,1.5
17.08.2021 00:55:22.650,109.23,109.227,1.01,1
17.08.2021 00:55:23.437,109.23,109.227,2.01,1
17.08.2021 00:55:23.958,109.23,109.227,1.1,1
17.08.2021 00:55:24.110,109.23100000000001,109.228,1.1,1
17.08.2021 00:55:27.405,109.23100000000001,109.227,3.07,1.5
17.08.2021 00:55:27.828,109.23200000000001,109.228,2,2.89
17.08.2021 00:55:27.929,109.23299999999999,109.229,5.32,1
17.08.2021 00:55:29.010,109.23200000000001,109.228,1,2.89
17.08.2021 00:55:32.081,109.235,109.23200000000001,1.76,1
17.08.2021 00:55:32.334,109.236,109.23299999999999,3.45,1
17.08.2021 00:55:33.878,109.236,109.234,1,1
17.08.2021 00:55:34.142,109.238,109.23299999999999,1.1,1
17.08.2021 00:55:36.733,109.236,109.23299999999999,2.51,1
17.08.2021 00:55:37.304,109.235,109.23200000000001,2.14,1
17.08.2021 00:55:37.406,109.23200000000001,109.229,3.45,1.2
17.08.2021 00:55:37.509,109.23,109.227,1,1.5
17.08.2021 00:55:40.631,109.23100000000001,109.227,3.82,1.5
17.08.2021 00:55:41.320,109.23,109.227,1,1.5
