Gmt time,Ask,Bid,AskVolume,BidVolume
09.08.2021 00:00:00.179,110.266,110.26299999999999,1.25,1
09.08.2021 00:00:00.649,110.265,110.26299999999999,1.25,1
09.08.2021 00:00:00.751,110.264,110.26200000000001,1.25,1
09.08.2021 00:00:00.852,110.266,110.26200000000001,3.89,1.5
09.08.2021 00:00:02.545,110.26299999999999,110.26100000000001,1.25,1.5
09.08.2021 00:00:05.157,110.264,110.26100000000001,1.25,1
09.08.2021 00:00:08.705,110.26299999999999,110.26,2.44,1.5
09.08.2021 00:00:09.061,110.26299999999999,110.26100000000001,2.52,1
09.08.2021 00:00:10.197,110.26299999999999,110.26200000000001,1.25,1
09.08.2021 00:00:14.096,110.264,110.26100000000001,1.5,1.5
09.08.2021 00:00:14.197,110.26299999999999,110.26100000000001,1.25,1.5
09.08.2021 00:00:14.450,110.264,110.26100000000001,1.5,1.5
09.08.2021 00:00:18.202,110.26299999999999,110.26,2.69,1.5
09.08.2021 00:00:18.253,110.26100000000001,110.259,1.5,1
09.08.2021 00:00:18.355,110.26100000000001,110.258,2.69,2.25
09.08.2021 00:00:18.456,110.259,110.257,1,1
09.08.2021 00:00:18.558,110.26,110.255,1,1.25
09.08.2021 00:00:22.120,110.259,110.257,1,1
09.08.2021 00:00:22.252,110.26,110.257,1.69,1
09.08.2021 00:00:34.392,110.26,110.258,1,1
09.08.2021 00:00:38.246,110.26100000000001,110.258,1,3.44
09.08.2021 00:00:38.347,110.264,110.26200000000001,1.5,1.25
09.08.2021 00:00:38.449,110.26299999999999,110.26200000000001,1,1.69
09.08.2021 00:00:38.550,110.264,110.26200000000001,1.5,1.69
09.08.2021 00:00:45.658,110.265,110.26100000000001,3,3.25
09.08.2021 00:00:48.858,110.266,110.26200000000001,1,1.25
09.08.2021 00:00:48.961,110.26700000000001,110.26299999999999,1.5,1.25
09.08.2021 00:00:49.215,110.26700000000001,110.26100000000001,2.25,3.44
09.08.2021 00:00:50.654,110.27,110.266,3.37,3.19
09.08.2021 00:00:50.756,110.27,110.268,3,1.25
09.08.2021 00:00:50.857,110.273,110.27,1,1.5
09.08.2021 00:00:50.959,110.275,110.272,2.25,1.75
09.08.2021 00:00:51.061,110.275,110.272,1.5,1.25
09.08.2021 00:00:55.840,110.275,110.271,1.5,2.44
09.08.2021 00:00:56.192,110.274,110.271,1,1.69
09.08.2021 00:01:01.574,110.273,110.271,1,1
09.08.2021 00:01:02.225,110.273,110.27,1,1.5
09.08.2021 00:01:02.327,110.271,110.27,1.25,1.5
09.08.2021 00:01:02.643,110.273,110.27,1.69,1.5
09.08.2021 00:01:10.716,110.274,110.27,2.25,2.44
09.08.2021 00:01:10.817,110.273,110.271,1,1
09.08.2021 00:01:10.919,110.274,110.272,1,1
09.08.2021 00:01:11.020,110.274,110.271,1,1.69
09.08.2021 00:01:11.551,110.275,110.272,1.5,1
09.08.2021 00:01:11.705,110.274,110.272,1,1.5
09.08.2021 00:01:13.075,110.274,110.271,1.5,1.69
09.08.2021 00:01:15.117,110.275,110.272,1,1.5
09.08.2021 00:01:15.219,110.27600000000001,110.273,1.69,1
09.08.2021 00:01:18.959,110.27700000000002,110.273,1,1
09.08.2021 00:01:19.061,110.279,110.274,1.5,1.5
09.08.2021 00:01:20.336,110.279,110.275,1.5,3.19
09.08.2021 00:01:21.969,110.279,110.27700000000002,1,1
09.08.2021 00:01:22.070,110.281,110.27799999999999,1.12,1
09.08.2021 00:01:22.272,110.28200000000001,110.27799999999999,1,1
09.08.2021 00:01:23.137,110.28200000000001,110.279,1.69,1.5
09.08.2021 00:01:26.837,110.28200000000001,110.28,1,1.5
09.08.2021 00:01:26.940,110.283,110.281,1.69,1
09.08.2021 00:01:27.042,110.285,110.283,1,1.25
09.08.2021 00:01:27.195,110.286,110.28399999999999,1,1
09.08.2021 00:01:29.945,110.286,110.283,1,1.69
09.08.2021 00:01:34.113,110.28399999999999,110.281,1,2.44
09.08.2021 00:01:34.215,110.283,110.281,1,1.25
09.08.2021 00:01:34.318,110.283,110.28,1.5,1.25
09.08.2021 00:01:34.572,110.283,110.281,1,1
09.08.2021 00:01:34.723,110.28399999999999,110.28,1.69,1.25
09.08.2021 00:01:34.875,110.28399999999999,110.281,1.69,1
09.08.2021 00:01:37.125,110.283,110.281,1,1
09.08.2021 00:01:39.487,110.283,110.28,1.5,1.25
09.08.2021 00:01:41.115,110.283,110.281,1,1
09.08.2021 00:01:42.674,110.283,110.28,1,1.25
09.08.2021 00:01:43.651,110.283,110.281,1,1
09.08.2021 00:01:48.713,110.283,110.28,1.5,1.25
09.08.2021 00:01:58.811,110.283,110.28,1,3.44
09.08.2021 00:01:58.912,110.28399999999999,110.281,2.25,1
09.08.2021 00:02:03.702,110.28399999999999,110.28,2.5,1
09.08.2021 00:02:03.937,110.281,110.27799999999999,2.06,1.12
09.08.2021 00:02:04.038,110.27799999999999,110.27600000000001,1,2.89
09.08.2021 00:02:06.080,110.27799999999999,110.275,1.5,1.5
09.08.2021 00:02:06.282,110.27700000000002,110.275,1,1.5
09.08.2021 00:02:11.629,110.27799999999999,110.275,1.5,1.5
09.08.2021 00:02:12.412,110.27700000000002,110.275,1,2.44
09.08.2021 00:02:12.565,110.27700000000002,110.274,1,1
09.08.2021 00:02:13.249,110.27799999999999,110.274,3.19,1
09.08.2021 00:02:13.770,110.27799999999999,110.275,3.19,1
09.08.2021 00:02:28.675,110.279,110.275,1.5,3
09.08.2021 00:02:29.017,110.279,110.27600000000001,1.5,1
09.08.2021 00:02:31.590,110.279,110.275,1.5,3.19
09.08.2021 00:02:32.245,110.28,110.27799999999999,1.5,1
09.08.2021 00:02:32.398,110.279,110.27799999999999,1,1
09.08.2021 00:02:42.086,110.28200000000001,110.279,6.56,1.5
09.08.2021 00:02:42.188,110.283,110.279,1,1.5
09.08.2021 00:02:42.240,110.28399999999999,110.281,1.5,1.5
09.08.2021 00:02:42.341,110.285,110.28200000000001,2.44,1
09.08.2021 00:02:42.443,110.285,110.28200000000001,3.25,1
09.08.2021 00:02:42.646,110.283,110.28200000000001,1,1
09.08.2021 00:02:44.539,110.28399999999999,110.28200000000001,1.25,1
09.08.2021 00:02:46.693,110.28399999999999,110.281,2.44,1.5
09.08.2021 00:02:46.943,110.28399999999999,110.28200000000001,1.5,1
09.08.2021 00:02:47.755,110.287,110.28399999999999,1,1
09.08.2021 00:02:47.857,110.288,110.285,1.5,1.5
09.08.2021 00:02:47.959,110.288,110.286,1,1
09.08.2021 00:02:48.060,110.289,110.286,1.5,1.5
09.08.2021 00:02:48.212,110.289,110.288,1.5,1
09.08.2021 00:02:48.313,110.29,110.288,1,1
09.08.2021 00:02:48.667,110.29100000000001,110.289,1.69,1
09.08.2021 00:02:48.769,110.294,110.29200000000002,1,1.5
09.08.2021 00:02:48.870,110.296,110.294,1.12,1.5
09.08.2021 00:02:48.972,110.298,110.29700000000001,1,1
09.08.2021 00:02:49.074,110.29899999999999,110.29700000000001,1.5,1
09.08.2021 00:02:49.176,110.301,110.3,1,1
09.08.2021 00:02:49.277,110.302,110.3,1,1
09.08.2021 00:02:50.240,110.304,110.3,1.94,2.25
09.08.2021 00:02:50.343,110.304,110.301,1.25,1.5
09.08.2021 00:02:50.394,110.305,110.303,1.69,1
09.08.2021 00:02:50.597,110.304,110.303,1,1
09.08.2021 00:02:50.698,110.305,110.303,1.5,1
09.08.2021 00:02:50.799,110.30600000000001,110.304,1.5,1
09.08.2021 00:02:51.356,110.305,110.302,1.69,1.5
09.08.2021 00:02:51.407,110.30600000000001,110.303,1,1
09.08.2021 00:02:51.508,110.305,110.302,1.25,1.5
09.08.2021 00:02:51.559,110.303,110.3,1,1.25
09.08.2021 00:02:51.661,110.301,110.29899999999999,1,1.75
09.08.2021 00:02:51.712,110.3,110.298,1,1.57
09.08.2021 00:02:51.763,110.29899999999999,110.296,1,1.5
09.08.2021 00:02:51.865,110.3,110.296,1.69,1.5
09.08.2021 00:02:52.162,110.3,110.29700000000001,1.5,1
09.08.2021 00:02:52.313,110.3,110.296,1.69,1.5
09.08.2021 00:02:52.415,110.3,110.296,1,1
09.08.2021 00:02:52.567,110.298,110.29700000000001,1,1
09.08.2021 00:02:52.668,110.298,110.296,1,1.69
09.08.2021 00:02:53.022,110.29899999999999,110.296,1,1
09.08.2021 00:02:53.175,110.29899999999999,110.29700000000001,1,1
09.08.2021 00:02:53.390,110.298,110.29700000000001,1,1
09.08.2021 00:02:53.492,110.29899999999999,110.29700000000001,1,1
09.08.2021 00:02:53.810,110.298,110.29700000000001,1,1
09.08.2021 00:02:54.426,110.29899999999999,110.294,1,2.25
09.08.2021 00:02:54.527,110.29899999999999,110.295,1,1
09.08.2021 00:02:54.578,110.298,110.294,2.44,3.56
09.08.2021 00:02:54.629,110.29700000000001,110.29299999999999,1.25,2.62
09.08.2021 00:02:54.730,110.295,110.29100000000001,1.69,3.65
09.08.2021 00:02:54.831,110.294,110.29100000000001,1,1.2
09.08.2021 00:02:54.932,110.29299999999999,110.29100000000001,1,1
09.08.2021 00:02:55.185,110.29200000000002,110.29100000000001,1,1
09.08.2021 00:02:57.523,110.29200000000002,110.29,1,1.25
09.08.2021 00:02:58.133,110.29100000000001,110.29,1,1
09.08.2021 00:02:58.335,110.29299999999999,110.288,1.01,1
09.08.2021 00:02:58.386,110.289,110.287,1,1.2
09.08.2021 00:02:58.487,110.288,110.28399999999999,1.69,2.62
09.08.2021 00:02:58.538,110.288,110.286,1,1
09.08.2021 00:02:58.690,110.288,110.286,1,1
09.08.2021 00:02:59.295,110.289,110.286,1,1.5
09.08.2021 00:02:59.497,110.29,110.286,1,1.5
09.08.2021 00:03:00.323,110.289,110.286,1,1.5
09.08.2021 00:03:02.494,110.288,110.286,1,1
09.08.2021 00:03:02.595,110.287,110.286,1,1
09.08.2021 00:03:02.884,110.287,110.28399999999999,1,2.12
09.08.2021 00:03:02.986,110.287,110.285,1,1.25
09.08.2021 00:03:03.138,110.287,110.28399999999999,1.69,1
09.08.2021 00:03:03.290,110.287,110.283,1.69,3.15
09.08.2021 00:03:05.586,110.287,110.28200000000001,1,1.65
09.08.2021 00:03:05.985,110.287,110.28399999999999,1.75,1
09.08.2021 00:03:06.886,110.287,110.28399999999999,1,1.69
09.08.2021 00:03:06.988,110.288,110.287,1,1
09.08.2021 00:03:07.040,110.29100000000001,110.288,1.12,1
09.08.2021 00:03:07.142,110.29200000000002,110.288,1.69,1.25
09.08.2021 00:03:07.244,110.29100000000001,110.286,1,2.25
09.08.2021 00:03:07.397,110.289,110.286,1,1.25
09.08.2021 00:03:07.702,110.288,110.28399999999999,1.25,2.25
09.08.2021 00:03:07.804,110.287,110.285,1,1.69
09.08.2021 00:03:10.865,110.29,110.285,1.31,2.25
09.08.2021 00:03:11.634,110.288,110.285,1,2.25
09.08.2021 00:03:12.403,110.29,110.286,1.31,1
09.08.2021 00:03:12.454,110.288,110.286,1,1
09.08.2021 00:03:14.152,110.288,110.285,1,6.37
09.08.2021 00:03:16.520,110.288,110.286,1,1
09.08.2021 00:03:17.309,110.29200000000002,110.288,1.5,1
09.08.2021 00:03:17.511,110.29200000000002,110.289,1,1
09.08.2021 00:03:17.865,110.29200000000002,110.288,1,2.62
09.08.2021 00:03:18.299,110.29100000000001,110.288,1,1.5
09.08.2021 00:03:18.502,110.29200000000002,110.288,1,2.25
09.08.2021 00:03:19.471,110.29299999999999,110.288,1,1
09.08.2021 00:03:20.272,110.29200000000002,110.288,1,2.25
09.08.2021 00:03:22.547,110.29200000000002,110.289,1,1
09.08.2021 00:03:23.324,110.29100000000001,110.288,1.69,1
09.08.2021 00:03:23.426,110.29,110.287,2.44,1
09.08.2021 00:03:23.527,110.289,110.287,1,1
09.08.2021 00:03:24.279,110.289,110.285,1.69,3.19
09.08.2021 00:03:24.943,110.28399999999999,110.281,1.25,3.87
09.08.2021 00:03:25.044,110.281,110.28,1.25,1
09.08.2021 00:03:25.196,110.28200000000001,110.279,1.69,3
09.08.2021 00:03:26.303,110.283,110.28,1.69,1
09.08.2021 00:03:28.844,110.28200000000001,110.28,1.25,1
09.08.2021 00:03:28.945,110.28200000000001,110.279,1.25,1.5
09.08.2021 00:03:30.713,110.283,110.28,1,1
09.08.2021 00:03:30.916,110.283,110.279,1.69,2.25
09.08.2021 00:03:32.684,110.28200000000001,110.279,1.69,2.25
09.08.2021 00:03:34.096,110.28200000000001,110.28,1.25,1
09.08.2021 00:03:34.377,110.28200000000001,110.279,1.25,2.25
09.08.2021 00:03:34.479,110.28399999999999,110.28200000000001,1.5,1.5
09.08.2021 00:03:34.530,110.287,110.285,3.75,1
09.08.2021 00:03:34.631,110.288,110.285,1.25,1.5
09.08.2021 00:03:38.127,110.288,110.286,1,1
09.08.2021 00:03:40.667,110.289,110.286,1.69,1
09.08.2021 00:03:41.188,110.289,110.286,1.75,1
09.08.2021 00:03:41.442,110.289,110.285,2.5,2.25
09.08.2021 00:03:43.196,110.287,110.285,1.25,1.5
09.08.2021 00:03:44.168,110.286,110.28399999999999,1.82,1
09.08.2021 00:03:44.271,110.283,110.28,1.69,1.5
09.08.2021 00:03:44.373,110.28200000000001,110.279,1,2.25
09.08.2021 00:03:49.672,110.28,110.27600000000001,1,1
09.08.2021 00:03:49.722,110.279,110.275,1.25,2.44
09.08.2021 00:03:49.777,110.27799999999999,110.273,1,3.45
09.08.2021 00:03:49.878,110.27700000000002,110.274,1.75,1
09.08.2021 00:03:50.543,110.27700000000002,110.274,1.25,1
09.08.2021 00:03:50.695,110.27799999999999,110.274,1.25,1
09.08.2021 00:03:50.797,110.27700000000002,110.274,1.69,1
09.08.2021 00:03:52.931,110.27700000000002,110.274,1.75,1
09.08.2021 00:03:52.982,110.279,110.27600000000001,2.25,1.25
09.08.2021 00:03:53.134,110.279,110.27700000000002,1,1
09.08.2021 00:03:54.441,110.279,110.27600000000001,1,2.44
09.08.2021 00:03:58.175,110.279,110.27700000000002,1,1
09.08.2021 00:03:58.497,110.281,110.279,1.5,1
09.08.2021 00:03:58.598,110.28399999999999,110.279,2.5,1.5
09.08.2021 00:03:59.682,110.28200000000001,110.28,1.75,1
09.08.2021 00:03:59.783,110.28200000000001,110.279,2.5,1.5
09.08.2021 00:03:59.884,110.281,110.27799999999999,1.25,2.25
09.08.2021 00:03:59.986,110.281,110.27700000000002,1,1
09.08.2021 00:04:00.137,110.279,110.27600000000001,1.75,1.5
09.08.2021 00:04:00.239,110.28,110.27600000000001,2.87,2.25
09.08.2021 00:04:01.383,110.279,110.27600000000001,1.25,2.25
09.08.2021 00:04:03.507,110.27799999999999,110.27600000000001,1.25,1
09.08.2021 00:04:05.718,110.279,110.27600000000001,1.94,1
09.08.2021 00:04:05.769,110.28,110.27700000000002,1.25,1
09.08.2021 00:04:05.871,110.279,110.27700000000002,1,1
09.08.2021 00:04:05.921,110.28200000000001,110.279,2.5,1
09.08.2021 00:04:06.879,110.28200000000001,110.279,1.25,2.25
09.08.2021 00:04:06.980,110.283,110.28,1.69,1.5
09.08.2021 00:04:09.982,110.28399999999999,110.281,1.25,1
09.08.2021 00:04:15.486,110.283,110.281,1.25,1
09.08.2021 00:04:15.638,110.285,110.28200000000001,1.69,2.25
09.08.2021 00:04:20.292,110.286,110.28399999999999,2.44,2.25
09.08.2021 00:04:20.393,110.288,110.285,1.69,1.5
09.08.2021 00:04:20.495,110.289,110.287,2.44,1
09.08.2021 00:04:20.597,110.289,110.286,1.5,1.5
09.08.2021 00:04:20.801,110.29,110.287,2.44,1
09.08.2021 00:04:25.383,110.29,110.285,1.25,1.5
09.08.2021 00:04:26.540,110.29,110.287,1.69,1
09.08.2021 00:04:35.012,110.29,110.287,2.5,1
09.08.2021 00:04:52.577,110.29,110.286,2.5,2.25
09.08.2021 00:04:58.262,110.29,110.287,2.5,1
09.08.2021 00:04:59.582,110.29,110.289,1,1
09.08.2021 00:05:11.513,110.29,110.288,1.25,1
09.08.2021 00:05:18.314,110.29,110.288,1.25,1
09.08.2021 00:05:18.466,110.29100000000001,110.287,1.25,1
09.08.2021 00:05:19.057,110.29,110.288,1.25,1
09.08.2021 00:05:21.697,110.29,110.287,1.25,1.5
09.08.2021 00:05:28.200,110.29100000000001,110.288,1.75,1
09.08.2021 00:05:29.220,110.29100000000001,110.288,1.69,1
09.08.2021 00:05:29.322,110.29100000000001,110.288,1.75,1
09.08.2021 00:05:31.941,110.29,110.287,1.25,2.25
09.08.2021 00:05:33.085,110.289,110.287,1.25,2.25
09.08.2021 00:05:44.921,110.29,110.288,1.75,1
09.08.2021 00:05:45.023,110.29100000000001,110.288,1.75,1
09.08.2021 00:05:45.703,110.29100000000001,110.288,1.25,1
09.08.2021 00:05:51.387,110.29,110.287,1.5,2.25
09.08.2021 00:05:51.567,110.29100000000001,110.287,3.51,2.25
09.08.2021 00:05:54.254,110.29100000000001,110.288,2.44,1.5
09.08.2021 00:05:54.356,110.29100000000001,110.287,2.44,2.25
09.08.2021 00:05:54.558,110.29100000000001,110.288,1.69,1
09.08.2021 00:05:54.996,110.29100000000001,110.287,1.69,2.25
09.08.2021 00:05:55.132,110.29,110.287,1.25,2.25
09.08.2021 00:05:55.234,110.29200000000002,110.286,2.14,2.25
09.08.2021 00:05:58.675,110.29100000000001,110.287,3.14,2.25
09.08.2021 00:05:59.621,110.29200000000002,110.287,2.25,1.25
09.08.2021 00:05:59.723,110.29100000000001,110.289,1.69,1
09.08.2021 00:05:59.824,110.29100000000001,110.288,1.69,1.5
09.08.2021 00:06:07.898,110.29,110.287,1,2.25
09.08.2021 00:06:08.730,110.29100000000001,110.288,2.31,1
09.08.2021 00:06:38.332,110.29,110.287,1.25,2.25
09.08.2021 00:06:48.182,110.29100000000001,110.287,1,2.44
09.08.2021 00:06:48.593,110.29100000000001,110.288,1,1.25
09.08.2021 00:06:49.017,110.29299999999999,110.29,1.12,1.25
09.08.2021 00:06:49.119,110.294,110.29100000000001,1,1.69
09.08.2021 00:06:49.220,110.295,110.29200000000002,1,1
09.08.2021 00:06:49.523,110.29700000000001,110.29100000000001,1,1.5
09.08.2021 00:06:53.123,110.296,110.29299999999999,1,1.5
09.08.2021 00:06:53.275,110.296,110.294,1,1.5
09.08.2021 00:06:53.376,110.29700000000001,110.294,1,2.44
09.08.2021 00:06:53.478,110.298,110.294,2.25,2.44
09.08.2021 00:07:00.372,110.298,110.294,1.5,2.5
09.08.2021 00:07:00.632,110.29899999999999,110.295,3.64,1.25
09.08.2021 00:07:01.934,110.29899999999999,110.294,1,1.25
09.08.2021 00:07:09.741,110.29899999999999,110.295,2.06,1.69
09.08.2021 00:07:17.808,110.29899999999999,110.296,1.87,1.25
09.08.2021 00:07:18.906,110.3,110.29700000000001,3.75,1.25
09.08.2021 00:07:19.211,110.3,110.298,1,1
09.08.2021 00:07:19.405,110.301,110.29899999999999,1.87,1
09.08.2021 00:07:19.715,110.302,110.29899999999999,1,1.5
09.08.2021 00:07:20.427,110.304,110.302,1.5,1.25
09.08.2021 00:07:20.528,110.30600000000001,110.304,1.5,1.5
09.08.2021 00:07:20.630,110.30700000000002,110.305,1,1
09.08.2021 00:07:20.731,110.309,110.304,2.25,1
09.08.2021 00:07:24.635,110.309,110.305,3.64,1
09.08.2021 00:07:25.438,110.309,110.30600000000001,1.69,1
09.08.2021 00:07:28.227,110.30799999999999,110.30600000000001,1,1
09.08.2021 00:07:43.523,110.30799999999999,110.30700000000002,1,1
09.08.2021 00:07:43.955,110.309,110.30700000000002,1.25,1
09.08.2021 00:07:53.816,110.31200000000001,110.31,3,1
09.08.2021 00:07:53.918,110.314,110.311,1,1.5
09.08.2021 00:07:56.144,110.315,110.31200000000001,4.19,1
09.08.2021 00:07:56.346,110.316,110.31200000000001,4.01,1.69
09.08.2021 00:07:56.448,110.316,110.31299999999999,1.69,1.5
09.08.2021 00:07:56.852,110.315,110.31200000000001,1,1.69
09.08.2021 00:07:57.428,110.316,110.31299999999999,2.51,1
09.08.2021 00:07:57.581,110.31700000000001,110.314,1.57,1.25
09.08.2021 00:07:57.683,110.316,110.314,1,1.5
09.08.2021 00:08:02.623,110.316,110.31299999999999,3.07,1
09.08.2021 00:08:02.724,110.316,110.31200000000001,3.07,1.5
09.08.2021 00:08:02.826,110.316,110.31299999999999,2.32,1.5
09.08.2021 00:08:04.589,110.316,110.31200000000001,3.82,1.5
09.08.2021 00:08:05.859,110.315,110.31200000000001,1.87,1.5
09.08.2021 00:08:05.960,110.315,110.311,2.25,1.5
09.08.2021 00:08:06.264,110.315,110.31200000000001,1.5,1
09.08.2021 00:08:09.820,110.315,110.311,2.25,1.5
09.08.2021 00:08:12.001,110.315,110.31200000000001,2.25,1
09.08.2021 00:08:15.675,110.315,110.31299999999999,1.5,1
09.08.2021 00:08:20.643,110.315,110.311,1.5,2.25
09.08.2021 00:08:22.367,110.311,110.30799999999999,1,1
09.08.2021 00:08:22.418,110.31,110.30700000000002,2.25,1
09.08.2021 00:08:22.520,110.309,110.304,1,1.25
09.08.2021 00:08:22.722,110.30799999999999,110.304,1.5,3.19
09.08.2021 00:08:23.382,110.30799999999999,110.305,1,1
09.08.2021 00:08:27.854,110.309,110.305,1.69,1.69
09.08.2021 00:08:28.366,110.309,110.30600000000001,1.69,1
09.08.2021 00:08:32.977,110.30799999999999,110.305,1,1.5
09.08.2021 00:08:35.865,110.30600000000001,110.305,1,1
09.08.2021 00:08:35.916,110.305,110.303,2.62,1
09.08.2021 00:08:35.967,110.305,110.3,1.5,1
09.08.2021 00:08:36.018,110.302,110.3,1,1
09.08.2021 00:08:36.119,110.302,110.29899999999999,1,1.69
09.08.2021 00:08:38.114,110.303,110.3,1.5,1.69
09.08.2021 00:08:38.839,110.302,110.3,1,1
09.08.2021 00:08:44.072,110.303,110.298,1,1.69
09.08.2021 00:08:47.858,110.3,110.29700000000001,1,1.69
09.08.2021 00:08:49.454,110.301,110.298,1,1
09.08.2021 00:08:54.258,110.303,110.3,1.5,1
09.08.2021 00:08:55.084,110.304,110.3,2.25,1.69
09.08.2021 00:08:55.453,110.304,110.301,1.5,1
09.08.2021 00:08:55.558,110.30600000000001,110.3,2.25,3.94
09.08.2021 00:08:55.659,110.305,110.302,1.5,1
09.08.2021 00:08:58.958,110.305,110.301,2.62,3.19
09.08.2021 00:08:59.059,110.303,110.3,1,2.44
09.08.2021 00:09:01.415,110.302,110.29899999999999,1,1.5
09.08.2021 00:09:01.516,110.302,110.29700000000001,1,2.44
09.08.2021 00:09:01.664,110.301,110.298,1.5,2.5
09.08.2021 00:09:02.914,110.301,110.298,1.5,1.69
09.08.2021 00:09:05.233,110.301,110.298,1.5,2.5
09.08.2021 00:09:05.492,110.301,110.29899999999999,1,1.25
09.08.2021 00:09:07.936,110.302,110.298,1,1.25
09.08.2021 00:09:18.994,110.301,110.298,1,1.69
09.08.2021 00:09:19.923,110.29899999999999,110.296,1,4.19
09.08.2021 00:09:20.074,110.298,110.296,1,1
09.08.2021 00:09:20.125,110.295,110.29200000000002,1.5,3.69
09.08.2021 00:09:20.227,110.295,110.29100000000001,2.25,3.82
09.08.2021 00:09:20.277,110.29200000000002,110.29100000000001,1,1.2
09.08.2021 00:09:20.328,110.29200000000002,110.289,1,1
09.08.2021 00:09:20.430,110.29200000000002,110.287,1.5,1.5
09.08.2021 00:09:20.532,110.29200000000002,110.289,2.25,1
09.08.2021 00:09:20.988,110.29299999999999,110.289,1,1
09.08.2021 00:09:21.468,110.294,110.29,2.81,2.25
09.08.2021 00:09:23.628,110.294,110.29100000000001,1.5,1
09.08.2021 00:09:26.149,110.295,110.29200000000002,1.5,1
09.08.2021 00:09:26.301,110.296,110.29200000000002,1.5,3.94
09.08.2021 00:09:26.767,110.296,110.29299999999999,1,1
09.08.2021 00:09:29.994,110.298,110.29200000000002,2.25,1.5
09.08.2021 00:09:34.769,110.296,110.29200000000002,1,3
09.08.2021 00:09:35.177,110.295,110.29200000000002,2.25,1
09.08.2021 00:09:37.917,110.294,110.29100000000001,1,1
09.08.2021 00:09:41.450,110.29100000000001,110.289,1.69,1.5
09.08.2021 00:09:41.552,110.29,110.288,2.25,1
09.08.2021 00:09:41.603,110.289,110.286,1.5,2.7
09.08.2021 00:09:47.164,110.288,110.286,1,1
09.08.2021 00:09:47.265,110.288,110.285,1.69,1
09.08.2021 00:09:49.271,110.289,110.285,2.81,1.69
09.08.2021 00:09:49.372,110.289,110.286,2.44,1
09.08.2021 00:09:58.211,110.289,110.286,2.5,1
09.08.2021 00:10:00.189,110.286,110.285,1,1
09.08.2021 00:10:00.290,110.28399999999999,110.28200000000001,1,1.5
09.08.2021 00:10:00.341,110.28,110.279,1.5,1
09.08.2021 00:10:00.442,110.28,110.27799999999999,1,1.25
09.08.2021 00:10:00.544,110.279,110.27700000000002,1.25,1.2
09.08.2021 00:10:00.594,110.28200000000001,110.279,1.25,1.5
09.08.2021 00:10:00.746,110.283,110.28,3.25,1
09.08.2021 00:10:07.041,110.28399999999999,110.281,1.25,1.5
09.08.2021 00:10:07.193,110.285,110.281,1.69,2.25
09.08.2021 00:10:09.423,110.28399999999999,110.28,2.44,2.25
09.08.2021 00:10:10.748,110.28399999999999,110.281,1.69,1.5
09.08.2021 00:10:12.505,110.28399999999999,110.279,1,1
09.08.2021 00:10:18.512,110.279,110.27600000000001,1,3.64
09.08.2021 00:10:18.613,110.27799999999999,110.27600000000001,2.44,1.2
09.08.2021 00:10:18.715,110.275,110.272,1.25,1.95
09.08.2021 00:10:18.817,110.274,110.272,1.69,1.2
09.08.2021 00:10:18.868,110.274,110.27,1.69,3
09.08.2021 00:10:19.138,110.274,110.27,2.5,1.5
09.08.2021 00:10:21.219,110.272,110.269,1.69,1
09.08.2021 00:10:21.321,110.272,110.268,2.44,1
09.08.2021 00:10:21.422,110.271,110.26700000000001,1,3
09.08.2021 00:10:22.284,110.269,110.266,1.69,3.75
09.08.2021 00:10:22.386,110.26700000000001,110.265,2.69,1.2
09.08.2021 00:10:22.487,110.266,110.26299999999999,2.44,1
09.08.2021 00:10:22.639,110.265,110.26299999999999,1.69,1
09.08.2021 00:10:22.791,110.265,110.26200000000001,1.69,1
09.08.2021 00:10:22.892,110.264,110.26200000000001,1.25,1.5
09.08.2021 00:10:24.701,110.265,110.26200000000001,1.5,1.5
09.08.2021 00:10:25.419,110.265,110.26299999999999,1,1
09.08.2021 00:10:27.010,110.26700000000001,110.26299999999999,1.5,2.44
09.08.2021 00:10:27.111,110.268,110.266,2.06,1
09.08.2021 00:10:27.213,110.269,110.266,1.5,1
09.08.2021 00:10:28.199,110.27,110.26700000000001,1,1.69
09.08.2021 00:10:28.301,110.273,110.27,2.54,1
09.08.2021 00:10:28.402,110.275,110.271,1.87,1.5
09.08.2021 00:10:28.504,110.275,110.271,3.81,1.5
09.08.2021 00:10:28.605,110.274,110.27,1.25,1.5
09.08.2021 00:10:29.313,110.27700000000002,110.272,1,1.25
09.08.2021 00:10:29.414,110.27799999999999,110.27600000000001,1.1,1
09.08.2021 00:10:29.566,110.28,110.27700000000002,2.44,1
09.08.2021 00:10:29.668,110.27799999999999,110.275,1,1.5
09.08.2021 00:10:31.216,110.27700000000002,110.274,1,1.25
09.08.2021 00:10:43.665,110.27799999999999,110.274,2.25,1.69
09.08.2021 00:10:46.412,110.279,110.274,1,1
09.08.2021 00:10:58.753,110.27700000000002,110.273,1.94,1.5
09.08.2021 00:10:59.266,110.27799999999999,110.275,1.12,1.25
09.08.2021 00:10:59.367,110.279,110.27600000000001,1.12,1
09.08.2021 00:10:59.468,110.28,110.27600000000001,1.5,1.69
09.08.2021 00:10:59.570,110.28,110.27700000000002,1.5,1
09.08.2021 00:11:02.200,110.283,110.281,1,1
09.08.2021 00:11:02.301,110.285,110.281,2.81,1.69
09.08.2021 00:11:02.402,110.285,110.28200000000001,1,1.25
09.08.2021 00:11:03.640,110.286,110.28200000000001,1.5,1.69
09.08.2021 00:11:04.376,110.286,110.281,1,1.69
09.08.2021 00:11:05.542,110.286,110.283,1.5,1
09.08.2021 00:11:10.229,110.286,110.28200000000001,1,3.19
09.08.2021 00:11:10.330,110.286,110.283,1,1
09.08.2021 00:11:13.824,110.286,110.28200000000001,1.5,3.19
09.08.2021 00:11:24.471,110.287,110.283,2.25,2.44
09.08.2021 00:11:25.508,110.288,110.283,1,1
09.08.2021 00:11:32.061,110.286,110.283,1,1.25
09.08.2021 00:11:40.440,110.285,110.28200000000001,1,1.69
09.08.2021 00:11:42.506,110.286,110.283,1.5,1
09.08.2021 00:11:42.607,110.286,110.28399999999999,1,1
09.08.2021 00:11:42.711,110.287,110.28399999999999,1.69,1
09.08.2021 00:11:45.547,110.288,110.285,1,1.25
09.08.2021 00:11:45.649,110.288,110.287,1,1
09.08.2021 00:11:45.700,110.29,110.286,3,3.25
09.08.2021 00:11:47.451,110.29,110.288,1,1
09.08.2021 00:11:47.559,110.29100000000001,110.288,1,1
09.08.2021 00:11:57.691,110.29100000000001,110.287,1.5,2.44
09.08.2021 00:11:58.427,110.29,110.287,1,1.69
09.08.2021 00:11:59.821,110.29,110.288,1,1
09.08.2021 00:12:09.802,110.29200000000002,110.288,2.44,1.5
09.08.2021 00:12:20.299,110.29200000000002,110.289,1.5,1
09.08.2021 00:12:20.451,110.29299999999999,110.289,3.37,1.69
09.08.2021 00:12:21.297,110.29299999999999,110.289,3,2.69
09.08.2021 00:12:23.033,110.29200000000002,110.288,1.5,3.19
09.08.2021 00:12:23.136,110.29100000000001,110.288,1,1
09.08.2021 00:12:23.237,110.29,110.287,1.5,1.69
09.08.2021 00:12:32.936,110.29,110.286,1.69,2.44
09.08.2021 00:12:40.364,110.29,110.285,1,1.69
09.08.2021 00:12:44.686,110.285,110.28200000000001,1,3.95
09.08.2021 00:12:44.738,110.28399999999999,110.28200000000001,1,2.89
09.08.2021 00:12:44.840,110.283,110.28200000000001,1.25,1
09.08.2021 00:12:44.891,110.28200000000001,110.279,1.69,1
09.08.2021 00:12:45.347,110.283,110.279,1,1
09.08.2021 00:12:49.030,110.283,110.28,1.25,1
09.08.2021 00:12:49.131,110.283,110.281,1,1
09.08.2021 00:12:49.232,110.28399999999999,110.281,1.5,1.25
09.08.2021 00:12:50.079,110.285,110.281,2.25,1
09.08.2021 00:12:50.448,110.285,110.28200000000001,1,1.5
09.08.2021 00:12:50.847,110.286,110.28200000000001,2.44,2.25
09.08.2021 00:12:51.101,110.287,110.28399999999999,1.69,1
09.08.2021 00:12:51.609,110.288,110.285,1.69,1
09.08.2021 00:12:51.711,110.288,110.286,1.69,1
09.08.2021 00:12:52.020,110.29,110.286,2.44,1
09.08.2021 00:12:53.924,110.29,110.286,2.62,1.75
09.08.2021 00:13:11.266,110.29200000000002,110.289,1.25,1.5
09.08.2021 00:13:11.367,110.294,110.288,2.25,2.7
09.08.2021 00:13:11.874,110.29299999999999,110.289,2.25,5.2
09.08.2021 00:13:16.413,110.29299999999999,110.29,1,3.32
09.08.2021 00:13:16.464,110.295,110.29100000000001,2.25,2.32
09.08.2021 00:13:16.666,110.295,110.29200000000002,1.5,1.5
09.08.2021 00:13:19.694,110.296,110.29299999999999,1,1
09.08.2021 00:13:19.847,110.296,110.29200000000002,2.25,3.9
09.08.2021 00:13:28.800,110.295,110.29200000000002,1,1.95
09.08.2021 00:13:30.453,110.294,110.29,2.5,2.32
09.08.2021 00:13:30.555,110.29100000000001,110.287,1.25,1
09.08.2021 00:13:30.657,110.29,110.285,2.44,1.2
09.08.2021 00:13:30.759,110.289,110.285,1.5,2.32
09.08.2021 00:13:31.063,110.289,110.286,1.5,1
09.08.2021 00:13:34.665,110.29,110.286,1.5,2.25
09.08.2021 00:13:35.400,110.289,110.286,1,1.5
09.08.2021 00:13:59.682,110.29,110.286,3.19,1.5
09.08.2021 00:14:10.457,110.29100000000001,110.288,1.5,2.25
09.08.2021 00:14:10.558,110.29100000000001,110.289,1,1
09.08.2021 00:14:10.660,110.29200000000002,110.289,1.69,1
09.08.2021 00:14:12.373,110.29200000000002,110.288,3.19,1
09.08.2021 00:14:12.475,110.29100000000001,110.288,1,1
09.08.2021 00:14:12.576,110.29100000000001,110.287,2.44,3.45
09.08.2021 00:14:38.097,110.289,110.287,1,1
09.08.2021 00:14:38.199,110.289,110.286,1.69,1
09.08.2021 00:14:42.922,110.288,110.286,1,1
09.08.2021 00:14:53.672,110.29,110.289,1,1
09.08.2021 00:14:53.774,110.29100000000001,110.289,1.69,1.5
09.08.2021 00:14:53.876,110.29100000000001,110.29,1,1
09.08.2021 00:14:53.927,110.29299999999999,110.29,1,1.5
09.08.2021 00:15:06.265,110.29299999999999,110.29100000000001,1,1
09.08.2021 00:15:15.773,110.29299999999999,110.29200000000002,1,1.25
09.08.2021 00:15:16.178,110.29299999999999,110.29100000000001,1,2.44
09.08.2021 00:15:26.838,110.29100000000001,110.289,1.25,1
09.08.2021 00:15:26.939,110.29100000000001,110.288,1.5,1
09.08.2021 00:15:27.142,110.29,110.287,1,1.69
09.08.2021 00:15:30.209,110.29100000000001,110.289,1,1.5
09.08.2021 00:15:30.310,110.29200000000002,110.289,1,1.5
09.08.2021 00:15:30.411,110.29299999999999,110.289,2.44,2.44
09.08.2021 00:15:30.675,110.29299999999999,110.29,1.69,1
09.08.2021 00:15:47.210,110.29200000000002,110.289,2.44,1.5
09.08.2021 00:15:47.312,110.29,110.288,1,2.25
09.08.2021 00:15:47.414,110.288,110.285,1,2.62
09.08.2021 00:15:47.515,110.289,110.285,3.19,3
09.08.2021 00:15:48.898,110.29,110.288,1,2.63
09.08.2021 00:15:48.999,110.29100000000001,110.288,1,1.13
09.08.2021 00:15:49.151,110.29200000000002,110.289,1.5,1.5
09.08.2021 00:15:49.618,110.29299999999999,110.289,3.19,2.25
09.08.2021 00:15:51.864,110.29299999999999,110.29,2.44,1
09.08.2021 00:16:01.559,110.294,110.29,1.69,2.44
09.08.2021 00:16:01.661,110.296,110.294,1.5,1
09.08.2021 00:16:01.763,110.29700000000001,110.295,1,3
09.08.2021 00:16:01.864,110.29899999999999,110.295,3.19,3
09.08.2021 00:16:03.075,110.298,110.295,1.69,2.25
09.08.2021 00:16:03.177,110.29700000000001,110.294,1,1
09.08.2021 00:16:03.329,110.298,110.294,3.19,1
09.08.2021 00:16:03.505,110.298,110.295,1.5,1.5
09.08.2021 00:16:04.066,110.29700000000001,110.295,1.25,1
09.08.2021 00:16:04.376,110.29899999999999,110.294,1.69,2.25
09.08.2021 00:16:06.890,110.298,110.296,1,1.5
09.08.2021 00:16:08.130,110.29899999999999,110.296,1,3.37
09.08.2021 00:16:12.420,110.298,110.296,1.25,1
09.08.2021 00:16:12.521,110.29899999999999,110.296,2.44,1
09.08.2021 00:16:23.194,110.29899999999999,110.29700000000001,1,1.5
09.08.2021 00:16:23.710,110.3,110.295,1,2.25
09.08.2021 00:16:23.811,110.3,110.296,2.44,2.25
09.08.2021 00:16:23.912,110.29899999999999,110.296,1,2.25
09.08.2021 00:16:25.131,110.3,110.296,2.44,2.25
09.08.2021 00:16:25.233,110.29899999999999,110.296,1,1.5
09.08.2021 00:16:27.311,110.298,110.296,1,1
09.08.2021 00:16:27.412,110.298,110.295,1.5,1.5
09.08.2021 00:16:27.463,110.295,110.294,1,1.12
09.08.2021 00:16:27.514,110.29700000000001,110.295,1.69,1
09.08.2021 00:16:27.616,110.298,110.295,1.69,2.25
09.08.2021 00:16:27.718,110.3,110.295,1.69,1
09.08.2021 00:16:30.148,110.298,110.295,2.5,1
09.08.2021 00:16:30.249,110.29700000000001,110.294,1.75,1
09.08.2021 00:16:30.452,110.29700000000001,110.295,1,1.5
09.08.2021 00:16:30.958,110.298,110.295,1.69,1.5
09.08.2021 00:16:31.593,110.298,110.296,1.25,1
09.08.2021 00:16:32.540,110.29899999999999,110.296,1.69,1
09.08.2021 00:16:32.863,110.29899999999999,110.295,1.69,3.19
09.08.2021 00:16:33.692,110.29899999999999,110.296,1.25,1.5
09.08.2021 00:16:40.707,110.29899999999999,110.295,1.25,4.01
09.08.2021 00:16:43.182,110.29899999999999,110.296,1.25,1
09.08.2021 00:16:43.284,110.3,110.29700000000001,2.5,1
09.08.2021 00:16:43.385,110.29899999999999,110.296,1.25,1
09.08.2021 00:16:53.578,110.29899999999999,110.29700000000001,1,1
09.08.2021 00:16:58.665,110.3,110.29700000000001,1,3
09.08.2021 00:16:59.498,110.29899999999999,110.29700000000001,1,1
09.08.2021 00:16:59.600,110.29899999999999,110.296,2.44,1
09.08.2021 00:17:04.819,110.29700000000001,110.296,1,1
09.08.2021 00:17:04.921,110.29700000000001,110.294,2.44,1
09.08.2021 00:17:04.972,110.295,110.29299999999999,2.69,1.12
09.08.2021 00:17:05.080,110.295,110.29299999999999,1,1.12
09.08.2021 00:17:05.182,110.29899999999999,110.294,2.44,1
09.08.2021 00:17:05.283,110.29899999999999,110.295,1.69,1
09.08.2021 00:17:05.440,110.29899999999999,110.296,2.44,1
09.08.2021 00:17:09.841,110.29899999999999,110.29700000000001,1.25,1
09.08.2021 00:17:14.902,110.301,110.3,1,1.12
09.08.2021 00:17:14.954,110.303,110.301,1,1.5
09.08.2021 00:17:15.057,110.305,110.302,2.44,1
09.08.2021 00:17:15.113,110.30600000000001,110.303,1,1
09.08.2021 00:17:18.325,110.30700000000002,110.304,1.25,1
09.08.2021 00:17:20.272,110.305,110.304,1,1
09.08.2021 00:17:20.601,110.30700000000002,110.304,1.69,1
09.08.2021 00:17:20.854,110.309,110.30700000000002,1,1
09.08.2021 00:17:20.955,110.31,110.30700000000002,2.44,2.25
09.08.2021 00:17:21.057,110.311,110.30799999999999,3.19,1
09.08.2021 00:17:21.209,110.31200000000001,110.309,2.44,1.27
09.08.2021 00:17:21.311,110.311,110.30799999999999,1.69,1.5
09.08.2021 00:17:21.514,110.30799999999999,110.30600000000001,1,1.5
09.08.2021 00:17:21.666,110.30700000000002,110.305,1,4.69
09.08.2021 00:17:21.818,110.31,110.30700000000002,2.44,1.5
09.08.2021 00:17:22.414,110.31200000000001,110.30700000000002,1.5,1
09.08.2021 00:17:22.808,110.311,110.309,1,1
09.08.2021 00:17:27.639,110.311,110.31,1,1
09.08.2021 00:17:28.455,110.311,110.30799999999999,1.69,1
09.08.2021 00:17:28.607,110.309,110.30799999999999,1.25,1
09.08.2021 00:17:28.759,110.309,110.30700000000002,1.25,1
09.08.2021 00:17:28.911,110.30799999999999,110.30700000000002,1,1
09.08.2021 00:17:29.113,110.309,110.30799999999999,1.25,1
09.08.2021 00:17:29.214,110.31,110.309,1,1
09.08.2021 00:17:30.314,110.31,110.30799999999999,1,1
09.08.2021 00:17:30.997,110.31,110.30700000000002,1.5,1
09.08.2021 00:17:31.099,110.309,110.30700000000002,1,1
09.08.2021 00:17:31.879,110.30799999999999,110.30600000000001,1.25,1
09.08.2021 00:17:31.980,110.30799999999999,110.305,1,1
09.08.2021 00:17:32.082,110.30700000000002,110.305,1,1
09.08.2021 00:17:32.565,110.30799999999999,110.30600000000001,1,1.69
09.08.2021 00:17:33.165,110.309,110.30600000000001,2.25,1.69
09.08.2021 00:17:33.597,110.309,110.30700000000002,1.5,1
09.08.2021 00:17:34.012,110.31,110.30799999999999,1.5,1
09.08.2021 00:17:34.113,110.31200000000001,110.31,1.5,1
09.08.2021 00:17:34.382,110.314,110.309,2.62,1.25
09.08.2021 00:17:34.484,110.31299999999999,110.311,2.25,1
09.08.2021 00:17:35.464,110.314,110.311,2.25,1.76
09.08.2021 00:17:35.566,110.31700000000001,110.315,1.5,1
09.08.2021 00:17:35.669,110.31700000000001,110.316,1,1
09.08.2021 00:17:35.872,110.319,110.315,1.5,1
09.08.2021 00:17:36.742,110.319,110.316,2.25,1.25
09.08.2021 00:17:40.681,110.319,110.31700000000001,1,1
09.08.2021 00:17:56.777,110.318,110.316,1,1
09.08.2021 00:17:56.879,110.31700000000001,110.315,1.5,1
09.08.2021 00:17:56.981,110.31700000000001,110.314,2.25,1
09.08.2021 00:17:58.367,110.316,110.31299999999999,1.5,1.69
09.08.2021 00:17:58.468,110.315,110.31200000000001,2.25,1
09.08.2021 00:17:58.569,110.314,110.31200000000001,1,1
09.08.2021 00:17:58.671,110.314,110.311,1.5,2.44
09.08.2021 00:18:00.939,110.31299999999999,110.311,1,1.5
09.08.2021 00:18:01.547,110.314,110.311,2.25,1.5
09.08.2021 00:18:04.001,110.31,110.309,1,1
09.08.2021 00:18:04.052,110.31,110.30700000000002,2.25,2.25
09.08.2021 00:18:04.154,110.30700000000002,110.305,1,1
09.08.2021 00:18:04.459,110.30600000000001,110.303,1.5,1.5
09.08.2021 00:18:04.611,110.30600000000001,110.304,1,1
09.08.2021 00:18:05.200,110.30700000000002,110.304,1.5,1
09.08.2021 00:18:05.942,110.30799999999999,110.305,1.5,1.5
09.08.2021 00:18:06.414,110.30799999999999,110.30600000000001,1,1.25
09.08.2021 00:18:07.517,110.30799999999999,110.305,1,2.44
09.08.2021 00:18:10.665,110.309,110.30600000000001,2.25,1
09.08.2021 00:18:17.718,110.30799999999999,110.305,1,2.44
09.08.2021 00:18:18.926,110.309,110.30600000000001,2.25,1
09.08.2021 00:18:19.886,110.30799999999999,110.305,1,2.44
09.08.2021 00:18:19.988,110.30700000000002,110.305,1,1
09.08.2021 00:18:20.319,110.30799999999999,110.305,1.5,1.25
09.08.2021 00:18:26.679,110.30700000000002,110.304,1,2.25
09.08.2021 00:18:35.993,110.30799999999999,110.305,1.5,1
09.08.2021 00:18:39.354,110.30700000000002,110.304,1.5,1
09.08.2021 00:18:39.455,110.30600000000001,110.303,1,1.5
09.08.2021 00:18:41.208,110.305,110.303,1,1
09.08.2021 00:18:42.417,110.305,110.302,1,2.44
09.08.2021 00:18:44.023,110.304,110.302,1,1.5
09.08.2021 00:18:44.125,110.303,110.301,1,2.44
09.08.2021 00:18:44.277,110.302,110.301,1,1
09.08.2021 00:18:44.785,110.303,110.301,1,1.69
09.08.2021 00:18:51.285,110.303,110.3,1.5,1.69
09.08.2021 00:18:53.362,110.304,110.302,1,1
09.08.2021 00:18:53.904,110.305,110.302,1.5,1.5
09.08.2021 00:18:54.818,110.304,110.301,1.5,1
09.08.2021 00:18:56.421,110.304,110.3,1.5,2.44
09.08.2021 00:18:56.751,110.302,110.3,1,1.25
09.08.2021 00:18:59.286,110.302,110.29899999999999,1.5,2.44
09.08.2021 00:19:01.655,110.302,110.3,1,1.69
09.08.2021 00:19:01.767,110.303,110.3,1.5,1.69
09.08.2021 00:19:03.414,110.302,110.3,1,1.69
09.08.2021 00:19:05.832,110.304,110.302,1,1
09.08.2021 00:19:06.154,110.305,110.302,2.25,1
09.08.2021 00:19:06.719,110.305,110.303,1.5,1.25
09.08.2021 00:19:09.468,110.305,110.302,1,2.62
09.08.2021 00:19:09.569,110.305,110.303,1,1.25
09.08.2021 00:19:09.870,110.305,110.302,1,1.69
09.08.2021 00:19:37.725,110.304,110.301,1.5,1.25
09.08.2021 00:19:37.826,110.302,110.3,1,1.25
09.08.2021 00:19:38.854,110.304,110.302,1,1.25
09.08.2021 00:19:38.955,110.305,110.302,1.5,1.69
09.08.2021 00:19:39.506,110.305,110.302,1,3.25
09.08.2021 00:19:43.665,110.30600000000001,110.303,2.62,1.25
09.08.2021 00:19:46.295,110.305,110.302,1.5,1.69
09.08.2021 00:19:46.397,110.303,110.302,1,1
09.08.2021 00:19:46.448,110.303,110.3,1.5,1.69
09.08.2021 00:19:50.961,110.303,110.301,1,1
09.08.2021 00:19:52.165,110.303,110.3,1.5,1.69
09.08.2021 00:19:54.026,110.304,110.302,1.12,1.25
09.08.2021 00:19:54.127,110.305,110.302,2.25,1.25
09.08.2021 00:19:57.681,110.303,110.3,1.5,1.25
09.08.2021 00:19:57.934,110.303,110.3,1.5,1.75
09.08.2021 00:20:00.154,110.303,110.3,1.5,1.25
09.08.2021 00:20:01.316,110.304,110.301,2.25,1.25
09.08.2021 00:20:02.353,110.303,110.301,1,1
09.08.2021 00:20:15.953,110.304,110.301,1.5,1.69
09.08.2021 00:20:19.285,110.305,110.302,1.5,2.44
09.08.2021 00:20:19.388,110.30600000000001,110.304,1,1
09.08.2021 00:20:21.103,110.30600000000001,110.303,1.5,1.5
09.08.2021 00:20:21.205,110.305,110.302,1,1.25
09.08.2021 00:20:21.307,110.305,110.303,1,2.5
09.08.2021 00:20:21.410,110.30600000000001,110.303,1.5,3.19
09.08.2021 00:20:25.665,110.30700000000002,110.304,2.25,1
09.08.2021 00:20:40.594,110.30799999999999,110.304,1.5,1
09.08.2021 00:20:40.708,110.309,110.304,1.5,1.69
09.08.2021 00:20:40.810,110.30799999999999,110.305,1.5,2.5
09.08.2021 00:20:44.638,110.30799999999999,110.305,1.5,1.5
09.08.2021 00:20:44.841,110.30700000000002,110.305,1,1
09.08.2021 00:20:44.960,110.30700000000002,110.304,1,2.25
09.08.2021 00:20:51.813,110.30700000000002,110.305,1.5,1
09.08.2021 00:20:59.345,110.305,110.304,1.25,1
09.08.2021 00:20:59.397,110.302,110.301,1,1.12
09.08.2021 00:20:59.498,110.3,110.29899999999999,1,1
09.08.2021 00:20:59.600,110.3,110.298,1,1
09.08.2021 00:20:59.701,110.301,110.298,1.5,1.5
09.08.2021 00:20:59.802,110.304,110.29899999999999,1.5,2.25
09.08.2021 00:21:07.484,110.303,110.29899999999999,2.25,1.69
09.08.2021 00:21:14.797,110.304,110.301,3,1
09.08.2021 00:21:18.163,110.303,110.301,1,1
09.08.2021 00:21:22.665,110.303,110.3,1.5,1.25
09.08.2021 00:21:30.852,110.303,110.301,1.5,1
09.08.2021 00:21:36.328,110.303,110.3,1.5,1.69
09.08.2021 00:21:37.978,110.303,110.301,1.5,1
09.08.2021 00:21:50.384,110.303,110.302,1,1
09.08.2021 00:21:51.404,110.305,110.303,1,1.5
09.08.2021 00:21:51.506,110.30600000000001,110.303,1.5,2.44
09.08.2021 00:21:51.608,110.30799999999999,110.305,3,1
09.08.2021 00:22:10.609,110.30799999999999,110.30600000000001,1,1.69
09.08.2021 00:22:10.711,110.31,110.305,1,1.69
09.08.2021 00:22:17.030,110.309,110.30700000000002,1,1
09.08.2021 00:22:18.943,110.311,110.30600000000001,3,1
09.08.2021 00:22:20.985,110.31,110.30600000000001,1,1
09.08.2021 00:22:21.087,110.31,110.305,1.5,2.44
09.08.2021 00:22:22.350,110.30700000000002,110.305,1,1.5
09.08.2021 00:22:22.451,110.30799999999999,110.305,2.25,1.5
09.08.2021 00:22:28.163,110.305,110.302,1.5,1
09.08.2021 00:22:28.265,110.304,110.301,1,3.45
09.08.2021 00:22:28.366,110.305,110.303,1,1
09.08.2021 00:22:28.468,110.30600000000001,110.303,1,1.69
09.08.2021 00:22:30.333,110.30600000000001,110.304,1,1
09.08.2021 00:22:30.434,110.30700000000002,110.304,1,1.5
09.08.2021 00:22:32.780,110.30799999999999,110.305,1,1.69
09.08.2021 00:22:37.675,110.309,110.305,2.25,2.44
09.08.2021 00:22:43.126,110.309,110.305,2.25,3.25
09.08.2021 00:22:45.712,110.30799999999999,110.305,1.5,2.44
09.08.2021 00:22:45.814,110.30700000000002,110.305,1,1.69
09.08.2021 00:22:49.153,110.30600000000001,110.303,1,1
09.08.2021 00:22:49.254,110.30600000000001,110.301,1.5,1.69
09.08.2021 00:22:52.784,110.305,110.301,2.25,2.44
09.08.2021 00:22:52.885,110.304,110.301,1,1.69
09.08.2021 00:22:52.987,110.304,110.302,1,1.25
09.08.2021 00:22:57.832,110.304,110.301,1.5,1.5
09.08.2021 00:22:58.136,110.303,110.301,1,1
09.08.2021 00:23:00.612,110.301,110.29899999999999,1,1
09.08.2021 00:23:00.714,110.3,110.298,1,2.44
09.08.2021 00:23:03.748,110.301,110.29700000000001,2.25,3.94
09.08.2021 00:23:03.849,110.3,110.29700000000001,1,1.5
09.08.2021 00:23:03.951,110.29899999999999,110.296,1.5,1.5
09.08.2021 00:23:04.052,110.29899999999999,110.294,1,3.19
09.08.2021 00:23:04.207,110.29700000000001,110.295,1,2.44
09.08.2021 00:23:11.953,110.298,110.295,1,3.19
09.08.2021 00:23:14.650,110.29899999999999,110.296,1,4.69
09.08.2021 00:23:14.752,110.29899999999999,110.29700000000001,1,1.69
09.08.2021 00:23:17.141,110.3,110.29899999999999,1,1.25
09.08.2021 00:23:17.294,110.301,110.29899999999999,1.5,1.25
09.08.2021 00:23:17.446,110.302,110.3,1,1.25
09.08.2021 00:23:17.548,110.303,110.3,1.5,1.69
09.08.2021 00:23:52.774,110.304,110.3,1,2.5
09.08.2021 00:23:53.742,110.303,110.301,1,2.44
09.08.2021 00:24:25.708,110.304,110.301,1.5,1
09.08.2021 00:24:38.370,110.303,110.301,1.5,1
09.08.2021 00:24:38.472,110.304,110.298,1.5,3.25
09.08.2021 00:24:39.897,110.301,110.29899999999999,1,1.5
09.08.2021 00:24:39.999,110.301,110.298,1.5,1.5
09.08.2021 00:24:40.102,110.298,110.296,1,1.12
09.08.2021 00:24:40.204,110.298,110.294,2.44,3.45
09.08.2021 00:24:40.255,110.296,110.294,1,2.14
09.08.2021 00:24:40.357,110.29700000000001,110.296,1,1
09.08.2021 00:24:43.676,110.296,110.29299999999999,1,1.25
09.08.2021 00:24:52.861,110.295,110.29200000000002,1,1.5
09.08.2021 00:24:52.912,110.29200000000002,110.29,1.25,1
09.08.2021 00:24:53.013,110.29100000000001,110.289,1.69,2.7
09.08.2021 00:24:53.064,110.289,110.287,1.75,1
09.08.2021 00:24:53.166,110.29,110.285,1.69,1.95
09.08.2021 00:24:53.268,110.289,110.287,1.25,1
09.08.2021 00:24:54.250,110.289,110.286,1,1
09.08.2021 00:24:55.791,110.287,110.285,1,1.5
09.08.2021 00:24:55.843,110.286,110.283,1,1.95
09.08.2021 00:25:01.188,110.285,110.283,1,1.69
09.08.2021 00:25:02.811,110.28399999999999,110.28200000000001,1,1.25
09.08.2021 00:25:06.086,110.28399999999999,110.28200000000001,1,1.5
09.08.2021 00:25:06.417,110.286,110.283,1.25,1
09.08.2021 00:25:07.664,110.28399999999999,110.281,1,1
09.08.2021 00:25:10.033,110.283,110.28,1,2.14
09.08.2021 00:25:10.135,110.283,110.281,1,1
09.08.2021 00:25:10.724,110.28399999999999,110.279,1,1.69
09.08.2021 00:25:13.781,110.28200000000001,110.28,1,1.25
09.08.2021 00:25:36.272,110.28200000000001,110.28,1,1.25
09.08.2021 00:25:36.373,110.28200000000001,110.28,1,1
09.08.2021 00:25:44.576,110.281,110.279,1,1.25
09.08.2021 00:25:47.682,110.281,110.279,1,1.5
09.08.2021 00:25:47.733,110.283,110.28,1.25,1
09.08.2021 00:25:47.881,110.28,110.279,1,1
09.08.2021 00:25:48.063,110.283,110.279,1.69,1
09.08.2021 00:25:48.113,110.28,110.27700000000002,1,3.25
09.08.2021 00:25:48.215,110.279,110.275,1,1.2
09.08.2021 00:25:48.266,110.27700000000002,110.274,1,1
09.08.2021 00:25:48.367,110.27600000000001,110.274,1,1
09.08.2021 00:25:48.468,110.27600000000001,110.273,1,1.69
09.08.2021 00:25:49.429,110.275,110.273,1,1.69
09.08.2021 00:25:50.989,110.275,110.273,1,1
09.08.2021 00:25:51.792,110.27600000000001,110.27,1.25,1.69
09.08.2021 00:25:51.842,110.273,110.271,1,2.69
09.08.2021 00:25:51.943,110.273,110.271,1,1.69
09.08.2021 00:25:52.321,110.273,110.271,1,1.25
09.08.2021 00:25:52.372,110.268,110.26700000000001,1.25,1
09.08.2021 00:25:52.474,110.269,110.266,2.44,1
09.08.2021 00:25:52.577,110.26700000000001,110.264,1,1.95
09.08.2021 00:25:52.679,110.265,110.26299999999999,1,3.19
09.08.2021 00:25:53.051,110.26700000000001,110.264,1,2.44
09.08.2021 00:25:53.153,110.268,110.265,1,4.31
09.08.2021 00:25:53.255,110.271,110.26700000000001,1.5,1.25
09.08.2021 00:25:53.599,110.271,110.268,1,1
09.08.2021 00:25:56.087,110.27,110.26700000000001,1,1.69
09.08.2021 00:25:56.380,110.268,110.266,1,1.25
09.08.2021 00:25:59.236,110.268,110.266,1,1.69
09.08.2021 00:25:59.415,110.27,110.26700000000001,1.25,1
09.08.2021 00:26:00.550,110.268,110.26700000000001,1,1.5
09.08.2021 00:26:04.691,110.269,110.26700000000001,1,1.25
09.08.2021 00:26:04.933,110.269,110.266,1,1
09.08.2021 00:26:13.396,110.27,110.266,2.25,1
09.08.2021 00:26:13.498,110.27,110.26700000000001,1,1
09.08.2021 00:26:14.193,110.27,110.266,3.19,1
09.08.2021 00:26:14.294,110.268,110.265,1.25,1.5
09.08.2021 00:26:19.664,110.268,110.264,2.44,2.25
09.08.2021 00:26:20.179,110.268,110.265,1.5,1
09.08.2021 00:26:22.446,110.269,110.265,1,3.44
09.08.2021 00:26:22.548,110.27,110.266,2.44,1.69
09.08.2021 00:26:22.649,110.271,110.26700000000001,2.44,1
09.08.2021 00:26:23.482,110.271,110.26700000000001,3.44,1
09.08.2021 00:26:23.583,110.271,110.265,1.69,3
09.08.2021 00:26:24.426,110.271,110.26700000000001,4.19,1
09.08.2021 00:26:25.499,110.27,110.266,1.25,2.25
09.08.2021 00:26:26.396,110.27,110.26700000000001,1.69,1
09.08.2021 00:26:27.618,110.271,110.268,2.69,1
09.08.2021 00:26:28.448,110.27,110.266,1.25,3.19
09.08.2021 00:26:31.181,110.271,110.268,2.69,1
09.08.2021 00:26:32.949,110.27,110.26700000000001,1.25,1
09.08.2021 00:26:41.192,110.271,110.268,1.75,1.5
09.08.2021 00:26:41.242,110.272,110.268,2.44,2.25
09.08.2021 00:26:46.362,110.272,110.269,1,1
09.08.2021 00:26:48.493,110.273,110.271,1,1
09.08.2021 00:26:49.553,110.274,110.271,1.31,1
09.08.2021 00:26:51.117,110.27600000000001,110.274,4.87,1.12
09.08.2021 00:26:51.218,110.27700000000002,110.274,1,1
09.08.2021 00:26:52.416,110.27700000000002,110.273,1,1.25
09.08.2021 00:26:52.518,110.274,110.272,1.12,1
09.08.2021 00:26:52.619,110.274,110.27,2.81,2.14
09.08.2021 00:26:52.721,110.273,110.27,1.69,1
09.08.2021 00:26:52.872,110.272,110.27,1,1
09.08.2021 00:26:53.226,110.273,110.27,1.25,1
09.08.2021 00:26:53.497,110.273,110.271,1.25,1
09.08.2021 00:26:54.174,110.272,110.27,1,1
09.08.2021 00:26:56.602,110.272,110.271,1,1
09.08.2021 00:26:56.703,110.273,110.271,1.25,1
09.08.2021 00:26:56.805,110.273,110.269,1.69,1.5
09.08.2021 00:26:56.958,110.272,110.269,1,1
09.08.2021 00:26:57.059,110.272,110.27,1,1
09.08.2021 00:26:57.357,110.272,110.269,1,1
09.08.2021 00:26:57.559,110.273,110.269,1.25,1.25
09.08.2021 00:26:57.669,110.273,110.27,1.25,1
09.08.2021 00:26:57.972,110.272,110.27,1,1
09.08.2021 00:26:58.780,110.273,110.27,1,1
09.08.2021 00:26:58.882,110.274,110.27,3.19,1
09.08.2021 00:27:01.330,110.274,110.272,1,1.69
09.08.2021 00:27:01.433,110.275,110.272,1,3.25
09.08.2021 00:27:01.534,110.275,110.274,1,1
09.08.2021 00:27:01.635,110.27700000000002,110.274,1.5,1.25
09.08.2021 00:27:07.655,110.27799999999999,110.274,1,1.69
09.08.2021 00:27:18.585,110.27799999999999,110.275,1.69,1
09.08.2021 00:27:19.530,110.27799999999999,110.274,1.69,2.25
09.08.2021 00:27:32.282,110.27799999999999,110.27600000000001,1.25,1
09.08.2021 00:27:45.088,110.279,110.27600000000001,1.69,1
09.08.2021 00:27:46.987,110.279,110.275,1.69,1
09.08.2021 00:27:51.449,110.27799999999999,110.274,1,1.69
09.08.2021 00:28:00.001,110.27799999999999,110.275,2.44,1
09.08.2021 00:28:00.943,110.27799999999999,110.274,2.44,1
09.08.2021 00:28:03.568,110.27799999999999,110.272,2.69,1.5
09.08.2021 00:28:03.670,110.27700000000002,110.273,1.69,1.5
09.08.2021 00:28:03.772,110.27700000000002,110.274,1.25,1
09.08.2021 00:28:19.308,110.27799999999999,110.274,1.25,1.5
09.08.2021 00:28:19.410,110.279,110.27600000000001,1.25,1
09.08.2021 00:28:42.301,110.28,110.27600000000001,1.69,2.25
09.08.2021 00:28:42.404,110.28,110.27700000000002,1.25,1.5
09.08.2021 00:28:42.506,110.281,110.279,1.25,1
09.08.2021 00:28:44.535,110.28200000000001,110.279,1.25,1.5
09.08.2021 00:28:47.073,110.283,110.28,1.75,1
09.08.2021 00:28:47.175,110.28399999999999,110.281,1.69,1.5
09.08.2021 00:28:47.276,110.285,110.281,1.69,3.19
09.08.2021 00:28:49.426,110.285,110.281,3.25,2.25
09.08.2021 00:29:01.936,110.283,110.281,7,1.5
09.08.2021 00:29:01.988,110.281,110.27799999999999,1.31,2.77
09.08.2021 00:29:03.309,110.28,110.27700000000002,1.25,1
09.08.2021 00:29:03.410,110.279,110.275,2.44,3.19
09.08.2021 00:29:04.594,110.279,110.275,3.81,1
09.08.2021 00:29:04.856,110.27700000000002,110.275,1,1
09.08.2021 00:29:05.753,110.27799999999999,110.275,1.25,1
09.08.2021 00:29:05.854,110.27799999999999,110.274,1.25,1.69
09.08.2021 00:29:07.615,110.279,110.275,1.56,1.5
09.08.2021 00:29:07.717,110.279,110.27600000000001,1.56,1
09.08.2021 00:29:07.818,110.279,110.27700000000002,1.5,1
09.08.2021 00:29:18.515,110.27799999999999,110.275,1.45,1
09.08.2021 00:29:22.735,110.27799999999999,110.27600000000001,1.75,1
09.08.2021 00:29:25.334,110.279,110.27600000000001,1.75,1
09.08.2021 00:29:25.436,110.28,110.275,1.25,1
09.08.2021 00:29:26.587,110.279,110.27600000000001,1.75,1
09.08.2021 00:29:27.302,110.279,110.275,1.75,2.25
09.08.2021 00:29:27.404,110.279,110.27600000000001,1.75,1
09.08.2021 00:29:34.960,110.28,110.274,2.87,1.5
09.08.2021 00:29:35.539,110.27799999999999,110.274,1.69,2.25
09.08.2021 00:29:35.850,110.27799999999999,110.274,3.25,2.25
09.08.2021 00:29:44.871,110.27799999999999,110.275,1.75,1
09.08.2021 00:29:47.331,110.27799999999999,110.275,1.69,1
09.08.2021 00:29:49.247,110.27799999999999,110.27600000000001,1,1.5
09.08.2021 00:29:49.348,110.279,110.27600000000001,1.25,1.5
09.08.2021 00:29:54.796,110.279,110.275,1.25,2.25
09.08.2021 00:29:54.898,110.279,110.27600000000001,1.25,1.5
09.08.2021 00:29:55.050,110.279,110.275,1.25,2.25
09.08.2021 00:29:55.151,110.279,110.27600000000001,1.25,1
09.08.2021 00:29:55.253,110.28,110.27700000000002,2.81,1
09.08.2021 00:29:55.354,110.279,110.27700000000002,1.25,1
09.08.2021 00:29:55.607,110.279,110.27600000000001,1.25,1.5
09.08.2021 00:30:00.490,110.27799999999999,110.27600000000001,1,1
09.08.2021 00:30:00.592,110.27799999999999,110.275,1,2.44
09.08.2021 00:30:03.125,110.27799999999999,110.274,1,3.19
09.08.2021 00:30:03.453,110.27799999999999,110.274,1,3.25
09.08.2021 00:30:11.357,110.27799999999999,110.274,1,1.69
09.08.2021 00:30:11.458,110.27700000000002,110.274,1.25,1
09.08.2021 00:30:11.509,110.275,110.273,1,1
09.08.2021 00:30:11.559,110.275,110.271,4.02,3
09.08.2021 00:30:11.661,110.273,110.271,1.25,1.5
09.08.2021 00:30:19.284,110.271,110.269,1.25,1.5
09.08.2021 00:30:19.386,110.271,110.268,2.5,1
09.08.2021 00:30:19.487,110.271,110.26700000000001,2.5,2.25
09.08.2021 00:30:32.662,110.271,110.26700000000001,1.69,2.25
09.08.2021 00:30:38.506,110.271,110.268,1.69,1
09.08.2021 00:30:42.195,110.271,110.269,1.25,1
09.08.2021 00:30:53.042,110.274,110.269,1.25,1.5
09.08.2021 00:30:59.039,110.271,110.268,1.25,1
09.08.2021 00:31:03.031,110.269,110.266,2.94,1.25
09.08.2021 00:31:03.082,110.268,110.265,2.06,3
09.08.2021 00:31:03.134,110.266,110.264,1,1.25
09.08.2021 00:31:03.237,110.266,110.26299999999999,1.94,1
09.08.2021 00:31:05.400,110.266,110.26200000000001,3.44,2.25
09.08.2021 00:31:10.788,110.26,110.259,1,2.14
09.08.2021 00:31:10.890,110.259,110.257,1,2.44
09.08.2021 00:31:10.941,110.255,110.253,1,1
09.08.2021 00:31:11.043,110.256,110.25200000000001,3.06,1.5
09.08.2021 00:31:11.144,110.254,110.253,1.25,1
09.08.2021 00:31:11.297,110.255,110.25200000000001,1.5,1
09.08.2021 00:31:11.398,110.257,110.253,1.94,1
09.08.2021 00:31:11.550,110.257,110.254,1.69,1
09.08.2021 00:31:11.653,110.258,110.255,2.44,1
09.08.2021 00:31:12.347,110.257,110.255,2.44,1
09.08.2021 00:31:12.450,110.257,110.255,1.94,1
09.08.2021 00:31:13.048,110.257,110.255,1.25,1
09.08.2021 00:31:13.201,110.258,110.255,1.25,1
09.08.2021 00:31:13.354,110.26,110.256,4.31,1
09.08.2021 00:31:13.456,110.26,110.257,1.25,1
09.08.2021 00:31:21.998,110.26100000000001,110.257,1.25,1.5
09.08.2021 00:31:22.100,110.26200000000001,110.258,2.69,1
09.08.2021 00:31:25.276,110.26200000000001,110.257,1.94,1
09.08.2021 00:31:33.721,110.26100000000001,110.258,1.25,1
09.08.2021 00:31:34.691,110.264,110.26200000000001,2.54,1
09.08.2021 00:31:34.794,110.265,110.26100000000001,2.44,1
09.08.2021 00:31:34.895,110.264,110.26,3.94,1.5
09.08.2021 00:31:35.264,110.26299999999999,110.26,1.25,1
09.08.2021 00:31:35.490,110.26200000000001,110.258,2.06,2.25
09.08.2021 00:31:38.404,110.26200000000001,110.259,2.06,1
09.08.2021 00:31:38.455,110.264,110.26100000000001,1.25,1
09.08.2021 00:31:38.556,110.268,110.26100000000001,4.19,1
09.08.2021 00:31:38.658,110.26700000000001,110.264,1.94,1
09.08.2021 00:31:39.851,110.26700000000001,110.26299999999999,1.94,1.5
09.08.2021 00:31:41.773,110.268,110.26299999999999,1.5,1.75
09.08.2021 00:31:41.824,110.271,110.26700000000001,1.12,1
09.08.2021 00:31:41.926,110.271,110.26700000000001,1.94,1
09.08.2021 00:31:42.230,110.271,110.268,1.25,1
09.08.2021 00:31:42.850,110.272,110.269,1,1.5
09.08.2021 00:31:42.902,110.274,110.271,4.69,1
09.08.2021 00:31:43.004,110.27600000000001,110.272,4.87,1.5
09.08.2021 00:31:43.055,110.271,110.269,1.25,1
09.08.2021 00:31:43.157,110.273,110.269,6.64,1
09.08.2021 00:31:43.259,110.272,110.268,1.94,1.5
09.08.2021 00:31:43.563,110.273,110.269,5.57,1
09.08.2021 00:31:46.071,110.274,110.27,4.87,1
09.08.2021 00:31:46.175,110.274,110.271,1.31,1.5
09.08.2021 00:31:46.277,110.274,110.271,2.12,1.5
09.08.2021 00:31:47.052,110.27600000000001,110.27,2.32,4.19
09.08.2021 00:31:47.154,110.275,110.271,2.06,1
09.08.2021 00:31:47.306,110.273,110.272,1.25,1
09.08.2021 00:31:47.562,110.274,110.27,1.25,1.5
09.08.2021 00:31:47.667,110.273,110.27,1.69,2.25
09.08.2021 00:31:47.769,110.272,110.27,1.25,1
09.08.2021 00:31:48.712,110.272,110.269,1.25,2.25
09.08.2021 00:31:49.022,110.272,110.268,1.25,1.5
09.08.2021 00:31:49.867,110.269,110.26700000000001,2.26,1
09.08.2021 00:31:49.968,110.269,110.266,3.26,1
09.08.2021 00:31:50.069,110.269,110.265,1.37,1
09.08.2021 00:31:53.188,110.269,110.266,1.75,1.5
09.08.2021 00:31:53.289,110.27,110.26700000000001,4,1
09.08.2021 00:31:55.811,110.271,110.268,1.82,1.5
09.08.2021 00:31:58.964,110.268,110.266,1.12,1.5
09.08.2021 00:31:59.218,110.26700000000001,110.266,1.25,1
09.08.2021 00:32:02.463,110.268,110.266,2.06,1
09.08.2021 00:32:04.365,110.269,110.266,1.25,1
09.08.2021 00:32:04.467,110.27,110.26700000000001,2.44,1.5
09.08.2021 00:32:04.669,110.271,110.268,1.01,1
09.08.2021 00:32:05.207,110.27,110.268,1.25,1
09.08.2021 00:32:05.308,110.27,110.26700000000001,1.25,1.5
09.08.2021 00:32:14.400,110.269,110.26700000000001,1.75,1.5
09.08.2021 00:32:14.857,110.269,110.266,2.25,1.5
09.08.2021 00:32:15.153,110.269,110.26700000000001,1.75,1
09.08.2021 00:32:15.254,110.27,110.26700000000001,2.76,1
09.08.2021 00:32:15.355,110.271,110.26700000000001,1.94,1
09.08.2021 00:32:15.457,110.27,110.26700000000001,2.2,1.5
09.08.2021 00:32:22.814,110.271,110.269,1.25,1.5
09.08.2021 00:32:22.965,110.272,110.269,1.25,1.5
09.08.2021 00:32:23.929,110.27,110.269,1,1
09.08.2021 00:32:24.081,110.271,110.268,1.75,1.5
09.08.2021 00:32:24.183,110.271,110.269,1.25,1
09.08.2021 00:32:24.464,110.271,110.268,1.25,1.5
09.08.2021 00:32:28.704,110.272,110.269,1.5,1
09.08.2021 00:32:33.094,110.272,110.268,3.89,2.25
09.08.2021 00:32:34.636,110.272,110.268,2.44,2.25
09.08.2021 00:32:36.636,110.27,110.268,1,1
09.08.2021 00:32:36.788,110.272,110.268,4.19,1.5
09.08.2021 00:32:38.221,110.272,110.269,1,1
09.08.2021 00:32:49.298,110.273,110.27,1,1
09.08.2021 00:32:49.400,110.273,110.271,1,1.5
09.08.2021 00:32:49.753,110.274,110.271,1.31,1.5
09.08.2021 00:32:50.364,110.275,110.271,1.5,3.44
09.08.2021 00:33:03.850,110.27600000000001,110.272,1.69,2.25
09.08.2021 00:33:04.103,110.274,110.272,1.25,1.5
09.08.2021 00:33:04.255,110.274,110.271,1.76,2.25
09.08.2021 00:33:04.668,110.272,110.27,1.69,1
09.08.2021 00:33:04.820,110.273,110.27,1,1.5
09.08.2021 00:33:04.922,110.273,110.271,1,1
09.08.2021 00:33:05.770,110.275,110.271,5.51,1
09.08.2021 00:33:12.507,110.275,110.272,1.25,1
09.08.2021 00:33:12.557,110.27600000000001,110.272,5.31,1
09.08.2021 00:33:12.659,110.27600000000001,110.273,1.69,1
09.08.2021 00:33:22.474,110.27799999999999,110.272,2.44,1.5
09.08.2021 00:33:22.575,110.27700000000002,110.274,1,1.5
09.08.2021 00:33:22.626,110.27799999999999,110.27600000000001,1,1
09.08.2021 00:33:22.728,110.28,110.27600000000001,3.19,1.5
09.08.2021 00:33:25.564,110.279,110.27600000000001,1,1
09.08.2021 00:33:25.817,110.279,110.275,1.5,2.44
09.08.2021 00:33:25.919,110.27799999999999,110.275,1,1.69
09.08.2021 00:33:29.405,110.27600000000001,110.274,3,1.25
09.08.2021 00:33:29.507,110.275,110.272,1,1.95
09.08.2021 00:33:29.608,110.27600000000001,110.273,1.5,1
09.08.2021 00:33:29.710,110.275,110.272,1.69,1.5
09.08.2021 00:33:29.811,110.27600000000001,110.27,3.19,1.5
09.08.2021 00:33:29.913,110.27600000000001,110.271,1,1.5
09.08.2021 00:33:40.531,110.273,110.27,1.57,1.25
09.08.2021 00:33:40.633,110.272,110.269,1,1
09.08.2021 00:33:40.735,110.27,110.268,1.25,1
09.08.2021 00:33:45.824,110.271,110.269,1,1
09.08.2021 00:33:45.926,110.273,110.27,1.69,1
09.08.2021 00:33:50.471,110.272,110.269,1.25,1.5
09.08.2021 00:33:51.608,110.273,110.269,3.19,1.69
09.08.2021 00:33:53.349,110.273,110.27,1.69,1
09.08.2021 00:33:55.357,110.272,110.27,1.25,1
09.08.2021 00:33:58.021,110.271,110.268,1,1.69
09.08.2021 00:34:01.064,110.271,110.26700000000001,2.44,2.44
09.08.2021 00:34:01.215,110.269,110.266,2.25,1
09.08.2021 00:34:01.367,110.268,110.266,2.12,1
09.08.2021 00:34:01.468,110.268,110.265,2.12,1.5
09.08.2021 00:34:03.425,110.266,110.264,2.44,1
09.08.2021 00:34:03.526,110.26700000000001,110.26100000000001,2.44,2.44
09.08.2021 00:34:04.113,110.266,110.26200000000001,1.5,3.25
09.08.2021 00:34:05.075,110.266,110.26200000000001,2.44,2.44
09.08.2021 00:34:09.143,110.266,110.26200000000001,1.5,3.25
09.08.2021 00:34:19.135,110.266,110.26200000000001,2.44,2.44
09.08.2021 00:34:23.825,110.266,110.26200000000001,4,1
09.08.2021 00:34:24.055,110.264,110.26100000000001,1,1
09.08.2021 00:34:24.207,110.264,110.26,1.69,1.5
09.08.2021 00:34:24.309,110.26100000000001,110.258,1.25,2.7
09.08.2021 00:34:24.461,110.26100000000001,110.257,1.69,2.7
09.08.2021 00:34:24.563,110.26100000000001,110.257,2.69,2.25
09.08.2021 00:34:26.037,110.26100000000001,110.258,1.94,1
09.08.2021 00:34:32.845,110.26100000000001,110.258,1.87,1
09.08.2021 00:34:50.697,110.26200000000001,110.259,1.69,2.25
09.08.2021 00:34:50.798,110.26299999999999,110.26,1,2.25
09.08.2021 00:34:50.900,110.264,110.26,2.44,2.25
09.08.2021 00:34:51.001,110.26299999999999,110.26,1.69,1.5
09.08.2021 00:34:51.102,110.26299999999999,110.259,2.44,2.25
09.08.2021 00:34:55.967,110.26299999999999,110.26,1.69,1.5
09.08.2021 00:34:57.101,110.264,110.26100000000001,1.69,1.5
09.08.2021 00:34:57.202,110.265,110.26200000000001,3.19,1
09.08.2021 00:34:57.354,110.264,110.26200000000001,1.25,1
09.08.2021 00:34:57.458,110.264,110.26100000000001,1.25,2.25
09.08.2021 00:34:58.014,110.265,110.26200000000001,2.44,1
09.08.2021 00:35:07.366,110.266,110.26200000000001,2.44,3
09.08.2021 00:35:10.859,110.266,110.264,1.25,1
09.08.2021 00:35:13.556,110.26700000000001,110.264,1.25,1
09.08.2021 00:35:14.493,110.268,110.265,1.37,1
09.08.2021 00:35:14.695,110.266,110.26200000000001,1.25,1.5
09.08.2021 00:35:16.565,110.265,110.26200000000001,1.25,2.25
09.08.2021 00:35:16.666,110.264,110.26200000000001,1.25,1.5
09.08.2021 00:35:16.768,110.26299999999999,110.26100000000001,1.25,1.5
09.08.2021 00:35:16.869,110.26299999999999,110.26100000000001,1.69,1
09.08.2021 00:35:17.506,110.265,110.26,1.69,1
09.08.2021 00:35:17.860,110.264,110.26200000000001,1.69,1
09.08.2021 00:35:19.680,110.266,110.26200000000001,1.75,1.5
09.08.2021 00:35:20.357,110.26700000000001,110.26200000000001,1.75,1
09.08.2021 00:35:20.458,110.269,110.264,2.44,1.5
09.08.2021 00:35:20.509,110.27,110.26700000000001,3.62,1
09.08.2021 00:35:20.611,110.27,110.268,1.75,1
09.08.2021 00:35:20.763,110.271,110.268,2.5,1
09.08.2021 00:35:22.651,110.271,110.268,1.69,1
09.08.2021 00:35:23.686,110.272,110.269,1.5,1
09.08.2021 00:35:24.405,110.273,110.269,2.62,1
09.08.2021 00:35:27.470,110.273,110.27,1.5,1
09.08.2021 00:35:27.577,110.274,110.27,2.81,1.5
09.08.2021 00:35:32.403,110.274,110.271,2.81,1
09.08.2021 00:35:33.834,110.274,110.268,1,2.44
09.08.2021 00:35:34.306,110.272,110.268,1,2.44
09.08.2021 00:35:36.687,110.271,110.26700000000001,1,2.44
09.08.2021 00:35:40.128,110.271,110.268,1,1
09.08.2021 00:35:45.465,110.271,110.266,1,1.5
09.08.2021 00:35:45.769,110.269,110.26700000000001,1,1
09.08.2021 00:35:46.635,110.27,110.26700000000001,1,1.69
09.08.2021 00:35:46.837,110.271,110.26700000000001,2.44,2.44
09.08.2021 00:36:00.048,110.271,110.268,1,1
09.08.2021 00:36:11.541,110.272,110.269,1.5,1.69
09.08.2021 00:36:11.844,110.272,110.27,1,1
09.08.2021 00:36:14.526,110.273,110.27,1.25,1
09.08.2021 00:36:34.133,110.272,110.268,1.5,4.26
09.08.2021 00:36:39.231,110.273,110.269,3,2.44
09.08.2021 00:36:41.217,110.273,110.27,2.25,1
09.08.2021 00:36:41.892,110.273,110.269,2.25,3.19
09.08.2021 00:36:41.993,110.271,110.268,1,1.25
09.08.2021 00:36:46.166,110.273,110.269,2.44,1.69
09.08.2021 00:36:47.885,110.273,110.27,1.25,1
09.08.2021 00:36:48.190,110.273,110.269,1.25,3.64
09.08.2021 00:36:48.590,110.273,110.27,1.25,1
09.08.2021 00:36:49.014,110.274,110.271,1.87,1
09.08.2021 00:36:49.452,110.275,110.269,1.87,4.69
09.08.2021 00:36:58.442,110.273,110.27,1,1.69
09.08.2021 00:36:58.976,110.273,110.269,3.19,2.44
09.08.2021 00:37:13.186,110.272,110.269,1,1.25
09.08.2021 00:37:13.338,110.271,110.268,3.19,1
09.08.2021 00:37:13.439,110.271,110.26700000000001,3.19,3.19
09.08.2021 00:37:13.490,110.269,110.26700000000001,3.19,1
09.08.2021 00:37:13.591,110.269,110.265,3.19,3.19
09.08.2021 00:37:13.693,110.268,110.264,2.81,4.39
09.08.2021 00:37:13.794,110.269,110.264,1,1.25
09.08.2021 00:37:21.389,110.27,110.264,3.19,2.44
09.08.2021 00:37:23.080,110.269,110.266,2.44,1
09.08.2021 00:37:39.249,110.26700000000001,110.265,1.5,1.25
09.08.2021 00:37:39.351,110.265,110.26299999999999,1,1.39
09.08.2021 00:37:39.553,110.265,110.26200000000001,1,2.44
09.08.2021 00:37:40.686,110.266,110.26100000000001,1,2.5
09.08.2021 00:37:40.793,110.266,110.26299999999999,2.25,1.25
09.08.2021 00:37:41.391,110.26700000000001,110.26100000000001,2.25,3.19
09.08.2021 00:37:44.440,110.266,110.26299999999999,1.5,1.25
09.08.2021 00:37:44.541,110.26700000000001,110.264,1,2.44
09.08.2021 00:37:48.253,110.268,110.264,1.12,2.44
09.08.2021 00:37:51.390,110.269,110.264,5.19,3.69
09.08.2021 00:37:51.491,110.269,110.26700000000001,1,1.25
09.08.2021 00:37:51.593,110.272,110.271,1,1
09.08.2021 00:37:51.694,110.274,110.27,3,1.5
09.08.2021 00:38:01.104,110.275,110.272,1.87,1
09.08.2021 00:38:02.297,110.27600000000001,110.273,1,1.69
09.08.2021 00:38:02.449,110.27600000000001,110.274,1,1.25
09.08.2021 00:38:02.995,110.27799999999999,110.274,2.25,2.44
09.08.2021 00:38:05.097,110.279,110.27600000000001,1.5,1.5
09.08.2021 00:38:09.785,110.27799999999999,110.275,1,1
09.08.2021 00:38:16.817,110.279,110.27600000000001,1.5,1.69
09.08.2021 00:38:16.919,110.279,110.27700000000002,1,1
09.08.2021 00:38:17.876,110.28,110.27700000000002,1.5,1
09.08.2021 00:38:20.498,110.28200000000001,110.27700000000002,1.5,1.25
09.08.2021 00:38:20.599,110.28200000000001,110.27799999999999,3,1.75
09.08.2021 00:38:20.701,110.283,110.279,3.19,1.69
09.08.2021 00:38:21.214,110.28200000000001,110.279,1,1.25
09.08.2021 00:38:23.171,110.28200000000001,110.27700000000002,1,2.44
09.08.2021 00:38:23.423,110.28200000000001,110.279,1,1
09.08.2021 00:38:23.575,110.28200000000001,110.27799999999999,1,2.44
09.08.2021 00:38:28.932,110.28200000000001,110.279,1.5,1
09.08.2021 00:38:35.464,110.28200000000001,110.28,1,1
09.08.2021 00:38:42.802,110.28200000000001,110.279,1,1.69
09.08.2021 00:38:42.904,110.28399999999999,110.28,3,3.19
09.08.2021 00:38:45.499,110.28399999999999,110.28200000000001,2.25,1.25
09.08.2021 00:38:45.652,110.28399999999999,110.281,1.5,1.69
09.08.2021 00:38:47.388,110.283,110.281,1,1.69
09.08.2021 00:38:55.568,110.279,110.27799999999999,1,2.7
09.08.2021 00:38:55.619,110.279,110.27600000000001,1,2.44
09.08.2021 00:38:55.721,110.27799999999999,110.275,1,2.95
09.08.2021 00:38:55.822,110.27799999999999,110.275,1,1.25
09.08.2021 00:39:00.592,110.27799999999999,110.27600000000001,1,1.69
09.08.2021 00:39:00.694,110.281,110.27600000000001,1,1.69
09.08.2021 00:39:07.626,110.281,110.27799999999999,1.5,1
09.08.2021 00:39:10.794,110.28200000000001,110.27799999999999,1.5,2.44
09.08.2021 00:39:13.575,110.28200000000001,110.27700000000002,1.5,1
09.08.2021 00:39:13.677,110.28,110.27700000000002,1.5,1.69
09.08.2021 00:39:15.070,110.28,110.27799999999999,1,1.25
09.08.2021 00:39:15.171,110.281,110.27700000000002,2.25,1.69
09.08.2021 00:39:18.037,110.28,110.27700000000002,1,1.69
09.08.2021 00:39:26.044,110.281,110.27700000000002,2.25,1.69
09.08.2021 00:39:26.508,110.28,110.27700000000002,1,2.44
09.08.2021 00:39:31.226,110.28,110.27799999999999,1,1.25
09.08.2021 00:39:33.321,110.281,110.27799999999999,1,3.19
09.08.2021 00:39:33.817,110.28200000000001,110.27799999999999,1.5,3.94
09.08.2021 00:39:33.869,110.28200000000001,110.279,1,2.5
09.08.2021 00:39:33.970,110.283,110.28,1,1.25
09.08.2021 00:39:35.085,110.28399999999999,110.28,2.25,2.5
09.08.2021 00:39:35.188,110.286,110.28200000000001,1,2.25
09.08.2021 00:39:35.239,110.288,110.285,1.5,2.06
09.08.2021 00:39:35.340,110.289,110.287,3,2.44
09.08.2021 00:39:35.391,110.29200000000002,110.289,2.25,1.25
09.08.2021 00:39:41.345,110.29299999999999,110.288,1.5,1.25
09.08.2021 00:39:45.466,110.29200000000002,110.288,2.44,1.95
09.08.2021 00:39:49.691,110.29100000000001,110.288,1,1.95
09.08.2021 00:39:49.949,110.29,110.287,1,1.57
09.08.2021 00:39:50.051,110.289,110.286,1,1.76
09.08.2021 00:39:50.152,110.288,110.285,1.5,1
09.08.2021 00:39:50.253,110.287,110.285,1,1
09.08.2021 00:39:50.523,110.288,110.285,1.5,1.25
09.08.2021 00:39:50.674,110.288,110.286,1,2.14
09.08.2021 00:39:50.725,110.29,110.286,2.25,2.89
09.08.2021 00:39:51.854,110.29,110.287,1.5,1
09.08.2021 00:39:51.956,110.29,110.286,1.5,3.64
09.08.2021 00:39:52.057,110.289,110.286,1,3.89
09.08.2021 00:39:52.160,110.289,110.286,1,2.89
09.08.2021 00:39:52.261,110.29,110.286,1.5,2.14
09.08.2021 00:39:53.694,110.29,110.286,1,5.01
09.08.2021 00:39:56.795,110.29,110.288,1,1
09.08.2021 00:40:00.757,110.29100000000001,110.288,1,1.57
09.08.2021 00:40:00.858,110.29,110.287,1,1.69
09.08.2021 00:40:00.960,110.289,110.286,1,1.01
09.08.2021 00:40:01.062,110.29,110.28399999999999,2.7,2.44
09.08.2021 00:40:01.214,110.288,110.285,1,1.25
09.08.2021 00:40:14.218,110.287,110.283,2.51,2.7
09.08.2021 00:40:14.370,110.286,110.283,1.76,1
09.08.2021 00:40:14.472,110.285,110.28200000000001,1.57,1.5
09.08.2021 00:40:22.881,110.286,110.283,1.57,1
09.08.2021 00:40:22.983,110.287,110.28399999999999,1.57,1
09.08.2021 00:40:27.477,110.287,110.28200000000001,2.51,1
09.08.2021 00:40:27.528,110.28399999999999,110.283,1,1
09.08.2021 00:40:27.579,110.285,110.281,1.69,2.7
09.08.2021 00:40:27.680,110.28399999999999,110.281,1.25,2.7
09.08.2021 00:40:33.642,110.285,110.28200000000001,2.5,1
09.08.2021 00:40:36.378,110.28399999999999,110.281,1.76,1
09.08.2021 00:40:48.440,110.281,110.279,1.57,1.75
09.08.2021 00:40:48.491,110.281,110.27700000000002,1.1,1
09.08.2021 00:40:48.592,110.28,110.27700000000002,1.1,1.69
09.08.2021 00:40:48.694,110.28,110.27700000000002,2.91,1
09.08.2021 00:40:53.972,110.28,110.27700000000002,1.57,1.25
09.08.2021 00:40:55.729,110.28,110.27799999999999,1.57,1
09.08.2021 00:40:55.832,110.281,110.279,1.57,1
09.08.2021 00:41:00.741,110.28200000000001,110.279,1,1.25
09.08.2021 00:41:00.843,110.28399999999999,110.279,1.57,1.25
09.08.2021 00:41:04.546,110.28399999999999,110.281,1.57,1.25
09.08.2021 00:41:04.698,110.285,110.281,2.44,2.29
09.08.2021 00:41:04.851,110.285,110.281,2.89,2.14
09.08.2021 00:41:05.004,110.28399999999999,110.281,1,2.14
09.08.2021 00:41:07.681,110.28399999999999,110.281,1,3.04
09.08.2021 00:41:09.911,110.28399999999999,110.281,1,2.89
09.08.2021 00:41:10.484,110.285,110.281,2.7,3.64
09.08.2021 00:41:21.982,110.28399999999999,110.281,1,1.39
09.08.2021 00:41:24.722,110.285,110.281,2.89,1.39
09.08.2021 00:41:26.296,110.28399999999999,110.281,1,1.39
09.08.2021 00:41:40.301,110.285,110.281,1.5,3.04
09.08.2021 00:41:47.060,110.286,110.28200000000001,1.5,5.6
09.08.2021 00:41:47.111,110.287,110.28399999999999,1.5,1.82
09.08.2021 00:41:47.212,110.288,110.285,1.5,1.01
09.08.2021 00:41:49.043,110.289,110.285,1.5,2.89
09.08.2021 00:41:49.195,110.289,110.286,1,1.45
09.08.2021 00:41:51.835,110.29,110.287,1,1.47
09.08.2021 00:41:55.207,110.29100000000001,110.287,1,3.72
09.08.2021 00:41:55.309,110.29100000000001,110.287,2.7,1.01
09.08.2021 00:41:55.411,110.29,110.286,1.5,5.22
09.08.2021 00:41:55.513,110.29100000000001,110.287,2.25,2.16
09.08.2021 00:42:16.180,110.29200000000002,110.288,2.25,2.97
09.08.2021 00:42:18.313,110.29100000000001,110.287,2.44,2.29
09.08.2021 00:42:18.414,110.289,110.286,1,2.97
09.08.2021 00:42:18.515,110.29,110.286,1,3.1
09.08.2021 00:42:23.704,110.29,110.286,1.5,4.6
09.08.2021 00:42:35.404,110.29,110.286,1.57,2.89
09.08.2021 00:42:35.506,110.289,110.286,1.5,1.39
09.08.2021 00:42:36.791,110.288,110.286,1,1.39
09.08.2021 00:42:37.841,110.289,110.286,1.5,1.25
09.08.2021 00:42:40.108,110.286,110.283,1.1,6.15
09.08.2021 00:42:40.210,110.28399999999999,110.283,1,1.2
09.08.2021 00:42:40.311,110.28399999999999,110.281,1,3.64
09.08.2021 00:43:08.776,110.28399999999999,110.28200000000001,1,1.25
09.08.2021 00:43:08.981,110.287,110.283,2.32,2.39
09.08.2021 00:43:20.109,110.286,110.283,1.5,1.95
09.08.2021 00:43:20.211,110.286,110.28200000000001,1,1
09.08.2021 00:43:40.128,110.286,110.283,1,1.69
09.08.2021 00:43:40.230,110.287,110.28399999999999,1.1,1.69
09.08.2021 00:43:48.208,110.286,110.283,1,1.95
09.08.2021 00:43:48.259,110.28399999999999,110.28200000000001,1,1
09.08.2021 00:43:53.246,110.28399999999999,110.281,1,1.2
09.08.2021 00:43:53.399,110.283,110.281,1,1
09.08.2021 00:43:53.602,110.28399999999999,110.281,1.57,1
09.08.2021 00:43:55.541,110.28399999999999,110.28200000000001,1,1
09.08.2021 00:43:57.220,110.285,110.28200000000001,1,1.2
09.08.2021 00:44:00.330,110.28399999999999,110.28,1,6.34
09.08.2021 00:44:01.499,110.283,110.28,1.5,1
09.08.2021 00:44:03.668,110.28,110.27700000000002,1,3.9
09.08.2021 00:44:03.921,110.28,110.27600000000001,2.51,2.14
09.08.2021 00:44:09.763,110.28,110.274,1.25,2.51
09.08.2021 00:44:09.865,110.27799999999999,110.275,1,1.76
09.08.2021 00:44:10.017,110.279,110.275,1.69,2.51
09.08.2021 00:44:10.223,110.279,110.275,1.25,2.91
09.08.2021 00:44:12.812,110.281,110.27700000000002,1,1
09.08.2021 00:44:13.126,110.28,110.27700000000002,1,2.51
09.08.2021 00:44:13.228,110.279,110.27600000000001,1,2.14
09.08.2021 00:44:15.626,110.281,110.27700000000002,1.01,1.95
09.08.2021 00:44:15.728,110.28200000000001,110.27799999999999,3.19,1.2
09.08.2021 00:44:17.848,110.281,110.27600000000001,1,1.2
09.08.2021 00:44:17.950,110.279,110.27600000000001,1,1.95
09.08.2021 00:44:31.132,110.279,110.275,1.25,2.89
09.08.2021 00:44:39.850,110.279,110.274,1,2.89
09.08.2021 00:44:39.951,110.27799999999999,110.274,1.01,4.39
09.08.2021 00:44:40.053,110.27700000000002,110.273,2.51,4.09
09.08.2021 00:44:42.488,110.27799999999999,110.275,2.32,1.25
09.08.2021 00:44:44.051,110.27799999999999,110.274,2.32,1.39
09.08.2021 00:44:45.582,110.27700000000002,110.274,1,1.39
09.08.2021 00:44:46.418,110.275,110.274,1,1
09.08.2021 00:44:46.521,110.275,110.272,1,2.89
09.08.2021 00:44:46.730,110.275,110.273,1,1
09.08.2021 00:44:48.832,110.27600000000001,110.273,1,1
09.08.2021 00:44:51.846,110.27600000000001,110.272,1,3.64
09.08.2021 00:44:52.870,110.27600000000001,110.273,1,1
09.08.2021 00:45:01.262,110.27600000000001,110.272,1,4.99
09.08.2021 00:45:01.401,110.27600000000001,110.272,1,4.99
09.08.2021 00:45:02.293,110.27600000000001,110.272,1,3.9
09.08.2021 00:45:07.548,110.27700000000002,110.272,1.76,6.1
09.08.2021 00:45:07.649,110.27799999999999,110.274,3.32,1.95
09.08.2021 00:45:07.852,110.27799999999999,110.275,1.25,1.2
09.08.2021 00:45:10.565,110.27799999999999,110.274,3.25,2.7
09.08.2021 00:45:27.653,110.27799999999999,110.275,2.5,1
09.08.2021 00:45:55.765,110.27700000000002,110.274,1.01,1.5
09.08.2021 00:45:55.816,110.275,110.274,1.25,1
09.08.2021 00:45:55.867,110.274,110.272,2.44,1
09.08.2021 00:45:55.969,110.273,110.27,1.25,3.52
09.08.2021 00:45:56.070,110.274,110.27,2.44,2.72
09.08.2021 00:46:01.618,110.273,110.27,1.25,3.07
09.08.2021 00:46:07.558,110.274,110.272,2.95,1
09.08.2021 00:46:07.670,110.273,110.271,1.45,1
09.08.2021 00:46:09.535,110.274,110.272,2.95,1
09.08.2021 00:46:09.637,110.275,110.273,2.5,1
09.08.2021 00:46:09.739,110.27799999999999,110.27600000000001,4.22,1
09.08.2021 00:46:10.043,110.27700000000002,110.275,1.39,1
09.08.2021 00:46:22.737,110.27700000000002,110.274,2.14,1.5
09.08.2021 00:46:37.607,110.27799999999999,110.275,3.1,1
09.08.2021 00:46:37.761,110.27799999999999,110.27600000000001,1.45,1
09.08.2021 00:46:43.412,110.27799999999999,110.275,1.45,1.5
09.08.2021 00:46:55.381,110.27799999999999,110.274,3.7,1.57
09.08.2021 00:47:01.880,110.275,110.273,1.25,1.5
09.08.2021 00:47:01.982,110.275,110.272,1.69,1.1
09.08.2021 00:47:02.083,110.273,110.271,1.25,1
09.08.2021 00:47:02.185,110.274,110.27,2.2,2.32
09.08.2021 00:47:02.286,110.273,110.27,1.25,1.57
09.08.2021 00:48:01.303,110.272,110.269,1.25,1.57
09.08.2021 00:48:16.437,110.273,110.269,2.7,1.57
09.08.2021 00:49:00.761,110.272,110.269,1.25,3.07
09.08.2021 00:49:04.460,110.271,110.269,2.2,1.5
09.08.2021 00:49:04.511,110.269,110.26700000000001,1,2.7
09.08.2021 00:49:04.613,110.268,110.26700000000001,1,1
09.08.2021 00:49:04.714,110.269,110.26700000000001,2.44,1
09.08.2021 00:49:04.765,110.268,110.265,1.75,2.7
09.08.2021 00:49:04.917,110.26700000000001,110.264,1.69,1.95
09.08.2021 00:49:05.018,110.266,110.264,1,1.5
09.08.2021 00:49:05.120,110.266,110.26299999999999,1.69,1.2
09.08.2021 00:49:07.861,110.266,110.264,1.69,1
09.08.2021 00:49:07.962,110.26700000000001,110.264,2.14,1
09.08.2021 00:49:09.134,110.266,110.26299999999999,1,1.2
09.08.2021 00:49:09.235,110.26700000000001,110.26299999999999,2.89,2.14
09.08.2021 00:49:09.337,110.266,110.26299999999999,1,1.2
09.08.2021 00:49:09.438,110.26700000000001,110.26299999999999,3.64,1.2
09.08.2021 00:49:09.590,110.26700000000001,110.264,1.69,1.2
09.08.2021 00:49:13.546,110.266,110.26299999999999,2.89,1
09.08.2021 00:49:13.649,110.265,110.26200000000001,1,2.7
09.08.2021 00:49:13.914,110.266,110.26200000000001,2.89,1.95
09.08.2021 00:49:14.084,110.264,110.26200000000001,1,1.1
09.08.2021 00:49:24.597,110.265,110.26299999999999,1,1
09.08.2021 00:49:24.749,110.26700000000001,110.264,2.89,1
09.08.2021 00:49:35.093,110.266,110.26299999999999,2.89,1
09.08.2021 00:49:35.245,110.265,110.26299999999999,1.69,1
09.08.2021 00:49:41.283,110.265,110.26200000000001,2.14,1.5
09.08.2021 00:49:41.384,110.264,110.26200000000001,1.25,1
09.08.2021 00:49:41.692,110.264,110.26100000000001,1.69,1.57
09.08.2021 00:50:00.075,110.265,110.26200000000001,2.95,1
09.08.2021 00:50:00.176,110.265,110.26200000000001,1.25,1.1
09.08.2021 00:50:12.888,110.266,110.26299999999999,1.69,1
09.08.2021 00:50:14.085,110.268,110.26200000000001,2.25,2.7
09.08.2021 00:50:14.186,110.268,110.266,1,1
09.08.2021 00:50:14.287,110.27,110.266,4.24,1.5
09.08.2021 00:50:14.591,110.269,110.265,3.26,1.95
09.08.2021 00:50:14.692,110.268,110.265,1,1.2
09.08.2021 00:50:16.053,110.269,110.264,4.01,4.35
09.08.2021 00:50:17.932,110.269,110.265,3.07,1.45
09.08.2021 00:50:27.235,110.27,110.26700000000001,2.29,1
09.08.2021 00:50:27.538,110.27,110.26700000000001,1.69,1
09.08.2021 00:51:01.597,110.27,110.265,1.57,1.25
09.08.2021 00:51:02.636,110.269,110.265,2.51,3
09.08.2021 00:51:07.205,110.268,110.265,1.2,1.25
09.08.2021 00:51:07.535,110.268,110.264,2.32,3.64
09.08.2021 00:51:09.901,110.26700000000001,110.264,1.39,1
09.08.2021 00:51:10.455,110.26700000000001,110.26299999999999,2.89,2.32
09.08.2021 00:51:10.557,110.26700000000001,110.26200000000001,2.95,1
09.08.2021 00:51:10.811,110.265,110.26200000000001,2.14,1
09.08.2021 00:51:10.963,110.265,110.26200000000001,2.95,1
09.08.2021 00:51:11.064,110.265,110.26100000000001,3.7,1.57
09.08.2021 00:51:11.166,110.26299999999999,110.26,1.76,1.5
09.08.2021 00:51:11.267,110.26299999999999,110.259,4.26,1.95
09.08.2021 00:51:19.485,110.26,110.257,1.2,2.44
09.08.2021 00:51:19.587,110.258,110.255,1.25,1.5
09.08.2021 00:51:19.688,110.257,110.255,1.25,1
09.08.2021 00:51:19.840,110.257,110.254,1.25,1.95
09.08.2021 00:51:20.144,110.257,110.253,3.7,1.57
09.08.2021 00:51:22.529,110.257,110.253,2.89,1.57
09.08.2021 00:51:22.898,110.257,110.254,2.14,1
09.08.2021 00:51:23.708,110.258,110.255,1.39,1.5
09.08.2021 00:51:23.809,110.259,110.256,1.39,1
09.08.2021 00:51:24.835,110.26,110.256,2.89,1.57
09.08.2021 00:51:25.745,110.26,110.256,1.25,3.47
09.08.2021 00:51:31.664,110.26100000000001,110.257,2.89,1.57
09.08.2021 00:51:47.647,110.26100000000001,110.258,1.1,1.5
09.08.2021 00:52:05.581,110.26100000000001,110.258,1.39,1.5
09.08.2021 00:52:18.901,110.26100000000001,110.259,1.39,1
09.08.2021 00:52:19.002,110.26299999999999,110.26100000000001,1,1.5
09.08.2021 00:52:19.054,110.265,110.26100000000001,2.14,3.26
09.08.2021 00:52:19.105,110.266,110.26299999999999,3.4,1
09.08.2021 00:52:26.573,110.26700000000001,110.264,1.39,1
09.08.2021 00:52:26.675,110.268,110.265,1.01,1.5
09.08.2021 00:52:27.171,110.269,110.264,1.35,1.5
09.08.2021 00:52:34.547,110.268,110.264,2.2,1.5
09.08.2021 00:52:37.414,110.268,110.265,2.2,1
09.08.2021 00:52:37.516,110.269,110.266,1.25,1.5
09.08.2021 00:52:39.578,110.271,110.268,3.85,1
09.08.2021 00:52:39.730,110.271,110.268,2.14,1
09.08.2021 00:52:39.832,110.274,110.269,1.5,1
09.08.2021 00:52:39.933,110.274,110.271,2.59,1.5
09.08.2021 00:52:54.435,110.275,110.27,3.04,1.5
09.08.2021 00:52:55.245,110.274,110.271,2.44,1
09.08.2021 00:53:06.694,110.273,110.271,1,1
09.08.2021 00:53:10.107,110.273,110.27,1,1.95
09.08.2021 00:53:17.493,110.273,110.271,1.25,1
09.08.2021 00:53:28.566,110.269,110.26700000000001,2.14,2.5
09.08.2021 00:53:28.617,110.268,110.266,1.25,3.07
09.08.2021 00:53:28.719,110.266,110.265,1.25,1
09.08.2021 00:53:28.820,110.26700000000001,110.264,1.76,1
09.08.2021 00:53:28.921,110.266,110.26299999999999,1.5,1.2
09.08.2021 00:53:29.022,110.26700000000001,110.26299999999999,1.01,2.89
09.08.2021 00:53:29.124,110.26700000000001,110.26299999999999,1.25,3.6
09.08.2021 00:53:29.679,110.268,110.26200000000001,1.76,3.45
09.08.2021 00:53:36.997,110.266,110.26299999999999,1,1.95
09.08.2021 00:53:38.741,110.268,110.26299999999999,1.01,1.5
09.08.2021 00:53:42.200,110.26700000000001,110.26299999999999,2.51,1.95
09.08.2021 00:53:42.301,110.266,110.26299999999999,1.1,1.5
09.08.2021 00:53:46.990,110.26700000000001,110.264,1.57,1
09.08.2021 00:53:47.296,110.26700000000001,110.26299999999999,1.1,2.89
09.08.2021 00:53:48.556,110.26700000000001,110.264,1.1,1
09.08.2021 00:53:48.830,110.26700000000001,110.26299999999999,1.1,2.89
09.08.2021 00:53:49.546,110.268,110.264,4.41,1
09.08.2021 00:53:50.710,110.268,110.264,4.39,1.95
09.08.2021 00:53:50.963,110.268,110.264,4.41,1
09.08.2021 00:53:54.219,110.26700000000001,110.26299999999999,1.97,2.25
09.08.2021 00:54:03.028,110.26700000000001,110.265,1,1
09.08.2021 00:54:03.130,110.268,110.265,2.51,1
09.08.2021 00:54:03.231,110.269,110.265,4.39,1.95
09.08.2021 00:54:04.922,110.269,110.266,2.89,1
09.08.2021 00:54:07.807,110.272,110.266,5.14,2.7
09.08.2021 00:54:07.909,110.271,110.268,1.69,1.95
09.08.2021 00:54:19.056,110.271,110.269,1,1.5
09.08.2021 00:54:19.158,110.272,110.27,1.31,1
09.08.2021 00:54:21.925,110.273,110.271,1.82,1
09.08.2021 00:54:24.534,110.273,110.27,1.82,1.5
09.08.2021 00:54:32.442,110.273,110.27,1.76,1
09.08.2021 00:54:32.543,110.274,110.269,2.57,1
09.08.2021 00:54:32.644,110.272,110.269,1.25,1.95
09.08.2021 00:54:32.796,110.272,110.26700000000001,1.82,1.5
09.08.2021 00:54:32.898,110.27,110.26700000000001,1.69,1.95
09.08.2021 00:54:32.999,110.27,110.266,3.64,2.7
09.08.2021 00:54:33.101,110.27,110.266,3.7,2.7
09.08.2021 00:54:34.986,110.27,110.266,3.64,2.7
09.08.2021 00:54:35.088,110.27,110.26700000000001,2.89,1
09.08.2021 00:54:36.181,110.27,110.26700000000001,2.95,1
09.08.2021 00:54:36.708,110.27,110.266,3.7,2.7
09.08.2021 00:54:39.415,110.268,110.265,1.75,1.95
09.08.2021 00:54:39.570,110.26700000000001,110.264,1.82,1
09.08.2021 00:54:39.672,110.266,110.26299999999999,3.32,1
09.08.2021 00:54:39.774,110.266,110.26100000000001,1.25,2.7
09.08.2021 00:54:49.960,110.266,110.26200000000001,3.26,2.7
09.08.2021 00:54:52.051,110.26700000000001,110.26299999999999,2.62,3.04
09.08.2021 00:54:52.597,110.26700000000001,110.265,1.01,1
09.08.2021 00:54:53.051,110.268,110.264,3.32,1.95
09.08.2021 00:54:55.033,110.268,110.265,1.57,1
09.08.2021 00:54:55.134,110.269,110.264,4.76,3.04
09.08.2021 00:54:55.337,110.269,110.266,2.14,1
09.08.2021 00:54:58.603,110.27,110.26700000000001,3.64,1
09.08.2021 00:54:58.705,110.27,110.268,1,1
09.08.2021 00:54:58.856,110.271,110.268,1.76,1
09.08.2021 00:55:00.195,110.27,110.268,1,1
09.08.2021 00:55:05.124,110.27,110.268,1,2.16
09.08.2021 00:55:05.175,110.272,110.268,2.25,2.16
09.08.2021 00:55:05.276,110.273,110.268,1.5,1.22
09.08.2021 00:55:06.501,110.272,110.269,1.5,1.1
09.08.2021 00:55:09.408,110.272,110.27,1,1.1
09.08.2021 00:55:10.258,110.273,110.27,1.69,1.1
09.08.2021 00:55:12.363,110.273,110.269,1,1.1
09.08.2021 00:55:14.092,110.273,110.27,2.44,1.1
09.08.2021 00:55:14.194,110.273,110.27,1,1
09.08.2021 00:55:23.140,110.272,110.269,1.5,1.01
09.08.2021 00:55:23.242,110.27,110.26700000000001,1.69,1.1
09.08.2021 00:55:23.344,110.269,110.264,2.89,2.25
09.08.2021 00:55:23.445,110.26200000000001,110.26,1,1.57
09.08.2021 00:55:23.547,110.26100000000001,110.259,1,1.22
09.08.2021 00:55:23.648,110.259,110.256,1.76,3
09.08.2021 00:55:23.749,110.258,110.255,1.69,1.95
09.08.2021 00:55:24.002,110.258,110.255,1.69,2.1
09.08.2021 00:55:24.104,110.259,110.255,2.44,2.1
09.08.2021 00:55:26.296,110.26100000000001,110.255,1.76,1.95
09.08.2021 00:55:26.613,110.26,110.256,1.5,2.29
09.08.2021 00:55:28.093,110.26100000000001,110.257,2.51,1.95
09.08.2021 00:55:30.957,110.26,110.257,1,1.95
09.08.2021 00:55:31.878,110.26,110.259,1,1
09.08.2021 00:55:31.980,110.26100000000001,110.259,1,1.5
09.08.2021 00:55:33.099,110.26100000000001,110.257,1.01,2.7
09.08.2021 00:55:33.353,110.26,110.257,1,1.95
09.08.2021 00:55:33.454,110.259,110.257,1,1.2
09.08.2021 00:55:34.216,110.259,110.256,1,2.14
09.08.2021 00:55:35.681,110.256,110.254,1.25,1
09.08.2021 00:55:35.783,110.255,110.25200000000001,1.25,1.95
09.08.2021 00:55:35.885,110.254,110.251,1,2.14
09.08.2021 00:55:36.450,110.253,110.251,1,1
09.08.2021 00:55:37.422,110.254,110.251,1.5,2.14
09.08.2021 00:55:42.721,110.255,110.25200000000001,1.25,1.2
09.08.2021 00:55:47.002,110.255,110.253,1,1
09.08.2021 00:55:47.053,110.257,110.253,3.45,2.14
09.08.2021 00:55:47.154,110.256,110.253,1.1,1.25
09.08.2021 00:55:47.206,110.257,110.255,1.2,1
09.08.2021 00:55:47.307,110.257,110.254,1.2,2.25
09.08.2021 00:55:47.409,110.256,110.251,1,3.64
09.08.2021 00:55:53.121,110.255,110.25200000000001,1,2.2
09.08.2021 00:55:53.223,110.255,110.25200000000001,1,1.39
09.08.2021 00:55:59.106,110.255,110.25200000000001,1,3.89
09.08.2021 00:55:59.207,110.256,110.25200000000001,1.76,2.7
09.08.2021 00:55:59.309,110.256,110.25200000000001,2.91,1.5
09.08.2021 00:56:03.611,110.255,110.253,1.1,1.25
09.08.2021 00:56:03.713,110.256,110.253,1.2,1
09.08.2021 00:56:05.748,110.255,110.25200000000001,1,2.32
09.08.2021 00:56:05.849,110.257,110.25200000000001,1.69,1.1
09.08.2021 00:56:05.951,110.255,110.25200000000001,1.39,1
09.08.2021 00:56:15.544,110.256,110.25200000000001,2.51,1.57
09.08.2021 00:56:18.014,110.256,110.253,1,1.57
09.08.2021 00:56:20.030,110.256,110.254,1,1
09.08.2021 00:56:20.131,110.258,110.255,3.04,1
09.08.2021 00:56:20.182,110.259,110.256,3.9,1
09.08.2021 00:56:20.385,110.26,110.256,3.64,1.57
09.08.2021 00:56:20.487,110.26,110.257,2.14,1
09.08.2021 00:56:23.259,110.26,110.256,2.14,1.57
09.08.2021 00:56:24.355,110.26100000000001,110.257,3.04,1
09.08.2021 00:56:26.868,110.26100000000001,110.257,2.89,1.57
09.08.2021 00:56:27.020,110.26100000000001,110.259,1.95,1
09.08.2021 00:56:27.121,110.26200000000001,110.259,1.2,1
09.08.2021 00:56:27.223,110.26200000000001,110.258,1.95,1.76
09.08.2021 00:56:27.627,110.26200000000001,110.258,4.16,1
09.08.2021 00:56:28.099,110.26200000000001,110.258,3.64,1.1
09.08.2021 00:56:28.588,110.26200000000001,110.259,1.5,1.01
09.08.2021 00:56:28.690,110.264,110.259,1,1.57
09.08.2021 00:56:28.792,110.265,110.26200000000001,1,2.97
09.08.2021 00:56:28.893,110.266,110.26200000000001,2.14,1.1
09.08.2021 00:56:35.709,110.266,110.26299999999999,1.25,1
09.08.2021 00:56:35.811,110.268,110.26299999999999,1,1.57
09.08.2021 00:56:35.912,110.26700000000001,110.265,1,1
09.08.2021 00:56:37.631,110.268,110.265,1.5,1.76
09.08.2021 00:56:37.783,110.27,110.266,3.45,1.01
09.08.2021 00:56:38.937,110.269,110.265,1.57,3.26
09.08.2021 00:56:39.038,110.268,110.265,1,2.51
09.08.2021 00:56:40.862,110.268,110.266,1,1.1
09.08.2021 00:56:41.069,110.27,110.266,3.64,1.57
09.08.2021 00:56:41.888,110.268,110.265,1,1.57
09.08.2021 00:56:43.027,110.269,110.265,1,1
09.08.2021 00:56:43.536,110.269,110.264,1,1.1
09.08.2021 00:56:45.124,110.26700000000001,110.264,1.1,1
09.08.2021 00:56:45.225,110.26700000000001,110.26299999999999,2.51,2.7
09.08.2021 00:56:45.326,110.26700000000001,110.26299999999999,2.91,2.25
09.08.2021 00:56:51.602,110.26700000000001,110.26299999999999,1.95,1.95
09.08.2021 00:56:53.636,110.26700000000001,110.265,1.2,1
09.08.2021 00:56:53.687,110.269,110.266,1.57,1
09.08.2021 00:56:53.789,110.271,110.268,2.4,1
09.08.2021 00:56:53.890,110.273,110.26700000000001,1.2,1.95
09.08.2021 00:56:57.945,110.271,110.268,1,1.95
09.08.2021 00:56:58.049,110.272,110.269,1.95,2.44
09.08.2021 00:56:58.225,110.273,110.27,1.2,1.5
09.08.2021 00:56:58.326,110.274,110.271,2.89,1
09.08.2021 00:57:00.166,110.275,110.271,2.89,2.7
09.08.2021 00:57:00.267,110.275,110.271,1,4.79
09.08.2021 00:57:05.817,110.275,110.273,1,1
09.08.2021 00:57:07.714,110.27600000000001,110.273,1.57,1
09.08.2021 00:57:09.822,110.275,110.272,1.57,1
09.08.2021 00:57:10.075,110.27700000000002,110.271,1.76,2.7
09.08.2021 00:57:15.061,110.27600000000001,110.274,1.39,1
09.08.2021 00:57:15.163,110.27700000000002,110.275,1,1
09.08.2021 00:57:15.265,110.279,110.273,1.57,2.89
09.08.2021 00:57:17.702,110.279,110.275,2.7,1.95
09.08.2021 00:57:19.233,110.279,110.275,2.07,3.64
09.08.2021 00:57:20.401,110.27799999999999,110.274,2.32,3.64
09.08.2021 00:57:20.502,110.27700000000002,110.274,1,2.14
09.08.2021 00:57:20.603,110.27799999999999,110.274,1.95,2.89
09.08.2021 00:57:20.712,110.27799999999999,110.275,1.95,1
09.08.2021 00:57:22.347,110.28,110.274,2.7,3.64
09.08.2021 00:57:26.717,110.279,110.27700000000002,1.57,1.69
09.08.2021 00:57:26.818,110.28,110.27600000000001,3.66,1.5
09.08.2021 00:57:28.741,110.279,110.275,1.57,2.89
09.08.2021 00:57:34.338,110.27799999999999,110.275,1,1.39
09.08.2021 00:57:36.821,110.27700000000002,110.275,1,1.25
09.08.2021 00:57:37.175,110.27799999999999,110.275,1,1.39
09.08.2021 00:57:48.889,110.275,110.273,1.2,2.25
09.08.2021 00:57:48.940,110.275,110.271,2.14,3.71
09.08.2021 00:57:48.991,110.273,110.271,1,1.95
09.08.2021 00:57:49.092,110.273,110.27,1.79,1
09.08.2021 00:57:49.194,110.27,110.26700000000001,1.25,3.15
09.08.2021 00:57:49.346,110.27,110.266,1.69,3.64
09.08.2021 00:57:49.498,110.27,110.266,1.5,3.04
09.08.2021 00:57:50.895,110.27,110.266,2.51,2.7
09.08.2021 00:57:50.996,110.26700000000001,110.265,1.25,1
09.08.2021 00:57:51.098,110.268,110.26299999999999,1.76,1
09.08.2021 00:57:51.199,110.266,110.26299999999999,1,1.95
09.08.2021 00:57:51.605,110.265,110.26299999999999,1,1
09.08.2021 00:57:52.676,110.266,110.26299999999999,1.5,1.2
09.08.2021 00:57:54.313,110.265,110.26200000000001,1,1.95
09.08.2021 00:57:54.414,110.264,110.26200000000001,1,1
09.08.2021 00:57:56.748,110.265,110.26200000000001,1.1,1
09.08.2021 00:58:07.022,110.265,110.26100000000001,2.44,2.32
09.08.2021 00:58:07.124,110.26200000000001,110.259,1.25,2.7
09.08.2021 00:58:07.225,110.26,110.259,1.69,1.2
09.08.2021 00:58:07.276,110.26,110.257,1.69,2.25
09.08.2021 00:58:17.145,110.26,110.256,2.7,1.57
09.08.2021 00:58:17.567,110.259,110.255,1,4.97
09.08.2021 00:58:19.302,110.259,110.255,1.95,3.64
09.08.2021 00:58:19.555,110.259,110.256,1,1.57
09.08.2021 00:58:28.789,110.26,110.256,3.64,2.32
09.08.2021 00:58:51.122,110.258,110.255,1,3.29
09.08.2021 00:58:51.224,110.259,110.254,1,2.14
09.08.2021 00:58:51.426,110.258,110.255,1,3.14
09.08.2021 00:58:51.629,110.258,110.256,1,2.16
09.08.2021 00:58:51.679,110.26,110.256,1,2.91
09.08.2021 00:58:56.776,110.26200000000001,110.259,2.25,1.1
09.08.2021 00:58:57.083,110.26299999999999,110.26,1,1.1
09.08.2021 00:59:03.964,110.26200000000001,110.26,1,1
09.08.2021 00:59:08.444,110.26200000000001,110.259,1,1.57
09.08.2021 00:59:10.086,110.26200000000001,110.26,1,1
09.08.2021 00:59:10.188,110.26200000000001,110.259,1,1.57
09.08.2021 00:59:19.151,110.26299999999999,110.26,1.69,1.2
09.08.2021 00:59:19.253,110.265,110.259,1.69,2.1
09.08.2021 00:59:19.608,110.26299999999999,110.26,1.25,1.95
09.08.2021 00:59:19.759,110.26299999999999,110.258,1,1.95
09.08.2021 00:59:19.861,110.26100000000001,110.258,1,1.1
09.08.2021 00:59:20.166,110.26299999999999,110.257,1.95,1.57
09.08.2021 00:59:27.529,110.26299999999999,110.26,1.95,1
09.08.2021 00:59:27.631,110.264,110.26,1.2,1
09.08.2021 00:59:31.892,110.26299999999999,110.26,1,2.51
09.08.2021 00:59:32.094,110.26299999999999,110.26100000000001,1,1
09.08.2021 00:59:36.500,110.26299999999999,110.26,1,2.51
09.08.2021 00:59:41.165,110.264,110.26100000000001,1,1.1
09.08.2021 00:59:41.267,110.265,110.26100000000001,1.2,2.32
09.08.2021 00:59:41.370,110.265,110.26200000000001,1,1.22
09.08.2021 00:59:43.519,110.265,110.26200000000001,1.2,1
09.08.2021 00:59:43.621,110.264,110.26100000000001,1,2.51
09.08.2021 00:59:56.378,110.265,110.26200000000001,1.2,1
09.08.2021 00:59:56.480,110.266,110.26,1.95,4.01
09.08.2021 01:00:00.395,110.264,110.26100000000001,2.89,1.5
09.08.2021 01:00:00.597,110.264,110.26,4.39,3.07
09.08.2021 01:00:00.699,110.26299999999999,110.26,1.2,1
09.08.2021 01:00:01.002,110.264,110.258,2.7,1.57
09.08.2021 01:00:02.052,110.26100000000001,110.258,1.95,1
09.08.2021 01:00:02.154,110.26,110.257,2.14,1
09.08.2021 01:00:02.257,110.257,110.255,1.2,1
09.08.2021 01:00:02.359,110.256,110.25200000000001,1.95,3.26
09.08.2021 01:00:02.460,110.254,110.25200000000001,1,1.25
09.08.2021 01:00:02.613,110.254,110.251,1,1.76
09.08.2021 01:00:05.039,110.255,110.25200000000001,1.1,1.25
09.08.2021 01:00:05.140,110.257,110.254,1.5,1.1
09.08.2021 01:00:05.242,110.257,110.255,1,1
09.08.2021 01:00:05.343,110.259,110.254,1,1.1
09.08.2021 01:00:05.445,110.258,110.254,2.89,1.57
09.08.2021 01:00:05.546,110.257,110.253,2.89,3
09.08.2021 01:00:06.710,110.257,110.254,2.89,1
09.08.2021 01:00:19.775,110.256,110.253,1,1
09.08.2021 01:00:20.501,110.255,110.251,1.95,3.26
09.08.2021 01:00:20.653,110.253,110.25,1.5,1.01
09.08.2021 01:00:20.754,110.253,110.249,3.64,1.57
09.08.2021 01:00:22.729,110.25,110.24700000000001,3.26,1.5
09.08.2021 01:00:22.832,110.24799999999999,110.245,1.25,1.95
09.08.2021 01:00:22.934,110.24700000000001,110.245,3.51,1
09.08.2021 01:00:22.985,110.24700000000001,110.243,3.51,2.7
09.08.2021 01:00:24.176,110.24700000000001,110.245,1,1.2
09.08.2021 01:00:26.504,110.251,110.24799999999999,1.76,1.5
09.08.2021 01:00:26.606,110.253,110.25,1.7,1
09.08.2021 01:00:26.707,110.254,110.25,2.91,1.5
09.08.2021 01:00:26.809,110.255,110.251,4.07,1.95
09.08.2021 01:00:29.233,110.253,110.251,1.1,1.5
09.08.2021 01:00:33.080,110.255,110.24799999999999,3.66,2.7
09.08.2021 01:00:33.333,110.254,110.25,3.66,1
09.08.2021 01:00:33.434,110.254,110.25,2.89,1.95
09.08.2021 01:00:37.949,110.254,110.25,1.57,2.95
09.08.2021 01:00:43.249,110.255,110.251,2.51,1.39
09.08.2021 01:00:59.911,110.256,110.251,2.32,1.25
09.08.2021 01:01:00.012,110.256,110.255,1.12,1
09.08.2021 01:01:00.063,110.258,110.255,1.2,1.95
09.08.2021 01:01:00.165,110.26,110.256,3.79,1.69
09.08.2021 01:01:05.008,110.26,110.257,2.29,1
09.08.2021 01:01:07.740,110.26100000000001,110.257,2.4,2.14
09.08.2021 01:01:07.842,110.26100000000001,110.259,1.2,1.5
09.08.2021 01:01:07.943,110.26299999999999,110.26100000000001,1,1.5
09.08.2021 01:01:08.044,110.264,110.26200000000001,1,1.25
09.08.2021 01:01:08.247,110.265,110.26,1,2.89
09.08.2021 01:01:08.348,110.264,110.26200000000001,1.2,1
09.08.2021 01:01:08.573,110.264,110.26100000000001,1.85,1.5
09.08.2021 01:01:08.674,110.26299999999999,110.26,1.2,1.5
09.08.2021 01:01:08.776,110.26299999999999,110.26,2.1,1
09.08.2021 01:01:08.877,110.26200000000001,110.259,2.1,1
09.08.2021 01:01:08.979,110.26200000000001,110.257,1.2,1
09.08.2021 01:01:10.278,110.26200000000001,110.256,1.95,2.44
09.08.2021 01:01:10.379,110.26,110.257,1,1.5
09.08.2021 01:01:27.072,110.26,110.256,2.14,2.25
09.08.2021 01:01:27.174,110.259,110.256,1.5,1
09.08.2021 01:01:29.726,110.259,110.255,1.5,1.69
09.08.2021 01:01:32.590,110.259,110.256,1.5,1
09.08.2021 01:01:32.793,110.26,110.254,1.5,1.69
09.08.2021 01:01:37.257,110.259,110.257,1.69,1
09.08.2021 01:01:38.221,110.26,110.258,1.95,1
09.08.2021 01:01:38.272,110.26,110.256,1.2,2.14
09.08.2021 01:01:41.401,110.26,110.258,1,1
09.08.2021 01:01:43.524,110.26100000000001,110.257,1.69,1
09.08.2021 01:01:46.186,110.26,110.256,2.14,2.89
09.08.2021 01:01:47.341,110.26,110.256,3.89,2.7
09.08.2021 01:01:47.848,110.259,110.255,1.39,2.14
09.08.2021 01:01:47.953,110.259,110.255,2.29,1.5
09.08.2021 01:01:59.127,110.259,110.255,1.39,1.95
09.08.2021 01:01:59.229,110.259,110.256,1.2,1
09.08.2021 01:02:01.209,110.26,110.256,2.14,1.95
09.08.2021 01:02:01.363,110.26,110.257,1.2,1.5
09.08.2021 01:02:05.726,110.26,110.256,2.51,1.76
09.08.2021 01:02:06.497,110.26100000000001,110.256,1.2,1.5
09.08.2021 01:02:07.208,110.26100000000001,110.258,1.85,1
09.08.2021 01:02:07.981,110.26100000000001,110.258,1.39,1
09.08.2021 01:02:09.243,110.26100000000001,110.257,2.29,2.25
09.08.2021 01:02:15.661,110.26100000000001,110.257,1.2,2.89
09.08.2021 01:02:18.213,110.26100000000001,110.258,1.2,1
09.08.2021 01:02:22.546,110.26200000000001,110.256,1.95,2.7
09.08.2021 01:02:23.759,110.26,110.257,1.25,2.7
09.08.2021 01:02:25.820,110.26,110.257,2.29,1.5
09.08.2021 01:02:26.753,110.26,110.257,2.14,1.5
09.08.2021 01:02:29.029,110.26100000000001,110.257,4.39,2.7
09.08.2021 01:02:30.086,110.26100000000001,110.258,1.2,1
09.08.2021 01:02:30.188,110.26200000000001,110.257,1.2,1.8
09.08.2021 01:02:33.744,110.26100000000001,110.257,1.95,2.7
09.08.2021 01:02:33.862,110.26100000000001,110.257,3.79,2.25
09.08.2021 01:02:37.809,110.26100000000001,110.257,4.39,2.7
09.08.2021 01:02:43.258,110.26,110.257,1.2,1.5
09.08.2021 01:02:46.231,110.26100000000001,110.255,2.7,3.26
09.08.2021 01:02:53.183,110.259,110.256,2.14,1.5
09.08.2021 01:02:53.234,110.257,110.255,1.95,1
09.08.2021 01:02:53.285,110.255,110.25200000000001,3.64,1.2
09.08.2021 01:02:53.387,110.254,110.25,3.04,4.5
09.08.2021 01:02:53.539,110.254,110.24799999999999,2.1,1.87
09.08.2021 01:02:55.593,110.253,110.25,1.12,1.1
09.08.2021 01:03:01.134,110.25200000000001,110.249,3.45,1
09.08.2021 01:03:01.236,110.25200000000001,110.24799999999999,3.39,2.32
09.08.2021 01:03:01.338,110.249,110.24700000000001,1.2,1.5
09.08.2021 01:03:01.440,110.24700000000001,110.24600000000001,1,1
09.08.2021 01:03:01.746,110.24700000000001,110.244,1,2.51
09.08.2021 01:03:05.881,110.24799999999999,110.242,3.64,1.95
09.08.2021 01:03:07.149,110.24700000000001,110.243,2.25,2.85
09.08.2021 01:03:07.251,110.24799999999999,110.244,2.51,2.7
09.08.2021 01:03:07.352,110.24799999999999,110.244,1.69,2.85
09.08.2021 01:03:18.536,110.24600000000001,110.244,1,1.25
09.08.2021 01:03:18.587,110.24600000000001,110.243,2.14,1.5
09.08.2021 01:03:18.689,110.24600000000001,110.242,3.7,2.7
09.08.2021 01:03:23.006,110.24600000000001,110.242,2.7,2.89
09.08.2021 01:03:30.433,110.244,110.239,1,3.9
09.08.2021 01:03:30.535,110.242,110.239,1.25,1.57
09.08.2021 01:03:30.636,110.242,110.238,3.7,2.32
09.08.2021 01:03:36.531,110.238,110.236,2.89,1
09.08.2021 01:03:36.581,110.23700000000001,110.234,1.25,2.02
09.08.2021 01:03:36.683,110.23700000000001,110.23299999999999,4.41,1
09.08.2021 01:03:36.784,110.236,110.23200000000001,1.39,2.32
09.08.2021 01:03:39.709,110.23700000000001,110.234,1.12,1.22
09.08.2021 01:03:39.810,110.239,110.235,4.15,1.57
09.08.2021 01:03:39.962,110.238,110.234,2.89,2.51
09.08.2021 01:03:40.218,110.239,110.236,3.19,1.1
09.08.2021 01:03:40.320,110.24000000000001,110.236,3.64,3.26
09.08.2021 01:03:40.421,110.24000000000001,110.236,2.44,3.79
09.08.2021 01:03:40.522,110.24000000000001,110.236,3.25,2.85
09.08.2021 01:03:40.674,110.24000000000001,110.236,2.44,3.79
09.08.2021 01:03:40.982,110.24000000000001,110.236,3.25,2.85
09.08.2021 01:03:41.233,110.24000000000001,110.236,2.44,3.79
09.08.2021 01:03:41.521,110.24000000000001,110.236,3.25,2.85
09.08.2021 01:03:42.011,110.24000000000001,110.236,2.44,3.79
09.08.2021 01:03:42.163,110.24000000000001,110.236,3.25,2.85
09.08.2021 01:03:46.073,110.24000000000001,110.23700000000001,1.69,1.2
09.08.2021 01:03:46.225,110.241,110.238,1.76,1
09.08.2021 01:03:47.591,110.242,110.239,1.1,1.69
09.08.2021 01:03:48.650,110.243,110.24000000000001,2.16,1
09.08.2021 01:03:48.751,110.243,110.239,2.91,1.87
09.08.2021 01:03:49.327,110.243,110.239,1.76,2.89
09.08.2021 01:03:52.712,110.243,110.239,2.16,3
09.08.2021 01:03:52.814,110.241,110.239,1.1,1
09.08.2021 01:03:53.132,110.242,110.23700000000001,1.1,1
09.08.2021 01:04:03.573,110.241,110.236,1,2.14
09.08.2021 01:04:04.366,110.236,110.235,1,1.87
09.08.2021 01:04:04.469,110.23700000000001,110.23299999999999,1,1.5
09.08.2021 01:04:04.620,110.23700000000001,110.23100000000001,1.1,3.64
09.08.2021 01:04:08.962,110.23700000000001,110.235,1,3.64
09.08.2021 01:04:09.013,110.239,110.236,1.2,1.39
09.08.2021 01:04:09.215,110.24000000000001,110.236,2.25,3.85
09.08.2021 01:04:09.417,110.241,110.23700000000001,2.51,1.39
09.08.2021 01:04:09.589,110.241,110.23700000000001,2.44,1.85
09.08.2021 01:04:11.456,110.241,110.23700000000001,2.32,1.39
09.08.2021 01:04:11.557,110.241,110.236,1.01,1
09.08.2021 01:04:13.689,110.241,110.23700000000001,1.76,1.95
09.08.2021 01:04:15.046,110.241,110.23700000000001,3.32,1.2
09.08.2021 01:04:15.148,110.24000000000001,110.236,1.39,3.94
09.08.2021 01:04:18.614,110.239,110.236,1.39,2.25
09.08.2021 01:04:21.179,110.24000000000001,110.236,2.89,1.5
09.08.2021 01:04:24.300,110.24000000000001,110.23700000000001,1.25,1.5
09.08.2021 01:04:26.342,110.241,110.23700000000001,3.07,2.25
09.08.2021 01:04:29.120,110.241,110.238,2.89,1
09.08.2021 01:04:29.612,110.241,110.23700000000001,1.95,3.19
09.08.2021 01:04:30.515,110.241,110.238,1.2,1
09.08.2021 01:04:36.355,110.24000000000001,110.236,1.39,3.94
09.08.2021 01:04:36.522,110.24000000000001,110.236,1.45,2.25
09.08.2021 01:04:38.029,110.24000000000001,110.236,1.69,2.7
09.08.2021 01:04:38.181,110.239,110.236,1.25,2.25
09.08.2021 01:04:54.641,110.238,110.235,1.25,1.95
09.08.2021 01:04:54.743,110.23700000000001,110.234,1.69,1
09.08.2021 01:04:54.844,110.23700000000001,110.23299999999999,1.69,2.7
09.08.2021 01:05:00.223,110.238,110.235,1.5,1.95
09.08.2021 01:05:00.324,110.239,110.235,1.69,1.95
09.08.2021 01:05:00.730,110.239,110.236,1,1.2
09.08.2021 01:05:00.833,110.24000000000001,110.23700000000001,1.69,1.2
09.08.2021 01:05:02.408,110.239,110.236,1.25,1.95
09.08.2021 01:05:02.509,110.238,110.236,1.25,1.5
09.08.2021 01:05:03.042,110.24000000000001,110.236,3.94,1.95
09.08.2021 01:05:03.143,110.239,110.236,1.25,1.95
09.08.2021 01:05:05.572,110.238,110.236,1.25,1.95
09.08.2021 01:05:13.812,110.23700000000001,110.235,1.25,1
09.08.2021 01:05:13.913,110.235,110.23299999999999,1,1.95
09.08.2021 01:05:14.015,110.235,110.23200000000001,1.69,3.75
09.08.2021 01:05:14.217,110.235,110.23100000000001,1.69,1.95
09.08.2021 01:05:15.436,110.235,110.23200000000001,1,1
09.08.2021 01:05:15.926,110.235,110.23100000000001,1,3.82
09.08.2021 01:05:19.663,110.235,110.23200000000001,1.69,1
09.08.2021 01:05:21.086,110.235,110.23100000000001,1.69,2.7
09.08.2021 01:05:21.526,110.235,110.23200000000001,1.69,1
09.08.2021 01:05:22.604,110.234,110.23100000000001,1.69,1
09.08.2021 01:05:23.695,110.234,110.23,1.69,2.7
