Gmt time,Ask,Bid,AskVolume,BidVolume
02.08.2021 00:00:00.190,109.71700000000001,109.712,1,2.32
02.08.2021 00:00:00.292,109.71700000000001,109.713,1.2,1
02.08.2021 00:00:00.394,109.71700000000001,109.712,1.2,1.95
02.08.2021 00:00:00.547,109.71799999999999,109.713,3.45,1.39
02.08.2021 00:00:00.649,109.71700000000001,109.713,1,2.14
02.08.2021 00:00:00.750,109.71600000000001,109.713,1,1.95
02.08.2021 00:00:00.852,109.71799999999999,109.713,2.7,1.95
02.08.2021 00:00:00.954,109.71799999999999,109.712,2.47,1.76
02.08.2021 00:00:01.790,109.71799999999999,109.712,1.95,3.47
02.08.2021 00:00:02.381,109.719,109.71100000000001,2.1,2.2
02.08.2021 00:00:03.566,109.71700000000001,109.71100000000001,2.14,5.39
02.08.2021 00:00:03.667,109.71600000000001,109.71100000000001,2.14,1.05
02.08.2021 00:00:04.093,109.71600000000001,109.71000000000001,2.57,3.97
02.08.2021 00:00:04.511,109.71600000000001,109.71100000000001,2.7,2.2
02.08.2021 00:00:04.613,109.71600000000001,109.71100000000001,4.01,1.39
02.08.2021 00:00:04.714,109.71600000000001,109.71000000000001,4.16,3.7
02.08.2021 00:00:12.686,109.71600000000001,109.71100000000001,1,1.76
02.08.2021 00:00:12.787,109.715,109.712,1,3.32
02.08.2021 00:00:12.838,109.71700000000001,109.713,2.7,1.25
02.08.2021 00:00:12.940,109.71600000000001,109.713,1,1.25
02.08.2021 00:00:13.050,109.71700000000001,109.713,1.95,1.69
02.08.2021 00:00:13.974,109.71600000000001,109.713,1,1.5
02.08.2021 00:00:15.383,109.71700000000001,109.713,1.95,2.81
02.08.2021 00:00:15.484,109.71700000000001,109.714,1,1
02.08.2021 00:00:15.697,109.71700000000001,109.713,1.2,2.62
02.08.2021 00:00:20.975,109.714,109.71100000000001,1,1.5
02.08.2021 00:00:21.076,109.715,109.709,1.39,1
02.08.2021 00:00:21.178,109.712,109.708,1.25,1.57
02.08.2021 00:00:21.279,109.71100000000001,109.708,1,1
02.08.2021 00:00:21.652,109.713,109.70700000000001,1.39,1
02.08.2021 00:00:22.209,109.71100000000001,109.708,1,1.5
02.08.2021 00:00:23.191,109.71100000000001,109.706,2.7,3.07
02.08.2021 00:00:27.940,109.71100000000001,109.706,1.95,2.45
02.08.2021 00:00:30.566,109.712,109.705,1.95,2.32
02.08.2021 00:00:31.312,109.71100000000001,109.70700000000001,1,1.57
02.08.2021 00:00:31.414,109.712,109.708,1.39,1
02.08.2021 00:00:31.515,109.713,109.706,2.66,1
02.08.2021 00:00:37.467,109.71000000000001,109.70700000000001,1.25,1
02.08.2021 00:00:38.085,109.70700000000001,109.704,2.76,3
02.08.2021 00:00:38.136,109.706,109.70200000000001,1.76,1.95
02.08.2021 00:00:38.187,109.706,109.704,1.39,1
02.08.2021 00:00:38.289,109.706,109.70299999999999,1.39,1
02.08.2021 00:00:38.392,109.705,109.70200000000001,1.39,1
02.08.2021 00:00:39.212,109.705,109.7,2.14,4.07
02.08.2021 00:00:40.669,109.70299999999999,109.7,1,3.45
02.08.2021 00:00:41.185,109.70299999999999,109.7,1,2.7
02.08.2021 00:00:41.287,109.70299999999999,109.7,1,2.57
02.08.2021 00:00:41.389,109.70299999999999,109.7,1,1.01
02.08.2021 00:00:43.021,109.704,109.7,1,1.57
02.08.2021 00:00:45.730,109.704,109.70100000000001,1.39,1
02.08.2021 00:00:46.692,109.70299999999999,109.699,3.45,1
02.08.2021 00:00:46.743,109.70100000000001,109.698,1.25,3.75
02.08.2021 00:00:46.845,109.7,109.69600000000001,1,3.4
02.08.2021 00:00:46.946,109.7,109.69600000000001,1.39,1.25
02.08.2021 00:00:48.347,109.699,109.69600000000001,1.2,1
02.08.2021 00:00:50.595,109.699,109.69600000000001,2.39,1
02.08.2021 00:00:50.763,109.698,109.694,1.25,1.1
02.08.2021 00:00:51.904,109.698,109.694,1,2.47
02.08.2021 00:00:52.207,109.698,109.694,1,1.2
02.08.2021 00:00:53.875,109.698,109.693,2.95,1.95
02.08.2021 00:00:54.179,109.698,109.694,2.2,1
02.08.2021 00:00:54.557,109.69600000000001,109.691,1.31,3
02.08.2021 00:00:54.607,109.69600000000001,109.689,4.16,1.5
02.08.2021 00:00:54.709,109.693,109.689,1.95,1
02.08.2021 00:00:54.861,109.69500000000001,109.68700000000001,5.72,1.95
02.08.2021 00:00:55.940,109.694,109.689,2.89,2.14
02.08.2021 00:00:56.041,109.694,109.689,1.69,2.66
02.08.2021 00:00:56.347,109.69600000000001,109.69200000000001,2.06,1.2
02.08.2021 00:00:56.450,109.697,109.69200000000001,2.89,2.51
02.08.2021 00:00:56.551,109.697,109.693,2.14,1
02.08.2021 00:00:56.653,109.69600000000001,109.694,1.25,1
02.08.2021 00:00:56.755,109.69500000000001,109.69200000000001,1.45,1.12
02.08.2021 00:00:56.907,109.69500000000001,109.693,1.25,1
02.08.2021 00:00:57.210,109.69500000000001,109.691,2.14,1
02.08.2021 00:00:57.957,109.69500000000001,109.69200000000001,2.14,1
02.08.2021 00:00:59.130,109.69500000000001,109.693,1,1.12
02.08.2021 00:00:59.181,109.698,109.69600000000001,5.96,1
02.08.2021 00:00:59.283,109.698,109.69600000000001,1.25,1
02.08.2021 00:00:59.384,109.699,109.69600000000001,1.01,1
02.08.2021 00:01:00.190,109.699,109.697,1.25,1
02.08.2021 00:01:00.241,109.70100000000001,109.699,1.25,1
02.08.2021 00:01:00.343,109.704,109.7,4.07,1
02.08.2021 00:01:00.394,109.704,109.70200000000001,1.94,1
02.08.2021 00:01:00.496,109.705,109.70200000000001,3.2,1
02.08.2021 00:01:00.953,109.706,109.704,1.96,1
02.08.2021 00:01:01.056,109.708,109.70700000000001,1,1
02.08.2021 00:01:01.107,109.71100000000001,109.70700000000001,3.16,1
02.08.2021 00:01:01.209,109.712,109.708,2.67,1.5
02.08.2021 00:01:01.361,109.712,109.71000000000001,1,1
02.08.2021 00:01:01.513,109.712,109.709,1.82,1
02.08.2021 00:01:01.564,109.712,109.70700000000001,2.57,2.96
02.08.2021 00:01:01.666,109.712,109.708,1.01,1.5
02.08.2021 00:01:01.768,109.712,109.70700000000001,5.91,1.5
02.08.2021 00:01:01.869,109.71000000000001,109.70700000000001,1.82,1
02.08.2021 00:01:02.074,109.709,109.70700000000001,1.25,1
02.08.2021 00:01:02.175,109.708,109.706,1.25,1
02.08.2021 00:01:02.277,109.708,109.704,1.01,1
02.08.2021 00:01:02.378,109.708,109.704,3.16,1
02.08.2021 00:01:02.580,109.708,109.70299999999999,3.72,1.5
02.08.2021 00:01:04.487,109.70700000000001,109.70299999999999,1.26,1.5
02.08.2021 00:01:04.813,109.70700000000001,109.70200000000001,2.01,2.7
02.08.2021 00:01:05.948,109.706,109.70100000000001,1.64,2.7
02.08.2021 00:01:07.168,109.70299999999999,109.7,1.25,1
02.08.2021 00:01:07.271,109.70200000000001,109.699,4.04,1
02.08.2021 00:01:07.322,109.70100000000001,109.697,1.69,1.2
02.08.2021 00:01:08.632,109.70100000000001,109.69600000000001,2.14,1.95
02.08.2021 00:01:09.131,109.7,109.69500000000001,3.14,1.95
02.08.2021 00:01:09.233,109.699,109.694,2.39,1.95
02.08.2021 00:01:09.334,109.7,109.693,2.14,2.14
02.08.2021 00:01:10.277,109.698,109.693,1.39,1.95
02.08.2021 00:01:10.581,109.699,109.693,2.89,2.1
02.08.2021 00:01:11.231,109.699,109.693,3.89,2.85
02.08.2021 00:01:11.333,109.699,109.694,1.95,1.2
02.08.2021 00:01:11.434,109.699,109.694,1.2,3.14
02.08.2021 00:01:12.217,109.7,109.69600000000001,2.85,1.25
02.08.2021 00:01:12.611,109.7,109.69600000000001,2.7,1.25
02.08.2021 00:01:12.712,109.699,109.69600000000001,1,1.25
02.08.2021 00:01:13.862,109.699,109.69500000000001,1.2,1.69
02.08.2021 00:01:17.044,109.7,109.69500000000001,2.47,1.75
02.08.2021 00:01:17.145,109.70100000000001,109.694,1.95,2.95
02.08.2021 00:01:17.944,109.70100000000001,109.69500000000001,1.5,1.25
02.08.2021 00:01:18.046,109.70200000000001,109.697,1.12,3.85
02.08.2021 00:01:18.096,109.704,109.7,1,1.25
02.08.2021 00:01:18.198,109.70299999999999,109.699,1,1
02.08.2021 00:01:19.342,109.70200000000001,109.699,1,1
02.08.2021 00:01:19.443,109.70100000000001,109.697,1.5,2.44
02.08.2021 00:01:19.596,109.7,109.697,1,1.25
02.08.2021 00:01:19.697,109.70100000000001,109.697,2.7,1.25
02.08.2021 00:01:20.432,109.7,109.69600000000001,1.5,1.75
02.08.2021 00:01:20.585,109.7,109.69600000000001,1.5,1.39
02.08.2021 00:01:20.686,109.7,109.69600000000001,1.5,2.5
02.08.2021 00:01:21.786,109.7,109.69600000000001,1,1.5
02.08.2021 00:01:22.856,109.697,109.693,1.25,1
02.08.2021 00:01:22.907,109.69500000000001,109.69200000000001,5.06,1
02.08.2021 00:01:22.958,109.693,109.691,1,1
02.08.2021 00:01:23.060,109.69200000000001,109.69,1.25,1
02.08.2021 00:01:23.161,109.693,109.68799999999999,1,1
02.08.2021 00:01:25.212,109.69200000000001,109.68700000000001,1.39,1.95
02.08.2021 00:01:26.785,109.69200000000001,109.68700000000001,1.25,2.1
02.08.2021 00:01:27.428,109.693,109.68700000000001,3.29,1.95
02.08.2021 00:01:28.583,109.693,109.68799999999999,2.2,2.32
02.08.2021 00:01:28.685,109.693,109.689,1.25,1.2
02.08.2021 00:01:28.988,109.69200000000001,109.689,1.25,1.95
02.08.2021 00:01:29.986,109.691,109.689,1.25,1
02.08.2021 00:01:30.975,109.69200000000001,109.68799999999999,3.14,1.5
02.08.2021 00:01:31.076,109.68799999999999,109.68700000000001,1,1
02.08.2021 00:01:31.178,109.68700000000001,109.684,1.25,1
02.08.2021 00:01:31.280,109.68700000000001,109.68299999999999,3.89,1
02.08.2021 00:01:31.433,109.685,109.68299999999999,1,1
02.08.2021 00:01:32.990,109.686,109.68,1,3.22
02.08.2021 00:01:35.947,109.68700000000001,109.68299999999999,2.89,1
02.08.2021 00:01:36.048,109.68700000000001,109.685,1,1
02.08.2021 00:01:36.150,109.68799999999999,109.685,1.39,1
02.08.2021 00:01:38.140,109.69,109.68799999999999,1.88,1
02.08.2021 00:01:38.242,109.691,109.689,1,1
02.08.2021 00:01:38.343,109.69200000000001,109.689,1.2,1
02.08.2021 00:01:38.992,109.691,109.68700000000001,2.14,1.5
02.08.2021 00:01:39.043,109.689,109.68700000000001,2.7,1
02.08.2021 00:01:39.144,109.689,109.686,2.95,1
02.08.2021 00:01:39.245,109.68799999999999,109.686,1.25,1
02.08.2021 00:01:39.347,109.68799999999999,109.686,1.45,1
02.08.2021 00:01:39.448,109.68799999999999,109.686,1.39,1
02.08.2021 00:01:44.233,109.689,109.68799999999999,1.5,1
02.08.2021 00:01:44.284,109.69200000000001,109.68799999999999,2.14,1.25
02.08.2021 00:01:44.335,109.69200000000001,109.69,1.2,1
02.08.2021 00:01:44.437,109.693,109.691,1.2,1
02.08.2021 00:01:51.122,109.689,109.68700000000001,1.5,5.77
02.08.2021 00:01:51.174,109.689,109.685,2.89,2.25
02.08.2021 00:01:51.226,109.68799999999999,109.684,3.89,1
02.08.2021 00:01:51.327,109.68700000000001,109.684,2.69,1
02.08.2021 00:01:51.429,109.686,109.68200000000002,2.39,1.5
02.08.2021 00:01:51.531,109.68700000000001,109.68200000000002,1.39,1
02.08.2021 00:01:51.632,109.68700000000001,109.68200000000002,4.64,1.5
02.08.2021 00:01:51.683,109.68799999999999,109.68299999999999,4.64,1
02.08.2021 00:01:51.784,109.68700000000001,109.68299999999999,3.14,1
02.08.2021 00:01:51.886,109.68700000000001,109.684,4.64,1
02.08.2021 00:01:51.987,109.686,109.68299999999999,1.25,1
02.08.2021 00:01:52.385,109.68700000000001,109.68299999999999,2.89,1
02.08.2021 00:01:54.590,109.68700000000001,109.68299999999999,2.39,1
02.08.2021 00:01:58.146,109.68200000000002,109.68,1.64,1.2
02.08.2021 00:01:58.248,109.68200000000002,109.677,4.79,2.25
02.08.2021 00:01:58.349,109.68,109.676,1.39,3.45
02.08.2021 00:01:58.753,109.679,109.676,1,1
02.08.2021 00:01:58.855,109.68,109.676,1.2,1.5
02.08.2021 00:01:58.956,109.68,109.677,1.39,1
02.08.2021 00:02:00.710,109.68100000000001,109.677,1,1
02.08.2021 00:02:03.427,109.684,109.68100000000001,1,1.5
02.08.2021 00:02:03.529,109.684,109.68200000000002,1,1
02.08.2021 00:02:03.580,109.686,109.68200000000002,1.39,1.5
02.08.2021 00:02:03.681,109.686,109.68299999999999,1.25,1
02.08.2021 00:02:03.964,109.685,109.68100000000001,1.39,1.5
02.08.2021 00:02:04.079,109.68299999999999,109.68,3.07,1.95
02.08.2021 00:02:04.180,109.68299999999999,109.679,3.82,1
02.08.2021 00:02:04.281,109.68200000000002,109.679,1.39,1
02.08.2021 00:02:04.483,109.68200000000002,109.678,2.29,1
02.08.2021 00:02:08.036,109.68200000000002,109.678,1.39,1.5
02.08.2021 00:02:08.491,109.68299999999999,109.678,1.39,2.7
02.08.2021 00:02:08.592,109.684,109.678,1.39,1.5
02.08.2021 00:02:08.694,109.684,109.68,1.25,1.95
02.08.2021 00:02:09.124,109.684,109.68100000000001,1.25,1.5
02.08.2021 00:02:10.111,109.684,109.679,2.66,2.25
02.08.2021 00:02:11.122,109.684,109.679,2.51,2.7
02.08.2021 00:02:11.173,109.684,109.68100000000001,2.14,1
02.08.2021 00:02:11.376,109.685,109.68100000000001,1.95,2.25
02.08.2021 00:02:11.479,109.685,109.68100000000001,4.79,1.5
02.08.2021 00:02:12.080,109.68299999999999,109.68,1.95,1
02.08.2021 00:02:12.182,109.68200000000002,109.679,1.2,1
02.08.2021 00:02:12.850,109.68299999999999,109.679,1.2,2.44
02.08.2021 00:02:12.967,109.684,109.68,1.57,1.69
02.08.2021 00:02:15.077,109.684,109.679,1,1
02.08.2021 00:02:15.390,109.684,109.68,2.89,1
02.08.2021 00:02:15.667,109.684,109.679,2.89,2.89
02.08.2021 00:02:17.320,109.68100000000001,109.677,3.7,2.25
02.08.2021 00:02:17.423,109.68100000000001,109.677,2.14,2.25
02.08.2021 00:02:17.902,109.68100000000001,109.678,1.39,1
02.08.2021 00:02:23.585,109.68100000000001,109.678,2.2,1
02.08.2021 00:02:23.686,109.68200000000002,109.676,2.2,2.25
02.08.2021 00:02:23.788,109.679,109.677,1.25,1
02.08.2021 00:02:28.112,109.678,109.677,1.25,1
02.08.2021 00:02:28.672,109.679,109.677,1.25,1
02.08.2021 00:02:29.245,109.68,109.677,1.69,1
02.08.2021 00:02:31.244,109.68200000000002,109.679,2.2,1
02.08.2021 00:02:31.346,109.68299999999999,109.678,4.6,2.25
02.08.2021 00:02:31.447,109.68100000000001,109.678,1.39,1.5
02.08.2021 00:02:32.728,109.68200000000002,109.679,1.2,1.69
02.08.2021 00:02:32.931,109.68299999999999,109.679,3.29,1
02.08.2021 00:02:32.981,109.68299999999999,109.679,2.89,1
02.08.2021 00:02:33.032,109.68200000000002,109.679,1.45,1
02.08.2021 00:02:35.340,109.68299999999999,109.679,3.64,1
02.08.2021 00:02:35.868,109.684,109.68100000000001,1.5,1.5
02.08.2021 00:02:35.969,109.685,109.68200000000002,1.69,1.5
02.08.2021 00:02:36.070,109.686,109.684,1.69,1
02.08.2021 00:02:36.726,109.68700000000001,109.684,1,2.25
02.08.2021 00:02:36.827,109.686,109.684,1,1
02.08.2021 00:02:38.233,109.68700000000001,109.684,1.39,1
02.08.2021 00:02:38.436,109.689,109.686,3.64,1
02.08.2021 00:02:38.772,109.689,109.685,3.79,1
02.08.2021 00:02:39.098,109.689,109.684,5.29,3
02.08.2021 00:02:39.249,109.68700000000001,109.684,1.2,2.25
02.08.2021 00:02:39.451,109.68700000000001,109.685,1,2.25
02.08.2021 00:02:39.603,109.689,109.685,3.79,3
02.08.2021 00:02:39.856,109.689,109.684,3.22,3
02.08.2021 00:02:39.957,109.68799999999999,109.684,1.6,2.25
02.08.2021 00:02:41.020,109.68799999999999,109.684,1.2,2.25
02.08.2021 00:02:41.121,109.68799999999999,109.686,1,1
02.08.2021 00:02:41.222,109.689,109.685,2.89,1
02.08.2021 00:02:41.324,109.689,109.686,1.69,1.5
02.08.2021 00:02:43.246,109.691,109.68700000000001,1,2.44
02.08.2021 00:02:43.347,109.69200000000001,109.69,1,1.5
02.08.2021 00:02:43.449,109.694,109.69,1.6,3
02.08.2021 00:02:43.869,109.694,109.69,1.2,3
02.08.2021 00:02:43.971,109.69500000000001,109.69200000000001,1.2,1
02.08.2021 00:02:44.124,109.694,109.69200000000001,1.6,1
02.08.2021 00:02:44.327,109.694,109.69200000000001,1.2,1
02.08.2021 00:02:46.069,109.694,109.69,3.04,2.25
02.08.2021 00:02:46.171,109.69200000000001,109.689,1,2.25
02.08.2021 00:02:47.275,109.694,109.689,1.6,3
02.08.2021 00:02:47.376,109.69500000000001,109.689,1.2,3
02.08.2021 00:02:49.311,109.694,109.689,1.91,3
02.08.2021 00:02:51.298,109.694,109.691,2.66,1
02.08.2021 00:02:51.399,109.69500000000001,109.69,1.39,1
02.08.2021 00:02:51.551,109.694,109.69200000000001,1,1
02.08.2021 00:02:51.602,109.69600000000001,109.69200000000001,2.32,1.5
02.08.2021 00:02:51.653,109.69500000000001,109.693,1,1
02.08.2021 00:02:51.704,109.69200000000001,109.69,1,2.25
02.08.2021 00:02:51.856,109.69200000000001,109.689,2.14,1.2
02.08.2021 00:02:51.957,109.69200000000001,109.68799999999999,2.14,4.5
02.08.2021 00:02:52.159,109.69200000000001,109.689,1.2,1
02.08.2021 00:02:52.311,109.693,109.689,1.95,1.5
02.08.2021 00:02:52.413,109.694,109.69,4.91,1
02.08.2021 00:02:53.993,109.694,109.69,1.57,1.5
02.08.2021 00:02:54.095,109.694,109.69,1.6,1.5
02.08.2021 00:02:58.316,109.693,109.689,1.57,2.25
02.08.2021 00:03:00.672,109.691,109.689,1,1.5
02.08.2021 00:03:09.322,109.69200000000001,109.689,1.5,1
02.08.2021 00:03:09.474,109.691,109.689,1,1
02.08.2021 00:03:14.103,109.68799999999999,109.684,1,1.87
02.08.2021 00:03:14.204,109.68700000000001,109.684,1.1,1
02.08.2021 00:03:14.306,109.68700000000001,109.68200000000002,1,1.2
02.08.2021 00:03:14.408,109.685,109.68100000000001,2.97,2.25
02.08.2021 00:03:14.510,109.68200000000002,109.68,1,1
02.08.2021 00:03:15.325,109.68200000000002,109.679,1,1.2
02.08.2021 00:03:20.218,109.68299999999999,109.679,1.01,1.95
02.08.2021 00:03:21.424,109.68200000000002,109.677,2.97,3.45
02.08.2021 00:03:21.526,109.68100000000001,109.677,3.72,1
02.08.2021 00:03:23.226,109.684,109.68100000000001,1.27,1.5
02.08.2021 00:03:23.328,109.685,109.68,1.52,1
02.08.2021 00:03:23.793,109.685,109.68100000000001,3.54,1
02.08.2021 00:03:24.472,109.684,109.68,5.04,1
02.08.2021 00:03:24.625,109.684,109.68,6.85,1
02.08.2021 00:03:25.901,109.684,109.68,4.37,1
02.08.2021 00:03:26.002,109.684,109.679,1.66,1
02.08.2021 00:03:26.104,109.68200000000002,109.678,1.47,1
02.08.2021 00:03:26.306,109.68200000000002,109.677,3.35,1.2
02.08.2021 00:03:30.013,109.68299999999999,109.677,1.97,1
02.08.2021 00:03:30.546,109.68100000000001,109.677,1.1,2.7
02.08.2021 00:03:31.000,109.68100000000001,109.677,1.97,1.5
02.08.2021 00:03:31.101,109.68200000000002,109.678,3.47,1
02.08.2021 00:03:31.253,109.68200000000002,109.679,1.1,1
02.08.2021 00:03:31.405,109.68299999999999,109.68,1.57,1
02.08.2021 00:03:35.162,109.684,109.68,1.01,1.95
02.08.2021 00:03:44.490,109.684,109.68100000000001,1,1.2
02.08.2021 00:03:44.591,109.685,109.68100000000001,1.5,2.1
02.08.2021 00:03:44.693,109.686,109.68200000000002,1.57,2.7
02.08.2021 00:03:44.794,109.686,109.68299999999999,1,1.2
02.08.2021 00:03:44.896,109.68700000000001,109.68299999999999,1.57,1.95
02.08.2021 00:03:47.378,109.684,109.68100000000001,1,1.95
02.08.2021 00:03:49.311,109.684,109.68,2.14,1.2
02.08.2021 00:03:49.463,109.684,109.68,3.1,1
02.08.2021 00:03:49.564,109.68299999999999,109.679,1.1,2.89
02.08.2021 00:03:49.767,109.68200000000002,109.679,1.57,1
02.08.2021 00:03:49.818,109.68100000000001,109.677,1.1,3.64
02.08.2021 00:03:51.636,109.68200000000002,109.678,2.32,1.95
02.08.2021 00:03:51.788,109.68299999999999,109.676,1.97,4.39
02.08.2021 00:03:55.616,109.68200000000002,109.678,3.85,1
02.08.2021 00:03:59.392,109.68100000000001,109.677,1.1,1.2
02.08.2021 00:04:00.533,109.68200000000002,109.678,3.85,1
02.08.2021 00:04:01.303,109.68299999999999,109.68,1.6,1
02.08.2021 00:04:01.404,109.684,109.68,3.22,1
02.08.2021 00:04:01.506,109.684,109.679,1.79,1.2
02.08.2021 00:04:01.608,109.68299999999999,109.679,2.54,1
02.08.2021 00:04:01.709,109.68200000000002,109.679,1.22,1
02.08.2021 00:04:03.078,109.68200000000002,109.678,1.97,1
02.08.2021 00:04:04.555,109.68200000000002,109.678,1.2,1
02.08.2021 00:04:04.657,109.68200000000002,109.677,1.2,2.32
02.08.2021 00:04:08.447,109.678,109.675,2.32,1.5
02.08.2021 00:04:08.498,109.67200000000001,109.67,1.13,2.44
02.08.2021 00:04:08.599,109.67399999999999,109.669,2.89,1.39
02.08.2021 00:04:08.650,109.67200000000001,109.669,1.69,1
02.08.2021 00:04:08.751,109.671,109.66700000000002,2.7,1
02.08.2021 00:04:09.757,109.67200000000001,109.671,1,1
02.08.2021 00:04:09.809,109.67399999999999,109.671,3.34,1
02.08.2021 00:04:10.216,109.676,109.67200000000001,2.7,1
02.08.2021 00:04:11.131,109.677,109.67200000000001,3.64,1.95
02.08.2021 00:04:11.385,109.677,109.67399999999999,1,1
02.08.2021 00:04:11.487,109.678,109.673,2.14,1.2
02.08.2021 00:04:11.590,109.678,109.675,1.39,1
02.08.2021 00:04:12.927,109.68,109.676,1,1.95
02.08.2021 00:04:13.029,109.68200000000002,109.678,4.91,1
02.08.2021 00:04:13.514,109.68299999999999,109.678,2.89,1.2
02.08.2021 00:04:13.859,109.686,109.68200000000002,3.34,1
02.08.2021 00:04:13.960,109.686,109.68299999999999,1.2,1
02.08.2021 00:04:14.061,109.68299999999999,109.678,2.51,1.2
02.08.2021 00:04:14.163,109.68200000000002,109.678,1,1.2
02.08.2021 00:04:15.760,109.68299999999999,109.676,1.95,1.95
02.08.2021 00:04:15.861,109.68200000000002,109.677,4.35,1
02.08.2021 00:04:16.426,109.68,109.677,1,1
02.08.2021 00:04:16.871,109.68100000000001,109.677,2.14,1
02.08.2021 00:04:17.127,109.68,109.677,1,1.2
02.08.2021 00:04:17.229,109.68200000000002,109.677,2.02,1.95
02.08.2021 00:04:17.432,109.68200000000002,109.679,1.2,1
02.08.2021 00:04:19.803,109.68100000000001,109.677,1.2,1
02.08.2021 00:04:19.955,109.68,109.676,1,1.39
02.08.2021 00:04:20.056,109.679,109.676,1.1,1
02.08.2021 00:04:20.157,109.679,109.67399999999999,1.95,1
02.08.2021 00:04:20.259,109.676,109.673,1.39,1
02.08.2021 00:04:20.310,109.675,109.671,1.39,1
02.08.2021 00:04:20.714,109.676,109.673,1.57,1
02.08.2021 00:04:20.816,109.677,109.67399999999999,1.1,1
02.08.2021 00:04:21.920,109.678,109.671,1.5,3.04
02.08.2021 00:04:23.036,109.677,109.67200000000001,1.57,2.89
02.08.2021 00:04:23.188,109.677,109.67200000000001,1.5,3.04
02.08.2021 00:04:24.145,109.675,109.67200000000001,1,1.5
02.08.2021 00:04:24.246,109.675,109.671,1,2.56
02.08.2021 00:04:26.459,109.67399999999999,109.67,1,2.89
02.08.2021 00:04:30.851,109.67399999999999,109.67,1,3.7
02.08.2021 00:04:31.308,109.67399999999999,109.67,1,2.89
02.08.2021 00:04:33.365,109.676,109.67,1.1,1.5
02.08.2021 00:04:42.763,109.675,109.671,4.04,1.5
02.08.2021 00:04:50.605,109.675,109.671,2.25,1.2
02.08.2021 00:04:50.877,109.675,109.67200000000001,1.5,1
02.08.2021 00:05:00.737,109.676,109.67200000000001,1.76,1.5
02.08.2021 00:05:01.332,109.677,109.675,1,1
02.08.2021 00:05:01.433,109.679,109.675,2.91,1
02.08.2021 00:05:01.535,109.679,109.676,1.76,1
02.08.2021 00:05:02.664,109.68,109.676,1.01,1.69
02.08.2021 00:05:02.766,109.68100000000001,109.678,1.1,1
02.08.2021 00:05:03.684,109.68200000000002,109.678,1.1,1.5
02.08.2021 00:05:03.786,109.68299999999999,109.68,1.1,1
02.08.2021 00:05:03.837,109.68299999999999,109.678,2.32,2.32
02.08.2021 00:05:03.938,109.68299999999999,109.678,2.72,1.87
02.08.2021 00:05:07.125,109.68200000000002,109.678,2.54,1
02.08.2021 00:05:07.227,109.68200000000002,109.677,5.04,2.25
02.08.2021 00:05:07.379,109.68299999999999,109.677,3.47,1
02.08.2021 00:05:07.480,109.68299999999999,109.678,4.04,1.5
02.08.2021 00:05:10.572,109.68299999999999,109.678,4.54,1.5
02.08.2021 00:05:11.326,109.68100000000001,109.677,1.57,2.25
02.08.2021 00:05:12.922,109.68,109.677,1,1.5
02.08.2021 00:05:14.096,109.679,109.677,1,1.5
02.08.2021 00:05:14.147,109.677,109.675,2.69,1
02.08.2021 00:05:14.198,109.676,109.673,1.25,1.5
02.08.2021 00:05:14.249,109.67399999999999,109.67200000000001,1,4.27
02.08.2021 00:05:14.974,109.673,109.67,1,1.95
02.08.2021 00:05:15.075,109.67200000000001,109.669,1,2.89
02.08.2021 00:05:15.177,109.67200000000001,109.67,1,1
02.08.2021 00:05:15.588,109.673,109.67,1.25,1.5
02.08.2021 00:05:16.903,109.67399999999999,109.67200000000001,1,1
02.08.2021 00:05:20.939,109.676,109.67200000000001,1,2.7
02.08.2021 00:05:21.041,109.676,109.673,1,1
02.08.2021 00:05:25.447,109.677,109.673,4.01,1
02.08.2021 00:05:26.960,109.678,109.676,1.12,1
02.08.2021 00:05:27.061,109.68,109.676,2.14,2.25
02.08.2021 00:05:27.162,109.68100000000001,109.676,2.32,2.82
02.08.2021 00:05:27.264,109.68299999999999,109.678,5.51,1.95
02.08.2021 00:05:31.937,109.68299999999999,109.678,5.26,1.95
02.08.2021 00:05:32.132,109.68299999999999,109.68,1.12,1.5
02.08.2021 00:05:33.772,109.684,109.68,6.72,1
02.08.2021 00:05:33.925,109.68200000000002,109.68,1,1
02.08.2021 00:05:34.363,109.685,109.68,1.58,1.5
02.08.2021 00:05:34.465,109.685,109.68100000000001,4.39,1.5
02.08.2021 00:05:34.567,109.68299999999999,109.68,1,1
02.08.2021 00:05:34.669,109.68299999999999,109.679,3.26,1.5
02.08.2021 00:05:34.771,109.68200000000002,109.679,1,1
02.08.2021 00:05:37.163,109.68200000000002,109.678,1.57,1
02.08.2021 00:05:40.264,109.68200000000002,109.677,4.57,2.89
02.08.2021 00:05:40.366,109.68200000000002,109.678,2.32,1
02.08.2021 00:05:40.736,109.68200000000002,109.679,1.2,1
02.08.2021 00:05:40.838,109.684,109.68100000000001,1.1,1
02.08.2021 00:05:40.939,109.685,109.68100000000001,1.2,1
02.08.2021 00:05:41.725,109.685,109.68100000000001,1.97,1.69
02.08.2021 00:05:43.453,109.684,109.68,1.22,2.44
02.08.2021 00:05:43.555,109.684,109.68,1,1.69
02.08.2021 00:05:43.768,109.684,109.68,1.22,1.69
02.08.2021 00:05:46.545,109.684,109.679,1.22,1
02.08.2021 00:05:46.697,109.68299999999999,109.679,5.72,1.5
02.08.2021 00:05:46.950,109.68299999999999,109.679,6.41,1.5
02.08.2021 00:06:09.425,109.677,109.675,1,6.06
02.08.2021 00:06:09.527,109.676,109.673,1,1
02.08.2021 00:06:09.629,109.676,109.67200000000001,1.95,2.44
02.08.2021 00:06:09.732,109.676,109.673,1,1.87
02.08.2021 00:06:09.834,109.678,109.676,3.9,1
02.08.2021 00:06:09.936,109.678,109.676,1,1
02.08.2021 00:06:10.039,109.68,109.676,1.95,1.25
02.08.2021 00:06:10.091,109.68,109.678,1,1
02.08.2021 00:06:10.193,109.68100000000001,109.678,1.1,1
02.08.2021 00:06:24.062,109.68100000000001,109.678,1.97,1
02.08.2021 00:06:24.163,109.68100000000001,109.678,1.57,1
02.08.2021 00:06:33.817,109.68200000000002,109.678,1.57,1.2
02.08.2021 00:06:38.375,109.68200000000002,109.678,1.97,1.5
02.08.2021 00:06:47.123,109.68200000000002,109.68,1.1,1
02.08.2021 00:06:47.174,109.684,109.68100000000001,1.95,1
02.08.2021 00:06:47.275,109.684,109.68100000000001,1.22,1
02.08.2021 00:06:47.377,109.684,109.68100000000001,1.1,1
02.08.2021 00:06:50.927,109.686,109.684,1.1,1
02.08.2021 00:06:51.028,109.68700000000001,109.684,1.1,1
02.08.2021 00:06:51.231,109.68700000000001,109.685,1,1
02.08.2021 00:06:51.282,109.689,109.686,1.57,1
02.08.2021 00:06:51.434,109.689,109.686,1.22,1
02.08.2021 00:06:51.535,109.689,109.686,2.32,1
02.08.2021 00:06:51.760,109.689,109.686,3.1,1
02.08.2021 00:06:52.063,109.689,109.686,1.57,1
02.08.2021 00:06:54.606,109.689,109.686,2.35,1
02.08.2021 00:06:55.481,109.68700000000001,109.685,1.1,1
02.08.2021 00:06:55.583,109.68799999999999,109.68200000000002,1.1,3.7
02.08.2021 00:06:55.735,109.68700000000001,109.68299999999999,1.1,1.95
02.08.2021 00:06:55.836,109.68700000000001,109.68299999999999,1.22,1.5
02.08.2021 00:06:56.038,109.68700000000001,109.68100000000001,1.1,1.95
02.08.2021 00:06:58.149,109.686,109.68299999999999,1.1,1
02.08.2021 00:07:00.150,109.686,109.684,1,1
02.08.2021 00:07:01.100,109.68700000000001,109.684,1.57,1
02.08.2021 00:07:01.252,109.68700000000001,109.685,1.1,1
02.08.2021 00:07:02.096,109.68700000000001,109.684,1.1,1
02.08.2021 00:07:05.895,109.68700000000001,109.685,1,1
02.08.2021 00:07:10.724,109.69,109.684,2.7,1.25
02.08.2021 00:07:10.825,109.69,109.685,1.95,1
02.08.2021 00:07:11.373,109.69,109.68799999999999,1.12,1
02.08.2021 00:07:11.525,109.69,109.689,1,1
02.08.2021 00:07:11.627,109.691,109.689,1,1
02.08.2021 00:07:12.418,109.691,109.68700000000001,1.2,3.19
02.08.2021 00:07:12.468,109.69200000000001,109.69,1,1
02.08.2021 00:07:12.621,109.69200000000001,109.691,1.69,1
02.08.2021 00:07:13.076,109.691,109.69,1,1
02.08.2021 00:07:13.329,109.691,109.689,1,1
02.08.2021 00:07:13.431,109.691,109.68799999999999,1,1
02.08.2021 00:07:15.403,109.691,109.69,1,1
02.08.2021 00:07:16.899,109.69200000000001,109.69,1,1
02.08.2021 00:07:17.000,109.69,109.68700000000001,1,1
02.08.2021 00:07:17.101,109.69,109.68799999999999,1,1
02.08.2021 00:07:17.203,109.69,109.689,1,1
02.08.2021 00:07:17.508,109.69,109.68799999999999,1,1
02.08.2021 00:07:17.841,109.69,109.68700000000001,1.1,1.25
02.08.2021 00:07:22.619,109.691,109.689,1,1
02.08.2021 00:07:22.720,109.691,109.68799999999999,1.1,1
02.08.2021 00:07:23.024,109.691,109.68700000000001,1.41,2.25
02.08.2021 00:07:23.175,109.69,109.686,2.91,2.7
02.08.2021 00:07:23.277,109.68799999999999,109.684,1.01,1.95
02.08.2021 00:07:23.378,109.689,109.684,5.35,1.5
02.08.2021 00:07:24.921,109.689,109.685,4.22,1
02.08.2021 00:07:25.588,109.689,109.685,2.54,1
02.08.2021 00:07:25.689,109.69,109.68799999999999,1.01,1
02.08.2021 00:07:25.791,109.691,109.68799999999999,1.01,1
02.08.2021 00:07:26.094,109.691,109.68700000000001,1.01,1.2
02.08.2021 00:07:26.196,109.691,109.68700000000001,2.16,1
02.08.2021 00:07:26.448,109.689,109.686,1.57,1
02.08.2021 00:07:26.550,109.689,109.686,1.97,1
02.08.2021 00:07:28.089,109.69,109.68799999999999,1.2,1
02.08.2021 00:07:28.191,109.691,109.689,1.95,1
02.08.2021 00:07:28.292,109.69200000000001,109.68700000000001,1.82,1
02.08.2021 00:07:28.393,109.691,109.68700000000001,2.22,2.25
02.08.2021 00:07:31.002,109.69200000000001,109.68799999999999,2.97,1
02.08.2021 00:07:31.205,109.691,109.68700000000001,1.82,1
02.08.2021 00:07:31.306,109.69,109.68799999999999,1.76,1
02.08.2021 00:07:31.407,109.691,109.69,1.25,1
02.08.2021 00:07:31.559,109.693,109.689,1.01,1
02.08.2021 00:07:31.711,109.694,109.69,2.79,1.5
02.08.2021 00:07:31.762,109.694,109.691,2.41,1
02.08.2021 00:07:32.015,109.69200000000001,109.691,1,1
02.08.2021 00:07:32.116,109.69200000000001,109.691,1,1
02.08.2021 00:07:32.217,109.693,109.691,1.1,1
02.08.2021 00:07:33.111,109.693,109.69,1.1,1
02.08.2021 00:07:35.954,109.693,109.689,2.89,1.5
02.08.2021 00:08:01.378,109.69,109.686,2.89,2.7
02.08.2021 00:08:01.479,109.689,109.685,2.14,2.25
02.08.2021 00:08:01.580,109.68799999999999,109.684,2.14,2.25
02.08.2021 00:08:01.682,109.68700000000001,109.68200000000002,1.25,1
02.08.2021 00:08:01.783,109.686,109.684,1.25,1
02.08.2021 00:08:06.506,109.685,109.68200000000002,2.66,1
02.08.2021 00:08:06.658,109.684,109.68100000000001,1.2,1.5
02.08.2021 00:08:06.760,109.685,109.68,1.72,1
02.08.2021 00:08:07.164,109.684,109.68100000000001,1,1.5
02.08.2021 00:08:07.265,109.684,109.68200000000002,1.2,1
02.08.2021 00:08:07.367,109.684,109.68100000000001,1,1.5
02.08.2021 00:08:07.468,109.684,109.68200000000002,1,1
02.08.2021 00:08:09.508,109.684,109.68100000000001,1.2,1.5
02.08.2021 00:08:10.318,109.684,109.68200000000002,1,1
02.08.2021 00:08:12.321,109.686,109.68299999999999,1.2,1.5
02.08.2021 00:08:12.423,109.685,109.68299999999999,1,1.5
02.08.2021 00:08:12.474,109.684,109.68100000000001,1,1.25
02.08.2021 00:08:12.575,109.68299999999999,109.68,1.95,1.25
02.08.2021 00:08:12.677,109.68299999999999,109.679,3.07,2.87
02.08.2021 00:08:12.779,109.68200000000002,109.679,1,1.25
02.08.2021 00:08:12.931,109.68200000000002,109.678,1,3.32
02.08.2021 00:08:13.489,109.68100000000001,109.678,1,1.75
02.08.2021 00:08:14.479,109.68100000000001,109.678,1,1.25
02.08.2021 00:08:21.104,109.68299999999999,109.677,1.95,1.69
02.08.2021 00:08:27.149,109.68200000000002,109.679,1.12,1
02.08.2021 00:08:31.426,109.684,109.68299999999999,1.5,1
02.08.2021 00:08:31.528,109.685,109.68200000000002,1,1.95
02.08.2021 00:08:31.629,109.68299999999999,109.68,1.2,2.89
02.08.2021 00:08:31.882,109.684,109.68,1,1
02.08.2021 00:08:32.371,109.684,109.677,1.95,4.07
02.08.2021 00:08:32.523,109.68200000000002,109.678,1,2.95
02.08.2021 00:08:32.625,109.68200000000002,109.678,1.2,1.69
02.08.2021 00:08:38.022,109.68299999999999,109.68,1.2,2.5
02.08.2021 00:08:38.124,109.685,109.68100000000001,3.37,1
02.08.2021 00:08:38.327,109.684,109.68100000000001,1.1,1
02.08.2021 00:08:38.671,109.68200000000002,109.678,1,4.07
02.08.2021 00:08:40.329,109.68299999999999,109.68200000000002,1,1
02.08.2021 00:08:40.430,109.68299999999999,109.68,1,1
02.08.2021 00:08:40.633,109.68200000000002,109.68,1,1.5
02.08.2021 00:08:43.022,109.68200000000002,109.679,1,1.25
02.08.2021 00:08:43.174,109.68200000000002,109.678,1.2,2.44
02.08.2021 00:08:44.168,109.68100000000001,109.678,1,1.69
02.08.2021 00:08:56.554,109.679,109.675,1.1,1
02.08.2021 00:08:56.656,109.678,109.675,3.1,1
02.08.2021 00:08:56.759,109.677,109.673,1.22,1.69
02.08.2021 00:09:01.209,109.678,109.676,1.1,1
02.08.2021 00:09:01.311,109.679,109.677,1.1,1
02.08.2021 00:09:01.412,109.68,109.677,1.1,1
02.08.2021 00:09:01.513,109.68,109.679,1,1
02.08.2021 00:09:04.243,109.68200000000002,109.679,1.22,1
02.08.2021 00:09:07.131,109.68200000000002,109.678,1.22,1
02.08.2021 00:09:11.102,109.68100000000001,109.677,1.1,3.26
02.08.2021 00:09:11.204,109.68200000000002,109.677,1.1,1.25
02.08.2021 00:09:11.305,109.68200000000002,109.679,1.57,1.69
02.08.2021 00:09:11.407,109.68299999999999,109.679,1.57,3.26
02.08.2021 00:09:11.559,109.68299999999999,109.679,3.1,1
02.08.2021 00:09:11.660,109.68299999999999,109.679,3.97,1
02.08.2021 00:09:11.761,109.68200000000002,109.678,1.97,1.69
02.08.2021 00:09:23.853,109.68200000000002,109.678,2.32,2.14
02.08.2021 00:09:23.954,109.68200000000002,109.678,2.72,1.69
02.08.2021 00:09:30.609,109.68299999999999,109.679,3.47,2.44
02.08.2021 00:09:30.710,109.68299999999999,109.679,3.97,1.5
02.08.2021 00:09:32.811,109.68200000000002,109.678,1.97,2.44
02.08.2021 00:09:58.955,109.68100000000001,109.677,1.95,3.43
02.08.2021 00:09:59.997,109.68200000000002,109.676,2.85,3.19
02.08.2021 00:10:00.099,109.679,109.676,2.29,1
02.08.2021 00:10:00.201,109.677,109.675,1,1
02.08.2021 00:10:00.304,109.675,109.67399999999999,1,1
02.08.2021 00:10:00.405,109.675,109.67200000000001,1,3.39
02.08.2021 00:10:00.507,109.677,109.671,1.95,4.14
02.08.2021 00:10:00.609,109.677,109.671,1.2,3.26
02.08.2021 00:10:02.378,109.676,109.67200000000001,1.22,3.19
02.08.2021 00:10:02.743,109.677,109.67399999999999,1.1,1.25
02.08.2021 00:10:02.845,109.677,109.673,2.72,1.5
02.08.2021 00:10:03.973,109.679,109.677,4.2,1
02.08.2021 00:10:04.125,109.68100000000001,109.677,4.42,1.5
02.08.2021 00:10:04.226,109.68100000000001,109.677,3.07,1.5
02.08.2021 00:10:12.284,109.68100000000001,109.678,1.1,1
02.08.2021 00:10:12.958,109.68100000000001,109.679,1.1,1
02.08.2021 00:10:15.296,109.68100000000001,109.679,1.22,1
02.08.2021 00:10:15.449,109.68100000000001,109.679,1.1,1
02.08.2021 00:10:16.490,109.68100000000001,109.677,1.1,2.14
02.08.2021 00:10:16.592,109.68200000000002,109.678,1.22,1
02.08.2021 00:10:20.019,109.68200000000002,109.678,1.2,1
02.08.2021 00:10:37.567,109.68299999999999,109.678,1.2,1
02.08.2021 00:10:37.668,109.68299999999999,109.679,1.2,1
02.08.2021 00:10:39.654,109.684,109.678,3.6,1
02.08.2021 00:10:40.123,109.68299999999999,109.679,3.45,1
02.08.2021 00:11:21.191,109.679,109.675,2.32,7.12
02.08.2021 00:11:21.293,109.677,109.67399999999999,1.75,1.2
02.08.2021 00:11:21.344,109.676,109.67200000000001,1.94,3.82
02.08.2021 00:11:21.446,109.678,109.67200000000001,1.25,1.95
02.08.2021 00:11:22.062,109.676,109.673,1,1
02.08.2021 00:11:24.162,109.676,109.67200000000001,1,2.32
02.08.2021 00:11:24.263,109.676,109.673,1.25,1
02.08.2021 00:11:24.364,109.676,109.67200000000001,1.25,2.32
02.08.2021 00:11:27.689,109.673,109.67200000000001,1,1
02.08.2021 00:11:27.741,109.669,109.66700000000002,1.25,1.5
02.08.2021 00:11:27.842,109.66700000000002,109.665,1.87,1.5
02.08.2021 00:11:27.893,109.665,109.663,1.25,1
02.08.2021 00:11:27.994,109.663,109.661,1,1.5
02.08.2021 00:11:28.146,109.664,109.661,1,1
02.08.2021 00:11:28.248,109.664,109.662,1,1
02.08.2021 00:11:29.818,109.665,109.65899999999999,1,1.57
02.08.2021 00:11:30.520,109.665,109.661,1,1.12
02.08.2021 00:11:30.622,109.66600000000001,109.663,2.25,1
02.08.2021 00:11:31.380,109.66600000000001,109.662,3.64,1
02.08.2021 00:11:31.482,109.665,109.661,1.5,1.57
02.08.2021 00:11:31.735,109.665,109.662,1,1.57
02.08.2021 00:11:31.887,109.66600000000001,109.663,1,1.1
02.08.2021 00:11:34.115,109.66600000000001,109.664,1,1
02.08.2021 00:11:34.216,109.66799999999999,109.664,1,1
02.08.2021 00:11:34.946,109.66799999999999,109.66600000000001,1.25,1
02.08.2021 00:11:35.691,109.66799999999999,109.665,1.25,2.32
02.08.2021 00:11:46.786,109.66799999999999,109.66600000000001,1.25,1
02.08.2021 00:11:47.517,109.66799999999999,109.665,1.25,1.57
02.08.2021 00:11:48.325,109.67,109.664,1,3.1
02.08.2021 00:11:48.427,109.67200000000001,109.66600000000001,3.04,1
02.08.2021 00:11:54.855,109.665,109.663,1,1.2
02.08.2021 00:11:54.956,109.665,109.661,2.01,1.87
02.08.2021 00:11:55.058,109.665,109.662,1.94,1
02.08.2021 00:11:55.159,109.665,109.662,1.25,1.5
02.08.2021 00:11:55.261,109.66600000000001,109.663,2.69,1
02.08.2021 00:11:55.362,109.66600000000001,109.662,4.26,1
02.08.2021 00:12:00.520,109.66600000000001,109.66,2.76,1.5
02.08.2021 00:12:06.225,109.665,109.661,1.25,1.57
02.08.2021 00:12:06.377,109.665,109.661,1.75,1.57
02.08.2021 00:12:12.034,109.664,109.661,1.75,1
02.08.2021 00:12:12.135,109.664,109.65899999999999,3.25,3.1
02.08.2021 00:12:13.242,109.662,109.65899999999999,1,2.35
02.08.2021 00:12:13.829,109.664,109.66,2.5,1.2
02.08.2021 00:12:13.930,109.664,109.661,1.75,1.2
02.08.2021 00:12:14.031,109.665,109.66,1.25,1.1
02.08.2021 00:12:15.766,109.66600000000001,109.661,4.76,2.51
02.08.2021 00:12:15.867,109.66600000000001,109.662,3.26,1
02.08.2021 00:12:16.901,109.66799999999999,109.665,2.25,1
02.08.2021 00:12:19.315,109.66799999999999,109.66600000000001,1.1,1
02.08.2021 00:12:19.416,109.669,109.66600000000001,1.25,1
02.08.2021 00:12:20.575,109.669,109.66600000000001,1.75,1
02.08.2021 00:12:20.828,109.669,109.66600000000001,1.25,1
02.08.2021 00:12:22.418,109.669,109.665,1.27,1.5
02.08.2021 00:12:22.519,109.66799999999999,109.665,1,1.1
02.08.2021 00:12:22.680,109.67,109.665,1.69,1
02.08.2021 00:12:33.996,109.669,109.66700000000002,1.25,1
02.08.2021 00:12:38.632,109.669,109.66600000000001,1.25,1
02.08.2021 00:12:40.633,109.66799999999999,109.66600000000001,1.25,1
02.08.2021 00:12:49.399,109.665,109.663,1.69,1.5
02.08.2021 00:12:49.500,109.66600000000001,109.662,3.89,1.5
02.08.2021 00:12:49.602,109.665,109.662,1.37,1.5
02.08.2021 00:12:49.653,109.66600000000001,109.662,2.97,1.5
02.08.2021 00:12:50.442,109.665,109.662,1.12,1.5
02.08.2021 00:12:53.329,109.66600000000001,109.663,1.5,1.2
02.08.2021 00:12:55.695,109.66600000000001,109.663,1,2.72
02.08.2021 00:12:55.746,109.66799999999999,109.664,1.25,1.57
02.08.2021 00:12:55.848,109.66799999999999,109.665,1.25,1.1
02.08.2021 00:12:55.899,109.669,109.66700000000002,1.25,1
02.08.2021 00:12:56.000,109.669,109.665,2.95,1
02.08.2021 00:12:57.012,109.669,109.66600000000001,1.69,1
02.08.2021 00:12:57.316,109.669,109.66700000000002,1.25,1
02.08.2021 00:12:58.691,109.67,109.66600000000001,3.89,1
02.08.2021 00:13:05.245,109.67,109.66700000000002,2.39,1
02.08.2021 00:13:22.040,109.669,109.66600000000001,1.25,1
02.08.2021 00:13:22.243,109.669,109.66600000000001,1.25,1
02.08.2021 00:13:25.159,109.67,109.66600000000001,2.57,1
02.08.2021 00:13:43.256,109.67,109.66700000000002,2.57,1
02.08.2021 00:13:48.488,109.67,109.66700000000002,2.51,1
02.08.2021 00:13:49.471,109.669,109.66700000000002,1.25,1
02.08.2021 00:13:49.827,109.669,109.664,2.32,1.57
02.08.2021 00:13:54.055,109.66799999999999,109.664,1.57,1.5
02.08.2021 00:13:54.207,109.66600000000001,109.663,1,1.5
02.08.2021 00:13:54.361,109.66799999999999,109.662,1.5,1.01
02.08.2021 00:13:59.791,109.66700000000002,109.665,1,1
02.08.2021 00:13:59.892,109.67,109.665,2.14,1
02.08.2021 00:14:00.512,109.66799999999999,109.663,3.64,2.51
02.08.2021 00:14:00.981,109.66799999999999,109.665,1.5,1
02.08.2021 00:14:03.199,109.669,109.665,1.39,1
02.08.2021 00:14:04.177,109.67,109.66700000000002,1.2,1
02.08.2021 00:14:07.207,109.671,109.66600000000001,4.35,1
02.08.2021 00:14:09.649,109.669,109.66600000000001,1,1
02.08.2021 00:14:09.750,109.66700000000002,109.66600000000001,1,1
02.08.2021 00:14:09.801,109.66700000000002,109.664,1.87,1
02.08.2021 00:14:09.953,109.665,109.662,2.25,1
02.08.2021 00:14:10.055,109.663,109.661,1.5,1
02.08.2021 00:14:10.156,109.663,109.65899999999999,1,3.32
02.08.2021 00:14:10.463,109.663,109.65899999999999,1,2.32
02.08.2021 00:14:10.814,109.66600000000001,109.66,1.23,4.82
02.08.2021 00:14:10.916,109.665,109.663,1,1
02.08.2021 00:14:11.170,109.66600000000001,109.663,2.7,1
02.08.2021 00:14:11.272,109.66600000000001,109.664,1,1.25
02.08.2021 00:14:11.373,109.66700000000002,109.664,1,1.25
02.08.2021 00:14:12.209,109.66799999999999,109.664,1.1,1.25
02.08.2021 00:14:12.658,109.66700000000002,109.661,2.32,2.7
02.08.2021 00:14:13.065,109.66600000000001,109.662,3.6,1
02.08.2021 00:14:17.267,109.66600000000001,109.662,1,2.57
02.08.2021 00:14:17.369,109.66799999999999,109.663,1.1,1.25
02.08.2021 00:14:17.471,109.66799999999999,109.665,1,1
02.08.2021 00:14:20.109,109.669,109.66600000000001,1,1.5
02.08.2021 00:14:20.211,109.67,109.66600000000001,1.76,2.25
02.08.2021 00:14:23.113,109.669,109.66600000000001,1.25,1.5
02.08.2021 00:14:23.316,109.669,109.665,1.57,1.5
02.08.2021 00:14:34.297,109.66799999999999,109.663,1.76,3.82
02.08.2021 00:14:34.563,109.66799999999999,109.663,4.26,2.7
02.08.2021 00:14:37.830,109.66600000000001,109.662,2.51,2.25
02.08.2021 00:14:41.969,109.665,109.661,1.2,1.5
02.08.2021 00:14:43.079,109.66600000000001,109.663,1.5,1
02.08.2021 00:14:43.181,109.66799999999999,109.664,1.76,1
02.08.2021 00:14:43.333,109.66799999999999,109.665,1.25,1
02.08.2021 00:14:46.850,109.669,109.665,1.25,2.7
02.08.2021 00:14:46.951,109.669,109.66600000000001,1.25,1
02.08.2021 00:14:52.581,109.671,109.66799999999999,1.31,1
02.08.2021 00:14:56.235,109.67200000000001,109.67,1.25,1
02.08.2021 00:14:56.337,109.67200000000001,109.669,1.31,2.25
02.08.2021 00:14:56.438,109.671,109.66799999999999,1,1.5
02.08.2021 00:15:01.458,109.67200000000001,109.66799999999999,1.1,1.69
02.08.2021 00:15:01.559,109.673,109.669,1,1
02.08.2021 00:15:01.661,109.673,109.67,1.57,1
02.08.2021 00:15:02.116,109.67200000000001,109.67,1,1.95
02.08.2021 00:15:02.217,109.673,109.67,2.32,1
02.08.2021 00:15:02.619,109.673,109.671,1.5,1
02.08.2021 00:15:03.172,109.67200000000001,109.671,1,1
02.08.2021 00:15:03.273,109.673,109.671,1.5,1
02.08.2021 00:15:03.375,109.673,109.67,1,1.25
02.08.2021 00:15:05.396,109.67200000000001,109.669,1.12,1.25
02.08.2021 00:15:07.193,109.673,109.66799999999999,3.07,2.2
02.08.2021 00:15:07.294,109.673,109.66799999999999,4.32,2.2
02.08.2021 00:15:08.654,109.67399999999999,109.669,1.87,1
02.08.2021 00:15:08.756,109.67399999999999,109.67200000000001,1,1
02.08.2021 00:15:08.858,109.675,109.67200000000001,1.1,1
02.08.2021 00:15:08.960,109.675,109.671,1.1,1
02.08.2021 00:15:09.062,109.67399999999999,109.67,1.57,1.25
02.08.2021 00:15:10.975,109.673,109.67,1,1.25
02.08.2021 00:15:14.016,109.67200000000001,109.66799999999999,1.12,1
02.08.2021 00:15:14.067,109.671,109.66700000000002,1.95,3.19
02.08.2021 00:15:15.112,109.67,109.66700000000002,1,1
02.08.2021 00:15:16.142,109.67,109.66600000000001,1.5,2.89
02.08.2021 00:15:18.125,109.67,109.66700000000002,1,1
02.08.2021 00:15:20.065,109.671,109.665,1.5,2.14
02.08.2021 00:15:33.961,109.671,109.66700000000002,1.1,1
02.08.2021 00:15:34.062,109.67,109.66600000000001,1,2.14
02.08.2021 00:15:35.620,109.66700000000002,109.665,1,1
02.08.2021 00:15:35.671,109.66600000000001,109.662,2.31,2.25
02.08.2021 00:15:35.773,109.664,109.661,1.25,1.5
02.08.2021 00:15:35.926,109.664,109.66,1.25,3.45
02.08.2021 00:15:36.079,109.664,109.65899999999999,1,1.5
02.08.2021 00:15:36.383,109.663,109.65899999999999,1,3.07
02.08.2021 00:15:41.769,109.662,109.65899999999999,1,1
02.08.2021 00:15:41.821,109.661,109.656,1.25,2.62
02.08.2021 00:15:41.923,109.66,109.656,2.06,3.75
02.08.2021 00:15:42.076,109.65899999999999,109.655,1,3.45
02.08.2021 00:15:42.177,109.65899999999999,109.654,3,3.64
02.08.2021 00:15:42.437,109.65899999999999,109.654,3.62,3.82
02.08.2021 00:15:45.708,109.65899999999999,109.654,2.81,2.14
02.08.2021 00:15:47.568,109.65899999999999,109.656,1.69,1.5
02.08.2021 00:15:47.676,109.661,109.658,2.25,1
02.08.2021 00:15:47.778,109.661,109.65700000000001,1.69,1
02.08.2021 00:15:48.116,109.661,109.65700000000001,2.19,1
02.08.2021 00:15:52.823,109.662,109.658,4.2,1.59
02.08.2021 00:15:52.925,109.663,109.658,3.37,1
02.08.2021 00:15:53.177,109.664,109.66,2.96,1
02.08.2021 00:15:53.430,109.663,109.66,1,1
02.08.2021 00:16:00.237,109.661,109.658,2.76,1.5
02.08.2021 00:16:00.489,109.661,109.65700000000001,1.82,1
02.08.2021 00:16:00.801,109.662,109.66,1.25,1
02.08.2021 00:16:01.206,109.663,109.66,1.25,1
02.08.2021 00:16:01.712,109.663,109.661,1.25,1
02.08.2021 00:16:04.150,109.664,109.66,2.01,1
02.08.2021 00:16:09.483,109.664,109.65899999999999,2.01,1.95
02.08.2021 00:16:09.635,109.661,109.658,1.31,3.07
02.08.2021 00:16:09.736,109.661,109.658,3.12,1.5
02.08.2021 00:16:09.837,109.65899999999999,109.656,1.25,1.5
02.08.2021 00:16:16.459,109.65899999999999,109.65700000000001,1.25,1
02.08.2021 00:16:17.882,109.65899999999999,109.656,3.07,1
02.08.2021 00:16:17.984,109.658,109.655,1.31,1.5
02.08.2021 00:16:18.085,109.658,109.654,1.01,1
02.08.2021 00:16:22.541,109.65700000000001,109.654,1,1
02.08.2021 00:16:23.636,109.65700000000001,109.65299999999999,1,2.7
02.08.2021 00:16:26.195,109.655,109.65200000000002,1.01,1
02.08.2021 00:16:26.297,109.654,109.65100000000001,4.26,1.5
02.08.2021 00:16:26.399,109.65299999999999,109.65,2.35,1
02.08.2021 00:16:26.941,109.65299999999999,109.65100000000001,1.5,1
02.08.2021 00:16:29.283,109.655,109.65200000000002,1.5,1.69
02.08.2021 00:16:29.384,109.656,109.65200000000002,5.14,1.5
02.08.2021 00:16:29.485,109.656,109.654,1,1.95
02.08.2021 00:16:29.536,109.658,109.654,1.25,1.95
02.08.2021 00:16:34.735,109.65700000000001,109.654,1,1.2
02.08.2021 00:16:36.907,109.658,109.654,1.39,1.5
02.08.2021 00:16:53.735,109.65700000000001,109.654,1.76,1
02.08.2021 00:16:57.165,109.654,109.65299999999999,1.87,1
02.08.2021 00:16:57.216,109.65299999999999,109.65100000000001,3.06,8.25
02.08.2021 00:16:57.267,109.65200000000002,109.649,1.25,1
02.08.2021 00:16:57.369,109.65100000000001,109.648,1.25,1.5
02.08.2021 00:16:57.471,109.65100000000001,109.648,2.2,1
02.08.2021 00:16:59.526,109.65200000000002,109.646,2.2,1.5
02.08.2021 00:16:59.627,109.65100000000001,109.647,1.25,1.95
02.08.2021 00:16:59.830,109.65299999999999,109.648,6.85,1
02.08.2021 00:16:59.931,109.65200000000002,109.647,2.79,1.5
02.08.2021 00:17:00.293,109.649,109.645,2.45,1
02.08.2021 00:17:00.395,109.647,109.644,1.25,1.5
02.08.2021 00:17:00.496,109.646,109.644,1.39,1.11
02.08.2021 00:17:00.547,109.647,109.64200000000001,7.22,1.5
02.08.2021 00:17:00.901,109.646,109.64200000000001,1.26,1.5
02.08.2021 00:17:01.002,109.647,109.64200000000001,7.47,1.5
02.08.2021 00:17:02.446,109.644,109.641,1.2,1.5
02.08.2021 00:17:02.548,109.641,109.64,1,1
02.08.2021 00:17:02.599,109.643,109.64,1,1
02.08.2021 00:17:04.100,109.644,109.641,1,1
02.08.2021 00:17:04.353,109.646,109.641,4.29,1.5
02.08.2021 00:17:05.662,109.646,109.64200000000001,2.01,1
02.08.2021 00:17:05.814,109.646,109.64200000000001,2.4,1
02.08.2021 00:17:07.011,109.647,109.643,4.29,1
02.08.2021 00:17:07.265,109.649,109.646,2.26,1
02.08.2021 00:17:07.316,109.649,109.646,1.76,1
02.08.2021 00:17:07.518,109.65,109.645,2.01,1
02.08.2021 00:17:07.620,109.648,109.646,1.25,1
02.08.2021 00:17:07.721,109.649,109.646,1.25,1
02.08.2021 00:17:08.024,109.65,109.646,1.76,1
02.08.2021 00:17:09.275,109.65,109.646,3.66,1.5
02.08.2021 00:17:09.376,109.649,109.646,2.57,1
02.08.2021 00:17:09.478,109.65,109.646,1.82,1.5
02.08.2021 00:17:09.786,109.65,109.647,1.75,1
02.08.2021 00:17:09.887,109.65100000000001,109.648,2.39,1
02.08.2021 00:17:11.688,109.649,109.647,1.69,1
02.08.2021 00:17:11.789,109.65,109.647,1.01,1.5
02.08.2021 00:17:11.991,109.65,109.648,1.25,1
02.08.2021 00:17:12.213,109.65,109.647,1.25,1.5
02.08.2021 00:17:16.444,109.65100000000001,109.646,2.91,1
02.08.2021 00:17:20.773,109.649,109.644,1.1,1.5
02.08.2021 00:17:20.825,109.647,109.644,2.39,2.25
02.08.2021 00:17:21.028,109.645,109.643,1.25,1
02.08.2021 00:17:21.180,109.644,109.643,1.25,1
02.08.2021 00:17:21.283,109.645,109.643,1.39,1
02.08.2021 00:17:21.385,109.644,109.64200000000001,3.7,1
02.08.2021 00:17:21.486,109.643,109.64,1.89,1
02.08.2021 00:17:21.587,109.644,109.641,3.7,1
02.08.2021 00:17:23.491,109.643,109.641,2.95,1
02.08.2021 00:17:23.542,109.64200000000001,109.639,1.01,1.5
02.08.2021 00:17:23.940,109.643,109.63700000000001,1.76,2.7
02.08.2021 00:17:24.186,109.64200000000001,109.63700000000001,1.45,2.25
02.08.2021 00:17:24.633,109.641,109.63700000000001,1.45,2.32
02.08.2021 00:17:26.340,109.64200000000001,109.63700000000001,4.04,2.32
02.08.2021 00:17:26.442,109.64200000000001,109.63799999999999,3.29,1
02.08.2021 00:17:29.816,109.643,109.641,1.5,1
02.08.2021 00:17:29.918,109.644,109.641,1.2,1.5
02.08.2021 00:17:30.070,109.644,109.641,2.1,1.5
02.08.2021 00:17:34.750,109.64200000000001,109.64,1.2,1
02.08.2021 00:17:34.852,109.64,109.639,1,1
02.08.2021 00:17:34.953,109.64,109.63799999999999,1.69,1
02.08.2021 00:17:35.206,109.64,109.63700000000001,1.69,1.5
02.08.2021 00:17:39.352,109.64,109.63700000000001,1.82,1.5
02.08.2021 00:17:44.278,109.64,109.63600000000001,2.57,2.7
02.08.2021 00:17:45.469,109.63799999999999,109.63600000000001,1,1.95
02.08.2021 00:17:45.571,109.64,109.63700000000001,1,1.2
02.08.2021 00:17:45.824,109.64,109.63600000000001,1.01,2.7
02.08.2021 00:17:46.338,109.639,109.63600000000001,1,1.95
02.08.2021 00:17:46.444,109.639,109.63600000000001,2.57,1
02.08.2021 00:17:47.989,109.63799999999999,109.635,1.25,1.95
02.08.2021 00:17:51.171,109.63799999999999,109.63700000000001,1.25,1
02.08.2021 00:17:55.557,109.63799999999999,109.635,1.25,1.95
02.08.2021 00:17:55.761,109.63700000000001,109.635,1.25,1
02.08.2021 00:17:55.813,109.635,109.633,1.25,1.2
02.08.2021 00:17:55.916,109.635,109.632,2.57,1.2
02.08.2021 00:17:56.018,109.632,109.631,1,1
02.08.2021 00:17:56.222,109.633,109.631,1.01,1
02.08.2021 00:17:56.426,109.632,109.629,1,1.95
02.08.2021 00:17:57.814,109.634,109.629,1.01,1
02.08.2021 00:17:58.683,109.634,109.63,1.76,2.7
02.08.2021 00:18:00.730,109.633,109.63,1.1,1
02.08.2021 00:18:02.136,109.634,109.63,2.51,1.2
02.08.2021 00:18:05.411,109.634,109.63,1.82,2.7
02.08.2021 00:18:05.512,109.634,109.631,1.82,1
02.08.2021 00:18:06.958,109.63600000000001,109.63,3.72,1.5
02.08.2021 00:18:11.313,109.632,109.63,1,1
02.08.2021 00:18:11.414,109.634,109.629,1.76,1
02.08.2021 00:18:12.564,109.633,109.629,1.76,1.44
02.08.2021 00:18:15.733,109.634,109.63,2.57,1.2
02.08.2021 00:18:15.884,109.634,109.63,1.01,1.2
02.08.2021 00:18:16.878,109.634,109.63,1.82,1.2
02.08.2021 00:18:18.709,109.634,109.63,1.01,1.2
02.08.2021 00:18:18.862,109.634,109.63,1.82,1.2
02.08.2021 00:18:19.699,109.634,109.63,1.1,2.2
02.08.2021 00:18:19.801,109.634,109.631,1.1,1.25
02.08.2021 00:18:20.170,109.635,109.632,1.5,1.45
02.08.2021 00:18:20.271,109.63600000000001,109.632,1.57,2.2
02.08.2021 00:18:20.726,109.63700000000001,109.631,1.95,2.7
02.08.2021 00:18:20.827,109.63600000000001,109.632,3.1,1.5
02.08.2021 00:18:21.030,109.635,109.631,1.57,2.89
02.08.2021 00:18:22.249,109.63799999999999,109.632,1.57,2.89
02.08.2021 00:18:22.351,109.63700000000001,109.633,1.57,2.95
02.08.2021 00:18:23.468,109.63600000000001,109.633,1,2.14
02.08.2021 00:18:26.211,109.63700000000001,109.633,1.1,2.14
02.08.2021 00:18:33.474,109.63600000000001,109.632,3,1
02.08.2021 00:18:33.577,109.632,109.63,1,2.55
02.08.2021 00:18:33.678,109.633,109.629,1.5,1.8
02.08.2021 00:18:33.780,109.631,109.629,1,1
02.08.2021 00:18:35.977,109.632,109.629,1.69,1
02.08.2021 00:18:39.565,109.629,109.62700000000001,1.25,3
02.08.2021 00:18:39.667,109.62700000000001,109.625,1,1.2
02.08.2021 00:18:39.769,109.626,109.62299999999999,1,2.1
02.08.2021 00:18:39.871,109.62700000000001,109.626,1.5,1
02.08.2021 00:18:39.921,109.62700000000001,109.624,1.5,1
02.08.2021 00:18:40.023,109.626,109.62299999999999,1,1.2
02.08.2021 00:18:40.124,109.626,109.624,1,1
02.08.2021 00:18:40.225,109.62700000000001,109.624,1.5,1
02.08.2021 00:18:40.728,109.626,109.624,1,1
02.08.2021 00:18:41.640,109.62700000000001,109.624,1.5,1.25
02.08.2021 00:18:41.742,109.629,109.626,2.25,1
02.08.2021 00:18:41.843,109.63,109.626,2.89,1.5
02.08.2021 00:18:42.096,109.63,109.62700000000001,1.69,1
02.08.2021 00:18:42.958,109.63,109.628,1,1
02.08.2021 00:18:43.161,109.631,109.628,1.69,1
02.08.2021 00:18:43.313,109.631,109.629,1.69,1
02.08.2021 00:18:43.414,109.631,109.628,1.69,1.5
02.08.2021 00:18:44.756,109.631,109.629,1,1
02.08.2021 00:18:45.252,109.631,109.63,1,1
02.08.2021 00:18:46.946,109.633,109.63,1,1.5
02.08.2021 00:18:47.199,109.633,109.631,1,1
02.08.2021 00:18:47.300,109.634,109.631,2.89,1
02.08.2021 00:18:49.856,109.634,109.63,1.95,1.69
02.08.2021 00:18:50.835,109.634,109.631,1.95,1
02.08.2021 00:18:55.868,109.634,109.63,1,2.89
02.08.2021 00:18:58.916,109.633,109.63,1.95,1.5
02.08.2021 00:18:59.069,109.632,109.629,1.1,1
02.08.2021 00:18:59.222,109.632,109.629,2.01,1
02.08.2021 00:19:01.187,109.633,109.629,4.04,1
02.08.2021 00:19:01.339,109.633,109.63,1.39,1
02.08.2021 00:19:01.643,109.634,109.63,1.95,1
02.08.2021 00:19:02.470,109.634,109.631,1.76,1
02.08.2021 00:19:05.567,109.635,109.632,1.69,1
02.08.2021 00:19:05.718,109.63700000000001,109.634,1,1
02.08.2021 00:19:07.320,109.639,109.632,3.22,1.25
02.08.2021 00:19:10.780,109.63799999999999,109.634,1.87,1.95
02.08.2021 00:19:11.241,109.63799999999999,109.63600000000001,1,1
02.08.2021 00:19:11.342,109.639,109.63600000000001,1,1
02.08.2021 00:19:11.443,109.639,109.635,1,1.5
02.08.2021 00:19:11.645,109.63799999999999,109.635,1.1,1.5
02.08.2021 00:19:12.054,109.63799999999999,109.633,3.07,2.51
02.08.2021 00:19:12.222,109.63799999999999,109.635,2.32,1
02.08.2021 00:19:13.604,109.64,109.63700000000001,3.07,1
02.08.2021 00:19:18.692,109.641,109.639,1.12,1.25
02.08.2021 00:19:18.742,109.643,109.639,1.2,1.25
02.08.2021 00:19:18.895,109.644,109.641,1,1
02.08.2021 00:19:18.996,109.643,109.639,1.7,1.5
02.08.2021 00:19:20.865,109.64200000000001,109.63799999999999,1,2.89
02.08.2021 00:19:26.651,109.643,109.641,1.01,1.5
02.08.2021 00:19:26.702,109.645,109.641,3.82,1.5
02.08.2021 00:19:26.804,109.646,109.641,6.56,1.95
02.08.2021 00:19:26.856,109.644,109.64,1.1,1.69
02.08.2021 00:19:26.958,109.645,109.64200000000001,1.12,1
02.08.2021 00:19:27.060,109.644,109.641,1,1.5
02.08.2021 00:19:30.862,109.645,109.64200000000001,1.2,1
02.08.2021 00:19:30.963,109.644,109.64200000000001,1.2,1
02.08.2021 00:19:31.065,109.644,109.641,1.57,1.5
02.08.2021 00:19:33.025,109.645,109.641,3.07,1
02.08.2021 00:19:34.095,109.645,109.64200000000001,1.2,1.5
02.08.2021 00:19:34.790,109.644,109.641,1.5,1.5
02.08.2021 00:19:38.636,109.645,109.64200000000001,1.23,2.25
02.08.2021 00:19:38.738,109.647,109.64200000000001,4.99,2.44
02.08.2021 00:19:38.839,109.644,109.641,1.2,1.5
02.08.2021 00:19:39.909,109.645,109.64200000000001,1.5,1
02.08.2021 00:19:40.061,109.644,109.64200000000001,1,1.5
02.08.2021 00:19:40.263,109.645,109.64200000000001,1.2,1.5
02.08.2021 00:19:40.365,109.644,109.64200000000001,1.2,1
02.08.2021 00:19:40.466,109.645,109.64,1.2,2.25
02.08.2021 00:19:41.094,109.643,109.64,1.2,1
02.08.2021 00:19:41.196,109.643,109.641,1,1
02.08.2021 00:19:41.246,109.645,109.64200000000001,3.07,1.5
02.08.2021 00:19:41.348,109.644,109.641,2.14,1.5
02.08.2021 00:19:42.469,109.644,109.64,1,1
02.08.2021 00:19:42.521,109.645,109.64200000000001,1.2,1
02.08.2021 00:19:46.082,109.646,109.643,1,1
02.08.2021 00:19:46.234,109.647,109.643,2.7,1
02.08.2021 00:19:47.272,109.648,109.644,3.3,1
02.08.2021 00:19:47.322,109.65,109.646,3.7,1.5
02.08.2021 00:19:47.424,109.649,109.646,1.2,1.5
02.08.2021 00:19:47.835,109.65,109.647,3.6,1
02.08.2021 00:19:48.932,109.65299999999999,109.646,3.07,1.5
02.08.2021 00:19:49.231,109.65299999999999,109.648,5.91,1
02.08.2021 00:19:49.747,109.655,109.65100000000001,3.14,1.25
02.08.2021 00:19:49.849,109.655,109.65299999999999,1,1
02.08.2021 00:19:49.899,109.65700000000001,109.654,1.2,1
02.08.2021 00:19:50.001,109.656,109.65299999999999,1.95,1.5
02.08.2021 00:19:50.153,109.658,109.65299999999999,4.54,1.5
02.08.2021 00:19:50.254,109.656,109.65200000000002,4.16,1
02.08.2021 00:19:50.406,109.655,109.65299999999999,1.57,1
02.08.2021 00:19:50.711,109.656,109.65200000000002,1.91,1.5
02.08.2021 00:19:50.813,109.656,109.65299999999999,1.72,1
02.08.2021 00:19:50.938,109.65700000000001,109.65200000000002,5.29,1
02.08.2021 00:19:50.989,109.65700000000001,109.65200000000002,5.14,1
02.08.2021 00:19:51.091,109.654,109.65200000000002,1,1.5
02.08.2021 00:19:51.142,109.65700000000001,109.65299999999999,5.29,1.5
02.08.2021 00:19:51.727,109.656,109.65,1.2,1.5
02.08.2021 00:19:51.829,109.655,109.65200000000002,1.95,1
02.08.2021 00:19:51.930,109.656,109.65200000000002,1.25,1.5
02.08.2021 00:19:52.031,109.656,109.65100000000001,1.2,1
02.08.2021 00:19:52.284,109.658,109.65100000000001,6.01,1
02.08.2021 00:19:52.386,109.655,109.65200000000002,1.95,1
02.08.2021 00:19:52.711,109.656,109.65200000000002,1.2,1
02.08.2021 00:19:52.914,109.65700000000001,109.65299999999999,4.76,1
02.08.2021 00:19:53.015,109.655,109.65200000000002,1.2,1
02.08.2021 00:19:53.174,109.656,109.65200000000002,1.5,1
02.08.2021 00:19:53.278,109.65700000000001,109.65200000000002,4.01,1.5
02.08.2021 00:19:53.379,109.655,109.65200000000002,2.89,1.5
02.08.2021 00:19:53.481,109.656,109.65200000000002,1,1.5
02.08.2021 00:19:53.633,109.65700000000001,109.65200000000002,4.76,1
02.08.2021 00:19:53.734,109.655,109.65200000000002,1.2,1.5
02.08.2021 00:19:54.543,109.65700000000001,109.65,3.79,1.5
02.08.2021 00:19:54.644,109.656,109.65100000000001,2.85,1
02.08.2021 00:19:54.746,109.655,109.65100000000001,1.2,1.5
02.08.2021 00:19:54.847,109.656,109.65100000000001,1,1.95
02.08.2021 00:19:54.948,109.655,109.65100000000001,1.2,1
02.08.2021 00:19:55.100,109.654,109.65100000000001,1.1,1.5
02.08.2021 00:19:58.216,109.655,109.65,2.07,1.5
02.08.2021 00:19:58.267,109.65299999999999,109.647,1.2,2.25
02.08.2021 00:19:58.520,109.65299999999999,109.649,3.6,1.5
02.08.2021 00:19:59.205,109.65299999999999,109.649,2.25,1.5
02.08.2021 00:19:59.861,109.654,109.65100000000001,1,1.5
02.08.2021 00:19:59.962,109.655,109.65100000000001,1.2,2.25
02.08.2021 00:20:00.114,109.655,109.65200000000002,1.2,1
02.08.2021 00:20:09.137,109.655,109.65299999999999,1,1.5
02.08.2021 00:20:09.239,109.65700000000001,109.65299999999999,3.22,1.5
02.08.2021 00:20:09.340,109.65700000000001,109.654,3.22,1
02.08.2021 00:20:09.544,109.65700000000001,109.654,2.32,1
02.08.2021 00:20:14.443,109.655,109.65200000000002,1,2.25
02.08.2021 00:20:15.764,109.655,109.65299999999999,1.2,1
02.08.2021 00:20:23.719,109.656,109.654,1,1.5
02.08.2021 00:20:25.339,109.658,109.654,1.57,1.5
02.08.2021 00:20:33.483,109.658,109.655,1.57,1
02.08.2021 00:20:38.153,109.658,109.654,1.57,1
02.08.2021 00:20:38.305,109.658,109.655,1.57,1
02.08.2021 00:20:45.312,109.658,109.654,2.32,1
02.08.2021 00:20:48.116,109.658,109.65299999999999,2.32,2.14
02.08.2021 00:20:49.512,109.656,109.65100000000001,2.32,1
02.08.2021 00:20:49.614,109.655,109.65,3.9,1
02.08.2021 00:20:49.715,109.65100000000001,109.649,1.5,1
02.08.2021 00:20:49.817,109.65100000000001,109.648,2.25,1
02.08.2021 00:20:49.918,109.65,109.647,2.32,1
02.08.2021 00:20:52.453,109.649,109.646,1.12,1
02.08.2021 00:20:52.554,109.649,109.645,3.07,1.25
02.08.2021 00:20:52.656,109.648,109.645,1.95,1
02.08.2021 00:20:52.965,109.648,109.643,3.53,2.76
02.08.2021 00:20:53.138,109.647,109.643,1.12,2.76
02.08.2021 00:21:00.337,109.649,109.647,1,1
02.08.2021 00:21:01.599,109.65,109.645,1,1
02.08.2021 00:21:03.528,109.649,109.645,1.5,2.14
02.08.2021 00:21:05.022,109.647,109.645,1,1
02.08.2021 00:21:06.399,109.648,109.643,1,1.69
02.08.2021 00:21:11.502,109.646,109.643,1,2.76
02.08.2021 00:21:16.215,109.646,109.643,1,1.69
02.08.2021 00:21:16.368,109.645,109.64200000000001,1,2.14
02.08.2021 00:21:16.469,109.644,109.64200000000001,2.25,1
02.08.2021 00:21:16.520,109.641,109.639,1,2.82
02.08.2021 00:21:16.622,109.641,109.639,1,1.2
02.08.2021 00:21:16.723,109.64200000000001,109.63700000000001,1,1.57
02.08.2021 00:21:16.926,109.64200000000001,109.63799999999999,2.33,3.32
02.08.2021 00:21:17.439,109.641,109.63700000000001,1,3.7
02.08.2021 00:21:28.079,109.64200000000001,109.64,1.12,1
02.08.2021 00:21:28.181,109.645,109.64200000000001,1.5,1
02.08.2021 00:21:28.282,109.644,109.64200000000001,2.44,1
02.08.2021 00:21:28.384,109.644,109.64,2.81,2.25
02.08.2021 00:21:35.954,109.644,109.641,1,1
02.08.2021 00:21:36.061,109.643,109.641,1,1
02.08.2021 00:21:36.163,109.645,109.64200000000001,1,1
02.08.2021 00:21:40.512,109.646,109.64200000000001,1,1
02.08.2021 00:21:41.305,109.645,109.64200000000001,1.5,1
02.08.2021 00:21:41.356,109.644,109.64,2.25,1.2
02.08.2021 00:21:41.457,109.643,109.64,2.25,1.25
02.08.2021 00:21:45.146,109.643,109.639,2.25,2.62
02.08.2021 00:21:45.449,109.643,109.64,2.25,1
02.08.2021 00:21:45.705,109.64200000000001,109.64,1,1
02.08.2021 00:21:51.500,109.641,109.64,1,1
02.08.2021 00:21:52.125,109.641,109.63799999999999,1,3.25
02.08.2021 00:21:52.521,109.643,109.63700000000001,2.25,3.25
02.08.2021 00:21:54.637,109.641,109.63799999999999,1,2.5
02.08.2021 00:21:54.739,109.641,109.63799999999999,1.5,1.25
02.08.2021 00:21:57.212,109.64,109.63700000000001,2.62,1
02.08.2021 00:21:57.314,109.639,109.634,1,1.95
02.08.2021 00:21:57.365,109.64,109.63600000000001,3.26,1.12
02.08.2021 00:21:59.757,109.64,109.635,3.37,2.89
02.08.2021 00:22:00.113,109.641,109.634,1.5,3.7
02.08.2021 00:22:01.101,109.64,109.635,1.87,2.89
02.08.2021 00:22:01.304,109.639,109.635,1,2.14
02.08.2021 00:22:02.781,109.64,109.63600000000001,1,2.89
02.08.2021 00:22:02.933,109.64,109.63700000000001,1,1
02.08.2021 00:22:03.438,109.64,109.63799999999999,1,1
02.08.2021 00:22:04.419,109.64,109.63600000000001,3.07,1.69
02.08.2021 00:22:04.571,109.639,109.63600000000001,1,1.25
02.08.2021 00:22:37.981,109.63600000000001,109.633,1.2,1.95
02.08.2021 00:22:38.082,109.635,109.633,1.12,1.2
02.08.2021 00:22:38.133,109.634,109.631,1,1
02.08.2021 00:22:38.235,109.634,109.63,1,2.14
02.08.2021 00:22:44.322,109.634,109.631,1.12,1
02.08.2021 00:22:45.260,109.634,109.63,1.12,2.14
02.08.2021 00:22:47.598,109.631,109.629,1.5,1
02.08.2021 00:22:47.699,109.631,109.62700000000001,1.5,5.27
02.08.2021 00:22:47.800,109.631,109.62700000000001,3.2,1.69
02.08.2021 00:22:48.104,109.63,109.626,2.32,1.69
02.08.2021 00:22:48.256,109.631,109.62700000000001,1.95,4.19
02.08.2021 00:22:48.360,109.633,109.631,1,1
02.08.2021 00:22:48.462,109.634,109.631,1,1.5
02.08.2021 00:22:48.869,109.633,109.631,1.5,1.5
02.08.2021 00:22:48.971,109.634,109.629,2.25,1
02.08.2021 00:22:49.074,109.633,109.629,3,1.69
02.08.2021 00:22:49.227,109.632,109.629,1,1.25
02.08.2021 00:22:49.329,109.633,109.629,3.45,1.25
02.08.2021 00:22:50.673,109.632,109.629,1,1.25
02.08.2021 00:22:51.179,109.631,109.628,1,1
02.08.2021 00:22:51.280,109.63,109.62700000000001,1,1
02.08.2021 00:22:54.650,109.631,109.629,1,1
02.08.2021 00:22:54.752,109.632,109.629,1,2.44
02.08.2021 00:22:54.855,109.635,109.629,1,3.19
02.08.2021 00:22:54.963,109.633,109.63,1,2.44
02.08.2021 00:22:55.216,109.633,109.63,1.5,1.25
02.08.2021 00:22:55.318,109.633,109.631,1,1
02.08.2021 00:22:55.469,109.633,109.631,1,1
02.08.2021 00:22:55.577,109.631,109.629,1,1.25
02.08.2021 00:22:55.678,109.632,109.631,1,1
02.08.2021 00:22:55.779,109.633,109.631,1,1
02.08.2021 00:22:55.986,109.634,109.629,1.87,1.5
02.08.2021 00:22:56.088,109.631,109.628,1,3.56
02.08.2021 00:22:56.239,109.63,109.628,1,2.81
02.08.2021 00:22:59.082,109.631,109.628,1,2.81
02.08.2021 00:22:59.286,109.631,109.629,1,1
02.08.2021 00:22:59.604,109.632,109.629,1,1
02.08.2021 00:22:59.734,109.633,109.629,1.5,1.5
02.08.2021 00:22:59.836,109.633,109.63,1,1.25
02.08.2021 00:22:59.938,109.634,109.63,1.87,1.69
02.08.2021 00:23:00.086,109.633,109.63,1,1.69
02.08.2021 00:23:00.346,109.634,109.63,2.25,3.25
02.08.2021 00:23:00.449,109.634,109.632,1.5,1
02.08.2021 00:23:01.916,109.63600000000001,109.632,1,1
02.08.2021 00:23:02.017,109.63600000000001,109.633,2.62,1
02.08.2021 00:23:02.119,109.635,109.633,1,1
02.08.2021 00:23:02.234,109.63600000000001,109.633,1.87,1.69
02.08.2021 00:23:03.199,109.635,109.632,1,1
02.08.2021 00:23:04.167,109.635,109.631,1.5,4.39
02.08.2021 00:23:04.370,109.634,109.631,1,2.89
02.08.2021 00:23:09.841,109.635,109.631,2.62,2.89
02.08.2021 00:23:20.632,109.63600000000001,109.631,2.25,1
02.08.2021 00:23:21.599,109.635,109.631,2.25,2.89
02.08.2021 00:23:28.150,109.63600000000001,109.633,1.5,1.69
02.08.2021 00:23:28.252,109.63700000000001,109.634,1,1
02.08.2021 00:23:28.353,109.63799999999999,109.634,1.5,1
02.08.2021 00:23:30.186,109.63600000000001,109.634,2.62,1.5
02.08.2021 00:23:30.287,109.635,109.632,3.37,1.95
02.08.2021 00:23:30.389,109.632,109.63,1,1
02.08.2021 00:23:30.490,109.633,109.629,2.32,2.25
02.08.2021 00:23:30.592,109.634,109.63,2.32,1
02.08.2021 00:23:34.375,109.634,109.631,1,1
02.08.2021 00:23:34.577,109.635,109.632,2.25,1
02.08.2021 00:23:36.463,109.634,109.632,1,1
02.08.2021 00:23:43.945,109.635,109.632,3.82,1
02.08.2021 00:23:44.047,109.634,109.63,1.57,3.19
02.08.2021 00:23:44.300,109.634,109.631,1,1.25
02.08.2021 00:23:44.763,109.634,109.63,1,2.89
02.08.2021 00:23:50.154,109.633,109.63,1.5,1
02.08.2021 00:23:50.206,109.631,109.628,1.25,1.5
02.08.2021 00:23:50.308,109.63,109.628,2.44,1
02.08.2021 00:23:50.512,109.63,109.625,1.5,9
02.08.2021 00:23:50.716,109.629,109.62700000000001,1,9
02.08.2021 00:23:50.818,109.63,109.62700000000001,1,2.44
02.08.2021 00:23:50.919,109.632,109.62700000000001,4.39,3.64
02.08.2021 00:23:51.983,109.632,109.628,1.95,1.25
02.08.2021 00:23:52.084,109.633,109.629,1.95,1.5
02.08.2021 00:23:52.185,109.634,109.63,1.95,1.69
02.08.2021 00:23:52.388,109.633,109.63,1.5,1.25
02.08.2021 00:23:52.439,109.632,109.628,1.5,3.64
02.08.2021 00:23:52.540,109.632,109.629,1.95,1
02.08.2021 00:23:52.860,109.632,109.628,2.7,2.44
02.08.2021 00:23:53.978,109.633,109.628,3.26,3.64
02.08.2021 00:23:54.080,109.632,109.628,1,2.89
02.08.2021 00:23:54.238,109.634,109.63,2.32,1.25
02.08.2021 00:23:54.390,109.634,109.631,1.5,1
02.08.2021 00:23:54.593,109.634,109.63,1.95,2.44
02.08.2021 00:23:54.694,109.633,109.629,1.95,1.5
02.08.2021 00:23:54.796,109.634,109.631,1,1
02.08.2021 00:23:54.897,109.633,109.63,1.95,1
02.08.2021 00:23:56.444,109.633,109.629,1.2,1.12
02.08.2021 00:23:56.546,109.633,109.63,1,1.69
02.08.2021 00:23:56.647,109.635,109.631,1.2,1.69
02.08.2021 00:23:56.900,109.632,109.63,1,1
02.08.2021 00:23:57.002,109.633,109.63,1.95,1
02.08.2021 00:23:57.103,109.633,109.628,5.01,2.7
02.08.2021 00:24:01.024,109.634,109.63,5.32,1
02.08.2021 00:24:01.126,109.633,109.629,3.82,2.25
02.08.2021 00:24:04.955,109.632,109.629,1,1.5
02.08.2021 00:24:09.645,109.632,109.628,1,2.14
02.08.2021 00:24:10.905,109.633,109.631,1,1.5
02.08.2021 00:24:11.006,109.633,109.63,1.39,1
02.08.2021 00:24:11.108,109.63600000000001,109.63,1.6,1
02.08.2021 00:24:11.260,109.635,109.631,1.2,1
02.08.2021 00:24:11.430,109.63600000000001,109.631,3.82,2.95
02.08.2021 00:24:11.531,109.63600000000001,109.631,3.22,1.69
02.08.2021 00:24:11.633,109.63600000000001,109.631,3.07,2.14
02.08.2021 00:24:11.734,109.63600000000001,109.632,3.07,1
02.08.2021 00:24:14.205,109.63600000000001,109.633,1,1
02.08.2021 00:24:14.307,109.63799999999999,109.635,1.95,1
02.08.2021 00:24:14.562,109.63799999999999,109.634,2.7,1
02.08.2021 00:24:15.416,109.63799999999999,109.635,2.7,1
02.08.2021 00:24:18.882,109.63799999999999,109.634,4.57,2.25
02.08.2021 00:24:18.984,109.63799999999999,109.63600000000001,1,1.69
02.08.2021 00:24:19.035,109.641,109.63700000000001,3.82,1.5
02.08.2021 00:24:24.077,109.64200000000001,109.63799999999999,4.8,1
02.08.2021 00:24:24.178,109.643,109.63700000000001,3.07,1
02.08.2021 00:24:26.571,109.641,109.63799999999999,1,1
02.08.2021 00:24:29.854,109.643,109.64,2.8,1
02.08.2021 00:24:29.955,109.644,109.641,4.87,1.5
02.08.2021 00:24:30.057,109.644,109.64,2.7,2.25
02.08.2021 00:24:30.259,109.643,109.64,1.39,1
02.08.2021 00:24:30.570,109.643,109.64,3.89,1
02.08.2021 00:24:30.732,109.64200000000001,109.63700000000001,1.5,1.12
02.08.2021 00:24:30.833,109.641,109.63700000000001,3.45,1.69
02.08.2021 00:24:35.818,109.64200000000001,109.639,1.27,1
02.08.2021 00:24:36.392,109.64200000000001,109.63799999999999,3.45,1.69
02.08.2021 00:24:40.246,109.644,109.63799999999999,6.95,1.5
02.08.2021 00:24:40.347,109.644,109.63799999999999,2.7,2.44
02.08.2021 00:24:40.449,109.644,109.64,1,1
02.08.2021 00:24:40.500,109.643,109.639,4.2,1.5
02.08.2021 00:24:40.652,109.64200000000001,109.63799999999999,3.07,1.69
02.08.2021 00:24:40.854,109.643,109.63700000000001,3.6,1.25
02.08.2021 00:24:41.461,109.643,109.63700000000001,3.45,1
02.08.2021 00:24:43.886,109.64200000000001,109.639,2.32,1
02.08.2021 00:24:43.987,109.643,109.63600000000001,3.15,3.7
02.08.2021 00:24:47.370,109.64200000000001,109.63700000000001,2.92,2.44
02.08.2021 00:24:47.596,109.641,109.63700000000001,1.1,2.5
02.08.2021 00:24:47.697,109.641,109.63700000000001,1.1,1.69
02.08.2021 00:24:47.798,109.64200000000001,109.63700000000001,4.42,2.5
02.08.2021 00:24:48.008,109.641,109.63700000000001,2.82,1.25
02.08.2021 00:24:48.111,109.64,109.63600000000001,1.95,1.5
02.08.2021 00:24:51.144,109.64,109.63700000000001,1.1,1
02.08.2021 00:24:52.078,109.641,109.635,1.1,1
02.08.2021 00:24:53.795,109.641,109.63600000000001,4.76,1.2
02.08.2021 00:24:54.065,109.64,109.63600000000001,1,1.2
02.08.2021 00:24:58.402,109.64,109.63700000000001,1,1
02.08.2021 00:25:01.437,109.641,109.63700000000001,2.7,1
02.08.2021 00:25:01.640,109.64200000000001,109.63799999999999,2.4,1.5
02.08.2021 00:25:02.825,109.643,109.63799999999999,3.82,2.14
02.08.2021 00:25:03.517,109.643,109.639,3.07,1
02.08.2021 00:25:07.852,109.64200000000001,109.63799999999999,1.01,1.5
02.08.2021 00:25:12.433,109.64200000000001,109.639,2.14,1
02.08.2021 00:25:15.916,109.643,109.63700000000001,2.89,1
02.08.2021 00:25:17.054,109.641,109.63700000000001,1.12,2.89
02.08.2021 00:25:19.005,109.64,109.63700000000001,1,1.69
02.08.2021 00:25:30.584,109.64,109.63600000000001,1.87,2.7
02.08.2021 00:25:30.685,109.639,109.63600000000001,1.5,1
02.08.2021 00:25:30.786,109.63799999999999,109.634,5.7,1.5
02.08.2021 00:25:30.938,109.63600000000001,109.632,1.57,2.89
02.08.2021 00:25:34.538,109.632,109.63,1.25,1.5
02.08.2021 00:25:34.640,109.633,109.629,3.14,1.5
02.08.2021 00:25:36.467,109.633,109.628,4.6,1.5
02.08.2021 00:25:38.780,109.634,109.629,1.2,1.5
02.08.2021 00:25:38.882,109.634,109.63,1.1,1.5
02.08.2021 00:25:39.328,109.634,109.631,1.1,1
02.08.2021 00:25:40.149,109.635,109.631,2.51,1.5
02.08.2021 00:25:41.216,109.63600000000001,109.631,2.32,1.95
02.08.2021 00:25:41.318,109.63600000000001,109.633,1.1,1.5
02.08.2021 00:25:41.420,109.63799999999999,109.632,1.1,1.5
02.08.2021 00:25:41.522,109.639,109.635,3.6,1.5
02.08.2021 00:25:41.675,109.63700000000001,109.634,1,1.5
02.08.2021 00:25:47.032,109.63799999999999,109.634,3.07,1.5
02.08.2021 00:25:51.818,109.639,109.635,2.32,1.5
02.08.2021 00:25:51.921,109.639,109.63600000000001,1.2,1
02.08.2021 00:25:52.956,109.639,109.63700000000001,1.2,1
02.08.2021 00:25:54.443,109.64,109.635,1.57,1
02.08.2021 00:26:01.886,109.64,109.63700000000001,1,3.19
02.08.2021 00:26:01.987,109.641,109.63700000000001,1.69,1.5
02.08.2021 00:26:05.825,109.64200000000001,109.63799999999999,2.51,1
02.08.2021 00:26:09.965,109.64200000000001,109.63799999999999,2.64,1.5
02.08.2021 00:26:10.270,109.641,109.63700000000001,2.32,1.69
02.08.2021 00:26:14.717,109.639,109.63700000000001,1.5,1
02.08.2021 00:26:14.868,109.641,109.63799999999999,1.5,1
02.08.2021 00:26:15.071,109.64200000000001,109.63799999999999,3.34,1
02.08.2021 00:26:19.823,109.63700000000001,109.635,1,2.89
02.08.2021 00:26:19.874,109.634,109.632,1,1.75
02.08.2021 00:26:20.026,109.634,109.632,1.57,1
02.08.2021 00:26:20.128,109.635,109.631,3.6,1
02.08.2021 00:26:20.229,109.635,109.632,1,1.69
02.08.2021 00:26:20.331,109.635,109.631,6.45,1.5
02.08.2021 00:26:20.432,109.633,109.631,1,1
02.08.2021 00:26:20.483,109.633,109.629,1.76,1.5
02.08.2021 00:26:21.447,109.629,109.628,1,1.5
02.08.2021 00:26:21.548,109.63,109.628,1.2,1.5
02.08.2021 00:26:21.650,109.629,109.626,1.95,1
02.08.2021 00:26:21.751,109.629,109.626,1.6,1
02.08.2021 00:26:22.023,109.629,109.626,1,2.25
02.08.2021 00:26:22.124,109.63,109.62700000000001,1.2,1
02.08.2021 00:26:22.327,109.632,109.629,1,1.5
02.08.2021 00:26:22.428,109.633,109.629,1.69,2.25
02.08.2021 00:26:22.529,109.633,109.63,1,1
02.08.2021 00:26:23.634,109.633,109.631,1,1
02.08.2021 00:26:23.736,109.634,109.63,1.6,1.5
02.08.2021 00:26:24.533,109.634,109.63,1.2,1.5
02.08.2021 00:26:26.315,109.634,109.631,1.2,1
02.08.2021 00:26:27.227,109.634,109.629,1.57,1.5
02.08.2021 00:26:27.328,109.633,109.63,1.72,1.5
02.08.2021 00:26:27.430,109.632,109.628,2.7,3.19
02.08.2021 00:26:27.733,109.633,109.628,2.7,3.64
02.08.2021 00:26:32.461,109.631,109.628,1,2.89
02.08.2021 00:26:32.613,109.631,109.628,3.22,1
02.08.2021 00:26:33.792,109.631,109.628,1.57,1
02.08.2021 00:26:34.569,109.631,109.62700000000001,1.57,1.5
02.08.2021 00:26:35.299,109.632,109.628,1.95,2.44
02.08.2021 00:26:37.744,109.633,109.63,1.2,1
02.08.2021 00:26:37.947,109.633,109.631,1,1
02.08.2021 00:26:38.446,109.633,109.63,1,1
02.08.2021 00:26:40.113,109.633,109.629,3.97,1.25
02.08.2021 00:26:40.215,109.632,109.628,5.47,2.44
02.08.2021 00:26:40.366,109.632,109.628,6.6,1.5
02.08.2021 00:26:40.840,109.631,109.628,1.2,1
02.08.2021 00:26:42.679,109.632,109.629,3.07,1
02.08.2021 00:26:42.883,109.633,109.63,1.2,1
02.08.2021 00:26:45.059,109.632,109.628,3.07,1.69
02.08.2021 00:26:45.262,109.632,109.629,1.2,1
02.08.2021 00:26:45.365,109.633,109.63,1.57,1
02.08.2021 00:26:50.283,109.634,109.631,1.2,1
02.08.2021 00:26:50.384,109.634,109.63,1.57,1.25
02.08.2021 00:26:50.793,109.633,109.631,1,1
02.08.2021 00:26:50.894,109.634,109.63,1.57,1.69
02.08.2021 00:26:54.432,109.634,109.631,1.57,1
02.08.2021 00:26:56.304,109.634,109.63,3.07,1.25
02.08.2021 00:26:56.405,109.633,109.63,1.1,1
02.08.2021 00:26:56.456,109.631,109.629,1,1
02.08.2021 00:26:56.608,109.631,109.628,1.57,1.5
02.08.2021 00:26:56.862,109.631,109.629,1.2,1
02.08.2021 00:26:57.015,109.634,109.629,2.54,2.25
02.08.2021 00:26:57.117,109.634,109.63,1.22,1
02.08.2021 00:27:07.113,109.634,109.629,2.35,3.19
02.08.2021 00:27:11.299,109.634,109.629,1.95,3.64
02.08.2021 00:27:12.189,109.633,109.63,1.1,1
02.08.2021 00:27:12.290,109.633,109.63,2.35,1
02.08.2021 00:27:16.905,109.635,109.628,3.91,1.69
02.08.2021 00:27:17.007,109.634,109.629,3.55,1.69
02.08.2021 00:27:19.666,109.632,109.629,1.1,1
02.08.2021 00:27:19.768,109.632,109.628,1.57,2.44
02.08.2021 00:27:19.869,109.632,109.628,3.1,1.5
02.08.2021 00:27:19.970,109.63,109.626,2.1,1.25
02.08.2021 00:27:21.120,109.62700000000001,109.624,1.2,1
02.08.2021 00:27:21.222,109.62700000000001,109.62299999999999,2.32,2.25
02.08.2021 00:27:21.692,109.62700000000001,109.62299999999999,4.39,1
02.08.2021 00:27:24.752,109.62700000000001,109.62299999999999,2.7,1.25
02.08.2021 00:27:39.769,109.626,109.62100000000001,1.95,1.5
02.08.2021 00:27:39.871,109.624,109.62200000000001,1.57,1
02.08.2021 00:27:40.073,109.624,109.62100000000001,2.55,1
02.08.2021 00:27:40.124,109.62299999999999,109.619,1.1,2.81
02.08.2021 00:27:42.770,109.62299999999999,109.618,3.6,1.69
02.08.2021 00:27:49.495,109.62299999999999,109.619,1.57,1.25
02.08.2021 00:27:49.597,109.62299999999999,109.618,3.22,2.5
02.08.2021 00:27:59.173,109.62200000000001,109.617,1,1.25
02.08.2021 00:28:00.681,109.62100000000001,109.617,1,3.14
02.08.2021 00:28:01.817,109.62299999999999,109.617,1.2,2.89
02.08.2021 00:28:02.072,109.62100000000001,109.617,1,2.95
02.08.2021 00:28:02.637,109.62100000000001,109.617,1,2.14
02.08.2021 00:28:06.712,109.62100000000001,109.618,1,1.2
02.08.2021 00:28:06.966,109.62100000000001,109.617,1,2.14
02.08.2021 00:28:07.925,109.62100000000001,109.618,1,1.2
02.08.2021 00:28:08.026,109.62200000000001,109.62,1,1
02.08.2021 00:28:08.128,109.62299999999999,109.62,1,1.5
02.08.2021 00:28:08.230,109.624,109.62100000000001,1,1.5
02.08.2021 00:28:09.545,109.62299999999999,109.62100000000001,1,1
02.08.2021 00:28:10.070,109.62299999999999,109.62,1,1.95
02.08.2021 00:28:14.213,109.62200000000001,109.619,1.12,1
02.08.2021 00:28:14.415,109.62200000000001,109.617,3.45,4.82
02.08.2021 00:28:14.584,109.62100000000001,109.617,1,3.32
02.08.2021 00:28:15.190,109.62,109.617,1,1.39
02.08.2021 00:28:17.031,109.619,109.61500000000001,4.01,2.25
02.08.2021 00:28:17.132,109.617,109.613,3.82,2.7
02.08.2021 00:28:17.335,109.617,109.611,2.19,1.3
02.08.2021 00:28:17.487,109.616,109.61200000000001,1.5,2.24
02.08.2021 00:28:17.588,109.617,109.613,2.81,1.2
02.08.2021 00:28:21.483,109.614,109.61200000000001,1,1
02.08.2021 00:28:21.585,109.61200000000001,109.609,1,4.9
02.08.2021 00:28:21.686,109.61,109.60700000000001,1,1.57
02.08.2021 00:28:22.040,109.611,109.60700000000001,2.51,2.32
02.08.2021 00:28:22.141,109.611,109.60700000000001,2.54,1.87
02.08.2021 00:28:22.685,109.611,109.60700000000001,2.14,2.32
02.08.2021 00:28:23.706,109.613,109.61,1.5,2.32
02.08.2021 00:28:24.012,109.614,109.61,1.57,2.51
02.08.2021 00:28:25.600,109.614,109.611,1.5,1.2
02.08.2021 00:28:25.702,109.613,109.61,1.57,1
02.08.2021 00:28:25.906,109.613,109.61,1.97,1
02.08.2021 00:28:28.604,109.613,109.61,1.57,1
02.08.2021 00:28:28.706,109.614,109.611,1.57,1
02.08.2021 00:28:29.011,109.61500000000001,109.61200000000001,1.5,1
02.08.2021 00:28:35.422,109.616,109.61200000000001,1.5,1.2
02.08.2021 00:28:40.512,109.613,109.61200000000001,1,1
02.08.2021 00:28:40.614,109.613,109.61,1,1.12
02.08.2021 00:28:40.716,109.614,109.61,1.87,1.57
02.08.2021 00:28:40.918,109.613,109.61,1,1.76
02.08.2021 00:28:41.457,109.61500000000001,109.609,2.7,1.87
02.08.2021 00:28:41.660,109.61200000000001,109.60799999999999,1.57,4.31
02.08.2021 00:28:50.548,109.61200000000001,109.60799999999999,2.7,1.75
02.08.2021 00:28:50.662,109.613,109.61,2.25,1
02.08.2021 00:28:50.765,109.614,109.61,3.07,1.5
02.08.2021 00:28:50.866,109.614,109.609,1.2,1
02.08.2021 00:28:52.652,109.61200000000001,109.609,1,1
02.08.2021 00:28:52.804,109.61200000000001,109.60700000000001,1,2.14
02.08.2021 00:28:53.295,109.61200000000001,109.60799999999999,1,2.51
02.08.2021 00:28:54.207,109.61200000000001,109.609,1,1
02.08.2021 00:28:54.715,109.613,109.609,1.95,1
02.08.2021 00:28:54.867,109.613,109.61,1,1
02.08.2021 00:28:54.918,109.61200000000001,109.60799999999999,1.5,4.46
02.08.2021 00:28:55.071,109.61200000000001,109.60700000000001,1,2.51
02.08.2021 00:28:55.172,109.61200000000001,109.60799999999999,1.5,2.51
02.08.2021 00:28:56.600,109.61200000000001,109.609,1,1.12
02.08.2021 00:28:59.581,109.614,109.61,2.25,1.1
02.08.2021 00:28:59.683,109.613,109.609,1.39,1.87
02.08.2021 00:28:59.785,109.61200000000001,109.609,1,1.87
02.08.2021 00:29:00.910,109.613,109.609,1.39,1.87
02.08.2021 00:29:03.025,109.613,109.61,1.39,1
02.08.2021 00:29:05.493,109.61200000000001,109.61,1,1
02.08.2021 00:29:05.595,109.611,109.609,1,1
02.08.2021 00:29:06.377,109.61200000000001,109.609,1,1
02.08.2021 00:29:11.414,109.61200000000001,109.60799999999999,1,2.14
02.08.2021 00:29:12.914,109.611,109.60799999999999,1,1.5
02.08.2021 00:29:15.291,109.61,109.60799999999999,1,1
02.08.2021 00:29:17.468,109.611,109.60799999999999,1,1
02.08.2021 00:29:17.725,109.61,109.60799999999999,1,1
02.08.2021 00:29:20.125,109.61200000000001,109.61,1,1
02.08.2021 00:29:20.227,109.613,109.61,1,1.95
02.08.2021 00:29:20.328,109.61200000000001,109.61,1,1
02.08.2021 00:29:20.896,109.61200000000001,109.609,1.5,1
02.08.2021 00:29:20.997,109.611,109.609,1,1
02.08.2021 00:29:21.098,109.611,109.60799999999999,1,1.95
02.08.2021 00:29:24.433,109.61200000000001,109.60799999999999,1,1.95
02.08.2021 00:29:28.266,109.61200000000001,109.609,1,1
02.08.2021 00:29:28.368,109.613,109.60799999999999,1.5,4.61
02.08.2021 00:29:28.470,109.61200000000001,109.60700000000001,1,1.57
02.08.2021 00:29:28.571,109.61200000000001,109.60799999999999,1,1.57
02.08.2021 00:29:33.502,109.613,109.60799999999999,1.95,1.57
02.08.2021 00:29:33.707,109.61200000000001,109.609,1,1
02.08.2021 00:29:33.808,109.61200000000001,109.60799999999999,1,2.77
02.08.2021 00:29:35.584,109.613,109.609,1,2.45
02.08.2021 00:29:35.686,109.613,109.609,1.5,1.95
02.08.2021 00:29:41.995,109.614,109.609,1.95,1.95
02.08.2021 00:29:42.096,109.614,109.61,2.14,1
02.08.2021 00:29:42.349,109.61500000000001,109.61200000000001,1,1
02.08.2021 00:29:43.891,109.616,109.61200000000001,1.57,1
02.08.2021 00:29:47.790,109.617,109.61200000000001,1.1,1
02.08.2021 00:29:53.118,109.616,109.614,1,1
02.08.2021 00:29:53.220,109.618,109.614,1.39,1
02.08.2021 00:29:53.322,109.616,109.614,1,1
02.08.2021 00:29:53.424,109.618,109.614,1.39,1
02.08.2021 00:29:53.526,109.617,109.614,1,1
02.08.2021 00:29:53.680,109.618,109.614,1.39,1
02.08.2021 00:29:54.034,109.617,109.614,1,1
02.08.2021 00:29:54.238,109.618,109.614,1.57,1.25
02.08.2021 00:29:54.391,109.619,109.614,2.89,3.26
02.08.2021 00:29:54.494,109.619,109.614,1.95,4.07
02.08.2021 00:29:54.596,109.62,109.61500000000001,1.95,2.57
02.08.2021 00:29:54.748,109.62,109.618,1,1
02.08.2021 00:29:54.952,109.62,109.617,1,1.69
02.08.2021 00:30:00.946,109.62100000000001,109.617,1.95,1.69
02.08.2021 00:30:01.048,109.62100000000001,109.619,1.12,1
02.08.2021 00:30:01.150,109.62200000000001,109.619,1.5,1
02.08.2021 00:30:01.251,109.62299999999999,109.62100000000001,1,1
02.08.2021 00:30:01.352,109.62299999999999,109.619,1,1
02.08.2021 00:30:01.504,109.62200000000001,109.619,1.57,1
02.08.2021 00:30:01.706,109.62100000000001,109.619,1,1
02.08.2021 00:30:01.815,109.62100000000001,109.618,1,1
02.08.2021 00:30:01.916,109.62200000000001,109.618,2.89,1
02.08.2021 00:30:04.790,109.62100000000001,109.61500000000001,3.07,1
02.08.2021 00:30:07.739,109.619,109.61500000000001,1.31,1.12
02.08.2021 00:30:07.992,109.619,109.614,3.2,3.19
02.08.2021 00:30:08.094,109.616,109.613,1.12,3.64
02.08.2021 00:30:08.296,109.618,109.613,3.07,3.19
02.08.2021 00:30:08.448,109.617,109.613,1.2,1.69
02.08.2021 00:30:09.778,109.619,109.61500000000001,2.7,1
02.08.2021 00:30:11.715,109.619,109.614,3.82,1.69
02.08.2021 00:30:12.732,109.619,109.61500000000001,2.32,1
02.08.2021 00:30:13.116,109.62100000000001,109.61500000000001,2.51,1
02.08.2021 00:30:13.320,109.619,109.616,1,1
02.08.2021 00:30:13.574,109.62,109.616,3.64,1
02.08.2021 00:30:13.828,109.619,109.616,1,1
02.08.2021 00:30:14.032,109.62100000000001,109.61500000000001,1.12,1
02.08.2021 00:30:14.512,109.62100000000001,109.617,2.45,1
02.08.2021 00:30:15.801,109.62100000000001,109.617,1.12,1.69
02.08.2021 00:30:17.207,109.62200000000001,109.616,1,2.5
02.08.2021 00:30:17.422,109.62200000000001,109.617,3.07,2.5
02.08.2021 00:30:19.610,109.62200000000001,109.62,1,1
02.08.2021 00:30:19.712,109.62200000000001,109.619,1.2,1
02.08.2021 00:30:19.978,109.62200000000001,109.618,1.95,1.69
02.08.2021 00:30:20.791,109.62299999999999,109.62,1.5,1
02.08.2021 00:30:20.892,109.624,109.62,2.7,1
02.08.2021 00:30:21.004,109.62299999999999,109.62,1,1
02.08.2021 00:30:21.778,109.62299999999999,109.619,1.25,1.5
02.08.2021 00:30:22.483,109.624,109.62,2.31,1
02.08.2021 00:30:22.845,109.625,109.62100000000001,2.69,1.2
02.08.2021 00:30:22.946,109.626,109.62100000000001,2.95,2.62
02.08.2021 00:30:23.048,109.626,109.62100000000001,3.25,3.2
02.08.2021 00:30:23.644,109.626,109.62299999999999,1.37,1
02.08.2021 00:30:26.796,109.628,109.625,1,1.5
02.08.2021 00:30:26.897,109.628,109.624,2.51,1.5
02.08.2021 00:30:27.049,109.628,109.625,1.31,1
02.08.2021 00:30:27.201,109.629,109.625,1.76,1
02.08.2021 00:30:27.567,109.629,109.626,1.76,1
02.08.2021 00:30:34.212,109.63,109.625,4.82,1.5
02.08.2021 00:30:38.082,109.63,109.626,1.5,2.25
02.08.2021 00:30:38.235,109.631,109.628,2.25,1
02.08.2021 00:30:38.538,109.631,109.62700000000001,4.2,1
02.08.2021 00:30:46.883,109.634,109.629,1,1
02.08.2021 00:30:46.985,109.634,109.63,2.64,1
02.08.2021 00:30:47.086,109.635,109.631,2.7,1.5
02.08.2021 00:30:47.289,109.632,109.628,1.25,4.2
02.08.2021 00:30:48.753,109.631,109.62700000000001,2.69,2.25
02.08.2021 00:30:48.855,109.63,109.62700000000001,1.5,2.25
02.08.2021 00:30:49.159,109.631,109.628,3.82,1
02.08.2021 00:30:50.681,109.632,109.628,1.25,1
02.08.2021 00:30:50.782,109.632,109.628,1.94,1.5
02.08.2021 00:30:52.264,109.633,109.63,1.69,1
02.08.2021 00:30:52.373,109.633,109.63,3.7,1
02.08.2021 00:30:55.702,109.633,109.628,4.45,2.62
02.08.2021 00:30:56.796,109.631,109.628,1.25,2.25
02.08.2021 00:30:56.948,109.63,109.62700000000001,1.35,1.5
02.08.2021 00:30:57.050,109.631,109.62700000000001,1.35,1
02.08.2021 00:31:02.127,109.63,109.62700000000001,1.25,1.5
02.08.2021 00:31:14.576,109.63,109.628,1.69,1
02.08.2021 00:31:14.627,109.633,109.62700000000001,2.01,1.5
02.08.2021 00:31:17.965,109.631,109.628,2.76,1
02.08.2021 00:31:18.310,109.631,109.62700000000001,2.01,1.5
02.08.2021 00:31:19.620,109.631,109.628,1.94,1
02.08.2021 00:31:21.247,109.631,109.63,1.25,1
02.08.2021 00:31:21.298,109.631,109.628,1.25,1.5
02.08.2021 00:31:21.602,109.632,109.629,1.01,1
02.08.2021 00:31:21.703,109.632,109.63,1.25,1.5
02.08.2021 00:31:21.805,109.633,109.632,1,1
02.08.2021 00:31:22.206,109.632,109.63,1.01,1
02.08.2021 00:31:22.307,109.632,109.629,1.01,1
02.08.2021 00:31:22.408,109.632,109.629,2.01,1
02.08.2021 00:31:22.509,109.632,109.628,2.01,2.25
02.08.2021 00:31:22.820,109.632,109.628,1,3.64
02.08.2021 00:31:22.871,109.632,109.63,1,1
02.08.2021 00:31:22.972,109.635,109.631,1.41,1
02.08.2021 00:31:23.758,109.63600000000001,109.63,1.01,1
02.08.2021 00:31:35.216,109.63600000000001,109.632,1,2.51
02.08.2021 00:31:35.318,109.635,109.632,1.1,1.5
02.08.2021 00:31:45.379,109.634,109.629,1,3.89
02.08.2021 00:31:46.190,109.633,109.63,1,1.5
02.08.2021 00:31:47.187,109.633,109.631,1,1
02.08.2021 00:31:49.269,109.63600000000001,109.63,2.35,1
02.08.2021 00:32:02.095,109.634,109.632,1,1
02.08.2021 00:32:05.192,109.633,109.63,1.5,1
02.08.2021 00:32:05.294,109.632,109.628,1.1,4.07
02.08.2021 00:32:05.396,109.632,109.628,1.97,1.25
02.08.2021 00:32:06.893,109.632,109.628,1.57,1.25
02.08.2021 00:32:11.000,109.632,109.628,1,3.32
02.08.2021 00:32:11.102,109.633,109.63,1.1,1
02.08.2021 00:32:11.203,109.634,109.63,1.1,2.44
02.08.2021 00:32:11.305,109.634,109.629,1.5,1.5
02.08.2021 00:32:11.406,109.634,109.631,1.57,1.5
02.08.2021 00:32:11.457,109.632,109.628,1.1,2.81
02.08.2021 00:32:11.559,109.632,109.63,1,1.5
02.08.2021 00:32:11.660,109.632,109.629,1,1.5
02.08.2021 00:32:11.863,109.632,109.63,1,1
02.08.2021 00:32:12.052,109.632,109.629,1,1.5
02.08.2021 00:32:16.047,109.632,109.63,1,1
02.08.2021 00:32:17.969,109.634,109.631,1.76,1
02.08.2021 00:32:32.461,109.632,109.628,3.82,4.31
02.08.2021 00:32:32.512,109.63,109.628,1.25,1
02.08.2021 00:32:32.613,109.63,109.624,1.57,3.75
02.08.2021 00:32:32.715,109.629,109.626,1.1,1.5
02.08.2021 00:32:33.019,109.629,109.625,1.57,2.25
02.08.2021 00:32:36.902,109.628,109.624,1.2,2.44
02.08.2021 00:32:37.021,109.628,109.624,4.54,1.5
02.08.2021 00:32:37.173,109.62700000000001,109.62299999999999,2.32,1.12
02.08.2021 00:32:37.275,109.626,109.62299999999999,1.39,1
02.08.2021 00:32:40.342,109.62299999999999,109.62,3.45,1.12
02.08.2021 00:32:40.445,109.62299999999999,109.619,4.39,1.95
02.08.2021 00:32:40.547,109.62,109.617,1,2.81
02.08.2021 00:32:42.035,109.62,109.618,1,1.25
02.08.2021 00:32:42.138,109.62299999999999,109.619,1.12,1.5
02.08.2021 00:32:42.240,109.624,109.62,1.2,1
02.08.2021 00:32:42.342,109.62200000000001,109.618,1.2,3.64
02.08.2021 00:32:42.596,109.62299999999999,109.619,1.2,1.25
02.08.2021 00:32:42.705,109.626,109.62100000000001,5.85,1
02.08.2021 00:32:42.909,109.62299999999999,109.62,2.89,1
02.08.2021 00:32:43.011,109.62299999999999,109.619,2.7,2.14
02.08.2021 00:32:43.386,109.62200000000001,109.619,1,1.25
02.08.2021 00:32:43.784,109.62299999999999,109.619,1.95,1.25
02.08.2021 00:32:45.058,109.62299999999999,109.62100000000001,1,1.37
02.08.2021 00:32:45.160,109.624,109.62200000000001,1,1.69
02.08.2021 00:32:45.211,109.62700000000001,109.62100000000001,1.95,1.69
02.08.2021 00:32:45.575,109.626,109.62200000000001,1,3.32
02.08.2021 00:32:51.267,109.629,109.625,1.7,1.25
02.08.2021 00:32:51.368,109.628,109.625,1.2,1
02.08.2021 00:33:22.183,109.629,109.62700000000001,1,1.95
02.08.2021 00:33:22.284,109.631,109.628,1,1
02.08.2021 00:33:22.385,109.632,109.628,2.89,1
02.08.2021 00:33:31.984,109.633,109.63,1.84,1.5
02.08.2021 00:33:32.237,109.633,109.628,1.2,1
02.08.2021 00:33:32.338,109.632,109.628,3.22,1.5
02.08.2021 00:33:32.440,109.632,109.628,3.07,1.5
02.08.2021 00:33:33.113,109.632,109.63,1,1
02.08.2021 00:33:33.215,109.632,109.629,1.2,1
02.08.2021 00:33:33.316,109.63,109.628,4.01,1
02.08.2021 00:33:33.418,109.63,109.626,1.2,1.69
02.08.2021 00:33:33.520,109.631,109.625,3.04,1
02.08.2021 00:33:34.358,109.63,109.62700000000001,1.2,1.5
02.08.2021 00:33:45.270,109.631,109.62700000000001,1.95,1.69
02.08.2021 00:33:48.432,109.63,109.62700000000001,1,1.25
02.08.2021 00:33:51.673,109.631,109.62700000000001,3.45,2.87
02.08.2021 00:33:57.882,109.63,109.62700000000001,1.2,1.25
02.08.2021 00:33:58.034,109.63,109.626,2.89,2.25
02.08.2021 00:34:00.685,109.629,109.625,3.07,2.25
02.08.2021 00:34:00.786,109.628,109.625,1.2,1.5
02.08.2021 00:34:00.888,109.62700000000001,109.624,1.2,1
02.08.2021 00:34:00.989,109.62700000000001,109.62299999999999,1.95,1.87
02.08.2021 00:34:01.887,109.62700000000001,109.624,1,1
02.08.2021 00:34:02.520,109.628,109.624,2.89,1.5
02.08.2021 00:34:05.189,109.628,109.625,1.95,1
02.08.2021 00:34:05.290,109.628,109.624,1.95,2.81
02.08.2021 00:34:07.136,109.629,109.626,1.5,1
02.08.2021 00:34:09.566,109.628,109.625,1.2,1
02.08.2021 00:34:09.667,109.62700000000001,109.624,1.2,1.5
02.08.2021 00:34:09.768,109.626,109.624,1.5,1
02.08.2021 00:34:09.819,109.624,109.62100000000001,1.25,2.25
02.08.2021 00:34:10.750,109.625,109.62200000000001,1,1
02.08.2021 00:34:12.279,109.62700000000001,109.62100000000001,3.64,1.12
02.08.2021 00:34:14.173,109.626,109.62200000000001,2.7,1.75
02.08.2021 00:34:14.275,109.62700000000001,109.62299999999999,4.39,1.87
02.08.2021 00:34:14.630,109.62700000000001,109.62299999999999,3.79,1.5
02.08.2021 00:34:14.732,109.62700000000001,109.624,1.2,1
02.08.2021 00:34:14.833,109.62700000000001,109.62299999999999,1.95,2.81
02.08.2021 00:34:14.934,109.62700000000001,109.624,1.2,1
02.08.2021 00:34:15.741,109.62700000000001,109.62299999999999,2.89,2.25
02.08.2021 00:34:15.893,109.626,109.62299999999999,1.2,1
02.08.2021 00:34:19.518,109.62700000000001,109.624,1,2.25
02.08.2021 00:34:19.620,109.628,109.624,2.14,1.5
02.08.2021 00:34:19.722,109.628,109.624,2.39,1.5
02.08.2021 00:34:21.116,109.628,109.624,1.39,1.5
02.08.2021 00:34:21.219,109.628,109.625,1.25,1
02.08.2021 00:34:24.240,109.629,109.625,2.14,2.25
02.08.2021 00:34:24.544,109.629,109.626,1.25,1
02.08.2021 00:34:26.930,109.629,109.625,2.14,2.25
02.08.2021 00:34:27.675,109.63,109.626,1.4,1.95
02.08.2021 00:34:27.778,109.631,109.62700000000001,3.82,1
02.08.2021 00:34:29.520,109.631,109.62700000000001,1.69,2.32
02.08.2021 00:35:06.728,109.632,109.628,2.2,1.87
02.08.2021 00:35:06.830,109.634,109.63,3.2,1.5
02.08.2021 00:35:06.931,109.63600000000001,109.63,2.66,1
02.08.2021 00:35:07.033,109.63700000000001,109.632,1.84,1
02.08.2021 00:35:07.185,109.63700000000001,109.631,1.39,1.5
02.08.2021 00:35:07.286,109.63600000000001,109.634,1.39,1
02.08.2021 00:35:07.337,109.63799999999999,109.634,4.39,1.5
02.08.2021 00:35:11.364,109.63799999999999,109.63600000000001,1.25,1.12
02.08.2021 00:35:11.465,109.64,109.63600000000001,2.95,2.25
02.08.2021 00:35:19.616,109.64,109.63700000000001,2.57,1
02.08.2021 00:35:20.266,109.64,109.63700000000001,2.14,1
02.08.2021 00:35:22.911,109.643,109.639,4.14,1
02.08.2021 00:35:23.012,109.643,109.63799999999999,3.67,1.69
02.08.2021 00:35:23.114,109.646,109.641,6.79,1.5
02.08.2021 00:35:23.215,109.646,109.641,2.7,1.69
02.08.2021 00:35:23.317,109.647,109.643,2.21,1
02.08.2021 00:35:25.236,109.648,109.645,1,1
02.08.2021 00:35:25.338,109.65,109.644,2.7,1
02.08.2021 00:35:25.440,109.649,109.646,1,1.5
02.08.2021 00:35:25.541,109.65,109.646,1.87,1.5
02.08.2021 00:35:25.693,109.65,109.645,1.95,1.69
02.08.2021 00:35:25.794,109.65,109.645,3.6,1.69
02.08.2021 00:35:25.946,109.649,109.644,1,1.5
02.08.2021 00:35:25.997,109.647,109.643,1.95,1.95
02.08.2021 00:35:26.301,109.646,109.64200000000001,1,1.87
02.08.2021 00:35:26.452,109.646,109.643,1,1
02.08.2021 00:35:26.937,109.646,109.64200000000001,1.2,1
02.08.2021 00:35:27.241,109.647,109.645,1,1
02.08.2021 00:35:27.342,109.649,109.645,2.47,1
02.08.2021 00:35:27.828,109.649,109.645,1.2,1.69
02.08.2021 00:35:27.930,109.65,109.647,2.14,1.25
02.08.2021 00:35:28.183,109.65,109.647,1.6,1
02.08.2021 00:35:28.336,109.65,109.647,1.2,1
02.08.2021 00:35:28.671,109.649,109.647,1,1
02.08.2021 00:35:29.009,109.65200000000002,109.646,1.95,2.44
02.08.2021 00:35:29.060,109.65100000000001,109.649,1,1
02.08.2021 00:35:29.162,109.65200000000002,109.649,1,1
02.08.2021 00:35:30.436,109.654,109.649,1.2,1.25
02.08.2021 00:35:30.537,109.65299999999999,109.648,1.2,1
02.08.2021 00:35:30.639,109.65200000000002,109.648,1.2,2.44
02.08.2021 00:35:32.736,109.65200000000002,109.649,1.2,1
02.08.2021 00:35:46.595,109.65200000000002,109.648,1.2,2.81
02.08.2021 00:35:47.699,109.65299999999999,109.65,1.5,3
02.08.2021 00:35:47.903,109.65299999999999,109.65200000000002,1,1.5
02.08.2021 00:35:47.953,109.655,109.65299999999999,1.2,1
02.08.2021 00:35:48.055,109.655,109.65200000000002,1,1.5
02.08.2021 00:35:48.207,109.656,109.65200000000002,1.2,2.81
02.08.2021 00:35:50.029,109.656,109.65299999999999,1.95,1
02.08.2021 00:35:50.197,109.656,109.65200000000002,2.7,1.69
02.08.2021 00:35:58.465,109.654,109.65100000000001,3.45,1.5
02.08.2021 00:35:58.567,109.654,109.65,4.2,1.5
02.08.2021 00:35:58.674,109.654,109.65,4.35,1.5
02.08.2021 00:35:59.071,109.654,109.65100000000001,1.2,1
02.08.2021 00:35:59.225,109.655,109.65100000000001,1.5,2.2
02.08.2021 00:36:02.552,109.655,109.65299999999999,1,1
02.08.2021 00:36:04.247,109.655,109.65200000000002,1,1.25
02.08.2021 00:36:12.658,109.655,109.65,1.1,1.25
02.08.2021 00:36:13.171,109.654,109.65,2.32,1.69
02.08.2021 00:36:13.272,109.65200000000002,109.649,1.95,1.69
02.08.2021 00:36:13.374,109.65100000000001,109.649,1,1.25
02.08.2021 00:36:14.040,109.65200000000002,109.649,1,1.25
02.08.2021 00:36:15.862,109.65200000000002,109.65,1,1
02.08.2021 00:36:15.963,109.65299999999999,109.65,1.2,1.69
02.08.2021 00:36:21.583,109.655,109.65100000000001,3.45,1.69
02.08.2021 00:36:21.739,109.65700000000001,109.65100000000001,1.2,2.5
02.08.2021 00:36:27.103,109.655,109.65200000000002,1.95,1.25
02.08.2021 00:36:27.408,109.656,109.65,2.1,1.69
02.08.2021 00:36:27.661,109.655,109.65100000000001,2.7,1.69
02.08.2021 00:36:30.369,109.65299999999999,109.65100000000001,1,1.25
02.08.2021 00:36:32.742,109.655,109.65,1.2,1.25
02.08.2021 00:36:32.847,109.655,109.65100000000001,1.95,1.25
02.08.2021 00:36:48.591,109.656,109.65,2.7,1.75
02.08.2021 00:36:48.743,109.656,109.65200000000002,3.45,2.5
02.08.2021 00:36:50.241,109.656,109.65100000000001,1.2,1
02.08.2021 00:36:50.393,109.654,109.65100000000001,1,1.25
02.08.2021 00:36:50.899,109.65299999999999,109.65100000000001,1.2,1.25
02.08.2021 00:36:51.252,109.65200000000002,109.65100000000001,1,1
02.08.2021 00:36:51.354,109.65100000000001,109.648,1,1.25
02.08.2021 00:36:51.657,109.65200000000002,109.648,1.95,1.25
02.08.2021 00:37:02.262,109.65100000000001,109.647,1,2.89
02.08.2021 00:37:02.515,109.649,109.647,1,1
02.08.2021 00:37:02.616,109.649,109.646,1,3.34
02.08.2021 00:37:04.053,109.65100000000001,109.647,1.95,1.25
02.08.2021 00:37:05.544,109.65100000000001,109.647,1,4.04
02.08.2021 00:37:05.767,109.65100000000001,109.647,1,3.64
02.08.2021 00:37:07.243,109.65,109.647,1,1
02.08.2021 00:37:07.345,109.65,109.646,1,2.89
02.08.2021 00:37:17.100,109.65100000000001,109.647,1.5,1.39
02.08.2021 00:37:20.165,109.649,109.647,1,1.47
02.08.2021 00:37:20.476,109.649,109.647,1,1.47
02.08.2021 00:37:20.629,109.65,109.647,1,1.39
02.08.2021 00:37:22.845,109.649,109.647,1,1.25
02.08.2021 00:37:34.661,109.648,109.644,1,1
02.08.2021 00:37:34.813,109.647,109.644,1,1.39
02.08.2021 00:37:35.116,109.648,109.643,1.5,5.06
02.08.2021 00:37:35.319,109.647,109.645,1,1.2
02.08.2021 00:37:38.150,109.646,109.643,1,3.64
02.08.2021 00:37:38.303,109.646,109.64200000000001,1,2.14
02.08.2021 00:37:38.405,109.646,109.643,1,1.2
02.08.2021 00:37:40.112,109.647,109.643,1,1.2
02.08.2021 00:37:41.689,109.648,109.643,1.95,2.14
02.08.2021 00:37:41.739,109.649,109.643,1,4.16
02.08.2021 00:37:41.841,109.65,109.645,1,1.2
02.08.2021 00:37:41.942,109.65,109.646,1.5,2.51
02.08.2021 00:37:45.170,109.65,109.647,1.5,1.39
02.08.2021 00:37:45.894,109.65100000000001,109.648,1,1.39
02.08.2021 00:37:45.996,109.65200000000002,109.648,1,1.39
02.08.2021 00:37:49.804,109.65200000000002,109.649,1,1.25
02.08.2021 00:37:51.711,109.65299999999999,109.65100000000001,1,1.39
02.08.2021 00:37:51.813,109.656,109.65200000000002,1.5,1.39
02.08.2021 00:37:51.915,109.656,109.65299999999999,1.95,1.25
02.08.2021 00:37:52.016,109.656,109.65200000000002,1.5,1.39
02.08.2021 00:37:52.481,109.656,109.65299999999999,1,1.25
02.08.2021 00:37:55.589,109.655,109.65299999999999,1,1.25
02.08.2021 00:37:55.690,109.654,109.65,1,5.27
02.08.2021 00:37:55.842,109.655,109.648,1.95,3.85
02.08.2021 00:37:55.893,109.65299999999999,109.648,1,1.84
02.08.2021 00:38:01.207,109.65100000000001,109.648,1,2.2
02.08.2021 00:38:07.232,109.65100000000001,109.647,1,1.69
02.08.2021 00:38:09.426,109.65100000000001,109.648,1.5,1.25
02.08.2021 00:38:12.185,109.649,109.648,1,1.25
02.08.2021 00:38:19.190,109.65,109.646,1,1.25
02.08.2021 00:38:24.015,109.649,109.646,1,1.25
02.08.2021 00:38:30.362,109.649,109.647,1,1.25
02.08.2021 00:38:31.185,109.65,109.647,1.5,1.25
02.08.2021 00:38:31.287,109.65,109.646,1.5,2.14
02.08.2021 00:38:40.810,109.646,109.645,3.45,1
02.08.2021 00:38:40.861,109.646,109.64200000000001,2.95,1.5
02.08.2021 00:38:40.912,109.643,109.641,1,2.4
02.08.2021 00:38:41.064,109.643,109.64,1,1.39
02.08.2021 00:38:43.055,109.643,109.64,1.5,1.25
02.08.2021 00:38:43.400,109.643,109.639,1.5,3.14
02.08.2021 00:38:44.822,109.641,109.63799999999999,1,4.01
02.08.2021 00:38:44.924,109.63799999999999,109.63600000000001,1,1.25
02.08.2021 00:38:45.025,109.63799999999999,109.634,1.5,6.17
02.08.2021 00:38:45.228,109.63700000000001,109.634,1,4.26
02.08.2021 00:38:45.329,109.63799999999999,109.635,1,1.39
02.08.2021 00:38:45.992,109.63799999999999,109.635,1,2.2
02.08.2021 00:38:48.314,109.639,109.634,1,1.25
02.08.2021 00:38:51.220,109.639,109.635,1.5,2.29
02.08.2021 00:38:51.422,109.641,109.63799999999999,2.25,1.5
02.08.2021 00:38:51.532,109.64,109.63600000000001,2.25,4.64
02.08.2021 00:38:51.735,109.639,109.63700000000001,1,1.5
02.08.2021 00:38:53.086,109.64,109.63700000000001,1,1
02.08.2021 00:38:53.891,109.639,109.63700000000001,1,1.25
02.08.2021 00:38:54.094,109.64,109.63700000000001,1,1.25
02.08.2021 00:38:57.489,109.64,109.63799999999999,1,1.25
02.08.2021 00:38:57.591,109.64,109.639,1,1
02.08.2021 00:38:57.743,109.641,109.639,1,1
02.08.2021 00:38:57.844,109.644,109.63799999999999,1.5,1.95
02.08.2021 00:38:58.326,109.644,109.63799999999999,1.5,3.1
02.08.2021 00:38:58.530,109.64200000000001,109.639,1,1.69
02.08.2021 00:38:59.069,109.643,109.639,1,1
02.08.2021 00:38:59.378,109.64200000000001,109.639,1,2.14
02.08.2021 00:38:59.581,109.64200000000001,109.64,1,1
02.08.2021 00:38:59.783,109.64200000000001,109.639,1,2.14
02.08.2021 00:38:59.962,109.643,109.639,1,1
02.08.2021 00:39:00.275,109.64200000000001,109.639,1,2.14
02.08.2021 00:39:00.595,109.64200000000001,109.64,1,1
02.08.2021 00:39:00.814,109.64200000000001,109.639,1,1.39
02.08.2021 00:39:01.306,109.64200000000001,109.639,1,2.39
02.08.2021 00:39:05.264,109.643,109.64,1,2.2
02.08.2021 00:39:05.365,109.643,109.64,1,1.25
02.08.2021 00:39:10.492,109.64200000000001,109.64,1,1.25
02.08.2021 00:39:10.593,109.64200000000001,109.639,1,2.01
02.08.2021 00:39:10.695,109.641,109.63799999999999,1,1.25
02.08.2021 00:39:10.796,109.639,109.63799999999999,1,1
02.08.2021 00:39:10.898,109.639,109.63600000000001,1,1.25
02.08.2021 00:39:14.613,109.639,109.63700000000001,1,1
02.08.2021 00:39:18.493,109.63799999999999,109.63700000000001,1,1
02.08.2021 00:39:18.644,109.63799999999999,109.635,1,2.39
02.08.2021 00:39:19.196,109.639,109.634,1,1.39
02.08.2021 00:39:22.170,109.639,109.634,1,2.39
02.08.2021 00:39:22.272,109.639,109.635,1,2.39
02.08.2021 00:39:23.015,109.639,109.63600000000001,1,3.51
02.08.2021 00:39:23.066,109.64200000000001,109.63799999999999,2.25,1.39
02.08.2021 00:39:23.674,109.641,109.63799999999999,1,1.39
02.08.2021 00:39:26.212,109.64,109.63700000000001,1,1.69
02.08.2021 00:39:38.450,109.64,109.63600000000001,2.7,1.25
02.08.2021 00:39:59.548,109.64,109.63700000000001,1.5,1
02.08.2021 00:40:03.903,109.64,109.63600000000001,2.7,1.69
02.08.2021 00:40:11.688,109.64,109.63700000000001,1.5,1.25
02.08.2021 00:40:11.790,109.641,109.63799999999999,1,1.95
02.08.2021 00:40:11.841,109.643,109.639,3.82,1.25
02.08.2021 00:40:11.942,109.64200000000001,109.63799999999999,1.5,2.89
02.08.2021 00:40:23.214,109.64200000000001,109.639,1,1.2
02.08.2021 00:40:23.467,109.641,109.63799999999999,1.5,1.5
02.08.2021 00:40:23.821,109.64200000000001,109.639,1.5,1
02.08.2021 00:40:24.074,109.643,109.639,2.25,1.2
02.08.2021 00:40:24.649,109.643,109.639,2.25,2.39
02.08.2021 00:40:24.751,109.644,109.64,2.25,2.39
02.08.2021 00:40:40.512,109.64200000000001,109.63799999999999,1,3.64
02.08.2021 00:40:40.613,109.641,109.63799999999999,1,1.25
02.08.2021 00:40:44.826,109.643,109.639,2.25,2.14
02.08.2021 00:40:44.928,109.644,109.64,2.25,3.89
02.08.2021 00:40:47.230,109.644,109.64,1,2.14
02.08.2021 00:40:49.976,109.641,109.63799999999999,2.7,1.5
