Gmt time,Ask,Bid,AskVolume,BidVolume
12.08.2021 00:00:11.210,110.381,110.374,3.45,1.39
12.08.2021 00:00:11.311,110.38,110.375,2.7,2.2
12.08.2021 00:00:13.717,110.382,110.376,2.14,1.5
12.08.2021 00:00:13.818,110.383,110.379,1.95,1
12.08.2021 00:00:13.920,110.383,110.379,4.32,1
12.08.2021 00:00:14.072,110.383,110.38,1,1.81
12.08.2021 00:00:14.173,110.384,110.38,1.5,2.62
12.08.2021 00:00:14.274,110.384,110.382,1,1
12.08.2021 00:00:14.678,110.385,110.382,1.95,1
12.08.2021 00:00:15.490,110.39,110.384,4.05,1.69
12.08.2021 00:00:15.541,110.39,110.385,5.51,2.95
12.08.2021 00:00:15.643,110.391,110.38700000000001,1.69,1.25
12.08.2021 00:00:15.745,110.391,110.38700000000001,1.2,1.25
12.08.2021 00:00:15.997,110.39200000000001,110.38700000000001,3.26,2.14
12.08.2021 00:00:16.099,110.39200000000001,110.38700000000001,1.2,2.95
12.08.2021 00:00:17.107,110.39200000000001,110.38700000000001,2.89,1.39
12.08.2021 00:00:17.658,110.393,110.38600000000001,4.84,1.39
12.08.2021 00:00:17.760,110.389,110.383,1.57,1.01
12.08.2021 00:00:17.811,110.38700000000001,110.382,3.41,1.01
12.08.2021 00:00:17.963,110.38600000000001,110.381,2.16,1.69
12.08.2021 00:00:18.064,110.385,110.38,2.51,2.14
12.08.2021 00:00:18.166,110.384,110.379,1.2,2.39
12.08.2021 00:00:18.318,110.384,110.379,1.6,1.94
12.08.2021 00:00:18.839,110.384,110.379,1.2,1.5
12.08.2021 00:00:19.093,110.382,110.376,2.47,6.35
12.08.2021 00:00:19.195,110.381,110.376,3.29,1.1
12.08.2021 00:00:19.297,110.38,110.374,2.2,2.66
12.08.2021 00:00:22.315,110.382,110.37700000000001,8.05,1.1
12.08.2021 00:00:25.965,110.382,110.379,1.5,1.01
12.08.2021 00:00:26.068,110.384,110.379,1.2,2.16
12.08.2021 00:00:26.322,110.385,110.38,1.39,1.41
12.08.2021 00:00:26.424,110.385,110.38,1.64,1.22
12.08.2021 00:00:26.527,110.385,110.38,3.47,1.1
12.08.2021 00:00:26.730,110.384,110.38,2.29,1
12.08.2021 00:00:28.192,110.384,110.38,1.39,1.2
12.08.2021 00:00:30.107,110.384,110.378,2.54,2.29
12.08.2021 00:00:30.208,110.384,110.378,1.91,2.14
12.08.2021 00:00:31.158,110.383,110.376,3.47,2.51
12.08.2021 00:00:36.305,110.38,110.37700000000001,1.1,1.5
12.08.2021 00:00:37.711,110.38,110.376,1.1,3.64
12.08.2021 00:00:37.864,110.38,110.376,2.16,1.5
12.08.2021 00:00:47.819,110.38,110.374,1.1,1.39
12.08.2021 00:00:49.213,110.378,110.374,1.1,2.14
12.08.2021 00:00:49.314,110.375,110.37200000000001,1.95,1.5
12.08.2021 00:00:49.416,110.374,110.37,3.89,1.1
12.08.2021 00:00:49.517,110.37299999999999,110.368,1,2.25
12.08.2021 00:00:52.045,110.37,110.367,1.25,1.1
12.08.2021 00:00:52.147,110.369,110.36500000000001,2.89,1.57
12.08.2021 00:00:52.865,110.369,110.36500000000001,2.7,2.57
12.08.2021 00:00:52.967,110.37,110.366,1,4.47
12.08.2021 00:01:03.868,110.37200000000001,110.369,4.95,1
12.08.2021 00:01:03.970,110.37200000000001,110.368,1.95,1.76
12.08.2021 00:01:04.092,110.37299999999999,110.368,1.95,1
12.08.2021 00:01:04.245,110.37299999999999,110.37100000000001,2.25,1
12.08.2021 00:01:04.347,110.375,110.37100000000001,5.32,1.01
12.08.2021 00:01:04.449,110.375,110.37100000000001,2.85,1.25
12.08.2021 00:01:04.550,110.375,110.37100000000001,1,3.72
12.08.2021 00:01:06.606,110.374,110.37100000000001,1,1.57
12.08.2021 00:01:07.162,110.374,110.37,1.95,3.26
12.08.2021 00:01:08.537,110.374,110.37100000000001,1.95,1
12.08.2021 00:01:15.692,110.37299999999999,110.37,1.2,1
12.08.2021 00:01:20.721,110.37299999999999,110.369,1.95,2.51
12.08.2021 00:01:27.630,110.37299999999999,110.37,1.2,1
12.08.2021 00:01:31.088,110.375,110.369,2.14,1
12.08.2021 00:01:31.190,110.374,110.37100000000001,1.01,1
12.08.2021 00:01:43.902,110.375,110.37100000000001,1.95,1.01
12.08.2021 00:01:46.073,110.374,110.37100000000001,1,1.01
12.08.2021 00:01:46.239,110.376,110.37200000000001,5.62,2.22
12.08.2021 00:01:46.441,110.37700000000001,110.37299999999999,1.95,2.51
12.08.2021 00:01:46.543,110.37700000000001,110.37299999999999,1.5,2.91
12.08.2021 00:01:46.644,110.37700000000001,110.375,1,1
12.08.2021 00:01:46.745,110.37700000000001,110.374,1,1.1
12.08.2021 00:01:47.123,110.37700000000001,110.37299999999999,1.95,2.32
12.08.2021 00:01:48.065,110.375,110.37200000000001,1,1.57
12.08.2021 00:01:48.167,110.375,110.37100000000001,1.95,1.76
12.08.2021 00:01:49.037,110.374,110.37100000000001,1,1.76
12.08.2021 00:01:50.084,110.375,110.369,2.7,1.01
12.08.2021 00:01:50.185,110.37299999999999,110.369,1.95,1.76
12.08.2021 00:01:50.618,110.369,110.366,1,4.2
12.08.2021 00:01:51.777,110.368,110.36500000000001,1,1.97
12.08.2021 00:01:51.879,110.368,110.36500000000001,1.25,1.1
12.08.2021 00:01:52.131,110.367,110.364,2.5,1.1
12.08.2021 00:01:52.182,110.363,110.36200000000001,1.25,1.5
12.08.2021 00:01:52.284,110.36200000000001,110.36,1,1.27
12.08.2021 00:01:52.385,110.361,110.359,1.75,1
12.08.2021 00:01:52.487,110.361,110.35799999999999,1.69,1
12.08.2021 00:01:52.639,110.36200000000001,110.35600000000001,2.51,1.5
12.08.2021 00:01:58.660,110.36,110.35700000000001,1,1
12.08.2021 00:02:00.434,110.361,110.35799999999999,1,1.22
12.08.2021 00:02:00.535,110.361,110.35700000000001,1.69,3.47
12.08.2021 00:02:00.637,110.36,110.35600000000001,1.69,1.97
12.08.2021 00:02:00.892,110.36,110.35600000000001,2.5,1.97
12.08.2021 00:02:01.763,110.36,110.35600000000001,1.69,1.97
12.08.2021 00:02:03.093,110.36,110.35700000000001,1,1.1
12.08.2021 00:02:03.144,110.35600000000001,110.354,1.25,1.63
12.08.2021 00:02:03.246,110.35600000000001,110.352,3.25,3.17
12.08.2021 00:02:03.355,110.35600000000001,110.352,3.32,1.5
12.08.2021 00:02:14.419,110.355,110.352,1.25,1.5
12.08.2021 00:02:17.428,110.355,110.352,1.82,1.5
12.08.2021 00:02:18.182,110.355,110.352,4.07,1
12.08.2021 00:02:22.659,110.355,110.351,4.82,2.62
12.08.2021 00:02:24.487,110.354,110.351,1.25,2.25
12.08.2021 00:02:25.569,110.352,110.35000000000001,1.25,1.87
12.08.2021 00:02:25.620,110.351,110.348,2.95,1
12.08.2021 00:02:25.721,110.349,110.345,1.69,2.02
12.08.2021 00:02:27.776,110.351,110.349,1.25,1
12.08.2021 00:02:27.877,110.35000000000001,110.34700000000001,1,2.66
12.08.2021 00:02:27.979,110.353,110.348,2.2,1
12.08.2021 00:02:28.080,110.352,110.349,1.25,1.1
12.08.2021 00:02:28.181,110.353,110.351,1.25,1
12.08.2021 00:02:28.333,110.353,110.351,1.25,1
12.08.2021 00:02:28.745,110.354,110.351,2.39,1
12.08.2021 00:02:29.006,110.354,110.351,2.32,1
12.08.2021 00:02:31.203,110.355,110.351,2.62,1
12.08.2021 00:02:32.351,110.35600000000001,110.352,1.2,1
12.08.2021 00:02:33.876,110.359,110.35600000000001,2.25,1
12.08.2021 00:02:33.977,110.36,110.35600000000001,3.34,1.25
12.08.2021 00:02:34.079,110.36200000000001,110.35700000000001,4.56,1.95
12.08.2021 00:02:34.180,110.36200000000001,110.35799999999999,1.2,1.69
12.08.2021 00:02:34.537,110.363,110.35799999999999,1.2,2.14
12.08.2021 00:02:40.445,110.363,110.359,2.32,1
12.08.2021 00:02:40.547,110.364,110.361,1,1
12.08.2021 00:02:40.648,110.36500000000001,110.363,1,1.25
12.08.2021 00:02:40.699,110.367,110.364,1,1
12.08.2021 00:02:44.526,110.363,110.361,1,1.95
12.08.2021 00:02:44.678,110.363,110.35799999999999,3.07,2.91
12.08.2021 00:02:44.779,110.363,110.35799999999999,3.1,2.44
12.08.2021 00:02:50.236,110.36200000000001,110.35799999999999,3.22,1
12.08.2021 00:02:55.051,110.361,110.35700000000001,1.2,2.51
12.08.2021 00:02:57.321,110.36200000000001,110.36,1,1
12.08.2021 00:02:57.424,110.363,110.359,1.5,2.16
12.08.2021 00:02:57.526,110.363,110.359,1.95,1.76
12.08.2021 00:02:57.628,110.363,110.359,1.5,2.16
12.08.2021 00:02:57.730,110.363,110.359,1.57,1.69
12.08.2021 00:02:59.121,110.363,110.36,1.57,1
12.08.2021 00:03:00.212,110.363,110.359,3.26,1.5
12.08.2021 00:03:00.314,110.363,110.359,4.41,1.5
12.08.2021 00:03:04.660,110.36200000000001,110.35799999999999,1.57,1.5
12.08.2021 00:03:06.839,110.363,110.359,2.7,1.76
12.08.2021 00:03:07.363,110.363,110.36,1,1.1
12.08.2021 00:03:07.666,110.364,110.35799999999999,1.95,2.32
12.08.2021 00:03:09.064,110.36200000000001,110.359,1,1.1
12.08.2021 00:03:13.420,110.36200000000001,110.35799999999999,1.95,1.5
12.08.2021 00:03:36.095,110.363,110.361,1,1.57
12.08.2021 00:03:36.197,110.36500000000001,110.361,1.95,1.76
12.08.2021 00:03:36.248,110.367,110.36200000000001,1.2,1.25
12.08.2021 00:03:36.350,110.367,110.363,1.57,1.01
12.08.2021 00:03:36.603,110.368,110.364,2.47,1.5
12.08.2021 00:03:37.110,110.368,110.364,2.32,1.57
12.08.2021 00:03:37.616,110.369,110.36500000000001,1,1
12.08.2021 00:03:38.315,110.37,110.366,5.47,1
12.08.2021 00:03:47.363,110.37,110.368,1,3.26
12.08.2021 00:03:47.464,110.37299999999999,110.37,1,2.44
12.08.2021 00:03:47.566,110.374,110.37100000000001,1.12,1.69
12.08.2021 00:04:01.191,110.374,110.37100000000001,1,2.84
12.08.2021 00:04:12.880,110.374,110.37200000000001,1,1
12.08.2021 00:04:13.082,110.374,110.37200000000001,1,1
12.08.2021 00:04:16.660,110.374,110.37100000000001,1.1,2.78
12.08.2021 00:05:03.801,110.37299999999999,110.37,1.12,1.45
12.08.2021 00:05:03.903,110.37200000000001,110.369,1.95,1.31
12.08.2021 00:05:04.004,110.37200000000001,110.369,1.95,2.12
12.08.2021 00:05:07.685,110.37299999999999,110.369,2.7,2.95
12.08.2021 00:05:15.839,110.37299999999999,110.367,1.95,3.64
12.08.2021 00:05:15.942,110.37100000000001,110.368,1.95,1.5
12.08.2021 00:05:15.993,110.369,110.367,1.2,1
12.08.2021 00:05:16.094,110.368,110.364,2.7,4.35
12.08.2021 00:05:17.712,110.368,110.364,3.45,2.14
12.08.2021 00:05:17.815,110.367,110.363,2.7,2.14
12.08.2021 00:05:17.967,110.364,110.36,1.95,4.82
12.08.2021 00:05:18.069,110.36200000000001,110.359,1,3.55
12.08.2021 00:05:18.171,110.361,110.35799999999999,1.1,1
12.08.2021 00:05:18.273,110.36200000000001,110.35600000000001,2.32,3.64
12.08.2021 00:05:18.375,110.36,110.35700000000001,1.57,1.25
12.08.2021 00:05:31.660,110.361,110.35700000000001,2.32,2.14
12.08.2021 00:05:38.931,110.36,110.35700000000001,1,1.25
12.08.2021 00:05:39.304,110.35700000000001,110.355,1.2,1
12.08.2021 00:05:39.405,110.35600000000001,110.352,1,1.2
12.08.2021 00:05:39.507,110.355,110.352,1.95,1.69
12.08.2021 00:05:39.760,110.354,110.352,1,1.25
12.08.2021 00:05:39.811,110.353,110.35000000000001,1,2.25
12.08.2021 00:05:39.913,110.352,110.349,1,2.5
12.08.2021 00:05:40.701,110.354,110.348,2.32,3.25
12.08.2021 00:05:42.630,110.35000000000001,110.34700000000001,1.1,1.95
12.08.2021 00:05:42.732,110.35000000000001,110.346,1.97,4.54
12.08.2021 00:05:42.833,110.349,110.345,1.97,2.44
12.08.2021 00:05:45.349,110.34700000000001,110.345,1,1
12.08.2021 00:05:45.552,110.348,110.345,1.57,1
12.08.2021 00:05:45.704,110.348,110.344,2.32,1.57
12.08.2021 00:05:45.806,110.34700000000001,110.34299999999999,1.2,2.94
12.08.2021 00:05:46.009,110.348,110.344,2.7,1.31
12.08.2021 00:05:46.110,110.348,110.345,1.95,1
12.08.2021 00:05:48.133,110.346,110.34299999999999,2.14,1.1
12.08.2021 00:05:48.234,110.345,110.34200000000001,1.2,1
12.08.2021 00:05:48.336,110.34299999999999,110.34,1.2,2.7
12.08.2021 00:05:48.488,110.34299999999999,110.339,3.45,1.31
12.08.2021 00:05:49.517,110.34200000000001,110.339,1.39,1
12.08.2021 00:05:49.618,110.34,110.338,1,1
12.08.2021 00:05:49.719,110.34100000000001,110.33500000000001,1.95,3.19
12.08.2021 00:05:49.821,110.34100000000001,110.337,2.14,1.5
12.08.2021 00:05:49.922,110.34100000000001,110.338,1,1.5
12.08.2021 00:05:51.433,110.34299999999999,110.338,1.95,1.25
12.08.2021 00:05:51.534,110.34299999999999,110.34100000000001,1,7.76
12.08.2021 00:05:51.585,110.34700000000001,110.345,1.57,1.25
12.08.2021 00:05:52.091,110.348,110.345,1,1
12.08.2021 00:05:53.216,110.349,110.345,3,1
12.08.2021 00:05:54.059,110.349,110.346,1.5,1.31
12.08.2021 00:05:54.811,110.35000000000001,110.346,1.87,2.19
12.08.2021 00:05:54.913,110.35000000000001,110.34700000000001,1.12,1.5
12.08.2021 00:05:55.015,110.35000000000001,110.346,1.87,3.19
12.08.2021 00:05:57.801,110.35000000000001,110.346,1.87,2.19
12.08.2021 00:05:58.295,110.35000000000001,110.346,1.87,2.44
12.08.2021 00:06:01.338,110.352,110.349,3.75,2.7
12.08.2021 00:06:01.440,110.353,110.35000000000001,1.1,1.25
12.08.2021 00:06:01.541,110.354,110.351,1.1,1.69
12.08.2021 00:06:01.824,110.354,110.352,1.1,1.25
12.08.2021 00:06:03.801,110.354,110.351,1.5,1.2
12.08.2021 00:06:03.902,110.354,110.35000000000001,1.5,3.26
12.08.2021 00:06:04.003,110.354,110.351,1,1
12.08.2021 00:06:07.644,110.355,110.352,1,1.5
12.08.2021 00:06:07.796,110.355,110.353,1,1.25
12.08.2021 00:06:07.898,110.359,110.354,1.1,2.69
12.08.2021 00:06:08.000,110.35799999999999,110.35700000000001,1,1.25
12.08.2021 00:06:08.101,110.36,110.35700000000001,1,1.25
12.08.2021 00:06:09.322,110.36,110.35600000000001,1,3.64
12.08.2021 00:06:09.424,110.36,110.35700000000001,1,1.25
12.08.2021 00:06:21.908,110.35799999999999,110.353,1.95,1.25
12.08.2021 00:06:22.009,110.35600000000001,110.353,1.2,1
12.08.2021 00:06:22.111,110.355,110.352,1,1.01
12.08.2021 00:06:29.407,110.354,110.352,1,1
12.08.2021 00:06:39.724,110.355,110.352,1,1.01
12.08.2021 00:06:55.185,110.354,110.352,1,1
12.08.2021 00:06:55.662,110.355,110.352,1.2,1.25
12.08.2021 00:06:59.444,110.35799999999999,110.35600000000001,7.12,1
12.08.2021 00:06:59.546,110.359,110.35600000000001,1.1,1.5
12.08.2021 00:06:59.647,110.359,110.35700000000001,1,1.5
12.08.2021 00:06:59.749,110.361,110.35600000000001,1.1,1.5
12.08.2021 00:07:02.359,110.36,110.35799999999999,1,1
12.08.2021 00:07:03.906,110.361,110.359,1.1,1.25
12.08.2021 00:07:07.365,110.364,110.361,1.57,1.69
12.08.2021 00:07:07.466,110.364,110.36200000000001,1,2.44
12.08.2021 00:07:08.123,110.364,110.36,1.97,3.19
12.08.2021 00:07:08.276,110.363,110.361,1.1,1.25
12.08.2021 00:07:08.788,110.36500000000001,110.36200000000001,1.1,1.25
12.08.2021 00:07:08.890,110.36500000000001,110.363,1,1.25
12.08.2021 00:07:08.991,110.366,110.363,1.1,2.5
12.08.2021 00:07:09.670,110.367,110.363,2.16,1.5
12.08.2021 00:07:09.772,110.366,110.361,1.1,1.69
12.08.2021 00:07:14.203,110.366,110.36200000000001,1.57,3.7
12.08.2021 00:07:14.568,110.366,110.36200000000001,1.97,2.5
12.08.2021 00:07:20.275,110.36500000000001,110.361,4.04,1
12.08.2021 00:07:20.377,110.363,110.361,1.1,1
12.08.2021 00:07:20.478,110.36200000000001,110.359,1.1,1.75
12.08.2021 00:07:21.697,110.361,110.35799999999999,1.1,1.25
12.08.2021 00:07:21.799,110.361,110.35700000000001,1.97,2.44
12.08.2021 00:07:25.804,110.36200000000001,110.35600000000001,1.57,2.89
12.08.2021 00:07:25.905,110.361,110.35799999999999,1.22,1
12.08.2021 00:07:26.058,110.361,110.35799999999999,1.1,1.25
12.08.2021 00:08:02.334,110.36200000000001,110.359,1.1,1.69
12.08.2021 00:08:02.440,110.363,110.36,1.1,1.69
12.08.2021 00:08:02.541,110.364,110.361,1.57,1.25
12.08.2021 00:08:02.643,110.36500000000001,110.363,1.57,1
12.08.2021 00:08:02.795,110.366,110.363,1,1
12.08.2021 00:08:03.236,110.367,110.363,1.95,1.5
12.08.2021 00:08:11.739,110.366,110.363,1.25,1
12.08.2021 00:08:11.790,110.36500000000001,110.361,1.1,5.14
12.08.2021 00:08:13.167,110.366,110.36200000000001,1.97,1
12.08.2021 00:08:13.273,110.367,110.363,1.1,2.7
12.08.2021 00:08:16.710,110.364,110.36200000000001,3.07,1.2
12.08.2021 00:08:16.812,110.363,110.359,2.85,1.5
12.08.2021 00:08:17.015,110.36200000000001,110.35799999999999,1.95,2.14
12.08.2021 00:08:18.012,110.36200000000001,110.35799999999999,2.1,1.25
12.08.2021 00:08:29.314,110.36200000000001,110.35799999999999,1.97,1.75
12.08.2021 00:08:29.415,110.36200000000001,110.35799999999999,1.57,2.2
12.08.2021 00:08:31.896,110.36200000000001,110.35799999999999,1.57,1.39
12.08.2021 00:08:38.995,110.363,110.35799999999999,1,1.45
12.08.2021 00:08:39.046,110.364,110.361,1.5,1.76
12.08.2021 00:08:39.148,110.36500000000001,110.36200000000001,1,1.76
12.08.2021 00:08:39.569,110.36500000000001,110.36200000000001,1,2.91
12.08.2021 00:08:39.722,110.367,110.36200000000001,2.7,3.66
12.08.2021 00:09:00.648,110.366,110.363,1,1.1
12.08.2021 00:09:05.860,110.367,110.363,2.32,1.1
12.08.2021 00:09:09.134,110.367,110.363,1.87,3.1
12.08.2021 00:09:09.237,110.368,110.364,1,3.66
12.08.2021 00:09:09.338,110.369,110.36500000000001,2.66,2.14
12.08.2021 00:09:09.795,110.369,110.36500000000001,1.5,2.54
12.08.2021 00:09:10.708,110.369,110.36500000000001,1.95,2.51
12.08.2021 00:09:15.835,110.368,110.36500000000001,1,1.57
12.08.2021 00:09:16.087,110.369,110.36500000000001,3.82,1.76
12.08.2021 00:09:18.366,110.368,110.36500000000001,1.95,1
12.08.2021 00:09:18.468,110.369,110.36500000000001,3.82,1.76
12.08.2021 00:09:31.139,110.367,110.36500000000001,1.5,1.5
12.08.2021 00:09:31.241,110.369,110.36500000000001,3.82,1.01
12.08.2021 00:09:33.417,110.37200000000001,110.368,1.95,2.57
12.08.2021 00:09:33.519,110.37299999999999,110.37,3.52,1.25
12.08.2021 00:09:33.620,110.375,110.369,2.7,3.32
12.08.2021 00:09:33.823,110.37299999999999,110.37,1,1.82
12.08.2021 00:09:33.924,110.37299999999999,110.37,1,1.01
12.08.2021 00:09:36.195,110.374,110.37,2.7,1.76
12.08.2021 00:09:36.448,110.374,110.37,2.25,2.16
12.08.2021 00:09:40.861,110.375,110.369,2.7,1.76
12.08.2021 00:09:41.944,110.37299999999999,110.37,1,1.01
12.08.2021 00:09:45.423,110.369,110.366,1.95,1.5
12.08.2021 00:09:45.525,110.368,110.36500000000001,1.2,1
12.08.2021 00:09:45.678,110.368,110.364,1.95,1.57
12.08.2021 00:09:46.422,110.367,110.364,1,1.57
12.08.2021 00:09:49.939,110.367,110.363,1,1.1
12.08.2021 00:09:50.040,110.367,110.36200000000001,1,1.76
12.08.2021 00:09:50.418,110.36500000000001,110.36200000000001,1,1.35
12.08.2021 00:09:51.309,110.366,110.36200000000001,1.95,1.01
12.08.2021 00:09:52.988,110.366,110.36200000000001,2.7,1.82
12.08.2021 00:09:53.090,110.366,110.36200000000001,1.95,1.76
12.08.2021 00:09:53.566,110.366,110.36200000000001,2.1,1.5
12.08.2021 00:09:53.728,110.364,110.361,1.2,1.25
12.08.2021 00:09:53.829,110.364,110.36,1.95,2.51
12.08.2021 00:09:53.931,110.364,110.361,1.5,1.01
12.08.2021 00:09:54.083,110.36500000000001,110.36200000000001,1.2,1.25
12.08.2021 00:09:54.184,110.366,110.36200000000001,1.95,1.76
12.08.2021 00:09:54.337,110.366,110.363,1,1.69
12.08.2021 00:09:54.490,110.367,110.363,1.95,1.69
12.08.2021 00:09:54.919,110.369,110.36500000000001,4.42,1.1
12.08.2021 00:09:55.022,110.37,110.366,2.7,1.76
12.08.2021 00:09:55.124,110.37,110.367,1,1.57
12.08.2021 00:09:55.227,110.37100000000001,110.367,1,2.72
12.08.2021 00:09:55.330,110.37200000000001,110.369,1.95,1
12.08.2021 00:10:09.118,110.37,110.366,2.85,2.44
12.08.2021 00:10:09.219,110.369,110.36500000000001,3.07,2.77
12.08.2021 00:10:09.372,110.368,110.36500000000001,1,1.1
12.08.2021 00:10:09.993,110.368,110.364,2.7,2.51
12.08.2021 00:10:10.095,110.367,110.364,1,1.76
12.08.2021 00:10:19.567,110.36500000000001,110.361,1.2,1.76
12.08.2021 00:10:19.669,110.364,110.36,1.5,3.36
12.08.2021 00:10:19.771,110.363,110.359,3.45,1.01
12.08.2021 00:10:19.872,110.36200000000001,110.359,1,1.01
12.08.2021 00:10:20.075,110.361,110.359,1,1.25
12.08.2021 00:10:20.340,110.36200000000001,110.35799999999999,3.45,1.35
12.08.2021 00:10:21.991,110.361,110.35700000000001,1,2.97
12.08.2021 00:10:26.942,110.359,110.35600000000001,1.95,1.39
12.08.2021 00:10:27.045,110.359,110.355,1.95,1.1
12.08.2021 00:10:27.259,110.35799999999999,110.354,1.95,1.01
12.08.2021 00:10:27.562,110.35799999999999,110.355,1.5,1.1
12.08.2021 00:10:27.714,110.359,110.35600000000001,1,1.01
12.08.2021 00:10:27.815,110.36,110.35700000000001,1,1
12.08.2021 00:10:27.917,110.361,110.35700000000001,1,2.44
12.08.2021 00:10:46.212,110.36,110.35600000000001,1.95,2.32
12.08.2021 00:11:09.238,110.36,110.35700000000001,1.2,1
12.08.2021 00:11:14.984,110.36,110.35600000000001,1.5,2.7
12.08.2021 00:11:15.187,110.36,110.35600000000001,3.6,1.5
12.08.2021 00:11:16.439,110.36,110.35600000000001,1.95,2.51
12.08.2021 00:11:16.743,110.36,110.35600000000001,1.5,3.29
12.08.2021 00:11:22.448,110.36,110.35600000000001,2.7,1.76
12.08.2021 00:11:22.550,110.359,110.35600000000001,1.5,1.01
12.08.2021 00:11:30.732,110.35700000000001,110.353,2.14,2.92
12.08.2021 00:11:30.835,110.35600000000001,110.352,2.25,1.97
12.08.2021 00:11:30.937,110.355,110.352,1,1.57
12.08.2021 00:11:33.026,110.355,110.351,2.7,1.57
12.08.2021 00:11:33.283,110.355,110.35000000000001,1,1.1
12.08.2021 00:11:35.718,110.354,110.348,4.79,1.5
12.08.2021 00:11:35.820,110.353,110.349,1.95,1.01
12.08.2021 00:11:35.921,110.352,110.349,1,1.01
12.08.2021 00:11:37.327,110.351,110.348,1,2.41
12.08.2021 00:11:37.613,110.352,110.348,1,2.41
12.08.2021 00:11:40.073,110.352,110.35000000000001,1,1
12.08.2021 00:11:40.175,110.355,110.35000000000001,6.72,2.32
12.08.2021 00:11:40.327,110.355,110.351,3.72,1
12.08.2021 00:11:44.463,110.355,110.351,5.35,1
12.08.2021 00:11:44.565,110.353,110.35000000000001,1.1,1.5
12.08.2021 00:11:53.531,110.355,110.351,2.91,1.5
12.08.2021 00:12:01.056,110.35600000000001,110.35000000000001,4.04,1
12.08.2021 00:12:01.157,110.354,110.35000000000001,2.16,1
12.08.2021 00:12:14.553,110.355,110.35000000000001,3.54,1.95
12.08.2021 00:12:14.805,110.355,110.352,3.16,1
12.08.2021 00:12:14.906,110.359,110.355,1.41,1.5
12.08.2021 00:12:17.148,110.36,110.354,1.01,1.95
12.08.2021 00:12:17.571,110.359,110.35600000000001,1.01,1
12.08.2021 00:12:25.145,110.36,110.35600000000001,4.6,1.5
12.08.2021 00:12:26.905,110.36,110.35600000000001,3.29,1.5
12.08.2021 00:12:27.208,110.36,110.35600000000001,3.29,1.5
12.08.2021 00:12:27.577,110.36,110.35600000000001,2.29,1.5
12.08.2021 00:13:15.107,110.36,110.35600000000001,3.16,1.5
12.08.2021 00:13:15.273,110.361,110.355,3.16,1
12.08.2021 00:13:22.389,110.36,110.35600000000001,3.29,1
12.08.2021 00:13:29.652,110.36,110.35600000000001,2.16,1
12.08.2021 00:13:33.423,110.36,110.35600000000001,1.57,3.64
12.08.2021 00:13:33.724,110.361,110.35700000000001,2.91,1
12.08.2021 00:13:33.826,110.361,110.35700000000001,2.32,2.89
12.08.2021 00:13:33.928,110.361,110.35799999999999,1.01,1
12.08.2021 00:13:34.029,110.36200000000001,110.35799999999999,2.51,1.95
12.08.2021 00:13:34.131,110.36200000000001,110.359,2.51,1
12.08.2021 00:13:39.444,110.36200000000001,110.35799999999999,2.32,1.95
12.08.2021 00:13:41.746,110.361,110.35799999999999,1,1
12.08.2021 00:13:47.668,110.361,110.35700000000001,2.91,1.5
12.08.2021 00:13:53.791,110.359,110.355,1.1,4.61
12.08.2021 00:14:00.811,110.35600000000001,110.351,1.22,1
12.08.2021 00:14:00.912,110.355,110.351,2.16,3.45
12.08.2021 00:14:01.014,110.354,110.35000000000001,1.01,3.82
12.08.2021 00:14:01.166,110.354,110.35000000000001,1.41,1.5
12.08.2021 00:14:01.317,110.354,110.35000000000001,1.01,1.95
12.08.2021 00:14:03.643,110.352,110.349,1.75,1.3
12.08.2021 00:14:03.693,110.35000000000001,110.34700000000001,1.01,1.95
12.08.2021 00:14:23.770,110.351,110.34700000000001,2.14,1.57
12.08.2021 00:14:25.973,110.352,110.349,1.69,1.1
12.08.2021 00:14:27.237,110.351,110.34700000000001,3.7,1.1
12.08.2021 00:14:27.338,110.349,110.346,1,1.97
12.08.2021 00:14:27.440,110.349,110.346,1,1.57
12.08.2021 00:14:31.024,110.352,110.34700000000001,1.69,1.57
12.08.2021 00:14:31.126,110.352,110.349,1.5,1.1
12.08.2021 00:14:31.227,110.353,110.349,2.89,2.32
12.08.2021 00:14:31.682,110.353,110.349,2.44,2.72
12.08.2021 00:14:43.263,110.353,110.349,3.64,1.57
12.08.2021 00:14:43.364,110.352,110.349,1,1.1
12.08.2021 00:14:44.839,110.353,110.349,3.64,1.57
12.08.2021 00:14:46.960,110.353,110.349,1.69,2.72
12.08.2021 00:14:59.413,110.353,110.349,2.14,2.32
12.08.2021 00:14:59.963,110.352,110.349,1,1.57
12.08.2021 00:15:00.485,110.351,110.348,2.14,1
12.08.2021 00:15:00.586,110.35000000000001,110.348,1.25,1
12.08.2021 00:15:02.859,110.35000000000001,110.345,1,1.57
12.08.2021 00:15:03.026,110.349,110.346,1,1.97
12.08.2021 00:15:03.127,110.35000000000001,110.346,1,2.72
12.08.2021 00:15:04.607,110.351,110.34700000000001,3.64,1.57
12.08.2021 00:15:06.669,110.351,110.348,1.69,1.1
12.08.2021 00:15:12.305,110.352,110.348,3.64,1.1
12.08.2021 00:15:12.407,110.351,110.345,1.69,3.92
12.08.2021 00:15:12.508,110.349,110.346,1,1.95
12.08.2021 00:15:12.610,110.349,110.345,2.7,1.1
12.08.2021 00:15:12.711,110.348,110.345,2.14,1
12.08.2021 00:15:17.829,110.348,110.344,3.64,1.1
12.08.2021 00:15:31.577,110.348,110.344,4.41,1
12.08.2021 00:15:38.381,110.348,110.344,4.6,1
12.08.2021 00:15:39.502,110.348,110.344,4.07,1.2
12.08.2021 00:15:39.733,110.349,110.344,1.69,1.2
12.08.2021 00:15:39.835,110.349,110.345,1.76,2.7
12.08.2021 00:15:52.681,110.348,110.345,1.1,1.5
12.08.2021 00:16:06.396,110.349,110.345,1.76,2.7
12.08.2021 00:16:07.011,110.348,110.345,1,1.95
12.08.2021 00:16:17.736,110.349,110.345,1.76,1.95
12.08.2021 00:16:21.615,110.348,110.345,1,1.95
12.08.2021 00:16:46.838,110.349,110.346,1,1
12.08.2021 00:16:46.944,110.349,110.34700000000001,1,1.5
12.08.2021 00:16:47.617,110.35000000000001,110.345,1,1.95
12.08.2021 00:17:00.576,110.349,110.34700000000001,1.5,1
12.08.2021 00:17:00.678,110.352,110.35000000000001,1.57,1
12.08.2021 00:17:00.830,110.353,110.35000000000001,1.76,1
12.08.2021 00:17:02.522,110.354,110.35000000000001,1.57,1.95
12.08.2021 00:17:02.623,110.354,110.35000000000001,1,2.85
12.08.2021 00:17:02.725,110.354,110.35000000000001,1.1,3.07
12.08.2021 00:17:02.987,110.353,110.35000000000001,1,3.07
12.08.2021 00:17:13.119,110.354,110.35000000000001,1,4.54
12.08.2021 00:17:24.016,110.355,110.35000000000001,2.32,4.41
12.08.2021 00:17:24.797,110.355,110.351,1.5,1.41
12.08.2021 00:17:33.424,110.355,110.351,1.2,3.26
12.08.2021 00:17:34.571,110.355,110.351,1,2.91
12.08.2021 00:17:36.884,110.35600000000001,110.351,2.7,3.66
12.08.2021 00:17:44.394,110.355,110.351,1.2,2.32
12.08.2021 00:17:44.546,110.35600000000001,110.352,2.7,1.1
12.08.2021 00:17:49.367,110.35600000000001,110.353,1.95,1
12.08.2021 00:17:52.053,110.35600000000001,110.352,2.7,1.57
12.08.2021 00:18:23.344,110.35700000000001,110.355,1,2.89
12.08.2021 00:18:23.395,110.359,110.355,3.15,2.89
12.08.2021 00:18:23.496,110.36,110.35700000000001,1.6,1.39
12.08.2021 00:18:23.547,110.361,110.35799999999999,1.95,1
12.08.2021 00:18:30.141,110.36200000000001,110.35799999999999,3.19,1.95
12.08.2021 00:18:31.040,110.363,110.361,1,1
12.08.2021 00:18:31.142,110.364,110.361,1.57,1.57
12.08.2021 00:18:31.243,110.36500000000001,110.361,1.95,3.26
12.08.2021 00:18:31.531,110.36500000000001,110.361,1.5,3.66
12.08.2021 00:18:35.370,110.363,110.359,2.14,7.87
12.08.2021 00:18:36.894,110.364,110.36,2.44,3.47
12.08.2021 00:18:36.996,110.36500000000001,110.36200000000001,2.7,1.25
12.08.2021 00:18:37.098,110.366,110.363,2.25,1.1
12.08.2021 00:18:37.250,110.367,110.363,3.26,2.32
12.08.2021 00:18:43.980,110.367,110.363,1.5,3.66
12.08.2021 00:18:47.288,110.368,110.364,3.64,1.57
12.08.2021 00:19:07.002,110.367,110.364,1,1.1
12.08.2021 00:19:25.088,110.368,110.366,1.95,1
12.08.2021 00:19:25.189,110.369,110.366,1,2.72
12.08.2021 00:19:25.291,110.37100000000001,110.366,1,1.22
12.08.2021 00:19:32.190,110.37,110.367,1,1.57
12.08.2021 00:19:32.291,110.369,110.366,1.2,1
12.08.2021 00:19:32.393,110.368,110.36500000000001,1.2,1
12.08.2021 00:19:32.494,110.369,110.363,1.95,2.51
12.08.2021 00:19:32.595,110.367,110.364,1,1.76
12.08.2021 00:19:55.706,110.367,110.36500000000001,1,1
12.08.2021 00:20:15.359,110.368,110.36500000000001,1.95,1.5
12.08.2021 00:20:19.161,110.367,110.36500000000001,1,1
12.08.2021 00:20:19.262,110.367,110.364,1,1.1
12.08.2021 00:20:22.675,110.368,110.364,1.2,1.57
12.08.2021 00:21:08.802,110.369,110.367,1.5,1.1
12.08.2021 00:21:08.904,110.37100000000001,110.368,1.09,1.5
12.08.2021 00:21:10.277,110.37200000000001,110.369,1.39,1
12.08.2021 00:21:10.497,110.37200000000001,110.368,1.39,2.51
12.08.2021 00:21:11.721,110.37200000000001,110.368,2.2,2.32
12.08.2021 00:21:16.151,110.37299999999999,110.369,6.85,1.5
12.08.2021 00:21:17.795,110.37299999999999,110.37,2.95,1
12.08.2021 00:21:19.909,110.37299999999999,110.369,2.14,1.76
12.08.2021 00:21:42.509,110.376,110.37200000000001,3.71,1.95
12.08.2021 00:21:42.611,110.37700000000001,110.37200000000001,1.46,1
12.08.2021 00:21:42.915,110.376,110.37100000000001,1.97,3.89
12.08.2021 00:21:43.168,110.376,110.37200000000001,1.57,1.39
12.08.2021 00:21:43.475,110.376,110.37200000000001,2.97,1
12.08.2021 00:21:45.667,110.376,110.37200000000001,1.01,2.14
12.08.2021 00:21:58.769,110.376,110.37299999999999,1.01,1
12.08.2021 00:21:58.870,110.37700000000001,110.374,3.35,1
12.08.2021 00:21:58.971,110.378,110.37299999999999,1.01,1
12.08.2021 00:21:59.676,110.376,110.37299999999999,2.14,1
12.08.2021 00:21:59.777,110.375,110.37100000000001,2.29,2.44
12.08.2021 00:22:00.552,110.375,110.37100000000001,1.01,2.7
12.08.2021 00:22:08.144,110.37700000000001,110.374,4.45,1.5
12.08.2021 00:22:08.246,110.37700000000001,110.375,1.39,1
12.08.2021 00:22:10.524,110.378,110.375,1.1,1
12.08.2021 00:22:35.990,110.379,110.376,1.1,1.25
12.08.2021 00:22:44.395,110.381,110.38,1,1
12.08.2021 00:22:44.498,110.384,110.38,1.2,1.5
12.08.2021 00:22:44.600,110.385,110.381,4.2,1.57
12.08.2021 00:22:44.854,110.385,110.382,1.95,1
12.08.2021 00:22:50.750,110.385,110.383,1,1.5
12.08.2021 00:22:51.340,110.385,110.382,2.32,1
12.08.2021 00:23:05.890,110.382,110.379,3.6,1
12.08.2021 00:23:05.991,110.381,110.37700000000001,1.95,4.09
12.08.2021 00:23:06.092,110.381,110.37700000000001,3.04,2.25
12.08.2021 00:23:08.073,110.382,110.376,2.32,3.64
12.08.2021 00:23:08.174,110.381,110.379,1,1
12.08.2021 00:23:08.592,110.383,110.379,2.51,1.95
12.08.2021 00:23:08.925,110.383,110.38,1.76,1
12.08.2021 00:23:09.077,110.383,110.38,2.16,1
12.08.2021 00:23:09.229,110.383,110.38,1.57,1
12.08.2021 00:23:10.906,110.383,110.379,1.76,1.95
12.08.2021 00:23:12.557,110.384,110.381,1.97,1
12.08.2021 00:23:15.299,110.381,110.379,2.1,1
12.08.2021 00:23:15.400,110.38,110.37700000000001,1.2,1.95
12.08.2021 00:23:20.968,110.38,110.376,1.95,2.14
12.08.2021 00:23:27.484,110.38,110.375,1,1.39
12.08.2021 00:23:54.998,110.38,110.376,1.5,3.85
12.08.2021 00:23:55.153,110.381,110.378,1,2.54
12.08.2021 00:23:55.255,110.382,110.379,1.5,1.1
12.08.2021 00:23:55.356,110.383,110.379,2.25,2.91
12.08.2021 00:23:58.548,110.384,110.38,2.7,1.57
12.08.2021 00:23:59.947,110.384,110.38,2.72,1.5
12.08.2021 00:24:00.087,110.384,110.38,2.32,1.95
12.08.2021 00:24:02.399,110.382,110.379,1.1,1
12.08.2021 00:24:02.729,110.382,110.378,1.1,3.64
12.08.2021 00:24:17.304,110.381,110.37700000000001,1.57,3.64
12.08.2021 00:24:17.457,110.381,110.37700000000001,2.16,2.25
12.08.2021 00:24:17.660,110.38,110.37700000000001,2.16,1
12.08.2021 00:24:18.505,110.381,110.375,3.66,2.25
12.08.2021 00:24:34.233,110.38,110.376,2.32,2.89
12.08.2021 00:24:34.334,110.383,110.38,3.36,1.5
12.08.2021 00:24:34.436,110.383,110.38,1.01,1.5
12.08.2021 00:24:42.842,110.383,110.381,1.1,1
12.08.2021 00:24:51.388,110.381,110.378,1.97,1
12.08.2021 00:24:51.489,110.38,110.37700000000001,1.1,1.69
12.08.2021 00:24:51.590,110.38,110.37700000000001,2.72,1.25
12.08.2021 00:24:55.686,110.38,110.376,3.66,2.25
12.08.2021 00:24:58.765,110.38,110.376,2.32,2.89
12.08.2021 00:25:01.230,110.381,110.376,1.57,1
12.08.2021 00:25:02.373,110.381,110.378,1.1,1.25
12.08.2021 00:25:02.474,110.382,110.378,3.07,2.14
12.08.2021 00:25:11.880,110.382,110.38,1,1.5
12.08.2021 00:25:11.981,110.384,110.38,3.29,2.25
12.08.2021 00:25:29.556,110.384,110.381,2.29,1
12.08.2021 00:25:39.645,110.381,110.379,3.45,1.05
12.08.2021 00:25:39.696,110.38,110.37700000000001,1,3.45
12.08.2021 00:25:39.797,110.38,110.376,3.79,3
12.08.2021 00:25:46.063,110.38,110.379,1,1
12.08.2021 00:25:46.114,110.383,110.38,1.65,1
12.08.2021 00:25:46.215,110.383,110.381,1.2,1
12.08.2021 00:25:46.317,110.384,110.38,2.89,1
12.08.2021 00:25:47.908,110.384,110.381,2.14,1
12.08.2021 00:25:54.397,110.383,110.379,3.29,3.3
12.08.2021 00:25:54.502,110.382,110.378,2.89,2.25
12.08.2021 00:25:54.915,110.381,110.378,1,2.25
12.08.2021 00:25:56.005,110.382,110.378,2.7,2.25
12.08.2021 00:26:20.973,110.381,110.378,1,2.25
12.08.2021 00:26:39.324,110.382,110.378,3.45,2.25
12.08.2021 00:26:40.157,110.382,110.376,3.45,1.5
12.08.2021 00:26:40.309,110.38,110.37700000000001,1.95,1
12.08.2021 00:26:40.410,110.38,110.375,1.5,1.25
12.08.2021 00:26:44.020,110.38,110.376,4.2,1.69
12.08.2021 00:26:45.041,110.38,110.37700000000001,1.95,1
12.08.2021 00:26:47.655,110.38,110.376,3.45,1.5
12.08.2021 00:26:51.898,110.379,110.376,1,1.5
12.08.2021 00:26:59.835,110.38,110.376,2.89,1.5
12.08.2021 00:27:00.968,110.379,110.376,1,1.5
12.08.2021 00:28:12.154,110.374,110.37299999999999,1.2,1
12.08.2021 00:28:12.205,110.374,110.37100000000001,1.95,1.12
12.08.2021 00:28:12.306,110.374,110.37,1.2,1
12.08.2021 00:28:12.408,110.374,110.369,2.14,1
12.08.2021 00:28:12.509,110.374,110.369,2.1,1
12.08.2021 00:28:12.660,110.37299999999999,110.37,1.95,1
12.08.2021 00:28:34.561,110.37299999999999,110.37,2.16,1
12.08.2021 00:28:34.663,110.37200000000001,110.367,1.1,3.3
12.08.2021 00:28:34.764,110.37100000000001,110.369,1,1
12.08.2021 00:28:34.873,110.37200000000001,110.369,2.51,1
12.08.2021 00:28:35.664,110.37200000000001,110.368,4.41,2.55
12.08.2021 00:28:35.816,110.37200000000001,110.368,3.26,3
12.08.2021 00:28:37.824,110.37200000000001,110.369,2.32,1
12.08.2021 00:28:54.996,110.37100000000001,110.368,3.66,1.8
12.08.2021 00:28:55.098,110.37,110.367,2.91,1
12.08.2021 00:28:55.199,110.368,110.36500000000001,1.1,1.5
12.08.2021 00:28:55.301,110.368,110.364,4.6,2.25
12.08.2021 00:28:55.453,110.366,110.364,1,2.25
12.08.2021 00:28:55.554,110.367,110.364,1.1,2.25
12.08.2021 00:28:58.675,110.367,110.364,2.85,1
12.08.2021 00:28:58.878,110.367,110.364,1.95,1.5
12.08.2021 00:28:59.132,110.368,110.36500000000001,1.2,1
12.08.2021 00:28:59.183,110.369,110.366,1,1
12.08.2021 00:28:59.284,110.37100000000001,110.367,2.7,2.51
12.08.2021 00:29:02.137,110.37100000000001,110.368,1.2,2.44
12.08.2021 00:29:02.239,110.37200000000001,110.369,2.1,1
12.08.2021 00:29:02.341,110.37299999999999,110.37,2.7,1.5
12.08.2021 00:29:02.442,110.37299999999999,110.37,1.2,1.5
12.08.2021 00:29:04.425,110.374,110.37100000000001,1.6,1
12.08.2021 00:29:04.577,110.374,110.37100000000001,1.2,1
12.08.2021 00:29:26.435,110.375,110.37200000000001,1.2,1.5
12.08.2021 00:29:41.852,110.376,110.37299999999999,4.2,1
12.08.2021 00:29:42.003,110.378,110.376,2.7,1
12.08.2021 00:29:42.357,110.38,110.376,5.51,1.87
12.08.2021 00:29:42.459,110.38,110.37700000000001,2.51,1
12.08.2021 00:30:13.939,110.38,110.376,3.79,1.5
12.08.2021 00:30:18.352,110.38,110.375,2.95,1.5
12.08.2021 00:30:28.093,110.378,110.374,4.64,3.45
12.08.2021 00:30:28.195,110.378,110.375,4.64,1
12.08.2021 00:30:28.296,110.375,110.37200000000001,1.95,1
12.08.2021 00:30:30.605,110.375,110.37100000000001,2.89,2.7
12.08.2021 00:30:45.875,110.376,110.37100000000001,1.39,1
12.08.2021 00:30:45.977,110.375,110.374,1,1
12.08.2021 00:30:46.028,110.37700000000001,110.374,3.64,1
12.08.2021 00:30:55.243,110.378,110.374,3.26,1.5
12.08.2021 00:30:57.149,110.37700000000001,110.374,1.2,1
12.08.2021 00:31:04.616,110.375,110.37100000000001,1.5,2.7
12.08.2021 00:31:04.718,110.375,110.37100000000001,2.1,2.25
12.08.2021 00:32:00.317,110.374,110.37100000000001,3.04,1
12.08.2021 00:32:18.843,110.37200000000001,110.37100000000001,1,1
12.08.2021 00:32:19.004,110.37200000000001,110.37,1,1
12.08.2021 00:32:19.055,110.37100000000001,110.369,1,1.3
12.08.2021 00:32:19.207,110.37100000000001,110.369,1.2,1
12.08.2021 00:32:22.298,110.37100000000001,110.368,1,1.95
12.08.2021 00:32:26.336,110.37,110.367,1,1.95
12.08.2021 00:32:33.997,110.37100000000001,110.367,3.64,2.7
12.08.2021 00:32:35.286,110.37,110.368,1,1
12.08.2021 00:32:36.464,110.37100000000001,110.368,2.14,1
12.08.2021 00:32:42.688,110.37200000000001,110.369,1.2,1.69
12.08.2021 00:32:42.789,110.37299999999999,110.37,1.5,1
12.08.2021 00:32:45.403,110.37200000000001,110.369,1.2,1.5
12.08.2021 00:32:58.074,110.37200000000001,110.368,3.45,2.32
12.08.2021 00:32:59.514,110.37200000000001,110.368,2.25,2.91
12.08.2021 00:33:06.371,110.37100000000001,110.368,1.25,1.1
12.08.2021 00:33:13.335,110.37,110.367,1,1.97
12.08.2021 00:33:13.390,110.369,110.366,1.39,1.5
12.08.2021 00:33:13.542,110.37,110.367,2.1,1
12.08.2021 00:33:13.644,110.37100000000001,110.366,1,1.95
12.08.2021 00:33:17.020,110.37,110.368,1,1.5
12.08.2021 00:33:22.338,110.37200000000001,110.369,3.19,1
12.08.2021 00:33:34.993,110.37299999999999,110.369,3.64,1.5
12.08.2021 00:33:50.403,110.37299999999999,110.37,1,1
12.08.2021 00:33:53.979,110.37299999999999,110.369,1.5,1.95
12.08.2021 00:34:27.550,110.37299999999999,110.369,1.5,2.95
12.08.2021 00:34:29.994,110.374,110.369,4.2,3.7
12.08.2021 00:34:32.069,110.374,110.37,2.7,1.75
12.08.2021 00:34:32.846,110.375,110.37100000000001,1.95,3.7
12.08.2021 00:35:02.331,110.37700000000001,110.37200000000001,3.22,1.69
12.08.2021 00:35:02.433,110.376,110.37299999999999,1.95,1.5
12.08.2021 00:35:02.534,110.37700000000001,110.374,2.1,1.5
12.08.2021 00:35:02.636,110.37700000000001,110.374,1,1.69
12.08.2021 00:35:03.989,110.37700000000001,110.375,1,1
12.08.2021 00:35:06.454,110.37700000000001,110.376,1,1
12.08.2021 00:35:11.552,110.379,110.376,1,1.69
12.08.2021 00:35:11.704,110.38,110.376,2.7,1.69
12.08.2021 00:35:16.660,110.38,110.37700000000001,1.95,1
12.08.2021 00:35:51.691,110.38,110.37700000000001,1,2.57
12.08.2021 00:35:59.810,110.382,110.38,2.33,1.5
12.08.2021 00:35:59.912,110.38600000000001,110.382,1.8,1
12.08.2021 00:36:00.013,110.38600000000001,110.383,4.16,1
12.08.2021 00:36:21.045,110.38600000000001,110.383,1.57,1
12.08.2021 00:36:35.600,110.385,110.383,1,1
12.08.2021 00:36:37.444,110.38600000000001,110.383,2.32,1
12.08.2021 00:36:41.834,110.38600000000001,110.382,1,1
12.08.2021 00:36:42.324,110.38700000000001,110.382,2.32,1
12.08.2021 00:36:47.780,110.385,110.383,1,1
12.08.2021 00:36:47.963,110.38700000000001,110.382,2.32,1
12.08.2021 00:36:48.661,110.385,110.383,1,1
12.08.2021 00:36:48.866,110.38600000000001,110.383,2.32,1
12.08.2021 00:36:49.382,110.385,110.383,1,1
12.08.2021 00:36:49.710,110.38700000000001,110.382,2.32,1
12.08.2021 00:36:51.359,110.385,110.383,1,1
12.08.2021 00:36:52.752,110.38700000000001,110.382,2.32,1
12.08.2021 00:36:53.071,110.385,110.383,1,1
12.08.2021 00:36:53.363,110.38600000000001,110.383,2.32,1
12.08.2021 00:36:53.600,110.385,110.383,1,1
12.08.2021 00:36:53.752,110.385,110.382,1.2,1.5
12.08.2021 00:36:57.880,110.38600000000001,110.382,2.32,1.5
12.08.2021 00:37:01.394,110.38600000000001,110.383,2.1,1
12.08.2021 00:37:03.516,110.38600000000001,110.381,1.2,1.5
12.08.2021 00:37:04.087,110.38600000000001,110.382,2.7,1.5
12.08.2021 00:37:07.660,110.38600000000001,110.383,1.95,1
12.08.2021 00:37:08.472,110.385,110.383,1,1
12.08.2021 00:37:12.362,110.384,110.382,1.2,1
12.08.2021 00:37:26.898,110.385,110.382,1.2,1.5
12.08.2021 00:37:27.100,110.38600000000001,110.382,3.45,2.44
12.08.2021 00:37:31.660,110.38600000000001,110.383,2.7,1
12.08.2021 00:37:49.885,110.385,110.383,1,1
12.08.2021 00:38:02.787,110.385,110.382,1,2.44
12.08.2021 00:38:27.147,110.384,110.382,1,2.44
12.08.2021 00:38:27.199,110.382,110.379,3.22,1.25
12.08.2021 00:38:27.301,110.38,110.378,1,1.95
12.08.2021 00:38:27.403,110.38,110.37700000000001,1.6,1.5
12.08.2021 00:38:31.215,110.379,110.376,1.95,1.25
12.08.2021 00:39:02.655,110.379,110.375,1,1.25
12.08.2021 00:39:12.417,110.378,110.375,1.2,1.5
12.08.2021 00:39:14.396,110.376,110.37200000000001,5.47,1
12.08.2021 00:39:14.936,110.374,110.37200000000001,1,1.25
12.08.2021 00:39:16.212,110.375,110.37200000000001,1.2,1.25
12.08.2021 00:39:40.241,110.376,110.37,2.7,1.76
12.08.2021 00:39:42.064,110.375,110.37100000000001,3.66,1
12.08.2021 00:39:52.403,110.374,110.37100000000001,1.66,1
12.08.2021 00:39:52.505,110.375,110.37100000000001,5.6,1
12.08.2021 00:40:24.605,110.374,110.37100000000001,1.26,1
12.08.2021 00:40:44.247,110.374,110.37,3.14,3.07
12.08.2021 00:40:47.271,110.375,110.37,1.64,1
12.08.2021 00:40:50.548,110.375,110.37100000000001,4.26,1.1
12.08.2021 00:40:50.659,110.376,110.37200000000001,6.89,1.57
12.08.2021 00:40:50.760,110.376,110.37299999999999,1.69,3.1
12.08.2021 00:40:50.812,110.378,110.375,2.89,1.5
12.08.2021 00:40:50.915,110.379,110.376,1,1.57
12.08.2021 00:40:52.824,110.379,110.376,1,2.72
12.08.2021 00:40:53.116,110.379,110.376,1.25,2.32
12.08.2021 00:41:04.114,110.378,110.375,3.89,1
12.08.2021 00:41:04.216,110.37700000000001,110.374,1.25,1.1
12.08.2021 00:41:04.722,110.376,110.37299999999999,1.25,1.57
12.08.2021 00:41:04.875,110.376,110.374,1.25,1
12.08.2021 00:41:10.338,110.37700000000001,110.37299999999999,3.14,1.57
12.08.2021 00:41:10.440,110.37700000000001,110.374,2.39,1
12.08.2021 00:41:11.097,110.37700000000001,110.37299999999999,2.39,1.57
12.08.2021 00:41:11.549,110.37700000000001,110.374,2.39,1
12.08.2021 00:41:32.058,110.37700000000001,110.37299999999999,1.94,2.7
12.08.2021 00:41:47.594,110.37700000000001,110.375,1,1
12.08.2021 00:41:47.695,110.378,110.375,4.39,1
12.08.2021 00:41:57.788,110.37700000000001,110.375,1,1
12.08.2021 00:41:58.278,110.37700000000001,110.374,1,1.1
12.08.2021 00:42:03.462,110.37700000000001,110.375,1,2.25
12.08.2021 00:42:03.513,110.379,110.375,3,2.72
12.08.2021 00:43:03.608,110.38,110.376,3,1.5
12.08.2021 00:43:05.406,110.379,110.376,1,1.5
12.08.2021 00:43:12.356,110.379,110.376,2.95,1
12.08.2021 00:43:12.458,110.379,110.376,1.5,1.1
12.08.2021 00:43:48.947,110.379,110.376,3.14,1
12.08.2021 00:43:49.049,110.378,110.37299999999999,1,1.57
12.08.2021 00:43:49.316,110.376,110.374,1,1.57
12.08.2021 00:43:49.525,110.37700000000001,110.374,2.25,1.1
12.08.2021 00:43:59.734,110.375,110.37200000000001,1.95,1.5
12.08.2021 00:43:59.886,110.374,110.37100000000001,1,1.57
12.08.2021 00:44:06.443,110.37299999999999,110.37100000000001,2.14,1
12.08.2021 00:44:34.161,110.375,110.37200000000001,1,2.72
12.08.2021 00:44:34.262,110.376,110.37200000000001,3.19,2.72
12.08.2021 00:44:34.364,110.37700000000001,110.37299999999999,4.57,2.32
12.08.2021 00:44:34.465,110.37700000000001,110.374,2.89,1
12.08.2021 00:44:40.325,110.378,110.375,1.39,1
12.08.2021 00:44:43.177,110.376,110.37299999999999,2.89,1
12.08.2021 00:44:43.279,110.375,110.37299999999999,1.39,1
12.08.2021 00:44:43.330,110.375,110.37100000000001,2.76,3.52
12.08.2021 00:44:43.641,110.374,110.37100000000001,1.64,2.25
12.08.2021 00:44:45.835,110.375,110.37100000000001,3.66,2.25
12.08.2021 00:44:47.047,110.375,110.37100000000001,3.66,2.25
12.08.2021 00:44:49.432,110.37299999999999,110.37100000000001,3.16,1
12.08.2021 00:44:49.533,110.375,110.37,1.41,1
12.08.2021 00:44:49.635,110.374,110.37,2.16,2.25
12.08.2021 00:44:49.887,110.374,110.37100000000001,1.41,1
12.08.2021 00:45:01.240,110.37200000000001,110.37,1.26,1
12.08.2021 00:45:03.858,110.37299999999999,110.37,1.26,1.5
12.08.2021 00:46:03.138,110.37100000000001,110.369,1.41,1
12.08.2021 00:46:03.189,110.37100000000001,110.367,1.41,2.25
12.08.2021 00:46:03.291,110.37200000000001,110.368,7.98,1.5
12.08.2021 00:46:03.392,110.37200000000001,110.368,4.47,1.5
12.08.2021 00:46:03.493,110.37200000000001,110.369,1.86,1
12.08.2021 00:46:12.563,110.37299999999999,110.369,2.41,2.25
12.08.2021 00:46:14.811,110.374,110.37100000000001,1.41,1
12.08.2021 00:46:32.900,110.376,110.37299999999999,2.32,1
12.08.2021 00:46:44.043,110.37700000000001,110.37299999999999,1.39,2.32
12.08.2021 00:46:44.750,110.37700000000001,110.374,1.25,1
12.08.2021 00:46:54.691,110.379,110.375,4.64,2.32
12.08.2021 00:46:54.794,110.38,110.376,2.14,2.32
12.08.2021 00:46:57.780,110.381,110.37700000000001,1,2.91
12.08.2021 00:46:57.882,110.383,110.38,3.04,1
12.08.2021 00:47:01.266,110.383,110.379,5.35,1
12.08.2021 00:47:02.983,110.384,110.38,4.16,1.5
12.08.2021 00:47:03.085,110.384,110.382,1.25,1
12.08.2021 00:47:06.721,110.38600000000001,110.382,1.57,2.25
12.08.2021 00:47:11.497,110.38700000000001,110.383,3.41,1
12.08.2021 00:47:11.598,110.38700000000001,110.383,2.89,1.57
12.08.2021 00:47:12.897,110.39,110.38600000000001,4.88,1
12.08.2021 00:47:12.999,110.391,110.38700000000001,3.82,1.01
12.08.2021 00:47:17.302,110.391,110.38700000000001,1.95,1.82
12.08.2021 00:47:17.851,110.39200000000001,110.389,1.1,1
12.08.2021 00:47:20.973,110.39200000000001,110.38799999999999,1.57,3.19
12.08.2021 00:47:21.175,110.391,110.38799999999999,1,1.25
12.08.2021 00:47:22.155,110.391,110.38600000000001,2.62,1.76
12.08.2021 00:47:22.205,110.38799999999999,110.385,1.95,1.5
12.08.2021 00:47:22.307,110.38700000000001,110.384,1.2,1.57
12.08.2021 00:47:22.408,110.38700000000001,110.383,1.2,2.51
12.08.2021 00:47:22.840,110.38799999999999,110.385,1.95,1
12.08.2021 00:47:22.993,110.39,110.38700000000001,1.87,1.5
12.08.2021 00:47:28.166,110.391,110.38700000000001,1.95,2.44
12.08.2021 00:47:29.553,110.391,110.38799999999999,1.2,1
12.08.2021 00:47:29.857,110.391,110.389,1.95,1
12.08.2021 00:47:30.762,110.39200000000001,110.389,1.95,1
12.08.2021 00:47:30.863,110.391,110.389,1.95,1
12.08.2021 00:47:30.964,110.391,110.38799999999999,1.2,1.5
12.08.2021 00:47:37.392,110.39200000000001,110.38799999999999,1,1
12.08.2021 00:47:39.016,110.39200000000001,110.389,1.2,1
12.08.2021 00:47:42.628,110.394,110.39,2.7,1.01
12.08.2021 00:47:43.188,110.395,110.39,1,1.76
12.08.2021 00:47:43.290,110.395,110.39200000000001,1.95,1
12.08.2021 00:47:43.392,110.395,110.393,1,1.5
12.08.2021 00:47:43.795,110.397,110.393,1.22,1.5
12.08.2021 00:47:44.300,110.397,110.394,1,1
12.08.2021 00:47:45.117,110.398,110.396,1,1.5
12.08.2021 00:47:49.710,110.399,110.396,1.2,1.5
12.08.2021 00:47:50.055,110.399,110.397,1,1
12.08.2021 00:47:50.156,110.40200000000002,110.399,1.95,1
12.08.2021 00:47:50.258,110.404,110.40100000000001,1.2,1.5
12.08.2021 00:47:50.359,110.404,110.40100000000001,1,1.82
12.08.2021 00:47:50.461,110.405,110.40100000000001,1.95,2.57
12.08.2021 00:47:51.616,110.406,110.40200000000002,1.95,2.51
12.08.2021 00:48:01.710,110.40700000000001,110.404,1,3.32
12.08.2021 00:48:01.863,110.408,110.40700000000001,1,1
12.08.2021 00:48:02.620,110.408,110.406,1.57,1
12.08.2021 00:48:02.987,110.40700000000001,110.406,1,1
12.08.2021 00:48:03.089,110.406,110.40299999999999,1,1
12.08.2021 00:48:03.190,110.405,110.40299999999999,1,1
12.08.2021 00:48:03.241,110.404,110.40200000000002,1,1
12.08.2021 00:48:03.292,110.40299999999999,110.40100000000001,1,1.5
12.08.2021 00:48:30.381,110.406,110.40299999999999,1.87,1
12.08.2021 00:48:30.483,110.406,110.40200000000002,1.87,3.64
12.08.2021 00:48:30.584,110.405,110.40200000000002,1,1
12.08.2021 00:48:30.686,110.405,110.40100000000001,1.87,1.5
12.08.2021 00:48:31.671,110.404,110.4,1,2.44
12.08.2021 00:48:34.858,110.40200000000002,110.398,3,4.22
12.08.2021 00:48:34.960,110.40200000000002,110.398,1.2,2.51
12.08.2021 00:48:35.061,110.40100000000001,110.397,2.25,2.25
12.08.2021 00:48:35.163,110.40100000000001,110.397,4.35,1.5
12.08.2021 00:48:35.316,110.40100000000001,110.395,3.07,2.32
12.08.2021 00:48:39.145,110.399,110.396,1,1.1
12.08.2021 00:48:41.626,110.399,110.395,3.07,1.76
12.08.2021 00:48:41.727,110.399,110.395,3.97,1
12.08.2021 00:48:50.045,110.4,110.398,1.12,1
12.08.2021 00:48:50.146,110.4,110.397,1.95,1
12.08.2021 00:48:50.349,110.4,110.396,2.32,1.76
12.08.2021 00:48:50.808,110.40100000000001,110.395,5.07,1.01
12.08.2021 00:48:56.679,110.398,110.396,1,1
12.08.2021 00:48:56.781,110.398,110.395,1,1.76
12.08.2021 00:49:02.663,110.399,110.395,3.07,1.76
12.08.2021 00:49:02.922,110.399,110.396,1.2,1.5
12.08.2021 00:49:15.518,110.40100000000001,110.397,5.7,3.26
12.08.2021 00:49:17.320,110.40100000000001,110.398,1,1.76
12.08.2021 00:49:17.421,110.40200000000002,110.398,1.95,3.26
12.08.2021 00:49:20.621,110.40200000000002,110.399,1,2.51
12.08.2021 00:49:20.722,110.404,110.4,3.6,1
12.08.2021 00:49:35.759,110.40200000000002,110.4,1,1
12.08.2021 00:49:36.506,110.399,110.397,1,3.64
12.08.2021 00:49:36.658,110.398,110.397,1,1.2
12.08.2021 00:49:36.709,110.398,110.394,1,1.57
12.08.2021 00:49:40.322,110.397,110.395,1,1.1
12.08.2021 00:49:41.652,110.396,110.394,1,1.76
12.08.2021 00:49:46.473,110.397,110.394,1,1.76
12.08.2021 00:49:50.932,110.398,110.394,1.5,2.16
12.08.2021 00:49:58.136,110.397,110.394,1,2.16
12.08.2021 00:49:58.238,110.397,110.394,1,1.01
12.08.2021 00:49:58.339,110.395,110.39200000000001,2.7,1.2
12.08.2021 00:49:58.440,110.393,110.39200000000001,1,1.2
12.08.2021 00:49:58.491,110.393,110.39,1.5,1.1
12.08.2021 00:49:58.958,110.393,110.389,1,1.1
12.08.2021 00:49:59.366,110.39200000000001,110.389,1,1.1
12.08.2021 00:49:59.795,110.391,110.389,1,1.1
12.08.2021 00:50:02.957,110.39,110.38700000000001,1,3.72
12.08.2021 00:50:05.239,110.391,110.38700000000001,1.5,2.97
12.08.2021 00:50:08.059,110.393,110.391,1,1
12.08.2021 00:50:08.161,110.394,110.391,1.57,1
12.08.2021 00:50:08.882,110.395,110.393,1,1
12.08.2021 00:50:08.984,110.395,110.394,1,1
12.08.2021 00:50:09.135,110.397,110.393,1,1
12.08.2021 00:50:09.236,110.397,110.394,1.5,1
12.08.2021 00:50:10.050,110.398,110.395,1,1
12.08.2021 00:50:10.151,110.4,110.395,1.57,1
12.08.2021 00:50:10.253,110.4,110.397,2.25,2.89
12.08.2021 00:50:10.354,110.40100000000001,110.397,1.1,3.64
12.08.2021 00:50:10.556,110.40100000000001,110.398,1.1,1.25
12.08.2021 00:50:10.860,110.40299999999999,110.4,1.95,1.25
12.08.2021 00:50:10.961,110.404,110.40100000000001,2.02,1
12.08.2021 00:50:12.032,110.406,110.40100000000001,3.45,2.14
12.08.2021 00:50:13.342,110.406,110.40200000000002,2.7,1
12.08.2021 00:50:18.383,110.406,110.40100000000001,1,1
12.08.2021 00:50:18.535,110.404,110.40200000000002,1,1.25
12.08.2021 00:50:19.413,110.404,110.40100000000001,1.1,1.25
12.08.2021 00:50:37.725,110.404,110.399,1,2.14
12.08.2021 00:50:39.714,110.404,110.40100000000001,1.97,1
12.08.2021 00:50:44.946,110.404,110.4,3.1,1
12.08.2021 00:50:45.502,110.40100000000001,110.397,4.2,1.76
12.08.2021 00:50:45.603,110.4,110.397,1.2,1
12.08.2021 00:50:45.705,110.399,110.396,1.2,1
12.08.2021 00:50:45.806,110.399,110.396,1.22,1
12.08.2021 00:50:47.677,110.399,110.395,3.47,1.5
12.08.2021 00:50:51.371,110.399,110.394,1.97,1
12.08.2021 00:50:51.422,110.397,110.393,1.22,2.44
12.08.2021 00:50:52.339,110.397,110.394,1.22,1
12.08.2021 00:50:54.382,110.397,110.393,1.97,2.44
12.08.2021 00:50:56.538,110.397,110.393,1.1,3.64
12.08.2021 00:51:05.572,110.398,110.394,2.32,2.14
12.08.2021 00:51:05.674,110.398,110.395,1.57,1.69
12.08.2021 00:51:07.370,110.4,110.395,1.1,1.69
12.08.2021 00:51:07.471,110.399,110.397,1.1,1
12.08.2021 00:51:08.072,110.4,110.397,1.95,1
12.08.2021 00:51:08.174,110.40100000000001,110.397,1.95,2.51
12.08.2021 00:51:08.275,110.40100000000001,110.398,1.2,1
12.08.2021 00:51:10.082,110.40200000000002,110.398,1.95,1.1
12.08.2021 00:51:10.902,110.40200000000002,110.399,1.2,1
12.08.2021 00:51:11.611,110.40299999999999,110.399,1.95,1.76
12.08.2021 00:51:20.920,110.40200000000002,110.399,1,1.76
12.08.2021 00:51:24.630,110.40200000000002,110.4,1,1
12.08.2021 00:51:34.562,110.40200000000002,110.399,1,1.76
12.08.2021 00:51:35.853,110.40200000000002,110.4,1,1.57
12.08.2021 00:51:36.765,110.404,110.4,1.57,1.57
12.08.2021 00:51:37.321,110.404,110.40100000000001,1.57,1
12.08.2021 00:51:37.475,110.40299999999999,110.40100000000001,2.32,1
12.08.2021 00:51:37.577,110.40200000000002,110.4,1,1
12.08.2021 00:51:37.690,110.40299999999999,110.4,1.95,1
12.08.2021 00:51:43.269,110.40299999999999,110.399,1.57,1.57
12.08.2021 00:51:43.682,110.4,110.397,1.1,1
12.08.2021 00:51:43.784,110.4,110.397,1.6,1
12.08.2021 00:51:43.886,110.4,110.397,1.2,1
12.08.2021 00:51:43.987,110.4,110.396,1.72,1.5
12.08.2021 00:51:44.140,110.4,110.396,1.57,1.57
12.08.2021 00:51:46.338,110.4,110.396,2.35,1.5
12.08.2021 00:51:46.462,110.4,110.396,1.57,1.95
12.08.2021 00:51:46.570,110.40100000000001,110.397,2.72,1.5
12.08.2021 00:51:46.672,110.40200000000002,110.397,1.57,1.69
12.08.2021 00:51:46.874,110.4,110.397,1,2.89
12.08.2021 00:51:49.592,110.4,110.396,1.22,3.19
12.08.2021 00:51:50.055,110.399,110.396,1.22,1
12.08.2021 00:51:50.940,110.398,110.395,1.1,2.44
12.08.2021 00:51:53.347,110.399,110.395,1.57,3.64
12.08.2021 00:51:53.448,110.399,110.396,1.1,1
12.08.2021 00:51:56.392,110.399,110.394,1.1,3.19
12.08.2021 00:51:56.544,110.397,110.395,1.1,1.25
12.08.2021 00:51:56.810,110.397,110.394,1.57,1.69
12.08.2021 00:51:58.694,110.396,110.394,1,1.69
12.08.2021 00:52:00.067,110.396,110.393,1.1,1.69
12.08.2021 00:52:02.196,110.396,110.39200000000001,1.57,1.39
12.08.2021 00:52:02.421,110.393,110.391,1,1
12.08.2021 00:52:02.522,110.39200000000001,110.39,1,1
12.08.2021 00:52:03.100,110.39200000000001,110.389,1.1,1
12.08.2021 00:52:03.967,110.39200000000001,110.38700000000001,2.16,2.89
12.08.2021 00:52:04.068,110.391,110.38600000000001,1,1.2
12.08.2021 00:52:04.169,110.39,110.38600000000001,1.76,2.7
12.08.2021 00:52:04.376,110.389,110.38600000000001,1,2.7
12.08.2021 00:52:05.058,110.39,110.38600000000001,1.76,2.7
12.08.2021 00:52:05.508,110.39,110.38600000000001,2.16,2.25
12.08.2021 00:52:05.733,110.38700000000001,110.385,1.01,1.5
12.08.2021 00:52:05.784,110.38600000000001,110.383,1.1,1
12.08.2021 00:52:05.886,110.385,110.382,1.57,1.12
12.08.2021 00:52:06.890,110.385,110.381,1.57,2.14
12.08.2021 00:52:06.994,110.385,110.381,2.16,1
12.08.2021 00:52:07.707,110.385,110.381,1.76,1.2
12.08.2021 00:52:09.851,110.385,110.382,1.01,1
12.08.2021 00:52:11.223,110.385,110.383,1.01,1
12.08.2021 00:52:11.324,110.38799999999999,110.38600000000001,1.1,1
12.08.2021 00:52:11.426,110.389,110.38600000000001,2.66,1
12.08.2021 00:52:11.527,110.39,110.38700000000001,2.16,1
12.08.2021 00:52:12.967,110.391,110.38700000000001,1.71,2.25
12.08.2021 00:52:13.862,110.391,110.38799999999999,1.41,1
12.08.2021 00:52:15.598,110.391,110.38700000000001,3.16,1.5
12.08.2021 00:52:25.881,110.389,110.38600000000001,3.16,1.5
12.08.2021 00:52:26.848,110.38799999999999,110.384,4.54,1.5
12.08.2021 00:52:28.594,110.38700000000001,110.383,2.35,2.25
12.08.2021 00:52:30.330,110.38799999999999,110.38600000000001,1,1.5
12.08.2021 00:52:30.431,110.39,110.38700000000001,2.16,1
12.08.2021 00:52:32.687,110.39,110.38700000000001,1,1.5
12.08.2021 00:52:35.382,110.39200000000001,110.38700000000001,1.1,1.69
12.08.2021 00:52:35.484,110.391,110.38700000000001,1.1,2.89
12.08.2021 00:52:40.858,110.391,110.38700000000001,5.1,2.44
12.08.2021 00:52:45.015,110.38799999999999,110.385,1.97,1
12.08.2021 00:52:45.116,110.38799999999999,110.384,3.97,1.5
12.08.2021 00:52:46.581,110.38799999999999,110.383,5.29,1.5
12.08.2021 00:52:47.739,110.389,110.385,6.47,1
12.08.2021 00:52:47.891,110.389,110.38600000000001,3.79,1
12.08.2021 00:52:47.944,110.38799999999999,110.384,2.7,2.89
12.08.2021 00:52:48.046,110.38799999999999,110.384,4.04,1.5
12.08.2021 00:52:51.421,110.38799999999999,110.385,3.14,1
12.08.2021 00:52:51.523,110.38799999999999,110.385,1.39,1
12.08.2021 00:52:51.776,110.38799999999999,110.38600000000001,1,1
12.08.2021 00:52:51.878,110.38799999999999,110.385,1,1.5
12.08.2021 00:52:53.242,110.38799999999999,110.38600000000001,1,1
12.08.2021 00:52:53.444,110.38799999999999,110.384,4.97,1
12.08.2021 00:52:53.596,110.38700000000001,110.384,1.64,1
12.08.2021 00:52:55.735,110.38700000000001,110.383,4.22,1.5
12.08.2021 00:52:55.836,110.38600000000001,110.382,1.39,2.32
12.08.2021 00:53:01.999,110.38600000000001,110.382,2.95,1.57
12.08.2021 00:53:07.853,110.385,110.382,1.94,1.57
12.08.2021 00:53:07.957,110.384,110.381,1.25,1.57
12.08.2021 00:53:10.700,110.384,110.381,2.41,1.5
12.08.2021 00:53:11.103,110.384,110.38,2.41,3
12.08.2021 00:53:11.529,110.384,110.381,2.41,1
12.08.2021 00:53:13.032,110.382,110.379,1.97,1.5
12.08.2021 00:53:13.083,110.38,110.37700000000001,1.1,1.5
12.08.2021 00:53:13.185,110.379,110.376,1,5.59
12.08.2021 00:53:13.286,110.379,110.37700000000001,1,1
12.08.2021 00:53:14.319,110.381,110.378,1.25,1.5
12.08.2021 00:53:19.951,110.38,110.376,1.57,4.39
12.08.2021 00:53:20.153,110.379,110.376,1,2.89
12.08.2021 00:53:26.053,110.379,110.375,1.1,2.89
12.08.2021 00:53:28.693,110.379,110.376,1.57,1
12.08.2021 00:53:28.795,110.38,110.37700000000001,1,1.2
12.08.2021 00:53:29.235,110.381,110.37700000000001,3.26,1.2
12.08.2021 00:53:29.596,110.381,110.37700000000001,3.66,1
12.08.2021 00:53:30.234,110.38,110.376,1.1,2.89
12.08.2021 00:53:31.078,110.38,110.37700000000001,1.1,1
12.08.2021 00:53:31.188,110.379,110.37700000000001,1,1
12.08.2021 00:53:32.329,110.379,110.376,1,1.95
12.08.2021 00:53:33.246,110.378,110.374,2.25,1
12.08.2021 00:53:33.297,110.376,110.374,1,1
12.08.2021 00:53:33.398,110.375,110.374,1,1
12.08.2021 00:53:33.499,110.37700000000001,110.37200000000001,2.14,1
12.08.2021 00:53:34.030,110.376,110.374,1,1
12.08.2021 00:53:35.694,110.376,110.37299999999999,1.5,1.1
12.08.2021 00:53:35.796,110.375,110.37299999999999,1,1
12.08.2021 00:53:35.897,110.37299999999999,110.37100000000001,1,1
12.08.2021 00:53:36.545,110.37200000000001,110.37,1.69,1
12.08.2021 00:53:36.654,110.37299999999999,110.368,1.75,1.2
12.08.2021 00:53:39.737,110.37200000000001,110.37,1.75,1
12.08.2021 00:53:40.220,110.37200000000001,110.37,1.75,1
12.08.2021 00:53:40.322,110.37200000000001,110.37,1.25,1
12.08.2021 00:53:43.338,110.37100000000001,110.368,1,1.95
12.08.2021 00:53:43.441,110.37100000000001,110.37,1,1
12.08.2021 00:53:43.594,110.37299999999999,110.37,2.89,1
12.08.2021 00:53:45.844,110.37100000000001,110.368,1.69,3.07
12.08.2021 00:53:46.059,110.37,110.368,1.25,1
12.08.2021 00:53:46.212,110.37,110.367,1.25,2.7
12.08.2021 00:53:46.314,110.369,110.36500000000001,1.25,1
12.08.2021 00:53:46.415,110.367,110.36500000000001,1,1
12.08.2021 00:53:46.517,110.367,110.364,1.69,1.2
12.08.2021 00:53:47.513,110.366,110.363,1,1.6
12.08.2021 00:53:50.206,110.36200000000001,110.361,1.69,1
12.08.2021 00:53:50.308,110.361,110.359,1,2.02
12.08.2021 00:53:50.359,110.363,110.36,1.12,1.2
12.08.2021 00:53:50.512,110.364,110.361,1,1.51
12.08.2021 00:53:50.614,110.36500000000001,110.361,3.64,1.6
12.08.2021 00:53:50.919,110.366,110.361,3.64,2.66
12.08.2021 00:53:51.173,110.366,110.361,1.95,3.41
12.08.2021 00:53:52.153,110.36500000000001,110.36200000000001,1,1.6
12.08.2021 00:53:53.134,110.36500000000001,110.36200000000001,1.5,1.1
12.08.2021 00:53:54.401,110.36500000000001,110.361,3.79,2.75
12.08.2021 00:53:55.157,110.36500000000001,110.361,2.7,3.01
12.08.2021 00:53:55.309,110.36500000000001,110.361,2.7,3.01
12.08.2021 00:53:57.505,110.367,110.364,1.65,1.5
12.08.2021 00:54:06.153,110.368,110.364,2.32,1.76
12.08.2021 00:54:06.255,110.368,110.36500000000001,1.57,1.25
12.08.2021 00:54:06.357,110.368,110.366,1.45,1
12.08.2021 00:54:06.408,110.37100000000001,110.369,1.95,1
12.08.2021 00:54:06.510,110.37100000000001,110.368,1.2,2.25
12.08.2021 00:54:06.612,110.37100000000001,110.368,1.22,1
12.08.2021 00:54:06.714,110.37100000000001,110.367,1.22,2.44
12.08.2021 00:54:06.815,110.37200000000001,110.368,1,2.14
12.08.2021 00:54:06.867,110.37299999999999,110.37,1.27,1.5
12.08.2021 00:54:06.969,110.374,110.37100000000001,1.95,1
12.08.2021 00:54:07.121,110.37700000000001,110.37100000000001,6.41,1.5
12.08.2021 00:54:07.223,110.37700000000001,110.375,1.87,1
12.08.2021 00:54:07.275,110.38,110.376,2.85,1.69
12.08.2021 00:54:07.376,110.38,110.376,1.95,2.57
12.08.2021 00:54:07.478,110.38,110.376,1.6,2.5
12.08.2021 00:54:09.915,110.38,110.376,2.1,2.44
12.08.2021 00:54:10.759,110.38,110.376,2.7,2.51
12.08.2021 00:54:10.861,110.38,110.376,2.85,2.44
12.08.2021 00:54:13.004,110.375,110.374,1,1
12.08.2021 00:54:13.063,110.375,110.37100000000001,1.95,3.71
12.08.2021 00:54:13.164,110.374,110.37100000000001,1,1.76
12.08.2021 00:54:15.199,110.37100000000001,110.369,1,1.69
12.08.2021 00:54:15.614,110.37200000000001,110.367,1,2.14
12.08.2021 00:54:16.245,110.37100000000001,110.367,1,1.39
12.08.2021 00:54:19.167,110.37,110.367,1,2.14
12.08.2021 00:54:19.962,110.369,110.366,1.2,1.69
12.08.2021 00:54:20.164,110.369,110.366,1.97,1.25
12.08.2021 00:54:20.296,110.369,110.36500000000001,2.72,1.69
12.08.2021 00:54:20.450,110.367,110.36500000000001,1,1.69
12.08.2021 00:54:20.971,110.367,110.36500000000001,1,1.69
12.08.2021 00:54:21.578,110.364,110.36200000000001,1.2,1
12.08.2021 00:54:21.680,110.363,110.36,1,2.19
12.08.2021 00:54:22.237,110.364,110.361,1.5,2.19
12.08.2021 00:54:23.228,110.366,110.361,1.5,2.19
12.08.2021 00:54:26.768,110.363,110.361,1.5,1
12.08.2021 00:54:26.819,110.36200000000001,110.36,1,1.87
12.08.2021 00:54:26.921,110.36200000000001,110.35799999999999,3.04,3.95
12.08.2021 00:54:29.071,110.35700000000001,110.354,1,2.25
12.08.2021 00:54:29.123,110.355,110.352,1.95,1
12.08.2021 00:54:29.224,110.354,110.352,1,1.12
12.08.2021 00:54:30.945,110.354,110.351,1.1,1.12
12.08.2021 00:54:33.217,110.35600000000001,110.35000000000001,2.16,2
12.08.2021 00:54:33.319,110.35600000000001,110.354,1.95,1
12.08.2021 00:54:33.370,110.359,110.35600000000001,1.27,1
12.08.2021 00:54:33.775,110.36,110.35600000000001,1.1,2.89
12.08.2021 00:54:33.926,110.361,110.355,1.1,3.39
12.08.2021 00:54:34.179,110.35799999999999,110.35600000000001,1,1.5
12.08.2021 00:54:34.280,110.36,110.35600000000001,2.72,1.5
12.08.2021 00:54:35.268,110.36,110.35700000000001,1.22,1
12.08.2021 00:54:35.885,110.36,110.35700000000001,2.7,1.5
12.08.2021 00:54:36.581,110.361,110.35700000000001,1,3.39
12.08.2021 00:54:37.601,110.36200000000001,110.35700000000001,1.84,3.39
12.08.2021 00:54:38.568,110.36200000000001,110.35600000000001,1,3.39
12.08.2021 00:54:39.108,110.36200000000001,110.35700000000001,2.59,3.39
12.08.2021 00:54:39.614,110.36200000000001,110.35700000000001,2.59,3.39
12.08.2021 00:54:40.628,110.36,110.35799999999999,1,1
12.08.2021 00:54:40.729,110.361,110.35700000000001,4.39,1.69
12.08.2021 00:54:41.570,110.361,110.35700000000001,1.5,2.64
12.08.2021 00:54:42.597,110.36200000000001,110.35799999999999,1,2.89
12.08.2021 00:54:42.698,110.363,110.35700000000001,1.27,2.94
12.08.2021 00:54:42.850,110.363,110.359,3.82,1.5
12.08.2021 00:54:43.138,110.36200000000001,110.35799999999999,1.2,2.94
12.08.2021 00:54:43.290,110.36200000000001,110.35799999999999,3.15,2.25
12.08.2021 00:54:45.574,110.361,110.35799999999999,1,1.5
12.08.2021 00:54:50.188,110.36,110.35799999999999,1,1.5
12.08.2021 00:54:52.653,110.36,110.35799999999999,1,1
12.08.2021 00:54:52.704,110.35600000000001,110.355,1.69,1
12.08.2021 00:54:52.755,110.354,110.353,1,1
12.08.2021 00:54:52.856,110.354,110.352,1,1
12.08.2021 00:54:53.197,110.355,110.354,1,1
12.08.2021 00:54:53.248,110.35700000000001,110.353,2.44,1.2
12.08.2021 00:54:53.298,110.35700000000001,110.355,1,1.5
12.08.2021 00:54:53.400,110.35799999999999,110.35600000000001,1,1
12.08.2021 00:54:53.501,110.359,110.35600000000001,1.25,1
12.08.2021 00:54:54.175,110.35799999999999,110.35600000000001,1,1
12.08.2021 00:54:54.606,110.35700000000001,110.35600000000001,1,1
12.08.2021 00:54:54.708,110.359,110.35600000000001,2.14,1
12.08.2021 00:54:54.809,110.35700000000001,110.35600000000001,1,1
12.08.2021 00:54:54.911,110.359,110.35700000000001,1,1.25
12.08.2021 00:54:55.214,110.359,110.35700000000001,1,1.25
12.08.2021 00:54:55.416,110.36,110.359,1,1
12.08.2021 00:54:55.568,110.36,110.35799999999999,1,1
12.08.2021 00:54:55.669,110.361,110.35799999999999,1.5,2.69
12.08.2021 00:54:55.771,110.36200000000001,110.359,1.69,1
12.08.2021 00:54:55.872,110.361,110.359,1,1
12.08.2021 00:54:55.974,110.361,110.359,1,1
12.08.2021 00:54:56.154,110.361,110.35700000000001,1,3.64
12.08.2021 00:54:56.275,110.361,110.35700000000001,1.37,3.64
12.08.2021 00:54:57.327,110.36200000000001,110.35799999999999,1,1
12.08.2021 00:54:57.428,110.361,110.35799999999999,1,1
12.08.2021 00:54:57.531,110.36200000000001,110.361,1,1
12.08.2021 00:54:59.192,110.363,110.36,2.89,1
12.08.2021 00:54:59.294,110.36500000000001,110.36200000000001,1,1
12.08.2021 00:54:59.345,110.366,110.36500000000001,3,1
12.08.2021 00:54:59.446,110.368,110.36200000000001,3.07,1.5
12.08.2021 00:54:59.497,110.367,110.36500000000001,1.2,1
12.08.2021 00:54:59.851,110.367,110.363,3.82,1
12.08.2021 00:54:59.952,110.366,110.364,1,1.5
12.08.2021 00:55:00.054,110.368,110.36200000000001,3.82,1
12.08.2021 00:55:00.105,110.352,110.351,1,1.2
12.08.2021 00:55:00.156,110.354,110.353,1.5,1
12.08.2021 00:55:00.208,110.35600000000001,110.353,2.06,1.5
12.08.2021 00:55:00.310,110.355,110.354,1,1
12.08.2021 00:55:00.411,110.35700000000001,110.353,1.5,2.44
12.08.2021 00:55:00.462,110.35799999999999,110.355,1,1
12.08.2021 00:55:00.666,110.35799999999999,110.35600000000001,1,1
12.08.2021 00:55:01.396,110.359,110.35700000000001,1.95,1
12.08.2021 00:55:01.497,110.359,110.35600000000001,1.2,1.5
12.08.2021 00:55:02.502,110.359,110.35600000000001,1.22,1
12.08.2021 00:55:03.177,110.359,110.355,1.97,1.5
12.08.2021 00:55:06.852,110.35799999999999,110.354,2.32,2.7
12.08.2021 00:55:11.905,110.35700000000001,110.354,1.2,1.5
12.08.2021 00:55:12.007,110.35600000000001,110.353,1.95,1.5
12.08.2021 00:55:12.109,110.355,110.352,2.89,1.5
12.08.2021 00:55:12.210,110.353,110.351,1,1.5
12.08.2021 00:55:12.312,110.35000000000001,110.348,2.14,1.5
12.08.2021 00:55:12.413,110.35000000000001,110.34700000000001,3.89,1
12.08.2021 00:55:12.514,110.348,110.345,1.25,1.5
12.08.2021 00:55:13.019,110.348,110.344,3.64,2.25
12.08.2021 00:55:14.645,110.346,110.344,1.39,1
12.08.2021 00:55:14.747,110.345,110.34200000000001,2.95,1
12.08.2021 00:55:14.848,110.344,110.34200000000001,1.45,1
12.08.2021 00:55:14.949,110.34299999999999,110.34100000000001,1.25,1.5
12.08.2021 00:55:16.701,110.34299999999999,110.339,2.2,2.32
12.08.2021 00:55:18.706,110.34299999999999,110.34,1.45,1.5
12.08.2021 00:55:18.808,110.34299999999999,110.34,1.25,2.32
12.08.2021 00:55:20.541,110.34299999999999,110.339,2.89,2.25
12.08.2021 00:55:21.118,110.34200000000001,110.339,1,1.5
12.08.2021 00:55:21.291,110.34200000000001,110.339,2.2,1.5
12.08.2021 00:55:21.393,110.339,110.337,1.25,1
12.08.2021 00:55:21.544,110.339,110.33500000000001,3.64,3
12.08.2021 00:55:23.371,110.339,110.33600000000001,1,2.32
12.08.2021 00:55:23.472,110.34,110.337,1.75,1.1
12.08.2021 00:55:23.679,110.34100000000001,110.337,1.39,1.95
12.08.2021 00:55:25.502,110.34200000000001,110.338,3.1,1
12.08.2021 00:55:25.553,110.34299999999999,110.339,4.2,1.5
12.08.2021 00:55:25.654,110.344,110.34100000000001,2.14,1
12.08.2021 00:55:27.500,110.34200000000001,110.34,3.14,1
12.08.2021 00:55:27.551,110.34200000000001,110.338,3.14,1.1
12.08.2021 00:55:28.906,110.34200000000001,110.338,2.14,1
12.08.2021 00:55:29.007,110.34299999999999,110.339,3.47,1.5
12.08.2021 00:55:29.058,110.346,110.34,5.35,1
12.08.2021 00:55:30.640,110.344,110.34100000000001,1.64,1.5
12.08.2021 00:55:30.843,110.34200000000001,110.339,1.69,1.1
12.08.2021 00:55:30.894,110.344,110.34100000000001,3.79,1
12.08.2021 00:55:31.081,110.345,110.34100000000001,5.35,1.5
12.08.2021 00:55:32.199,110.345,110.34,2.39,1.5
12.08.2021 00:55:32.351,110.34200000000001,110.339,1,1.57
12.08.2021 00:55:32.453,110.34299999999999,110.34,1.39,1
12.08.2021 00:55:32.504,110.34299999999999,110.339,1.25,1
12.08.2021 00:55:32.605,110.34299999999999,110.34,2.2,1
12.08.2021 00:55:34.612,110.344,110.338,2.95,1.57
12.08.2021 00:55:34.714,110.34299999999999,110.34,2.2,1
12.08.2021 00:55:34.967,110.34,110.338,2.57,1.5
12.08.2021 00:55:35.069,110.34,110.33600000000001,1.76,1.95
12.08.2021 00:55:35.170,110.34,110.337,1.25,1.2
12.08.2021 00:55:35.271,110.34100000000001,110.337,1.76,1.95
12.08.2021 00:55:36.100,110.34200000000001,110.339,1,1.2
12.08.2021 00:55:41.552,110.34200000000001,110.34,1,1
12.08.2021 00:55:41.754,110.34299999999999,110.34,1.1,1
12.08.2021 00:55:42.968,110.34299999999999,110.34100000000001,1.1,1
12.08.2021 00:55:43.348,110.34299999999999,110.34100000000001,2.5,1
12.08.2021 00:55:43.449,110.345,110.339,2.22,1.5
12.08.2021 00:55:44.706,110.344,110.34100000000001,2.04,1
12.08.2021 00:55:45.012,110.346,110.34,2.41,1.5
12.08.2021 00:55:45.579,110.345,110.34200000000001,1.01,1
12.08.2021 00:55:46.176,110.346,110.34200000000001,1.1,2.95
12.08.2021 00:55:46.279,110.34700000000001,110.34100000000001,1.22,2.5
12.08.2021 00:55:46.647,110.346,110.34200000000001,2.16,1.5
12.08.2021 00:55:49.305,110.346,110.34200000000001,1.76,1.95
12.08.2021 00:55:49.608,110.34700000000001,110.34299999999999,1.76,1.95
12.08.2021 00:55:49.710,110.34700000000001,110.34299999999999,1.26,1.95
12.08.2021 00:55:51.576,110.34700000000001,110.344,1.35,1
12.08.2021 00:55:52.680,110.345,110.34200000000001,1.01,1
12.08.2021 00:55:52.831,110.345,110.34200000000001,1.41,1
12.08.2021 00:55:53.338,110.345,110.34100000000001,2.91,1
12.08.2021 00:55:53.619,110.345,110.34100000000001,2.14,1.5
12.08.2021 00:55:56.356,110.345,110.34200000000001,1.25,1
12.08.2021 00:55:57.539,110.346,110.34200000000001,4.26,1
12.08.2021 00:55:57.691,110.346,110.34,4.07,1.5
12.08.2021 00:55:59.000,110.344,110.34100000000001,2.66,1
12.08.2021 00:56:00.220,110.344,110.34,3.04,1.5
12.08.2021 00:56:00.321,110.344,110.34100000000001,1.39,1.5
12.08.2021 00:56:00.474,110.345,110.34100000000001,5.72,1.5
12.08.2021 00:56:01.540,110.344,110.34,2.72,1.5
12.08.2021 00:56:01.642,110.344,110.34100000000001,2.72,1
12.08.2021 00:56:06.126,110.344,110.34,2.54,1.5
12.08.2021 00:56:09.705,110.344,110.34100000000001,2.29,1
12.08.2021 00:56:09.959,110.344,110.34100000000001,1.39,1
12.08.2021 00:56:11.019,110.34299999999999,110.34100000000001,1.39,1.5
12.08.2021 00:56:11.121,110.344,110.34,3.41,1.5
12.08.2021 00:56:13.158,110.345,110.34,1.39,1
12.08.2021 00:56:14.009,110.344,110.34100000000001,1.85,1
12.08.2021 00:56:14.262,110.344,110.34,2.29,1
12.08.2021 00:56:15.901,110.344,110.34100000000001,1.85,1
12.08.2021 00:56:17.430,110.346,110.34,4.67,1
12.08.2021 00:56:23.170,110.345,110.34100000000001,5.42,1.5
12.08.2021 00:56:29.045,110.34200000000001,110.34100000000001,1.25,1
12.08.2021 00:56:29.146,110.34299999999999,110.34100000000001,1.39,1
12.08.2021 00:56:33.977,110.344,110.34,4.97,1.5
12.08.2021 00:56:40.664,110.34200000000001,110.34,1.39,1
12.08.2021 00:56:41.227,110.34299999999999,110.34,1.2,1.25
12.08.2021 00:56:41.328,110.344,110.34100000000001,1.85,1
12.08.2021 00:56:42.506,110.344,110.34100000000001,1.39,1
12.08.2021 00:56:46.862,110.345,110.34100000000001,3.47,1.5
12.08.2021 00:56:55.825,110.34299999999999,110.34100000000001,1.41,1
12.08.2021 00:56:57.400,110.34299999999999,110.339,2.22,1
12.08.2021 00:56:57.502,110.34200000000001,110.339,1.47,1
12.08.2021 00:56:57.604,110.34200000000001,110.338,2.97,2.62
12.08.2021 00:56:57.806,110.34200000000001,110.339,2.22,1
12.08.2021 00:56:57.958,110.34200000000001,110.338,2.22,2.25
12.08.2021 00:56:58.313,110.34100000000001,110.33600000000001,1.1,1.25
12.08.2021 00:57:01.096,110.34100000000001,110.337,1.01,2.14
12.08.2021 00:57:01.205,110.34200000000001,110.338,2.16,1
12.08.2021 00:57:01.306,110.34200000000001,110.338,1.69,1
12.08.2021 00:57:03.285,110.34100000000001,110.337,2.54,1.69
12.08.2021 00:57:03.593,110.34100000000001,110.34,1,1
12.08.2021 00:57:03.644,110.34299999999999,110.34,1.01,1
12.08.2021 00:57:04.669,110.34299999999999,110.34,1.41,1
12.08.2021 00:57:07.023,110.34299999999999,110.34,1.01,1
12.08.2021 00:57:08.812,110.34299999999999,110.339,2.16,2.25
12.08.2021 00:57:08.915,110.34200000000001,110.34,1.25,1
12.08.2021 00:57:09.017,110.34299999999999,110.339,2.51,2.89
12.08.2021 00:57:09.118,110.34299999999999,110.34,1.01,1
12.08.2021 00:57:10.704,110.344,110.34100000000001,2.16,1
12.08.2021 00:57:16.007,110.344,110.34100000000001,2.14,1
12.08.2021 00:57:19.364,110.34200000000001,110.34,1,1
12.08.2021 00:57:19.466,110.34299999999999,110.34,1,1.5
12.08.2021 00:57:19.567,110.344,110.34,2.89,1.5
12.08.2021 00:57:20.766,110.344,110.34100000000001,2.14,1
12.08.2021 00:57:20.868,110.345,110.339,2.89,1.5
12.08.2021 00:57:21.769,110.344,110.34100000000001,2.14,1
12.08.2021 00:57:27.514,110.345,110.34100000000001,1.5,2.14
12.08.2021 00:57:27.615,110.34700000000001,110.34200000000001,4.39,1
12.08.2021 00:57:27.717,110.34700000000001,110.344,1.69,1
12.08.2021 00:57:27.994,110.34700000000001,110.34299999999999,1.69,2.7
12.08.2021 00:57:28.821,110.346,110.34299999999999,1,1
12.08.2021 00:57:44.012,110.348,110.344,4.76,1
12.08.2021 00:57:44.113,110.348,110.345,1.5,1
12.08.2021 00:57:44.215,110.349,110.346,1.25,1.5
12.08.2021 00:57:44.445,110.35000000000001,110.346,5.14,1.5
12.08.2021 00:57:50.946,110.35000000000001,110.346,3.97,1.5
12.08.2021 00:57:52.002,110.351,110.345,2.51,1.69
12.08.2021 00:57:56.543,110.35000000000001,110.345,2.14,1
12.08.2021 00:57:57.760,110.35000000000001,110.34700000000001,3.22,1
12.08.2021 00:58:00.273,110.35000000000001,110.348,4.57,1
12.08.2021 00:58:01.959,110.353,110.349,3.39,1
12.08.2021 00:58:02.011,110.353,110.35000000000001,2.32,1
12.08.2021 00:58:02.113,110.354,110.352,1.95,1.5
12.08.2021 00:58:03.291,110.35600000000001,110.352,3.6,1
12.08.2021 00:58:08.000,110.35700000000001,110.353,5.29,1.5
12.08.2021 00:58:28.660,110.35700000000001,110.352,5.29,1.69
12.08.2021 00:58:37.409,110.353,110.349,3.22,3.82
12.08.2021 00:58:37.510,110.351,110.349,2.14,1.2
12.08.2021 00:58:37.612,110.351,110.348,1.25,1.5
12.08.2021 00:58:38.184,110.352,110.348,2.14,1.5
12.08.2021 00:58:40.389,110.352,110.348,4.91,1
12.08.2021 00:58:41.005,110.353,110.34700000000001,4.01,1
12.08.2021 00:58:45.164,110.352,110.348,4.16,1
12.08.2021 00:58:45.933,110.352,110.348,5.22,1.5
12.08.2021 00:58:46.085,110.352,110.348,4.16,1
12.08.2021 00:58:46.541,110.352,110.348,2.51,1
12.08.2021 00:58:46.693,110.352,110.348,1.41,1
12.08.2021 00:58:47.033,110.351,110.348,2.16,1
12.08.2021 00:58:47.134,110.348,110.346,1.01,1
12.08.2021 00:58:47.236,110.348,110.346,1.01,1.5
12.08.2021 00:58:49.274,110.349,110.346,1.2,1.5
12.08.2021 00:58:57.924,110.35000000000001,110.34700000000001,5.29,1
12.08.2021 00:58:59.812,110.35000000000001,110.346,5.29,1.5
12.08.2021 00:59:02.332,110.35000000000001,110.346,1.2,1.5
12.08.2021 00:59:02.433,110.351,110.34700000000001,4.16,1
12.08.2021 00:59:02.534,110.351,110.34700000000001,1.2,1.69
12.08.2021 00:59:02.636,110.352,110.348,2.89,1
12.08.2021 00:59:06.968,110.353,110.35000000000001,3.45,1
12.08.2021 00:59:07.070,110.354,110.352,1.2,1
12.08.2021 00:59:07.171,110.355,110.352,1.2,1
12.08.2021 00:59:07.503,110.35600000000001,110.352,5.51,1
12.08.2021 00:59:08.258,110.35600000000001,110.353,2.32,1
12.08.2021 00:59:08.897,110.35600000000001,110.352,4.2,1
12.08.2021 00:59:09.667,110.35600000000001,110.353,2.32,1
12.08.2021 00:59:11.207,110.359,110.35600000000001,1.3,1
12.08.2021 00:59:11.309,110.361,110.35700000000001,5.36,1
12.08.2021 00:59:11.411,110.361,110.35700000000001,3.45,1
12.08.2021 00:59:12.715,110.361,110.35600000000001,4.2,1
12.08.2021 00:59:12.817,110.359,110.35600000000001,1.2,1
12.08.2021 00:59:14.560,110.359,110.355,1.57,1
12.08.2021 00:59:15.915,110.36,110.35600000000001,9.45,1
12.08.2021 00:59:20.172,110.35799999999999,110.35600000000001,1,1
12.08.2021 00:59:24.150,110.35700000000001,110.355,1,1.39
12.08.2021 00:59:26.428,110.35700000000001,110.354,1,1.95
12.08.2021 00:59:26.530,110.355,110.353,1,2.32
12.08.2021 00:59:30.156,110.35000000000001,110.349,1,1.2
12.08.2021 00:59:30.207,110.35000000000001,110.346,1.75,3.07
12.08.2021 00:59:30.258,110.348,110.346,1.5,2.62
12.08.2021 00:59:30.359,110.348,110.34299999999999,1.69,1.5
12.08.2021 00:59:30.460,110.34700000000001,110.344,1.69,1
12.08.2021 00:59:30.613,110.34700000000001,110.344,1.75,1
12.08.2021 00:59:38.207,110.34700000000001,110.344,1,1
12.08.2021 00:59:43.655,110.348,110.345,1.5,1.39
12.08.2021 00:59:43.756,110.348,110.346,1,1.25
12.08.2021 00:59:45.307,110.349,110.346,1.5,1.25
12.08.2021 01:00:00.102,110.35000000000001,110.346,1.95,1.31
12.08.2021 01:00:18.041,110.349,110.346,1,1.25
12.08.2021 01:00:31.416,110.35000000000001,110.344,1,3.64
12.08.2021 01:00:33.946,110.34700000000001,110.345,1,2.89
12.08.2021 01:00:34.346,110.348,110.345,1.1,1.5
12.08.2021 01:00:34.447,110.348,110.344,1.72,1.25
12.08.2021 01:00:35.305,110.34700000000001,110.34200000000001,1,2.14
12.08.2021 01:00:36.368,110.344,110.34100000000001,1,4.65
12.08.2021 01:00:36.470,110.34200000000001,110.34,1,2.59
12.08.2021 01:00:36.622,110.34200000000001,110.339,1.5,1.76
12.08.2021 01:00:37.272,110.34200000000001,110.337,1,1.1
12.08.2021 01:00:38.057,110.34100000000001,110.337,1.2,1.35
12.08.2021 01:00:38.897,110.34100000000001,110.33600000000001,1.2,3.66
12.08.2021 01:00:40.711,110.34,110.33600000000001,1,3.29
12.08.2021 01:00:41.926,110.34,110.337,1,2.54
12.08.2021 01:00:42.129,110.34100000000001,110.338,1,3.14
12.08.2021 01:00:42.232,110.34200000000001,110.338,1,2.54
12.08.2021 01:00:49.074,110.34100000000001,110.337,2.44,3.37
12.08.2021 01:00:49.176,110.338,110.337,1.25,1.2
12.08.2021 01:00:49.227,110.337,110.334,1,1.39
12.08.2021 01:00:49.328,110.337,110.333,1.1,2.96
12.08.2021 01:00:49.379,110.33500000000001,110.333,1,2.96
12.08.2021 01:00:49.481,110.334,110.33200000000001,1,1.65
12.08.2021 01:00:49.632,110.334,110.331,1,2.89
12.08.2021 01:00:49.785,110.334,110.331,1,2.35
12.08.2021 01:00:50.990,110.33500000000001,110.331,1,4.67
12.08.2021 01:00:53.699,110.33600000000001,110.33200000000001,1.2,2.96
12.08.2021 01:00:53.800,110.33600000000001,110.33200000000001,1,3.11
12.08.2021 01:00:56.087,110.33500000000001,110.33200000000001,1,3.86
12.08.2021 01:01:03.371,110.33500000000001,110.334,1,1
12.08.2021 01:01:04.206,110.33600000000001,110.334,1,1
12.08.2021 01:01:10.113,110.339,110.33500000000001,1.5,5.16
12.08.2021 01:01:10.918,110.339,110.33600000000001,1.5,2.2
12.08.2021 01:01:11.732,110.34,110.33600000000001,1.1,2.95
12.08.2021 01:01:11.833,110.338,110.33600000000001,1,1.69
12.08.2021 01:01:11.935,110.338,110.33500000000001,1,2.14
12.08.2021 01:01:17.569,110.338,110.33500000000001,1,3.1
12.08.2021 01:01:21.183,110.339,110.33500000000001,1.5,3.85
12.08.2021 01:01:25.230,110.339,110.337,1,1.39
12.08.2021 01:01:25.331,110.34,110.337,1,2.14
12.08.2021 01:01:25.648,110.34,110.338,1,1.25
12.08.2021 01:01:27.016,110.34200000000001,110.339,1.5,1.2
12.08.2021 01:01:28.497,110.34200000000001,110.34,1.5,1
12.08.2021 01:01:28.548,110.344,110.34,2.51,1.95
12.08.2021 01:01:35.537,110.344,110.339,1,1.2
12.08.2021 01:01:36.926,110.344,110.34,2.51,1.95
12.08.2021 01:01:42.014,110.344,110.34,1.57,5.95
12.08.2021 01:01:43.365,110.34299999999999,110.34,1,2.14
12.08.2021 01:01:44.096,110.344,110.34,1.76,2.89
12.08.2021 01:01:46.154,110.344,110.34,2.57,2.7
12.08.2021 01:01:46.357,110.34299999999999,110.339,3.32,3.45
12.08.2021 01:01:57.074,110.34299999999999,110.34,1,2.14
12.08.2021 01:01:59.756,110.34299999999999,110.339,2.32,4.39
12.08.2021 01:02:03.184,110.34299999999999,110.339,2.25,4.54
12.08.2021 01:02:04.239,110.344,110.339,1.5,2.39
12.08.2021 01:02:12.366,110.34299999999999,110.34,1,3.45
12.08.2021 01:02:20.129,110.34299999999999,110.339,1.57,3.64
12.08.2021 01:02:20.181,110.339,110.338,1,1
12.08.2021 01:02:20.282,110.338,110.337,1,1.2
12.08.2021 01:02:20.333,110.337,110.33500000000001,1,1
12.08.2021 01:02:20.434,110.337,110.334,1.1,1.5
12.08.2021 01:02:26.376,110.338,110.334,2.32,2.89
12.08.2021 01:02:28.813,110.339,110.33600000000001,1.65,1.95
12.08.2021 01:02:28.915,110.339,110.33600000000001,1,3.14
12.08.2021 01:02:29.016,110.339,110.33600000000001,1,2.89
12.08.2021 01:02:29.415,110.339,110.337,1,1
12.08.2021 01:02:30.008,110.339,110.33600000000001,1.1,1.5
12.08.2021 01:02:30.109,110.338,110.33600000000001,1.1,1
12.08.2021 01:02:32.405,110.338,110.33500000000001,1.1,1.25
12.08.2021 01:02:32.659,110.337,110.334,1.1,1.69
12.08.2021 01:02:33.157,110.338,110.334,1,1
12.08.2021 01:02:33.259,110.338,110.33500000000001,1.1,1.25
12.08.2021 01:02:33.361,110.338,110.334,1.76,2.89
12.08.2021 01:02:34.755,110.339,110.333,2.16,2.44
12.08.2021 01:02:35.353,110.33600000000001,110.333,1.01,1
12.08.2021 01:02:35.454,110.33600000000001,110.33200000000001,1.57,2.89
12.08.2021 01:02:35.556,110.33500000000001,110.33200000000001,1,1.95
12.08.2021 01:02:39.674,110.33600000000001,110.333,1.57,1
12.08.2021 01:02:40.394,110.337,110.334,1.1,1
12.08.2021 01:02:40.496,110.339,110.33600000000001,1.5,1.95
12.08.2021 01:02:40.597,110.34,110.337,1.12,1.2
12.08.2021 01:02:40.800,110.34100000000001,110.337,2.51,1.95
12.08.2021 01:02:40.902,110.339,110.33500000000001,5.04,3.45
12.08.2021 01:02:41.003,110.337,110.334,1.1,1.5
12.08.2021 01:02:47.756,110.33600000000001,110.333,2.72,1
12.08.2021 01:02:47.908,110.33600000000001,110.333,1.5,1
12.08.2021 01:02:53.595,110.33500000000001,110.333,1,1
12.08.2021 01:02:53.697,110.33600000000001,110.333,1.95,1
12.08.2021 01:02:53.799,110.337,110.331,2.7,1.01
12.08.2021 01:02:56.557,110.334,110.331,1,2.14
12.08.2021 01:02:56.961,110.334,110.331,1,2.16
12.08.2021 01:02:58.270,110.33600000000001,110.33,1.5,2.16
12.08.2021 01:02:58.372,110.33600000000001,110.33,2.89,1.57
12.08.2021 01:02:58.473,110.334,110.331,1,1.1
12.08.2021 01:02:58.675,110.33600000000001,110.33,3.64,1.57
12.08.2021 01:03:00.092,110.33600000000001,110.33,3.66,1.5
12.08.2021 01:03:03.596,110.329,110.32799999999999,1,1
12.08.2021 01:03:03.698,110.33,110.32700000000001,1.5,2.4
12.08.2021 01:03:03.799,110.33,110.32600000000001,1,1
12.08.2021 01:03:03.900,110.329,110.32600000000001,1.25,3.07
12.08.2021 01:03:04.974,110.329,110.32600000000001,1.95,2.12
12.08.2021 01:03:07.539,110.329,110.32600000000001,1,3
12.08.2021 01:03:08.699,110.329,110.32600000000001,1.2,3
12.08.2021 01:03:13.623,110.32799999999999,110.325,1,1.69
12.08.2021 01:03:15.651,110.33,110.32600000000001,1.6,2.44
12.08.2021 01:03:20.864,110.331,110.32700000000001,4.09,2.14
12.08.2021 01:03:32.776,110.329,110.32700000000001,1,2.7
12.08.2021 01:03:35.840,110.331,110.32700000000001,1.39,2.7
12.08.2021 01:03:36.829,110.329,110.32700000000001,1,2.25
12.08.2021 01:03:36.980,110.329,110.325,1.25,1.95
12.08.2021 01:03:37.082,110.324,110.323,1,1
12.08.2021 01:03:37.183,110.325,110.322,2.44,1.57
12.08.2021 01:03:37.436,110.324,110.32100000000001,1.69,2.7
12.08.2021 01:03:37.538,110.323,110.32100000000001,1,1.95
12.08.2021 01:03:39.813,110.32000000000001,110.319,1,1.5
12.08.2021 01:03:39.915,110.32000000000001,110.318,2.44,1
12.08.2021 01:03:41.035,110.322,110.31700000000001,1.69,1.95
12.08.2021 01:03:42.277,110.322,110.319,1,2.7
12.08.2021 01:03:46.744,110.323,110.319,1.69,3.45
12.08.2021 01:03:47.074,110.323,110.319,1.69,3.47
12.08.2021 01:03:48.725,110.322,110.319,1.25,1.57
12.08.2021 01:03:48.851,110.322,110.319,1.75,1.57
12.08.2021 01:03:56.107,110.322,110.319,1.25,1
12.08.2021 01:04:01.164,110.323,110.319,3.64,1.5
12.08.2021 01:04:03.182,110.323,110.318,1,1
12.08.2021 01:04:07.603,110.323,110.319,2.89,2.7
12.08.2021 01:04:09.743,110.324,110.319,2.14,1
12.08.2021 01:04:13.543,110.324,110.32100000000001,2.89,1
12.08.2021 01:04:33.390,110.323,110.319,2.95,3.45
12.08.2021 01:04:33.492,110.32000000000001,110.318,1.25,2.25
12.08.2021 01:04:33.593,110.319,110.31700000000001,1,1.95
12.08.2021 01:04:33.694,110.32000000000001,110.315,1.25,4.65
12.08.2021 01:04:34.048,110.319,110.31700000000001,1.39,1
12.08.2021 01:04:56.035,110.32000000000001,110.31700000000001,1.39,1
12.08.2021 01:04:56.137,110.32000000000001,110.318,1.25,1
12.08.2021 01:04:57.330,110.322,110.31700000000001,1.39,1
12.08.2021 01:05:03.129,110.323,110.319,2.95,2.7
12.08.2021 01:05:03.231,110.323,110.322,1.25,1
12.08.2021 01:05:03.332,110.324,110.322,4.39,1
12.08.2021 01:05:13.814,110.325,110.324,1,1
12.08.2021 01:05:13.915,110.32700000000001,110.325,1.25,1
12.08.2021 01:05:14.017,110.329,110.32600000000001,3.17,1.5
12.08.2021 01:05:14.119,110.329,110.32700000000001,1.31,1
12.08.2021 01:05:14.271,110.33200000000001,110.33,2.14,1
12.08.2021 01:05:14.727,110.334,110.331,1.58,1.5
12.08.2021 01:05:14.828,110.33500000000001,110.33200000000001,1.69,1.5
12.08.2021 01:05:16.067,110.33500000000001,110.333,1.25,1
12.08.2021 01:05:16.711,110.33600000000001,110.334,1.69,1
12.08.2021 01:05:18.109,110.337,110.334,1.69,1
12.08.2021 01:05:18.210,110.338,110.33500000000001,1.25,1.5
12.08.2021 01:05:18.514,110.339,110.334,1.25,1.5
12.08.2021 01:05:22.253,110.338,110.334,2.14,2.25
12.08.2021 01:05:22.354,110.337,110.334,1,1.5
12.08.2021 01:05:22.557,110.337,110.334,3.89,1.5
12.08.2021 01:05:22.785,110.337,110.333,4.45,2.25
12.08.2021 01:05:31.784,110.334,110.33200000000001,1,1
12.08.2021 01:05:31.987,110.334,110.331,1.69,1.5
12.08.2021 01:05:32.088,110.334,110.33,1.25,1.5
12.08.2021 01:05:32.598,110.334,110.331,2.44,1.5
12.08.2021 01:05:40.614,110.333,110.33,2.81,1
12.08.2021 01:05:40.766,110.333,110.329,3.56,2.7
12.08.2021 01:05:42.181,110.334,110.33,1,1
12.08.2021 01:05:42.282,110.334,110.33200000000001,1.69,1
12.08.2021 01:05:55.661,110.33500000000001,110.33200000000001,1.25,1
12.08.2021 01:05:55.864,110.33600000000001,110.333,1.5,1
12.08.2021 01:06:01.669,110.337,110.333,3.64,1.5
12.08.2021 01:06:07.422,110.337,110.334,2.25,1
12.08.2021 01:06:07.523,110.338,110.334,2.44,3.07
12.08.2021 01:06:07.625,110.338,110.33500000000001,1.5,1
12.08.2021 01:06:07.884,110.339,110.33500000000001,4.39,2.25
12.08.2021 01:06:08.240,110.339,110.33500000000001,5.95,2.25
12.08.2021 01:06:08.341,110.339,110.33600000000001,1.75,1.5
12.08.2021 01:06:08.443,110.34,110.33600000000001,3.25,2.32
12.08.2021 01:06:08.545,110.34100000000001,110.338,1.57,2.32
12.08.2021 01:06:08.698,110.34299999999999,110.337,2.44,3.07
12.08.2021 01:06:13.562,110.344,110.34,2.89,1
12.08.2021 01:06:16.682,110.344,110.34100000000001,2.14,1
12.08.2021 01:06:20.646,110.34700000000001,110.344,1.76,1.57
12.08.2021 01:06:21.526,110.345,110.34200000000001,1.2,1.5
12.08.2021 01:06:21.628,110.344,110.34200000000001,1.57,1
12.08.2021 01:06:21.733,110.344,110.34100000000001,1.57,1
12.08.2021 01:06:25.860,110.34299999999999,110.34,1.25,1.1
12.08.2021 01:06:25.973,110.34299999999999,110.339,2.14,2.7
12.08.2021 01:06:31.377,110.34299999999999,110.339,4.45,1.57
12.08.2021 01:06:57.560,110.34299999999999,110.34100000000001,1.01,1.5
12.08.2021 01:07:00.117,110.344,110.34,3.91,2.25
12.08.2021 01:07:00.552,110.34200000000001,110.339,1.1,1
12.08.2021 01:07:01.005,110.34200000000001,110.339,1.41,1
12.08.2021 01:07:02.769,110.34299999999999,110.337,1.22,2.62
12.08.2021 01:07:03.122,110.34200000000001,110.338,1.1,4.14
12.08.2021 01:07:03.228,110.34299999999999,110.34,1.1,1.87
12.08.2021 01:07:04.984,110.34299999999999,110.339,1.1,3.82
12.08.2021 01:07:05.086,110.34200000000001,110.339,1.1,1.87
12.08.2021 01:07:07.523,110.34299999999999,110.34,2.51,1.12
12.08.2021 01:07:07.776,110.344,110.34,2.51,2.32
12.08.2021 01:07:09.959,110.344,110.34,3.32,2.32
12.08.2021 01:07:13.202,110.344,110.34100000000001,3.72,1
12.08.2021 01:07:21.454,110.346,110.34299999999999,1.45,2.62
12.08.2021 01:07:21.556,110.346,110.34100000000001,2.95,1
12.08.2021 01:07:21.708,110.344,110.34100000000001,1.45,2.25
12.08.2021 01:07:22.516,110.345,110.34200000000001,2.95,1
12.08.2021 01:07:23.281,110.345,110.34299999999999,1.39,1
12.08.2021 01:07:23.436,110.345,110.34299999999999,2.2,1
12.08.2021 01:07:24.934,110.345,110.34200000000001,2.2,1.87
12.08.2021 01:07:27.854,110.344,110.34200000000001,1.45,1
12.08.2021 01:07:27.955,110.345,110.34200000000001,3.1,1
12.08.2021 01:07:44.055,110.34299999999999,110.34100000000001,1,1
12.08.2021 01:07:50.114,110.345,110.34200000000001,1.82,1
12.08.2021 01:07:51.237,110.345,110.344,1,1.5
12.08.2021 01:07:51.289,110.35000000000001,110.346,2.89,1
12.08.2021 01:07:51.391,110.349,110.348,1,1.5
12.08.2021 01:07:51.492,110.35000000000001,110.348,1.25,1.5
12.08.2021 01:07:51.644,110.351,110.346,1.25,1.95
12.08.2021 01:07:51.952,110.351,110.35000000000001,2.65,1
12.08.2021 01:07:52.053,110.352,110.35000000000001,1.25,1
12.08.2021 01:07:52.155,110.351,110.35000000000001,1.25,1
12.08.2021 01:07:52.206,110.351,110.348,2.44,1.1
12.08.2021 01:07:53.329,110.351,110.34700000000001,2.89,1.95
12.08.2021 01:07:53.658,110.349,110.34700000000001,1.45,1
12.08.2021 01:07:59.622,110.35000000000001,110.34700000000001,1.25,1
12.08.2021 01:07:59.723,110.351,110.34700000000001,3.7,1
12.08.2021 01:08:00.119,110.348,110.34700000000001,1,1
12.08.2021 01:08:02.661,110.351,110.34700000000001,3.7,1
12.08.2021 01:08:03.739,110.35000000000001,110.34700000000001,1.25,1
12.08.2021 01:08:04.075,110.348,110.34700000000001,1,1
12.08.2021 01:08:12.408,110.348,110.346,1,1
12.08.2021 01:08:12.523,110.348,110.345,1,1
12.08.2021 01:08:14.038,110.349,110.34700000000001,1.25,1
12.08.2021 01:08:17.076,110.348,110.345,1,1
12.08.2021 01:08:17.284,110.35000000000001,110.348,1.25,1
12.08.2021 01:08:20.282,110.34700000000001,110.346,1,1
12.08.2021 01:08:21.354,110.34700000000001,110.345,1,1.2
12.08.2021 01:08:22.797,110.34700000000001,110.346,1,1
12.08.2021 01:08:23.127,110.35000000000001,110.348,2.14,1
12.08.2021 01:08:25.709,110.34700000000001,110.345,1,1.2
12.08.2021 01:08:31.678,110.351,110.349,3,1
12.08.2021 01:08:31.779,110.351,110.348,1,1.22
12.08.2021 01:08:31.881,110.352,110.351,1,1
12.08.2021 01:08:31.983,110.355,110.352,1.85,1.1
12.08.2021 01:08:32.034,110.35600000000001,110.353,2.81,1.1
12.08.2021 01:08:32.136,110.355,110.353,1,1.1
12.08.2021 01:08:33.511,110.35600000000001,110.353,1,1.22
12.08.2021 01:08:33.881,110.359,110.355,1.25,1.1
12.08.2021 01:08:33.982,110.35799999999999,110.355,1.25,1.1
12.08.2021 01:08:34.083,110.35700000000001,110.355,1,1.1
12.08.2021 01:08:34.184,110.35600000000001,110.353,1.25,1.57
12.08.2021 01:08:37.228,110.354,110.352,1,1.5
12.08.2021 01:08:40.674,110.353,110.352,1,1
12.08.2021 01:08:47.170,110.355,110.352,1,1.1
12.08.2021 01:08:47.221,110.353,110.351,1.5,1.1
12.08.2021 01:08:48.226,110.352,110.351,1,1
12.08.2021 01:08:51.738,110.352,110.349,1.69,1.57
12.08.2021 01:08:51.840,110.35000000000001,110.348,1.5,1.2
12.08.2021 01:08:51.941,110.35000000000001,110.34700000000001,1.25,1.27
12.08.2021 01:08:52.043,110.348,110.345,1,1.22
12.08.2021 01:08:52.093,110.34700000000001,110.344,1,5.59
12.08.2021 01:08:52.195,110.348,110.345,1,1.22
12.08.2021 01:08:53.332,110.349,110.345,1.69,1.22
12.08.2021 01:08:54.544,110.348,110.345,1,1.22
12.08.2021 01:08:59.114,110.35000000000001,110.34700000000001,2.44,1.1
12.08.2021 01:08:59.216,110.351,110.349,1.5,1.57
12.08.2021 01:08:59.317,110.353,110.35000000000001,3.04,1.1
12.08.2021 01:08:59.418,110.353,110.35000000000001,1,1.57
12.08.2021 01:08:59.671,110.353,110.35000000000001,1.25,1.97
12.08.2021 01:09:00.994,110.354,110.352,1,1
12.08.2021 01:09:02.565,110.35600000000001,110.351,1,1.1
12.08.2021 01:09:04.660,110.354,110.352,1,1.1
12.08.2021 01:09:06.972,110.353,110.35000000000001,1,2.72
12.08.2021 01:09:07.225,110.353,110.35000000000001,3.14,1.5
12.08.2021 01:09:07.276,110.35000000000001,110.348,1,1.95
12.08.2021 01:09:07.378,110.349,110.346,1,1.97
12.08.2021 01:09:17.473,110.352,110.348,4.09,1
12.08.2021 01:09:17.524,110.354,110.348,2.44,3.6
12.08.2021 01:09:22.102,110.352,110.35000000000001,2.14,1
12.08.2021 01:09:22.152,110.351,110.348,1,1
12.08.2021 01:09:22.254,110.349,110.34700000000001,1,2.02
12.08.2021 01:09:22.842,110.35000000000001,110.34700000000001,1,1.1
12.08.2021 01:09:25.051,110.351,110.34700000000001,2.7,1.57
12.08.2021 01:09:31.286,110.351,110.348,2.44,1
12.08.2021 01:09:39.148,110.352,110.348,4.84,1.87
12.08.2021 01:09:39.250,110.352,110.35000000000001,1.2,4.57
12.08.2021 01:09:39.352,110.354,110.35000000000001,2.44,3.22
12.08.2021 01:09:46.823,110.354,110.351,3.32,1
12.08.2021 01:09:48.626,110.353,110.35000000000001,2.2,1
12.08.2021 01:09:48.779,110.35000000000001,110.34700000000001,1.1,1.5
12.08.2021 01:09:49.600,110.352,110.349,1.1,1
12.08.2021 01:09:52.047,110.352,110.348,2.7,1.5
12.08.2021 01:09:55.480,110.351,110.348,1.25,1.5
12.08.2021 01:09:55.531,110.35000000000001,110.346,1.1,2.7
12.08.2021 01:09:59.747,110.35000000000001,110.346,4.41,1.5
12.08.2021 01:10:00.440,110.348,110.346,1.25,1
12.08.2021 01:10:02.441,110.349,110.346,3.26,1
12.08.2021 01:10:10.834,110.349,110.345,1.57,2.89
12.08.2021 01:10:14.090,110.34700000000001,110.344,1.25,1
12.08.2021 01:10:14.141,110.34700000000001,110.34200000000001,1.76,1.5
12.08.2021 01:10:14.243,110.345,110.34200000000001,3.26,1.95
12.08.2021 01:10:14.344,110.345,110.34100000000001,3.26,1.95
12.08.2021 01:10:14.446,110.345,110.34100000000001,3.66,1.5
12.08.2021 01:10:14.800,110.34299999999999,110.34100000000001,1.25,1
12.08.2021 01:10:19.662,110.34299999999999,110.34,1.69,1.2
12.08.2021 01:10:22.503,110.34200000000001,110.34,1.25,1
12.08.2021 01:10:22.620,110.34299999999999,110.339,2.51,1.95
12.08.2021 01:10:24.877,110.34299999999999,110.339,3.7,1.57
12.08.2021 01:10:25.041,110.34299999999999,110.339,2.89,1.57
12.08.2021 01:10:25.194,110.34299999999999,110.339,2.44,2.72
12.08.2021 01:10:25.296,110.344,110.34,2.44,2.35
12.08.2021 01:10:25.398,110.344,110.34,2.89,1.57
12.08.2021 01:10:25.500,110.344,110.34,3.7,1.57
12.08.2021 01:10:39.892,110.346,110.34100000000001,1.5,2.91
12.08.2021 01:10:42.177,110.345,110.34200000000001,1.69,1.5
12.08.2021 01:10:42.278,110.344,110.34100000000001,1.5,1
12.08.2021 01:10:45.267,110.344,110.34,3.64,1.57
12.08.2021 01:10:45.477,110.34299999999999,110.34,1.25,1.57
12.08.2021 01:10:46.024,110.344,110.34,3.64,1.57
12.08.2021 01:10:51.057,110.34299999999999,110.34,1.25,1.5
12.08.2021 01:11:19.395,110.34100000000001,110.338,1.69,1.7
12.08.2021 01:11:19.497,110.34100000000001,110.337,3.7,1.57
12.08.2021 01:11:25.374,110.34100000000001,110.337,1.95,3.45
12.08.2021 01:11:25.424,110.34200000000001,110.339,1.25,1.1
12.08.2021 01:11:30.389,110.34200000000001,110.338,3.7,2.37
12.08.2021 01:11:30.694,110.34200000000001,110.338,3.7,1.5
12.08.2021 01:11:31.404,110.34,110.33600000000001,2.51,3.45
12.08.2021 01:11:31.608,110.339,110.33600000000001,1.69,1
12.08.2021 01:11:31.710,110.338,110.334,1.5,4.2
12.08.2021 01:11:31.762,110.33600000000001,110.333,1.25,1
12.08.2021 01:11:31.863,110.337,110.334,2.25,1
12.08.2021 01:11:34.169,110.33600000000001,110.333,1.5,1.12
12.08.2021 01:11:36.189,110.33600000000001,110.33200000000001,2.25,2.32
12.08.2021 01:11:52.723,110.33600000000001,110.331,1.25,1.5
12.08.2021 01:12:03.495,110.33600000000001,110.33200000000001,4.39,1.5
12.08.2021 01:12:07.052,110.33600000000001,110.333,3.19,1.1
12.08.2021 01:12:14.927,110.339,110.33500000000001,3.64,3.6
12.08.2021 01:12:15.129,110.34,110.337,2.87,1.1
12.08.2021 01:12:15.510,110.338,110.33600000000001,1.25,2.32
12.08.2021 01:12:21.648,110.338,110.33500000000001,1.25,1
12.08.2021 01:12:22.762,110.337,110.33500000000001,1.25,1
12.08.2021 01:12:23.303,110.33600000000001,110.334,1.25,1
12.08.2021 01:12:23.404,110.33600000000001,110.333,1.75,1
12.08.2021 01:12:25.491,110.33600000000001,110.333,1.25,1
12.08.2021 01:12:25.594,110.34299999999999,110.34100000000001,2.32,1
12.08.2021 01:12:25.697,110.345,110.34299999999999,1.25,1
12.08.2021 01:12:25.799,110.34700000000001,110.34299999999999,2.89,1.5
12.08.2021 01:12:26.204,110.34700000000001,110.34299999999999,1.69,2
12.08.2021 01:12:26.565,110.34700000000001,110.34299999999999,1.69,1.5
12.08.2021 01:12:27.820,110.34700000000001,110.344,1.25,1.87
12.08.2021 01:12:28.328,110.348,110.344,2.44,2.32
12.08.2021 01:12:28.430,110.349,110.344,1.25,1.5
12.08.2021 01:12:28.532,110.349,110.346,2.5,1
12.08.2021 01:12:30.262,110.348,110.346,1.25,1
12.08.2021 01:12:39.147,110.348,110.346,1.25,1
12.08.2021 01:13:01.626,110.348,110.346,1.75,1
12.08.2021 01:13:08.737,110.348,110.346,1.25,1.5
12.08.2021 01:13:08.839,110.35000000000001,110.348,1.25,1
12.08.2021 01:13:08.890,110.353,110.349,5.1,3.07
12.08.2021 01:13:08.991,110.353,110.35000000000001,1,1.95
12.08.2021 01:13:09.092,110.354,110.35000000000001,2.44,3.07
12.08.2021 01:13:09.497,110.354,110.35000000000001,1,3.97
12.08.2021 01:13:09.598,110.355,110.351,3.19,1.95
12.08.2021 01:13:09.699,110.354,110.351,1.25,1.95
12.08.2021 01:13:10.969,110.355,110.351,2.44,1.95
12.08.2021 01:13:22.460,110.355,110.352,2.25,1.25
12.08.2021 01:13:22.924,110.35799999999999,110.355,2.33,1.5
12.08.2021 01:13:23.026,110.36,110.355,1.95,1
12.08.2021 01:13:23.129,110.359,110.35600000000001,1,4.64
12.08.2021 01:13:23.231,110.36,110.35600000000001,1,3.64
12.08.2021 01:13:23.332,110.36,110.35700000000001,1,1
12.08.2021 01:13:23.534,110.36,110.35600000000001,1,3.64
12.08.2021 01:13:30.789,110.35700000000001,110.355,1,2.25
12.08.2021 01:13:30.891,110.35600000000001,110.353,1,2.89
12.08.2021 01:13:34.659,110.35600000000001,110.352,3,1.95
12.08.2021 01:13:37.483,110.355,110.352,1,1.95
12.08.2021 01:13:38.437,110.35600000000001,110.352,3,1.95
12.08.2021 01:13:39.011,110.355,110.352,1,1.95
12.08.2021 01:13:40.074,110.35600000000001,110.352,2.25,1.95
12.08.2021 01:13:40.283,110.355,110.352,1,1.95
12.08.2021 01:13:44.623,110.35600000000001,110.351,3.25,1
12.08.2021 01:13:44.776,110.354,110.352,3.14,1
12.08.2021 01:13:44.878,110.354,110.351,3.14,1
12.08.2021 01:13:45.661,110.354,110.352,1.69,1
12.08.2021 01:13:45.813,110.355,110.352,2.44,1
12.08.2021 01:13:45.993,110.355,110.352,3.25,1
12.08.2021 01:13:47.131,110.355,110.352,2.44,1
12.08.2021 01:13:57.811,110.35600000000001,110.353,2.25,1
12.08.2021 01:13:57.862,110.359,110.35600000000001,1.76,1
12.08.2021 01:13:59.756,110.35799999999999,110.355,1,1
12.08.2021 01:14:13.157,110.359,110.35600000000001,2.25,1.2
12.08.2021 01:14:13.260,110.361,110.355,2.44,1.2
12.08.2021 01:14:15.242,110.36,110.35600000000001,3.25,1.2
12.08.2021 01:14:15.952,110.36,110.35600000000001,2.44,1.2
12.08.2021 01:14:23.547,110.359,110.35600000000001,1,1.2
12.08.2021 01:14:25.321,110.359,110.35600000000001,1,2.29
12.08.2021 01:14:27.717,110.361,110.35700000000001,1,1.69
12.08.2021 01:14:27.818,110.361,110.35799999999999,2.25,1.39
12.08.2021 01:14:27.920,110.361,110.36,1,1
12.08.2021 01:14:27.971,110.363,110.36,1.5,1
12.08.2021 01:14:28.073,110.363,110.359,2.44,1.95
12.08.2021 01:14:28.174,110.363,110.36,1.69,1.2
12.08.2021 01:14:29.150,110.36200000000001,110.359,1,1.39
12.08.2021 01:14:29.257,110.363,110.36,1.5,2.14
12.08.2021 01:14:29.358,110.364,110.36,2.44,2.14
12.08.2021 01:14:31.503,110.36200000000001,110.36,1,1.2
12.08.2021 01:14:31.605,110.36200000000001,110.359,1,1.39
12.08.2021 01:14:35.104,110.363,110.359,1.5,2.35
12.08.2021 01:14:35.751,110.36,110.35799999999999,1,1.1
12.08.2021 01:14:35.853,110.35799999999999,110.35700000000001,1,1
12.08.2021 01:14:35.954,110.35700000000001,110.354,1,4.04
12.08.2021 01:14:36.055,110.35700000000001,110.354,1,1.25
12.08.2021 01:14:36.207,110.354,110.351,1,2.29
12.08.2021 01:14:37.248,110.355,110.352,1,1.85
12.08.2021 01:14:37.349,110.354,110.351,1,3.29
12.08.2021 01:14:37.789,110.354,110.351,1,1.39
12.08.2021 01:14:37.991,110.353,110.35000000000001,1.5,1.39
12.08.2021 01:14:38.434,110.353,110.35000000000001,1,1.85
12.08.2021 01:14:38.636,110.353,110.351,1,2.39
12.08.2021 01:14:38.738,110.354,110.351,1,1.85
12.08.2021 01:14:38.839,110.354,110.35000000000001,1,2.54
12.08.2021 01:14:40.713,110.353,110.351,1,2.14
12.08.2021 01:14:41.944,110.353,110.352,1,1
12.08.2021 01:14:42.822,110.354,110.35000000000001,1,1.39
12.08.2021 01:14:44.466,110.354,110.351,1,2.14
12.08.2021 01:14:44.567,110.354,110.352,1,1
12.08.2021 01:14:44.921,110.354,110.351,1,1.76
12.08.2021 01:14:53.041,110.353,110.35000000000001,1,1.39
12.08.2021 01:14:53.243,110.353,110.348,1,1
12.08.2021 01:14:53.344,110.351,110.349,1,1.2
12.08.2021 01:14:53.547,110.352,110.349,1,1.2
12.08.2021 01:14:54.074,110.353,110.349,1.5,1.2
12.08.2021 01:14:58.042,110.353,110.35000000000001,1,1.25
12.08.2021 01:14:58.194,110.353,110.352,1,1
12.08.2021 01:14:59.199,110.353,110.351,1,1.25
12.08.2021 01:14:59.710,110.353,110.351,1,1.81
12.08.2021 01:15:00.165,110.353,110.351,1,1.25
12.08.2021 01:15:01.852,110.354,110.348,1.5,1.5
12.08.2021 01:15:01.953,110.351,110.349,1,1
12.08.2021 01:15:02.004,110.35000000000001,110.34700000000001,1,1.25
12.08.2021 01:15:02.105,110.351,110.34700000000001,1,1
12.08.2021 01:15:02.206,110.349,110.34700000000001,1,1
12.08.2021 01:15:02.308,110.349,110.346,1,1.25
12.08.2021 01:15:02.963,110.349,110.346,1.5,2.5
12.08.2021 01:15:03.064,110.351,110.349,1,1.25
12.08.2021 01:15:03.115,110.353,110.349,2.62,1.25
12.08.2021 01:15:03.469,110.353,110.35000000000001,1,1
12.08.2021 01:15:03.571,110.353,110.349,1,1
12.08.2021 01:15:03.954,110.352,110.348,1.5,1.25
12.08.2021 01:15:04.005,110.35000000000001,110.348,1,1.25
12.08.2021 01:15:05.404,110.35000000000001,110.34700000000001,1,1.25
12.08.2021 01:15:05.506,110.349,110.346,1,1.75
12.08.2021 01:15:05.607,110.349,110.345,1,1.25
12.08.2021 01:15:10.533,110.351,110.348,1,1.39
12.08.2021 01:15:10.583,110.352,110.349,1,2.2
12.08.2021 01:15:10.685,110.353,110.349,1.5,2.35
12.08.2021 01:15:10.786,110.354,110.349,1,2.35
12.08.2021 01:15:10.887,110.353,110.35000000000001,1,2.14
12.08.2021 01:15:10.989,110.352,110.349,1,3.1
12.08.2021 01:15:11.090,110.352,110.349,1,1.39
12.08.2021 01:15:13.974,110.353,110.349,1.5,1.85
12.08.2021 01:15:14.126,110.353,110.35000000000001,1,1.6
12.08.2021 01:15:14.228,110.353,110.35000000000001,1,1.2
12.08.2021 01:15:16.624,110.353,110.35000000000001,1,1.6
12.08.2021 01:15:19.734,110.353,110.35000000000001,1,1.2
12.08.2021 01:15:19.836,110.353,110.35000000000001,1,1.85
12.08.2021 01:15:19.937,110.353,110.35000000000001,1,1.39
12.08.2021 01:15:20.073,110.353,110.35000000000001,1,2.29
12.08.2021 01:15:20.636,110.353,110.35000000000001,1,2.14
12.08.2021 01:15:20.788,110.352,110.349,1,1.39
12.08.2021 01:15:20.889,110.352,110.348,1.5,2.14
12.08.2021 01:15:25.354,110.353,110.348,1,1
12.08.2021 01:15:25.455,110.353,110.34700000000001,1.5,1.39
12.08.2021 01:15:25.556,110.352,110.348,1.5,3.1
