Gmt time,Ask,Bid,AskVolume,BidVolume
20.08.2021 00:00:00.468,109.773,109.769,1.01,1.5
20.08.2021 00:00:02.194,109.774,109.77,2.01,1
20.08.2021 00:00:02.295,109.77600000000001,109.77,2.01,1
20.08.2021 00:00:08.475,109.77600000000001,109.772,3.07,2.25
20.08.2021 00:00:08.576,109.77600000000001,109.772,2.81,2.25
20.08.2021 00:00:15.501,109.77600000000001,109.773,3.49,1
20.08.2021 00:00:16.060,109.77799999999999,109.775,2.4,1
20.08.2021 00:00:16.162,109.78,109.77600000000001,3.82,1
20.08.2021 00:00:16.459,109.779,109.773,1.2,3.19
20.08.2021 00:00:16.560,109.779,109.775,1.2,1.12
20.08.2021 00:00:17.564,109.77700000000002,109.774,1,2.25
20.08.2021 00:00:17.688,109.77799999999999,109.774,2.14,1.5
20.08.2021 00:00:19.824,109.77799999999999,109.77600000000001,1.95,1
20.08.2021 00:00:20.028,109.77600000000001,109.774,1,1.25
20.08.2021 00:00:20.080,109.77799999999999,109.775,1,1.39
20.08.2021 00:00:20.131,109.78,109.77600000000001,2.89,1
20.08.2021 00:00:20.233,109.781,109.77600000000001,4.69,4.01
20.08.2021 00:00:23.456,109.781,109.77600000000001,3.94,4.91
20.08.2021 00:00:25.766,109.781,109.77600000000001,3.25,4.54
20.08.2021 00:00:29.169,109.781,109.77600000000001,3.72,4.01
20.08.2021 00:00:31.590,109.77799999999999,109.77600000000001,1.45,1
20.08.2021 00:00:31.641,109.78,109.77600000000001,2.91,1
20.08.2021 00:00:31.743,109.779,109.773,1.39,3.07
20.08.2021 00:00:31.845,109.779,109.775,1.39,1.2
20.08.2021 00:00:32.251,109.77799999999999,109.775,1,1.2
20.08.2021 00:00:32.671,109.78,109.774,1.2,1.39
20.08.2021 00:00:33.592,109.78,109.774,1,1.85
20.08.2021 00:00:33.643,109.783,109.77700000000002,2.36,2.7
20.08.2021 00:00:33.744,109.78399999999999,109.781,3.04,1.5
20.08.2021 00:00:33.795,109.787,109.783,4.54,1.5
20.08.2021 00:00:33.896,109.788,109.785,1.5,1.2
20.08.2021 00:00:34.048,109.79,109.78399999999999,2.14,1.39
20.08.2021 00:00:34.150,109.787,109.783,2.14,1.95
20.08.2021 00:00:34.604,109.787,109.783,2.64,1.2
20.08.2021 00:00:36.709,109.786,109.78200000000001,1.1,2.89
20.08.2021 00:00:37.512,109.786,109.78200000000001,1.1,2.89
20.08.2021 00:00:37.563,109.78399999999999,109.78,1.57,2.14
20.08.2021 00:00:37.664,109.785,109.779,1.64,1.95
20.08.2021 00:00:41.767,109.781,109.779,1.01,1
20.08.2021 00:00:41.818,109.781,109.77700000000002,4.47,1.95
20.08.2021 00:00:41.920,109.78,109.77700000000002,2.41,1.2
20.08.2021 00:00:42.021,109.78,109.77600000000001,3.16,1
20.08.2021 00:00:42.123,109.779,109.775,1.64,1.12
20.08.2021 00:00:42.707,109.779,109.774,2.39,3.26
20.08.2021 00:00:42.859,109.77799999999999,109.774,1.25,1.95
20.08.2021 00:00:42.960,109.779,109.773,1.25,2.32
20.08.2021 00:00:44.582,109.779,109.775,1.45,1.5
20.08.2021 00:00:44.749,109.779,109.775,1.01,2.7
20.08.2021 00:00:45.764,109.78,109.77600000000001,2.41,1
20.08.2021 00:00:46.498,109.77799999999999,109.774,1.1,3.26
20.08.2021 00:00:46.599,109.78,109.775,2.35,1.95
20.08.2021 00:00:47.781,109.781,109.775,2.41,1
20.08.2021 00:00:50.005,109.78,109.77600000000001,1.2,1.76
20.08.2021 00:00:50.106,109.78200000000001,109.77700000000002,4.22,3.01
20.08.2021 00:00:50.207,109.78399999999999,109.779,1.1,1.31
20.08.2021 00:00:50.317,109.78399999999999,109.78,1.2,3.01
20.08.2021 00:00:50.418,109.785,109.781,1.12,1.39
20.08.2021 00:00:51.102,109.785,109.781,1.5,2.24
20.08.2021 00:00:51.203,109.785,109.781,1,1.42
20.08.2021 00:00:52.714,109.786,109.781,1.57,1.99
20.08.2021 00:00:53.769,109.786,109.78200000000001,1.1,1
20.08.2021 00:00:55.809,109.787,109.78399999999999,1.2,1
20.08.2021 00:00:56.214,109.787,109.783,1.2,1.01
20.08.2021 00:00:58.178,109.787,109.783,1.7,1.01
20.08.2021 00:00:59.360,109.786,109.78200000000001,1.57,1.57
20.08.2021 00:00:59.462,109.787,109.78200000000001,1.1,1
20.08.2021 00:01:00.613,109.786,109.783,1.1,1
20.08.2021 00:01:00.714,109.787,109.783,2.47,1
20.08.2021 00:01:01.373,109.786,109.78200000000001,1.2,1.57
20.08.2021 00:01:01.768,109.786,109.783,1,1.1
20.08.2021 00:01:02.125,109.785,109.78200000000001,1,1.57
20.08.2021 00:01:02.226,109.786,109.78200000000001,1.2,1.01
20.08.2021 00:01:04.323,109.789,109.786,1.95,1
20.08.2021 00:01:04.425,109.79,109.786,1.2,2.06
20.08.2021 00:01:04.526,109.79100000000001,109.786,1.12,1
20.08.2021 00:01:04.731,109.79100000000001,109.787,1.76,1
20.08.2021 00:01:05.426,109.79100000000001,109.787,3.14,1
20.08.2021 00:01:05.527,109.79200000000002,109.788,3.45,1
20.08.2021 00:01:05.629,109.79299999999999,109.789,1,3.74
20.08.2021 00:01:07.906,109.79100000000001,109.789,1,1.5
20.08.2021 00:01:08.008,109.79,109.786,1.25,2.32
20.08.2021 00:01:09.136,109.79100000000001,109.786,1.5,1.25
20.08.2021 00:01:10.809,109.79,109.786,1.39,1.95
20.08.2021 00:01:11.336,109.79,109.786,1.79,1.5
20.08.2021 00:01:12.861,109.788,109.786,1.39,1
20.08.2021 00:01:12.962,109.787,109.783,1.57,1.39
20.08.2021 00:01:13.113,109.788,109.78200000000001,1.97,1.25
20.08.2021 00:01:13.716,109.786,109.78200000000001,1.22,1.5
20.08.2021 00:01:13.818,109.78399999999999,109.78,1.97,2.44
20.08.2021 00:01:13.919,109.783,109.779,3.98,2.7
20.08.2021 00:01:14.071,109.783,109.779,2.32,1.95
20.08.2021 00:01:16.988,109.781,109.779,1.1,1
20.08.2021 00:01:17.190,109.781,109.77700000000002,1.57,1.39
20.08.2021 00:01:17.291,109.781,109.77700000000002,1.97,1
20.08.2021 00:01:19.623,109.781,109.77600000000001,3.47,2.89
20.08.2021 00:01:21.255,109.78,109.775,2.85,2.14
20.08.2021 00:01:22.951,109.781,109.774,2.1,3.89
20.08.2021 00:01:24.027,109.78,109.77600000000001,1.2,1.39
20.08.2021 00:01:24.129,109.78200000000001,109.775,2.47,2.95
20.08.2021 00:01:24.760,109.78,109.77600000000001,1.2,1.2
20.08.2021 00:01:25.130,109.779,109.775,1.91,1
20.08.2021 00:01:25.232,109.779,109.775,1.2,1.2
20.08.2021 00:01:44.304,109.77799999999999,109.775,1,1.2
20.08.2021 00:01:45.805,109.779,109.77600000000001,1.2,1
20.08.2021 00:01:50.745,109.779,109.775,1.2,1.95
20.08.2021 00:01:55.810,109.779,109.775,1.2,3.7
20.08.2021 00:01:58.226,109.779,109.775,1.57,3.64
20.08.2021 00:01:58.430,109.779,109.775,1.2,3.89
20.08.2021 00:01:59.318,109.779,109.775,1.2,2.89
20.08.2021 00:01:59.521,109.779,109.775,1.57,3.14
20.08.2021 00:01:59.622,109.779,109.775,1.57,2.89
20.08.2021 00:01:59.724,109.779,109.775,1.2,4.64
20.08.2021 00:02:00.193,109.78,109.77600000000001,1.95,2.14
20.08.2021 00:02:01.829,109.781,109.775,1.95,3.89
20.08.2021 00:02:04.100,109.78200000000001,109.78,1.12,1.64
20.08.2021 00:02:04.202,109.785,109.781,3.47,1.25
20.08.2021 00:02:04.303,109.785,109.78200000000001,1.57,1.25
20.08.2021 00:02:04.405,109.786,109.78200000000001,2.32,1.39
20.08.2021 00:02:08.769,109.786,109.783,1.1,1
20.08.2021 00:02:15.377,109.787,109.78399999999999,1.1,1
20.08.2021 00:02:15.479,109.787,109.783,1.57,2.7
20.08.2021 00:02:16.038,109.786,109.783,1.1,1
20.08.2021 00:02:19.264,109.787,109.781,1.57,2.89
20.08.2021 00:02:21.057,109.785,109.781,1.1,3.64
20.08.2021 00:02:21.259,109.785,109.781,3.47,1
20.08.2021 00:02:21.360,109.783,109.78,1.57,1
20.08.2021 00:02:21.462,109.783,109.78,1.97,1
20.08.2021 00:02:22.071,109.783,109.779,2.32,1.2
20.08.2021 00:02:27.271,109.781,109.77700000000002,1.1,4.84
20.08.2021 00:02:31.259,109.781,109.77700000000002,2.72,1.25
20.08.2021 00:02:31.461,109.781,109.775,1.1,2.89
20.08.2021 00:02:31.663,109.78,109.77600000000001,1.95,3.7
20.08.2021 00:02:39.460,109.78,109.77600000000001,1.95,2.51
20.08.2021 00:02:41.424,109.779,109.77600000000001,1,1.76
20.08.2021 00:02:50.791,109.779,109.77700000000002,1,1.25
20.08.2021 00:02:51.258,109.779,109.77600000000001,1,1.76
20.08.2021 00:02:51.730,109.779,109.77700000000002,1,1.25
20.08.2021 00:02:53.298,109.779,109.77600000000001,1,1.76
20.08.2021 00:02:53.399,109.779,109.77700000000002,1,1.25
20.08.2021 00:02:56.682,109.779,109.77600000000001,1,1.69
20.08.2021 00:02:57.775,109.779,109.77700000000002,1,1.25
20.08.2021 00:03:00.694,109.779,109.77600000000001,1,1.69
20.08.2021 00:03:01.768,109.779,109.77700000000002,1,1.25
20.08.2021 00:03:01.970,109.78,109.77700000000002,1.95,1.25
20.08.2021 00:03:19.649,109.78,109.77600000000001,1.95,3.19
20.08.2021 00:03:21.922,109.78,109.77700000000002,2.7,1.25
20.08.2021 00:03:33.954,109.781,109.77700000000002,2.7,2.89
20.08.2021 00:03:34.055,109.783,109.779,3.6,1
20.08.2021 00:03:34.156,109.783,109.78,1.95,1
20.08.2021 00:03:35.622,109.78399999999999,109.78,1.2,1.25
20.08.2021 00:03:35.723,109.785,109.781,3.82,1.25
20.08.2021 00:03:37.048,109.786,109.78200000000001,6.07,1
20.08.2021 00:03:37.302,109.786,109.78200000000001,1.5,2.2
20.08.2021 00:03:41.949,109.786,109.78200000000001,1,1.39
20.08.2021 00:03:46.619,109.788,109.785,3.82,1.25
20.08.2021 00:03:46.721,109.79100000000001,109.786,1.95,1.25
20.08.2021 00:03:46.823,109.79299999999999,109.788,2.7,2.91
20.08.2021 00:03:46.975,109.795,109.789,4.5,2.91
20.08.2021 00:03:47.076,109.795,109.79200000000002,1.25,1.57
20.08.2021 00:03:47.127,109.794,109.79,2.89,1.57
20.08.2021 00:03:47.229,109.79299999999999,109.79,1.64,1
20.08.2021 00:03:47.380,109.79299999999999,109.789,3.14,1.1
20.08.2021 00:03:48.594,109.79299999999999,109.788,2.7,2.16
20.08.2021 00:03:51.677,109.79299999999999,109.788,1,4.24
20.08.2021 00:03:51.779,109.794,109.79200000000002,1.87,1.25
20.08.2021 00:03:51.880,109.796,109.79200000000002,1.57,1.76
20.08.2021 00:03:51.931,109.796,109.794,1,1
20.08.2021 00:03:52.032,109.79700000000001,109.794,1.95,1
20.08.2021 00:03:54.316,109.79899999999999,109.795,3.45,1.01
20.08.2021 00:03:57.477,109.8,109.79700000000001,4.12,1.01
20.08.2021 00:03:57.579,109.802,109.79899999999999,1.2,1.69
20.08.2021 00:03:57.681,109.803,109.8,1,2.57
20.08.2021 00:04:00.161,109.8,109.798,2.7,1.2
20.08.2021 00:04:00.212,109.79899999999999,109.796,1,1.2
20.08.2021 00:04:00.315,109.8,109.794,1.57,4.09
20.08.2021 00:04:01.300,109.79899999999999,109.795,1.97,1.69
20.08.2021 00:04:01.402,109.798,109.794,1.57,2.14
20.08.2021 00:04:01.504,109.79700000000001,109.79299999999999,5.72,1.25
20.08.2021 00:04:01.606,109.79700000000001,109.79299999999999,1.57,2.14
20.08.2021 00:04:01.758,109.79700000000001,109.79299999999999,1.57,2.39
20.08.2021 00:04:02.360,109.795,109.79200000000002,1.1,1
20.08.2021 00:04:02.461,109.79200000000002,109.79100000000001,1,1.2
20.08.2021 00:04:02.512,109.79200000000002,109.789,1,2.51
20.08.2021 00:04:02.614,109.79299999999999,109.789,1.57,2.14
20.08.2021 00:04:02.816,109.79299999999999,109.79,1.1,1.69
20.08.2021 00:04:03.365,109.796,109.789,5.54,2.89
20.08.2021 00:04:03.516,109.795,109.79100000000001,1.57,1.2
20.08.2021 00:04:05.540,109.795,109.79200000000002,1,1.95
20.08.2021 00:04:05.692,109.795,109.79100000000001,2.32,2.7
20.08.2021 00:04:07.556,109.79299999999999,109.79,1.1,1.69
20.08.2021 00:04:07.658,109.79200000000002,109.789,2.32,1
20.08.2021 00:04:07.759,109.79100000000001,109.788,1,1.35
20.08.2021 00:04:07.942,109.79100000000001,109.787,1,4.47
20.08.2021 00:04:08.360,109.79200000000002,109.789,1,2.91
20.08.2021 00:04:08.411,109.794,109.789,3.82,2.91
20.08.2021 00:04:08.819,109.79299999999999,109.79,1,1.01
20.08.2021 00:04:08.972,109.794,109.79,1,1.39
20.08.2021 00:04:09.649,109.795,109.79100000000001,1.95,1
20.08.2021 00:04:09.961,109.794,109.79,1,1.39
20.08.2021 00:04:10.264,109.795,109.79,1.2,2.14
20.08.2021 00:04:11.388,109.795,109.79100000000001,1.2,1
20.08.2021 00:04:11.644,109.795,109.79,2.32,1.39
20.08.2021 00:04:11.847,109.795,109.79100000000001,1.2,1
20.08.2021 00:04:11.998,109.795,109.79,1.2,2.14
20.08.2021 00:04:12.251,109.795,109.79100000000001,1.2,1
20.08.2021 00:04:12.556,109.794,109.79100000000001,1,1
20.08.2021 00:04:12.657,109.794,109.79,1.5,1.39
20.08.2021 00:04:12.960,109.795,109.79,1.95,2.14
20.08.2021 00:04:13.335,109.794,109.79,1,2.14
20.08.2021 00:04:13.615,109.795,109.79,1.95,2.14
20.08.2021 00:04:14.516,109.795,109.79,2.1,1.69
20.08.2021 00:04:14.718,109.795,109.79,1.95,2.14
20.08.2021 00:04:14.819,109.795,109.79,2.1,1.69
20.08.2021 00:04:14.920,109.795,109.79,1.95,2.14
20.08.2021 00:04:15.072,109.79299999999999,109.789,1.1,1.2
20.08.2021 00:04:15.174,109.79100000000001,109.788,1,3.34
20.08.2021 00:04:15.275,109.79299999999999,109.789,1.87,2.91
20.08.2021 00:04:15.377,109.796,109.79200000000002,1.95,1.76
20.08.2021 00:04:15.478,109.796,109.79299999999999,1,1.1
20.08.2021 00:04:16.445,109.796,109.79200000000002,1.57,1.57
20.08.2021 00:04:16.850,109.798,109.79100000000001,1.95,1.95
20.08.2021 00:04:16.951,109.79700000000001,109.79299999999999,1.2,1.1
20.08.2021 00:04:18.813,109.796,109.79299999999999,1,2.51
20.08.2021 00:04:19.437,109.79700000000001,109.79299999999999,1.95,2.51
20.08.2021 00:04:33.144,109.796,109.79299999999999,1,1.57
20.08.2021 00:04:40.122,109.796,109.794,1,1
20.08.2021 00:04:40.223,109.79700000000001,109.794,1,1
20.08.2021 00:04:46.592,109.798,109.795,1.5,1.39
20.08.2021 00:04:46.643,109.798,109.79700000000001,1,1.25
20.08.2021 00:04:46.744,109.8,109.796,1.5,1.25
20.08.2021 00:04:47.235,109.79899999999999,109.796,1.5,1.25
20.08.2021 00:04:48.461,109.798,109.796,1,1.25
20.08.2021 00:04:49.113,109.798,109.795,2.32,1.25
20.08.2021 00:04:49.214,109.798,109.795,1.5,1.75
20.08.2021 00:04:49.315,109.798,109.795,2.25,1
20.08.2021 00:04:49.467,109.79899999999999,109.79299999999999,3.19,2.14
20.08.2021 00:04:49.568,109.79700000000001,109.794,1,2.14
20.08.2021 00:04:51.476,109.79700000000001,109.794,1,2.2
20.08.2021 00:04:51.628,109.79899999999999,109.795,1.5,1
20.08.2021 00:04:51.779,109.79899999999999,109.796,1.5,1
20.08.2021 00:04:52.462,109.798,109.796,1,1
20.08.2021 00:04:52.781,109.798,109.794,1.5,3.1
20.08.2021 00:04:55.146,109.79899999999999,109.794,1,1.85
20.08.2021 00:04:55.248,109.798,109.795,1,2.4
20.08.2021 00:04:55.349,109.79700000000001,109.795,1,1.95
20.08.2021 00:04:55.451,109.79700000000001,109.794,1.25,1.12
20.08.2021 00:04:55.603,109.796,109.794,1,1.12
20.08.2021 00:04:55.704,109.794,109.79299999999999,1.25,1
20.08.2021 00:04:55.755,109.79299999999999,109.79100000000001,1.69,1
20.08.2021 00:04:55.806,109.794,109.79200000000002,1.25,1
20.08.2021 00:04:56.210,109.795,109.79299999999999,1.25,1
20.08.2021 00:04:58.910,109.794,109.79200000000002,1,1
20.08.2021 00:04:59.012,109.795,109.79100000000001,3.51,1
20.08.2021 00:04:59.163,109.794,109.79200000000002,1.25,1
20.08.2021 00:04:59.315,109.796,109.79299999999999,1,2
20.08.2021 00:04:59.366,109.798,109.796,1.5,2.82
20.08.2021 00:04:59.467,109.8,109.79700000000001,1,1
20.08.2021 00:04:59.569,109.8,109.798,1,1
20.08.2021 00:04:59.670,109.79899999999999,109.798,1,1
20.08.2021 00:05:00.137,109.8,109.798,1.31,1
20.08.2021 00:05:00.292,109.798,109.79700000000001,1,1
20.08.2021 00:05:00.645,109.79899999999999,109.79700000000001,1.25,1
20.08.2021 00:05:00.847,109.8,109.798,1,1
20.08.2021 00:05:00.949,109.801,109.79899999999999,1,1
20.08.2021 00:05:01.050,109.802,109.8,1,1
20.08.2021 00:05:03.238,109.802,109.801,1,1
20.08.2021 00:05:03.440,109.802,109.8,1,1
20.08.2021 00:05:03.541,109.802,109.801,1,1
20.08.2021 00:05:03.867,109.802,109.8,1.5,1
20.08.2021 00:05:04.020,109.803,109.801,1.5,1
20.08.2021 00:05:04.071,109.804,109.802,1.5,1
20.08.2021 00:05:04.573,109.804,109.801,1,2.14
20.08.2021 00:05:04.624,109.80600000000001,109.803,1,1
20.08.2021 00:05:04.726,109.80600000000001,109.805,1,1
20.08.2021 00:05:04.828,109.80700000000002,109.805,1.5,1
20.08.2021 00:05:04.929,109.80799999999999,109.805,1.5,1
20.08.2021 00:05:05.031,109.80799999999999,109.80600000000001,1.5,1
20.08.2021 00:05:05.567,109.81,109.805,1,2.51
20.08.2021 00:05:05.669,109.809,109.80700000000002,1,1
20.08.2021 00:05:05.821,109.81,109.80700000000002,1.5,1
20.08.2021 00:05:06.079,109.809,109.80700000000002,1,1
20.08.2021 00:05:06.230,109.809,109.80700000000002,1,6.06
20.08.2021 00:05:06.281,109.811,109.809,1,1.25
20.08.2021 00:05:07.203,109.81200000000001,109.80799999999999,1.58,2.89
20.08.2021 00:05:07.304,109.811,109.80700000000002,1.87,3.26
20.08.2021 00:05:07.456,109.81,109.80700000000002,1,4.09
20.08.2021 00:05:09.647,109.809,109.805,1.57,3.64
20.08.2021 00:05:09.799,109.809,109.804,1.97,4.84
20.08.2021 00:05:09.900,109.809,109.805,1.57,1.39
20.08.2021 00:05:10.001,109.809,109.805,2.72,1.25
20.08.2021 00:05:10.204,109.809,109.804,1.97,4.01
20.08.2021 00:05:10.305,109.80700000000002,109.804,1,2.32
20.08.2021 00:05:11.519,109.805,109.802,1.1,2.25
20.08.2021 00:05:11.620,109.805,109.801,2.32,1.65
20.08.2021 00:05:11.721,109.804,109.8,1.1,1.39
20.08.2021 00:05:12.025,109.804,109.79899999999999,2.91,3.07
20.08.2021 00:05:12.777,109.804,109.8,2.32,1.76
20.08.2021 00:05:13.597,109.804,109.801,1,1.57
20.08.2021 00:05:13.698,109.805,109.802,1,1.2
20.08.2021 00:05:13.800,109.80600000000001,109.802,1.57,1.2
20.08.2021 00:05:15.076,109.80700000000002,109.803,1.1,1.1
20.08.2021 00:05:15.177,109.80799999999999,109.803,1.97,2.64
20.08.2021 00:05:15.278,109.809,109.803,1.1,1.1
20.08.2021 00:05:15.380,109.809,109.805,1.57,1.39
20.08.2021 00:05:16.701,109.80799999999999,109.803,2.16,3.82
20.08.2021 00:05:19.138,109.809,109.805,2.32,1.2
20.08.2021 00:05:27.762,109.809,109.80600000000001,1.57,1
20.08.2021 00:05:29.416,109.809,109.805,1,2.32
20.08.2021 00:05:29.619,109.811,109.805,1,1.12
20.08.2021 00:05:29.720,109.81,109.80700000000002,1,1.2
20.08.2021 00:05:30.867,109.811,109.809,1.57,1.31
20.08.2021 00:05:30.968,109.81200000000001,109.81,1.95,2.51
20.08.2021 00:05:31.019,109.815,109.81,1.1,1
20.08.2021 00:05:31.120,109.816,109.811,1,2.14
20.08.2021 00:05:31.222,109.81700000000001,109.81299999999999,1.95,1.2
20.08.2021 00:05:31.373,109.816,109.81200000000001,1,4.16
20.08.2021 00:05:31.475,109.816,109.81200000000001,1.57,1.76
20.08.2021 00:05:36.248,109.816,109.81299999999999,2.32,1
20.08.2021 00:05:36.349,109.819,109.816,5.2,1
20.08.2021 00:05:36.501,109.819,109.816,1.57,1
20.08.2021 00:05:38.104,109.81700000000001,109.814,1.1,2.25
20.08.2021 00:05:38.207,109.81700000000001,109.81299999999999,1.95,2.59
20.08.2021 00:05:38.309,109.81700000000001,109.81299999999999,2.35,1.25
20.08.2021 00:05:38.411,109.81700000000001,109.81200000000001,2.35,4.09
20.08.2021 00:05:38.653,109.819,109.815,3.45,2.32
20.08.2021 00:05:38.754,109.818,109.815,1.1,1
20.08.2021 00:05:38.856,109.818,109.814,1.57,1.95
20.08.2021 00:05:39.840,109.81700000000001,109.81299999999999,1.1,3.26
20.08.2021 00:05:42.650,109.81700000000001,109.81299999999999,1.97,1
20.08.2021 00:05:42.751,109.81700000000001,109.81200000000001,1.22,4.01
20.08.2021 00:05:42.852,109.81700000000001,109.81200000000001,1.1,4.16
20.08.2021 00:05:44.099,109.81700000000001,109.81200000000001,1.97,2.7
20.08.2021 00:05:58.987,109.816,109.81200000000001,1,3.41
20.08.2021 00:06:06.700,109.816,109.81200000000001,1.95,1.57
20.08.2021 00:06:08.066,109.814,109.81200000000001,1,2.32
20.08.2021 00:06:08.117,109.811,109.81,1,1.2
20.08.2021 00:06:08.168,109.811,109.80700000000002,2.25,4.22
20.08.2021 00:06:08.269,109.81,109.80700000000002,1,1.39
20.08.2021 00:06:09.158,109.81,109.80600000000001,2.7,1.39
20.08.2021 00:06:10.556,109.81,109.80600000000001,2.7,3.32
20.08.2021 00:06:11.011,109.809,109.80600000000001,1,1.82
20.08.2021 00:06:12.017,109.809,109.80600000000001,1,1.76
20.08.2021 00:06:12.119,109.81,109.80600000000001,2.7,1.76
20.08.2021 00:06:12.790,109.81,109.80600000000001,2.7,2.57
20.08.2021 00:06:13.094,109.809,109.80600000000001,1,1.82
20.08.2021 00:06:13.307,109.81,109.80600000000001,2.7,1.82
20.08.2021 00:06:14.547,109.809,109.80600000000001,1,1.82
20.08.2021 00:06:16.827,109.809,109.805,1,4.22
20.08.2021 00:06:16.979,109.81,109.80600000000001,1.5,1.01
20.08.2021 00:06:18.196,109.81,109.80600000000001,1,4.22
20.08.2021 00:06:18.499,109.81,109.80600000000001,1,2.51
20.08.2021 00:06:18.758,109.809,109.80600000000001,1,1.76
20.08.2021 00:06:31.227,109.809,109.805,1.5,4.57
20.08.2021 00:06:31.329,109.809,109.805,1,3.97
20.08.2021 00:06:35.562,109.81,109.80600000000001,1.5,2.14
20.08.2021 00:06:40.061,109.80600000000001,109.803,1,1.95
20.08.2021 00:06:40.163,109.80700000000002,109.805,1,1
20.08.2021 00:06:40.266,109.809,109.805,1,1
20.08.2021 00:06:40.577,109.80799999999999,109.804,1,1.95
20.08.2021 00:06:40.679,109.80799999999999,109.803,4.2,4.01
20.08.2021 00:06:41.037,109.80700000000002,109.803,3.19,1.95
20.08.2021 00:06:41.189,109.809,109.80600000000001,1,1.2
20.08.2021 00:06:41.290,109.81,109.80600000000001,1.2,2.66
20.08.2021 00:06:41.716,109.811,109.80700000000002,1.5,1.39
20.08.2021 00:06:46.121,109.811,109.80700000000002,1,2.95
20.08.2021 00:06:49.753,109.81200000000001,109.80700000000002,2.78,3.7
20.08.2021 00:06:53.765,109.811,109.80700000000002,1,4.6
20.08.2021 00:06:54.424,109.815,109.809,2.8,1.69
20.08.2021 00:06:54.526,109.815,109.81299999999999,1,1.39
20.08.2021 00:06:54.627,109.816,109.81299999999999,1,2.14
20.08.2021 00:06:54.882,109.816,109.814,1,1
20.08.2021 00:06:55.377,109.81700000000001,109.814,1.5,1.2
20.08.2021 00:06:59.180,109.818,109.814,1.58,1.2
20.08.2021 00:06:59.686,109.818,109.81299999999999,2.78,2.89
20.08.2021 00:07:00.329,109.81700000000001,109.81299999999999,1,2.89
20.08.2021 00:07:04.274,109.81700000000001,109.814,1,1
20.08.2021 00:07:08.139,109.818,109.814,2.78,1
20.08.2021 00:07:08.602,109.81700000000001,109.814,1,1
20.08.2021 00:07:12.775,109.81700000000001,109.815,1,1
20.08.2021 00:07:14.919,109.818,109.815,1.1,1
20.08.2021 00:07:15.614,109.82100000000001,109.818,1.62,1.25
20.08.2021 00:07:15.715,109.82000000000001,109.819,1,1
20.08.2021 00:07:15.766,109.825,109.82100000000001,1.79,1.2
20.08.2021 00:07:15.868,109.825,109.82100000000001,2.44,1.2
20.08.2021 00:07:15.969,109.82700000000001,109.824,1.5,1.25
20.08.2021 00:07:16.020,109.829,109.825,1.2,1
20.08.2021 00:07:17.132,109.833,109.831,1.2,1
20.08.2021 00:07:17.233,109.83,109.82799999999999,1,1.2
20.08.2021 00:07:17.334,109.83,109.82700000000001,1.1,1.25
20.08.2021 00:07:17.435,109.831,109.82799999999999,1.2,1.25
20.08.2021 00:07:17.537,109.83200000000001,109.829,6.19,1
20.08.2021 00:07:17.890,109.83200000000001,109.829,1,2.69
20.08.2021 00:07:17.992,109.834,109.83200000000001,1.5,1
20.08.2021 00:07:18.093,109.834,109.831,1.5,1
20.08.2021 00:07:18.548,109.834,109.83,1.57,2.14
20.08.2021 00:07:19.161,109.83200000000001,109.829,1.1,1
20.08.2021 00:07:19.312,109.831,109.82799999999999,2.35,1.95
20.08.2021 00:07:19.414,109.831,109.83,1.12,1
20.08.2021 00:07:19.515,109.833,109.83,4.41,1
20.08.2021 00:07:19.895,109.833,109.829,5.1,1
20.08.2021 00:07:19.997,109.831,109.82700000000001,2.54,1
20.08.2021 00:07:20.099,109.831,109.82600000000001,2.77,1.5
20.08.2021 00:07:20.506,109.83,109.82700000000001,2.22,1
20.08.2021 00:07:20.621,109.83,109.82799999999999,1.57,1
20.08.2021 00:07:20.723,109.83200000000001,109.829,3.1,1
20.08.2021 00:07:20.978,109.83200000000001,109.83,1.1,1
20.08.2021 00:07:21.080,109.833,109.831,1.1,1
20.08.2021 00:07:22.984,109.834,109.831,1.57,1
20.08.2021 00:07:23.085,109.83500000000001,109.83200000000001,3.85,1
20.08.2021 00:07:23.186,109.83600000000001,109.831,1.57,1
20.08.2021 00:07:23.780,109.83500000000001,109.83200000000001,1.97,1
20.08.2021 00:07:25.087,109.834,109.831,1.97,1
20.08.2021 00:07:25.188,109.834,109.831,1.1,1
20.08.2021 00:07:25.290,109.83500000000001,109.83200000000001,1.97,1
20.08.2021 00:07:29.537,109.83600000000001,109.83200000000001,3.18,1
20.08.2021 00:07:31.912,109.83600000000001,109.83200000000001,5.37,1
20.08.2021 00:07:32.666,109.83500000000001,109.831,2.1,1.69
20.08.2021 00:07:35.036,109.83500000000001,109.831,1.2,1.95
20.08.2021 00:07:35.239,109.83,109.82600000000001,1.6,3.69
20.08.2021 00:07:35.340,109.83,109.82600000000001,1.1,2.89
20.08.2021 00:07:35.544,109.829,109.825,1,2.89
20.08.2021 00:07:37.408,109.82799999999999,109.825,2.14,1
20.08.2021 00:07:37.509,109.82600000000001,109.823,1,1
20.08.2021 00:07:37.816,109.82700000000001,109.823,3.07,1
20.08.2021 00:07:37.968,109.825,109.822,1,1
20.08.2021 00:07:38.069,109.82600000000001,109.822,3.82,1.5
20.08.2021 00:07:39.530,109.82600000000001,109.822,2.1,1
20.08.2021 00:07:41.812,109.82600000000001,109.822,3.07,1.5
20.08.2021 00:07:44.327,109.825,109.822,1.2,1.5
20.08.2021 00:07:44.429,109.825,109.82100000000001,4.2,1.25
20.08.2021 00:07:44.531,109.825,109.82100000000001,2.47,1.69
20.08.2021 00:07:44.633,109.82700000000001,109.823,1,1.25
20.08.2021 00:07:44.684,109.82799999999999,109.824,1.95,1.25
20.08.2021 00:07:46.528,109.829,109.825,1.6,1.69
20.08.2021 00:07:46.630,109.829,109.82600000000001,1.2,1
20.08.2021 00:07:49.951,109.833,109.83,1.1,1.25
20.08.2021 00:07:50.053,109.83500000000001,109.831,4.6,1
20.08.2021 00:07:50.154,109.83500000000001,109.83200000000001,2.32,1
20.08.2021 00:07:51.413,109.83600000000001,109.831,3.47,1.95
20.08.2021 00:07:56.572,109.833,109.82799999999999,1.1,1.95
20.08.2021 00:07:56.774,109.83200000000001,109.82799999999999,2.35,1.5
20.08.2021 00:07:56.876,109.834,109.83,1.57,2.7
20.08.2021 00:07:56.977,109.834,109.83200000000001,1,1
20.08.2021 00:08:01.212,109.834,109.831,1.1,1.5
20.08.2021 00:08:02.350,109.834,109.83,2.35,1.5
20.08.2021 00:08:02.452,109.834,109.83,1.2,2.7
20.08.2021 00:08:03.086,109.834,109.83,1.6,2.25
20.08.2021 00:08:06.472,109.833,109.829,1.1,2.7
20.08.2021 00:08:10.450,109.834,109.83,1.97,1
20.08.2021 00:08:10.552,109.834,109.831,1.1,1.5
20.08.2021 00:08:11.122,109.83500000000001,109.831,1,1
20.08.2021 00:08:11.667,109.834,109.831,1,2.7
20.08.2021 00:08:21.574,109.83500000000001,109.831,1.1,3.45
20.08.2021 00:08:21.953,109.83500000000001,109.83200000000001,1.1,1
20.08.2021 00:08:31.604,109.83500000000001,109.831,1.2,2.7
20.08.2021 00:08:31.705,109.83500000000001,109.831,2.35,2.25
20.08.2021 00:08:42.814,109.83600000000001,109.83,1.57,1.95
20.08.2021 00:08:46.864,109.83500000000001,109.83200000000001,1.1,1
20.08.2021 00:08:47.118,109.837,109.834,3.55,1
20.08.2021 00:08:47.220,109.837,109.83200000000001,3.85,3.07
20.08.2021 00:08:48.236,109.837,109.833,3.97,1
20.08.2021 00:08:48.337,109.83600000000001,109.83200000000001,1.2,2.7
20.08.2021 00:08:49.054,109.837,109.833,3.97,1
20.08.2021 00:08:49.157,109.838,109.833,5.72,1.95
20.08.2021 00:08:49.259,109.838,109.834,1.1,2.7
20.08.2021 00:08:49.361,109.839,109.83500000000001,3.07,2.25
20.08.2021 00:08:49.464,109.839,109.83600000000001,1,1
20.08.2021 00:08:49.770,109.84,109.834,1.95,1
20.08.2021 00:08:49.872,109.838,109.83500000000001,1.2,1.5
20.08.2021 00:08:49.975,109.837,109.834,1.2,1.95
20.08.2021 00:08:50.128,109.838,109.834,3.07,1
20.08.2021 00:08:52.040,109.839,109.83500000000001,1,2.32
20.08.2021 00:08:52.142,109.84200000000001,109.83600000000001,1.2,2.25
20.08.2021 00:08:52.243,109.84200000000001,109.837,3.45,3.07
20.08.2021 00:08:52.782,109.84299999999999,109.83600000000001,3.22,2.25
20.08.2021 00:08:53.792,109.84200000000001,109.837,2.32,3.82
20.08.2021 00:08:56.945,109.84200000000001,109.838,2.32,1
20.08.2021 00:08:57.145,109.84200000000001,109.837,3.07,3.82
20.08.2021 00:08:59.385,109.84200000000001,109.838,2.32,1
20.08.2021 00:09:03.897,109.84100000000001,109.838,1,1
20.08.2021 00:09:03.999,109.84200000000001,109.838,2.7,1.69
20.08.2021 00:09:04.101,109.84200000000001,109.839,1.2,1
20.08.2021 00:09:04.203,109.84200000000001,109.838,1.95,2.44
20.08.2021 00:09:06.019,109.84200000000001,109.83600000000001,1,3.64
20.08.2021 00:09:06.781,109.84,109.837,1,2.14
20.08.2021 00:09:07.600,109.84100000000001,109.837,2.7,1.25
20.08.2021 00:09:07.711,109.84100000000001,109.83600000000001,2.7,4.39
20.08.2021 00:09:10.412,109.84,109.83600000000001,1.95,1
20.08.2021 00:09:10.544,109.84,109.83600000000001,1.2,2.5
20.08.2021 00:09:10.646,109.84100000000001,109.83500000000001,1.95,1
20.08.2021 00:09:10.747,109.84,109.83600000000001,1,3.7
20.08.2021 00:09:10.849,109.84100000000001,109.83500000000001,1.95,1.25
20.08.2021 00:09:10.950,109.84,109.83600000000001,1.2,3.25
20.08.2021 00:09:11.595,109.84,109.83600000000001,1.5,2.14
20.08.2021 00:09:11.746,109.84,109.83600000000001,2,1.95
20.08.2021 00:09:11.948,109.84,109.83600000000001,2.32,1.5
20.08.2021 00:09:13.865,109.83500000000001,109.833,1,1.39
20.08.2021 00:09:14.017,109.83500000000001,109.83200000000001,1.2,1.25
20.08.2021 00:09:20.388,109.83500000000001,109.831,3.41,1.5
20.08.2021 00:09:24.954,109.833,109.83,1,1.5
20.08.2021 00:09:25.409,109.83500000000001,109.83,6.17,2.25
20.08.2021 00:09:27.657,109.834,109.83,1.64,2.25
20.08.2021 00:09:27.758,109.834,109.831,1.64,1
20.08.2021 00:09:27.860,109.83500000000001,109.831,3.29,1
20.08.2021 00:09:28.724,109.834,109.83,1.76,2.25
20.08.2021 00:09:31.627,109.83500000000001,109.831,2.29,1
20.08.2021 00:09:31.830,109.83500000000001,109.831,1.25,1.57
20.08.2021 00:09:33.372,109.83500000000001,109.831,1.89,1.5
20.08.2021 00:09:33.933,109.83500000000001,109.831,1.39,1.5
20.08.2021 00:09:37.466,109.83500000000001,109.83,4.16,2.25
20.08.2021 00:09:41.246,109.833,109.83,1,2.25
20.08.2021 00:09:41.398,109.83200000000001,109.82799999999999,3.41,1.5
20.08.2021 00:09:41.499,109.83,109.82700000000001,1.1,2.25
20.08.2021 00:09:41.600,109.83,109.82600000000001,1.39,2.7
20.08.2021 00:09:43.986,109.83,109.82600000000001,4.04,1.5
20.08.2021 00:09:45.078,109.83,109.82600000000001,2.51,2.25
20.08.2021 00:09:48.952,109.829,109.82600000000001,1,2.25
20.08.2021 00:09:49.053,109.82799999999999,109.823,1.39,1
20.08.2021 00:09:52.853,109.82799999999999,109.825,1.39,1
20.08.2021 00:10:01.221,109.82799999999999,109.82600000000001,1.25,1
20.08.2021 00:10:01.323,109.83,109.82600000000001,3.66,1
20.08.2021 00:10:08.480,109.83,109.82700000000001,1.57,1
20.08.2021 00:10:08.632,109.831,109.82700000000001,2.51,1.57
20.08.2021 00:10:09.395,109.831,109.82700000000001,2.66,1.5
20.08.2021 00:10:12.306,109.83,109.82600000000001,1.01,2.25
20.08.2021 00:10:12.407,109.83,109.82700000000001,1.01,1
20.08.2021 00:10:12.508,109.83,109.82600000000001,1.01,2.25
20.08.2021 00:10:15.160,109.831,109.82600000000001,1.01,1
20.08.2021 00:10:15.344,109.831,109.825,1.01,2.25
20.08.2021 00:10:24.564,109.83,109.825,2.51,1.5
20.08.2021 00:10:34.737,109.83,109.82600000000001,1.76,1
20.08.2021 00:10:35.759,109.831,109.829,1.25,1
20.08.2021 00:10:36.065,109.834,109.831,2.74,1
20.08.2021 00:10:36.167,109.834,109.831,2.14,1
20.08.2021 00:10:36.268,109.83500000000001,109.831,1.95,1.5
20.08.2021 00:10:37.504,109.83600000000001,109.831,1.2,1
20.08.2021 00:10:38.662,109.83500000000001,109.831,4.04,1
20.08.2021 00:10:38.865,109.834,109.831,1.64,1
20.08.2021 00:10:39.121,109.83600000000001,109.829,3.85,2.25
20.08.2021 00:10:39.535,109.834,109.83,1.85,1
20.08.2021 00:10:40.535,109.834,109.83,1.39,1
20.08.2021 00:10:41.132,109.83500000000001,109.83,3.07,2.51
20.08.2021 00:10:41.233,109.83600000000001,109.83,1,1.1
20.08.2021 00:10:41.363,109.83600000000001,109.83200000000001,1.95,1
20.08.2021 00:10:41.953,109.83600000000001,109.831,1.95,2.32
20.08.2021 00:10:42.364,109.83500000000001,109.831,2.7,1.5
20.08.2021 00:10:49.530,109.83600000000001,109.833,2.85,1
20.08.2021 00:10:49.581,109.837,109.834,2.32,1.69
20.08.2021 00:10:49.632,109.837,109.83500000000001,1,1
20.08.2021 00:10:49.734,109.84,109.837,1,1.25
20.08.2021 00:10:49.835,109.84100000000001,109.838,1,1
20.08.2021 00:10:52.945,109.844,109.839,1.2,1
20.08.2021 00:10:53.047,109.84700000000001,109.84299999999999,3.67,1
20.08.2021 00:10:53.148,109.848,109.844,4.72,1
20.08.2021 00:10:53.251,109.849,109.845,2.1,1
20.08.2021 00:10:54.753,109.848,109.845,1.6,1
20.08.2021 00:10:57.177,109.848,109.84299999999999,1.72,2.7
20.08.2021 00:10:58.695,109.84700000000001,109.84299999999999,2.47,1
20.08.2021 00:10:58.801,109.84700000000001,109.84100000000001,1.2,2.89
20.08.2021 00:10:58.902,109.846,109.84299999999999,1.2,1
20.08.2021 00:11:02.252,109.846,109.84200000000001,1.2,3.26
20.08.2021 00:11:03.164,109.84299999999999,109.84,1.2,3.64
20.08.2021 00:11:03.265,109.84100000000001,109.838,2.44,1
20.08.2021 00:11:03.469,109.84100000000001,109.837,1.5,2.89
20.08.2021 00:11:12.857,109.84,109.837,1,1.12
20.08.2021 00:11:13.173,109.84,109.83600000000001,1.95,1.69
20.08.2021 00:11:13.570,109.839,109.83600000000001,1,1
20.08.2021 00:11:13.671,109.84,109.83600000000001,2.89,1.5
20.08.2021 00:11:15.791,109.84100000000001,109.837,1,1
20.08.2021 00:11:15.842,109.84,109.83600000000001,1.5,4.46
20.08.2021 00:11:15.893,109.84,109.837,1,2.87
20.08.2021 00:11:15.995,109.84,109.83600000000001,1,3.82
20.08.2021 00:11:28.995,109.84,109.837,1,1
20.08.2021 00:11:37.175,109.84100000000001,109.837,1,2.14
20.08.2021 00:11:58.182,109.83500000000001,109.833,1,1
20.08.2021 00:11:58.283,109.83500000000001,109.83200000000001,1.76,1
20.08.2021 00:11:58.385,109.83,109.829,1,1
20.08.2021 00:11:58.486,109.831,109.829,3.19,1
20.08.2021 00:11:58.588,109.83,109.829,1,1
20.08.2021 00:11:58.740,109.83,109.82700000000001,1,1.69
20.08.2021 00:11:58.848,109.831,109.82700000000001,1.2,1.69
20.08.2021 00:11:58.949,109.83200000000001,109.82799999999999,2.32,1.5
20.08.2021 00:11:59.050,109.833,109.83,1.2,1.25
20.08.2021 00:11:59.151,109.834,109.831,1,1
20.08.2021 00:11:59.253,109.834,109.83200000000001,1,1
20.08.2021 00:11:59.955,109.834,109.831,1,1
20.08.2021 00:12:01.120,109.83500000000001,109.831,1,3.26
20.08.2021 00:12:02.338,109.837,109.833,3.82,1
20.08.2021 00:12:07.268,109.837,109.834,2.25,1.25
20.08.2021 00:12:07.370,109.837,109.833,2.7,2.06
20.08.2021 00:12:07.878,109.837,109.831,1,2.95
20.08.2021 00:12:08.213,109.83600000000001,109.83200000000001,1,2.14
20.08.2021 00:12:25.829,109.837,109.833,2.7,1.25
20.08.2021 00:12:25.930,109.837,109.833,1.5,2.95
20.08.2021 00:12:26.184,109.838,109.83500000000001,4.12,1.25
20.08.2021 00:12:26.285,109.838,109.83500000000001,1,2.57
20.08.2021 00:12:26.387,109.839,109.83600000000001,1,2.57
20.08.2021 00:12:26.488,109.84100000000001,109.837,1,2.14
20.08.2021 00:12:56.893,109.84200000000001,109.837,2.7,2.14
20.08.2021 00:13:08.446,109.844,109.84100000000001,6.82,1
20.08.2021 00:13:08.548,109.845,109.84200000000001,1.95,1.25
20.08.2021 00:13:08.649,109.84700000000001,109.84299999999999,1.5,2.57
20.08.2021 00:13:13.677,109.848,109.84299999999999,1.95,4.07
20.08.2021 00:13:19.341,109.84700000000001,109.84299999999999,1.2,1
20.08.2021 00:13:19.442,109.84700000000001,109.84299999999999,2.1,1
20.08.2021 00:13:19.544,109.845,109.84200000000001,5.74,1
20.08.2021 00:13:19.645,109.844,109.84100000000001,1.95,1
20.08.2021 00:13:21.177,109.845,109.84200000000001,3.15,1
20.08.2021 00:13:21.278,109.845,109.84200000000001,2.55,1
20.08.2021 00:13:21.472,109.846,109.84200000000001,4.8,1.5
20.08.2021 00:13:21.573,109.846,109.84299999999999,1.8,1.25
20.08.2021 00:13:21.675,109.846,109.84299999999999,1,1.25
20.08.2021 00:13:27.568,109.844,109.84100000000001,1,1.87
20.08.2021 00:13:27.619,109.84200000000001,109.84,1,1.5
20.08.2021 00:13:27.720,109.84,109.838,1,1.31
20.08.2021 00:13:27.822,109.84,109.838,1,1.25
20.08.2021 00:13:27.872,109.84200000000001,109.837,1,1.25
20.08.2021 00:13:29.674,109.84,109.838,1,1.25
20.08.2021 00:13:30.855,109.84,109.83600000000001,1,1.12
20.08.2021 00:13:30.957,109.839,109.83600000000001,1,1.87
20.08.2021 00:13:31.058,109.84,109.834,2.89,1.87
20.08.2021 00:13:31.160,109.837,109.83500000000001,1,1
20.08.2021 00:13:31.417,109.837,109.834,1,1.1
20.08.2021 00:13:31.569,109.83600000000001,109.833,1,1
20.08.2021 00:13:31.671,109.834,109.831,1,1.1
20.08.2021 00:13:36.667,109.834,109.829,2.44,4.29
20.08.2021 00:13:36.769,109.83200000000001,109.829,1.87,1.1
20.08.2021 00:13:36.820,109.829,109.825,1,1.1
20.08.2021 00:13:36.921,109.82799999999999,109.824,1,2.89
20.08.2021 00:13:37.124,109.82700000000001,109.823,1.25,1.2
20.08.2021 00:13:38.020,109.82700000000001,109.822,1,1.2
20.08.2021 00:13:38.121,109.825,109.82100000000001,1.25,3.07
20.08.2021 00:13:40.617,109.825,109.822,1.25,1
20.08.2021 00:13:40.828,109.82600000000001,109.822,2.44,1.2
20.08.2021 00:13:40.930,109.82600000000001,109.823,1.69,1
20.08.2021 00:13:52.850,109.82600000000001,109.822,1.69,1.2
20.08.2021 00:14:00.272,109.82700000000001,109.822,2.32,2.32
20.08.2021 00:14:01.696,109.82700000000001,109.82100000000001,1,2.32
20.08.2021 00:14:02.433,109.825,109.822,1,1.2
20.08.2021 00:14:06.213,109.82600000000001,109.822,1,1.95
20.08.2021 00:14:08.525,109.82700000000001,109.822,2.96,2.7
20.08.2021 00:14:10.176,109.82600000000001,109.822,1.25,2.7
20.08.2021 00:14:10.277,109.82700000000001,109.822,2.51,2.7
20.08.2021 00:14:12.236,109.82700000000001,109.823,2.51,1
20.08.2021 00:14:12.488,109.82799999999999,109.825,1,1
20.08.2021 00:14:12.590,109.829,109.825,2.02,1.5
20.08.2021 00:14:14.638,109.82799999999999,109.824,1.5,1.95
20.08.2021 00:14:18.909,109.82700000000001,109.824,1.25,1.5
20.08.2021 00:14:25.989,109.82799999999999,109.824,2.25,2.89
20.08.2021 00:14:26.091,109.82799999999999,109.824,2.5,1.57
20.08.2021 00:14:33.555,109.82799999999999,109.824,1.69,1.57
20.08.2021 00:14:33.936,109.829,109.825,1,1.97
20.08.2021 00:14:34.037,109.831,109.825,3.64,1.1
20.08.2021 00:14:34.340,109.831,109.82700000000001,2.44,1.57
20.08.2021 00:14:34.441,109.831,109.82799999999999,1.75,1
20.08.2021 00:14:34.542,109.831,109.82799999999999,1.69,1.1
20.08.2021 00:14:35.927,109.831,109.82600000000001,1,1.1
20.08.2021 00:14:36.029,109.83,109.82600000000001,1.69,3.07
20.08.2021 00:14:36.132,109.83,109.825,1.25,1.5
20.08.2021 00:14:38.308,109.829,109.82600000000001,1.25,1.5
20.08.2021 00:14:40.329,109.829,109.82600000000001,1.25,1.2
20.08.2021 00:14:40.431,109.83,109.825,1.75,1
20.08.2021 00:14:40.533,109.829,109.825,1.69,2.7
20.08.2021 00:14:44.582,109.83,109.82600000000001,1.69,2.85
20.08.2021 00:14:44.734,109.831,109.82799999999999,1.25,1.2
20.08.2021 00:14:45.141,109.83200000000001,109.82799999999999,1.5,2.85
20.08.2021 00:14:46.199,109.833,109.82799999999999,1,1.6
20.08.2021 00:14:46.301,109.833,109.829,1,2.1
20.08.2021 00:14:46.553,109.834,109.83,1.69,1.95
20.08.2021 00:14:46.654,109.834,109.83,1.25,2.85
20.08.2021 00:14:46.755,109.83500000000001,109.831,1,3.79
20.08.2021 00:14:46.908,109.837,109.83200000000001,1.69,1
20.08.2021 00:14:51.566,109.83500000000001,109.83200000000001,1.5,1
20.08.2021 00:14:51.668,109.83500000000001,109.831,2.5,1.2
20.08.2021 00:14:51.769,109.833,109.83,1.25,1.95
20.08.2021 00:14:53.809,109.831,109.829,1.25,1.2
20.08.2021 00:14:54.165,109.83200000000001,109.829,1.25,1.2
20.08.2021 00:14:55.456,109.83200000000001,109.82799999999999,1.69,2.7
20.08.2021 00:14:56.140,109.83200000000001,109.82799999999999,1.5,2.85
20.08.2021 00:15:01.122,109.83200000000001,109.829,1,1.6
20.08.2021 00:15:01.225,109.834,109.83,1.75,1.95
20.08.2021 00:15:01.327,109.83600000000001,109.83,1.39,2.85
20.08.2021 00:15:01.581,109.83500000000001,109.831,1.25,2.7
20.08.2021 00:15:01.783,109.83500000000001,109.831,1.25,2.1
20.08.2021 00:15:01.885,109.83600000000001,109.83200000000001,1.25,1
20.08.2021 00:15:07.091,109.83500000000001,109.83200000000001,1.75,1
20.08.2021 00:15:07.244,109.83500000000001,109.83200000000001,1.25,1
20.08.2021 00:15:09.723,109.83500000000001,109.83200000000001,2.5,1
20.08.2021 00:15:10.572,109.83500000000001,109.83200000000001,1.25,1
20.08.2021 00:15:13.781,109.834,109.83200000000001,1,1
20.08.2021 00:15:13.882,109.83500000000001,109.83200000000001,1.25,1
20.08.2021 00:15:15.196,109.83600000000001,109.83200000000001,2.25,2.7
20.08.2021 00:15:16.658,109.83600000000001,109.833,1,1
20.08.2021 00:15:20.230,109.837,109.833,3.64,1.95
20.08.2021 00:15:20.383,109.837,109.833,2.44,2.85
20.08.2021 00:15:21.668,109.837,109.833,3.19,2.7
20.08.2021 00:15:25.672,109.83600000000001,109.833,1,1.2
20.08.2021 00:15:25.773,109.834,109.83200000000001,1,1
20.08.2021 00:15:25.925,109.83500000000001,109.829,1.69,3.6
20.08.2021 00:15:26.027,109.833,109.83,1.5,1.2
20.08.2021 00:15:27.793,109.833,109.829,1.5,1.95
20.08.2021 00:15:28.969,109.83200000000001,109.829,1,1.2
20.08.2021 00:15:29.323,109.829,109.82700000000001,1,1.1
20.08.2021 00:15:29.424,109.829,109.825,2.14,2.07
20.08.2021 00:15:29.526,109.82799999999999,109.825,1.2,1
20.08.2021 00:15:31.791,109.82700000000001,109.825,1,1
20.08.2021 00:15:32.786,109.82700000000001,109.824,1.5,1.1
20.08.2021 00:15:33.372,109.82700000000001,109.82000000000001,3.64,3.1
20.08.2021 00:15:33.936,109.825,109.82100000000001,1.39,1.57
20.08.2021 00:15:34.038,109.825,109.82100000000001,2.64,1.57
20.08.2021 00:15:34.190,109.825,109.82100000000001,1.25,2.72
20.08.2021 00:15:34.647,109.82600000000001,109.822,3.34,1.1
20.08.2021 00:15:34.748,109.82700000000001,109.823,2.89,1.57
20.08.2021 00:15:35.317,109.82700000000001,109.824,1.2,1
20.08.2021 00:15:37.068,109.82600000000001,109.82100000000001,3.7,2.72
20.08.2021 00:15:37.169,109.825,109.82100000000001,2.2,1.57
20.08.2021 00:15:37.271,109.825,109.82100000000001,1.75,1.97
20.08.2021 00:15:39.760,109.823,109.82100000000001,1.25,1.1
20.08.2021 00:15:39.861,109.823,109.82000000000001,1.75,1.57
20.08.2021 00:15:43.983,109.823,109.819,1.75,2.7
20.08.2021 00:15:45.020,109.823,109.819,1.75,2.72
20.08.2021 00:15:45.485,109.823,109.819,1,2.72
20.08.2021 00:15:45.586,109.824,109.82000000000001,1,4.3
20.08.2021 00:15:47.395,109.824,109.82000000000001,2.14,2.32
20.08.2021 00:15:47.496,109.823,109.819,1.69,3.47
20.08.2021 00:15:50.589,109.82100000000001,109.819,1.25,1.1
20.08.2021 00:15:50.640,109.82000000000001,109.81700000000001,1.25,1.58
20.08.2021 00:15:52.971,109.819,109.81700000000001,1,1
20.08.2021 00:15:55.990,109.82100000000001,109.81700000000001,2.44,1.95
20.08.2021 00:15:59.995,109.82100000000001,109.81700000000001,2.5,1.95
20.08.2021 00:16:02.358,109.82000000000001,109.81700000000001,1.75,1
20.08.2021 00:16:04.601,109.82100000000001,109.81700000000001,2.44,1.2
20.08.2021 00:16:04.702,109.822,109.818,3.34,1
20.08.2021 00:16:04.804,109.824,109.82000000000001,2.95,1.95
20.08.2021 00:16:04.906,109.824,109.82000000000001,1.39,1.95
20.08.2021 00:16:07.108,109.823,109.819,2.44,2.7
20.08.2021 00:16:07.209,109.822,109.819,1,1.2
20.08.2021 00:16:10.306,109.822,109.818,2.44,1.2
20.08.2021 00:16:11.853,109.82000000000001,109.818,1,1
20.08.2021 00:16:13.393,109.82100000000001,109.818,1.69,1
20.08.2021 00:16:21.038,109.82100000000001,109.819,1,1
20.08.2021 00:16:21.140,109.822,109.819,1,1
20.08.2021 00:16:26.211,109.822,109.818,1.5,1.2
20.08.2021 00:16:26.312,109.82000000000001,109.816,2.95,1
20.08.2021 00:16:26.464,109.818,109.814,2.89,2.62
20.08.2021 00:16:26.522,109.816,109.814,1,1
20.08.2021 00:16:26.624,109.81700000000001,109.814,1,1.5
20.08.2021 00:16:26.725,109.818,109.814,3.71,2.25
20.08.2021 00:16:31.476,109.819,109.815,2.89,1
20.08.2021 00:16:32.141,109.818,109.814,2.14,2.25
20.08.2021 00:16:32.246,109.81700000000001,109.814,1.25,2.25
20.08.2021 00:16:32.433,109.818,109.814,1.69,3.45
20.08.2021 00:16:32.534,109.819,109.816,1.39,1
20.08.2021 00:16:32.636,109.819,109.815,1.25,2.7
20.08.2021 00:16:32.737,109.819,109.816,1.25,1
20.08.2021 00:16:32.838,109.819,109.815,1.69,2.7
20.08.2021 00:16:33.174,109.819,109.816,1.25,1
20.08.2021 00:16:33.275,109.82000000000001,109.816,1.25,2.7
20.08.2021 00:16:33.987,109.818,109.815,1.25,1.5
20.08.2021 00:16:34.088,109.815,109.81299999999999,1,1
20.08.2021 00:16:34.190,109.814,109.81200000000001,1.25,1.14
20.08.2021 00:16:34.291,109.814,109.81200000000001,1.25,1
20.08.2021 00:16:34.494,109.815,109.81200000000001,1.69,1
20.08.2021 00:16:34.599,109.814,109.81200000000001,1.25,1
20.08.2021 00:16:35.127,109.814,109.81,1.25,4.2
20.08.2021 00:16:36.588,109.814,109.811,1.69,1
20.08.2021 00:16:36.690,109.815,109.811,2.89,2.25
20.08.2021 00:16:36.791,109.814,109.811,1.25,2.25
20.08.2021 00:16:37.479,109.816,109.81,2.44,2.7
20.08.2021 00:16:37.581,109.81700000000001,109.81299999999999,3.34,1
20.08.2021 00:16:38.575,109.818,109.811,2.89,2.7
20.08.2021 00:16:38.679,109.818,109.814,1.5,2.7
20.08.2021 00:16:38.781,109.82000000000001,109.814,2.14,1
20.08.2021 00:16:39.386,109.81700000000001,109.814,1,1
20.08.2021 00:16:39.590,109.818,109.814,1.5,2.7
20.08.2021 00:16:39.693,109.81700000000001,109.814,1,1
20.08.2021 00:16:40.556,109.816,109.81299999999999,1.69,1
20.08.2021 00:16:44.120,109.81700000000001,109.814,1.25,1
20.08.2021 00:16:44.757,109.816,109.814,1,1
20.08.2021 00:16:46.941,109.816,109.81200000000001,1.25,2.7
20.08.2021 00:16:47.916,109.816,109.81200000000001,2.95,1.5
20.08.2021 00:16:49.087,109.816,109.81200000000001,1.39,1.5
20.08.2021 00:16:50.400,109.816,109.81200000000001,2.2,1.5
20.08.2021 00:16:51.382,109.816,109.81200000000001,1.39,1.5
20.08.2021 00:16:53.826,109.81700000000001,109.814,1.25,1
20.08.2021 00:16:53.927,109.818,109.815,1.25,1
20.08.2021 00:16:57.216,109.82000000000001,109.816,2.95,1
20.08.2021 00:16:57.317,109.82000000000001,109.81700000000001,1.25,1.5
20.08.2021 00:17:07.009,109.82000000000001,109.815,2.14,1
20.08.2021 00:17:07.110,109.819,109.815,2.14,2.25
20.08.2021 00:17:09.624,109.819,109.81700000000001,1.25,1
20.08.2021 00:17:09.725,109.82000000000001,109.81700000000001,1.25,1
20.08.2021 00:17:10.401,109.82100000000001,109.818,2.2,1
20.08.2021 00:17:15.009,109.822,109.819,1.39,1.5
20.08.2021 00:17:15.111,109.824,109.82000000000001,1.84,1.5
20.08.2021 00:17:15.264,109.825,109.82100000000001,6.25,1
20.08.2021 00:17:17.682,109.825,109.823,1.11,1.5
20.08.2021 00:17:17.733,109.82799999999999,109.824,1.8,2.7
20.08.2021 00:17:17.835,109.829,109.82600000000001,1.01,1
20.08.2021 00:17:21.438,109.83,109.82600000000001,1.95,1.95
20.08.2021 00:17:24.486,109.831,109.82799999999999,1.76,1
20.08.2021 00:17:24.588,109.831,109.82700000000001,2.66,1.5
20.08.2021 00:17:30.328,109.83,109.82700000000001,2.57,1
20.08.2021 00:17:30.685,109.83,109.82600000000001,4.22,1
20.08.2021 00:17:33.661,109.83,109.82600000000001,1.2,1.2
20.08.2021 00:17:37.093,109.83,109.82600000000001,3.32,1.2
20.08.2021 00:17:38.163,109.83,109.82600000000001,2.51,1.2
20.08.2021 00:17:43.053,109.83,109.82700000000001,1,1.2
20.08.2021 00:17:45.181,109.833,109.83,4.09,1
20.08.2021 00:17:45.538,109.833,109.831,1.39,1
20.08.2021 00:17:45.640,109.834,109.83,3.85,1
20.08.2021 00:17:45.843,109.834,109.831,3.29,1
20.08.2021 00:17:58.051,109.834,109.83,4.04,1
20.08.2021 00:18:04.919,109.834,109.83,2.25,1.5
20.08.2021 00:18:18.006,109.833,109.829,1,2.7
20.08.2021 00:18:25.121,109.834,109.829,1,1
20.08.2021 00:18:25.223,109.834,109.83,1.5,1.5
20.08.2021 00:18:25.943,109.83500000000001,109.831,2.14,1
20.08.2021 00:18:29.395,109.83600000000001,109.831,1.95,1.69
20.08.2021 00:18:36.606,109.83600000000001,109.833,1,3.04
20.08.2021 00:18:36.657,109.838,109.834,1.1,3.14
20.08.2021 00:18:36.759,109.839,109.83600000000001,1,1.25
20.08.2021 00:18:38.740,109.84,109.83600000000001,1.5,3.25
20.08.2021 00:18:49.555,109.84100000000001,109.837,1.95,2.51
20.08.2021 00:18:53.035,109.84100000000001,109.84,1,1.01
20.08.2021 00:18:53.086,109.845,109.84100000000001,4.42,2.51
20.08.2021 00:18:53.137,109.845,109.84200000000001,1.5,1.35
20.08.2021 00:18:53.289,109.846,109.84200000000001,1.5,2.22
20.08.2021 00:18:54.050,109.84700000000001,109.84299999999999,2.25,2.97
20.08.2021 00:19:01.302,109.845,109.84299999999999,1,1.01
20.08.2021 00:19:01.505,109.848,109.846,1,1.25
20.08.2021 00:19:01.607,109.84700000000001,109.845,1,1.25
20.08.2021 00:19:02.121,109.849,109.844,1,2.2
20.08.2021 00:19:02.223,109.84700000000001,109.845,1,1.75
20.08.2021 00:19:08.591,109.84700000000001,109.844,1.5,1
20.08.2021 00:19:08.695,109.846,109.84299999999999,1.5,2.5
20.08.2021 00:19:08.898,109.84700000000001,109.844,1.5,1.25
20.08.2021 00:19:09.000,109.846,109.844,1.25,1.25
20.08.2021 00:19:09.051,109.845,109.84100000000001,1,8.27
20.08.2021 00:19:09.254,109.84700000000001,109.84,1.95,5.2
20.08.2021 00:19:09.912,109.846,109.84100000000001,2.89,2.51
20.08.2021 00:19:11.040,109.845,109.84100000000001,1,1.76
20.08.2021 00:19:11.142,109.84200000000001,109.84,1,1
20.08.2021 00:19:11.244,109.84100000000001,109.838,1,1
20.08.2021 00:19:11.346,109.84100000000001,109.837,1.95,1.25
20.08.2021 00:19:11.549,109.84,109.837,1,1.25
20.08.2021 00:19:11.651,109.84,109.83600000000001,1.95,1.69
20.08.2021 00:19:11.904,109.839,109.83600000000001,1,1.69
20.08.2021 00:19:15.561,109.839,109.837,1,1.25
20.08.2021 00:19:26.386,109.84100000000001,109.837,1.95,1.25
20.08.2021 00:19:28.735,109.84,109.83500000000001,1,2.44
20.08.2021 00:19:29.346,109.839,109.83500000000001,1.2,3.19
20.08.2021 00:19:29.448,109.837,109.834,1.76,1
20.08.2021 00:19:29.549,109.83600000000001,109.833,1.2,1
20.08.2021 00:19:29.650,109.83600000000001,109.83200000000001,1.95,1
20.08.2021 00:19:30.026,109.83600000000001,109.833,2.7,1
20.08.2021 00:19:30.127,109.837,109.833,1.58,2.7
20.08.2021 00:19:30.229,109.837,109.83500000000001,1,1
20.08.2021 00:19:30.768,109.84,109.83600000000001,2.7,1.25
20.08.2021 00:19:32.436,109.84,109.837,1.2,1
20.08.2021 00:19:35.393,109.838,109.837,1,1
20.08.2021 00:19:35.444,109.838,109.83500000000001,1.2,1
20.08.2021 00:19:35.546,109.838,109.834,1.95,3.45
20.08.2021 00:19:36.677,109.838,109.834,1.5,4.64
20.08.2021 00:19:37.238,109.84100000000001,109.837,2.7,1.5
20.08.2021 00:19:44.868,109.84,109.83600000000001,1,2.89
20.08.2021 00:19:50.516,109.839,109.83600000000001,1,1.25
20.08.2021 00:19:53.173,109.84,109.83600000000001,1,3.14
20.08.2021 00:19:53.376,109.84,109.83600000000001,1,2.14
20.08.2021 00:19:53.878,109.84,109.83600000000001,1,4.45
20.08.2021 00:19:54.082,109.84100000000001,109.838,1.5,1.25
20.08.2021 00:19:54.185,109.84100000000001,109.837,1.5,2.89
20.08.2021 00:19:54.388,109.84200000000001,109.838,1.95,2.69
20.08.2021 00:19:54.951,109.84200000000001,109.84,1,1
20.08.2021 00:19:55.169,109.84200000000001,109.839,1,1.69
20.08.2021 00:19:55.322,109.84200000000001,109.837,1,1.5
20.08.2021 00:19:55.373,109.84,109.83600000000001,1,7.09
20.08.2021 00:19:55.525,109.839,109.83500000000001,1.2,2.25
20.08.2021 00:19:55.626,109.83600000000001,109.834,1.5,1.57
20.08.2021 00:19:55.880,109.83500000000001,109.83200000000001,1,1.16
20.08.2021 00:19:55.931,109.83600000000001,109.831,1,1
20.08.2021 00:19:56.083,109.83600000000001,109.83,1.5,2.14
20.08.2021 00:20:00.214,109.83500000000001,109.831,1.95,1.94
20.08.2021 00:20:01.095,109.83500000000001,109.831,1.95,1.69
20.08.2021 00:20:02.067,109.83500000000001,109.831,1.95,2.69
20.08.2021 00:20:04.719,109.834,109.831,1,1.5
20.08.2021 00:20:09.997,109.834,109.831,1,1.25
20.08.2021 00:20:12.502,109.834,109.83,1,2.89
20.08.2021 00:20:13.590,109.834,109.831,1,1
20.08.2021 00:20:17.718,109.834,109.83,1.5,3.64
20.08.2021 00:20:19.926,109.833,109.83,1,1.5
20.08.2021 00:20:24.108,109.833,109.831,1,1
20.08.2021 00:20:28.496,109.833,109.83,1,1.5
20.08.2021 00:20:31.086,109.833,109.82799999999999,1.2,1
20.08.2021 00:20:31.188,109.831,109.83,1,1
20.08.2021 00:20:31.239,109.831,109.82799999999999,1,1.69
20.08.2021 00:20:31.341,109.831,109.829,1,1
20.08.2021 00:20:34.576,109.83200000000001,109.829,1,1.25
20.08.2021 00:20:34.678,109.83200000000001,109.83,1,1
20.08.2021 00:20:36.294,109.833,109.83,1,1.69
20.08.2021 00:20:42.644,109.833,109.831,1,1
20.08.2021 00:20:46.256,109.833,109.83,1,1.69
20.08.2021 00:20:46.813,109.83200000000001,109.83,1,1
20.08.2021 00:20:47.203,109.833,109.83,1,1.69
20.08.2021 00:20:47.304,109.833,109.831,1,1.01
20.08.2021 00:20:51.697,109.833,109.83,1,1.1
20.08.2021 00:20:51.848,109.834,109.83,1.5,1.76
20.08.2021 00:20:54.374,109.83500000000001,109.829,1.5,2.16
20.08.2021 00:20:54.425,109.83500000000001,109.833,1,1.01
20.08.2021 00:20:54.526,109.837,109.831,1,3.89
20.08.2021 00:20:55.052,109.83500000000001,109.833,1,1
20.08.2021 00:20:55.733,109.83500000000001,109.83200000000001,1.5,1
20.08.2021 00:20:56.784,109.83500000000001,109.831,1,1
20.08.2021 00:20:59.673,109.834,109.83,1.5,2.76
20.08.2021 00:20:59.774,109.834,109.83,1.95,1.69
20.08.2021 00:20:59.875,109.833,109.83,1,1.69
20.08.2021 00:21:06.126,109.833,109.83,1,2.76
20.08.2021 00:21:07.359,109.834,109.831,1,1.25
20.08.2021 00:21:28.650,109.834,109.83,1,1.5
20.08.2021 00:21:30.297,109.83,109.82799999999999,1,2.62
20.08.2021 00:21:32.726,109.831,109.829,1,1.5
20.08.2021 00:21:32.979,109.833,109.83,1.2,1.5
20.08.2021 00:21:33.434,109.83200000000001,109.82700000000001,1.2,2.62
20.08.2021 00:21:33.787,109.831,109.82700000000001,1.95,2.25
20.08.2021 00:21:33.989,109.83,109.82700000000001,1,1.5
20.08.2021 00:21:43.404,109.83,109.82600000000001,1.95,2.44
20.08.2021 00:21:44.376,109.83,109.82700000000001,1,2.44
20.08.2021 00:21:45.417,109.83200000000001,109.82700000000001,1,2.44
20.08.2021 00:21:45.518,109.83200000000001,109.829,1,1
20.08.2021 00:21:46.003,109.833,109.83,1.2,1
20.08.2021 00:21:52.212,109.833,109.829,1.2,1.5
20.08.2021 00:22:05.298,109.833,109.83,1,2.25
20.08.2021 00:22:05.399,109.834,109.831,1,1.5
20.08.2021 00:22:05.500,109.83500000000001,109.831,1.95,1.5
20.08.2021 00:22:11.107,109.83500000000001,109.83200000000001,1,1
20.08.2021 00:22:11.208,109.83500000000001,109.831,1,4.76
20.08.2021 00:22:12.228,109.83500000000001,109.83200000000001,1,1
20.08.2021 00:22:12.357,109.83500000000001,109.831,1,4.76
20.08.2021 00:22:16.230,109.83500000000001,109.83200000000001,1,1
20.08.2021 00:22:16.281,109.83600000000001,109.834,1,1
20.08.2021 00:22:16.433,109.83600000000001,109.831,1.95,1.58
20.08.2021 00:22:16.534,109.83500000000001,109.831,1.95,1
20.08.2021 00:22:17.864,109.83500000000001,109.83200000000001,1,1.95
20.08.2021 00:22:17.966,109.83500000000001,109.83200000000001,1,2.85
20.08.2021 00:22:22.864,109.83600000000001,109.833,1.5,1.2
20.08.2021 00:22:23.825,109.837,109.83500000000001,1,1.2
20.08.2021 00:22:23.927,109.837,109.83500000000001,1,1.95
20.08.2021 00:22:24.130,109.839,109.83500000000001,1.76,1.95
20.08.2021 00:22:24.232,109.839,109.83500000000001,1.5,2.1
20.08.2021 00:22:31.903,109.84,109.834,2.14,1.95
20.08.2021 00:22:34.854,109.839,109.834,1,1.2
20.08.2021 00:22:34.955,109.839,109.83500000000001,1.95,1.95
20.08.2021 00:22:37.500,109.838,109.833,2.14,1
20.08.2021 00:22:38.072,109.837,109.833,1.95,2.7
20.08.2021 00:22:39.213,109.838,109.833,1,1.95
20.08.2021 00:22:39.314,109.838,109.834,1.95,2.7
20.08.2021 00:22:40.976,109.838,109.833,2.14,1
20.08.2021 00:22:42.035,109.837,109.833,1.95,1.95
20.08.2021 00:22:43.202,109.838,109.833,1,1.95
20.08.2021 00:22:43.303,109.838,109.83500000000001,1.25,1.95
20.08.2021 00:22:44.061,109.838,109.83600000000001,1,1
20.08.2021 00:22:56.766,109.84,109.83600000000001,2.14,1.95
20.08.2021 00:22:56.817,109.84200000000001,109.84100000000001,1.5,1.25
20.08.2021 00:22:56.918,109.844,109.84100000000001,1,1.25
20.08.2021 00:22:57.019,109.845,109.84200000000001,1,1
20.08.2021 00:22:58.331,109.845,109.84100000000001,2.7,1.69
20.08.2021 00:23:07.814,109.844,109.84100000000001,1,1
20.08.2021 00:23:22.372,109.845,109.84100000000001,2.7,2.44
20.08.2021 00:23:22.473,109.844,109.84100000000001,1.5,2.14
20.08.2021 00:23:23.872,109.844,109.84200000000001,1,1
20.08.2021 00:23:28.241,109.844,109.84200000000001,1.75,1
20.08.2021 00:23:34.245,109.844,109.84200000000001,1.25,1
20.08.2021 00:23:37.268,109.844,109.84100000000001,1,1
20.08.2021 00:23:46.431,109.84100000000001,109.84,1,1
20.08.2021 00:23:46.532,109.84200000000001,109.838,1,1
20.08.2021 00:23:46.633,109.84100000000001,109.839,1,1.5
20.08.2021 00:23:46.734,109.84200000000001,109.838,1,1.5
20.08.2021 00:23:47.428,109.84200000000001,109.83600000000001,1.5,4.79
20.08.2021 00:23:47.479,109.84299999999999,109.839,4.39,2.32
20.08.2021 00:23:49.203,109.84200000000001,109.839,2.89,1
20.08.2021 00:23:49.305,109.84200000000001,109.838,3.64,1.1
20.08.2021 00:23:50.803,109.84200000000001,109.839,2.44,1.1
20.08.2021 00:23:51.837,109.84,109.83600000000001,1.69,10.65
20.08.2021 00:23:51.938,109.84,109.837,1.25,1
20.08.2021 00:23:52.040,109.84,109.83600000000001,1.69,3.45
20.08.2021 00:23:52.343,109.84,109.837,1.69,1
20.08.2021 00:23:53.932,109.84,109.83600000000001,3.25,2.7
20.08.2021 00:23:54.084,109.839,109.83600000000001,1.25,1
20.08.2021 00:23:55.153,109.839,109.83500000000001,2.5,1.95
20.08.2021 00:24:01.406,109.838,109.83500000000001,1.75,1.2
20.08.2021 00:24:01.457,109.83600000000001,109.833,2.14,1.5
20.08.2021 00:24:01.559,109.83600000000001,109.83200000000001,3.64,2.02
20.08.2021 00:24:01.660,109.83500000000001,109.83200000000001,1,1.1
20.08.2021 00:24:01.812,109.834,109.83,1.5,4
20.08.2021 00:24:02.230,109.83500000000001,109.829,1.5,3.45
20.08.2021 00:24:02.433,109.833,109.829,1.95,1.87
20.08.2021 00:24:02.534,109.83200000000001,109.82799999999999,1,1.95
20.08.2021 00:24:03.119,109.831,109.82700000000001,1.75,2.32
20.08.2021 00:24:03.221,109.829,109.82600000000001,1.69,1
20.08.2021 00:24:03.322,109.82799999999999,109.825,1.5,1
20.08.2021 00:24:04.731,109.82700000000001,109.825,1,1
20.08.2021 00:24:04.833,109.82700000000001,109.823,1,1.2
20.08.2021 00:24:04.935,109.82700000000001,109.823,1,1.6
20.08.2021 00:24:09.915,109.82799999999999,109.825,1,2.32
20.08.2021 00:24:10.017,109.83,109.825,1.5,1
20.08.2021 00:24:10.120,109.82799999999999,109.82600000000001,1,1
20.08.2021 00:24:10.221,109.82799999999999,109.825,1,1.5
20.08.2021 00:24:13.303,109.829,109.825,1.69,1
20.08.2021 00:24:13.522,109.829,109.82600000000001,1.69,1
20.08.2021 00:24:14.099,109.82799999999999,109.82600000000001,2.89,1
20.08.2021 00:24:14.200,109.82700000000001,109.823,1.69,1.95
20.08.2021 00:24:14.301,109.82600000000001,109.822,1.69,2.7
20.08.2021 00:24:18.149,109.82600000000001,109.823,1.5,1
20.08.2021 00:24:20.319,109.82600000000001,109.822,1.5,1.95
20.08.2021 00:24:23.920,109.82700000000001,109.823,1.25,2.1
20.08.2021 00:24:24.021,109.82799999999999,109.824,1.5,1.95
20.08.2021 00:24:24.123,109.82700000000001,109.824,1.5,1
20.08.2021 00:24:25.234,109.82600000000001,109.824,1,1
20.08.2021 00:24:25.335,109.82700000000001,109.823,2.44,1.95
20.08.2021 00:24:25.436,109.82600000000001,109.823,1.25,1
20.08.2021 00:24:27.967,109.82700000000001,109.824,1.25,1
20.08.2021 00:24:28.219,109.82799999999999,109.82600000000001,2.2,1
20.08.2021 00:24:28.550,109.82799999999999,109.825,2.2,1
20.08.2021 00:24:29.848,109.82799999999999,109.824,2.2,1.5
20.08.2021 00:24:30.354,109.82799999999999,109.825,2.2,1
20.08.2021 00:24:32.238,109.829,109.823,2.95,1
20.08.2021 00:24:32.340,109.82799999999999,109.822,2.5,1.95
20.08.2021 00:24:32.973,109.825,109.82100000000001,3.64,1.5
20.08.2021 00:24:33.075,109.824,109.82100000000001,1.25,1.5
20.08.2021 00:24:33.839,109.825,109.82100000000001,3.64,1.5
20.08.2021 00:24:36.468,109.824,109.82100000000001,1,1
20.08.2021 00:24:42.011,109.825,109.822,1,1
20.08.2021 00:24:42.112,109.82600000000001,109.822,1.69,1.95
20.08.2021 00:24:42.163,109.82700000000001,109.824,1.84,2.25
20.08.2021 00:24:42.264,109.82799999999999,109.824,3.64,2.25
20.08.2021 00:24:43.177,109.82700000000001,109.824,1,1.5
20.08.2021 00:24:43.346,109.82600000000001,109.823,1,1
20.08.2021 00:24:47.517,109.82700000000001,109.824,1.5,1
20.08.2021 00:24:49.722,109.82799999999999,109.824,3.64,1.5
20.08.2021 00:24:49.824,109.82799999999999,109.825,2.89,1
20.08.2021 00:24:52.770,109.82700000000001,109.825,1.2,1
20.08.2021 00:24:52.922,109.82600000000001,109.825,1,1
20.08.2021 00:24:55.389,109.82600000000001,109.824,1,1.25
20.08.2021 00:25:00.822,109.82700000000001,109.824,1,2.69
20.08.2021 00:25:01.278,109.82799999999999,109.824,1.95,2.69
20.08.2021 00:25:01.380,109.82700000000001,109.824,1,2.69
20.08.2021 00:25:01.482,109.82799999999999,109.824,1.95,3.25
20.08.2021 00:25:09.074,109.829,109.825,2.25,4.07
20.08.2021 00:25:09.175,109.83,109.82600000000001,1.5,1
20.08.2021 00:25:09.277,109.831,109.829,1,1.5
20.08.2021 00:25:09.379,109.833,109.83,1.95,1
20.08.2021 00:25:14.735,109.83200000000001,109.829,1.95,1
20.08.2021 00:25:14.786,109.83,109.82700000000001,1.2,1.5
20.08.2021 00:25:14.887,109.829,109.82600000000001,1.2,1.5
20.08.2021 00:25:14.989,109.829,109.825,2.1,1.25
20.08.2021 00:25:15.444,109.829,109.82600000000001,1.95,1.25
20.08.2021 00:25:15.546,109.829,109.82700000000001,1.95,1
20.08.2021 00:25:16.079,109.83,109.82700000000001,1.95,1
20.08.2021 00:25:17.236,109.82799999999999,109.82600000000001,1.2,1
20.08.2021 00:25:20.060,109.83,109.825,1.95,1.25
20.08.2021 00:25:26.317,109.83,109.82700000000001,1.2,1.69
20.08.2021 00:25:26.418,109.831,109.829,1.1,1
20.08.2021 00:25:26.520,109.83200000000001,109.829,1.5,1.25
20.08.2021 00:25:27.493,109.834,109.83,2.72,1.25
20.08.2021 00:25:28.014,109.834,109.83,2.7,1.01
20.08.2021 00:25:31.159,109.83200000000001,109.829,1.5,1.57
20.08.2021 00:25:32.239,109.831,109.82700000000001,2.7,1.2
20.08.2021 00:25:33.719,109.83,109.82600000000001,1.5,1.41
20.08.2021 00:25:33.838,109.829,109.825,1,2.89
20.08.2021 00:25:35.815,109.82799999999999,109.825,1,1.25
20.08.2021 00:25:38.035,109.829,109.824,2.7,4.64
20.08.2021 00:25:38.138,109.829,109.825,2.25,1.41
20.08.2021 00:25:39.472,109.82799999999999,109.825,1,1
20.08.2021 00:25:39.725,109.82799999999999,109.824,1.5,2.14
20.08.2021 00:25:43.313,109.82799999999999,109.824,1.5,3.14
20.08.2021 00:25:43.515,109.829,109.825,2.25,1.41
20.08.2021 00:25:43.616,109.82799999999999,109.825,1,1.01
20.08.2021 00:25:52.212,109.82700000000001,109.824,1,2.5
20.08.2021 00:26:03.380,109.82700000000001,109.824,1,1.25
20.08.2021 00:26:03.431,109.82600000000001,109.822,2.85,1.5
20.08.2021 00:26:03.533,109.825,109.82100000000001,1.2,3.71
20.08.2021 00:26:03.887,109.824,109.82000000000001,1.95,2.51
20.08.2021 00:26:04.941,109.823,109.82000000000001,2.25,1.01
20.08.2021 00:26:08.849,109.822,109.819,1,2.16
20.08.2021 00:26:08.950,109.822,109.819,2.25,1.01
20.08.2021 00:26:10.860,109.82100000000001,109.818,1,1.76
20.08.2021 00:26:10.962,109.822,109.818,2.25,2.16
20.08.2021 00:26:11.774,109.822,109.819,1.5,1.82
20.08.2021 00:26:11.825,109.824,109.82000000000001,3.82,1.82
20.08.2021 00:26:12.229,109.825,109.822,3,2.16
20.08.2021 00:26:12.330,109.82700000000001,109.822,1.5,1.01
20.08.2021 00:26:15.291,109.82799999999999,109.822,2.7,1.76
20.08.2021 00:26:20.526,109.82600000000001,109.823,1,1.76
20.08.2021 00:26:20.784,109.825,109.823,1,1.69
20.08.2021 00:26:24.387,109.825,109.822,1.95,1.25
20.08.2021 00:26:27.526,109.824,109.82000000000001,1.2,3.32
20.08.2021 00:26:28.164,109.825,109.82100000000001,4.2,1.82
20.08.2021 00:26:28.316,109.82600000000001,109.823,1.5,1.01
20.08.2021 00:26:28.467,109.82600000000001,109.823,1.5,1.82
20.08.2021 00:26:28.569,109.82600000000001,109.823,1.5,1.01
20.08.2021 00:26:30.098,109.82600000000001,109.822,2.7,2.51
20.08.2021 00:26:31.378,109.825,109.822,1,2.51
20.08.2021 00:26:33.060,109.825,109.82100000000001,2.7,1.76
20.08.2021 00:26:35.275,109.824,109.82100000000001,1.2,1.25
20.08.2021 00:26:35.377,109.823,109.82000000000001,1,1.01
20.08.2021 00:26:35.529,109.824,109.82000000000001,2.7,1.82
20.08.2021 00:26:37.042,109.824,109.82000000000001,2.7,1.01
20.08.2021 00:26:37.144,109.823,109.819,1,3.72
20.08.2021 00:26:38.675,109.82100000000001,109.818,1,2.51
20.08.2021 00:26:40.955,109.822,109.818,1.95,2.51
20.08.2021 00:26:42.376,109.823,109.819,2.25,1.22
20.08.2021 00:26:47.285,109.823,109.819,5.14,1.57
20.08.2021 00:26:47.387,109.823,109.819,4.61,1.57
20.08.2021 00:26:47.706,109.823,109.819,4.01,1.57
20.08.2021 00:26:47.807,109.822,109.819,1.39,1.57
20.08.2021 00:26:47.908,109.823,109.819,2.32,2.32
20.08.2021 00:26:48.060,109.823,109.819,1.87,1.97
20.08.2021 00:26:58.415,109.822,109.82000000000001,1,1
20.08.2021 00:26:58.516,109.823,109.82000000000001,2.14,1
20.08.2021 00:27:10.541,109.824,109.82100000000001,1.5,1.41
20.08.2021 00:27:10.643,109.825,109.822,1,1.22
20.08.2021 00:27:10.744,109.82600000000001,109.823,1,1.1
20.08.2021 00:27:12.810,109.82700000000001,109.823,2.14,1.1
20.08.2021 00:27:19.383,109.82700000000001,109.825,1,1.12
20.08.2021 00:27:19.434,109.829,109.824,4.01,2.91
20.08.2021 00:27:19.737,109.82799999999999,109.824,1,4.04
20.08.2021 00:27:20.527,109.82799999999999,109.824,1.95,2.51
20.08.2021 00:27:24.924,109.82799999999999,109.825,1,1.1
20.08.2021 00:27:27.106,109.82799999999999,109.825,1,2.91
20.08.2021 00:27:27.873,109.829,109.824,1,1.57
20.08.2021 00:27:28.141,109.82700000000001,109.825,1,1
20.08.2021 00:27:34.659,109.82799999999999,109.825,1,1.1
20.08.2021 00:27:43.909,109.829,109.82600000000001,1,1
20.08.2021 00:27:44.061,109.82799999999999,109.82600000000001,1,1.1
20.08.2021 00:27:47.774,109.829,109.82600000000001,1,1.1
20.08.2021 00:27:51.820,109.831,109.825,2.14,1.57
20.08.2021 00:28:02.559,109.83200000000001,109.831,1.12,1
20.08.2021 00:28:02.661,109.834,109.831,1.6,1.57
20.08.2021 00:28:02.762,109.834,109.831,1.25,1.57
20.08.2021 00:28:03.239,109.83500000000001,109.831,2.14,1.57
20.08.2021 00:28:11.559,109.83500000000001,109.831,2.44,1.97
20.08.2021 00:28:16.652,109.83600000000001,109.83200000000001,1.95,3.26
20.08.2021 00:28:17.366,109.83500000000001,109.83200000000001,1,2.51
20.08.2021 00:28:27.591,109.83600000000001,109.83200000000001,1.2,3.26
20.08.2021 00:28:39.118,109.83600000000001,109.833,1.95,1
20.08.2021 00:28:39.770,109.83600000000001,109.83200000000001,1.95,3.26
20.08.2021 00:28:53.385,109.83600000000001,109.833,1.95,1
20.08.2021 00:28:53.587,109.838,109.83600000000001,3.37,1
20.08.2021 00:28:53.638,109.84,109.837,1,1.57
20.08.2021 00:28:53.740,109.84200000000001,109.837,3.11,2.7
20.08.2021 00:28:53.841,109.84200000000001,109.838,2.51,1
20.08.2021 00:29:01.576,109.84200000000001,109.838,4.64,1
20.08.2021 00:29:01.682,109.84200000000001,109.838,1.5,1.97
20.08.2021 00:29:01.834,109.84299999999999,109.839,2.89,1.1
20.08.2021 00:29:02.240,109.84200000000001,109.838,1.5,1.97
20.08.2021 00:29:03.536,109.84,109.837,1.95,1
20.08.2021 00:29:03.840,109.84100000000001,109.837,1.1,2.44
20.08.2021 00:29:07.212,109.84200000000001,109.837,2.51,3.64
20.08.2021 00:29:19.925,109.84100000000001,109.837,1.39,1.57
20.08.2021 00:29:21.117,109.84,109.837,1,1.1
20.08.2021 00:29:34.856,109.84100000000001,109.837,1.5,1.97
20.08.2021 00:29:39.283,109.839,109.83600000000001,1,1.97
20.08.2021 00:29:39.384,109.84,109.83600000000001,1.5,2.72
20.08.2021 00:29:45.540,109.84,109.838,1,1
20.08.2021 00:29:46.594,109.84200000000001,109.838,2.89,1.1
20.08.2021 00:29:47.539,109.84200000000001,109.839,1.95,1
20.08.2021 00:29:47.590,109.845,109.84100000000001,2.62,1
20.08.2021 00:29:47.692,109.846,109.84299999999999,4.24,1
20.08.2021 00:29:47.793,109.846,109.84299999999999,1,1
20.08.2021 00:29:47.895,109.84700000000001,109.845,1,1.57
20.08.2021 00:29:49.417,109.848,109.845,1.25,1.57
20.08.2021 00:29:51.036,109.848,109.846,1.25,1
20.08.2021 00:29:51.138,109.85000000000001,109.849,1,1
20.08.2021 00:29:51.239,109.851,109.849,1.12,1
20.08.2021 00:29:51.599,109.849,109.848,1,1
20.08.2021 00:29:51.701,109.85000000000001,109.84700000000001,1,1.01
20.08.2021 00:29:53.878,109.853,109.849,1.95,1.82
20.08.2021 00:29:53.980,109.854,109.85000000000001,2.7,1.39
20.08.2021 00:29:59.221,109.855,109.848,2.85,3.7
20.08.2021 00:30:00.678,109.854,109.851,2.1,1
20.08.2021 00:30:00.977,109.854,109.85000000000001,2.1,1.25
20.08.2021 00:30:01.116,109.854,109.85000000000001,1.2,2.14
20.08.2021 00:30:01.268,109.854,109.85000000000001,1.2,2.95
20.08.2021 00:30:01.512,109.85600000000001,109.853,1.95,1.69
20.08.2021 00:30:01.614,109.85799999999999,109.855,1,1.39
20.08.2021 00:30:01.715,109.86,109.855,1.2,1
20.08.2021 00:30:02.332,109.86200000000001,109.85799999999999,6.22,1.69
20.08.2021 00:30:03.054,109.863,109.86,1.7,1
20.08.2021 00:30:03.155,109.863,109.86,1.2,1
20.08.2021 00:30:03.256,109.86200000000001,109.859,1.95,1
20.08.2021 00:30:03.458,109.86200000000001,109.85799999999999,1.95,1.2
20.08.2021 00:30:03.560,109.861,109.85799999999999,1.6,1
20.08.2021 00:30:03.611,109.861,109.855,1.6,3.64
20.08.2021 00:30:03.712,109.861,109.85600000000001,2.1,3.64
20.08.2021 00:30:03.814,109.86,109.85700000000001,1.2,1
20.08.2021 00:30:04.268,109.86,109.85600000000001,1.6,1
20.08.2021 00:30:04.369,109.86,109.855,2.85,3.64
20.08.2021 00:30:04.946,109.86,109.859,1,1.5
20.08.2021 00:30:04.996,109.86200000000001,109.861,1,1
20.08.2021 00:30:05.098,109.86500000000001,109.861,3.6,1.25
20.08.2021 00:30:05.200,109.86500000000001,109.861,2.25,1.39
20.08.2021 00:30:05.587,109.86500000000001,109.86200000000001,1.5,1
20.08.2021 00:30:06.901,109.866,109.861,2.25,2.89
20.08.2021 00:30:07.003,109.866,109.86200000000001,1.5,1.25
20.08.2021 00:30:09.201,109.866,109.86200000000001,1.22,1.69
20.08.2021 00:30:09.473,109.867,109.86200000000001,1.22,1
20.08.2021 00:30:11.221,109.866,109.86200000000001,1.97,1.5
20.08.2021 00:30:11.323,109.86500000000001,109.861,1.1,2.14
20.08.2021 00:30:11.424,109.866,109.86,1.22,1.69
20.08.2021 00:30:12.186,109.86200000000001,109.859,3.1,1
20.08.2021 00:30:12.287,109.86200000000001,109.85799999999999,3.97,1.5
20.08.2021 00:30:12.490,109.86200000000001,109.85799999999999,1.95,2.14
20.08.2021 00:30:13.008,109.863,109.85700000000001,1.22,2.44
20.08.2021 00:30:13.494,109.86200000000001,109.85799999999999,1.2,2.89
20.08.2021 00:30:14.086,109.86200000000001,109.85799999999999,1.97,1.69
20.08.2021 00:30:16.008,109.86200000000001,109.859,1.1,1.25
20.08.2021 00:30:16.109,109.863,109.859,1.57,1.39
20.08.2021 00:30:16.261,109.863,109.86,1,2.14
20.08.2021 00:30:16.362,109.864,109.86,1.2,2.89
20.08.2021 00:30:16.463,109.86500000000001,109.861,1.97,1.75
20.08.2021 00:30:16.564,109.866,109.861,3.47,2.95
20.08.2021 00:30:24.499,109.86500000000001,109.861,1.57,2.14
20.08.2021 00:30:24.600,109.86,109.859,1,1.5
20.08.2021 00:30:24.651,109.861,109.85600000000001,1,1.2
20.08.2021 00:30:24.752,109.861,109.855,1.57,4.01
20.08.2021 00:30:26.353,109.86,109.85600000000001,2.82,2.14
20.08.2021 00:30:26.557,109.86,109.85600000000001,2.32,2.14
20.08.2021 00:30:35.966,109.859,109.85600000000001,1,2.14
20.08.2021 00:30:36.751,109.86,109.85600000000001,1.57,3.64
20.08.2021 00:30:41.077,109.85799999999999,109.85600000000001,1,1.2
20.08.2021 00:30:44.125,109.86,109.855,1,1.2
20.08.2021 00:30:59.451,109.86,109.85700000000001,1.95,1
20.08.2021 00:31:00.365,109.861,109.855,1.95,1.5
20.08.2021 00:31:02.169,109.86,109.85700000000001,1,1
20.08.2021 00:31:02.271,109.861,109.85799999999999,1,1
20.08.2021 00:31:03.483,109.861,109.859,1,1
20.08.2021 00:31:03.534,109.863,109.86,1,1
20.08.2021 00:31:03.636,109.864,109.861,1,1.5
20.08.2021 00:31:03.737,109.86500000000001,109.86200000000001,1.57,1
20.08.2021 00:31:16.166,109.86500000000001,109.864,1,1
20.08.2021 00:31:16.268,109.867,109.864,3.07,1
20.08.2021 00:31:17.077,109.868,109.866,2.62,1
20.08.2021 00:31:17.178,109.869,109.866,2.77,1
20.08.2021 00:31:17.280,109.869,109.866,1.97,1
20.08.2021 00:31:17.606,109.869,109.866,2.7,1
20.08.2021 00:31:18.617,109.869,109.868,1,1
20.08.2021 00:31:18.719,109.87,109.868,1.57,1
20.08.2021 00:31:19.624,109.87200000000001,109.87,2.25,1
20.08.2021 00:31:19.726,109.87299999999999,109.869,2.96,1.57
20.08.2021 00:31:21.302,109.874,109.869,1.2,1
20.08.2021 00:31:21.454,109.874,109.87100000000001,1.12,1.35
20.08.2021 00:31:21.555,109.876,109.87299999999999,1.2,1
20.08.2021 00:31:22.250,109.87700000000001,109.87299999999999,1.2,1.2
20.08.2021 00:31:22.351,109.87700000000001,109.87200000000001,1.57,1.57
20.08.2021 00:31:22.403,109.87700000000001,109.874,1.57,1
20.08.2021 00:31:22.556,109.876,109.87200000000001,2.14,1.57
20.08.2021 00:31:22.658,109.878,109.87299999999999,4.27,1.1
20.08.2021 00:31:22.759,109.879,109.874,2.44,1.1
20.08.2021 00:31:22.861,109.879,109.875,3.9,1.1
20.08.2021 00:31:22.963,109.879,109.876,3.45,1
20.08.2021 00:31:23.065,109.879,109.876,3.6,1
20.08.2021 00:31:23.166,109.879,109.875,5.55,1
20.08.2021 00:31:26.718,109.878,109.87299999999999,3.82,2.32
20.08.2021 00:31:27.124,109.87700000000001,109.87299999999999,1,1.57
20.08.2021 00:31:29.380,109.874,109.87200000000001,2.47,1
20.08.2021 00:31:29.481,109.87299999999999,109.87100000000001,1.76,1
20.08.2021 00:31:29.633,109.87100000000001,109.869,1,1
20.08.2021 00:31:29.886,109.87100000000001,109.867,1.1,3.07
20.08.2021 00:31:29.989,109.87100000000001,109.867,2.72,1.5
20.08.2021 00:31:30.090,109.87100000000001,109.868,1.97,1
20.08.2021 00:31:30.193,109.87100000000001,109.867,1.97,1.5
20.08.2021 00:31:30.295,109.87100000000001,109.868,1.97,1
20.08.2021 00:31:30.447,109.87100000000001,109.867,1.22,1.5
20.08.2021 00:31:33.891,109.87100000000001,109.867,1.1,1
20.08.2021 00:31:34.492,109.868,109.864,1,2.14
20.08.2021 00:31:34.594,109.866,109.864,1,1.2
20.08.2021 00:31:34.847,109.866,109.863,1.1,1.5
20.08.2021 00:31:35.471,109.866,109.86200000000001,1.1,1.95
20.08.2021 00:31:35.884,109.86500000000001,109.86200000000001,1,1.5
20.08.2021 00:31:39.493,109.86500000000001,109.863,1,1
20.08.2021 00:31:40.148,109.86500000000001,109.86200000000001,1,2.89
20.08.2021 00:31:41.192,109.86500000000001,109.863,1,1
20.08.2021 00:31:41.495,109.866,109.863,1.1,1
20.08.2021 00:31:41.647,109.866,109.86500000000001,1,1
20.08.2021 00:31:41.698,109.868,109.866,1,1.25
20.08.2021 00:31:41.799,109.87,109.868,1.5,1
20.08.2021 00:31:41.900,109.87100000000001,109.868,1.5,1
20.08.2021 00:31:46.168,109.87200000000001,109.869,1,1.69
20.08.2021 00:31:46.269,109.87299999999999,109.869,2.32,2.14
20.08.2021 00:31:46.503,109.87299999999999,109.87100000000001,1.2,1
20.08.2021 00:31:46.788,109.874,109.87100000000001,1.5,1.69
20.08.2021 00:31:47.038,109.875,109.87299999999999,1,1
20.08.2021 00:31:50.363,109.87299999999999,109.87100000000001,1.57,1
20.08.2021 00:31:50.464,109.87299999999999,109.87100000000001,1.76,1
20.08.2021 00:31:50.566,109.87200000000001,109.869,1.95,1
20.08.2021 00:31:51.784,109.87299999999999,109.869,1.95,3.82
20.08.2021 00:31:51.835,109.875,109.87100000000001,2.85,1.25
20.08.2021 00:31:51.936,109.875,109.87200000000001,2.1,1
20.08.2021 00:31:52.190,109.875,109.87200000000001,1.5,1
20.08.2021 00:31:59.234,109.876,109.87299999999999,1,1
20.08.2021 00:31:59.335,109.876,109.87200000000001,1,1.25
20.08.2021 00:32:02.111,109.87700000000001,109.87200000000001,1.5,1
20.08.2021 00:32:02.264,109.878,109.87200000000001,1.5,2.14
20.08.2021 00:32:03.030,109.874,109.87200000000001,1,1
20.08.2021 00:32:03.081,109.874,109.87100000000001,1.69,1
20.08.2021 00:32:04.920,109.875,109.87100000000001,1.5,2.89
20.08.2021 00:32:05.845,109.87299999999999,109.87100000000001,2.25,1
20.08.2021 00:32:06.098,109.87299999999999,109.87,2.89,1
20.08.2021 00:32:08.482,109.87200000000001,109.87,1.5,1
20.08.2021 00:32:09.091,109.87200000000001,109.869,1.95,1
20.08.2021 00:32:09.192,109.87100000000001,109.869,1,1
20.08.2021 00:32:11.368,109.87200000000001,109.869,1.95,1
20.08.2021 00:32:16.668,109.87299999999999,109.867,3.45,1.01
20.08.2021 00:32:16.769,109.87,109.867,1,2.57
20.08.2021 00:32:16.871,109.87,109.867,1.5,1.01
20.08.2021 00:32:17.726,109.87,109.868,1,1
20.08.2021 00:32:22.680,109.87200000000001,109.868,2.7,1.1
20.08.2021 00:32:38.172,109.87100000000001,109.867,1.95,2.51
20.08.2021 00:32:39.255,109.87,109.867,1,1.76
20.08.2021 00:32:39.861,109.87100000000001,109.867,1.2,1.57
20.08.2021 00:32:45.114,109.87200000000001,109.868,4.72,1
20.08.2021 00:32:45.735,109.87200000000001,109.867,4.72,1.57
20.08.2021 00:32:48.353,109.87100000000001,109.868,1.2,1
20.08.2021 00:32:48.717,109.87100000000001,109.867,1.95,1.1
20.08.2021 00:32:58.048,109.87200000000001,109.868,3.07,1.1
20.08.2021 00:33:05.747,109.87100000000001,109.867,1,3.29
20.08.2021 00:33:06.228,109.87100000000001,109.867,1.2,2.89
20.08.2021 00:33:06.329,109.869,109.867,1.5,1
20.08.2021 00:33:06.430,109.869,109.866,1,1.1
20.08.2021 00:33:09.144,109.868,109.86500000000001,3.95,1
20.08.2021 00:33:09.246,109.869,109.86500000000001,3.45,1.76
20.08.2021 00:33:09.347,109.868,109.86500000000001,1,1.1
20.08.2021 00:33:09.499,109.869,109.86500000000001,4.2,1.1
20.08.2021 00:33:10.929,109.868,109.864,1.5,4.41
20.08.2021 00:33:11.030,109.867,109.864,1,1.76
20.08.2021 00:33:11.131,109.868,109.864,1,2.91
20.08.2021 00:33:11.233,109.869,109.86500000000001,3.82,1.1
20.08.2021 00:33:11.652,109.869,109.86500000000001,2.62,1.22
20.08.2021 00:33:11.754,109.87,109.866,3.45,1.57
20.08.2021 00:33:15.031,109.87100000000001,109.86500000000001,1.87,2.72
20.08.2021 00:33:27.758,109.87100000000001,109.867,3.07,1.57
20.08.2021 00:33:29.954,109.87100000000001,109.867,1.5,3.66
20.08.2021 00:33:35.121,109.874,109.87,2,2.97
20.08.2021 00:33:35.223,109.875,109.87100000000001,1.5,3.66
20.08.2021 00:33:35.324,109.875,109.87200000000001,1,1.97
20.08.2021 00:33:39.554,109.876,109.87200000000001,1,3.66
20.08.2021 00:33:40.001,109.876,109.87100000000001,1,1.97
20.08.2021 00:33:40.103,109.874,109.87200000000001,2.32,1
20.08.2021 00:33:40.154,109.87299999999999,109.87,1.69,2.21
20.08.2021 00:33:40.256,109.87200000000001,109.869,1.5,1.01
20.08.2021 00:33:40.357,109.87200000000001,109.869,1,2.97
20.08.2021 00:33:40.773,109.87299999999999,109.869,1.12,3.72
20.08.2021 00:33:41.526,109.87200000000001,109.869,1,4.47
20.08.2021 00:33:45.098,109.874,109.87,3.07,2.57
20.08.2021 00:33:47.403,109.875,109.87100000000001,4.2,1.01
20.08.2021 00:33:47.706,109.874,109.87100000000001,1,1.01
20.08.2021 00:33:49.893,109.875,109.87100000000001,4.2,1.01
20.08.2021 00:33:51.470,109.874,109.87100000000001,1,1.01
20.08.2021 00:33:51.572,109.87200000000001,109.87,1,1.01
20.08.2021 00:33:51.724,109.874,109.868,1.5,4.47
20.08.2021 00:33:51.878,109.87299999999999,109.87,1,2.97
20.08.2021 00:33:51.979,109.874,109.87100000000001,1.5,1.01
20.08.2021 00:33:52.232,109.874,109.87,1,6.17
20.08.2021 00:33:52.701,109.874,109.87100000000001,1,1.76
20.08.2021 00:33:54.117,109.876,109.87200000000001,3.45,1.01
20.08.2021 00:33:54.575,109.875,109.87200000000001,1,1.01
20.08.2021 00:33:55.134,109.874,109.87200000000001,1.5,1.1
20.08.2021 00:34:03.863,109.875,109.87200000000001,1,1.41
20.08.2021 00:34:03.964,109.876,109.87299999999999,1,1.82
20.08.2021 00:34:04.065,109.878,109.876,1.5,1.25
20.08.2021 00:34:04.167,109.88,109.87700000000001,6.37,1.01
20.08.2021 00:34:04.673,109.879,109.876,1.5,1.22
20.08.2021 00:34:04.774,109.878,109.874,2.25,3.74
20.08.2021 00:34:04.876,109.87700000000001,109.874,1,2.16
20.08.2021 00:34:06.317,109.87700000000001,109.87299999999999,1.5,2.91
20.08.2021 00:34:06.961,109.87700000000001,109.87299999999999,2.7,1.1
20.08.2021 00:34:07.012,109.875,109.87200000000001,1,1.22
20.08.2021 00:34:07.113,109.875,109.87100000000001,1.5,3.36
20.08.2021 00:34:07.214,109.876,109.87100000000001,1.5,1.41
20.08.2021 00:34:13.968,109.87700000000001,109.87100000000001,1.5,2.22
20.08.2021 00:34:15.982,109.875,109.87200000000001,1,2.22
20.08.2021 00:34:16.083,109.87200000000001,109.869,1.57,1.25
20.08.2021 00:34:22.555,109.87200000000001,109.868,2.7,2.89
20.08.2021 00:34:22.659,109.87200000000001,109.866,2.72,2.44
20.08.2021 00:34:23.831,109.87,109.867,1.1,1.75
20.08.2021 00:34:27.061,109.87100000000001,109.867,1.57,2.95
20.08.2021 00:34:29.631,109.87100000000001,109.869,1.1,1.25
20.08.2021 00:34:29.740,109.87200000000001,109.869,1.57,1.25
20.08.2021 00:34:33.264,109.87200000000001,109.868,1,1.69
20.08.2021 00:34:36.235,109.869,109.867,1,4.27
20.08.2021 00:34:36.387,109.869,109.866,1.1,1.25
20.08.2021 00:34:37.316,109.869,109.867,1.1,1.25
20.08.2021 00:34:37.417,109.87,109.866,1.5,2.51
20.08.2021 00:34:37.519,109.87,109.867,1,1
20.08.2021 00:34:37.821,109.868,109.866,1,2.44
20.08.2021 00:34:38.614,109.868,109.867,1,1.25
20.08.2021 00:34:42.350,109.869,109.86500000000001,1,4.09
20.08.2021 00:34:43.349,109.869,109.867,1,1.25
20.08.2021 00:34:43.501,109.869,109.866,1,2.2
20.08.2021 00:34:44.354,109.87100000000001,109.867,2.7,1.25
20.08.2021 00:34:44.455,109.87,109.867,1,1.69
20.08.2021 00:34:45.354,109.87,109.868,1,1.25
20.08.2021 00:34:48.629,109.87200000000001,109.869,1,1.25
20.08.2021 00:34:49.742,109.87,109.868,1,1.39
20.08.2021 00:34:53.270,109.87,109.867,1,2.44
20.08.2021 00:34:53.775,109.87,109.866,1.2,1.69
20.08.2021 00:34:53.926,109.87,109.866,1,5.09
20.08.2021 00:34:55.383,109.87100000000001,109.86500000000001,1,2.14
20.08.2021 00:34:56.181,109.87,109.86500000000001,1,2.14
20.08.2021 00:34:56.283,109.866,109.863,1,1.31
20.08.2021 00:34:56.384,109.866,109.864,1,1
20.08.2021 00:34:57.145,109.867,109.864,1,1.69
20.08.2021 00:34:57.529,109.868,109.864,1.95,1.69
20.08.2021 00:34:59.395,109.869,109.86500000000001,1.95,2.5
20.08.2021 00:35:02.454,109.87100000000001,109.867,1.2,3.25
20.08.2021 00:35:02.557,109.87200000000001,109.868,1.5,2.95
20.08.2021 00:35:08.074,109.87100000000001,109.868,1,4.15
20.08.2021 00:35:08.125,109.869,109.867,1,2.32
20.08.2021 00:35:10.479,109.87100000000001,109.868,1,1.25
20.08.2021 00:35:11.340,109.87200000000001,109.866,2.44,2.14
20.08.2021 00:35:11.806,109.87100000000001,109.868,1,1
20.08.2021 00:35:12.547,109.87200000000001,109.868,1.5,2.95
20.08.2021 00:35:12.649,109.87100000000001,109.869,1,1.25
20.08.2021 00:35:15.482,109.87299999999999,109.869,1,1.25
20.08.2021 00:35:15.635,109.87299999999999,109.87,1.5,1.25
20.08.2021 00:35:15.737,109.87299999999999,109.87,1.5,2.2
20.08.2021 00:35:15.890,109.87299999999999,109.87,1,4.09
20.08.2021 00:35:16.336,109.874,109.87,1.5,3.64
20.08.2021 00:35:19.264,109.876,109.87299999999999,1.5,1.69
20.08.2021 00:35:19.366,109.876,109.874,1,1
20.08.2021 00:35:26.162,109.87700000000001,109.874,1.5,1.69
20.08.2021 00:35:29.113,109.876,109.874,1,1.25
20.08.2021 00:35:29.384,109.87700000000001,109.874,1,1.25
20.08.2021 00:35:32.911,109.876,109.874,1,1.25
20.08.2021 00:35:33.013,109.876,109.87299999999999,1,2.44
20.08.2021 00:35:33.305,109.874,109.87100000000001,1.5,1.95
20.08.2021 00:35:33.406,109.87200000000001,109.869,1.1,1.5
20.08.2021 00:35:34.965,109.87200000000001,109.868,1.01,2.7
20.08.2021 00:35:44.090,109.87200000000001,109.869,1,2.89
20.08.2021 00:35:44.192,109.87200000000001,109.87,1,1.2
20.08.2021 00:35:44.497,109.875,109.869,1,5.21
20.08.2021 00:35:44.599,109.87299999999999,109.87,1,3.9
20.08.2021 00:35:51.375,109.87200000000001,109.867,1,5.09
20.08.2021 00:35:51.426,109.87200000000001,109.867,4.64,1.87
20.08.2021 00:35:51.528,109.87,109.867,1.57,1.95
20.08.2021 00:35:51.731,109.87,109.864,1.57,5.71
20.08.2021 00:35:51.832,109.869,109.86500000000001,1.57,4.09
20.08.2021 00:35:52.540,109.869,109.866,1,1
20.08.2021 00:35:53.651,109.869,109.867,1,1.25
20.08.2021 00:35:53.753,109.869,109.866,1,2.44
20.08.2021 00:35:54.036,109.87,109.868,1,1.25
20.08.2021 00:35:54.137,109.87100000000001,109.868,1,2.14
20.08.2021 00:35:57.792,109.87200000000001,109.868,1,1
20.08.2021 00:35:59.604,109.87,109.868,1,1
20.08.2021 00:35:59.707,109.87,109.867,1,1.95
20.08.2021 00:36:05.667,109.869,109.867,1,1.5
20.08.2021 00:36:09.359,109.87,109.867,1,1.5
20.08.2021 00:36:17.474,109.87,109.866,1.69,1.95
20.08.2021 00:36:17.575,109.868,109.866,1,1.5
20.08.2021 00:36:26.224,109.868,109.864,1.25,3.79
20.08.2021 00:36:28.275,109.867,109.864,1.25,1.2
20.08.2021 00:36:28.376,109.866,109.863,1.5,1.01
20.08.2021 00:36:28.478,109.86500000000001,109.86200000000001,1,3.35
20.08.2021 00:36:30.214,109.866,109.863,1.5,1.01
20.08.2021 00:36:30.497,109.866,109.863,1.5,1.82
20.08.2021 00:36:30.600,109.866,109.863,1.5,1.01
20.08.2021 00:36:33.033,109.867,109.86500000000001,1.95,1
20.08.2021 00:36:33.337,109.868,109.864,2.44,2.16
20.08.2021 00:36:37.618,109.869,109.86500000000001,2.14,1.76
20.08.2021 00:36:37.971,109.869,109.86500000000001,1.69,2.16
20.08.2021 00:36:38.548,109.869,109.86500000000001,1.95,1.76
20.08.2021 00:36:41.351,109.869,109.86500000000001,1.5,2.16
20.08.2021 00:36:41.604,109.868,109.86500000000001,1,2.16
20.08.2021 00:36:43.412,109.87,109.864,1.5,2.16
20.08.2021 00:36:48.450,109.869,109.86500000000001,1.95,1.76
20.08.2021 00:36:51.118,109.869,109.86500000000001,1.5,2.16
20.08.2021 00:36:52.576,109.87,109.864,1.95,1.76
20.08.2021 00:36:56.464,109.86500000000001,109.863,1,2.25
20.08.2021 00:36:56.565,109.86500000000001,109.861,1.5,3.66
20.08.2021 00:37:02.094,109.86500000000001,109.861,2.89,1.1
20.08.2021 00:37:04.185,109.864,109.861,1,1.2
20.08.2021 00:37:04.339,109.864,109.861,1,1.6
20.08.2021 00:37:06.930,109.864,109.861,1,1.2
20.08.2021 00:37:17.602,109.864,109.861,1.5,2.29
20.08.2021 00:37:21.786,109.86500000000001,109.861,2.25,3.04
20.08.2021 00:37:24.147,109.864,109.861,1,2.29
20.08.2021 00:37:25.105,109.864,109.861,1,2.14
20.08.2021 00:38:25.077,109.864,109.86,1,2.44
20.08.2021 00:38:25.756,109.86500000000001,109.859,1,3.04
20.08.2021 00:38:46.413,109.86200000000001,109.859,1.69,1.2
20.08.2021 00:38:46.515,109.863,109.86,1.5,2.16
20.08.2021 00:38:52.211,109.864,109.86,1.5,2.91
20.08.2021 00:39:01.263,109.863,109.86,1.25,1.1
20.08.2021 00:39:01.364,109.861,109.859,1.69,1
20.08.2021 00:39:01.516,109.86,109.85700000000001,1.69,4.79
20.08.2021 00:39:01.769,109.863,109.859,6.32,1.22
20.08.2021 00:39:02.857,109.863,109.859,2.44,1.45
20.08.2021 00:39:06.553,109.86200000000001,109.859,1.25,1.45
20.08.2021 00:39:07.456,109.863,109.859,2.44,1.45
20.08.2021 00:39:13.695,109.863,109.861,1.25,1
20.08.2021 00:39:14.521,109.864,109.861,2.14,1
20.08.2021 00:39:19.123,109.864,109.86200000000001,1.25,1
20.08.2021 00:39:21.228,109.86500000000001,109.86200000000001,1,2.32
20.08.2021 00:39:21.329,109.866,109.863,1.25,1.57
20.08.2021 00:39:24.538,109.866,109.864,1.25,1
20.08.2021 00:39:32.818,109.868,109.86500000000001,2.64,1
20.08.2021 00:39:32.919,109.868,109.86500000000001,1.25,1.1
20.08.2021 00:39:33.021,109.868,109.866,1.25,1
20.08.2021 00:39:33.925,109.869,109.867,2.2,1
20.08.2021 00:39:37.207,109.87100000000001,109.867,2.44,2.72
20.08.2021 00:39:37.309,109.87200000000001,109.866,2.39,2.32
20.08.2021 00:39:37.359,109.87200000000001,109.868,2.39,1
20.08.2021 00:39:37.410,109.87100000000001,109.867,2.39,1.57
20.08.2021 00:39:44.638,109.87100000000001,109.867,1.39,1.57
20.08.2021 00:39:45.796,109.87100000000001,109.868,1.39,1
20.08.2021 00:39:45.950,109.874,109.87,1.02,1
20.08.2021 00:39:46.103,109.875,109.87200000000001,1.31,1.1
20.08.2021 00:39:47.977,109.875,109.87100000000001,1.76,2.7
20.08.2021 00:39:48.334,109.875,109.87200000000001,1.76,1
20.08.2021 00:39:49.690,109.875,109.87100000000001,1.76,4.2
20.08.2021 00:39:51.430,109.875,109.87200000000001,1.76,1
20.08.2021 00:39:56.472,109.876,109.87,1.01,3.67
20.08.2021 00:39:57.069,109.87299999999999,109.87100000000001,1.31,2.47
20.08.2021 00:39:57.120,109.87299999999999,109.869,1.87,2.7
20.08.2021 00:39:57.562,109.87299999999999,109.87,1.87,1
20.08.2021 00:39:59.696,109.87299999999999,109.869,2.54,1.5
20.08.2021 00:40:00.154,109.87299999999999,109.87,1.01,1
20.08.2021 00:40:00.307,109.87299999999999,109.87100000000001,1.01,1
20.08.2021 00:40:00.410,109.87299999999999,109.87,1.01,1.5
20.08.2021 00:40:02.051,109.874,109.87100000000001,1.01,1
20.08.2021 00:40:02.152,109.87299999999999,109.87,1,3.45
20.08.2021 00:40:02.404,109.87299999999999,109.87100000000001,1,1
20.08.2021 00:40:06.187,109.87299999999999,109.87,1,2.7
20.08.2021 00:40:06.238,109.875,109.87100000000001,1.01,1.95
20.08.2021 00:40:06.340,109.874,109.87,1.82,2.47
20.08.2021 00:40:07.265,109.874,109.868,2.2,1.95
20.08.2021 00:40:07.367,109.87100000000001,109.869,1.75,1
20.08.2021 00:40:07.418,109.87,109.867,1.25,3.77
20.08.2021 00:40:07.520,109.87,109.866,2.57,3.07
20.08.2021 00:40:07.886,109.87,109.866,2.32,2.14
20.08.2021 00:40:12.608,109.869,109.866,1,1.2
20.08.2021 00:40:16.366,109.869,109.867,1,1
20.08.2021 00:40:19.367,109.87,109.867,1,1.57
20.08.2021 00:40:23.833,109.87200000000001,109.869,2.25,1.1
20.08.2021 00:40:23.935,109.87299999999999,109.87,1.69,1.1
20.08.2021 00:40:24.036,109.875,109.869,1.69,2.72
20.08.2021 00:40:25.539,109.874,109.87,1.76,2.7
20.08.2021 00:40:27.802,109.874,109.87100000000001,1.57,1
20.08.2021 00:40:28.111,109.875,109.87100000000001,1.76,2.7
20.08.2021 00:40:30.007,109.875,109.87200000000001,1.1,1
20.08.2021 00:40:30.590,109.875,109.87100000000001,1.76,2.7
20.08.2021 00:40:30.842,109.875,109.87200000000001,1.01,1
20.08.2021 00:40:35.237,109.875,109.87299999999999,1.1,1
20.08.2021 00:40:36.287,109.876,109.87200000000001,1.1,1
20.08.2021 00:40:50.820,109.87700000000001,109.87299999999999,3.64,1
20.08.2021 00:40:58.499,109.876,109.87299999999999,1.25,1.5
20.08.2021 00:40:58.991,109.87700000000001,109.87299999999999,3.64,1.5
20.08.2021 00:41:18.358,109.876,109.87299999999999,1.25,1
20.08.2021 00:41:19.259,109.876,109.87200000000001,1.69,2.7
20.08.2021 00:41:30.178,109.87700000000001,109.87299999999999,3.64,1
20.08.2021 00:41:33.549,109.876,109.87299999999999,1.25,1
20.08.2021 00:41:33.600,109.87299999999999,109.87200000000001,1.31,1
20.08.2021 00:41:33.701,109.874,109.87200000000001,1.75,1
20.08.2021 00:41:33.752,109.87200000000001,109.87,1.25,1.5
20.08.2021 00:41:33.853,109.87299999999999,109.87,1.25,1.95
20.08.2021 00:41:35.955,109.874,109.87299999999999,1.69,1
20.08.2021 00:41:36.006,109.875,109.87299999999999,1.25,1
20.08.2021 00:41:45.961,109.87700000000001,109.87299999999999,2.2,1.95
20.08.2021 00:41:46.193,109.87700000000001,109.874,2.2,1
20.08.2021 00:41:46.294,109.87700000000001,109.874,1.69,2.7
20.08.2021 00:41:46.498,109.87700000000001,109.875,1.69,1
20.08.2021 00:41:47.186,109.87700000000001,109.874,1,1.95
20.08.2021 00:41:53.967,109.878,109.87200000000001,2.89,1.95
20.08.2021 00:41:57.692,109.876,109.87299999999999,1,1.2
20.08.2021 00:42:01.754,109.87700000000001,109.87299999999999,4.39,1.2
20.08.2021 00:42:01.956,109.87700000000001,109.87200000000001,1,1.2
20.08.2021 00:42:02.521,109.87700000000001,109.87299999999999,4.39,1.2
20.08.2021 00:42:02.819,109.876,109.87299999999999,1.39,1
20.08.2021 00:42:20.362,109.875,109.87200000000001,1,1.57
20.08.2021 00:42:24.003,109.875,109.87200000000001,1,3.1
20.08.2021 00:42:24.105,109.876,109.87200000000001,1,2.72
20.08.2021 00:42:25.827,109.875,109.87200000000001,1,2.72
20.08.2021 00:42:25.879,109.869,109.868,1.01,1
20.08.2021 00:42:25.930,109.867,109.86500000000001,1.69,1.95
20.08.2021 00:42:26.032,109.867,109.864,2.57,1
20.08.2021 00:42:26.133,109.866,109.863,1.69,1.2
20.08.2021 00:42:26.835,109.86500000000001,109.86200000000001,1,2.7
20.08.2021 00:42:26.987,109.864,109.861,1.69,3.15
20.08.2021 00:42:27.089,109.863,109.86,1.76,1.5
20.08.2021 00:42:28.139,109.863,109.859,2.51,2.25
20.08.2021 00:42:30.111,109.863,109.86,2.51,1
20.08.2021 00:42:31.461,109.86200000000001,109.85700000000001,1,1.2
20.08.2021 00:42:31.563,109.86,109.85600000000001,1.57,1.95
20.08.2021 00:42:31.614,109.85799999999999,109.855,1.5,1.57
20.08.2021 00:42:31.816,109.85700000000001,109.855,1.25,1.12
20.08.2021 00:42:32.018,109.85700000000001,109.854,1.25,1
20.08.2021 00:42:32.119,109.855,109.854,1,1
20.08.2021 00:42:32.374,109.855,109.853,1,1.1
20.08.2021 00:42:33.567,109.855,109.851,1,4.67
20.08.2021 00:42:33.870,109.855,109.851,1,5.29
20.08.2021 00:42:34.180,109.85600000000001,109.851,1.69,6.49
20.08.2021 00:42:34.941,109.85700000000001,109.853,1.25,1.22
20.08.2021 00:42:35.043,109.85799999999999,109.853,1.69,4.04
20.08.2021 00:42:35.144,109.85799999999999,109.854,1.69,1.91
20.08.2021 00:42:35.548,109.859,109.85600000000001,1,2.29
20.08.2021 00:42:35.650,109.85799999999999,109.855,1,3.55
20.08.2021 00:42:35.903,109.859,109.855,1.69,1.97
20.08.2021 00:42:43.020,109.859,109.855,1.76,1.95
20.08.2021 00:42:43.122,109.859,109.855,2.57,1.2
20.08.2021 00:42:43.278,109.85799999999999,109.855,1.25,1.2
20.08.2021 00:42:43.480,109.85700000000001,109.853,1.25,4.35
20.08.2021 00:42:43.581,109.85600000000001,109.853,1,1.2
20.08.2021 00:42:46.777,109.85700000000001,109.853,1.01,1.2
20.08.2021 00:42:49.608,109.85700000000001,109.853,1.5,2.1
20.08.2021 00:42:49.710,109.85799999999999,109.854,1.1,2.7
20.08.2021 00:42:49.812,109.85799999999999,109.855,1,1.2
20.08.2021 00:42:52.361,109.85799999999999,109.854,1.69,1.95
20.08.2021 00:42:53.957,109.85700000000001,109.854,1,1.2
20.08.2021 00:43:04.751,109.85700000000001,109.852,2.44,2.85
20.08.2021 00:43:05.210,109.855,109.853,1.5,1.2
20.08.2021 00:43:05.261,109.853,109.85000000000001,1,1.57
20.08.2021 00:43:05.413,109.854,109.85000000000001,2.25,2.35
20.08.2021 00:43:05.617,109.855,109.852,2.25,1.1
20.08.2021 00:43:05.719,109.85600000000001,109.851,1,1.6
20.08.2021 00:43:06.758,109.85600000000001,109.852,2.25,3.1
20.08.2021 00:43:17.752,109.85600000000001,109.852,2.14,2.32
20.08.2021 00:43:18.542,109.855,109.852,2.89,1
20.08.2021 00:43:18.643,109.855,109.851,4.39,1.1
20.08.2021 00:43:20.587,109.854,109.851,1,1.1
20.08.2021 00:43:20.689,109.855,109.851,3,1.22
20.08.2021 00:43:27.359,109.85600000000001,109.852,3.64,1.1
20.08.2021 00:43:27.790,109.855,109.852,1,1.1
20.08.2021 00:43:30.478,109.85600000000001,109.852,3.64,1.1
20.08.2021 00:43:31.552,109.855,109.852,1,1.1
20.08.2021 00:43:34.850,109.854,109.852,1.2,1
20.08.2021 00:43:35.002,109.854,109.851,1.2,1
20.08.2021 00:43:38.583,109.854,109.851,3.04,1
20.08.2021 00:43:40.799,109.854,109.851,1.95,1
20.08.2021 00:43:47.694,109.855,109.851,2.7,2.32
20.08.2021 00:43:47.795,109.854,109.851,1,1.57
20.08.2021 00:43:49.330,109.852,109.85000000000001,2.89,1.5
20.08.2021 00:43:49.431,109.852,109.849,1,1.57
20.08.2021 00:43:50.462,109.853,109.85000000000001,1.25,1.1
20.08.2021 00:43:50.614,109.854,109.85000000000001,2.14,1.1
20.08.2021 00:43:52.052,109.854,109.849,1,1.57
20.08.2021 00:43:59.660,109.853,109.849,1.39,1.57
20.08.2021 00:44:01.240,109.851,109.848,1,2.51
20.08.2021 00:44:01.341,109.852,109.848,2.89,1.1
20.08.2021 00:44:03.630,109.853,109.848,1.39,1
20.08.2021 00:44:05.453,109.852,109.848,1.39,1.1
20.08.2021 00:44:06.693,109.852,109.849,1.39,1
20.08.2021 00:44:14.907,109.854,109.849,1.69,1
20.08.2021 00:44:15.008,109.854,109.851,1.25,4.57
20.08.2021 00:44:15.109,109.85600000000001,109.853,1.25,1.1
20.08.2021 00:44:15.211,109.85600000000001,109.854,1.25,1
20.08.2021 00:44:15.312,109.85700000000001,109.853,3.19,1.2
20.08.2021 00:44:15.414,109.85600000000001,109.853,1.69,1.1
20.08.2021 00:44:17.440,109.854,109.851,1,3
20.08.2021 00:44:17.541,109.854,109.85000000000001,1,3.64
20.08.2021 00:44:17.995,109.854,109.85000000000001,1,3.66
20.08.2021 00:44:18.398,109.854,109.85000000000001,1,1.95
20.08.2021 00:44:26.093,109.854,109.851,1,1
20.08.2021 00:44:27.179,109.854,109.852,1,1
20.08.2021 00:44:30.384,109.855,109.852,2.44,1
20.08.2021 00:44:31.249,109.855,109.853,2.44,1
20.08.2021 00:44:32.009,109.85600000000001,109.853,2.25,1
20.08.2021 00:44:32.632,109.85700000000001,109.854,1.25,2.32
20.08.2021 00:44:32.733,109.85700000000001,109.85600000000001,1.25,1
20.08.2021 00:44:34.224,109.859,109.855,1.69,1
20.08.2021 00:44:37.080,109.859,109.85600000000001,1.69,1
20.08.2021 00:44:38.146,109.859,109.85700000000001,1.5,1
20.08.2021 00:44:38.248,109.861,109.85799999999999,1.5,1.1
20.08.2021 00:44:38.349,109.86200000000001,109.859,1.69,2.25
20.08.2021 00:44:38.450,109.86200000000001,109.861,1.69,1
20.08.2021 00:44:38.653,109.863,109.861,1,1
20.08.2021 00:44:38.754,109.863,109.86200000000001,1,1
20.08.2021 00:44:43.105,109.864,109.86200000000001,2.44,1.5
20.08.2021 00:44:43.527,109.864,109.86,2.25,2.82
20.08.2021 00:44:43.757,109.864,109.86,2.25,2.7
20.08.2021 00:44:46.413,109.86500000000001,109.859,1,4.6
20.08.2021 00:45:16.676,109.864,109.86,3.19,2.1
20.08.2021 00:45:17.858,109.863,109.86,1,2.1
20.08.2021 00:45:21.458,109.86200000000001,109.86,1.69,1.2
20.08.2021 00:45:21.509,109.86,109.85700000000001,1.69,2.7
20.08.2021 00:45:21.611,109.861,109.85799999999999,1.69,1
20.08.2021 00:45:21.662,109.859,109.85600000000001,1,3.45
20.08.2021 00:45:24.700,109.859,109.855,3.25,1.95
20.08.2021 00:45:26.951,109.859,109.855,3.25,2.1
20.08.2021 00:45:28.465,109.859,109.85700000000001,2.25,1
20.08.2021 00:45:28.567,109.86,109.85799999999999,1,4.2
20.08.2021 00:45:28.668,109.861,109.859,1,1.2
20.08.2021 00:45:28.770,109.861,109.85700000000001,2.44,2.85
20.08.2021 00:45:28.871,109.861,109.85700000000001,2.44,2.7
20.08.2021 00:45:28.973,109.86,109.85700000000001,1,2.7
20.08.2021 00:45:32.251,109.859,109.855,2.44,3.45
20.08.2021 00:45:32.352,109.85799999999999,109.855,1.69,1.95
20.08.2021 00:45:33.805,109.859,109.855,1.25,1
20.08.2021 00:45:39.344,109.85799999999999,109.855,1.69,1.95
20.08.2021 00:45:41.050,109.85700000000001,109.854,2.44,1.2
20.08.2021 00:45:44.414,109.85700000000001,109.855,1.69,1
20.08.2021 00:45:44.516,109.85799999999999,109.855,1.5,1.2
20.08.2021 00:45:45.122,109.859,109.855,3.19,2.7
20.08.2021 00:45:45.223,109.85799999999999,109.855,1,1.2
20.08.2021 00:45:46.238,109.859,109.855,3.19,2.7
20.08.2021 00:45:46.712,109.859,109.854,1.69,1.2
20.08.2021 00:45:46.829,109.85799999999999,109.854,3.19,1.95
20.08.2021 00:45:49.634,109.85600000000001,109.854,1,1
20.08.2021 00:45:49.837,109.85799999999999,109.854,3.25,1.2
20.08.2021 00:45:51.335,109.85799999999999,109.855,1.75,1.95
20.08.2021 00:45:53.314,109.859,109.854,1.69,1.95
20.08.2021 00:45:55.770,109.859,109.85600000000001,1,2.14
20.08.2021 00:46:04.721,109.861,109.859,1.5,1
20.08.2021 00:46:04.823,109.86200000000001,109.859,1,2.14
20.08.2021 00:46:04.924,109.863,109.86,1.5,1.39
20.08.2021 00:46:05.083,109.863,109.859,2.89,1.2
20.08.2021 00:46:05.184,109.86,109.85700000000001,2.25,3.45
20.08.2021 00:46:05.285,109.86,109.85600000000001,2.7,3.26
20.08.2021 00:46:05.401,109.86,109.85700000000001,1.5,1.2
20.08.2021 00:46:05.703,109.861,109.85700000000001,2.89,2.7
20.08.2021 00:46:07.531,109.86,109.85700000000001,1,2.14
20.08.2021 00:46:08.623,109.861,109.85700000000001,2.7,2.14
20.08.2021 00:46:09.202,109.861,109.85799999999999,1.5,1.2
20.08.2021 00:46:10.670,109.861,109.85700000000001,2.89,1.95
20.08.2021 00:46:11.189,109.86,109.85600000000001,1.5,3.79
20.08.2021 00:46:11.292,109.86,109.85600000000001,2.7,2.89
20.08.2021 00:46:21.922,109.86,109.855,1,1.2
20.08.2021 00:46:25.057,109.859,109.855,1,1.39
20.08.2021 00:46:26.117,109.85799999999999,109.85600000000001,1,1.25
20.08.2021 00:46:26.168,109.855,109.854,1.5,1.12
20.08.2021 00:46:26.219,109.854,109.85000000000001,1.1,3.39
20.08.2021 00:46:26.321,109.852,109.85000000000001,1,2.14
20.08.2021 00:46:26.523,109.854,109.852,1.1,1.75
20.08.2021 00:46:26.625,109.855,109.853,1,1.12
20.08.2021 00:46:26.726,109.85700000000001,109.854,1.57,1.75
20.08.2021 00:46:27.230,109.855,109.853,1,1.25
20.08.2021 00:46:27.332,109.854,109.852,1,1.75
20.08.2021 00:46:28.212,109.855,109.852,1.1,1.75
20.08.2021 00:46:30.230,109.854,109.851,1,1
20.08.2021 00:46:34.331,109.853,109.852,1,1.69
20.08.2021 00:46:34.389,109.855,109.852,1.1,1.75
20.08.2021 00:46:37.214,109.854,109.851,1,1
20.08.2021 00:46:43.250,109.853,109.852,1,1.69
20.08.2021 00:46:43.369,109.855,109.852,1.1,1.75
20.08.2021 00:46:46.254,109.854,109.851,1,1
20.08.2021 00:46:48.361,109.854,109.852,1,1.75
20.08.2021 00:46:48.473,109.853,109.852,1,1
20.08.2021 00:46:48.737,109.855,109.851,1,1.75
20.08.2021 00:46:49.359,109.853,109.852,1,1
20.08.2021 00:46:49.929,109.855,109.852,1,2.14
20.08.2021 00:46:55.260,109.854,109.852,1,1.69
20.08.2021 00:46:55.464,109.85600000000001,109.851,1.5,1.39
20.08.2021 00:46:55.565,109.854,109.852,1,1.39
20.08.2021 00:47:00.284,109.855,109.852,1.5,1.39
20.08.2021 00:47:00.335,109.853,109.851,1,1
20.08.2021 00:47:00.436,109.852,109.85000000000001,1,1
20.08.2021 00:47:03.024,109.852,109.848,1.76,2.32
20.08.2021 00:47:03.075,109.851,109.848,1.97,1.12
20.08.2021 00:47:03.176,109.849,109.84700000000001,1,2.89
20.08.2021 00:47:03.395,109.848,109.84700000000001,1,1.69
20.08.2021 00:47:04.406,109.852,109.846,2.14,1.1
20.08.2021 00:47:06.264,109.851,109.848,1,1.76
20.08.2021 00:47:06.365,109.851,109.848,1,2.16
20.08.2021 00:47:09.603,109.853,109.84700000000001,1.5,2.91
20.08.2021 00:47:12.217,109.85000000000001,109.848,1,2.44
20.08.2021 00:47:14.196,109.85000000000001,109.848,1,2.44
20.08.2021 00:47:14.527,109.85000000000001,109.848,1,2.44
20.08.2021 00:47:14.629,109.852,109.848,2.25,5.16
20.08.2021 00:47:14.730,109.852,109.849,1,3.66
20.08.2021 00:47:16.866,109.85000000000001,109.848,1.69,1
20.08.2021 00:47:16.916,109.849,109.846,1,1.2
20.08.2021 00:47:17.119,109.84700000000001,109.845,1,2.51
20.08.2021 00:47:17.630,109.846,109.844,1,1.57
20.08.2021 00:47:17.731,109.84700000000001,109.84299999999999,1.5,2.91
20.08.2021 00:47:18.919,109.846,109.84299999999999,1,1.76
20.08.2021 00:47:19.556,109.84299999999999,109.84100000000001,1,1.1
20.08.2021 00:47:19.910,109.84299999999999,109.839,1,1.1
20.08.2021 00:47:28.142,109.84299999999999,109.84,1.69,1.1
20.08.2021 00:47:29.277,109.84200000000001,109.84,1,1.1
20.08.2021 00:47:31.539,109.84200000000001,109.838,1,2.91
20.08.2021 00:47:31.690,109.84200000000001,109.84,1,1.1
20.08.2021 00:47:36.447,109.84299999999999,109.84,1.69,1.1
20.08.2021 00:47:36.549,109.84299999999999,109.84100000000001,1.25,1
20.08.2021 00:47:36.701,109.84200000000001,109.839,1,1.97
20.08.2021 00:47:39.467,109.84299999999999,109.839,2.44,1.97
20.08.2021 00:47:39.685,109.84200000000001,109.838,1.69,3.47
20.08.2021 00:47:41.647,109.84200000000001,109.84,1.25,1
20.08.2021 00:47:41.749,109.84299999999999,109.84,1,1.1
20.08.2021 00:47:44.905,109.844,109.84,2.89,1.57
20.08.2021 00:47:51.992,109.844,109.84,2.44,1.97
20.08.2021 00:47:57.548,109.84299999999999,109.84,1.25,1.1
20.08.2021 00:48:00.509,109.844,109.84,2.44,1.97
20.08.2021 00:48:08.934,109.844,109.84200000000001,1.25,1
20.08.2021 00:48:09.036,109.845,109.84299999999999,1,1.57
20.08.2021 00:48:12.255,109.846,109.84299999999999,1.25,1.95
20.08.2021 00:48:12.359,109.84700000000001,109.844,2.2,1
20.08.2021 00:48:16.878,109.84700000000001,109.84299999999999,2.95,2.32
