Gmt time,Ask,Bid,AskVolume,BidVolume
18.08.2021 00:00:01.124,109.54200000000002,109.537,1.76,2.47
18.08.2021 00:00:01.613,109.54200000000002,109.537,1.69,2.85
18.08.2021 00:00:03.039,109.54100000000001,109.538,1.25,1.2
18.08.2021 00:00:03.755,109.54200000000002,109.539,1.01,1
18.08.2021 00:00:03.856,109.54100000000001,109.539,1.25,1
18.08.2021 00:00:03.957,109.54100000000001,109.538,1.25,1.95
18.08.2021 00:00:07.048,109.544,109.538,5.67,1
18.08.2021 00:00:07.150,109.54100000000001,109.538,1.25,2.7
18.08.2021 00:00:07.857,109.539,109.536,1.25,2.7
18.08.2021 00:00:08.592,109.539,109.536,1.82,1.1
18.08.2021 00:00:08.693,109.54,109.535,3.42,2.89
18.08.2021 00:00:08.845,109.539,109.535,1.35,2.7
18.08.2021 00:00:10.780,109.539,109.533,3.07,1.95
18.08.2021 00:00:10.882,109.537,109.53399999999999,1.25,1.1
18.08.2021 00:00:11.529,109.537,109.533,1.25,1.95
18.08.2021 00:00:12.832,109.538,109.53399999999999,3.64,1
18.08.2021 00:00:13.237,109.539,109.535,1,1.95
18.08.2021 00:00:13.338,109.54,109.536,2.14,2.45
18.08.2021 00:00:13.916,109.539,109.536,1.25,1.01
18.08.2021 00:00:14.017,109.538,109.535,1,2.1
18.08.2021 00:00:14.398,109.538,109.535,1.08,1.39
18.08.2021 00:00:15.156,109.54100000000001,109.536,5.42,1.95
18.08.2021 00:00:15.257,109.54100000000001,109.537,4.58,1.2
18.08.2021 00:00:15.460,109.54,109.536,1.76,2.14
18.08.2021 00:00:16.122,109.54100000000001,109.536,3.32,3.87
18.08.2021 00:00:16.931,109.54100000000001,109.536,3.26,4.62
18.08.2021 00:00:18.441,109.54100000000001,109.538,1,1.39
18.08.2021 00:00:18.492,109.54299999999999,109.54,1.2,1.39
18.08.2021 00:00:19.452,109.544,109.54,1.2,1.25
18.08.2021 00:00:19.991,109.545,109.54,2.59,1.39
18.08.2021 00:00:20.243,109.545,109.54100000000001,1.2,1.25
18.08.2021 00:00:20.879,109.546,109.54100000000001,3.15,2.14
18.08.2021 00:00:21.054,109.548,109.54299999999999,3.52,1.69
18.08.2021 00:00:21.155,109.548,109.545,2.17,1
18.08.2021 00:00:21.206,109.54899999999999,109.545,1.95,1.69
18.08.2021 00:00:21.307,109.55,109.545,1.09,2.89
18.08.2021 00:00:21.409,109.552,109.545,4.42,1.25
18.08.2021 00:00:21.510,109.551,109.546,4.65,1.39
18.08.2021 00:00:22.248,109.552,109.546,3.9,1.25
18.08.2021 00:00:22.400,109.551,109.54700000000001,1.2,1.75
18.08.2021 00:00:22.555,109.552,109.54700000000001,4.46,2.2
18.08.2021 00:00:22.657,109.552,109.548,3.07,1.25
18.08.2021 00:00:22.758,109.552,109.548,3.07,1.25
18.08.2021 00:00:23.109,109.552,109.54899999999999,1.12,1.5
18.08.2021 00:00:23.211,109.555,109.551,1.72,1.39
18.08.2021 00:00:23.362,109.55600000000001,109.551,3.34,1.39
18.08.2021 00:00:24.615,109.55600000000001,109.551,4.15,1.2
18.08.2021 00:00:25.352,109.555,109.551,1.64,1.2
18.08.2021 00:00:25.733,109.555,109.55,3.74,1.95
18.08.2021 00:00:26.555,109.552,109.548,1.25,1.7
18.08.2021 00:00:26.657,109.552,109.54700000000001,2.95,2.64
18.08.2021 00:00:26.861,109.551,109.54700000000001,1.25,1.39
18.08.2021 00:00:27.583,109.551,109.546,1.39,2.14
18.08.2021 00:00:29.835,109.55,109.546,1.25,1.95
18.08.2021 00:00:29.937,109.54899999999999,109.545,1.25,1.2
18.08.2021 00:00:30.038,109.545,109.54100000000001,1,4.35
18.08.2021 00:00:30.545,109.545,109.54,2.14,1.95
18.08.2021 00:00:30.800,109.545,109.538,2.2,2.51
18.08.2021 00:00:30.902,109.544,109.538,1.75,1.57
18.08.2021 00:00:31.207,109.54299999999999,109.539,2.14,1.12
18.08.2021 00:00:31.360,109.54299999999999,109.539,1.25,2.32
18.08.2021 00:00:31.715,109.54299999999999,109.538,2.14,4.01
18.08.2021 00:00:31.816,109.54200000000002,109.538,1.25,3.82
18.08.2021 00:00:31.918,109.54200000000002,109.539,1.25,1.12
18.08.2021 00:00:32.020,109.54299999999999,109.539,1.39,2.62
18.08.2021 00:00:33.441,109.544,109.539,2.65,2.16
18.08.2021 00:00:33.569,109.544,109.539,2.59,2.91
18.08.2021 00:00:33.721,109.544,109.539,2.65,2.91
18.08.2021 00:00:35.331,109.544,109.54,1.39,1.01
18.08.2021 00:00:39.834,109.544,109.54,1.35,1.2
18.08.2021 00:00:41.744,109.54299999999999,109.539,1.01,1.95
18.08.2021 00:00:41.896,109.54200000000002,109.539,1.76,1
18.08.2021 00:00:41.998,109.539,109.537,1.25,1.12
18.08.2021 00:00:42.101,109.538,109.53399999999999,1,3.6
18.08.2021 00:00:42.203,109.538,109.533,2.51,2.85
18.08.2021 00:00:42.458,109.537,109.533,1.01,1.2
18.08.2021 00:00:42.710,109.536,109.53200000000001,1.25,2.85
18.08.2021 00:00:43.037,109.536,109.53200000000001,1.76,1.2
18.08.2021 00:00:43.087,109.53399999999999,109.53,1.01,4.73
18.08.2021 00:00:43.189,109.533,109.529,1.01,1.2
18.08.2021 00:00:43.679,109.53399999999999,109.53,1.01,1.2
18.08.2021 00:00:50.163,109.535,109.529,2.1,1
18.08.2021 00:00:53.369,109.533,109.52799999999999,1.39,4.6
18.08.2021 00:00:53.782,109.53200000000001,109.52799999999999,2.14,1.2
18.08.2021 00:00:55.071,109.533,109.52799999999999,1.39,3.04
18.08.2021 00:00:55.376,109.537,109.53,2.14,4.04
18.08.2021 00:00:55.477,109.537,109.53200000000001,1.2,3.04
18.08.2021 00:00:55.580,109.538,109.53399999999999,2.1,1
18.08.2021 00:00:55.935,109.539,109.53399999999999,2.89,1.5
18.08.2021 00:00:57.667,109.539,109.53399999999999,1.39,5.55
18.08.2021 00:00:58.606,109.539,109.535,1,2.1
18.08.2021 00:00:58.707,109.54,109.535,1.95,5.47
18.08.2021 00:00:58.758,109.54299999999999,109.536,2.15,3.6
18.08.2021 00:00:58.860,109.54299999999999,109.537,1.2,1.95
18.08.2021 00:00:59.115,109.54299999999999,109.538,1.95,4.8
18.08.2021 00:00:59.217,109.544,109.539,2.7,4.05
18.08.2021 00:00:59.623,109.544,109.54,1,2.1
18.08.2021 00:01:00.251,109.544,109.54,1.2,1.95
18.08.2021 00:01:00.614,109.544,109.54,1,2.85
18.08.2021 00:01:00.715,109.545,109.54,1.95,3.6
18.08.2021 00:01:02.070,109.545,109.54,2.85,2.32
18.08.2021 00:01:16.828,109.544,109.54,1,1.97
18.08.2021 00:01:17.528,109.546,109.539,1.2,2.72
18.08.2021 00:01:20.171,109.546,109.54,1.2,1.45
18.08.2021 00:01:23.067,109.546,109.54200000000002,1.2,1.39
18.08.2021 00:01:23.219,109.546,109.54299999999999,1.2,1.25
18.08.2021 00:01:23.321,109.548,109.544,1.65,1.39
18.08.2021 00:01:26.251,109.54899999999999,109.544,1.01,3.04
18.08.2021 00:01:26.352,109.55,109.545,1.57,3.04
18.08.2021 00:01:28.230,109.551,109.54700000000001,1.57,1.39
18.08.2021 00:01:30.651,109.553,109.55,1.2,1.39
18.08.2021 00:01:30.753,109.555,109.54899999999999,1.7,2.2
18.08.2021 00:01:30.854,109.554,109.54899999999999,2.91,2.95
18.08.2021 00:01:31.009,109.554,109.54899999999999,1.57,3.1
18.08.2021 00:01:31.161,109.554,109.55,1.1,1.45
18.08.2021 00:01:31.537,109.555,109.55,2.32,1.85
18.08.2021 00:01:31.638,109.55600000000001,109.552,1.65,1.39
18.08.2021 00:01:31.740,109.55799999999999,109.553,3.52,3.04
18.08.2021 00:01:31.841,109.559,109.555,4.07,1.25
18.08.2021 00:01:31.942,109.561,109.55600000000001,3.17,2.14
18.08.2021 00:01:32.497,109.561,109.55600000000001,2.32,2.29
18.08.2021 00:01:33.952,109.56200000000001,109.559,1.95,1.69
18.08.2021 00:01:34.053,109.56299999999999,109.559,1.2,2.14
18.08.2021 00:01:34.458,109.564,109.559,3.45,3.79
18.08.2021 00:01:39.202,109.56700000000001,109.56,4.09,2.16
18.08.2021 00:01:39.303,109.56700000000001,109.56200000000001,3.3,3.91
18.08.2021 00:01:39.405,109.568,109.56299999999999,1.2,2.41
18.08.2021 00:01:39.617,109.57100000000001,109.568,3.97,1.1
18.08.2021 00:01:39.769,109.573,109.568,1.2,3.91
18.08.2021 00:01:39.972,109.574,109.569,4.8,1.26
18.08.2021 00:01:40.478,109.574,109.569,2.1,1.01
18.08.2021 00:01:40.579,109.573,109.568,2.85,1.01
18.08.2021 00:01:41.280,109.572,109.56700000000001,3.6,2.51
18.08.2021 00:01:41.482,109.572,109.568,3.04,1
18.08.2021 00:01:42.210,109.57100000000001,109.56700000000001,1.2,1.01
18.08.2021 00:01:42.312,109.573,109.568,2.85,1.57
18.08.2021 00:01:42.749,109.573,109.568,2.39,1.97
18.08.2021 00:01:43.935,109.573,109.568,3.29,1.57
18.08.2021 00:01:47.147,109.572,109.565,1.39,4.36
18.08.2021 00:01:47.300,109.57100000000001,109.566,2.39,2.16
18.08.2021 00:01:47.579,109.57100000000001,109.566,3.29,1.01
18.08.2021 00:01:51.093,109.57000000000001,109.565,3.14,3.36
18.08.2021 00:01:51.548,109.569,109.564,1.25,1.1
18.08.2021 00:01:54.328,109.57000000000001,109.565,4.04,2.96
18.08.2021 00:01:58.588,109.57100000000001,109.56700000000001,5.76,1.1
18.08.2021 00:01:58.740,109.572,109.56700000000001,2.14,2.16
18.08.2021 00:01:58.994,109.572,109.568,2.29,1
18.08.2021 00:01:59.095,109.57100000000001,109.566,1.2,5.11
18.08.2021 00:02:00.114,109.573,109.568,3.04,1.76
18.08.2021 00:02:00.215,109.573,109.569,1.2,1.57
18.08.2021 00:02:00.317,109.574,109.57000000000001,1,1.25
18.08.2021 00:02:00.701,109.57799999999999,109.575,2.25,1.39
18.08.2021 00:02:00.802,109.579,109.575,2.32,1.76
18.08.2021 00:02:00.904,109.581,109.57700000000001,1.2,2.2
18.08.2021 00:02:01.005,109.583,109.57600000000001,2.7,2.41
18.08.2021 00:02:01.208,109.583,109.57799999999999,1.69,2.14
18.08.2021 00:02:01.614,109.583,109.57799999999999,1.5,2.95
18.08.2021 00:02:01.916,109.58200000000001,109.57799999999999,2.1,1.25
18.08.2021 00:02:02.017,109.581,109.57600000000001,1.2,5.11
18.08.2021 00:02:02.119,109.58,109.57600000000001,1.95,2.21
18.08.2021 00:02:03.323,109.583,109.581,1.5,1.5
18.08.2021 00:02:03.424,109.58600000000001,109.581,2.85,3.26
18.08.2021 00:02:03.728,109.58600000000001,109.58200000000001,3.29,1
18.08.2021 00:02:04.336,109.587,109.583,1,5.41
18.08.2021 00:02:04.437,109.589,109.587,1,1
18.08.2021 00:02:04.488,109.59100000000001,109.587,2.14,1.1
18.08.2021 00:02:05.348,109.59100000000001,109.587,2.39,1.57
18.08.2021 00:02:05.450,109.588,109.58500000000001,1.85,1.2
18.08.2021 00:02:05.551,109.58600000000001,109.58200000000001,2.39,1.1
18.08.2021 00:02:05.654,109.587,109.58,3.29,3.6
18.08.2021 00:02:05.756,109.584,109.58,2.69,1
18.08.2021 00:02:05.806,109.584,109.58,2.69,1.1
18.08.2021 00:02:05.908,109.584,109.579,2.39,3.92
18.08.2021 00:02:06.060,109.58500000000001,109.58,5.05,1.57
18.08.2021 00:02:06.364,109.583,109.58,1.25,1.57
18.08.2021 00:02:06.737,109.584,109.58,2.39,1.57
18.08.2021 00:02:06.998,109.583,109.58,1.5,1.1
18.08.2021 00:02:07.813,109.583,109.579,3.47,1
18.08.2021 00:02:07.914,109.58200000000001,109.57700000000001,1.39,4.11
18.08.2021 00:02:08.016,109.583,109.579,2.09,1.1
18.08.2021 00:02:12.018,109.581,109.57700000000001,1.25,2.92
18.08.2021 00:02:12.271,109.581,109.57600000000001,2.39,1.95
18.08.2021 00:02:12.589,109.581,109.575,3.14,4.09
18.08.2021 00:02:13.222,109.579,109.575,1.39,1.1
18.08.2021 00:02:13.579,109.579,109.573,3.14,4.61
18.08.2021 00:02:13.681,109.57799999999999,109.573,2.39,2.42
18.08.2021 00:02:13.783,109.579,109.573,2.89,1.1
18.08.2021 00:02:14.125,109.57799999999999,109.573,3.89,1.97
18.08.2021 00:02:14.226,109.57799999999999,109.574,2.89,1.1
18.08.2021 00:02:14.327,109.579,109.572,3.89,1.97
18.08.2021 00:02:14.801,109.575,109.57100000000001,3.14,1.27
18.08.2021 00:02:15.053,109.575,109.569,1.45,1.1
18.08.2021 00:02:15.154,109.574,109.57000000000001,1.25,1.22
18.08.2021 00:02:15.794,109.574,109.57000000000001,1.45,1.57
18.08.2021 00:02:16.207,109.57700000000001,109.572,4.04,3.07
18.08.2021 00:02:16.309,109.57700000000001,109.572,3.14,3.47
18.08.2021 00:02:18.331,109.57700000000001,109.57100000000001,1.1,2.25
18.08.2021 00:02:18.432,109.574,109.57000000000001,1.25,3.17
18.08.2021 00:02:18.938,109.575,109.57100000000001,1.39,1.1
18.08.2021 00:02:20.617,109.574,109.57000000000001,2.2,2.02
18.08.2021 00:02:22.573,109.574,109.568,1.45,3.52
18.08.2021 00:02:22.675,109.57100000000001,109.568,4.04,1.2
18.08.2021 00:02:22.726,109.572,109.568,2.14,2.96
18.08.2021 00:02:22.777,109.572,109.569,1,2.97
18.08.2021 00:02:22.878,109.572,109.569,1,2.21
18.08.2021 00:02:22.979,109.574,109.57000000000001,2.2,1.1
18.08.2021 00:02:23.081,109.573,109.569,1.75,1.97
18.08.2021 00:02:23.385,109.574,109.57000000000001,1.45,1.1
18.08.2021 00:02:23.497,109.575,109.57100000000001,2.2,1.1
18.08.2021 00:02:23.750,109.574,109.57000000000001,1.45,1.57
18.08.2021 00:02:24.709,109.575,109.57100000000001,1.39,1.1
18.08.2021 00:02:24.810,109.57700000000001,109.57000000000001,3.14,2.72
18.08.2021 00:02:24.912,109.57600000000001,109.57100000000001,1.39,4.86
18.08.2021 00:02:25.479,109.57799999999999,109.574,1.5,1.25
18.08.2021 00:02:25.638,109.579,109.575,1,1
18.08.2021 00:02:26.946,109.58,109.575,1.69,4.84
18.08.2021 00:02:28.896,109.58,109.575,4.6,2.77
18.08.2021 00:02:29.048,109.58,109.575,2.44,3.64
18.08.2021 00:02:30.647,109.58,109.575,4.6,3.19
18.08.2021 00:02:42.346,109.57799999999999,109.575,1.25,1.5
18.08.2021 00:02:42.448,109.575,109.573,1,2.4
18.08.2021 00:02:42.550,109.57600000000001,109.572,2.5,1.2
18.08.2021 00:02:42.601,109.575,109.57000000000001,2.5,2.99
18.08.2021 00:02:42.905,109.574,109.57000000000001,1.25,1.22
18.08.2021 00:02:43.058,109.574,109.57000000000001,1.25,1.1
18.08.2021 00:02:45.838,109.575,109.569,1.25,1.1
18.08.2021 00:02:45.940,109.574,109.569,3.14,1.57
18.08.2021 00:02:45.991,109.572,109.56700000000001,1,1.95
18.08.2021 00:02:46.093,109.568,109.565,1.25,1.2
18.08.2021 00:02:46.195,109.565,109.561,1.75,2.5
18.08.2021 00:02:46.245,109.565,109.561,1.75,1.65
18.08.2021 00:02:46.347,109.565,109.56200000000001,1.25,1
18.08.2021 00:02:46.449,109.56700000000001,109.56,2.2,1.1
18.08.2021 00:02:46.550,109.566,109.56200000000001,1.75,1.1
18.08.2021 00:02:48.128,109.56700000000001,109.56200000000001,2.39,3.9
18.08.2021 00:02:48.448,109.565,109.561,2.14,2.02
18.08.2021 00:02:48.599,109.565,109.561,4.41,1.2
18.08.2021 00:02:48.701,109.565,109.56,4.79,1.76
18.08.2021 00:02:48.802,109.565,109.56,2.51,5.22
18.08.2021 00:02:48.903,109.56700000000001,109.56200000000001,4.3,1.01
18.08.2021 00:02:49.157,109.56700000000001,109.56200000000001,1.69,3.7
18.08.2021 00:02:49.309,109.56700000000001,109.56200000000001,1.69,3.34
18.08.2021 00:02:50.997,109.566,109.56200000000001,1.39,3.07
18.08.2021 00:02:51.149,109.565,109.561,1.25,3.74
18.08.2021 00:02:51.251,109.566,109.56200000000001,1.25,1.97
18.08.2021 00:02:52.597,109.56700000000001,109.561,1.2,2.21
18.08.2021 00:02:53.374,109.565,109.56200000000001,1,1.1
18.08.2021 00:02:53.918,109.565,109.561,1.39,2.32
18.08.2021 00:02:54.070,109.565,109.561,3.89,2.32
18.08.2021 00:02:54.173,109.564,109.561,2.2,1
18.08.2021 00:02:54.275,109.56299999999999,109.559,1.25,4.11
18.08.2021 00:02:54.579,109.56299999999999,109.559,4.26,1.1
18.08.2021 00:02:54.731,109.56299999999999,109.55799999999999,5.54,3.34
18.08.2021 00:02:55.080,109.56299999999999,109.55799999999999,2.89,4.36
18.08.2021 00:02:55.737,109.564,109.56,1.39,1.01
18.08.2021 00:02:56.158,109.56299999999999,109.56,1.95,2.7
18.08.2021 00:02:56.260,109.56200000000001,109.56,1.39,1
18.08.2021 00:02:56.361,109.561,109.55700000000002,1.69,3.74
18.08.2021 00:02:57.570,109.56200000000001,109.55799999999999,1.2,1.57
18.08.2021 00:02:57.671,109.56299999999999,109.559,1,1.41
18.08.2021 00:02:57.789,109.565,109.55799999999999,1.2,5.11
18.08.2021 00:02:58.810,109.565,109.56,2.14,5.11
18.08.2021 00:02:59.013,109.566,109.559,1.69,6.92
18.08.2021 00:02:59.745,109.56700000000001,109.56299999999999,4.2,1.01
18.08.2021 00:03:00.477,109.568,109.56299999999999,2.7,2.91
18.08.2021 00:03:02.856,109.569,109.566,1.5,2.72
18.08.2021 00:03:02.926,109.57100000000001,109.56700000000001,1,1.39
18.08.2021 00:03:03.027,109.573,109.566,1.95,4.15
18.08.2021 00:03:06.519,109.57100000000001,109.56700000000001,2.89,1.1
18.08.2021 00:03:08.955,109.57100000000001,109.566,2.1,4.52
18.08.2021 00:03:09.559,109.57100000000001,109.566,1.95,4.92
18.08.2021 00:03:10.913,109.572,109.568,3.45,1.01
18.08.2021 00:03:11.580,109.572,109.568,1,2.16
18.08.2021 00:03:15.989,109.572,109.568,1.2,1.01
18.08.2021 00:03:23.590,109.569,109.566,1,4.09
18.08.2021 00:03:23.691,109.57000000000001,109.566,2.14,3.71
18.08.2021 00:03:26.105,109.569,109.566,1.2,1.25
18.08.2021 00:03:29.374,109.57000000000001,109.566,1.2,1.76
18.08.2021 00:03:29.476,109.57100000000001,109.568,1.25,1.1
18.08.2021 00:03:33.125,109.57100000000001,109.56700000000001,4.97,1
18.08.2021 00:03:33.227,109.57100000000001,109.566,5.72,2.51
18.08.2021 00:03:33.866,109.57000000000001,109.566,2.2,1.1
18.08.2021 00:03:34.276,109.57100000000001,109.566,6.47,2.51
18.08.2021 00:03:35.373,109.57100000000001,109.56700000000001,3.1,1
18.08.2021 00:03:36.260,109.57100000000001,109.56700000000001,2.14,1.1
18.08.2021 00:03:37.094,109.573,109.56700000000001,2.14,1.1
18.08.2021 00:03:42.990,109.572,109.568,4.26,1.57
18.08.2021 00:03:43.091,109.57100000000001,109.566,5.51,4.11
18.08.2021 00:03:43.193,109.57100000000001,109.566,6.66,3.71
18.08.2021 00:03:43.395,109.57000000000001,109.566,2.39,1.57
18.08.2021 00:03:44.063,109.57100000000001,109.566,5.54,1.76
18.08.2021 00:03:44.215,109.57100000000001,109.566,4.64,2.16
18.08.2021 00:03:45.537,109.57100000000001,109.565,1.39,1.76
18.08.2021 00:03:45.897,109.57100000000001,109.56700000000001,2.39,1.1
18.08.2021 00:03:45.998,109.57100000000001,109.56700000000001,1.39,1.01
18.08.2021 00:03:47.008,109.57100000000001,109.56700000000001,3.51,1.1
18.08.2021 00:03:47.566,109.57000000000001,109.566,2.39,1.1
18.08.2021 00:03:47.819,109.568,109.565,1,1.01
18.08.2021 00:03:48.558,109.57000000000001,109.564,1.39,1.76
18.08.2021 00:03:48.812,109.569,109.565,1.25,2.16
18.08.2021 00:03:49.064,109.569,109.565,1.39,1.76
18.08.2021 00:03:49.166,109.569,109.565,3.32,1.57
18.08.2021 00:03:51.050,109.569,109.56299999999999,1.39,2.51
18.08.2021 00:03:51.367,109.568,109.56299999999999,1.6,1
18.08.2021 00:03:51.469,109.564,109.56,1.25,3.88
18.08.2021 00:03:51.520,109.56299999999999,109.559,1.76,3.71
18.08.2021 00:03:51.571,109.56299999999999,109.559,1.39,4.4
18.08.2021 00:03:51.673,109.56200000000001,109.559,1.39,1
18.08.2021 00:03:51.774,109.56,109.55700000000002,1.2,2.14
18.08.2021 00:03:53.129,109.56200000000001,109.55700000000002,5.54,2.51
18.08.2021 00:03:55.117,109.56200000000001,109.55700000000002,2.89,2.91
18.08.2021 00:03:55.269,109.56200000000001,109.55799999999999,1.2,1.82
18.08.2021 00:03:55.370,109.56299999999999,109.55700000000002,1.2,1.01
18.08.2021 00:03:56.805,109.56200000000001,109.55799999999999,1.2,2.57
18.08.2021 00:03:57.280,109.56299999999999,109.55799999999999,4.39,4.86
18.08.2021 00:03:59.598,109.564,109.559,4.82,3.66
18.08.2021 00:03:59.700,109.565,109.56,4.3,3.26
18.08.2021 00:03:59.801,109.565,109.561,1.39,1.1
18.08.2021 00:04:00.644,109.566,109.56200000000001,3.79,1
18.08.2021 00:04:00.746,109.564,109.56200000000001,1.25,1
18.08.2021 00:04:00.847,109.564,109.56,2.2,1
18.08.2021 00:04:00.898,109.56200000000001,109.559,1.25,2.32
18.08.2021 00:04:01.958,109.56299999999999,109.559,1.25,3.66
18.08.2021 00:04:02.312,109.565,109.56,3.47,3.71
18.08.2021 00:04:02.414,109.566,109.56,2.95,1.1
18.08.2021 00:04:04.258,109.565,109.561,1.25,2.72
18.08.2021 00:04:04.359,109.56700000000001,109.56299999999999,4.67,1.57
18.08.2021 00:04:04.410,109.565,109.561,2.2,2.32
18.08.2021 00:04:04.512,109.565,109.56200000000001,1.25,1.57
18.08.2021 00:04:04.623,109.566,109.56299999999999,1.25,1.1
18.08.2021 00:04:05.976,109.56700000000001,109.56299999999999,3.32,1.1
18.08.2021 00:04:06.279,109.56700000000001,109.56200000000001,1.25,1.57
18.08.2021 00:04:06.482,109.565,109.561,3.32,3.9
18.08.2021 00:04:06.735,109.564,109.561,1.25,1.95
18.08.2021 00:04:07.139,109.565,109.561,2.2,1.95
18.08.2021 00:04:08.197,109.566,109.56200000000001,2.2,1.57
18.08.2021 00:04:10.243,109.566,109.56200000000001,1.25,2.72
18.08.2021 00:04:15.200,109.56700000000001,109.56299999999999,1.69,1.97
18.08.2021 00:04:15.303,109.568,109.564,1.69,1.97
18.08.2021 00:04:16.398,109.569,109.565,2.89,1.1
18.08.2021 00:04:21.327,109.568,109.565,1.25,1.1
18.08.2021 00:04:22.180,109.569,109.565,2.89,1.1
18.08.2021 00:04:30.483,109.568,109.565,1.25,1.95
18.08.2021 00:04:30.892,109.569,109.565,2.14,1.95
18.08.2021 00:04:37.046,109.569,109.565,1.25,3.04
18.08.2021 00:04:38.755,109.569,109.565,1.39,2.89
18.08.2021 00:04:38.907,109.569,109.565,2.2,1.95
18.08.2021 00:04:42.823,109.56700000000001,109.564,1.25,1.1
18.08.2021 00:04:43.026,109.564,109.561,1,1.2
18.08.2021 00:04:43.076,109.56299999999999,109.56,1.75,1.57
18.08.2021 00:04:43.178,109.56299999999999,109.56,2.2,1.5
18.08.2021 00:04:43.229,109.56299999999999,109.55700000000002,1.39,3.34
18.08.2021 00:04:43.280,109.56,109.55799999999999,1,2.96
18.08.2021 00:04:44.905,109.56200000000001,109.55700000000002,1.25,1.1
18.08.2021 00:04:45.425,109.56,109.55600000000001,3.7,1.95
18.08.2021 00:04:45.526,109.56,109.55600000000001,2.5,2.35
18.08.2021 00:04:45.628,109.56,109.55600000000001,2.95,1.95
18.08.2021 00:04:48.662,109.56,109.55600000000001,1.5,2.22
18.08.2021 00:04:50.597,109.559,109.55600000000001,1,2.16
18.08.2021 00:04:50.698,109.56,109.55700000000002,1,1.76
18.08.2021 00:04:51.177,109.56,109.55700000000002,1,2.16
18.08.2021 00:04:51.890,109.561,109.55700000000002,1.25,2.16
18.08.2021 00:04:53.645,109.56,109.55700000000002,1,2.51
18.08.2021 00:04:53.899,109.56,109.55600000000001,3.25,1.22
18.08.2021 00:04:54.418,109.56,109.55600000000001,1.69,3.29
18.08.2021 00:04:55.653,109.561,109.55700000000002,1,2.97
18.08.2021 00:04:56.182,109.56200000000001,109.55700000000002,3.64,2.16
18.08.2021 00:04:56.725,109.56,109.55700000000002,1,2.16
18.08.2021 00:04:58.700,109.56200000000001,109.55700000000002,2.14,2.16
18.08.2021 00:04:58.852,109.561,109.55600000000001,1,2.16
18.08.2021 00:05:00.069,109.56200000000001,109.55799999999999,1.39,1.1
18.08.2021 00:05:00.221,109.56299999999999,109.559,1,1.01
18.08.2021 00:05:00.322,109.564,109.559,1,1.01
18.08.2021 00:05:00.474,109.56299999999999,109.56,1,1.41
18.08.2021 00:05:00.576,109.564,109.561,1,1.41
18.08.2021 00:05:00.677,109.564,109.561,1,1.01
18.08.2021 00:05:05.502,109.565,109.561,2.14,1.1
18.08.2021 00:05:06.873,109.565,109.56200000000001,2.7,1.75
18.08.2021 00:05:06.974,109.565,109.56200000000001,1.25,1.1
18.08.2021 00:05:07.126,109.566,109.56200000000001,1.5,2.54
18.08.2021 00:05:07.581,109.56700000000001,109.565,1,1.2
18.08.2021 00:05:07.682,109.568,109.565,1,2.14
18.08.2021 00:05:07.834,109.57000000000001,109.564,1.76,2.14
18.08.2021 00:05:09.475,109.569,109.565,2.97,1
18.08.2021 00:05:09.728,109.569,109.565,2.51,1.2
18.08.2021 00:05:13.630,109.57000000000001,109.566,3.26,1.2
18.08.2021 00:05:13.731,109.57000000000001,109.56700000000001,1.1,1.5
18.08.2021 00:05:16.434,109.57100000000001,109.56700000000001,1.01,2.7
18.08.2021 00:05:19.256,109.57100000000001,109.568,1.1,1
18.08.2021 00:05:20.551,109.572,109.568,1,2.16
18.08.2021 00:05:20.964,109.572,109.569,1,1.41
18.08.2021 00:05:21.942,109.573,109.569,1,2.16
18.08.2021 00:05:29.515,109.574,109.569,1,2.01
18.08.2021 00:05:30.628,109.574,109.57000000000001,1,2.79
18.08.2021 00:05:31.327,109.574,109.57000000000001,1.2,1.76
18.08.2021 00:05:31.649,109.573,109.569,1,4.29
18.08.2021 00:05:36.721,109.57100000000001,109.569,3.06,1.1
18.08.2021 00:05:36.772,109.57100000000001,109.56700000000001,3.35,1.87
18.08.2021 00:05:37.126,109.57100000000001,109.566,4.47,3.26
18.08.2021 00:05:39.577,109.569,109.566,1.57,1.25
18.08.2021 00:05:45.985,109.57000000000001,109.566,1,5.99
18.08.2021 00:05:46.087,109.57100000000001,109.568,2.89,1
18.08.2021 00:05:46.492,109.572,109.568,2.21,2.14
18.08.2021 00:05:53.025,109.572,109.569,1.01,1
18.08.2021 00:05:53.768,109.573,109.569,1.1,5.65
18.08.2021 00:05:55.328,109.574,109.57000000000001,1.01,2.89
18.08.2021 00:05:56.945,109.574,109.57100000000001,1.1,1
18.08.2021 00:05:59.219,109.573,109.57000000000001,1,3.14
18.08.2021 00:05:59.371,109.573,109.57000000000001,1,2.14
18.08.2021 00:06:01.628,109.575,109.57000000000001,2.91,3.64
18.08.2021 00:06:02.720,109.573,109.57000000000001,1,1.39
18.08.2021 00:06:04.249,109.574,109.57000000000001,1.57,2.14
18.08.2021 00:06:05.926,109.574,109.57000000000001,2.16,1.69
18.08.2021 00:06:06.027,109.575,109.569,1.76,2.14
18.08.2021 00:06:10.822,109.574,109.57100000000001,1.76,1
18.08.2021 00:06:15.229,109.57799999999999,109.574,3.11,1.1
18.08.2021 00:06:15.330,109.57799999999999,109.574,2.14,1.57
18.08.2021 00:06:15.885,109.579,109.574,4.01,3.64
18.08.2021 00:06:15.987,109.579,109.575,4.01,1
18.08.2021 00:06:16.728,109.579,109.575,4.82,1
18.08.2021 00:06:16.829,109.579,109.574,5.65,2.7
18.08.2021 00:06:17.285,109.579,109.574,2.51,2.89
18.08.2021 00:06:17.386,109.58,109.574,2.14,1
18.08.2021 00:06:17.589,109.58,109.574,1.69,2.16
18.08.2021 00:06:17.919,109.58,109.57600000000001,1.39,1.01
18.08.2021 00:06:18.122,109.581,109.575,1.25,2.16
18.08.2021 00:06:20.857,109.581,109.57600000000001,3.82,2.91
18.08.2021 00:06:21.009,109.581,109.57600000000001,5.46,2.16
18.08.2021 00:06:21.647,109.581,109.57700000000001,2.14,1.1
18.08.2021 00:06:22.101,109.58,109.57700000000001,1,1.01
18.08.2021 00:06:24.378,109.58200000000001,109.57799999999999,4.01,1.76
18.08.2021 00:06:24.480,109.583,109.57799999999999,4.92,2.97
18.08.2021 00:06:24.632,109.58200000000001,109.579,1.5,1.01
18.08.2021 00:06:25.453,109.58200000000001,109.57799999999999,2.14,1.76
18.08.2021 00:06:25.554,109.581,109.57700000000001,2.14,2.51
18.08.2021 00:06:25.858,109.58,109.57700000000001,1,1.01
18.08.2021 00:06:34.801,109.58,109.575,2.89,4.56
18.08.2021 00:06:34.903,109.58,109.574,1,3.81
18.08.2021 00:06:35.058,109.58,109.575,1,1.35
18.08.2021 00:06:39.307,109.58,109.57600000000001,1.5,2.22
18.08.2021 00:06:59.630,109.58,109.57600000000001,1.01,2.14
18.08.2021 00:07:00.770,109.58,109.57600000000001,4.41,1
18.08.2021 00:07:00.871,109.58,109.575,5.16,4.09
18.08.2021 00:07:02.724,109.579,109.575,2.91,1.57
18.08.2021 00:07:04.671,109.57600000000001,109.572,2.51,3.15
18.08.2021 00:07:04.823,109.57600000000001,109.572,3.66,1.95
18.08.2021 00:07:04.924,109.57600000000001,109.57000000000001,1.1,2.89
18.08.2021 00:07:05.385,109.57600000000001,109.572,3.66,1
18.08.2021 00:07:05.537,109.57600000000001,109.572,1,3.04
18.08.2021 00:07:05.638,109.57700000000001,109.573,2.51,1.95
18.08.2021 00:07:08.246,109.57799999999999,109.574,1.76,1.2
18.08.2021 00:07:09.183,109.57799999999999,109.574,2.57,1.2
18.08.2021 00:07:09.284,109.57799999999999,109.573,3.7,1
18.08.2021 00:07:13.677,109.57600000000001,109.57100000000001,2.22,3.9
18.08.2021 00:07:13.778,109.575,109.57100000000001,2.22,1.95
18.08.2021 00:07:15.159,109.574,109.57100000000001,1.82,1
18.08.2021 00:07:16.639,109.573,109.57000000000001,1.35,1
18.08.2021 00:07:17.750,109.574,109.57000000000001,1.82,1.2
18.08.2021 00:07:18.904,109.57000000000001,109.56700000000001,1.25,1.5
18.08.2021 00:07:18.955,109.569,109.565,1.75,3.52
18.08.2021 00:07:19.212,109.568,109.564,1.25,2.64
18.08.2021 00:07:19.363,109.568,109.564,1.25,2.51
18.08.2021 00:07:20.276,109.569,109.564,2.2,2.14
18.08.2021 00:07:20.868,109.568,109.564,1.25,1.95
18.08.2021 00:07:21.274,109.569,109.564,2.2,2.14
18.08.2021 00:07:22.845,109.568,109.564,1.25,3.26
18.08.2021 00:07:23.199,109.569,109.564,2.95,3.45
18.08.2021 00:07:23.973,109.568,109.564,1.25,3.26
18.08.2021 00:07:24.125,109.569,109.564,2.65,2.7
18.08.2021 00:07:24.378,109.569,109.56700000000001,1,1
18.08.2021 00:07:24.480,109.572,109.566,2.29,2.32
18.08.2021 00:07:24.530,109.572,109.56700000000001,2.89,4.2
18.08.2021 00:07:24.581,109.572,109.56700000000001,2.89,3.57
18.08.2021 00:07:24.682,109.572,109.568,2.14,1
18.08.2021 00:07:24.784,109.572,109.568,2.14,1.5
18.08.2021 00:07:25.189,109.573,109.568,2.89,3.95
18.08.2021 00:07:25.827,109.572,109.569,1.25,1.12
18.08.2021 00:07:27.252,109.573,109.569,2.89,1.87
18.08.2021 00:07:28.057,109.572,109.569,1.25,1.87
18.08.2021 00:07:30.689,109.573,109.569,2.89,1.87
18.08.2021 00:07:30.790,109.572,109.569,1.25,1
18.08.2021 00:07:30.942,109.573,109.569,2.44,2.32
18.08.2021 00:07:33.299,109.573,109.57000000000001,1.25,1
18.08.2021 00:07:33.451,109.574,109.57000000000001,3.19,1.2
18.08.2021 00:07:35.523,109.573,109.57000000000001,1.25,1
18.08.2021 00:07:36.373,109.574,109.57000000000001,3.64,1
18.08.2021 00:07:47.050,109.574,109.57100000000001,1.5,1
18.08.2021 00:07:47.101,109.57700000000001,109.573,3.34,1
18.08.2021 00:07:48.275,109.57600000000001,109.572,2.95,1
18.08.2021 00:07:50.122,109.57600000000001,109.57100000000001,2.95,3.26
18.08.2021 00:07:58.565,109.57600000000001,109.572,3.7,1
18.08.2021 00:07:59.559,109.575,109.572,2.2,1
18.08.2021 00:07:59.711,109.575,109.57000000000001,2.95,2.89
18.08.2021 00:07:59.812,109.575,109.569,1.25,2.7
18.08.2021 00:08:03.993,109.575,109.57000000000001,2.95,2.89
18.08.2021 00:08:05.810,109.575,109.57100000000001,1.25,2.7
18.08.2021 00:08:05.911,109.57700000000001,109.572,3.34,3.45
18.08.2021 00:08:06.013,109.57700000000001,109.573,1,1.57
18.08.2021 00:08:06.114,109.579,109.573,2.89,1
18.08.2021 00:08:14.545,109.57600000000001,109.573,1,1.1
18.08.2021 00:08:14.646,109.57700000000001,109.572,1.25,1
18.08.2021 00:08:14.747,109.57600000000001,109.572,2.95,1
18.08.2021 00:08:14.848,109.57600000000001,109.57000000000001,2.95,1
18.08.2021 00:08:14.950,109.574,109.57000000000001,1.75,2.32
18.08.2021 00:08:19.117,109.572,109.569,1.25,1.39
18.08.2021 00:08:19.371,109.573,109.56700000000001,1.25,3.64
18.08.2021 00:08:20.316,109.572,109.568,1.75,2.7
18.08.2021 00:08:20.417,109.572,109.568,1.25,2.89
18.08.2021 00:08:28.848,109.573,109.56700000000001,1.25,8.47
18.08.2021 00:08:29.253,109.573,109.569,1.69,2.89
18.08.2021 00:08:29.354,109.573,109.569,1,6.47
18.08.2021 00:08:29.456,109.574,109.57000000000001,1.69,1.39
18.08.2021 00:08:29.607,109.574,109.57000000000001,2.5,1.2
18.08.2021 00:08:29.709,109.575,109.569,1.5,6.97
18.08.2021 00:08:32.352,109.575,109.57100000000001,1.69,1.95
18.08.2021 00:08:32.454,109.57600000000001,109.57100000000001,3.19,6.04
18.08.2021 00:08:32.556,109.575,109.57100000000001,1.25,3.07
18.08.2021 00:08:33.723,109.57600000000001,109.57100000000001,3.64,4.2
18.08.2021 00:08:36.851,109.575,109.57100000000001,1.25,3.07
18.08.2021 00:08:40.689,109.575,109.57000000000001,1,1
18.08.2021 00:08:41.641,109.573,109.569,1.25,6.04
18.08.2021 00:08:42.384,109.573,109.569,1.25,4.76
18.08.2021 00:08:46.505,109.575,109.569,2.5,1.2
18.08.2021 00:08:46.606,109.574,109.57000000000001,1.5,2.32
18.08.2021 00:08:51.938,109.574,109.57000000000001,1.5,3.97
18.08.2021 00:08:52.393,109.574,109.57000000000001,1.5,3.82
18.08.2021 00:08:55.307,109.574,109.57000000000001,1.5,3.41
18.08.2021 00:08:55.957,109.574,109.57000000000001,1.5,1.2
18.08.2021 00:08:59.127,109.573,109.57000000000001,1.25,1
18.08.2021 00:08:59.229,109.574,109.568,1.69,3.45
18.08.2021 00:09:02.491,109.575,109.573,1,1.95
18.08.2021 00:09:02.593,109.57700000000001,109.574,2.1,1
18.08.2021 00:09:02.695,109.579,109.573,2.44,1.95
18.08.2021 00:09:02.746,109.57600000000001,109.573,1.69,2.25
18.08.2021 00:09:04.932,109.57799999999999,109.573,1.5,1
18.08.2021 00:09:05.033,109.579,109.574,2.77,1
18.08.2021 00:09:16.138,109.575,109.572,2.89,1
18.08.2021 00:09:16.240,109.574,109.572,1,1
18.08.2021 00:09:16.341,109.574,109.57100000000001,1.5,1
18.08.2021 00:09:18.472,109.575,109.57100000000001,1.5,1.95
18.08.2021 00:09:18.573,109.575,109.572,1.5,1
18.08.2021 00:09:18.783,109.57600000000001,109.572,2.89,2.25
18.08.2021 00:09:19.152,109.57600000000001,109.573,2.44,1
18.08.2021 00:09:19.336,109.57700000000001,109.573,2.44,3.07
18.08.2021 00:09:19.488,109.57700000000001,109.574,2.44,1.12
18.08.2021 00:09:19.791,109.57700000000001,109.573,2.44,1.2
18.08.2021 00:09:27.820,109.57600000000001,109.573,1.25,1.2
18.08.2021 00:09:28.651,109.574,109.572,1.5,1.12
18.08.2021 00:09:28.753,109.574,109.57100000000001,2.44,1
18.08.2021 00:09:31.563,109.574,109.57000000000001,2.44,1.2
18.08.2021 00:09:34.184,109.573,109.57000000000001,1.25,1
18.08.2021 00:09:34.490,109.574,109.57000000000001,2.89,1
18.08.2021 00:09:36.301,109.573,109.57000000000001,1.25,1
18.08.2021 00:09:39.279,109.574,109.57000000000001,2.89,1
18.08.2021 00:09:45.035,109.574,109.57000000000001,1,4.32
18.08.2021 00:09:46.552,109.574,109.57100000000001,1,2.37
18.08.2021 00:09:46.654,109.575,109.573,1,1
18.08.2021 00:09:46.755,109.57700000000001,109.574,1,1
18.08.2021 00:09:46.856,109.57799999999999,109.574,2.89,1.5
18.08.2021 00:09:46.957,109.57799999999999,109.575,1.69,1
18.08.2021 00:09:49.102,109.579,109.575,3.64,1
18.08.2021 00:09:49.636,109.57799999999999,109.575,1.69,1
18.08.2021 00:09:51.480,109.579,109.575,3.64,1.5
18.08.2021 00:09:52.118,109.57799999999999,109.575,1.25,1.5
18.08.2021 00:09:56.968,109.579,109.575,1.69,2.89
18.08.2021 00:10:00.668,109.57799999999999,109.575,1.25,1
18.08.2021 00:10:06.858,109.579,109.574,2.2,1.5
18.08.2021 00:10:07.398,109.57799999999999,109.575,1.25,1.5
18.08.2021 00:10:08.975,109.57600000000001,109.57100000000001,1,4.99
18.08.2021 00:10:09.026,109.575,109.572,1,2.89
18.08.2021 00:10:09.128,109.574,109.57100000000001,1.25,1
18.08.2021 00:10:16.423,109.574,109.57100000000001,1.75,1.5
18.08.2021 00:10:19.690,109.575,109.57000000000001,1,1.1
18.08.2021 00:10:20.075,109.575,109.57000000000001,1,1.97
18.08.2021 00:10:20.234,109.574,109.57100000000001,1,1.57
18.08.2021 00:10:25.585,109.575,109.572,1,1.01
18.08.2021 00:10:25.636,109.57700000000001,109.574,2.51,1.1
18.08.2021 00:10:30.524,109.579,109.573,2.89,1.01
18.08.2021 00:10:30.979,109.57799999999999,109.574,2.95,2.32
18.08.2021 00:10:32.540,109.57700000000001,109.574,2.2,1
18.08.2021 00:10:40.006,109.57700000000001,109.574,2.14,1
18.08.2021 00:10:46.433,109.57700000000001,109.574,1.2,1.94
18.08.2021 00:10:46.686,109.579,109.575,2.14,1.76
18.08.2021 00:10:47.377,109.579,109.575,1.95,2.76
18.08.2021 00:10:53.985,109.579,109.575,1.39,2.51
18.08.2021 00:10:54.086,109.57799999999999,109.575,1,1.76
18.08.2021 00:10:55.453,109.58,109.574,2.14,1.01
18.08.2021 00:10:57.387,109.579,109.575,1.95,3.51
18.08.2021 00:10:59.401,109.579,109.57600000000001,1,2.01
18.08.2021 00:11:00.097,109.579,109.57600000000001,1,1.76
18.08.2021 00:11:03.558,109.579,109.57600000000001,1,3.51
18.08.2021 00:11:05.600,109.58,109.57700000000001,1.5,1.01
18.08.2021 00:11:05.703,109.58200000000001,109.579,1.2,1.69
18.08.2021 00:11:05.805,109.584,109.58,1.25,3.97
18.08.2021 00:11:07.440,109.58500000000001,109.581,1.5,2.14
18.08.2021 00:11:07.809,109.58500000000001,109.58200000000001,1,1
18.08.2021 00:11:09.533,109.58500000000001,109.581,1.5,1.95
18.08.2021 00:11:09.634,109.58500000000001,109.58200000000001,1,1
18.08.2021 00:11:11.401,109.58600000000001,109.58200000000001,3.64,1.5
18.08.2021 00:11:25.868,109.58600000000001,109.583,1.1,1
18.08.2021 00:11:25.970,109.589,109.58500000000001,4.85,1.95
18.08.2021 00:11:26.071,109.59100000000001,109.587,3.3,1
18.08.2021 00:11:26.173,109.59200000000001,109.588,2.7,1.5
18.08.2021 00:11:41.285,109.59100000000001,109.587,1.69,1.39
18.08.2021 00:11:41.336,109.588,109.58500000000001,1.79,1
18.08.2021 00:11:41.437,109.588,109.584,2.91,1.31
18.08.2021 00:11:41.740,109.587,109.583,2.51,1.95
18.08.2021 00:11:41.892,109.587,109.584,1.1,1.25
18.08.2021 00:11:41.993,109.59,109.58500000000001,3.36,1
18.08.2021 00:11:42.095,109.589,109.58600000000001,1.01,1
18.08.2021 00:11:42.196,109.589,109.58500000000001,2.89,1.39
18.08.2021 00:11:42.726,109.59,109.58500000000001,1.57,1.25
18.08.2021 00:11:42.827,109.59,109.58600000000001,3.07,3.14
18.08.2021 00:11:42.928,109.59,109.58600000000001,1.57,2.89
18.08.2021 00:11:43.080,109.589,109.584,1.1,1
18.08.2021 00:11:43.182,109.588,109.584,1.57,2.89
18.08.2021 00:11:43.283,109.58600000000001,109.58200000000001,2.32,2.89
18.08.2021 00:11:43.435,109.58500000000001,109.58200000000001,1.57,1.25
18.08.2021 00:11:46.346,109.58600000000001,109.58200000000001,1.69,5.85
18.08.2021 00:11:46.447,109.588,109.583,4.17,1.95
18.08.2021 00:11:46.548,109.589,109.584,2.16,1
18.08.2021 00:11:46.650,109.587,109.583,2.01,3.45
18.08.2021 00:11:46.751,109.58500000000001,109.583,1.25,1.5
18.08.2021 00:11:46.802,109.58500000000001,109.581,2.51,2.7
18.08.2021 00:11:46.954,109.584,109.581,1.69,1.2
18.08.2021 00:11:47.890,109.583,109.581,1.25,1
18.08.2021 00:11:47.992,109.584,109.579,1.69,1.2
18.08.2021 00:11:48.449,109.58200000000001,109.579,2.51,1.12
18.08.2021 00:11:48.551,109.58,109.57799999999999,1.25,1
18.08.2021 00:11:48.654,109.58,109.57700000000001,1.76,1
18.08.2021 00:11:48.756,109.579,109.57700000000001,1.25,1
18.08.2021 00:11:49.977,109.58,109.575,1.25,1.95
18.08.2021 00:11:50.138,109.579,109.575,2.44,1.95
18.08.2021 00:11:50.256,109.57799999999999,109.575,1.25,1.95
18.08.2021 00:11:51.378,109.57799999999999,109.574,1.76,1.95
18.08.2021 00:11:52.457,109.57700000000001,109.574,1.25,1.95
18.08.2021 00:11:52.659,109.57600000000001,109.574,1,1
18.08.2021 00:11:52.811,109.57600000000001,109.573,1.1,1
18.08.2021 00:11:52.912,109.575,109.57100000000001,2.44,1.2
18.08.2021 00:11:53.013,109.574,109.57100000000001,1.76,1
18.08.2021 00:11:53.267,109.574,109.57000000000001,2.51,2.7
18.08.2021 00:11:53.771,109.575,109.572,2.02,1
18.08.2021 00:11:53.923,109.57700000000001,109.573,3.86,1.2
18.08.2021 00:11:53.973,109.57700000000001,109.573,2.51,2.32
18.08.2021 00:11:54.276,109.57600000000001,109.573,1.25,1.95
18.08.2021 00:11:54.378,109.57600000000001,109.572,2.14,2.7
18.08.2021 00:11:54.529,109.575,109.572,1.25,1.57
18.08.2021 00:11:55.778,109.574,109.57100000000001,1.25,1.57
18.08.2021 00:11:58.099,109.574,109.57100000000001,2.5,1.1
18.08.2021 00:11:58.251,109.574,109.57100000000001,1.69,1.1
18.08.2021 00:12:01.875,109.574,109.569,1.75,4.54
18.08.2021 00:12:02.930,109.575,109.57000000000001,2.89,4.04
18.08.2021 00:12:03.031,109.575,109.572,1,1.97
18.08.2021 00:12:03.132,109.57600000000001,109.57100000000001,1.5,2.47
18.08.2021 00:12:03.234,109.57600000000001,109.57100000000001,2.89,1.97
18.08.2021 00:12:06.102,109.575,109.57100000000001,1.25,1.97
18.08.2021 00:12:06.203,109.57600000000001,109.57100000000001,2.89,1.97
18.08.2021 00:12:07.062,109.574,109.57000000000001,1.25,5.1
18.08.2021 00:12:07.315,109.575,109.57000000000001,1,4.54
18.08.2021 00:12:08.096,109.574,109.57000000000001,1.25,2.85
18.08.2021 00:12:10.716,109.575,109.57100000000001,1.69,1.22
18.08.2021 00:12:23.505,109.57700000000001,109.57000000000001,3.34,1.97
18.08.2021 00:12:23.973,109.57700000000001,109.574,1.25,1.1
18.08.2021 00:12:24.276,109.57799999999999,109.574,1.25,2.72
18.08.2021 00:12:24.478,109.57799999999999,109.574,1.75,3.1
18.08.2021 00:12:26.113,109.579,109.575,3.64,1.76
18.08.2021 00:12:26.216,109.579,109.575,2.44,1.22
18.08.2021 00:12:26.727,109.579,109.575,2.89,1.1
18.08.2021 00:12:28.224,109.57799999999999,109.575,1.25,1.1
18.08.2021 00:12:28.276,109.574,109.572,1,1
18.08.2021 00:12:28.427,109.574,109.57100000000001,2.44,1.1
18.08.2021 00:12:29.278,109.573,109.57000000000001,1.25,1.22
18.08.2021 00:12:29.535,109.573,109.57000000000001,1.25,1.1
18.08.2021 00:12:29.636,109.574,109.57000000000001,3.94,1.22
18.08.2021 00:12:30.236,109.574,109.57000000000001,3.64,1.1
18.08.2021 00:12:30.449,109.574,109.57000000000001,2.44,1.22
18.08.2021 00:12:33.855,109.574,109.569,1.25,1.22
18.08.2021 00:12:34.019,109.574,109.57100000000001,1.5,1.1
18.08.2021 00:12:49.798,109.573,109.569,1.25,2.35
18.08.2021 00:12:49.950,109.574,109.57100000000001,1.5,1.6
18.08.2021 00:12:50.051,109.57700000000001,109.573,2.36,1.57
18.08.2021 00:12:50.152,109.57700000000001,109.574,1.01,1.12
18.08.2021 00:12:50.254,109.579,109.574,4.09,1.95
18.08.2021 00:12:50.355,109.58,109.573,4.15,2.32
18.08.2021 00:12:50.456,109.579,109.574,2.89,2.32
18.08.2021 00:12:50.558,109.579,109.574,3.7,2.32
18.08.2021 00:12:51.646,109.579,109.575,1.76,1.2
18.08.2021 00:12:58.101,109.58,109.574,1.82,1.2
18.08.2021 00:12:59.710,109.579,109.57600000000001,1,1.2
18.08.2021 00:12:59.812,109.58,109.57700000000001,1.01,1
18.08.2021 00:13:01.075,109.58,109.57600000000001,2.51,1.95
18.08.2021 00:13:01.546,109.58,109.574,2.5,1.6
18.08.2021 00:13:02.114,109.579,109.575,1.69,2.1
18.08.2021 00:13:02.661,109.575,109.574,1.25,1.5
18.08.2021 00:13:02.762,109.575,109.57100000000001,1.69,3.1
18.08.2021 00:13:02.863,109.575,109.57000000000001,1.25,1.2
18.08.2021 00:13:02.965,109.574,109.57000000000001,1.25,2.72
18.08.2021 00:13:03.066,109.574,109.57000000000001,1.45,1.57
18.08.2021 00:13:04.150,109.575,109.569,1.75,1.97
18.08.2021 00:13:04.251,109.574,109.57000000000001,2.2,1.57
18.08.2021 00:13:04.554,109.574,109.57000000000001,1.25,1.97
18.08.2021 00:13:04.807,109.574,109.57000000000001,1.45,1.57
18.08.2021 00:13:10.491,109.574,109.57000000000001,1.25,1.97
18.08.2021 00:13:12.401,109.574,109.57000000000001,2.95,1.1
18.08.2021 00:13:13.890,109.574,109.57000000000001,2.5,1.22
18.08.2021 00:13:15.561,109.574,109.57000000000001,2.95,1.1
18.08.2021 00:13:16.779,109.573,109.57000000000001,1.25,1.1
18.08.2021 00:13:16.930,109.573,109.569,2.95,2.32
18.08.2021 00:13:23.114,109.573,109.569,1.75,2.72
18.08.2021 00:13:23.883,109.574,109.57000000000001,3.25,1.22
18.08.2021 00:13:24.490,109.575,109.569,1.25,2.72
18.08.2021 00:13:25.225,109.574,109.572,1,1.1
18.08.2021 00:13:25.540,109.574,109.57100000000001,1,1.1
18.08.2021 00:13:28.376,109.57600000000001,109.57000000000001,3.64,1.57
18.08.2021 00:13:33.652,109.57600000000001,109.574,1.69,1.1
18.08.2021 00:13:33.754,109.579,109.573,3.4,1.1
18.08.2021 00:13:33.855,109.57700000000001,109.572,1.25,1.57
18.08.2021 00:13:36.605,109.574,109.572,1.25,1
18.08.2021 00:13:36.706,109.574,109.57100000000001,1.25,1.1
18.08.2021 00:13:56.808,109.573,109.57100000000001,1.75,1
18.08.2021 00:13:56.909,109.573,109.57000000000001,1.25,1.57
18.08.2021 00:14:01.584,109.574,109.57000000000001,1,1.97
18.08.2021 00:14:03.166,109.573,109.57000000000001,1.25,1.1
18.08.2021 00:14:05.341,109.574,109.57000000000001,2.14,1.1
18.08.2021 00:14:11.805,109.57100000000001,109.57000000000001,1,1
18.08.2021 00:14:11.856,109.56700000000001,109.564,1.1,2.5
18.08.2021 00:14:11.957,109.564,109.56299999999999,1,2.77
18.08.2021 00:14:12.008,109.56299999999999,109.56200000000001,1.25,1
18.08.2021 00:14:12.110,109.564,109.561,1.76,1.5
18.08.2021 00:14:12.211,109.56299999999999,109.561,1.25,1.5
18.08.2021 00:14:12.312,109.564,109.56,1.69,1
18.08.2021 00:14:13.273,109.564,109.56200000000001,1.35,1
18.08.2021 00:14:13.526,109.565,109.561,1.01,1
18.08.2021 00:14:16.260,109.56700000000001,109.564,1.95,1.2
18.08.2021 00:14:16.362,109.569,109.566,2.74,1
18.08.2021 00:14:16.464,109.569,109.566,1.76,1
18.08.2021 00:14:16.718,109.569,109.565,2.51,2.7
18.08.2021 00:14:18.514,109.569,109.566,1,1.2
18.08.2021 00:14:18.615,109.57100000000001,109.56700000000001,3.71,1.2
18.08.2021 00:14:18.868,109.57000000000001,109.56700000000001,1.25,1.2
18.08.2021 00:14:18.970,109.57100000000001,109.568,1.35,1
18.08.2021 00:14:22.671,109.57000000000001,109.56700000000001,1.82,1
18.08.2021 00:14:23.886,109.57000000000001,109.56700000000001,1.1,2.25
18.08.2021 00:14:23.937,109.572,109.569,1,1
18.08.2021 00:14:24.039,109.572,109.57000000000001,1.2,1.2
18.08.2021 00:14:26.027,109.573,109.57000000000001,1.25,1.2
18.08.2021 00:14:45.722,109.574,109.57000000000001,1.76,1.2
18.08.2021 00:14:58.614,109.574,109.569,1.25,1.95
18.08.2021 00:15:01.199,109.574,109.57000000000001,1.76,1.2
18.08.2021 00:15:12.349,109.575,109.573,1,1.2
18.08.2021 00:15:12.451,109.57799999999999,109.575,2.42,1
18.08.2021 00:15:12.502,109.57799999999999,109.575,1.25,1.2
18.08.2021 00:15:13.810,109.57799999999999,109.575,2.57,1
18.08.2021 00:15:13.912,109.57799999999999,109.575,1.76,1
18.08.2021 00:15:15.411,109.57799999999999,109.57600000000001,1,1
18.08.2021 00:15:42.644,109.57799999999999,109.575,1.69,1.2
18.08.2021 00:15:50.178,109.57600000000001,109.573,2.14,3.07
18.08.2021 00:15:50.380,109.57600000000001,109.572,2.14,3.15
18.08.2021 00:16:00.437,109.575,109.57100000000001,1.25,3.45
18.08.2021 00:16:00.588,109.575,109.57000000000001,2.5,5.21
18.08.2021 00:16:01.094,109.575,109.57000000000001,3.19,5.4
18.08.2021 00:16:02.892,109.574,109.57000000000001,1.25,5.4
18.08.2021 00:16:04.532,109.575,109.572,1.2,5.14
18.08.2021 00:16:04.785,109.57600000000001,109.572,2.14,2.02
18.08.2021 00:16:07.548,109.575,109.57100000000001,2.14,2.32
18.08.2021 00:16:09.453,109.574,109.57000000000001,1.69,3.47
18.08.2021 00:16:09.555,109.574,109.57000000000001,2.14,2.32
18.08.2021 00:16:29.095,109.574,109.57000000000001,1,5.54
18.08.2021 00:16:32.323,109.575,109.57100000000001,1.95,1.1
18.08.2021 00:16:40.416,109.574,109.57100000000001,1.39,1
18.08.2021 00:16:53.089,109.573,109.57100000000001,1.25,1
18.08.2021 00:16:55.122,109.573,109.57000000000001,1.25,1.57
18.08.2021 00:16:55.224,109.569,109.568,1.25,1.2
18.08.2021 00:16:55.427,109.568,109.566,1.69,1.2
18.08.2021 00:16:55.578,109.568,109.564,2.44,2.7
18.08.2021 00:16:55.780,109.568,109.56700000000001,1,1
18.08.2021 00:16:55.831,109.57000000000001,109.568,1.39,1
18.08.2021 00:16:55.932,109.57100000000001,109.566,1.2,1.69
18.08.2021 00:16:56.034,109.57100000000001,109.568,1.25,1.5
18.08.2021 00:16:56.135,109.573,109.569,3.55,1.5
18.08.2021 00:16:56.236,109.572,109.569,1.45,1
18.08.2021 00:16:56.338,109.573,109.569,2.95,1.5
18.08.2021 00:16:56.439,109.573,109.57000000000001,2.2,1
18.08.2021 00:16:56.904,109.573,109.57000000000001,1.25,1
18.08.2021 00:16:57.208,109.57600000000001,109.573,1.57,2.25
18.08.2021 00:16:57.361,109.57700000000001,109.573,2.89,1
18.08.2021 00:16:57.463,109.57600000000001,109.573,1.25,1
18.08.2021 00:16:58.377,109.57700000000001,109.574,1.69,1
18.08.2021 00:16:58.581,109.57600000000001,109.574,1.25,1
18.08.2021 00:16:58.683,109.57700000000001,109.574,2.89,1
18.08.2021 00:16:59.415,109.57700000000001,109.575,1.25,1
18.08.2021 00:17:00.449,109.57799999999999,109.575,2.44,1
18.08.2021 00:17:01.571,109.57700000000001,109.574,1.25,3
18.08.2021 00:17:03.023,109.575,109.572,1.25,5.4
18.08.2021 00:17:03.689,109.57600000000001,109.573,1.39,1
18.08.2021 00:17:05.578,109.575,109.573,1.25,1
18.08.2021 00:17:06.107,109.574,109.57100000000001,1.25,1.5
18.08.2021 00:17:11.232,109.573,109.57000000000001,1.25,2.7
18.08.2021 00:17:12.318,109.574,109.57000000000001,1.25,3.45
18.08.2021 00:17:14.096,109.573,109.57000000000001,1.25,3.45
18.08.2021 00:17:17.904,109.572,109.57000000000001,1.25,1
18.08.2021 00:17:18.005,109.573,109.57000000000001,1.25,1
18.08.2021 00:17:18.931,109.574,109.57000000000001,2.14,1.5
18.08.2021 00:17:39.263,109.57700000000001,109.57100000000001,5.74,1
18.08.2021 00:17:39.365,109.575,109.57100000000001,2.29,3
18.08.2021 00:17:41.709,109.575,109.57100000000001,1.95,2.32
18.08.2021 00:17:41.810,109.57700000000001,109.57100000000001,3.79,1
18.08.2021 00:17:48.476,109.57600000000001,109.573,1.39,1
18.08.2021 00:17:48.949,109.574,109.572,1.2,1
18.08.2021 00:17:49.051,109.574,109.57100000000001,1.2,1
18.08.2021 00:17:50.368,109.574,109.57000000000001,1.2,3.82
18.08.2021 00:17:53.141,109.573,109.57000000000001,1.25,2.32
18.08.2021 00:17:54.588,109.574,109.57000000000001,2.14,2.32
18.08.2021 00:17:55.604,109.573,109.57000000000001,1.25,2.32
18.08.2021 00:17:55.810,109.574,109.57000000000001,2.14,3.07
18.08.2021 00:17:57.580,109.575,109.57100000000001,1.6,1.5
18.08.2021 00:17:58.198,109.575,109.57100000000001,1.2,3.45
18.08.2021 00:17:58.653,109.574,109.57100000000001,1.2,1.5
18.08.2021 00:17:58.754,109.574,109.57000000000001,1.95,4.27
18.08.2021 00:17:58.855,109.574,109.57100000000001,1.2,1
18.08.2021 00:17:59.641,109.575,109.57100000000001,2.14,3.07
18.08.2021 00:18:01.528,109.574,109.57000000000001,1.95,4.02
18.08.2021 00:18:02.264,109.573,109.57000000000001,1.25,2.32
18.08.2021 00:18:02.684,109.574,109.57000000000001,2.89,2.32
18.08.2021 00:18:03.280,109.573,109.57000000000001,1.25,1.57
18.08.2021 00:18:15.489,109.574,109.57000000000001,1.95,5.21
18.08.2021 00:18:21.773,109.573,109.57000000000001,1.25,1.57
18.08.2021 00:18:22.310,109.573,109.569,3.79,1.12
18.08.2021 00:18:27.649,109.572,109.57000000000001,1.25,1
18.08.2021 00:18:27.750,109.573,109.57100000000001,1,1
18.08.2021 00:18:27.851,109.574,109.57100000000001,1.2,1
18.08.2021 00:18:32.135,109.575,109.572,1.95,1
18.08.2021 00:18:34.192,109.575,109.573,1.2,1
18.08.2021 00:18:34.315,109.57700000000001,109.573,3.79,2.25
18.08.2021 00:18:35.875,109.57700000000001,109.574,1.2,1
18.08.2021 00:18:36.028,109.57799999999999,109.574,2.89,2.32
18.08.2021 00:18:38.766,109.57799999999999,109.574,1.2,5.2
18.08.2021 00:18:38.918,109.57799999999999,109.574,1.39,5.21
18.08.2021 00:18:44.196,109.579,109.575,4.6,1
18.08.2021 00:19:06.593,109.57799999999999,109.574,2.14,2.96
18.08.2021 00:19:15.925,109.57799999999999,109.574,3.1,1
18.08.2021 00:19:16.028,109.574,109.572,1.95,1.2
18.08.2021 00:19:16.181,109.575,109.57000000000001,2.95,1
18.08.2021 00:19:20.032,109.572,109.568,1.75,1
18.08.2021 00:19:20.134,109.568,109.56700000000001,1.69,1.2
18.08.2021 00:19:20.184,109.568,109.565,1.5,1.01
18.08.2021 00:19:20.235,109.568,109.564,1.5,6.47
18.08.2021 00:19:20.437,109.568,109.564,1.5,5.56
18.08.2021 00:19:20.685,109.568,109.564,2.89,2.14
18.08.2021 00:19:20.786,109.566,109.56299999999999,1.69,2
18.08.2021 00:19:20.887,109.566,109.56299999999999,1.69,1
18.08.2021 00:19:22.971,109.564,109.56200000000001,1.39,1.2
18.08.2021 00:19:23.072,109.56299999999999,109.561,1.25,1.2
18.08.2021 00:19:23.123,109.56299999999999,109.559,1.69,4.46
18.08.2021 00:19:25.623,109.56200000000001,109.559,1,1.01
18.08.2021 00:19:27.267,109.561,109.559,1,1
18.08.2021 00:19:27.369,109.56200000000001,109.55700000000002,3.79,6.76
18.08.2021 00:19:27.520,109.56,109.55700000000002,1,2.94
18.08.2021 00:19:27.988,109.559,109.55600000000001,1,1.76
18.08.2021 00:19:31.057,109.55700000000002,109.555,1,1
18.08.2021 00:19:31.158,109.55700000000002,109.554,1,2.44
18.08.2021 00:19:31.260,109.55600000000001,109.554,1,1
18.08.2021 00:19:31.464,109.55600000000001,109.552,2.89,1.1
18.08.2021 00:19:31.566,109.555,109.551,2.95,2.81
18.08.2021 00:19:31.668,109.555,109.551,2.14,2.25
18.08.2021 00:19:32.080,109.554,109.551,1,2.06
18.08.2021 00:19:32.552,109.55600000000001,109.55,1.95,2.89
18.08.2021 00:19:33.128,109.552,109.55,1.25,3.65
18.08.2021 00:19:33.230,109.552,109.548,1.25,8.13
18.08.2021 00:19:33.733,109.552,109.548,1.39,5.89
18.08.2021 00:19:34.390,109.55,109.54700000000001,1.5,1.95
18.08.2021 00:19:34.694,109.55,109.545,3.7,6.11
18.08.2021 00:19:34.795,109.54899999999999,109.544,3.7,3.14
18.08.2021 00:19:34.846,109.54899999999999,109.544,4.45,4.2
18.08.2021 00:19:35.048,109.54899999999999,109.545,4.45,1
18.08.2021 00:19:35.521,109.54899999999999,109.544,3.7,5.4
18.08.2021 00:19:35.723,109.54899999999999,109.545,3.7,1
18.08.2021 00:19:35.824,109.54899999999999,109.545,2.89,1.69
18.08.2021 00:19:36.227,109.548,109.545,1,1.69
18.08.2021 00:19:36.732,109.548,109.546,1,1
18.08.2021 00:19:37.106,109.54899999999999,109.546,1,1.1
18.08.2021 00:19:37.257,109.54899999999999,109.54700000000001,1,1
18.08.2021 00:19:37.942,109.55,109.54700000000001,1.2,1
18.08.2021 00:19:40.616,109.551,109.54700000000001,2.7,1.76
18.08.2021 00:19:40.667,109.552,109.54899999999999,1.95,1
18.08.2021 00:19:40.869,109.552,109.55,1.95,1
18.08.2021 00:19:41.912,109.553,109.551,2.14,1
18.08.2021 00:19:42.013,109.554,109.551,2.35,1
18.08.2021 00:19:42.166,109.554,109.552,1.25,1
18.08.2021 00:19:42.420,109.555,109.552,1.39,1
18.08.2021 00:19:42.522,109.553,109.552,1.25,1
18.08.2021 00:19:42.623,109.553,109.55,2.89,2.32
18.08.2021 00:19:42.988,109.554,109.548,3.64,1.57
18.08.2021 00:19:43.283,109.552,109.54899999999999,1.25,1.57
18.08.2021 00:19:43.509,109.551,109.548,2.14,1
18.08.2021 00:19:43.661,109.55,109.548,1.69,1
18.08.2021 00:19:43.914,109.55,109.54700000000001,2.89,1
18.08.2021 00:19:44.015,109.548,109.54700000000001,1,1
18.08.2021 00:19:44.117,109.54899999999999,109.546,2.14,1.87
18.08.2021 00:19:47.986,109.548,109.545,1,1
18.08.2021 00:19:48.087,109.546,109.54299999999999,1,2.77
18.08.2021 00:19:48.240,109.544,109.54200000000002,1.25,1
18.08.2021 00:19:48.341,109.544,109.54,2.89,1.57
18.08.2021 00:19:48.443,109.54200000000002,109.54,1.95,1
18.08.2021 00:19:48.883,109.54100000000001,109.538,2.62,2.52
18.08.2021 00:19:48.934,109.539,109.535,1.69,3.39
18.08.2021 00:19:49.035,109.537,109.535,1,2.7
18.08.2021 00:19:49.187,109.537,109.53399999999999,1,1.39
18.08.2021 00:19:49.289,109.536,109.533,1,2.64
18.08.2021 00:19:49.390,109.536,109.531,1.25,8.8
18.08.2021 00:19:49.542,109.537,109.533,1.95,1.5
18.08.2021 00:19:50.097,109.538,109.53399999999999,1.39,2.96
18.08.2021 00:19:50.249,109.538,109.53399999999999,1.2,3.96
18.08.2021 00:19:50.635,109.539,109.53399999999999,2.14,5.86
18.08.2021 00:19:51.584,109.538,109.53399999999999,5.72,1.57
18.08.2021 00:19:51.686,109.536,109.533,1,3.57
18.08.2021 00:19:51.989,109.536,109.53200000000001,2.95,2.4
18.08.2021 00:19:52.091,109.537,109.53200000000001,2.95,4.24
18.08.2021 00:19:52.242,109.538,109.53200000000001,1.39,2.44
18.08.2021 00:19:52.344,109.536,109.533,1,2.59
18.08.2021 00:19:52.748,109.537,109.533,1.39,4.84
18.08.2021 00:19:53.010,109.537,109.533,1.25,4.49
18.08.2021 00:19:54.629,109.538,109.53399999999999,1.39,3.56
18.08.2021 00:19:54.730,109.538,109.53399999999999,1.39,3.46
18.08.2021 00:19:55.776,109.54,109.537,3,1.01
18.08.2021 00:19:55.877,109.54200000000002,109.538,1.2,4.07
18.08.2021 00:19:55.979,109.54200000000002,109.538,1,2.14
18.08.2021 00:19:56.080,109.544,109.538,1.39,1
18.08.2021 00:19:56.535,109.544,109.539,2.14,4.86
18.08.2021 00:19:56.738,109.545,109.538,2.95,4.04
18.08.2021 00:19:57.703,109.544,109.539,3.29,1.35
18.08.2021 00:20:00.171,109.544,109.54,1.95,1.01
18.08.2021 00:20:01.209,109.546,109.54200000000002,4.69,1.22
18.08.2021 00:20:01.311,109.548,109.544,4.46,1.57
18.08.2021 00:20:01.413,109.548,109.544,4.91,1
18.08.2021 00:20:01.514,109.546,109.54299999999999,2.14,1.95
18.08.2021 00:20:01.616,109.54700000000001,109.54299999999999,2.89,1.57
18.08.2021 00:20:02.244,109.548,109.544,1.2,4.39
18.08.2021 00:20:02.346,109.548,109.545,1,1
18.08.2021 00:20:02.448,109.54899999999999,109.545,1,2.25
18.08.2021 00:20:02.600,109.55,109.545,1.95,4.41
18.08.2021 00:20:05.327,109.55,109.546,2.16,1.12
18.08.2021 00:20:05.529,109.54899999999999,109.545,1.01,3.07
18.08.2021 00:20:06.520,109.548,109.545,1.01,1.5
18.08.2021 00:20:06.623,109.548,109.544,2.91,1.3
18.08.2021 00:20:07.423,109.54899999999999,109.54299999999999,2.51,1.42
18.08.2021 00:20:07.928,109.54899999999999,109.54299999999999,1,4.34
18.08.2021 00:20:08.796,109.548,109.544,1.76,2.17
18.08.2021 00:20:09.099,109.548,109.544,2.91,1.3
18.08.2021 00:20:10.150,109.54700000000001,109.54299999999999,1.82,2.25
18.08.2021 00:20:10.251,109.54700000000001,109.54299999999999,1.82,2.14
18.08.2021 00:20:10.397,109.545,109.54100000000001,3.25,5.8
18.08.2021 00:20:10.498,109.545,109.54100000000001,2.57,4.65
18.08.2021 00:20:10.600,109.546,109.54200000000002,3.32,1.2
18.08.2021 00:20:10.702,109.545,109.54200000000002,1.25,1.2
18.08.2021 00:20:10.854,109.54700000000001,109.54100000000001,3.32,1.2
18.08.2021 00:20:12.064,109.545,109.54100000000001,2.57,1.95
18.08.2021 00:20:13.160,109.546,109.54,1.57,2.95
18.08.2021 00:20:13.269,109.545,109.54200000000002,1.57,1.25
18.08.2021 00:20:14.260,109.546,109.54299999999999,2.32,1.25
18.08.2021 00:20:14.362,109.546,109.544,2.32,1.25
18.08.2021 00:20:14.524,109.54700000000001,109.54200000000002,2.32,1.25
18.08.2021 00:20:15.551,109.546,109.54200000000002,2.32,1.39
18.08.2021 00:20:15.889,109.545,109.54200000000002,1.57,1.25
18.08.2021 00:20:16.142,109.545,109.54100000000001,1.57,4.39
18.08.2021 00:20:16.243,109.544,109.54100000000001,1,2.2
18.08.2021 00:20:17.114,109.544,109.54100000000001,1,2.14
18.08.2021 00:20:17.316,109.544,109.54200000000002,1,1.25
18.08.2021 00:20:17.418,109.546,109.54100000000001,2.32,1.25
18.08.2021 00:20:26.420,109.546,109.54,2.32,2.89
18.08.2021 00:20:27.308,109.545,109.54200000000002,2.32,1.25
18.08.2021 00:20:29.985,109.545,109.54100000000001,2.7,2.51
18.08.2021 00:20:30.436,109.545,109.54200000000002,2.7,1.25
18.08.2021 00:20:30.580,109.544,109.54200000000002,1,1.25
18.08.2021 00:20:31.016,109.545,109.54200000000002,1.95,1.25
18.08.2021 00:20:33.448,109.545,109.54299999999999,1.95,1.25
18.08.2021 00:20:33.706,109.544,109.54200000000002,1,1.25
18.08.2021 00:20:33.858,109.545,109.54200000000002,1.95,1.25
18.08.2021 00:20:35.969,109.544,109.54200000000002,1,1.25
18.08.2021 00:20:37.347,109.545,109.54200000000002,1.2,1.25
18.08.2021 00:20:47.929,109.546,109.544,1.5,1.25
18.08.2021 00:20:48.030,109.548,109.545,3.15,1.25
18.08.2021 00:20:48.132,109.548,109.545,1,1.82
18.08.2021 00:20:48.233,109.55,109.544,2.7,1.82
18.08.2021 00:20:48.540,109.54899999999999,109.546,2.7,1.25
18.08.2021 00:20:48.742,109.54899999999999,109.545,2.7,2.95
18.08.2021 00:20:49.376,109.54899999999999,109.546,2.25,1.45
18.08.2021 00:20:49.477,109.55,109.54700000000001,1.57,1.25
18.08.2021 00:20:49.582,109.55,109.548,1,1.25
18.08.2021 00:20:49.885,109.551,109.548,1.1,1.69
18.08.2021 00:20:52.500,109.552,109.54899999999999,3.48,1.25
18.08.2021 00:20:52.602,109.552,109.55,1.1,1.25
18.08.2021 00:20:52.703,109.553,109.55,2.32,1.25
18.08.2021 00:20:55.538,109.554,109.551,1.57,1.69
18.08.2021 00:21:02.815,109.553,109.551,1,1.69
18.08.2021 00:21:03.670,109.554,109.552,1,1.25
18.08.2021 00:21:03.900,109.555,109.552,2.32,1.25
18.08.2021 00:21:10.738,109.554,109.552,1,3.26
18.08.2021 00:21:11.987,109.55600000000001,109.551,1.1,2.44
18.08.2021 00:21:15.998,109.55600000000001,109.552,1.5,1.25
18.08.2021 00:21:18.933,109.555,109.552,1.1,2.44
18.08.2021 00:21:21.205,109.555,109.553,1,1.25
18.08.2021 00:21:22.683,109.554,109.553,1,1.25
18.08.2021 00:21:22.887,109.555,109.552,1.1,2.44
18.08.2021 00:21:23.760,109.554,109.552,1,1.5
18.08.2021 00:21:24.194,109.552,109.55,1,2.73
18.08.2021 00:21:24.296,109.55,109.54899999999999,1,1.2
18.08.2021 00:21:24.398,109.551,109.54700000000001,1.57,3.45
18.08.2021 00:21:24.753,109.55,109.548,1,1.01
18.08.2021 00:21:27.224,109.55,109.548,1,1.35
18.08.2021 00:21:29.232,109.551,109.548,1,1.47
18.08.2021 00:21:31.235,109.55,109.548,1,1.25
18.08.2021 00:21:38.799,109.552,109.548,1,1.75
18.08.2021 00:21:38.900,109.553,109.54899999999999,1,1.35
18.08.2021 00:21:39.305,109.552,109.54899999999999,1,5.29
18.08.2021 00:21:39.406,109.553,109.551,1,1.35
18.08.2021 00:21:39.507,109.554,109.551,1,1.82
18.08.2021 00:21:39.737,109.553,109.551,1,1.82
18.08.2021 00:21:40.141,109.553,109.551,1,1.01
18.08.2021 00:21:41.715,109.553,109.551,1,1.82
18.08.2021 00:21:42.169,109.553,109.551,1,1.01
18.08.2021 00:21:53.000,109.553,109.551,1,1.75
18.08.2021 00:21:53.101,109.555,109.55,1,2.22
18.08.2021 00:21:53.227,109.555,109.551,2.62,1.41
18.08.2021 00:21:53.328,109.553,109.551,1,1.01
18.08.2021 00:21:53.745,109.553,109.552,1,1.25
18.08.2021 00:21:53.846,109.554,109.552,1,1.01
18.08.2021 00:21:54.757,109.555,109.552,1,1.76
18.08.2021 00:21:58.435,109.555,109.552,1,2.16
18.08.2021 00:22:05.958,109.55799999999999,109.553,2.25,1.01
18.08.2021 00:22:06.211,109.55700000000002,109.554,2.25,1.41
18.08.2021 00:22:07.101,109.55799999999999,109.552,3,3.29
18.08.2021 00:22:07.202,109.55700000000002,109.554,1.5,1.35
18.08.2021 00:22:07.353,109.55700000000002,109.553,1.5,2.91
18.08.2021 00:22:07.523,109.55600000000001,109.553,1,2.16
18.08.2021 00:22:09.224,109.55700000000002,109.554,2.25,1.01
18.08.2021 00:22:10.228,109.55700000000002,109.554,2.25,1.41
18.08.2021 00:22:15.311,109.55700000000002,109.554,2.25,1.01
18.08.2021 00:22:15.412,109.55700000000002,109.554,2.25,1.41
18.08.2021 00:22:25.664,109.55799999999999,109.55700000000002,1,1.25
18.08.2021 00:22:25.918,109.559,109.55600000000001,1,2.97
18.08.2021 00:22:26.019,109.559,109.55700000000002,1,2.5
18.08.2021 00:22:26.272,109.559,109.55700000000002,1,1.76
18.08.2021 00:22:27.117,109.559,109.555,1,1.1
18.08.2021 00:22:27.220,109.55799999999999,109.554,1.5,4.25
18.08.2021 00:22:27.321,109.55799999999999,109.553,1,3.87
18.08.2021 00:22:35.024,109.55600000000001,109.554,1,1.35
18.08.2021 00:22:35.137,109.555,109.552,1.5,2.89
18.08.2021 00:22:35.238,109.553,109.551,1,1.82
18.08.2021 00:22:35.340,109.554,109.55,1,2.91
18.08.2021 00:22:35.442,109.553,109.54899999999999,1,1.76
18.08.2021 00:22:36.498,109.551,109.54899999999999,1,1.76
18.08.2021 00:22:36.600,109.552,109.55,1,1.01
18.08.2021 00:22:37.098,109.553,109.551,1,1.25
18.08.2021 00:22:37.199,109.555,109.551,1.2,1.01
18.08.2021 00:22:37.300,109.555,109.551,1,1.41
18.08.2021 00:22:40.255,109.553,109.551,1,1.69
18.08.2021 00:22:40.650,109.554,109.551,1,2.16
18.08.2021 00:22:43.510,109.554,109.551,1,1.01
18.08.2021 00:22:43.712,109.555,109.551,3.26,1.1
18.08.2021 00:22:43.814,109.555,109.55,1,1.1
18.08.2021 00:22:44.967,109.553,109.551,1,1.1
18.08.2021 00:22:47.247,109.554,109.551,1,1.76
18.08.2021 00:22:51.994,109.554,109.551,1,2.91
18.08.2021 00:22:52.095,109.554,109.551,1,2.51
18.08.2021 00:22:52.198,109.555,109.55,1,2.91
18.08.2021 00:22:59.846,109.554,109.551,1,2.51
18.08.2021 00:23:00.456,109.554,109.551,1,2.91
18.08.2021 00:23:01.359,109.554,109.552,1,1.35
18.08.2021 00:23:02.335,109.554,109.551,1,2.97
18.08.2021 00:23:07.377,109.554,109.552,1,1.35
18.08.2021 00:23:09.587,109.55700000000002,109.554,2.25,1.35
18.08.2021 00:23:09.890,109.55600000000001,109.554,1,1.35
18.08.2021 00:23:10.042,109.55700000000002,109.554,1.5,1.35
18.08.2021 00:23:17.854,109.55600000000001,109.554,1,1.35
18.08.2021 00:23:17.955,109.55700000000002,109.554,1.5,1.35
18.08.2021 00:23:21.603,109.55700000000002,109.555,1,1.35
18.08.2021 00:23:21.855,109.559,109.555,1.5,2.22
18.08.2021 00:23:22.310,109.559,109.55600000000001,1.5,1.82
18.08.2021 00:23:23.704,109.55700000000002,109.555,1,2.14
18.08.2021 00:23:29.338,109.55700000000002,109.554,1,1.76
18.08.2021 00:23:35.395,109.555,109.554,1,1
18.08.2021 00:23:35.497,109.55600000000001,109.554,1,1.76
18.08.2021 00:23:35.547,109.553,109.552,1.12,1
18.08.2021 00:23:35.598,109.552,109.54899999999999,1,3.82
18.08.2021 00:23:35.700,109.554,109.548,1.95,3.64
18.08.2021 00:23:35.801,109.55,109.54700000000001,2.44,1.1
18.08.2021 00:23:35.902,109.54899999999999,109.545,1,1.2
18.08.2021 00:23:36.004,109.548,109.545,1,1
18.08.2021 00:23:36.105,109.54700000000001,109.545,1,1.39
18.08.2021 00:23:36.510,109.54899999999999,109.545,1.5,3.29
18.08.2021 00:23:41.056,109.548,109.546,1,1.39
18.08.2021 00:23:41.157,109.54899999999999,109.546,1,1.39
18.08.2021 00:23:41.410,109.54899999999999,109.54700000000001,1.5,1.25
18.08.2021 00:23:41.875,109.55,109.54700000000001,1.2,1.25
18.08.2021 00:23:45.708,109.54899999999999,109.54700000000001,1,2.14
18.08.2021 00:23:45.912,109.55,109.54700000000001,1,2.14
18.08.2021 00:23:51.215,109.54899999999999,109.546,1,1
18.08.2021 00:23:51.316,109.548,109.546,1,1.25
18.08.2021 00:23:51.677,109.54899999999999,109.546,1,1.25
18.08.2021 00:23:53.442,109.54899999999999,109.546,1,1.75
18.08.2021 00:24:00.135,109.54899999999999,109.546,1,1.69
18.08.2021 00:24:04.113,109.54700000000001,109.544,3.32,3.37
18.08.2021 00:24:04.215,109.54700000000001,109.544,3.82,1.5
18.08.2021 00:24:07.617,109.54700000000001,109.544,1,1.69
18.08.2021 00:24:10.571,109.548,109.544,1,3.44
18.08.2021 00:24:11.638,109.548,109.546,1,1
18.08.2021 00:24:12.962,109.548,109.544,1,4.94
18.08.2021 00:24:14.489,109.548,109.545,1,2.01
18.08.2021 00:24:20.951,109.548,109.545,1.76,1
18.08.2021 00:24:25.708,109.55,109.54700000000001,1.1,3.37
18.08.2021 00:24:25.810,109.552,109.548,3.04,1.6
18.08.2021 00:24:25.911,109.552,109.548,2.44,1.72
18.08.2021 00:24:26.992,109.552,109.54899999999999,1,3.97
18.08.2021 00:24:27.447,109.554,109.551,1.5,1.2
18.08.2021 00:24:29.169,109.554,109.552,1,1.2
18.08.2021 00:24:31.547,109.55600000000001,109.552,2.51,1.2
18.08.2021 00:24:32.097,109.555,109.552,1,1.2
18.08.2021 00:24:36.701,109.55600000000001,109.554,1,1.2
18.08.2021 00:24:36.802,109.55700000000002,109.554,1,2.14
18.08.2021 00:24:36.903,109.55700000000002,109.554,1,2.29
18.08.2021 00:24:37.313,109.55700000000002,109.55600000000001,1,1
18.08.2021 00:24:37.566,109.55700000000002,109.555,1,1.57
18.08.2021 00:24:38.060,109.55799999999999,109.555,1,2.32
18.08.2021 00:24:38.161,109.55799999999999,109.555,1,2.47
18.08.2021 00:24:39.009,109.559,109.55600000000001,1,1.2
18.08.2021 00:24:39.482,109.559,109.55700000000002,1,1.2
18.08.2021 00:24:39.583,109.56,109.55700000000002,1,1.2
18.08.2021 00:24:39.712,109.56,109.55799999999999,1,1
18.08.2021 00:24:41.853,109.559,109.55600000000001,1,2.32
18.08.2021 00:24:42.393,109.56,109.55600000000001,2.51,1.95
18.08.2021 00:24:43.228,109.561,109.555,1.5,2.1
18.08.2021 00:24:43.481,109.561,109.55700000000002,2.51,1.2
18.08.2021 00:24:44.178,109.561,109.55799999999999,1.5,1.2
18.08.2021 00:24:50.414,109.56200000000001,109.55799999999999,1.1,3.07
18.08.2021 00:24:50.515,109.56200000000001,109.55799999999999,1,3.22
18.08.2021 00:24:54.001,109.56299999999999,109.56,2.44,1.39
18.08.2021 00:24:54.103,109.56299999999999,109.56200000000001,1,1
18.08.2021 00:24:54.813,109.565,109.561,1,1
18.08.2021 00:24:56.438,109.565,109.56200000000001,1.57,1
18.08.2021 00:24:57.460,109.565,109.564,1.5,1
18.08.2021 00:25:00.271,109.56700000000001,109.564,1.01,1
18.08.2021 00:25:00.374,109.56700000000001,109.565,1.25,1
18.08.2021 00:25:00.425,109.566,109.56299999999999,1,1.95
18.08.2021 00:25:02.446,109.56700000000001,109.56299999999999,2.51,2.7
18.08.2021 00:25:02.811,109.568,109.56200000000001,1.5,3.41
18.08.2021 00:25:02.964,109.568,109.565,2.51,1
18.08.2021 00:25:09.658,109.568,109.565,1.82,1
18.08.2021 00:25:11.142,109.569,109.565,3.72,1.5
18.08.2021 00:25:11.855,109.57000000000001,109.564,2.51,2.14
18.08.2021 00:25:11.956,109.569,109.565,3.32,1.95
18.08.2021 00:25:14.704,109.568,109.565,1.25,1.1
18.08.2021 00:25:16.946,109.568,109.564,4.45,2.7
18.08.2021 00:25:28.674,109.56299999999999,109.561,1.25,1
18.08.2021 00:25:28.726,109.56299999999999,109.56,3.64,1.5
18.08.2021 00:25:28.879,109.56299999999999,109.56,5.2,1
18.08.2021 00:25:28.981,109.564,109.55799999999999,5.2,1.95
18.08.2021 00:25:36.124,109.564,109.559,1,1.69
18.08.2021 00:25:36.225,109.564,109.56,1.69,3.66
18.08.2021 00:25:36.326,109.564,109.56200000000001,1.25,1
18.08.2021 00:25:36.377,109.566,109.56299999999999,2.4,1.69
18.08.2021 00:25:36.428,109.56700000000001,109.565,1,2.14
18.08.2021 00:25:36.530,109.568,109.566,2.89,1
18.08.2021 00:25:36.632,109.568,109.566,4.45,1
18.08.2021 00:25:36.733,109.569,109.566,1.25,1.5
18.08.2021 00:25:41.490,109.569,109.566,3.7,1
18.08.2021 00:25:49.246,109.568,109.566,2.95,1
18.08.2021 00:25:49.764,109.568,109.565,3.7,1.12
18.08.2021 00:25:54.683,109.568,109.566,1.25,1
18.08.2021 00:25:59.219,109.569,109.565,5.2,3.07
18.08.2021 00:26:00.166,109.569,109.566,5.2,1
18.08.2021 00:26:00.540,109.569,109.565,5.2,3.07
18.08.2021 00:26:00.742,109.569,109.566,5.2,1
18.08.2021 00:26:01.711,109.569,109.565,5.2,3.07
18.08.2021 00:26:01.962,109.569,109.566,5.2,1
18.08.2021 00:26:03.337,109.569,109.565,5.2,2.32
18.08.2021 00:26:06.970,109.569,109.565,5.14,2.32
18.08.2021 00:26:09.224,109.569,109.566,1,2.44
18.08.2021 00:26:09.325,109.569,109.566,1,2.91
18.08.2021 00:26:09.579,109.57100000000001,109.568,4.39,1
18.08.2021 00:26:10.595,109.57100000000001,109.569,1,1.5
18.08.2021 00:26:10.697,109.572,109.56700000000001,1.25,1.1
18.08.2021 00:26:14.123,109.573,109.568,3.64,1
18.08.2021 00:26:14.224,109.572,109.569,1,1.41
18.08.2021 00:26:14.328,109.573,109.57000000000001,1,2.16
18.08.2021 00:26:15.505,109.574,109.57000000000001,1,5.04
18.08.2021 00:26:43.166,109.574,109.57000000000001,3.64,4.01
18.08.2021 00:26:43.268,109.574,109.57100000000001,1.5,1.01
18.08.2021 00:26:45.322,109.574,109.57000000000001,3.64,4.01
18.08.2021 00:26:45.616,109.574,109.57000000000001,6.14,1.57
18.08.2021 00:26:47.166,109.573,109.569,3.64,3.56
18.08.2021 00:26:50.481,109.573,109.569,1.69,4.04
18.08.2021 00:26:52.144,109.574,109.569,1.5,1.41
18.08.2021 00:26:55.634,109.573,109.57000000000001,1,2.14
18.08.2021 00:26:58.257,109.573,109.569,4.39,4.31
18.08.2021 00:27:01.960,109.573,109.57000000000001,2.25,1.01
18.08.2021 00:27:02.465,109.573,109.57000000000001,1.5,2.16
18.08.2021 00:27:06.181,109.574,109.569,1,1.76
18.08.2021 00:27:06.925,109.573,109.57000000000001,1,1.41
18.08.2021 00:27:11.472,109.573,109.57000000000001,1,1.76
18.08.2021 00:27:24.515,109.573,109.57000000000001,1,2.01
18.08.2021 00:27:24.666,109.574,109.572,1.5,1
18.08.2021 00:27:25.017,109.574,109.57100000000001,1.5,1.1
18.08.2021 00:27:30.378,109.573,109.57100000000001,1,1.1
18.08.2021 00:27:30.479,109.573,109.57000000000001,1,2.51
18.08.2021 00:27:32.205,109.573,109.57000000000001,1,2.16
18.08.2021 00:27:32.358,109.573,109.57000000000001,1,2.32
18.08.2021 00:27:37.085,109.568,109.56700000000001,1,1
18.08.2021 00:27:37.136,109.568,109.565,1,2.4
18.08.2021 00:27:37.591,109.568,109.564,5.14,2.7
18.08.2021 00:27:38.040,109.56700000000001,109.564,2.89,2.62
18.08.2021 00:27:42.851,109.56700000000001,109.564,1,2.16
18.08.2021 00:27:44.119,109.568,109.564,2.44,2.91
18.08.2021 00:27:45.088,109.568,109.564,5.2,2.32
18.08.2021 00:27:50.456,109.568,109.564,2.25,3.85
18.08.2021 00:27:50.691,109.568,109.564,4.2,2.7
18.08.2021 00:27:52.138,109.568,109.565,1,1.01
18.08.2021 00:27:56.534,109.565,109.564,1,1.5
18.08.2021 00:27:56.585,109.564,109.561,1,8.24
18.08.2021 00:27:56.687,109.564,109.561,1,4.76
18.08.2021 00:27:58.792,109.564,109.561,1.5,1.79
18.08.2021 00:27:59.223,109.565,109.561,2.25,4.3
18.08.2021 00:28:06.097,109.566,109.56299999999999,1.5,1.12
18.08.2021 00:28:06.678,109.56700000000001,109.56299999999999,2.7,2.62
18.08.2021 00:28:10.419,109.568,109.564,3,2.72
18.08.2021 00:28:10.521,109.569,109.565,1.5,3.82
18.08.2021 00:28:10.622,109.569,109.566,1,1.5
18.08.2021 00:28:11.375,109.57000000000001,109.566,2.89,2.62
18.08.2021 00:28:11.476,109.57000000000001,109.566,1.25,3.1
18.08.2021 00:28:16.226,109.569,109.565,3.64,4.57
18.08.2021 00:28:16.328,109.569,109.565,4.45,2.7
18.08.2021 00:28:26.986,109.569,109.565,1,4.76
18.08.2021 00:28:27.088,109.57000000000001,109.566,5.14,1
18.08.2021 00:28:27.476,109.57000000000001,109.566,2.25,1.41
18.08.2021 00:28:31.384,109.57100000000001,109.56700000000001,3.19,2.35
18.08.2021 00:28:32.240,109.572,109.568,4.2,1.01
18.08.2021 00:28:32.443,109.573,109.569,1.69,2.16
18.08.2021 00:28:40.764,109.573,109.568,1.25,1.87
18.08.2021 00:28:40.865,109.57100000000001,109.56700000000001,3.64,4.01
18.08.2021 00:28:48.739,109.57100000000001,109.568,1,1.39
18.08.2021 00:28:48.841,109.572,109.569,1.25,1
18.08.2021 00:28:48.942,109.573,109.569,2.25,3.85
18.08.2021 00:28:49.094,109.572,109.569,1,1.97
18.08.2021 00:28:49.145,109.572,109.56700000000001,1.75,1.2
18.08.2021 00:28:49.347,109.57100000000001,109.56700000000001,1.25,3.41
18.08.2021 00:28:52.164,109.573,109.569,2.7,2.97
18.08.2021 00:28:52.437,109.574,109.569,1.5,1.41
18.08.2021 00:29:00.567,109.574,109.57100000000001,1.5,1.01
18.08.2021 00:29:00.618,109.57799999999999,109.574,6.15,2.89
18.08.2021 00:29:00.720,109.57799999999999,109.574,2.4,5.01
18.08.2021 00:29:02.749,109.57799999999999,109.574,2.14,4.39
18.08.2021 00:29:02.901,109.57600000000001,109.574,1.39,1
18.08.2021 00:29:03.003,109.57600000000001,109.57100000000001,1,5.14
18.08.2021 00:29:03.104,109.57700000000001,109.57100000000001,2.7,6.64
18.08.2021 00:29:05.144,109.57700000000001,109.573,1.95,3.7
18.08.2021 00:29:05.750,109.575,109.573,1.2,2.25
18.08.2021 00:29:05.852,109.575,109.572,1.2,1
18.08.2021 00:29:06.004,109.574,109.572,1.2,1
18.08.2021 00:29:08.160,109.574,109.57100000000001,1.95,1.25
18.08.2021 00:29:10.879,109.573,109.57100000000001,1,1.25
18.08.2021 00:29:11.233,109.574,109.57100000000001,1.95,1.69
18.08.2021 00:29:21.617,109.574,109.57000000000001,4.54,1.69
18.08.2021 00:29:25.058,109.574,109.57000000000001,4.35,2.5
18.08.2021 00:29:25.159,109.574,109.57000000000001,4.54,1.69
18.08.2021 00:29:25.267,109.574,109.57000000000001,2.89,1.76
18.08.2021 00:29:25.368,109.574,109.57000000000001,2.7,2.57
18.08.2021 00:29:26.170,109.574,109.57000000000001,2.89,1.76
18.08.2021 00:29:29.062,109.574,109.57000000000001,2.7,2.57
18.08.2021 00:29:35.760,109.574,109.57000000000001,2.89,1.76
18.08.2021 00:29:36.113,109.574,109.57000000000001,3.89,1.57
18.08.2021 00:29:37.560,109.572,109.57000000000001,2.2,1
18.08.2021 00:29:37.661,109.57000000000001,109.568,2.25,1
18.08.2021 00:29:38.015,109.57100000000001,109.568,2.7,2.44
18.08.2021 00:29:38.116,109.572,109.568,1.5,4.45
18.08.2021 00:29:39.701,109.572,109.569,1,1.75
18.08.2021 00:29:40.017,109.573,109.569,3.45,2.5
18.08.2021 00:29:40.705,109.574,109.57000000000001,4.2,3.32
18.08.2021 00:29:40.856,109.574,109.57000000000001,4.2,2.51
18.08.2021 00:29:41.109,109.574,109.57000000000001,4.2,3.51
18.08.2021 00:29:42.008,109.575,109.569,4.2,2.51
18.08.2021 00:29:56.794,109.573,109.57000000000001,2.7,1.5
18.08.2021 00:30:01.318,109.573,109.57000000000001,1,2.57
18.08.2021 00:30:01.524,109.574,109.57000000000001,4.2,3.32
18.08.2021 00:30:03.324,109.574,109.57100000000001,2.25,1.35
18.08.2021 00:30:03.918,109.575,109.572,3.45,1.25
18.08.2021 00:30:05.615,109.57799999999999,109.575,2.77,1
18.08.2021 00:30:06.232,109.579,109.575,2.89,2.51
18.08.2021 00:30:07.746,109.579,109.575,2.7,3.32
18.08.2021 00:30:17.300,109.579,109.57600000000001,1.95,1.75
18.08.2021 00:30:17.401,109.58,109.57600000000001,2.7,2.57
18.08.2021 00:30:17.502,109.58,109.57799999999999,1.2,1
18.08.2021 00:30:17.865,109.58,109.57700000000001,1.2,1.25
18.08.2021 00:30:22.571,109.58,109.57700000000001,2.85,1
18.08.2021 00:30:25.612,109.579,109.57600000000001,1.39,1.5
18.08.2021 00:30:25.714,109.575,109.573,2.14,1.12
18.08.2021 00:30:25.765,109.575,109.57100000000001,4.6,2.7
18.08.2021 00:30:25.918,109.574,109.57000000000001,2.95,3.64
18.08.2021 00:30:26.954,109.573,109.57000000000001,1,3.89
18.08.2021 00:30:27.208,109.573,109.57000000000001,1,1.76
18.08.2021 00:30:28.890,109.573,109.57000000000001,1,2.76
18.08.2021 00:30:28.991,109.573,109.57000000000001,1,1.76
18.08.2021 00:30:31.948,109.573,109.57000000000001,1,3.14
18.08.2021 00:30:32.050,109.574,109.569,1,1.76
18.08.2021 00:30:34.874,109.573,109.57000000000001,1,3.14
18.08.2021 00:30:35.228,109.573,109.572,1,1
18.08.2021 00:30:35.329,109.573,109.57100000000001,1,1.69
18.08.2021 00:30:41.055,109.574,109.57100000000001,1.95,1.25
18.08.2021 00:30:43.365,109.57600000000001,109.573,1.12,3.15
18.08.2021 00:30:43.468,109.57799999999999,109.573,1.27,1.25
18.08.2021 00:30:43.569,109.579,109.575,4.99,1.69
18.08.2021 00:30:43.975,109.579,109.575,1.95,2.76
18.08.2021 00:30:44.303,109.579,109.575,2.14,2.51
18.08.2021 00:30:47.336,109.579,109.575,1.95,3.51
18.08.2021 00:30:52.373,109.58,109.57600000000001,1.95,3.89
18.08.2021 00:30:52.558,109.58200000000001,109.57799999999999,3.79,3
18.08.2021 00:30:52.659,109.58,109.57700000000001,1,1.57
18.08.2021 00:30:54.528,109.58,109.57700000000001,3.79,1
18.08.2021 00:30:54.890,109.579,109.575,1.2,1.95
18.08.2021 00:30:55.143,109.579,109.575,3.79,1.5
18.08.2021 00:30:57.416,109.58,109.574,2.89,1.57
18.08.2021 00:30:57.568,109.58,109.574,1,4.41
18.08.2021 00:30:59.158,109.58,109.57600000000001,2.7,1.57
18.08.2021 00:30:59.823,109.58,109.57600000000001,2.85,1.5
18.08.2021 00:31:00.595,109.58,109.57600000000001,2.7,1.57
18.08.2021 00:31:01.925,109.58,109.57600000000001,3.6,1.5
18.08.2021 00:31:11.042,109.58,109.57600000000001,2.7,1.1
18.08.2021 00:31:11.144,109.581,109.57700000000001,1.95,1.2
18.08.2021 00:31:12.261,109.58,109.57700000000001,1.2,1
18.08.2021 00:31:24.434,109.579,109.57600000000001,1.39,2.25
18.08.2021 00:31:28.096,109.579,109.57600000000001,2.29,1.5
18.08.2021 00:31:33.153,109.57700000000001,109.574,3.47,1
18.08.2021 00:31:33.305,109.575,109.572,2.14,4.2
18.08.2021 00:31:33.406,109.575,109.572,2.89,1
18.08.2021 00:31:35.633,109.57600000000001,109.573,5.29,1
18.08.2021 00:31:36.256,109.57700000000001,109.572,1.95,1
18.08.2021 00:31:37.097,109.57700000000001,109.575,1.39,1
18.08.2021 00:31:37.203,109.57799999999999,109.575,2.14,1
18.08.2021 00:31:37.406,109.58,109.574,4.39,1.5
18.08.2021 00:31:37.540,109.579,109.57600000000001,2.7,1
18.08.2021 00:31:39.378,109.579,109.575,5.29,1.5
18.08.2021 00:31:39.479,109.579,109.575,3.64,1.5
18.08.2021 00:31:39.970,109.579,109.57600000000001,3.64,1
18.08.2021 00:31:40.800,109.579,109.57600000000001,3.79,1
18.08.2021 00:31:45.804,109.579,109.57600000000001,2.89,1
18.08.2021 00:31:47.535,109.57799999999999,109.57600000000001,1.25,1
18.08.2021 00:31:52.597,109.58,109.575,2.89,1
18.08.2021 00:31:58.504,109.58,109.57600000000001,4.39,1.1
18.08.2021 00:32:02.851,109.579,109.57600000000001,1.25,1.57
18.08.2021 00:32:04.032,109.58,109.57600000000001,2.89,1.57
18.08.2021 00:32:08.042,109.579,109.57600000000001,1.25,1.1
18.08.2021 00:32:08.144,109.58,109.57600000000001,2.89,1.57
18.08.2021 00:32:14.370,109.579,109.57600000000001,1.39,1
18.08.2021 00:32:15.348,109.58,109.57600000000001,2.89,1.57
18.08.2021 00:32:21.481,109.58,109.57700000000001,1.2,1.25
18.08.2021 00:32:23.970,109.581,109.57700000000001,2.7,1.01
18.08.2021 00:32:24.876,109.581,109.57799999999999,2.7,1.25
18.08.2021 00:32:27.479,109.58200000000001,109.579,2.7,1.02
18.08.2021 00:32:40.021,109.584,109.58,1.95,2.51
18.08.2021 00:32:40.122,109.584,109.581,1.5,1.69
18.08.2021 00:32:40.224,109.58500000000001,109.58200000000001,2.7,1.25
18.08.2021 00:32:40.539,109.58500000000001,109.583,1.95,1.25
18.08.2021 00:32:43.793,109.583,109.58,1.95,3.25
18.08.2021 00:32:43.894,109.581,109.579,1.5,1.2
18.08.2021 00:32:43.995,109.581,109.57700000000001,1.2,1.25
18.08.2021 00:32:45.042,109.58,109.57700000000001,1.2,1.25
18.08.2021 00:32:47.287,109.581,109.57799999999999,2.85,1.25
18.08.2021 00:32:54.563,109.58200000000001,109.579,1.95,1.25
18.08.2021 00:32:54.715,109.583,109.58,1.2,1.87
18.08.2021 00:32:54.817,109.584,109.581,1.95,1.25
18.08.2021 00:32:54.918,109.584,109.58,3.79,1.25
18.08.2021 00:33:04.048,109.581,109.57799999999999,1.2,2.44
18.08.2021 00:33:04.149,109.581,109.57700000000001,2.85,2.5
18.08.2021 00:33:04.250,109.581,109.57700000000001,3.04,1.69
18.08.2021 00:33:09.671,109.583,109.57700000000001,1.95,3.32
18.08.2021 00:33:09.824,109.58200000000001,109.58,1.2,1
18.08.2021 00:33:09.925,109.583,109.579,2.29,2.44
18.08.2021 00:33:10.093,109.583,109.579,1.95,2.51
18.08.2021 00:33:11.878,109.583,109.579,1.2,3.51
18.08.2021 00:33:23.550,109.581,109.57700000000001,1.85,8.62
18.08.2021 00:33:23.601,109.58200000000001,109.57799999999999,2.89,1
18.08.2021 00:33:23.703,109.581,109.57799999999999,1.2,1
18.08.2021 00:33:23.804,109.58,109.57700000000001,1,1.1
18.08.2021 00:33:25.027,109.58,109.57799999999999,1,1.69
18.08.2021 00:33:25.128,109.58,109.57700000000001,1,3.26
18.08.2021 00:33:28.656,109.579,109.57700000000001,1,1.76
18.08.2021 00:33:36.447,109.579,109.57600000000001,1,2.44
18.08.2021 00:33:43.517,109.579,109.57600000000001,1,2.69
18.08.2021 00:33:53.413,109.579,109.57600000000001,1.2,1.69
18.08.2021 00:33:55.788,109.579,109.575,2.14,3.19
18.08.2021 00:34:02.594,109.579,109.57600000000001,1.5,1.35
18.08.2021 00:34:02.803,109.579,109.575,1.5,5.41
18.08.2021 00:34:30.045,109.579,109.57600000000001,1,2.76
18.08.2021 00:34:35.488,109.581,109.57700000000001,2.7,1.01
18.08.2021 00:34:35.841,109.58200000000001,109.579,1.95,1
18.08.2021 00:34:35.993,109.583,109.58,3.15,1.25
18.08.2021 00:34:36.145,109.584,109.58,2.89,1.76
18.08.2021 00:34:37.234,109.58500000000001,109.581,2.89,1.5
18.08.2021 00:34:46.830,109.58500000000001,109.581,1.95,3.44
18.08.2021 00:34:47.161,109.58500000000001,109.581,1.95,2.44
18.08.2021 00:34:47.268,109.583,109.581,1.95,1
18.08.2021 00:34:47.319,109.583,109.579,1.95,1.99
18.08.2021 00:34:47.421,109.583,109.579,2.1,1.3
18.08.2021 00:34:51.780,109.583,109.57799999999999,2.1,3.19
18.08.2021 00:34:51.881,109.58,109.57799999999999,1,1.25
18.08.2021 00:34:51.982,109.58,109.57700000000001,1,1.76
18.08.2021 00:34:52.873,109.58,109.57600000000001,1.2,1.01
18.08.2021 00:34:52.974,109.58,109.57700000000001,1,1.26
18.08.2021 00:34:53.076,109.58,109.57600000000001,1.5,1.66
18.08.2021 00:34:58.044,109.579,109.57700000000001,1,1.25
18.08.2021 00:35:09.240,109.58,109.57700000000001,2.7,1.25
18.08.2021 00:35:10.771,109.58,109.57700000000001,1,1.01
18.08.2021 00:35:48.031,109.58,109.57700000000001,2.7,1.25
18.08.2021 00:35:48.132,109.58,109.57700000000001,1.2,1.25
18.08.2021 00:35:48.402,109.58,109.57700000000001,1.2,1.5
18.08.2021 00:35:48.640,109.58,109.57600000000001,1.2,3.51
18.08.2021 00:36:02.314,109.58,109.57700000000001,1,2.01
18.08.2021 00:36:05.134,109.58,109.57700000000001,1,1.01
18.08.2021 00:36:07.115,109.58,109.57700000000001,1,2.01
18.08.2021 00:36:10.288,109.58,109.57700000000001,1.95,1.69
18.08.2021 00:36:13.302,109.579,109.57600000000001,1,1.01
18.08.2021 00:36:24.830,109.579,109.575,1.2,2.44
18.08.2021 00:36:25.600,109.579,109.575,4.61,1.5
18.08.2021 00:36:25.701,109.575,109.57100000000001,1.2,3.01
18.08.2021 00:36:25.803,109.574,109.57100000000001,1.2,1.75
18.08.2021 00:36:25.904,109.574,109.57100000000001,1.2,1.25
18.08.2021 00:36:30.310,109.575,109.572,1.2,1.25
18.08.2021 00:36:38.288,109.57799999999999,109.572,1.12,4.29
18.08.2021 00:37:03.603,109.57700000000001,109.573,1.2,1.76
18.08.2021 00:37:16.470,109.57700000000001,109.574,1,1.01
18.08.2021 00:37:16.572,109.57799999999999,109.575,1,1.75
18.08.2021 00:37:27.661,109.57700000000001,109.575,1,1.69
18.08.2021 00:37:27.762,109.575,109.573,1,1
18.08.2021 00:37:27.864,109.574,109.57100000000001,1,1.01
18.08.2021 00:37:28.884,109.57600000000001,109.573,1.57,1
18.08.2021 00:37:37.890,109.574,109.573,1,1
18.08.2021 00:37:37.992,109.57600000000001,109.573,1.95,1
18.08.2021 00:37:38.093,109.57700000000001,109.574,1.95,1
18.08.2021 00:37:39.438,109.57700000000001,109.575,1.2,1
18.08.2021 00:37:39.539,109.57799999999999,109.57600000000001,1.95,1
18.08.2021 00:37:39.993,109.57799999999999,109.57700000000001,1,1
18.08.2021 00:37:40.196,109.579,109.57700000000001,1.2,1
18.08.2021 00:38:20.792,109.58200000000001,109.579,3,1.76
18.08.2021 00:38:20.894,109.58200000000001,109.58,1,1
18.08.2021 00:38:21.248,109.58200000000001,109.581,1,1
18.08.2021 00:38:25.052,109.584,109.581,3.04,1
18.08.2021 00:38:25.154,109.584,109.581,1.39,1
18.08.2021 00:38:25.407,109.58500000000001,109.583,2.14,1
18.08.2021 00:38:30.329,109.58500000000001,109.583,2.2,1
18.08.2021 00:38:31.923,109.584,109.581,3.1,1
18.08.2021 00:38:32.025,109.584,109.58,4.6,1
18.08.2021 00:38:32.127,109.58200000000001,109.579,1.2,1.5
18.08.2021 00:38:32.229,109.584,109.581,2.59,1
18.08.2021 00:38:32.331,109.584,109.579,2.2,1
18.08.2021 00:38:32.433,109.584,109.579,1.39,1
18.08.2021 00:38:43.867,109.584,109.581,2.14,1
18.08.2021 00:38:46.000,109.58500000000001,109.58200000000001,1.2,1
18.08.2021 00:38:51.129,109.58600000000001,109.58200000000001,2.89,1.5
18.08.2021 00:39:05.805,109.58600000000001,109.58200000000001,3.04,1.5
18.08.2021 00:39:24.829,109.58500000000001,109.58200000000001,1.45,1.5
18.08.2021 00:39:30.420,109.583,109.581,1.25,1.5
18.08.2021 00:39:30.471,109.583,109.579,1.85,2.25
18.08.2021 00:39:32.369,109.58200000000001,109.57700000000001,1.2,1
18.08.2021 00:39:33.417,109.58200000000001,109.57600000000001,3.64,2.32
18.08.2021 00:39:33.519,109.58,109.57700000000001,1.39,1.5
18.08.2021 00:39:43.845,109.581,109.57799999999999,1.95,1
18.08.2021 00:39:45.938,109.581,109.57700000000001,3.7,1.1
18.08.2021 00:39:46.140,109.581,109.579,1,1
18.08.2021 00:39:47.181,109.581,109.57700000000001,2.14,2.32
18.08.2021 00:39:48.966,109.58,109.57700000000001,1.39,1.5
18.08.2021 00:39:54.068,109.58,109.57600000000001,2.14,2.32
18.08.2021 00:40:01.599,109.58,109.57700000000001,1.5,1.57
18.08.2021 00:40:03.679,109.583,109.58,2.14,1.2
18.08.2021 00:40:03.780,109.583,109.581,1.39,1
18.08.2021 00:40:03.881,109.584,109.581,2.14,1
18.08.2021 00:40:03.982,109.583,109.581,1.25,1
18.08.2021 00:40:04.084,109.58200000000001,109.58,1.2,1
18.08.2021 00:40:04.185,109.58200000000001,109.579,2.89,1
18.08.2021 00:40:04.236,109.581,109.57700000000001,2.89,3.07
18.08.2021 00:40:04.488,109.581,109.57700000000001,3.04,1.5
18.08.2021 00:40:10.507,109.581,109.57799999999999,2.89,1
18.08.2021 00:40:10.975,109.581,109.57700000000001,2.89,2.32
18.08.2021 00:40:13.482,109.58200000000001,109.57799999999999,3.04,1.5
18.08.2021 00:40:13.743,109.58200000000001,109.57799999999999,2.89,1.5
18.08.2021 00:40:37.464,109.58,109.57700000000001,1,2.52
18.08.2021 00:40:37.717,109.579,109.57600000000001,1,1.57
18.08.2021 00:40:41.916,109.579,109.575,1.2,1.5
18.08.2021 00:40:45.348,109.57799999999999,109.575,2.14,1.5
18.08.2021 00:40:47.590,109.57600000000001,109.572,1.2,3.5
18.08.2021 00:40:47.691,109.575,109.57000000000001,1,1.57
18.08.2021 00:40:54.742,109.573,109.57100000000001,1,1
18.08.2021 00:40:54.793,109.572,109.569,1.25,3.9
18.08.2021 00:40:55.542,109.573,109.569,1.25,2.87
18.08.2021 00:40:55.647,109.573,109.569,1.39,2.4
18.08.2021 00:41:05.605,109.573,109.569,1.25,1.97
18.08.2021 00:41:17.478,109.574,109.568,1,6.07
18.08.2021 00:41:18.135,109.573,109.569,1.95,1.65
18.08.2021 00:41:18.286,109.573,109.569,1.5,2.05
18.08.2021 00:41:25.222,109.573,109.569,1.95,3.15
18.08.2021 00:41:43.210,109.574,109.57000000000001,3.79,1
18.08.2021 00:41:50.335,109.574,109.569,3.85,3.67
18.08.2021 00:41:53.548,109.572,109.569,1.69,1.2
18.08.2021 00:41:59.330,109.57000000000001,109.566,1.25,3.57
18.08.2021 00:41:59.431,109.57000000000001,109.568,2.14,1
18.08.2021 00:41:59.482,109.568,109.565,1,4.57
18.08.2021 00:42:00.777,109.568,109.564,1.39,2.32
18.08.2021 00:42:01.279,109.568,109.564,1,9.1
18.08.2021 00:42:01.385,109.569,109.566,1,1
18.08.2021 00:42:01.588,109.57000000000001,109.566,3.64,1
18.08.2021 00:42:03.672,109.57000000000001,109.566,2.25,1.97
18.08.2021 00:42:03.773,109.57100000000001,109.56700000000001,1,1.97
18.08.2021 00:42:06.590,109.57100000000001,109.56700000000001,2.89,1.1
18.08.2021 00:42:06.691,109.57000000000001,109.56700000000001,1.69,1.1
18.08.2021 00:42:16.672,109.57100000000001,109.568,1,1.1
18.08.2021 00:42:29.395,109.57100000000001,109.56700000000001,3.64,2.85
18.08.2021 00:42:29.547,109.57100000000001,109.566,1,1.1
18.08.2021 00:42:32.070,109.569,109.566,1.2,1.5
18.08.2021 00:42:45.537,109.568,109.566,1.25,1
18.08.2021 00:42:45.796,109.569,109.566,2.89,1
18.08.2021 00:42:50.602,109.569,109.565,3.64,1.1
18.08.2021 00:42:56.388,109.57000000000001,109.568,1,1.1
18.08.2021 00:42:56.489,109.572,109.569,1.85,1
18.08.2021 00:42:56.591,109.573,109.56700000000001,1,1.95
18.08.2021 00:42:56.742,109.574,109.56700000000001,3.64,1.95
18.08.2021 00:42:57.835,109.573,109.569,1.95,1
18.08.2021 00:42:57.937,109.573,109.57000000000001,1.5,1.1
18.08.2021 00:43:12.638,109.572,109.569,2.89,1
18.08.2021 00:43:21.342,109.573,109.569,2.7,1.5
18.08.2021 00:43:22.809,109.573,109.569,1.5,1.97
18.08.2021 00:43:40.849,109.573,109.57100000000001,1,1
18.08.2021 00:44:02.417,109.575,109.573,1,1.1
18.08.2021 00:44:02.518,109.57600000000001,109.575,1,1.5
18.08.2021 00:44:02.620,109.57799999999999,109.575,1,1.5
18.08.2021 00:44:07.215,109.57799999999999,109.57600000000001,1,1
18.08.2021 00:44:07.317,109.579,109.57700000000001,1,1.57
18.08.2021 00:44:07.620,109.581,109.57600000000001,1,1.57
18.08.2021 00:44:09.819,109.579,109.57700000000001,1,1
18.08.2021 00:44:10.021,109.579,109.57600000000001,2.14,1
18.08.2021 00:44:12.103,109.579,109.575,2.14,1.5
18.08.2021 00:44:12.155,109.57700000000001,109.573,2.89,1.77
18.08.2021 00:44:12.256,109.57700000000001,109.573,2.89,1.57
18.08.2021 00:44:16.218,109.57700000000001,109.574,1.95,1
18.08.2021 00:44:21.141,109.57600000000001,109.573,1,1.57
18.08.2021 00:44:21.242,109.574,109.57100000000001,1,1.57
18.08.2021 00:44:21.698,109.574,109.572,1,1
18.08.2021 00:44:21.800,109.57600000000001,109.572,3.04,1
18.08.2021 00:44:25.343,109.57600000000001,109.572,1.95,1
18.08.2021 00:44:30.137,109.574,109.572,1,1
18.08.2021 00:44:30.238,109.574,109.57100000000001,1,1.95
18.08.2021 00:44:32.964,109.574,109.57000000000001,2.51,1.95
18.08.2021 00:45:01.796,109.574,109.57000000000001,2.25,5.1
18.08.2021 00:45:01.931,109.575,109.57100000000001,1.5,4.35
18.08.2021 00:45:31.267,109.574,109.57100000000001,1,2.85
18.08.2021 00:45:42.936,109.575,109.57100000000001,1.57,1.95
18.08.2021 00:45:43.037,109.574,109.57100000000001,2.51,1
18.08.2021 00:45:43.138,109.574,109.57000000000001,3.26,1.2
18.08.2021 00:45:45.140,109.574,109.57000000000001,3.66,1
18.08.2021 00:46:32.457,109.574,109.57000000000001,3.07,4.39
18.08.2021 00:46:32.558,109.574,109.57100000000001,1.5,4.72
18.08.2021 00:46:32.659,109.57600000000001,109.573,2.62,1.39
18.08.2021 00:46:33.068,109.575,109.573,1,1
18.08.2021 00:46:38.081,109.575,109.572,1,1.2
18.08.2021 00:46:44.564,109.574,109.572,1.69,1
18.08.2021 00:46:44.615,109.574,109.57000000000001,2.51,1.2
18.08.2021 00:46:48.973,109.574,109.57000000000001,3.66,1
18.08.2021 00:46:56.660,109.574,109.57000000000001,1.57,2.32
18.08.2021 00:47:00.513,109.574,109.572,2.25,1
18.08.2021 00:47:00.614,109.575,109.573,2.32,1.25
18.08.2021 00:47:00.766,109.575,109.572,1.57,1
18.08.2021 00:47:04.885,109.574,109.57000000000001,1,8.25
18.08.2021 00:47:04.986,109.573,109.57000000000001,1,3.07
18.08.2021 00:47:38.803,109.573,109.569,3.26,4.35
18.08.2021 00:47:38.905,109.572,109.569,1.5,1.57
18.08.2021 00:47:39.331,109.57000000000001,109.56700000000001,1.76,1
18.08.2021 00:47:39.433,109.569,109.566,1,1.76
18.08.2021 00:47:40.790,109.568,109.566,1,1
18.08.2021 00:47:41.725,109.569,109.564,1,1.39
18.08.2021 00:47:44.428,109.568,109.564,1.01,3.6
18.08.2021 00:47:54.573,109.568,109.564,1.82,2.7
18.08.2021 00:47:54.675,109.56700000000001,109.56299999999999,1.76,2.14
18.08.2021 00:47:55.789,109.56700000000001,109.56299999999999,4.17,1.5
18.08.2021 00:48:01.620,109.566,109.56200000000001,1.01,2.51
18.08.2021 00:48:17.755,109.56700000000001,109.56200000000001,1.76,1
18.08.2021 00:48:19.952,109.566,109.56200000000001,1.76,2.32
18.08.2021 00:48:24.521,109.566,109.56299999999999,1.76,1
18.08.2021 00:48:32.875,109.566,109.56200000000001,1.76,3.07
18.08.2021 00:48:33.154,109.566,109.56299999999999,1.76,1
18.08.2021 00:48:33.256,109.566,109.56200000000001,1.76,2.32
18.08.2021 00:48:33.623,109.565,109.56200000000001,1,2.32
18.08.2021 00:48:34.088,109.565,109.56299999999999,1,1
18.08.2021 00:48:34.538,109.566,109.56299999999999,1.69,1.2
18.08.2021 00:48:35.398,109.566,109.56200000000001,1.76,3.07
18.08.2021 00:48:35.804,109.566,109.56299999999999,1.76,1
18.08.2021 00:48:41.188,109.56700000000001,109.56299999999999,2.51,1.95
18.08.2021 00:48:47.137,109.56700000000001,109.56299999999999,1.5,3.04
18.08.2021 00:48:47.542,109.568,109.564,3.19,4.35
18.08.2021 00:48:47.845,109.568,109.566,1.5,1
18.08.2021 00:48:47.947,109.568,109.565,1,1.2
18.08.2021 00:48:48.065,109.569,109.565,3.26,1.2
18.08.2021 00:48:48.926,109.569,109.566,3.26,1
18.08.2021 00:48:52.468,109.569,109.566,1.5,4.16
18.08.2021 00:48:52.619,109.569,109.568,1,1
18.08.2021 00:48:52.721,109.57000000000001,109.56700000000001,1,4.41
18.08.2021 00:48:52.823,109.57100000000001,109.568,1,1
18.08.2021 00:48:52.924,109.57100000000001,109.569,1,1.2
18.08.2021 00:48:53.177,109.573,109.569,2.32,1.39
18.08.2021 00:48:53.278,109.573,109.57000000000001,1.57,1
18.08.2021 00:49:08.779,109.572,109.568,1.76,1.9
18.08.2021 00:49:08.981,109.57100000000001,109.568,1,1.45
18.08.2021 00:49:09.083,109.572,109.568,2.51,1.09
18.08.2021 00:49:09.133,109.57000000000001,109.568,1,1.09
18.08.2021 00:49:10.282,109.572,109.56700000000001,3.26,7.16
18.08.2021 00:49:11.107,109.572,109.568,2.25,1.85
18.08.2021 00:49:11.775,109.573,109.569,1.57,2.14
18.08.2021 00:49:12.186,109.573,109.569,1,3.41
18.08.2021 00:49:22.311,109.572,109.569,1,4.26
18.08.2021 00:49:22.412,109.573,109.569,1.57,4.26
18.08.2021 00:49:22.514,109.573,109.57000000000001,1.1,2.31
18.08.2021 00:49:26.596,109.572,109.569,1.25,1.6
18.08.2021 00:49:27.660,109.572,109.568,1.69,2.25
18.08.2021 00:49:30.961,109.573,109.568,1.69,3.34
18.08.2021 00:49:33.494,109.574,109.568,1.25,1.87
18.08.2021 00:49:38.671,109.573,109.569,1,4.16
18.08.2021 00:49:38.823,109.573,109.572,1,1.25
18.08.2021 00:49:38.874,109.575,109.572,2.25,2.51
18.08.2021 00:49:39.278,109.574,109.572,1.5,1.25
18.08.2021 00:49:46.662,109.57600000000001,109.572,1.57,2.39
18.08.2021 00:49:51.675,109.57700000000001,109.572,2.51,5.54
18.08.2021 00:49:58.110,109.57600000000001,109.572,1,4.41
18.08.2021 00:49:58.212,109.575,109.572,1.25,1.57
18.08.2021 00:49:58.313,109.574,109.57100000000001,1,1.39
18.08.2021 00:49:58.415,109.575,109.57100000000001,2.51,2.14
18.08.2021 00:49:58.516,109.575,109.57100000000001,2.32,3.14
18.08.2021 00:49:58.667,109.575,109.57100000000001,2.51,2.14
18.08.2021 00:50:02.867,109.574,109.57100000000001,1.5,1.39
18.08.2021 00:50:15.295,109.573,109.57000000000001,1,1.64
18.08.2021 00:50:16.058,109.573,109.569,1.01,2.29
18.08.2021 00:50:31.693,109.574,109.57100000000001,1.5,2.89
18.08.2021 00:50:31.794,109.574,109.57100000000001,1,1.85
18.08.2021 00:50:32.497,109.574,109.57000000000001,1,9
18.08.2021 00:50:32.649,109.573,109.57000000000001,1,2.7
18.08.2021 00:50:33.392,109.574,109.57000000000001,1.5,4.35
18.08.2021 00:50:34.726,109.575,109.57000000000001,2.51,7.5
18.08.2021 00:50:36.051,109.575,109.572,1.1,1
18.08.2021 00:50:37.073,109.575,109.572,1,1.22
18.08.2021 00:50:38.517,109.57799999999999,109.57700000000001,1,1.2
18.08.2021 00:50:38.568,109.583,109.58,2.2,1.95
18.08.2021 00:50:38.670,109.584,109.583,1,1
18.08.2021 00:50:38.772,109.58600000000001,109.583,3.94,1
18.08.2021 00:50:38.873,109.587,109.584,1.2,1.25
18.08.2021 00:50:38.974,109.588,109.58500000000001,1.95,1.25
18.08.2021 00:50:39.701,109.589,109.58500000000001,1.95,3.52
18.08.2021 00:50:39.853,109.589,109.587,1,1.25
18.08.2021 00:50:41.331,109.59100000000001,109.58600000000001,1.1,1.25
18.08.2021 00:50:42.145,109.59200000000001,109.59,2.59,1
18.08.2021 00:50:42.247,109.594,109.59100000000001,1.8,2.44
18.08.2021 00:50:42.349,109.59299999999999,109.59,2.02,1.87
18.08.2021 00:50:45.205,109.59200000000001,109.59,1,1
18.08.2021 00:50:45.306,109.59200000000001,109.588,3.51,1.95
18.08.2021 00:50:45.409,109.59,109.588,1.1,1
18.08.2021 00:50:45.510,109.59,109.587,1.01,1.5
18.08.2021 00:50:47.443,109.59100000000001,109.587,1,1.25
18.08.2021 00:50:47.545,109.59100000000001,109.589,1,1.39
18.08.2021 00:50:47.747,109.59,109.587,1,4.39
18.08.2021 00:50:48.960,109.589,109.587,1,1
18.08.2021 00:50:49.061,109.589,109.58600000000001,1,2.89
18.08.2021 00:50:51.873,109.588,109.58500000000001,1.69,1.95
18.08.2021 00:50:51.975,109.587,109.584,1.5,2.14
18.08.2021 00:50:52.077,109.58600000000001,109.583,1,3.14
18.08.2021 00:50:52.179,109.587,109.583,2.32,2.76
18.08.2021 00:50:52.281,109.589,109.583,1,5.72
18.08.2021 00:50:53.806,109.587,109.584,1.1,1.69
18.08.2021 00:50:55.799,109.58600000000001,109.584,1,1.25
18.08.2021 00:50:55.900,109.58500000000001,109.581,1.76,2.89
18.08.2021 00:50:56.001,109.584,109.581,1.76,1
18.08.2021 00:50:56.102,109.584,109.581,2.16,1
18.08.2021 00:50:56.366,109.584,109.581,2.21,1
18.08.2021 00:50:57.543,109.584,109.581,3.36,1
18.08.2021 00:50:58.468,109.583,109.58,2.96,1
18.08.2021 00:51:02.060,109.584,109.57799999999999,2.51,1.95
18.08.2021 00:51:02.313,109.583,109.58,2.51,1
18.08.2021 00:51:03.984,109.58500000000001,109.581,1.5,1.2
18.08.2021 00:51:04.855,109.584,109.581,1.57,1
18.08.2021 00:51:04.957,109.583,109.58,1.5,2.7
18.08.2021 00:51:05.159,109.583,109.57799999999999,1.69,1.2
18.08.2021 00:51:05.513,109.583,109.579,2.96,2.14
18.08.2021 00:51:05.765,109.583,109.58,1.76,1
18.08.2021 00:51:08.034,109.58200000000001,109.579,1.01,1
18.08.2021 00:51:08.136,109.581,109.57799999999999,1,2.32
18.08.2021 00:51:10.016,109.58,109.57700000000001,1.25,2.7
18.08.2021 00:51:10.169,109.579,109.57600000000001,1.69,1.2
18.08.2021 00:51:10.272,109.579,109.575,3.64,2.7
18.08.2021 00:51:10.374,109.57799999999999,109.575,1.57,1
18.08.2021 00:51:16.480,109.57799999999999,109.575,1,4.91
18.08.2021 00:51:16.632,109.579,109.575,2.25,4.35
18.08.2021 00:51:20.984,109.57799999999999,109.575,1.57,1
18.08.2021 00:51:24.497,109.57799999999999,109.575,1,2.47
18.08.2021 00:51:25.032,109.579,109.57600000000001,2.25,3.07
18.08.2021 00:51:25.134,109.58,109.57600000000001,1,7.72
18.08.2021 00:51:25.285,109.58,109.575,1,5.1
18.08.2021 00:51:26.871,109.579,109.57600000000001,1,3.26
18.08.2021 00:51:27.865,109.581,109.57700000000001,4.01,1.95
18.08.2021 00:51:27.966,109.58,109.57700000000001,1,1.2
18.08.2021 00:51:28.067,109.58,109.57799999999999,1,2.06
18.08.2021 00:51:28.168,109.581,109.57799999999999,1.46,1
18.08.2021 00:51:28.944,109.58,109.57700000000001,1,1.64
18.08.2021 00:51:29.045,109.579,109.57600000000001,1.1,2.31
18.08.2021 00:51:34.516,109.58,109.57600000000001,2.25,6.47
18.08.2021 00:51:34.567,109.581,109.579,1,1.75
18.08.2021 00:51:34.669,109.58200000000001,109.579,1.95,1.25
18.08.2021 00:51:34.872,109.583,109.579,1.57,2.14
18.08.2021 00:51:35.983,109.583,109.579,1.5,6.1
18.08.2021 00:51:36.084,109.583,109.58,1.5,1.64
18.08.2021 00:51:36.185,109.583,109.579,1.57,7.07
18.08.2021 00:51:37.052,109.583,109.58,1.5,1.64
18.08.2021 00:51:37.706,109.584,109.581,1.5,2.39
18.08.2021 00:51:37.807,109.584,109.58,1.5,5.35
18.08.2021 00:51:37.959,109.58500000000001,109.58,2.32,1.5
18.08.2021 00:51:40.458,109.584,109.581,1.1,1.25
18.08.2021 00:51:41.343,109.58500000000001,109.581,2.32,2.14
18.08.2021 00:51:41.699,109.58500000000001,109.581,2.32,3.14
18.08.2021 00:51:43.217,109.584,109.581,1,1.64
18.08.2021 00:51:45.077,109.58500000000001,109.581,2.32,2.76
18.08.2021 00:51:45.178,109.58500000000001,109.58200000000001,1.5,2.39
18.08.2021 00:51:45.279,109.58600000000001,109.58200000000001,2.32,3.89
18.08.2021 00:51:47.985,109.584,109.58200000000001,1,1.69
18.08.2021 00:51:49.699,109.583,109.58,1.39,2.62
18.08.2021 00:51:50.997,109.583,109.579,2.89,3.55
18.08.2021 00:51:52.978,109.583,109.57799999999999,1.1,1.6
18.08.2021 00:51:55.998,109.583,109.579,2.89,3.55
18.08.2021 00:51:56.100,109.584,109.581,1.57,1.25
18.08.2021 00:51:56.202,109.58500000000001,109.581,1.2,4.79
18.08.2021 00:51:56.507,109.58500000000001,109.581,1.57,2.89
18.08.2021 00:51:56.711,109.584,109.581,1,1.64
18.08.2021 00:52:00.203,109.584,109.58,1,2.01
18.08.2021 00:52:01.053,109.583,109.58,1.5,2.14
18.08.2021 00:52:01.155,109.583,109.579,2.32,5.05
18.08.2021 00:52:02.318,109.583,109.579,3.66,2.17
18.08.2021 00:52:02.621,109.583,109.579,2.32,3.55
18.08.2021 00:52:03.318,109.583,109.58,2.25,1.39
18.08.2021 00:52:03.419,109.583,109.58,1,1.91
18.08.2021 00:52:03.521,109.584,109.579,1,1.01
18.08.2021 00:52:05.578,109.583,109.57799999999999,1.12,2.43
18.08.2021 00:52:05.680,109.581,109.579,1.5,1.14
18.08.2021 00:52:06.151,109.58,109.57700000000001,1,1.01
18.08.2021 00:52:07.117,109.579,109.57600000000001,1.2,2.69
18.08.2021 00:52:07.218,109.57799999999999,109.575,1,1.69
18.08.2021 00:52:07.572,109.57799999999999,109.574,2.89,1.76
18.08.2021 00:52:08.225,109.57700000000001,109.574,1,1.01
18.08.2021 00:52:12.186,109.57799999999999,109.574,2.89,1.01
18.08.2021 00:52:13.479,109.57700000000001,109.574,1,1.01
18.08.2021 00:52:15.663,109.574,109.569,1.25,2.07
18.08.2021 00:52:15.765,109.574,109.569,1,1.1
18.08.2021 00:52:17.326,109.572,109.57000000000001,1,1
18.08.2021 00:52:25.581,109.573,109.57000000000001,1.5,1.01
18.08.2021 00:52:30.097,109.573,109.57100000000001,1,1.1
18.08.2021 00:52:31.292,109.574,109.57100000000001,1.5,1.1
18.08.2021 00:52:33.403,109.572,109.569,2.14,1.2
18.08.2021 00:52:33.767,109.572,109.568,1,2.89
18.08.2021 00:52:33.869,109.57100000000001,109.568,1,1.76
18.08.2021 00:52:38.221,109.572,109.569,1.2,1
18.08.2021 00:52:41.772,109.573,109.569,1.95,2.62
18.08.2021 00:52:48.006,109.572,109.568,1.25,3.41
18.08.2021 00:52:48.209,109.57100000000001,109.568,1,1.35
18.08.2021 00:52:48.733,109.57100000000001,109.56700000000001,2.32,2.14
18.08.2021 00:52:57.037,109.568,109.566,1,1
18.08.2021 00:52:57.138,109.568,109.565,1.5,1.76
18.08.2021 00:52:57.647,109.568,109.564,4.82,1.57
18.08.2021 00:52:59.567,109.564,109.56200000000001,1.25,1.57
18.08.2021 00:52:59.668,109.56700000000001,109.561,3.85,1.5
18.08.2021 00:52:59.770,109.566,109.561,2.89,7.66
18.08.2021 00:53:00.292,109.565,109.561,1,5.04
18.08.2021 00:53:01.375,109.566,109.564,1.5,1.25
18.08.2021 00:53:01.426,109.566,109.56299999999999,1,1
18.08.2021 00:53:02.785,109.565,109.56299999999999,1,1
18.08.2021 00:53:04.503,109.566,109.561,1,1.1
18.08.2021 00:53:04.605,109.564,109.56200000000001,1,1.1
18.08.2021 00:53:05.422,109.565,109.56200000000001,1.5,1.1
18.08.2021 00:53:13.335,109.566,109.56299999999999,1,1
18.08.2021 00:53:14.129,109.566,109.56299999999999,1,3.1
18.08.2021 00:53:14.399,109.56700000000001,109.56299999999999,1.5,2.72
18.08.2021 00:53:15.238,109.56700000000001,109.565,1.5,1
18.08.2021 00:53:15.339,109.568,109.564,1,6.79
18.08.2021 00:53:15.441,109.56700000000001,109.564,1,4.66
18.08.2021 00:53:15.543,109.56700000000001,109.564,1,1.95
18.08.2021 00:53:15.644,109.569,109.56299999999999,1.76,1.95
18.08.2021 00:53:15.796,109.568,109.564,1.5,3.79
18.08.2021 00:53:16.301,109.56700000000001,109.56299999999999,1.5,5.91
18.08.2021 00:53:17.459,109.568,109.564,2.51,1.39
18.08.2021 00:53:32.368,109.568,109.565,1.01,1
18.08.2021 00:53:33.145,109.57000000000001,109.56700000000001,1.5,1.95
18.08.2021 00:53:33.247,109.57100000000001,109.56700000000001,1.27,2.89
