Gmt time,Ask,Bid,AskVolume,BidVolume
16.08.2021 00:00:00.077,109.631,109.62700000000001,1.85,1
16.08.2021 00:00:00.280,109.63,109.62700000000001,1.45,1
16.08.2021 00:00:00.636,109.63,109.62700000000001,2.14,1
16.08.2021 00:00:01.341,109.63,109.626,2.89,1.1
16.08.2021 00:00:01.442,109.63,109.626,2.95,1.1
16.08.2021 00:00:02.470,109.628,109.625,2.89,1
16.08.2021 00:00:02.571,109.628,109.624,2.89,1.57
16.08.2021 00:00:02.673,109.62700000000001,109.62299999999999,2.89,1.57
16.08.2021 00:00:02.776,109.626,109.62200000000001,3.32,1.57
16.08.2021 00:00:03.030,109.625,109.62200000000001,3.7,1.5
16.08.2021 00:00:04.228,109.62299999999999,109.62200000000001,1,1.5
16.08.2021 00:00:05.203,109.62,109.619,1,1
16.08.2021 00:00:05.254,109.62,109.616,1,3.47
16.08.2021 00:00:05.406,109.62,109.616,2.14,2.25
16.08.2021 00:00:05.565,109.619,109.616,1,1.5
16.08.2021 00:00:06.322,109.618,109.616,1,1
16.08.2021 00:00:06.843,109.618,109.61500000000001,1,2.32
16.08.2021 00:00:07.049,109.619,109.61500000000001,2.14,3.07
16.08.2021 00:00:07.201,109.62200000000001,109.618,2.14,1.1
16.08.2021 00:00:07.303,109.624,109.62,1.95,1.1
16.08.2021 00:00:07.404,109.62299999999999,109.619,2.7,1.1
16.08.2021 00:00:08.855,109.624,109.62,2.91,1
16.08.2021 00:00:08.957,109.624,109.62,1.76,1.95
16.08.2021 00:00:09.683,109.625,109.62,2.59,2.29
16.08.2021 00:00:09.785,109.625,109.62200000000001,1.76,1
16.08.2021 00:00:10.332,109.626,109.62200000000001,1.01,1.2
16.08.2021 00:00:10.886,109.626,109.62299999999999,1.01,1
16.08.2021 00:00:12.644,109.626,109.62200000000001,1.01,1.2
16.08.2021 00:00:14.931,109.628,109.62100000000001,4.69,1.69
16.08.2021 00:00:15.683,109.625,109.62100000000001,1.1,2.89
16.08.2021 00:00:19.189,109.624,109.62,1,3.64
16.08.2021 00:00:22.452,109.624,109.62100000000001,1,2.89
16.08.2021 00:00:23.158,109.626,109.62200000000001,2.91,1
16.08.2021 00:00:23.260,109.626,109.62200000000001,1.76,1.2
16.08.2021 00:00:24.158,109.625,109.62100000000001,1,4.54
16.08.2021 00:00:24.260,109.626,109.62,1,3.64
16.08.2021 00:00:25.436,109.625,109.62200000000001,1,1.2
16.08.2021 00:00:25.821,109.625,109.62100000000001,1,2.89
16.08.2021 00:00:26.159,109.624,109.62100000000001,1.1,1
16.08.2021 00:00:26.260,109.62100000000001,109.619,1,1
16.08.2021 00:00:26.362,109.62100000000001,109.618,1,2.14
16.08.2021 00:00:26.463,109.62,109.618,1,1
16.08.2021 00:00:26.565,109.62100000000001,109.616,1,1.2
16.08.2021 00:00:27.205,109.62,109.616,1.95,2.14
16.08.2021 00:00:27.357,109.619,109.616,1,2.14
16.08.2021 00:00:27.458,109.618,109.614,1,1.1
16.08.2021 00:00:27.610,109.618,109.614,1.2,1.82
16.08.2021 00:00:27.762,109.618,109.614,1.2,1.01
16.08.2021 00:00:28.160,109.61500000000001,109.611,2.85,1.95
16.08.2021 00:00:28.262,109.613,109.609,1.2,3.14
16.08.2021 00:00:28.364,109.613,109.60799999999999,1.2,1.41
16.08.2021 00:00:28.465,109.61200000000001,109.60799999999999,1,2.66
16.08.2021 00:00:29.382,109.61200000000001,109.60799999999999,1,1.95
16.08.2021 00:00:30.001,109.611,109.60600000000001,1.95,3.07
16.08.2021 00:00:30.103,109.609,109.605,1.5,3.4
16.08.2021 00:00:30.205,109.60799999999999,109.604,1,2.24
16.08.2021 00:00:30.306,109.60799999999999,109.604,1,2.14
16.08.2021 00:00:31.290,109.60799999999999,109.604,1,2.16
16.08.2021 00:00:31.391,109.609,109.605,2.14,1.1
16.08.2021 00:00:32.372,109.60799999999999,109.604,1.2,2.14
16.08.2021 00:00:32.474,109.60700000000001,109.604,1.2,1
16.08.2021 00:00:32.576,109.60700000000001,109.603,2.7,1.2
16.08.2021 00:00:32.678,109.60700000000001,109.603,2.85,1
16.08.2021 00:00:32.990,109.604,109.601,2.57,1.5
16.08.2021 00:00:33.092,109.603,109.599,3.26,2.59
16.08.2021 00:00:33.194,109.604,109.60000000000001,1.1,2.89
16.08.2021 00:00:33.297,109.605,109.601,2.16,1
16.08.2021 00:00:33.520,109.604,109.60000000000001,1.1,3.64
16.08.2021 00:00:33.837,109.605,109.601,4.41,1
16.08.2021 00:00:35.035,109.605,109.601,3.79,1
16.08.2021 00:00:35.237,109.604,109.602,1.22,1
16.08.2021 00:00:35.391,109.605,109.601,1.1,1
16.08.2021 00:00:36.784,109.605,109.603,1.1,1.25
16.08.2021 00:00:36.885,109.60600000000001,109.603,1.1,2.44
16.08.2021 00:00:36.987,109.60700000000001,109.604,1.1,1
16.08.2021 00:00:37.240,109.60799999999999,109.605,1.97,1
16.08.2021 00:00:37.392,109.60799999999999,109.605,1.57,1
16.08.2021 00:00:37.493,109.609,109.60600000000001,2.2,1
16.08.2021 00:00:37.595,109.61,109.60600000000001,1.97,1.69
16.08.2021 00:00:37.906,109.61,109.60700000000001,1.22,1
16.08.2021 00:00:38.361,109.611,109.60700000000001,1.97,1
16.08.2021 00:00:38.735,109.61,109.60700000000001,1.22,1
16.08.2021 00:00:43.389,109.611,109.60700000000001,1.22,1.69
16.08.2021 00:00:50.545,109.61,109.60600000000001,3.47,1
16.08.2021 00:00:50.646,109.609,109.605,3.85,1.5
16.08.2021 00:00:50.748,109.605,109.602,1.57,1.5
16.08.2021 00:00:50.849,109.605,109.602,2.91,1
16.08.2021 00:00:50.950,109.605,109.601,2.91,1.5
16.08.2021 00:00:51.370,109.603,109.60000000000001,1.97,1
16.08.2021 00:00:51.472,109.601,109.598,1.1,1
16.08.2021 00:00:51.574,109.601,109.59700000000001,1.1,1.95
16.08.2021 00:00:51.626,109.598,109.595,2.32,1
16.08.2021 00:00:51.728,109.596,109.59299999999999,1,1.95
16.08.2021 00:00:51.931,109.594,109.59100000000001,1.5,1.57
16.08.2021 00:00:52.033,109.594,109.59200000000001,1.2,1
16.08.2021 00:00:52.136,109.59299999999999,109.59100000000001,1,1
16.08.2021 00:00:52.237,109.59299999999999,109.59200000000001,1,1.25
16.08.2021 00:00:52.339,109.594,109.59200000000001,1.39,1
16.08.2021 00:00:52.776,109.594,109.59,2.14,1.57
16.08.2021 00:00:52.878,109.594,109.589,3.04,2.44
16.08.2021 00:00:53.133,109.594,109.59100000000001,3.22,1
16.08.2021 00:00:53.234,109.594,109.59100000000001,1.39,1
16.08.2021 00:00:53.966,109.595,109.59100000000001,2.36,1.1
16.08.2021 00:00:54.067,109.596,109.59100000000001,2.36,1
16.08.2021 00:00:54.169,109.596,109.59299999999999,1.6,1.39
16.08.2021 00:00:54.321,109.596,109.59299999999999,1,1.39
16.08.2021 00:00:54.674,109.59700000000001,109.59299999999999,1.5,1.39
16.08.2021 00:00:55.165,109.598,109.594,1.2,1
16.08.2021 00:00:55.691,109.598,109.59299999999999,1.39,1.95
16.08.2021 00:00:56.096,109.598,109.595,1.2,1
16.08.2021 00:00:56.197,109.599,109.595,3.07,1
16.08.2021 00:00:56.298,109.599,109.596,2.14,1
16.08.2021 00:00:56.453,109.60000000000001,109.59299999999999,2.14,2.14
16.08.2021 00:00:57.454,109.59700000000001,109.59200000000001,3.22,1.5
16.08.2021 00:00:57.707,109.595,109.59100000000001,1,1.39
16.08.2021 00:00:58.975,109.59700000000001,109.59299999999999,4.5,2.14
16.08.2021 00:00:59.077,109.59700000000001,109.595,1.5,1
16.08.2021 00:00:59.178,109.598,109.594,1.5,1.2
16.08.2021 00:00:59.279,109.598,109.595,1.5,1
16.08.2021 00:00:59.381,109.601,109.594,2.89,1.39
16.08.2021 00:01:00.348,109.60000000000001,109.59700000000001,1.69,1
16.08.2021 00:01:00.449,109.60000000000001,109.596,2.89,1
16.08.2021 00:01:01.089,109.598,109.596,1.2,1
16.08.2021 00:01:01.191,109.596,109.594,1,1
16.08.2021 00:01:01.344,109.596,109.59200000000001,3.6,1
16.08.2021 00:01:01.446,109.594,109.59200000000001,1,1
16.08.2021 00:01:02.495,109.59299999999999,109.59100000000001,1,1
16.08.2021 00:01:02.597,109.59299999999999,109.589,4.95,1.1
16.08.2021 00:01:02.799,109.59200000000001,109.588,1.2,1.1
16.08.2021 00:01:02.901,109.59100000000001,109.587,1,2.14
16.08.2021 00:01:03.256,109.59100000000001,109.588,1,1.25
16.08.2021 00:01:03.357,109.59200000000001,109.588,1.95,1
16.08.2021 00:01:04.054,109.59200000000001,109.587,2.89,1.95
16.08.2021 00:01:04.927,109.59200000000001,109.588,2.14,1
16.08.2021 00:01:05.032,109.59,109.587,1,1.2
16.08.2021 00:01:08.287,109.59,109.587,1,1.6
16.08.2021 00:01:08.338,109.59299999999999,109.58600000000001,1.69,1.6
16.08.2021 00:01:10.805,109.59100000000001,109.587,1,2.7
16.08.2021 00:01:10.907,109.589,109.58600000000001,1,2.1
16.08.2021 00:01:11.009,109.59,109.58500000000001,1,1.2
16.08.2021 00:01:11.313,109.588,109.58500000000001,1,1.25
16.08.2021 00:01:11.415,109.588,109.584,1.5,1.2
16.08.2021 00:01:11.516,109.587,109.583,1.25,1.2
16.08.2021 00:01:11.619,109.587,109.58200000000001,2.89,1.95
16.08.2021 00:01:11.721,109.587,109.581,1.69,1.2
16.08.2021 00:01:12.926,109.58500000000001,109.58200000000001,1,1.2
16.08.2021 00:01:13.028,109.581,109.579,1.5,1.2
16.08.2021 00:01:13.129,109.581,109.57700000000001,1.5,1.75
16.08.2021 00:01:13.231,109.581,109.57700000000001,1.5,1.39
16.08.2021 00:01:13.689,109.581,109.579,1,1
16.08.2021 00:01:13.791,109.58200000000001,109.57799999999999,1.5,1
16.08.2021 00:01:14.610,109.581,109.57700000000001,1.25,1
16.08.2021 00:01:15.824,109.581,109.57600000000001,2.51,2.89
16.08.2021 00:01:16.329,109.581,109.57700000000001,3.26,1
16.08.2021 00:01:17.261,109.58200000000001,109.57700000000001,1.95,1.95
16.08.2021 00:01:17.362,109.581,109.57700000000001,1.2,1.01
16.08.2021 00:01:17.717,109.58200000000001,109.57799999999999,1.6,1
16.08.2021 00:01:17.819,109.58200000000001,109.579,1,1
16.08.2021 00:01:18.488,109.583,109.579,2.7,1
16.08.2021 00:01:18.591,109.584,109.579,2.14,1
16.08.2021 00:01:21.047,109.58200000000001,109.57700000000001,2.1,1.57
16.08.2021 00:01:21.149,109.58200000000001,109.57799999999999,1,1.5
16.08.2021 00:01:21.251,109.583,109.57799999999999,2.7,1.5
16.08.2021 00:01:21.503,109.583,109.579,1,1
16.08.2021 00:01:22.124,109.58200000000001,109.579,1,1
16.08.2021 00:01:22.826,109.58200000000001,109.57799999999999,1,2.7
16.08.2021 00:01:23.505,109.583,109.57799999999999,1.57,1.5
16.08.2021 00:01:23.984,109.583,109.579,1.12,1
16.08.2021 00:01:24.644,109.584,109.58200000000001,1,1.57
16.08.2021 00:01:24.745,109.58500000000001,109.58200000000001,1,1.1
16.08.2021 00:01:24.846,109.58600000000001,109.58200000000001,1.25,1.1
16.08.2021 00:01:28.618,109.587,109.583,4.91,1
16.08.2021 00:01:28.971,109.587,109.583,1.25,1.5
16.08.2021 00:01:29.375,109.588,109.58500000000001,1,1
16.08.2021 00:01:29.476,109.589,109.58500000000001,1.25,2.25
16.08.2021 00:01:29.578,109.59100000000001,109.587,2.32,1.76
16.08.2021 00:01:29.679,109.59299999999999,109.589,1.95,1.5
16.08.2021 00:01:29.881,109.594,109.59,1.95,1
16.08.2021 00:01:31.040,109.59100000000001,109.589,1,1
16.08.2021 00:01:31.091,109.59299999999999,109.589,3.07,1
16.08.2021 00:01:31.927,109.59100000000001,109.588,1,1.5
16.08.2021 00:01:40.724,109.59200000000001,109.588,1.57,1.95
16.08.2021 00:01:41.150,109.59,109.587,1.1,1
16.08.2021 00:01:41.252,109.589,109.58500000000001,2.32,1.95
16.08.2021 00:01:41.354,109.589,109.583,1.57,2.14
16.08.2021 00:01:41.456,109.587,109.584,1.1,1.5
16.08.2021 00:01:41.608,109.58600000000001,109.58200000000001,4.22,1
16.08.2021 00:01:41.861,109.58600000000001,109.583,1.57,1.5
16.08.2021 00:01:42.451,109.587,109.583,2.32,2.14
16.08.2021 00:01:42.924,109.588,109.583,1.57,1
16.08.2021 00:01:43.764,109.588,109.584,1,3.85
16.08.2021 00:01:44.110,109.589,109.58500000000001,1.57,1.39
16.08.2021 00:01:45.459,109.589,109.58500000000001,1.57,2.95
16.08.2021 00:01:45.575,109.589,109.58500000000001,1.57,2.14
16.08.2021 00:01:50.089,109.589,109.58500000000001,2.72,1
16.08.2021 00:01:50.920,109.589,109.58600000000001,2.25,2.2
16.08.2021 00:01:51.021,109.59,109.58600000000001,1.1,2.95
16.08.2021 00:01:51.174,109.59,109.58600000000001,1.57,1.95
16.08.2021 00:01:51.275,109.589,109.58600000000001,1.1,1.5
16.08.2021 00:01:51.527,109.589,109.58500000000001,1.57,1.95
16.08.2021 00:01:51.629,109.589,109.58500000000001,1.97,2.44
16.08.2021 00:01:53.708,109.589,109.58500000000001,2.32,2.89
16.08.2021 00:01:59.254,109.59,109.58500000000001,1.1,1
16.08.2021 00:02:01.056,109.587,109.583,5.47,1.75
16.08.2021 00:02:01.158,109.58600000000001,109.58200000000001,1.39,1.65
16.08.2021 00:02:01.209,109.584,109.581,1.5,2.12
16.08.2021 00:02:01.310,109.584,109.58,2.14,1.57
16.08.2021 00:02:01.412,109.584,109.581,3.26,1
16.08.2021 00:02:01.564,109.583,109.581,1,1
16.08.2021 00:02:01.918,109.583,109.58,1.95,1
16.08.2021 00:02:05.774,109.58200000000001,109.579,2.7,1
16.08.2021 00:02:05.826,109.581,109.57700000000001,1.95,1.01
16.08.2021 00:02:05.928,109.58,109.57600000000001,1.2,1.76
16.08.2021 00:02:06.928,109.579,109.57600000000001,1.95,1
16.08.2021 00:02:07.029,109.57799999999999,109.575,1,1.76
16.08.2021 00:02:07.131,109.57700000000001,109.574,1,1.01
16.08.2021 00:02:07.333,109.573,109.572,1,1
16.08.2021 00:02:07.435,109.573,109.57000000000001,2.7,1
16.08.2021 00:02:07.536,109.572,109.569,1.2,2.25
16.08.2021 00:02:07.688,109.573,109.57000000000001,1.5,1.1
16.08.2021 00:02:07.738,109.573,109.572,1,1
16.08.2021 00:02:07.840,109.57700000000001,109.574,2.02,1
16.08.2021 00:02:07.941,109.57700000000001,109.573,1.2,2.44
16.08.2021 00:02:08.043,109.57700000000001,109.573,1,2.97
16.08.2021 00:02:08.414,109.579,109.575,1.5,1.97
16.08.2021 00:02:08.566,109.58,109.57600000000001,1.57,2.51
16.08.2021 00:02:08.718,109.58,109.57600000000001,1.57,2.57
16.08.2021 00:02:09.406,109.581,109.57600000000001,1.12,1.82
16.08.2021 00:02:09.557,109.581,109.57700000000001,1.7,1.76
16.08.2021 00:02:09.861,109.58200000000001,109.579,1.1,1.69
16.08.2021 00:02:09.911,109.58200000000001,109.579,1,2.14
16.08.2021 00:02:11.080,109.58200000000001,109.57799999999999,2.72,1
16.08.2021 00:02:11.181,109.581,109.57799999999999,1.22,1
16.08.2021 00:02:11.283,109.581,109.57600000000001,1.97,3.64
16.08.2021 00:02:15.520,109.57700000000001,109.57600000000001,1,1
16.08.2021 00:02:15.622,109.57700000000001,109.575,1,1
16.08.2021 00:02:15.774,109.57700000000001,109.574,1,1
16.08.2021 00:02:17.943,109.57799999999999,109.575,2.72,1
16.08.2021 00:02:18.044,109.57799999999999,109.575,1.57,1
16.08.2021 00:02:18.371,109.579,109.57600000000001,2.77,1
16.08.2021 00:02:18.473,109.581,109.575,1.57,2.14
16.08.2021 00:02:18.574,109.58,109.57700000000001,1.1,1
16.08.2021 00:02:18.777,109.58200000000001,109.57799999999999,1.76,1.2
16.08.2021 00:02:18.929,109.583,109.57799999999999,2.81,2.85
16.08.2021 00:02:21.084,109.58200000000001,109.57799999999999,2.16,1
16.08.2021 00:02:21.236,109.58200000000001,109.57700000000001,2.91,1.95
16.08.2021 00:02:21.337,109.58200000000001,109.57799999999999,2.91,1
16.08.2021 00:02:23.173,109.583,109.579,1.87,1.2
16.08.2021 00:02:23.376,109.584,109.579,4.97,1.5
16.08.2021 00:02:24.094,109.583,109.579,1.1,1.95
16.08.2021 00:02:24.246,109.584,109.58,2.54,1
16.08.2021 00:02:25.206,109.58500000000001,109.58200000000001,1.76,1
16.08.2021 00:02:25.308,109.587,109.583,1.01,1.95
16.08.2021 00:02:25.579,109.589,109.583,1.2,1.2
16.08.2021 00:02:26.328,109.587,109.584,1,1
16.08.2021 00:02:26.605,109.588,109.584,1.57,1
16.08.2021 00:02:28.572,109.59,109.587,2.79,1
16.08.2021 00:02:28.674,109.59,109.587,2.16,1
16.08.2021 00:02:29.293,109.59,109.587,1.1,1
16.08.2021 00:02:29.951,109.59,109.587,1.35,1.5
16.08.2021 00:02:30.300,109.59,109.58500000000001,2.54,2.7
16.08.2021 00:02:30.401,109.589,109.58500000000001,1.41,1
16.08.2021 00:02:30.503,109.589,109.584,2.54,2.7
16.08.2021 00:02:30.704,109.588,109.584,1.22,1.5
16.08.2021 00:02:30.861,109.58600000000001,109.583,1.1,1.5
16.08.2021 00:02:30.962,109.58500000000001,109.58200000000001,1.01,1
16.08.2021 00:02:31.064,109.584,109.58,2.16,1.5
16.08.2021 00:02:31.165,109.584,109.579,2.54,3.64
16.08.2021 00:02:31.317,109.581,109.579,1,1.5
16.08.2021 00:02:31.418,109.58200000000001,109.579,1.01,1
16.08.2021 00:02:31.772,109.58200000000001,109.57700000000001,3.16,3.45
16.08.2021 00:02:33.478,109.581,109.579,1.1,1
16.08.2021 00:02:34.167,109.583,109.579,3.14,1
16.08.2021 00:02:38.099,109.584,109.57799999999999,2.32,1
16.08.2021 00:02:38.200,109.584,109.58,1.5,3.04
16.08.2021 00:02:38.354,109.58500000000001,109.581,1,3.64
16.08.2021 00:02:38.455,109.58500000000001,109.58200000000001,1,1
16.08.2021 00:02:38.560,109.58500000000001,109.583,1,1
16.08.2021 00:02:38.995,109.58600000000001,109.583,1,1
16.08.2021 00:02:47.128,109.584,109.58200000000001,1,1.5
16.08.2021 00:02:47.280,109.584,109.58,1.5,2.89
16.08.2021 00:02:48.844,109.58500000000001,109.58200000000001,2.62,1.69
16.08.2021 00:02:48.946,109.58600000000001,109.583,1.12,2.89
16.08.2021 00:02:49.047,109.588,109.58500000000001,1,1
16.08.2021 00:02:49.149,109.589,109.58500000000001,2.7,1
16.08.2021 00:02:49.300,109.589,109.58600000000001,2.25,1.25
16.08.2021 00:02:51.078,109.588,109.583,2.25,2.44
16.08.2021 00:02:53.569,109.58600000000001,109.583,1,1
16.08.2021 00:02:57.292,109.587,109.583,2.32,1.95
16.08.2021 00:02:57.444,109.587,109.583,4.97,1
16.08.2021 00:02:57.596,109.58600000000001,109.58200000000001,1.1,2.89
16.08.2021 00:03:01.072,109.58500000000001,109.58200000000001,1.1,1.25
16.08.2021 00:03:01.173,109.58500000000001,109.581,1.57,2.89
16.08.2021 00:03:01.275,109.58500000000001,109.581,3.85,1.5
16.08.2021 00:03:01.477,109.584,109.58,2.51,1.95
16.08.2021 00:03:01.597,109.584,109.57799999999999,1.76,2.7
16.08.2021 00:03:01.700,109.58200000000001,109.579,1.1,1
16.08.2021 00:03:04.245,109.581,109.579,1,1
16.08.2021 00:03:05.160,109.58,109.579,1,1
16.08.2021 00:03:06.383,109.58,109.57700000000001,1,1.85
16.08.2021 00:03:07.246,109.58200000000001,109.57600000000001,1,1.85
16.08.2021 00:03:08.252,109.58,109.57600000000001,1,3.66
16.08.2021 00:03:08.544,109.579,109.57600000000001,1,2.47
16.08.2021 00:03:09.856,109.57600000000001,109.575,1,2.7
16.08.2021 00:03:09.907,109.57700000000001,109.573,1.95,1.95
16.08.2021 00:03:09.958,109.57600000000001,109.57100000000001,1.22,4.61
16.08.2021 00:03:10.060,109.573,109.57000000000001,1.25,2.7
16.08.2021 00:03:10.161,109.57100000000001,109.568,1,1.39
16.08.2021 00:03:10.933,109.573,109.569,1.1,2.14
16.08.2021 00:03:11.034,109.57100000000001,109.569,1,2.22
16.08.2021 00:03:12.090,109.57100000000001,109.566,1.76,7.54
16.08.2021 00:03:12.191,109.569,109.565,1,5.74
16.08.2021 00:03:12.647,109.569,109.565,1,3.45
16.08.2021 00:03:12.748,109.564,109.56,1.2,1.87
16.08.2021 00:03:12.850,109.56299999999999,109.559,1,1.7
16.08.2021 00:03:12.951,109.56299999999999,109.55799999999999,1.2,3.64
16.08.2021 00:03:13.052,109.56200000000001,109.55799999999999,1,3.6
16.08.2021 00:03:13.204,109.56200000000001,109.55799999999999,2.14,2.14
16.08.2021 00:03:13.305,109.56200000000001,109.55799999999999,2.95,1.95
16.08.2021 00:03:13.407,109.56200000000001,109.55799999999999,1.5,3.29
16.08.2021 00:03:13.508,109.56200000000001,109.55799999999999,1.95,2.89
16.08.2021 00:03:13.660,109.56299999999999,109.55700000000002,2.95,1.95
16.08.2021 00:03:14.298,109.56200000000001,109.559,2.2,1
16.08.2021 00:03:15.820,109.555,109.553,1.25,1.95
16.08.2021 00:03:15.922,109.554,109.55,3.85,1.2
16.08.2021 00:03:16.024,109.553,109.54899999999999,2.39,1.2
16.08.2021 00:03:16.125,109.552,109.54700000000001,2.39,1.97
16.08.2021 00:03:16.379,109.551,109.546,2.39,2.72
16.08.2021 00:03:16.682,109.551,109.546,3.47,2.32
16.08.2021 00:03:18.184,109.55,109.548,1.25,1
16.08.2021 00:03:18.336,109.551,109.548,1.76,1
16.08.2021 00:03:19.319,109.553,109.548,6.41,1.76
16.08.2021 00:03:19.750,109.551,109.548,1,1.01
16.08.2021 00:03:20.969,109.552,109.551,1,1.25
16.08.2021 00:03:21.020,109.555,109.55,3.45,2.14
16.08.2021 00:03:21.071,109.553,109.552,1.25,1
16.08.2021 00:03:21.122,109.553,109.55,1.95,1.25
16.08.2021 00:03:21.223,109.553,109.54899999999999,1,2.14
16.08.2021 00:03:21.324,109.553,109.551,1,1.69
16.08.2021 00:03:21.375,109.553,109.54899999999999,1.95,1
16.08.2021 00:03:21.477,109.552,109.54700000000001,1.39,2.89
16.08.2021 00:03:21.629,109.553,109.54899999999999,6.29,1
16.08.2021 00:03:21.793,109.552,109.54700000000001,1.39,2.89
16.08.2021 00:03:23.312,109.551,109.54700000000001,1.39,1.5
16.08.2021 00:03:23.565,109.552,109.54700000000001,1.2,2.14
16.08.2021 00:03:23.616,109.553,109.55,2.25,1.5
16.08.2021 00:03:23.717,109.554,109.55,1.2,1.5
16.08.2021 00:03:23.818,109.555,109.55,1.2,1
16.08.2021 00:03:23.919,109.554,109.55,1.2,1
16.08.2021 00:03:24.021,109.554,109.551,1.2,1
16.08.2021 00:03:24.274,109.555,109.551,2.7,1
16.08.2021 00:03:24.375,109.555,109.551,2.85,1
16.08.2021 00:03:25.211,109.555,109.55,3.6,1.5
16.08.2021 00:03:25.538,109.553,109.55,1,1.5
16.08.2021 00:03:25.640,109.551,109.548,1.2,1.5
16.08.2021 00:03:25.843,109.552,109.54700000000001,2.47,2.51
16.08.2021 00:03:26.356,109.553,109.54700000000001,1.72,1
16.08.2021 00:03:26.524,109.553,109.55,1.1,1
16.08.2021 00:03:26.626,109.554,109.55,3.22,1
16.08.2021 00:03:26.727,109.554,109.55,3.1,1
16.08.2021 00:03:27.511,109.555,109.551,4.72,1.5
16.08.2021 00:03:27.612,109.55600000000001,109.552,2.85,1
16.08.2021 00:03:30.989,109.55700000000002,109.552,3.2,2.14
16.08.2021 00:03:31.090,109.55700000000002,109.553,1.95,1.5
16.08.2021 00:03:33.002,109.55700000000002,109.555,1,1
16.08.2021 00:03:33.103,109.559,109.555,2.92,1
16.08.2021 00:03:33.205,109.559,109.554,2.17,1.57
16.08.2021 00:03:34.121,109.559,109.555,1.57,1
16.08.2021 00:03:35.039,109.55799999999999,109.555,1,1
16.08.2021 00:03:35.191,109.559,109.55600000000001,1,1.25
16.08.2021 00:03:35.292,109.559,109.55700000000002,1,1
16.08.2021 00:03:35.495,109.55799999999999,109.55700000000002,1,1
16.08.2021 00:03:35.647,109.55799999999999,109.55600000000001,1,1.5
16.08.2021 00:03:35.916,109.559,109.55600000000001,1.1,1.5
16.08.2021 00:03:37.509,109.561,109.55600000000001,3.52,1.5
16.08.2021 00:03:37.611,109.561,109.55799999999999,1,1.25
16.08.2021 00:03:37.712,109.56200000000001,109.55799999999999,1.1,1.69
16.08.2021 00:03:38.302,109.56200000000001,109.55799999999999,1,2.95
16.08.2021 00:03:38.455,109.55700000000002,109.555,1,3.45
16.08.2021 00:03:38.557,109.55700000000002,109.554,1.57,1
16.08.2021 00:03:38.659,109.554,109.552,1.1,1
16.08.2021 00:03:38.760,109.55600000000001,109.55,3.47,1
16.08.2021 00:03:38.963,109.553,109.54899999999999,1.76,1
16.08.2021 00:03:39.065,109.553,109.54899999999999,2.99,1
16.08.2021 00:03:39.372,109.553,109.54899999999999,2.51,1
16.08.2021 00:03:40.268,109.553,109.551,1,1
16.08.2021 00:03:40.319,109.553,109.54899999999999,1.2,1
16.08.2021 00:03:40.521,109.553,109.54899999999999,3.74,1
16.08.2021 00:03:41.033,109.554,109.54700000000001,3.66,1.69
16.08.2021 00:03:41.134,109.553,109.54700000000001,5.42,2.89
16.08.2021 00:03:41.185,109.553,109.54899999999999,3.17,1
16.08.2021 00:03:41.286,109.553,109.548,4.67,1
16.08.2021 00:03:41.640,109.552,109.548,4.04,1
16.08.2021 00:03:41.792,109.552,109.54700000000001,4.79,1
16.08.2021 00:03:42.146,109.54899999999999,109.545,2.7,1.25
16.08.2021 00:03:42.247,109.548,109.54299999999999,4.91,1
16.08.2021 00:03:42.349,109.54700000000001,109.54200000000002,2.17,1.69
16.08.2021 00:03:42.451,109.54700000000001,109.54200000000002,2.1,1.69
16.08.2021 00:03:42.553,109.54700000000001,109.54200000000002,1.3,2.89
16.08.2021 00:03:43.547,109.548,109.54299999999999,2.1,1
16.08.2021 00:03:44.227,109.546,109.54299999999999,1.97,1
16.08.2021 00:03:44.903,109.545,109.54100000000001,1.1,3.7
16.08.2021 00:03:49.126,109.54700000000001,109.54299999999999,3.6,1.5
16.08.2021 00:03:51.767,109.54700000000001,109.54299999999999,4.8,1.25
16.08.2021 00:03:58.834,109.54100000000001,109.54,1,1
16.08.2021 00:03:58.935,109.54100000000001,109.539,1,2.14
16.08.2021 00:03:59.087,109.54100000000001,109.538,2.32,1
16.08.2021 00:03:59.189,109.536,109.53399999999999,1.5,2.14
16.08.2021 00:03:59.295,109.535,109.533,1,1
16.08.2021 00:03:59.346,109.533,109.531,1,1.95
16.08.2021 00:03:59.599,109.533,109.53,1.2,1.87
16.08.2021 00:03:59.701,109.53200000000001,109.53,1.5,1
16.08.2021 00:03:59.802,109.531,109.52799999999999,1,2.89
16.08.2021 00:04:00.069,109.531,109.52799999999999,1,2.95
16.08.2021 00:04:00.171,109.53399999999999,109.52799999999999,1.72,2.14
16.08.2021 00:04:00.272,109.531,109.53,1,1
16.08.2021 00:04:00.374,109.535,109.52799999999999,2.67,2.7
16.08.2021 00:04:01.090,109.535,109.529,2.1,1
16.08.2021 00:04:01.829,109.53399999999999,109.53,1,1
16.08.2021 00:04:02.443,109.537,109.535,7.2,1
16.08.2021 00:04:02.544,109.537,109.536,1,1
16.08.2021 00:04:02.595,109.54,109.536,2.7,1
16.08.2021 00:04:02.746,109.535,109.53399999999999,2.44,1
16.08.2021 00:04:02.797,109.529,109.52600000000001,1,1.25
16.08.2021 00:04:02.848,109.52700000000002,109.523,1.5,1
16.08.2021 00:04:02.950,109.525,109.52,1,1.95
16.08.2021 00:04:03.051,109.525,109.521,1,1
16.08.2021 00:04:03.203,109.52600000000001,109.522,1.5,1
16.08.2021 00:04:03.304,109.525,109.521,1,1.5
16.08.2021 00:04:03.355,109.523,109.521,1,1
16.08.2021 00:04:03.406,109.522,109.519,2.25,1.25
16.08.2021 00:04:03.457,109.521,109.51700000000001,1,3.64
16.08.2021 00:04:03.508,109.518,109.516,1,1.87
16.08.2021 00:04:03.609,109.516,109.514,1,1.12
16.08.2021 00:04:03.862,109.515,109.51200000000001,1,1.5
16.08.2021 00:04:03.963,109.51700000000001,109.51200000000001,1.1,1
16.08.2021 00:04:04.064,109.51700000000001,109.51200000000001,2.91,1.5
16.08.2021 00:04:04.115,109.51700000000001,109.514,1.22,1
16.08.2021 00:04:04.217,109.51700000000001,109.515,1.5,2.44
16.08.2021 00:04:04.318,109.518,109.514,1.2,1.25
16.08.2021 00:04:04.470,109.518,109.51299999999999,1.2,2.14
16.08.2021 00:04:04.977,109.519,109.514,5.1,1.5
16.08.2021 00:04:05.190,109.519,109.515,1.57,1.69
16.08.2021 00:04:05.292,109.52,109.518,1,1
16.08.2021 00:04:05.343,109.522,109.519,1,3.19
16.08.2021 00:04:05.394,109.525,109.521,3.3,1
16.08.2021 00:04:05.444,109.52600000000001,109.52,1.95,1
16.08.2021 00:04:05.596,109.518,109.516,1,1.12
16.08.2021 00:04:05.647,109.521,109.518,3,1.6
16.08.2021 00:04:05.698,109.516,109.51200000000001,1.5,2.06
16.08.2021 00:04:05.799,109.519,109.514,5.7,1.5
16.08.2021 00:04:05.850,109.51100000000001,109.508,1,1
16.08.2021 00:04:05.952,109.514,109.51,1.95,1
16.08.2021 00:04:06.003,109.51299999999999,109.509,2,1
16.08.2021 00:04:06.105,109.51299999999999,109.51,1,1.25
16.08.2021 00:04:06.207,109.51299999999999,109.51,3.19,1
16.08.2021 00:04:06.308,109.515,109.51,6.44,1
16.08.2021 00:04:06.410,109.515,109.51,3.37,1
16.08.2021 00:04:06.512,109.515,109.51,1.5,3.44
16.08.2021 00:04:06.613,109.516,109.51100000000001,3.45,1.5
16.08.2021 00:04:06.817,109.516,109.51299999999999,1.2,1
16.08.2021 00:04:06.869,109.518,109.514,1,1.25
16.08.2021 00:04:06.920,109.52,109.515,3.37,1.25
16.08.2021 00:04:07.022,109.52,109.516,1.5,1.25
16.08.2021 00:04:07.124,109.52,109.518,1.1,1.25
16.08.2021 00:04:07.175,109.521,109.516,6.82,1.5
16.08.2021 00:04:07.784,109.521,109.51700000000001,1.5,1
16.08.2021 00:04:07.937,109.522,109.518,1.65,1
16.08.2021 00:04:08.039,109.523,109.519,2.03,1.69
16.08.2021 00:04:08.090,109.524,109.521,1,1.5
16.08.2021 00:04:08.192,109.525,109.521,1.1,2.44
16.08.2021 00:04:08.294,109.52700000000002,109.52,1.57,2.89
16.08.2021 00:04:08.395,109.52600000000001,109.522,2.32,1
16.08.2021 00:04:09.226,109.52600000000001,109.521,1.57,2.89
16.08.2021 00:04:09.328,109.52700000000002,109.523,3.82,1
16.08.2021 00:04:09.531,109.52700000000002,109.522,4.97,1.5
16.08.2021 00:04:09.633,109.525,109.522,1,1
16.08.2021 00:04:09.848,109.525,109.521,1.5,2.89
16.08.2021 00:04:10.327,109.525,109.522,1,1.25
16.08.2021 00:04:10.530,109.52600000000001,109.522,1.2,1.5
16.08.2021 00:04:11.151,109.525,109.522,1.2,1
16.08.2021 00:04:11.252,109.52600000000001,109.52,3.6,1
16.08.2021 00:04:11.556,109.525,109.521,2.32,1.25
16.08.2021 00:04:11.758,109.52600000000001,109.52,2.85,1.5
16.08.2021 00:04:11.859,109.525,109.52,4.72,1.69
16.08.2021 00:04:13.153,109.524,109.519,1,1
16.08.2021 00:04:16.577,109.523,109.521,1,1
16.08.2021 00:04:18.297,109.523,109.522,1.5,1
16.08.2021 00:04:18.399,109.524,109.523,1,1
16.08.2021 00:04:18.603,109.523,109.52,2.7,1.2
16.08.2021 00:04:18.755,109.523,109.521,1.12,1
16.08.2021 00:04:18.856,109.525,109.522,1,1
16.08.2021 00:04:18.957,109.525,109.523,1,1
16.08.2021 00:04:19.479,109.524,109.522,1,1
16.08.2021 00:04:19.580,109.524,109.521,1,1.69
16.08.2021 00:04:21.558,109.524,109.52,2.7,1
16.08.2021 00:04:22.986,109.524,109.521,1.95,1
16.08.2021 00:04:23.349,109.523,109.521,1,1
16.08.2021 00:04:28.416,109.525,109.52,3.45,1
16.08.2021 00:04:29.318,109.522,109.52,1,1.5
16.08.2021 00:04:33.408,109.524,109.522,1,1.2
16.08.2021 00:04:33.510,109.525,109.522,1,3.64
16.08.2021 00:04:34.432,109.525,109.523,1,1
16.08.2021 00:04:34.893,109.52600000000001,109.523,1,2.14
16.08.2021 00:04:37.439,109.52600000000001,109.524,1,1
16.08.2021 00:04:38.538,109.52700000000002,109.523,1,2.89
16.08.2021 00:04:38.640,109.525,109.523,1,1.5
16.08.2021 00:04:38.943,109.525,109.522,1,1.5
16.08.2021 00:04:40.319,109.521,109.51700000000001,1,4.76
16.08.2021 00:04:40.370,109.515,109.51299999999999,1.5,1.45
16.08.2021 00:04:40.471,109.514,109.51,1.5,1
16.08.2021 00:04:40.522,109.51299999999999,109.509,5.16,3.07
16.08.2021 00:04:40.624,109.51100000000001,109.509,1,2.7
16.08.2021 00:04:41.555,109.51299999999999,109.51,1,1.95
16.08.2021 00:04:41.657,109.514,109.51,1.76,2.7
16.08.2021 00:04:41.910,109.514,109.51100000000001,1,1.39
16.08.2021 00:04:42.421,109.515,109.51100000000001,1.01,2.89
16.08.2021 00:04:43.109,109.515,109.51200000000001,1.39,1
16.08.2021 00:04:44.411,109.51700000000001,109.51200000000001,5.42,2.89
16.08.2021 00:04:44.513,109.51700000000001,109.51299999999999,1.27,1.95
16.08.2021 00:04:44.614,109.518,109.514,2.29,1
16.08.2021 00:04:44.923,109.518,109.51299999999999,3.41,2.7
16.08.2021 00:04:46.991,109.518,109.51299999999999,3.41,2.25
16.08.2021 00:04:51.065,109.514,109.51200000000001,1,1
16.08.2021 00:04:51.167,109.516,109.51200000000001,2.14,2.7
16.08.2021 00:04:51.268,109.516,109.51200000000001,2.29,2.25
16.08.2021 00:04:51.369,109.516,109.51299999999999,1.2,1
16.08.2021 00:04:54.482,109.51700000000001,109.51299999999999,2.7,1.95
16.08.2021 00:04:56.971,109.519,109.51299999999999,1.72,1
16.08.2021 00:05:01.078,109.516,109.51299999999999,1.95,1
16.08.2021 00:05:01.180,109.516,109.51200000000001,1.2,2.89
16.08.2021 00:05:01.230,109.518,109.515,1.43,1.69
16.08.2021 00:05:01.332,109.52,109.51700000000001,1.8,1
16.08.2021 00:05:01.438,109.521,109.519,1.5,1.5
16.08.2021 00:05:01.489,109.523,109.52,1.65,1
16.08.2021 00:05:01.590,109.525,109.521,5.7,1
16.08.2021 00:05:02.398,109.525,109.521,4.65,1.25
16.08.2021 00:05:03.350,109.525,109.522,1.5,1.69
16.08.2021 00:05:03.452,109.52600000000001,109.523,1.1,1
16.08.2021 00:05:03.554,109.52700000000002,109.524,1,1.5
16.08.2021 00:05:06.083,109.52799999999999,109.525,1,1
16.08.2021 00:05:06.237,109.53,109.52600000000001,2.92,1.69
16.08.2021 00:05:06.440,109.529,109.52600000000001,1,1
16.08.2021 00:05:06.542,109.529,109.525,1,3.64
16.08.2021 00:05:06.594,109.53,109.52600000000001,3.45,1.75
16.08.2021 00:05:06.747,109.53,109.52600000000001,2.92,1.5
16.08.2021 00:05:08.193,109.529,109.525,1,1.5
16.08.2021 00:05:08.295,109.529,109.52600000000001,1,1.5
16.08.2021 00:05:09.122,109.53,109.52600000000001,3.97,1.5
16.08.2021 00:05:10.087,109.529,109.52600000000001,1,1.5
16.08.2021 00:05:11.236,109.529,109.525,1.95,2.44
16.08.2021 00:05:11.776,109.53,109.52600000000001,2.7,1.25
16.08.2021 00:05:20.609,109.53,109.52600000000001,3.07,1.25
16.08.2021 00:05:22.271,109.529,109.52600000000001,1.5,1.75
16.08.2021 00:05:31.081,109.52799999999999,109.524,1,3.64
16.08.2021 00:05:33.333,109.52700000000002,109.524,1,1.5
16.08.2021 00:05:33.591,109.52799999999999,109.524,1.5,1.95
16.08.2021 00:05:35.412,109.525,109.523,1.57,1
16.08.2021 00:05:35.514,109.525,109.519,2.91,1.5
16.08.2021 00:05:35.767,109.523,109.519,1.57,1.95
16.08.2021 00:05:35.818,109.521,109.516,1.1,1
16.08.2021 00:05:35.920,109.52,109.516,1.22,1.69
16.08.2021 00:05:36.021,109.518,109.515,1.1,1
16.08.2021 00:05:36.123,109.519,109.515,1.1,1.95
16.08.2021 00:05:36.275,109.519,109.51700000000001,1.27,1
16.08.2021 00:05:36.837,109.52,109.51700000000001,1,1.2
16.08.2021 00:05:37.090,109.52,109.518,1.1,1
16.08.2021 00:05:37.402,109.521,109.516,1.2,1
16.08.2021 00:05:41.053,109.518,109.515,1.1,1.25
16.08.2021 00:05:41.155,109.518,109.514,2.35,1.69
16.08.2021 00:05:41.711,109.51299999999999,109.51200000000001,1,1
16.08.2021 00:05:41.812,109.515,109.51100000000001,3.97,1.5
16.08.2021 00:05:41.964,109.51299999999999,109.509,1,3.7
16.08.2021 00:05:42.065,109.51200000000001,109.509,1.1,1.25
16.08.2021 00:05:42.317,109.51200000000001,109.508,2.72,1.25
16.08.2021 00:05:43.535,109.51200000000001,109.506,1.2,2.51
16.08.2021 00:05:44.207,109.51200000000001,109.509,1,1.1
16.08.2021 00:05:44.809,109.507,109.505,1.2,1.2
16.08.2021 00:05:44.911,109.505,109.501,1.2,6.77
16.08.2021 00:05:45.079,109.503,109.501,1.2,1
16.08.2021 00:05:45.130,109.505,109.501,1.2,2.94
16.08.2021 00:05:45.231,109.505,109.501,1.2,2.44
16.08.2021 00:05:45.585,109.505,109.501,1.2,3.44
16.08.2021 00:05:45.686,109.505,109.501,1.2,2.44
16.08.2021 00:05:46.661,109.504,109.501,1,1.69
16.08.2021 00:05:47.287,109.504,109.499,1,1.25
16.08.2021 00:05:47.439,109.505,109.499,1.2,2.44
16.08.2021 00:05:47.490,109.50200000000001,109.499,1,1.75
16.08.2021 00:05:47.592,109.505,109.5,6.11,1.69
16.08.2021 00:05:48.098,109.506,109.50200000000001,2.7,1.25
16.08.2021 00:05:48.199,109.507,109.50200000000001,1.95,3.89
16.08.2021 00:05:48.300,109.508,109.503,2.4,2.14
16.08.2021 00:05:49.262,109.508,109.503,1.95,2.95
16.08.2021 00:05:49.364,109.509,109.505,2.17,1.69
16.08.2021 00:05:49.465,109.51,109.506,1.69,1.5
16.08.2021 00:05:49.567,109.51100000000001,109.507,1.12,1
16.08.2021 00:05:49.668,109.51200000000001,109.507,1.95,2.44
16.08.2021 00:05:49.770,109.507,109.504,1.25,1.5
16.08.2021 00:05:49.871,109.507,109.505,1.5,1
16.08.2021 00:05:49.922,109.508,109.50200000000001,2.25,2.89
16.08.2021 00:05:49.972,109.507,109.505,1,1
16.08.2021 00:05:50.023,109.51100000000001,109.506,5.36,1.5
16.08.2021 00:05:50.175,109.51100000000001,109.507,1.95,1.69
16.08.2021 00:05:50.327,109.51200000000001,109.507,1.95,2.44
16.08.2021 00:05:50.730,109.51299999999999,109.509,1,2.44
16.08.2021 00:05:50.832,109.515,109.509,7.54,2.44
16.08.2021 00:05:50.933,109.515,109.51200000000001,1,1.69
16.08.2021 00:05:51.085,109.516,109.51299999999999,1.1,1
16.08.2021 00:05:51.187,109.518,109.51100000000001,5.47,1.69
16.08.2021 00:05:51.763,109.51700000000001,109.51299999999999,2.85,1
16.08.2021 00:05:52.018,109.518,109.51200000000001,2.7,1
16.08.2021 00:05:52.760,109.516,109.51100000000001,1.5,1.69
16.08.2021 00:05:53.275,109.514,109.51100000000001,1,1.75
16.08.2021 00:05:53.427,109.514,109.51100000000001,1,1
16.08.2021 00:05:59.372,109.515,109.51100000000001,1.1,2.51
16.08.2021 00:05:59.473,109.514,109.51100000000001,1.1,1.5
16.08.2021 00:05:59.574,109.515,109.51,5.35,4.09
16.08.2021 00:05:59.675,109.515,109.51,4.6,3.7
16.08.2021 00:06:01.057,109.51100000000001,109.508,2.72,1
16.08.2021 00:06:01.159,109.51100000000001,109.507,2.32,3.34
16.08.2021 00:06:01.261,109.51,109.507,1.1,1.25
16.08.2021 00:06:01.363,109.51,109.506,2.72,1.69
16.08.2021 00:06:01.817,109.509,109.507,1.1,1.25
16.08.2021 00:06:02.824,109.51,109.507,2.32,1.25
16.08.2021 00:06:03.235,109.51100000000001,109.507,2.32,2.14
16.08.2021 00:06:10.947,109.51100000000001,109.508,1.1,1.25
16.08.2021 00:06:15.537,109.51100000000001,109.508,1.6,1
16.08.2021 00:06:17.137,109.51100000000001,109.508,1.1,1
16.08.2021 00:06:18.793,109.51100000000001,109.508,1.1,1
16.08.2021 00:06:22.264,109.51100000000001,109.507,1.22,1.5
16.08.2021 00:06:23.504,109.51100000000001,109.507,1.1,2.89
16.08.2021 00:06:26.536,109.51100000000001,109.506,3.55,2.97
16.08.2021 00:06:26.841,109.509,109.506,1,2.22
16.08.2021 00:06:27.208,109.509,109.505,1.57,1.95
16.08.2021 00:06:27.361,109.507,109.505,1,1.95
16.08.2021 00:06:27.463,109.505,109.503,1,1.1
16.08.2021 00:06:27.565,109.504,109.501,1,4.09
16.08.2021 00:06:27.748,109.5,109.49799999999999,1,1
16.08.2021 00:06:27.851,109.499,109.49700000000001,1,1.5
16.08.2021 00:06:27.953,109.49799999999999,109.49600000000001,1,2.7
16.08.2021 00:06:28.004,109.5,109.49600000000001,1.02,2.7
16.08.2021 00:06:28.106,109.5,109.49700000000001,1.2,1
16.08.2021 00:06:28.207,109.501,109.49600000000001,4.35,4.2
16.08.2021 00:06:28.258,109.501,109.499,1.12,1
16.08.2021 00:06:28.310,109.505,109.501,4.35,1.25
16.08.2021 00:06:28.411,109.505,109.501,2.7,2.95
16.08.2021 00:06:28.512,109.507,109.504,1.05,2.89
16.08.2021 00:06:28.614,109.508,109.505,1.2,1.69
16.08.2021 00:06:28.715,109.51,109.505,1,1.95
16.08.2021 00:06:28.816,109.509,109.507,1,1.5
16.08.2021 00:06:29.273,109.514,109.509,3,1
16.08.2021 00:06:29.375,109.514,109.51,1.1,2.89
16.08.2021 00:06:29.426,109.514,109.51200000000001,1.1,1
16.08.2021 00:06:29.527,109.515,109.51200000000001,1.57,1.5
16.08.2021 00:06:29.629,109.51700000000001,109.51299999999999,1.1,1
16.08.2021 00:06:29.780,109.515,109.514,1,1
16.08.2021 00:06:30.228,109.518,109.514,1.22,3.44
16.08.2021 00:06:30.329,109.519,109.515,1.97,1.5
16.08.2021 00:06:31.621,109.51700000000001,109.515,1.39,1
16.08.2021 00:06:33.969,109.519,109.516,1.99,1.2
16.08.2021 00:06:34.071,109.522,109.516,5.1,1.5
16.08.2021 00:06:34.123,109.521,109.519,1.2,1
16.08.2021 00:06:34.831,109.524,109.52,1.41,1.5
16.08.2021 00:06:35.084,109.52600000000001,109.522,1.6,1
16.08.2021 00:06:35.186,109.52600000000001,109.525,1.1,1
16.08.2021 00:06:35.337,109.52700000000002,109.525,1.25,1.5
16.08.2021 00:06:35.439,109.52799999999999,109.52600000000001,1.39,1
16.08.2021 00:06:35.540,109.52799999999999,109.52700000000002,1,1
16.08.2021 00:06:35.591,109.53,109.52700000000002,1,1.5
16.08.2021 00:06:35.692,109.53200000000001,109.53,1.69,1
16.08.2021 00:06:35.793,109.53399999999999,109.533,1,1
16.08.2021 00:06:35.895,109.53399999999999,109.53200000000001,2.89,1
16.08.2021 00:06:35.996,109.535,109.53200000000001,1.95,1
16.08.2021 00:06:36.097,109.53399999999999,109.53200000000001,1.75,1
16.08.2021 00:06:36.199,109.535,109.531,2.39,1.5
16.08.2021 00:06:36.350,109.535,109.53200000000001,2.14,1
16.08.2021 00:06:36.503,109.536,109.533,1.39,1
16.08.2021 00:06:37.390,109.537,109.53200000000001,5.4,1.5
16.08.2021 00:06:37.491,109.536,109.531,2.47,1.5
16.08.2021 00:06:37.592,109.535,109.53200000000001,1.2,1.5
16.08.2021 00:06:39.846,109.536,109.533,2.32,1
16.08.2021 00:06:39.947,109.538,109.535,1.2,1.5
16.08.2021 00:06:41.586,109.538,109.533,1.6,1.5
16.08.2021 00:06:41.689,109.535,109.533,1.45,1
16.08.2021 00:06:41.739,109.52600000000001,109.523,2.51,2.25
16.08.2021 00:06:41.841,109.525,109.521,2.14,1.12
16.08.2021 00:06:41.943,109.525,109.523,3.75,1
16.08.2021 00:06:42.044,109.525,109.521,2.32,1.5
16.08.2021 00:06:42.887,109.525,109.521,1.95,2.5
16.08.2021 00:06:44.907,109.52600000000001,109.522,1.2,1.69
16.08.2021 00:06:45.138,109.52700000000002,109.523,1.57,1
16.08.2021 00:06:45.340,109.52600000000001,109.523,1,1
16.08.2021 00:06:45.542,109.52700000000002,109.523,1.57,1
16.08.2021 00:06:46.315,109.52700000000002,109.524,1.57,1
16.08.2021 00:06:46.417,109.529,109.525,1.7,1.69
16.08.2021 00:06:46.468,109.53,109.52700000000002,1.1,1.69
16.08.2021 00:06:46.670,109.531,109.529,1,1.5
16.08.2021 00:06:46.721,109.53399999999999,109.53,1.39,1.5
16.08.2021 00:06:47.463,109.53399999999999,109.529,2.7,1.39
16.08.2021 00:06:47.565,109.53399999999999,109.529,6.6,1
16.08.2021 00:06:47.717,109.53399999999999,109.53,2.32,1.25
16.08.2021 00:06:47.869,109.536,109.53,1.57,1.5
16.08.2021 00:06:48.071,109.536,109.53200000000001,1.58,1.5
16.08.2021 00:06:51.617,109.537,109.53200000000001,1.95,4.64
16.08.2021 00:06:51.720,109.538,109.535,1.57,1
16.08.2021 00:06:51.822,109.54,109.535,3.97,1.5
16.08.2021 00:06:51.924,109.54,109.536,3.97,1
16.08.2021 00:06:52.026,109.54,109.535,3.6,1.5
16.08.2021 00:06:52.178,109.54,109.536,3.97,1.5
16.08.2021 00:06:52.395,109.54,109.536,1.95,1.5
16.08.2021 00:06:52.497,109.54,109.537,1.95,1
16.08.2021 00:06:53.468,109.54,109.536,1.95,1.5
16.08.2021 00:06:54.106,109.54,109.537,1.2,1
16.08.2021 00:06:54.309,109.54200000000002,109.537,1.1,1
16.08.2021 00:06:54.411,109.54100000000001,109.538,1.1,1
16.08.2021 00:06:54.528,109.54299999999999,109.538,4.73,1.5
16.08.2021 00:06:54.897,109.54299999999999,109.539,3.23,1
16.08.2021 00:06:54.999,109.54700000000001,109.54299999999999,3.83,1.25
16.08.2021 00:06:55.101,109.548,109.54299999999999,2.55,2.95
16.08.2021 00:06:55.202,109.54899999999999,109.545,3.26,1.5
16.08.2021 00:06:55.304,109.55,109.544,4.35,1.5
16.08.2021 00:06:55.557,109.548,109.546,1,1.5
16.08.2021 00:06:55.608,109.551,109.546,1.72,1.5
16.08.2021 00:06:55.709,109.551,109.54700000000001,1.6,1
16.08.2021 00:06:55.964,109.552,109.548,3.64,1.5
16.08.2021 00:06:57.725,109.553,109.54899999999999,2.1,1
16.08.2021 00:06:58.139,109.551,109.548,1.69,1
16.08.2021 00:06:58.291,109.553,109.54700000000001,2.54,1
16.08.2021 00:06:58.393,109.552,109.548,1.72,1
16.08.2021 00:06:59.161,109.552,109.54899999999999,1.72,1
16.08.2021 00:06:59.519,109.553,109.54899999999999,1.2,1
16.08.2021 00:07:00.381,109.554,109.54899999999999,1.2,1
16.08.2021 00:07:01.089,109.554,109.551,3.41,1
16.08.2021 00:07:01.342,109.554,109.551,1.39,1
16.08.2021 00:07:02.004,109.55600000000001,109.552,1,1.39
16.08.2021 00:07:02.055,109.55700000000002,109.555,4.5,1
16.08.2021 00:07:02.156,109.561,109.55700000000002,3.97,1.5
16.08.2021 00:07:05.626,109.561,109.555,1.6,1
16.08.2021 00:07:06.838,109.559,109.55600000000001,1.6,1
16.08.2021 00:07:07.142,109.559,109.555,3.1,1
16.08.2021 00:07:07.405,109.55799999999999,109.555,1.64,1
16.08.2021 00:07:07.655,109.555,109.553,2.14,1
16.08.2021 00:07:07.756,109.555,109.552,2.95,1
16.08.2021 00:07:07.857,109.55600000000001,109.552,1.39,1
16.08.2021 00:07:07.958,109.55700000000002,109.553,2.29,1
16.08.2021 00:07:08.060,109.55700000000002,109.553,1.39,1
16.08.2021 00:07:10.374,109.55799999999999,109.554,4.22,1
16.08.2021 00:07:13.937,109.555,109.551,2.7,1.1
16.08.2021 00:07:14.038,109.553,109.55,1.39,1.5
16.08.2021 00:07:14.139,109.554,109.54899999999999,2.1,2.7
16.08.2021 00:07:14.291,109.553,109.54899999999999,2.29,1.5
16.08.2021 00:07:14.393,109.553,109.548,3.79,1.57
16.08.2021 00:07:14.645,109.551,109.548,1,1.1
16.08.2021 00:07:14.747,109.55,109.545,1.39,2.72
16.08.2021 00:07:14.848,109.55,109.545,1.85,1.57
16.08.2021 00:07:21.374,109.54899999999999,109.544,1.85,1.95
16.08.2021 00:07:21.475,109.548,109.544,1.6,1
16.08.2021 00:07:21.628,109.54700000000001,109.54299999999999,1.2,1.95
16.08.2021 00:07:21.729,109.54700000000001,109.54299999999999,1.6,1.5
16.08.2021 00:07:21.982,109.548,109.54200000000002,3.66,1
16.08.2021 00:07:22.083,109.544,109.54200000000002,1.2,1
16.08.2021 00:07:22.185,109.545,109.54,2.29,1.95
16.08.2021 00:07:22.287,109.545,109.54,2.29,1
16.08.2021 00:07:22.388,109.545,109.539,3.29,1.95
16.08.2021 00:07:28.402,109.544,109.539,2.29,1.5
16.08.2021 00:07:30.913,109.54299999999999,109.538,2.85,1.95
16.08.2021 00:07:31.115,109.545,109.538,4.54,1
16.08.2021 00:07:31.217,109.544,109.54,4.01,1.2
16.08.2021 00:07:31.318,109.544,109.54100000000001,1.57,1
16.08.2021 00:07:31.520,109.544,109.54299999999999,1,1
16.08.2021 00:07:31.621,109.546,109.54299999999999,2.54,1
16.08.2021 00:07:31.723,109.546,109.54200000000002,2.54,1
16.08.2021 00:07:31.949,109.54700000000001,109.54200000000002,4.41,1.95
16.08.2021 00:07:32.820,109.54700000000001,109.54200000000002,4.39,1.95
16.08.2021 00:07:32.993,109.546,109.54200000000002,1.5,1.95
16.08.2021 00:07:33.145,109.546,109.54299999999999,1.5,1
16.08.2021 00:07:33.246,109.54700000000001,109.54299999999999,2.89,1
16.08.2021 00:07:33.347,109.54899999999999,109.54200000000002,4.57,1.39
16.08.2021 00:07:33.449,109.548,109.546,1.5,2.2
16.08.2021 00:07:33.500,109.551,109.546,2.89,2.14
16.08.2021 00:07:33.601,109.552,109.54700000000001,6.26,1.2
16.08.2021 00:07:34.114,109.552,109.548,1.39,1
16.08.2021 00:07:34.799,109.553,109.54700000000001,3.41,2.14
16.08.2021 00:07:37.749,109.551,109.54700000000001,1.2,1
16.08.2021 00:07:37.850,109.551,109.545,1.31,1.2
16.08.2021 00:07:41.412,109.55,109.545,1.76,2.89
16.08.2021 00:07:41.810,109.55,109.546,1.39,1
16.08.2021 00:07:42.214,109.551,109.54700000000001,1.57,1
16.08.2021 00:07:43.977,109.552,109.548,2.25,1.2
16.08.2021 00:07:44.078,109.552,109.548,1,2.95
16.08.2021 00:07:44.180,109.553,109.55,1,1.39
16.08.2021 00:07:44.332,109.554,109.55,1.5,1.39
16.08.2021 00:07:46.807,109.553,109.54899999999999,1,1.39
16.08.2021 00:07:48.269,109.552,109.548,3.64,1
16.08.2021 00:07:48.370,109.552,109.54700000000001,4.01,1.2
16.08.2021 00:07:48.472,109.552,109.54700000000001,4.16,1
16.08.2021 00:07:48.980,109.552,109.548,1,1.64
16.08.2021 00:07:49.083,109.554,109.54899999999999,2.7,2.2
16.08.2021 00:07:49.185,109.554,109.55,1,2.2
16.08.2021 00:07:49.993,109.554,109.55,1.2,1.25
16.08.2021 00:07:59.963,109.552,109.55,1,1
16.08.2021 00:08:00.014,109.551,109.548,1.95,1
16.08.2021 00:08:00.115,109.551,109.545,1,3.49
16.08.2021 00:08:00.216,109.55,109.546,1,1.39
16.08.2021 00:08:01.726,109.54899999999999,109.545,2.7,2.2
16.08.2021 00:08:01.936,109.551,109.548,1.1,1
16.08.2021 00:08:01.986,109.552,109.548,2.1,1
16.08.2021 00:08:02.088,109.553,109.54899999999999,1.2,1.45
16.08.2021 00:08:04.295,109.553,109.548,1.2,3.1
16.08.2021 00:08:04.396,109.553,109.548,2.1,2.14
16.08.2021 00:08:09.385,109.554,109.55,3.04,1
16.08.2021 00:08:09.486,109.555,109.54899999999999,2.14,1.2
16.08.2021 00:08:10.397,109.554,109.55,2.29,1
16.08.2021 00:08:16.190,109.553,109.548,2.14,3.04
16.08.2021 00:08:16.292,109.554,109.54700000000001,2.29,2.14
16.08.2021 00:08:23.183,109.552,109.548,1.85,1.5
16.08.2021 00:08:31.519,109.552,109.548,2.14,1.95
16.08.2021 00:08:40.500,109.552,109.548,2.95,1.95
16.08.2021 00:08:41.117,109.54899999999999,109.546,1.45,2.25
16.08.2021 00:08:41.219,109.548,109.545,1.39,1
16.08.2021 00:08:41.320,109.546,109.544,1,1
16.08.2021 00:08:41.472,109.546,109.54299999999999,1.95,1
16.08.2021 00:08:46.081,109.54100000000001,109.538,2.14,1
16.08.2021 00:08:46.233,109.539,109.536,1.25,1.57
16.08.2021 00:08:46.689,109.538,109.536,1,1
16.08.2021 00:08:46.790,109.538,109.535,2.14,1
16.08.2021 00:08:50.165,109.536,109.53399999999999,1,1.5
16.08.2021 00:08:50.216,109.536,109.531,1.5,1.1
16.08.2021 00:08:50.317,109.533,109.531,1,1
16.08.2021 00:08:50.833,109.533,109.53,1,1.1
16.08.2021 00:08:55.364,109.53399999999999,109.531,2.95,1
16.08.2021 00:08:55.516,109.53399999999999,109.531,2.14,1
16.08.2021 00:08:56.414,109.536,109.533,1.2,1
16.08.2021 00:08:56.566,109.537,109.533,1.95,1.2
16.08.2021 00:08:57.458,109.538,109.533,2.32,2.29
16.08.2021 00:09:03.713,109.54,109.535,1.57,1
16.08.2021 00:09:05.531,109.54,109.536,1.57,2.89
16.08.2021 00:09:08.340,109.54100000000001,109.536,1,1.2
16.08.2021 00:09:08.442,109.54100000000001,109.538,1.57,1
16.08.2021 00:09:08.544,109.544,109.54,2.32,2.14
16.08.2021 00:09:08.646,109.544,109.54200000000002,1,1
16.08.2021 00:09:08.749,109.545,109.54200000000002,2.32,1
16.08.2021 00:09:08.852,109.546,109.54299999999999,1.57,1
16.08.2021 00:09:09.237,109.54700000000001,109.544,1.1,1
16.08.2021 00:09:09.390,109.548,109.545,1.1,1
16.08.2021 00:09:09.491,109.54700000000001,109.544,1.1,1.25
16.08.2021 00:09:09.694,109.548,109.544,1.1,2.14
16.08.2021 00:09:09.795,109.54700000000001,109.544,1,2.14
16.08.2021 00:09:09.896,109.54899999999999,109.546,1.22,1
16.08.2021 00:09:09.947,109.548,109.544,1.22,2.25
16.08.2021 00:09:09.998,109.54899999999999,109.546,2.51,1
16.08.2021 00:09:12.111,109.55,109.544,1.57,1.39
16.08.2021 00:09:12.213,109.54899999999999,109.545,4.41,1.5
16.08.2021 00:09:12.417,109.548,109.545,1.97,1
16.08.2021 00:09:12.519,109.548,109.544,1.97,1
16.08.2021 00:09:12.944,109.54899999999999,109.546,2.32,1
16.08.2021 00:09:13.360,109.54899999999999,109.545,3.85,1.69
16.08.2021 00:09:14.295,109.548,109.544,1.1,2.89
16.08.2021 00:09:14.397,109.548,109.544,3.1,1
16.08.2021 00:09:33.293,109.546,109.544,1.2,1
16.08.2021 00:09:33.745,109.54700000000001,109.54200000000002,1.2,1
16.08.2021 00:09:34.250,109.546,109.54200000000002,1.95,2.89
16.08.2021 00:10:01.740,109.545,109.54200000000002,1.2,1
16.08.2021 00:10:01.841,109.545,109.54100000000001,1,1.2
16.08.2021 00:10:03.944,109.54200000000002,109.54,1.25,1
16.08.2021 00:10:04.045,109.54,109.539,1,1
16.08.2021 00:10:04.146,109.54,109.538,1.25,1
16.08.2021 00:10:04.310,109.54,109.536,2.14,1
16.08.2021 00:10:04.411,109.538,109.53399999999999,1,5.72
16.08.2021 00:10:04.512,109.538,109.53399999999999,1,1.76
16.08.2021 00:10:04.616,109.539,109.53399999999999,1.95,1.76
16.08.2021 00:10:04.717,109.538,109.53399999999999,1,1.76
16.08.2021 00:10:04.819,109.539,109.53399999999999,1.95,1.01
16.08.2021 00:10:05.328,109.54,109.535,2.89,1.2
16.08.2021 00:10:06.013,109.54,109.535,3.04,1
16.08.2021 00:10:06.115,109.538,109.53399999999999,2.14,1.5
16.08.2021 00:10:06.216,109.537,109.533,2.14,2.25
16.08.2021 00:10:06.317,109.536,109.53200000000001,1.25,2.7
16.08.2021 00:10:06.419,109.537,109.533,5.95,1
16.08.2021 00:10:06.520,109.536,109.53200000000001,3.14,1
16.08.2021 00:10:06.625,109.537,109.53200000000001,1.64,1
16.08.2021 00:10:07.269,109.536,109.533,1.39,1
16.08.2021 00:10:07.540,109.538,109.53399999999999,4.39,1
16.08.2021 00:10:07.641,109.537,109.533,2.14,1
16.08.2021 00:10:07.742,109.538,109.53399999999999,3.64,1
16.08.2021 00:10:08.886,109.536,109.53200000000001,1,4.04
16.08.2021 00:10:08.988,109.53,109.52700000000002,1,1.12
16.08.2021 00:10:09.089,109.529,109.52600000000001,1.25,1.65
16.08.2021 00:10:09.191,109.53,109.524,1.2,1.25
16.08.2021 00:10:09.293,109.529,109.525,1,2.25
16.08.2021 00:10:09.545,109.529,109.525,1,1.75
16.08.2021 00:10:09.798,109.529,109.524,3.19,1.76
16.08.2021 00:10:09.899,109.529,109.525,2.89,1
16.08.2021 00:10:10.001,109.52799999999999,109.524,1.25,1
16.08.2021 00:10:12.155,109.52700000000002,109.523,1,1.69
16.08.2021 00:10:21.698,109.52700000000002,109.52,2.89,2.89
16.08.2021 00:10:21.799,109.523,109.521,1,1.25
16.08.2021 00:10:21.900,109.523,109.52,1,1.76
16.08.2021 00:10:22.002,109.522,109.518,1.5,3.65
16.08.2021 00:10:22.052,109.521,109.518,1,1.95
16.08.2021 00:10:22.154,109.521,109.51700000000001,1.5,1.2
16.08.2021 00:10:22.255,109.521,109.516,3.64,2.32
16.08.2021 00:10:22.508,109.52,109.516,1,1.57
16.08.2021 00:10:22.761,109.52,109.515,1.95,2.14
16.08.2021 00:10:23.754,109.519,109.514,1.2,2.89
16.08.2021 00:10:24.215,109.516,109.51299999999999,1,1.25
16.08.2021 00:10:24.820,109.516,109.51200000000001,1.95,1.5
16.08.2021 00:10:27.958,109.515,109.51100000000001,1.5,2.14
16.08.2021 00:10:29.692,109.515,109.51100000000001,2.25,2.2
16.08.2021 00:10:30.394,109.51299999999999,109.509,1.5,3.64
16.08.2021 00:10:30.546,109.51200000000001,109.508,1,4.9
16.08.2021 00:10:30.979,109.51200000000001,109.506,2.7,2.12
16.08.2021 00:10:31.080,109.51,109.507,1,1.25
16.08.2021 00:10:31.181,109.51,109.506,1,2.14
16.08.2021 00:10:31.734,109.51100000000001,109.507,2.7,1
16.08.2021 00:10:32.751,109.51,109.506,1,2.2
16.08.2021 00:10:33.113,109.51,109.506,1,1.39
16.08.2021 00:10:37.977,109.51200000000001,109.509,1,2.76
16.08.2021 00:10:38.080,109.514,109.51,1.2,1.39
16.08.2021 00:10:38.131,109.515,109.51100000000001,1.5,1.85
16.08.2021 00:10:38.284,109.515,109.51100000000001,1,1.39
16.08.2021 00:10:38.386,109.515,109.51100000000001,1,1.85
16.08.2021 00:10:38.488,109.515,109.51100000000001,1,1.2
16.08.2021 00:10:38.995,109.514,109.51,1,2.29
16.08.2021 00:10:39.199,109.514,109.51,1,2.14
16.08.2021 00:10:39.352,109.514,109.51,1,2.1
16.08.2021 00:10:40.366,109.515,109.51100000000001,2.25,1.95
16.08.2021 00:10:45.063,109.515,109.51100000000001,1,2.85
16.08.2021 00:10:45.165,109.51700000000001,109.514,1,2.7
16.08.2021 00:10:45.267,109.518,109.514,2.89,1.5
16.08.2021 00:10:45.562,109.519,109.516,1,1
16.08.2021 00:10:45.612,109.52,109.51700000000001,1.69,1
16.08.2021 00:10:46.817,109.519,109.51299999999999,1.2,3
16.08.2021 00:10:46.918,109.51700000000001,109.514,1,1
16.08.2021 00:10:47.254,109.51700000000001,109.51299999999999,1.5,3.26
16.08.2021 00:10:48.132,109.518,109.514,1.5,3.45
16.08.2021 00:10:48.234,109.519,109.516,1,1
16.08.2021 00:10:48.335,109.52,109.516,1.69,1.2
16.08.2021 00:10:49.067,109.52,109.51700000000001,1,1.2
16.08.2021 00:10:50.977,109.52,109.516,1.5,1.95
16.08.2021 00:10:51.379,109.519,109.515,1.2,3
16.08.2021 00:10:51.480,109.518,109.515,1,1.5
16.08.2021 00:10:51.632,109.518,109.514,1.5,3.26
16.08.2021 00:10:51.733,109.51700000000001,109.514,1,1.31
16.08.2021 00:10:52.455,109.519,109.514,1,1
16.08.2021 00:10:53.203,109.52,109.516,4.39,1
16.08.2021 00:10:53.305,109.52,109.51700000000001,1,1
16.08.2021 00:11:00.235,109.519,109.514,1.69,1
16.08.2021 00:11:00.336,109.516,109.51299999999999,1.25,2.25
16.08.2021 00:11:00.438,109.516,109.51299999999999,2.2,1
16.08.2021 00:11:01.591,109.516,109.51200000000001,2.95,1
16.08.2021 00:11:02.445,109.515,109.51100000000001,1.25,2.7
16.08.2021 00:11:04.308,109.51100000000001,109.509,1.69,1
16.08.2021 00:11:04.410,109.51,109.506,1.69,2.47
16.08.2021 00:11:04.512,109.509,109.505,1.69,1.2
16.08.2021 00:11:05.380,109.51,109.505,1.69,3.41
16.08.2021 00:11:05.748,109.51,109.505,1.39,1.95
16.08.2021 00:11:05.850,109.51,109.505,1.31,2.1
16.08.2021 00:11:05.951,109.51,109.505,2.51,1.2
16.08.2021 00:11:06.053,109.51,109.506,2.14,1
16.08.2021 00:11:06.613,109.51,109.505,2.14,1.2
16.08.2021 00:11:06.714,109.509,109.504,1,3.22
16.08.2021 00:11:07.189,109.51,109.506,1.39,1
16.08.2021 00:11:07.391,109.51200000000001,109.509,2.4,1
16.08.2021 00:11:08.226,109.51100000000001,109.509,1,1
16.08.2021 00:11:08.443,109.51200000000001,109.509,1.95,1
16.08.2021 00:11:11.627,109.51299999999999,109.51100000000001,1.25,1
16.08.2021 00:11:18.033,109.514,109.51,3.7,1.5
16.08.2021 00:11:18.135,109.51200000000001,109.508,2.14,1.5
16.08.2021 00:11:18.238,109.51100000000001,109.507,1.95,1.5
16.08.2021 00:11:18.390,109.51200000000001,109.507,1,1
16.08.2021 00:11:18.492,109.51200000000001,109.508,2.89,1
16.08.2021 00:11:21.980,109.51299999999999,109.506,2.89,1.95
16.08.2021 00:11:23.205,109.51299999999999,109.508,2.44,3.22
16.08.2021 00:11:24.507,109.51100000000001,109.508,1.5,1
16.08.2021 00:11:24.608,109.51,109.506,2.5,1.95
16.08.2021 00:11:24.963,109.508,109.504,1,3.2
16.08.2021 00:11:25.065,109.508,109.504,1,2.7
16.08.2021 00:11:27.847,109.509,109.505,1.39,1
16.08.2021 00:11:28.049,109.509,109.505,2.2,1
16.08.2021 00:11:28.151,109.509,109.503,1.25,1.95
16.08.2021 00:11:34.168,109.509,109.505,3.7,1
16.08.2021 00:11:44.188,109.509,109.505,2.89,1
16.08.2021 00:11:50.958,109.506,109.50200000000001,2.89,1.5
16.08.2021 00:11:51.060,109.506,109.50200000000001,3.89,1.5
16.08.2021 00:11:51.213,109.505,109.503,1,1
16.08.2021 00:11:51.264,109.504,109.501,1,1.2
16.08.2021 00:11:51.417,109.504,109.5,1,3.45
16.08.2021 00:11:52.917,109.503,109.5,1,1
16.08.2021 00:11:53.018,109.503,109.499,1,1.95
16.08.2021 00:12:00.268,109.503,109.5,1,1
16.08.2021 00:12:00.319,109.505,109.50200000000001,1,3.07
16.08.2021 00:12:00.421,109.505,109.501,1.75,1.95
16.08.2021 00:12:00.523,109.507,109.501,1.25,1.95
16.08.2021 00:12:00.877,109.507,109.503,3.19,1.2
16.08.2021 00:12:01.794,109.507,109.503,2.2,1
16.08.2021 00:12:01.896,109.507,109.50200000000001,2.2,3.45
16.08.2021 00:12:01.947,109.507,109.504,1.69,1
16.08.2021 00:12:02.048,109.507,109.503,2.44,1.95
16.08.2021 00:12:02.351,109.508,109.505,1.45,1
16.08.2021 00:12:02.453,109.509,109.506,1.57,1.25
16.08.2021 00:12:02.604,109.51100000000001,109.505,1.57,1.75
16.08.2021 00:12:02.706,109.51100000000001,109.505,1.22,1.25
16.08.2021 00:12:02.807,109.51,109.508,1.1,1
16.08.2021 00:12:02.909,109.51100000000001,109.508,1.57,1
16.08.2021 00:12:03.111,109.51299999999999,109.51100000000001,1.87,1
16.08.2021 00:12:03.213,109.515,109.51100000000001,2.7,1.75
16.08.2021 00:12:03.314,109.515,109.51299999999999,1.87,1.25
16.08.2021 00:12:03.365,109.518,109.51299999999999,1.97,1.25
16.08.2021 00:12:03.567,109.518,109.515,1.1,1.25
16.08.2021 00:12:03.669,109.521,109.51700000000001,2.4,1
16.08.2021 00:12:03.720,109.521,109.518,2.4,1
16.08.2021 00:12:03.822,109.523,109.519,1.97,1
16.08.2021 00:12:04.594,109.523,109.51700000000001,1.2,1.5
16.08.2021 00:12:04.750,109.524,109.52,1.5,1
16.08.2021 00:12:04.852,109.523,109.519,1.5,2.14
16.08.2021 00:12:11.760,109.52,109.51700000000001,2.32,1
16.08.2021 00:12:11.861,109.518,109.514,1.2,1.5
16.08.2021 00:12:12.851,109.518,109.514,2.85,1
16.08.2021 00:12:14.061,109.516,109.51200000000001,4.45,1.5
16.08.2021 00:12:14.163,109.515,109.51200000000001,2.2,1
16.08.2021 00:12:14.266,109.514,109.51200000000001,1.25,1
16.08.2021 00:12:14.418,109.515,109.51200000000001,1.75,1
16.08.2021 00:12:14.520,109.514,109.51200000000001,1.25,1
16.08.2021 00:12:14.623,109.515,109.51200000000001,1.75,1
16.08.2021 00:12:14.776,109.514,109.51200000000001,1.25,1
16.08.2021 00:12:17.191,109.515,109.51299999999999,1.75,1
16.08.2021 00:12:18.883,109.515,109.51200000000001,1.75,1
16.08.2021 00:12:18.984,109.515,109.51299999999999,1.75,1
16.08.2021 00:12:19.186,109.515,109.51299999999999,1.25,1
16.08.2021 00:12:25.138,109.515,109.51200000000001,1.25,1
16.08.2021 00:12:25.240,109.514,109.51200000000001,1.25,1
16.08.2021 00:12:26.532,109.515,109.51200000000001,1.75,1
16.08.2021 00:12:27.096,109.515,109.51100000000001,2.2,1.5
16.08.2021 00:12:27.198,109.514,109.51100000000001,1.25,1.5
16.08.2021 00:12:29.154,109.514,109.51200000000001,1.25,1
16.08.2021 00:12:29.606,109.516,109.51200000000001,1.2,1
16.08.2021 00:12:36.192,109.516,109.51299999999999,1,1
16.08.2021 00:12:36.395,109.51700000000001,109.51299999999999,2.7,1
16.08.2021 00:12:37.493,109.51700000000001,109.516,1,1
16.08.2021 00:12:37.544,109.52,109.515,1.95,1
16.08.2021 00:12:37.646,109.519,109.51700000000001,1,1
16.08.2021 00:12:43.451,109.521,109.51700000000001,3.45,1
16.08.2021 00:12:43.603,109.521,109.51700000000001,2.7,1.75
16.08.2021 00:12:43.780,109.523,109.519,3.45,1.69
16.08.2021 00:12:45.318,109.522,109.519,1,1.25
16.08.2021 00:12:48.940,109.52,109.51700000000001,1.2,1
16.08.2021 00:12:49.094,109.52,109.516,1.95,1.25
16.08.2021 00:12:51.262,109.519,109.515,1,3.7
16.08.2021 00:12:52.482,109.519,109.51299999999999,1.95,1.75
16.08.2021 00:12:52.583,109.516,109.514,1,1.75
16.08.2021 00:12:52.735,109.516,109.514,1,1.25
16.08.2021 00:12:53.139,109.51700000000001,109.51200000000001,1,1.69
16.08.2021 00:12:59.033,109.516,109.51200000000001,1.5,1.69
16.08.2021 00:12:59.135,109.515,109.51200000000001,1,1
16.08.2021 00:13:00.307,109.516,109.51200000000001,1.95,1.5
16.08.2021 00:13:05.613,109.516,109.51299999999999,1,2.57
16.08.2021 00:13:05.715,109.51700000000001,109.514,1,1.35
16.08.2021 00:13:06.705,109.51700000000001,109.514,1,1.25
16.08.2021 00:13:08.531,109.51700000000001,109.51299999999999,1,2.51
16.08.2021 00:13:13.262,109.516,109.51299999999999,1,1
16.08.2021 00:13:16.447,109.519,109.516,5.25,1.45
16.08.2021 00:13:16.549,109.521,109.518,1.2,1.25
16.08.2021 00:13:16.651,109.521,109.519,1,1.5
16.08.2021 00:13:16.753,109.522,109.52,1,1
16.08.2021 00:13:17.714,109.525,109.52,1,2.14
16.08.2021 00:13:17.816,109.525,109.521,1,3.7
16.08.2021 00:13:17.918,109.52700000000002,109.523,1.95,1.69
16.08.2021 00:13:18.274,109.52700000000002,109.524,1.2,1
16.08.2021 00:13:19.423,109.52700000000002,109.521,1.5,2.89
16.08.2021 00:13:20.268,109.524,109.52,1.2,5.5
16.08.2021 00:13:20.420,109.524,109.52,1.95,1.69
16.08.2021 00:13:20.571,109.524,109.52,2.85,1.25
16.08.2021 00:13:26.456,109.523,109.52,1,1.75
16.08.2021 00:13:30.168,109.52600000000001,109.524,1,2.2
16.08.2021 00:13:30.271,109.52799999999999,109.525,1.2,2.14
16.08.2021 00:13:30.424,109.52700000000002,109.524,1,1.69
16.08.2021 00:13:31.816,109.52700000000002,109.525,1,1
16.08.2021 00:13:32.762,109.52700000000002,109.52600000000001,1,1
16.08.2021 00:13:32.864,109.52799999999999,109.52600000000001,1,1
16.08.2021 00:13:54.372,109.52799999999999,109.525,1,1.95
16.08.2021 00:13:54.423,109.523,109.519,1.5,1.5
16.08.2021 00:13:54.474,109.525,109.521,1.95,1.5
16.08.2021 00:13:54.525,109.524,109.519,1,1.25
16.08.2021 00:13:54.626,109.524,109.52,2.7,1.12
16.08.2021 00:13:54.727,109.523,109.519,1.95,1.69
16.08.2021 00:13:56.165,109.522,109.519,1,1
16.08.2021 00:13:56.418,109.52,109.51700000000001,1.2,1.5
16.08.2021 00:13:56.519,109.52,109.516,3.26,1.5
16.08.2021 00:13:58.495,109.518,109.516,1,1
16.08.2021 00:13:58.748,109.518,109.51299999999999,1,1.69
16.08.2021 00:14:01.057,109.51700000000001,109.51299999999999,1.95,1.5
16.08.2021 00:14:01.209,109.515,109.51200000000001,1,1.25
16.08.2021 00:14:03.590,109.515,109.51100000000001,1.5,2.14
16.08.2021 00:14:04.585,109.514,109.51100000000001,1,1.39
16.08.2021 00:14:04.687,109.51,109.509,1.5,1.5
16.08.2021 00:14:04.788,109.509,109.505,1.5,2.7
16.08.2021 00:14:04.991,109.508,109.505,1,1.12
16.08.2021 00:14:05.245,109.509,109.505,2.25,2.14
16.08.2021 00:14:05.649,109.508,109.505,1,1.25
16.08.2021 00:14:06.786,109.507,109.505,1,1
16.08.2021 00:14:07.154,109.504,109.50200000000001,1,1
16.08.2021 00:14:07.306,109.503,109.501,1,1.25
16.08.2021 00:14:07.409,109.503,109.5,1,1
16.08.2021 00:14:07.763,109.503,109.499,1.95,1
16.08.2021 00:14:08.400,109.50200000000001,109.499,1,1
16.08.2021 00:14:09.807,109.501,109.49700000000001,2.25,1
16.08.2021 00:14:09.909,109.501,109.49600000000001,2.25,1.94
16.08.2021 00:14:10.300,109.501,109.49600000000001,2.25,3.29
16.08.2021 00:14:10.773,109.5,109.49600000000001,1,3.29
16.08.2021 00:14:13.072,109.5,109.49600000000001,1,1.76
16.08.2021 00:14:14.309,109.501,109.49600000000001,2.7,1.76
16.08.2021 00:14:15.731,109.501,109.49600000000001,2.25,3.04
16.08.2021 00:14:16.660,109.501,109.49799999999999,1,1
16.08.2021 00:14:16.812,109.5,109.49600000000001,1.2,1.5
16.08.2021 00:14:20.904,109.5,109.49600000000001,2.29,1
16.08.2021 00:14:22.109,109.501,109.495,2.14,1
16.08.2021 00:14:22.293,109.5,109.49600000000001,2.29,1
16.08.2021 00:14:23.176,109.5,109.49600000000001,2.14,1
16.08.2021 00:14:33.069,109.50200000000001,109.49799999999999,1.1,1
16.08.2021 00:14:33.171,109.504,109.501,2.8,1
16.08.2021 00:14:33.273,109.505,109.501,2.2,1
16.08.2021 00:14:33.375,109.507,109.503,3.86,1
16.08.2021 00:14:33.477,109.508,109.505,2.95,1
16.08.2021 00:14:33.579,109.509,109.506,3.4,1
16.08.2021 00:14:33.732,109.509,109.506,2.14,1
16.08.2021 00:14:33.986,109.508,109.504,2.51,1
16.08.2021 00:14:34.088,109.508,109.504,2.66,1
16.08.2021 00:14:34.190,109.509,109.505,1.65,1
16.08.2021 00:14:34.292,109.51,109.507,3.64,1
16.08.2021 00:14:34.647,109.51100000000001,109.507,1.39,1
16.08.2021 00:14:34.749,109.51100000000001,109.508,1.25,1
16.08.2021 00:14:34.850,109.51299999999999,109.508,3.86,1.5
16.08.2021 00:14:34.952,109.51299999999999,109.509,2.29,1
16.08.2021 00:14:35.053,109.51299999999999,109.508,4.16,1.5
16.08.2021 00:14:35.914,109.514,109.508,1.2,1.69
16.08.2021 00:14:36.017,109.514,109.51,2.21,1
16.08.2021 00:14:36.636,109.514,109.51100000000001,1.1,1
16.08.2021 00:14:36.737,109.514,109.51200000000001,1.1,1
16.08.2021 00:14:37.481,109.516,109.51200000000001,1.5,1.39
16.08.2021 00:14:40.327,109.514,109.51,1.2,1.5
16.08.2021 00:14:41.652,109.51299999999999,109.509,2.7,1.25
16.08.2021 00:14:42.010,109.514,109.51,3.3,1.25
16.08.2021 00:14:42.112,109.514,109.51,1.95,1.25
16.08.2021 00:14:44.230,109.51299999999999,109.509,1.95,2.44
16.08.2021 00:14:44.331,109.51200000000001,109.508,2.7,2.44
16.08.2021 00:14:44.432,109.51100000000001,109.508,1.2,1.25
16.08.2021 00:14:45.580,109.51,109.506,1.2,1
16.08.2021 00:14:45.987,109.51,109.506,3.04,1
16.08.2021 00:14:46.649,109.51,109.506,2.89,1
16.08.2021 00:14:46.751,109.51,109.507,1.2,1
16.08.2021 00:14:49.010,109.51100000000001,109.507,1.2,1
16.08.2021 00:14:49.626,109.505,109.503,1.25,3.07
16.08.2021 00:14:49.727,109.505,109.50200000000001,3.07,1
16.08.2021 00:14:49.829,109.504,109.50200000000001,1,1
16.08.2021 00:14:50.031,109.505,109.499,3.26,1.5
16.08.2021 00:14:50.132,109.504,109.5,4.01,1
16.08.2021 00:14:50.234,109.503,109.499,1.2,1.69
16.08.2021 00:14:50.996,109.503,109.501,1.2,1
16.08.2021 00:14:56.180,109.505,109.5,1.2,1
16.08.2021 00:15:00.246,109.501,109.499,1.5,1
16.08.2021 00:15:00.297,109.501,109.49700000000001,2.32,5.7
16.08.2021 00:15:00.449,109.5,109.49700000000001,1.2,1
16.08.2021 00:15:00.500,109.5,109.495,2.7,2.89
16.08.2021 00:15:00.601,109.499,109.494,1,1
16.08.2021 00:15:00.703,109.501,109.499,1.87,3.44
16.08.2021 00:15:00.805,109.504,109.501,1.65,1
16.08.2021 00:15:00.962,109.505,109.501,1,2.95
16.08.2021 00:15:01.217,109.506,109.5,1,2.89
16.08.2021 00:15:01.623,109.505,109.499,1.2,1.25
16.08.2021 00:15:01.724,109.501,109.49700000000001,2.51,5.21
16.08.2021 00:15:01.826,109.5,109.49700000000001,1.1,1
16.08.2021 00:15:01.927,109.5,109.49700000000001,1.41,1
16.08.2021 00:15:02.129,109.49799999999999,109.49700000000001,1,1
16.08.2021 00:15:02.231,109.49799999999999,109.49600000000001,1.1,1
16.08.2021 00:15:03.267,109.49799999999999,109.495,1,1.39
16.08.2021 00:15:04.068,109.49799999999999,109.494,1.1,2.89
16.08.2021 00:15:04.169,109.49600000000001,109.492,2.32,2.7
16.08.2021 00:15:04.271,109.492,109.489,1,3.95
16.08.2021 00:15:04.322,109.492,109.488,1.01,1.27
16.08.2021 00:15:04.423,109.49000000000001,109.48700000000001,1,1.2
16.08.2021 00:15:04.524,109.488,109.486,1,1
16.08.2021 00:15:04.626,109.488,109.485,1,1.57
16.08.2021 00:15:04.727,109.489,109.485,1.2,1.76
16.08.2021 00:15:04.828,109.49000000000001,109.485,1.95,2.29
16.08.2021 00:15:04.930,109.49000000000001,109.485,2.1,2.14
16.08.2021 00:15:05.166,109.491,109.485,1.95,1.39
16.08.2021 00:15:05.713,109.489,109.484,4.45,2.72
16.08.2021 00:15:05.921,109.48700000000001,109.484,2.57,1
16.08.2021 00:15:05.972,109.48299999999999,109.48100000000001,1.2,1
16.08.2021 00:15:06.074,109.48100000000001,109.477,1.39,1.1
16.08.2021 00:15:06.175,109.48,109.476,1,1.5
16.08.2021 00:15:06.277,109.48,109.47500000000001,1.69,1.95
16.08.2021 00:15:06.772,109.477,109.474,3.2,1
16.08.2021 00:15:06.874,109.476,109.47200000000001,2.01,1.2
16.08.2021 00:15:07.127,109.476,109.471,3.51,1
16.08.2021 00:15:07.329,109.477,109.47,2.32,1
16.08.2021 00:15:07.734,109.476,109.47200000000001,2.32,1
16.08.2021 00:15:07.836,109.477,109.47500000000001,1.57,1
16.08.2021 00:15:07.888,109.479,109.47500000000001,1.57,1.95
16.08.2021 00:15:07.939,109.48100000000001,109.478,1.65,1.25
16.08.2021 00:15:08.042,109.486,109.479,4.42,2.14
16.08.2021 00:15:08.246,109.484,109.48,1.26,1.95
16.08.2021 00:15:08.399,109.486,109.48100000000001,5.16,2.14
16.08.2021 00:15:08.501,109.48700000000001,109.48299999999999,5,1
16.08.2021 00:15:09.866,109.488,109.485,1.25,2.7
16.08.2021 00:15:09.967,109.489,109.488,1.5,1
16.08.2021 00:15:10.018,109.493,109.49000000000001,3.4,1
16.08.2021 00:15:10.120,109.492,109.489,1.1,1
16.08.2021 00:15:10.789,109.489,109.486,1,1.39
16.08.2021 00:15:10.893,109.488,109.486,1,1
16.08.2021 00:15:11.285,109.48700000000001,109.48299999999999,1.1,1.7
16.08.2021 00:15:11.386,109.48700000000001,109.48299999999999,1.97,1
16.08.2021 00:15:13.591,109.486,109.48200000000001,1.22,1.5
16.08.2021 00:15:13.793,109.486,109.48200000000001,1.2,1
16.08.2021 00:15:13.948,109.48700000000001,109.48299999999999,1,3.14
16.08.2021 00:15:14.049,109.489,109.486,2.25,1.5
16.08.2021 00:15:14.151,109.49000000000001,109.48700000000001,1.2,1.5
16.08.2021 00:15:14.252,109.492,109.486,3,1.57
16.08.2021 00:15:14.354,109.493,109.486,1,1.76
16.08.2021 00:15:16.063,109.489,109.485,1.2,1.5
16.08.2021 00:15:16.267,109.488,109.485,1,1.25
16.08.2021 00:15:16.645,109.488,109.484,1.2,2.25
16.08.2021 00:15:16.748,109.48700000000001,109.48299999999999,1.2,2.25
16.08.2021 00:15:16.952,109.48700000000001,109.48200000000001,1.95,1
16.08.2021 00:15:18.921,109.484,109.48200000000001,1,1
16.08.2021 00:15:19.022,109.48700000000001,109.484,4.95,1.25
16.08.2021 00:15:19.124,109.485,109.48100000000001,1,1.69
16.08.2021 00:15:19.226,109.48700000000001,109.48299999999999,3.07,1.69
16.08.2021 00:15:19.327,109.48700000000001,109.484,1,1
16.08.2021 00:15:20.165,109.485,109.48200000000001,1,1.5
16.08.2021 00:15:20.528,109.48700000000001,109.484,1.5,1.69
16.08.2021 00:15:20.781,109.48700000000001,109.485,1,1.25
16.08.2021 00:15:21.094,109.489,109.488,2.25,1.25
16.08.2021 00:15:21.145,109.491,109.488,2.25,1.25
16.08.2021 00:15:21.246,109.494,109.49000000000001,2.35,1.69
16.08.2021 00:15:21.348,109.495,109.49000000000001,2.25,1.25
16.08.2021 00:15:23.313,109.494,109.49000000000001,1.5,2.44
16.08.2021 00:15:23.550,109.493,109.489,1,3.19
16.08.2021 00:15:23.923,109.493,109.491,1,1.25
16.08.2021 00:15:26.548,109.494,109.491,1,1.25
16.08.2021 00:15:28.780,109.492,109.491,1,1
16.08.2021 00:15:28.832,109.491,109.486,3.95,4.84
16.08.2021 00:15:28.933,109.491,109.48700000000001,4.2,1
16.08.2021 00:15:30.377,109.492,109.489,1.1,1
16.08.2021 00:15:31.618,109.492,109.49000000000001,1,1
16.08.2021 00:15:31.669,109.494,109.49000000000001,1.2,3.19
16.08.2021 00:15:33.968,109.494,109.491,1.1,1.25
16.08.2021 00:15:34.019,109.495,109.492,1.57,2.5
16.08.2021 00:15:34.120,109.49700000000001,109.494,4.32,1
16.08.2021 00:15:34.221,109.49799999999999,109.493,3.07,1
16.08.2021 00:15:34.373,109.495,109.493,1.5,1
16.08.2021 00:15:34.475,109.495,109.492,4.95,1
16.08.2021 00:15:34.941,109.495,109.491,5.7,1
16.08.2021 00:15:35.328,109.49600000000001,109.49000000000001,5.82,1
16.08.2021 00:15:37.072,109.495,109.491,4.57,1.25
16.08.2021 00:15:37.765,109.49700000000001,109.494,1,2.2
16.08.2021 00:15:37.867,109.5,109.49600000000001,1.67,1.25
16.08.2021 00:15:37.968,109.5,109.49600000000001,1.2,1.25
16.08.2021 00:15:38.780,109.5,109.49700000000001,1,1.25
16.08.2021 00:15:38.933,109.501,109.49700000000001,3.45,1
16.08.2021 00:15:39.568,109.499,109.49600000000001,1,2.14
16.08.2021 00:15:39.670,109.49799999999999,109.495,1,3.14
16.08.2021 00:15:39.822,109.49799999999999,109.495,1,1.5
16.08.2021 00:15:39.974,109.495,109.493,1,1.5
16.08.2021 00:15:40.075,109.495,109.492,1.12,1
16.08.2021 00:15:40.176,109.49600000000001,109.49000000000001,1.57,2.44
16.08.2021 00:15:40.530,109.494,109.491,1,1.69
16.08.2021 00:15:45.940,109.494,109.49000000000001,1.1,2.89
16.08.2021 00:15:49.810,109.494,109.49000000000001,1.22,2.44
16.08.2021 00:15:52.764,109.492,109.489,1,2.89
16.08.2021 00:15:52.866,109.492,109.488,1.76,4.2
16.08.2021 00:15:52.968,109.491,109.488,1.1,1
16.08.2021 00:15:54.431,109.491,109.48700000000001,1.2,4.2
16.08.2021 00:15:56.150,109.489,109.48700000000001,1.2,1.5
16.08.2021 00:15:56.202,109.489,109.485,1.2,2.32
16.08.2021 00:15:56.455,109.489,109.485,2.45,1.76
16.08.2021 00:15:58.770,109.48700000000001,109.48299999999999,1.95,2.51
16.08.2021 00:16:00.459,109.489,109.488,1.5,1.87
16.08.2021 00:16:00.560,109.49000000000001,109.489,1,1
16.08.2021 00:16:00.611,109.493,109.489,1.57,3.88
16.08.2021 00:16:00.712,109.494,109.491,2.32,1.25
16.08.2021 00:16:01.310,109.494,109.491,1.1,1.75
16.08.2021 00:16:01.360,109.495,109.494,1,1
16.08.2021 00:16:01.412,109.499,109.495,3.86,1.2
16.08.2021 00:16:01.513,109.5,109.49600000000001,3.66,1
16.08.2021 00:16:01.615,109.5,109.49600000000001,1.95,1.69
16.08.2021 00:16:01.716,109.5,109.49700000000001,1,1
16.08.2021 00:16:01.819,109.50200000000001,109.49700000000001,1,2.2
16.08.2021 00:16:02.652,109.50200000000001,109.49600000000001,2.7,3.94
16.08.2021 00:16:04.430,109.503,109.501,1.27,1
16.08.2021 00:16:04.532,109.505,109.5,1,1.25
16.08.2021 00:16:04.634,109.506,109.504,1.2,1.69
16.08.2021 00:16:04.736,109.506,109.503,1,1
16.08.2021 00:16:04.940,109.507,109.503,3.45,1
16.08.2021 00:16:05.664,109.506,109.50200000000001,1,3.64
16.08.2021 00:16:05.766,109.507,109.504,2.32,1
16.08.2021 00:16:05.867,109.51,109.507,1.95,1.5
16.08.2021 00:16:05.970,109.509,109.506,1,1
16.08.2021 00:16:06.121,109.509,109.505,1.95,1.5
16.08.2021 00:16:06.494,109.51100000000001,109.507,4.5,1.75
16.08.2021 00:16:06.645,109.51100000000001,109.507,1,2.89
16.08.2021 00:16:07.050,109.51,109.507,1,1.5
16.08.2021 00:16:09.596,109.507,109.503,1.1,3.9
16.08.2021 00:16:09.699,109.507,109.503,4.22,1.95
16.08.2021 00:16:09.901,109.506,109.50200000000001,1.1,1.95
16.08.2021 00:16:10.002,109.507,109.501,1.22,1.5
16.08.2021 00:16:10.205,109.505,109.501,1.1,2.89
16.08.2021 00:16:11.940,109.504,109.5,1,4.2
16.08.2021 00:16:12.245,109.505,109.5,1,1.5
16.08.2021 00:16:12.347,109.506,109.501,2.7,3.64
16.08.2021 00:16:12.972,109.506,109.501,2.85,4.76
16.08.2021 00:16:13.175,109.506,109.503,1,1.57
16.08.2021 00:16:13.277,109.507,109.503,1.2,2.32
16.08.2021 00:16:13.378,109.508,109.506,1,1.5
16.08.2021 00:16:13.479,109.51,109.506,1.1,2.89
16.08.2021 00:16:13.631,109.51,109.506,1,3.04
16.08.2021 00:16:13.732,109.51100000000001,109.507,1.1,1.95
16.08.2021 00:16:13.783,109.51299999999999,109.509,4.97,1.69
16.08.2021 00:16:13.884,109.51200000000001,109.51,1.1,1.25
16.08.2021 00:16:14.087,109.51299999999999,109.51,2.32,1.69
16.08.2021 00:16:14.188,109.515,109.51,1.1,1
16.08.2021 00:16:14.339,109.516,109.51200000000001,1.67,1.69
16.08.2021 00:16:14.441,109.51700000000001,109.51299999999999,1.82,1
16.08.2021 00:16:14.896,109.51700000000001,109.51299999999999,1.2,1.25
16.08.2021 00:16:15.932,109.51700000000001,109.514,1,1
16.08.2021 00:16:16.663,109.519,109.514,5.35,2.95
16.08.2021 00:16:16.766,109.521,109.519,1.2,1.25
16.08.2021 00:16:16.868,109.52,109.51700000000001,1.5,1
16.08.2021 00:16:18.685,109.52,109.518,1,1
16.08.2021 00:16:19.084,109.522,109.519,1.95,1
16.08.2021 00:16:20.827,109.524,109.52,3.75,3.7
16.08.2021 00:16:20.932,109.525,109.523,4.5,1.75
16.08.2021 00:16:20.983,109.529,109.525,3.07,3.19
16.08.2021 00:16:21.085,109.53,109.52600000000001,3.15,1
16.08.2021 00:16:21.570,109.531,109.52600000000001,2.7,1
16.08.2021 00:16:21.671,109.529,109.52600000000001,1.95,1
16.08.2021 00:16:22.437,109.529,109.52700000000002,1,1
16.08.2021 00:16:22.539,109.531,109.52600000000001,1.2,1
16.08.2021 00:16:22.791,109.531,109.52700000000002,5.7,2.44
16.08.2021 00:16:23.182,109.531,109.529,3.75,1
16.08.2021 00:16:23.283,109.533,109.53,1.5,1.95
16.08.2021 00:16:23.385,109.533,109.531,1,1.69
16.08.2021 00:16:23.486,109.535,109.53,1,2.14
16.08.2021 00:16:23.840,109.536,109.531,1.97,2.7
16.08.2021 00:16:24.043,109.536,109.53200000000001,1.22,1.25
16.08.2021 00:16:24.145,109.537,109.533,4.6,1
16.08.2021 00:16:24.844,109.537,109.533,4.72,1
16.08.2021 00:16:24.959,109.537,109.533,4.72,1
16.08.2021 00:16:25.061,109.539,109.535,1.22,1.5
16.08.2021 00:16:25.162,109.54100000000001,109.537,4.07,1.5
16.08.2021 00:16:25.264,109.54200000000002,109.538,3.17,1
16.08.2021 00:16:25.990,109.54299999999999,109.537,1.95,1
16.08.2021 00:16:26.353,109.54200000000002,109.537,1,1
16.08.2021 00:16:28.448,109.54100000000001,109.539,1,1.25
16.08.2021 00:16:28.499,109.544,109.54100000000001,1.95,1
16.08.2021 00:16:28.602,109.544,109.54200000000002,1,1
16.08.2021 00:16:28.703,109.545,109.54200000000002,1,1.69
16.08.2021 00:16:28.805,109.546,109.544,1,1
16.08.2021 00:16:29.745,109.545,109.54200000000002,2.29,1
16.08.2021 00:16:29.897,109.545,109.54100000000001,1.6,1.25
16.08.2021 00:16:30.001,109.546,109.54200000000002,1.6,1
16.08.2021 00:16:30.993,109.546,109.54200000000002,1,1.25
16.08.2021 00:16:32.072,109.54700000000001,109.54299999999999,1.2,1
16.08.2021 00:16:33.337,109.548,109.54299999999999,1.95,1.95
16.08.2021 00:16:33.438,109.548,109.544,1.95,1
16.08.2021 00:16:33.540,109.54899999999999,109.546,2.25,1.25
16.08.2021 00:16:33.691,109.54899999999999,109.54700000000001,1,1.31
16.08.2021 00:16:33.793,109.55,109.546,1,2.89
16.08.2021 00:16:33.894,109.55,109.546,1,2.57
16.08.2021 00:16:34.046,109.551,109.54700000000001,1.05,1.76
16.08.2021 00:16:34.248,109.55,109.546,1,2.95
16.08.2021 00:16:34.400,109.54899999999999,109.546,1,1.25
16.08.2021 00:16:34.502,109.551,109.548,1,2.95
16.08.2021 00:16:34.842,109.551,109.548,1,1
16.08.2021 00:16:35.196,109.55,109.54700000000001,1,1.31
16.08.2021 00:16:35.298,109.551,109.54700000000001,1,1.76
16.08.2021 00:16:36.309,109.552,109.54700000000001,1.2,3.76
16.08.2021 00:16:36.661,109.553,109.54899999999999,1.1,1.82
16.08.2021 00:16:36.762,109.553,109.54899999999999,2.14,1.25
16.08.2021 00:16:37.065,109.554,109.55,1.5,1.39
16.08.2021 00:16:37.268,109.554,109.552,1,1.12
16.08.2021 00:16:37.319,109.55600000000001,109.552,1.2,1.87
16.08.2021 00:16:37.420,109.55600000000001,109.553,1,1.2
16.08.2021 00:16:37.521,109.55799999999999,109.554,1,1.95
16.08.2021 00:16:37.622,109.56,109.554,1,1.95
16.08.2021 00:16:37.724,109.559,109.55600000000001,1,1.25
16.08.2021 00:16:38.078,109.559,109.555,1,2.14
16.08.2021 00:16:38.129,109.55600000000001,109.554,1,1
16.08.2021 00:16:38.231,109.559,109.55600000000001,1,1.25
16.08.2021 00:16:38.282,109.55799999999999,109.554,1.57,1
16.08.2021 00:16:38.384,109.55700000000002,109.555,1,1.2
16.08.2021 00:16:38.435,109.559,109.555,2.02,1.5
16.08.2021 00:16:38.637,109.559,109.55600000000001,1.5,1
16.08.2021 00:16:39.456,109.561,109.55700000000002,2.25,3.26
16.08.2021 00:16:39.557,109.56,109.55700000000002,1,1
16.08.2021 00:16:39.816,109.56,109.55600000000001,1.57,2.44
16.08.2021 00:16:39.967,109.559,109.555,1.1,1
16.08.2021 00:16:40.069,109.55799999999999,109.554,1,2.32
16.08.2021 00:16:40.170,109.55799999999999,109.555,1,1.25
16.08.2021 00:16:40.372,109.55799999999999,109.553,1.5,4.3
16.08.2021 00:16:40.931,109.554,109.551,1,1.1
16.08.2021 00:16:41.032,109.553,109.551,1,1.01
16.08.2021 00:16:41.134,109.554,109.551,1,1.51
16.08.2021 00:16:41.286,109.554,109.55,1,2.5
16.08.2021 00:16:41.690,109.554,109.55,1,1.69
16.08.2021 00:16:42.110,109.551,109.548,1,1.35
16.08.2021 00:16:42.211,109.548,109.546,1,2.4
16.08.2021 00:16:42.313,109.548,109.545,1,1.2
16.08.2021 00:16:42.566,109.54700000000001,109.545,1,1
16.08.2021 00:16:42.667,109.54700000000001,109.544,1,2.89
16.08.2021 00:16:43.579,109.54899999999999,109.545,1.5,1.2
16.08.2021 00:16:43.682,109.54899999999999,109.54700000000001,1,1
16.08.2021 00:16:43.783,109.553,109.54700000000001,1.1,1
16.08.2021 00:16:43.885,109.553,109.548,1,1
16.08.2021 00:16:44.111,109.553,109.55,1,2.14
16.08.2021 00:16:45.114,109.553,109.551,1,1
16.08.2021 00:16:45.551,109.554,109.551,1,2.14
16.08.2021 00:16:45.602,109.555,109.554,1,1.25
16.08.2021 00:16:45.705,109.55799999999999,109.555,1,1.45
16.08.2021 00:16:45.807,109.56,109.55600000000001,1,1.25
16.08.2021 00:16:48.875,109.56,109.55700000000002,1,1.2
16.08.2021 00:16:50.003,109.561,109.55700000000002,2.25,3.79
16.08.2021 00:16:50.105,109.561,109.55799999999999,1,2.85
16.08.2021 00:16:50.206,109.56200000000001,109.55700000000002,2.25,1.2
16.08.2021 00:16:50.257,109.564,109.561,1.5,1.01
16.08.2021 00:16:50.358,109.565,109.56200000000001,1,1.2
16.08.2021 00:16:51.061,109.565,109.56299999999999,1,1.82
16.08.2021 00:16:51.163,109.566,109.56299999999999,1.5,2.54
16.08.2021 00:16:51.264,109.56700000000001,109.566,1,1.69
16.08.2021 00:16:51.315,109.57000000000001,109.56700000000001,1,1.01
16.08.2021 00:16:52.933,109.568,109.56700000000001,1,1
16.08.2021 00:16:52.984,109.56700000000001,109.565,1.5,1
16.08.2021 00:16:53.085,109.56700000000001,109.564,2.32,1.2
16.08.2021 00:16:53.187,109.565,109.56299999999999,1,1
16.08.2021 00:16:54.119,109.565,109.56200000000001,1,1
16.08.2021 00:16:55.177,109.565,109.561,1,1.95
16.08.2021 00:16:55.279,109.56299999999999,109.56,1.5,1
16.08.2021 00:16:55.380,109.564,109.56,1,2.14
16.08.2021 00:16:55.481,109.564,109.561,1,1.2
16.08.2021 00:16:57.086,109.565,109.559,1,2.02
16.08.2021 00:16:57.395,109.564,109.559,1.1,3.15
16.08.2021 00:17:00.100,109.56200000000001,109.55799999999999,1,2.66
16.08.2021 00:17:00.201,109.56,109.55600000000001,1,3.71
16.08.2021 00:17:00.457,109.559,109.555,1,1.1
16.08.2021 00:17:00.558,109.55700000000002,109.553,2.25,1.27
16.08.2021 00:17:00.609,109.555,109.553,2.32,1.2
16.08.2021 00:17:00.660,109.554,109.54899999999999,2.62,3.86
16.08.2021 00:17:00.711,109.552,109.54899999999999,1,1.2
16.08.2021 00:17:00.863,109.552,109.54700000000001,1,4.61
16.08.2021 00:17:01.398,109.552,109.54700000000001,2.32,2.14
16.08.2021 00:17:01.500,109.55,109.54700000000001,1,1.76
16.08.2021 00:17:01.601,109.551,109.54700000000001,1.5,1.76
16.08.2021 00:17:02.242,109.552,109.54700000000001,2.32,2.64
16.08.2021 00:17:02.444,109.553,109.548,2.25,3.47
16.08.2021 00:17:02.546,109.553,109.55,2.25,1.25
16.08.2021 00:17:02.647,109.554,109.55,1.1,1.75
16.08.2021 00:17:03.308,109.555,109.54899999999999,1.1,1.25
16.08.2021 00:17:03.567,109.554,109.54899999999999,2.32,1.39
16.08.2021 00:17:03.719,109.553,109.54899999999999,1,1.2
16.08.2021 00:17:03.935,109.551,109.546,2.32,3.26
16.08.2021 00:17:04.832,109.55,109.546,1,2.2
16.08.2021 00:17:06.867,109.55,109.545,1.5,4.97
16.08.2021 00:17:07.712,109.54899999999999,109.545,2.32,2.12
16.08.2021 00:17:08.232,109.54899999999999,109.544,3.82,4.07
16.08.2021 00:17:10.109,109.54899999999999,109.545,1,3.32
16.08.2021 00:17:10.210,109.55,109.546,1.5,1.95
16.08.2021 00:17:10.311,109.55,109.546,1,4.16
16.08.2021 00:17:13.771,109.55,109.546,1.5,3.52
16.08.2021 00:17:14.295,109.54899999999999,109.544,3.07,5.8
16.08.2021 00:17:14.397,109.546,109.544,1,1.84
16.08.2021 00:17:14.499,109.545,109.54299999999999,1,1.1
16.08.2021 00:17:14.600,109.546,109.54299999999999,1,1.57
16.08.2021 00:17:14.962,109.546,109.54200000000002,1,2.81
16.08.2021 00:17:21.880,109.544,109.54,2.62,1
16.08.2021 00:17:22.184,109.544,109.54100000000001,1.5,1
16.08.2021 00:17:22.790,109.544,109.54200000000002,1,1
16.08.2021 00:17:22.891,109.545,109.54200000000002,1,1.2
16.08.2021 00:17:24.683,109.54700000000001,109.54200000000002,1.57,3.7
16.08.2021 00:17:29.242,109.544,109.54100000000001,1,1.87
16.08.2021 00:17:29.293,109.546,109.54200000000002,1.57,1
16.08.2021 00:17:29.394,109.545,109.54100000000001,1.1,1.69
16.08.2021 00:17:30.236,109.54299999999999,109.54,1,1.25
16.08.2021 00:17:30.388,109.54200000000002,109.539,2.25,1.45
16.08.2021 00:17:30.489,109.54100000000001,109.538,1,2.39
16.08.2021 00:17:30.737,109.54100000000001,109.538,1,1.25
16.08.2021 00:17:31.803,109.54200000000002,109.538,2.7,1.25
16.08.2021 00:17:34.550,109.54200000000002,109.538,4.26,1
16.08.2021 00:17:34.652,109.54100000000001,109.537,1.25,3.45
16.08.2021 00:17:37.874,109.54,109.537,1,1.57
16.08.2021 00:17:41.964,109.54100000000001,109.536,1.61,3.22
16.08.2021 00:17:46.407,109.54,109.536,1.69,1.95
16.08.2021 00:17:46.862,109.539,109.536,1.69,1
16.08.2021 00:17:46.963,109.538,109.536,1.25,1
16.08.2021 00:17:47.638,109.539,109.536,2.5,1
16.08.2021 00:17:49.918,109.54,109.536,1.5,1.95
16.08.2021 00:17:50.019,109.54,109.537,1,1.2
16.08.2021 00:17:59.479,109.54299999999999,109.54,2.25,1.2
16.08.2021 00:17:59.632,109.544,109.54,1.69,2.7
16.08.2021 00:17:59.733,109.544,109.54,1,3.22
16.08.2021 00:18:00.389,109.54299999999999,109.54,1.25,1
16.08.2021 00:18:03.031,109.544,109.54,1.69,1.2
16.08.2021 00:18:08.641,109.544,109.54100000000001,2.44,1.25
16.08.2021 00:18:08.779,109.544,109.54,2.44,1.95
16.08.2021 00:18:09.748,109.54299999999999,109.54,1.69,1.95
16.08.2021 00:18:09.900,109.54200000000002,109.54,1.25,1.95
16.08.2021 00:18:10.001,109.54200000000002,109.539,1.25,1.95
16.08.2021 00:18:10.305,109.54200000000002,109.538,2.06,1.2
16.08.2021 00:18:10.406,109.54100000000001,109.538,1.25,1
16.08.2021 00:18:10.507,109.54,109.537,1.25,1.2
16.08.2021 00:18:10.608,109.54,109.536,2.14,1.5
16.08.2021 00:18:11.199,109.539,109.536,1.25,1
16.08.2021 00:18:11.300,109.536,109.53200000000001,2.14,2.7
16.08.2021 00:18:11.452,109.535,109.531,1.25,2.45
16.08.2021 00:18:11.554,109.535,109.531,1.25,1.95
16.08.2021 00:18:11.916,109.535,109.53200000000001,1,1
16.08.2021 00:18:11.967,109.535,109.53,2.14,3.9
16.08.2021 00:18:12.017,109.535,109.53200000000001,1,1.2
16.08.2021 00:18:12.169,109.536,109.53200000000001,1.87,1.95
16.08.2021 00:18:12.271,109.536,109.53399999999999,1.12,1
16.08.2021 00:18:13.846,109.537,109.53399999999999,1.25,1.2
16.08.2021 00:18:22.843,109.539,109.53399999999999,1.5,1.25
16.08.2021 00:18:22.944,109.539,109.537,1,1.25
16.08.2021 00:18:27.108,109.539,109.535,2.25,2.2
16.08.2021 00:18:27.210,109.538,109.535,1,1
16.08.2021 00:18:27.312,109.538,109.533,2.7,2.95
16.08.2021 00:18:31.354,109.537,109.533,1,2.95
16.08.2021 00:18:31.759,109.537,109.53399999999999,1,1.45
16.08.2021 00:18:37.539,109.538,109.53399999999999,2.25,1.45
16.08.2021 00:18:41.118,109.537,109.533,1.5,2.89
16.08.2021 00:18:41.169,109.535,109.533,1,1
16.08.2021 00:18:41.270,109.533,109.531,1,3.77
16.08.2021 00:18:41.372,109.533,109.529,1.5,2.14
16.08.2021 00:18:41.473,109.53200000000001,109.52799999999999,1,3.64
16.08.2021 00:18:41.575,109.53200000000001,109.52700000000002,1.5,2.32
16.08.2021 00:18:41.878,109.53200000000001,109.52799999999999,1,3.64
16.08.2021 00:18:42.031,109.53,109.52700000000002,1.5,1.25
16.08.2021 00:18:42.183,109.529,109.52600000000001,1.25,1.2
16.08.2021 00:18:42.335,109.52700000000002,109.525,1,1
16.08.2021 00:18:42.387,109.52600000000001,109.523,1.69,2.25
16.08.2021 00:18:42.755,109.525,109.52,1,2.32
16.08.2021 00:18:43.115,109.525,109.521,1,3.79
16.08.2021 00:18:43.217,109.52700000000002,109.523,3.64,1.2
16.08.2021 00:18:43.369,109.52700000000002,109.524,1,1.95
16.08.2021 00:18:43.470,109.52799999999999,109.525,1.25,1.95
16.08.2021 00:18:44.603,109.52700000000002,109.524,2.95,1
16.08.2021 00:18:44.704,109.52799999999999,109.523,2.14,1
16.08.2021 00:18:44.806,109.52700000000002,109.523,2.95,1.95
16.08.2021 00:18:44.907,109.52700000000002,109.523,1,3.22
16.08.2021 00:18:45.009,109.52799999999999,109.525,2.44,1.2
16.08.2021 00:18:49.017,109.52700000000002,109.523,1.39,2.7
16.08.2021 00:18:49.119,109.52600000000001,109.523,1,1.2
16.08.2021 00:18:53.526,109.52700000000002,109.524,1,1.95
16.08.2021 00:18:53.678,109.52799999999999,109.524,1.25,1.6
16.08.2021 00:18:59.383,109.52799999999999,109.525,2.2,1
16.08.2021 00:18:59.586,109.52799999999999,109.524,2.2,2.7
16.08.2021 00:19:00.024,109.52799999999999,109.523,3.04,1.95
16.08.2021 00:19:02.815,109.52799999999999,109.524,2.14,1.2
16.08.2021 00:19:05.420,109.52700000000002,109.523,1,2.85
16.08.2021 00:19:05.522,109.524,109.522,1,1
16.08.2021 00:19:05.623,109.524,109.521,3.04,1
16.08.2021 00:19:05.674,109.525,109.518,3.79,3.07
16.08.2021 00:19:05.926,109.522,109.518,1.2,2.45
16.08.2021 00:19:06.028,109.523,109.51700000000001,1.2,1.95
16.08.2021 00:19:20.036,109.52,109.51700000000001,2.29,1
16.08.2021 00:19:20.138,109.52,109.51700000000001,2.89,1
16.08.2021 00:19:23.246,109.519,109.51700000000001,1.69,1
16.08.2021 00:19:23.347,109.519,109.516,3.79,1
16.08.2021 00:19:23.398,109.51700000000001,109.514,2.14,1
16.08.2021 00:19:23.814,109.51700000000001,109.51299999999999,2.7,1.57
16.08.2021 00:19:29.223,109.518,109.515,1.12,2.51
16.08.2021 00:19:29.325,109.52,109.515,5.14,2.91
16.08.2021 00:19:29.628,109.52,109.516,1,1.97
16.08.2021 00:19:30.279,109.521,109.51700000000001,2.14,1.2
16.08.2021 00:19:32.378,109.523,109.519,2.7,1
16.08.2021 00:19:32.479,109.523,109.52,1,1.25
16.08.2021 00:19:32.582,109.524,109.52,1.95,1.25
16.08.2021 00:19:39.114,109.523,109.519,1,2.89
16.08.2021 00:19:40.723,109.522,109.518,1.5,3.45
16.08.2021 00:19:42.338,109.521,109.51700000000001,2.7,1.25
16.08.2021 00:19:42.490,109.52,109.516,1,1
16.08.2021 00:19:43.933,109.52,109.51700000000001,1.5,1.75
16.08.2021 00:19:44.035,109.522,109.518,2.7,1.25
16.08.2021 00:19:48.338,109.522,109.519,1.5,1
16.08.2021 00:19:48.512,109.522,109.518,1.5,2.89
16.08.2021 00:19:49.147,109.522,109.519,1.5,1
16.08.2021 00:19:49.575,109.524,109.522,1.5,1
16.08.2021 00:19:50.203,109.52600000000001,109.523,3.07,1.25
16.08.2021 00:19:50.304,109.52600000000001,109.522,3.07,2.44
16.08.2021 00:19:53.406,109.52600000000001,109.523,1.5,1
16.08.2021 00:19:53.508,109.529,109.524,1,1.25
16.08.2021 00:19:53.610,109.529,109.52600000000001,1.5,1.69
16.08.2021 00:19:55.187,109.52799999999999,109.525,1,3.19
16.08.2021 00:19:55.340,109.529,109.52799999999999,1,1
16.08.2021 00:19:55.391,109.53200000000001,109.52799999999999,2.7,2.44
16.08.2021 00:19:55.492,109.533,109.531,1.95,1.69
16.08.2021 00:19:55.594,109.533,109.53,1,3.19
16.08.2021 00:19:55.864,109.53399999999999,109.53,1,1.25
16.08.2021 00:19:58.109,109.533,109.53,1,2.14
16.08.2021 00:19:58.211,109.533,109.529,2.32,1.69
16.08.2021 00:19:58.312,109.53200000000001,109.52799999999999,1.57,2.44
16.08.2021 00:19:58.413,109.53,109.52700000000002,1,1.25
16.08.2021 00:19:59.231,109.529,109.52700000000002,1,1.25
16.08.2021 00:20:00.813,109.533,109.53,1,2.2
16.08.2021 00:20:00.966,109.533,109.531,1,1.25
16.08.2021 00:20:01.067,109.53399999999999,109.531,1,2.95
16.08.2021 00:20:01.168,109.537,109.531,2.25,2.2
16.08.2021 00:20:05.771,109.536,109.53200000000001,2.7,1.25
16.08.2021 00:20:05.872,109.53399999999999,109.531,1.69,1.45
16.08.2021 00:20:05.923,109.533,109.53,1.5,1.25
16.08.2021 00:20:06.025,109.533,109.529,2.25,2.89
16.08.2021 00:20:06.126,109.53200000000001,109.529,1,1.75
16.08.2021 00:20:06.501,109.533,109.53,1.5,1.75
16.08.2021 00:20:07.542,109.535,109.53,1,1.39
16.08.2021 00:20:07.644,109.535,109.53200000000001,3,1.25
16.08.2021 00:20:09.550,109.535,109.531,3,2.14
16.08.2021 00:20:10.333,109.531,109.52799999999999,1.2,3.19
16.08.2021 00:20:10.536,109.53,109.52600000000001,1,2.95
16.08.2021 00:20:10.688,109.53,109.52600000000001,1.22,2.5
16.08.2021 00:20:10.789,109.53,109.52600000000001,1.6,1.69
16.08.2021 00:20:11.451,109.53,109.52600000000001,1.97,1.75
16.08.2021 00:20:13.211,109.53,109.52600000000001,1.57,2.2
16.08.2021 00:20:13.539,109.53,109.52600000000001,1.97,1.75
16.08.2021 00:20:13.650,109.531,109.52799999999999,1.2,1.75
16.08.2021 00:20:13.752,109.533,109.52600000000001,3.47,3.7
16.08.2021 00:20:19.854,109.53200000000001,109.52799999999999,1.97,1.75
16.08.2021 00:20:23.937,109.53200000000001,109.52799999999999,1.97,1.25
16.08.2021 00:20:24.291,109.531,109.52700000000002,3.97,1.25
16.08.2021 00:20:24.392,109.53,109.52700000000002,1.6,1.25
16.08.2021 00:20:24.493,109.531,109.525,2.1,1.69
16.08.2021 00:20:25.276,109.529,109.525,1.2,2.44
16.08.2021 00:20:31.356,109.52700000000002,109.525,1,1
16.08.2021 00:20:40.374,109.52700000000002,109.524,1,1.69
16.08.2021 00:20:42.208,109.52700000000002,109.524,1,2.95
16.08.2021 00:20:42.309,109.52799999999999,109.523,1,1.69
16.08.2021 00:20:45.875,109.52700000000002,109.525,1,1.25
16.08.2021 00:20:57.941,109.529,109.52600000000001,1,1.25
16.08.2021 00:20:58.934,109.53200000000001,109.529,1,3.89
16.08.2021 00:20:59.085,109.53200000000001,109.531,1,1.25
16.08.2021 00:20:59.187,109.533,109.531,1,1.25
16.08.2021 00:21:01.381,109.53399999999999,109.531,1,2.14
16.08.2021 00:21:05.247,109.53399999999999,109.53200000000001,1,1
16.08.2021 00:21:05.690,109.53399999999999,109.531,1,2.89
16.08.2021 00:21:06.731,109.529,109.52600000000001,1,2.64
16.08.2021 00:21:06.832,109.529,109.52600000000001,1.1,1
16.08.2021 00:21:08.350,109.529,109.525,2.35,1.25
16.08.2021 00:21:10.285,109.52799999999999,109.524,1,1.25
16.08.2021 00:21:15.923,109.52799999999999,109.525,1.1,1.12
16.08.2021 00:21:16.025,109.52799999999999,109.525,1,2.39
16.08.2021 00:21:19.453,109.529,109.525,1.57,3.14
16.08.2021 00:21:19.606,109.529,109.52600000000001,1,2.01
16.08.2021 00:21:21.486,109.531,109.529,1.5,1.69
16.08.2021 00:21:21.537,109.533,109.529,1.95,2.51
16.08.2021 00:21:21.639,109.533,109.53,1,1.25
16.08.2021 00:21:25.169,109.53200000000001,109.52700000000002,1.1,7.24
16.08.2021 00:21:35.093,109.533,109.529,3.16,1.5
16.08.2021 00:21:35.245,109.533,109.53,2.57,1
16.08.2021 00:21:36.516,109.533,109.53,1.1,1
16.08.2021 00:21:36.617,109.533,109.529,3.66,1
16.08.2021 00:21:36.719,109.53,109.52700000000002,1.01,1.2
16.08.2021 00:21:36.820,109.53,109.52600000000001,1.76,2.7
16.08.2021 00:21:45.188,109.531,109.52799999999999,2.32,1
16.08.2021 00:21:45.290,109.53200000000001,109.52799999999999,1.46,1.95
16.08.2021 00:21:45.392,109.533,109.529,1.01,2.7
16.08.2021 00:21:50.022,109.533,109.529,1.25,2.85
16.08.2021 00:21:56.354,109.53200000000001,109.529,1,1
16.08.2021 00:21:58.235,109.533,109.529,1.25,1.95
16.08.2021 00:22:04.637,109.531,109.52799999999999,1,1.2
16.08.2021 00:22:04.891,109.531,109.52700000000002,3.25,1.2
16.08.2021 00:22:05.950,109.53,109.52600000000001,1.25,1.95
16.08.2021 00:22:07.965,109.53,109.52600000000001,1.25,2.1
16.08.2021 00:22:08.067,109.531,109.52799999999999,1,1.95
16.08.2021 00:22:08.169,109.53399999999999,109.52700000000002,3.25,2.85
16.08.2021 00:22:08.271,109.533,109.53,1.75,1
16.08.2021 00:22:08.372,109.533,109.53,1.25,1.2
16.08.2021 00:22:09.174,109.529,109.52799999999999,1,1
16.08.2021 00:22:09.276,109.529,109.52700000000002,1,2.02
16.08.2021 00:22:09.378,109.52799999999999,109.525,1.25,1.95
16.08.2021 00:22:09.582,109.52700000000002,109.525,1,1.12
16.08.2021 00:22:09.735,109.52700000000002,109.524,1.25,1.1
16.08.2021 00:22:10.844,109.52700000000002,109.522,2.95,2.72
16.08.2021 00:22:10.946,109.525,109.522,1.69,1.1
16.08.2021 00:22:12.739,109.525,109.521,2.14,1.57
16.08.2021 00:22:13.403,109.524,109.521,1.25,1.1
16.08.2021 00:22:13.505,109.524,109.52,2.14,1.57
16.08.2021 00:22:14.439,109.524,109.52,1.69,1.97
16.08.2021 00:22:15.117,109.521,109.518,1.39,1.75
16.08.2021 00:22:15.219,109.52,109.51700000000001,1,1.1
16.08.2021 00:22:15.422,109.521,109.52,1.25,1
16.08.2021 00:22:15.524,109.523,109.519,1.69,2.72
16.08.2021 00:22:16.226,109.523,109.52,1.25,1.22
16.08.2021 00:22:16.482,109.525,109.521,1,4.68
16.08.2021 00:22:16.584,109.52600000000001,109.523,1.5,1.1
16.08.2021 00:22:24.203,109.52700000000002,109.523,2.14,1.57
16.08.2021 00:22:24.316,109.52700000000002,109.523,1,1.97
16.08.2021 00:22:24.418,109.52700000000002,109.524,1,1.97
16.08.2021 00:22:25.721,109.52799999999999,109.523,1,1.1
16.08.2021 00:22:29.919,109.52700000000002,109.524,1,1.97
16.08.2021 00:22:33.400,109.52700000000002,109.524,1,1.1
16.08.2021 00:22:34.355,109.52600000000001,109.522,2.89,1.1
16.08.2021 00:22:34.457,109.525,109.522,1,1.1
16.08.2021 00:22:34.558,109.524,109.521,1.95,1
16.08.2021 00:22:34.659,109.524,109.52,3.64,1.1
16.08.2021 00:22:34.760,109.523,109.52,1.25,1.1
16.08.2021 00:22:34.861,109.522,109.52,1,1.1
16.08.2021 00:22:38.255,109.522,109.519,1,1
16.08.2021 00:22:38.742,109.522,109.518,1,2.59
16.08.2021 00:22:39.227,109.524,109.51700000000001,2.89,5.29
16.08.2021 00:22:39.329,109.523,109.519,2.89,1
16.08.2021 00:22:39.599,109.523,109.518,2.89,7.91
16.08.2021 00:22:45.231,109.521,109.518,1,1.2
16.08.2021 00:22:45.333,109.522,109.51700000000001,1.39,2.7
16.08.2021 00:22:45.434,109.521,109.51700000000001,1,1.2
16.08.2021 00:22:45.676,109.522,109.51700000000001,1,3.97
16.08.2021 00:22:46.539,109.525,109.521,2.06,3.07
16.08.2021 00:22:46.640,109.52600000000001,109.522,1.69,1.2
16.08.2021 00:22:46.741,109.52600000000001,109.523,1,1.2
16.08.2021 00:22:46.843,109.52700000000002,109.523,2.25,1.95
16.08.2021 00:22:47.794,109.52600000000001,109.521,1.5,1
16.08.2021 00:22:47.895,109.525,109.521,2.14,1
16.08.2021 00:22:48.987,109.52600000000001,109.521,2.44,3.97
16.08.2021 00:22:49.139,109.52600000000001,109.522,1,2.1
16.08.2021 00:22:50.154,109.52700000000002,109.52,2.44,3.22
16.08.2021 00:22:50.256,109.525,109.521,1,1.95
16.08.2021 00:22:51.628,109.525,109.521,1,4.05
16.08.2021 00:22:51.784,109.52600000000001,109.521,1.69,6.49
16.08.2021 00:22:51.885,109.52600000000001,109.523,1.25,1
16.08.2021 00:22:52.147,109.52700000000002,109.523,1.69,1.95
16.08.2021 00:22:53.851,109.525,109.522,1,1.2
16.08.2021 00:22:53.952,109.525,109.521,1.69,2.4
16.08.2021 00:22:54.054,109.524,109.52,1,2.55
16.08.2021 00:22:54.155,109.524,109.52,1.2,1.95
16.08.2021 00:22:54.509,109.522,109.519,1,1
16.08.2021 00:22:54.611,109.521,109.519,1,1
16.08.2021 00:22:54.763,109.521,109.518,1,1.5
16.08.2021 00:22:55.024,109.523,109.519,3.19,1.2
16.08.2021 00:23:20.270,109.521,109.518,1,2.96
16.08.2021 00:23:20.423,109.52,109.51700000000001,1,1
16.08.2021 00:23:20.525,109.519,109.515,2.44,1.2
16.08.2021 00:23:20.626,109.519,109.514,2.7,4.27
16.08.2021 00:23:21.045,109.518,109.514,1,1.95
16.08.2021 00:23:22.506,109.51700000000001,109.51299999999999,1.95,1
16.08.2021 00:23:22.659,109.516,109.51200000000001,2.2,1.5
16.08.2021 00:23:22.812,109.515,109.51100000000001,2.44,1.95
16.08.2021 00:23:22.914,109.514,109.51100000000001,1,1.95
16.08.2021 00:23:32.375,109.51299999999999,109.51,1.25,1
16.08.2021 00:23:36.345,109.514,109.51,2.89,1
16.08.2021 00:23:40.504,109.514,109.51,3.04,1.5
16.08.2021 00:23:43.021,109.514,109.51100000000001,1.5,1
16.08.2021 00:23:55.931,109.516,109.51200000000001,2.89,1
16.08.2021 00:23:56.033,109.516,109.51299999999999,2.44,1
16.08.2021 00:23:56.134,109.515,109.51299999999999,1.69,1
16.08.2021 00:23:56.235,109.515,109.51200000000001,1.69,1.5
16.08.2021 00:23:56.337,109.516,109.51200000000001,3.64,1.5
16.08.2021 00:23:56.489,109.515,109.51200000000001,1.25,1.5
16.08.2021 00:23:56.742,109.516,109.51200000000001,3.64,1
16.08.2021 00:23:56.893,109.515,109.51200000000001,1.25,1.5
16.08.2021 00:24:11.609,109.514,109.51200000000001,1.25,1
16.08.2021 00:24:11.711,109.514,109.51100000000001,1.25,1
16.08.2021 00:24:13.492,109.51200000000001,109.508,1.39,2.07
16.08.2021 00:24:13.543,109.51200000000001,109.508,2.14,1.1
16.08.2021 00:24:13.645,109.51100000000001,109.507,1.25,8.42
16.08.2021 00:24:13.847,109.51200000000001,109.508,2.89,1.1
16.08.2021 00:24:16.847,109.51100000000001,109.508,1,1.1
16.08.2021 00:24:16.898,109.509,109.506,1,5.72
16.08.2021 00:24:16.999,109.509,109.505,1.5,3.29
16.08.2021 00:24:17.101,109.509,109.505,2.89,1.1
16.08.2021 00:24:18.018,109.509,109.505,2.44,1.22
16.08.2021 00:24:20.717,109.51,109.508,1,1.1
16.08.2021 00:24:20.818,109.51200000000001,109.508,1,3.47
16.08.2021 00:24:20.919,109.514,109.51,3.04,1
16.08.2021 00:24:21.021,109.514,109.51,2.89,1.1
16.08.2021 00:24:21.173,109.514,109.51,2.25,1.97
16.08.2021 00:24:21.381,109.515,109.51100000000001,1.2,2.51
16.08.2021 00:24:21.545,109.515,109.51200000000001,1.2,1.25
16.08.2021 00:24:27.241,109.51700000000001,109.51,2.89,3.29
16.08.2021 00:24:27.342,109.51700000000001,109.51299999999999,2.96,1.57
16.08.2021 00:24:28.033,109.518,109.515,1.1,1.1
16.08.2021 00:24:28.134,109.519,109.51299999999999,1,3.1
16.08.2021 00:24:28.553,109.519,109.515,1.95,1.57
16.08.2021 00:24:32.006,109.519,109.515,3.04,1
16.08.2021 00:24:32.159,109.518,109.514,2.14,1.57
16.08.2021 00:24:35.081,109.516,109.514,1.69,1
16.08.2021 00:24:35.183,109.514,109.51100000000001,1.25,1.27
16.08.2021 00:24:35.284,109.514,109.51,1.39,2.7
16.08.2021 00:24:35.386,109.515,109.51100000000001,1.95,1.1
16.08.2021 00:24:39.679,109.514,109.51100000000001,1.25,1.1
16.08.2021 00:24:39.781,109.514,109.51,2.14,2.32
16.08.2021 00:24:52.326,109.514,109.51,1.5,1.22
16.08.2021 00:24:52.478,109.514,109.51,1.39,1.57
16.08.2021 00:25:03.089,109.515,109.51,2.89,3.85
16.08.2021 00:25:03.865,109.51700000000001,109.51200000000001,1.5,3.41
16.08.2021 00:25:03.966,109.515,109.51100000000001,1.25,4.95
16.08.2021 00:25:11.845,109.516,109.51200000000001,1,1.2
16.08.2021 00:25:11.947,109.516,109.51100000000001,1.2,5.7
16.08.2021 00:25:13.736,109.516,109.51100000000001,1,5.29
16.08.2021 00:25:13.838,109.51700000000001,109.51299999999999,2.89,1
16.08.2021 00:25:14.487,109.51700000000001,109.51200000000001,2.14,2.7
16.08.2021 00:25:21.749,109.51700000000001,109.51299999999999,2.89,1
16.08.2021 00:25:25.497,109.518,109.51299999999999,2.7,1
16.08.2021 00:25:25.598,109.519,109.516,1.2,1
16.08.2021 00:25:25.700,109.52,109.516,3.64,1
16.08.2021 00:25:28.214,109.52,109.515,2.14,4.28
16.08.2021 00:25:28.669,109.52,109.516,1.25,1.2
16.08.2021 00:25:28.832,109.521,109.51700000000001,1.45,1.5
16.08.2021 00:25:29.185,109.522,109.51700000000001,3.1,1.95
16.08.2021 00:25:32.508,109.52,109.51700000000001,1.25,1.2
16.08.2021 00:25:33.856,109.518,109.515,1.39,1.1
16.08.2021 00:25:33.957,109.51700000000001,109.514,1.69,1.2
16.08.2021 00:25:34.059,109.51700000000001,109.51299999999999,2.89,1.95
16.08.2021 00:25:35.616,109.518,109.514,2.89,1.2
16.08.2021 00:25:35.768,109.519,109.515,3.71,1.2
16.08.2021 00:25:38.059,109.519,109.515,2.2,2.7
16.08.2021 00:25:39.252,109.519,109.515,1.39,3.07
16.08.2021 00:25:40.120,109.519,109.516,1.39,1
16.08.2021 00:25:45.464,109.519,109.515,1.39,3.45
16.08.2021 00:25:47.676,109.519,109.515,1.25,2.85
16.08.2021 00:25:51.143,109.521,109.51700000000001,3.92,1.2
16.08.2021 00:25:51.245,109.521,109.518,1,2.7
16.08.2021 00:25:51.347,109.52600000000001,109.52,2.74,1.2
16.08.2021 00:25:51.398,109.52600000000001,109.521,6.79,1.2
16.08.2021 00:25:51.651,109.524,109.52,2.14,4.2
16.08.2021 00:25:51.904,109.522,109.52,1,1
16.08.2021 00:25:52.005,109.522,109.519,1,1.2
16.08.2021 00:25:54.087,109.522,109.518,2.14,2.7
16.08.2021 00:25:54.341,109.521,109.518,1,1.2
16.08.2021 00:25:54.820,109.522,109.51700000000001,1,2.1
16.08.2021 00:25:55.143,109.523,109.519,2.14,1.95
16.08.2021 00:25:55.597,109.523,109.519,1.25,2.85
16.08.2021 00:25:57.329,109.524,109.52,2.89,1.2
16.08.2021 00:25:58.819,109.524,109.519,4.61,2.7
16.08.2021 00:25:59.839,109.523,109.52,2.14,1
16.08.2021 00:26:00.499,109.523,109.519,1.39,2.7
16.08.2021 00:26:02.462,109.523,109.52,1.39,1
16.08.2021 00:26:03.068,109.523,109.52,2.2,1
16.08.2021 00:26:03.169,109.523,109.519,2.2,1.95
16.08.2021 00:26:04.572,109.524,109.519,4.22,2.7
16.08.2021 00:26:05.222,109.524,109.52,3.1,1
16.08.2021 00:26:08.294,109.524,109.519,3.1,3.45
16.08.2021 00:26:08.396,109.524,109.52,2.35,1
16.08.2021 00:26:09.225,109.524,109.519,3.1,3.45
16.08.2021 00:26:11.372,109.524,109.52,2.35,1
