Gmt time,Ask,Bid,AskVolume,BidVolume
30.08.2021 00:00:00.078,109.868,109.86200000000001,1.95,1.1
30.08.2021 00:00:00.179,109.868,109.863,2.7,1
30.08.2021 00:00:00.281,109.867,109.861,3.07,1
30.08.2021 00:00:00.382,109.866,109.861,3.97,1.69
30.08.2021 00:00:00.483,109.866,109.86200000000001,1.95,1
30.08.2021 00:00:00.634,109.867,109.863,4.39,1
30.08.2021 00:00:00.837,109.868,109.86200000000001,2.89,1.85
30.08.2021 00:00:03.128,109.868,109.863,3.79,1
30.08.2021 00:00:03.229,109.868,109.86200000000001,4.54,2.14
30.08.2021 00:00:04.903,109.868,109.864,3.11,1
30.08.2021 00:00:07.017,109.86500000000001,109.86200000000001,3.01,1
30.08.2021 00:00:07.068,109.863,109.86,2.7,1
30.08.2021 00:00:07.169,109.86200000000001,109.85700000000001,4.39,2.14
30.08.2021 00:00:07.270,109.86200000000001,109.85799999999999,5.89,1
30.08.2021 00:00:07.591,109.86200000000001,109.85700000000001,5.29,1.69
30.08.2021 00:00:09.991,109.86,109.85700000000001,1,1.25
30.08.2021 00:00:10.092,109.86,109.85600000000001,3.26,1
30.08.2021 00:00:10.243,109.859,109.85600000000001,1.1,1
30.08.2021 00:00:11.468,109.85799999999999,109.855,1,1
30.08.2021 00:00:11.569,109.859,109.855,1.95,1
30.08.2021 00:00:11.671,109.859,109.854,6.11,1
30.08.2021 00:00:12.358,109.85700000000001,109.853,1.95,1
30.08.2021 00:00:12.459,109.85700000000001,109.852,3.53,2.14
30.08.2021 00:00:12.611,109.85700000000001,109.852,4.43,1.69
30.08.2021 00:00:13.186,109.855,109.851,1.2,1
30.08.2021 00:00:13.854,109.855,109.852,1.1,1
30.08.2021 00:00:14.499,109.85600000000001,109.852,1.1,1.25
30.08.2021 00:00:14.600,109.85700000000001,109.853,3.9,1.25
30.08.2021 00:00:14.702,109.85799999999999,109.855,1,2.14
30.08.2021 00:00:14.803,109.86,109.85700000000001,2.32,1
30.08.2021 00:00:15.005,109.86200000000001,109.85799999999999,3.07,1
30.08.2021 00:00:15.106,109.863,109.859,8.05,1
30.08.2021 00:00:15.208,109.863,109.861,2.33,1.25
30.08.2021 00:00:15.309,109.86500000000001,109.86200000000001,1,1
30.08.2021 00:00:15.410,109.86500000000001,109.861,1.1,1
30.08.2021 00:00:15.511,109.866,109.86200000000001,5.42,1
30.08.2021 00:00:15.663,109.866,109.86200000000001,2.02,1
30.08.2021 00:00:15.764,109.867,109.86200000000001,4.2,1.2
30.08.2021 00:00:16.068,109.868,109.864,2.72,1
30.08.2021 00:00:16.270,109.869,109.86200000000001,3.22,1
30.08.2021 00:00:24.381,109.867,109.86200000000001,3.45,1.39
30.08.2021 00:00:24.482,109.867,109.861,3.6,2.2
30.08.2021 00:00:26.248,109.866,109.861,1.2,1.39
30.08.2021 00:00:28.141,109.86500000000001,109.859,1,1.45
30.08.2021 00:00:29.151,109.864,109.859,1.2,2.14
30.08.2021 00:00:29.354,109.863,109.859,1,2.14
30.08.2021 00:00:35.146,109.863,109.85799999999999,1.2,2.7
30.08.2021 00:00:35.298,109.861,109.85700000000001,1.5,2.22
30.08.2021 00:00:35.349,109.86,109.855,1,1.85
30.08.2021 00:00:35.400,109.85700000000001,109.854,1,1.39
30.08.2021 00:00:35.501,109.855,109.852,1,1.75
30.08.2021 00:00:35.602,109.85700000000001,109.851,1.2,1.25
30.08.2021 00:00:35.855,109.855,109.852,1,1.37
30.08.2021 00:00:36.157,109.85600000000001,109.849,1,3.1
30.08.2021 00:00:37.342,109.855,109.85000000000001,1.22,2.2
30.08.2021 00:00:39.962,109.854,109.849,1.6,2.2
30.08.2021 00:00:40.063,109.852,109.849,1,1.84
30.08.2021 00:00:42.754,109.85000000000001,109.848,1.2,1.25
30.08.2021 00:00:42.804,109.849,109.84700000000001,1,1
30.08.2021 00:00:42.905,109.848,109.846,1.2,1.2
30.08.2021 00:00:43.007,109.848,109.84299999999999,1.2,3.42
30.08.2021 00:00:43.360,109.846,109.84299999999999,1,1.47
30.08.2021 00:00:43.613,109.84700000000001,109.84299999999999,1.2,1.35
30.08.2021 00:00:45.611,109.848,109.84299999999999,1,2.2
30.08.2021 00:00:46.220,109.84700000000001,109.84299999999999,1,1.45
30.08.2021 00:00:47.125,109.848,109.84299999999999,1,2.2
30.08.2021 00:00:48.907,109.84700000000001,109.84299999999999,1,1.45
30.08.2021 00:00:53.092,109.848,109.84299999999999,1.2,1.25
30.08.2021 00:00:53.883,109.848,109.84200000000001,1,1.25
30.08.2021 00:00:54.336,109.84700000000001,109.84200000000001,1,1.25
30.08.2021 00:01:00.107,109.84700000000001,109.84299999999999,1.2,1.82
30.08.2021 00:01:00.208,109.84700000000001,109.845,1.2,1.37
30.08.2021 00:01:00.310,109.848,109.845,1.2,1.37
30.08.2021 00:01:00.411,109.848,109.844,1.2,1.35
30.08.2021 00:01:00.515,109.849,109.84200000000001,1.6,1.76
30.08.2021 00:01:02.345,109.84700000000001,109.844,1,1.01
30.08.2021 00:01:02.731,109.849,109.845,1.2,1.01
30.08.2021 00:01:03.374,109.849,109.846,1.2,1.25
30.08.2021 00:01:04.443,109.852,109.848,1,3.1
30.08.2021 00:01:04.545,109.854,109.849,3.32,2.2
30.08.2021 00:01:04.698,109.855,109.851,1.97,1.25
30.08.2021 00:01:05.170,109.855,109.851,1,1.45
30.08.2021 00:01:06.171,109.855,109.853,1,1.25
30.08.2021 00:01:06.272,109.86,109.855,4.99,1.39
30.08.2021 00:01:06.374,109.86,109.855,2.7,1.45
30.08.2021 00:01:08.102,109.859,109.855,1,1.45
30.08.2021 00:01:08.405,109.859,109.854,1,2.54
30.08.2021 00:01:16.456,109.85700000000001,109.852,1.97,1.25
30.08.2021 00:01:17.519,109.855,109.851,1,1.45
30.08.2021 00:01:17.959,109.855,109.85000000000001,1,2.54
30.08.2021 00:01:23.908,109.855,109.85000000000001,1.85,1.2
30.08.2021 00:01:24.009,109.853,109.849,1.2,1.1
30.08.2021 00:01:24.113,109.853,109.848,2.29,1.2
30.08.2021 00:01:27.195,109.85000000000001,109.846,1.2,1.39
30.08.2021 00:01:28.459,109.85000000000001,109.845,1.85,1.2
30.08.2021 00:01:29.646,109.849,109.844,1.85,1.2
30.08.2021 00:01:31.914,109.846,109.84200000000001,1.39,1.2
30.08.2021 00:01:32.015,109.845,109.84100000000001,2.18,1
30.08.2021 00:01:32.116,109.845,109.84,5.24,1.69
30.08.2021 00:01:32.217,109.844,109.84,1.35,1
30.08.2021 00:01:32.490,109.84299999999999,109.84,1.25,1
30.08.2021 00:01:33.360,109.84299999999999,109.839,1.25,1.2
30.08.2021 00:01:36.513,109.84100000000001,109.839,1.69,1
30.08.2021 00:01:36.564,109.839,109.83500000000001,1.5,3.15
30.08.2021 00:01:36.716,109.84,109.834,3.12,1
30.08.2021 00:01:38.331,109.839,109.83500000000001,1.84,1
30.08.2021 00:01:38.433,109.84100000000001,109.83600000000001,4.04,1
30.08.2021 00:01:39.113,109.84100000000001,109.834,1.85,3.37
30.08.2021 00:01:39.214,109.84,109.83600000000001,1.85,1
30.08.2021 00:01:39.466,109.84100000000001,109.83600000000001,3.85,1
30.08.2021 00:01:41.177,109.84200000000001,109.838,2.7,1.1
30.08.2021 00:01:41.278,109.84299999999999,109.84,1.79,1
30.08.2021 00:01:41.380,109.845,109.839,1.76,1.1
30.08.2021 00:01:41.835,109.844,109.84100000000001,1.2,1
30.08.2021 00:01:41.936,109.845,109.84299999999999,1.65,2.44
30.08.2021 00:01:42.037,109.849,109.84299999999999,1.2,2.51
30.08.2021 00:01:42.138,109.85000000000001,109.845,3.11,2.51
30.08.2021 00:01:42.341,109.85000000000001,109.846,1.85,1
30.08.2021 00:01:42.443,109.85000000000001,109.846,1.2,1.76
30.08.2021 00:01:42.595,109.85000000000001,109.84700000000001,1.2,1
30.08.2021 00:01:43.715,109.85000000000001,109.846,2.85,2.62
30.08.2021 00:01:44.331,109.85000000000001,109.846,1.2,3.07
30.08.2021 00:01:44.509,109.85000000000001,109.84700000000001,1.2,1
30.08.2021 00:01:44.862,109.851,109.846,3.12,2.51
30.08.2021 00:01:44.964,109.852,109.846,2.03,3.07
30.08.2021 00:01:45.065,109.854,109.848,2.8,1
30.08.2021 00:01:45.166,109.855,109.849,1.45,1
30.08.2021 00:01:45.267,109.855,109.85000000000001,2.74,2.14
30.08.2021 00:01:45.469,109.855,109.85000000000001,2.14,3.04
30.08.2021 00:01:45.946,109.855,109.852,1.2,1
30.08.2021 00:01:46.047,109.85700000000001,109.85000000000001,1.39,2.85
30.08.2021 00:01:46.148,109.85600000000001,109.851,1.85,2.7
30.08.2021 00:01:46.269,109.852,109.849,1,1.7
30.08.2021 00:01:46.319,109.849,109.845,4.07,2.02
30.08.2021 00:01:46.522,109.849,109.845,1.39,1.57
30.08.2021 00:01:47.076,109.85000000000001,109.846,1.6,1.87
30.08.2021 00:01:47.177,109.852,109.84700000000001,1.85,2.32
30.08.2021 00:01:47.279,109.852,109.84700000000001,1.39,3.22
30.08.2021 00:01:47.581,109.853,109.848,1.39,3.22
30.08.2021 00:01:47.884,109.854,109.849,1.39,3.22
30.08.2021 00:01:48.338,109.855,109.851,1.39,1.2
30.08.2021 00:01:48.591,109.85600000000001,109.852,1.85,1
30.08.2021 00:01:48.743,109.85600000000001,109.851,1.85,2.7
30.08.2021 00:01:48.894,109.855,109.852,1.2,1.87
30.08.2021 00:01:48.995,109.85600000000001,109.852,1.2,2.32
30.08.2021 00:01:49.097,109.854,109.851,1.76,1.95
30.08.2021 00:01:49.301,109.854,109.849,1.39,5.74
30.08.2021 00:01:49.604,109.854,109.851,1.2,2.69
30.08.2021 00:01:49.856,109.854,109.852,1,1.94
30.08.2021 00:01:49.907,109.85600000000001,109.852,1.2,2.39
30.08.2021 00:01:50.009,109.85600000000001,109.851,1.2,2.91
30.08.2021 00:01:50.111,109.855,109.851,1.2,2.76
30.08.2021 00:01:51.291,109.855,109.851,1.6,3.06
30.08.2021 00:01:51.392,109.855,109.853,1.2,1.25
30.08.2021 00:01:51.493,109.85600000000001,109.853,1.95,1
30.08.2021 00:01:51.594,109.85600000000001,109.853,1.2,1.75
30.08.2021 00:01:51.972,109.85700000000001,109.854,2.55,1.75
30.08.2021 00:01:52.073,109.85600000000001,109.854,1,1.25
30.08.2021 00:01:52.124,109.85799999999999,109.854,1.2,2.2
30.08.2021 00:01:52.225,109.859,109.855,1.2,2.2
30.08.2021 00:01:52.327,109.859,109.85600000000001,1.2,1.25
30.08.2021 00:01:52.428,109.859,109.855,2.48,1
30.08.2021 00:01:52.478,109.85799999999999,109.852,1.85,1.5
30.08.2021 00:01:52.580,109.85600000000001,109.852,1.2,1.84
30.08.2021 00:01:52.681,109.85600000000001,109.851,1.6,2.39
30.08.2021 00:01:52.732,109.85700000000001,109.852,1,2.39
30.08.2021 00:01:53.155,109.85700000000001,109.852,1,1.39
30.08.2021 00:01:53.628,109.85600000000001,109.851,1,3.51
30.08.2021 00:01:53.729,109.855,109.851,1.1,1.76
30.08.2021 00:01:53.830,109.855,109.851,1.1,1.31
30.08.2021 00:01:54.083,109.85600000000001,109.849,1.39,2.35
30.08.2021 00:01:54.234,109.855,109.85000000000001,1.6,1.2
30.08.2021 00:01:56.419,109.85600000000001,109.849,1.01,1.72
30.08.2021 00:01:56.637,109.855,109.85000000000001,2.54,1.2
30.08.2021 00:01:56.789,109.855,109.85000000000001,1.91,1
30.08.2021 00:01:59.416,109.85000000000001,109.84700000000001,2.91,1.2
30.08.2021 00:01:59.568,109.849,109.84200000000001,3.16,2.4
30.08.2021 00:01:59.619,109.848,109.845,1.01,1.5
30.08.2021 00:01:59.720,109.84700000000001,109.845,1.25,1
30.08.2021 00:01:59.771,109.846,109.84200000000001,1.1,2.57
30.08.2021 00:01:59.872,109.846,109.84200000000001,1.01,1.16
30.08.2021 00:02:02.713,109.848,109.84299999999999,6.16,1.2
30.08.2021 00:02:04.330,109.849,109.844,2.54,1.39
30.08.2021 00:02:04.582,109.846,109.84200000000001,1.72,1.39
30.08.2021 00:02:04.734,109.844,109.84100000000001,1.76,3
30.08.2021 00:02:04.835,109.845,109.84,6.37,1
30.08.2021 00:02:05.235,109.844,109.838,1.22,1.25
30.08.2021 00:02:06.114,109.84299999999999,109.838,1.41,1.2
30.08.2021 00:02:06.467,109.84200000000001,109.837,1.82,2.1
30.08.2021 00:02:06.569,109.84200000000001,109.837,2.2,1
30.08.2021 00:02:15.187,109.84,109.83500000000001,1.6,1.76
30.08.2021 00:02:15.339,109.84100000000001,109.834,1.2,1.79
30.08.2021 00:02:15.441,109.84,109.83500000000001,2.29,1.57
30.08.2021 00:02:17.054,109.837,109.83200000000001,1.25,1.2
30.08.2021 00:02:17.155,109.83600000000001,109.83,1.25,1.7
30.08.2021 00:02:17.207,109.834,109.83,1.25,2.4
30.08.2021 00:02:21.904,109.833,109.829,1.25,1.2
30.08.2021 00:02:22.055,109.834,109.829,2.89,2.77
30.08.2021 00:02:23.027,109.834,109.83,1.39,1
30.08.2021 00:02:23.129,109.834,109.829,2.2,1.2
30.08.2021 00:02:24.218,109.834,109.83,1.45,1
30.08.2021 00:02:24.421,109.83600000000001,109.831,3.32,1.95
30.08.2021 00:02:24.522,109.837,109.83200000000001,2.2,1.95
30.08.2021 00:02:24.869,109.837,109.83200000000001,1.39,1.39
30.08.2021 00:02:25.797,109.837,109.83200000000001,1.2,4.34
30.08.2021 00:02:25.999,109.84,109.83500000000001,2.03,1
30.08.2021 00:02:26.150,109.84,109.83600000000001,1.2,2.5
30.08.2021 00:02:26.252,109.844,109.839,3.24,1.25
30.08.2021 00:02:26.303,109.845,109.838,2.29,1.25
30.08.2021 00:02:26.555,109.844,109.839,1.95,2.39
30.08.2021 00:02:26.909,109.845,109.84100000000001,2.99,1
30.08.2021 00:02:27.010,109.845,109.84,2.54,1.25
30.08.2021 00:02:27.111,109.844,109.839,1.1,2.59
30.08.2021 00:02:27.314,109.844,109.839,1.22,1.25
30.08.2021 00:02:58.114,109.844,109.84,1.97,1
30.08.2021 00:02:58.215,109.844,109.839,1.57,1.39
30.08.2021 00:02:58.316,109.844,109.84,1.95,1
30.08.2021 00:02:58.417,109.844,109.839,1.57,1.39
30.08.2021 00:02:58.518,109.844,109.84,1.97,1
30.08.2021 00:03:01.158,109.844,109.84100000000001,1,2.14
30.08.2021 00:03:01.259,109.848,109.84200000000001,1.2,1
30.08.2021 00:03:01.360,109.848,109.844,1.76,1
30.08.2021 00:03:02.050,109.85000000000001,109.844,2.29,1
30.08.2021 00:03:02.355,109.849,109.845,1.1,1.25
30.08.2021 00:03:04.586,109.85000000000001,109.848,1,1.39
30.08.2021 00:03:04.687,109.853,109.85000000000001,2.77,1.25
30.08.2021 00:03:04.788,109.854,109.851,3.07,1.25
30.08.2021 00:03:04.889,109.855,109.851,2.32,1.39
30.08.2021 00:03:06.003,109.855,109.851,1.1,1.25
30.08.2021 00:03:06.835,109.853,109.85000000000001,1.41,1
30.08.2021 00:03:06.937,109.853,109.849,1.22,1
30.08.2021 00:03:07.038,109.854,109.85000000000001,4.91,1
30.08.2021 00:03:07.139,109.854,109.85000000000001,4.16,1
30.08.2021 00:03:07.240,109.854,109.85000000000001,1.12,1.39
30.08.2021 00:03:07.342,109.855,109.85000000000001,1.95,1.39
30.08.2021 00:03:09.322,109.85600000000001,109.852,1.1,1.25
30.08.2021 00:03:09.533,109.85799999999999,109.853,2.45,1.39
30.08.2021 00:03:09.634,109.85799999999999,109.855,1,1
30.08.2021 00:03:09.685,109.86,109.855,3.15,1.39
30.08.2021 00:03:09.786,109.86,109.85600000000001,1.2,1
30.08.2021 00:03:09.888,109.861,109.85600000000001,3.15,1.82
30.08.2021 00:03:10.040,109.86200000000001,109.85700000000001,2.77,1.39
30.08.2021 00:03:10.865,109.86200000000001,109.85700000000001,4.22,1.39
30.08.2021 00:03:11.915,109.863,109.85600000000001,3.6,1.25
30.08.2021 00:03:12.488,109.861,109.85700000000001,1.1,1.39
30.08.2021 00:03:12.589,109.86,109.85600000000001,1.1,2.2
30.08.2021 00:03:12.692,109.85799999999999,109.855,1,1.39
30.08.2021 00:03:13.074,109.85799999999999,109.854,1.1,1.39
30.08.2021 00:03:26.053,109.859,109.855,2.51,1
30.08.2021 00:03:28.972,109.85799999999999,109.853,2.35,2.62
30.08.2021 00:03:29.074,109.85600000000001,109.852,1.76,1.5
30.08.2021 00:03:30.222,109.85600000000001,109.851,2.14,1.2
30.08.2021 00:03:35.501,109.85600000000001,109.852,2.14,1
30.08.2021 00:03:35.703,109.85700000000001,109.853,1.39,1
30.08.2021 00:03:35.816,109.861,109.855,4.54,1.1
30.08.2021 00:03:35.917,109.86,109.85600000000001,1.39,1
30.08.2021 00:03:38.855,109.859,109.855,1.85,1
30.08.2021 00:03:38.956,109.859,109.854,2.29,1
30.08.2021 00:03:39.057,109.85799999999999,109.854,2.95,1.1
30.08.2021 00:03:45.383,109.859,109.855,3.1,1
30.08.2021 00:03:45.535,109.859,109.85600000000001,1.45,1
30.08.2021 00:03:45.636,109.86,109.85600000000001,2.72,1
30.08.2021 00:03:48.928,109.861,109.855,1.39,1.2
30.08.2021 00:03:49.344,109.861,109.85700000000001,2.2,1.2
30.08.2021 00:03:49.446,109.861,109.85700000000001,1.2,1.95
30.08.2021 00:04:01.436,109.86200000000001,109.85799999999999,1.1,1.2
30.08.2021 00:04:01.537,109.863,109.85799999999999,1.47,1.6
30.08.2021 00:04:03.035,109.864,109.859,1.39,1.6
30.08.2021 00:04:04.741,109.866,109.86200000000001,1.85,1
30.08.2021 00:04:04.843,109.866,109.86200000000001,1.39,1.2
30.08.2021 00:04:07.642,109.869,109.86200000000001,3.85,1
30.08.2021 00:04:08.088,109.868,109.863,3.85,1
30.08.2021 00:04:10.250,109.869,109.86200000000001,2.14,1.39
30.08.2021 00:04:10.351,109.868,109.863,1.2,2.2
30.08.2021 00:04:10.452,109.869,109.866,1.2,3.26
30.08.2021 00:04:10.503,109.87200000000001,109.867,1.01,1.2
30.08.2021 00:04:10.554,109.874,109.868,3.82,1.69
30.08.2021 00:04:10.657,109.875,109.87,4.15,1.69
30.08.2021 00:04:10.758,109.876,109.87100000000001,1.01,1.39
30.08.2021 00:04:10.809,109.87700000000001,109.87299999999999,4.11,1
30.08.2021 00:04:10.910,109.87700000000001,109.87299999999999,1.1,1
30.08.2021 00:04:11.864,109.878,109.874,1.57,1
30.08.2021 00:04:12.016,109.879,109.874,1.1,2.39
30.08.2021 00:04:13.008,109.878,109.875,1.01,1
30.08.2021 00:04:14.132,109.879,109.875,1.76,1
30.08.2021 00:04:16.583,109.88,109.876,1.1,1
30.08.2021 00:04:16.735,109.881,109.87700000000001,1.41,1
30.08.2021 00:04:16.836,109.881,109.87700000000001,1.01,1
30.08.2021 00:04:17.138,109.88,109.876,1,1.39
30.08.2021 00:04:17.964,109.88,109.875,1.01,1.39
30.08.2021 00:04:21.190,109.88,109.875,5.66,1.25
30.08.2021 00:04:21.292,109.879,109.874,2.32,1.76
30.08.2021 00:04:21.394,109.878,109.874,1.39,1
30.08.2021 00:04:21.596,109.87700000000001,109.87299999999999,1.2,1.25
30.08.2021 00:04:21.748,109.875,109.87100000000001,1.25,1.39
30.08.2021 00:04:22.001,109.875,109.87,3.68,3.06
30.08.2021 00:04:22.102,109.874,109.869,2.14,2.89
30.08.2021 00:04:22.203,109.87299999999999,109.868,1.76,1.64
30.08.2021 00:04:22.304,109.87299999999999,109.868,1.89,1.64
30.08.2021 00:04:22.676,109.87200000000001,109.869,1.57,2
30.08.2021 00:04:22.777,109.87299999999999,109.869,1.89,1
30.08.2021 00:04:22.878,109.87299999999999,109.868,2.91,1.01
30.08.2021 00:04:23.131,109.87299999999999,109.867,2.54,1
30.08.2021 00:04:23.332,109.87100000000001,109.867,1.39,1
30.08.2021 00:04:29.111,109.87200000000001,109.868,2.14,1
30.08.2021 00:04:29.276,109.87299999999999,109.868,2.59,1.2
30.08.2021 00:04:29.378,109.874,109.87,1.76,1
30.08.2021 00:04:29.630,109.874,109.869,2.14,1.95
30.08.2021 00:04:29.851,109.87299999999999,109.869,1.2,1.5
30.08.2021 00:04:30.117,109.87299999999999,109.868,2.14,1.95
30.08.2021 00:04:36.084,109.87299999999999,109.869,1.39,1
30.08.2021 00:04:39.162,109.87299999999999,109.868,1.39,1.95
30.08.2021 00:04:48.502,109.87200000000001,109.868,1,1.95
30.08.2021 00:04:51.309,109.87200000000001,109.866,1.39,1
30.08.2021 00:04:57.266,109.869,109.86500000000001,1.5,1.2
30.08.2021 00:04:57.367,109.869,109.864,4.24,1
30.08.2021 00:04:57.468,109.868,109.863,1.2,2.51
30.08.2021 00:04:57.623,109.867,109.863,1,2.32
30.08.2021 00:05:00.849,109.864,109.86200000000001,1.25,1
30.08.2021 00:05:00.900,109.863,109.86,1.39,1
30.08.2021 00:05:01.052,109.864,109.861,1.25,1
30.08.2021 00:05:01.203,109.86500000000001,109.861,1.2,1.76
30.08.2021 00:05:01.305,109.867,109.86200000000001,3.79,1.1
30.08.2021 00:05:01.506,109.867,109.863,1.2,1.1
30.08.2021 00:05:11.083,109.867,109.863,1.6,1.25
30.08.2021 00:05:20.505,109.867,109.86200000000001,1.2,2.35
30.08.2021 00:05:21.675,109.867,109.863,1.2,2.2
30.08.2021 00:05:21.826,109.867,109.864,1,1.45
30.08.2021 00:05:21.978,109.868,109.863,1.2,2.35
30.08.2021 00:05:22.079,109.87100000000001,109.86500000000001,3.38,2.95
30.08.2021 00:05:22.180,109.87200000000001,109.868,2.1,1.25
30.08.2021 00:05:22.282,109.87299999999999,109.869,1.2,1.39
30.08.2021 00:05:26.028,109.87299999999999,109.868,2.85,2.2
30.08.2021 00:05:26.130,109.87200000000001,109.868,1.2,1.39
30.08.2021 00:05:26.231,109.87,109.868,1,1.25
30.08.2021 00:05:32.452,109.87100000000001,109.868,1.2,1.25
30.08.2021 00:05:34.889,109.87200000000001,109.868,1.95,1.39
30.08.2021 00:05:48.790,109.87299999999999,109.868,1.95,2.16
30.08.2021 00:05:49.629,109.87299999999999,109.868,2.1,1.76
30.08.2021 00:05:53.394,109.87299999999999,109.869,1.2,1.82
30.08.2021 00:05:53.596,109.87299999999999,109.868,1.6,1.82
30.08.2021 00:05:53.849,109.87100000000001,109.867,1.95,1.76
30.08.2021 00:05:53.950,109.87,109.866,1.57,1.1
30.08.2021 00:05:54.051,109.87,109.866,1.72,1
30.08.2021 00:05:54.203,109.869,109.863,1.2,1.76
30.08.2021 00:05:54.304,109.868,109.864,1.6,1.25
30.08.2021 00:05:55.214,109.867,109.863,1.2,1.1
30.08.2021 00:05:55.315,109.867,109.86200000000001,1.85,1.76
30.08.2021 00:05:55.417,109.866,109.861,1.72,2.51
30.08.2021 00:06:00.181,109.86500000000001,109.861,2.1,1.25
30.08.2021 00:06:00.282,109.86200000000001,109.86,1,1.25
30.08.2021 00:06:00.383,109.86200000000001,109.859,1,1.01
30.08.2021 00:06:00.484,109.863,109.86,1.95,1.25
30.08.2021 00:06:00.586,109.86500000000001,109.861,4.35,1.25
30.08.2021 00:06:00.687,109.866,109.86200000000001,3.22,1
30.08.2021 00:06:00.839,109.867,109.861,1.2,1.76
30.08.2021 00:06:01.192,109.866,109.86200000000001,1.6,1.25
30.08.2021 00:06:01.293,109.86500000000001,109.861,1.6,1.25
30.08.2021 00:06:01.445,109.86500000000001,109.86,3.6,1.75
30.08.2021 00:06:03.268,109.864,109.859,4.35,1.01
30.08.2021 00:06:03.370,109.864,109.85700000000001,1.6,1.82
30.08.2021 00:06:03.688,109.861,109.85700000000001,1.2,1.35
30.08.2021 00:06:03.789,109.861,109.85700000000001,1.6,1.25
30.08.2021 00:06:03.941,109.861,109.85600000000001,2.85,1.82
30.08.2021 00:06:04.346,109.861,109.85600000000001,1.2,2.22
30.08.2021 00:06:04.447,109.861,109.85700000000001,1.2,1.35
30.08.2021 00:06:09.561,109.861,109.85600000000001,1.6,1.82
30.08.2021 00:06:11.229,109.861,109.85600000000001,1.57,2.22
30.08.2021 00:06:11.381,109.861,109.85600000000001,1.6,1.82
30.08.2021 00:06:11.483,109.861,109.85600000000001,1.57,2.22
30.08.2021 00:06:11.584,109.861,109.85600000000001,1.72,1.82
30.08.2021 00:06:12.123,109.852,109.851,1.5,1
30.08.2021 00:06:12.225,109.846,109.845,2.83,1.25
30.08.2021 00:06:12.277,109.85000000000001,109.84700000000001,2.44,1
30.08.2021 00:06:12.328,109.848,109.84700000000001,1,1
30.08.2021 00:06:12.430,109.851,109.846,1.95,2.36
30.08.2021 00:06:12.481,109.853,109.849,3.7,1.69
30.08.2021 00:06:12.532,109.853,109.849,1,1.69
30.08.2021 00:06:12.584,109.854,109.85000000000001,1,1.75
30.08.2021 00:06:12.685,109.85600000000001,109.85000000000001,1,1.25
30.08.2021 00:06:12.787,109.855,109.852,1,1.25
30.08.2021 00:06:12.889,109.85600000000001,109.852,1,1.25
30.08.2021 00:06:12.991,109.85700000000001,109.852,1.5,1.75
30.08.2021 00:06:13.427,109.85600000000001,109.852,1,1.75
30.08.2021 00:06:13.529,109.855,109.852,1,1.25
30.08.2021 00:06:13.631,109.85600000000001,109.851,1.57,1.69
30.08.2021 00:06:14.262,109.855,109.851,1,1.69
30.08.2021 00:06:23.612,109.85600000000001,109.852,1.2,1.25
30.08.2021 00:06:25.529,109.86,109.855,2.5,2.5
30.08.2021 00:06:25.631,109.86,109.85700000000001,1.2,1.76
30.08.2021 00:06:25.732,109.863,109.861,1.2,1.25
30.08.2021 00:06:25.833,109.866,109.86200000000001,1.2,1.01
30.08.2021 00:06:25.934,109.867,109.863,1,1.94
30.08.2021 00:06:26.086,109.868,109.863,1,2.39
30.08.2021 00:06:32.881,109.867,109.863,1,1.25
30.08.2021 00:06:33.033,109.867,109.86200000000001,2.1,1.82
30.08.2021 00:06:35.372,109.866,109.861,1.2,2.41
30.08.2021 00:06:56.196,109.86500000000001,109.861,1,2.91
30.08.2021 00:06:58.289,109.864,109.86200000000001,1,1
30.08.2021 00:06:58.708,109.864,109.861,1,2.51
30.08.2021 00:06:58.810,109.86500000000001,109.861,1.95,2.51
30.08.2021 00:07:00.048,109.86500000000001,109.861,1.5,2.91
30.08.2021 00:07:00.714,109.866,109.86200000000001,1.95,1.1
30.08.2021 00:07:12.066,109.86500000000001,109.86200000000001,1,1.1
30.08.2021 00:07:29.643,109.86500000000001,109.861,1.2,1.76
30.08.2021 00:07:30.031,109.864,109.861,1,1.76
30.08.2021 00:07:30.499,109.864,109.861,1,2.16
30.08.2021 00:07:30.601,109.86500000000001,109.86200000000001,1,1.1
30.08.2021 00:07:32.962,109.864,109.86,2.7,1.2
30.08.2021 00:07:33.063,109.863,109.859,1.2,1.76
30.08.2021 00:07:33.164,109.863,109.859,2.1,1
30.08.2021 00:07:37.266,109.864,109.861,1.5,1.39
30.08.2021 00:07:37.368,109.866,109.861,3.04,2.14
30.08.2021 00:07:38.363,109.866,109.86200000000001,2.14,1
30.08.2021 00:07:38.969,109.86500000000001,109.86200000000001,1,1
30.08.2021 00:07:41.333,109.866,109.86200000000001,2.14,1
30.08.2021 00:07:41.849,109.86500000000001,109.86200000000001,1,1
30.08.2021 00:07:44.551,109.866,109.86200000000001,2.14,1
30.08.2021 00:07:45.058,109.866,109.861,1,1
30.08.2021 00:07:48.125,109.866,109.86200000000001,1.95,1.25
30.08.2021 00:07:52.912,109.866,109.861,2.14,1.95
30.08.2021 00:07:57.845,109.866,109.86,1,1.95
30.08.2021 00:08:00.230,109.866,109.86200000000001,1.39,1
30.08.2021 00:08:08.997,109.867,109.863,2.14,1
30.08.2021 00:08:09.150,109.868,109.864,1.95,1.69
30.08.2021 00:08:09.251,109.868,109.864,1.5,2.16
30.08.2021 00:08:09.403,109.87,109.867,3.48,1.57
30.08.2021 00:08:09.505,109.87200000000001,109.868,2.14,1.1
30.08.2021 00:08:09.556,109.874,109.87,2.4,1.01
30.08.2021 00:08:13.227,109.87299999999999,109.869,1.2,1.01
30.08.2021 00:08:13.379,109.87299999999999,109.87,1.2,1
30.08.2021 00:08:23.571,109.87200000000001,109.869,1,1.1
30.08.2021 00:08:23.673,109.87200000000001,109.868,1.2,1.76
30.08.2021 00:08:42.855,109.87299999999999,109.868,2.14,2.91
30.08.2021 00:08:43.415,109.87299999999999,109.869,3.29,1
30.08.2021 00:08:43.516,109.87299999999999,109.868,4.04,2.32
30.08.2021 00:08:43.617,109.87299999999999,109.867,1.64,1.57
30.08.2021 00:08:43.825,109.87,109.867,1.39,1.5
30.08.2021 00:08:43.977,109.87100000000001,109.867,2.14,1.57
30.08.2021 00:09:11.886,109.87200000000001,109.866,1.85,1
30.08.2021 00:09:16.070,109.87,109.86500000000001,1.2,1
30.08.2021 00:09:16.171,109.869,109.86500000000001,2.14,1.1
30.08.2021 00:09:16.272,109.869,109.86500000000001,3.04,1
30.08.2021 00:09:16.374,109.868,109.864,1.2,1.57
30.08.2021 00:09:16.475,109.867,109.864,1.2,1
30.08.2021 00:09:23.555,109.866,109.86200000000001,1.85,1
30.08.2021 00:09:23.707,109.866,109.86200000000001,1.39,1.57
30.08.2021 00:09:30.593,109.867,109.863,3.29,1
30.08.2021 00:09:36.032,109.867,109.863,2.14,1.1
30.08.2021 00:09:40.017,109.869,109.86500000000001,1.5,3.18
30.08.2021 00:09:40.119,109.87100000000001,109.867,1.61,1.57
30.08.2021 00:09:40.220,109.87200000000001,109.868,1.39,1.1
30.08.2021 00:09:45.312,109.87299999999999,109.869,4.6,1
30.08.2021 00:10:23.739,109.869,109.866,1,1.1
30.08.2021 00:10:24.085,109.869,109.866,2.2,1
30.08.2021 00:10:24.136,109.868,109.864,1.85,1.5
30.08.2021 00:10:24.339,109.868,109.863,2.2,1
30.08.2021 00:10:24.987,109.867,109.86200000000001,2.2,1
30.08.2021 00:10:25.138,109.866,109.863,1.2,1
30.08.2021 00:10:45.772,109.86500000000001,109.861,2.44,1.95
30.08.2021 00:10:45.873,109.864,109.86,7.47,1
30.08.2021 00:10:45.975,109.863,109.859,3.19,1.2
30.08.2021 00:10:46.177,109.861,109.85799999999999,1.5,1.2
30.08.2021 00:10:46.379,109.861,109.85700000000001,1.69,1.2
30.08.2021 00:10:46.905,109.86,109.85700000000001,1.25,1
30.08.2021 00:10:49.337,109.86,109.85600000000001,1.76,1.2
30.08.2021 00:10:57.478,109.86,109.85700000000001,1.01,1
30.08.2021 00:11:10.555,109.86,109.85700000000001,1.82,1
30.08.2021 00:11:10.657,109.86,109.85600000000001,1.82,1.95
30.08.2021 00:11:15.078,109.86,109.85600000000001,1.76,2.14
30.08.2021 00:11:16.080,109.86,109.85600000000001,2.57,1.95
30.08.2021 00:11:25.721,109.86,109.85600000000001,1.39,2.89
30.08.2021 00:11:32.576,109.86,109.85600000000001,1,2.29
30.08.2021 00:11:39.782,109.86,109.85600000000001,2.14,2.14
30.08.2021 00:11:56.709,109.861,109.855,2.95,2.7
30.08.2021 00:12:00.080,109.859,109.855,3.85,1.5
30.08.2021 00:12:00.232,109.86,109.854,1.2,1.39
30.08.2021 00:12:01.047,109.86,109.855,2.95,3.04
30.08.2021 00:12:08.828,109.86,109.855,3.1,2.89
30.08.2021 00:12:09.109,109.859,109.855,2.29,1.69
30.08.2021 00:12:09.941,109.859,109.854,3.85,2.89
30.08.2021 00:12:16.105,109.85600000000001,109.854,1.25,1.5
30.08.2021 00:12:16.156,109.855,109.851,1.95,1.95
30.08.2021 00:12:16.510,109.855,109.85000000000001,3.7,1.97
30.08.2021 00:12:19.751,109.855,109.85000000000001,3.64,1.97
30.08.2021 00:12:27.786,109.854,109.848,2.89,1
30.08.2021 00:12:27.938,109.853,109.848,2.89,1.95
30.08.2021 00:12:48.662,109.853,109.849,1,1.2
30.08.2021 00:12:48.764,109.853,109.85000000000001,1,1.25
30.08.2021 00:12:48.865,109.855,109.851,2.4,1.1
30.08.2021 00:12:50.277,109.855,109.85000000000001,3.59,1.97
30.08.2021 00:13:02.090,109.853,109.85000000000001,1,1.1
30.08.2021 00:13:02.192,109.853,109.85000000000001,1,1.22
30.08.2021 00:13:02.294,109.854,109.85000000000001,1.25,1.97
30.08.2021 00:13:03.999,109.853,109.85000000000001,2.06,1.1
30.08.2021 00:13:04.100,109.854,109.848,2.14,2.32
30.08.2021 00:13:14.275,109.853,109.849,1,2.16
30.08.2021 00:13:20.417,109.854,109.85000000000001,1.95,1.57
30.08.2021 00:14:02.622,109.853,109.849,1,1.97
30.08.2021 00:14:07.114,109.854,109.848,1.1,1.95
30.08.2021 00:14:20.164,109.851,109.848,1.97,1.12
30.08.2021 00:14:20.266,109.84700000000001,109.846,1,1
30.08.2021 00:14:20.316,109.846,109.84200000000001,2.16,1.5
30.08.2021 00:14:20.720,109.845,109.84100000000001,1.41,1
30.08.2021 00:14:20.821,109.845,109.84,2.16,1.95
30.08.2021 00:14:20.922,109.84299999999999,109.839,1.95,1.5
30.08.2021 00:14:21.296,109.84200000000001,109.839,1,1
30.08.2021 00:14:21.397,109.84200000000001,109.838,1.2,1.5
30.08.2021 00:14:21.448,109.84100000000001,109.837,2.16,1
30.08.2021 00:14:21.549,109.839,109.83500000000001,1.22,2.06
30.08.2021 00:14:21.650,109.839,109.834,2.85,2.5
30.08.2021 00:14:22.326,109.838,109.834,1.22,1.25
30.08.2021 00:14:22.428,109.838,109.83200000000001,1.22,2.5
30.08.2021 00:14:24.981,109.837,109.833,1.97,1.69
30.08.2021 00:14:31.282,109.838,109.83200000000001,1.2,1.25
30.08.2021 00:14:31.994,109.837,109.833,2.2,1
30.08.2021 00:14:35.824,109.84,109.83600000000001,1.39,3.22
30.08.2021 00:14:35.926,109.84200000000001,109.838,1.57,1.2
30.08.2021 00:14:36.027,109.84200000000001,109.839,1,2.7
30.08.2021 00:14:49.338,109.844,109.839,1.97,1.2
30.08.2021 00:15:02.037,109.84299999999999,109.84,1.76,1
30.08.2021 00:15:02.290,109.84100000000001,109.839,1.01,1
30.08.2021 00:15:02.391,109.84200000000001,109.839,1.1,1.5
30.08.2021 00:15:02.493,109.84100000000001,109.839,1.25,1
30.08.2021 00:15:02.644,109.84100000000001,109.838,1.25,1.95
30.08.2021 00:15:02.745,109.84,109.838,1.25,1.5
30.08.2021 00:15:03.114,109.84200000000001,109.838,1.47,1.5
30.08.2021 00:15:04.184,109.84299999999999,109.839,1.35,1.95
30.08.2021 00:15:20.613,109.84200000000001,109.838,1.01,1.95
30.08.2021 00:15:31.491,109.84200000000001,109.839,1.25,1
30.08.2021 00:15:37.004,109.84200000000001,109.838,2.89,1
30.08.2021 00:15:39.230,109.84100000000001,109.838,1.39,1
30.08.2021 00:15:39.331,109.84,109.83500000000001,1.25,1.5
30.08.2021 00:15:39.433,109.838,109.83500000000001,1.39,1
30.08.2021 00:15:40.489,109.84,109.83600000000001,1.75,1.95
30.08.2021 00:15:40.944,109.839,109.83600000000001,2.95,1
30.08.2021 00:15:41.909,109.839,109.83600000000001,2.14,1
30.08.2021 00:15:42.282,109.839,109.83500000000001,4.54,1
30.08.2021 00:15:47.932,109.839,109.83500000000001,6.49,1
30.08.2021 00:15:49.272,109.838,109.83500000000001,1.6,1
30.08.2021 00:15:51.383,109.838,109.834,3.04,1
30.08.2021 00:15:56.677,109.837,109.834,1.6,1
30.08.2021 00:16:08.376,109.83600000000001,109.834,1.45,1
30.08.2021 00:16:08.477,109.83600000000001,109.83200000000001,1.45,1.5
30.08.2021 00:16:08.629,109.83500000000001,109.83200000000001,1.45,1
30.08.2021 00:16:13.118,109.831,109.829,1.25,3.45
30.08.2021 00:16:13.219,109.831,109.82700000000001,2.14,4.2
30.08.2021 00:16:13.753,109.83,109.82700000000001,1.39,1
30.08.2021 00:16:13.854,109.83,109.82600000000001,1.39,1.5
30.08.2021 00:16:13.905,109.829,109.82600000000001,1.45,1.5
30.08.2021 00:16:17.713,109.831,109.825,1.85,1.5
30.08.2021 00:16:29.287,109.82799999999999,109.825,2.69,1
30.08.2021 00:16:29.388,109.82700000000001,109.824,1.45,1
30.08.2021 00:16:29.489,109.82600000000001,109.823,2.2,1
30.08.2021 00:16:29.540,109.82600000000001,109.82100000000001,3.1,1.5
30.08.2021 00:16:33.543,109.825,109.82100000000001,1.45,1.5
30.08.2021 00:16:40.257,109.824,109.82000000000001,1.45,1.5
30.08.2021 00:16:49.770,109.825,109.82000000000001,1.45,1
30.08.2021 00:16:51.028,109.824,109.82000000000001,1.45,1.5
30.08.2021 00:16:51.180,109.82100000000001,109.819,1.25,1
30.08.2021 00:16:51.281,109.82000000000001,109.816,2.14,2.7
30.08.2021 00:16:51.386,109.819,109.815,2.14,1.5
30.08.2021 00:16:51.487,109.819,109.815,3.04,1
30.08.2021 00:16:52.349,109.819,109.814,2.29,1.2
30.08.2021 00:16:55.649,109.819,109.814,1.6,2.01
30.08.2021 00:16:58.095,109.819,109.814,1.2,2.41
30.08.2021 00:16:59.087,109.819,109.814,1.6,1.01
30.08.2021 00:17:18.273,109.819,109.814,1.95,3.04
30.08.2021 00:17:18.553,109.82000000000001,109.815,2.14,3.41
30.08.2021 00:17:33.132,109.823,109.816,5.39,3.3
30.08.2021 00:17:33.234,109.824,109.82000000000001,2.36,1.2
30.08.2021 00:17:33.336,109.824,109.82000000000001,1.01,1.95
30.08.2021 00:17:34.007,109.825,109.82000000000001,2.76,2.1
30.08.2021 00:17:34.108,109.825,109.82100000000001,1.76,1.2
30.08.2021 00:18:02.075,109.82100000000001,109.819,1.2,1.25
30.08.2021 00:18:02.126,109.82100000000001,109.81700000000001,1.57,2.77
30.08.2021 00:18:02.227,109.82100000000001,109.81700000000001,2.54,1
30.08.2021 00:18:02.329,109.82100000000001,109.816,3.47,2.14
30.08.2021 00:18:02.430,109.82100000000001,109.816,3.32,2.54
30.08.2021 00:18:02.589,109.82000000000001,109.816,1.39,1.76
30.08.2021 00:18:02.755,109.82000000000001,109.816,1.25,2.16
30.08.2021 00:18:02.906,109.82100000000001,109.816,2.14,2.16
30.08.2021 00:18:03.316,109.82000000000001,109.816,1.39,1.76
30.08.2021 00:18:03.417,109.82000000000001,109.816,2.2,1.57
30.08.2021 00:18:12.847,109.81700000000001,109.815,1,1.1
30.08.2021 00:18:12.898,109.815,109.81200000000001,1.5,1.2
30.08.2021 00:18:12.999,109.816,109.809,5.6,3.45
30.08.2021 00:18:13.101,109.81299999999999,109.809,2.72,1.5
30.08.2021 00:18:13.202,109.81,109.80799999999999,1.12,1
30.08.2021 00:18:13.253,109.809,109.80600000000001,1.57,3.45
30.08.2021 00:18:13.354,109.80700000000002,109.805,1,1
30.08.2021 00:18:13.405,109.80600000000001,109.803,1.1,1
30.08.2021 00:18:13.814,109.80700000000002,109.802,2.72,2.14
30.08.2021 00:18:14.826,109.80600000000001,109.802,1.41,1.5
30.08.2021 00:18:15.078,109.805,109.801,1.57,3.64
30.08.2021 00:18:32.482,109.805,109.802,1,1.95
30.08.2021 00:18:32.533,109.80700000000002,109.803,1.1,1.39
30.08.2021 00:18:40.928,109.80700000000002,109.801,2.51,1.95
30.08.2021 00:18:44.180,109.80600000000001,109.8,1,3.22
30.08.2021 00:18:50.202,109.80600000000001,109.801,1.01,3.22
30.08.2021 00:18:50.919,109.80700000000002,109.801,2.16,1
30.08.2021 00:18:51.088,109.80600000000001,109.802,1.01,1.95
30.08.2021 00:18:55.919,109.80700000000002,109.803,2.97,1
30.08.2021 00:19:02.248,109.805,109.803,1.1,1
30.08.2021 00:19:02.653,109.802,109.79899999999999,1.01,3.45
30.08.2021 00:19:02.755,109.8,109.79700000000001,1,3.15
30.08.2021 00:19:02.856,109.8,109.796,1.1,3.45
30.08.2021 00:19:06.124,109.8,109.79700000000001,1,1.1
30.08.2021 00:19:06.175,109.8,109.796,1.01,1.95
30.08.2021 00:19:06.276,109.801,109.798,1.41,1
30.08.2021 00:19:11.690,109.801,109.796,2.16,1.95
30.08.2021 00:19:13.714,109.8,109.795,1.01,1.5
30.08.2021 00:19:14.578,109.79899999999999,109.795,1.76,1.95
30.08.2021 00:19:15.077,109.79899999999999,109.796,1.76,1
30.08.2021 00:19:15.583,109.79899999999999,109.795,1.76,1.95
30.08.2021 00:19:15.990,109.8,109.795,1.76,1
30.08.2021 00:19:16.141,109.79899999999999,109.795,1.76,1.95
30.08.2021 00:19:16.296,109.79899999999999,109.796,1.1,1
30.08.2021 00:19:22.252,109.8,109.79700000000001,1.2,1
30.08.2021 00:19:22.455,109.802,109.796,1.25,1.97
30.08.2021 00:19:24.687,109.801,109.79700000000001,1.39,1.57
30.08.2021 00:19:42.602,109.8,109.79700000000001,1,1.1
30.08.2021 00:19:44.110,109.79899999999999,109.796,1.25,1.1
30.08.2021 00:19:44.262,109.8,109.796,2.14,1.1
30.08.2021 00:19:44.364,109.79899999999999,109.796,1,1.1
30.08.2021 00:19:44.415,109.79700000000001,109.794,2.2,1
30.08.2021 00:19:44.516,109.79700000000001,109.79299999999999,2.2,1.1
30.08.2021 00:19:44.617,109.798,109.79299999999999,3.1,1.57
30.08.2021 00:19:49.740,109.798,109.795,1.25,1.97
30.08.2021 00:19:49.841,109.79899999999999,109.796,1.25,1.1
30.08.2021 00:19:50.714,109.79700000000001,109.796,1.25,1
30.08.2021 00:19:50.765,109.79700000000001,109.79299999999999,2.95,1.57
30.08.2021 00:19:50.967,109.796,109.79299999999999,2.2,1
30.08.2021 00:19:51.068,109.796,109.79,2.14,2.07
30.08.2021 00:19:51.169,109.795,109.79100000000001,2.14,2.32
30.08.2021 00:19:52.442,109.794,109.79,1.25,1.97
30.08.2021 00:20:00.243,109.795,109.79100000000001,2.89,1.1
30.08.2021 00:20:00.344,109.795,109.79200000000002,2.14,1
30.08.2021 00:20:02.213,109.795,109.79100000000001,1,1
30.08.2021 00:20:02.364,109.794,109.79,1.69,1.22
30.08.2021 00:20:02.466,109.795,109.789,2.14,1.1
30.08.2021 00:20:07.498,109.794,109.79,1.69,1.97
30.08.2021 00:20:12.584,109.796,109.789,2.89,2.54
30.08.2021 00:20:15.052,109.796,109.794,1.25,1
30.08.2021 00:20:15.164,109.79700000000001,109.796,1,1
30.08.2021 00:20:15.215,109.79899999999999,109.796,3.19,1.57
30.08.2021 00:20:15.468,109.79899999999999,109.79700000000001,1.25,1
30.08.2021 00:20:17.125,109.79899999999999,109.796,1.25,1.57
30.08.2021 00:20:20.566,109.798,109.795,1.25,1.57
30.08.2021 00:20:20.718,109.796,109.79299999999999,2.12,3.07
30.08.2021 00:20:20.920,109.796,109.79200000000002,2.2,1.1
30.08.2021 00:20:27.852,109.796,109.79200000000002,1.39,2.32
30.08.2021 00:20:28.739,109.798,109.79100000000001,2.14,2.16
30.08.2021 00:20:28.840,109.798,109.794,3.14,1.5
30.08.2021 00:20:28.941,109.79899999999999,109.795,2.14,1.01
30.08.2021 00:20:30.352,109.79899999999999,109.794,1,1.1
30.08.2021 00:20:33.411,109.8,109.796,1.2,1.5
30.08.2021 00:20:35.093,109.801,109.796,2.14,1.95
30.08.2021 00:20:40.462,109.801,109.79700000000001,2.14,1
30.08.2021 00:20:43.679,109.79700000000001,109.794,2.32,2.7
30.08.2021 00:20:43.781,109.79700000000001,109.79299999999999,2.51,1.1
30.08.2021 00:20:43.933,109.796,109.79200000000002,1.25,1.6
30.08.2021 00:20:44.034,109.79700000000001,109.79200000000002,1.76,1.6
30.08.2021 00:20:44.186,109.79700000000001,109.79200000000002,1.91,1.2
30.08.2021 00:20:44.887,109.796,109.79100000000001,2.2,2.16
30.08.2021 00:20:44.989,109.796,109.79100000000001,2.35,1.69
30.08.2021 00:20:53.658,109.795,109.79100000000001,1.85,1.5
30.08.2021 00:20:58.939,109.795,109.79,3.1,1.76
30.08.2021 00:21:03.619,109.79299999999999,109.79,1,1.76
30.08.2021 00:21:03.720,109.79,109.787,1,2.02
30.08.2021 00:21:04.023,109.79100000000001,109.786,4.04,1.1
30.08.2021 00:21:04.477,109.79200000000002,109.788,1.76,1
30.08.2021 00:21:04.578,109.79299999999999,109.789,4.04,1
30.08.2021 00:21:04.679,109.79299999999999,109.789,1.39,1
30.08.2021 00:21:04.780,109.794,109.789,1,1.1
30.08.2021 00:21:04.881,109.795,109.789,1.95,1.1
30.08.2021 00:21:08.781,109.79299999999999,109.789,1.95,1.57
30.08.2021 00:21:16.961,109.795,109.789,1.5,2.16
30.08.2021 00:21:24.924,109.794,109.79100000000001,1,1.41
30.08.2021 00:21:25.028,109.796,109.79100000000001,1.95,1.97
30.08.2021 00:21:29.978,109.79700000000001,109.79299999999999,3.07,1.57
30.08.2021 00:21:30.079,109.798,109.794,2.14,1.57
30.08.2021 00:21:30.180,109.798,109.795,1.25,1.1
30.08.2021 00:21:34.193,109.79899999999999,109.795,1.39,1.76
30.08.2021 00:21:34.395,109.8,109.795,1.39,1
30.08.2021 00:21:34.583,109.802,109.79700000000001,1.1,1.5
30.08.2021 00:21:34.634,109.802,109.798,2.7,1.76
30.08.2021 00:21:34.735,109.8,109.796,1.5,2.16
30.08.2021 00:21:34.887,109.801,109.79700000000001,1.39,1.57
30.08.2021 00:21:38.335,109.801,109.79899999999999,1,1
30.08.2021 00:21:38.436,109.803,109.79899999999999,4.22,1
30.08.2021 00:21:38.537,109.79899999999999,109.79700000000001,4.39,1.5
30.08.2021 00:21:38.639,109.79899999999999,109.795,2.95,1.1
30.08.2021 00:21:46.178,109.79700000000001,109.79299999999999,4.41,1
30.08.2021 00:21:47.165,109.79700000000001,109.794,2.14,1
30.08.2021 00:21:47.317,109.79700000000001,109.79299999999999,2.14,1.57
30.08.2021 00:21:47.981,109.798,109.79299999999999,1.76,1
30.08.2021 00:21:48.134,109.798,109.794,2.14,1.76
30.08.2021 00:21:48.235,109.798,109.795,1.25,1.1
30.08.2021 00:22:12.161,109.798,109.794,4.14,1.57
30.08.2021 00:22:12.262,109.79700000000001,109.79299999999999,3.22,1.5
30.08.2021 00:22:12.716,109.796,109.79299999999999,2.47,1
30.08.2021 00:22:13.074,109.796,109.79200000000002,1.6,1.5
30.08.2021 00:22:14.075,109.795,109.79100000000001,1.95,1.01
30.08.2021 00:22:16.869,109.795,109.79100000000001,2.1,1.25
30.08.2021 00:22:16.970,109.796,109.79,1.2,1.01
30.08.2021 00:22:24.419,109.796,109.795,1,1.25
30.08.2021 00:22:24.470,109.801,109.795,3.64,1.1
30.08.2021 00:22:24.572,109.79899999999999,109.79700000000001,1.25,1
30.08.2021 00:22:24.673,109.8,109.79700000000001,2.89,1
30.08.2021 00:22:26.757,109.801,109.79700000000001,1.2,1.57
30.08.2021 00:22:26.858,109.801,109.798,1.2,1
30.08.2021 00:22:32.412,109.802,109.79899999999999,1.2,1
30.08.2021 00:22:41.906,109.802,109.798,1,1.5
30.08.2021 00:22:44.118,109.801,109.79700000000001,1.2,1.01
30.08.2021 00:22:44.945,109.801,109.798,1.2,1
30.08.2021 00:22:45.097,109.802,109.796,2.14,1.1
30.08.2021 00:22:56.057,109.801,109.795,1.25,1.22
30.08.2021 00:22:56.108,109.8,109.795,4.79,1.57
30.08.2021 00:22:57.214,109.79700000000001,109.79299999999999,1.95,1.2
30.08.2021 00:22:57.316,109.796,109.79299999999999,1.2,1
30.08.2021 00:22:57.418,109.796,109.79200000000002,2.7,1.01
30.08.2021 00:23:03.218,109.795,109.79200000000002,1,1.1
30.08.2021 00:23:09.292,109.795,109.79100000000001,1.95,1.76
30.08.2021 00:23:16.403,109.79,109.788,2.7,1
30.08.2021 00:23:16.504,109.79,109.786,1.6,1.69
30.08.2021 00:23:16.605,109.79,109.785,2.47,2.14
30.08.2021 00:23:17.787,109.79,109.787,1.5,1.47
30.08.2021 00:23:17.889,109.79,109.786,1,2.91
30.08.2021 00:23:18.040,109.79100000000001,109.786,3.07,2.16
30.08.2021 00:23:18.770,109.79200000000002,109.787,2.7,2.22
30.08.2021 00:23:18.872,109.79200000000002,109.787,1.5,2.35
30.08.2021 00:23:32.381,109.79200000000002,109.789,1,1.97
30.08.2021 00:23:33.774,109.794,109.79,3.45,1.1
30.08.2021 00:23:34.128,109.794,109.789,1,1.1
30.08.2021 00:23:34.611,109.794,109.788,2.1,1.25
30.08.2021 00:23:34.712,109.79200000000002,109.788,1.2,1.39
30.08.2021 00:23:38.923,109.79299999999999,109.789,1.95,1.39
30.08.2021 00:23:39.032,109.79299999999999,109.79,1.2,1.25
30.08.2021 00:23:49.448,109.795,109.789,1.5,2.14
30.08.2021 00:23:49.549,109.794,109.79,1,2.95
30.08.2021 00:23:50.571,109.794,109.79,1,2.14
30.08.2021 00:23:52.555,109.795,109.789,2.5,1.2
30.08.2021 00:23:57.383,109.79299999999999,109.79,1.25,1.2
30.08.2021 00:23:57.485,109.794,109.79,2.5,1.95
30.08.2021 00:24:01.354,109.79299999999999,109.79,1.25,1.95
30.08.2021 00:24:04.449,109.789,109.787,1.25,1
30.08.2021 00:24:04.551,109.788,109.786,1.25,1.2
30.08.2021 00:24:04.653,109.788,109.785,1.25,1.95
30.08.2021 00:24:04.755,109.788,109.785,1.25,2.45
30.08.2021 00:24:04.856,109.789,109.785,1.25,2.45
30.08.2021 00:24:04.970,109.79,109.78399999999999,1.25,2.7
30.08.2021 00:24:06.904,109.788,109.785,1.25,2.7
30.08.2021 00:24:13.084,109.78399999999999,109.78200000000001,1.69,1.2
30.08.2021 00:24:13.185,109.783,109.78,1.25,1.6
30.08.2021 00:24:13.294,109.783,109.77799999999999,1.69,1
30.08.2021 00:24:13.446,109.781,109.779,1.25,1
30.08.2021 00:24:13.756,109.781,109.77799999999999,1.25,1.57
30.08.2021 00:24:13.857,109.781,109.77700000000002,1.25,1.57
30.08.2021 00:24:14.249,109.781,109.77799999999999,1.25,1.57
30.08.2021 00:24:17.264,109.78,109.77799999999999,1.25,1.1
30.08.2021 00:24:17.365,109.781,109.77799999999999,1.25,1.57
30.08.2021 00:24:23.192,109.78399999999999,109.781,2.14,1
30.08.2021 00:24:23.395,109.78399999999999,109.78200000000001,1.25,1.57
30.08.2021 00:24:24.998,109.785,109.78200000000001,1,1.57
30.08.2021 00:24:25.650,109.785,109.78200000000001,1,1.97
30.08.2021 00:24:26.345,109.787,109.78200000000001,1.25,1.57
30.08.2021 00:24:26.446,109.786,109.78399999999999,1.25,1
30.08.2021 00:24:31.164,109.788,109.78399999999999,2.14,1.1
30.08.2021 00:24:31.316,109.788,109.786,1.25,1
30.08.2021 00:24:34.975,109.789,109.786,1.25,1.1
30.08.2021 00:24:35.077,109.789,109.78399999999999,2.14,1.97
30.08.2021 00:24:36.537,109.789,109.78399999999999,4.04,1.5
30.08.2021 00:24:38.099,109.789,109.78399999999999,3.1,1.5
30.08.2021 00:24:47.380,109.79,109.78399999999999,2.14,1.1
30.08.2021 00:24:47.532,109.789,109.785,1.69,1.22
30.08.2021 00:24:55.111,109.789,109.785,2.95,1.1
30.08.2021 00:25:00.643,109.788,109.78399999999999,1.75,1.97
30.08.2021 00:25:00.794,109.789,109.785,2.95,1.1
30.08.2021 00:25:01.871,109.789,109.785,1.95,1.1
30.08.2021 00:25:07.201,109.79100000000001,109.788,3.07,1
30.08.2021 00:25:07.353,109.79299999999999,109.789,1.7,2.51
30.08.2021 00:25:07.404,109.79299999999999,109.789,1.2,2.51
30.08.2021 00:25:07.505,109.794,109.79,1.95,2.51
30.08.2021 00:25:07.607,109.794,109.79,1.5,2.91
30.08.2021 00:25:09.911,109.79200000000002,109.789,1.1,1
30.08.2021 00:25:10.173,109.79200000000002,109.788,1.57,1.2
30.08.2021 00:25:15.058,109.79200000000002,109.788,3.1,1
30.08.2021 00:25:15.260,109.79100000000001,109.787,1.57,2.89
30.08.2021 00:25:16.139,109.79200000000002,109.788,1.97,1
30.08.2021 00:25:22.523,109.79,109.786,1.95,2.89
30.08.2021 00:25:22.573,109.785,109.78200000000001,1.57,1.25
30.08.2021 00:25:22.675,109.781,109.779,1.95,2.44
30.08.2021 00:25:22.776,109.78,109.77700000000002,1,1.01
30.08.2021 00:25:24.478,109.78,109.77600000000001,1.57,1.39
30.08.2021 00:25:24.579,109.78,109.77700000000002,1,1
30.08.2021 00:25:26.086,109.779,109.775,1.95,2.89
30.08.2021 00:25:26.187,109.779,109.773,1.2,4.09
30.08.2021 00:25:26.288,109.77700000000002,109.774,1,2.14
30.08.2021 00:25:26.440,109.77600000000001,109.773,1,1.1
30.08.2021 00:25:27.115,109.77600000000001,109.772,1,1
30.08.2021 00:25:28.084,109.77700000000002,109.772,1.95,1
30.08.2021 00:25:28.505,109.77600000000001,109.772,1,1
30.08.2021 00:25:28.606,109.77799999999999,109.772,2.32,1.2
30.08.2021 00:25:28.657,109.775,109.772,1,1.39
30.08.2021 00:25:28.909,109.775,109.771,1.1,2.14
30.08.2021 00:25:31.606,109.774,109.77,1,1.25
30.08.2021 00:25:31.808,109.775,109.771,1.2,1
30.08.2021 00:25:32.173,109.774,109.77,1,1.69
30.08.2021 00:25:32.274,109.772,109.768,1.2,1.49
30.08.2021 00:25:32.325,109.772,109.766,1.2,2.21
30.08.2021 00:25:32.477,109.77,109.766,1.2,2.06
30.08.2021 00:25:32.830,109.77,109.765,2.32,2.14
30.08.2021 00:25:33.862,109.77,109.765,2.45,2.14
30.08.2021 00:25:34.887,109.76700000000001,109.765,1,1.69
30.08.2021 00:25:34.938,109.766,109.76100000000001,1.1,1
30.08.2021 00:25:35.304,109.765,109.76200000000001,1.22,1
30.08.2021 00:25:36.122,109.764,109.76100000000001,1.01,1.5
30.08.2021 00:25:36.259,109.766,109.764,2.95,1
30.08.2021 00:25:36.411,109.76700000000001,109.765,1,1.5
30.08.2021 00:25:36.462,109.769,109.765,1.76,2.7
30.08.2021 00:25:36.563,109.769,109.766,1.01,1
30.08.2021 00:25:37.737,109.769,109.765,1,1
30.08.2021 00:25:37.788,109.76700000000001,109.76200000000001,1.82,1
30.08.2021 00:25:37.889,109.766,109.76100000000001,1.01,1
30.08.2021 00:25:38.141,109.765,109.76200000000001,1.35,1
30.08.2021 00:25:38.667,109.76700000000001,109.76299999999999,3.01,1.95
30.08.2021 00:25:38.768,109.768,109.76200000000001,1.01,1.95
30.08.2021 00:25:39.172,109.766,109.76299999999999,1.66,1
30.08.2021 00:25:39.273,109.76299999999999,109.76100000000001,1.25,1
30.08.2021 00:25:40.596,109.76299999999999,109.759,1.25,1
30.08.2021 00:25:40.697,109.76299999999999,109.76100000000001,1.25,1
30.08.2021 00:25:40.798,109.76299999999999,109.76,1.25,1.2
30.08.2021 00:25:41.050,109.764,109.76100000000001,1.82,1
30.08.2021 00:25:41.152,109.76299999999999,109.76100000000001,1.25,1
30.08.2021 00:25:41.253,109.764,109.76,2.57,1.2
30.08.2021 00:25:41.354,109.764,109.76,1.76,1.2
30.08.2021 00:25:41.506,109.764,109.76100000000001,1.76,1
30.08.2021 00:25:48.966,109.765,109.76,2.91,2.14
30.08.2021 00:25:49.068,109.765,109.76100000000001,2.14,1.2
30.08.2021 00:25:49.169,109.76299999999999,109.76100000000001,1.69,1
30.08.2021 00:25:50.165,109.76299999999999,109.76,1.76,1
30.08.2021 00:25:50.274,109.76200000000001,109.76,1.25,1
30.08.2021 00:25:50.482,109.764,109.759,1.01,1
30.08.2021 00:25:50.583,109.764,109.76,2.51,1.2
30.08.2021 00:25:53.092,109.764,109.76100000000001,1.76,1
30.08.2021 00:25:53.194,109.765,109.76,1.82,1
30.08.2021 00:25:59.508,109.764,109.76100000000001,1.01,1
30.08.2021 00:25:59.811,109.766,109.76200000000001,3.41,2.1
30.08.2021 00:25:59.964,109.76700000000001,109.76299999999999,1.39,1.95
30.08.2021 00:26:00.065,109.76700000000001,109.76100000000001,1.76,1.95
30.08.2021 00:26:02.645,109.765,109.76100000000001,2.51,2.7
30.08.2021 00:26:02.752,109.764,109.76100000000001,1.25,2.7
30.08.2021 00:26:44.325,109.766,109.76200000000001,3.52,1.95
30.08.2021 00:26:44.426,109.768,109.764,2.21,2.14
30.08.2021 00:26:44.527,109.769,109.764,1.01,1
30.08.2021 00:26:45.112,109.768,109.765,1.41,1
30.08.2021 00:26:45.902,109.766,109.76299999999999,1.2,1
30.08.2021 00:26:46.054,109.766,109.76200000000001,1.01,1
30.08.2021 00:26:46.356,109.766,109.76299999999999,1.01,1
30.08.2021 00:26:47.040,109.76700000000001,109.76299999999999,1.76,1.95
30.08.2021 00:26:51.074,109.766,109.76299999999999,1.39,1.5
30.08.2021 00:26:51.176,109.765,109.76100000000001,1.39,1.69
30.08.2021 00:26:54.098,109.765,109.76100000000001,1.85,1.5
30.08.2021 00:26:54.210,109.764,109.76100000000001,1.45,1.5
30.08.2021 00:26:54.412,109.765,109.76100000000001,3.1,1
30.08.2021 00:26:54.876,109.765,109.76100000000001,1.39,1.69
30.08.2021 00:26:56.749,109.765,109.76100000000001,1.85,1.69
30.08.2021 00:27:02.944,109.76299999999999,109.758,3.22,1.69
30.08.2021 00:27:03.045,109.76299999999999,109.76,1.85,1
30.08.2021 00:27:03.096,109.76200000000001,109.758,1.2,1.69
30.08.2021 00:27:03.197,109.76299999999999,109.759,2.29,1
30.08.2021 00:27:03.298,109.76200000000001,109.758,1.2,1.69
30.08.2021 00:27:03.605,109.76299999999999,109.76,1.39,1
30.08.2021 00:27:04.183,109.764,109.76,1.95,1.69
30.08.2021 00:27:06.044,109.764,109.76100000000001,1.2,1
30.08.2021 00:27:06.600,109.765,109.76100000000001,1.95,1.76
30.08.2021 00:27:06.773,109.765,109.76200000000001,1.2,1
30.08.2021 00:27:07.415,109.766,109.76200000000001,2.7,1.76
30.08.2021 00:27:07.516,109.76700000000001,109.76299999999999,1.2,1.57
30.08.2021 00:27:14.985,109.77,109.764,1.95,1.1
30.08.2021 00:27:15.137,109.77,109.766,2.29,1
30.08.2021 00:27:15.442,109.77,109.766,1.2,1.76
30.08.2021 00:27:19.083,109.77,109.768,1.2,1
30.08.2021 00:27:19.134,109.773,109.77,2.21,1
30.08.2021 00:27:22.755,109.773,109.77,1.85,1
30.08.2021 00:27:22.856,109.773,109.77,1.2,1
30.08.2021 00:27:24.735,109.773,109.77,2.39,1
30.08.2021 00:27:24.836,109.772,109.768,1.39,1.2
30.08.2021 00:27:30.180,109.773,109.769,2.46,1
30.08.2021 00:27:33.536,109.773,109.769,2.14,1.2
30.08.2021 00:27:34.412,109.774,109.77,2.22,1.95
30.08.2021 00:27:34.563,109.774,109.771,1.39,1
30.08.2021 00:27:35.184,109.774,109.771,1.85,1
30.08.2021 00:27:36.456,109.774,109.771,1.39,1
30.08.2021 00:27:42.404,109.775,109.771,2.14,1.95
30.08.2021 00:27:43.885,109.775,109.772,1.39,1
30.08.2021 00:27:54.168,109.775,109.771,1.69,1.95
30.08.2021 00:27:57.061,109.775,109.772,1.25,1
30.08.2021 00:28:02.537,109.77700000000002,109.774,1.12,1
30.08.2021 00:28:02.638,109.77799999999999,109.774,2.77,1.25
30.08.2021 00:28:02.740,109.77799999999999,109.775,1.12,1
30.08.2021 00:28:03.110,109.77799999999999,109.774,1.87,2.14
30.08.2021 00:28:11.143,109.779,109.775,1.7,1.76
30.08.2021 00:28:11.244,109.78,109.77600000000001,2.85,1
30.08.2021 00:28:11.345,109.781,109.77700000000002,3.04,1
30.08.2021 00:28:11.783,109.781,109.77700000000002,2.89,1.1
30.08.2021 00:28:15.518,109.781,109.77600000000001,3.79,2.51
30.08.2021 00:28:22.652,109.781,109.77600000000001,2.14,3.79
30.08.2021 00:28:24.184,109.781,109.77600000000001,3.04,1.76
30.08.2021 00:28:29.861,109.78200000000001,109.77600000000001,3.04,1
30.08.2021 00:28:35.965,109.781,109.77700000000002,1.95,1.01
30.08.2021 00:28:36.368,109.781,109.77700000000002,3.04,1.25
30.08.2021 00:28:50.042,109.781,109.77700000000002,1.2,1.01
30.08.2021 00:28:53.679,109.78200000000001,109.779,1.1,1
30.08.2021 00:28:53.780,109.78399999999999,109.779,2.92,1.76
30.08.2021 00:28:56.318,109.78200000000001,109.779,1.2,1
30.08.2021 00:28:56.419,109.781,109.77799999999999,1,1
30.08.2021 00:28:56.520,109.781,109.77700000000002,2.35,1.5
30.08.2021 00:28:59.313,109.78200000000001,109.77799999999999,3.22,1
30.08.2021 00:28:59.415,109.783,109.77700000000002,1.97,1
30.08.2021 00:28:59.932,109.78200000000001,109.779,1.22,1
30.08.2021 00:29:00.084,109.78200000000001,109.779,1.1,1
30.08.2021 00:29:00.185,109.78399999999999,109.78,2.35,1.5
30.08.2021 00:29:00.676,109.78399999999999,109.781,1.1,1
30.08.2021 00:29:00.777,109.786,109.78200000000001,2.72,1
30.08.2021 00:29:00.979,109.786,109.78,1.22,1.5
30.08.2021 00:29:01.081,109.78399999999999,109.779,1.97,1
30.08.2021 00:29:01.182,109.781,109.77700000000002,1.22,3.19
30.08.2021 00:29:10.408,109.781,109.77700000000002,1.1,3.64
30.08.2021 00:29:10.749,109.781,109.77700000000002,1.22,3.19
30.08.2021 00:29:18.775,109.78200000000001,109.779,1.2,1.25
30.08.2021 00:29:18.877,109.786,109.78,4.07,1
30.08.2021 00:29:18.979,109.786,109.78200000000001,2.85,1.5
30.08.2021 00:29:19.080,109.786,109.78200000000001,1.97,1.5
30.08.2021 00:29:19.614,109.786,109.783,1.22,1.69
30.08.2021 00:29:20.167,109.786,109.783,1.1,1.25
30.08.2021 00:29:20.521,109.787,109.78399999999999,1.1,1
30.08.2021 00:29:20.723,109.788,109.785,1.22,1
30.08.2021 00:29:24.015,109.788,109.785,1.1,1
30.08.2021 00:29:24.226,109.788,109.78399999999999,1.1,2.14
30.08.2021 00:29:25.210,109.789,109.785,1.1,2.89
30.08.2021 00:29:25.361,109.79,109.787,1.57,1.25
30.08.2021 00:29:25.514,109.79100000000001,109.787,1.57,2.2
30.08.2021 00:29:26.316,109.79100000000001,109.788,1.6,1.25
30.08.2021 00:29:43.158,109.79100000000001,109.787,3.04,2.5
30.08.2021 00:29:43.309,109.79100000000001,109.787,3.97,1.25
30.08.2021 00:29:43.410,109.79,109.786,1.22,1.69
30.08.2021 00:29:45.195,109.79,109.786,5.47,1.5
30.08.2021 00:29:47.458,109.785,109.783,1.25,1.69
30.08.2021 00:29:47.559,109.788,109.78399999999999,4.72,1
30.08.2021 00:29:47.661,109.789,109.783,2.32,1
30.08.2021 00:29:47.762,109.787,109.783,1.22,2.44
30.08.2021 00:29:47.863,109.788,109.78399999999999,2.47,1
30.08.2021 00:29:57.473,109.789,109.783,1.97,1.69
30.08.2021 00:29:58.088,109.789,109.785,2.35,1
30.08.2021 00:30:00.171,109.79,109.786,2.85,1
30.08.2021 00:30:00.323,109.79,109.786,2.35,1
30.08.2021 00:30:06.766,109.79,109.786,1.57,1.1
30.08.2021 00:30:08.104,109.79,109.786,2.47,1
30.08.2021 00:30:08.357,109.79,109.786,1.57,1.1
30.08.2021 00:30:12.721,109.79100000000001,109.789,1.65,1
30.08.2021 00:30:12.822,109.79200000000002,109.788,2.7,1.57
30.08.2021 00:30:14.297,109.79200000000002,109.787,1.95,1
30.08.2021 00:30:14.398,109.79200000000002,109.786,2.85,1.69
30.08.2021 00:30:16.806,109.79,109.787,1.91,1.69
30.08.2021 00:30:16.908,109.789,109.786,1.2,1
30.08.2021 00:30:18.726,109.789,109.786,2.82,1
30.08.2021 00:30:18.777,109.785,109.783,1.57,1
30.08.2021 00:30:18.879,109.785,109.78200000000001,1.25,1.1
30.08.2021 00:30:18.981,109.78399999999999,109.78200000000001,1.25,1
30.08.2021 00:30:19.720,109.78399999999999,109.781,3.51,1
30.08.2021 00:30:22.167,109.781,109.779,7.82,1
30.08.2021 00:30:22.218,109.78,109.77700000000002,1.25,1.1
30.08.2021 00:30:22.319,109.78,109.77600000000001,2.2,2.02
30.08.2021 00:30:23.495,109.78,109.77600000000001,1.39,1.01
30.08.2021 00:30:23.697,109.779,109.77600000000001,2.29,1
30.08.2021 00:30:23.799,109.779,109.775,5.29,1
30.08.2021 00:30:23.901,109.77799999999999,109.774,1.41,1
30.08.2021 00:30:24.067,109.77799999999999,109.774,1.85,1
30.08.2021 00:30:24.340,109.77700000000002,109.773,3.16,1
30.08.2021 00:30:25.453,109.77700000000002,109.773,1.95,1.1
30.08.2021 00:30:27.034,109.775,109.771,5.29,1
30.08.2021 00:30:27.136,109.773,109.77,1.5,1.2
30.08.2021 00:30:27.339,109.774,109.77,1.76,1.2
30.08.2021 00:30:29.301,109.773,109.769,4.04,1
30.08.2021 00:30:29.453,109.772,109.768,1.1,1.39
30.08.2021 00:30:29.705,109.773,109.769,3.94,1.2
30.08.2021 00:30:29.807,109.775,109.771,3.4,1.2
30.08.2021 00:30:29.916,109.775,109.771,1.46,1.2
30.08.2021 00:30:30.017,109.775,109.771,1.82,1.2
30.08.2021 00:30:30.521,109.774,109.77,1.01,1.2
30.08.2021 00:30:32.465,109.773,109.77,1,1.2
30.08.2021 00:30:32.707,109.772,109.769,1.1,1
30.08.2021 00:30:32.808,109.772,109.768,1.57,1.39
30.08.2021 00:30:37.479,109.773,109.769,2.64,1.2
30.08.2021 00:30:37.581,109.773,109.769,2.51,1.2
30.08.2021 00:30:39.901,109.77600000000001,109.77,1.51,1.39
30.08.2021 00:30:39.956,109.775,109.771,1.01,1.39
30.08.2021 00:30:40.007,109.77600000000001,109.773,1.39,1
30.08.2021 00:30:40.108,109.77600000000001,109.772,1.01,1.39
30.08.2021 00:30:40.210,109.77700000000002,109.773,1.75,1
30.08.2021 00:30:40.615,109.779,109.775,1.39,1.5
30.08.2021 00:30:40.716,109.78,109.77600000000001,1.69,1
30.08.2021 00:30:40.817,109.781,109.77700000000002,1.46,1.2
30.08.2021 00:30:40.919,109.78200000000001,109.77799999999999,2.99,1
30.08.2021 00:30:41.021,109.783,109.77700000000002,1.39,1
30.08.2021 00:30:45.970,109.78200000000001,109.77799999999999,2.16,1
30.08.2021 00:30:46.568,109.78200000000001,109.77799999999999,1.76,1
30.08.2021 00:30:49.493,109.781,109.77700000000002,1,1.95
30.08.2021 00:30:49.655,109.78200000000001,109.77799999999999,1.76,1
30.08.2021 00:30:57.697,109.783,109.77799999999999,1.57,1.2
30.08.2021 00:30:57.799,109.78399999999999,109.78,2.2,1.1
30.08.2021 00:30:57.849,109.785,109.781,2.14,1.01
30.08.2021 00:30:58.001,109.786,109.78200000000001,1.26,1
30.08.2021 00:30:59.203,109.788,109.783,5.45,1
30.08.2021 00:31:00.935,109.785,109.781,1.01,1.1
30.08.2021 00:31:01.037,109.786,109.78,4.79,1
30.08.2021 00:31:01.138,109.78399999999999,109.78,2.14,1.1
30.08.2021 00:31:01.477,109.783,109.77799999999999,1.76,3.09
30.08.2021 00:31:01.578,109.78399999999999,109.77700000000002,2.16,1.25
30.08.2021 00:31:04.172,109.78,109.77600000000001,2.14,1.57
30.08.2021 00:31:04.324,109.78,109.775,1,1.1
30.08.2021 00:31:16.400,109.781,109.77700000000002,1.2,1.1
30.08.2021 00:31:16.552,109.78200000000001,109.77799999999999,1.76,1
30.08.2021 00:31:31.561,109.78399999999999,109.77799999999999,2.39,1
30.08.2021 00:31:50.946,109.783,109.779,1.99,1
30.08.2021 00:32:04.919,109.781,109.779,1,1
30.08.2021 00:32:05.022,109.781,109.77700000000002,1.69,2.16
30.08.2021 00:32:05.123,109.779,109.77600000000001,2.78,1.25
30.08.2021 00:32:05.225,109.77799999999999,109.774,1,1
30.08.2021 00:32:05.326,109.77700000000002,109.773,1.69,1.5
30.08.2021 00:32:05.427,109.77600000000001,109.772,1,2.14
30.08.2021 00:32:05.681,109.775,109.771,1,1.41
30.08.2021 00:32:27.201,109.77600000000001,109.772,1.95,1.76
30.08.2021 00:32:30.765,109.775,109.772,1,1.01
30.08.2021 00:32:32.423,109.77600000000001,109.772,2.14,1.1
30.08.2021 00:32:32.594,109.77600000000001,109.773,1.2,1
30.08.2021 00:32:50.052,109.77799999999999,109.775,1,1.1
30.08.2021 00:32:50.154,109.779,109.77600000000001,1.2,1
30.08.2021 00:32:50.255,109.78,109.77600000000001,1.2,1.76
30.08.2021 00:32:50.358,109.781,109.77799999999999,1.31,1
30.08.2021 00:33:10.842,109.781,109.77700000000002,1.69,1.5
30.08.2021 00:33:13.366,109.781,109.77799999999999,1,1
30.08.2021 00:33:18.180,109.781,109.779,1,1
30.08.2021 00:33:21.041,109.78200000000001,109.779,1.25,1
30.08.2021 00:33:22.573,109.78200000000001,109.77799999999999,1.69,1
30.08.2021 00:33:22.675,109.783,109.77799999999999,1.25,1
30.08.2021 00:33:24.924,109.78399999999999,109.78,3.14,1
30.08.2021 00:33:25.025,109.785,109.78,4,2.14
30.08.2021 00:33:25.177,109.785,109.78,2.06,3.7
30.08.2021 00:33:26.603,109.78399999999999,109.78,1,3.7
30.08.2021 00:33:26.704,109.78399999999999,109.78,1,2.44
30.08.2021 00:33:35.701,109.78399999999999,109.78,2.2,2.25
30.08.2021 00:33:35.940,109.78399999999999,109.78,2.14,2.25
30.08.2021 00:33:38.602,109.783,109.78,1.69,1
30.08.2021 00:33:38.703,109.78200000000001,109.779,1.25,1.95
30.08.2021 00:33:41.579,109.783,109.78,1.69,1
30.08.2021 00:34:53.027,109.783,109.781,1.25,1
30.08.2021 00:35:04.199,109.783,109.78,1.25,1
30.08.2021 00:35:05.924,109.78200000000001,109.779,1,1.5
30.08.2021 00:35:30.965,109.783,109.779,1.39,2.25
30.08.2021 00:35:33.181,109.783,109.781,1.25,1
30.08.2021 00:35:33.383,109.785,109.78200000000001,3.97,1
30.08.2021 00:35:33.484,109.785,109.783,2.77,1.57
30.08.2021 00:35:33.535,109.788,109.783,1.25,1.1
30.08.2021 00:35:33.586,109.789,109.786,1.79,1.1
30.08.2021 00:35:33.687,109.789,109.786,1.69,1.1
30.08.2021 00:35:33.788,109.788,109.786,1,1.1
30.08.2021 00:35:35.229,109.789,109.786,1.69,1.1
30.08.2021 00:35:43.721,109.788,109.786,1,1
30.08.2021 00:35:47.653,109.79,109.786,4.45,1.1
30.08.2021 00:36:03.015,109.789,109.785,1.39,1.5
30.08.2021 00:36:08.626,109.789,109.785,2.2,1.5
30.08.2021 00:36:10.925,109.79,109.78399999999999,2.14,1.5
30.08.2021 00:36:11.904,109.789,109.786,1.39,1
30.08.2021 00:36:22.752,109.789,109.785,1.39,1.5
30.08.2021 00:36:23.700,109.787,109.78399999999999,1.75,1.57
30.08.2021 00:36:23.751,109.785,109.781,4.07,2.77
30.08.2021 00:36:23.852,109.783,109.78,1.25,1.1
30.08.2021 00:36:23.953,109.783,109.78,1.45,1
30.08.2021 00:36:24.004,109.781,109.77799999999999,1.25,2
30.08.2021 00:36:24.105,109.78200000000001,109.77700000000002,1.25,1.5
30.08.2021 00:36:24.206,109.781,109.77700000000002,2.95,1.1
30.08.2021 00:36:25.963,109.783,109.77799999999999,2.32,1
30.08.2021 00:36:30.545,109.783,109.779,2.14,1.95
30.08.2021 00:36:30.646,109.78399999999999,109.77799999999999,2.57,1.95
30.08.2021 00:36:32.258,109.781,109.779,1.76,1
30.08.2021 00:36:32.309,109.781,109.77700000000002,1.76,1.95
30.08.2021 00:36:45.057,109.779,109.77600000000001,2.51,1.5
30.08.2021 00:36:45.158,109.77799999999999,109.775,1.01,1.5
30.08.2021 00:36:45.260,109.77799999999999,109.775,1.82,1
30.08.2021 00:36:45.361,109.779,109.773,2.57,1.95
30.08.2021 00:36:45.664,109.77700000000002,109.774,1.35,1.5
30.08.2021 00:36:50.945,109.77700000000002,109.772,3.35,1.95
30.08.2021 00:36:56.493,109.774,109.77,3.16,1.5
30.08.2021 00:36:56.594,109.772,109.77,1.01,1
30.08.2021 00:36:56.645,109.772,109.768,1.01,2.4
30.08.2021 00:36:56.746,109.773,109.76700000000001,1.41,1
30.08.2021 00:36:56.847,109.772,109.76700000000001,2.16,2.32
30.08.2021 00:37:01.363,109.771,109.76700000000001,1.1,3.89
30.08.2021 00:37:01.413,109.773,109.77,2.25,2.14
30.08.2021 00:37:07.493,109.775,109.77,2.97,2.14
30.08.2021 00:37:15.114,109.77600000000001,109.772,1.57,2.14
30.08.2021 00:37:25.405,109.77700000000002,109.773,1.57,2.95
30.08.2021 00:37:26.445,109.77700000000002,109.773,1.57,2.14
30.08.2021 00:37:36.770,109.77700000000002,109.772,1.97,3.14
30.08.2021 00:37:49.471,109.77700000000002,109.773,1.57,1.39
30.08.2021 00:38:04.254,109.77700000000002,109.773,1.97,1.25
30.08.2021 00:38:43.026,109.77700000000002,109.772,1.97,1.95
30.08.2021 00:38:49.776,109.77700000000002,109.773,1.57,1.39
30.08.2021 00:39:54.242,109.779,109.77600000000001,2.26,1
30.08.2021 00:39:54.343,109.78,109.77600000000001,2.42,1.25
30.08.2021 00:39:54.444,109.78,109.77600000000001,1.1,2.95
30.08.2021 00:40:02.746,109.779,109.775,3.07,2.57
30.08.2021 00:40:02.847,109.77700000000002,109.774,1.5,1.1
30.08.2021 00:40:03.050,109.77700000000002,109.773,1.95,1.01
30.08.2021 00:40:03.151,109.77600000000001,109.773,1.2,1
30.08.2021 00:40:03.403,109.775,109.773,1,1
30.08.2021 00:40:03.643,109.775,109.771,1,2.16
30.08.2021 00:40:05.533,109.772,109.768,1.2,1.76
30.08.2021 00:40:05.747,109.772,109.768,2.64,1.1
30.08.2021 00:40:05.849,109.77,109.76700000000001,1,1.01
30.08.2021 00:40:05.951,109.77,109.766,2.14,1.1
30.08.2021 00:40:06.153,109.769,109.766,1,1.1
30.08.2021 00:40:23.510,109.77,109.766,2.14,1
30.08.2021 00:40:24.015,109.77,109.76700000000001,1.2,1
30.08.2021 00:40:25.762,109.771,109.76700000000001,2.32,1.5
30.08.2021 00:40:30.455,109.76700000000001,109.764,1,2.54
30.08.2021 00:40:30.506,109.766,109.76200000000001,1.25,2.72
30.08.2021 00:40:30.608,109.765,109.76200000000001,1,1.97
30.08.2021 00:40:30.803,109.765,109.76100000000001,1,1.89
30.08.2021 00:40:30.904,109.766,109.76,1.5,1.39
30.08.2021 00:40:32.755,109.766,109.76100000000001,2.51,1.39
30.08.2021 00:40:33.227,109.765,109.76100000000001,1,1.39
30.08.2021 00:40:41.098,109.766,109.76200000000001,1.85,1
30.08.2021 00:40:42.046,109.766,109.76299999999999,1.2,1.25
30.08.2021 00:40:42.096,109.76700000000001,109.765,1.5,1.01
30.08.2021 00:40:42.161,109.769,109.765,1.95,1.76
30.08.2021 00:40:42.262,109.769,109.765,1,2.16
30.08.2021 00:40:42.363,109.771,109.766,2.29,1.76
30.08.2021 00:40:42.465,109.772,109.765,2.14,2.16
30.08.2021 00:40:52.022,109.771,109.766,2.29,2.57
30.08.2021 00:40:52.466,109.769,109.765,2.14,1.57
30.08.2021 00:40:52.567,109.768,109.765,1,1.1
30.08.2021 00:40:52.926,109.76700000000001,109.764,1.2,1
30.08.2021 00:41:16.047,109.76700000000001,109.764,2.29,1
30.08.2021 00:41:16.148,109.766,109.76299999999999,1.39,1
30.08.2021 00:41:16.584,109.766,109.76299999999999,1.91,1
30.08.2021 00:41:16.837,109.766,109.76100000000001,1.39,1
30.08.2021 00:41:17.340,109.76700000000001,109.76299999999999,3.04,1.5
30.08.2021 00:41:17.441,109.76700000000001,109.764,1.95,1
30.08.2021 00:41:19.783,109.769,109.764,4.04,1.57
30.08.2021 00:41:20.036,109.77,109.764,3.29,1
30.08.2021 00:41:20.711,109.769,109.765,1.2,1.76
30.08.2021 00:41:24.180,109.77,109.766,3.04,1
30.08.2021 00:41:29.355,109.769,109.765,1.95,1.76
30.08.2021 00:41:29.506,109.769,109.76299999999999,1.95,1.76
30.08.2021 00:41:29.759,109.768,109.76299999999999,1,1.01
30.08.2021 00:41:33.474,109.768,109.764,1.95,1.57
30.08.2021 00:41:34.710,109.766,109.76299999999999,1.2,1
30.08.2021 00:41:34.811,109.766,109.76100000000001,1.39,1.5
30.08.2021 00:41:43.544,109.766,109.76200000000001,2.89,1.1
30.08.2021 00:41:43.645,109.76700000000001,109.76299999999999,2.29,1.5
30.08.2021 00:41:48.864,109.766,109.76200000000001,2.14,1.57
30.08.2021 00:41:51.490,109.766,109.76200000000001,2.29,1.5
30.08.2021 00:41:51.793,109.765,109.76200000000001,2.54,1
30.08.2021 00:41:51.894,109.765,109.76100000000001,3.29,1
30.08.2021 00:41:52.046,109.764,109.76,2.39,1.1
30.08.2021 00:41:52.779,109.76299999999999,109.76100000000001,1.39,1
30.08.2021 00:41:53.082,109.764,109.76100000000001,1.39,1
30.08.2021 00:42:15.543,109.764,109.76100000000001,1.45,1.5
30.08.2021 00:42:51.351,109.765,109.76100000000001,4.54,1
30.08.2021 00:43:01.012,109.76299999999999,109.76100000000001,1,1.25
30.08.2021 00:43:01.063,109.76299999999999,109.758,1.2,1.2
30.08.2021 00:43:01.164,109.76100000000001,109.757,1.95,1.76
30.08.2021 00:43:01.266,109.76100000000001,109.758,1,1.1
30.08.2021 00:43:01.518,109.76200000000001,109.759,1.2,1.25
30.08.2021 00:43:02.817,109.76100000000001,109.758,1,1.01
30.08.2021 00:43:02.918,109.76100000000001,109.759,1,1
30.08.2021 00:43:03.020,109.76200000000001,109.759,1,1.1
30.08.2021 00:43:03.172,109.76100000000001,109.758,1,1.01
30.08.2021 00:43:03.274,109.76200000000001,109.757,1,1.82
30.08.2021 00:43:03.425,109.76200000000001,109.757,1.25,1.1
30.08.2021 00:43:03.577,109.76100000000001,109.757,2.14,2.51
30.08.2021 00:43:03.679,109.76100000000001,109.757,3.85,1
30.08.2021 00:43:03.781,109.76100000000001,109.758,1.2,1
30.08.2021 00:43:03.933,109.76100000000001,109.757,2.14,1.2
30.08.2021 00:43:04.034,109.76100000000001,109.757,2.29,1
30.08.2021 00:43:04.187,109.76200000000001,109.758,1,1
30.08.2021 00:43:04.389,109.76299999999999,109.76,1.39,1
30.08.2021 00:43:07.941,109.764,109.76,2.14,1.2
30.08.2021 00:43:17.986,109.764,109.76,1.95,2.2
30.08.2021 00:43:18.138,109.765,109.76,2.14,5.22
30.08.2021 00:43:18.190,109.766,109.76299999999999,1.2,1.25
30.08.2021 00:43:18.292,109.768,109.764,1.99,1.5
30.08.2021 00:43:18.394,109.769,109.764,3.47,1.57
30.08.2021 00:43:26.304,109.77,109.765,3.1,1
30.08.2021 00:43:26.405,109.773,109.769,1,2.91
30.08.2021 00:43:26.506,109.774,109.77,1.25,1.57
30.08.2021 00:43:29.844,109.774,109.77,1.41,1.69
30.08.2021 00:43:31.776,109.772,109.769,1.01,1
30.08.2021 00:43:31.928,109.771,109.76700000000001,1.1,3.1
30.08.2021 00:43:32.079,109.77,109.76700000000001,1.1,1.25
30.08.2021 00:43:32.181,109.77,109.766,1.57,2.14
30.08.2021 00:43:32.282,109.771,109.765,3.16,1.5
30.08.2021 00:43:34.338,109.77,109.764,1.76,1.2
30.08.2021 00:43:34.691,109.769,109.765,2.16,1
30.08.2021 00:43:41.359,109.769,109.765,2.14,1.1
30.08.2021 00:43:42.793,109.768,109.764,2.14,1.57
30.08.2021 00:44:00.153,109.76700000000001,109.764,1,1.1
30.08.2021 00:44:01.150,109.768,109.764,1.76,1.57
30.08.2021 00:44:02.153,109.76700000000001,109.764,1,1.1
30.08.2021 00:44:03.154,109.768,109.764,1.39,1.57
30.08.2021 00:44:03.531,109.76700000000001,109.764,1.25,1.1
30.08.2021 00:44:03.632,109.768,109.764,1.39,1.1
30.08.2021 00:44:04.144,109.76700000000001,109.764,1,1.1
30.08.2021 00:44:04.296,109.765,109.76100000000001,1,6.36
30.08.2021 00:44:05.253,109.765,109.76,3.14,3.47
30.08.2021 00:44:05.617,109.765,109.76,4.6,1.57
30.08.2021 00:44:05.872,109.764,109.759,1,1.1
30.08.2021 00:44:07.012,109.76299999999999,109.759,2.7,1.76
30.08.2021 00:44:13.241,109.76299999999999,109.76,1.95,1
30.08.2021 00:44:14.241,109.76299999999999,109.759,1.95,1.76
30.08.2021 00:44:15.505,109.764,109.759,1.2,1
30.08.2021 00:44:16.253,109.76200000000001,109.759,1,1.01
30.08.2021 00:44:17.416,109.76299999999999,109.76,1,1.1
30.08.2021 00:44:17.619,109.76200000000001,109.758,2.14,1.1
30.08.2021 00:44:17.909,109.76100000000001,109.757,1.2,2.32
30.08.2021 00:44:17.960,109.76200000000001,109.758,1.95,1.82
30.08.2021 00:44:18.436,109.76100000000001,109.757,1,3.06
30.08.2021 00:44:18.537,109.76,109.757,1,1.01
30.08.2021 00:44:21.345,109.76100000000001,109.757,1,1.97
30.08.2021 00:44:21.692,109.76299999999999,109.759,1.69,1.97
30.08.2021 00:44:21.996,109.764,109.76,1,1.1
30.08.2021 00:44:22.299,109.764,109.76,1.69,1.97
30.08.2021 00:44:22.401,109.764,109.76,2.14,1.57
30.08.2021 00:44:23.385,109.765,109.759,1.25,1.22
30.08.2021 00:44:25.312,109.76299999999999,109.759,1,3.66
30.08.2021 00:44:26.331,109.764,109.76,1.39,1.1
30.08.2021 00:44:26.432,109.764,109.76,1.25,1.22
30.08.2021 00:44:26.583,109.764,109.76,1.39,1.1
30.08.2021 00:44:26.684,109.765,109.759,1.25,1.22
30.08.2021 00:44:27.007,109.764,109.76,1.39,1.1
30.08.2021 00:44:27.159,109.764,109.76,1.25,1.22
30.08.2021 00:44:27.311,109.764,109.76,1.39,1.1
30.08.2021 00:44:28.324,109.764,109.76100000000001,1.25,1.1
30.08.2021 00:44:29.448,109.76299999999999,109.76,1.25,1.1
30.08.2021 00:44:31.369,109.76200000000001,109.759,1,1.97
30.08.2021 00:44:31.520,109.76200000000001,109.759,1,1.57
30.08.2021 00:44:45.380,109.76200000000001,109.758,2.16,1.2
30.08.2021 00:44:45.490,109.76100000000001,109.757,1.22,1.5
30.08.2021 00:44:48.696,109.76,109.756,2.35,1.5
30.08.2021 00:44:48.848,109.759,109.755,2.97,1.5
30.08.2021 00:44:51.583,109.758,109.754,1.76,1.95
30.08.2021 00:44:52.171,109.759,109.754,1.01,1
30.08.2021 00:44:56.069,109.758,109.754,1.57,2.14
30.08.2021 00:44:56.170,109.757,109.754,1.1,1
30.08.2021 00:45:02.198,109.754,109.751,1.1,2.25
30.08.2021 00:45:02.299,109.754,109.75,1.1,3.34
30.08.2021 00:45:02.501,109.751,109.74799999999999,2.89,3.82
30.08.2021 00:45:02.602,109.75,109.74700000000001,1.2,1.25
30.08.2021 00:45:02.754,109.751,109.74700000000001,1.2,1.76
30.08.2021 00:45:02.855,109.75200000000001,109.74799999999999,2.29,1
30.08.2021 00:45:03.595,109.751,109.74700000000001,1.2,1.01
30.08.2021 00:45:04.578,109.75200000000001,109.74799999999999,2.85,1
30.08.2021 00:45:05.571,109.751,109.74700000000001,1.2,1.01
30.08.2021 00:45:06.699,109.751,109.74700000000001,1.2,1.82
30.08.2021 00:45:07.058,109.75200000000001,109.74799999999999,2.7,1.01
30.08.2021 00:45:07.383,109.75200000000001,109.74799999999999,1,2.22
30.08.2021 00:45:07.484,109.754,109.75,2.1,1.69
30.08.2021 00:45:09.870,109.751,109.749,1,1
30.08.2021 00:45:09.971,109.751,109.74700000000001,1.2,1.39
30.08.2021 00:45:11.333,109.75200000000001,109.74799999999999,1.2,1.76
30.08.2021 00:45:11.434,109.753,109.749,2.55,1
30.08.2021 00:45:12.056,109.753,109.75,1.2,1.25
30.08.2021 00:45:14.024,109.753,109.75,1.2,1.75
30.08.2021 00:45:14.126,109.754,109.75200000000001,1.95,1.25
30.08.2021 00:45:14.227,109.757,109.753,2.4,2.51
30.08.2021 00:45:14.328,109.757,109.754,1,1.76
30.08.2021 00:45:14.581,109.758,109.755,1.57,1
30.08.2021 00:45:14.682,109.758,109.754,1.95,1.57
30.08.2021 00:45:15.620,109.758,109.754,3.04,1.5
30.08.2021 00:45:15.671,109.755,109.75200000000001,1,2.51
30.08.2021 00:45:15.772,109.755,109.753,1,1.25
30.08.2021 00:45:18.247,109.755,109.75200000000001,3.22,1.25
30.08.2021 00:45:19.709,109.753,109.75200000000001,1,1.25
30.08.2021 00:45:20.673,109.754,109.75200000000001,1.57,1.25
30.08.2021 00:45:22.577,109.754,109.751,1.95,1.25
30.08.2021 00:45:22.679,109.754,109.75,1.95,2.89
30.08.2021 00:45:22.785,109.754,109.75,2.1,2.44
30.08.2021 00:45:23.137,109.755,109.751,3.45,2.57
30.08.2021 00:45:26.183,109.754,109.751,1,1.82
30.08.2021 00:45:32.711,109.754,109.751,1,1.76
30.08.2021 00:45:32.812,109.756,109.75200000000001,2.7,2.51
30.08.2021 00:45:32.913,109.756,109.753,1,1.76
30.08.2021 00:45:37.982,109.757,109.753,1.95,2.51
30.08.2021 00:45:39.766,109.757,109.754,1.2,1
30.08.2021 00:45:41.964,109.757,109.753,2.7,2.89
30.08.2021 00:45:42.726,109.757,109.753,2.1,2.44
30.08.2021 00:45:45.863,109.755,109.751,1,2.44
30.08.2021 00:45:45.964,109.754,109.751,1.95,1
30.08.2021 00:45:46.116,109.754,109.75,3.04,1
30.08.2021 00:45:46.318,109.75200000000001,109.749,1.2,1.69
30.08.2021 00:45:46.419,109.75200000000001,109.749,1.6,1.69
30.08.2021 00:45:46.571,109.751,109.74799999999999,1.2,1.69
30.08.2021 00:45:46.723,109.751,109.74600000000001,1.39,1
30.08.2021 00:45:46.825,109.74799999999999,109.745,2.2,1
30.08.2021 00:45:46.926,109.74600000000001,109.742,2.95,1.1
30.08.2021 00:45:47.330,109.74600000000001,109.742,1.2,1.76
30.08.2021 00:45:47.543,109.745,109.742,1.2,1.5
30.08.2021 00:45:49.006,109.74600000000001,109.742,1.1,1.95
30.08.2021 00:45:49.879,109.74600000000001,109.741,1.1,1
30.08.2021 00:45:49.980,109.745,109.741,1.01,1.95
30.08.2021 00:45:51.187,109.745,109.741,1.82,1.95
30.08.2021 00:45:51.288,109.745,109.742,1.82,1
30.08.2021 00:45:53.287,109.744,109.741,1.45,1
30.08.2021 00:45:53.999,109.745,109.741,2.35,1.5
30.08.2021 00:45:59.283,109.744,109.74000000000001,1.25,1
30.08.2021 00:45:59.384,109.741,109.738,1,2.7
30.08.2021 00:45:59.485,109.74000000000001,109.736,12.26,1.7
30.08.2021 00:45:59.536,109.73700000000001,109.735,6.32,1.5
30.08.2021 00:45:59.587,109.735,109.73200000000001,1.25,3.9
30.08.2021 00:45:59.689,109.735,109.73200000000001,1.69,1.6
30.08.2021 00:45:59.790,109.735,109.73200000000001,1.69,1.2
30.08.2021 00:46:00.643,109.735,109.73100000000001,1.1,1.39
30.08.2021 00:46:02.726,109.735,109.73100000000001,3.04,1
30.08.2021 00:46:03.316,109.735,109.73100000000001,1.2,1.25
30.08.2021 00:46:03.494,109.735,109.73100000000001,1.6,1.25
30.08.2021 00:46:07.634,109.736,109.73200000000001,2.89,1.57
30.08.2021 00:46:07.736,109.736,109.73200000000001,2.2,1.57
30.08.2021 00:46:07.988,109.736,109.73200000000001,1.39,1.57
30.08.2021 00:46:08.089,109.73700000000001,109.73299999999999,2.95,1
30.08.2021 00:46:09.143,109.736,109.73200000000001,1.39,1.5
30.08.2021 00:46:14.385,109.73700000000001,109.734,1.39,1
30.08.2021 00:46:14.486,109.738,109.735,2.35,1
30.08.2021 00:46:14.638,109.738,109.734,2.95,1.2
30.08.2021 00:46:16.085,109.73700000000001,109.73299999999999,1.39,1.95
30.08.2021 00:46:16.186,109.73700000000001,109.73299999999999,3.32,1.95
30.08.2021 00:46:16.388,109.735,109.73200000000001,2.14,1
30.08.2021 00:46:16.489,109.734,109.73200000000001,1.25,1
30.08.2021 00:46:16.590,109.736,109.73200000000001,2.72,1.5
30.08.2021 00:46:18.099,109.735,109.73100000000001,1.85,1.5
30.08.2021 00:46:20.119,109.734,109.73100000000001,1.45,1.5
30.08.2021 00:46:22.754,109.735,109.73100000000001,2.72,1.5
30.08.2021 00:46:22.964,109.734,109.73100000000001,1.45,1.5
30.08.2021 00:46:24.151,109.735,109.73100000000001,2.2,1.95
30.08.2021 00:46:24.354,109.736,109.73200000000001,1.39,1
30.08.2021 00:46:24.556,109.736,109.73299999999999,1.39,1
30.08.2021 00:46:29.121,109.738,109.73299999999999,4.97,1
30.08.2021 00:46:29.222,109.738,109.734,2.95,1.95
30.08.2021 00:46:29.424,109.736,109.734,1.25,1.95
30.08.2021 00:46:29.525,109.73700000000001,109.734,2.14,1
30.08.2021 00:46:29.627,109.736,109.734,1.39,1
30.08.2021 00:46:29.829,109.736,109.73299999999999,1.39,1
30.08.2021 00:46:32.936,109.738,109.734,2.94,2.1
30.08.2021 00:46:33.037,109.739,109.735,2.44,2.1
30.08.2021 00:46:33.139,109.739,109.73700000000001,1.69,1
30.08.2021 00:46:34.435,109.738,109.736,1.25,1.2
30.08.2021 00:46:34.536,109.739,109.736,1.69,1.2
30.08.2021 00:46:38.431,109.74000000000001,109.73700000000001,1,1.95
30.08.2021 00:46:38.481,109.741,109.739,1.25,1
30.08.2021 00:46:41.067,109.741,109.73700000000001,1.39,1.95
30.08.2021 00:46:43.443,109.741,109.73700000000001,2.95,1.2
30.08.2021 00:46:44.822,109.741,109.73700000000001,2.14,1.2
30.08.2021 00:46:45.281,109.741,109.73700000000001,6.56,1
30.08.2021 00:46:45.383,109.74000000000001,109.736,3.29,1.5
30.08.2021 00:46:45.484,109.74000000000001,109.736,2.54,1.5
30.08.2021 00:46:46.249,109.74000000000001,109.734,1.41,1
30.08.2021 00:46:46.861,109.739,109.73700000000001,1.1,1
30.08.2021 00:46:47.303,109.739,109.736,1.01,1
30.08.2021 00:46:47.535,109.738,109.735,1,1.39
30.08.2021 00:46:52.416,109.73700000000001,109.734,2.7,1.5
30.08.2021 00:46:52.518,109.73700000000001,109.73299999999999,5.1,1.25
30.08.2021 00:46:52.621,109.736,109.73299999999999,2.2,1
30.08.2021 00:46:57.188,109.736,109.73200000000001,3.47,1
30.08.2021 00:47:03.471,109.736,109.73299999999999,1.01,1
30.08.2021 00:47:14.171,109.736,109.73299999999999,1.45,1
30.08.2021 00:47:15.458,109.736,109.73200000000001,2.35,1.5
30.08.2021 00:47:17.410,109.735,109.73100000000001,3.64,1.95
30.08.2021 00:47:17.512,109.735,109.73100000000001,4.6,1.5
30.08.2021 00:47:18.795,109.73100000000001,109.728,1.57,4.2
30.08.2021 00:47:18.897,109.729,109.728,1.25,1.95
30.08.2021 00:47:18.999,109.729,109.726,2.2,1
30.08.2021 00:47:20.490,109.729,109.72500000000001,3.1,1
30.08.2021 00:47:21.639,109.729,109.726,2.35,1
30.08.2021 00:47:21.740,109.729,109.726,1.75,1
30.08.2021 00:47:22.857,109.729,109.727,1.25,1
30.08.2021 00:47:27.401,109.73100000000001,109.727,3.64,1.95
30.08.2021 00:47:27.553,109.73200000000001,109.729,3.24,1
30.08.2021 00:47:27.654,109.73200000000001,109.728,1.64,1.57
30.08.2021 00:47:29.405,109.73299999999999,109.729,2.54,1.5
30.08.2021 00:47:29.506,109.73299999999999,109.73100000000001,1.64,1
30.08.2021 00:47:29.607,109.734,109.73100000000001,2.2,1
30.08.2021 00:47:30.597,109.734,109.73,3.66,1
30.08.2021 00:47:31.613,109.734,109.73100000000001,2.54,1
30.08.2021 00:47:32.612,109.734,109.73,3.29,1
30.08.2021 00:47:33.624,109.734,109.73100000000001,4.41,1
30.08.2021 00:47:34.626,109.734,109.73,3.29,1
30.08.2021 00:47:34.727,109.734,109.729,1.94,1
30.08.2021 00:47:34.981,109.73200000000001,109.728,3.1,1.5
30.08.2021 00:47:35.082,109.73100000000001,109.728,3.79,1
30.08.2021 00:47:35.390,109.73100000000001,109.728,2.14,1
30.08.2021 00:47:35.509,109.73200000000001,109.729,1.85,1
30.08.2021 00:47:35.927,109.73299999999999,109.728,1.39,1
30.08.2021 00:47:37.627,109.73200000000001,109.73,1.39,1
30.08.2021 00:47:37.830,109.73200000000001,109.73100000000001,1.25,1
30.08.2021 00:47:38.645,109.73299999999999,109.73,1.64,1
30.08.2021 00:47:39.636,109.73299999999999,109.73100000000001,1.64,1
30.08.2021 00:47:40.880,109.73299999999999,109.73,2.1,1
30.08.2021 00:47:43.831,109.73100000000001,109.728,2.85,1
30.08.2021 00:47:43.932,109.73100000000001,109.726,1.2,1.5
30.08.2021 00:47:46.390,109.73,109.727,2.37,1.5
30.08.2021 00:47:54.266,109.73200000000001,109.728,1.62,1.95
30.08.2021 00:47:54.367,109.73200000000001,109.73,1.45,1
30.08.2021 00:47:54.671,109.73200000000001,109.73,3.07,1
30.08.2021 00:47:54.823,109.73100000000001,109.729,1.45,1.5
30.08.2021 00:47:55.144,109.73200000000001,109.729,1.85,1.5
30.08.2021 00:47:57.252,109.73200000000001,109.729,1.39,1.5
30.08.2021 00:48:00.090,109.73100000000001,109.729,1.39,1.5
30.08.2021 00:48:00.191,109.73,109.728,2.14,1
30.08.2021 00:48:00.293,109.73100000000001,109.728,1.39,1.5
30.08.2021 00:48:00.394,109.73100000000001,109.729,1.39,1
30.08.2021 00:48:00.496,109.73299999999999,109.729,2.1,1
30.08.2021 00:48:00.749,109.73200000000001,109.73,1.64,1
30.08.2021 00:48:02.014,109.73299999999999,109.73,2.54,1
30.08.2021 00:48:02.127,109.73200000000001,109.73,1.64,1
30.08.2021 00:48:02.656,109.73100000000001,109.728,1.64,1
30.08.2021 00:48:02.809,109.73,109.728,1.94,1
30.08.2021 00:48:02.911,109.73,109.727,2.54,1
30.08.2021 00:48:05.312,109.73100000000001,109.728,5.29,1
30.08.2021 00:48:05.413,109.73100000000001,109.728,2.14,1
30.08.2021 00:48:05.514,109.73200000000001,109.729,2.16,1
30.08.2021 00:48:05.616,109.73200000000001,109.728,4.54,1.5
30.08.2021 00:48:06.074,109.73200000000001,109.728,1.41,1
30.08.2021 00:48:07.410,109.734,109.729,2.16,1
30.08.2021 00:48:08.409,109.73299999999999,109.728,2.16,3.34
30.08.2021 00:48:08.460,109.734,109.73100000000001,2.91,1
30.08.2021 00:48:08.663,109.734,109.73,2.16,1
30.08.2021 00:48:11.447,109.734,109.73200000000001,1.69,1
30.08.2021 00:48:12.049,109.73200000000001,109.728,2.54,3.82
30.08.2021 00:48:15.973,109.73100000000001,109.728,2.54,1
30.08.2021 00:48:16.939,109.73100000000001,109.728,3.91,1
30.08.2021 00:48:17.937,109.73100000000001,109.727,1.41,1
30.08.2021 00:48:18.053,109.73,109.726,2.41,1.5
30.08.2021 00:48:18.205,109.73,109.726,2.54,1.5
30.08.2021 00:48:18.930,109.73,109.726,2.41,1.5
30.08.2021 00:48:19.032,109.73,109.727,1.66,1
30.08.2021 00:48:19.361,109.73200000000001,109.726,2.71,1
30.08.2021 00:48:19.514,109.73100000000001,109.728,1.41,1
30.08.2021 00:48:19.616,109.73200000000001,109.728,3.33,1.5
30.08.2021 00:48:19.921,109.73200000000001,109.728,3.29,1.5
30.08.2021 00:48:20.226,109.73200000000001,109.728,7.21,1
30.08.2021 00:48:20.391,109.73200000000001,109.728,5.71,1.5
30.08.2021 00:48:24.566,109.73200000000001,109.729,1,1
30.08.2021 00:48:24.667,109.73200000000001,109.73,1,1
30.08.2021 00:48:24.768,109.734,109.73100000000001,2.16,1
30.08.2021 00:48:31.027,109.735,109.729,4.04,1
30.08.2021 00:48:31.143,109.73299999999999,109.729,1.41,1.5
30.08.2021 00:48:31.348,109.73299999999999,109.729,2.54,1.5
30.08.2021 00:48:31.601,109.73100000000001,109.728,1.47,1.5
30.08.2021 00:48:31.754,109.73,109.727,2.16,1
30.08.2021 00:48:33.047,109.729,109.726,1.41,1.5
30.08.2021 00:48:34.081,109.729,109.726,1.01,1.5
30.08.2021 00:48:35.056,109.729,109.726,1.41,1.5
30.08.2021 00:48:37.074,109.728,109.72500000000001,1.01,1
30.08.2021 00:48:37.457,109.728,109.72500000000001,1.41,1
30.08.2021 00:48:41.096,109.727,109.724,1.01,1.5
30.08.2021 00:48:41.298,109.727,109.724,1.41,1.5
30.08.2021 00:48:44.657,109.727,109.724,2.29,1
30.08.2021 00:48:44.758,109.726,109.723,1.85,1.5
30.08.2021 00:48:44.809,109.72500000000001,109.721,3.41,2.25
30.08.2021 00:48:44.910,109.72500000000001,109.721,2.89,2.32
30.08.2021 00:48:45.011,109.724,109.721,1.25,1.57
30.08.2021 00:48:45.338,109.72500000000001,109.72,2.16,1
30.08.2021 00:48:45.439,109.724,109.721,1.76,1
30.08.2021 00:48:45.540,109.72500000000001,109.72200000000001,2.16,1
30.08.2021 00:48:45.641,109.72500000000001,109.72200000000001,1.76,1
30.08.2021 00:48:46.541,109.724,109.72200000000001,1.01,1
30.08.2021 00:48:49.717,109.72500000000001,109.721,3.47,1
30.08.2021 00:48:50.002,109.72500000000001,109.721,3.47,1.5
30.08.2021 00:48:56.882,109.724,109.721,1.35,1.5
30.08.2021 00:48:58.752,109.724,109.72,2.6,1.5
30.08.2021 00:49:02.250,109.723,109.72,2.16,1
30.08.2021 00:49:02.351,109.723,109.72,1.39,1.5
30.08.2021 00:49:05.893,109.723,109.72,2.6,1
30.08.2021 00:49:09.439,109.72,109.71700000000001,1.1,6.7
30.08.2021 00:49:09.540,109.72,109.71700000000001,1.76,1.2
30.08.2021 00:49:10.535,109.721,109.71799999999999,1.25,1
30.08.2021 00:49:11.051,109.72200000000001,109.719,1,1.1
30.08.2021 00:49:11.152,109.723,109.719,2.14,1.57
30.08.2021 00:49:13.501,109.72200000000001,109.719,1.25,1.95
30.08.2021 00:49:13.602,109.721,109.719,1,1
30.08.2021 00:49:13.704,109.723,109.719,3.04,1
30.08.2021 00:49:13.805,109.724,109.71799999999999,2.14,1.1
30.08.2021 00:49:13.917,109.723,109.719,2.16,1
30.08.2021 00:49:14.218,109.723,109.719,2.14,1.1
30.08.2021 00:49:15.348,109.72200000000001,109.71799999999999,1,2.16
30.08.2021 00:49:17.082,109.721,109.71799999999999,1.2,1.69
30.08.2021 00:49:17.234,109.72200000000001,109.719,1.39,1
30.08.2021 00:49:17.335,109.72200000000001,109.71799999999999,2.14,2.51
30.08.2021 00:49:18.562,109.72200000000001,109.71799999999999,1.85,2.44
30.08.2021 00:49:19.695,109.72200000000001,109.71799999999999,1.39,2.51
30.08.2021 00:49:19.897,109.723,109.719,5.1,1.25
30.08.2021 00:49:20.049,109.723,109.72,2.85,1.25
30.08.2021 00:49:20.150,109.724,109.72,1.5,3.1
30.08.2021 00:49:23.617,109.727,109.723,3.26,1.39
30.08.2021 00:49:23.719,109.728,109.724,1.76,2.14
30.08.2021 00:49:23.820,109.728,109.72500000000001,1.01,1
30.08.2021 00:49:29.740,109.729,109.72500000000001,1,4.6
30.08.2021 00:49:29.841,109.729,109.727,1,1
30.08.2021 00:49:29.942,109.73,109.727,1.25,1
30.08.2021 00:49:30.452,109.73,109.726,1.25,2.14
30.08.2021 00:49:30.711,109.73,109.726,2.29,1.69
30.08.2021 00:49:32.457,109.728,109.72500000000001,1,1.39
30.08.2021 00:49:44.546,109.727,109.724,1.39,1
30.08.2021 00:49:44.999,109.727,109.723,3.85,1
30.08.2021 00:49:45.201,109.728,109.72200000000001,3.85,1
30.08.2021 00:49:45.302,109.726,109.72200000000001,1.85,1.69
30.08.2021 00:49:45.555,109.727,109.723,3.12,1.25
30.08.2021 00:49:45.656,109.728,109.72200000000001,1.69,1.39
30.08.2021 00:49:46.713,109.727,109.723,1.85,1.69
30.08.2021 00:49:48.581,109.726,109.721,1.2,1.25
30.08.2021 00:49:49.776,109.726,109.723,1.33,1.25
30.08.2021 00:49:54.015,109.728,109.72500000000001,3.22,1
30.08.2021 00:49:54.117,109.728,109.72500000000001,2.32,1.25
30.08.2021 00:49:54.600,109.729,109.72500000000001,1.76,2.14
30.08.2021 00:49:56.966,109.73100000000001,109.728,1.81,1.2
30.08.2021 00:49:57.016,109.73299999999999,109.729,2.57,1.2
30.08.2021 00:49:57.118,109.734,109.73200000000001,1.1,1
30.08.2021 00:49:57.219,109.735,109.73100000000001,1.85,1.69
30.08.2021 00:50:03.059,109.736,109.73200000000001,1.5,2.16
30.08.2021 00:50:03.363,109.736,109.73200000000001,1.39,2.77
30.08.2021 00:50:03.910,109.736,109.73200000000001,3.89,1.57
30.08.2021 00:50:04.011,109.73700000000001,109.73200000000001,1.57,1
30.08.2021 00:50:04.163,109.73700000000001,109.73299999999999,3.07,1.01
30.08.2021 00:50:06.717,109.73700000000001,109.73299999999999,1.5,2.16
30.08.2021 00:50:06.835,109.738,109.735,1,1.76
30.08.2021 00:50:06.936,109.74000000000001,109.736,3.22,1
30.08.2021 00:50:07.748,109.738,109.736,1.2,1
30.08.2021 00:50:07.850,109.739,109.735,3.97,1
30.08.2021 00:50:09.704,109.738,109.734,1.2,2.51
30.08.2021 00:50:11.726,109.735,109.73299999999999,1,1
30.08.2021 00:50:11.827,109.73700000000001,109.73299999999999,5.85,1
30.08.2021 00:50:11.929,109.735,109.73200000000001,1,1.1
30.08.2021 00:50:15.793,109.735,109.73100000000001,3.22,1.25
30.08.2021 00:50:18.814,109.73299999999999,109.73,1,1.82
30.08.2021 00:50:19.683,109.73299999999999,109.73,1,1.1
30.08.2021 00:50:22.974,109.73299999999999,109.729,1.57,1.76
30.08.2021 00:50:28.518,109.73299999999999,109.73,1.95,1
30.08.2021 00:50:31.442,109.73299999999999,109.73100000000001,1.2,1
30.08.2021 00:50:36.950,109.734,109.73200000000001,1.95,1
30.08.2021 00:50:37.102,109.736,109.73100000000001,1.12,1.76
30.08.2021 00:50:37.203,109.73700000000001,109.73100000000001,1.95,1.76
30.08.2021 00:50:37.876,109.736,109.73299999999999,1.2,1.25
30.08.2021 00:50:37.977,109.738,109.735,2.32,1
30.08.2021 00:50:38.865,109.739,109.73700000000001,1.87,1
30.08.2021 00:50:42.716,109.741,109.736,1.1,1
30.08.2021 00:50:42.919,109.741,109.738,1.57,1
30.08.2021 00:50:43.456,109.741,109.738,3.66,1
30.08.2021 00:50:52.553,109.74000000000001,109.73700000000001,1.45,1.5
30.08.2021 00:50:56.447,109.741,109.73700000000001,3.1,1.5
30.08.2021 00:50:59.317,109.741,109.73700000000001,1.69,1.2
30.08.2021 00:51:00.115,109.741,109.73700000000001,2.29,1
30.08.2021 00:51:01.897,109.742,109.739,3.04,1
30.08.2021 00:51:02.149,109.742,109.73700000000001,2.29,5.21
30.08.2021 00:51:02.301,109.742,109.738,2.54,1
30.08.2021 00:51:02.402,109.743,109.74000000000001,2.66,1
30.08.2021 00:51:02.503,109.741,109.738,1.25,3.15
30.08.2021 00:51:03.210,109.743,109.74000000000001,1.12,1.2
30.08.2021 00:51:03.311,109.745,109.742,1.39,1
30.08.2021 00:51:03.412,109.74600000000001,109.744,1.31,1
30.08.2021 00:51:03.955,109.74799999999999,109.745,3.51,1
30.08.2021 00:51:04.107,109.749,109.745,4.34,1
30.08.2021 00:51:04.208,109.75,109.74700000000001,3.89,1
30.08.2021 00:51:04.562,109.75,109.74700000000001,1.69,1.2
30.08.2021 00:51:05.291,109.751,109.74799999999999,1.5,1
30.08.2021 00:51:06.361,109.75,109.74600000000001,4.04,1
30.08.2021 00:51:06.463,109.749,109.745,3.41,2.7
30.08.2021 00:51:06.564,109.749,109.745,2.51,1.1
30.08.2021 00:51:06.823,109.749,109.74600000000001,1.39,1
30.08.2021 00:51:07.446,109.751,109.74700000000001,2.08,1.1
30.08.2021 00:51:07.548,109.751,109.74700000000001,1.39,1.1
30.08.2021 00:51:07.649,109.751,109.74799999999999,1.39,1
30.08.2021 00:51:09.380,109.75,109.74799999999999,1.5,1
30.08.2021 00:51:09.743,109.75,109.74700000000001,1.64,1
30.08.2021 00:51:11.388,109.75,109.74600000000001,1.5,1
30.08.2021 00:51:11.742,109.75,109.74700000000001,1.64,1
30.08.2021 00:51:15.201,109.749,109.74600000000001,1.64,1.5
30.08.2021 00:51:16.407,109.749,109.745,4.87,1.5
30.08.2021 00:51:17.238,109.74799999999999,109.744,1.39,1.1
30.08.2021 00:51:17.704,109.74799999999999,109.744,2.76,1.1
30.08.2021 00:51:17.924,109.74700000000001,109.744,2.39,1
30.08.2021 00:51:18.406,109.74700000000001,109.745,1.64,1
30.08.2021 00:51:18.576,109.74799999999999,109.745,1.39,1
30.08.2021 00:51:18.727,109.74700000000001,109.745,1.25,1
30.08.2021 00:51:19.398,109.74600000000001,109.745,1.25,1
30.08.2021 00:51:19.499,109.74600000000001,109.744,1.25,1
30.08.2021 00:51:20.502,109.745,109.744,1.25,1
30.08.2021 00:51:20.603,109.74600000000001,109.744,1.39,1
30.08.2021 00:51:21.271,109.745,109.742,1.39,1
30.08.2021 00:51:22.241,109.745,109.743,1.39,1
30.08.2021 00:51:22.343,109.74600000000001,109.743,1.39,1
30.08.2021 00:51:23.441,109.74600000000001,109.743,1.85,1
30.08.2021 00:51:24.303,109.74600000000001,109.743,1.39,1
30.08.2021 00:51:25.307,109.74600000000001,109.743,1.85,1
30.08.2021 00:51:26.197,109.74700000000001,109.742,1.39,1
30.08.2021 00:51:31.353,109.74600000000001,109.744,1.39,1
30.08.2021 00:51:32.357,109.74600000000001,109.743,1.39,1
30.08.2021 00:51:32.459,109.74600000000001,109.743,1.85,1
30.08.2021 00:51:36.198,109.74600000000001,109.743,1.39,1
30.08.2021 00:51:39.863,109.74600000000001,109.743,2.29,1
30.08.2021 00:51:41.862,109.74700000000001,109.744,2.64,1
30.08.2021 00:51:41.963,109.74700000000001,109.744,2.14,1
30.08.2021 00:51:43.099,109.74600000000001,109.744,1.39,1
30.08.2021 00:51:43.250,109.74700000000001,109.744,2.14,1
30.08.2021 00:51:53.313,109.74799999999999,109.745,2.66,1
30.08.2021 00:51:53.414,109.749,109.74600000000001,4.76,1
30.08.2021 00:51:53.674,109.749,109.74600000000001,5.29,1
30.08.2021 00:51:53.877,109.749,109.745,5.37,1
30.08.2021 00:51:54.300,109.749,109.745,1.95,1.01
30.08.2021 00:51:56.851,109.75,109.74700000000001,4.39,1
30.08.2021 00:51:58.520,109.75,109.74600000000001,2.89,1.57
30.08.2021 00:51:58.884,109.75,109.74700000000001,3.26,1
30.08.2021 00:52:00.575,109.75,109.74600000000001,2.89,1.57
30.08.2021 00:52:00.779,109.74799999999999,109.745,2.14,1
30.08.2021 00:52:00.982,109.74700000000001,109.745,1.39,1
30.08.2021 00:52:02.651,109.74799999999999,109.74600000000001,1.1,1
30.08.2021 00:52:02.752,109.75,109.745,4.09,1
30.08.2021 00:52:02.854,109.749,109.74700000000001,1.39,1
30.08.2021 00:52:03.707,109.74799999999999,109.745,1,1.57
30.08.2021 00:52:03.809,109.74700000000001,109.744,1.39,1.5
30.08.2021 00:52:03.910,109.74700000000001,109.741,2.57,2.77
30.08.2021 00:52:04.011,109.74600000000001,109.742,1.39,1.76
30.08.2021 00:52:04.326,109.745,109.742,1,1.01
30.08.2021 00:52:05.583,109.744,109.742,1,1
30.08.2021 00:52:05.735,109.744,109.741,1,1.76
30.08.2021 00:52:05.837,109.744,109.741,3.7,1
30.08.2021 00:52:06.039,109.744,109.741,2.14,1
30.08.2021 00:52:07.254,109.745,109.741,2.14,1.57
30.08.2021 00:52:07.608,109.745,109.741,2.29,1.5
30.08.2021 00:52:11.656,109.742,109.739,1,3.71
30.08.2021 00:52:11.758,109.743,109.74000000000001,3.15,1
30.08.2021 00:52:11.859,109.741,109.739,1,1.01
30.08.2021 00:52:11.961,109.742,109.739,2.25,1.01
30.08.2021 00:52:12.064,109.743,109.738,3.7,1
30.08.2021 00:52:12.166,109.742,109.739,2.7,1
30.08.2021 00:52:13.155,109.74000000000001,109.73700000000001,1.5,1.01
30.08.2021 00:52:13.319,109.74000000000001,109.736,2.95,2.77
30.08.2021 00:52:13.675,109.738,109.736,1,1
30.08.2021 00:52:13.776,109.738,109.735,1,1.76
30.08.2021 00:52:13.878,109.736,109.734,1,1.25
30.08.2021 00:52:13.980,109.735,109.73200000000001,1,2.77
30.08.2021 00:52:16.715,109.734,109.73100000000001,1,1.57
30.08.2021 00:52:17.722,109.735,109.73100000000001,2.89,1.57
30.08.2021 00:52:18.125,109.735,109.73200000000001,1.95,1
30.08.2021 00:52:18.721,109.734,109.73100000000001,1,1.57
30.08.2021 00:52:33.290,109.735,109.73200000000001,1.5,1.1
30.08.2021 00:52:34.361,109.738,109.736,1,1.1
30.08.2021 00:52:34.462,109.74000000000001,109.736,2.89,1.1
30.08.2021 00:52:34.564,109.74000000000001,109.736,1,2.16
30.08.2021 00:52:38.481,109.74000000000001,109.73700000000001,1,1.41
30.08.2021 00:52:38.582,109.741,109.738,1,1.1
30.08.2021 00:52:38.633,109.745,109.74000000000001,5.27,1
30.08.2021 00:52:38.784,109.744,109.741,1.39,1
30.08.2021 00:52:38.936,109.744,109.742,1,1
30.08.2021 00:52:39.413,109.745,109.742,2.14,1
30.08.2021 00:52:50.208,109.744,109.742,1.39,1
30.08.2021 00:52:50.361,109.743,109.741,1.25,1
30.08.2021 00:52:53.674,109.745,109.741,2.14,1.25
30.08.2021 00:52:53.775,109.745,109.742,2.14,1
30.08.2021 00:53:01.042,109.745,109.741,2.29,1
30.08.2021 00:53:01.655,109.743,109.738,1,1.95
30.08.2021 00:53:02.089,109.744,109.74000000000001,2.14,1
30.08.2021 00:53:03.020,109.743,109.74000000000001,1,2.21
30.08.2021 00:53:03.121,109.744,109.741,1.2,1.25
30.08.2021 00:53:03.222,109.744,109.74000000000001,1.2,4.01
30.08.2021 00:53:07.157,109.743,109.74000000000001,1.25,1.57
30.08.2021 00:53:08.180,109.744,109.74000000000001,2.14,1.01
30.08.2021 00:53:14.188,109.743,109.74000000000001,1.25,1.1
30.08.2021 00:53:14.390,109.744,109.74000000000001,2.14,1.01
30.08.2021 00:53:15.131,109.742,109.739,1,2.95
30.08.2021 00:53:16.824,109.742,109.739,1,1.57
30.08.2021 00:53:17.102,109.741,109.739,1,1.1
30.08.2021 00:53:17.203,109.742,109.739,1.25,1.57
30.08.2021 00:53:17.305,109.741,109.739,1,1.1
30.08.2021 00:53:17.407,109.74000000000001,109.738,1.69,1.2
30.08.2021 00:53:17.508,109.74000000000001,109.736,1.69,2.2
30.08.2021 00:53:20.535,109.74000000000001,109.73700000000001,1,1.97
30.08.2021 00:53:24.115,109.739,109.73700000000001,1,1
30.08.2021 00:53:27.196,109.739,109.736,1.69,1.5
30.08.2021 00:53:27.527,109.738,109.736,1,1
30.08.2021 00:53:27.628,109.738,109.735,1,1.95
30.08.2021 00:53:30.374,109.736,109.735,1,1
30.08.2021 00:53:31.282,109.73700000000001,109.735,1,1
30.08.2021 00:53:32.283,109.736,109.734,1,1.95
30.08.2021 00:53:32.384,109.736,109.734,1.25,1.2
30.08.2021 00:53:32.435,109.734,109.73100000000001,1.69,2.2
30.08.2021 00:53:33.942,109.735,109.73100000000001,1.69,1.97
30.08.2021 00:53:34.300,109.734,109.73100000000001,1,1.22
30.08.2021 00:53:34.407,109.734,109.73100000000001,1,1.1
30.08.2021 00:53:36.292,109.73299999999999,109.73100000000001,1,1.1
30.08.2021 00:53:38.686,109.73299999999999,109.73,1.1,1
30.08.2021 00:53:39.497,109.734,109.73,1.57,2.7
30.08.2021 00:53:40.349,109.734,109.729,1,1.57
30.08.2021 00:53:40.906,109.73299999999999,109.729,2.91,1
30.08.2021 00:53:41.318,109.73299999999999,109.73,1.41,1
30.08.2021 00:53:41.419,109.73299999999999,109.73,1.25,1
30.08.2021 00:53:42.367,109.73200000000001,109.729,1.1,1
30.08.2021 00:53:42.840,109.73200000000001,109.728,2.51,2.21
30.08.2021 00:53:43.043,109.73100000000001,109.728,1,1.2
30.08.2021 00:53:43.347,109.73200000000001,109.73,1,1
30.08.2021 00:53:43.449,109.73299999999999,109.73,2.51,1
30.08.2021 00:53:44.355,109.73299999999999,109.728,1.1,1
30.08.2021 00:53:50.415,109.73299999999999,109.73,3.19,1.1
30.08.2021 00:53:53.422,109.73200000000001,109.729,1,1.27
30.08.2021 00:53:57.999,109.73200000000001,109.73,1.25,1
30.08.2021 00:54:01.085,109.73200000000001,109.729,1.25,1.1
30.08.2021 00:54:04.263,109.73,109.727,1,2.06
30.08.2021 00:54:04.364,109.729,109.727,1,1.27
30.08.2021 00:54:05.160,109.729,109.72500000000001,1,4.86
30.08.2021 00:54:05.261,109.727,109.724,1,6.59
30.08.2021 00:54:05.363,109.728,109.724,1.1,3.34
30.08.2021 00:54:05.565,109.726,109.723,1,3.59
30.08.2021 00:54:05.774,109.726,109.723,1,2.32
30.08.2021 00:54:06.583,109.727,109.724,1.01,1
30.08.2021 00:54:07.584,109.726,109.723,1,1.2
30.08.2021 00:54:08.083,109.728,109.724,1.97,1.25
30.08.2021 00:54:08.184,109.72500000000001,109.723,2.81,1.2
30.08.2021 00:54:08.235,109.723,109.719,1.2,5.02
30.08.2021 00:54:08.286,109.721,109.719,1,1.27
30.08.2021 00:54:08.541,109.719,109.71600000000001,1.39,5.7
30.08.2021 00:54:08.592,109.71799999999999,109.71600000000001,1.75,1.57
30.08.2021 00:54:08.694,109.71799999999999,109.714,1.2,2.02
30.08.2021 00:54:08.795,109.71700000000001,109.714,1,2.02
30.08.2021 00:54:09.250,109.71600000000001,109.712,1,1.2
30.08.2021 00:54:09.351,109.714,109.71100000000001,1.01,1
30.08.2021 00:54:09.452,109.714,109.71000000000001,1,1
30.08.2021 00:54:09.554,109.714,109.71100000000001,1.01,1
30.08.2021 00:54:10.161,109.715,109.713,1.1,1
30.08.2021 00:54:10.262,109.71799999999999,109.714,1.31,1
30.08.2021 00:54:10.365,109.71799999999999,109.71600000000001,1.25,1
30.08.2021 00:54:10.466,109.719,109.714,1.25,1
30.08.2021 00:54:10.517,109.719,109.715,2.14,1
30.08.2021 00:54:10.619,109.719,109.715,2.95,1
30.08.2021 00:54:11.478,109.719,109.715,2.14,1
30.08.2021 00:54:12.147,109.721,109.71700000000001,3.9,1.57
30.08.2021 00:54:12.248,109.721,109.71799999999999,1.39,1.1
30.08.2021 00:54:14.293,109.723,109.72,1.84,1
30.08.2021 00:54:15.191,109.72500000000001,109.72,1,1.39
30.08.2021 00:54:16.002,109.724,109.72,2.1,2.44
30.08.2021 00:54:16.103,109.72200000000001,109.72,1,1
30.08.2021 00:54:16.204,109.72,109.71700000000001,1,2.7
30.08.2021 00:54:16.406,109.721,109.71799999999999,1.2,1.25
30.08.2021 00:54:16.508,109.723,109.719,2.1,1.69
30.08.2021 00:54:16.609,109.724,109.71799999999999,1.95,2.14
30.08.2021 00:54:16.861,109.724,109.719,1.2,1
30.08.2021 00:54:17.165,109.724,109.721,1.2,1.25
30.08.2021 00:54:17.266,109.72500000000001,109.721,1.95,2.51
30.08.2021 00:54:17.670,109.72500000000001,109.72,1,2.14
30.08.2021 00:54:18.679,109.72500000000001,109.721,1.95,2.14
30.08.2021 00:54:19.688,109.724,109.721,1.2,1.25
30.08.2021 00:54:19.890,109.724,109.721,1.85,1
30.08.2021 00:54:19.992,109.723,109.719,1.2,2.14
30.08.2021 00:54:20.834,109.723,109.72,1.2,1
30.08.2021 00:54:21.037,109.724,109.721,2.74,1
30.08.2021 00:54:21.526,109.724,109.721,1.95,1
30.08.2021 00:54:21.678,109.724,109.72,2.14,1.2
30.08.2021 00:54:22.735,109.724,109.721,2.14,1
30.08.2021 00:54:23.734,109.724,109.72,2.14,1.2
30.08.2021 00:54:24.808,109.724,109.721,2.14,1
30.08.2021 00:54:25.111,109.724,109.721,2.29,1
30.08.2021 00:54:25.710,109.723,109.719,1.2,2.89
30.08.2021 00:54:26.830,109.72200000000001,109.719,1.25,1.95
30.08.2021 00:54:27.083,109.723,109.71700000000001,2.14,1.95
30.08.2021 00:54:27.134,109.72200000000001,109.72,1.39,1
30.08.2021 00:54:27.236,109.72200000000001,109.719,1.39,1
30.08.2021 00:54:27.489,109.72200000000001,109.72,1.39,1
30.08.2021 00:54:27.692,109.72200000000001,109.71799999999999,2.14,1.95
30.08.2021 00:54:27.794,109.72200000000001,109.719,1.39,1
30.08.2021 00:54:28.115,109.72200000000001,109.72,1.39,1
30.08.2021 00:54:28.775,109.72200000000001,109.719,2.14,1
30.08.2021 00:54:28.876,109.72200000000001,109.71799999999999,2.14,1.95
30.08.2021 00:54:29.876,109.72,109.71700000000001,4.76,1.5
30.08.2021 00:54:29.978,109.719,109.71600000000001,1.25,3.75
30.08.2021 00:54:31.060,109.719,109.71700000000001,1.25,1
30.08.2021 00:54:31.373,109.72,109.71700000000001,2.14,1
30.08.2021 00:54:31.525,109.721,109.71799999999999,2.14,1
30.08.2021 00:54:31.778,109.72200000000001,109.71600000000001,2.14,1.95
30.08.2021 00:54:32.144,109.72,109.71700000000001,1.39,1
30.08.2021 00:54:32.245,109.719,109.71700000000001,1,1
30.08.2021 00:54:33.400,109.72,109.71700000000001,1.39,1.5
30.08.2021 00:54:33.653,109.72200000000001,109.71700000000001,1.25,1.2
30.08.2021 00:54:34.110,109.72,109.71799999999999,1.25,1
30.08.2021 00:54:34.362,109.72200000000001,109.71799999999999,3.41,1.5
30.08.2021 00:54:34.463,109.721,109.71700000000001,1.95,1.2
30.08.2021 00:54:34.618,109.72,109.71600000000001,1.2,2.7
30.08.2021 00:54:34.820,109.72,109.71600000000001,1,2.85
30.08.2021 00:54:35.278,109.72,109.71600000000001,1.2,2.7
30.08.2021 00:54:35.838,109.719,109.71600000000001,1,1.95
30.08.2021 00:54:35.990,109.71799999999999,109.71600000000001,1.25,1
30.08.2021 00:54:36.091,109.71799999999999,109.715,2.14,1.5
