Gmt time,Ask,Bid,AskVolume,BidVolume
03.08.2021 00:00:00.027,109.274,109.271,2.76,1
03.08.2021 00:00:00.128,109.275,109.272,2.01,1
03.08.2021 00:00:00.230,109.27600000000001,109.274,1.95,1
03.08.2021 00:00:00.382,109.27700000000002,109.274,1.01,1.5
03.08.2021 00:00:00.484,109.27799999999999,109.274,1.01,3.07
03.08.2021 00:00:00.586,109.28200000000001,109.279,6.24,1
03.08.2021 00:00:00.942,109.28200000000001,109.27799999999999,2.22,1
03.08.2021 00:00:01.095,109.28200000000001,109.279,1.01,1
03.08.2021 00:00:01.197,109.28200000000001,109.27799999999999,2.41,1.23
03.08.2021 00:00:01.299,109.281,109.279,1.35,1
03.08.2021 00:00:01.350,109.281,109.27700000000002,1.47,1.5
03.08.2021 00:00:01.451,109.281,109.27799999999999,1.26,1
03.08.2021 00:00:01.654,109.281,109.279,1.25,1
03.08.2021 00:00:01.756,109.28200000000001,109.27600000000001,1.35,1.95
03.08.2021 00:00:01.858,109.281,109.27799999999999,1.35,1
03.08.2021 00:00:03.906,109.281,109.27700000000002,1.45,1.1
03.08.2021 00:00:05.005,109.281,109.27799999999999,1.45,1
03.08.2021 00:00:06.374,109.279,109.275,2.89,2.85
03.08.2021 00:00:06.476,109.279,109.275,3.85,1
03.08.2021 00:00:06.628,109.27600000000001,109.273,1,1.22
03.08.2021 00:00:06.730,109.27600000000001,109.273,1.39,1
03.08.2021 00:00:06.831,109.27700000000002,109.272,2.39,1
03.08.2021 00:00:07.349,109.27600000000001,109.272,2.39,1.1
03.08.2021 00:00:09.396,109.275,109.271,2.14,1.57
03.08.2021 00:00:11.138,109.275,109.271,1.69,2.35
03.08.2021 00:00:13.221,109.27600000000001,109.273,2.01,1
03.08.2021 00:00:13.322,109.27600000000001,109.273,1.01,1
03.08.2021 00:00:22.492,109.27799999999999,109.275,2.32,1.25
03.08.2021 00:00:22.593,109.279,109.27600000000001,1.2,1.39
03.08.2021 00:00:22.695,109.279,109.27700000000002,1,1
03.08.2021 00:00:22.745,109.281,109.27700000000002,2.51,1.2
03.08.2021 00:00:24.254,109.281,109.279,1,1
03.08.2021 00:00:24.406,109.28200000000001,109.279,1,1
03.08.2021 00:00:24.507,109.283,109.279,2.02,1.5
03.08.2021 00:00:24.608,109.28200000000001,109.279,1,1
03.08.2021 00:00:24.962,109.283,109.279,1.57,1.5
03.08.2021 00:00:25.114,109.283,109.28,1.25,1
03.08.2021 00:00:28.698,109.285,109.28,1.69,1
03.08.2021 00:00:28.849,109.28399999999999,109.28200000000001,1,1
03.08.2021 00:00:29.348,109.28399999999999,109.281,1,1.5
03.08.2021 00:00:29.550,109.28399999999999,109.28,2.14,2.25
03.08.2021 00:00:29.702,109.28200000000001,109.28,1.69,1.5
03.08.2021 00:00:29.754,109.281,109.27799999999999,1.69,1
03.08.2021 00:00:29.957,109.281,109.27700000000002,1.5,3.07
03.08.2021 00:00:32.896,109.28,109.27700000000002,1,1.2
03.08.2021 00:00:33.098,109.279,109.275,1.25,3.07
03.08.2021 00:00:33.199,109.27799999999999,109.275,1,1.87
03.08.2021 00:00:33.301,109.279,109.273,1.5,1.39
03.08.2021 00:00:33.402,109.27700000000002,109.274,1,1.39
03.08.2021 00:00:34.643,109.275,109.272,1,1.2
03.08.2021 00:00:35.780,109.274,109.272,1,1.2
03.08.2021 00:00:36.144,109.274,109.271,1,1.39
03.08.2021 00:00:39.021,109.274,109.27,1.5,2.14
03.08.2021 00:00:40.425,109.275,109.27,1.5,1
03.08.2021 00:00:42.590,109.274,109.27,1.5,2.51
03.08.2021 00:00:42.857,109.274,109.271,1,1
03.08.2021 00:00:49.796,109.275,109.271,2.14,1.5
03.08.2021 00:00:52.810,109.274,109.271,1,1
03.08.2021 00:00:58.036,109.275,109.27,5.39,1.95
03.08.2021 00:00:58.137,109.275,109.27,2.89,2.14
03.08.2021 00:01:00.714,109.274,109.27,1,2.14
03.08.2021 00:01:26.342,109.274,109.271,1,1
03.08.2021 00:01:26.443,109.274,109.272,1,1.5
03.08.2021 00:01:26.545,109.274,109.271,1,1.95
03.08.2021 00:01:27.028,109.272,109.27,1.25,1
03.08.2021 00:01:27.079,109.271,109.268,3.64,1.5
03.08.2021 00:01:27.180,109.269,109.266,1.69,1.2
03.08.2021 00:01:27.282,109.269,109.265,3.64,1.95
03.08.2021 00:01:28.002,109.268,109.265,1,1.2
03.08.2021 00:01:28.426,109.268,109.264,2.89,2.32
03.08.2021 00:01:28.578,109.265,109.26100000000001,1.75,1.5
03.08.2021 00:01:28.679,109.265,109.26,1.39,1.95
03.08.2021 00:01:28.780,109.264,109.26,2.14,1.1
03.08.2021 00:01:28.881,109.26299999999999,109.26,1,1.1
03.08.2021 00:01:29.900,109.26200000000001,109.259,1.25,1.57
03.08.2021 00:01:30.002,109.259,109.257,1,1.1
03.08.2021 00:01:30.104,109.258,109.256,1,1
03.08.2021 00:01:30.205,109.258,109.255,1.25,1.57
03.08.2021 00:01:31.559,109.258,109.254,2.89,1.95
03.08.2021 00:01:32.069,109.256,109.254,1.69,1
03.08.2021 00:01:32.170,109.256,109.25200000000001,1.39,2.7
03.08.2021 00:01:39.140,109.258,109.256,1.5,1
03.08.2021 00:01:39.242,109.259,109.254,1.25,1.2
03.08.2021 00:01:39.922,109.259,109.255,2.14,1.95
03.08.2021 00:01:40.821,109.259,109.256,1.2,1
03.08.2021 00:01:44.234,109.259,109.257,1.69,1
03.08.2021 00:01:44.386,109.26100000000001,109.257,4.07,1.95
03.08.2021 00:01:44.488,109.26100000000001,109.257,2.89,2.32
03.08.2021 00:01:44.676,109.26100000000001,109.257,2.95,1.57
03.08.2021 00:01:45.682,109.259,109.256,1.39,1
03.08.2021 00:01:45.784,109.256,109.254,1,1.5
03.08.2021 00:01:46.036,109.255,109.25200000000001,1.25,5.02
03.08.2021 00:01:46.138,109.256,109.25200000000001,1.5,3.64
03.08.2021 00:01:46.451,109.256,109.253,1,1
03.08.2021 00:01:46.653,109.258,109.25200000000001,1.69,1
03.08.2021 00:01:46.996,109.257,109.253,1.75,1.5
03.08.2021 00:01:49.977,109.257,109.254,1.25,1.12
03.08.2021 00:01:52.362,109.259,109.256,1,2.32
03.08.2021 00:01:52.464,109.26,109.257,1.2,1
03.08.2021 00:01:54.512,109.258,109.256,1.25,1.5
03.08.2021 00:01:54.767,109.258,109.253,1.39,1.2
03.08.2021 00:01:55.342,109.258,109.25200000000001,2.89,1.2
03.08.2021 00:01:57.039,109.257,109.255,1.69,1
03.08.2021 00:01:58.249,109.255,109.25200000000001,2.95,1.12
03.08.2021 00:01:58.350,109.255,109.251,2.95,3.52
03.08.2021 00:01:58.452,109.255,109.251,1.5,2.47
03.08.2021 00:01:59.479,109.255,109.25200000000001,2.2,1
03.08.2021 00:01:59.581,109.255,109.251,2.2,2.32
03.08.2021 00:01:59.819,109.255,109.25200000000001,1.45,1
03.08.2021 00:02:02.735,109.253,109.249,1.39,3.82
03.08.2021 00:02:02.836,109.25200000000001,109.249,1,1.2
03.08.2021 00:02:03.859,109.251,109.24799999999999,1.69,1.95
03.08.2021 00:02:03.960,109.251,109.24700000000001,2.7,1.2
03.08.2021 00:02:04.011,109.249,109.24600000000001,1.69,1.2
03.08.2021 00:02:13.486,109.24600000000001,109.244,2.14,1
03.08.2021 00:02:13.587,109.244,109.242,1.25,1.95
03.08.2021 00:02:13.689,109.242,109.239,1,1.6
03.08.2021 00:02:13.790,109.244,109.24000000000001,3.7,1.2
03.08.2021 00:02:14.999,109.244,109.239,2.2,1
03.08.2021 00:02:15.101,109.243,109.239,2.95,2.32
03.08.2021 00:02:15.203,109.24000000000001,109.23700000000001,1.45,1
03.08.2021 00:02:15.304,109.239,109.236,1.25,1.95
03.08.2021 00:02:15.406,109.238,109.236,1.39,1
03.08.2021 00:02:16.301,109.239,109.23700000000001,2.95,1
03.08.2021 00:02:18.165,109.242,109.238,6.75,1.1
03.08.2021 00:02:18.267,109.244,109.239,2.14,1
03.08.2021 00:02:18.945,109.244,109.241,2.95,1
03.08.2021 00:02:20.387,109.243,109.24000000000001,1.39,1
03.08.2021 00:02:20.488,109.243,109.24000000000001,2.2,1
03.08.2021 00:02:20.816,109.243,109.238,3.32,3.47
03.08.2021 00:02:20.867,109.239,109.23700000000001,1.25,1.5
03.08.2021 00:02:20.969,109.238,109.23700000000001,1.25,1
03.08.2021 00:02:21.122,109.239,109.234,1.39,1.5
03.08.2021 00:02:25.993,109.238,109.236,1.25,1
03.08.2021 00:02:26.145,109.239,109.236,1.39,1
03.08.2021 00:02:26.397,109.24000000000001,109.236,1.25,2.72
03.08.2021 00:02:26.499,109.242,109.239,2.2,1
03.08.2021 00:02:26.600,109.244,109.24000000000001,5.4,1.57
03.08.2021 00:02:26.853,109.244,109.24000000000001,2.95,1.1
03.08.2021 00:02:27.652,109.244,109.241,2.2,1
03.08.2021 00:02:28.318,109.245,109.24000000000001,2.14,1
03.08.2021 00:02:30.017,109.244,109.242,2.14,1
03.08.2021 00:02:31.436,109.245,109.242,2.14,1
03.08.2021 00:02:31.790,109.245,109.242,2.39,1
03.08.2021 00:02:34.534,109.245,109.241,3.14,1.2
03.08.2021 00:02:38.765,109.245,109.242,1.45,1
03.08.2021 00:02:39.867,109.24600000000001,109.241,1.39,1
03.08.2021 00:02:44.383,109.24799999999999,109.24600000000001,4.12,1
03.08.2021 00:02:44.485,109.25,109.24600000000001,3.49,1
03.08.2021 00:02:44.586,109.25,109.24600000000001,2.7,2.06
03.08.2021 00:02:44.688,109.25,109.24700000000001,1.95,1
03.08.2021 00:02:48.348,109.251,109.24799999999999,3.07,1
03.08.2021 00:02:51.433,109.25200000000001,109.24799999999999,2.51,1.5
03.08.2021 00:02:54.134,109.25200000000001,109.24799999999999,2.29,1.5
03.08.2021 00:02:54.544,109.25200000000001,109.24799999999999,2.14,1.5
03.08.2021 00:02:55.577,109.251,109.24799999999999,1,1.5
03.08.2021 00:03:02.442,109.251,109.24700000000001,2.14,1
03.08.2021 00:03:06.325,109.25200000000001,109.24700000000001,2.14,1
03.08.2021 00:03:09.651,109.253,109.25,1.12,2.25
03.08.2021 00:03:09.752,109.255,109.251,2.55,1.5
03.08.2021 00:03:09.853,109.256,109.25200000000001,3.07,1.5
03.08.2021 00:03:09.955,109.257,109.253,3.71,1
03.08.2021 00:03:10.057,109.256,109.25200000000001,1,1.95
03.08.2021 00:03:14.976,109.256,109.25200000000001,2.39,1.5
03.08.2021 00:03:15.078,109.254,109.251,2.89,1
03.08.2021 00:03:15.179,109.25200000000001,109.24799999999999,2.14,3.45
03.08.2021 00:03:15.281,109.251,109.24799999999999,1.39,1
03.08.2021 00:03:15.383,109.25200000000001,109.24600000000001,1.39,1.5
03.08.2021 00:03:18.302,109.251,109.24600000000001,1.39,1.5
03.08.2021 00:03:23.203,109.249,109.24600000000001,1.39,1.5
03.08.2021 00:03:23.456,109.25,109.24600000000001,2.89,1.5
03.08.2021 00:03:24.367,109.25,109.24700000000001,2.14,1
03.08.2021 00:03:25.858,109.249,109.24700000000001,1.25,1
03.08.2021 00:03:29.497,109.249,109.24600000000001,1.25,1.5
03.08.2021 00:03:42.707,109.251,109.24700000000001,3.7,2.7
03.08.2021 00:03:42.909,109.254,109.25,1.46,1
03.08.2021 00:03:43.011,109.255,109.25200000000001,3.1,1
03.08.2021 00:03:43.163,109.255,109.25200000000001,1.39,1.5
03.08.2021 00:03:43.265,109.255,109.25200000000001,2.2,1.5
03.08.2021 00:03:43.366,109.256,109.25200000000001,3.1,2.25
03.08.2021 00:03:44.166,109.254,109.25200000000001,1.25,1
03.08.2021 00:03:44.318,109.253,109.251,1.25,1.5
03.08.2021 00:03:45.039,109.25200000000001,109.25,1.75,1
03.08.2021 00:03:46.105,109.25200000000001,109.24799999999999,2.5,1.95
03.08.2021 00:03:46.605,109.25200000000001,109.25,2.5,1
03.08.2021 00:03:46.656,109.253,109.251,1.12,1.5
03.08.2021 00:03:46.758,109.256,109.25200000000001,3.04,1
03.08.2021 00:03:46.859,109.255,109.253,2.44,1
03.08.2021 00:03:46.961,109.255,109.25200000000001,1.75,1
03.08.2021 00:03:59.931,109.253,109.25200000000001,1.25,1
03.08.2021 00:04:00.032,109.254,109.25200000000001,1.45,1
03.08.2021 00:04:00.386,109.255,109.25200000000001,3.29,1
03.08.2021 00:04:00.588,109.256,109.251,1.03,1.5
03.08.2021 00:04:00.690,109.257,109.254,1.1,1.5
03.08.2021 00:04:00.791,109.258,109.254,2.14,1.5
03.08.2021 00:04:00.993,109.258,109.255,1.25,1
03.08.2021 00:04:02.157,109.256,109.25200000000001,1.69,3.15
03.08.2021 00:04:02.208,109.255,109.25200000000001,1.94,2.7
03.08.2021 00:04:02.310,109.254,109.251,1.25,1.95
03.08.2021 00:04:02.461,109.253,109.251,1.25,1
03.08.2021 00:04:06.687,109.253,109.25200000000001,1.01,1
03.08.2021 00:04:13.033,109.25200000000001,109.251,1.01,1
03.08.2021 00:04:13.134,109.25200000000001,109.25,2.22,1
03.08.2021 00:04:13.538,109.25,109.24700000000001,1.01,1.5
03.08.2021 00:04:13.949,109.25,109.24700000000001,1.82,1.5
03.08.2021 00:04:17.613,109.25,109.24600000000001,3.7,2.7
03.08.2021 00:04:24.625,109.249,109.24600000000001,2.2,1.5
03.08.2021 00:04:27.245,109.24600000000001,109.243,1.75,1.6
03.08.2021 00:04:27.296,109.245,109.242,1.2,1.95
03.08.2021 00:04:27.397,109.244,109.242,1,1.95
03.08.2021 00:04:27.549,109.244,109.241,1,1.57
03.08.2021 00:04:27.701,109.24700000000001,109.244,1.5,1.2
03.08.2021 00:04:27.802,109.24799999999999,109.245,1.5,1
03.08.2021 00:04:31.452,109.24600000000001,109.243,1.39,2.62
03.08.2021 00:04:31.553,109.245,109.242,1.69,1.95
03.08.2021 00:04:31.655,109.245,109.241,2.44,2.7
03.08.2021 00:04:32.766,109.24600000000001,109.242,3.19,1.95
03.08.2021 00:04:33.482,109.245,109.242,1.25,1
03.08.2021 00:04:33.835,109.245,109.241,1.69,3.45
03.08.2021 00:04:38.238,109.245,109.242,1.69,1
03.08.2021 00:04:40.318,109.24700000000001,109.244,1.5,2.32
03.08.2021 00:04:40.420,109.24799999999999,109.245,1.2,2.51
03.08.2021 00:04:40.521,109.249,109.245,1.2,2.51
03.08.2021 00:04:40.623,109.25,109.24700000000001,3.26,1
03.08.2021 00:04:42.795,109.251,109.24799999999999,1,1.2
03.08.2021 00:04:42.897,109.25200000000001,109.24799999999999,2.32,1.95
03.08.2021 00:04:44.706,109.254,109.251,4.01,1.2
03.08.2021 00:04:44.858,109.255,109.253,1.74,1
03.08.2021 00:04:44.909,109.256,109.254,1.57,1
03.08.2021 00:04:45.010,109.257,109.254,1.69,1
03.08.2021 00:04:48.337,109.257,109.255,1,1
03.08.2021 00:04:48.438,109.259,109.254,1.57,1
03.08.2021 00:04:49.066,109.258,109.255,2.95,1
03.08.2021 00:04:49.168,109.256,109.254,1,1
03.08.2021 00:04:49.270,109.257,109.254,1.1,1
03.08.2021 00:04:50.433,109.258,109.254,1.57,2.89
03.08.2021 00:04:52.689,109.259,109.256,1,1.95
03.08.2021 00:04:52.790,109.26,109.257,1.1,1.25
03.08.2021 00:04:53.780,109.26200000000001,109.258,3.64,1
03.08.2021 00:04:53.933,109.26299999999999,109.26,2.59,1
03.08.2021 00:04:54.086,109.26299999999999,109.259,3.26,2.25
03.08.2021 00:04:55.037,109.264,109.259,1,1
03.08.2021 00:04:56.107,109.26299999999999,109.259,1.5,1.95
03.08.2021 00:04:56.208,109.26299999999999,109.26,1.5,1
03.08.2021 00:05:01.061,109.26299999999999,109.26100000000001,1,1
03.08.2021 00:05:02.548,109.26299999999999,109.26,1,1.5
03.08.2021 00:05:02.902,109.264,109.26,1,1
03.08.2021 00:05:03.053,109.26299999999999,109.26,1,1.5
03.08.2021 00:05:03.205,109.264,109.26100000000001,1.69,1
03.08.2021 00:05:03.898,109.264,109.26,2.89,2.25
03.08.2021 00:05:04.000,109.26299999999999,109.26,1.2,2.25
03.08.2021 00:05:04.152,109.264,109.26100000000001,2.14,1
03.08.2021 00:05:04.399,109.264,109.26,2.29,2.25
03.08.2021 00:05:05.058,109.26299999999999,109.26100000000001,1,1
03.08.2021 00:05:05.365,109.264,109.259,2.14,1.5
03.08.2021 00:05:05.467,109.26299999999999,109.26100000000001,1.5,1
03.08.2021 00:05:06.443,109.26299999999999,109.26,1.2,1.5
03.08.2021 00:05:07.257,109.26299999999999,109.26100000000001,1,1
03.08.2021 00:05:08.181,109.26299999999999,109.26,1,1.95
03.08.2021 00:05:09.441,109.264,109.26,1.25,2.7
03.08.2021 00:05:09.800,109.264,109.26100000000001,1.25,1
03.08.2021 00:05:29.455,109.26200000000001,109.259,1,1.5
03.08.2021 00:05:29.557,109.26200000000001,109.257,1,2.25
03.08.2021 00:05:29.658,109.259,109.256,2.25,1
03.08.2021 00:05:29.760,109.259,109.255,4.01,2.7
03.08.2021 00:05:32.008,109.258,109.255,1,1
03.08.2021 00:05:32.109,109.259,109.255,3.19,1.95
03.08.2021 00:05:32.211,109.26,109.256,3.94,2.7
03.08.2021 00:05:34.641,109.26100000000001,109.259,1.5,1
03.08.2021 00:05:34.743,109.26200000000001,109.259,1,1.69
03.08.2021 00:05:35.566,109.264,109.26100000000001,1,1
03.08.2021 00:05:35.668,109.265,109.26200000000001,4.2,1
03.08.2021 00:05:35.820,109.266,109.26,4.57,1.5
03.08.2021 00:05:35.979,109.264,109.26100000000001,1,1
03.08.2021 00:05:37.131,109.26299999999999,109.26100000000001,1,1
03.08.2021 00:05:37.479,109.26299999999999,109.26,1.5,1.5
03.08.2021 00:05:45.340,109.26299999999999,109.26100000000001,1,1
03.08.2021 00:05:45.549,109.264,109.26100000000001,1.39,1
03.08.2021 00:05:51.548,109.265,109.26100000000001,2.81,2.7
03.08.2021 00:05:51.649,109.265,109.26200000000001,1.31,1
03.08.2021 00:05:52.082,109.265,109.26299999999999,1.31,1
03.08.2021 00:06:01.169,109.26700000000001,109.26299999999999,4.16,1
03.08.2021 00:06:01.270,109.26700000000001,109.26299999999999,3.64,1
03.08.2021 00:06:28.367,109.266,109.26299999999999,1,1
03.08.2021 00:06:28.418,109.268,109.265,1.69,1
03.08.2021 00:06:28.519,109.269,109.266,1,1
03.08.2021 00:06:28.673,109.27,109.266,2.25,1
03.08.2021 00:06:29.170,109.269,109.266,1,1.2
03.08.2021 00:06:32.501,109.27,109.266,1.69,1.95
03.08.2021 00:06:32.602,109.271,109.268,1,1.2
03.08.2021 00:06:32.704,109.272,109.269,1.5,1
03.08.2021 00:06:32.857,109.274,109.272,6.19,1
03.08.2021 00:06:33.010,109.275,109.272,3.37,1
03.08.2021 00:06:36.197,109.273,109.271,1,1.5
03.08.2021 00:06:40.712,109.272,109.271,1,1
03.08.2021 00:06:40.763,109.271,109.268,2.14,1
03.08.2021 00:06:40.865,109.27,109.268,1.2,1
03.08.2021 00:06:40.966,109.27,109.265,1,1.5
03.08.2021 00:06:41.639,109.27,109.266,2.14,2.25
03.08.2021 00:06:43.819,109.27,109.26700000000001,1.25,1
03.08.2021 00:06:44.022,109.27,109.266,1.69,2.7
03.08.2021 00:06:44.240,109.269,109.266,1.25,1.5
03.08.2021 00:06:44.291,109.269,109.26299999999999,4.76,1
03.08.2021 00:06:44.342,109.266,109.26299999999999,1,3.45
03.08.2021 00:06:44.444,109.26299999999999,109.26200000000001,1,1
03.08.2021 00:06:44.494,109.264,109.26,1.5,2.89
03.08.2021 00:06:44.595,109.264,109.26100000000001,1.5,1
03.08.2021 00:06:44.697,109.264,109.26,1.95,3.64
03.08.2021 00:06:46.006,109.26299999999999,109.26,1,1.5
03.08.2021 00:06:46.107,109.264,109.26,4.76,1.5
03.08.2021 00:06:46.948,109.264,109.26200000000001,1,1.5
03.08.2021 00:06:47.049,109.265,109.26299999999999,1,1
03.08.2021 00:06:47.151,109.266,109.264,1,1
03.08.2021 00:06:48.316,109.269,109.26700000000001,2.25,1.64
03.08.2021 00:06:48.418,109.27,109.268,1,1
03.08.2021 00:06:48.621,109.27,109.26700000000001,1,1.25
03.08.2021 00:06:50.538,109.271,109.265,1.95,2.25
03.08.2021 00:06:50.641,109.269,109.266,1,1.5
03.08.2021 00:06:50.743,109.27,109.26700000000001,3.82,1
03.08.2021 00:06:50.947,109.27,109.266,3.07,2.25
03.08.2021 00:06:51.049,109.269,109.266,1,1.5
03.08.2021 00:06:53.079,109.27,109.26700000000001,3.82,1
03.08.2021 00:06:54.561,109.27,109.268,1,1.25
03.08.2021 00:06:54.663,109.27,109.26700000000001,1,2.14
03.08.2021 00:06:54.764,109.271,109.26700000000001,1,2.89
03.08.2021 00:06:56.156,109.271,109.268,1,1
03.08.2021 00:06:57.326,109.271,109.269,1.1,1
03.08.2021 00:06:57.529,109.271,109.268,1.1,1.69
03.08.2021 00:06:58.612,109.27,109.268,1.1,1
03.08.2021 00:06:58.714,109.27,109.26700000000001,1.1,2.44
03.08.2021 00:07:00.856,109.269,109.26700000000001,1.1,1
03.08.2021 00:07:01.065,109.269,109.266,1.1,1
03.08.2021 00:07:04.813,109.26700000000001,109.264,1.1,2.25
03.08.2021 00:07:04.915,109.265,109.264,1,1
03.08.2021 00:07:05.067,109.26700000000001,109.264,3.1,1
03.08.2021 00:07:05.269,109.265,109.26299999999999,1,1
03.08.2021 00:07:05.371,109.266,109.264,1.1,1
03.08.2021 00:07:05.472,109.26700000000001,109.264,1.1,2.25
03.08.2021 00:07:10.291,109.266,109.26299999999999,1.57,1.5
03.08.2021 00:07:13.884,109.265,109.26299999999999,1,1
03.08.2021 00:07:13.985,109.265,109.26200000000001,2.7,2.25
03.08.2021 00:07:14.137,109.265,109.26200000000001,3.1,1
03.08.2021 00:07:15.963,109.26299999999999,109.26100000000001,1.69,1.5
03.08.2021 00:07:39.147,109.264,109.259,1.57,1
03.08.2021 00:07:44.309,109.26100000000001,109.259,1,1.5
03.08.2021 00:07:44.411,109.26,109.257,2.7,1.95
03.08.2021 00:07:44.512,109.259,109.256,1,3.26
03.08.2021 00:07:44.614,109.26,109.258,1.5,1
03.08.2021 00:07:44.715,109.26100000000001,109.258,1.95,1
03.08.2021 00:07:46.412,109.26100000000001,109.259,1,1
03.08.2021 00:07:47.018,109.26200000000001,109.259,2.51,1.5
03.08.2021 00:07:49.863,109.26299999999999,109.26,4.32,1
03.08.2021 00:07:50.403,109.26200000000001,109.258,2.32,2.32
03.08.2021 00:07:51.191,109.26200000000001,109.259,1.57,1
03.08.2021 00:07:55.656,109.26200000000001,109.258,2.32,2.32
03.08.2021 00:07:55.757,109.26200000000001,109.259,1.57,1
03.08.2021 00:07:57.027,109.26299999999999,109.26,2.7,1
03.08.2021 00:07:57.179,109.264,109.26,3.45,2.51
03.08.2021 00:07:57.280,109.264,109.26,2.7,3.32
03.08.2021 00:08:11.017,109.265,109.26,1,2.91
03.08.2021 00:08:11.118,109.265,109.26200000000001,1.5,1.57
03.08.2021 00:08:11.371,109.266,109.26200000000001,2.25,2.72
03.08.2021 00:08:11.524,109.26700000000001,109.26299999999999,3.26,2.32
03.08.2021 00:08:16.247,109.26700000000001,109.26299999999999,1.87,2.72
03.08.2021 00:08:17.208,109.268,109.265,2.4,1.5
03.08.2021 00:08:28.097,109.268,109.265,1,1.57
03.08.2021 00:08:28.199,109.268,109.266,1,1
03.08.2021 00:08:28.300,109.269,109.266,1.5,1.01
03.08.2021 00:08:31.494,109.272,109.269,1.95,1
03.08.2021 00:08:31.596,109.272,109.271,1.5,1.25
03.08.2021 00:08:31.698,109.275,109.273,2.32,1
03.08.2021 00:08:31.800,109.274,109.272,1,1.25
03.08.2021 00:08:32.636,109.275,109.27,2.51,1.5
03.08.2021 00:08:32.687,109.271,109.27,1,1
03.08.2021 00:08:32.738,109.272,109.268,2.7,2.89
03.08.2021 00:08:32.839,109.271,109.268,1.2,1
03.08.2021 00:08:32.988,109.27,109.268,1,1
03.08.2021 00:08:33.089,109.271,109.268,1.2,1
03.08.2021 00:08:37.766,109.271,109.26700000000001,1.95,4.39
03.08.2021 00:08:49.451,109.272,109.268,1.2,3.64
03.08.2021 00:08:50.047,109.273,109.268,1.2,1
03.08.2021 00:08:58.931,109.271,109.268,1.5,1.2
03.08.2021 00:08:59.133,109.27,109.26700000000001,1.2,3.19
03.08.2021 00:08:59.234,109.269,109.26700000000001,1.5,1
03.08.2021 00:08:59.806,109.27,109.26700000000001,1.95,1.25
03.08.2021 00:08:59.908,109.271,109.268,1.57,1.5
03.08.2021 00:09:04.562,109.27,109.26700000000001,1.95,2.25
03.08.2021 00:09:06.033,109.27,109.266,2.7,4.39
03.08.2021 00:09:10.324,109.271,109.27,1.5,1
03.08.2021 00:09:10.375,109.273,109.27,1.2,1.57
03.08.2021 00:09:10.527,109.274,109.271,1,1.76
03.08.2021 00:09:13.028,109.275,109.271,2.89,1.57
03.08.2021 00:09:14.826,109.274,109.271,1,1.57
03.08.2021 00:09:48.134,109.273,109.269,2.14,1
03.08.2021 00:09:48.186,109.27,109.26700000000001,1,4.65
03.08.2021 00:09:50.567,109.27,109.266,2.32,3.45
03.08.2021 00:09:50.668,109.269,109.266,1.1,2.25
03.08.2021 00:09:51.022,109.27,109.266,2.7,2.7
03.08.2021 00:09:52.668,109.268,109.265,1,1.95
03.08.2021 00:09:52.821,109.26700000000001,109.265,1,1
03.08.2021 00:09:52.923,109.266,109.265,1,1
03.08.2021 00:09:53.025,109.266,109.264,1,1
03.08.2021 00:09:53.127,109.266,109.26299999999999,1,2.89
03.08.2021 00:10:10.808,109.266,109.26299999999999,1,3.79
03.08.2021 00:10:12.693,109.26700000000001,109.264,1,2.14
03.08.2021 00:10:13.624,109.26700000000001,109.264,1,2.29
03.08.2021 00:10:30.830,109.26700000000001,109.264,1,2.14
03.08.2021 00:10:44.062,109.26700000000001,109.264,1,2.29
03.08.2021 00:10:46.507,109.268,109.265,2.25,2.14
03.08.2021 00:10:47.946,109.268,109.265,1.5,6.49
03.08.2021 00:10:49.086,109.268,109.265,1.5,2.16
03.08.2021 00:10:51.511,109.268,109.264,2.25,3.26
03.08.2021 00:11:00.132,109.26700000000001,109.264,1,2.14
03.08.2021 00:11:02.834,109.26700000000001,109.264,1,2.29
03.08.2021 00:11:08.489,109.268,109.265,2.25,2.29
03.08.2021 00:11:08.641,109.269,109.26700000000001,1,1.75
03.08.2021 00:11:08.843,109.27,109.26700000000001,1.5,1.01
03.08.2021 00:11:09.450,109.269,109.266,1,2.16
03.08.2021 00:11:18.152,109.269,109.265,2.25,3.64
03.08.2021 00:11:20.398,109.26700000000001,109.265,1,2.14
03.08.2021 00:11:30.433,109.268,109.265,1,2.14
03.08.2021 00:11:43.901,109.264,109.26200000000001,1.5,3.34
03.08.2021 00:11:44.053,109.26299999999999,109.26100000000001,1,1.01
03.08.2021 00:11:44.154,109.264,109.26100000000001,1.5,2.16
03.08.2021 00:11:45.541,109.26299999999999,109.26100000000001,1,2.14
03.08.2021 00:11:46.470,109.26100000000001,109.26,1,1
03.08.2021 00:11:46.521,109.259,109.257,1,4.07
03.08.2021 00:11:46.572,109.26200000000001,109.258,2.32,2.2
03.08.2021 00:11:46.623,109.26100000000001,109.257,1.5,1.25
03.08.2021 00:11:46.825,109.26100000000001,109.258,1.57,1.25
03.08.2021 00:11:48.336,109.26,109.257,1,2.2
03.08.2021 00:11:49.048,109.26100000000001,109.258,1.5,1.45
03.08.2021 00:11:49.154,109.26200000000001,109.259,1.5,1.39
03.08.2021 00:12:04.127,109.26299999999999,109.259,1.57,2.89
03.08.2021 00:12:05.724,109.26299999999999,109.259,1.5,3.79
03.08.2021 00:12:05.826,109.26299999999999,109.26200000000001,1,1.25
03.08.2021 00:12:05.877,109.26700000000001,109.26299999999999,2.02,3.89
03.08.2021 00:12:05.978,109.266,109.26299999999999,1,5.14
03.08.2021 00:12:06.079,109.26700000000001,109.264,1,4.82
03.08.2021 00:12:06.181,109.268,109.264,1.95,5.57
03.08.2021 00:12:07.306,109.266,109.264,1,3
03.08.2021 00:12:07.407,109.26700000000001,109.26200000000001,1,4.01
03.08.2021 00:12:07.559,109.264,109.26100000000001,1.57,1.39
03.08.2021 00:12:07.660,109.26299999999999,109.26100000000001,1.5,1.27
03.08.2021 00:12:07.762,109.26200000000001,109.259,1,3.1
03.08.2021 00:12:07.863,109.26200000000001,109.259,1,1.1
03.08.2021 00:12:10.461,109.26,109.257,1,5.35
03.08.2021 00:12:10.563,109.259,109.256,1,4.1
03.08.2021 00:12:10.664,109.26,109.257,1,1.01
03.08.2021 00:12:12.112,109.26,109.258,1,1
03.08.2021 00:12:12.314,109.26299999999999,109.26,1.2,1
03.08.2021 00:12:12.365,109.26200000000001,109.257,1,1.41
03.08.2021 00:12:12.416,109.26200000000001,109.26,1.2,1
03.08.2021 00:12:12.518,109.26299999999999,109.26100000000001,1,1
03.08.2021 00:12:12.720,109.26100000000001,109.26,1.2,1
03.08.2021 00:12:12.822,109.26100000000001,109.258,1.2,3.25
03.08.2021 00:12:12.923,109.26100000000001,109.258,1.2,1
03.08.2021 00:12:13.791,109.26,109.258,1,1
03.08.2021 00:12:14.305,109.26299999999999,109.259,1.39,1
03.08.2021 00:12:14.408,109.26200000000001,109.26,1.2,1
03.08.2021 00:12:14.611,109.26100000000001,109.259,1,1
03.08.2021 00:12:14.713,109.26100000000001,109.259,1.2,1
03.08.2021 00:12:15.195,109.26299999999999,109.26,3.85,1
03.08.2021 00:12:17.748,109.26200000000001,109.26100000000001,1,1
03.08.2021 00:12:18.464,109.26200000000001,109.26,1.95,1
03.08.2021 00:12:18.565,109.26200000000001,109.259,1,1
03.08.2021 00:12:23.905,109.26100000000001,109.259,1,1
03.08.2021 00:12:33.432,109.26100000000001,109.258,1,1
03.08.2021 00:12:37.316,109.26,109.258,1,1
03.08.2021 00:12:38.126,109.259,109.257,1,1
03.08.2021 00:12:38.227,109.257,109.256,1,1
03.08.2021 00:12:44.297,109.258,109.256,1,1
03.08.2021 00:12:44.399,109.259,109.257,1.95,1
03.08.2021 00:12:51.275,109.259,109.256,2.14,1
03.08.2021 00:12:51.376,109.256,109.253,1,1.22
03.08.2021 00:12:53.666,109.256,109.25200000000001,1,4.01
03.08.2021 00:12:53.823,109.256,109.25200000000001,1,1.25
03.08.2021 00:12:53.874,109.257,109.254,1,1.57
03.08.2021 00:12:57.872,109.257,109.255,1.95,1
03.08.2021 00:12:57.974,109.258,109.255,1.95,1
03.08.2021 00:12:58.795,109.257,109.255,1,1
03.08.2021 00:12:58.896,109.256,109.254,1,1.57
03.08.2021 00:13:12.543,109.256,109.253,1,1.5
03.08.2021 00:13:14.351,109.258,109.25200000000001,2.7,1.5
03.08.2021 00:13:24.433,109.256,109.253,1,1.5
03.08.2021 00:13:37.660,109.255,109.25200000000001,1,1.95
03.08.2021 00:13:38.963,109.256,109.253,1,1
03.08.2021 00:13:39.687,109.255,109.25200000000001,1.1,1.5
03.08.2021 00:13:48.154,109.253,109.25,1.76,3.75
03.08.2021 00:13:48.307,109.25200000000001,109.249,1,1.2
03.08.2021 00:13:48.408,109.253,109.249,2.51,1.95
03.08.2021 00:13:48.509,109.25200000000001,109.24799999999999,2.44,4.35
03.08.2021 00:13:48.907,109.253,109.24700000000001,2.51,4.2
03.08.2021 00:13:49.351,109.251,109.24799999999999,1.76,1
03.08.2021 00:13:50.965,109.251,109.24700000000001,2.51,1.95
03.08.2021 00:13:51.066,109.251,109.24700000000001,2.91,1.5
03.08.2021 00:13:53.686,109.249,109.24600000000001,1.01,1.5
03.08.2021 00:13:56.585,109.25,109.24700000000001,1.57,1.5
03.08.2021 00:13:57.474,109.25,109.24600000000001,2.51,2.7
03.08.2021 00:13:59.356,109.249,109.24600000000001,1,1.95
03.08.2021 00:14:13.572,109.25,109.24600000000001,2.51,2.7
03.08.2021 00:14:13.750,109.251,109.245,2.91,2.25
03.08.2021 00:14:19.795,109.25,109.24600000000001,2.51,2.7
03.08.2021 00:14:26.191,109.249,109.24600000000001,1,1.95
03.08.2021 00:15:00.443,109.249,109.24700000000001,1,1
03.08.2021 00:15:14.267,109.245,109.244,1,2.62
03.08.2021 00:15:14.368,109.24600000000001,109.244,1.57,1
03.08.2021 00:15:15.680,109.24700000000001,109.244,3.26,1.5
03.08.2021 00:15:15.782,109.24600000000001,109.244,1.01,1
03.08.2021 00:15:16.573,109.24600000000001,109.243,1.01,2.25
03.08.2021 00:15:20.118,109.244,109.242,2.51,1
03.08.2021 00:15:20.220,109.244,109.24000000000001,3.26,2.14
03.08.2021 00:15:20.271,109.242,109.239,1,3.7
03.08.2021 00:15:22.205,109.242,109.239,1,2.14
03.08.2021 00:15:23.643,109.243,109.239,1.5,2.29
03.08.2021 00:15:25.243,109.243,109.24000000000001,1,2.29
03.08.2021 00:15:28.686,109.24799999999999,109.245,3.92,1
03.08.2021 00:15:28.788,109.249,109.244,1.57,1.5
03.08.2021 00:15:29.042,109.24799999999999,109.244,2.51,2.7
03.08.2021 00:15:29.144,109.245,109.241,1.69,4.05
03.08.2021 00:15:29.247,109.244,109.241,2.87,1.1
03.08.2021 00:15:29.349,109.243,109.241,1.25,1
03.08.2021 00:15:29.854,109.244,109.241,3.32,1
03.08.2021 00:15:35.253,109.244,109.24000000000001,3.25,1.2
03.08.2021 00:15:39.110,109.244,109.24000000000001,2.44,1.6
03.08.2021 00:15:39.332,109.24600000000001,109.243,1.25,2.7
03.08.2021 00:15:39.434,109.245,109.242,1.69,1.2
03.08.2021 00:15:39.587,109.245,109.241,2.44,1.2
03.08.2021 00:15:39.976,109.244,109.241,1.25,1.2
03.08.2021 00:15:49.364,109.24600000000001,109.243,1.69,1.1
03.08.2021 00:15:50.516,109.245,109.242,1,1.57
03.08.2021 00:15:50.718,109.244,109.241,1,1
03.08.2021 00:15:53.619,109.242,109.24000000000001,1,1
03.08.2021 00:15:53.720,109.242,109.238,1,2.85
03.08.2021 00:16:02.607,109.243,109.239,3,1.95
03.08.2021 00:16:02.997,109.244,109.239,1,1.95
03.08.2021 00:16:03.150,109.24600000000001,109.244,1.1,1.95
03.08.2021 00:16:03.253,109.24799999999999,109.244,2.62,3.64
03.08.2021 00:16:03.355,109.24799999999999,109.245,1.12,1.95
03.08.2021 00:16:03.948,109.24799999999999,109.24600000000001,1,1.2
03.08.2021 00:16:04.050,109.249,109.24600000000001,1,1.2
03.08.2021 00:16:04.706,109.24799999999999,109.24600000000001,1.25,1
03.08.2021 00:16:05.602,109.24799999999999,109.24600000000001,1.25,1
03.08.2021 00:16:11.851,109.24700000000001,109.244,1.25,1.5
03.08.2021 00:16:11.953,109.24600000000001,109.242,1.25,1.5
03.08.2021 00:16:12.054,109.244,109.242,1.69,1
03.08.2021 00:16:33.093,109.245,109.242,1,1
03.08.2021 00:16:34.005,109.245,109.241,1,1
03.08.2021 00:16:34.605,109.244,109.241,1,1.39
03.08.2021 00:16:46.098,109.245,109.242,1.5,4.64
03.08.2021 00:16:46.149,109.249,109.245,5.36,1
03.08.2021 00:16:46.251,109.25,109.245,1.5,1
03.08.2021 00:16:51.605,109.249,109.245,1.5,2.89
03.08.2021 00:16:52.035,109.249,109.245,2.25,3.7
03.08.2021 00:16:52.650,109.24700000000001,109.244,2.25,1.25
03.08.2021 00:16:52.751,109.24600000000001,109.243,1.5,1.69
03.08.2021 00:16:52.852,109.245,109.242,1,2.14
03.08.2021 00:16:54.788,109.24600000000001,109.244,1,1.69
03.08.2021 00:16:54.889,109.24799999999999,109.245,1,1.69
03.08.2021 00:16:54.991,109.249,109.243,1.5,2.14
03.08.2021 00:16:55.042,109.24600000000001,109.242,1.5,7.01
03.08.2021 00:16:55.194,109.244,109.241,1.69,2.25
03.08.2021 00:17:01.612,109.244,109.24000000000001,2.51,1.69
03.08.2021 00:17:01.736,109.243,109.239,2.44,2.14
03.08.2021 00:17:01.837,109.242,109.239,1.25,1
03.08.2021 00:17:01.938,109.242,109.239,1.75,1
03.08.2021 00:17:02.687,109.242,109.238,2.89,3
03.08.2021 00:17:02.790,109.24000000000001,109.23700000000001,1.69,3.82
03.08.2021 00:17:02.943,109.239,109.23700000000001,1.25,1
03.08.2021 00:17:03.044,109.239,109.236,1.69,1.5
03.08.2021 00:17:03.248,109.239,109.235,4.01,2.25
03.08.2021 00:17:04.779,109.23700000000001,109.235,2.14,1
03.08.2021 00:17:04.830,109.23700000000001,109.23299999999999,2.89,2.7
03.08.2021 00:17:08.741,109.236,109.23299999999999,1.25,2.7
03.08.2021 00:17:08.893,109.23700000000001,109.234,2.14,1
03.08.2021 00:17:08.994,109.236,109.23299999999999,1.25,2.7
03.08.2021 00:17:09.096,109.23700000000001,109.23299999999999,2.89,3.45
03.08.2021 00:17:09.197,109.23700000000001,109.23299999999999,2.95,3.45
03.08.2021 00:17:13.908,109.238,109.234,1.39,1
03.08.2021 00:17:14.009,109.239,109.235,3.79,1.5
03.08.2021 00:17:18.645,109.238,109.236,1,1
03.08.2021 00:17:18.696,109.242,109.238,4.39,1.97
03.08.2021 00:17:18.798,109.243,109.24000000000001,1.2,1.87
03.08.2021 00:17:18.901,109.244,109.241,1.5,1.1
03.08.2021 00:17:24.080,109.244,109.24000000000001,2.51,2.25
03.08.2021 00:17:40.556,109.244,109.24000000000001,3.32,2.25
03.08.2021 00:17:50.764,109.244,109.24000000000001,2.89,2.25
03.08.2021 00:17:53.778,109.244,109.241,2.14,1
03.08.2021 00:17:54.829,109.245,109.241,2.89,2.25
03.08.2021 00:17:55.031,109.245,109.241,3.89,2.25
03.08.2021 00:18:05.915,109.245,109.242,1.01,1
03.08.2021 00:18:06.016,109.24600000000001,109.242,2.44,1.95
03.08.2021 00:18:06.117,109.24600000000001,109.243,1,1.2
03.08.2021 00:18:06.300,109.24700000000001,109.243,2.44,1.95
03.08.2021 00:18:13.547,109.24799999999999,109.245,1.5,1.2
03.08.2021 00:18:13.649,109.249,109.245,1.5,2.89
03.08.2021 00:18:18.918,109.244,109.243,1.69,3.45
03.08.2021 00:18:19.020,109.244,109.24000000000001,2.14,2.32
03.08.2021 00:18:19.070,109.242,109.239,1.39,1.5
03.08.2021 00:18:20.250,109.245,109.241,5.76,1
03.08.2021 00:18:20.503,109.242,109.24000000000001,1.39,1
03.08.2021 00:18:20.656,109.243,109.24000000000001,1.2,1.5
03.08.2021 00:18:20.757,109.245,109.241,3.86,1
03.08.2021 00:18:20.959,109.242,109.239,1.39,1.5
03.08.2021 00:18:21.767,109.243,109.24000000000001,1.39,1
03.08.2021 00:18:21.919,109.244,109.241,1.27,1
03.08.2021 00:18:22.481,109.245,109.241,2.51,1
03.08.2021 00:18:27.410,109.245,109.241,3.74,1
03.08.2021 00:18:27.511,109.244,109.24000000000001,1.1,2.25
03.08.2021 00:18:40.012,109.245,109.241,1.76,1.5
03.08.2021 00:18:49.352,109.244,109.241,1.1,1
03.08.2021 00:18:50.761,109.244,109.241,2.76,1
03.08.2021 00:18:51.004,109.244,109.24000000000001,2.51,2.25
03.08.2021 00:18:51.459,109.244,109.24000000000001,3.51,2.25
03.08.2021 00:18:52.115,109.244,109.24000000000001,2.51,2.25
03.08.2021 00:18:52.811,109.245,109.239,3.96,2.25
03.08.2021 00:18:53.010,109.244,109.24000000000001,2.51,2.25
03.08.2021 00:18:53.112,109.244,109.24000000000001,3.51,2.25
03.08.2021 00:18:53.384,109.244,109.24000000000001,2.96,2.25
03.08.2021 00:18:54.449,109.243,109.24000000000001,1,1.5
03.08.2021 00:19:03.749,109.24000000000001,109.23700000000001,2.14,1.5
03.08.2021 00:19:03.851,109.238,109.235,1.5,1.57
03.08.2021 00:19:03.953,109.23700000000001,109.234,1,1.57
03.08.2021 00:19:11.470,109.236,109.234,1.5,1
03.08.2021 00:19:11.673,109.23700000000001,109.234,2.14,1
03.08.2021 00:19:33.928,109.238,109.234,2.89,1.57
03.08.2021 00:19:43.796,109.238,109.234,1.5,2.91
03.08.2021 00:19:48.838,109.239,109.235,3.64,1.1
03.08.2021 00:19:51.530,109.236,109.234,1,1.5
03.08.2021 00:19:51.631,109.23700000000001,109.234,1.25,1.1
03.08.2021 00:19:51.733,109.23700000000001,109.23299999999999,2.89,2.32
03.08.2021 00:19:52.579,109.23700000000001,109.23299999999999,1,4.22
03.08.2021 00:19:52.934,109.238,109.234,2.89,1.1
03.08.2021 00:19:53.565,109.23700000000001,109.234,1,1.01
03.08.2021 00:19:54.027,109.238,109.234,2.7,1.01
03.08.2021 00:19:59.735,109.238,109.234,2.25,2.95
03.08.2021 00:20:00.609,109.238,109.236,1,1
03.08.2021 00:20:00.710,109.239,109.236,1.57,1
03.08.2021 00:20:04.177,109.239,109.236,1.5,1.82
03.08.2021 00:20:04.280,109.24000000000001,109.238,1,1.69
03.08.2021 00:20:04.486,109.24000000000001,109.238,1,1.75
03.08.2021 00:20:04.588,109.242,109.23700000000001,1,1.82
03.08.2021 00:20:04.689,109.24000000000001,109.238,1,1.25
03.08.2021 00:20:06.057,109.242,109.238,4.57,2.57
03.08.2021 00:20:06.159,109.243,109.24000000000001,4.2,1.25
03.08.2021 00:20:06.310,109.243,109.24000000000001,1.95,1.75
03.08.2021 00:20:06.463,109.244,109.241,2.7,1.25
03.08.2021 00:20:06.615,109.243,109.241,1,1.25
03.08.2021 00:20:07.657,109.244,109.241,1,2.57
03.08.2021 00:20:07.758,109.245,109.241,2.7,2.57
03.08.2021 00:20:09.456,109.245,109.242,1.5,2.2
03.08.2021 00:20:09.608,109.24700000000001,109.243,1,1.69
03.08.2021 00:20:09.709,109.24600000000001,109.243,1,2.89
03.08.2021 00:20:11.340,109.24799999999999,109.245,1.95,1.25
03.08.2021 00:20:12.012,109.249,109.245,3.07,2.89
03.08.2021 00:20:12.114,109.249,109.24600000000001,1.1,1.25
03.08.2021 00:20:16.307,109.25,109.24600000000001,2.32,2.95
03.08.2021 00:20:22.032,109.25,109.24700000000001,1.5,1.45
03.08.2021 00:20:22.139,109.25,109.24799999999999,1,1.75
03.08.2021 00:20:22.717,109.251,109.24799999999999,1,2.95
03.08.2021 00:20:22.819,109.251,109.25,1,1.25
03.08.2021 00:20:22.920,109.254,109.251,1,2.14
03.08.2021 00:20:23.021,109.255,109.253,1.2,1
03.08.2021 00:20:23.123,109.253,109.249,1.5,4.6
03.08.2021 00:20:23.426,109.25200000000001,109.249,1,3.32
03.08.2021 00:20:23.527,109.25200000000001,109.24799999999999,1.5,2.35
03.08.2021 00:20:23.629,109.253,109.24600000000001,2.7,4.91
03.08.2021 00:20:23.781,109.251,109.24799999999999,1,1.39
03.08.2021 00:20:26.142,109.25200000000001,109.24799999999999,2.32,2.14
03.08.2021 00:20:26.244,109.25200000000001,109.25,1,1.25
03.08.2021 00:20:26.295,109.254,109.25,3.45,2.44
03.08.2021 00:20:26.448,109.254,109.251,2.25,1.25
03.08.2021 00:20:26.550,109.254,109.25200000000001,1.5,1.69
03.08.2021 00:20:26.653,109.25200000000001,109.249,1,2.89
03.08.2021 00:20:26.806,109.251,109.24799999999999,1.5,1
03.08.2021 00:20:30.846,109.25200000000001,109.249,1,2.89
03.08.2021 00:20:47.577,109.251,109.25,1,1
03.08.2021 00:20:47.781,109.251,109.249,1.5,1
03.08.2021 00:20:47.883,109.25,109.249,1,1
03.08.2021 00:20:48.295,109.251,109.249,1.5,1
03.08.2021 00:20:56.936,109.25200000000001,109.249,1,1.69
03.08.2021 00:20:57.446,109.25200000000001,109.25,1.5,1
03.08.2021 00:20:57.548,109.253,109.25,2.25,1.69
03.08.2021 00:20:57.700,109.254,109.249,1.5,2.5
03.08.2021 00:20:57.801,109.254,109.251,1,1.39
03.08.2021 00:20:58.426,109.254,109.251,1.5,1.75
03.08.2021 00:21:02.701,109.255,109.25200000000001,1.5,1.25
03.08.2021 00:21:07.342,109.255,109.25200000000001,1,2.2
03.08.2021 00:21:07.393,109.258,109.255,2.07,1.25
03.08.2021 00:21:07.444,109.258,109.255,1.5,1.25
03.08.2021 00:21:07.545,109.259,109.257,1,1.25
03.08.2021 00:21:07.646,109.26,109.257,1,1.69
03.08.2021 00:21:07.748,109.26,109.257,1,2.5
03.08.2021 00:21:12.204,109.26100000000001,109.258,1.5,1.25
03.08.2021 00:21:13.258,109.26200000000001,109.26,1.5,1.25
03.08.2021 00:21:13.359,109.26200000000001,109.259,1.95,1.25
03.08.2021 00:21:24.258,109.26299999999999,109.26,1.5,1
03.08.2021 00:21:24.359,109.26200000000001,109.258,1,4.45
03.08.2021 00:21:24.462,109.26100000000001,109.258,1,1.69
03.08.2021 00:21:26.301,109.26,109.258,1,1.69
03.08.2021 00:21:27.886,109.26299999999999,109.26,1.5,1.25
03.08.2021 00:21:32.616,109.264,109.26,1.5,2.14
03.08.2021 00:21:34.214,109.265,109.26299999999999,1,1
03.08.2021 00:21:34.316,109.265,109.26200000000001,1.95,1.5
03.08.2021 00:21:34.417,109.26299999999999,109.26,1.5,1.01
03.08.2021 00:21:34.518,109.26200000000001,109.258,2.1,3.19
03.08.2021 00:21:34.620,109.26200000000001,109.258,1.95,2.51
03.08.2021 00:21:34.721,109.26100000000001,109.258,1.2,1.69
03.08.2021 00:21:34.873,109.26,109.258,1,1.69
03.08.2021 00:21:49.774,109.26299999999999,109.26,1.2,1
03.08.2021 00:21:49.877,109.26299999999999,109.26100000000001,1,1
03.08.2021 00:21:49.979,109.264,109.26100000000001,1.95,1
03.08.2021 00:21:50.306,109.264,109.26200000000001,1.5,1.25
03.08.2021 00:21:50.510,109.264,109.26100000000001,1.5,1.01
03.08.2021 00:21:50.612,109.26299999999999,109.26,1,2.51
03.08.2021 00:21:50.764,109.26299999999999,109.26100000000001,1,1.12
03.08.2021 00:21:50.866,109.26299999999999,109.26200000000001,1,1.25
03.08.2021 00:21:51.017,109.264,109.26200000000001,1.5,1.25
03.08.2021 00:21:51.119,109.264,109.26,2.7,3.26
03.08.2021 00:21:51.220,109.264,109.259,1,1.01
03.08.2021 00:21:51.580,109.26299999999999,109.26,1,1.82
03.08.2021 00:21:52.652,109.26299999999999,109.26,1,1.01
03.08.2021 00:22:04.306,109.264,109.26100000000001,1.5,1.1
03.08.2021 00:22:04.407,109.265,109.26200000000001,1.2,1.5
03.08.2021 00:22:06.541,109.264,109.26200000000001,1,1.57
03.08.2021 00:22:07.336,109.266,109.26299999999999,1,1.95
03.08.2021 00:22:07.842,109.265,109.26299999999999,1,1
03.08.2021 00:22:07.943,109.264,109.26299999999999,1,1
03.08.2021 00:22:10.723,109.264,109.26200000000001,1.1,1
03.08.2021 00:22:10.825,109.26299999999999,109.26100000000001,1,1
03.08.2021 00:22:12.458,109.26299999999999,109.26,1,1.95
03.08.2021 00:22:14.697,109.26100000000001,109.258,1,1.2
03.08.2021 00:22:14.798,109.26200000000001,109.259,1.57,1
03.08.2021 00:22:37.213,109.26200000000001,109.26100000000001,1,1
03.08.2021 00:22:37.264,109.264,109.26100000000001,1.2,1
03.08.2021 00:22:37.466,109.265,109.26100000000001,1.2,2.95
03.08.2021 00:22:47.927,109.265,109.26299999999999,1,1.69
03.08.2021 00:22:48.028,109.266,109.26299999999999,1,1.69
03.08.2021 00:22:48.130,109.268,109.266,1,1
03.08.2021 00:22:48.239,109.269,109.266,1.95,1
03.08.2021 00:22:56.771,109.27,109.266,1.2,2.44
03.08.2021 00:22:56.888,109.27,109.266,1.2,3.25
03.08.2021 00:22:57.325,109.27,109.266,1.2,2.44
03.08.2021 00:22:59.789,109.27,109.266,1.2,2.94
03.08.2021 00:22:59.994,109.27,109.266,1.2,2.44
03.08.2021 00:23:03.007,109.271,109.27,1,1.5
03.08.2021 00:23:03.109,109.274,109.271,1.39,1
03.08.2021 00:23:03.464,109.273,109.271,1,1
03.08.2021 00:23:03.616,109.271,109.268,1.39,1
03.08.2021 00:23:06.562,109.271,109.26700000000001,1.39,2.32
03.08.2021 00:23:08.091,109.27,109.26700000000001,1,1.57
03.08.2021 00:23:08.242,109.272,109.26700000000001,1.25,1.1
03.08.2021 00:23:08.445,109.273,109.271,2.25,1
03.08.2021 00:23:08.546,109.274,109.271,1,1
03.08.2021 00:23:09.397,109.273,109.271,1,1
03.08.2021 00:23:11.261,109.274,109.271,2.14,1
03.08.2021 00:23:12.318,109.275,109.271,2.14,1.57
03.08.2021 00:23:12.570,109.275,109.272,2.14,1
03.08.2021 00:23:17.152,109.274,109.272,1,1
03.08.2021 00:23:17.203,109.273,109.27,1,1
03.08.2021 00:23:17.304,109.273,109.27,2.29,1
03.08.2021 00:23:17.355,109.272,109.268,1.39,2.32
03.08.2021 00:23:17.457,109.271,109.268,1.39,1.5
03.08.2021 00:23:17.911,109.271,109.26700000000001,2.14,2.32
03.08.2021 00:23:20.454,109.271,109.268,1,1.01
03.08.2021 00:23:22.315,109.273,109.268,1.95,1
03.08.2021 00:23:22.417,109.273,109.27,1.5,1
03.08.2021 00:23:23.147,109.273,109.271,1,1
03.08.2021 00:23:23.450,109.274,109.271,1.39,1
03.08.2021 00:23:28.155,109.274,109.271,1,1.22
03.08.2021 00:23:28.497,109.275,109.273,1,1.01
03.08.2021 00:23:28.600,109.27600000000001,109.273,1,1.97
03.08.2021 00:23:28.702,109.27600000000001,109.273,1,1.57
03.08.2021 00:23:31.904,109.273,109.272,1.25,2.32
03.08.2021 00:23:32.006,109.273,109.27,1,2.32
03.08.2021 00:23:32.514,109.274,109.27,2.89,2.32
03.08.2021 00:23:34.303,109.272,109.269,1.95,2.25
03.08.2021 00:23:34.405,109.272,109.26700000000001,1,1.1
03.08.2021 00:23:37.871,109.271,109.26700000000001,1.95,2.32
03.08.2021 00:23:37.972,109.271,109.266,1,1.57
03.08.2021 00:23:41.235,109.272,109.27,1.35,1
03.08.2021 00:23:41.336,109.275,109.27,1.69,1.1
03.08.2021 00:23:41.694,109.274,109.27,2.89,1.57
03.08.2021 00:23:41.796,109.272,109.269,1.69,1.1
03.08.2021 00:23:41.898,109.271,109.268,1,3.16
03.08.2021 00:23:44.180,109.272,109.268,2.44,3
03.08.2021 00:23:44.331,109.271,109.268,1.5,1.5
03.08.2021 00:23:44.483,109.271,109.26700000000001,3.7,2.32
03.08.2021 00:23:44.635,109.271,109.26700000000001,2.25,2.72
03.08.2021 00:23:44.837,109.271,109.269,1,1.57
03.08.2021 00:23:45.713,109.27,109.268,1,1
03.08.2021 00:23:45.814,109.269,109.26700000000001,1,1.95
03.08.2021 00:23:48.920,109.269,109.266,1,1.1
03.08.2021 00:23:49.022,109.268,109.265,1,1.5
03.08.2021 00:23:49.560,109.26700000000001,109.265,1,1.5
03.08.2021 00:23:49.713,109.26700000000001,109.264,1,2.7
03.08.2021 00:23:50.167,109.268,109.264,1.69,2.7
03.08.2021 00:23:52.061,109.268,109.26299999999999,1,2.7
03.08.2021 00:23:52.163,109.268,109.264,1.69,2.7
03.08.2021 00:24:01.769,109.268,109.26299999999999,1,2.7
03.08.2021 00:24:02.224,109.264,109.26299999999999,1,1
03.08.2021 00:24:02.275,109.264,109.26100000000001,1,1.2
03.08.2021 00:24:02.376,109.264,109.259,1.69,1.95
03.08.2021 00:24:04.350,109.26100000000001,109.258,1,2.85
03.08.2021 00:24:04.452,109.26100000000001,109.258,1.1,1.5
03.08.2021 00:24:04.604,109.26,109.257,1,1.95
03.08.2021 00:24:05.343,109.26,109.257,1,2.1
03.08.2021 00:24:07.757,109.26,109.257,1,1.95
03.08.2021 00:24:08.010,109.257,109.255,1,1.97
03.08.2021 00:24:08.112,109.257,109.254,1,1
03.08.2021 00:24:09.321,109.258,109.255,1.2,1
03.08.2021 00:24:13.597,109.258,109.255,1.75,1.1
03.08.2021 00:24:19.337,109.258,109.25200000000001,1.69,3.45
03.08.2021 00:24:33.300,109.257,109.253,3.25,3.45
03.08.2021 00:24:33.402,109.256,109.253,1.82,1.5
03.08.2021 00:24:33.504,109.256,109.25200000000001,3.72,2.25
03.08.2021 00:24:33.605,109.255,109.25200000000001,2.57,1
03.08.2021 00:24:39.521,109.255,109.25200000000001,1.76,1
03.08.2021 00:24:48.030,109.255,109.251,2.51,2.7
03.08.2021 00:24:50.874,109.255,109.251,4.1,1.5
03.08.2021 00:24:50.976,109.25200000000001,109.249,1.1,1.5
03.08.2021 00:24:51.077,109.25200000000001,109.24799999999999,1.76,1.95
03.08.2021 00:24:53.671,109.251,109.24799999999999,1,1.95
03.08.2021 00:24:55.036,109.251,109.24700000000001,1.25,1
03.08.2021 00:24:56.310,109.251,109.24600000000001,1.01,2.25
03.08.2021 00:24:57.618,109.25,109.24700000000001,2.57,1.5
03.08.2021 00:24:58.176,109.249,109.24600000000001,1.82,2.25
03.08.2021 00:24:58.429,109.24799999999999,109.245,1.01,1.5
03.08.2021 00:24:58.531,109.24700000000001,109.244,1.1,1
03.08.2021 00:24:59.194,109.24600000000001,109.244,1,1.5
03.08.2021 00:24:59.295,109.24600000000001,109.243,2.57,1.5
03.08.2021 00:24:59.397,109.245,109.242,1.01,1.5
03.08.2021 00:24:59.801,109.245,109.241,4.07,1.95
03.08.2021 00:25:00.927,109.245,109.241,3.26,2.7
03.08.2021 00:25:01.029,109.245,109.241,2.25,4.54
03.08.2021 00:25:02.699,109.244,109.241,1,2.29
03.08.2021 00:25:02.801,109.244,109.241,1,2.14
03.08.2021 00:25:02.960,109.244,109.24000000000001,1.57,4.39
03.08.2021 00:25:03.113,109.244,109.24000000000001,2.91,1.5
03.08.2021 00:25:03.214,109.243,109.239,1.57,3.64
03.08.2021 00:25:03.834,109.242,109.23700000000001,1.76,1.5
03.08.2021 00:25:03.935,109.239,109.236,1.5,1.39
03.08.2021 00:25:04.037,109.238,109.235,1.57,1
03.08.2021 00:25:04.189,109.238,109.234,1.57,2.89
03.08.2021 00:25:09.458,109.238,109.235,1.1,1
03.08.2021 00:25:11.287,109.238,109.234,2.51,1.95
03.08.2021 00:25:12.343,109.23700000000001,109.234,1,1.2
03.08.2021 00:25:12.495,109.23700000000001,109.23299999999999,2.51,3.07
03.08.2021 00:25:12.698,109.236,109.23299999999999,1,2.32
03.08.2021 00:25:13.052,109.235,109.23200000000001,1.01,3.37
03.08.2021 00:25:13.154,109.23100000000001,109.229,2.57,3
03.08.2021 00:25:13.205,109.23100000000001,109.227,2.51,3.07
03.08.2021 00:25:13.306,109.23,109.227,1.5,1.95
03.08.2021 00:25:18.276,109.23,109.226,1,1
03.08.2021 00:25:19.362,109.23,109.22500000000001,1,2.51
03.08.2021 00:25:21.433,109.23,109.226,2.32,3.26
03.08.2021 00:25:24.706,109.228,109.22500000000001,1.1,1.5
03.08.2021 00:25:24.807,109.226,109.223,1.76,2.02
03.08.2021 00:25:24.908,109.227,109.221,1.57,1.95
03.08.2021 00:25:25.010,109.226,109.221,1.5,1.95
03.08.2021 00:25:26.455,109.226,109.223,1,2.32
03.08.2021 00:25:30.059,109.227,109.223,1.1,2.7
03.08.2021 00:25:31.626,109.226,109.223,1,1.2
03.08.2021 00:25:36.110,109.226,109.223,2.16,1
03.08.2021 00:25:37.567,109.22500000000001,109.22200000000001,1.1,1
03.08.2021 00:25:45.245,109.226,109.223,1.1,1.5
03.08.2021 00:25:45.346,109.226,109.22200000000001,1.57,2.7
03.08.2021 00:25:45.953,109.228,109.22500000000001,1.5,1.95
03.08.2021 00:25:50.344,109.228,109.226,1,1
03.08.2021 00:25:51.163,109.23,109.228,1,1
03.08.2021 00:25:51.264,109.23100000000001,109.228,1.1,1.5
03.08.2021 00:25:51.365,109.23200000000001,109.229,1.5,1
03.08.2021 00:25:51.574,109.23100000000001,109.229,1,1.5
03.08.2021 00:25:51.776,109.23,109.229,1,1
03.08.2021 00:25:55.897,109.23,109.228,1,1.5
03.08.2021 00:25:58.975,109.23,109.227,1.01,2.25
03.08.2021 00:25:59.077,109.229,109.226,1.76,1.5
03.08.2021 00:25:59.178,109.228,109.22500000000001,2.57,1.5
03.08.2021 00:26:00.197,109.228,109.22500000000001,1.76,1
03.08.2021 00:26:03.432,109.228,109.224,2.51,3.45
03.08.2021 00:26:09.137,109.228,109.224,3.32,3.45
03.08.2021 00:26:09.238,109.227,109.224,2.91,1
03.08.2021 00:26:09.339,109.226,109.223,1.35,1.5
03.08.2021 00:26:09.491,109.22500000000001,109.22200000000001,1.01,1.5
03.08.2021 00:26:36.409,109.227,109.22500000000001,1.5,1.1
03.08.2021 00:26:36.510,109.228,109.22500000000001,2.44,1.1
03.08.2021 00:26:36.662,109.228,109.224,3.64,2.32
03.08.2021 00:26:36.763,109.228,109.22500000000001,2.44,1.1
03.08.2021 00:26:43.365,109.23,109.227,1,2.72
03.08.2021 00:26:43.518,109.23100000000001,109.227,2.44,2.72
03.08.2021 00:26:43.761,109.23200000000001,109.229,2.14,1
03.08.2021 00:26:43.863,109.23200000000001,109.228,2.14,2.32
03.08.2021 00:26:43.964,109.23100000000001,109.229,1,1.1
03.08.2021 00:26:44.066,109.23100000000001,109.228,1.25,2.32
03.08.2021 00:26:45.300,109.23200000000001,109.228,2.14,3.07
03.08.2021 00:26:45.401,109.23200000000001,109.228,1.69,2.72
03.08.2021 00:26:45.516,109.23299999999999,109.23,1.39,1
03.08.2021 00:26:46.701,109.23299999999999,109.23,1.25,1.97
03.08.2021 00:26:47.632,109.234,109.23,1.5,2.91
03.08.2021 00:26:47.784,109.235,109.23100000000001,2.89,2.32
03.08.2021 00:26:48.421,109.235,109.23200000000001,1.95,1
03.08.2021 00:26:48.523,109.238,109.235,1,2.97
03.08.2021 00:26:48.574,109.24000000000001,109.23700000000001,1.95,1
03.08.2021 00:26:49.960,109.241,109.238,1.95,1.25
03.08.2021 00:26:55.842,109.241,109.23700000000001,3.07,1.57
03.08.2021 00:26:55.943,109.241,109.236,1,1.57
03.08.2021 00:26:56.095,109.24000000000001,109.23700000000001,1.6,1
03.08.2021 00:26:56.197,109.24000000000001,109.236,1.97,1
03.08.2021 00:27:00.448,109.239,109.23700000000001,1,1
03.08.2021 00:27:00.550,109.239,109.236,1,1.25
03.08.2021 00:27:03.281,109.239,109.23700000000001,1,1.25
03.08.2021 00:27:03.455,109.241,109.236,2.7,1.69
03.08.2021 00:27:08.852,109.24000000000001,109.238,1.5,1.25
03.08.2021 00:27:11.717,109.243,109.241,1,1.69
03.08.2021 00:27:11.970,109.243,109.24000000000001,1.57,1
03.08.2021 00:27:12.071,109.242,109.239,1.1,1.5
03.08.2021 00:27:12.173,109.241,109.238,1.1,1.25
03.08.2021 00:27:15.016,109.241,109.23700000000001,1.97,3.25
03.08.2021 00:27:16.559,109.241,109.23700000000001,1.57,3.7
03.08.2021 00:27:18.005,109.242,109.238,2.32,2.14
03.08.2021 00:27:18.107,109.242,109.239,1.57,1
03.08.2021 00:27:18.337,109.243,109.23700000000001,2.32,2.14
03.08.2021 00:27:21.277,109.241,109.23700000000001,1.97,3.25
03.08.2021 00:27:21.379,109.241,109.23700000000001,2.72,1.69
03.08.2021 00:27:24.301,109.239,109.236,1.22,1.5
03.08.2021 00:27:24.403,109.239,109.236,1.57,1
03.08.2021 00:27:24.504,109.239,109.236,1.97,1
03.08.2021 00:27:25.325,109.239,109.236,1.57,1
03.08.2021 00:27:26.794,109.239,109.236,1.97,1
03.08.2021 00:27:27.224,109.239,109.235,5.35,2.25
03.08.2021 00:27:28.899,109.238,109.236,1.1,1
03.08.2021 00:27:33.998,109.238,109.235,1.1,1.5
03.08.2021 00:27:37.554,109.239,109.235,2.32,2.89
03.08.2021 00:27:42.991,109.239,109.235,1.97,2.44
03.08.2021 00:27:43.577,109.238,109.234,3.85,1
03.08.2021 00:27:43.679,109.23700000000001,109.23299999999999,5.35,1
03.08.2021 00:27:43.781,109.235,109.23200000000001,1.1,1.5
03.08.2021 00:27:43.883,109.23299999999999,109.23,1.1,2.25
03.08.2021 00:27:48.482,109.234,109.23200000000001,1,1
03.08.2021 00:27:48.584,109.236,109.23299999999999,1.57,1
03.08.2021 00:27:48.787,109.236,109.234,1.1,1
03.08.2021 00:27:48.888,109.236,109.23299999999999,1.1,1
03.08.2021 00:27:49.520,109.234,109.23200000000001,1,1
03.08.2021 00:27:49.623,109.23200000000001,109.23100000000001,1,1
03.08.2021 00:27:50.116,109.23299999999999,109.23100000000001,1.1,1
03.08.2021 00:27:54.752,109.23299999999999,109.229,1,1
03.08.2021 00:27:55.006,109.23100000000001,109.228,1.1,1
03.08.2021 00:27:55.107,109.23,109.228,1,1
03.08.2021 00:27:55.869,109.23299999999999,109.23,3.75,1.39
03.08.2021 00:27:55.970,109.23299999999999,109.23200000000001,1,1
03.08.2021 00:27:59.331,109.234,109.23299999999999,1,1
03.08.2021 00:27:59.433,109.234,109.23200000000001,1.1,1
03.08.2021 00:28:01.075,109.235,109.23200000000001,1.5,1
03.08.2021 00:28:01.176,109.234,109.23200000000001,1,1
03.08.2021 00:28:03.195,109.235,109.23299999999999,1.5,1.69
03.08.2021 00:28:03.296,109.23700000000001,109.235,1.57,1
03.08.2021 00:28:03.398,109.236,109.23200000000001,1.5,1.25
03.08.2021 00:28:03.499,109.236,109.23299999999999,1,1
03.08.2021 00:28:03.928,109.236,109.234,1.57,1
03.08.2021 00:28:07.304,109.238,109.236,1.1,1
03.08.2021 00:28:07.405,109.239,109.23700000000001,1.1,1
03.08.2021 00:28:15.238,109.24000000000001,109.23700000000001,2.7,1
03.08.2021 00:28:16.367,109.24000000000001,109.238,2.7,1
03.08.2021 00:28:26.711,109.241,109.236,2.7,1
03.08.2021 00:28:28.506,109.24000000000001,109.239,1,1.5
03.08.2021 00:28:28.607,109.242,109.239,2.4,1
03.08.2021 00:28:28.659,109.242,109.24000000000001,1.1,2.5
03.08.2021 00:28:28.711,109.245,109.241,1.95,1.69
03.08.2021 00:28:28.813,109.245,109.242,1.2,1.25
03.08.2021 00:28:28.864,109.243,109.241,1,1.5
03.08.2021 00:28:31.438,109.243,109.24000000000001,1,1.69
03.08.2021 00:28:32.162,109.242,109.239,1,1.25
03.08.2021 00:28:32.263,109.241,109.238,1,2.5
03.08.2021 00:28:32.963,109.241,109.238,1.5,1.25
03.08.2021 00:28:34.676,109.241,109.23700000000001,1.95,1.69
03.08.2021 00:28:36.277,109.241,109.23700000000001,2.85,1
03.08.2021 00:28:37.270,109.241,109.23700000000001,1.95,1.25
03.08.2021 00:28:37.421,109.242,109.24000000000001,1,1.5
03.08.2021 00:28:37.523,109.243,109.24000000000001,1,1.5
03.08.2021 00:28:37.675,109.243,109.241,1,1
03.08.2021 00:28:44.735,109.24600000000001,109.24000000000001,2.32,2.44
03.08.2021 00:28:52.388,109.245,109.243,1,1
03.08.2021 00:28:57.642,109.245,109.242,1.5,1.5
03.08.2021 00:29:02.922,109.24600000000001,109.242,1.95,2.25
03.08.2021 00:29:03.232,109.245,109.242,1,2.25
03.08.2021 00:29:04.207,109.24600000000001,109.242,1.95,2.25
03.08.2021 00:29:05.088,109.24600000000001,109.243,1,1.25
03.08.2021 00:29:06.744,109.24700000000001,109.243,3.45,1.25
03.08.2021 00:29:09.583,109.249,109.24600000000001,1.5,1.69
03.08.2021 00:29:09.684,109.25,109.24600000000001,3.15,2.5
03.08.2021 00:29:17.627,109.251,109.24700000000001,2.7,1.25
03.08.2021 00:29:23.687,109.251,109.24799999999999,1.57,1
03.08.2021 00:29:25.027,109.251,109.24799999999999,1.5,2.2
03.08.2021 00:29:25.129,109.253,109.249,1.2,1.69
03.08.2021 00:29:25.230,109.254,109.25,2.78,1
03.08.2021 00:29:25.332,109.254,109.251,1.1,1.5
03.08.2021 00:29:25.433,109.254,109.25,1.2,1.25
03.08.2021 00:29:25.484,109.25200000000001,109.249,1.1,1
03.08.2021 00:29:25.586,109.25200000000001,109.24799999999999,1.1,1.25
03.08.2021 00:29:25.687,109.25200000000001,109.24700000000001,2.72,2.44
03.08.2021 00:29:25.789,109.25200000000001,109.24799999999999,3.47,1
03.08.2021 00:29:25.890,109.25200000000001,109.24700000000001,4.22,2.44
03.08.2021 00:29:26.517,109.25200000000001,109.24700000000001,3.07,2.89
03.08.2021 00:29:29.430,109.25200000000001,109.24799999999999,1.1,1
03.08.2021 00:29:31.773,109.251,109.24799999999999,1,1
03.08.2021 00:29:32.256,109.251,109.24700000000001,1,3.64
03.08.2021 00:29:32.358,109.251,109.249,1,1
03.08.2021 00:29:34.727,109.251,109.24799999999999,1,1.5
03.08.2021 00:29:34.828,109.251,109.249,1,1
03.08.2021 00:29:36.201,109.251,109.24799999999999,1,2.44
03.08.2021 00:29:36.800,109.25200000000001,109.249,1,1
03.08.2021 00:29:36.902,109.25200000000001,109.25,1,1
03.08.2021 00:29:37.053,109.25200000000001,109.24799999999999,1,2.89
03.08.2021 00:29:37.154,109.253,109.24799999999999,3.64,3.64
03.08.2021 00:29:38.487,109.25200000000001,109.24799999999999,1.1,2.44
03.08.2021 00:29:42.600,109.25,109.24700000000001,1,2.06
03.08.2021 00:29:42.701,109.25,109.24600000000001,1.57,3.94
03.08.2021 00:29:42.913,109.25,109.24600000000001,5.1,1
03.08.2021 00:29:43.124,109.24799999999999,109.24600000000001,1,1
03.08.2021 00:29:43.175,109.24700000000001,109.244,1,3.19
03.08.2021 00:29:44.833,109.25,109.24600000000001,8.92,1.69
03.08.2021 00:29:45.036,109.25,109.24700000000001,1.5,1.25
03.08.2021 00:29:46.958,109.25,109.24799999999999,1,1
03.08.2021 00:29:49.783,109.25200000000001,109.24700000000001,1,1.25
03.08.2021 00:30:01.075,109.25,109.24700000000001,1,3.7
03.08.2021 00:30:01.925,109.25,109.24700000000001,1,1.69
03.08.2021 00:30:02.868,109.25,109.24600000000001,2.7,1.69
03.08.2021 00:30:02.969,109.249,109.24600000000001,1.57,1
03.08.2021 00:30:03.071,109.24799999999999,109.24600000000001,1,1
03.08.2021 00:30:03.191,109.24799999999999,109.245,1,1
03.08.2021 00:30:03.344,109.24600000000001,109.244,1,1
03.08.2021 00:30:03.706,109.24600000000001,109.243,1,2.44
03.08.2021 00:30:07.844,109.245,109.242,1,1.5
03.08.2021 00:30:07.945,109.245,109.241,1.5,3.64
03.08.2021 00:30:08.859,109.245,109.243,1.1,1
03.08.2021 00:30:18.062,109.24700000000001,109.242,1.2,1
03.08.2021 00:30:18.386,109.24600000000001,109.242,1.95,1.57
03.08.2021 00:30:18.511,109.24600000000001,109.242,1.95,2.57
03.08.2021 00:30:22.516,109.24799999999999,109.245,1.2,1.5
03.08.2021 00:30:22.668,109.25,109.244,2.4,1.76
03.08.2021 00:30:22.769,109.249,109.245,2.1,1.69
03.08.2021 00:30:24.502,109.249,109.245,1.95,1.76
03.08.2021 00:30:36.256,109.249,109.24600000000001,1.2,1
03.08.2021 00:30:47.321,109.24799999999999,109.245,2.95,1
03.08.2021 00:30:47.473,109.24700000000001,109.243,2.14,2.7
03.08.2021 00:30:50.474,109.24700000000001,109.242,1,1.95
03.08.2021 00:30:53.258,109.24600000000001,109.242,2.89,2.7
03.08.2021 00:30:53.359,109.245,109.242,1,1.95
03.08.2021 00:30:53.460,109.245,109.242,2.16,1
03.08.2021 00:30:53.561,109.243,109.24000000000001,1,1
03.08.2021 00:30:55.040,109.243,109.239,1,2.7
03.08.2021 00:31:00.935,109.243,109.239,1,3.2
03.08.2021 00:31:01.111,109.243,109.239,1,2.7
03.08.2021 00:31:13.887,109.244,109.239,1,1
03.08.2021 00:31:13.989,109.244,109.24000000000001,1.57,1.95
03.08.2021 00:31:16.728,109.243,109.239,1.1,2.7
03.08.2021 00:31:31.691,109.244,109.24000000000001,2.72,1.5
03.08.2021 00:31:31.792,109.244,109.24000000000001,1.57,2.14
03.08.2021 00:31:31.894,109.245,109.241,2.25,1.2
03.08.2021 00:31:33.244,109.24600000000001,109.243,1.2,1
03.08.2021 00:31:35.899,109.24700000000001,109.244,1.1,1.5
03.08.2021 00:31:36.000,109.24799999999999,109.242,1.97,2.25
03.08.2021 00:31:41.829,109.24799999999999,109.242,1,2.7
03.08.2021 00:31:41.931,109.24799999999999,109.244,2.7,1.5
03.08.2021 00:31:42.134,109.24799999999999,109.245,1.95,1
03.08.2021 00:31:45.684,109.249,109.245,1.57,2.14
03.08.2021 00:31:47.829,109.249,109.24600000000001,1.1,1
03.08.2021 00:31:47.930,109.25,109.24600000000001,2.89,2.32
03.08.2021 00:31:49.128,109.24799999999999,109.24600000000001,1,1.5
03.08.2021 00:31:49.230,109.24600000000001,109.243,1.69,2.02
03.08.2021 00:31:49.331,109.24600000000001,109.242,3.32,1.57
03.08.2021 00:31:49.382,109.243,109.241,3.19,1
03.08.2021 00:31:49.433,109.242,109.239,1.2,1
03.08.2021 00:31:49.484,109.245,109.239,4.65,1
03.08.2021 00:31:49.585,109.244,109.241,1.65,1
03.08.2021 00:31:50.486,109.245,109.241,1.1,2.7
03.08.2021 00:31:50.587,109.245,109.241,1,4.54
03.08.2021 00:31:50.689,109.24600000000001,109.242,1.57,1.95
03.08.2021 00:31:52.898,109.24700000000001,109.242,1.57,1
03.08.2021 00:31:59.328,109.245,109.242,1.01,1.5
03.08.2021 00:31:59.430,109.245,109.241,1.01,4.2
03.08.2021 00:32:13.662,109.244,109.241,1.25,1.95
03.08.2021 00:32:13.764,109.244,109.24000000000001,1.76,3.82
03.08.2021 00:32:13.865,109.244,109.24000000000001,2.16,2.25
03.08.2021 00:32:14.881,109.245,109.241,2.44,1.5
03.08.2021 00:32:14.983,109.245,109.242,1.5,1.5
03.08.2021 00:32:30.937,109.245,109.241,2.16,1.5
03.08.2021 00:32:37.310,109.244,109.242,1,1
03.08.2021 00:32:39.622,109.245,109.242,1.01,1
03.08.2021 00:32:45.385,109.24600000000001,109.242,2.51,2.7
03.08.2021 00:32:45.730,109.24600000000001,109.243,1.01,1
03.08.2021 00:33:02.558,109.24600000000001,109.243,1.79,1
03.08.2021 00:33:07.648,109.24600000000001,109.243,1.01,1
03.08.2021 00:33:16.381,109.24700000000001,109.244,1,1.5
03.08.2021 00:33:16.433,109.249,109.24600000000001,1.2,1.22
03.08.2021 00:33:16.585,109.25,109.24600000000001,1,2.91
03.08.2021 00:33:23.416,109.25200000000001,109.245,2.89,2.91
03.08.2021 00:33:33.979,109.25200000000001,109.24700000000001,1,1.75
03.08.2021 00:33:34.081,109.25200000000001,109.24799999999999,1.95,3.25
03.08.2021 00:33:34.182,109.254,109.25,3.82,1.76
03.08.2021 00:33:34.283,109.254,109.251,1.2,1
03.08.2021 00:33:35.461,109.254,109.25,1.95,1.76
03.08.2021 00:33:37.355,109.254,109.251,1.5,1
03.08.2021 00:33:38.298,109.255,109.25200000000001,1.39,1
03.08.2021 00:33:40.458,109.256,109.25200000000001,1.76,1.95
03.08.2021 00:33:41.520,109.257,109.254,2.41,1
03.08.2021 00:33:44.295,109.257,109.25200000000001,1.01,1
03.08.2021 00:33:44.397,109.255,109.25200000000001,1.1,1.5
03.08.2021 00:33:44.498,109.255,109.249,3.32,3.45
03.08.2021 00:33:48.393,109.253,109.249,3.89,1.57
03.08.2021 00:33:48.495,109.25200000000001,109.24799999999999,1.76,1.57
03.08.2021 00:33:51.344,109.25200000000001,109.249,1.95,1
03.08.2021 00:33:58.334,109.25200000000001,109.249,2.45,1
03.08.2021 00:33:58.550,109.25200000000001,109.249,1.95,1
03.08.2021 00:34:08.776,109.253,109.25,1,1.1
03.08.2021 00:34:11.859,109.25200000000001,109.249,1,1.22
03.08.2021 00:34:11.961,109.25200000000001,109.249,1,1
03.08.2021 00:34:13.576,109.25200000000001,109.24799999999999,1,2.14
03.08.2021 00:34:19.522,109.251,109.24700000000001,1.39,2.51
03.08.2021 00:34:19.674,109.25,109.24700000000001,1.25,1.1
03.08.2021 00:34:22.985,109.251,109.24799999999999,1,1
03.08.2021 00:34:23.086,109.25200000000001,109.24799999999999,2.14,1.5
03.08.2021 00:34:40.669,109.25200000000001,109.249,1.39,1
03.08.2021 00:35:09.954,109.254,109.251,2.06,1
03.08.2021 00:35:10.056,109.255,109.25200000000001,1,1.57
03.08.2021 00:35:10.157,109.255,109.253,1,1
03.08.2021 00:35:10.309,109.255,109.25200000000001,1,1.5
03.08.2021 00:35:10.512,109.255,109.251,1.85,1.5
03.08.2021 00:35:12.040,109.255,109.251,1.39,1.57
03.08.2021 00:35:13.506,109.255,109.25200000000001,1.25,1
03.08.2021 00:35:13.607,109.255,109.253,1,1
03.08.2021 00:35:13.708,109.256,109.254,1.39,1
03.08.2021 00:35:13.810,109.256,109.25200000000001,1.39,1.5
03.08.2021 00:35:13.967,109.256,109.25200000000001,2.76,1
03.08.2021 00:35:14.068,109.257,109.25200000000001,2.91,1
03.08.2021 00:35:16.544,109.256,109.254,1,1
03.08.2021 00:35:16.645,109.256,109.253,1.1,1.5
03.08.2021 00:35:16.746,109.257,109.253,1.1,1
03.08.2021 00:35:17.588,109.256,109.253,1.1,1
03.08.2021 00:35:18.077,109.257,109.253,1.1,1
03.08.2021 00:35:20.555,109.257,109.255,1.1,1
03.08.2021 00:35:21.386,109.259,109.257,1,1.69
03.08.2021 00:35:21.437,109.26100000000001,109.257,1.39,1.25
03.08.2021 00:35:21.538,109.26,109.257,1,1.25
03.08.2021 00:35:21.589,109.26100000000001,109.259,1.25,1
03.08.2021 00:35:21.690,109.26299999999999,109.259,2.39,1.5
03.08.2021 00:35:23.607,109.26299999999999,109.259,2.32,1.5
03.08.2021 00:35:24.285,109.26299999999999,109.26,1,1
03.08.2021 00:35:39.485,109.26299999999999,109.26100000000001,1,1
03.08.2021 00:35:39.536,109.265,109.26200000000001,1.5,1.5
03.08.2021 00:35:39.638,109.26200000000001,109.26,1,1.95
03.08.2021 00:35:40.690,109.26299999999999,109.26,1.2,1
03.08.2021 00:35:54.356,109.26299999999999,109.259,1.2,2.32
03.08.2021 00:36:01.548,109.264,109.258,5.35,1.5
03.08.2021 00:36:02.457,109.26,109.257,3.29,1
03.08.2021 00:36:02.559,109.259,109.256,1,1.01
03.08.2021 00:36:02.660,109.259,109.255,1.57,1.76
03.08.2021 00:36:07.523,109.25200000000001,109.25,1,1.5
03.08.2021 00:36:07.574,109.25200000000001,109.249,1,2.51
03.08.2021 00:36:07.727,109.251,109.24799999999999,1.39,3.07
03.08.2021 00:36:07.829,109.251,109.24700000000001,4.54,2.25
03.08.2021 00:36:08.363,109.251,109.24700000000001,3.45,1.76
03.08.2021 00:36:09.794,109.25200000000001,109.24799999999999,3,1
03.08.2021 00:36:10.973,109.25200000000001,109.24799999999999,1.5,2.16
03.08.2021 00:36:11.997,109.253,109.249,2.32,2.32
03.08.2021 00:36:12.292,109.253,109.249,2.62,1.97
03.08.2021 00:36:12.394,109.253,109.249,3.07,1.57
03.08.2021 00:36:20.474,109.254,109.25,3,1.76
03.08.2021 00:36:20.575,109.254,109.25,1,2.16
03.08.2021 00:36:20.677,109.254,109.25,4.35,1.5
03.08.2021 00:36:23.881,109.253,109.24799999999999,3.07,2.91
03.08.2021 00:36:40.143,109.253,109.25,1.95,1
03.08.2021 00:36:44.092,109.25200000000001,109.24799999999999,1.39,2.32
03.08.2021 00:36:48.900,109.253,109.24799999999999,2.85,3.39
03.08.2021 00:36:49.900,109.253,109.24799999999999,2.85,3.26
03.08.2021 00:36:52.100,109.253,109.249,2.1,1
03.08.2021 00:36:52.875,109.254,109.24799999999999,2.32,1.2
03.08.2021 00:36:54.218,109.253,109.25,1.2,1
03.08.2021 00:36:54.320,109.254,109.251,2.92,1.1
03.08.2021 00:36:54.776,109.254,109.25,2.85,1
03.08.2021 00:36:54.978,109.254,109.25,1.57,1
03.08.2021 00:36:55.080,109.253,109.249,1.2,4.01
03.08.2021 00:36:59.555,109.254,109.24799999999999,3.79,1.87
03.08.2021 00:36:59.657,109.251,109.24799999999999,1.95,1.81
03.08.2021 00:37:00.107,109.251,109.24799999999999,1.95,1.25
03.08.2021 00:37:04.947,109.251,109.24700000000001,2.85,2.06
03.08.2021 00:37:07.553,109.25200000000001,109.24600000000001,2.89,2.06
03.08.2021 00:37:13.398,109.25200000000001,109.24700000000001,1.5,1.1
03.08.2021 00:37:13.550,109.25200000000001,109.24799999999999,3.37,1.76
03.08.2021 00:37:17.521,109.253,109.24799999999999,3.22,3.51
03.08.2021 00:37:22.458,109.253,109.24799999999999,3.41,2.51
03.08.2021 00:37:22.932,109.253,109.24799999999999,2.7,2.91
03.08.2021 00:37:37.327,109.253,109.249,1.95,2.57
03.08.2021 00:37:37.428,109.254,109.25,1.5,2.91
03.08.2021 00:37:37.529,109.254,109.25,3.07,1.76
03.08.2021 00:37:37.782,109.255,109.249,5.02,1
03.08.2021 00:37:50.388,109.254,109.251,1.87,1.1
03.08.2021 00:37:50.540,109.254,109.25200000000001,1,1
03.08.2021 00:37:52.084,109.256,109.25200000000001,5.01,1.1
03.08.2021 00:37:52.237,109.256,109.25200000000001,1.2,2.51
03.08.2021 00:37:52.338,109.257,109.254,1.2,1
03.08.2021 00:37:58.894,109.258,109.254,2.89,1.57
03.08.2021 00:38:01.931,109.259,109.255,2.77,1
03.08.2021 00:38:22.494,109.259,109.255,1.69,1.57
03.08.2021 00:38:49.127,109.259,109.255,1.6,3.19
03.08.2021 00:38:59.512,109.259,109.255,2.1,2.5
03.08.2021 00:38:59.614,109.26,109.256,2.1,2.44
03.08.2021 00:38:59.715,109.26100000000001,109.255,1.95,2.51
03.08.2021 00:38:59.817,109.26,109.258,1.95,1
03.08.2021 00:39:00.856,109.26100000000001,109.258,1.2,2.5
03.08.2021 00:39:00.957,109.26200000000001,109.26,2.7,1
03.08.2021 00:39:03.937,109.26,109.257,2.29,1.5
03.08.2021 00:39:04.038,109.26,109.256,6.49,1
03.08.2021 00:39:04.190,109.259,109.255,2.47,2.81
03.08.2021 00:39:04.292,109.258,109.255,1.6,1.69
03.08.2021 00:39:09.454,109.259,109.253,1.72,3.19
03.08.2021 00:39:13.911,109.258,109.256,1.2,1
03.08.2021 00:39:14.226,109.258,109.255,1.6,1.25
03.08.2021 00:39:16.731,109.258,109.254,1.6,2.44
03.08.2021 00:39:23.760,109.258,109.255,1.6,1
03.08.2021 00:39:54.553,109.255,109.251,2.47,5.51
03.08.2021 00:39:54.705,109.251,109.24799999999999,2.1,1.12
03.08.2021 00:39:54.807,109.25,109.24700000000001,1.2,4.39
03.08.2021 00:39:54.908,109.25,109.24799999999999,1.2,1
03.08.2021 00:39:55.225,109.25,109.24700000000001,1.2,3.19
03.08.2021 00:39:59.375,109.251,109.24700000000001,1.6,3.19
03.08.2021 00:40:03.346,109.251,109.24700000000001,1.6,3.19
03.08.2021 00:40:12.445,109.251,109.24799999999999,1.1,1
03.08.2021 00:40:15.271,109.254,109.25,2.1,2.5
03.08.2021 00:40:15.373,109.255,109.25200000000001,1.8,1.5
03.08.2021 00:40:15.526,109.255,109.253,1.22,1
03.08.2021 00:40:15.627,109.255,109.253,1,1
03.08.2021 00:40:17.356,109.255,109.25200000000001,1,1.5
03.08.2021 00:40:17.457,109.255,109.253,1,1
03.08.2021 00:40:17.508,109.258,109.253,1.2,1.5
03.08.2021 00:40:17.912,109.258,109.254,1.1,1
03.08.2021 00:40:23.638,109.258,109.253,1.76,1
03.08.2021 00:40:23.739,109.256,109.254,1.2,1
03.08.2021 00:40:23.840,109.256,109.253,2.14,1
03.08.2021 00:40:33.501,109.256,109.254,1,1
03.08.2021 00:40:33.769,109.256,109.255,1,1
03.08.2021 00:40:38.649,109.257,109.255,1.2,1.5
03.08.2021 00:40:42.242,109.257,109.253,3.32,2.25
03.08.2021 00:40:42.344,109.255,109.253,1.47,1
03.08.2021 00:40:43.051,109.257,109.254,1.3,1
03.08.2021 00:40:43.152,109.258,109.255,2.06,1
03.08.2021 00:40:43.305,109.259,109.257,1.2,1
03.08.2021 00:40:43.406,109.259,109.256,1.2,1.5
03.08.2021 00:40:58.854,109.257,109.256,1,1
03.08.2021 00:41:00.672,109.258,109.256,1.2,1
03.08.2021 00:41:02.971,109.258,109.254,2.32,1.57
03.08.2021 00:41:03.872,109.258,109.255,1.57,1.5
03.08.2021 00:41:04.219,109.256,109.254,3.07,1
03.08.2021 00:41:04.320,109.256,109.25200000000001,3.82,2.51
03.08.2021 00:41:04.371,109.254,109.25200000000001,1,1
03.08.2021 00:41:04.523,109.254,109.251,3.45,1.12
03.08.2021 00:41:05.050,109.254,109.251,3.97,1
03.08.2021 00:41:08.004,109.254,109.25,3.22,2.44
03.08.2021 00:41:08.155,109.254,109.25200000000001,1,1
03.08.2021 00:41:08.257,109.255,109.254,1,1
03.08.2021 00:41:08.358,109.257,109.255,1,1
03.08.2021 00:41:08.956,109.259,109.254,1.2,1
03.08.2021 00:41:10.139,109.259,109.255,1.5,4.47
03.08.2021 00:41:11.661,109.26,109.257,1.5,1.01
03.08.2021 00:41:11.813,109.26100000000001,109.258,1.5,1.01
03.08.2021 00:41:11.864,109.26200000000001,109.26100000000001,1,1
03.08.2021 00:41:11.965,109.26299999999999,109.26100000000001,1.95,1
03.08.2021 00:41:13.740,109.26299999999999,109.26200000000001,1,1
03.08.2021 00:41:13.791,109.26200000000001,109.26,1,1.57
03.08.2021 00:41:14.094,109.26299999999999,109.26,1.2,1.5
03.08.2021 00:41:14.347,109.264,109.26,1.2,1
03.08.2021 00:41:15.512,109.265,109.26100000000001,1.6,3.19
03.08.2021 00:41:15.816,109.265,109.26200000000001,1.6,1
03.08.2021 00:41:23.472,109.265,109.26200000000001,1.95,1
03.08.2021 00:41:38.426,109.265,109.26100000000001,2.7,2.89
03.08.2021 00:41:47.050,109.26200000000001,109.26100000000001,1,1.5
03.08.2021 00:41:47.151,109.26200000000001,109.26,1.95,1
03.08.2021 00:41:47.253,109.259,109.256,1,1.57
03.08.2021 00:41:47.455,109.26,109.256,1.95,3.26
03.08.2021 00:41:51.033,109.26,109.255,1.57,2.44
03.08.2021 00:42:10.861,109.26100000000001,109.259,1.58,1.1
03.08.2021 00:42:10.962,109.26200000000001,109.259,1,2.35
03.08.2021 00:42:11.064,109.264,109.26,2.82,1.1
03.08.2021 00:42:11.166,109.264,109.26,2.32,1.57
03.08.2021 00:42:11.267,109.26299999999999,109.26,1.5,1.1
03.08.2021 00:42:11.368,109.264,109.26100000000001,2.7,1
03.08.2021 00:42:11.470,109.26299999999999,109.26,1,1.01
03.08.2021 00:42:11.875,109.26299999999999,109.26100000000001,1,1
03.08.2021 00:42:12.854,109.264,109.26100000000001,1.95,1
03.08.2021 00:42:13.840,109.26100000000001,109.26,1.25,1
03.08.2021 00:42:13.941,109.26100000000001,109.258,2.14,1
03.08.2021 00:42:15.069,109.26100000000001,109.257,2.14,3.07
03.08.2021 00:42:17.489,109.26200000000001,109.257,1.5,1.82
03.08.2021 00:42:17.591,109.26299999999999,109.26,1.5,1.01
03.08.2021 00:42:17.843,109.26299999999999,109.26,1,2.57
03.08.2021 00:42:17.979,109.264,109.26,2.25,3.72
03.08.2021 00:42:18.190,109.264,109.26200000000001,1.5,1
03.08.2021 00:42:26.890,109.265,109.26100000000001,3.07,2.57
03.08.2021 00:42:27.254,109.268,109.26200000000001,2.45,1.76
03.08.2021 00:42:27.356,109.26700000000001,109.26299999999999,1.95,2.51
03.08.2021 00:42:28.611,109.26700000000001,109.264,1.95,1
03.08.2021 00:42:28.985,109.264,109.26299999999999,1,1
03.08.2021 00:42:29.086,109.264,109.26100000000001,1,2.51
03.08.2021 00:42:29.188,109.264,109.26,1,1.5
03.08.2021 00:42:40.972,109.265,109.26,1,2.51
03.08.2021 00:42:41.123,109.265,109.26100000000001,1.95,3.26
03.08.2021 00:42:41.388,109.265,109.26200000000001,1,1.82
03.08.2021 00:43:23.429,109.264,109.26100000000001,1,2.51
03.08.2021 00:43:52.252,109.26200000000001,109.259,2.32,1.5
03.08.2021 00:43:52.354,109.259,109.256,1.12,2.21
03.08.2021 00:43:52.455,109.258,109.255,1,1.01
03.08.2021 00:43:52.557,109.257,109.255,1,1.1
03.08.2021 00:43:54.301,109.257,109.253,1.5,3.72
03.08.2021 00:44:00.092,109.256,109.253,1,2.57
03.08.2021 00:44:00.194,109.255,109.253,1,1
03.08.2021 00:44:06.431,109.256,109.253,1.95,1
03.08.2021 00:44:08.952,109.253,109.251,1,2.32
03.08.2021 00:44:09.053,109.25200000000001,109.251,1,1
03.08.2021 00:44:09.104,109.253,109.24799999999999,1,3.71
03.08.2021 00:44:09.407,109.251,109.24700000000001,3.1,2.44
03.08.2021 00:44:09.508,109.251,109.24700000000001,2.32,2.14
03.08.2021 00:44:09.609,109.25,109.24700000000001,1.5,2.14
03.08.2021 00:44:09.710,109.251,109.24700000000001,1.5,2.89
03.08.2021 00:44:14.554,109.25,109.24600000000001,1,3.19
03.08.2021 00:44:14.808,109.251,109.245,1.97,3.19
03.08.2021 00:44:21.588,109.25,109.244,1.22,3.19
03.08.2021 00:44:31.735,109.249,109.245,1.57,2.89
03.08.2021 00:44:38.154,109.25,109.245,1.57,1.25
03.08.2021 00:44:38.256,109.25,109.24600000000001,1.1,3.7
03.08.2021 00:44:45.693,109.25200000000001,109.24600000000001,1.57,2.89
03.08.2021 00:44:45.795,109.251,109.24799999999999,1.1,3.25
03.08.2021 00:44:59.939,109.25200000000001,109.25,1,1.45
03.08.2021 00:45:00.040,109.253,109.25,1,2.95
03.08.2021 00:45:00.142,109.255,109.25200000000001,1,1
03.08.2021 00:45:01.316,109.256,109.25200000000001,2.7,2.25
03.08.2021 00:45:01.558,109.256,109.253,2.7,1
03.08.2021 00:45:01.875,109.256,109.25200000000001,2.7,3
03.08.2021 00:45:02.891,109.256,109.253,1.5,2.14
03.08.2021 00:45:02.993,109.257,109.254,1.5,1.45
03.08.2021 00:45:07.185,109.257,109.255,1,1.25
03.08.2021 00:45:08.144,109.25200000000001,109.25,1.1,7.57
03.08.2021 00:45:08.246,109.25200000000001,109.25,1.57,1.25
03.08.2021 00:45:08.347,109.25200000000001,109.24799999999999,3.1,1.5
03.08.2021 00:45:08.450,109.25,109.24700000000001,1.57,2.89
03.08.2021 00:45:13.223,109.251,109.245,2.32,3.64
03.08.2021 00:45:13.325,109.25,109.24600000000001,2.72,3.19
03.08.2021 00:45:13.679,109.25,109.24600000000001,2.7,3.26
03.08.2021 00:45:14.797,109.249,109.24600000000001,1.95,1
03.08.2021 00:45:24.803,109.249,109.24600000000001,1,2.57
03.08.2021 00:45:27.019,109.25,109.24600000000001,2.7,2.95
03.08.2021 00:45:27.836,109.251,109.245,3.45,1.76
03.08.2021 00:45:27.988,109.249,109.24600000000001,1,1.01
03.08.2021 00:45:28.405,109.249,109.24600000000001,1,2.57
03.08.2021 00:45:28.544,109.25,109.24600000000001,2.7,2.51
03.08.2021 00:45:28.646,109.249,109.24600000000001,1,1.01
03.08.2021 00:45:31.308,109.249,109.24600000000001,1,2.2
03.08.2021 00:45:37.142,109.251,109.245,2.25,3.04
03.08.2021 00:45:39.523,109.24799999999999,109.244,3.07,4.09
03.08.2021 00:45:39.625,109.24700000000001,109.244,1,3.34
03.08.2021 00:45:39.777,109.24600000000001,109.243,1,2.7
03.08.2021 00:45:42.660,109.24600000000001,109.242,2.89,1.95
03.08.2021 00:45:53.767,109.24600000000001,109.242,2.25,3.22
03.08.2021 00:46:05.705,109.24700000000001,109.243,1,2.85
03.08.2021 00:46:23.027,109.24799999999999,109.245,1,2.47
03.08.2021 00:46:23.129,109.249,109.24600000000001,1.25,1.95
03.08.2021 00:46:23.231,109.249,109.24600000000001,1.25,2.1
03.08.2021 00:46:29.450,109.25,109.24600000000001,1.5,3.41
03.08.2021 00:46:31.714,109.251,109.24700000000001,1.25,3.22
03.08.2021 00:46:43.904,109.251,109.24700000000001,2.14,2.7
03.08.2021 00:46:49.031,109.25200000000001,109.24799999999999,4.04,1
03.08.2021 00:46:59.777,109.25200000000001,109.25,4.64,1
03.08.2021 00:47:00.595,109.25200000000001,109.25,2.14,1
03.08.2021 00:47:06.416,109.255,109.253,1.12,1
03.08.2021 00:47:06.620,109.256,109.253,1.95,1.5
03.08.2021 00:47:06.671,109.258,109.254,2.14,2.32
03.08.2021 00:47:07.747,109.258,109.254,2.29,2.25
03.08.2021 00:47:07.849,109.258,109.254,1.76,2.7
03.08.2021 00:47:11.502,109.258,109.256,1.76,1
03.08.2021 00:47:12.787,109.26,109.257,1,1
03.08.2021 00:47:12.889,109.26100000000001,109.258,3.72,1
03.08.2021 00:47:13.751,109.259,109.257,1.1,1
03.08.2021 00:47:14.004,109.259,109.258,1,1
03.08.2021 00:47:14.105,109.259,109.257,1,1
03.08.2021 00:47:15.250,109.26,109.257,2.51,1
03.08.2021 00:47:15.351,109.26,109.258,1.31,1
03.08.2021 00:47:15.453,109.26200000000001,109.26,3.89,1
03.08.2021 00:47:15.503,109.26299999999999,109.26100000000001,1,1
03.08.2021 00:47:15.605,109.26299999999999,109.26200000000001,1,1
03.08.2021 00:47:16.506,109.26299999999999,109.26100000000001,1,1
03.08.2021 00:47:19.018,109.26299999999999,109.26,1.5,1.1
03.08.2021 00:47:20.593,109.26200000000001,109.26100000000001,1,1
03.08.2021 00:47:20.694,109.26200000000001,109.26,1,1
03.08.2021 00:47:24.759,109.264,109.259,2.14,1
03.08.2021 00:47:30.431,109.26299999999999,109.26100000000001,1.5,1
03.08.2021 00:47:31.582,109.26,109.259,1.2,1
03.08.2021 00:47:31.684,109.259,109.257,1.2,1.2
03.08.2021 00:47:31.785,109.259,109.256,1.95,1
03.08.2021 00:47:35.008,109.258,109.256,2.5,1
03.08.2021 00:47:35.110,109.258,109.256,1,1
03.08.2021 00:47:48.786,109.257,109.254,1,2.51
03.08.2021 00:47:48.988,109.257,109.255,1,1
03.08.2021 00:47:54.431,109.257,109.254,1,1.57
03.08.2021 00:47:54.662,109.257,109.255,1,1
03.08.2021 00:47:55.726,109.258,109.255,1.5,1.1
03.08.2021 00:48:07.859,109.25200000000001,109.25,1,6.75
03.08.2021 00:48:07.910,109.251,109.249,1,3.07
03.08.2021 00:48:08.012,109.251,109.249,1,1.1
03.08.2021 00:48:08.113,109.25,109.24799999999999,1,1.57
03.08.2021 00:48:08.214,109.251,109.24799999999999,1.25,1.57
03.08.2021 00:48:12.397,109.253,109.24799999999999,1,1.01
03.08.2021 00:48:13.007,109.254,109.25200000000001,1.25,1
03.08.2021 00:48:13.160,109.255,109.251,2.44,2.16
03.08.2021 00:48:13.983,109.255,109.253,1,1
03.08.2021 00:48:16.348,109.255,109.25200000000001,1,1.1
03.08.2021 00:48:21.921,109.256,109.25200000000001,3.19,2.54
03.08.2021 00:48:22.072,109.256,109.254,1.25,1
03.08.2021 00:48:24.029,109.256,109.253,2.14,1.5
03.08.2021 00:48:24.282,109.257,109.251,3.64,1.57
03.08.2021 00:48:24.383,109.255,109.25200000000001,1,1.1
03.08.2021 00:48:24.485,109.255,109.251,1.2,2.51
03.08.2021 00:48:26.607,109.256,109.25200000000001,2.89,1.1
03.08.2021 00:48:26.709,109.256,109.253,1,1.5
03.08.2021 00:48:28.279,109.256,109.25200000000001,1.95,1.57
03.08.2021 00:48:28.381,109.256,109.253,1,1.1
03.08.2021 00:48:28.482,109.257,109.251,2.32,1.57
03.08.2021 00:48:28.786,109.256,109.25200000000001,6.04,1.5
03.08.2021 00:48:29.651,109.257,109.254,1.7,1
03.08.2021 00:48:29.752,109.257,109.254,2.14,1
03.08.2021 00:48:32.601,109.258,109.254,2.89,1.57
03.08.2021 00:48:51.665,109.258,109.255,1,1.76
03.08.2021 00:48:51.767,109.259,109.256,1,1.1
03.08.2021 00:48:55.822,109.26,109.256,4.39,1.57
03.08.2021 00:48:56.944,109.26,109.256,4.54,1.5
03.08.2021 00:49:06.350,109.26,109.257,2.25,1.1
03.08.2021 00:49:06.502,109.26200000000001,109.258,6.51,1.1
03.08.2021 00:49:07.809,109.26200000000001,109.26,1,1.1
03.08.2021 00:49:07.910,109.26299999999999,109.26,1.2,1.5
03.08.2021 00:49:09.557,109.26299999999999,109.26100000000001,1,1
03.08.2021 00:49:12.373,109.26,109.257,1.95,1
03.08.2021 00:49:12.475,109.259,109.256,1.2,1.69
03.08.2021 00:49:12.576,109.258,109.255,1.39,1.5
03.08.2021 00:49:20.355,109.258,109.254,2.14,1.5
03.08.2021 00:49:23.371,109.257,109.254,1,1.5
03.08.2021 00:49:26.903,109.258,109.254,1.76,1.5
03.08.2021 00:49:28.606,109.259,109.254,1.2,1
03.08.2021 00:49:28.757,109.259,109.256,1.39,1
03.08.2021 00:49:29.112,109.26,109.258,1,1
03.08.2021 00:49:29.213,109.26200000000001,109.257,6.29,1.57
03.08.2021 00:49:29.315,109.26200000000001,109.257,2.89,2.16
03.08.2021 00:49:29.416,109.26299999999999,109.256,4.64,1.97
03.08.2021 00:49:34.718,109.26299999999999,109.26,4.01,1
03.08.2021 00:49:35.034,109.264,109.26100000000001,1.85,1
03.08.2021 00:49:35.254,109.264,109.26100000000001,1.39,1
03.08.2021 00:49:36.271,109.26299999999999,109.26100000000001,1,1
03.08.2021 00:49:37.604,109.26299999999999,109.26100000000001,1,1
03.08.2021 00:49:37.807,109.26200000000001,109.26,1,1.1
03.08.2021 00:49:46.395,109.26299999999999,109.26100000000001,1,1
03.08.2021 00:49:46.547,109.264,109.26,1.25,1.97
03.08.2021 00:49:47.294,109.264,109.26,2.89,1.57
03.08.2021 00:49:47.889,109.264,109.26100000000001,1.39,1
03.08.2021 00:49:49.399,109.264,109.26,1.39,1.57
03.08.2021 00:49:53.549,109.264,109.26100000000001,1.39,1
03.08.2021 00:49:55.628,109.26200000000001,109.259,1.5,1.1
03.08.2021 00:49:55.780,109.26200000000001,109.258,3.45,2.89
03.08.2021 00:49:56.299,109.26,109.256,1.39,3.45
03.08.2021 00:49:56.400,109.26100000000001,109.258,1.25,1.1
03.08.2021 00:49:59.303,109.26100000000001,109.259,1.25,1
03.08.2021 00:49:59.405,109.264,109.26100000000001,1.69,1.1
03.08.2021 00:49:59.507,109.26299999999999,109.259,4.04,1
03.08.2021 00:49:59.608,109.26200000000001,109.257,3.79,3.71
03.08.2021 00:50:04.403,109.26,109.257,2.39,1
03.08.2021 00:50:04.505,109.259,109.255,3.66,1.5
03.08.2021 00:50:04.556,109.257,109.253,1.39,1.57
03.08.2021 00:50:11.727,109.258,109.255,1.5,1.1
03.08.2021 00:50:11.878,109.26,109.256,5.78,2.7
03.08.2021 00:50:11.980,109.26,109.257,1.95,1
03.08.2021 00:50:14.620,109.26100000000001,109.257,1.95,1.25
03.08.2021 00:50:15.255,109.26100000000001,109.257,1,3.47
03.08.2021 00:50:15.357,109.26299999999999,109.257,1,1.39
03.08.2021 00:50:15.458,109.264,109.258,2.02,1.25
03.08.2021 00:50:15.864,109.26200000000001,109.258,2.25,1.45
03.08.2021 00:50:19.371,109.26299999999999,109.258,2.7,2.95
03.08.2021 00:50:20.125,109.26299999999999,109.259,1.95,1.25
03.08.2021 00:50:20.176,109.265,109.26100000000001,3.82,1.1
03.08.2021 00:50:20.278,109.264,109.26100000000001,1,1.69
03.08.2021 00:50:20.379,109.266,109.26200000000001,3.48,1
03.08.2021 00:50:20.639,109.266,109.26299999999999,1,1
03.08.2021 00:50:20.740,109.26700000000001,109.26299999999999,2.7,1
03.08.2021 00:50:21.046,109.268,109.264,1.45,1.12
03.08.2021 00:50:21.097,109.27,109.266,2.32,1.5
03.08.2021 00:50:21.199,109.27,109.265,1.1,1
03.08.2021 00:50:21.300,109.27,109.26700000000001,3.07,1
03.08.2021 00:50:22.667,109.27,109.268,1.57,1
03.08.2021 00:50:24.895,109.27,109.26700000000001,1.2,1.5
03.08.2021 00:50:28.187,109.271,109.26700000000001,2.89,1
03.08.2021 00:50:29.024,109.27,109.26700000000001,1,1.25
03.08.2021 00:50:29.504,109.271,109.26700000000001,1.2,2.44
03.08.2021 00:50:34.174,109.27,109.268,1,1.5
03.08.2021 00:50:34.992,109.27,109.26700000000001,1,1.57
03.08.2021 00:50:35.135,109.271,109.26700000000001,2.32,3.26
03.08.2021 00:50:45.841,109.27,109.26700000000001,1,2.89
03.08.2021 00:50:56.272,109.272,109.26700000000001,1.2,1
03.08.2021 00:51:00.584,109.271,109.269,1.2,1.69
03.08.2021 00:51:00.635,109.272,109.271,2.7,1.69
03.08.2021 00:51:00.686,109.27600000000001,109.27,2.45,1.57
03.08.2021 00:51:00.738,109.27600000000001,109.272,3.45,3.19
03.08.2021 00:51:00.840,109.27700000000002,109.273,2.02,2.44
03.08.2021 00:51:00.942,109.27799999999999,109.273,6.53,3.64
03.08.2021 00:51:01.044,109.279,109.274,3.45,1.5
03.08.2021 00:51:01.196,109.279,109.275,1.1,1.5
03.08.2021 00:51:01.348,109.279,109.27700000000002,1,1.5
03.08.2021 00:51:01.450,109.279,109.27600000000001,1.1,1
03.08.2021 00:51:01.602,109.28,109.275,3.47,2.25
03.08.2021 00:51:01.704,109.28,109.27700000000002,1.5,1
03.08.2021 00:51:02.007,109.28,109.27600000000001,1.1,1.25
03.08.2021 00:51:02.108,109.27799999999999,109.274,1.5,3.45
03.08.2021 00:51:02.311,109.27799999999999,109.275,1.5,1.5
03.08.2021 00:51:02.412,109.27799999999999,109.274,3.08,1
03.08.2021 00:51:03.310,109.27799999999999,109.273,4.28,4.01
03.08.2021 00:51:03.499,109.27799999999999,109.274,3.08,1.75
03.08.2021 00:51:03.653,109.27600000000001,109.274,1,1
03.08.2021 00:51:03.755,109.27600000000001,109.273,1,1.95
03.08.2021 00:51:03.856,109.27600000000001,109.274,1,1.25
03.08.2021 00:51:06.148,109.27700000000002,109.274,1,1.01
03.08.2021 00:51:23.698,109.27600000000001,109.273,1,1.97
03.08.2021 00:51:23.800,109.273,109.271,1.69,1.95
03.08.2021 00:51:23.901,109.272,109.27,1.25,1.57
03.08.2021 00:51:24.002,109.273,109.271,1.75,1
03.08.2021 00:51:24.104,109.273,109.27,1.45,1.5
03.08.2021 00:51:24.746,109.273,109.271,1.25,1.5
03.08.2021 00:51:24.797,109.274,109.272,1,1.57
03.08.2021 00:51:24.899,109.27700000000002,109.273,2.5,1.57
03.08.2021 00:51:25.001,109.27700000000002,109.274,2.2,1
03.08.2021 00:51:25.256,109.28,109.27700000000002,1.75,1
03.08.2021 00:51:32.164,109.28,109.27799999999999,1.25,1
03.08.2021 00:51:35.396,109.28,109.27700000000002,1.75,1.2
03.08.2021 00:51:38.556,109.279,109.275,1.25,2.7
03.08.2021 00:51:38.710,109.27799999999999,109.274,2.44,2.7
03.08.2021 00:51:46.247,109.27700000000002,109.274,1,1.95
03.08.2021 00:51:48.034,109.27600000000001,109.273,1.25,1.57
03.08.2021 00:51:49.253,109.27700000000002,109.274,4.07,1
03.08.2021 00:51:49.355,109.27600000000001,109.273,1.01,1
03.08.2021 00:51:49.456,109.275,109.273,1.76,1
03.08.2021 00:51:50.630,109.27600000000001,109.273,1.01,1
03.08.2021 00:51:52.246,109.27600000000001,109.272,2.91,2.25
03.08.2021 00:51:53.627,109.27600000000001,109.272,2.51,1.2
03.08.2021 00:51:54.337,109.27700000000002,109.273,2.91,1.5
03.08.2021 00:51:59.191,109.27799999999999,109.273,1.1,1.25
03.08.2021 00:52:00.120,109.27799999999999,109.274,3.55,2.5
03.08.2021 00:52:00.171,109.27799999999999,109.27700000000002,1.58,1
03.08.2021 00:52:00.272,109.28,109.27700000000002,2.91,1
03.08.2021 00:52:01.677,109.281,109.275,3.85,2.44
03.08.2021 00:52:01.930,109.28,109.27700000000002,2.91,1
03.08.2021 00:52:02.031,109.28,109.27700000000002,1.01,1.5
03.08.2021 00:52:03.892,109.281,109.27700000000002,3.64,1.57
03.08.2021 00:52:04.524,109.28,109.27700000000002,1,1.57
03.08.2021 00:52:04.625,109.281,109.27700000000002,1,1.1
03.08.2021 00:52:05.488,109.281,109.27700000000002,1.69,2.35
03.08.2021 00:52:06.391,109.28200000000001,109.27700000000002,4.24,2.91
03.08.2021 00:52:06.498,109.28200000000001,109.27700000000002,4.56,2.72
03.08.2021 00:52:10.285,109.283,109.28,2.05,1.1
03.08.2021 00:52:10.386,109.283,109.28,1,1.1
03.08.2021 00:52:10.488,109.28399999999999,109.281,1.11,2.51
03.08.2021 00:52:10.589,109.286,109.28200000000001,4.42,1.57
03.08.2021 00:52:10.691,109.287,109.283,1.57,1.5
03.08.2021 00:52:11.300,109.287,109.28399999999999,1.1,1
03.08.2021 00:52:11.712,109.288,109.286,1.5,1.5
03.08.2021 00:52:11.864,109.288,109.285,1,1.57
03.08.2021 00:52:12.715,109.29,109.288,1,2.7
03.08.2021 00:52:12.817,109.29,109.288,1.95,1
03.08.2021 00:52:13.020,109.289,109.288,1,1
03.08.2021 00:52:13.543,109.289,109.287,1.2,1
03.08.2021 00:52:17.884,109.285,109.283,1.1,2.32
03.08.2021 00:52:18.238,109.286,109.281,3.64,1
03.08.2021 00:52:18.340,109.285,109.281,1.91,1.5
03.08.2021 00:52:18.442,109.286,109.281,2.7,2.95
03.08.2021 00:52:20.534,109.286,109.283,1.95,1
03.08.2021 00:52:20.636,109.287,109.28399999999999,2.05,1
03.08.2021 00:52:20.788,109.288,109.28399999999999,1.95,1.69
03.08.2021 00:52:39.431,109.288,109.285,1.2,1
03.08.2021 00:52:40.863,109.286,109.283,1.97,1
03.08.2021 00:52:40.964,109.286,109.28200000000001,2.54,1
03.08.2021 00:52:41.065,109.286,109.283,3.29,1
03.08.2021 00:52:41.167,109.286,109.28200000000001,3.29,1
03.08.2021 00:52:41.269,109.286,109.283,2.35,1
03.08.2021 00:52:41.371,109.286,109.28200000000001,1.97,3.19
03.08.2021 00:52:41.473,109.287,109.283,2.77,1.25
03.08.2021 00:52:41.524,109.287,109.285,2.77,1
03.08.2021 00:52:49.917,109.286,109.283,1.6,1.5
03.08.2021 00:52:50.018,109.286,109.28200000000001,7.22,1.5
03.08.2021 00:52:55.078,109.285,109.281,2.16,2.25
03.08.2021 00:52:56.128,109.283,109.281,1,1.5
03.08.2021 00:52:56.738,109.28200000000001,109.28,1.1,1
03.08.2021 00:52:56.839,109.283,109.27799999999999,1.76,1.25
03.08.2021 00:52:56.941,109.281,109.27799999999999,1.1,2.06
03.08.2021 00:52:57.042,109.281,109.279,1,1
03.08.2021 00:52:57.447,109.28200000000001,109.279,1,2.89
03.08.2021 00:52:58.086,109.281,109.27799999999999,1,2.96
03.08.2021 00:53:00.350,109.28,109.27799999999999,1,1
03.08.2021 00:53:00.453,109.28,109.27600000000001,1.57,3.26
03.08.2021 00:53:00.555,109.28,109.27700000000002,1.1,1
03.08.2021 00:53:03.140,109.281,109.27700000000002,1.97,2.87
03.08.2021 00:53:03.191,109.28200000000001,109.27799999999999,4.8,1.01
03.08.2021 00:53:05.161,109.281,109.27799999999999,1,1.1
03.08.2021 00:53:05.262,109.281,109.27700000000002,1.97,1.25
03.08.2021 00:53:06.646,109.28200000000001,109.279,1.1,1.5
03.08.2021 00:53:06.899,109.28200000000001,109.28,1.1,1
03.08.2021 00:53:07.192,109.28200000000001,109.279,1.1,1.5
03.08.2021 00:53:08.357,109.28399999999999,109.281,2.2,1.5
03.08.2021 00:53:08.509,109.285,109.281,3.26,1.5
03.08.2021 00:53:09.461,109.286,109.283,1.57,1.94
03.08.2021 00:53:09.563,109.288,109.28399999999999,1.95,1.01
03.08.2021 00:53:09.716,109.289,109.285,2.32,1.01
03.08.2021 00:53:09.818,109.289,109.28399999999999,2.1,1.57
03.08.2021 00:53:09.920,109.289,109.285,2.7,1.01
03.08.2021 00:53:10.021,109.289,109.286,2.7,1
03.08.2021 00:53:10.224,109.29100000000001,109.286,1.12,1.01
03.08.2021 00:53:10.326,109.29100000000001,109.287,1.2,1.82
03.08.2021 00:53:10.428,109.29100000000001,109.288,1.2,1.25
03.08.2021 00:53:10.529,109.29200000000002,109.288,1.95,1.76
03.08.2021 00:53:11.258,109.29299999999999,109.29,1.8,1.25
03.08.2021 00:53:11.360,109.29299999999999,109.29,1.57,1.5
03.08.2021 00:53:11.461,109.295,109.29100000000001,3.6,1
03.08.2021 00:53:11.665,109.294,109.29,2.1,1.25
03.08.2021 00:53:11.767,109.29299999999999,109.289,2.32,1.01
03.08.2021 00:53:11.869,109.29299999999999,109.29,1.57,1
03.08.2021 00:53:11.971,109.29299999999999,109.289,2.47,1.25
03.08.2021 00:53:12.073,109.29299999999999,109.289,2.32,1.01
03.08.2021 00:53:12.725,109.29299999999999,109.289,2.35,1.25
03.08.2021 00:53:13.327,109.29299999999999,109.29,1.1,1.5
03.08.2021 00:53:13.429,109.295,109.29100000000001,3.6,1
03.08.2021 00:53:13.586,109.29299999999999,109.29,1.01,1.25
03.08.2021 00:53:13.687,109.295,109.29100000000001,2.47,1
03.08.2021 00:53:19.966,109.295,109.29,2.85,2.44
03.08.2021 00:53:20.404,109.296,109.29200000000002,2.1,1.5
03.08.2021 00:53:20.606,109.296,109.29299999999999,1.97,1
03.08.2021 00:53:20.657,109.29899999999999,109.295,1.2,2.51
03.08.2021 00:53:21.011,109.3,109.29700000000001,1.95,1
03.08.2021 00:53:21.214,109.3,109.296,3.07,1.5
03.08.2021 00:53:22.596,109.3,109.295,4.2,2.89
03.08.2021 00:53:23.423,109.29899999999999,109.295,1,3.26
03.08.2021 00:53:24.481,109.29899999999999,109.296,1.2,1.5
03.08.2021 00:53:24.749,109.298,109.296,1,1
03.08.2021 00:53:25.996,109.29899999999999,109.296,1.2,1
03.08.2021 00:53:26.047,109.296,109.29299999999999,3.79,1.12
03.08.2021 00:53:26.199,109.295,109.29100000000001,2.1,3.64
03.08.2021 00:53:26.654,109.295,109.29100000000001,1.95,2.51
03.08.2021 00:53:27.943,109.294,109.29100000000001,1.1,2.25
03.08.2021 00:53:31.446,109.29299999999999,109.29100000000001,1.95,1
03.08.2021 00:53:31.497,109.29299999999999,109.289,3.6,3.19
03.08.2021 00:53:31.750,109.29200000000002,109.29,1,1
03.08.2021 00:53:31.852,109.29299999999999,109.289,1.95,2.51
03.08.2021 00:53:31.954,109.29299999999999,109.29,1.2,1.25
03.08.2021 00:53:32.157,109.29299999999999,109.289,1.95,2.51
03.08.2021 00:53:32.258,109.29299999999999,109.29,2.7,1
03.08.2021 00:53:34.156,109.294,109.288,1.95,2.51
03.08.2021 00:53:36.389,109.29299999999999,109.288,1.5,2.32
03.08.2021 00:53:36.490,109.29200000000002,109.289,2.02,1
03.08.2021 00:53:36.592,109.29100000000001,109.288,1.95,1
03.08.2021 00:53:36.693,109.29200000000002,109.288,2.7,2.51
03.08.2021 00:53:39.186,109.29100000000001,109.288,1.57,1.5
03.08.2021 00:53:39.691,109.29,109.287,1,1.01
03.08.2021 00:53:41.469,109.29200000000002,109.29,1,1
03.08.2021 00:53:41.621,109.29299999999999,109.289,1.2,2.51
03.08.2021 00:53:41.723,109.29100000000001,109.288,1,1.82
03.08.2021 00:53:41.824,109.29100000000001,109.288,1,1.01
03.08.2021 00:53:41.926,109.29200000000002,109.288,1,2.16
03.08.2021 00:53:42.027,109.29100000000001,109.288,1,1.01
03.08.2021 00:53:43.385,109.294,109.29,4.35,1.69
03.08.2021 00:53:43.537,109.29299999999999,109.289,3.07,1.57
03.08.2021 00:53:44.241,109.29,109.288,2.06,1
03.08.2021 00:53:44.343,109.289,109.288,1.57,1.25
03.08.2021 00:53:44.444,109.29100000000001,109.287,1.57,2.14
03.08.2021 00:53:45.768,109.289,109.286,1,2.14
03.08.2021 00:53:45.869,109.29,109.286,1.57,2.89
03.08.2021 00:53:46.127,109.289,109.285,1.1,4.09
03.08.2021 00:53:46.330,109.289,109.287,1,1.25
03.08.2021 00:53:46.431,109.29,109.287,1.57,1
03.08.2021 00:53:49.706,109.29100000000001,109.285,4.22,1
03.08.2021 00:53:49.858,109.289,109.285,2.72,1.69
03.08.2021 00:53:50.864,109.29,109.288,1.95,1
03.08.2021 00:53:50.967,109.29,109.287,1.1,1
03.08.2021 00:53:52.740,109.29,109.286,5.55,1
03.08.2021 00:53:53.340,109.29,109.286,3.93,1.25
03.08.2021 00:53:57.766,109.289,109.286,1.22,1
03.08.2021 00:53:58.156,109.289,109.286,1.1,1
03.08.2021 00:53:58.359,109.289,109.286,1.22,1
03.08.2021 00:53:58.780,109.289,109.287,1,1
03.08.2021 00:53:58.882,109.29299999999999,109.289,3.52,1.76
03.08.2021 00:53:58.983,109.295,109.29,3.45,1.69
03.08.2021 00:53:59.085,109.296,109.29200000000002,3.6,1.69
03.08.2021 00:53:59.389,109.295,109.29200000000002,3.22,1
03.08.2021 00:53:59.895,109.295,109.29200000000002,3.07,1
03.08.2021 00:54:00.200,109.296,109.29299999999999,2.7,2.5
03.08.2021 00:54:00.301,109.296,109.29299999999999,1.2,1.69
03.08.2021 00:54:02.918,109.296,109.295,1,1
03.08.2021 00:54:03.019,109.298,109.295,1,1.57
03.08.2021 00:54:04.519,109.3,109.296,2.85,1.25
03.08.2021 00:54:04.620,109.3,109.296,1.95,2.95
03.08.2021 00:54:04.773,109.301,109.298,1.95,1
03.08.2021 00:54:04.874,109.303,109.3,1.2,1.25
03.08.2021 00:54:04.925,109.302,109.29899999999999,1.95,1
03.08.2021 00:54:05.026,109.301,109.29899999999999,1.95,1
03.08.2021 00:54:05.482,109.302,109.3,2.03,1.5
03.08.2021 00:54:05.584,109.303,109.301,1.5,1.25
03.08.2021 00:54:05.685,109.304,109.301,1,1
03.08.2021 00:54:06.297,109.304,109.302,1,1
03.08.2021 00:54:07.276,109.30600000000001,109.302,3.07,2.5
03.08.2021 00:54:07.377,109.30600000000001,109.302,1,2.7
03.08.2021 00:54:07.529,109.30600000000001,109.303,1.1,1
03.08.2021 00:54:07.943,109.30600000000001,109.304,1,1
03.08.2021 00:54:08.297,109.30799999999999,109.30600000000001,1,3.64
03.08.2021 00:54:08.348,109.31,109.30600000000001,1.01,3.64
03.08.2021 00:54:08.399,109.309,109.305,1.41,3.19
03.08.2021 00:54:08.500,109.30799999999999,109.30600000000001,1.57,2.25
03.08.2021 00:54:08.601,109.30700000000002,109.303,1.57,3.15
03.08.2021 00:54:08.703,109.30700000000002,109.303,1.97,1.5
03.08.2021 00:54:08.754,109.30700000000002,109.305,1.1,1
03.08.2021 00:54:09.389,109.30799999999999,109.305,1.57,1
03.08.2021 00:54:09.490,109.30600000000001,109.303,1.1,3.94
03.08.2021 00:54:09.592,109.30700000000002,109.303,1.57,1
03.08.2021 00:54:09.693,109.30600000000001,109.303,1.1,1.5
03.08.2021 00:54:09.795,109.30600000000001,109.304,1.1,1
03.08.2021 00:54:09.896,109.30700000000002,109.303,2.72,2.25
03.08.2021 00:54:09.997,109.305,109.303,1,1.5
03.08.2021 00:54:10.149,109.305,109.301,1,1.95
03.08.2021 00:54:10.401,109.304,109.301,1,3.15
03.08.2021 00:54:10.604,109.301,109.29899999999999,1,1.2
03.08.2021 00:54:10.706,109.301,109.29700000000001,2.57,1.2
03.08.2021 00:54:10.808,109.3,109.29700000000001,2.25,1.45
03.08.2021 00:54:10.859,109.302,109.3,1.1,1
03.08.2021 00:54:10.960,109.303,109.3,1.76,1.5
03.08.2021 00:54:11.062,109.303,109.301,1.76,1
03.08.2021 00:54:11.264,109.303,109.29899999999999,1.1,2.04
03.08.2021 00:54:11.315,109.29899999999999,109.29700000000001,1,1.57
03.08.2021 00:54:11.417,109.302,109.29700000000001,4.76,2.4
03.08.2021 00:54:11.619,109.29899999999999,109.296,1.1,1.2
03.08.2021 00:54:11.721,109.298,109.295,1,1.95
03.08.2021 00:54:11.822,109.296,109.294,1.2,1.39
03.08.2021 00:54:11.924,109.29700000000001,109.29200000000002,2.7,1.95
03.08.2021 00:54:12.025,109.298,109.29200000000002,2.25,1.2
03.08.2021 00:54:12.228,109.294,109.29200000000002,1.1,1.12
03.08.2021 00:54:12.279,109.29299999999999,109.288,1,2.14
03.08.2021 00:54:12.431,109.29299999999999,109.289,1.1,2.01
03.08.2021 00:54:13.057,109.29200000000002,109.289,1,1.79
03.08.2021 00:54:13.158,109.29200000000002,109.289,1,1.39
03.08.2021 00:54:13.310,109.289,109.287,1.57,1.2
03.08.2021 00:54:13.412,109.288,109.285,1,3.41
03.08.2021 00:54:13.513,109.289,109.287,1,2.5
03.08.2021 00:54:13.564,109.29200000000002,109.287,3.52,4.04
03.08.2021 00:54:13.716,109.29200000000002,109.288,1.1,3.14
03.08.2021 00:54:13.868,109.29299999999999,109.288,2.32,3.29
03.08.2021 00:54:14.625,109.29299999999999,109.29,1.1,1
03.08.2021 00:54:15.226,109.29299999999999,109.29100000000001,1,1
03.08.2021 00:54:15.327,109.294,109.29100000000001,2.51,1
03.08.2021 00:54:16.673,109.295,109.29299999999999,1.1,1
03.08.2021 00:54:16.725,109.298,109.29299999999999,1.76,3.1
03.08.2021 00:54:16.826,109.29899999999999,109.294,2.72,6.32
03.08.2021 00:54:16.928,109.3,109.295,2.91,3.64
03.08.2021 00:54:17.030,109.29899999999999,109.296,1.1,1
03.08.2021 00:54:18.001,109.3,109.29700000000001,1.57,1.87
03.08.2021 00:54:18.053,109.302,109.29700000000001,1.87,1.82
03.08.2021 00:54:18.155,109.302,109.29899999999999,1.57,2.44
03.08.2021 00:54:18.257,109.302,109.3,1.57,1
03.08.2021 00:54:18.560,109.302,109.29899999999999,1.57,1
03.08.2021 00:54:19.398,109.303,109.3,1.76,1
03.08.2021 00:54:19.702,109.304,109.301,2.22,1
03.08.2021 00:54:20.541,109.305,109.301,1.97,2.69
03.08.2021 00:54:20.643,109.305,109.302,1.1,1
03.08.2021 00:54:21.714,109.30600000000001,109.302,1.1,2.7
03.08.2021 00:54:23.265,109.30600000000001,109.303,1,1.95
03.08.2021 00:54:23.829,109.30700000000002,109.305,1.57,1
03.08.2021 00:54:23.880,109.30799999999999,109.303,1.57,1.69
03.08.2021 00:54:23.983,109.30700000000002,109.305,1.57,1
03.08.2021 00:54:24.136,109.30600000000001,109.302,1.1,5.2
03.08.2021 00:54:25.020,109.30600000000001,109.302,1.1,2.89
03.08.2021 00:54:25.492,109.30600000000001,109.303,1.1,1
03.08.2021 00:54:25.644,109.30600000000001,109.304,1.1,1
03.08.2021 00:54:25.746,109.30600000000001,109.303,1.1,1.25
03.08.2021 00:54:26.000,109.30600000000001,109.302,1.57,2.89
03.08.2021 00:54:26.304,109.30600000000001,109.303,1.1,1
03.08.2021 00:54:28.361,109.30600000000001,109.302,1.1,1.95
03.08.2021 00:54:28.864,109.305,109.302,1,1.95
03.08.2021 00:54:29.018,109.305,109.303,1.57,2.25
03.08.2021 00:54:29.120,109.305,109.302,1.01,1.5
03.08.2021 00:54:29.223,109.305,109.303,1.1,1
03.08.2021 00:54:29.947,109.305,109.302,1.01,1
03.08.2021 00:54:30.049,109.303,109.3,1.1,1.12
03.08.2021 00:54:30.151,109.303,109.29899999999999,1.41,2.33
03.08.2021 00:54:30.550,109.303,109.3,1.1,1.25
03.08.2021 00:54:30.702,109.304,109.298,1.22,3.26
03.08.2021 00:54:30.804,109.304,109.3,2.97,2.25
03.08.2021 00:54:31.006,109.304,109.3,1.69,2.7
03.08.2021 00:54:31.462,109.303,109.3,2.14,1.12
03.08.2021 00:54:31.563,109.303,109.29899999999999,2.14,1.58
03.08.2021 00:54:32.907,109.29899999999999,109.29700000000001,1,1.95
03.08.2021 00:54:33.009,109.3,109.296,1.1,7.09
03.08.2021 00:54:33.111,109.302,109.29899999999999,1.5,2.89
03.08.2021 00:54:33.213,109.303,109.3,2.16,1
03.08.2021 00:54:33.416,109.302,109.3,1.35,1
03.08.2021 00:54:33.518,109.303,109.3,2.97,1
03.08.2021 00:54:34.292,109.304,109.298,2.22,2.25
03.08.2021 00:54:35.472,109.303,109.3,2.22,1
03.08.2021 00:54:35.522,109.304,109.301,2.62,3.64
03.08.2021 00:54:37.240,109.303,109.301,1.2,1.5
03.08.2021 00:54:37.342,109.303,109.3,1.2,1.5
03.08.2021 00:54:37.836,109.304,109.3,2.89,2.7
03.08.2021 00:54:41.301,109.304,109.301,2.7,1.69
03.08.2021 00:54:42.920,109.301,109.29899999999999,1.95,1.86
03.08.2021 00:54:43.022,109.3,109.29700000000001,1.5,3.15
03.08.2021 00:54:43.123,109.301,109.298,1.25,1.95
03.08.2021 00:54:43.225,109.302,109.3,2.2,2.25
03.08.2021 00:54:43.276,109.303,109.3,2.89,1
03.08.2021 00:54:43.377,109.303,109.301,1.25,1
03.08.2021 00:54:43.478,109.303,109.3,1.25,1.95
03.08.2021 00:54:43.939,109.304,109.3,1.25,1
03.08.2021 00:54:45.400,109.305,109.303,2.25,3.7
03.08.2021 00:54:45.502,109.30600000000001,109.304,1.1,1.25
03.08.2021 00:54:45.605,109.30600000000001,109.305,1,1
03.08.2021 00:54:45.656,109.30600000000001,109.303,1.57,1.5
03.08.2021 00:54:45.758,109.30600000000001,109.304,1.1,1.5
03.08.2021 00:54:45.911,109.30600000000001,109.303,2.7,1
03.08.2021 00:54:46.014,109.30700000000002,109.303,1.57,1.5
03.08.2021 00:54:46.174,109.30700000000002,109.304,1.1,2.44
03.08.2021 00:54:46.276,109.30600000000001,109.304,1,2.44
03.08.2021 00:54:46.378,109.30799999999999,109.304,4.68,2.44
03.08.2021 00:54:46.480,109.30799999999999,109.305,4.87,1
03.08.2021 00:54:46.632,109.30600000000001,109.304,1.1,2.25
03.08.2021 00:54:46.836,109.305,109.303,1.01,2.25
03.08.2021 00:54:46.937,109.305,109.303,2.01,1.5
03.08.2021 00:54:47.039,109.30700000000002,109.303,2.7,1.95
03.08.2021 00:54:47.090,109.30600000000001,109.305,1,1
03.08.2021 00:54:47.191,109.30799999999999,109.304,3.97,2.44
03.08.2021 00:54:47.343,109.30700000000002,109.303,1.2,2.14
03.08.2021 00:54:47.444,109.30799999999999,109.305,4.57,1
03.08.2021 00:54:47.495,109.30700000000002,109.303,1.95,2.89
03.08.2021 00:54:47.596,109.30600000000001,109.303,1,2.14
03.08.2021 00:54:47.749,109.30700000000002,109.304,1,1
03.08.2021 00:54:47.850,109.30700000000002,109.304,1.95,1
03.08.2021 00:54:47.951,109.30600000000001,109.303,1,1.95
03.08.2021 00:54:50.388,109.30700000000002,109.305,1.5,1.69
