Gmt time,Ask,Bid,AskVolume,BidVolume
04.08.2021 00:00:02.718,108.995,108.989,2.89,1
04.08.2021 00:00:02.971,108.993,108.99000000000001,1.25,1
04.08.2021 00:00:03.975,108.992,108.99000000000001,1.2,1
04.08.2021 00:00:05.088,108.993,108.99000000000001,1.2,1
04.08.2021 00:00:05.442,108.994,108.99000000000001,2.7,1
04.08.2021 00:00:05.494,108.994,108.992,2.7,1.5
04.08.2021 00:00:05.595,108.995,108.992,1,1.16
04.08.2021 00:00:05.697,108.99600000000001,108.993,1,1
04.08.2021 00:00:05.798,108.99799999999999,108.994,2.89,1
04.08.2021 00:00:06.714,108.999,108.995,1,1.69
04.08.2021 00:00:06.816,109,108.99600000000001,1.5,1.87
04.08.2021 00:00:06.917,109,108.99600000000001,1.5,5.7
04.08.2021 00:00:07.072,108.999,108.99600000000001,1,1.57
04.08.2021 00:00:07.173,109,108.99600000000001,1.69,1.57
04.08.2021 00:00:09.380,108.999,108.99600000000001,1,1.1
04.08.2021 00:00:10.321,108.99799999999999,108.99600000000001,1,1
04.08.2021 00:00:10.422,108.999,108.99600000000001,1,1
04.08.2021 00:00:10.524,109,108.99700000000001,1.69,1
04.08.2021 00:00:11.159,109,108.99600000000001,1,2.51
04.08.2021 00:00:12.456,108.999,108.99600000000001,1,1.1
04.08.2021 00:00:19.501,109,108.99799999999999,1.5,1.5
04.08.2021 00:00:19.603,109.003,109.001,1.2,1
04.08.2021 00:00:19.806,109.003,109,1,1.1
04.08.2021 00:00:20.588,109.004,109,3.19,1.57
04.08.2021 00:00:23.267,109.003,109,2.5,1.5
04.08.2021 00:00:23.369,109.004,109,4.45,1.5
04.08.2021 00:00:27.147,109.005,109.00200000000001,2.44,1.5
04.08.2021 00:00:27.854,109.004,109.00200000000001,1,1
04.08.2021 00:00:29.201,109.005,109.00200000000001,2.44,1
04.08.2021 00:00:34.594,109.005,109.001,3.64,1.5
04.08.2021 00:00:34.696,109.004,109.001,2.2,1.5
04.08.2021 00:00:39.373,109,108.999,1,1.5
04.08.2021 00:00:39.424,108.999,108.995,3.04,2.25
04.08.2021 00:00:39.525,108.99799999999999,108.995,2.2,1
04.08.2021 00:00:39.741,108.999,108.994,1.39,1
04.08.2021 00:00:41.192,108.994,108.993,2.89,1.5
04.08.2021 00:00:41.294,108.994,108.991,1.5,1.2
04.08.2021 00:00:41.395,108.994,108.99000000000001,1.5,2.89
04.08.2021 00:00:41.547,108.993,108.99000000000001,1,2.14
04.08.2021 00:00:41.853,108.995,108.991,1.5,3.64
04.08.2021 00:00:41.954,108.995,108.992,1,1
04.08.2021 00:00:42.006,108.99600000000001,108.994,1,1.25
04.08.2021 00:00:42.107,108.99799999999999,108.993,1,3.89
04.08.2021 00:00:42.461,108.99799999999999,108.994,1,1.64
04.08.2021 00:00:44.390,108.99799999999999,108.993,1.95,2.2
04.08.2021 00:00:44.542,108.995,108.992,1.95,1.05
04.08.2021 00:00:44.644,108.995,108.99000000000001,1,1.25
04.08.2021 00:00:45.138,108.994,108.99000000000001,1.95,1.25
04.08.2021 00:00:45.340,108.993,108.989,1,2.95
04.08.2021 00:00:49.266,108.992,108.988,1,3.25
04.08.2021 00:00:49.418,108.99000000000001,108.98700000000001,1.95,1.8
04.08.2021 00:00:49.520,108.988,108.986,1,1.25
04.08.2021 00:00:49.621,108.988,108.985,1,1.25
04.08.2021 00:00:54.478,108.989,108.985,2.14,1.69
04.08.2021 00:00:54.680,108.989,108.986,1.39,1
04.08.2021 00:00:56.478,108.988,108.986,1,1
04.08.2021 00:00:57.734,108.988,108.984,1,1.25
04.08.2021 00:00:57.836,108.988,108.985,1.2,1.25
04.08.2021 00:00:57.954,108.986,108.984,1,1.25
04.08.2021 00:00:58.209,108.988,108.985,1.2,1
04.08.2021 00:00:58.311,108.988,108.984,1,1
04.08.2021 00:00:58.464,108.988,108.985,1.2,1
04.08.2021 00:00:58.566,108.98700000000001,108.985,1,1
04.08.2021 00:00:58.668,108.986,108.985,1,1
04.08.2021 00:00:58.719,108.988,108.985,1.2,1
04.08.2021 00:00:58.821,108.986,108.985,1,1
04.08.2021 00:00:58.974,108.988,108.985,1.2,1
04.08.2021 00:01:00.440,108.986,108.98299999999999,1,3.16
04.08.2021 00:01:00.541,108.986,108.98299999999999,1,1.01
04.08.2021 00:01:00.642,108.986,108.98200000000001,1,1.01
04.08.2021 00:01:07.216,108.985,108.98100000000001,1,1.47
04.08.2021 00:01:07.369,108.984,108.979,1.76,4.92
04.08.2021 00:01:07.420,108.98200000000001,108.979,1,3.8
04.08.2021 00:01:07.522,108.98299999999999,108.979,1,2.6
04.08.2021 00:01:07.623,108.98299999999999,108.979,1.39,1.39
04.08.2021 00:01:10.519,108.98299999999999,108.979,1.45,1.2
04.08.2021 00:01:10.621,108.98200000000001,108.977,1.75,2.7
04.08.2021 00:01:10.925,108.98,108.97500000000001,1,6.04
04.08.2021 00:01:18.323,108.98100000000001,108.977,1,1.5
04.08.2021 00:01:18.577,108.98200000000001,108.978,1.5,1.97
04.08.2021 00:01:18.678,108.98299999999999,108.98,1,1.1
04.08.2021 00:01:19.083,108.984,108.98100000000001,1.25,1
04.08.2021 00:01:19.336,108.98299999999999,108.98100000000001,1,1
04.08.2021 00:01:19.437,108.98200000000001,108.979,1,1.75
04.08.2021 00:01:19.539,108.98299999999999,108.979,1.95,2.57
04.08.2021 00:01:21.176,108.98299999999999,108.979,2.14,1.76
04.08.2021 00:01:21.278,108.98200000000001,108.979,1.2,1.25
04.08.2021 00:01:22.969,108.984,108.977,2.89,2.97
04.08.2021 00:01:23.177,108.98299999999999,108.977,1,3.72
04.08.2021 00:01:23.418,108.98299999999999,108.979,1.39,1.76
04.08.2021 00:01:25.045,108.985,108.979,1.75,1.95
04.08.2021 00:01:25.096,108.985,108.98100000000001,3.07,1.25
04.08.2021 00:01:25.399,108.986,108.98200000000001,2.51,1.69
04.08.2021 00:01:26.906,108.986,108.98200000000001,3.01,1.69
04.08.2021 00:01:27.108,108.986,108.98200000000001,2.51,1.69
04.08.2021 00:01:27.361,108.986,108.98299999999999,1.25,1
04.08.2021 00:01:27.498,108.98700000000001,108.98299999999999,2.51,1.25
04.08.2021 00:01:37.690,108.988,108.98299999999999,2.51,1.39
04.08.2021 00:01:37.893,108.988,108.986,1.1,1
04.08.2021 00:01:37.994,108.989,108.986,1,1
04.08.2021 00:01:38.096,108.99000000000001,108.98700000000001,1.39,1
04.08.2021 00:01:39.151,108.991,108.98700000000001,4.01,1
04.08.2021 00:01:39.252,108.991,108.988,2.51,1
04.08.2021 00:01:39.405,108.992,108.988,2.32,1.25
04.08.2021 00:01:39.508,108.99000000000001,108.98700000000001,1,2.95
04.08.2021 00:01:39.610,108.99000000000001,108.98700000000001,1,1.69
04.08.2021 00:01:40.414,108.991,108.98700000000001,1.1,2.44
04.08.2021 00:01:40.515,108.991,108.98700000000001,1,3.7
04.08.2021 00:01:42.965,108.992,108.988,1.1,1.69
04.08.2021 00:01:50.563,108.991,108.988,1.1,1
04.08.2021 00:01:50.766,108.991,108.98700000000001,1.1,1.69
04.08.2021 00:01:52.057,108.992,108.988,3.07,1
04.08.2021 00:01:52.466,108.993,108.988,3.26,2.89
04.08.2021 00:01:53.812,108.993,108.99000000000001,1.25,1.5
04.08.2021 00:01:54.015,108.995,108.99000000000001,1.39,1
04.08.2021 00:01:59.069,108.994,108.991,2.76,1
04.08.2021 00:01:59.541,108.993,108.99000000000001,1.25,2.25
04.08.2021 00:02:07.978,108.992,108.989,1.25,3.75
04.08.2021 00:02:11.299,108.992,108.989,2.57,1.11
04.08.2021 00:02:11.638,108.99000000000001,108.989,1,1.11
04.08.2021 00:02:11.740,108.99000000000001,108.986,1.01,1.5
04.08.2021 00:02:11.791,108.98700000000001,108.985,1,2.33
04.08.2021 00:02:11.893,108.98700000000001,108.98299999999999,1,3.07
04.08.2021 00:02:11.994,108.98700000000001,108.98200000000001,2.16,3.64
04.08.2021 00:02:27.577,108.986,108.98200000000001,2.16,1
04.08.2021 00:02:27.679,108.984,108.98100000000001,1,1
04.08.2021 00:02:29.985,108.984,108.98,1.99,2.25
04.08.2021 00:02:37.553,108.98200000000001,108.978,1,1.13
04.08.2021 00:02:37.655,108.98,108.977,1,3.07
04.08.2021 00:02:41.119,108.98100000000001,108.978,1,1.5
04.08.2021 00:02:42.060,108.98,108.977,1.95,1
04.08.2021 00:02:42.162,108.979,108.97500000000001,2.44,3.9
04.08.2021 00:02:42.213,108.977,108.97200000000001,1.95,1
04.08.2021 00:02:42.314,108.974,108.971,1.25,2.25
04.08.2021 00:02:43.197,108.973,108.97,1.25,1.5
04.08.2021 00:02:43.901,108.973,108.969,1,1
04.08.2021 00:02:45.957,108.97200000000001,108.969,1.25,1
04.08.2021 00:02:46.060,108.971,108.969,1,1
04.08.2021 00:02:46.212,108.971,108.96799999999999,1.25,1.5
04.08.2021 00:02:50.419,108.971,108.969,1.25,1
04.08.2021 00:03:02.043,108.97200000000001,108.969,1.75,1.5
04.08.2021 00:03:02.145,108.97,108.96799999999999,1.01,1
04.08.2021 00:03:02.196,108.969,108.965,1.69,1.95
04.08.2021 00:03:02.298,108.96700000000001,108.965,1,1
04.08.2021 00:03:02.399,108.96700000000001,108.964,1.25,1
04.08.2021 00:03:02.814,108.96600000000001,108.964,1,1
04.08.2021 00:03:04.278,108.96600000000001,108.963,1.25,1.95
04.08.2021 00:03:04.379,108.965,108.962,1.69,1
04.08.2021 00:03:04.481,108.963,108.96100000000001,1,3.08
04.08.2021 00:03:04.734,108.96100000000001,108.958,1,2.14
04.08.2021 00:03:06.682,108.962,108.96000000000001,1,1.5
04.08.2021 00:03:06.732,108.964,108.959,2.14,1.2
04.08.2021 00:03:06.784,108.962,108.959,1,1
04.08.2021 00:03:06.885,108.962,108.959,1,3.07
04.08.2021 00:03:06.987,108.96100000000001,108.959,1,1
04.08.2021 00:03:07.088,108.96100000000001,108.95700000000001,1,1.2
04.08.2021 00:03:07.189,108.96100000000001,108.958,1,1
04.08.2021 00:03:07.493,108.96000000000001,108.95700000000001,1,1.2
04.08.2021 00:03:07.596,108.96000000000001,108.955,1,1.1
04.08.2021 00:03:07.697,108.958,108.956,1,1
04.08.2021 00:03:07.800,108.958,108.955,1,2.7
04.08.2021 00:03:07.902,108.959,108.955,1.69,2.7
04.08.2021 00:03:08.004,108.959,108.956,1.69,1
04.08.2021 00:03:09.983,108.96000000000001,108.95700000000001,1.25,1
04.08.2021 00:03:10.286,108.962,108.958,1.2,1.5
04.08.2021 00:03:10.489,108.964,108.959,1.25,1
04.08.2021 00:03:10.590,108.963,108.959,1.39,1.5
04.08.2021 00:03:10.691,108.962,108.959,1.25,1
04.08.2021 00:03:10.995,108.962,108.958,1.25,1.1
04.08.2021 00:03:12.028,108.962,108.96000000000001,1,1
04.08.2021 00:03:12.129,108.963,108.96000000000001,1.25,1
04.08.2021 00:03:13.794,108.965,108.96100000000001,2.5,2.32
04.08.2021 00:03:13.895,108.965,108.962,2.2,1
04.08.2021 00:03:13.996,108.96600000000001,108.963,2.2,1
04.08.2021 00:03:14.098,108.96799999999999,108.964,3.4,1
04.08.2021 00:03:14.200,108.96799999999999,108.965,2.14,1
04.08.2021 00:03:15.925,108.969,108.965,2.14,1
04.08.2021 00:03:16.027,108.97,108.96600000000001,4.54,1
04.08.2021 00:03:18.797,108.969,108.965,1.2,1.5
04.08.2021 00:03:19.941,108.969,108.965,2.1,1
04.08.2021 00:03:20.868,108.971,108.965,2.47,1
04.08.2021 00:03:21.020,108.97,108.96600000000001,2.14,1
04.08.2021 00:03:21.129,108.97,108.96600000000001,2.29,1
04.08.2021 00:03:23.696,108.97,108.965,2.66,1.5
04.08.2021 00:03:25.732,108.969,108.965,1.1,1.5
04.08.2021 00:03:26.748,108.969,108.965,2.14,1.5
04.08.2021 00:03:26.850,108.97,108.965,1.39,1
04.08.2021 00:03:27.621,108.971,108.96700000000001,3.7,1
04.08.2021 00:03:28.062,108.971,108.96700000000001,2.14,1
04.08.2021 00:03:28.222,108.97200000000001,108.96799999999999,3.1,1
04.08.2021 00:03:31.963,108.974,108.97,4.97,1
04.08.2021 00:03:32.115,108.974,108.97,3.64,1
04.08.2021 00:03:32.216,108.97500000000001,108.971,5.16,1
04.08.2021 00:03:34.206,108.97500000000001,108.971,1.25,1.57
04.08.2021 00:03:34.308,108.976,108.97,3.29,1
04.08.2021 00:03:35.944,108.97500000000001,108.971,3.29,1
04.08.2021 00:03:45.929,108.974,108.97,2.95,1.5
04.08.2021 00:04:01.182,108.973,108.969,1.25,2.32
04.08.2021 00:04:01.283,108.97200000000001,108.969,1,1.57
04.08.2021 00:04:01.385,108.97,108.96799999999999,1,1
04.08.2021 00:04:01.436,108.97,108.965,1.25,1.12
04.08.2021 00:04:01.538,108.96799999999999,108.965,1,2.37
04.08.2021 00:04:01.589,108.96799999999999,108.964,1.25,2.32
04.08.2021 00:04:01.690,108.96799999999999,108.964,2.2,2.25
04.08.2021 00:04:02.518,108.96600000000001,108.963,1.69,1.5
04.08.2021 00:04:02.619,108.965,108.962,1,1.57
04.08.2021 00:04:03.453,108.964,108.962,1,1
04.08.2021 00:04:03.554,108.963,108.96000000000001,1,1.12
04.08.2021 00:04:03.655,108.963,108.959,1,1.57
04.08.2021 00:04:04.865,108.964,108.96100000000001,1.95,1
04.08.2021 00:04:04.966,108.965,108.962,2.14,1
04.08.2021 00:04:05.511,108.965,108.96100000000001,2.51,1.5
04.08.2021 00:04:05.613,108.963,108.96000000000001,1.5,1.5
04.08.2021 00:04:07.420,108.963,108.959,1,1
04.08.2021 00:04:09.760,108.962,108.959,1,1.76
04.08.2021 00:04:12.155,108.96100000000001,108.959,1,1.57
04.08.2021 00:04:12.206,108.96100000000001,108.95700000000001,1.2,4.69
04.08.2021 00:04:12.358,108.962,108.958,1.2,1.5
04.08.2021 00:04:14.785,108.963,108.959,2.29,1
04.08.2021 00:04:14.987,108.963,108.959,1.57,1.5
04.08.2021 00:04:20.502,108.96100000000001,108.95700000000001,1.2,4
04.08.2021 00:04:22.926,108.96100000000001,108.95700000000001,1.39,2.25
04.08.2021 00:04:23.077,108.96100000000001,108.95700000000001,2.2,2.25
04.08.2021 00:04:26.797,108.959,108.956,2.89,1
04.08.2021 00:04:27.459,108.96000000000001,108.95700000000001,2.5,1
04.08.2021 00:04:27.611,108.96100000000001,108.955,2.5,3.07
04.08.2021 00:04:30.046,108.959,108.955,1.25,3.45
04.08.2021 00:04:30.248,108.96100000000001,108.954,2.95,4.7
04.08.2021 00:04:33.832,108.959,108.955,1.25,2.7
04.08.2021 00:04:35.305,108.959,108.955,1.25,2.82
04.08.2021 00:04:38.051,108.96100000000001,108.955,1.69,3.07
04.08.2021 00:04:39.584,108.959,108.956,1,1
04.08.2021 00:04:39.686,108.96000000000001,108.956,1.69,1.95
04.08.2021 00:04:46.454,108.96000000000001,108.95700000000001,1,1
04.08.2021 00:04:47.208,108.96100000000001,108.95700000000001,1.25,1.95
04.08.2021 00:04:50.308,108.96000000000001,108.95700000000001,1,1
04.08.2021 00:04:50.410,108.96000000000001,108.956,1.95,1.87
04.08.2021 00:04:52.801,108.959,108.956,1,2.7
04.08.2021 00:04:52.904,108.958,108.955,1,2.62
04.08.2021 00:04:53.991,108.959,108.955,1.5,5.1
04.08.2021 00:04:54.245,108.959,108.956,1,2.45
04.08.2021 00:04:55.624,108.959,108.956,1,2.32
04.08.2021 00:04:57.291,108.96000000000001,108.956,1,1
04.08.2021 00:04:57.342,108.96100000000001,108.958,1.39,1
04.08.2021 00:05:04.407,108.962,108.958,2.14,1.57
04.08.2021 00:05:05.009,108.964,108.958,2.89,1
04.08.2021 00:05:06.917,108.964,108.96100000000001,1,2.44
04.08.2021 00:05:07.019,108.96700000000001,108.96000000000001,2.4,5.01
04.08.2021 00:05:07.121,108.96700000000001,108.963,2.1,1.25
04.08.2021 00:05:07.222,108.96700000000001,108.963,1.95,1.25
04.08.2021 00:05:07.424,108.96799999999999,108.964,4.99,1
04.08.2021 00:05:07.931,108.969,108.963,3.64,1
04.08.2021 00:05:20.968,108.96799999999999,108.964,1.95,2.5
04.08.2021 00:05:22.102,108.97,108.96799999999999,2.4,1.25
04.08.2021 00:05:22.203,108.97200000000001,108.969,1.65,1.25
04.08.2021 00:05:22.304,108.97500000000001,108.971,4.35,2.75
04.08.2021 00:05:27.667,108.97500000000001,108.971,2.7,1.69
04.08.2021 00:05:29.105,108.974,108.971,1.2,1
04.08.2021 00:05:50.802,108.974,108.97,1.95,2.51
04.08.2021 00:06:02.070,108.974,108.97,5.47,1
04.08.2021 00:06:02.171,108.971,108.969,1,1.25
04.08.2021 00:06:12.258,108.97200000000001,108.97,1,1.75
04.08.2021 00:06:12.309,108.973,108.97,1,1.35
04.08.2021 00:06:12.562,108.973,108.969,1.2,2.57
04.08.2021 00:06:15.122,108.973,108.969,1.39,1.76
04.08.2021 00:06:15.447,108.973,108.969,1.25,2.16
04.08.2021 00:06:15.599,108.973,108.969,1.39,1.76
04.08.2021 00:06:15.908,108.97200000000001,108.96700000000001,1,2.57
04.08.2021 00:06:16.060,108.971,108.96600000000001,1,1.01
04.08.2021 00:06:16.162,108.969,108.96600000000001,1,1.76
04.08.2021 00:06:16.263,108.969,108.965,1,1.76
04.08.2021 00:06:17.106,108.97,108.96600000000001,1.95,2.51
04.08.2021 00:06:17.157,108.971,108.96799999999999,2.25,1.1
04.08.2021 00:06:18.293,108.97200000000001,108.96799999999999,1.39,2.7
04.08.2021 00:06:18.447,108.971,108.96700000000001,1,1.97
04.08.2021 00:06:18.549,108.96799999999999,108.96600000000001,1,1.01
04.08.2021 00:06:18.652,108.96700000000001,108.965,1,1.01
04.08.2021 00:06:28.226,108.96799999999999,108.965,1.2,1
04.08.2021 00:06:31.842,108.96799999999999,108.964,1.95,1.57
04.08.2021 00:06:34.267,108.96700000000001,108.964,1,1.1
04.08.2021 00:07:00.630,108.96700000000001,108.965,1,1
04.08.2021 00:07:00.732,108.96700000000001,108.964,1,1.2
04.08.2021 00:07:03.373,108.96700000000001,108.963,1,2.7
04.08.2021 00:07:11.632,108.96700000000001,108.962,1,1.2
04.08.2021 00:07:11.734,108.962,108.96000000000001,1,1
04.08.2021 00:07:11.785,108.96100000000001,108.958,1,2.32
04.08.2021 00:07:13.139,108.96100000000001,108.955,1,2.51
04.08.2021 00:07:18.877,108.959,108.955,2.14,1.5
04.08.2021 00:07:20.006,108.959,108.955,3.01,1
04.08.2021 00:07:22.998,108.959,108.955,2.89,1
04.08.2021 00:07:23.229,108.95700000000001,108.954,1,1
04.08.2021 00:07:23.864,108.958,108.95200000000001,1.5,2.14
04.08.2021 00:07:28.064,108.95700000000001,108.954,1,1.95
04.08.2021 00:07:28.172,108.958,108.954,1.87,2.7
04.08.2021 00:07:28.275,108.958,108.955,1.5,1.2
04.08.2021 00:07:32.910,108.958,108.954,1.95,3.19
04.08.2021 00:07:33.112,108.958,108.95299999999999,1,1
04.08.2021 00:07:33.213,108.95700000000001,108.95299999999999,2.25,1.39
04.08.2021 00:07:38.929,108.956,108.95299999999999,1,1.25
04.08.2021 00:07:41.868,108.95700000000001,108.95299999999999,3.07,1
04.08.2021 00:07:43.388,108.95700000000001,108.95200000000001,1,1
04.08.2021 00:07:44.426,108.955,108.95200000000001,1,1
04.08.2021 00:07:46.917,108.956,108.95200000000001,2.89,1.5
04.08.2021 00:07:52.614,108.958,108.954,2.32,2.25
04.08.2021 00:07:52.716,108.959,108.955,2.7,1.5
04.08.2021 00:07:53.020,108.959,108.956,1,1
04.08.2021 00:07:58.391,108.96000000000001,108.958,1.25,1
04.08.2021 00:08:01.774,108.962,108.958,2.7,1.2
04.08.2021 00:08:02.578,108.96100000000001,108.958,2.14,1.5
04.08.2021 00:08:02.680,108.96100000000001,108.95700000000001,2.89,1.95
04.08.2021 00:08:03.513,108.962,108.956,2.44,2.72
04.08.2021 00:08:04.728,108.962,108.958,3.26,2.32
04.08.2021 00:08:06.162,108.962,108.959,1.95,1
04.08.2021 00:08:11.011,108.963,108.959,1.95,1.1
04.08.2021 00:08:13.425,108.964,108.96000000000001,3.45,1.57
04.08.2021 00:08:13.628,108.964,108.96100000000001,1.95,1
04.08.2021 00:08:13.730,108.964,108.96000000000001,1.95,1.76
04.08.2021 00:08:17.357,108.964,108.96000000000001,2.7,2.76
04.08.2021 00:08:17.710,108.965,108.96100000000001,3.45,2.51
04.08.2021 00:08:18.991,108.965,108.962,2.7,1.25
04.08.2021 00:08:20.311,108.965,108.96100000000001,2.85,1.69
04.08.2021 00:08:20.412,108.965,108.96100000000001,2.7,1.82
04.08.2021 00:08:25.149,108.964,108.96100000000001,1.2,1.69
04.08.2021 00:08:25.251,108.964,108.96000000000001,2.85,1.69
04.08.2021 00:08:26.129,108.965,108.959,3.07,1.01
04.08.2021 00:08:27.303,108.963,108.959,1,4.66
04.08.2021 00:08:27.506,108.963,108.959,2.7,1.01
04.08.2021 00:08:28.260,108.963,108.959,1.2,2.01
04.08.2021 00:08:28.463,108.96100000000001,108.959,1,1
04.08.2021 00:08:28.665,108.96100000000001,108.95700000000001,1.95,2.57
04.08.2021 00:08:31.010,108.959,108.95700000000001,1.25,1
04.08.2021 00:08:31.062,108.956,108.95299999999999,1.5,3.32
04.08.2021 00:08:31.113,108.958,108.954,1.95,1.82
04.08.2021 00:08:32.579,108.958,108.954,2.85,1.75
04.08.2021 00:08:33.042,108.956,108.95299999999999,1.2,1
04.08.2021 00:08:49.220,108.95700000000001,108.95299999999999,2.25,1.25
04.08.2021 00:08:52.286,108.959,108.954,3.07,1.25
04.08.2021 00:08:52.387,108.96000000000001,108.95700000000001,1.57,1
04.08.2021 00:08:53.060,108.96000000000001,108.95700000000001,1.22,1
04.08.2021 00:08:54.119,108.96000000000001,108.956,2.72,1.5
04.08.2021 00:08:54.476,108.959,108.955,3.85,1.69
04.08.2021 00:08:54.628,108.958,108.955,2.35,1
04.08.2021 00:08:54.780,108.958,108.95299999999999,3.85,2.95
04.08.2021 00:08:55.602,108.958,108.95299999999999,3.82,2.95
04.08.2021 00:08:55.704,108.956,108.95299999999999,1,2.2
04.08.2021 00:08:56.687,108.959,108.956,2.25,2.39
04.08.2021 00:08:56.840,108.96000000000001,108.95700000000001,1.5,1.39
04.08.2021 00:08:56.993,108.96000000000001,108.959,1.5,1
04.08.2021 00:08:57.310,108.96000000000001,108.958,1.5,1
04.08.2021 00:09:00.403,108.96000000000001,108.959,1,1
04.08.2021 00:09:00.657,108.96100000000001,108.959,1,1.25
04.08.2021 00:09:01.527,108.96100000000001,108.95700000000001,1.5,2.29
04.08.2021 00:09:01.633,108.96100000000001,108.95700000000001,1.5,2.14
04.08.2021 00:09:01.736,108.96000000000001,108.95700000000001,1,2.14
04.08.2021 00:09:02.155,108.959,108.956,1,2.39
04.08.2021 00:09:03.413,108.958,108.955,1,2.2
04.08.2021 00:09:03.514,108.959,108.955,2.25,1.39
04.08.2021 00:09:04.739,108.959,108.955,1,1.85
04.08.2021 00:09:10.547,108.959,108.955,3.07,1.69
04.08.2021 00:09:10.649,108.958,108.954,1.5,2.89
04.08.2021 00:09:10.750,108.95700000000001,108.95299999999999,1.5,1.39
04.08.2021 00:09:10.851,108.95700000000001,108.95299999999999,1.5,2.39
04.08.2021 00:09:11.735,108.958,108.956,1,2.14
04.08.2021 00:09:11.786,108.96000000000001,108.956,2.7,3.04
04.08.2021 00:09:11.888,108.96000000000001,108.95700000000001,1,2.95
04.08.2021 00:09:11.990,108.96100000000001,108.95700000000001,2.25,2.95
04.08.2021 00:09:12.571,108.96000000000001,108.95700000000001,1,1
04.08.2021 00:09:12.673,108.96100000000001,108.95700000000001,3,2.14
04.08.2021 00:09:18.756,108.96000000000001,108.95700000000001,1,2.14
04.08.2021 00:09:20.091,108.958,108.956,1,1.31
04.08.2021 00:09:20.192,108.958,108.954,1,3.14
04.08.2021 00:09:20.529,108.958,108.954,1.5,1.95
04.08.2021 00:09:20.731,108.958,108.95299999999999,4.57,2.14
04.08.2021 00:09:20.845,108.958,108.95200000000001,1,2.14
04.08.2021 00:09:35.381,108.958,108.95299999999999,1.95,4.04
04.08.2021 00:09:55.095,108.958,108.954,1.72,1.25
04.08.2021 00:10:34.984,108.958,108.956,1,3.32
04.08.2021 00:10:35.035,108.96000000000001,108.956,1,5.97
04.08.2021 00:10:35.289,108.96100000000001,108.95700000000001,2.7,1.01
04.08.2021 00:10:35.717,108.96000000000001,108.955,2.7,1.12
04.08.2021 00:10:35.819,108.959,108.955,1.95,3.26
04.08.2021 00:10:50.885,108.958,108.955,1.2,1.5
04.08.2021 00:11:01.132,108.95700000000001,108.954,1.2,1.69
04.08.2021 00:11:29.608,108.956,108.954,1,1
04.08.2021 00:11:29.709,108.954,108.95200000000001,1,1
04.08.2021 00:11:29.811,108.954,108.95100000000001,1.2,1.5
04.08.2021 00:11:29.912,108.955,108.95100000000001,1.95,2.51
04.08.2021 00:11:30.165,108.956,108.95,1.5,3.91
04.08.2021 00:11:45.798,108.956,108.95299999999999,2.25,1.39
04.08.2021 00:11:45.900,108.95700000000001,108.95299999999999,1,2.29
04.08.2021 00:11:46.001,108.95700000000001,108.955,1,1
04.08.2021 00:12:02.074,108.95700000000001,108.954,1,1.2
04.08.2021 00:12:04.283,108.958,108.955,1.95,1
04.08.2021 00:12:05.603,108.958,108.955,2.1,1
04.08.2021 00:12:05.704,108.958,108.954,3.6,1
04.08.2021 00:12:21.496,108.95700000000001,108.95299999999999,2.47,1.69
04.08.2021 00:12:21.598,108.954,108.95,2.32,5.14
04.08.2021 00:12:21.699,108.95299999999999,108.95,1.2,1
04.08.2021 00:12:21.801,108.95200000000001,108.949,2.62,1.95
04.08.2021 00:12:21.903,108.95100000000001,108.947,1.95,2.14
04.08.2021 00:12:30.362,108.95200000000001,108.948,4.57,1.1
04.08.2021 00:12:34.319,108.95200000000001,108.949,3.45,1
04.08.2021 00:12:38.340,108.95200000000001,108.947,1.2,2.29
04.08.2021 00:12:38.442,108.95200000000001,108.947,2.47,2.14
04.08.2021 00:12:47.096,108.95100000000001,108.948,1.2,1
04.08.2021 00:12:58.844,108.95100000000001,108.947,1.95,2.78
04.08.2021 00:13:09.072,108.95100000000001,108.948,1,1
04.08.2021 00:13:09.174,108.95299999999999,108.95200000000001,1,1.5
04.08.2021 00:13:09.276,108.956,108.95299999999999,1.12,1.39
04.08.2021 00:13:09.378,108.95700000000001,108.95299999999999,1.87,1.39
04.08.2021 00:13:09.580,108.958,108.95299999999999,3.07,1.39
04.08.2021 00:13:09.986,108.95700000000001,108.95299999999999,1,1.2
04.08.2021 00:13:12.012,108.95700000000001,108.954,1,1
04.08.2021 00:13:14.198,108.958,108.955,3.22,1
04.08.2021 00:13:14.299,108.958,108.955,2.14,1
04.08.2021 00:13:14.592,108.958,108.955,2.29,1
04.08.2021 00:13:14.693,108.958,108.954,3.04,1
04.08.2021 00:13:20.692,108.95700000000001,108.954,1.85,1
04.08.2021 00:13:20.844,108.958,108.95299999999999,5.35,1
04.08.2021 00:13:20.945,108.956,108.95200000000001,1.2,2.7
04.08.2021 00:13:21.199,108.956,108.95299999999999,1.2,1
04.08.2021 00:13:21.594,108.956,108.95200000000001,1.2,2.7
04.08.2021 00:13:22.306,108.956,108.95299999999999,1.2,1
04.08.2021 00:13:26.731,108.959,108.95200000000001,2.47,3.64
04.08.2021 00:13:30.530,108.958,108.955,2.47,1
04.08.2021 00:13:30.820,108.96000000000001,108.954,1.1,1
04.08.2021 00:13:30.972,108.963,108.96000000000001,2.95,1.25
04.08.2021 00:13:31.074,108.963,108.96000000000001,1.2,1.69
04.08.2021 00:13:31.176,108.96600000000001,108.963,1.1,1
04.08.2021 00:13:31.277,108.96600000000001,108.96100000000001,1.6,4.01
04.08.2021 00:13:34.315,108.965,108.96100000000001,1.22,2.44
04.08.2021 00:13:41.669,108.965,108.96100000000001,1.1,2.14
04.08.2021 00:13:42.124,108.96600000000001,108.963,1.22,1.25
04.08.2021 00:13:42.276,108.96600000000001,108.962,2.35,2.44
04.08.2021 00:14:01.677,108.96700000000001,108.965,2.25,1
04.08.2021 00:14:01.728,108.969,108.96600000000001,1.57,1
04.08.2021 00:14:01.982,108.969,108.96700000000001,1.1,1
04.08.2021 00:14:02.846,108.97,108.96700000000001,1.57,1
04.08.2021 00:14:04.242,108.971,108.96799999999999,1.1,1.69
04.08.2021 00:14:09.018,108.97200000000001,108.969,2.72,1
04.08.2021 00:14:09.119,108.97200000000001,108.969,1.1,1.25
04.08.2021 00:14:09.220,108.976,108.971,3.6,1
04.08.2021 00:14:09.322,108.976,108.97200000000001,3.97,1
04.08.2021 00:14:10.728,108.97500000000001,108.97200000000001,1.22,1
04.08.2021 00:14:10.829,108.976,108.97200000000001,5.09,1
04.08.2021 00:14:25.866,108.974,108.971,3.1,1
04.08.2021 00:14:25.917,108.971,108.96799999999999,1.1,2.45
04.08.2021 00:14:26.020,108.97200000000001,108.969,2.05,1
04.08.2021 00:14:26.071,108.973,108.971,1.57,1
04.08.2021 00:14:26.172,108.973,108.97,1.22,1
04.08.2021 00:14:26.324,108.973,108.97,1.1,1
04.08.2021 00:14:27.053,108.973,108.971,1.1,1
04.08.2021 00:14:28.148,108.973,108.97,1.1,1.69
04.08.2021 00:14:30.036,108.973,108.97,1.97,1
04.08.2021 00:14:32.617,108.971,108.96799999999999,1.1,1
04.08.2021 00:14:32.740,108.97,108.96700000000001,1.97,1
04.08.2021 00:14:34.212,108.97,108.96700000000001,1.1,1.25
04.08.2021 00:14:34.365,108.97200000000001,108.96799999999999,3.55,1.25
04.08.2021 00:14:34.467,108.97200000000001,108.969,1.1,1.25
04.08.2021 00:14:35.690,108.973,108.97,1.97,1
04.08.2021 00:14:48.196,108.973,108.97,1.1,1
04.08.2021 00:14:48.510,108.971,108.969,1.22,1
04.08.2021 00:14:48.612,108.971,108.96700000000001,3.1,1.69
04.08.2021 00:14:48.817,108.97,108.96700000000001,1.22,1.69
04.08.2021 00:14:49.020,108.971,108.96700000000001,3.1,1.69
04.08.2021 00:14:49.865,108.971,108.96700000000001,3.22,1.69
04.08.2021 00:14:51.234,108.971,108.96700000000001,3.1,1.69
04.08.2021 00:15:00.136,108.971,108.96700000000001,5.1,1.5
04.08.2021 00:15:00.616,108.969,108.96600000000001,1.1,1
04.08.2021 00:15:01.376,108.97,108.96600000000001,2.32,1.39
04.08.2021 00:15:01.528,108.97,108.96600000000001,1.1,2.2
04.08.2021 00:15:06.479,108.971,108.96700000000001,2.32,1.39
04.08.2021 00:15:06.531,108.971,108.969,1,1
04.08.2021 00:15:06.632,108.97200000000001,108.969,1.5,1
04.08.2021 00:15:08.021,108.971,108.969,1,1
04.08.2021 00:15:08.072,108.971,108.96700000000001,2.7,1.25
04.08.2021 00:15:08.174,108.97,108.96700000000001,1,1
04.08.2021 00:15:15.416,108.969,108.96700000000001,1.5,1
04.08.2021 00:15:15.518,108.969,108.96600000000001,2.32,1
04.08.2021 00:15:18.936,108.97,108.96700000000001,2.32,1
04.08.2021 00:15:19.089,108.96799999999999,108.96600000000001,1,1
04.08.2021 00:15:19.658,108.96799999999999,108.96600000000001,1,1
04.08.2021 00:15:20.741,108.96799999999999,108.96600000000001,1,1
04.08.2021 00:15:20.995,108.969,108.964,1.95,1
04.08.2021 00:15:21.210,108.96700000000001,108.965,1,1
04.08.2021 00:15:27.053,108.96700000000001,108.963,3.82,1.5
04.08.2021 00:15:27.511,108.96700000000001,108.963,1.5,2.95
04.08.2021 00:15:35.717,108.96600000000001,108.964,1.5,1
04.08.2021 00:15:35.768,108.96600000000001,108.962,1,1.76
04.08.2021 00:15:35.920,108.96600000000001,108.964,1,1
04.08.2021 00:15:42.338,108.96700000000001,108.964,1.95,1
04.08.2021 00:15:45.128,108.96700000000001,108.962,1.1,1
04.08.2021 00:15:45.230,108.96700000000001,108.96100000000001,1.95,1.69
04.08.2021 00:15:49.981,108.96600000000001,108.963,1.95,1
04.08.2021 00:15:57.935,108.96600000000001,108.963,2.82,1
04.08.2021 00:15:58.036,108.96600000000001,108.963,2.7,1
04.08.2021 00:15:58.197,108.96600000000001,108.963,4.72,1
04.08.2021 00:15:58.400,108.96600000000001,108.96100000000001,6.79,2.44
04.08.2021 00:15:59.375,108.965,108.96100000000001,3.6,1.5
04.08.2021 00:16:02.476,108.962,108.96000000000001,1,1
04.08.2021 00:16:02.578,108.963,108.96000000000001,1.95,1
04.08.2021 00:16:02.731,108.962,108.96000000000001,1,1
04.08.2021 00:16:07.909,108.963,108.96000000000001,2.32,1
04.08.2021 00:16:10.582,108.964,108.962,1.5,1
04.08.2021 00:16:10.683,108.965,108.962,1,1.69
04.08.2021 00:16:10.785,108.96700000000001,108.963,1.95,1
04.08.2021 00:16:10.886,108.96700000000001,108.965,1.12,1
04.08.2021 00:16:13.142,108.96700000000001,108.964,3.2,1
04.08.2021 00:16:13.244,108.96600000000001,108.962,1,3.64
04.08.2021 00:16:18.041,108.96600000000001,108.962,1.6,3.19
04.08.2021 00:16:18.356,108.96600000000001,108.962,1.57,2.25
04.08.2021 00:16:20.777,108.96700000000001,108.964,1.5,1
04.08.2021 00:16:20.878,108.96799999999999,108.96600000000001,1.12,1
04.08.2021 00:16:20.979,108.969,108.96700000000001,1.2,1
04.08.2021 00:16:26.419,108.97,108.96700000000001,1.12,1
04.08.2021 00:16:27.588,108.973,108.96600000000001,3.52,3.7
04.08.2021 00:16:27.690,108.973,108.96799999999999,2.7,1
04.08.2021 00:16:33.975,108.97200000000001,108.96700000000001,6.2,2.14
04.08.2021 00:16:42.895,108.973,108.97,1,1.5
04.08.2021 00:16:42.997,108.973,108.97,3.07,1.5
04.08.2021 00:16:43.099,108.973,108.971,1.5,1
04.08.2021 00:16:43.150,108.97500000000001,108.971,5.89,1
04.08.2021 00:16:43.457,108.974,108.97,1,2.89
04.08.2021 00:16:43.939,108.974,108.969,2.32,1
04.08.2021 00:16:44.041,108.973,108.969,7.2,1
04.08.2021 00:16:44.146,108.973,108.96799999999999,1,1
04.08.2021 00:16:46.110,108.973,108.969,7.95,1
04.08.2021 00:16:49.912,108.973,108.969,8.47,1
04.08.2021 00:16:51.256,108.97200000000001,108.96799999999999,1.2,1.25
04.08.2021 00:16:52.449,108.971,108.96700000000001,1,3.7
04.08.2021 00:16:53.008,108.97,108.96700000000001,1,2.95
04.08.2021 00:16:55.940,108.97,108.96799999999999,1,1.25
04.08.2021 00:16:58.235,108.969,108.96600000000001,1,3.25
04.08.2021 00:16:58.592,108.96799999999999,108.96600000000001,1,1.39
04.08.2021 00:16:59.242,108.96799999999999,108.96600000000001,1,1.25
04.08.2021 00:17:00.437,108.96799999999999,108.96600000000001,1.25,1.2
04.08.2021 00:17:07.850,108.97,108.964,1.75,1.95
04.08.2021 00:17:07.952,108.96799999999999,108.964,1.75,1.95
04.08.2021 00:17:09.153,108.96700000000001,108.964,1.25,1.95
04.08.2021 00:17:28.806,108.965,108.963,1.25,1
04.08.2021 00:17:28.907,108.964,108.96100000000001,1.35,1.2
04.08.2021 00:17:29.008,108.964,108.96000000000001,2.2,3
04.08.2021 00:17:30.493,108.962,108.959,1,2.7
04.08.2021 00:17:32.353,108.962,108.958,1.76,2.7
04.08.2021 00:17:34.548,108.964,108.96000000000001,4.6,1.5
04.08.2021 00:17:34.650,108.964,108.96000000000001,2.57,1.95
04.08.2021 00:17:34.751,108.965,108.96000000000001,2.57,1
04.08.2021 00:17:35.176,108.963,108.96000000000001,1.35,1.5
04.08.2021 00:17:35.585,108.964,108.96000000000001,2.97,1.5
04.08.2021 00:17:49.440,108.96100000000001,108.959,1.01,1.5
04.08.2021 00:17:49.491,108.959,108.956,1.82,2.7
04.08.2021 00:17:49.593,108.958,108.955,1.01,1.5
04.08.2021 00:17:49.846,108.958,108.954,1.76,1.95
04.08.2021 00:17:51.721,108.958,108.954,2.95,1.5
04.08.2021 00:17:53.164,108.956,108.95299999999999,1.01,1
04.08.2021 00:17:53.265,108.955,108.95100000000001,2.97,3.45
04.08.2021 00:17:57.178,108.955,108.95100000000001,1.76,2.7
04.08.2021 00:17:57.432,108.956,108.95200000000001,3.35,2.25
04.08.2021 00:17:57.635,108.95700000000001,108.95200000000001,4.39,2.7
04.08.2021 00:17:57.686,108.95700000000001,108.95100000000001,1.25,2.7
04.08.2021 00:17:58.396,108.95700000000001,108.954,1.1,2.25
04.08.2021 00:17:58.448,108.956,108.95200000000001,1.76,2.7
04.08.2021 00:17:58.550,108.956,108.95299999999999,1.01,1.5
04.08.2021 00:17:58.652,108.955,108.95200000000001,1,1.95
04.08.2021 00:17:58.820,108.954,108.95100000000001,1.01,2.25
04.08.2021 00:18:00.209,108.954,108.95200000000001,1.25,1
04.08.2021 00:18:02.515,108.95299999999999,108.95,1.01,3.75
04.08.2021 00:18:02.616,108.95100000000001,108.949,1.25,2.25
04.08.2021 00:18:02.718,108.95,108.949,1.25,1.5
04.08.2021 00:18:03.505,108.95,108.948,1.25,2.25
04.08.2021 00:18:05.602,108.95200000000001,108.948,2.95,1.5
04.08.2021 00:18:15.554,108.95200000000001,108.948,2.14,1
04.08.2021 00:18:32.278,108.95299999999999,108.95,2.2,1
04.08.2021 00:18:36.799,108.955,108.95,1.75,1.2
04.08.2021 00:18:36.900,108.954,108.95200000000001,1.25,1
04.08.2021 00:18:36.951,108.956,108.95299999999999,3.26,1
04.08.2021 00:18:37.307,108.956,108.95200000000001,3.04,1.87
04.08.2021 00:18:37.408,108.956,108.95200000000001,2.14,1.95
04.08.2021 00:18:40.288,108.956,108.954,2.89,1
04.08.2021 00:18:40.588,108.95700000000001,108.954,2.14,1
04.08.2021 00:18:57.744,108.959,108.956,2.22,1
04.08.2021 00:19:00.232,108.96100000000001,108.958,3.32,1
04.08.2021 00:19:00.334,108.96100000000001,108.958,1.76,1
04.08.2021 00:19:00.435,108.963,108.959,1.01,1
04.08.2021 00:19:03.269,108.963,108.96000000000001,1.01,1
04.08.2021 00:19:05.720,108.964,108.96000000000001,1.01,1.95
04.08.2021 00:19:05.821,108.964,108.96100000000001,1.1,1
04.08.2021 00:19:05.973,108.965,108.96100000000001,1.01,1.95
04.08.2021 00:19:06.125,108.96600000000001,108.963,2.91,1
04.08.2021 00:19:06.784,108.96600000000001,108.962,2.91,1
04.08.2021 00:19:07.326,108.96600000000001,108.963,2.16,1
04.08.2021 00:19:20.625,108.96700000000001,108.965,2.25,1.5
04.08.2021 00:19:20.677,108.97,108.96600000000001,5.54,1
04.08.2021 00:19:20.778,108.97,108.96700000000001,2.89,1
04.08.2021 00:19:23.104,108.971,108.96799999999999,3.04,1.1
04.08.2021 00:19:23.206,108.971,108.96700000000001,2.14,2.05
04.08.2021 00:19:23.307,108.97200000000001,108.971,1,1.5
04.08.2021 00:19:23.409,108.97500000000001,108.97200000000001,2.7,1
04.08.2021 00:19:23.459,108.973,108.97,1.25,2.7
04.08.2021 00:19:23.561,108.97200000000001,108.969,2.2,1.57
04.08.2021 00:19:23.662,108.97200000000001,108.96799999999999,3.47,1
04.08.2021 00:19:23.763,108.971,108.96700000000001,2.29,1.5
04.08.2021 00:19:25.171,108.97,108.96600000000001,2.14,1.95
04.08.2021 00:19:25.540,108.969,108.96600000000001,1.25,1.2
04.08.2021 00:19:25.742,108.969,108.96600000000001,2.2,1
04.08.2021 00:19:26.975,108.969,108.965,2.35,1
04.08.2021 00:19:27.076,108.96700000000001,108.965,1,1
04.08.2021 00:19:27.278,108.96799999999999,108.965,1.39,1
04.08.2021 00:19:32.580,108.965,108.963,1.25,2.25
04.08.2021 00:19:32.682,108.965,108.962,2.14,1.2
04.08.2021 00:19:32.783,108.965,108.959,1.2,3.64
04.08.2021 00:19:33.592,108.965,108.96000000000001,4.39,3.04
04.08.2021 00:19:41.830,108.96600000000001,108.96100000000001,3.64,3.41
04.08.2021 00:19:43.114,108.96600000000001,108.963,1.39,1
04.08.2021 00:19:45.052,108.965,108.963,1,1
04.08.2021 00:19:47.701,108.96600000000001,108.963,1,1.95
04.08.2021 00:19:49.091,108.96600000000001,108.963,1,2.29
04.08.2021 00:19:49.193,108.96799999999999,108.964,2.89,1.2
04.08.2021 00:19:51.137,108.96799999999999,108.965,1.95,1
04.08.2021 00:19:55.292,108.96700000000001,108.964,1,2.1
04.08.2021 00:19:55.393,108.96600000000001,108.962,2.14,2.77
04.08.2021 00:19:55.495,108.964,108.96100000000001,1,2.89
04.08.2021 00:19:55.798,108.963,108.96000000000001,1,2.51
04.08.2021 00:20:02.196,108.962,108.96000000000001,1,1.39
04.08.2021 00:20:09.115,108.963,108.96000000000001,1,1.39
04.08.2021 00:20:09.373,108.963,108.96000000000001,1,1.85
04.08.2021 00:20:11.531,108.963,108.96000000000001,1,2.14
04.08.2021 00:20:15.414,108.964,108.96100000000001,1,2.2
04.08.2021 00:20:15.517,108.964,108.959,1,1.74
04.08.2021 00:20:15.772,108.96100000000001,108.95700000000001,1,4.65
04.08.2021 00:20:15.874,108.96100000000001,108.959,1,1
04.08.2021 00:20:15.976,108.959,108.95700000000001,1,1.12
04.08.2021 00:20:16.077,108.959,108.956,1,1.57
04.08.2021 00:20:16.178,108.959,108.955,1.2,2.14
04.08.2021 00:20:16.482,108.959,108.955,1,1.85
04.08.2021 00:20:20.125,108.96100000000001,108.95700000000001,3.41,1
04.08.2021 00:20:20.229,108.96100000000001,108.95700000000001,3.26,1.2
04.08.2021 00:20:20.331,108.963,108.959,2.89,2.7
04.08.2021 00:20:20.432,108.964,108.96000000000001,1.95,1.39
04.08.2021 00:20:25.813,108.963,108.959,1.1,2.89
04.08.2021 00:20:27.388,108.964,108.96000000000001,3.07,1.39
04.08.2021 00:20:41.060,108.963,108.959,1.1,3.7
04.08.2021 00:20:41.211,108.962,108.959,1,1.39
04.08.2021 00:20:50.102,108.962,108.958,3.07,4.2
04.08.2021 00:20:50.204,108.962,108.958,4.32,2.51
04.08.2021 00:20:50.305,108.962,108.958,1.57,2.51
04.08.2021 00:20:50.425,108.962,108.958,1.57,3.51
04.08.2021 00:20:54.401,108.964,108.958,1.1,2.14
04.08.2021 00:21:25.604,108.96100000000001,108.958,1.82,1.5
04.08.2021 00:21:25.705,108.96000000000001,108.95700000000001,1,1.39
04.08.2021 00:21:25.807,108.96100000000001,108.95700000000001,2.51,1.2
04.08.2021 00:21:26.009,108.96100000000001,108.95700000000001,1.5,3.79
04.08.2021 00:21:26.165,108.963,108.95700000000001,1.76,1.95
04.08.2021 00:21:30.047,108.96100000000001,108.958,1,2.14
04.08.2021 00:21:31.259,108.96100000000001,108.958,1,4.64
04.08.2021 00:21:32.755,108.962,108.95700000000001,1,5.14
04.08.2021 00:21:32.913,108.96100000000001,108.958,1,4.64
04.08.2021 00:21:36.633,108.963,108.95700000000001,1,5.72
04.08.2021 00:21:39.150,108.96100000000001,108.959,1,1.25
04.08.2021 00:21:44.307,108.962,108.959,1,1.25
04.08.2021 00:21:46.387,108.963,108.959,1.95,2.44
04.08.2021 00:22:06.069,108.963,108.96000000000001,1,1.25
04.08.2021 00:22:09.782,108.965,108.96100000000001,3,2.89
04.08.2021 00:22:16.428,108.964,108.96100000000001,1,1.69
04.08.2021 00:22:17.357,108.964,108.962,1,1
04.08.2021 00:22:17.509,108.965,108.963,1,1
04.08.2021 00:22:20.347,108.964,108.963,1,1
04.08.2021 00:22:27.106,108.964,108.96000000000001,2.25,2.14
04.08.2021 00:22:27.207,108.963,108.96000000000001,1.2,1.25
04.08.2021 00:22:27.308,108.962,108.96000000000001,1,1.25
04.08.2021 00:22:32.550,108.962,108.959,1,1.12
04.08.2021 00:22:32.803,108.96100000000001,108.95700000000001,1.5,2.2
04.08.2021 00:22:32.905,108.96100000000001,108.95700000000001,1.95,1.25
04.08.2021 00:22:33.007,108.962,108.95700000000001,2.32,5.82
04.08.2021 00:22:33.109,108.962,108.958,1.87,1.64
04.08.2021 00:23:00.825,108.96100000000001,108.958,1,1.25
04.08.2021 00:23:02.872,108.962,108.958,1,1.39
04.08.2021 00:23:03.864,108.96100000000001,108.958,1,1.39
04.08.2021 00:23:17.281,108.962,108.958,1,2.14
04.08.2021 00:23:20.534,108.964,108.958,1.95,1.25
04.08.2021 00:23:23.372,108.962,108.959,1.95,1.25
04.08.2021 00:23:23.473,108.962,108.958,2.14,1
04.08.2021 00:23:23.575,108.96000000000001,108.95700000000001,2.51,1.5
04.08.2021 00:23:23.676,108.96100000000001,108.95700000000001,2.25,3.14
04.08.2021 00:23:23.777,108.962,108.958,1,3.14
04.08.2021 00:23:25.095,108.962,108.959,1,1.5
04.08.2021 00:23:25.286,108.964,108.958,1,3.14
04.08.2021 00:23:27.295,108.964,108.96000000000001,1.2,1.25
04.08.2021 00:23:38.262,108.964,108.962,1,1
04.08.2021 00:23:44.563,108.965,108.963,1.2,1
04.08.2021 00:23:44.716,108.96600000000001,108.963,1.95,1
04.08.2021 00:23:44.817,108.965,108.963,1,1
04.08.2021 00:23:48.710,108.96700000000001,108.964,2.7,1
04.08.2021 00:23:53.665,108.96600000000001,108.963,1.1,1.25
04.08.2021 00:23:54.172,108.96700000000001,108.96100000000001,2.51,1.1
04.08.2021 00:24:01.835,108.96600000000001,108.962,4.16,1
04.08.2021 00:24:01.936,108.96600000000001,108.96000000000001,1.2,3.26
04.08.2021 00:24:04.069,108.965,108.96000000000001,1,1.1
04.08.2021 00:24:30.391,108.964,108.962,1,1
04.08.2021 00:24:41.745,108.964,108.96100000000001,1,1.76
04.08.2021 00:24:50.656,108.964,108.962,1,1
04.08.2021 00:25:20.209,108.964,108.96100000000001,1,1.1
04.08.2021 00:25:22.030,108.96600000000001,108.963,1.12,1.76
04.08.2021 00:25:22.132,108.96799999999999,108.964,2.55,3.26
04.08.2021 00:25:22.183,108.969,108.965,3.64,1.1
04.08.2021 00:25:22.285,108.96799999999999,108.965,1,1.1
04.08.2021 00:25:23.787,108.97,108.964,2.89,1.1
04.08.2021 00:25:27.602,108.96700000000001,108.964,1.95,1
04.08.2021 00:25:27.704,108.96700000000001,108.963,1.95,2.51
04.08.2021 00:25:27.805,108.96600000000001,108.963,1.25,1.1
04.08.2021 00:25:39.498,108.965,108.962,2.7,1
04.08.2021 00:25:39.600,108.964,108.96000000000001,1.2,4.01
04.08.2021 00:25:43.513,108.965,108.96000000000001,2.89,5.16
04.08.2021 00:26:22.512,108.965,108.962,1.2,1
04.08.2021 00:26:22.614,108.96600000000001,108.962,3.26,1.2
04.08.2021 00:26:23.526,108.965,108.962,1,1.2
04.08.2021 00:26:25.176,108.96600000000001,108.962,4.76,1.2
04.08.2021 00:26:28.606,108.965,108.962,1,1.2
04.08.2021 00:26:31.349,108.96600000000001,108.962,2.7,2.14
04.08.2021 00:26:31.451,108.96700000000001,108.965,2.25,1
04.08.2021 00:26:31.554,108.969,108.96600000000001,4.09,1
04.08.2021 00:26:34.001,108.969,108.96600000000001,2.2,1
04.08.2021 00:26:40.789,108.96700000000001,108.965,1.25,1
04.08.2021 00:26:40.840,108.96600000000001,108.962,1.69,1.5
04.08.2021 00:26:40.941,108.965,108.962,2.89,1
04.08.2021 00:26:41.043,108.964,108.96100000000001,2.89,1
04.08.2021 00:26:45.200,108.963,108.96000000000001,1,2.32
04.08.2021 00:26:49.016,108.963,108.959,3.64,1.57
04.08.2021 00:26:49.117,108.96000000000001,108.95700000000001,1.75,2.32
04.08.2021 00:26:49.218,108.96000000000001,108.95700000000001,1,1.57
04.08.2021 00:26:49.320,108.962,108.958,3.39,1.57
04.08.2021 00:26:49.421,108.963,108.95700000000001,2.89,1.57
04.08.2021 00:26:49.845,108.963,108.95700000000001,2.44,2.72
04.08.2021 00:27:00.169,108.963,108.96000000000001,2.2,1
04.08.2021 00:27:02.409,108.964,108.96000000000001,3.7,1.1
04.08.2021 00:27:04.382,108.963,108.959,2.95,3.82
04.08.2021 00:27:04.642,108.963,108.959,1.75,3.47
04.08.2021 00:27:06.320,108.963,108.959,2.2,3.07
04.08.2021 00:27:07.682,108.963,108.96000000000001,1.45,1
04.08.2021 00:27:22.385,108.964,108.96000000000001,3.7,1.1
04.08.2021 00:27:30.110,108.964,108.962,1,1
04.08.2021 00:27:30.211,108.964,108.96100000000001,2.89,1
04.08.2021 00:27:33.210,108.964,108.96000000000001,3.64,2.32
04.08.2021 00:28:09.820,108.965,108.962,2.44,1.1
04.08.2021 00:28:10.339,108.964,108.962,1,1.5
04.08.2021 00:28:10.440,108.964,108.96100000000001,1.69,1.57
04.08.2021 00:28:20.405,108.964,108.96000000000001,2.89,2.32
04.08.2021 00:28:31.670,108.964,108.959,2.14,1
04.08.2021 00:28:31.924,108.962,108.959,2.14,1
04.08.2021 00:28:32.026,108.963,108.96000000000001,3.64,1
04.08.2021 00:28:32.179,108.963,108.959,1.25,1
04.08.2021 00:28:32.281,108.963,108.959,3.64,1.57
04.08.2021 00:28:32.681,108.963,108.958,2.2,1
04.08.2021 00:28:32.732,108.963,108.959,3.64,1.57
04.08.2021 00:28:35.646,108.963,108.96000000000001,2.89,1
04.08.2021 00:28:35.919,108.963,108.959,3.64,1.1
04.08.2021 00:28:37.519,108.96100000000001,108.959,1,1
04.08.2021 00:28:37.620,108.962,108.959,2.44,1.1
04.08.2021 00:28:39.936,108.962,108.95700000000001,2.44,1.1
04.08.2021 00:28:40.088,108.96100000000001,108.959,2.2,1
04.08.2021 00:28:40.190,108.96100000000001,108.958,1.69,1.1
04.08.2021 00:28:50.281,108.962,108.958,4.84,1.2
04.08.2021 00:28:59.577,108.96100000000001,108.95700000000001,1.57,3.82
04.08.2021 00:28:59.678,108.96000000000001,108.95700000000001,1,1.95
04.08.2021 00:29:00.033,108.96100000000001,108.95700000000001,2.96,1.95
04.08.2021 00:29:01.601,108.96100000000001,108.95700000000001,2.44,2.85
04.08.2021 00:29:16.086,108.962,108.958,2.51,1.2
04.08.2021 00:29:19.814,108.962,108.958,1.69,1.6
04.08.2021 00:29:20.891,108.963,108.959,2.51,1.2
04.08.2021 00:29:21.324,108.963,108.959,2.44,1.6
04.08.2021 00:29:22.887,108.962,108.959,1,1.2
04.08.2021 00:29:22.989,108.963,108.958,3.26,2.85
04.08.2021 00:29:24.810,108.963,108.959,2.51,1.1
04.08.2021 00:29:25.016,108.963,108.958,2.51,4.72
04.08.2021 00:29:33.690,108.96100000000001,108.958,1,1.95
04.08.2021 00:29:33.741,108.963,108.958,2.51,2.85
04.08.2021 00:29:33.842,108.962,108.958,1,2.85
04.08.2021 00:29:46.709,108.963,108.958,2.51,2.85
04.08.2021 00:29:51.073,108.963,108.959,1.69,2.1
04.08.2021 00:29:59.690,108.963,108.959,1.69,1.2
04.08.2021 00:30:31.600,108.963,108.959,1.69,2.85
04.08.2021 00:31:06.495,108.962,108.959,3.19,1
04.08.2021 00:31:07.071,108.962,108.959,1.69,1.7
04.08.2021 00:31:07.251,108.962,108.959,1.69,1.2
04.08.2021 00:31:55.192,108.962,108.958,3.19,2.7
04.08.2021 00:32:01.214,108.962,108.958,2.44,2.85
04.08.2021 00:32:01.315,108.964,108.959,1.69,1.2
04.08.2021 00:32:03.590,108.962,108.959,1.75,1.5
04.08.2021 00:32:04.153,108.962,108.959,1.25,1.2
04.08.2021 00:32:06.832,108.96100000000001,108.958,1.25,1.95
04.08.2021 00:32:09.624,108.962,108.959,1.75,1.2
04.08.2021 00:32:10.907,108.962,108.959,1.69,1.2
04.08.2021 00:32:12.342,108.963,108.959,2.25,1.95
04.08.2021 00:32:14.064,108.963,108.96000000000001,1.5,1
04.08.2021 00:32:17.355,108.96100000000001,108.959,1.25,1.5
04.08.2021 00:32:17.558,108.96100000000001,108.95700000000001,2.5,2.1
04.08.2021 00:32:20.066,108.96100000000001,108.95700000000001,2.5,1.95
04.08.2021 00:32:21.230,108.96100000000001,108.958,1.25,1
04.08.2021 00:32:22.500,108.962,108.958,1.69,2.85
04.08.2021 00:32:22.607,108.963,108.959,3.19,1.95
04.08.2021 00:32:22.709,108.963,108.959,1.69,2.85
04.08.2021 00:32:31.296,108.963,108.96100000000001,1.69,1
04.08.2021 00:32:35.981,108.96100000000001,108.959,1.69,1
04.08.2021 00:32:36.082,108.96100000000001,108.95700000000001,1.25,1.2
04.08.2021 00:32:36.183,108.96100000000001,108.958,1.69,1.2
04.08.2021 00:32:37.023,108.96100000000001,108.96000000000001,1,1
04.08.2021 00:32:37.294,108.962,108.96000000000001,1.25,1
04.08.2021 00:32:44.946,108.96100000000001,108.96000000000001,1.25,1
04.08.2021 00:32:44.997,108.962,108.958,1,3.07
04.08.2021 00:32:45.524,108.964,108.958,1.69,1.2
04.08.2021 00:32:51.026,108.964,108.96100000000001,1.69,1
04.08.2021 00:33:10.084,108.965,108.96100000000001,2.06,1.2
04.08.2021 00:33:17.345,108.96799999999999,108.965,4.2,1.39
04.08.2021 00:33:17.447,108.969,108.965,1.5,3.89
04.08.2021 00:33:21.645,108.971,108.97,1.12,1
04.08.2021 00:33:21.746,108.973,108.971,1,1.69
04.08.2021 00:33:21.848,108.974,108.971,1.5,1.69
04.08.2021 00:33:22.151,108.974,108.97,1,3.64
04.08.2021 00:33:23.155,108.97200000000001,108.96799999999999,1.39,1
04.08.2021 00:33:23.206,108.97,108.96600000000001,1,3.26
04.08.2021 00:33:26.326,108.971,108.96700000000001,3.45,1.25
04.08.2021 00:33:28.537,108.97200000000001,108.96700000000001,2.7,1
04.08.2021 00:33:28.588,108.974,108.971,1.1,2.44
04.08.2021 00:33:28.791,108.97500000000001,108.971,2.32,2.44
04.08.2021 00:33:29.226,108.97500000000001,108.97200000000001,1.12,1
04.08.2021 00:33:29.429,108.976,108.97200000000001,4.27,2.44
04.08.2021 00:33:31.638,108.976,108.974,1.87,1
04.08.2021 00:33:31.740,108.976,108.973,1.5,1.25
04.08.2021 00:33:34.656,108.977,108.973,1,1
04.08.2021 00:33:34.808,108.978,108.97500000000001,1.5,1.5
04.08.2021 00:33:34.909,108.978,108.97500000000001,1,1.5
04.08.2021 00:33:35.118,108.979,108.97500000000001,3.45,2.44
04.08.2021 00:33:35.220,108.979,108.977,1.5,1.2
04.08.2021 00:33:35.271,108.98100000000001,108.977,1,2.89
04.08.2021 00:33:35.372,108.98100000000001,108.978,1.12,1.1
04.08.2021 00:33:37.119,108.98200000000001,108.978,1.87,1.76
04.08.2021 00:33:41.154,108.98200000000001,108.976,1,3.7
04.08.2021 00:33:41.255,108.98200000000001,108.977,3.82,3.7
04.08.2021 00:33:41.559,108.98200000000001,108.977,3.57,3.7
04.08.2021 00:33:43.994,108.98299999999999,108.98100000000001,1,1
04.08.2021 00:33:44.247,108.98200000000001,108.98100000000001,1,1
04.08.2021 00:33:51.109,108.98200000000001,108.98,1,1.25
04.08.2021 00:34:03.397,108.98200000000001,108.979,1.12,1.25
04.08.2021 00:34:04.601,108.98200000000001,108.979,1,1.75
04.08.2021 00:34:04.702,108.98299999999999,108.98,1,1.69
04.08.2021 00:34:12.283,108.984,108.98200000000001,1,2.89
04.08.2021 00:34:12.385,108.984,108.98100000000001,1.87,1.25
04.08.2021 00:34:12.537,108.984,108.98100000000001,1.5,1.75
04.08.2021 00:34:13.097,108.985,108.98,1.12,1.5
04.08.2021 00:34:15.441,108.985,108.98200000000001,4.12,1.25
04.08.2021 00:34:15.544,108.986,108.98299999999999,1.2,1.75
04.08.2021 00:34:15.646,108.98700000000001,108.984,2.25,1.69
04.08.2021 00:34:18.366,108.988,108.985,1,1.69
04.08.2021 00:34:18.467,108.99000000000001,108.984,2.4,1.69
04.08.2021 00:34:19.683,108.984,108.98299999999999,1,1
04.08.2021 00:34:19.784,108.984,108.98200000000001,1,1
04.08.2021 00:34:20.788,108.984,108.98100000000001,1,2.44
04.08.2021 00:34:20.940,108.984,108.98,2.51,2.25
04.08.2021 00:34:21.042,108.98299999999999,108.98,1.95,1.5
04.08.2021 00:34:23.072,108.984,108.98200000000001,1,1
04.08.2021 00:34:23.174,108.986,108.98200000000001,9.71,1.25
04.08.2021 00:34:23.327,108.985,108.98200000000001,4.35,1
04.08.2021 00:34:23.429,108.984,108.98,1.2,3.25
04.08.2021 00:34:31.200,108.985,108.98100000000001,4.2,1.75
04.08.2021 00:34:31.352,108.986,108.98200000000001,3.45,1.25
04.08.2021 00:34:31.825,108.98700000000001,108.98299999999999,5.16,1
04.08.2021 00:34:32.180,108.98700000000001,108.98200000000001,5.16,1.69
04.08.2021 00:34:32.382,108.98700000000001,108.98299999999999,5.16,1
04.08.2021 00:34:35.937,108.985,108.98200000000001,1.95,1
04.08.2021 00:34:36.040,108.984,108.98100000000001,1.2,1.5
04.08.2021 00:34:42.948,108.98200000000001,108.98100000000001,1.12,1
04.08.2021 00:34:43.049,108.98200000000001,108.98,1.1,1
04.08.2021 00:34:45.164,108.98299999999999,108.98,2.02,1
04.08.2021 00:34:54.515,108.984,108.98,1.95,3.19
04.08.2021 00:34:54.616,108.984,108.98100000000001,1.12,2.44
04.08.2021 00:34:54.717,108.985,108.98100000000001,1.2,3.19
04.08.2021 00:34:59.394,108.984,108.98100000000001,1.57,1.5
04.08.2021 00:34:59.922,108.985,108.98299999999999,5.32,1
04.08.2021 00:35:00.023,108.986,108.984,2.47,1
04.08.2021 00:35:00.125,108.986,108.984,1.12,1
04.08.2021 00:35:02.326,108.986,108.98299999999999,1.2,1.69
04.08.2021 00:35:02.714,108.985,108.98299999999999,1.95,1
04.08.2021 00:35:02.816,108.984,108.98100000000001,1.1,2.44
04.08.2021 00:35:04.571,108.985,108.98200000000001,3.37,1.69
04.08.2021 00:35:04.676,108.986,108.98299999999999,1.2,1.25
04.08.2021 00:35:04.778,108.98700000000001,108.98299999999999,3.15,1.69
04.08.2021 00:35:13.170,108.98700000000001,108.985,1.2,1
04.08.2021 00:35:24.528,108.98700000000001,108.984,1,1.69
04.08.2021 00:35:51.238,108.988,108.986,1.1,1
04.08.2021 00:35:51.391,108.989,108.986,1.95,1.25
04.08.2021 00:35:51.493,108.989,108.98700000000001,1,1
04.08.2021 00:35:56.643,108.989,108.985,1.57,2.44
04.08.2021 00:35:57.427,108.989,108.986,1.57,1
04.08.2021 00:35:57.691,108.993,108.99000000000001,3.22,1
04.08.2021 00:35:57.843,108.993,108.99000000000001,1,1.69
04.08.2021 00:36:00.989,108.992,108.99000000000001,1,1
04.08.2021 00:36:01.928,108.993,108.99000000000001,3.07,1.25
04.08.2021 00:36:15.115,108.994,108.99000000000001,1.5,2.14
04.08.2021 00:36:46.134,108.993,108.99000000000001,1,1.25
04.08.2021 00:36:58.867,108.993,108.99000000000001,2.37,1.25
04.08.2021 00:36:59.071,108.993,108.99000000000001,1.87,1.25
04.08.2021 00:37:01.081,108.994,108.988,1.5,3.45
04.08.2021 00:37:01.687,108.993,108.99000000000001,1.5,1
04.08.2021 00:37:15.427,108.993,108.989,1.5,2.7
04.08.2021 00:37:30.854,108.993,108.988,1,2.44
04.08.2021 00:37:30.955,108.989,108.986,1,3.52
04.08.2021 00:37:31.158,108.989,108.985,2.25,2.89
04.08.2021 00:37:36.329,108.99000000000001,108.986,1,1.01
04.08.2021 00:37:36.380,108.991,108.98700000000001,2.25,1.76
04.08.2021 00:37:36.431,108.992,108.989,1.95,1.75
04.08.2021 00:37:36.583,108.993,108.99000000000001,1,1.25
04.08.2021 00:37:38.431,108.993,108.99000000000001,1,1.82
04.08.2021 00:37:38.583,108.994,108.99000000000001,1,3.32
04.08.2021 00:37:38.684,108.995,108.99000000000001,1,1.25
04.08.2021 00:37:53.547,108.994,108.99000000000001,1,3.32
04.08.2021 00:37:57.572,108.995,108.991,4.2,1.25
04.08.2021 00:37:57.673,108.995,108.991,3.45,1.75
04.08.2021 00:38:31.019,108.99700000000001,108.994,1.5,2.57
04.08.2021 00:38:31.121,108.99799999999999,108.994,1.95,3.32
04.08.2021 00:38:31.404,108.99700000000001,108.993,3,4.01
04.08.2021 00:38:51.564,108.995,108.992,1,3.19
04.08.2021 00:39:04.435,108.99600000000001,108.993,4.32,1
04.08.2021 00:39:12.741,108.99600000000001,108.993,3.64,1
04.08.2021 00:39:13.580,108.99600000000001,108.993,3.57,1
04.08.2021 00:39:27.667,108.995,108.993,1.22,1
04.08.2021 00:39:40.905,108.99600000000001,108.99000000000001,4.64,1
04.08.2021 00:40:01.493,108.99000000000001,108.989,1.2,1.5
04.08.2021 00:40:01.544,108.991,108.986,1.95,1.2
04.08.2021 00:40:01.646,108.989,108.986,1.1,1.5
04.08.2021 00:40:02.297,108.989,108.985,2.95,1.69
04.08.2021 00:40:08.560,108.989,108.985,2.32,2.44
04.08.2021 00:40:18.883,108.989,108.985,2.32,3.25
04.08.2021 00:40:26.952,108.993,108.99000000000001,2.02,1.5
04.08.2021 00:40:27.155,108.994,108.99000000000001,1.57,2.44
04.08.2021 00:40:36.471,108.994,108.99000000000001,3.29,1
04.08.2021 00:40:46.140,108.994,108.99000000000001,1.1,2.44
04.08.2021 00:40:46.506,108.995,108.989,1.97,2.44
04.08.2021 00:40:46.708,108.994,108.99000000000001,1.57,2.44
04.08.2021 00:41:00.865,108.994,108.99000000000001,2.72,1.69
04.08.2021 00:41:05.458,108.993,108.99000000000001,1.6,1.69
04.08.2021 00:41:05.685,108.993,108.99000000000001,1.1,1.69
04.08.2021 00:41:09.438,108.993,108.989,1.57,2.44
04.08.2021 00:41:29.602,108.993,108.989,3.32,1
04.08.2021 00:41:45.121,108.989,108.98700000000001,1.25,1.5
04.08.2021 00:41:45.222,108.989,108.986,2.5,1
04.08.2021 00:41:45.323,108.988,108.985,1.25,1
04.08.2021 00:41:45.425,108.98700000000001,108.984,1.25,1
04.08.2021 00:41:54.618,108.98700000000001,108.98299999999999,1.25,2.32
04.08.2021 00:41:59.303,108.986,108.98299999999999,1.25,1
04.08.2021 00:42:02.737,108.985,108.98299999999999,1,1
04.08.2021 00:42:03.258,108.985,108.98100000000001,1.25,2.85
04.08.2021 00:42:03.415,108.984,108.98100000000001,1.69,1.2
04.08.2021 00:42:03.466,108.98100000000001,108.978,3.32,1.95
04.08.2021 00:42:03.568,108.979,108.977,1,1.1
04.08.2021 00:42:03.720,108.979,108.97500000000001,2.51,3.82
04.08.2021 00:42:09.240,108.97500000000001,108.974,1,1.12
04.08.2021 00:42:09.341,108.97500000000001,108.97200000000001,1,2.7
04.08.2021 00:42:09.645,108.97500000000001,108.971,2.44,1.2
04.08.2021 00:42:15.525,108.97500000000001,108.97200000000001,1.69,1
04.08.2021 00:42:20.775,108.974,108.97200000000001,1,1
04.08.2021 00:42:20.826,108.973,108.97,1,1.2
04.08.2021 00:42:36.684,108.974,108.97,2.25,3.22
04.08.2021 00:42:38.081,108.97500000000001,108.97200000000001,1.01,1
04.08.2021 00:42:38.183,108.977,108.971,2.51,1.95
04.08.2021 00:42:44.063,108.97500000000001,108.97200000000001,1,1.2
04.08.2021 00:42:44.214,108.974,108.971,1,1.2
04.08.2021 00:42:44.720,108.974,108.97,3.32,1.2
04.08.2021 00:43:22.050,108.974,108.97,1.76,1.2
04.08.2021 00:43:24.412,108.974,108.971,1.1,1
04.08.2021 00:43:25.072,108.974,108.97,1.1,4.57
04.08.2021 00:43:32.589,108.97500000000001,108.971,2.91,1
04.08.2021 00:43:32.853,108.976,108.973,1,1.95
04.08.2021 00:43:32.954,108.977,108.973,2.51,1.95
04.08.2021 00:43:33.055,108.978,108.97500000000001,1.69,1.2
04.08.2021 00:43:33.157,108.978,108.973,1.25,3.07
04.08.2021 00:43:33.308,108.977,108.973,3.72,1
04.08.2021 00:43:51.875,108.978,108.97500000000001,1,2.7
04.08.2021 00:43:51.977,108.98,108.976,2.32,3.83
04.08.2021 00:43:52.078,108.98100000000001,108.977,1.76,2.82
04.08.2021 00:43:52.230,108.98100000000001,108.977,1.76,3.45
04.08.2021 00:43:52.605,108.98100000000001,108.978,1.76,1
04.08.2021 00:43:52.808,108.98100000000001,108.977,1.76,2.7
04.08.2021 00:43:53.018,108.98100000000001,108.978,1.76,1
04.08.2021 00:43:54.450,108.98100000000001,108.977,1.01,3.82
04.08.2021 00:43:55.321,108.98200000000001,108.978,3.72,1
04.08.2021 00:44:06.012,108.98299999999999,108.978,1.1,1
04.08.2021 00:44:06.887,108.98299999999999,108.979,3.64,2.25
04.08.2021 00:44:32.502,108.984,108.98100000000001,4.76,1
04.08.2021 00:44:32.704,108.984,108.98,4.01,1.5
04.08.2021 00:44:32.806,108.98299999999999,108.98,1.25,1.5
04.08.2021 00:45:00.489,108.984,108.98,1.5,4.07
04.08.2021 00:45:04.278,108.985,108.98100000000001,3.19,3.64
04.08.2021 00:45:06.426,108.985,108.98,1,3.64
04.08.2021 00:45:10.247,108.984,108.98200000000001,1,4.37
04.08.2021 00:45:10.297,108.98700000000001,108.98299999999999,2.7,1.25
04.08.2021 00:45:10.450,108.98700000000001,108.984,1.39,1.5
04.08.2021 00:45:22.019,108.988,108.984,3.64,2.25
04.08.2021 00:45:35.942,108.98700000000001,108.984,1,1.5
04.08.2021 00:45:46.887,108.98700000000001,108.98299999999999,2.44,1.95
04.08.2021 00:45:46.938,108.986,108.98100000000001,3.62,2.25
04.08.2021 00:45:47.039,108.985,108.98100000000001,4.82,2.12
04.08.2021 00:45:58.881,108.985,108.98100000000001,2.89,1.86
04.08.2021 00:45:58.997,108.986,108.98100000000001,2.89,1
04.08.2021 00:45:59.460,108.986,108.98299999999999,2.87,1
04.08.2021 00:45:59.561,108.986,108.98299999999999,1.12,1.69
04.08.2021 00:46:02.164,108.98700000000001,108.984,1.25,1.2
04.08.2021 00:46:02.265,108.988,108.985,1.31,1
04.08.2021 00:46:02.581,108.98700000000001,108.985,1,1
04.08.2021 00:46:02.683,108.98700000000001,108.984,1,2.14
04.08.2021 00:46:02.785,108.98700000000001,108.98299999999999,3.82,3
04.08.2021 00:46:02.936,108.986,108.98200000000001,3.26,2.44
04.08.2021 00:46:03.302,108.986,108.98299999999999,2.06,1
04.08.2021 00:46:03.513,108.986,108.98200000000001,2.06,2.89
04.08.2021 00:46:03.665,108.986,108.98200000000001,1.5,5.2
04.08.2021 00:46:17.158,108.98700000000001,108.98299999999999,1.69,3.26
04.08.2021 00:46:32.623,108.98700000000001,108.984,1.69,1
04.08.2021 00:46:34.110,108.988,108.98200000000001,1.69,3.26
04.08.2021 00:46:34.412,108.98700000000001,108.984,1.69,1
04.08.2021 00:46:51.059,108.988,108.984,1.69,3.64
04.08.2021 00:46:51.160,108.988,108.985,1.25,1.5
04.08.2021 00:47:00.505,108.988,108.985,1,2.2
04.08.2021 00:47:00.606,108.989,108.985,2.25,3.7
04.08.2021 00:47:02.308,108.989,108.98700000000001,1.5,1
04.08.2021 00:47:03.087,108.991,108.988,1,1.39
04.08.2021 00:47:03.189,108.992,108.988,3,2.14
04.08.2021 00:47:03.342,108.991,108.98700000000001,2.7,1.69
04.08.2021 00:47:03.394,108.991,108.989,1.25,1
04.08.2021 00:47:03.445,108.99000000000001,108.98700000000001,1.25,1
04.08.2021 00:47:21.509,108.99000000000001,108.986,1.69,2.89
04.08.2021 00:47:31.188,108.99000000000001,108.985,1,1.25
04.08.2021 00:47:31.557,108.99000000000001,108.98700000000001,3,1.25
04.08.2021 00:47:42.223,108.991,108.988,2.89,1
04.08.2021 00:47:42.375,108.991,108.98700000000001,2.14,1.69
04.08.2021 00:47:51.330,108.991,108.989,1.25,1
04.08.2021 00:47:52.798,108.993,108.989,4.22,1
04.08.2021 00:48:13.411,108.993,108.99000000000001,3.7,1
04.08.2021 00:48:13.523,108.993,108.99000000000001,3.64,1
04.08.2021 00:48:13.624,108.994,108.99000000000001,4.39,3
04.08.2021 00:48:13.776,108.994,108.99000000000001,3.39,3
04.08.2021 00:48:13.933,108.994,108.99000000000001,2.89,3
04.08.2021 00:48:35.346,108.993,108.99000000000001,1,1.5
04.08.2021 00:48:40.436,108.993,108.991,1,1
04.08.2021 00:48:40.848,108.994,108.991,2.89,1
04.08.2021 00:49:04.199,108.993,108.99000000000001,1.5,1
04.08.2021 00:49:04.301,108.993,108.989,3.45,1.69
04.08.2021 00:49:04.402,108.992,108.989,1,1
04.08.2021 00:49:04.503,108.99000000000001,108.986,4.57,2.25
04.08.2021 00:49:04.605,108.989,108.986,1.2,1
04.08.2021 00:49:04.866,108.988,108.985,1.2,1.69
04.08.2021 00:49:06.412,108.99000000000001,108.984,2.7,1.69
04.08.2021 00:49:08.382,108.99000000000001,108.98700000000001,3.75,1.39
04.08.2021 00:49:08.483,108.993,108.98700000000001,1.5,2.95
04.08.2021 00:49:08.923,108.992,108.988,2.7,1.69
04.08.2021 00:49:09.025,108.991,108.98700000000001,1.5,3.7
04.08.2021 00:49:09.126,108.99000000000001,108.98700000000001,1.5,1.75
04.08.2021 00:49:17.194,108.992,108.989,1,1.25
04.08.2021 00:49:18.021,108.994,108.988,2.7,1.69
04.08.2021 00:49:18.640,108.993,108.99000000000001,2.7,1
04.08.2021 00:49:18.918,108.993,108.989,2.7,1.69
04.08.2021 00:49:19.435,108.993,108.99000000000001,2.25,1
04.08.2021 00:49:19.952,108.993,108.989,2.25,2.14
04.08.2021 00:49:27.207,108.993,108.989,1,3.7
04.08.2021 00:49:37.757,108.993,108.991,1,1
04.08.2021 00:49:41.408,108.992,108.989,1,2.7
04.08.2021 00:49:41.509,108.993,108.989,1.5,1.39
04.08.2021 00:49:46.395,108.993,108.99000000000001,1,1
04.08.2021 00:49:46.496,108.994,108.99000000000001,2.7,1
04.08.2021 00:49:46.648,108.995,108.992,1.5,1.69
04.08.2021 00:49:46.800,108.99700000000001,108.994,2.7,1
04.08.2021 00:49:46.902,108.99600000000001,108.993,1,1.5
04.08.2021 00:49:47.255,108.99600000000001,108.991,1.2,1
04.08.2021 00:49:47.760,108.995,108.992,1.6,1
04.08.2021 00:49:49.212,108.995,108.992,1.2,1
04.08.2021 00:49:49.365,108.99600000000001,108.993,1.87,1.69
04.08.2021 00:49:49.468,108.99700000000001,108.994,1.62,1
04.08.2021 00:49:49.570,108.99700000000001,108.994,1,1
04.08.2021 00:49:49.773,108.99799999999999,108.994,2.7,1
04.08.2021 00:49:50.128,108.99700000000001,108.993,3,2.14
04.08.2021 00:49:50.381,108.99799999999999,108.995,4.12,1
04.08.2021 00:49:50.483,108.99799999999999,108.994,2.25,2.14
04.08.2021 00:49:53.290,108.99799999999999,108.995,1.5,1
04.08.2021 00:49:57.443,108.999,108.995,3.26,1.5
04.08.2021 00:50:01.171,108.999,108.994,1,1.69
04.08.2021 00:50:27.520,108.999,108.995,2.25,1.39
04.08.2021 00:50:28.078,108.999,108.99600000000001,1.5,1
04.08.2021 00:50:35.654,109,108.99600000000001,2.51,1.75
04.08.2021 00:50:35.995,109,108.99799999999999,1.31,1.75
04.08.2021 00:50:36.046,109.00200000000001,108.999,1,1.69
04.08.2021 00:50:36.199,109.003,108.999,3.45,2.44
04.08.2021 00:50:36.301,109.00200000000001,108.999,1,1.25
04.08.2021 00:50:36.352,109.003,109.001,1,1
04.08.2021 00:50:36.404,109.005,109.00200000000001,1,1.69
04.08.2021 00:50:36.505,109.006,109.00200000000001,3.82,1.69
04.08.2021 00:50:36.657,109.006,109.003,1.2,1
04.08.2021 00:50:37.465,109.007,109.003,2.32,2.25
04.08.2021 00:50:38.170,109.006,109.00200000000001,1,2.89
04.08.2021 00:50:38.926,109.006,109.003,1,1
04.08.2021 00:50:51.499,109.006,109.00200000000001,1,3.64
04.08.2021 00:50:51.620,109.006,109.003,1.2,1
04.08.2021 00:50:54.644,109.005,109.003,1,1.25
04.08.2021 00:50:55.945,109.005,109.00200000000001,1,2.44
04.08.2021 00:51:00.121,109.004,109.001,1.95,1
04.08.2021 00:51:03.427,109.004,109,1.5,3.64
04.08.2021 00:51:04.296,109.004,109.00200000000001,1.5,1
04.08.2021 00:51:08.055,109.006,109.00200000000001,4.79,1
04.08.2021 00:51:08.487,109.004,109.00200000000001,1,1
04.08.2021 00:51:08.640,109.005,109.00200000000001,2.14,1
04.08.2021 00:51:15.528,109.007,109.00200000000001,3.41,2.25
04.08.2021 00:51:17.551,109.007,109.003,2.14,1
04.08.2021 00:51:17.804,109.008,109.006,1.5,1.5
04.08.2021 00:51:17.855,109.01,109.006,2.02,2.44
04.08.2021 00:51:17.957,109.01,109.007,1.2,1.25
04.08.2021 00:51:18.058,109.01100000000001,109.007,3.07,1.25
04.08.2021 00:51:18.215,109.01200000000001,109.008,3.36,1
04.08.2021 00:51:18.316,109.01200000000001,109.007,4.16,2.44
04.08.2021 00:51:21.733,109.01200000000001,109.008,1.6,1.5
04.08.2021 00:51:21.834,109.01200000000001,109.008,1.57,1
04.08.2021 00:51:27.433,109.01200000000001,109.008,2.72,3.94
04.08.2021 00:51:29.747,109.01200000000001,109.009,1.5,1
04.08.2021 00:51:32.906,109.01200000000001,109.01,2.25,1
04.08.2021 00:51:33.210,109.01,109.008,1.25,1.5
04.08.2021 00:51:33.312,109.01100000000001,109.008,1.57,1.5
04.08.2021 00:51:38.160,109.01100000000001,109.007,2.14,2.25
04.08.2021 00:51:40.150,109.015,109.014,1,1
04.08.2021 00:51:40.252,109.01700000000001,109.015,1,1
04.08.2021 00:51:40.354,109.018,109.015,1,1
04.08.2021 00:51:40.869,109.01700000000001,109.014,1.69,1.2
04.08.2021 00:51:41.873,109.016,109.014,1,1.1
04.08.2021 00:51:41.975,109.01700000000001,109.014,1,1.57
04.08.2021 00:51:42.937,109.01700000000001,109.01299999999999,1.5,4.39
04.08.2021 00:51:43.243,109.01700000000001,109.014,1.5,1
04.08.2021 00:51:44.019,109.01700000000001,109.01299999999999,1.5,3.64
04.08.2021 00:51:44.171,109.016,109.01299999999999,1.25,1.5
04.08.2021 00:51:44.374,109.01700000000001,109.01299999999999,2.7,1.69
04.08.2021 00:51:44.475,109.01700000000001,109.01299999999999,2.25,3.14
04.08.2021 00:51:46.026,109.01700000000001,109.01299999999999,1.69,2.7
04.08.2021 00:51:46.250,109.01700000000001,109.014,1.69,1
04.08.2021 00:51:51.491,109.016,109.014,1,1
04.08.2021 00:51:51.542,109.016,109.01100000000001,1.45,1
04.08.2021 00:51:51.644,109.015,109.01100000000001,2.95,1
04.08.2021 00:51:51.746,109.01299999999999,109.01,1.25,1.5
04.08.2021 00:51:51.848,109.01299999999999,109.01,2.2,1
04.08.2021 00:51:52.000,109.01299999999999,109.01,1.39,1
04.08.2021 00:51:53.375,109.01200000000001,109.01,1.2,1
04.08.2021 00:51:53.476,109.01200000000001,109.008,1.2,1.87
04.08.2021 00:51:54.965,109.01200000000001,109.009,1.39,1
04.08.2021 00:51:55.494,109.01200000000001,109.008,1.85,1.87
04.08.2021 00:51:57.442,109.01200000000001,109.009,2.14,1
04.08.2021 00:51:59.070,109.014,109.01200000000001,1.87,1
04.08.2021 00:51:59.173,109.016,109.01200000000001,2.59,1
04.08.2021 00:52:13.267,109.015,109.01200000000001,1,1.5
04.08.2021 00:52:15.412,109.016,109.01299999999999,2.89,1
04.08.2021 00:52:18.878,109.019,109.01299999999999,5.61,1
04.08.2021 00:52:18.979,109.018,109.014,4.39,1
04.08.2021 00:52:19.081,109.018,109.014,4.54,1
04.08.2021 00:52:24.706,109.018,109.014,2.89,1.5
04.08.2021 00:52:26.292,109.018,109.015,2.89,1
04.08.2021 00:52:30.435,109.021,109.019,2.95,1
04.08.2021 00:52:30.537,109.022,109.019,2.65,1
04.08.2021 00:52:30.639,109.023,109.02,3.25,1.2
04.08.2021 00:52:32.557,109.024,109.02,1.75,1
04.08.2021 00:52:32.658,109.023,109.021,1.25,1
04.08.2021 00:52:35.501,109.023,109.02,1.39,1.5
04.08.2021 00:52:37.972,109.024,109.021,1,2.14
04.08.2021 00:52:38.023,109.02700000000002,109.024,1.95,1
04.08.2021 00:52:38.125,109.02600000000001,109.022,2.89,2.25
04.08.2021 00:52:38.328,109.024,109.022,1.25,1
04.08.2021 00:52:38.429,109.024,109.021,1.25,1.5
04.08.2021 00:52:39.994,109.025,109.022,1,1.5
04.08.2021 00:52:40.095,109.02600000000001,109.024,1.2,1.5
04.08.2021 00:52:40.196,109.02799999999999,109.024,4.99,1.5
04.08.2021 00:52:41.572,109.02700000000002,109.023,2.14,2.7
04.08.2021 00:52:41.776,109.02600000000001,109.023,1,1.95
04.08.2021 00:52:42.558,109.02600000000001,109.02,3.64,2.7
04.08.2021 00:52:42.660,109.024,109.021,1.25,2.7
04.08.2021 00:52:46.856,109.024,109.02,2.89,1.5
04.08.2021 00:52:47.008,109.022,109.02,1,1.5
04.08.2021 00:52:47.583,109.021,109.019,1,2.7
04.08.2021 00:52:47.735,109.02,109.018,1.25,1
04.08.2021 00:52:47.786,109.021,109.019,2.14,1
04.08.2021 00:52:47.887,109.021,109.018,2.89,1
04.08.2021 00:52:47.989,109.021,109.019,2.89,1
04.08.2021 00:52:48.343,109.022,109.019,2.89,1
04.08.2021 00:52:51.283,109.021,109.019,1,1
04.08.2021 00:52:54.254,109.02,109.01700000000001,1.69,1.2
04.08.2021 00:52:54.406,109.019,109.01700000000001,1.25,1
04.08.2021 00:52:54.457,109.018,109.015,2.95,1
04.08.2021 00:52:55.449,109.02,109.016,5.27,1.57
04.08.2021 00:52:56.207,109.019,109.01700000000001,1,2.25
04.08.2021 00:52:56.258,109.022,109.02,1.69,1
04.08.2021 00:52:57.142,109.022,109.019,1.69,1.5
04.08.2021 00:52:57.244,109.022,109.018,2.44,3
04.08.2021 00:52:59.154,109.022,109.019,1.69,1.5
04.08.2021 00:53:01.735,109.022,109.01700000000001,1.75,3.45
04.08.2021 00:53:01.937,109.021,109.01700000000001,3.7,3.45
04.08.2021 00:53:02.089,109.02,109.016,2.89,1.57
04.08.2021 00:53:03.026,109.019,109.016,1.25,1.57
04.08.2021 00:53:03.127,109.018,109.016,1.25,1
04.08.2021 00:53:03.228,109.018,109.015,1.69,1.57
04.08.2021 00:53:04.323,109.01700000000001,109.014,1.69,1.5
04.08.2021 00:53:04.425,109.016,109.01299999999999,1.25,2.32
04.08.2021 00:53:04.526,109.015,109.01200000000001,1.25,1
04.08.2021 00:53:04.881,109.014,109.01,1.75,5.72
04.08.2021 00:53:05.033,109.01299999999999,109.01,1.69,1.1
04.08.2021 00:53:09.385,109.014,109.01100000000001,1.25,1.95
04.08.2021 00:53:09.487,109.016,109.01200000000001,3.77,1
04.08.2021 00:53:14.206,109.016,109.01299999999999,2.57,1
04.08.2021 00:53:14.416,109.016,109.01200000000001,2.57,2.25
04.08.2021 00:53:17.208,109.01700000000001,109.01299999999999,3.32,1
04.08.2021 00:53:17.310,109.01700000000001,109.014,1.01,1
04.08.2021 00:53:18.504,109.019,109.015,3.19,2.85
04.08.2021 00:53:20.192,109.02,109.016,2.7,2.89
04.08.2021 00:53:21.219,109.02,109.018,1,1
04.08.2021 00:53:21.321,109.021,109.018,1.2,1
04.08.2021 00:53:25.280,109.022,109.018,2.32,2.14
04.08.2021 00:53:31.151,109.024,109.021,1.1,1
04.08.2021 00:53:31.253,109.024,109.02,1.97,1.5
04.08.2021 00:53:34.241,109.024,109.019,3.79,2.81
04.08.2021 00:53:34.363,109.024,109.019,3.66,3.64
04.08.2021 00:53:38.438,109.023,109.019,1,3.29
04.08.2021 00:53:42.958,109.024,109.02,2.89,1.1
04.08.2021 00:53:43.955,109.024,109.02,2.25,2.91
04.08.2021 00:53:46.511,109.02600000000001,109.024,1.12,1.76
04.08.2021 00:53:46.613,109.02799999999999,109.02600000000001,1.2,1
04.08.2021 00:53:47.223,109.02799999999999,109.025,1,1.76
04.08.2021 00:53:48.548,109.02799999999999,109.024,2.7,3.26
04.08.2021 00:53:49.026,109.02799999999999,109.02600000000001,1.95,1
04.08.2021 00:53:49.178,109.029,109.024,1,1.76
04.08.2021 00:53:49.672,109.02799999999999,109.02600000000001,1,1.25
04.08.2021 00:53:49.723,109.03,109.02600000000001,3.45,1.76
04.08.2021 00:53:49.825,109.03,109.02700000000002,3.45,1.25
04.08.2021 00:53:54.800,109.03200000000001,109.02799999999999,1,3.64
04.08.2021 00:53:54.903,109.035,109.031,5.32,2.2
04.08.2021 00:53:55.006,109.035,109.03200000000001,2.32,1.75
04.08.2021 00:53:55.927,109.037,109.03399999999999,1.95,1
04.08.2021 00:53:56.029,109.037,109.033,2.72,1.69
04.08.2021 00:53:56.132,109.036,109.03200000000001,1.22,3.94
04.08.2021 00:53:57.962,109.035,109.033,1.1,1
04.08.2021 00:53:58.064,109.036,109.03200000000001,1.22,1
04.08.2021 00:53:58.292,109.035,109.031,1.97,2.25
04.08.2021 00:53:59.527,109.03399999999999,109.03200000000001,1.1,1
04.08.2021 00:54:00.532,109.035,109.03200000000001,1,1.57
04.08.2021 00:54:00.886,109.036,109.03200000000001,1.5,1
04.08.2021 00:54:01.142,109.036,109.03,1.2,2.32
04.08.2021 00:54:01.344,109.03200000000001,109.029,1.69,3.45
04.08.2021 00:54:01.446,109.031,109.02799999999999,1.5,2.02
04.08.2021 00:54:01.548,109.03,109.029,1,1
04.08.2021 00:54:01.700,109.031,109.02700000000002,1.95,2.89
04.08.2021 00:54:01.750,109.03200000000001,109.029,2.14,1.5
04.08.2021 00:54:02.003,109.031,109.02799999999999,1.25,2.32
04.08.2021 00:54:02.421,109.031,109.02799999999999,3.79,1
04.08.2021 00:54:02.522,109.029,109.02600000000001,1,1.69
04.08.2021 00:54:02.724,109.029,109.025,2.89,1.5
04.08.2021 00:54:02.826,109.02700000000002,109.024,1.25,1.2
04.08.2021 00:54:03.129,109.024,109.022,1.69,1.5
04.08.2021 00:54:03.230,109.024,109.019,2.14,5.14
04.08.2021 00:54:03.331,109.024,109.02,2.95,1
04.08.2021 00:54:03.433,109.024,109.019,2.95,1.2
04.08.2021 00:54:05.662,109.024,109.021,2.95,1
04.08.2021 00:54:05.763,109.024,109.022,1,1
04.08.2021 00:54:06.016,109.024,109.02,1.95,3.94
04.08.2021 00:54:08.307,109.024,109.02,2.2,1.5
04.08.2021 00:54:08.946,109.025,109.021,1.39,1.2
04.08.2021 00:54:09.048,109.025,109.022,1.39,1
04.08.2021 00:54:09.403,109.025,109.021,3.29,1.5
04.08.2021 00:54:11.286,109.025,109.022,3.29,1
04.08.2021 00:54:12.426,109.02700000000002,109.024,2.64,1.5
04.08.2021 00:54:12.527,109.02700000000002,109.025,1,1
04.08.2021 00:54:12.628,109.02799999999999,109.025,1,1
04.08.2021 00:54:13.396,109.03,109.025,2.89,1
04.08.2021 00:54:15.378,109.03,109.02700000000002,2.7,1.25
04.08.2021 00:54:15.531,109.03,109.02799999999999,1.2,1
04.08.2021 00:54:16.273,109.031,109.029,1.2,2.25
04.08.2021 00:54:16.374,109.031,109.03,1,1
04.08.2021 00:54:16.475,109.03200000000001,109.03,1.2,3
04.08.2021 00:54:16.691,109.03399999999999,109.031,2.25,1.5
04.08.2021 00:54:16.792,109.035,109.031,1.5,2.14
04.08.2021 00:54:16.944,109.035,109.03200000000001,1.5,1
04.08.2021 00:54:17.652,109.036,109.03200000000001,3.82,1
04.08.2021 00:54:17.753,109.035,109.03200000000001,1,1
04.08.2021 00:54:19.920,109.035,109.03200000000001,3.85,1.5
04.08.2021 00:54:22.028,109.036,109.033,2.7,1.25
04.08.2021 00:54:22.129,109.035,109.033,1.2,1
04.08.2021 00:54:22.739,109.036,109.033,2.14,1
04.08.2021 00:54:24.588,109.036,109.033,2.66,1
04.08.2021 00:54:24.690,109.035,109.031,1.39,1.57
04.08.2021 00:54:24.993,109.036,109.03200000000001,2.47,1
04.08.2021 00:54:25.095,109.036,109.03200000000001,2.32,1.1
04.08.2021 00:54:26.733,109.036,109.03200000000001,3.97,2.25
04.08.2021 00:54:26.885,109.036,109.03399999999999,1.2,1
04.08.2021 00:54:27.037,109.036,109.033,2.47,1
04.08.2021 00:54:27.239,109.036,109.03200000000001,3.97,1
04.08.2021 00:54:27.899,109.036,109.033,4.72,1
04.08.2021 00:54:28.000,109.038,109.03399999999999,2.02,1
04.08.2021 00:54:28.547,109.037,109.03399999999999,1.95,1.25
04.08.2021 00:54:29.130,109.037,109.035,1.2,1
04.08.2021 00:54:29.322,109.038,109.033,1,1.76
04.08.2021 00:54:29.424,109.037,109.036,1,1
04.08.2021 00:54:29.476,109.038,109.033,1,2.51
04.08.2021 00:54:30.676,109.037,109.036,1.5,1
04.08.2021 00:54:30.778,109.037,109.03399999999999,1.5,1.76
04.08.2021 00:54:31.649,109.036,109.03399999999999,1,1.01
04.08.2021 00:54:32.479,109.035,109.03200000000001,2.72,1.31
04.08.2021 00:54:32.581,109.03399999999999,109.031,1.1,1.69
04.08.2021 00:54:32.733,109.03200000000001,109.031,1,2.25
04.08.2021 00:54:32.785,109.03,109.029,1,1.25
04.08.2021 00:54:32.836,109.03200000000001,109.029,2.33,1.25
04.08.2021 00:54:32.938,109.033,109.03,1.1,1.69
04.08.2021 00:54:33.091,109.03200000000001,109.03,1,1.69
04.08.2021 00:54:33.345,109.03399999999999,109.031,1.22,1
04.08.2021 00:54:33.447,109.03399999999999,109.031,1.1,1.5
04.08.2021 00:54:33.787,109.03200000000001,109.03,1.1,1
04.08.2021 00:54:33.889,109.03399999999999,109.031,1.22,1
04.08.2021 00:54:34.041,109.035,109.033,1.5,1.25
04.08.2021 00:54:34.143,109.035,109.03200000000001,1.95,1.25
04.08.2021 00:54:34.345,109.036,109.029,2.1,3.26
04.08.2021 00:54:34.446,109.035,109.031,2.7,1.76
04.08.2021 00:54:35.834,109.03399999999999,109.031,1,1.76
04.08.2021 00:54:36.587,109.03200000000001,109.02799999999999,2.7,1.12
04.08.2021 00:54:36.689,109.031,109.025,1.5,3.85
04.08.2021 00:54:36.740,109.029,109.025,1,1.01
04.08.2021 00:54:38.052,109.029,109.024,1,1.76
04.08.2021 00:54:38.204,109.02799999999999,109.024,1.2,2.14
04.08.2021 00:54:38.305,109.029,109.023,1.2,3.14
04.08.2021 00:54:38.866,109.02799999999999,109.02600000000001,1,1
04.08.2021 00:54:39.237,109.02799999999999,109.02700000000002,1,1
04.08.2021 00:54:39.338,109.03,109.025,1.2,1
04.08.2021 00:54:39.541,109.029,109.02700000000002,1.2,1
04.08.2021 00:54:40.983,109.029,109.02600000000001,1.2,1
04.08.2021 00:54:44.194,109.03,109.02600000000001,1.95,1
04.08.2021 00:54:44.296,109.033,109.02799999999999,2.02,1
04.08.2021 00:54:44.397,109.03200000000001,109.03,1.1,1.5
04.08.2021 00:54:44.498,109.031,109.02799999999999,1.57,1.25
04.08.2021 00:54:44.600,109.031,109.029,1.1,2.25
04.08.2021 00:54:44.802,109.033,109.029,4.04,2.25
04.08.2021 00:54:45.297,109.033,109.031,1.57,1.25
04.08.2021 00:54:45.348,109.035,109.031,3.15,2.14
04.08.2021 00:54:45.450,109.035,109.031,3.17,2.44
04.08.2021 00:54:45.552,109.035,109.03200000000001,2.32,1.5
04.08.2021 00:54:46.638,109.035,109.03200000000001,1.97,1.5
04.08.2021 00:54:46.944,109.036,109.03399999999999,2.25,1.25
04.08.2021 00:54:47.046,109.035,109.03399999999999,1.1,1.25
04.08.2021 00:54:47.147,109.036,109.033,1.57,1.69
04.08.2021 00:54:47.249,109.037,109.033,1.1,1.25
04.08.2021 00:54:48.583,109.035,109.03200000000001,1.57,3.62
04.08.2021 00:54:48.685,109.035,109.03200000000001,1.57,1.69
04.08.2021 00:54:48.787,109.03399999999999,109.033,1,1
04.08.2021 00:54:48.889,109.036,109.031,1,2.89
04.08.2021 00:54:49.142,109.035,109.03200000000001,1,2.13
04.08.2021 00:54:49.608,109.035,109.03200000000001,1.1,1.5
04.08.2021 00:54:49.711,109.035,109.033,1.1,1
04.08.2021 00:54:49.965,109.03399999999999,109.03200000000001,1,4.5
04.08.2021 00:54:50.067,109.03399999999999,109.031,1.1,2.44
04.08.2021 00:54:50.340,109.036,109.03200000000001,1,1.69
04.08.2021 00:54:50.442,109.037,109.035,3.82,1
04.08.2021 00:54:50.544,109.038,109.035,2.32,1.75
04.08.2021 00:54:50.645,109.036,109.03399999999999,1,1.25
04.08.2021 00:54:51.049,109.037,109.033,1.1,3.7
04.08.2021 00:54:51.201,109.036,109.033,1,2.95
04.08.2021 00:54:51.353,109.035,109.03200000000001,2.32,1.25
04.08.2021 00:54:51.454,109.035,109.03200000000001,1,2.14
04.08.2021 00:54:51.555,109.036,109.033,1.2,1.25
04.08.2021 00:54:51.657,109.036,109.03200000000001,1.2,2.89
04.08.2021 00:54:52.553,109.035,109.03200000000001,1.57,1.25
04.08.2021 00:54:52.655,109.035,109.031,1.57,3.34
04.08.2021 00:54:52.757,109.035,109.031,1.97,3.19
04.08.2021 00:54:54.429,109.035,109.033,1.57,1.25
04.08.2021 00:54:54.530,109.035,109.03399999999999,1,1.25
04.08.2021 00:54:54.631,109.035,109.033,1,1.69
04.08.2021 00:54:55.038,109.035,109.03399999999999,1,1
04.08.2021 00:54:55.140,109.035,109.033,1,1.25
04.08.2021 00:54:55.242,109.036,109.031,1,2.14
04.08.2021 00:54:55.344,109.035,109.03200000000001,1,3.89
04.08.2021 00:54:55.445,109.036,109.033,1,3.44
04.08.2021 00:54:55.496,109.038,109.036,1,1.69
04.08.2021 00:54:55.800,109.038,109.035,1.01,1
04.08.2021 00:54:55.902,109.038,109.033,1.1,1.25
04.08.2021 00:54:56.155,109.036,109.033,1.1,1.31
04.08.2021 00:54:56.509,109.036,109.03200000000001,1.57,3.79
04.08.2021 00:54:56.611,109.035,109.033,1,1.25
04.08.2021 00:54:56.713,109.035,109.031,1,9.21
04.08.2021 00:54:56.915,109.035,109.03200000000001,1.5,3.14
04.08.2021 00:54:57.471,109.036,109.03399999999999,1.1,1
04.08.2021 00:54:57.573,109.036,109.033,1.57,1.69
04.08.2021 00:54:58.487,109.03399999999999,109.031,1,7.75
04.08.2021 00:54:58.589,109.035,109.03200000000001,1,1.95
04.08.2021 00:54:59.248,109.03399999999999,109.03200000000001,1,1.5
04.08.2021 00:54:59.835,109.033,109.031,9.64,4.8
04.08.2021 00:54:59.937,109.03200000000001,109.029,1.25,1.6
04.08.2021 00:55:00.089,109.03200000000001,109.029,1.25,1.2
04.08.2021 00:55:00.191,109.03,109.029,1.5,1
04.08.2021 00:55:00.242,109.033,109.03200000000001,1.25,1.25
04.08.2021 00:55:00.394,109.039,109.035,3.08,3.19
04.08.2021 00:55:00.444,109.04100000000001,109.037,2.85,3.04
04.08.2021 00:55:00.546,109.04,109.039,1.5,1
04.08.2021 00:55:00.597,109.04200000000002,109.04,1.57,1.25
04.08.2021 00:55:00.699,109.04200000000002,109.039,1.5,1.25
04.08.2021 00:55:00.750,109.04299999999999,109.04,1,2.87
04.08.2021 00:55:00.851,109.04,109.038,1.5,2.2
04.08.2021 00:55:00.954,109.039,109.038,1,1
04.08.2021 00:55:01.006,109.038,109.036,1,2.81
04.08.2021 00:55:01.108,109.038,109.036,2.25,5.06
04.08.2021 00:55:01.209,109.037,109.03399999999999,2.44,1.12
04.08.2021 00:55:01.312,109.036,109.03200000000001,2.25,2.06
04.08.2021 00:55:01.363,109.033,109.031,1,1.25
04.08.2021 00:55:01.464,109.03200000000001,109.031,1,1.25
04.08.2021 00:55:01.566,109.031,109.029,1,1.12
04.08.2021 00:55:01.668,109.03,109.02799999999999,1.5,2.06
04.08.2021 00:55:01.719,109.02799999999999,109.02700000000002,1.5,1.25
04.08.2021 00:55:01.871,109.02799999999999,109.02600000000001,1.5,1.25
04.08.2021 00:55:01.972,109.03,109.02600000000001,1.5,1.25
04.08.2021 00:55:02.074,109.02700000000002,109.024,1.69,2.12
04.08.2021 00:55:02.176,109.02700000000002,109.025,1,1.25
04.08.2021 00:55:02.633,109.02600000000001,109.024,1.5,1.25
04.08.2021 00:55:02.786,109.02700000000002,109.024,1.5,1.25
04.08.2021 00:55:03.815,109.035,109.03200000000001,2.25,1
04.08.2021 00:55:03.866,109.03399999999999,109.033,1.5,1.25
04.08.2021 00:55:03.917,109.03399999999999,109.031,1.5,1.25
04.08.2021 00:55:04.020,109.036,109.03399999999999,1.05,1.25
04.08.2021 00:55:04.071,109.03399999999999,109.03200000000001,1,1.25
04.08.2021 00:55:04.173,109.03399999999999,109.03200000000001,1.5,1.25
04.08.2021 00:55:04.225,109.036,109.03399999999999,1,1.25
04.08.2021 00:55:04.276,109.03399999999999,109.033,1,1.25
04.08.2021 00:55:04.326,109.036,109.035,1,1.25
04.08.2021 00:55:04.529,109.037,109.033,1,1.25
04.08.2021 00:55:04.630,109.037,109.03399999999999,1.5,1.25
04.08.2021 00:55:04.731,109.037,109.035,1.5,1.25
04.08.2021 00:55:05.907,109.037,109.03399999999999,1.5,1.25
04.08.2021 00:55:06.175,109.037,109.033,1.5,1.12
04.08.2021 00:55:07.866,109.035,109.03200000000001,1.69,1
04.08.2021 00:55:07.967,109.03399999999999,109.03200000000001,1,1
04.08.2021 00:55:08.744,109.03399999999999,109.03,1.5,1.1
04.08.2021 00:55:08.846,109.03399999999999,109.029,1.25,1
04.08.2021 00:55:08.947,109.033,109.029,1.25,1.57
04.08.2021 00:55:10.326,109.03200000000001,109.02799999999999,2.95,3.15
04.08.2021 00:55:10.428,109.03200000000001,109.02799999999999,1.95,3.45
04.08.2021 00:55:10.529,109.033,109.03200000000001,1,1.69
04.08.2021 00:55:10.580,109.035,109.03200000000001,2.44,1.5
04.08.2021 00:55:10.682,109.03399999999999,109.03200000000001,1,1
04.08.2021 00:55:10.784,109.03399999999999,109.03,1,2.62
04.08.2021 00:55:12.444,109.033,109.03,1.69,1
04.08.2021 00:55:12.545,109.03,109.029,1,1
04.08.2021 00:55:12.596,109.03,109.02700000000002,1,1.95
04.08.2021 00:55:12.697,109.03,109.024,2.25,4.87
04.08.2021 00:55:12.900,109.031,109.02799999999999,1.2,1.87
04.08.2021 00:55:13.001,109.03200000000001,109.02799999999999,2.32,3.07
04.08.2021 00:55:13.103,109.033,109.029,2.44,2.7
04.08.2021 00:55:13.267,109.033,109.029,2.44,2.85
04.08.2021 00:55:13.419,109.033,109.029,2.44,3.45
04.08.2021 00:55:13.683,109.033,109.02799999999999,3.7,1
04.08.2021 00:55:13.784,109.03200000000001,109.02799999999999,2.44,1.95
04.08.2021 00:55:15.934,109.029,109.02600000000001,1.5,2.25
04.08.2021 00:55:16.036,109.029,109.02700000000002,1.25,1.12
04.08.2021 00:55:16.239,109.029,109.025,1.5,3.57
04.08.2021 00:55:16.341,109.02799999999999,109.025,1.69,1.12
04.08.2021 00:55:16.496,109.029,109.025,3.64,1.87
04.08.2021 00:55:16.649,109.02799999999999,109.025,1.25,1.87
04.08.2021 00:55:16.751,109.029,109.025,3.64,1.5
04.08.2021 00:55:16.853,109.02799999999999,109.025,1.25,1.5
04.08.2021 00:55:16.954,109.029,109.025,2.89,1.5
04.08.2021 00:55:17.441,109.02799999999999,109.025,1,1.87
04.08.2021 00:55:17.685,109.029,109.025,3.64,1.87
04.08.2021 00:55:17.788,109.02799999999999,109.025,1,1.87
04.08.2021 00:55:17.944,109.029,109.025,3.64,1.87
04.08.2021 00:55:18.046,109.029,109.024,1,1.87
04.08.2021 00:55:18.250,109.029,109.025,3.64,1.87
04.08.2021 00:55:18.355,109.02799999999999,109.025,1,1.87
04.08.2021 00:55:18.755,109.029,109.025,3.64,1.87
04.08.2021 00:55:19.999,109.02799999999999,109.025,1,1.87
04.08.2021 00:55:20.162,109.02600000000001,109.024,1.75,1
04.08.2021 00:55:20.263,109.02600000000001,109.024,1.69,1
04.08.2021 00:55:20.364,109.024,109.021,1.5,1.1
04.08.2021 00:55:20.466,109.02600000000001,109.023,1.87,1
04.08.2021 00:55:20.567,109.02700000000002,109.023,3.19,1.95
04.08.2021 00:55:21.184,109.02700000000002,109.023,2.25,4.4
04.08.2021 00:55:25.180,109.02600000000001,109.023,1,1.1
04.08.2021 00:55:25.283,109.02700000000002,109.023,2.89,1.5
04.08.2021 00:55:26.156,109.02600000000001,109.023,1.25,1.12
04.08.2021 00:55:27.162,109.02600000000001,109.021,1.25,1.72
04.08.2021 00:55:27.263,109.023,109.021,1,1.1
04.08.2021 00:55:29.637,109.022,109.021,1,1.1
04.08.2021 00:55:29.893,109.024,109.021,1.5,2.16
04.08.2021 00:55:29.944,109.02600000000001,109.022,2.44,3.1
04.08.2021 00:55:30.047,109.02600000000001,109.024,1,1.1
04.08.2021 00:55:30.148,109.02700000000002,109.024,1.5,1.22
04.08.2021 00:55:33.391,109.02799999999999,109.025,1.69,1.1
04.08.2021 00:55:36.608,109.02799999999999,109.025,1.5,1.82
04.08.2021 00:55:37.951,109.029,109.025,2.7,3.32
04.08.2021 00:55:39.270,109.029,109.02600000000001,1.95,1.75
04.08.2021 00:55:39.372,109.03,109.02700000000002,1,1.76
04.08.2021 00:55:39.473,109.03,109.02700000000002,1,1.82
04.08.2021 00:55:40.065,109.031,109.02799999999999,1,1.01
04.08.2021 00:55:40.217,109.03,109.02799999999999,1.5,1.01
04.08.2021 00:55:40.536,109.03200000000001,109.029,3.08,1.76
04.08.2021 00:55:40.637,109.03200000000001,109.02799999999999,3.07,2.51
04.08.2021 00:55:41.112,109.031,109.02700000000002,3.07,2.32
04.08.2021 00:55:41.264,109.03,109.02700000000002,1,1.01
04.08.2021 00:55:41.365,109.031,109.02799999999999,1.95,1.25
04.08.2021 00:55:46.927,109.03200000000001,109.02799999999999,2.7,1.69
04.08.2021 00:55:50.954,109.031,109.02700000000002,1.95,2.51
04.08.2021 00:55:51.056,109.03,109.02600000000001,1.5,3.72
04.08.2021 00:55:51.157,109.03,109.02600000000001,1.95,3.26
04.08.2021 00:55:58.748,109.03,109.02700000000002,1.2,1
04.08.2021 00:55:59.768,109.029,109.02700000000002,1,1
04.08.2021 00:56:00.021,109.031,109.02600000000001,1,1.57
04.08.2021 00:56:00.174,109.03200000000001,109.03,2.47,1.1
04.08.2021 00:56:00.275,109.03200000000001,109.031,1,1
04.08.2021 00:56:00.377,109.033,109.031,1,1
04.08.2021 00:56:02.049,109.033,109.03200000000001,1,1
04.08.2021 00:56:02.614,109.03399999999999,109.03200000000001,1.5,1
04.08.2021 00:56:03.165,109.035,109.03,1.69,1.1
04.08.2021 00:56:04.655,109.03399999999999,109.031,1.5,2.54
04.08.2021 00:56:04.757,109.035,109.033,1,1.1
04.08.2021 00:56:05.071,109.037,109.03399999999999,1,1.1
04.08.2021 00:56:05.172,109.038,109.035,1.5,1.57
04.08.2021 00:56:05.274,109.039,109.035,3.64,1.57
04.08.2021 00:56:06.468,109.038,109.035,1.5,1.1
04.08.2021 00:56:07.928,109.037,109.03399999999999,1,2.51
04.08.2021 00:56:08.535,109.036,109.03200000000001,2.95,2.32
04.08.2021 00:56:13.324,109.035,109.03399999999999,1,1
04.08.2021 00:56:13.426,109.03399999999999,109.031,3.19,3.45
04.08.2021 00:56:16.746,109.03399999999999,109.03200000000001,1,1.57
04.08.2021 00:56:22.251,109.03399999999999,109.031,1,1.57
04.08.2021 00:56:30.549,109.036,109.03,2.7,2.32
04.08.2021 00:56:30.650,109.035,109.031,2.25,2.72
04.08.2021 00:56:31.545,109.03399999999999,109.031,1.25,2.32
04.08.2021 00:56:32.907,109.035,109.03200000000001,2.7,1.5
04.08.2021 00:56:33.009,109.036,109.033,1.5,1.01
04.08.2021 00:56:33.110,109.036,109.033,1,2.13
04.08.2021 00:56:33.262,109.037,109.033,1.5,4
04.08.2021 00:56:35.005,109.035,109.033,1.5,1
04.08.2021 00:56:35.810,109.035,109.03200000000001,1.5,1.1
04.08.2021 00:56:37.810,109.038,109.03399999999999,1.5,3.25
04.08.2021 00:56:37.962,109.037,109.03399999999999,1.5,1.22
04.08.2021 00:56:38.064,109.036,109.03399999999999,1,1
04.08.2021 00:56:42.266,109.035,109.03200000000001,1,1.2
04.08.2021 00:56:44.303,109.035,109.033,1.5,1
04.08.2021 00:56:44.405,109.037,109.03399999999999,1,2.1
04.08.2021 00:56:44.810,109.035,109.033,1,1.2
04.08.2021 00:56:47.706,109.036,109.033,1,1.2
04.08.2021 00:56:51.452,109.037,109.033,1.95,2.7
04.08.2021 00:56:52.306,109.037,109.033,1.5,3.89
04.08.2021 00:56:56.297,109.038,109.03399999999999,2.89,1.2
04.08.2021 00:57:00.118,109.038,109.035,1,1.2
04.08.2021 00:57:00.220,109.039,109.035,2.7,2.96
04.08.2021 00:57:00.328,109.039,109.036,1.95,1.1
04.08.2021 00:57:02.094,109.039,109.036,1.5,1.3
04.08.2021 00:57:02.248,109.04,109.038,1,1
04.08.2021 00:57:02.349,109.04200000000002,109.04,1,1
04.08.2021 00:57:02.605,109.04299999999999,109.04,1.57,1
04.08.2021 00:57:03.658,109.04299999999999,109.04100000000001,1,1.69
04.08.2021 00:57:03.810,109.04299999999999,109.04,1,2.89
04.08.2021 00:57:04.214,109.04100000000001,109.038,1,3.45
04.08.2021 00:57:07.516,109.04100000000001,109.037,1.57,3.64
04.08.2021 00:57:07.668,109.04,109.037,1.5,1.2
04.08.2021 00:57:11.699,109.039,109.036,1.76,1.5
04.08.2021 00:57:11.901,109.039,109.035,2.51,1.95
04.08.2021 00:57:12.003,109.037,109.03399999999999,1.57,1
04.08.2021 00:57:12.104,109.036,109.033,1,1.2
04.08.2021 00:57:14.312,109.036,109.03200000000001,1.1,3.64
04.08.2021 00:57:15.873,109.035,109.03200000000001,1,2.89
04.08.2021 00:57:16.076,109.03399999999999,109.031,1,2.14
04.08.2021 00:57:24.816,109.03,109.029,1,1.12
04.08.2021 00:57:24.917,109.03,109.02700000000002,1,3.86
04.08.2021 00:57:24.968,109.03,109.025,1.1,1
04.08.2021 00:57:25.070,109.029,109.023,1,4.99
04.08.2021 00:57:25.364,109.02799999999999,109.024,1.57,2.14
04.08.2021 00:57:28.206,109.02799999999999,109.024,1.5,2.1
04.08.2021 00:57:28.461,109.02799999999999,109.024,1.57,1.95
04.08.2021 00:57:29.112,109.02799999999999,109.024,1.5,2.1
04.08.2021 00:57:29.264,109.02799999999999,109.024,1.57,1.95
04.08.2021 00:57:30.181,109.02600000000001,109.024,1,1.2
04.08.2021 00:57:30.283,109.02700000000002,109.024,1.5,1.2
04.08.2021 00:57:30.385,109.02600000000001,109.023,1.69,1.2
04.08.2021 00:57:32.365,109.02799999999999,109.024,1.95,2.7
04.08.2021 00:57:32.466,109.02700000000002,109.024,1,1.95
04.08.2021 00:57:35.262,109.02700000000002,109.024,1,2.29
04.08.2021 00:57:46.024,109.02799999999999,109.025,1,1.2
04.08.2021 00:57:49.430,109.029,109.025,2.7,1.2
04.08.2021 00:57:59.561,109.029,109.025,2.85,1
04.08.2021 00:58:01.045,109.029,109.02600000000001,2.29,1
04.08.2021 00:58:05.121,109.03,109.025,2.14,1
04.08.2021 00:58:09.817,109.031,109.029,3.15,1
04.08.2021 00:58:09.969,109.033,109.03,3.3,1.5
04.08.2021 00:58:10.070,109.033,109.031,1,1
04.08.2021 00:58:12.488,109.035,109.03,1.2,1
04.08.2021 00:58:17.085,109.03399999999999,109.03200000000001,1.2,1
04.08.2021 00:58:34.082,109.03200000000001,109.029,1.39,2.25
04.08.2021 00:58:34.385,109.031,109.02700000000002,2.7,3.64
04.08.2021 00:58:34.488,109.03200000000001,109.02600000000001,3.04,2.25
04.08.2021 00:58:34.690,109.03,109.02600000000001,2.29,1.5
04.08.2021 00:58:50.683,109.03,109.02700000000002,1.2,1.5
04.08.2021 00:58:50.734,109.031,109.029,1,1
04.08.2021 00:58:50.937,109.03200000000001,109.03,1.5,1
04.08.2021 00:58:55.525,109.03200000000001,109.02799999999999,1.95,2.25
04.08.2021 00:58:55.727,109.031,109.02799999999999,1,1.5
04.08.2021 00:58:55.828,109.031,109.02600000000001,2.14,1
04.08.2021 00:59:00.830,109.03,109.02600000000001,2.89,2.44
04.08.2021 00:59:06.287,109.03,109.02600000000001,3.7,2.25
04.08.2021 00:59:12.752,109.03,109.02600000000001,2.89,2.44
04.08.2021 00:59:15.432,109.03,109.02700000000002,1.95,1.25
04.08.2021 00:59:16.100,109.03200000000001,109.03,1.5,1
04.08.2021 00:59:16.202,109.033,109.03,1.39,1.5
04.08.2021 00:59:16.305,109.03399999999999,109.031,1.95,1.5
04.08.2021 00:59:25.414,109.03200000000001,109.03,1.25,1.5
04.08.2021 00:59:25.515,109.03200000000001,109.029,7.45,1
04.08.2021 00:59:25.566,109.03200000000001,109.02600000000001,2.14,2.44
04.08.2021 00:59:26.400,109.03,109.02600000000001,2.14,3.19
04.08.2021 00:59:26.502,109.029,109.02600000000001,1.39,2.25
04.08.2021 00:59:26.603,109.029,109.025,1.39,2.25
04.08.2021 00:59:39.002,109.029,109.024,1,2.44
04.08.2021 00:59:45.532,109.029,109.025,2.89,2.25
04.08.2021 00:59:45.824,109.02799999999999,109.025,1,2.25
04.08.2021 00:59:46.242,109.029,109.025,2.89,2.25
04.08.2021 00:59:46.623,109.02799999999999,109.025,1,2.62
04.08.2021 00:59:48.251,109.029,109.025,2.89,2.25
04.08.2021 00:59:48.785,109.02799999999999,109.025,1,2.25
04.08.2021 00:59:48.962,109.029,109.025,2.89,2.25
04.08.2021 00:59:49.388,109.029,109.025,3.7,2.62
04.08.2021 00:59:49.490,109.02799999999999,109.024,2.95,3.12
04.08.2021 00:59:50.020,109.02799999999999,109.024,2.2,2.25
04.08.2021 00:59:50.356,109.025,109.022,2.2,2.25
04.08.2021 00:59:50.457,109.023,109.021,1.25,2.25
04.08.2021 00:59:54.260,109.022,109.02,1.25,2.25
04.08.2021 00:59:58.608,109.02,109.01700000000001,1.45,3
04.08.2021 00:59:59.639,109.02,109.016,2.57,2.25
04.08.2021 01:00:00.109,109.02,109.01700000000001,1.82,1
04.08.2021 01:00:00.262,109.02,109.016,2.57,2.25
04.08.2021 01:00:00.364,109.02,109.01700000000001,1.75,1
04.08.2021 01:00:01.049,109.02,109.016,2.5,3.45
04.08.2021 01:00:01.504,109.019,109.016,1.82,1
04.08.2021 01:00:01.605,109.019,109.015,2.57,1.57
04.08.2021 01:00:02.234,109.018,109.015,1.82,1.1
04.08.2021 01:00:02.386,109.018,109.015,1.01,1
04.08.2021 01:00:04.523,109.01700000000001,109.015,1.01,1
04.08.2021 01:00:04.575,109.018,109.01200000000001,1.82,3
04.08.2021 01:00:04.778,109.016,109.01200000000001,1.1,1.5
04.08.2021 01:00:04.879,109.015,109.01200000000001,1,1.5
04.08.2021 01:00:04.981,109.015,109.01100000000001,1.76,1.87
04.08.2021 01:00:05.032,109.01299999999999,109.01100000000001,1.69,1
04.08.2021 01:00:05.235,109.014,109.01100000000001,1.25,1.5
04.08.2021 01:00:06.122,109.016,109.01,2.51,1.5
04.08.2021 01:00:10.379,109.01299999999999,109.009,2.81,2.62
04.08.2021 01:00:10.481,109.01100000000001,109.009,1.5,1.87
04.08.2021 01:00:10.531,109.01100000000001,109.007,1.5,1.5
04.08.2021 01:00:10.633,109.009,109.006,1,1.25
04.08.2021 01:00:10.735,109.009,109.005,1,3.19
04.08.2021 01:00:14.250,109.009,109.005,1,3.81
04.08.2021 01:00:16.823,109.009,109.006,1,1.25
04.08.2021 01:00:17.026,109.009,109.005,1,3.25
04.08.2021 01:00:20.408,109.009,109.006,1,1.25
04.08.2021 01:00:22.002,109.01200000000001,109.008,1,3.26
04.08.2021 01:00:22.053,109.01299999999999,109.009,1.2,2.32
04.08.2021 01:00:22.155,109.014,109.01,4.35,1.76
04.08.2021 01:00:22.256,109.014,109.01,1.5,1.76
04.08.2021 01:00:22.358,109.015,109.01,4.09,2.51
04.08.2021 01:00:23.865,109.015,109.01100000000001,1.95,1.25
04.08.2021 01:00:24.017,109.015,109.01200000000001,1,1.25
04.08.2021 01:00:25.756,109.016,109.01299999999999,1.2,1.25
04.08.2021 01:00:27.745,109.015,109.01200000000001,3.07,1
04.08.2021 01:00:27.847,109.014,109.01200000000001,1.2,1
04.08.2021 01:00:28.367,109.014,109.01100000000001,2.7,1
04.08.2021 01:00:28.469,109.01100000000001,109.009,1,1.69
04.08.2021 01:00:28.571,109.01,109.008,1,1.25
04.08.2021 01:00:28.888,109.009,109.007,1,1
04.08.2021 01:00:30.165,109.009,109.005,1,1
04.08.2021 01:00:30.267,109.008,109.005,1,2.51
04.08.2021 01:00:30.368,109.005,109.001,1,1.25
04.08.2021 01:00:30.470,109.003,109.001,1,1.69
04.08.2021 01:00:30.579,109.003,109,1,2.51
04.08.2021 01:00:30.731,109.004,109,1,1.25
04.08.2021 01:00:31.862,109.004,109.00200000000001,1,1.25
04.08.2021 01:00:31.963,109.003,109.001,1,2.57
04.08.2021 01:00:33.799,109.008,109.005,1.6,1.69
04.08.2021 01:00:33.901,109.008,109.005,1.6,2.57
04.08.2021 01:00:34.003,109.008,109.006,1,1.69
04.08.2021 01:00:34.257,109.008,109.005,1,1.5
04.08.2021 01:00:34.308,109.004,109.00200000000001,1,1.01
04.08.2021 01:00:34.613,109.005,109.00200000000001,1,1.5
04.08.2021 01:00:39.538,109.004,109.00200000000001,1,1.5
04.08.2021 01:00:40.780,109.005,109.00200000000001,1,1.5
04.08.2021 01:00:42.397,109.006,109.00200000000001,1.39,2.25
04.08.2021 01:00:45.133,109.006,109.003,1.39,1
04.08.2021 01:00:45.285,109.006,109.00200000000001,1.2,2.25
04.08.2021 01:00:49.664,109.008,109.005,1,1.69
04.08.2021 01:00:49.765,109.01,109.007,2.36,1
04.08.2021 01:00:49.867,109.01100000000001,109.007,3.82,2.44
04.08.2021 01:00:50.221,109.01,109.007,1,1.69
04.08.2021 01:00:52.053,109.008,109.006,1,1
04.08.2021 01:00:52.155,109.008,109.005,1,1.69
04.08.2021 01:00:52.378,109.009,109.005,1.1,2.5
04.08.2021 01:00:52.479,109.009,109.006,1,1.75
04.08.2021 01:01:00.092,109.009,109.006,1.1,1
04.08.2021 01:01:00.194,109.007,109.006,1,1
04.08.2021 01:01:00.245,109.007,109.00200000000001,1,1.5
04.08.2021 01:01:13.117,109.007,109.004,2.91,1
04.08.2021 01:01:13.219,109.01,109.009,2.25,1
04.08.2021 01:01:13.275,109.014,109.01100000000001,4.97,1.5
04.08.2021 01:01:13.377,109.016,109.01299999999999,1.12,1.69
04.08.2021 01:01:13.631,109.01700000000001,109.01299999999999,1.1,1.5
04.08.2021 01:01:13.884,109.01700000000001,109.014,1.1,1
04.08.2021 01:01:15.838,109.018,109.01299999999999,2.01,1
04.08.2021 01:01:16.407,109.015,109.014,1,1
04.08.2021 01:01:23.889,109.01700000000001,109.014,1.01,1
04.08.2021 01:01:24.876,109.016,109.01299999999999,1,1
04.08.2021 01:01:25.426,109.015,109.01200000000001,1.25,1.5
04.08.2021 01:01:27.522,109.014,109.01200000000001,1.25,1.5
04.08.2021 01:01:27.623,109.015,109.01200000000001,1.76,1.5
04.08.2021 01:01:28.660,109.014,109.01200000000001,1.25,1
04.08.2021 01:01:28.711,109.01200000000001,109.01,1,2.25
04.08.2021 01:01:31.580,109.014,109.01100000000001,1.2,1.5
04.08.2021 01:01:31.834,109.014,109.01200000000001,1,1
04.08.2021 01:01:32.290,109.014,109.01100000000001,1.69,1.5
04.08.2021 01:01:34.415,109.014,109.01,1.25,1
04.08.2021 01:01:34.517,109.01299999999999,109.009,1,1
04.08.2021 01:01:34.618,109.01200000000001,109.01100000000001,1,1
04.08.2021 01:01:35.362,109.01299999999999,109.01100000000001,1,1
04.08.2021 01:01:35.533,109.01200000000001,109.01,1,1
04.08.2021 01:01:36.202,109.01200000000001,109.01100000000001,1,1
04.08.2021 01:01:36.384,109.01299999999999,109.01100000000001,1,1
04.08.2021 01:01:36.537,109.01200000000001,109.01100000000001,1,1
04.08.2021 01:01:36.639,109.01200000000001,109.01,1,1.5
04.08.2021 01:01:37.234,109.01200000000001,109.01100000000001,1,1
04.08.2021 01:01:37.387,109.01200000000001,109.01,1,1.5
04.08.2021 01:01:37.693,109.01,109.008,1,1.5
04.08.2021 01:01:38.265,109.01,109.008,1,1.75
04.08.2021 01:01:38.367,109.01299999999999,109.01,2.51,1
04.08.2021 01:01:38.973,109.015,109.01,2.51,1
04.08.2021 01:01:44.322,109.014,109.01200000000001,1,1
04.08.2021 01:01:44.500,109.015,109.01299999999999,1,1
04.08.2021 01:01:48.892,109.018,109.01200000000001,3.26,2.25
04.08.2021 01:01:59.524,109.018,109.01200000000001,3.85,2.25
04.08.2021 01:01:59.676,109.014,109.01200000000001,5.89,1
04.08.2021 01:01:59.727,109.014,109.01,6.74,1.5
04.08.2021 01:02:00.131,109.01200000000001,109.01,1.57,1
04.08.2021 01:02:00.233,109.01200000000001,109.008,1.57,2.25
04.08.2021 01:02:08.924,109.01100000000001,109.008,1.57,1
04.08.2021 01:02:09.026,109.01100000000001,109.007,1.57,1.69
04.08.2021 01:02:20.431,109.01100000000001,109.008,1.1,1.25
04.08.2021 01:02:24.840,109.01200000000001,109.01,1.5,1
04.08.2021 01:02:24.941,109.01299999999999,109.01,1.1,1
04.08.2021 01:02:26.424,109.01299999999999,109.01,1,1.5
04.08.2021 01:02:26.633,109.01299999999999,109.01,1,1
04.08.2021 01:02:27.092,109.01299999999999,109.009,1.01,2.25
04.08.2021 01:02:27.193,109.01299999999999,109.008,1.1,1
04.08.2021 01:02:32.431,109.01200000000001,109.008,1.1,2.25
04.08.2021 01:02:34.592,109.01200000000001,109.009,1.1,1.25
04.08.2021 01:02:34.693,109.01200000000001,109.008,1.1,2.44
04.08.2021 01:02:45.749,109.01100000000001,109.008,1.1,1
04.08.2021 01:02:57.889,109.01,109.008,1,1
04.08.2021 01:02:57.990,109.01,109.007,1,1.25
04.08.2021 01:03:27.688,109.01,109.006,1.69,2.89
04.08.2021 01:03:35.308,109.01,109.006,1.5,4.45
04.08.2021 01:03:42.225,109.01,109.006,1.5,4.39
04.08.2021 01:04:11.957,109.009,109.006,1,2.25
04.08.2021 01:04:22.667,109.009,109.005,1.5,4.01
04.08.2021 01:04:47.604,109.005,109.004,1.25,2.25
04.08.2021 01:04:47.654,109.004,109.001,1,3.45
04.08.2021 01:04:47.756,109.004,109,2.7,4.76
04.08.2021 01:04:52.678,109.00200000000001,109,1,1.25
04.08.2021 01:04:52.780,109.00200000000001,108.999,1,1.95
04.08.2021 01:04:52.881,109.001,108.99799999999999,1,2.08
04.08.2021 01:04:53.033,109.00200000000001,108.999,1,1.13
04.08.2021 01:04:55.742,109.001,108.99799999999999,1,5.33
04.08.2021 01:04:55.844,108.999,108.99700000000001,1.5,1.2
04.08.2021 01:04:55.895,108.999,108.995,1.5,1.76
04.08.2021 01:04:56.047,108.999,108.994,1,1.5
04.08.2021 01:04:57.044,108.999,108.995,2.89,1.5
04.08.2021 01:04:57.897,109,108.994,1.5,2.76
04.08.2021 01:04:58.209,108.99799999999999,108.995,1,2.32
04.08.2021 01:04:58.361,108.99799999999999,108.994,1.5,2.51
04.08.2021 01:05:21.795,108.99799999999999,108.995,1,1
04.08.2021 01:05:40.171,108.99799999999999,108.99700000000001,1,1
04.08.2021 01:05:40.222,109.001,108.999,1.57,1.1
04.08.2021 01:05:40.323,109.003,109,2.1,2.51
04.08.2021 01:05:40.425,109.004,109,1.5,1
04.08.2021 01:05:40.526,109.003,109,1.5,1.57
04.08.2021 01:05:50.916,109.001,108.999,1,1
04.08.2021 01:05:51.017,109.00200000000001,108.99799999999999,3.25,1.95
04.08.2021 01:05:51.119,109.00200000000001,108.999,1.69,1
04.08.2021 01:05:56.266,109.00200000000001,108.999,1,2.72
04.08.2021 01:05:56.418,109.001,108.999,1,3.26
04.08.2021 01:05:56.520,109.00200000000001,109,1,1
04.08.2021 01:06:07.087,109.003,108.99700000000001,2.44,7.2
04.08.2021 01:06:07.289,108.999,108.99799999999999,1,1.5
04.08.2021 01:06:07.340,108.99799999999999,108.99600000000001,1,1.5
04.08.2021 01:06:07.441,108.99700000000001,108.994,1,1.57
04.08.2021 01:06:11.798,108.99700000000001,108.995,1,1
04.08.2021 01:06:29.402,108.99799999999999,108.995,1.5,1.76
04.08.2021 01:06:29.503,108.999,108.99600000000001,1,4.95
04.08.2021 01:06:29.656,108.99799999999999,108.99600000000001,1,1
04.08.2021 01:06:29.757,108.99799999999999,108.995,1.5,2.7
04.08.2021 01:06:44.780,108.99700000000001,108.994,1,1.5
04.08.2021 01:06:53.728,108.99700000000001,108.994,1.75,1.5
04.08.2021 01:06:53.830,108.995,108.993,1,1
04.08.2021 01:06:53.932,108.993,108.992,1,1
04.08.2021 01:06:53.983,108.992,108.99000000000001,1,1
04.08.2021 01:06:54.085,108.992,108.989,1,1.95
04.08.2021 01:06:54.389,108.991,108.988,1,1.5
04.08.2021 01:06:55.521,108.99000000000001,108.988,1.25,1
04.08.2021 01:06:55.673,108.99000000000001,108.98700000000001,1.69,1.5
04.08.2021 01:06:56.998,108.989,108.985,1,3
04.08.2021 01:06:57.150,108.98700000000001,108.985,1,1
04.08.2021 01:06:57.251,108.98700000000001,108.984,1.5,2.44
