Gmt time,Ask,Bid,AskVolume,BidVolume
26.08.2021 00:00:00.140,109.98200000000001,109.978,3.19,1
26.08.2021 00:00:00.191,109.984,109.98100000000001,1.7,1.5
26.08.2021 00:00:00.292,109.985,109.98200000000001,2.14,1
26.08.2021 00:00:00.444,109.98700000000001,109.98299999999999,3.85,1
26.08.2021 00:00:00.545,109.98700000000001,109.984,2.54,1
26.08.2021 00:00:01.688,109.988,109.984,2.91,1
26.08.2021 00:00:01.739,109.989,109.986,1.27,1
26.08.2021 00:00:01.841,109.991,109.98700000000001,1.86,1.69
26.08.2021 00:00:01.942,109.991,109.98700000000001,1.27,1.75
26.08.2021 00:00:02.764,109.992,109.988,1.1,1.69
26.08.2021 00:00:04.115,109.992,109.988,1.1,2.5
26.08.2021 00:00:06.033,109.993,109.989,1.57,1.25
26.08.2021 00:00:06.185,109.993,109.989,1.97,1.25
26.08.2021 00:00:08.148,109.992,109.988,1.1,1.25
26.08.2021 00:00:10.766,109.99000000000001,109.98700000000001,1,2.2
26.08.2021 00:00:11.540,109.989,109.986,1.39,1
26.08.2021 00:00:11.641,109.989,109.984,2.91,3.64
26.08.2021 00:00:11.743,109.98700000000001,109.984,1.1,1.25
26.08.2021 00:00:14.803,109.98700000000001,109.98200000000001,1.1,1
26.08.2021 00:00:14.904,109.986,109.98200000000001,1.1,2.25
26.08.2021 00:00:15.552,109.98700000000001,109.98299999999999,1.22,1
26.08.2021 00:00:17.120,109.98700000000001,109.98299999999999,1.2,1
26.08.2021 00:00:18.498,109.989,109.986,1.1,1.25
26.08.2021 00:00:18.599,109.99000000000001,109.986,2.21,1.25
26.08.2021 00:00:19.701,109.99000000000001,109.98700000000001,1.25,1
26.08.2021 00:00:19.942,109.991,109.98700000000001,1.76,1.25
26.08.2021 00:00:21.234,109.992,109.988,1.5,1.75
26.08.2021 00:00:21.285,109.993,109.989,2.14,1.25
26.08.2021 00:00:21.822,109.993,109.989,3.89,1
26.08.2021 00:00:25.148,109.993,109.989,1.39,1
26.08.2021 00:00:25.523,109.994,109.989,2.51,2.44
26.08.2021 00:00:27.567,109.994,109.988,1,3.19
26.08.2021 00:00:28.395,109.992,109.989,1,1
26.08.2021 00:00:37.767,109.995,109.992,1.95,1
26.08.2021 00:00:37.818,109.99700000000001,109.993,1.12,2.51
26.08.2021 00:00:37.868,109.99700000000001,109.995,1,1.25
26.08.2021 00:00:37.919,109.999,109.995,3.45,1.25
26.08.2021 00:00:38.020,110,109.99600000000001,3.45,1.25
26.08.2021 00:00:38.172,110,109.99700000000001,1.2,1.25
26.08.2021 00:00:40.620,110.001,109.99700000000001,2.7,1.75
26.08.2021 00:00:40.721,110.001,109.99700000000001,2.97,1.25
26.08.2021 00:00:41.808,110.001,109.99799999999999,2.22,1
26.08.2021 00:00:41.910,110.00200000000001,109.999,1.1,1.69
26.08.2021 00:00:41.961,110.003,110,1,1
26.08.2021 00:00:42.012,110.003,109.999,3.07,1.5
26.08.2021 00:00:42.063,110.006,110.00200000000001,7.65,1.5
26.08.2021 00:00:42.164,110.006,110.003,3.82,1.25
26.08.2021 00:00:43.979,110.008,110.006,1.12,1.69
26.08.2021 00:00:44.081,110.01,110.006,3.82,3.19
26.08.2021 00:00:44.131,110.01,110.008,1,1
26.08.2021 00:00:44.233,110.01100000000001,110.009,1.1,1
26.08.2021 00:00:44.486,110.01100000000001,110.006,1.5,1.25
26.08.2021 00:00:45.320,110.01,110.006,1,3.72
26.08.2021 00:00:45.537,110.01,110.006,1.69,2.51
26.08.2021 00:00:45.689,110.009,110.007,1,1
26.08.2021 00:00:45.740,110.008,110.005,2.25,1
26.08.2021 00:00:47.837,110.008,110.004,1,1
26.08.2021 00:00:47.939,110.007,110.004,1.39,1.5
26.08.2021 00:00:49.760,110.006,110.004,1,1
26.08.2021 00:00:49.861,110.006,110.00200000000001,1.12,2.57
26.08.2021 00:00:50.258,110.006,110.00200000000001,1.87,1.01
26.08.2021 00:00:50.410,110.007,110.00200000000001,3.07,3.26
26.08.2021 00:00:50.512,110.007,110.001,1.12,2.51
26.08.2021 00:00:54.269,110.005,110.00200000000001,1,1.57
26.08.2021 00:00:54.370,110.006,110.00200000000001,1.69,1.57
26.08.2021 00:00:58.684,110.004,110.001,1.69,1.57
26.08.2021 00:00:58.836,110.003,110.001,1,1
26.08.2021 00:00:58.937,110.003,110,1,1.57
26.08.2021 00:00:59.291,110.003,109.999,1.69,1.57
26.08.2021 00:00:59.392,110.001,109.99799999999999,1.69,1
26.08.2021 00:00:59.670,110.001,109.99700000000001,4.45,1.2
26.08.2021 00:00:59.771,110,109.99600000000001,1.69,1.95
26.08.2021 00:01:00.895,110.001,109.99600000000001,4,1.97
26.08.2021 00:01:01.895,110.001,109.99700000000001,2.44,1.1
26.08.2021 00:01:02.066,110.00200000000001,109.999,1.69,1.5
26.08.2021 00:01:02.217,110.004,109.999,2.76,1.76
26.08.2021 00:01:02.318,110.005,109.99799999999999,1.94,2.16
26.08.2021 00:01:02.571,110.005,110,4.26,1.01
26.08.2021 00:01:06.259,110.004,109.999,1.76,1.57
26.08.2021 00:01:06.699,110.004,110,1,1
26.08.2021 00:01:08.465,110.004,109.999,1,2.14
26.08.2021 00:01:17.319,110.004,109.999,4.82,2.32
26.08.2021 00:01:17.522,110.005,109.99799999999999,2.14,2.32
26.08.2021 00:01:17.734,110.00200000000001,109.999,1.25,1
26.08.2021 00:01:17.836,110.00200000000001,109.99799999999999,2.51,1
26.08.2021 00:01:17.938,110.00200000000001,109.99600000000001,2.14,1.5
26.08.2021 00:01:18.089,110.001,109.99600000000001,1.2,1
26.08.2021 00:01:18.757,109.999,109.99600000000001,1.94,1.5
26.08.2021 00:01:18.858,109.99799999999999,109.994,1.57,1.5
26.08.2021 00:01:18.960,109.99799999999999,109.992,1,3.52
26.08.2021 00:01:19.061,109.99600000000001,109.992,2.89,1
26.08.2021 00:01:19.627,109.99600000000001,109.991,1.25,1
26.08.2021 00:01:19.728,109.995,109.992,1.25,1
26.08.2021 00:01:22.593,109.995,109.991,3.89,1
26.08.2021 00:01:24.970,109.99600000000001,109.99000000000001,1.25,3.07
26.08.2021 00:01:25.072,109.99700000000001,109.992,3.89,2.32
26.08.2021 00:01:25.173,109.995,109.992,1,1.76
26.08.2021 00:01:25.326,109.994,109.992,1,1
26.08.2021 00:01:25.428,109.994,109.991,1,1
26.08.2021 00:01:27.612,109.992,109.989,1,1.57
26.08.2021 00:01:32.586,109.992,109.988,1.25,1.5
26.08.2021 00:01:36.406,109.991,109.98700000000001,1.39,1.25
26.08.2021 00:01:36.558,109.991,109.98700000000001,3.14,1
26.08.2021 00:01:42.380,109.989,109.985,1.69,1.01
26.08.2021 00:01:42.430,109.986,109.984,1,1.2
26.08.2021 00:01:42.532,109.986,109.98299999999999,1.25,1
26.08.2021 00:01:42.633,109.986,109.98200000000001,1.5,1
26.08.2021 00:01:47.315,109.986,109.98,1.5,2.96
26.08.2021 00:01:55.191,109.985,109.98100000000001,2.5,1.57
26.08.2021 00:01:58.364,109.984,109.98100000000001,3.25,1
26.08.2021 00:01:58.415,109.98100000000001,109.979,1.69,1.95
26.08.2021 00:01:58.517,109.98,109.979,1.25,1.2
26.08.2021 00:01:58.569,109.98200000000001,109.976,2.2,1.95
26.08.2021 00:01:58.926,109.98100000000001,109.977,1.2,1.95
26.08.2021 00:02:01.038,109.98200000000001,109.977,1.2,1
26.08.2021 00:02:01.089,109.98299999999999,109.98,2.14,1
26.08.2021 00:02:01.190,109.98299999999999,109.98100000000001,1.25,1
26.08.2021 00:02:01.291,109.984,109.98,3.29,1.5
26.08.2021 00:02:03.310,109.984,109.98,2.89,1.57
26.08.2021 00:02:10.250,109.984,109.98100000000001,2.14,1
26.08.2021 00:02:13.936,109.985,109.98100000000001,3.64,1.2
26.08.2021 00:02:14.240,109.985,109.98200000000001,2.51,1
26.08.2021 00:02:14.341,109.986,109.98,2.51,1.69
26.08.2021 00:02:18.065,109.986,109.98200000000001,4.04,1.69
26.08.2021 00:02:21.847,109.986,109.98200000000001,3.64,1.69
26.08.2021 00:02:23.320,109.985,109.98200000000001,1.01,2.25
26.08.2021 00:02:48.399,109.984,109.98200000000001,1.25,1
26.08.2021 00:02:52.119,109.98200000000001,109.98,1.25,1
26.08.2021 00:02:52.221,109.98,109.978,1.25,1.7
26.08.2021 00:02:52.272,109.98,109.977,1.25,2.7
26.08.2021 00:02:52.373,109.98,109.978,1.25,1.5
26.08.2021 00:02:53.650,109.98,109.977,1.25,2.7
26.08.2021 00:02:57.534,109.98,109.976,1.69,2.89
26.08.2021 00:02:59.496,109.979,109.976,1,2.14
26.08.2021 00:03:10.928,109.976,109.973,2.14,4.95
26.08.2021 00:03:11.031,109.974,109.971,1.25,1.95
26.08.2021 00:03:11.234,109.974,109.969,1.39,1.5
26.08.2021 00:03:11.336,109.97200000000001,109.969,1.25,1.1
26.08.2021 00:03:11.907,109.971,109.96700000000001,1.25,1
26.08.2021 00:03:11.958,109.97,109.965,1.25,1.57
26.08.2021 00:03:12.060,109.97,109.96600000000001,2.89,2.14
26.08.2021 00:03:12.163,109.97,109.96600000000001,1.69,2.91
26.08.2021 00:03:12.265,109.97,109.96600000000001,2.14,2.51
26.08.2021 00:03:13.122,109.969,109.96600000000001,1.25,2.32
26.08.2021 00:03:13.659,109.96799999999999,109.965,1,1.1
26.08.2021 00:03:24.836,109.97,109.965,2.35,1
26.08.2021 00:03:24.989,109.97,109.96600000000001,2.89,3.07
26.08.2021 00:03:25.091,109.971,109.96700000000001,3.7,1.95
26.08.2021 00:03:25.623,109.971,109.96700000000001,2.89,1.95
26.08.2021 00:03:28.088,109.97200000000001,109.96799999999999,1.39,2.89
26.08.2021 00:03:28.138,109.974,109.97,3.77,1.95
26.08.2021 00:03:28.240,109.976,109.97200000000001,4.01,5.33
26.08.2021 00:03:28.342,109.978,109.97500000000001,1.2,1.69
26.08.2021 00:03:28.443,109.979,109.97500000000001,2.89,2.14
26.08.2021 00:03:31.153,109.979,109.97500000000001,1.2,3.7
26.08.2021 00:03:31.305,109.98,109.976,1.2,2.14
26.08.2021 00:03:31.406,109.98,109.976,1,2.29
26.08.2021 00:03:31.709,109.98,109.976,2.14,2.14
26.08.2021 00:03:31.810,109.979,109.976,1.25,1.95
26.08.2021 00:03:32.012,109.979,109.97500000000001,2.14,2.14
26.08.2021 00:03:32.113,109.979,109.97500000000001,4.54,1
26.08.2021 00:03:34.158,109.97500000000001,109.971,1.2,3.64
26.08.2021 00:03:34.259,109.97500000000001,109.969,1.2,3.34
26.08.2021 00:03:37.093,109.974,109.97,2.1,1.5
26.08.2021 00:03:37.625,109.973,109.969,1.95,2.14
26.08.2021 00:03:42.462,109.973,109.969,1.5,3.04
26.08.2021 00:03:44.745,109.973,109.969,1.95,1.95
26.08.2021 00:03:48.953,109.974,109.97,1.95,2.89
26.08.2021 00:03:49.054,109.974,109.971,1,1.2
26.08.2021 00:03:49.290,109.97500000000001,109.971,1.5,2.29
26.08.2021 00:03:51.502,109.976,109.97200000000001,1.95,1.2
26.08.2021 00:03:52.492,109.977,109.973,2.7,2.89
26.08.2021 00:03:52.543,109.978,109.97500000000001,1.5,1.2
26.08.2021 00:03:52.847,109.979,109.97500000000001,2.14,2.7
26.08.2021 00:03:55.297,109.98200000000001,109.978,2.4,2.89
26.08.2021 00:03:55.450,109.98200000000001,109.979,1.2,1.2
26.08.2021 00:03:55.552,109.984,109.978,1,3.64
26.08.2021 00:03:55.789,109.984,109.98,2.14,1
26.08.2021 00:03:57.636,109.984,109.98,2.29,1
26.08.2021 00:03:57.738,109.985,109.979,2.14,1
26.08.2021 00:04:00.165,109.984,109.98,2.95,1
26.08.2021 00:04:00.267,109.98200000000001,109.979,1,1.5
26.08.2021 00:04:00.370,109.98200000000001,109.978,3.66,1.5
26.08.2021 00:04:01.162,109.98200000000001,109.977,2.39,1
26.08.2021 00:04:01.613,109.98100000000001,109.977,3.14,1.95
26.08.2021 00:04:02.770,109.98299999999999,109.978,1.39,1
26.08.2021 00:04:04.859,109.98200000000001,109.978,1.5,3.26
26.08.2021 00:04:04.961,109.984,109.98100000000001,2.69,1
26.08.2021 00:04:08.195,109.984,109.98100000000001,1.39,1
26.08.2021 00:04:08.531,109.986,109.98200000000001,2.89,2.25
26.08.2021 00:04:10.163,109.98700000000001,109.984,1.12,1
26.08.2021 00:04:10.264,109.988,109.984,2.44,1.57
26.08.2021 00:04:13.668,109.992,109.98700000000001,2.66,1
26.08.2021 00:04:13.769,109.992,109.99000000000001,1.75,1
26.08.2021 00:04:13.871,109.992,109.99000000000001,1,1
26.08.2021 00:04:17.006,109.994,109.991,1,1
26.08.2021 00:04:17.107,109.994,109.99000000000001,1,1.57
26.08.2021 00:04:17.514,109.994,109.991,1,1.57
26.08.2021 00:04:17.615,109.995,109.992,1.69,1
26.08.2021 00:04:19.354,109.995,109.993,1,1
26.08.2021 00:04:20.375,109.99700000000001,109.993,2.89,1.69
26.08.2021 00:04:20.426,109.99799999999999,109.995,1.39,1.5
26.08.2021 00:04:23.565,110,109.999,1,1
26.08.2021 00:04:23.615,110,109.99700000000001,1.25,1
26.08.2021 00:04:23.717,110,109.99600000000001,4.56,1.57
26.08.2021 00:04:23.818,109.999,109.99600000000001,1.75,1.5
26.08.2021 00:04:23.920,109.999,109.995,2.5,1.57
26.08.2021 00:04:24.021,109.99799999999999,109.993,1.75,1.5
26.08.2021 00:04:24.122,109.994,109.992,1,1
26.08.2021 00:04:24.829,109.995,109.992,1.25,1
26.08.2021 00:04:25.142,109.995,109.991,1.39,2.25
26.08.2021 00:04:26.047,109.995,109.99000000000001,1.25,1.5
26.08.2021 00:04:26.301,109.993,109.989,2.7,2.59
26.08.2021 00:04:27.248,109.993,109.99000000000001,1.5,1
26.08.2021 00:04:27.350,109.993,109.989,1,1
26.08.2021 00:04:27.402,109.992,109.988,2.25,2.32
26.08.2021 00:04:29.291,109.992,109.989,1,1.76
26.08.2021 00:04:29.392,109.992,109.99000000000001,1,1
26.08.2021 00:04:32.332,109.994,109.989,1.5,1
26.08.2021 00:04:34.005,109.994,109.992,1,1.01
26.08.2021 00:04:34.106,109.99600000000001,109.993,3.07,1
26.08.2021 00:04:34.258,109.99700000000001,109.993,2.25,2.32
26.08.2021 00:04:35.051,109.99700000000001,109.993,2.25,3.47
26.08.2021 00:04:35.900,109.99700000000001,109.993,2.25,3.07
26.08.2021 00:04:36.001,109.999,109.995,3,1.76
26.08.2021 00:04:39.069,110,109.99600000000001,2.25,2.32
26.08.2021 00:04:39.840,110.001,109.999,1,1
26.08.2021 00:04:39.992,110.003,110,1.2,1.76
26.08.2021 00:04:44.357,110.004,110,1.2,1.5
26.08.2021 00:04:45.301,110.004,110.001,1,1
26.08.2021 00:04:45.402,110.005,110.001,2.25,1.57
26.08.2021 00:04:53.919,110.004,110.001,1,1.57
26.08.2021 00:05:07.286,110.004,110,2.7,2.44
26.08.2021 00:05:13.310,110.001,109.99799999999999,1,2.21
26.08.2021 00:05:13.412,109.999,109.99700000000001,1,1.25
26.08.2021 00:05:13.513,109.999,109.99600000000001,1.5,1.2
26.08.2021 00:05:13.614,109.99799999999999,109.995,1,1.5
26.08.2021 00:05:14.017,109.99700000000001,109.995,1,1
26.08.2021 00:05:15.098,109.99700000000001,109.994,1,1.5
26.08.2021 00:05:17.738,109.99799999999999,109.994,2.25,1.69
26.08.2021 00:05:17.909,109.99799999999999,109.994,2.25,3.16
26.08.2021 00:05:18.397,109.99799999999999,109.994,2.25,1.76
26.08.2021 00:05:19.489,109.999,109.994,1.5,1.01
26.08.2021 00:05:20.664,109.99799999999999,109.994,2.25,1.76
26.08.2021 00:05:25.051,109.994,109.991,1,3.82
26.08.2021 00:05:25.152,109.995,109.991,1.57,3.64
26.08.2021 00:05:28.857,109.995,109.991,3.47,1.5
26.08.2021 00:05:30.115,109.995,109.991,2.32,1.5
26.08.2021 00:05:32.682,109.995,109.992,1,1.5
26.08.2021 00:05:39.301,109.99600000000001,109.992,1.95,2.25
26.08.2021 00:05:41.784,109.99700000000001,109.994,1.5,1.01
26.08.2021 00:05:41.885,109.999,109.99600000000001,1.2,1
26.08.2021 00:05:54.408,109.99799999999999,109.99600000000001,1,1
26.08.2021 00:05:55.672,109.99700000000001,109.99600000000001,1,1
26.08.2021 00:05:55.824,109.99600000000001,109.994,2.14,1
26.08.2021 00:05:55.925,109.99700000000001,109.994,1.25,1.5
26.08.2021 00:05:56.512,109.99799999999999,109.995,1.75,1
26.08.2021 00:05:57.697,110,109.99600000000001,1.69,1.1
26.08.2021 00:05:57.798,110,109.99700000000001,1.69,1
26.08.2021 00:05:59.826,110.003,110,3.76,1
26.08.2021 00:05:59.877,110.004,110,4.22,2.32
26.08.2021 00:06:03.048,110.005,110,4.07,2.51
26.08.2021 00:06:03.149,110.005,110.001,3.62,1.1
26.08.2021 00:06:05.662,110.005,110.00200000000001,2.2,1
26.08.2021 00:06:19.304,110.005,110.001,2.57,1.5
26.08.2021 00:06:19.406,110.001,109.999,1.94,1.5
26.08.2021 00:06:19.507,110.001,109.99799999999999,1,2.14
26.08.2021 00:06:19.810,110.001,109.99799999999999,1.82,1.5
26.08.2021 00:06:19.911,110,109.99700000000001,1.25,1
26.08.2021 00:06:20.557,110,109.99600000000001,4.26,1.5
26.08.2021 00:06:31.144,110,109.99600000000001,1.5,1.57
26.08.2021 00:06:32.519,110,109.99700000000001,1.5,1
26.08.2021 00:06:32.806,110.00200000000001,109.999,3.39,1
26.08.2021 00:06:32.907,110.00200000000001,109.999,3.26,1
26.08.2021 00:06:34.145,110.003,110.001,1.12,1
26.08.2021 00:06:34.246,110.004,110.001,1,1.5
26.08.2021 00:06:34.347,110.005,110.001,1.25,2.32
26.08.2021 00:06:34.449,110.005,110.001,1.25,2.32
26.08.2021 00:06:41.176,110.005,110.003,1.75,1
26.08.2021 00:06:44.755,110.003,110.001,1.25,1
26.08.2021 00:06:44.907,110.004,110.00200000000001,2.2,1
26.08.2021 00:06:48.424,110.004,110.00200000000001,1.25,1
26.08.2021 00:07:01.447,110.005,110.001,2.39,1
26.08.2021 00:07:01.599,110.004,110.001,2.39,1.5
26.08.2021 00:07:01.649,110.003,109.99799999999999,6.14,1.5
26.08.2021 00:07:02.155,110.00200000000001,109.99799999999999,3.14,1.5
26.08.2021 00:07:03.851,110.00200000000001,109.999,3.14,1
26.08.2021 00:07:07.765,110.00200000000001,109.99799999999999,3.14,2.25
26.08.2021 00:07:12.115,110.00200000000001,109.999,3.14,1
26.08.2021 00:07:12.217,110.001,109.99799999999999,2.76,1.5
26.08.2021 00:07:17.893,110,109.99700000000001,1.79,1.5
26.08.2021 00:07:17.994,110.001,109.99700000000001,4.1,1.5
26.08.2021 00:07:18.415,110,109.99700000000001,1.41,1.5
26.08.2021 00:07:21.683,110,109.99700000000001,1.39,1.5
26.08.2021 00:07:30.301,110,109.99700000000001,2.39,1.5
26.08.2021 00:07:30.403,110.001,109.995,4.1,1.5
26.08.2021 00:07:41.410,110,109.99600000000001,1.76,1
26.08.2021 00:07:41.511,110.001,109.995,3.16,1
26.08.2021 00:07:52.356,110.001,109.99799999999999,1.01,1
26.08.2021 00:07:52.711,110.003,110,1.41,1
26.08.2021 00:07:52.812,110.003,110.001,1.1,1
26.08.2021 00:07:52.914,110.004,110,1.79,2.25
26.08.2021 00:07:57.611,110.004,110,1.01,1.5
26.08.2021 00:07:58.435,110.007,110.003,3.17,1.5
26.08.2021 00:07:58.537,110.008,110.003,1.27,1.5
26.08.2021 00:07:58.638,110.007,110.005,1.1,1
26.08.2021 00:08:00.084,110.008,110.004,2.35,1.5
26.08.2021 00:08:00.185,110.008,110.005,2.35,1
26.08.2021 00:08:22.477,110.01,110.008,1.95,1
26.08.2021 00:08:22.578,110.01299999999999,110.01100000000001,1.1,1.5
26.08.2021 00:08:22.680,110.015,110.01200000000001,1.57,1
26.08.2021 00:08:22.731,110.016,110.01299999999999,2.91,1
26.08.2021 00:08:22.832,110.016,110.01299999999999,1.22,1
26.08.2021 00:08:24.119,110.016,110.01299999999999,1.57,1
26.08.2021 00:08:40.886,110.016,110.014,1,1
26.08.2021 00:08:44.690,110.01700000000001,110.014,1,1
26.08.2021 00:08:47.337,110.019,110.016,1,1.5
26.08.2021 00:08:47.438,110.02,110.01700000000001,1.2,1
26.08.2021 00:08:47.489,110.022,110.018,2.77,2.25
26.08.2021 00:08:47.742,110.023,110.02,1.85,1
26.08.2021 00:08:48.564,110.023,110.02,1.2,1.5
26.08.2021 00:08:48.666,110.025,110.024,2.62,1
26.08.2021 00:08:48.769,110.02700000000002,110.024,2.45,1
26.08.2021 00:08:48.870,110.02799999999999,110.024,3.6,1.5
26.08.2021 00:08:48.971,110.029,110.025,3.04,1
26.08.2021 00:08:50.608,110.02799999999999,110.024,1.2,2.7
26.08.2021 00:09:02.982,110.02700000000002,110.023,2.14,1.95
26.08.2021 00:09:03.085,110.024,110.021,2.7,1.2
26.08.2021 00:09:03.187,110.024,110.02,3.04,1.87
26.08.2021 00:09:03.341,110.022,110.02,1,1
26.08.2021 00:09:03.444,110.022,110.019,1.2,1
26.08.2021 00:09:03.547,110.022,110.018,2.14,1.2
26.08.2021 00:09:05.051,110.021,110.01700000000001,1,2.85
26.08.2021 00:09:06.523,110.022,110.018,1.2,1.2
26.08.2021 00:09:12.634,110.021,110.018,1,1.95
26.08.2021 00:09:13.447,110.02,110.01700000000001,1,1.95
26.08.2021 00:09:13.549,110.019,110.015,1,1
26.08.2021 00:09:13.650,110.018,110.015,1,1
26.08.2021 00:09:13.751,110.016,110.01299999999999,1,1.95
26.08.2021 00:09:15.424,110.015,110.01299999999999,1,1.57
26.08.2021 00:09:19.776,110.015,110.01200000000001,1,1.5
26.08.2021 00:09:23.257,110.015,110.01299999999999,1,1
26.08.2021 00:09:23.358,110.016,110.01299999999999,1,1.1
26.08.2021 00:09:23.460,110.015,110.01299999999999,1,1.1
26.08.2021 00:09:26.660,110.01700000000001,110.015,1,1.1
26.08.2021 00:09:26.762,110.02,110.01700000000001,1.6,1.1
26.08.2021 00:09:26.863,110.02,110.01700000000001,1,1.2
26.08.2021 00:09:28.640,110.02,110.016,1.39,1.95
26.08.2021 00:09:35.924,110.02,110.016,1.25,1.97
26.08.2021 00:09:36.026,110.021,110.01700000000001,1.76,1.95
26.08.2021 00:09:37.792,110.021,110.018,1.01,1
26.08.2021 00:09:46.222,110.02,110.01700000000001,1.35,1.5
26.08.2021 00:09:46.324,110.02,110.016,1.82,1.95
26.08.2021 00:09:46.576,110.019,110.015,1.69,1
26.08.2021 00:09:46.678,110.018,110.015,2.14,1
26.08.2021 00:09:46.779,110.018,110.014,2.89,1.5
26.08.2021 00:09:46.931,110.018,110.015,1.69,1
26.08.2021 00:09:48.656,110.018,110.014,2.14,1
26.08.2021 00:09:48.758,110.01700000000001,110.014,1,1
26.08.2021 00:09:51.303,110.018,110.015,1,1
26.08.2021 00:09:51.505,110.018,110.014,1,1
26.08.2021 00:09:51.606,110.01700000000001,110.014,1,1
26.08.2021 00:09:57.339,110.01700000000001,110.01299999999999,1.69,2.32
26.08.2021 00:10:03.132,110.01700000000001,110.01299999999999,1.5,3.66
26.08.2021 00:10:03.235,110.019,110.015,1.69,2.32
26.08.2021 00:10:03.552,110.02,110.015,3.44,2.72
26.08.2021 00:10:03.754,110.02,110.015,2.51,2.85
26.08.2021 00:10:04.063,110.02,110.015,2.89,3.26
26.08.2021 00:10:05.288,110.019,110.015,1.25,1.57
26.08.2021 00:10:07.012,110.019,110.014,1.25,1.5
26.08.2021 00:10:07.114,110.018,110.014,2.14,1.5
26.08.2021 00:10:07.215,110.018,110.01200000000001,1.5,1.57
26.08.2021 00:10:08.832,110.018,110.015,1,1.1
26.08.2021 00:10:09.800,110.02,110.01700000000001,1.5,1.5
26.08.2021 00:10:09.903,110.018,110.016,1,1
26.08.2021 00:10:10.004,110.019,110.016,1.25,1.95
26.08.2021 00:10:10.207,110.019,110.015,1.69,1.1
26.08.2021 00:10:10.409,110.019,110.015,1.25,2.1
26.08.2021 00:10:12.561,110.02,110.016,1.57,1.95
26.08.2021 00:10:12.663,110.021,110.018,1.01,1.5
26.08.2021 00:10:16.662,110.021,110.015,1.97,1.5
26.08.2021 00:10:17.518,110.02,110.016,1.69,1.57
26.08.2021 00:10:17.620,110.02,110.01700000000001,1,1.57
26.08.2021 00:10:18.922,110.022,110.019,3.16,1
26.08.2021 00:10:28.874,110.022,110.02,1.41,1
26.08.2021 00:10:32.886,110.023,110.02,3.16,1
26.08.2021 00:10:34.232,110.024,110.022,1,1.2
26.08.2021 00:10:34.334,110.02799999999999,110.025,4.2,1
26.08.2021 00:10:34.435,110.029,110.02600000000001,2.61,1
26.08.2021 00:10:34.536,110.029,110.02600000000001,1.46,1
26.08.2021 00:10:34.638,110.03,110.02700000000002,1.57,1
26.08.2021 00:10:34.739,110.03,110.02799999999999,1.57,1
26.08.2021 00:10:35.581,110.031,110.02700000000002,2.16,1
26.08.2021 00:10:35.682,110.029,110.02600000000001,1.41,1
26.08.2021 00:10:35.784,110.029,110.02700000000002,1.41,1
26.08.2021 00:10:36.088,110.029,110.02600000000001,2.16,1
26.08.2021 00:10:42.015,110.029,110.025,1.22,2.25
26.08.2021 00:10:43.713,110.02799999999999,110.024,1.76,1.95
26.08.2021 00:10:43.814,110.024,110.022,1,3.15
26.08.2021 00:10:43.966,110.023,110.02,1,1
26.08.2021 00:10:44.118,110.023,110.019,1.5,1.5
26.08.2021 00:10:46.900,110.024,110.02,1.76,1.39
26.08.2021 00:10:51.072,110.024,110.021,1,2.14
26.08.2021 00:10:51.173,110.025,110.021,1.1,2.7
26.08.2021 00:10:51.224,110.02700000000002,110.023,4.27,1.95
26.08.2021 00:10:51.375,110.02700000000002,110.024,1.1,1
26.08.2021 00:10:52.477,110.02600000000001,110.024,1.39,1
26.08.2021 00:10:52.528,110.02600000000001,110.022,6.16,1
26.08.2021 00:10:52.629,110.023,110.02,1,3.15
26.08.2021 00:10:54.976,110.023,110.019,1.57,2.89
26.08.2021 00:10:56.107,110.023,110.019,2.91,1
26.08.2021 00:11:04.785,110.023,110.019,1.76,2.7
26.08.2021 00:11:25.624,110.023,110.019,1.97,1.5
26.08.2021 00:11:38.233,110.019,110.016,1.01,2.25
26.08.2021 00:11:38.334,110.019,110.015,3.72,2.7
26.08.2021 00:11:38.752,110.018,110.01299999999999,4.45,2.51
26.08.2021 00:12:10.185,110.018,110.01200000000001,4.45,1
26.08.2021 00:12:10.287,110.016,110.01200000000001,1.25,2.32
26.08.2021 00:12:23.698,110.016,110.01299999999999,1.94,1
26.08.2021 00:12:23.799,110.016,110.01200000000001,1.39,2.25
26.08.2021 00:12:23.901,110.015,110.01200000000001,1.25,1.5
26.08.2021 00:12:26.759,110.016,110.01200000000001,1.95,1.69
26.08.2021 00:12:33.710,110.015,110.01200000000001,1,1.25
26.08.2021 00:13:07.210,110.015,110.01200000000001,2.25,1.35
26.08.2021 00:13:14.700,110.015,110.01100000000001,2.25,3.32
26.08.2021 00:13:26.102,110.016,110.01200000000001,1.5,2.51
26.08.2021 00:13:29.476,110.016,110.01200000000001,1.5,3.32
26.08.2021 00:13:29.577,110.01700000000001,110.014,1,1.69
26.08.2021 00:13:29.628,110.019,110.015,6.45,1.57
26.08.2021 00:13:30.254,110.02,110.014,2.25,2.57
26.08.2021 00:13:54.552,110.019,110.015,2.25,1.76
26.08.2021 00:13:54.703,110.019,110.016,1.5,1
26.08.2021 00:13:57.231,110.02,110.016,3.37,3.32
26.08.2021 00:13:57.332,110.02,110.018,1.5,1
26.08.2021 00:13:59.518,110.02,110.01700000000001,1.5,1.25
26.08.2021 00:14:01.216,110.021,110.01700000000001,1.1,2.89
26.08.2021 00:14:02.311,110.021,110.018,1.57,1
26.08.2021 00:14:07.677,110.02,110.01700000000001,1,2.14
26.08.2021 00:14:16.255,110.02,110.019,1,1
26.08.2021 00:14:18.736,110.022,110.019,1.97,1
26.08.2021 00:14:30.830,110.022,110.02,1.1,1
26.08.2021 00:14:30.981,110.023,110.02,1.95,1
26.08.2021 00:14:31.083,110.023,110.02,2.1,1
26.08.2021 00:14:33.133,110.023,110.02,1.2,1.69
26.08.2021 00:14:33.234,110.024,110.022,1.95,1
26.08.2021 00:14:35.419,110.023,110.02,1.6,1.5
26.08.2021 00:14:40.953,110.024,110.018,3.6,1
26.08.2021 00:14:57.533,110.022,110.018,1.95,2.89
26.08.2021 00:15:02.855,110.024,110.02,3.22,2.44
26.08.2021 00:15:03.007,110.024,110.021,2.1,1
26.08.2021 00:15:03.764,110.024,110.02,2.85,2.44
26.08.2021 00:15:09.356,110.024,110.018,1.2,3.64
26.08.2021 00:15:09.461,110.022,110.019,1.5,2.89
26.08.2021 00:15:09.563,110.021,110.018,1,1.2
26.08.2021 00:15:15.444,110.019,110.016,4.2,1.39
26.08.2021 00:15:15.545,110.01700000000001,110.016,1,1.2
26.08.2021 00:15:15.596,110.016,110.014,1,1.25
26.08.2021 00:15:18.742,110.015,110.01200000000001,1,2.95
26.08.2021 00:15:18.894,110.015,110.01200000000001,1,2.89
26.08.2021 00:15:20.919,110.014,110.01200000000001,1,1.69
26.08.2021 00:15:22.529,110.014,110.01100000000001,1,2.14
26.08.2021 00:15:24.812,110.01200000000001,110.009,1.85,1
26.08.2021 00:15:24.913,110.01,110.007,1.69,1.95
26.08.2021 00:15:25.015,110.009,110.005,1.25,2.89
26.08.2021 00:15:25.116,110.009,110.006,1.25,1
26.08.2021 00:15:25.319,110.009,110.005,1.25,2.89
26.08.2021 00:15:26.724,110.009,110.005,1,3.7
26.08.2021 00:15:26.875,110.01,110.007,1,3.7
26.08.2021 00:15:26.977,110.01,110.007,1,2.14
26.08.2021 00:15:31.307,110.01,110.006,2.89,2.25
26.08.2021 00:15:31.459,110.01,110.006,3.7,2.25
26.08.2021 00:15:32.462,110.01,110.006,2.7,2.25
26.08.2021 00:15:39.080,110.01,110.007,1,1
26.08.2021 00:15:45.221,110.01100000000001,110.007,1.5,2.7
26.08.2021 00:15:45.322,110.01299999999999,110.01,1.5,1
26.08.2021 00:15:45.424,110.014,110.01,1.5,1.95
26.08.2021 00:15:45.525,110.014,110.01100000000001,1.25,1
26.08.2021 00:15:45.627,110.015,110.01100000000001,2.44,2.91
26.08.2021 00:15:48.302,110.015,110.01299999999999,1,1
26.08.2021 00:15:48.403,110.019,110.015,7.15,2.25
26.08.2021 00:15:51.681,110.018,110.014,2.44,1.57
26.08.2021 00:15:51.783,110.01700000000001,110.01299999999999,1.25,2.32
26.08.2021 00:15:54.021,110.018,110.01299999999999,1.25,1
26.08.2021 00:15:54.173,110.018,110.015,1.69,1
26.08.2021 00:15:54.926,110.019,110.016,1,1.5
26.08.2021 00:15:55.339,110.019,110.01700000000001,1,1
26.08.2021 00:15:56.783,110.019,110.016,1,1.95
26.08.2021 00:16:00.156,110.02,110.016,1,1
26.08.2021 00:16:02.118,110.02,110.01700000000001,1.95,1
26.08.2021 00:16:13.949,110.02,110.01700000000001,2.1,1
26.08.2021 00:16:14.609,110.02,110.018,1.57,1
26.08.2021 00:16:14.710,110.023,110.019,1.25,1
26.08.2021 00:16:14.812,110.023,110.02,1.39,1.5
26.08.2021 00:16:16.896,110.023,110.021,1,1
26.08.2021 00:16:17.404,110.023,110.02,1.95,1
26.08.2021 00:16:24.099,110.023,110.019,1.2,2.32
26.08.2021 00:16:38.077,110.025,110.022,1.2,1
26.08.2021 00:16:38.178,110.02600000000001,110.023,1.2,1.5
26.08.2021 00:16:38.280,110.02700000000002,110.023,1.95,1.76
26.08.2021 00:16:38.381,110.02799999999999,110.023,1.95,1
26.08.2021 00:16:43.049,110.02799999999999,110.025,2.29,1
26.08.2021 00:16:44.279,110.02799999999999,110.025,1.39,1
26.08.2021 00:16:49.193,110.03,110.02700000000002,3.29,1
26.08.2021 00:16:54.618,110.03,110.02600000000001,2.54,1
26.08.2021 00:17:01.387,110.029,110.025,2.14,2.32
26.08.2021 00:17:03.721,110.029,110.025,2.29,1.5
26.08.2021 00:17:31.816,110.029,110.025,1.2,2.51
26.08.2021 00:17:31.917,110.03200000000001,110.03,5.14,1
26.08.2021 00:17:32.019,110.033,110.031,1.39,1
26.08.2021 00:17:32.120,110.03399999999999,110.031,1.95,1
26.08.2021 00:17:32.221,110.03200000000001,110.031,1,1
26.08.2021 00:17:32.272,110.03399999999999,110.031,2.51,1
26.08.2021 00:17:32.889,110.03399999999999,110.031,2.29,1
26.08.2021 00:17:34.243,110.031,110.02799999999999,3.66,1.2
26.08.2021 00:17:34.445,110.03,110.02600000000001,1.22,2.25
26.08.2021 00:17:41.444,110.03,110.02700000000002,1.22,1
26.08.2021 00:17:45.253,110.031,110.02700000000002,1,1.5
26.08.2021 00:17:45.354,110.03200000000001,110.029,1.41,1
26.08.2021 00:17:50.060,110.03399999999999,110.029,1.57,1
26.08.2021 00:17:53.692,110.03399999999999,110.031,1.97,1
26.08.2021 00:17:54.885,110.03399999999999,110.031,1,1
26.08.2021 00:17:55.468,110.03399999999999,110.03200000000001,1,1
26.08.2021 00:18:00.796,110.035,110.03,1,1
26.08.2021 00:18:00.998,110.035,110.03,2.72,1
26.08.2021 00:18:09.278,110.037,110.035,1,1.69
26.08.2021 00:18:09.329,110.039,110.036,1.95,1.25
26.08.2021 00:18:09.431,110.04,110.037,2.14,1
26.08.2021 00:18:11.705,110.04100000000001,110.035,2.14,1.76
26.08.2021 00:18:12.250,110.04,110.037,1.39,1
26.08.2021 00:18:13.793,110.038,110.036,1,1
26.08.2021 00:18:13.894,110.038,110.035,1,1.76
26.08.2021 00:18:14.901,110.038,110.033,1,1.76
26.08.2021 00:18:15.002,110.035,110.03200000000001,1,3.36
26.08.2021 00:18:15.103,110.035,110.03200000000001,1,1.01
26.08.2021 00:18:21.002,110.035,110.031,1.95,1.57
26.08.2021 00:18:21.154,110.03399999999999,110.031,1,1.1
26.08.2021 00:18:21.715,110.03399999999999,110.03200000000001,1,1
26.08.2021 00:18:22.525,110.03399999999999,110.031,1,1.1
26.08.2021 00:18:22.998,110.033,110.029,1.39,2.7
26.08.2021 00:18:23.252,110.033,110.029,1,2.91
26.08.2021 00:18:25.546,110.036,110.033,2.25,1.57
26.08.2021 00:18:25.648,110.038,110.035,1.95,1
26.08.2021 00:18:25.750,110.04,110.036,1.5,2.72
26.08.2021 00:18:28.607,110.04,110.036,2.7,2.51
26.08.2021 00:18:28.759,110.04,110.036,1.5,2.91
26.08.2021 00:18:31.175,110.04,110.036,2.14,1.1
26.08.2021 00:18:31.276,110.038,110.035,1.2,1
26.08.2021 00:18:31.377,110.037,110.03399999999999,1,1.1
26.08.2021 00:18:31.479,110.038,110.03399999999999,1,2.16
26.08.2021 00:18:31.580,110.038,110.03399999999999,2.14,1.1
26.08.2021 00:18:31.732,110.039,110.033,1,1.41
26.08.2021 00:18:31.833,110.039,110.03399999999999,2.89,1.97
26.08.2021 00:18:31.985,110.039,110.03200000000001,1.2,3.66
26.08.2021 00:18:32.137,110.038,110.03399999999999,1,1.41
26.08.2021 00:18:32.238,110.039,110.035,1.5,1.97
26.08.2021 00:18:32.340,110.04,110.035,3.49,1.57
26.08.2021 00:18:32.441,110.04,110.035,3.34,2.72
26.08.2021 00:18:32.660,110.04,110.036,1,2.16
26.08.2021 00:18:32.862,110.04100000000001,110.036,1.95,2.16
26.08.2021 00:18:37.225,110.04,110.036,1.2,1.57
26.08.2021 00:18:37.326,110.04,110.036,2.2,1.1
26.08.2021 00:18:37.428,110.039,110.03399999999999,2.14,6.37
26.08.2021 00:18:37.529,110.038,110.03399999999999,1.95,1.1
26.08.2021 00:18:43.360,110.037,110.03399999999999,1.2,1
26.08.2021 00:18:43.461,110.036,110.03200000000001,1.95,1.57
26.08.2021 00:18:45.806,110.038,110.033,1,1.1
26.08.2021 00:18:45.908,110.038,110.03399999999999,2.89,1.76
26.08.2021 00:18:46.664,110.038,110.03399999999999,2.25,2.91
26.08.2021 00:18:46.815,110.038,110.03399999999999,2.7,1.01
26.08.2021 00:18:48.528,110.038,110.03399999999999,1.5,2.16
26.08.2021 00:18:51.358,110.04100000000001,110.03399999999999,2.89,2.16
26.08.2021 00:18:51.473,110.039,110.035,1.95,1.01
26.08.2021 00:18:51.574,110.038,110.03399999999999,2.7,1.1
26.08.2021 00:18:53.841,110.037,110.03399999999999,1,1.57
26.08.2021 00:18:53.942,110.039,110.035,2.89,2.16
26.08.2021 00:18:54.044,110.04100000000001,110.035,2.5,1.97
26.08.2021 00:18:54.196,110.04,110.037,1,1.1
26.08.2021 00:18:56.528,110.04100000000001,110.037,1.95,1.57
26.08.2021 00:18:56.680,110.04100000000001,110.038,1.95,1
26.08.2021 00:18:57.554,110.04,110.038,1,1
26.08.2021 00:18:57.656,110.04,110.037,1.2,1
26.08.2021 00:18:57.757,110.04,110.036,1.2,1.76
26.08.2021 00:18:57.960,110.04,110.035,3.97,2.51
26.08.2021 00:18:59.555,110.04,110.036,3.97,1
26.08.2021 00:19:01.359,110.039,110.035,1.2,2.51
26.08.2021 00:19:01.900,110.04,110.036,1.95,1.1
26.08.2021 00:19:02.001,110.04,110.037,1,1.57
26.08.2021 00:19:10.701,110.04,110.038,1.2,1
26.08.2021 00:19:11.815,110.04100000000001,110.038,1.95,1
26.08.2021 00:19:24.610,110.04100000000001,110.038,2.1,1
26.08.2021 00:19:33.198,110.04100000000001,110.038,1.95,1
26.08.2021 00:19:43.362,110.039,110.037,1.95,1
26.08.2021 00:19:43.464,110.038,110.036,1.2,1
26.08.2021 00:19:43.565,110.038,110.036,1.6,1
26.08.2021 00:19:44.882,110.038,110.033,1.95,1.69
26.08.2021 00:19:53.996,110.038,110.036,1,1.1
26.08.2021 00:19:54.098,110.038,110.037,1,1
26.08.2021 00:19:54.148,110.04100000000001,110.036,2.89,1
26.08.2021 00:19:54.452,110.04,110.038,1,1
26.08.2021 00:19:54.705,110.04,110.037,1,1.2
26.08.2021 00:19:54.958,110.04100000000001,110.037,1.95,1.2
26.08.2021 00:19:59.277,110.04100000000001,110.038,1,2.1
26.08.2021 00:19:59.328,110.04299999999999,110.039,1.95,1.2
26.08.2021 00:20:01.012,110.04100000000001,110.037,1,3.79
26.08.2021 00:20:04.183,110.04,110.036,1.95,2.2
26.08.2021 00:20:04.610,110.039,110.036,1,2.2
26.08.2021 00:20:06.453,110.04,110.036,2.7,2.2
26.08.2021 00:20:10.388,110.04100000000001,110.037,2.7,2.14
26.08.2021 00:20:12.042,110.04,110.037,1,2.14
26.08.2021 00:20:13.182,110.04200000000002,110.036,3.45,2.14
26.08.2021 00:20:13.793,110.04,110.037,1,2.14
26.08.2021 00:20:22.325,110.04100000000001,110.037,1.95,1.39
26.08.2021 00:20:22.427,110.04100000000001,110.038,1,1.2
26.08.2021 00:20:26.363,110.044,110.04,2.77,1.5
26.08.2021 00:20:26.414,110.044,110.04200000000002,1.57,1
26.08.2021 00:20:26.566,110.045,110.04200000000002,1.5,1
26.08.2021 00:20:26.769,110.046,110.044,1.2,1
26.08.2021 00:20:26.870,110.048,110.04299999999999,1.2,1
26.08.2021 00:20:29.518,110.048,110.045,1.95,1.25
26.08.2021 00:20:29.620,110.048,110.044,2.7,1.25
26.08.2021 00:20:30.482,110.048,110.044,2.85,1.25
26.08.2021 00:20:35.237,110.048,110.044,2.7,1.25
26.08.2021 00:20:42.287,110.04700000000001,110.044,1,1.69
26.08.2021 00:20:49.214,110.048,110.044,2.7,1.69
26.08.2021 00:20:49.316,110.046,110.04299999999999,1,1
26.08.2021 00:20:50.155,110.046,110.04200000000002,1.95,2.44
26.08.2021 00:21:01.218,110.04299999999999,110.04,1,1.5
26.08.2021 00:21:01.780,110.04200000000002,110.039,1.95,1
26.08.2021 00:21:03.682,110.04100000000001,110.037,2.25,2.14
26.08.2021 00:21:03.783,110.04100000000001,110.036,1,1.69
26.08.2021 00:21:03.998,110.04100000000001,110.037,2.7,1.69
26.08.2021 00:21:04.099,110.04100000000001,110.038,1.95,1
26.08.2021 00:21:05.562,110.04299999999999,110.04,3.45,1.5
26.08.2021 00:21:06.068,110.04299999999999,110.039,2.7,2.89
26.08.2021 00:21:06.172,110.04299999999999,110.039,3.1,2.44
26.08.2021 00:21:16.147,110.04299999999999,110.04,1.2,1.5
26.08.2021 00:21:17.229,110.044,110.04100000000001,1.1,1.25
26.08.2021 00:21:17.330,110.045,110.04200000000002,3.47,1.25
26.08.2021 00:21:17.431,110.045,110.04200000000002,3.07,1.25
26.08.2021 00:21:28.352,110.044,110.04,1.97,3.41
26.08.2021 00:21:28.504,110.04299999999999,110.039,1.97,3.19
26.08.2021 00:21:30.861,110.04299999999999,110.037,3.47,3.19
26.08.2021 00:21:31.013,110.04,110.038,1.57,1.69
26.08.2021 00:21:32.983,110.04200000000002,110.038,2.35,2.44
26.08.2021 00:21:33.185,110.04200000000002,110.039,1.97,1
26.08.2021 00:21:33.286,110.04200000000002,110.039,1.57,1
26.08.2021 00:21:35.744,110.04200000000002,110.038,2.32,2.89
26.08.2021 00:21:39.134,110.04299999999999,110.04100000000001,1,1
26.08.2021 00:21:39.236,110.044,110.04100000000001,1.1,1
26.08.2021 00:21:41.755,110.044,110.04100000000001,1.97,1
26.08.2021 00:21:41.857,110.044,110.04,2.35,1.5
26.08.2021 00:21:45.226,110.04299999999999,110.039,1.1,2.89
26.08.2021 00:21:53.133,110.044,110.04,1.57,1.39
26.08.2021 00:22:00.761,110.04200000000002,110.039,2.32,1.54
26.08.2021 00:22:05.129,110.04200000000002,110.04100000000001,1,1.25
26.08.2021 00:22:05.180,110.044,110.04100000000001,2.1,1.25
26.08.2021 00:22:05.281,110.044,110.04200000000002,1.2,1.25
26.08.2021 00:22:05.384,110.045,110.04200000000002,1.1,1.25
26.08.2021 00:22:05.639,110.046,110.04200000000002,2.32,2.14
26.08.2021 00:22:11.651,110.046,110.04299999999999,1.5,1.39
26.08.2021 00:22:18.710,110.046,110.044,1,1
26.08.2021 00:22:28.376,110.046,110.04299999999999,1,2.7
26.08.2021 00:22:28.481,110.045,110.04299999999999,1,1.5
26.08.2021 00:22:28.582,110.044,110.04100000000001,1.1,1
26.08.2021 00:22:30.081,110.04299999999999,110.04,1.1,2.44
26.08.2021 00:22:30.385,110.04299999999999,110.038,1,2.89
26.08.2021 00:22:45.974,110.04100000000001,110.039,1,1.69
26.08.2021 00:22:53.205,110.04,110.037,1.5,1.2
26.08.2021 00:22:53.306,110.039,110.036,1.5,1.69
26.08.2021 00:22:53.357,110.038,110.03399999999999,2.32,1.39
26.08.2021 00:22:53.459,110.038,110.033,1,2.95
26.08.2021 00:22:53.560,110.037,110.03399999999999,1.5,1.39
26.08.2021 00:22:55.740,110.035,110.033,1.1,2.1
26.08.2021 00:22:55.841,110.035,110.031,1.57,2.89
26.08.2021 00:22:55.943,110.03399999999999,110.031,1.1,1.25
26.08.2021 00:22:56.146,110.033,110.03,1,3.14
26.08.2021 00:23:07.518,110.03200000000001,110.03,1,3.14
26.08.2021 00:23:12.178,110.03200000000001,110.029,1,2.16
26.08.2021 00:23:18.262,110.033,110.03,2.25,1.25
26.08.2021 00:23:26.865,110.03200000000001,110.03,1,1.25
26.08.2021 00:23:39.577,110.033,110.03,1.5,1.25
26.08.2021 00:23:40.309,110.03200000000001,110.03,1,1.25
26.08.2021 00:23:41.232,110.033,110.02799999999999,1.5,1.69
26.08.2021 00:23:41.384,110.03,110.02700000000002,1.1,1.55
26.08.2021 00:23:41.435,110.029,110.02600000000001,2.25,1.39
26.08.2021 00:23:41.536,110.02700000000002,110.025,1.5,1.31
26.08.2021 00:23:41.688,110.02700000000002,110.023,1.5,2.39
26.08.2021 00:23:42.018,110.02600000000001,110.023,1.5,1
26.08.2021 00:23:47.011,110.025,110.022,1,1
26.08.2021 00:23:47.113,110.023,110.021,1,1
26.08.2021 00:23:47.214,110.023,110.02,1.5,1
26.08.2021 00:23:47.366,110.022,110.02,1,1
26.08.2021 00:23:47.468,110.022,110.018,1.5,3.66
26.08.2021 00:23:52.005,110.02,110.018,1,1.39
26.08.2021 00:23:52.106,110.02,110.01700000000001,1.5,1.31
26.08.2021 00:23:57.505,110.019,110.01700000000001,1,1
26.08.2021 00:23:58.162,110.02,110.01700000000001,1.57,1
26.08.2021 00:23:58.263,110.019,110.01700000000001,1,1
26.08.2021 00:24:01.687,110.02,110.01700000000001,1.57,1
26.08.2021 00:24:03.845,110.019,110.016,1,1.39
26.08.2021 00:24:04.914,110.018,110.015,1.5,2.51
26.08.2021 00:24:05.016,110.018,110.014,1.5,2.51
26.08.2021 00:24:05.118,110.01700000000001,110.014,1.5,1.1
26.08.2021 00:24:05.220,110.01700000000001,110.01299999999999,2.25,1.76
26.08.2021 00:24:05.322,110.016,110.01299999999999,1,1.01
26.08.2021 00:24:06.496,110.016,110.01200000000001,1.5,1.76
26.08.2021 00:24:09.350,110.016,110.01200000000001,1.5,2.39
26.08.2021 00:24:09.829,110.016,110.01299999999999,1,1.94
26.08.2021 00:24:36.554,110.01700000000001,110.01200000000001,1,1.01
26.08.2021 00:24:48.376,110.01700000000001,110.01299999999999,2.7,1.01
26.08.2021 00:24:48.478,110.015,110.01299999999999,1,1.1
26.08.2021 00:24:51.061,110.014,110.01200000000001,1,1.22
26.08.2021 00:24:51.283,110.014,110.01200000000001,1,1.1
26.08.2021 00:24:54.599,110.015,110.01299999999999,1,2.47
26.08.2021 00:24:54.751,110.015,110.01299999999999,1,1.1
26.08.2021 00:24:54.852,110.01700000000001,110.01299999999999,1.5,3.64
26.08.2021 00:24:54.953,110.016,110.01299999999999,1,1.1
26.08.2021 00:25:07.398,110.016,110.01299999999999,1,4.35
26.08.2021 00:25:07.663,110.01700000000001,110.014,1.5,3.82
26.08.2021 00:25:07.765,110.019,110.015,1.5,2.51
26.08.2021 00:25:07.866,110.021,110.015,2.7,1
26.08.2021 00:25:21.918,110.019,110.016,1,2.89
26.08.2021 00:25:24.417,110.018,110.015,1.5,1.2
26.08.2021 00:25:24.518,110.01700000000001,110.014,1,1.69
26.08.2021 00:25:24.619,110.015,110.01299999999999,1.5,1
26.08.2021 00:25:24.720,110.016,110.01100000000001,1.5,1
26.08.2021 00:25:24.822,110.015,110.01,1,1.39
26.08.2021 00:25:47.963,110.015,110.01100000000001,2.25,2.14
26.08.2021 00:25:48.064,110.018,110.015,1,3.19
26.08.2021 00:25:48.115,110.02,110.016,2.25,2.14
26.08.2021 00:25:48.216,110.02,110.016,1.5,2.16
26.08.2021 00:26:20.257,110.02,110.016,2.44,2.7
26.08.2021 00:26:29.976,110.019,110.015,2.44,3.07
26.08.2021 00:26:30.077,110.019,110.014,1.69,1
26.08.2021 00:26:30.178,110.018,110.01299999999999,1.5,1
26.08.2021 00:26:31.153,110.01700000000001,110.01299999999999,3.26,1.5
26.08.2021 00:26:32.026,110.016,110.01299999999999,1,1
26.08.2021 00:26:32.128,110.015,110.01100000000001,2.44,2.55
26.08.2021 00:26:32.330,110.016,110.009,3.26,4.05
26.08.2021 00:26:36.993,110.014,110.01,1,3.45
26.08.2021 00:26:38.534,110.01700000000001,110.015,1.5,3.07
26.08.2021 00:26:38.636,110.019,110.01700000000001,1,1.12
26.08.2021 00:26:38.687,110.021,110.01700000000001,2.77,3.07
26.08.2021 00:26:38.940,110.022,110.016,2.25,2.47
26.08.2021 00:26:39.440,110.022,110.018,1,2.7
26.08.2021 00:26:39.541,110.022,110.02,1,1.12
26.08.2021 00:26:39.782,110.023,110.02,2.14,1.12
26.08.2021 00:26:39.833,110.021,110.018,1,1.95
26.08.2021 00:26:40.035,110.022,110.018,2.44,1.95
26.08.2021 00:26:46.421,110.024,110.02,2.32,2.7
26.08.2021 00:26:46.523,110.024,110.021,1,2.32
26.08.2021 00:26:46.624,110.025,110.022,1.1,1.5
26.08.2021 00:26:46.725,110.025,110.023,1.1,1
26.08.2021 00:26:46.826,110.025,110.022,1,1.95
26.08.2021 00:26:50.219,110.024,110.021,1.25,3.3
26.08.2021 00:27:00.366,110.025,110.021,3.26,2.7
26.08.2021 00:27:11.718,110.02600000000001,110.02,2.44,1.97
26.08.2021 00:27:13.411,110.025,110.022,1.5,1.22
26.08.2021 00:27:13.514,110.02600000000001,110.023,1.25,1.1
26.08.2021 00:27:13.616,110.02600000000001,110.024,1.25,1
26.08.2021 00:27:18.794,110.02700000000002,110.024,2.14,1
26.08.2021 00:27:28.435,110.03,110.02700000000002,3.6,1.2
26.08.2021 00:27:28.537,110.031,110.02799999999999,1.6,1
26.08.2021 00:27:28.588,110.03200000000001,110.02799999999999,1.95,1.95
26.08.2021 00:27:28.640,110.033,110.03,1.84,1
26.08.2021 00:27:37.196,110.03,110.02799999999999,1.25,1.3
26.08.2021 00:27:37.297,110.03,110.02700000000002,1.25,1.1
26.08.2021 00:27:37.399,110.029,110.02600000000001,1.2,1
26.08.2021 00:27:37.550,110.029,110.025,1.95,2.25
26.08.2021 00:27:38.688,110.02799999999999,110.025,1,1.57
26.08.2021 00:27:58.164,110.02799999999999,110.025,1.5,1.22
26.08.2021 00:27:58.265,110.029,110.025,1.69,2.72
26.08.2021 00:27:59.448,110.02799999999999,110.02600000000001,1,1.1
26.08.2021 00:27:59.552,110.02799999999999,110.025,1,1.5
26.08.2021 00:28:02.141,110.02799999999999,110.024,1.69,2.7
26.08.2021 00:28:04.059,110.02799999999999,110.02600000000001,1.5,1
26.08.2021 00:28:21.720,110.031,110.02700000000002,3.49,2.7
26.08.2021 00:28:21.822,110.031,110.02799999999999,1.95,1
26.08.2021 00:28:21.923,110.031,110.029,1.5,1
26.08.2021 00:28:22.024,110.03200000000001,110.029,1.95,1
26.08.2021 00:28:24.000,110.03,110.02700000000002,1,1.2
26.08.2021 00:28:32.850,110.03,110.02799999999999,1,1
26.08.2021 00:28:32.952,110.031,110.029,1.39,1
26.08.2021 00:28:33.053,110.03200000000001,110.02799999999999,2.14,1.2
26.08.2021 00:28:36.227,110.03200000000001,110.031,2.14,1
26.08.2021 00:28:36.781,110.033,110.031,2.14,1
26.08.2021 00:28:36.984,110.033,110.03200000000001,1,1
26.08.2021 00:28:38.759,110.033,110.031,1,1.5
26.08.2021 00:28:38.861,110.036,110.031,3.29,1
26.08.2021 00:28:48.926,110.035,110.03200000000001,2.14,1
26.08.2021 00:28:49.078,110.036,110.03399999999999,1.95,1
26.08.2021 00:28:49.873,110.036,110.035,1,1
26.08.2021 00:28:49.974,110.036,110.033,2.14,1
26.08.2021 00:28:55.015,110.036,110.033,2.29,1
26.08.2021 00:29:04.908,110.035,110.03200000000001,2.29,1
26.08.2021 00:29:05.010,110.035,110.03200000000001,2.14,1
26.08.2021 00:29:15.943,110.035,110.033,1.95,1
26.08.2021 00:29:20.406,110.035,110.03200000000001,1.95,1
26.08.2021 00:29:20.755,110.036,110.03399999999999,1.95,1
26.08.2021 00:29:20.856,110.036,110.033,1.95,1
26.08.2021 00:29:27.569,110.037,110.035,1,1
26.08.2021 00:29:27.822,110.037,110.036,1,1
26.08.2021 00:29:27.873,110.04,110.035,1.39,1.5
26.08.2021 00:29:27.974,110.039,110.037,1.39,1
26.08.2021 00:29:37.394,110.04,110.037,2.14,1
26.08.2021 00:29:37.769,110.04100000000001,110.037,2.89,2.7
26.08.2021 00:29:39.599,110.04100000000001,110.039,1,1
26.08.2021 00:29:39.866,110.04200000000002,110.04,1.2,1
26.08.2021 00:29:39.967,110.04200000000002,110.039,1.95,1
26.08.2021 00:29:44.167,110.04200000000002,110.038,2.1,2.25
26.08.2021 00:29:48.780,110.04200000000002,110.037,3.32,1
26.08.2021 00:29:51.189,110.04100000000001,110.038,2.32,1
26.08.2021 00:29:51.614,110.04299999999999,110.04,2.47,1
26.08.2021 00:29:51.717,110.04200000000002,110.039,1.2,1
26.08.2021 00:29:56.879,110.04299999999999,110.04,1.95,1
26.08.2021 00:29:56.981,110.04200000000002,110.04100000000001,1,1
26.08.2021 00:29:57.082,110.04299999999999,110.04100000000001,1.95,1
26.08.2021 00:29:57.184,110.04200000000002,110.04,1,1
26.08.2021 00:29:59.008,110.04200000000002,110.039,1.2,1
26.08.2021 00:30:01.967,110.04200000000002,110.039,1.6,1
26.08.2021 00:30:02.214,110.04200000000002,110.038,1.6,2.25
26.08.2021 00:30:07.243,110.04,110.037,1.2,1.5
26.08.2021 00:30:11.224,110.04,110.038,1,1
26.08.2021 00:30:11.325,110.04200000000002,110.036,1.95,2.89
26.08.2021 00:30:11.427,110.04100000000001,110.038,1.2,1
26.08.2021 00:30:11.886,110.04200000000002,110.036,1.95,2.89
26.08.2021 00:30:13.132,110.04100000000001,110.039,1,1
26.08.2021 00:30:13.334,110.04100000000001,110.038,2.14,1
26.08.2021 00:30:18.807,110.04200000000002,110.039,2.14,1
26.08.2021 00:30:26.012,110.04200000000002,110.04,1,1
26.08.2021 00:30:28.718,110.04200000000002,110.039,1.95,1
26.08.2021 00:30:28.820,110.04200000000002,110.037,1.2,1
26.08.2021 00:30:28.922,110.04,110.037,1.2,1
26.08.2021 00:30:50.982,110.04100000000001,110.038,1.39,1
26.08.2021 00:30:51.083,110.04,110.037,1,1.5
26.08.2021 00:30:51.185,110.04,110.037,1,2.5
26.08.2021 00:30:55.039,110.04100000000001,110.038,1,2.95
26.08.2021 00:30:56.645,110.04100000000001,110.038,1,1.69
26.08.2021 00:31:10.997,110.04100000000001,110.039,1,1
26.08.2021 00:31:17.863,110.04299999999999,110.04,1.2,1
26.08.2021 00:31:31.343,110.04100000000001,110.039,1,1.25
26.08.2021 00:31:36.098,110.04100000000001,110.038,1.95,1
26.08.2021 00:31:37.147,110.04100000000001,110.037,2.7,1.69
26.08.2021 00:31:38.637,110.04,110.035,1,3.14
26.08.2021 00:31:38.739,110.037,110.03399999999999,1,1.5
26.08.2021 00:31:38.841,110.037,110.03399999999999,3.09,1
26.08.2021 00:31:38.943,110.035,110.031,1,1.5
26.08.2021 00:31:44.898,110.03399999999999,110.031,1.25,1
26.08.2021 00:31:45.000,110.033,110.029,1.2,3.04
26.08.2021 00:31:45.051,110.031,110.029,1,1
26.08.2021 00:31:45.203,110.03200000000001,110.02799999999999,3.07,1.25
26.08.2021 00:31:45.304,110.031,110.02799999999999,1,1.25
26.08.2021 00:31:45.406,110.03,110.02700000000002,1,1.25
26.08.2021 00:31:46.063,110.031,110.02700000000002,4.09,1.25
26.08.2021 00:31:46.164,110.031,110.02799999999999,2.89,1
26.08.2021 00:31:48.421,110.033,110.029,3.52,2.51
26.08.2021 00:31:49.639,110.033,110.03,1.95,1
26.08.2021 00:32:14.490,110.03399999999999,110.03,3.45,2.32
26.08.2021 00:32:45.919,110.03399999999999,110.03200000000001,1,4.01
26.08.2021 00:32:45.969,110.036,110.033,1.95,1.1
26.08.2021 00:32:50.296,110.037,110.035,1,1
26.08.2021 00:32:50.449,110.038,110.035,1.2,1
26.08.2021 00:33:00.182,110.039,110.035,2.14,1.57
26.08.2021 00:33:17.678,110.039,110.03399999999999,1,1.57
26.08.2021 00:33:27.773,110.038,110.036,1,1.25
26.08.2021 00:33:30.538,110.039,110.036,1.5,1.76
26.08.2021 00:33:50.977,110.039,110.037,1,1.01
26.08.2021 00:33:55.822,110.039,110.036,1.5,1.01
26.08.2021 00:33:58.219,110.038,110.036,1,1
26.08.2021 00:34:02.423,110.039,110.036,1.5,1.01
26.08.2021 00:34:08.253,110.04,110.036,1,1.01
26.08.2021 00:34:08.355,110.04200000000002,110.039,3.07,1.39
26.08.2021 00:34:08.456,110.044,110.039,1,2.14
26.08.2021 00:34:08.558,110.04299999999999,110.04,1,3.29
26.08.2021 00:34:08.710,110.044,110.04100000000001,1,2.16
26.08.2021 00:34:08.811,110.045,110.04100000000001,2.25,3.66
26.08.2021 00:34:10.518,110.046,110.04299999999999,1.5,1.01
26.08.2021 00:34:10.569,110.048,110.044,2.7,1.76
26.08.2021 00:34:10.670,110.04899999999999,110.04299999999999,2.25,2.97
26.08.2021 00:34:10.771,110.04899999999999,110.04700000000001,1.5,1.25
26.08.2021 00:34:10.873,110.05,110.04700000000001,1,2.14
26.08.2021 00:34:13.026,110.05,110.045,1.5,2.74
26.08.2021 00:34:14.167,110.05,110.04700000000001,1.5,1.01
26.08.2021 00:34:17.707,110.051,110.046,1,3.29
26.08.2021 00:34:17.809,110.051,110.048,1.5,2.57
26.08.2021 00:34:17.910,110.052,110.04899999999999,1,1.35
26.08.2021 00:34:18.930,110.053,110.04899999999999,2.7,1.82
26.08.2021 00:34:20.050,110.052,110.048,1.5,3.72
26.08.2021 00:34:20.152,110.05,110.04700000000001,1,2.97
26.08.2021 00:34:20.905,110.051,110.04700000000001,1,2.57
26.08.2021 00:34:22.948,110.052,110.048,1.95,2.57
26.08.2021 00:34:29.305,110.05,110.04700000000001,1,1.76
26.08.2021 00:34:29.459,110.04899999999999,110.046,1,2.51
26.08.2021 00:34:29.612,110.048,110.045,1.95,1.25
26.08.2021 00:34:29.714,110.04700000000001,110.045,1,1.25
26.08.2021 00:34:30.691,110.04899999999999,110.045,2.7,2.76
26.08.2021 00:34:30.945,110.04899999999999,110.046,2.7,1.25
26.08.2021 00:34:32.501,110.051,110.048,1,1.82
26.08.2021 00:34:32.603,110.052,110.04899999999999,1,2.57
26.08.2021 00:34:32.704,110.053,110.05,1.5,4.07
26.08.2021 00:34:32.806,110.055,110.052,1.5,1.01
26.08.2021 00:34:34.177,110.053,110.05,1,2.57
26.08.2021 00:34:34.639,110.053,110.05,1.95,1.25
26.08.2021 00:34:36.120,110.053,110.05,1.5,2.97
26.08.2021 00:34:36.322,110.053,110.05,1,1.76
26.08.2021 00:34:36.424,110.052,110.04899999999999,1,2.57
26.08.2021 00:34:38.815,110.053,110.04899999999999,2.7,2.57
26.08.2021 00:34:39.884,110.052,110.04899999999999,1,1.76
26.08.2021 00:34:42.264,110.051,110.04899999999999,1,1.1
26.08.2021 00:34:42.874,110.051,110.048,1,1.57
26.08.2021 00:34:42.976,110.05,110.048,1,1
26.08.2021 00:34:43.078,110.05,110.04700000000001,1,1.01
26.08.2021 00:34:44.499,110.05,110.046,2.14,1.57
26.08.2021 00:34:44.881,110.04899999999999,110.046,1.95,1
26.08.2021 00:34:45.034,110.04899999999999,110.045,1.95,1.76
26.08.2021 00:34:45.287,110.048,110.045,1,1.57
26.08.2021 00:34:49.503,110.05,110.046,2.7,1.1
26.08.2021 00:34:49.706,110.04899999999999,110.045,1.95,1.57
26.08.2021 00:34:50.968,110.04899999999999,110.045,1.5,1.97
26.08.2021 00:34:51.069,110.04899999999999,110.045,1.95,1.57
26.08.2021 00:34:51.272,110.04899999999999,110.045,1.5,1.97
26.08.2021 00:34:51.373,110.04899999999999,110.045,1.95,1.57
26.08.2021 00:34:52.334,110.04899999999999,110.046,1.2,1.5
26.08.2021 00:34:52.436,110.05,110.04700000000001,1,2.32
26.08.2021 00:34:52.538,110.051,110.04700000000001,2.25,2.91
26.08.2021 00:34:52.842,110.051,110.04700000000001,2.7,2.51
26.08.2021 00:34:53.889,110.051,110.04700000000001,2.25,2.91
26.08.2021 00:34:54.012,110.051,110.04700000000001,2.7,2.51
26.08.2021 00:34:54.113,110.051,110.048,1,1.01
26.08.2021 00:34:56.537,110.05,110.046,2.14,3.07
26.08.2021 00:34:56.790,110.05,110.046,1.69,2.72
26.08.2021 00:34:57.775,110.051,110.04700000000001,2.89,1.1
26.08.2021 00:34:59.656,110.052,110.04700000000001,1.69,1.1
26.08.2021 00:35:04.807,110.052,110.04899999999999,1.95,1
26.08.2021 00:35:04.908,110.052,110.05,1,1.5
26.08.2021 00:35:05.009,110.052,110.04899999999999,1,1.76
26.08.2021 00:35:07.643,110.053,110.04899999999999,1.95,2.51
26.08.2021 00:35:12.155,110.053,110.05,1.95,1
26.08.2021 00:35:12.570,110.053,110.04899999999999,1.95,3.26
26.08.2021 00:35:12.861,110.053,110.05,1.95,1
26.08.2021 00:35:18.872,110.052,110.04899999999999,1.5,1.95
26.08.2021 00:35:18.974,110.051,110.04899999999999,1,1.95
26.08.2021 00:35:19.075,110.051,110.04700000000001,2.25,3.6
26.08.2021 00:35:28.689,110.05,110.04700000000001,1,1.5
26.08.2021 00:35:28.790,110.05,110.046,2.89,2.25
26.08.2021 00:35:28.841,110.048,110.045,1.5,1.95
26.08.2021 00:35:28.942,110.048,110.044,2.89,1.5
26.08.2021 00:35:29.202,110.048,110.044,3.04,1.5
26.08.2021 00:35:30.767,110.04700000000001,110.04299999999999,2.89,1.5
26.08.2021 00:35:34.219,110.046,110.04299999999999,1,1
26.08.2021 00:35:35.647,110.04700000000001,110.04299999999999,2.89,1.5
26.08.2021 00:35:37.371,110.046,110.04200000000002,2.14,2.25
26.08.2021 00:35:37.523,110.045,110.04200000000002,2.14,1
26.08.2021 00:35:38.775,110.045,110.04100000000001,2.89,2.25
26.08.2021 00:35:38.876,110.044,110.04100000000001,1.95,1
26.08.2021 00:35:38.977,110.04299999999999,110.04,1.2,1.5
26.08.2021 00:35:41.823,110.045,110.039,4.01,2.25
26.08.2021 00:35:43.914,110.044,110.04100000000001,1.95,1
26.08.2021 00:35:53.837,110.045,110.04100000000001,2.7,2.25
26.08.2021 00:35:53.939,110.045,110.04200000000002,1,1.5
26.08.2021 00:35:54.343,110.045,110.04,1,2.25
26.08.2021 00:36:17.149,110.044,110.04,2.89,2.25
26.08.2021 00:36:18.331,110.044,110.039,1,2.25
26.08.2021 00:36:19.168,110.044,110.04,2.89,3.45
26.08.2021 00:36:19.320,110.044,110.04100000000001,1,1.95
26.08.2021 00:36:19.421,110.045,110.04100000000001,2.44,3.9
26.08.2021 00:36:19.573,110.045,110.04200000000002,2.25,1
26.08.2021 00:36:20.618,110.045,110.04100000000001,2.14,4.57
26.08.2021 00:36:20.720,110.044,110.04100000000001,1,2.25
26.08.2021 00:36:24.349,110.045,110.04100000000001,1.5,3.64
26.08.2021 00:36:27.096,110.045,110.04200000000002,1,1
26.08.2021 00:36:37.397,110.045,110.04100000000001,2.89,3.75
26.08.2021 00:36:41.362,110.044,110.04100000000001,1.5,1.5
26.08.2021 00:36:41.464,110.045,110.04100000000001,1.5,4.84
26.08.2021 00:36:43.418,110.045,110.04200000000002,1,1
26.08.2021 00:36:47.915,110.045,110.04100000000001,2.14,3.75
26.08.2021 00:36:51.060,110.04299999999999,110.04100000000001,1,1
26.08.2021 00:36:52.395,110.045,110.04,2.14,1
26.08.2021 00:37:02.483,110.044,110.04200000000002,1,1
26.08.2021 00:37:03.302,110.045,110.04200000000002,1.2,1
26.08.2021 00:37:06.070,110.045,110.04299999999999,1,1
26.08.2021 00:37:06.374,110.04700000000001,110.04299999999999,3.04,1.5
26.08.2021 00:37:06.476,110.045,110.04299999999999,1,1
26.08.2021 00:37:06.933,110.046,110.04100000000001,1.5,1
26.08.2021 00:37:07.085,110.045,110.04,1,1.5
26.08.2021 00:37:07.490,110.044,110.04200000000002,1,1
26.08.2021 00:37:21.224,110.045,110.04200000000002,1.5,1
26.08.2021 00:37:21.375,110.045,110.04299999999999,1,1
26.08.2021 00:37:30.361,110.045,110.04200000000002,1,1
26.08.2021 00:37:31.431,110.045,110.04299999999999,1,1
26.08.2021 00:37:37.075,110.045,110.04200000000002,1.39,1
26.08.2021 00:37:38.694,110.044,110.04100000000001,1.25,1.57
26.08.2021 00:37:39.177,110.04299999999999,110.04,1.1,1.5
26.08.2021 00:37:39.329,110.044,110.04100000000001,2.14,1
26.08.2021 00:37:43.625,110.04299999999999,110.04,2.16,1.5
26.08.2021 00:37:45.332,110.04299999999999,110.039,2.91,2.25
26.08.2021 00:38:08.722,110.044,110.039,2.91,1
26.08.2021 00:38:09.083,110.045,110.04,2.51,1
26.08.2021 00:38:09.963,110.044,110.04200000000002,1.57,1
26.08.2021 00:38:27.872,110.044,110.04100000000001,1.1,1.5
26.08.2021 00:38:29.664,110.045,110.04200000000002,2.91,1
26.08.2021 00:38:30.899,110.045,110.04200000000002,1.57,1.5
26.08.2021 00:39:00.651,110.04299999999999,110.04,1.76,1.5
26.08.2021 00:39:00.753,110.04200000000002,110.04,2.01,1.5
26.08.2021 00:39:00.856,110.04100000000001,110.039,1,1
26.08.2021 00:39:01.060,110.04200000000002,110.039,1.57,1.25
26.08.2021 00:39:11.259,110.04100000000001,110.038,1.5,1.39
26.08.2021 00:39:11.361,110.04,110.037,1.25,1.95
26.08.2021 00:39:24.215,110.04,110.036,2.32,2.89
26.08.2021 00:39:25.219,110.04100000000001,110.036,1.57,1
26.08.2021 00:40:28.564,110.04100000000001,110.039,1.1,1
26.08.2021 00:40:28.665,110.04,110.039,1,1
26.08.2021 00:40:30.962,110.04200000000002,110.039,1.1,3.25
26.08.2021 00:40:31.069,110.044,110.04100000000001,2.21,1
26.08.2021 00:40:31.171,110.046,110.04,1.39,2.7
26.08.2021 00:40:31.273,110.045,110.04299999999999,1.39,1
26.08.2021 00:40:38.516,110.04700000000001,110.04299999999999,2.91,2.25
26.08.2021 00:40:38.617,110.04700000000001,110.044,2.16,1
26.08.2021 00:40:38.718,110.048,110.044,1.01,3.64
26.08.2021 00:40:39.227,110.048,110.045,1.01,1
26.08.2021 00:40:40.176,110.05,110.048,1.76,1
26.08.2021 00:40:40.278,110.051,110.048,1.01,1.5
26.08.2021 00:40:40.379,110.052,110.04899999999999,3.16,1
26.08.2021 00:40:40.481,110.055,110.052,2.66,1
26.08.2021 00:40:40.583,110.054,110.052,1,1.5
26.08.2021 00:40:40.685,110.05600000000001,110.053,3.35,1
26.08.2021 00:40:40.999,110.05600000000001,110.053,1.1,1
26.08.2021 00:41:00.379,110.05600000000001,110.052,1.95,2.25
26.08.2021 00:41:08.655,110.05600000000001,110.051,1,2.25
26.08.2021 00:41:14.211,110.055,110.052,1.97,1.25
26.08.2021 00:41:14.312,110.054,110.051,1,2.14
26.08.2021 00:41:17.863,110.055,110.052,1.57,1.25
26.08.2021 00:41:19.521,110.054,110.051,1,3.89
26.08.2021 00:41:19.674,110.054,110.051,1.97,1.5
26.08.2021 00:41:19.776,110.054,110.051,1.57,1.5
26.08.2021 00:41:27.564,110.053,110.051,1.1,1
26.08.2021 00:41:28.571,110.053,110.05,1.1,2.44
26.08.2021 00:41:32.415,110.055,110.051,1.57,1.25
26.08.2021 00:41:37.602,110.054,110.051,1.57,1.69
26.08.2021 00:41:38.333,110.054,110.052,1.1,1.25
26.08.2021 00:41:38.437,110.055,110.053,1.97,1
26.08.2021 00:41:38.589,110.055,110.053,1.57,1
26.08.2021 00:41:43.596,110.054,110.051,1.57,1
26.08.2021 00:41:43.697,110.053,110.05,1.1,1.69
26.08.2021 00:41:44.792,110.053,110.04899999999999,1.57,3.64
26.08.2021 00:41:49.183,110.054,110.048,3.04,1.5
26.08.2021 00:42:02.759,110.053,110.04899999999999,2.7,1.76
26.08.2021 00:42:02.962,110.053,110.04899999999999,2.25,3.72
26.08.2021 00:42:23.753,110.052,110.04899999999999,1.95,1
26.08.2021 00:42:46.474,110.052,110.048,2.7,1.57
26.08.2021 00:43:36.958,110.052,110.04899999999999,1,1.57
26.08.2021 00:43:37.110,110.054,110.04899999999999,4.49,2.32
26.08.2021 00:43:37.263,110.054,110.05,4.04,1
26.08.2021 00:43:39.677,110.055,110.051,2.89,1.76
26.08.2021 00:43:39.778,110.055,110.052,1.95,1
26.08.2021 00:43:39.880,110.05600000000001,110.052,2.7,1.1
26.08.2021 00:43:50.729,110.05600000000001,110.053,1,1.57
26.08.2021 00:43:50.831,110.05700000000002,110.053,2.7,2.32
26.08.2021 00:43:50.984,110.05799999999999,110.055,1.2,1.69
26.08.2021 00:43:51.782,110.059,110.055,1,1.25
26.08.2021 00:43:51.912,110.06,110.055,1.5,1.01
26.08.2021 00:43:53.988,110.059,110.05600000000001,1,2.76
26.08.2021 00:43:54.089,110.059,110.05600000000001,1,1.76
26.08.2021 00:43:54.191,110.06,110.05799999999999,1,1
26.08.2021 00:43:54.292,110.06,110.05700000000002,1,1.01
26.08.2021 00:44:08.408,110.06200000000001,110.06,2.32,1
26.08.2021 00:44:08.509,110.06299999999999,110.061,3.75,1
26.08.2021 00:44:08.762,110.064,110.061,1.2,1.5
26.08.2021 00:44:12.613,110.06299999999999,110.05799999999999,2.89,1.87
26.08.2021 00:44:12.715,110.061,110.059,1.95,1
26.08.2021 00:44:12.816,110.061,110.05700000000002,2.85,1.5
26.08.2021 00:44:25.062,110.061,110.05700000000002,2.7,1.1
26.08.2021 00:44:28.592,110.061,110.05799999999999,1.95,1
26.08.2021 00:44:29.525,110.061,110.059,1,1.57
26.08.2021 00:44:29.576,110.064,110.05799999999999,5.32,2.32
26.08.2021 00:44:29.677,110.06299999999999,110.06,1.95,1
26.08.2021 00:44:31.892,110.06299999999999,110.061,1.95,1
26.08.2021 00:44:33.827,110.06200000000001,110.05799999999999,3.6,2.62
26.08.2021 00:44:33.929,110.06,110.05799999999999,1,1.5
26.08.2021 00:44:34.081,110.061,110.05799999999999,1.95,1.69
26.08.2021 00:44:40.144,110.061,110.05700000000002,2.7,1.57
26.08.2021 00:44:40.247,110.06,110.05700000000002,1,1.1
26.08.2021 00:44:41.785,110.06200000000001,110.05600000000001,2.25,4.66
26.08.2021 00:44:41.886,110.06200000000001,110.05799999999999,2.7,1.76
26.08.2021 00:44:49.098,110.061,110.05799999999999,2.7,1
26.08.2021 00:44:49.300,110.061,110.05700000000002,3.64,1.1
26.08.2021 00:44:49.402,110.06,110.05700000000002,1,1.57
26.08.2021 00:45:21.846,110.06,110.05600000000001,1.95,1.57
26.08.2021 00:45:21.997,110.059,110.05600000000001,1,1.1
26.08.2021 00:45:22.099,110.059,110.05600000000001,2.1,1
26.08.2021 00:45:22.512,110.059,110.055,2.85,1.5
26.08.2021 00:45:47.656,110.059,110.053,1.95,2.7
26.08.2021 00:46:04.715,110.05700000000002,110.054,1,1.95
26.08.2021 00:46:08.964,110.05799999999999,110.05600000000001,1,1.25
26.08.2021 00:46:09.689,110.05700000000002,110.054,1.1,1.25
26.08.2021 00:46:09.791,110.059,110.053,2.72,1
26.08.2021 00:46:12.150,110.05600000000001,110.053,1.57,1
26.08.2021 00:46:12.252,110.05600000000001,110.052,1.57,3.64
26.08.2021 00:46:13.811,110.05600000000001,110.053,1.1,1.69
26.08.2021 00:46:16.475,110.05700000000002,110.054,1.57,1
26.08.2021 00:46:21.228,110.05700000000002,110.053,1.57,2.89
26.08.2021 00:46:21.476,110.05700000000002,110.053,1.57,3.39
26.08.2021 00:46:30.182,110.05700000000002,110.053,1.1,4.39
26.08.2021 00:46:35.317,110.05700000000002,110.054,1.1,1
26.08.2021 00:46:35.967,110.05700000000002,110.053,1.1,5.14
26.08.2021 00:46:36.446,110.05700000000002,110.054,1.1,1
26.08.2021 00:46:38.130,110.05700000000002,110.053,1.1,3.45
26.08.2021 00:46:48.098,110.05700000000002,110.052,1,1.95
26.08.2021 00:46:48.394,110.05600000000001,110.054,1,1
26.08.2021 00:46:48.907,110.05700000000002,110.052,1,3.07
26.08.2021 00:46:52.936,110.05600000000001,110.054,1.5,1
26.08.2021 00:46:53.095,110.05600000000001,110.053,1.5,2.7
26.08.2021 00:46:53.294,110.05600000000001,110.054,1.5,1
26.08.2021 00:46:54.532,110.05600000000001,110.053,1.5,2.7
26.08.2021 00:46:56.127,110.05700000000002,110.053,1.1,4.39
26.08.2021 00:46:56.363,110.05700000000002,110.054,1.1,1
26.08.2021 00:46:56.682,110.05700000000002,110.053,1.1,4.39
26.08.2021 00:46:58.469,110.055,110.053,1.1,1.5
26.08.2021 00:46:58.570,110.054,110.051,1.5,3.71
26.08.2021 00:46:58.924,110.054,110.05,2.32,3.64
26.08.2021 00:47:01.467,110.054,110.051,1.57,1
26.08.2021 00:47:02.316,110.054,110.05,2.32,4.01
26.08.2021 00:47:02.834,110.055,110.05,2.32,1
26.08.2021 00:47:03.229,110.054,110.05,2.32,5.14
26.08.2021 00:47:03.335,110.054,110.051,1.57,1
26.08.2021 00:47:03.841,110.054,110.05,3.26,2.7
26.08.2021 00:47:06.088,110.053,110.05,1,1.95
26.08.2021 00:47:10.751,110.054,110.05,3.26,3.45
26.08.2021 00:47:29.553,110.054,110.05,3.32,3.82
26.08.2021 00:47:30.387,110.054,110.05,2.51,3.45
26.08.2021 00:47:30.489,110.054,110.051,2.51,1
26.08.2021 00:47:30.692,110.055,110.04899999999999,2.51,3.45
26.08.2021 00:47:34.220,110.054,110.04899999999999,1,3.45
26.08.2021 00:47:53.851,110.054,110.05,2.32,4.39
26.08.2021 00:47:54.559,110.054,110.051,2.51,1.12
26.08.2021 00:47:54.949,110.054,110.05,2.51,3.45
26.08.2021 00:47:57.596,110.054,110.051,2.51,1
26.08.2021 00:47:58.120,110.053,110.051,1,1
26.08.2021 00:47:59.646,110.053,110.05,1,3.45
26.08.2021 00:47:59.868,110.053,110.051,1,1
26.08.2021 00:48:00.585,110.053,110.05,1,3.45
26.08.2021 00:48:00.991,110.053,110.051,1,1
26.08.2021 00:48:01.916,110.053,110.05,1,3.82
26.08.2021 00:48:02.074,110.053,110.051,1,1
26.08.2021 00:48:04.220,110.054,110.051,2.44,1
26.08.2021 00:48:07.423,110.054,110.05,2.44,3
26.08.2021 00:48:08.517,110.054,110.051,2.44,1
26.08.2021 00:48:09.016,110.054,110.05,2.44,3
26.08.2021 00:48:10.251,110.054,110.051,2.44,1
26.08.2021 00:48:11.996,110.054,110.05,2.44,3.37
26.08.2021 00:48:12.504,110.055,110.05,2.44,1
26.08.2021 00:48:13.018,110.054,110.05,2.44,3
26.08.2021 00:48:13.761,110.054,110.051,2.44,1
26.08.2021 00:48:14.552,110.054,110.05,2.44,3
26.08.2021 00:48:21.024,110.054,110.051,2.44,1
26.08.2021 00:48:24.733,110.054,110.05,2.44,3.37
26.08.2021 00:48:25.337,110.055,110.05,2.44,1
26.08.2021 00:48:26.536,110.055,110.04899999999999,2.44,3
26.08.2021 00:48:34.841,110.054,110.051,2.44,1
26.08.2021 00:48:35.057,110.054,110.05,2.44,3
26.08.2021 00:48:40.270,110.054,110.051,2.44,1
26.08.2021 00:48:40.734,110.054,110.05,2.44,3.37
26.08.2021 00:48:41.182,110.054,110.051,2.44,1
26.08.2021 00:49:07.096,110.054,110.05,1.5,3.19
26.08.2021 00:49:14.417,110.05600000000001,110.054,1.1,1
26.08.2021 00:49:14.518,110.05799999999999,110.055,2.17,2.44
26.08.2021 00:49:14.721,110.05799999999999,110.054,3.47,2.25
26.08.2021 00:49:14.873,110.05600000000001,110.053,1,2.7
26.08.2021 00:49:16.220,110.05700000000002,110.053,1.76,2.7
26.08.2021 00:49:17.404,110.05700000000002,110.053,1.76,3.2
26.08.2021 00:49:38.032,110.054,110.051,1.57,1.8
26.08.2021 00:49:38.134,110.054,110.051,1.57,1.5
26.08.2021 00:49:44.070,110.053,110.051,1.25,1.5
26.08.2021 00:49:44.172,110.053,110.05,1.25,1.95
26.08.2021 00:49:49.517,110.052,110.04899999999999,1.1,1.87
26.08.2021 00:49:49.618,110.04899999999999,110.046,1.1,3.95
26.08.2021 00:49:49.720,110.05,110.046,2.51,3.9
26.08.2021 00:49:49.821,110.04899999999999,110.046,1,2.7
26.08.2021 00:49:54.873,110.048,110.045,1.1,2.25
26.08.2021 00:49:54.984,110.04700000000001,110.044,1.5,1.2
26.08.2021 00:49:55.085,110.048,110.04200000000002,1.5,2.7
26.08.2021 00:49:56.802,110.04299999999999,110.04,1.1,4.7
26.08.2021 00:49:56.904,110.04299999999999,110.04,2.91,1.95
26.08.2021 00:49:57.006,110.04200000000002,110.039,1.57,1
26.08.2021 00:49:57.360,110.04200000000002,110.04,1,1
26.08.2021 00:49:57.462,110.04299999999999,110.04,1.01,1.5
26.08.2021 00:49:58.593,110.039,110.037,1.1,6.82
26.08.2021 00:49:58.745,110.039,110.036,1.57,1
26.08.2021 00:50:01.707,110.04,110.036,1.76,2.7
26.08.2021 00:50:02.403,110.039,110.036,1,2.7
26.08.2021 00:50:12.123,110.04,110.037,1.82,1.5
26.08.2021 00:50:16.949,110.04100000000001,110.037,2.16,3.37
26.08.2021 00:50:17.152,110.04200000000002,110.036,1.57,5.45
26.08.2021 00:50:17.253,110.04200000000002,110.039,2.91,1
26.08.2021 00:50:17.355,110.044,110.04,1.46,1
26.08.2021 00:50:17.456,110.04299999999999,110.04,1,1.2
26.08.2021 00:50:17.922,110.04299999999999,110.04100000000001,1,1
26.08.2021 00:50:18.023,110.044,110.04100000000001,1.01,2.25
26.08.2021 00:50:18.233,110.044,110.04100000000001,1.82,2.25
26.08.2021 00:50:18.537,110.045,110.04,1.01,2.25
26.08.2021 00:50:19.292,110.04299999999999,110.04100000000001,1,1.1
26.08.2021 00:50:19.937,110.044,110.04100000000001,2.44,1.1
26.08.2021 00:50:22.111,110.04299999999999,110.04,1,2.7
26.08.2021 00:50:22.213,110.04299999999999,110.04100000000001,1,1
26.08.2021 00:50:24.015,110.044,110.04100000000001,2.89,1
26.08.2021 00:50:28.249,110.044,110.04200000000002,1.25,1
26.08.2021 00:50:33.363,110.045,110.04200000000002,1.69,1.2
26.08.2021 00:50:34.651,110.046,110.04200000000002,3.81,2.35
26.08.2021 00:50:36.193,110.046,110.04200000000002,1.69,3.85
26.08.2021 00:50:37.105,110.04700000000001,110.04299999999999,2.89,2.32
26.08.2021 00:51:00.441,110.046,110.04299999999999,1,1.1
26.08.2021 00:51:11.853,110.04700000000001,110.04299999999999,2.89,1.1
26.08.2021 00:51:12.197,110.045,110.04100000000001,1,4.22
26.08.2021 00:51:12.355,110.04200000000002,110.04,1,2.7
26.08.2021 00:51:12.456,110.04100000000001,110.038,1,1.57
26.08.2021 00:51:13.646,110.04100000000001,110.037,2.7,1.5
26.08.2021 00:51:14.278,110.04,110.036,2.16,2.44
26.08.2021 00:51:21.418,110.035,110.033,1,1.75
26.08.2021 00:51:21.469,110.035,110.03200000000001,1.57,1.95
26.08.2021 00:51:24.958,110.03200000000001,110.03,1,1.45
26.08.2021 00:51:25.059,110.033,110.03,1,1.5
26.08.2021 00:51:28.668,110.033,110.029,2.25,1.69
26.08.2021 00:51:29.248,110.033,110.03,2.25,1
26.08.2021 00:51:32.792,110.03200000000001,110.029,1,1.2
26.08.2021 00:51:32.893,110.029,110.025,2.32,4.76
26.08.2021 00:51:32.995,110.02799999999999,110.024,1.57,2.14
26.08.2021 00:51:33.096,110.02700000000002,110.024,1,1.2
26.08.2021 00:51:33.404,110.02600000000001,110.022,1.57,5.89
26.08.2021 00:51:33.510,110.02700000000002,110.024,1.5,1
26.08.2021 00:51:34.910,110.02600000000001,110.023,1.25,1.1
26.08.2021 00:51:35.011,110.025,110.023,1,1
26.08.2021 00:51:35.113,110.024,110.022,1,1.1
26.08.2021 00:51:40.544,110.025,110.022,1.25,1.1
26.08.2021 00:51:46.759,110.02700000000002,110.023,2.25,3.66
26.08.2021 00:51:52.743,110.02799999999999,110.024,2.14,1.95
26.08.2021 00:51:52.951,110.02799999999999,110.025,2.14,1
26.08.2021 00:52:23.644,110.029,110.02600000000001,1,3.85
26.08.2021 00:52:23.745,110.029,110.02600000000001,1,2.82
26.08.2021 00:52:23.847,110.031,110.02600000000001,1.5,1.01
26.08.2021 00:52:24.399,110.03,110.02700000000002,1.5,1.41
26.08.2021 00:52:24.614,110.03,110.02700000000002,1.5,1.39
26.08.2021 00:52:24.841,110.031,110.02700000000002,1.69,1.79
26.08.2021 00:52:29.069,110.03,110.02700000000002,1,1.76
26.08.2021 00:52:30.401,110.029,110.02700000000002,1,1.01
26.08.2021 00:52:35.020,110.029,110.02600000000001,1,1.1
26.08.2021 00:52:45.709,110.031,110.02700000000002,3.19,2.29
26.08.2021 00:52:46.714,110.029,110.02700000000002,1,1.85
26.08.2021 00:52:49.045,110.03200000000001,110.029,1.5,1.2
26.08.2021 00:52:49.146,110.033,110.03,1,1.39
26.08.2021 00:52:49.197,110.03200000000001,110.03,1,1.2
26.08.2021 00:52:51.459,110.033,110.029,1,3.41
26.08.2021 00:52:52.015,110.033,110.03,1,3.26
26.08.2021 00:52:54.213,110.033,110.03,1,2.29
26.08.2021 00:52:56.075,110.03399999999999,110.031,1.25,1.1
26.08.2021 00:53:00.289,110.035,110.03200000000001,1,2.14
26.08.2021 00:53:00.390,110.038,110.03399999999999,4.61,1.39
26.08.2021 00:53:00.491,110.038,110.03399999999999,2.51,1.39
26.08.2021 00:53:00.593,110.038,110.035,2.44,1.2
26.08.2021 00:53:01.183,110.038,110.036,2.44,1
26.08.2021 00:53:04.274,110.04,110.036,1.75,1
26.08.2021 00:53:04.376,110.039,110.036,2.01,1.5
26.08.2021 00:53:04.477,110.039,110.036,1.01,1.5
26.08.2021 00:53:06.862,110.04,110.036,4.01,2.7
26.08.2021 00:53:07.014,110.04,110.037,3.26,1
26.08.2021 00:53:07.216,110.04,110.038,2.44,1
26.08.2021 00:53:08.643,110.04,110.038,3.25,1
26.08.2021 00:53:11.213,110.04,110.038,1.25,2.25
26.08.2021 00:53:14.433,110.04200000000002,110.038,3.32,2.7
26.08.2021 00:53:15.764,110.04100000000001,110.038,1.35,2.25
26.08.2021 00:53:17.121,110.04299999999999,110.038,5.26,3.64
26.08.2021 00:53:17.172,110.04299999999999,110.04,1.75,1.2
26.08.2021 00:53:17.222,110.044,110.04100000000001,1.01,1.2
26.08.2021 00:53:17.475,110.046,110.04100000000001,2.01,1
26.08.2021 00:53:18.000,110.045,110.04200000000002,1.01,1
26.08.2021 00:53:18.465,110.045,110.04100000000001,1.01,2.32
26.08.2021 00:53:21.168,110.045,110.04,1.75,2.32
26.08.2021 00:53:21.371,110.044,110.04,3.32,1.95
26.08.2021 00:53:21.472,110.044,110.04200000000002,1.25,1
26.08.2021 00:53:21.574,110.044,110.04100000000001,1.75,1.95
26.08.2021 00:53:28.292,110.045,110.044,1.5,1
26.08.2021 00:53:28.393,110.05,110.048,2.7,1
26.08.2021 00:53:28.495,110.05,110.04700000000001,1.27,1
26.08.2021 00:53:28.698,110.05,110.04700000000001,2.84,1
26.08.2021 00:53:30.238,110.05,110.045,1.01,1.5
26.08.2021 00:53:31.843,110.05,110.04700000000001,1.09,1
26.08.2021 00:53:33.838,110.05,110.04700000000001,3.14,1
26.08.2021 00:53:33.940,110.04899999999999,110.046,1.01,1.5
26.08.2021 00:53:34.142,110.05,110.046,2.89,2.7
26.08.2021 00:53:34.294,110.04899999999999,110.046,1.25,2.7
26.08.2021 00:53:34.447,110.04899999999999,110.045,3.51,1.95
26.08.2021 00:53:34.752,110.05,110.046,4.12,2.25
26.08.2021 00:53:35.620,110.04899999999999,110.045,2.14,2.32
26.08.2021 00:53:35.874,110.048,110.045,1,1.57
26.08.2021 00:53:37.324,110.04700000000001,110.045,1,1
26.08.2021 00:53:37.524,110.04700000000001,110.044,1,1.1
26.08.2021 00:53:51.243,110.048,110.044,2.25,1.41
26.08.2021 00:54:00.380,110.048,110.046,1.69,1
26.08.2021 00:54:00.655,110.04899999999999,110.044,1.25,1.57
26.08.2021 00:54:00.993,110.048,110.046,1.25,1
26.08.2021 00:54:01.685,110.048,110.045,1.25,1.1
26.08.2021 00:54:02.172,110.048,110.046,1.25,1
26.08.2021 00:54:02.678,110.048,110.044,1.25,2.35
26.08.2021 00:54:03.170,110.04899999999999,110.046,1,1.1
26.08.2021 00:54:03.271,110.05,110.046,4.76,1.1
26.08.2021 00:54:03.373,110.05,110.045,5.61,2.32
26.08.2021 00:54:03.929,110.05,110.04700000000001,2.14,1
26.08.2021 00:54:04.182,110.051,110.048,2.59,1
26.08.2021 00:54:04.334,110.053,110.048,4.46,3.19
26.08.2021 00:54:04.650,110.053,110.04899999999999,4.46,1
26.08.2021 00:54:04.852,110.053,110.048,2.91,2.44
26.08.2021 00:54:04.953,110.053,110.04899999999999,2.14,1.1
26.08.2021 00:54:05.055,110.052,110.04899999999999,1.39,1
26.08.2021 00:54:05.358,110.053,110.04899999999999,1.2,2.32
26.08.2021 00:54:05.460,110.053,110.05,1,1.57
26.08.2021 00:54:05.561,110.053,110.051,1,1
26.08.2021 00:54:06.266,110.053,110.052,1,1
26.08.2021 00:54:06.557,110.054,110.052,1,1
26.08.2021 00:54:08.004,110.05600000000001,110.052,2.89,3.45
26.08.2021 00:54:08.105,110.05700000000002,110.052,2.14,1
26.08.2021 00:54:08.358,110.05799999999999,110.052,2.89,3.07
26.08.2021 00:54:08.871,110.05700000000002,110.054,2.89,1
26.08.2021 00:54:10.718,110.05600000000001,110.054,1.75,1
26.08.2021 00:54:11.913,110.059,110.05600000000001,2.89,1
26.08.2021 00:54:12.014,110.059,110.055,3.64,1.1
26.08.2021 00:54:12.217,110.059,110.055,2.95,1.57
26.08.2021 00:54:12.318,110.059,110.05600000000001,3.7,1
26.08.2021 00:54:12.419,110.059,110.055,2.95,1.57
26.08.2021 00:54:13.302,110.06,110.054,2.5,1.97
26.08.2021 00:54:13.404,110.059,110.055,2.95,1.57
26.08.2021 00:54:13.505,110.059,110.05600000000001,2.95,1
26.08.2021 00:54:14.873,110.059,110.055,2.95,1.57
26.08.2021 00:54:15.195,110.059,110.05700000000002,1,1
26.08.2021 00:54:15.453,110.059,110.05600000000001,1,1.01
26.08.2021 00:54:16.055,110.06,110.05799999999999,1,1.25
26.08.2021 00:54:16.157,110.061,110.05799999999999,2.4,1
26.08.2021 00:54:16.258,110.061,110.05700000000002,1.95,1.76
26.08.2021 00:54:16.363,110.06,110.05700000000002,1,1.01
26.08.2021 00:54:16.565,110.06,110.055,1.2,1.69
26.08.2021 00:54:18.717,110.05700000000002,110.055,1.69,1.57
26.08.2021 00:54:18.820,110.055,110.054,1,1.57
26.08.2021 00:54:18.871,110.054,110.052,1,2.02
26.08.2021 00:54:18.973,110.054,110.052,1,1.01
26.08.2021 00:54:19.125,110.054,110.05,1,2.51
26.08.2021 00:54:19.933,110.054,110.052,1,1.1
26.08.2021 00:54:20.457,110.054,110.05,1.5,1.01
26.08.2021 00:54:20.559,110.053,110.051,1,1.01
26.08.2021 00:54:20.610,110.054,110.051,1,1.01
26.08.2021 00:54:21.252,110.053,110.05,1,1.41
26.08.2021 00:54:21.354,110.052,110.05,1,1.01
26.08.2021 00:54:21.609,110.052,110.04700000000001,1,2.14
26.08.2021 00:54:21.660,110.04899999999999,110.04700000000001,1,1.27
26.08.2021 00:54:21.763,110.048,110.046,1,1
26.08.2021 00:54:21.865,110.048,110.044,1.5,3.26
26.08.2021 00:54:22.322,110.048,110.045,1,1
26.08.2021 00:54:22.574,110.04899999999999,110.04299999999999,1,3.64
26.08.2021 00:54:22.726,110.04700000000001,110.04299999999999,2.7,1.57
26.08.2021 00:54:23.677,110.04700000000001,110.044,1.95,1
26.08.2021 00:54:23.779,110.04700000000001,110.045,1.1,1
26.08.2021 00:54:24.869,110.04700000000001,110.044,1.1,1.69
26.08.2021 00:54:27.751,110.05,110.046,1.95,2.97
26.08.2021 00:54:27.957,110.051,110.04700000000001,1.95,1.76
26.08.2021 00:54:28.059,110.05,110.04700000000001,1,1.01
26.08.2021 00:54:28.424,110.051,110.048,1,1
26.08.2021 00:54:29.017,110.052,110.048,4.2,1
26.08.2021 00:54:30.074,110.052,110.04899999999999,3.45,1
26.08.2021 00:54:30.597,110.052,110.05,1,1.12
26.08.2021 00:54:30.648,110.054,110.05,4.05,1.01
26.08.2021 00:54:30.800,110.054,110.05,1.95,2.57
26.08.2021 00:54:31.440,110.053,110.04899999999999,1.2,1
26.08.2021 00:54:31.692,110.054,110.05,2.62,1.57
26.08.2021 00:54:33.703,110.05600000000001,110.053,2.77,1.25
26.08.2021 00:54:34.258,110.055,110.053,1,1.25
26.08.2021 00:54:35.079,110.054,110.053,1,1.25
26.08.2021 00:54:35.180,110.054,110.052,1,1.76
26.08.2021 00:54:35.491,110.053,110.051,1,1.25
26.08.2021 00:54:36.766,110.054,110.05,1.25,4.22
26.08.2021 00:54:36.867,110.054,110.051,1,2.16
26.08.2021 00:54:37.272,110.054,110.051,1,1.1
26.08.2021 00:54:39.810,110.055,110.051,2.62,2.97
26.08.2021 00:54:39.913,110.055,110.053,1,1.25
26.08.2021 00:54:40.017,110.05600000000001,110.053,2.4,1
26.08.2021 00:54:40.484,110.055,110.053,1,1
26.08.2021 00:54:41.638,110.054,110.051,1.95,1
26.08.2021 00:54:41.739,110.054,110.051,1,2.91
26.08.2021 00:54:41.841,110.055,110.053,1,1
26.08.2021 00:54:41.943,110.053,110.051,1.5,1.1
26.08.2021 00:54:42.044,110.054,110.051,3,1.76
26.08.2021 00:54:42.145,110.055,110.051,1.95,1.76
26.08.2021 00:54:42.574,110.054,110.051,1,1.01
26.08.2021 00:54:42.676,110.054,110.051,1,2.2
26.08.2021 00:54:43.439,110.05799999999999,110.055,1.12,1.5
26.08.2021 00:54:43.642,110.05799999999999,110.05600000000001,1.2,1
26.08.2021 00:54:43.744,110.05700000000002,110.05600000000001,1,1
26.08.2021 00:54:43.896,110.05700000000002,110.055,1,1
26.08.2021 00:54:44.249,110.05799999999999,110.055,1.95,1
26.08.2021 00:54:44.351,110.05700000000002,110.055,1,1
26.08.2021 00:54:44.503,110.055,110.053,1,1
26.08.2021 00:54:44.604,110.055,110.052,1,1.76
26.08.2021 00:54:44.706,110.055,110.053,1,1.5
26.08.2021 00:54:45.331,110.05700000000002,110.055,1,1.69
26.08.2021 00:54:45.432,110.05700000000002,110.05600000000001,1,1
26.08.2021 00:54:45.533,110.05799999999999,110.05600000000001,1,2.51
26.08.2021 00:54:45.837,110.05799999999999,110.054,1.5,1
26.08.2021 00:54:46.257,110.06,110.05799999999999,1.87,1
26.08.2021 00:54:46.308,110.06200000000001,110.059,1,1.2
26.08.2021 00:54:46.410,110.06200000000001,110.06,1,1.25
26.08.2021 00:54:46.511,110.064,110.059,1.5,1.69
26.08.2021 00:54:46.990,110.06200000000001,110.059,1.5,2.29
26.08.2021 00:54:47.092,110.061,110.05799999999999,1,2.29
26.08.2021 00:54:47.193,110.06,110.05799999999999,1,1.25
26.08.2021 00:54:47.295,110.061,110.059,1,1.25
26.08.2021 00:54:47.446,110.06,110.059,1,1
26.08.2021 00:54:47.497,110.061,110.05600000000001,1.5,2.14
26.08.2021 00:54:47.548,110.06,110.059,1.5,1
26.08.2021 00:54:47.649,110.059,110.05700000000002,1,1.25
26.08.2021 00:54:49.025,110.06,110.05600000000001,1.5,1.39
26.08.2021 00:54:49.126,110.06,110.05700000000002,1.5,1.69
26.08.2021 00:54:49.227,110.06,110.05799999999999,1.5,1
26.08.2021 00:54:49.784,110.06,110.05700000000002,1.5,1
26.08.2021 00:54:49.885,110.059,110.05700000000002,1,1
26.08.2021 00:54:50.580,110.061,110.05700000000002,1,1.5
26.08.2021 00:54:50.631,110.06200000000001,110.059,1.58,1.01
26.08.2021 00:54:50.732,110.061,110.05700000000002,1,3.04
26.08.2021 00:54:50.833,110.06200000000001,110.05799999999999,2.25,1.47
26.08.2021 00:54:50.934,110.061,110.05700000000002,1,2.14
26.08.2021 00:54:51.686,110.06,110.05700000000002,1,1.25
26.08.2021 00:54:52.393,110.06,110.05700000000002,1.5,1.41
26.08.2021 00:54:52.495,110.06,110.05700000000002,1.5,1.25
26.08.2021 00:54:52.697,110.059,110.05700000000002,1,1.31
26.08.2021 00:54:52.748,110.061,110.059,1,1.1
26.08.2021 00:54:52.849,110.06200000000001,110.059,1.57,1.25
26.08.2021 00:54:52.900,110.061,110.05799999999999,1.5,1.39
26.08.2021 00:54:52.951,110.061,110.059,1,1.25
26.08.2021 00:54:53.102,110.061,110.05799999999999,1.5,1.45
26.08.2021 00:54:53.204,110.061,110.05700000000002,1.5,4.49
26.08.2021 00:54:53.305,110.06,110.05600000000001,1.5,2.39
26.08.2021 00:54:53.509,110.05799999999999,110.05600000000001,1,2.2
26.08.2021 00:54:53.966,110.05799999999999,110.055,1,1.75
26.08.2021 00:54:54.017,110.054,110.053,1,3.3
26.08.2021 00:54:54.324,110.054,110.052,1,1.2
26.08.2021 00:54:54.426,110.052,110.05,1,1.69
26.08.2021 00:54:54.577,110.051,110.048,1,2.77
26.08.2021 00:54:54.679,110.052,110.04899999999999,1.95,1.69
26.08.2021 00:54:54.886,110.052,110.04899999999999,1,2.31
26.08.2021 00:54:55.038,110.052,110.04899999999999,1,1.69
26.08.2021 00:54:55.290,110.053,110.05,1,1.25
26.08.2021 00:54:55.392,110.053,110.051,1.5,1.25
26.08.2021 00:54:56.302,110.053,110.05,1.5,2.7
26.08.2021 00:54:57.091,110.053,110.051,1.5,1.69
26.08.2021 00:54:57.193,110.05700000000002,110.055,1.6,1
26.08.2021 00:54:57.294,110.05700000000002,110.055,2.25,1.25
26.08.2021 00:54:57.396,110.05700000000002,110.05600000000001,1.5,1
26.08.2021 00:54:57.497,110.05700000000002,110.055,1.5,1.69
26.08.2021 00:54:57.956,110.05799999999999,110.053,1.5,1.69
26.08.2021 00:54:58.057,110.053,110.05,1.1,1.25
26.08.2021 00:55:00.152,110.053,110.051,1.1,1
26.08.2021 00:55:00.304,110.055,110.053,1.12,1
26.08.2021 00:55:00.356,110.06,110.05799999999999,2.32,1
26.08.2021 00:55:00.457,110.05799999999999,110.05600000000001,1,1.25
26.08.2021 00:55:00.559,110.05600000000001,110.053,1,1.25
26.08.2021 00:55:00.610,110.055,110.052,1,2.14
26.08.2021 00:55:01.178,110.053,110.05,1.69,1.35
26.08.2021 00:55:01.280,110.053,110.04899999999999,1,1.5
26.08.2021 00:55:01.381,110.051,110.04899999999999,1,1.64
26.08.2021 00:55:01.483,110.04899999999999,110.04700000000001,1,2.27
26.08.2021 00:55:01.584,110.052,110.04899999999999,1.5,1.25
26.08.2021 00:55:01.786,110.053,110.04700000000001,1.5,3.34
26.08.2021 00:55:01.837,110.04899999999999,110.048,1,1.01
26.08.2021 00:55:01.938,110.051,110.048,1,1.25
26.08.2021 00:55:02.646,110.05,110.048,1,1.26
26.08.2021 00:55:02.748,110.051,110.048,1,1.71
26.08.2021 00:55:03.052,110.051,110.048,1,1.65
26.08.2021 00:55:03.302,110.051,110.048,1,2.21
26.08.2021 00:55:03.403,110.052,110.048,1.76,2.59
26.08.2021 00:55:06.051,110.053,110.04700000000001,1.76,2.14
26.08.2021 00:55:06.185,110.052,110.048,1.76,3.01
26.08.2021 00:55:06.286,110.052,110.04899999999999,1.76,1.25
26.08.2021 00:55:07.150,110.053,110.05,1,1.6
26.08.2021 00:55:07.252,110.053,110.05,1,1.2
26.08.2021 00:55:07.921,110.054,110.05,1.57,1.1
26.08.2021 00:55:08.227,110.054,110.051,1.5,1.39
26.08.2021 00:55:08.329,110.054,110.05,1.57,1.2
26.08.2021 00:55:08.430,110.053,110.051,1,1.25
26.08.2021 00:55:08.533,110.053,110.05,1,1.2
26.08.2021 00:55:09.719,110.054,110.05,1.5,2.54
26.08.2021 00:55:09.820,110.054,110.051,1.5,1.45
26.08.2021 00:55:10.632,110.053,110.05,1,1.57
26.08.2021 00:55:14.587,110.054,110.051,1.22,1
26.08.2021 00:55:15.812,110.054,110.05,1.97,2.44
26.08.2021 00:55:16.140,110.054,110.052,1.1,1
26.08.2021 00:55:16.241,110.055,110.052,1.1,1
26.08.2021 00:55:17.373,110.053,110.052,1,1
26.08.2021 00:55:18.686,110.054,110.052,1,1
26.08.2021 00:55:19.745,110.054,110.053,1,1.1
26.08.2021 00:55:19.795,110.05600000000001,110.054,1.5,1.94
26.08.2021 00:55:19.846,110.05700000000002,110.054,1,1.95
26.08.2021 00:55:19.948,110.05700000000002,110.055,1,1.25
26.08.2021 00:55:20.724,110.05799999999999,110.054,3.19,1.5
26.08.2021 00:55:20.826,110.054,110.051,2.7,1.2
26.08.2021 00:55:20.927,110.053,110.05,1,2.51
26.08.2021 00:55:28.427,110.052,110.048,1.2,1.27
26.08.2021 00:55:28.479,110.05,110.046,1.95,1.1
26.08.2021 00:55:28.632,110.04899999999999,110.04299999999999,1.2,2.32
26.08.2021 00:55:28.987,110.04899999999999,110.046,1.2,1
26.08.2021 00:55:29.540,110.04899999999999,110.04700000000001,1,1.76
26.08.2021 00:55:29.590,110.051,110.04700000000001,1.12,3.55
26.08.2021 00:55:29.692,110.052,110.048,2.14,1.1
26.08.2021 00:55:30.540,110.04899999999999,110.046,1.39,5.25
26.08.2021 00:55:30.642,110.04899999999999,110.046,1,1.51
26.08.2021 00:55:30.743,110.04700000000001,110.044,1,1.39
26.08.2021 00:55:33.557,110.048,110.044,1,3.85
26.08.2021 00:55:33.709,110.04700000000001,110.044,1.39,1.5
26.08.2021 00:55:33.861,110.04700000000001,110.044,1.85,1
26.08.2021 00:55:34.063,110.046,110.04200000000002,4.41,1.5
26.08.2021 00:55:34.114,110.04299999999999,110.04,1.85,1.87
26.08.2021 00:55:34.215,110.04100000000001,110.038,1,1.01
26.08.2021 00:55:35.168,110.04200000000002,110.038,1.2,2.7
26.08.2021 00:55:45.272,110.04200000000002,110.038,1.41,1.5
26.08.2021 00:55:45.374,110.04200000000002,110.038,1.01,1.95
26.08.2021 00:55:46.317,110.04200000000002,110.039,1.1,1
26.08.2021 00:55:50.324,110.04100000000001,110.038,1,2.2
26.08.2021 00:55:50.425,110.04100000000001,110.038,1.1,1.25
26.08.2021 00:55:53.218,110.04100000000001,110.038,1.1,1.94
26.08.2021 00:55:53.418,110.04100000000001,110.038,1.1,1.12
26.08.2021 00:55:53.675,110.04299999999999,110.037,1.57,3.14
26.08.2021 00:55:54.367,110.04200000000002,110.038,1.97,1.69
26.08.2021 00:55:54.767,110.04200000000002,110.038,2.85,1.69
26.08.2021 00:55:54.869,110.04100000000001,110.038,1.57,1.25
26.08.2021 00:55:55.394,110.04200000000002,110.038,1.1,3.89
26.08.2021 00:55:55.708,110.04200000000002,110.038,1.22,1.69
26.08.2021 00:56:01.079,110.04,110.037,1.1,1
26.08.2021 00:56:01.743,110.039,110.036,1.41,1
26.08.2021 00:56:01.844,110.039,110.035,2.97,1.5
26.08.2021 00:56:03.886,110.038,110.035,1,2.57
26.08.2021 00:56:03.988,110.039,110.035,1.5,2.29
26.08.2021 00:56:04.038,110.039,110.035,1,1.76
26.08.2021 00:56:06.361,110.039,110.035,1,1.82
26.08.2021 00:56:06.957,110.036,110.033,1.1,6.33
26.08.2021 00:56:07.059,110.037,110.033,1.1,2.2
26.08.2021 00:56:07.160,110.035,110.031,1.57,2.14
26.08.2021 00:56:07.993,110.036,110.031,1.5,1.64
26.08.2021 00:56:08.246,110.035,110.03200000000001,1.22,1.25
26.08.2021 00:56:08.448,110.035,110.031,1.97,1.69
26.08.2021 00:56:09.497,110.035,110.031,1.1,3.14
26.08.2021 00:56:09.598,110.035,110.031,1.1,2.14
26.08.2021 00:56:10.156,110.035,110.03200000000001,1.1,1
26.08.2021 00:56:11.967,110.037,110.033,2.02,1.95
26.08.2021 00:56:12.169,110.036,110.033,1,1.2
26.08.2021 00:56:13.457,110.037,110.033,1.57,1.95
26.08.2021 00:56:14.684,110.037,110.033,4.24,1
26.08.2021 00:56:14.886,110.037,110.031,2.91,1.5
26.08.2021 00:56:14.987,110.036,110.033,1.86,1
26.08.2021 00:56:15.944,110.036,110.03200000000001,2.61,1.5
26.08.2021 00:56:20.273,110.037,110.03200000000001,1.1,1
26.08.2021 00:56:25.857,110.03399999999999,110.031,1.97,1
26.08.2021 00:56:26.009,110.03399999999999,110.03,2.91,1
26.08.2021 00:56:30.760,110.03399999999999,110.03,1.76,2.14
26.08.2021 00:56:31.649,110.03399999999999,110.03,1.57,2.95
26.08.2021 00:56:34.214,110.031,110.02700000000002,1,6.47
26.08.2021 00:56:34.316,110.03,110.02799999999999,1,1
26.08.2021 00:56:34.418,110.029,110.02700000000002,1.1,1.25
26.08.2021 00:56:37.675,110.031,110.02799999999999,2.14,1.1
26.08.2021 00:56:44.134,110.033,110.02700000000002,2.14,1.76
26.08.2021 00:56:44.235,110.03200000000001,110.029,1,1.1
26.08.2021 00:56:45.251,110.033,110.03,1.84,1.5
26.08.2021 00:56:45.453,110.033,110.029,3.26,1.1
26.08.2021 00:56:45.555,110.033,110.029,3.86,1
26.08.2021 00:56:59.279,110.033,110.03,1.69,1.1
26.08.2021 00:56:59.532,110.035,110.031,1.95,2.16
26.08.2021 00:56:59.634,110.03399999999999,110.031,1,1.57
26.08.2021 00:56:59.735,110.035,110.031,1,3.47
26.08.2021 00:56:59.988,110.036,110.033,1,1.57
26.08.2021 00:57:00.089,110.037,110.03399999999999,1,1.1
26.08.2021 00:57:00.191,110.038,110.035,1.65,1.5
26.08.2021 00:57:01.296,110.039,110.035,2.32,2.51
26.08.2021 00:57:02.890,110.039,110.036,1.57,1
26.08.2021 00:57:03.124,110.04100000000001,110.04,1.12,1
26.08.2021 00:57:03.175,110.04299999999999,110.04100000000001,1.1,1
26.08.2021 00:57:03.327,110.044,110.04100000000001,1.25,1
26.08.2021 00:57:06.909,110.04299999999999,110.04,1.2,2.25
26.08.2021 00:57:07.010,110.04200000000002,110.039,1,2.14
26.08.2021 00:57:07.646,110.04100000000001,110.039,1.2,1
26.08.2021 00:57:07.747,110.04100000000001,110.038,1.2,1.5
26.08.2021 00:57:21.067,110.04200000000002,110.039,1.2,1.25
26.08.2021 00:57:21.118,110.044,110.04100000000001,6.04,1
26.08.2021 00:57:21.219,110.044,110.04,2.74,2.44
26.08.2021 00:57:21.371,110.044,110.04100000000001,2.29,1
26.08.2021 00:57:21.472,110.044,110.04100000000001,2.14,1
26.08.2021 00:57:21.573,110.044,110.04100000000001,2.29,1
26.08.2021 00:57:25.630,110.044,110.04100000000001,1.39,1
26.08.2021 00:57:26.039,110.045,110.04100000000001,1.2,3.25
26.08.2021 00:57:27.704,110.04299999999999,110.04,1.95,1.69
26.08.2021 00:57:32.236,110.04299999999999,110.039,3.45,2.14
26.08.2021 00:57:32.437,110.04200000000002,110.039,1,2.14
26.08.2021 00:57:44.444,110.044,110.04100000000001,1.95,1.5
26.08.2021 00:57:55.548,110.044,110.04200000000002,1,1
26.08.2021 00:57:55.649,110.045,110.04200000000002,1.2,2.25
26.08.2021 00:57:55.801,110.048,110.044,2.7,4.45
26.08.2021 00:57:55.903,110.048,110.044,3.45,2.14
26.08.2021 00:57:56.004,110.048,110.045,2.7,1.5
26.08.2021 00:58:01.034,110.04700000000001,110.044,1.5,1.2
26.08.2021 00:58:04.973,110.048,110.044,3.45,2.89
26.08.2021 00:58:05.074,110.048,110.045,1.2,1
26.08.2021 00:58:05.277,110.04700000000001,110.044,1.5,3.15
26.08.2021 00:58:06.460,110.048,110.046,1,1.2
26.08.2021 00:58:06.562,110.04899999999999,110.046,2.25,2.89
26.08.2021 00:58:06.663,110.05,110.046,3.45,2.14
26.08.2021 00:58:06.765,110.04899999999999,110.046,1,2.14
26.08.2021 00:58:08.339,110.04899999999999,110.046,1,3.7
26.08.2021 00:58:34.093,110.04899999999999,110.046,1,2.89
26.08.2021 00:58:37.487,110.051,110.045,2.7,3.7
26.08.2021 00:58:37.589,110.04899999999999,110.046,1,3.7
26.08.2021 00:58:37.740,110.051,110.04899999999999,1.2,1
26.08.2021 00:58:42.809,110.052,110.04899999999999,1.1,1.69
26.08.2021 00:58:48.688,110.052,110.05,1,1
26.08.2021 00:58:48.790,110.052,110.04899999999999,1,2.89
26.08.2021 00:58:55.442,110.052,110.05,1,1
26.08.2021 00:58:55.543,110.052,110.04899999999999,1,2.89
26.08.2021 00:59:00.464,110.05,110.046,2.32,6.32
26.08.2021 00:59:00.616,110.04899999999999,110.046,1.1,1.75
26.08.2021 00:59:00.718,110.04899999999999,110.045,1.57,3.7
26.08.2021 00:59:01.522,110.04899999999999,110.045,1.57,2.89
26.08.2021 00:59:01.623,110.048,110.045,1.1,1.25
26.08.2021 00:59:01.725,110.04700000000001,110.044,1.1,1.25
26.08.2021 00:59:03.180,110.048,110.044,1.57,2.2
26.08.2021 00:59:06.234,110.04700000000001,110.044,1.1,1.25
26.08.2021 00:59:22.811,110.046,110.044,1,1.25
26.08.2021 00:59:24.000,110.04700000000001,110.045,1.5,1.25
26.08.2021 00:59:27.896,110.046,110.044,1,1.75
26.08.2021 00:59:27.998,110.04700000000001,110.04200000000002,1,3.32
26.08.2021 00:59:40.378,110.046,110.044,1,1.25
26.08.2021 00:59:52.649,110.04700000000001,110.045,1,2.14
26.08.2021 00:59:52.750,110.05,110.044,1.57,2.95
26.08.2021 00:59:52.852,110.048,110.045,1,2.95
26.08.2021 01:00:00.346,110.04700000000001,110.046,1,1
26.08.2021 01:00:00.498,110.04700000000001,110.045,1,1
26.08.2021 01:00:01.854,110.046,110.045,1,1
26.08.2021 01:00:13.424,110.046,110.04299999999999,1.1,1
26.08.2021 01:00:14.726,110.046,110.04200000000002,1.57,2.14
26.08.2021 01:00:15.460,110.046,110.04299999999999,1,4.16
26.08.2021 01:00:15.562,110.04700000000001,110.04299999999999,1,4.16
26.08.2021 01:00:18.201,110.04700000000001,110.04299999999999,1.1,1.95
26.08.2021 01:00:23.319,110.045,110.04200000000002,1,1.57
26.08.2021 01:00:23.421,110.04299999999999,110.038,1,3.07
26.08.2021 01:00:23.522,110.04100000000001,110.038,1.69,1.35
26.08.2021 01:00:24.553,110.04100000000001,110.037,1.69,1.57
26.08.2021 01:00:27.635,110.039,110.037,1,1
26.08.2021 01:00:27.736,110.039,110.036,1,1.2
26.08.2021 01:00:27.938,110.04,110.038,1,1.95
26.08.2021 01:00:28.039,110.04100000000001,110.037,1,3.04
26.08.2021 01:00:31.375,110.04200000000002,110.039,2.44,1.2
26.08.2021 01:00:35.547,110.04200000000002,110.039,1,2.2
26.08.2021 01:00:35.649,110.04299999999999,110.039,2.32,2.95
26.08.2021 01:00:37.651,110.044,110.04200000000002,1,1
26.08.2021 01:00:37.804,110.045,110.04299999999999,1.95,1.25
26.08.2021 01:00:38.492,110.046,110.04299999999999,1.1,1.25
26.08.2021 01:00:38.601,110.046,110.04299999999999,1,2.2
26.08.2021 01:00:38.753,110.04700000000001,110.04299999999999,1.57,2.2
26.08.2021 01:00:38.905,110.04899999999999,110.044,1.5,1.25
26.08.2021 01:00:39.007,110.048,110.044,1.5,2.44
26.08.2021 01:00:39.110,110.048,110.045,1,1.25
26.08.2021 01:00:43.636,110.05,110.046,1.5,5.74
26.08.2021 01:00:43.737,110.052,110.05,1.6,1.69
26.08.2021 01:00:43.839,110.053,110.05,1,1.69
26.08.2021 01:00:45.443,110.052,110.04899999999999,1,1.2
26.08.2021 01:00:49.220,110.053,110.04899999999999,2.77,1.2
26.08.2021 01:01:11.118,110.052,110.04899999999999,2.7,1
26.08.2021 01:01:11.321,110.051,110.04899999999999,1,1
26.08.2021 01:01:11.422,110.052,110.04899999999999,2.7,1
26.08.2021 01:01:11.637,110.053,110.04700000000001,3.45,1.76
26.08.2021 01:01:29.311,110.054,110.05,4.27,1.01
26.08.2021 01:01:30.426,110.054,110.05,2.7,1.82
26.08.2021 01:01:31.231,110.05600000000001,110.052,4.35,1.01
26.08.2021 01:01:31.333,110.055,110.051,1,3.72
26.08.2021 01:01:31.383,110.05700000000002,110.053,5.63,3.35
26.08.2021 01:01:31.485,110.05700000000002,110.054,1,2.97
26.08.2021 01:01:31.586,110.05799999999999,110.054,1.5,3.72
26.08.2021 01:01:38.093,110.06,110.05600000000001,1.5,1.25
26.08.2021 01:01:38.498,110.061,110.05600000000001,1,2.57
26.08.2021 01:01:38.600,110.061,110.05799999999999,1.5,1.35
26.08.2021 01:01:42.559,110.06200000000001,110.059,1,1.01
26.08.2021 01:01:49.608,110.06299999999999,110.059,1.5,2.97
26.08.2021 01:01:52.745,110.064,110.06,2.7,3.26
26.08.2021 01:01:52.846,110.066,110.065,2.25,1.69
26.08.2021 01:01:52.947,110.069,110.06700000000001,1.1,1.25
26.08.2021 01:01:53.049,110.07000000000001,110.066,3.22,2.44
26.08.2021 01:01:53.429,110.07000000000001,110.066,2.54,2.44
26.08.2021 01:01:56.623,110.06700000000001,110.064,1.76,1.05
26.08.2021 01:01:56.724,110.066,110.06299999999999,1.1,1.2
26.08.2021 01:01:56.825,110.064,110.061,1,2.14
26.08.2021 01:02:01.829,110.06299999999999,110.06,1,2.39
26.08.2021 01:02:02.830,110.06299999999999,110.06,1,1.39
26.08.2021 01:02:12.226,110.064,110.06,3.64,1.5
26.08.2021 01:02:12.327,110.064,110.061,1.5,1
26.08.2021 01:02:21.797,110.066,110.06299999999999,3.37,1
26.08.2021 01:02:21.898,110.066,110.06200000000001,1.2,4.5
26.08.2021 01:02:25.229,110.065,110.06200000000001,1,2.44
26.08.2021 01:02:25.586,110.065,110.061,1.69,3.45
26.08.2021 01:02:25.750,110.065,110.061,2.5,3.45
26.08.2021 01:02:25.941,110.064,110.061,1.75,1.5
26.08.2021 01:02:26.043,110.064,110.06,2.95,2.25
26.08.2021 01:02:26.144,110.064,110.06,2.14,3.22
26.08.2021 01:02:31.044,110.064,110.059,1,1.5
26.08.2021 01:03:01.622,110.06299999999999,110.06,1.75,1.5
26.08.2021 01:03:01.936,110.061,110.06,1.25,1
26.08.2021 01:03:01.987,110.06,110.05600000000001,1,1.2
26.08.2021 01:03:02.139,110.059,110.05600000000001,1,1.95
26.08.2021 01:03:02.494,110.059,110.055,2.89,4.2
26.08.2021 01:03:02.596,110.05799999999999,110.055,1.25,2.25
26.08.2021 01:03:14.663,110.05799999999999,110.05600000000001,1,1.2
26.08.2021 01:03:18.586,110.05799999999999,110.055,1.25,1.5
26.08.2021 01:03:26.309,110.05799999999999,110.055,1,3.6
26.08.2021 01:03:26.464,110.059,110.05700000000002,1,1.2
26.08.2021 01:03:26.515,110.06200000000001,110.059,2.89,1.95
26.08.2021 01:03:26.616,110.06299999999999,110.06,1.6,1.95
26.08.2021 01:03:26.717,110.06299999999999,110.06,1,2.89
26.08.2021 01:03:26.819,110.064,110.059,1,2.85
26.08.2021 01:03:27.876,110.06200000000001,110.06,1,1
26.08.2021 01:03:28.028,110.06200000000001,110.05799999999999,3.19,6.75
26.08.2021 01:03:32.374,110.06200000000001,110.06,1.5,1
26.08.2021 01:03:33.245,110.06200000000001,110.059,1.5,1.2
26.08.2021 01:03:33.346,110.06200000000001,110.06,1.5,1
26.08.2021 01:03:42.833,110.06200000000001,110.059,1,1.2
26.08.2021 01:03:43.151,110.06,110.05799999999999,1,2.03
26.08.2021 01:03:43.202,110.06200000000001,110.05799999999999,3.64,3.07
26.08.2021 01:03:44.717,110.06200000000001,110.059,2.89,1
26.08.2021 01:03:46.231,110.06200000000001,110.05799999999999,3.64,3.15
26.08.2021 01:03:46.587,110.06200000000001,110.059,2.89,1
26.08.2021 01:03:48.383,110.06200000000001,110.05799999999999,3.64,2.78
26.08.2021 01:03:48.485,110.06200000000001,110.059,2.89,1
26.08.2021 01:03:49.544,110.061,110.05799999999999,1.25,2.03
26.08.2021 01:03:50.221,110.06200000000001,110.059,2.75,1.2
26.08.2021 01:03:50.323,110.06299999999999,110.059,1,4.22
26.08.2021 01:04:06.688,110.064,110.06,3.64,1.1
26.08.2021 01:04:06.789,110.064,110.061,1.69,1.2
26.08.2021 01:04:07.165,110.066,110.06200000000001,4.31,2.85
26.08.2021 01:04:07.266,110.065,110.06200000000001,1,1.2
26.08.2021 01:04:08.435,110.066,110.06200000000001,4.39,1.95
26.08.2021 01:04:09.527,110.065,110.061,2.44,2.85
26.08.2021 01:04:09.628,110.064,110.061,1.5,1.2
26.08.2021 01:04:10.066,110.065,110.06299999999999,1,1
26.08.2021 01:04:10.167,110.066,110.06299999999999,3.26,1
26.08.2021 01:04:11.793,110.066,110.06200000000001,4.01,3.45
26.08.2021 01:04:18.999,110.064,110.061,2.89,2.62
26.08.2021 01:04:19.101,110.064,110.06,2.95,4.65
26.08.2021 01:04:22.858,110.064,110.06,2.14,4.2
26.08.2021 01:04:43.687,110.065,110.059,2.95,2.7
26.08.2021 01:04:51.611,110.064,110.06,2.14,2.7
26.08.2021 01:04:51.717,110.065,110.061,3.7,1.2
26.08.2021 01:04:56.935,110.06700000000001,110.064,1.76,2.7
26.08.2021 01:04:57.037,110.069,110.065,3.26,2.14
26.08.2021 01:05:01.402,110.07000000000001,110.068,2.25,1.69
26.08.2021 01:05:01.554,110.072,110.07000000000001,1.2,1.25
26.08.2021 01:05:01.655,110.073,110.07000000000001,1.87,2.57
26.08.2021 01:05:01.858,110.075,110.07100000000001,4.01,2.14
26.08.2021 01:05:01.991,110.074,110.07100000000001,1,2.14
26.08.2021 01:05:02.420,110.075,110.07100000000001,2.89,2.14
26.08.2021 01:05:06.816,110.074,110.07100000000001,1,1.39
26.08.2021 01:05:11.996,110.074,110.068,1.2,3.11
26.08.2021 01:05:12.098,110.074,110.07100000000001,2.4,1.25
26.08.2021 01:05:20.480,110.075,110.072,2.25,1.01
26.08.2021 01:05:20.581,110.075,110.074,1.5,1.25
26.08.2021 01:05:20.632,110.07700000000001,110.075,1,2.19
26.08.2021 01:05:20.683,110.07700000000001,110.073,1.95,4.57
26.08.2021 01:05:20.734,110.07700000000001,110.075,1.5,1.25
26.08.2021 01:05:20.835,110.07700000000001,110.074,1,3.19
26.08.2021 01:05:20.987,110.07799999999999,110.074,1.5,2.89
26.08.2021 01:05:27.352,110.07600000000001,110.074,1.2,1
26.08.2021 01:05:27.453,110.075,110.072,1.2,1
26.08.2021 01:05:29.497,110.07600000000001,110.07100000000001,2.2,1
26.08.2021 01:05:33.783,110.074,110.07100000000001,1.39,1.5
26.08.2021 01:05:34.473,110.07799999999999,110.075,5.55,1
26.08.2021 01:05:34.574,110.07700000000001,110.074,4.09,2.25
26.08.2021 01:05:34.676,110.07700000000001,110.073,3.64,2.32
26.08.2021 01:05:35.935,110.07700000000001,110.074,1.5,1.1
26.08.2021 01:05:36.036,110.07700000000001,110.073,3.7,2.32
26.08.2021 01:05:42.955,110.075,110.073,1,1
26.08.2021 01:05:43.005,110.075,110.07000000000001,1.25,1.57
26.08.2021 01:05:43.157,110.074,110.07000000000001,3.85,1.5
26.08.2021 01:05:43.259,110.072,110.069,1,1
26.08.2021 01:05:43.360,110.072,110.068,2.89,3.07
26.08.2021 01:05:43.664,110.072,110.068,3.7,2.32
26.08.2021 01:05:52.158,110.07100000000001,110.069,1.2,1.5
26.08.2021 01:05:52.209,110.073,110.069,1.95,1.5
26.08.2021 01:05:52.310,110.074,110.07000000000001,4.09,1.1
26.08.2021 01:05:52.412,110.074,110.07100000000001,2.89,1
26.08.2021 01:05:58.150,110.073,110.07100000000001,1,1
26.08.2021 01:06:01.196,110.074,110.07100000000001,2.89,1
26.08.2021 01:06:02.201,110.074,110.072,1,1
26.08.2021 01:06:06.744,110.07600000000001,110.072,3.64,1.5
26.08.2021 01:06:06.795,110.07600000000001,110.074,1,1
26.08.2021 01:06:06.946,110.07600000000001,110.073,1.5,1.57
26.08.2021 01:06:07.531,110.075,110.073,1,1.57
26.08.2021 01:06:07.632,110.075,110.074,1,1
26.08.2021 01:06:08.329,110.075,110.073,1,2.32
26.08.2021 01:06:08.842,110.07600000000001,110.074,1,1
26.08.2021 01:06:09.493,110.075,110.073,1,2.32
26.08.2021 01:06:22.377,110.07600000000001,110.073,1.5,1.1
26.08.2021 01:06:27.783,110.075,110.073,1,1
26.08.2021 01:06:28.242,110.074,110.07100000000001,1.5,2.77
26.08.2021 01:06:31.893,110.072,110.07000000000001,1,1.5
26.08.2021 01:06:31.995,110.073,110.07000000000001,2.14,1
26.08.2021 01:06:32.097,110.072,110.07000000000001,1.69,1
26.08.2021 01:06:32.608,110.073,110.06700000000001,1.69,1
26.08.2021 01:06:32.765,110.07100000000001,110.068,1,1
26.08.2021 01:06:36.185,110.069,110.06700000000001,1,1.5
26.08.2021 01:06:37.135,110.07000000000001,110.06700000000001,1.5,1.5
26.08.2021 01:06:39.969,110.07100000000001,110.06700000000001,1.39,1.5
26.08.2021 01:06:40.910,110.073,110.068,1,1.57
26.08.2021 01:06:41.112,110.073,110.069,2.25,3.66
26.08.2021 01:06:41.264,110.074,110.07000000000001,2.25,3.66
26.08.2021 01:06:51.152,110.075,110.07100000000001,1.95,2.51
26.08.2021 01:06:51.356,110.075,110.07000000000001,1,1.76
26.08.2021 01:06:51.867,110.075,110.07100000000001,1.95,1.76
26.08.2021 01:06:51.969,110.074,110.07100000000001,1,2.14
26.08.2021 01:06:52.071,110.075,110.07100000000001,1,2.89
26.08.2021 01:06:52.435,110.07600000000001,110.07100000000001,2.89,3.64
26.08.2021 01:06:52.549,110.07600000000001,110.072,2.89,1
26.08.2021 01:06:57.390,110.075,110.07100000000001,1,2.89
26.08.2021 01:06:57.864,110.07600000000001,110.07100000000001,2.89,3.64
26.08.2021 01:06:57.965,110.07600000000001,110.072,2.89,1
26.08.2021 01:07:02.984,110.07600000000001,110.073,2.7,1
26.08.2021 01:07:03.088,110.07600000000001,110.072,2.7,1.69
26.08.2021 01:07:03.528,110.07600000000001,110.073,2.25,1
26.08.2021 01:07:04.106,110.07600000000001,110.072,2.25,3.64
26.08.2021 01:07:04.543,110.07600000000001,110.073,2.25,1
26.08.2021 01:07:04.726,110.07600000000001,110.072,2.25,2.89
26.08.2021 01:07:04.935,110.07600000000001,110.073,2.25,1
26.08.2021 01:07:05.337,110.07600000000001,110.072,2.25,2.89
26.08.2021 01:07:05.527,110.07600000000001,110.073,2.25,1
26.08.2021 01:07:06.385,110.07600000000001,110.072,2.25,2.14
26.08.2021 01:07:06.639,110.074,110.072,1,1.01
26.08.2021 01:07:06.741,110.075,110.07100000000001,1.5,2.91
26.08.2021 01:07:18.541,110.07600000000001,110.073,2.14,1
26.08.2021 01:07:22.818,110.07700000000001,110.074,2.14,1
26.08.2021 01:07:22.920,110.07700000000001,110.075,1.95,1
26.08.2021 01:07:22.970,110.079,110.07799999999999,1.2,1
26.08.2021 01:07:23.072,110.08,110.07799999999999,1.57,1
26.08.2021 01:07:26.696,110.084,110.081,1.99,2.25
26.08.2021 01:07:26.747,110.08600000000001,110.08200000000001,2.47,1.69
