Gmt time,Ask,Bid,AskVolume,BidVolume
24.08.2021 00:00:00.077,109.68,109.676,1.2,1.57
24.08.2021 00:00:00.179,109.68,109.678,1,1
24.08.2021 00:00:00.280,109.68100000000001,109.678,1,1.1
24.08.2021 00:00:00.381,109.685,109.68200000000002,3.79,1
24.08.2021 00:00:00.584,109.685,109.68200000000002,2.14,1
24.08.2021 00:00:00.887,109.685,109.68200000000002,1.97,1
24.08.2021 00:00:01.784,109.685,109.68100000000001,2.16,1
24.08.2021 00:00:02.966,109.684,109.68,5.35,1
24.08.2021 00:00:03.068,109.68,109.677,1.39,1
24.08.2021 00:00:03.169,109.679,109.676,1.39,1
24.08.2021 00:00:03.775,109.679,109.675,1.2,2.14
24.08.2021 00:00:06.488,109.678,109.675,1.95,1
24.08.2021 00:00:06.590,109.679,109.675,2.14,1.2
24.08.2021 00:00:13.123,109.68,109.67399999999999,3.04,1
24.08.2021 00:00:13.477,109.678,109.673,1,1.2
24.08.2021 00:00:15.083,109.675,109.671,2.91,3.9
24.08.2021 00:00:15.185,109.67399999999999,109.67,1.41,1.5
24.08.2021 00:00:15.388,109.67399999999999,109.669,3.41,2.62
24.08.2021 00:00:16.138,109.673,109.669,1.91,1
24.08.2021 00:00:18.152,109.673,109.669,1.91,1
24.08.2021 00:00:18.409,109.671,109.669,1,1
24.08.2021 00:00:18.460,109.66799999999999,109.66600000000001,1,1
24.08.2021 00:00:18.562,109.66799999999999,109.665,3.66,1.2
24.08.2021 00:00:18.613,109.66700000000002,109.663,1.85,1
24.08.2021 00:00:19.068,109.66700000000002,109.662,2.41,2.7
24.08.2021 00:00:21.595,109.66600000000001,109.662,1.22,1.5
24.08.2021 00:00:25.271,109.66600000000001,109.662,1.2,1.25
24.08.2021 00:00:27.658,109.669,109.665,1.7,1.5
24.08.2021 00:00:27.760,109.66799999999999,109.665,1,1.25
24.08.2021 00:00:27.862,109.671,109.66600000000001,6.34,2.89
24.08.2021 00:00:27.963,109.671,109.66600000000001,4.27,2.89
24.08.2021 00:00:29.134,109.671,109.66700000000002,1.57,1.5
24.08.2021 00:00:29.236,109.67200000000001,109.66700000000002,4.05,2.89
24.08.2021 00:00:29.338,109.67200000000001,109.669,1,1
24.08.2021 00:00:29.439,109.673,109.669,1.2,1
24.08.2021 00:00:29.541,109.67399999999999,109.67,1.76,1
24.08.2021 00:00:30.501,109.675,109.67,3.56,2.89
24.08.2021 00:00:31.233,109.675,109.669,1,3.64
24.08.2021 00:00:36.310,109.675,109.67200000000001,3.52,1.25
24.08.2021 00:00:37.134,109.675,109.673,1,1
24.08.2021 00:00:40.722,109.675,109.67200000000001,2.25,1.69
24.08.2021 00:00:42.686,109.676,109.67200000000001,1.2,2.89
24.08.2021 00:00:42.838,109.676,109.67200000000001,1.9,1.95
24.08.2021 00:00:43.687,109.676,109.67399999999999,1.25,1
24.08.2021 00:00:43.788,109.676,109.673,1.25,1.2
24.08.2021 00:00:43.889,109.676,109.673,1.75,1.2
24.08.2021 00:00:44.423,109.677,109.67399999999999,1,1
24.08.2021 00:00:44.525,109.679,109.675,2.89,1
24.08.2021 00:00:44.627,109.68,109.675,1.25,1
24.08.2021 00:00:45.363,109.68100000000001,109.679,1.25,1
24.08.2021 00:00:45.465,109.68299999999999,109.68,1.2,1
24.08.2021 00:00:51.083,109.68299999999999,109.679,2.14,2.32
24.08.2021 00:00:51.184,109.68299999999999,109.679,2.95,1.57
24.08.2021 00:00:53.553,109.68200000000002,109.679,2.2,1
24.08.2021 00:00:53.654,109.68299999999999,109.677,2.95,2.32
24.08.2021 00:00:53.705,109.68,109.676,1.25,3.1
24.08.2021 00:00:53.908,109.68,109.676,1.25,2.72
24.08.2021 00:00:55.380,109.68100000000001,109.676,2.14,2.72
24.08.2021 00:00:56.651,109.68200000000002,109.68,1.69,1
24.08.2021 00:00:56.752,109.68299999999999,109.68,1.39,1
24.08.2021 00:00:56.853,109.68100000000001,109.679,1.25,1.5
24.08.2021 00:00:56.904,109.68200000000002,109.679,3.19,1
24.08.2021 00:00:57.006,109.68200000000002,109.68,1.25,1
24.08.2021 00:00:57.107,109.68299999999999,109.68,1.25,1
24.08.2021 00:01:00.547,109.684,109.68100000000001,1.25,1
24.08.2021 00:01:00.903,109.685,109.68100000000001,1.69,1.2
24.08.2021 00:01:01.735,109.684,109.68100000000001,1.25,1.2
24.08.2021 00:01:05.003,109.686,109.68,3.64,1
24.08.2021 00:01:10.170,109.685,109.68,1.25,1
24.08.2021 00:01:15.645,109.68,109.677,1.25,2.25
24.08.2021 00:01:15.747,109.679,109.676,1.25,4.65
24.08.2021 00:01:16.273,109.679,109.675,2.44,1.95
24.08.2021 00:01:17.442,109.679,109.675,3.25,1.95
24.08.2021 00:01:20.113,109.678,109.67399999999999,1.69,1.95
24.08.2021 00:01:20.214,109.678,109.675,1.69,1
24.08.2021 00:01:20.479,109.678,109.67399999999999,1.69,1.95
24.08.2021 00:01:21.344,109.678,109.67399999999999,3.25,1.95
24.08.2021 00:01:23.820,109.676,109.673,1.25,1.5
24.08.2021 00:01:24.022,109.67399999999999,109.67200000000001,1,1
24.08.2021 00:01:24.124,109.673,109.67,1,1.95
24.08.2021 00:01:24.225,109.67399999999999,109.67,1.5,1.95
24.08.2021 00:01:25.180,109.673,109.67,1,1.95
24.08.2021 00:01:25.422,109.676,109.67200000000001,2.19,2.7
24.08.2021 00:01:25.524,109.678,109.673,4.46,2.7
24.08.2021 00:01:25.676,109.678,109.673,3.19,2.85
24.08.2021 00:01:27.490,109.677,109.67399999999999,1.25,1.2
24.08.2021 00:01:27.875,109.678,109.67399999999999,1.69,1.2
24.08.2021 00:01:28.933,109.675,109.67200000000001,1.5,1
24.08.2021 00:01:29.085,109.675,109.671,3.82,1
24.08.2021 00:01:29.287,109.67399999999999,109.671,1,1
24.08.2021 00:01:33.518,109.67399999999999,109.669,1.69,2.85
24.08.2021 00:01:35.817,109.673,109.669,1,2.85
24.08.2021 00:01:38.212,109.673,109.669,1,2.7
24.08.2021 00:01:39.769,109.673,109.669,1,4.26
24.08.2021 00:01:40.541,109.675,109.669,1.95,1.25
24.08.2021 00:01:43.076,109.67399999999999,109.671,1,1
24.08.2021 00:01:43.177,109.676,109.67200000000001,1,3.45
24.08.2021 00:01:43.228,109.678,109.67399999999999,4.39,1
24.08.2021 00:01:43.683,109.679,109.67399999999999,1,1
24.08.2021 00:01:44.117,109.678,109.67399999999999,1,2.7
24.08.2021 00:01:44.777,109.679,109.67399999999999,2.14,2.7
24.08.2021 00:01:48.245,109.679,109.675,2.14,1
24.08.2021 00:01:57.091,109.678,109.675,1.69,1
24.08.2021 00:01:57.193,109.678,109.67399999999999,3.7,1.5
24.08.2021 00:01:57.345,109.678,109.67399999999999,3.64,1.5
24.08.2021 00:02:01.497,109.677,109.673,1.1,1.5
24.08.2021 00:02:01.598,109.678,109.673,3.45,2.89
24.08.2021 00:02:01.854,109.678,109.67399999999999,1.95,1
24.08.2021 00:02:17.638,109.68,109.67399999999999,1.01,1.5
24.08.2021 00:02:18.518,109.679,109.676,1.1,1
24.08.2021 00:02:19.126,109.68200000000002,109.678,3.37,1.75
24.08.2021 00:02:19.229,109.68299999999999,109.68,3.52,2.5
24.08.2021 00:02:19.331,109.685,109.68100000000001,1.1,2.95
24.08.2021 00:02:19.432,109.685,109.68200000000002,1,1.45
24.08.2021 00:02:19.534,109.686,109.68200000000002,1.95,2.2
24.08.2021 00:02:20.034,109.69,109.68799999999999,2.07,1.25
24.08.2021 00:02:20.135,109.69,109.68799999999999,1,1.25
24.08.2021 00:02:20.236,109.69200000000001,109.689,1,1.25
24.08.2021 00:02:21.492,109.69200000000001,109.68799999999999,1,2.44
24.08.2021 00:02:23.967,109.69200000000001,109.689,1,1
24.08.2021 00:02:24.018,109.693,109.69200000000001,2.06,1
24.08.2021 00:02:24.119,109.69500000000001,109.69,2.69,1
24.08.2021 00:02:24.221,109.694,109.691,1.25,1.5
24.08.2021 00:02:24.372,109.693,109.691,1,1
24.08.2021 00:02:26.113,109.69,109.689,1.25,1.5
24.08.2021 00:02:26.215,109.69,109.68799999999999,1.25,1
24.08.2021 00:02:26.366,109.689,109.68700000000001,2.14,1
24.08.2021 00:02:26.468,109.68799999999999,109.686,2.89,1
24.08.2021 00:02:26.923,109.68799999999999,109.684,2.14,1.57
24.08.2021 00:02:30.413,109.689,109.685,1.95,1.76
24.08.2021 00:02:30.514,109.689,109.685,1,2.91
24.08.2021 00:02:30.615,109.69,109.685,3.64,2.91
24.08.2021 00:02:31.233,109.68700000000001,109.684,1.95,2.25
24.08.2021 00:02:31.335,109.686,109.68299999999999,1,1.1
24.08.2021 00:02:31.537,109.686,109.68200000000002,1.95,1.39
24.08.2021 00:02:31.638,109.686,109.68100000000001,1,1.01
24.08.2021 00:02:32.811,109.685,109.68100000000001,2.14,1.76
24.08.2021 00:02:33.277,109.684,109.68,1,2.97
24.08.2021 00:02:33.379,109.68299999999999,109.679,1.39,2.32
24.08.2021 00:02:33.480,109.68200000000002,109.678,1.39,2.32
24.08.2021 00:02:33.581,109.68200000000002,109.676,1.5,2.54
24.08.2021 00:02:34.542,109.68100000000001,109.677,2.89,1.1
24.08.2021 00:02:34.643,109.68,109.677,1.2,1
24.08.2021 00:02:34.744,109.68,109.675,2.89,2.16
24.08.2021 00:02:34.846,109.679,109.67399999999999,2.7,4.29
24.08.2021 00:02:35.049,109.678,109.67399999999999,1.2,3.89
24.08.2021 00:02:35.315,109.678,109.67399999999999,1.95,1.39
24.08.2021 00:02:35.568,109.678,109.67399999999999,4.16,1
24.08.2021 00:02:35.721,109.677,109.673,2.14,2.32
24.08.2021 00:02:54.215,109.675,109.671,3.07,1.76
24.08.2021 00:02:54.317,109.675,109.671,7.04,1
24.08.2021 00:02:54.418,109.673,109.67,1.25,1.1
24.08.2021 00:02:55.617,109.673,109.67,2.39,1
24.08.2021 00:02:55.962,109.673,109.67,1.39,1
24.08.2021 00:02:56.707,109.67200000000001,109.67,1.25,1
24.08.2021 00:02:56.808,109.67200000000001,109.66799999999999,1.69,1.22
24.08.2021 00:02:56.910,109.67,109.66600000000001,1.69,2.35
24.08.2021 00:02:57.011,109.66600000000001,109.664,1,1.1
24.08.2021 00:02:57.365,109.665,109.662,1,2.72
24.08.2021 00:02:57.466,109.665,109.662,1,1
24.08.2021 00:02:57.568,109.665,109.661,2.44,1.2
24.08.2021 00:02:57.770,109.662,109.66,1.25,1.1
24.08.2021 00:02:57.871,109.661,109.658,1,1.6
24.08.2021 00:02:57.973,109.66,109.65700000000001,1.25,1
24.08.2021 00:02:58.074,109.66,109.654,1,3.66
24.08.2021 00:03:01.111,109.66,109.656,1.39,1.01
24.08.2021 00:03:01.851,109.65899999999999,109.655,1.12,1.97
24.08.2021 00:03:01.952,109.66,109.655,1.39,2.91
24.08.2021 00:03:02.104,109.66,109.65700000000001,1.39,1
24.08.2021 00:03:07.002,109.664,109.66,4.3,1.76
24.08.2021 00:03:07.053,109.664,109.661,1,1.1
24.08.2021 00:03:07.154,109.665,109.661,3.64,1.57
24.08.2021 00:03:07.256,109.665,109.662,2.89,1
24.08.2021 00:03:10.635,109.66600000000001,109.662,1.95,2.44
24.08.2021 00:03:10.837,109.665,109.661,2.7,1.76
24.08.2021 00:03:10.939,109.663,109.66,1,2.32
24.08.2021 00:03:11.042,109.663,109.658,1,1.1
24.08.2021 00:03:11.094,109.661,109.65700000000001,2.14,2.32
24.08.2021 00:03:11.246,109.661,109.656,1.2,1
24.08.2021 00:03:11.500,109.66,109.656,2.14,2.32
24.08.2021 00:03:14.881,109.661,109.655,2.54,2.25
24.08.2021 00:03:14.983,109.658,109.654,2.14,2.32
24.08.2021 00:03:15.520,109.658,109.65299999999999,1,1.57
24.08.2021 00:03:15.672,109.65700000000001,109.65299999999999,3.82,1.76
24.08.2021 00:03:15.787,109.655,109.65200000000002,1,1.57
24.08.2021 00:03:16.192,109.656,109.65200000000002,2.89,1.57
24.08.2021 00:03:26.347,109.656,109.65,1,2.16
24.08.2021 00:03:27.195,109.655,109.65100000000001,1.95,1.1
24.08.2021 00:03:27.297,109.65299999999999,109.65100000000001,1,1.1
24.08.2021 00:03:27.448,109.65299999999999,109.65,1,1.01
24.08.2021 00:03:28.117,109.65200000000002,109.65,1,1.1
24.08.2021 00:03:28.167,109.65,109.648,1,1.12
24.08.2021 00:03:28.269,109.649,109.647,2.25,1.2
24.08.2021 00:03:28.370,109.647,109.645,1,1.95
24.08.2021 00:03:28.472,109.646,109.643,1,2.85
24.08.2021 00:03:29.872,109.647,109.643,1.25,2.1
24.08.2021 00:03:33.130,109.648,109.645,1.25,1.1
24.08.2021 00:03:33.232,109.65,109.646,2.32,1.01
24.08.2021 00:03:35.416,109.65100000000001,109.647,1.5,2.16
24.08.2021 00:03:35.517,109.65200000000002,109.648,2.59,1.1
24.08.2021 00:03:37.059,109.65299999999999,109.649,1,2.95
24.08.2021 00:03:37.162,109.655,109.65100000000001,2.85,1.25
24.08.2021 00:03:37.315,109.655,109.65100000000001,1.95,1.25
24.08.2021 00:03:43.725,109.65100000000001,109.649,1,1
24.08.2021 00:03:43.828,109.65,109.646,1,2.97
24.08.2021 00:03:43.930,109.65,109.644,1,3.29
24.08.2021 00:03:44.031,109.648,109.645,1,2.91
24.08.2021 00:03:44.402,109.649,109.645,1,2.16
24.08.2021 00:03:44.503,109.65100000000001,109.646,1,1.01
24.08.2021 00:03:44.654,109.65,109.648,1,1
24.08.2021 00:03:44.879,109.65,109.647,1,1.01
24.08.2021 00:03:45.291,109.65,109.647,1,2.41
24.08.2021 00:03:45.393,109.65200000000002,109.648,1.2,1.1
24.08.2021 00:03:46.663,109.65299999999999,109.649,1.2,1.76
24.08.2021 00:03:46.765,109.65299999999999,109.65,1.2,1
24.08.2021 00:03:46.866,109.654,109.65,2.51,1.95
24.08.2021 00:03:49.795,109.65200000000002,109.648,1.97,3.19
24.08.2021 00:03:49.950,109.65200000000002,109.646,1.1,2.89
24.08.2021 00:03:50.175,109.65,109.647,1.57,1.25
24.08.2021 00:03:50.277,109.65,109.647,1.97,1
24.08.2021 00:03:50.429,109.649,109.645,1.57,2.95
24.08.2021 00:03:50.807,109.649,109.646,1.57,1.25
24.08.2021 00:04:03.979,109.65200000000002,109.648,3.1,1
24.08.2021 00:04:04.081,109.65200000000002,109.649,1.22,1
24.08.2021 00:04:04.182,109.65200000000002,109.649,1.1,1
24.08.2021 00:04:06.341,109.65299999999999,109.649,1.57,2.14
24.08.2021 00:04:09.728,109.65200000000002,109.649,1,1.95
24.08.2021 00:04:09.829,109.65299999999999,109.649,1,2.7
24.08.2021 00:04:12.408,109.65299999999999,109.65,1,1.5
24.08.2021 00:04:13.118,109.655,109.65,7.01,2.89
24.08.2021 00:04:14.195,109.655,109.649,2.89,1.5
24.08.2021 00:04:14.347,109.65200000000002,109.648,2.25,1.2
24.08.2021 00:04:14.449,109.65200000000002,109.647,2.89,2.89
24.08.2021 00:04:14.551,109.65,109.646,2.7,1.5
24.08.2021 00:04:14.653,109.65,109.645,1,1
24.08.2021 00:04:14.806,109.65,109.646,2.32,1
24.08.2021 00:04:17.753,109.649,109.646,1,1.25
24.08.2021 00:04:21.186,109.649,109.646,1.22,1
24.08.2021 00:04:22.411,109.649,109.645,2.72,1.25
24.08.2021 00:04:22.513,109.646,109.641,5.79,1
24.08.2021 00:04:22.614,109.643,109.64,1.25,2.32
24.08.2021 00:04:22.716,109.644,109.64,3.26,2.32
24.08.2021 00:04:22.868,109.645,109.641,3.6,1
24.08.2021 00:04:22.969,109.645,109.641,3.64,1.57
24.08.2021 00:04:23.153,109.644,109.641,1,1.1
24.08.2021 00:04:23.255,109.646,109.64200000000001,1.2,1
24.08.2021 00:04:23.306,109.644,109.641,1,1.76
24.08.2021 00:04:33.144,109.647,109.643,3.37,1
24.08.2021 00:04:33.245,109.648,109.645,1.2,1
24.08.2021 00:04:33.347,109.649,109.645,5.11,1
24.08.2021 00:04:33.886,109.648,109.644,3.22,1
24.08.2021 00:04:48.054,109.649,109.646,1.49,1
24.08.2021 00:04:49.704,109.65,109.646,1.57,2.32
24.08.2021 00:04:53.009,109.65,109.646,2.1,2.25
24.08.2021 00:04:54.610,109.649,109.646,3.22,1
24.08.2021 00:04:59.667,109.65,109.646,3.92,1
24.08.2021 00:05:01.522,109.65,109.646,1.57,1.57
24.08.2021 00:05:02.777,109.65100000000001,109.65,1.12,1.5
24.08.2021 00:05:02.829,109.654,109.65100000000001,2.55,1
24.08.2021 00:05:02.931,109.656,109.65200000000002,7.35,1
24.08.2021 00:05:03.388,109.656,109.65200000000002,1.95,1
24.08.2021 00:05:19.666,109.658,109.655,2.79,1.69
24.08.2021 00:05:19.768,109.66,109.65700000000001,4.05,1
24.08.2021 00:05:19.869,109.662,109.656,3.04,1
24.08.2021 00:05:20.537,109.66,109.656,1.2,2.32
24.08.2021 00:05:22.857,109.661,109.658,2.66,1
24.08.2021 00:05:23.010,109.661,109.658,2.14,1
24.08.2021 00:05:28.143,109.662,109.658,1.95,1.1
24.08.2021 00:05:28.396,109.662,109.658,1.5,2.22
24.08.2021 00:05:31.827,109.661,109.65899999999999,1,1.5
24.08.2021 00:05:33.978,109.661,109.65700000000001,2.51,2.32
24.08.2021 00:05:34.029,109.65899999999999,109.65700000000001,1,1
24.08.2021 00:05:34.132,109.661,109.658,3.79,1
24.08.2021 00:05:34.389,109.662,109.65700000000001,1.95,1
24.08.2021 00:05:41.669,109.661,109.65700000000001,1.2,1.5
24.08.2021 00:05:42.978,109.661,109.65700000000001,3.6,1.5
24.08.2021 00:05:43.079,109.66,109.656,1.2,2.51
24.08.2021 00:05:43.322,109.661,109.658,3.45,1.75
24.08.2021 00:05:43.424,109.662,109.65899999999999,1.1,1
24.08.2021 00:05:43.764,109.662,109.658,1.2,1.76
24.08.2021 00:05:59.652,109.663,109.66,4.2,1
24.08.2021 00:06:00.519,109.663,109.65899999999999,4.2,1.01
24.08.2021 00:06:00.620,109.663,109.662,1.5,1
24.08.2021 00:06:00.671,109.665,109.662,1,1.01
24.08.2021 00:06:00.722,109.66700000000002,109.663,2.02,1
24.08.2021 00:06:00.773,109.66600000000001,109.661,1.2,1
24.08.2021 00:06:00.875,109.663,109.66,1,1.01
24.08.2021 00:06:02.917,109.662,109.65899999999999,1.2,1
24.08.2021 00:06:08.280,109.663,109.65899999999999,4.2,1.76
24.08.2021 00:06:08.433,109.661,109.658,1,1.57
24.08.2021 00:06:08.536,109.662,109.658,1.2,1.57
24.08.2021 00:06:11.581,109.661,109.658,1.2,1
24.08.2021 00:06:12.380,109.66,109.658,1,1
24.08.2021 00:06:13.404,109.66,109.65700000000001,1,1.57
24.08.2021 00:06:18.809,109.66,109.65700000000001,1,3.47
24.08.2021 00:06:20.178,109.661,109.658,1,1.76
24.08.2021 00:06:20.381,109.661,109.65899999999999,1,1
24.08.2021 00:07:08.671,109.663,109.65899999999999,4.72,1
24.08.2021 00:07:10.404,109.662,109.658,2.66,1
24.08.2021 00:07:12.125,109.661,109.65700000000001,1.1,1.57
24.08.2021 00:07:12.303,109.663,109.656,4.91,1.57
24.08.2021 00:07:12.670,109.662,109.658,4.16,1.5
24.08.2021 00:07:13.917,109.661,109.65700000000001,1.2,2.32
24.08.2021 00:07:14.068,109.662,109.658,4.16,1
24.08.2021 00:07:23.175,109.661,109.65700000000001,1.2,2.32
24.08.2021 00:07:33.191,109.66,109.65700000000001,1,1.57
24.08.2021 00:07:36.273,109.65899999999999,109.656,3.44,1.57
24.08.2021 00:07:36.374,109.656,109.65299999999999,1,1.57
24.08.2021 00:07:36.476,109.655,109.65200000000002,1.5,1.2
24.08.2021 00:07:41.796,109.654,109.65100000000001,1,2.16
24.08.2021 00:07:42.994,109.65299999999999,109.65,1.01,2.25
24.08.2021 00:07:43.095,109.654,109.65,1.57,2.7
24.08.2021 00:07:54.705,109.656,109.65,2.16,1
24.08.2021 00:07:54.808,109.655,109.65100000000001,1.39,1.95
24.08.2021 00:07:55.759,109.655,109.65100000000001,1.79,1.5
24.08.2021 00:08:00.868,109.655,109.65100000000001,1.57,1.5
24.08.2021 00:08:03.289,109.65200000000002,109.648,1.87,5.89
24.08.2021 00:08:03.391,109.65100000000001,109.648,1.12,1
24.08.2021 00:08:03.492,109.65100000000001,109.646,1,1.69
24.08.2021 00:08:10.653,109.65,109.646,2.32,2.44
24.08.2021 00:08:41.454,109.65,109.647,2.06,1
24.08.2021 00:08:44.731,109.65100000000001,109.65,1.12,1
24.08.2021 00:08:44.782,109.655,109.65100000000001,3.65,1.5
24.08.2021 00:08:44.883,109.655,109.65299999999999,1.95,1
24.08.2021 00:08:44.984,109.656,109.65299999999999,1,1
24.08.2021 00:08:46.075,109.658,109.656,1,1.57
24.08.2021 00:08:46.126,109.66,109.65700000000001,1.65,1.5
24.08.2021 00:08:46.227,109.662,109.658,1.65,2.44
24.08.2021 00:08:48.593,109.663,109.658,1.1,1
24.08.2021 00:08:49.533,109.662,109.66,1,1
24.08.2021 00:08:49.735,109.662,109.65899999999999,1,2.51
24.08.2021 00:08:49.836,109.662,109.66,1,1
24.08.2021 00:08:50.353,109.66600000000001,109.661,1,1.76
24.08.2021 00:08:50.455,109.66600000000001,109.664,1,1.5
24.08.2021 00:08:50.556,109.66799999999999,109.664,1.97,1.5
24.08.2021 00:08:51.348,109.66799999999999,109.664,1.1,1.69
24.08.2021 00:08:52.193,109.66799999999999,109.665,1.1,1
24.08.2021 00:08:52.985,109.66799999999999,109.66600000000001,1.1,1
24.08.2021 00:08:53.248,109.66799999999999,109.665,1.1,1
24.08.2021 00:08:53.349,109.664,109.662,1,1
24.08.2021 00:08:53.451,109.664,109.661,1.95,1.5
24.08.2021 00:08:53.552,109.664,109.662,1.2,1
24.08.2021 00:08:53.653,109.665,109.663,1.2,1
24.08.2021 00:09:00.211,109.66600000000001,109.663,1,1
24.08.2021 00:09:00.262,109.66799999999999,109.665,3.07,1
24.08.2021 00:09:01.437,109.66700000000002,109.663,2.7,1
24.08.2021 00:09:23.177,109.66799999999999,109.664,1.2,1
24.08.2021 00:09:23.379,109.66799999999999,109.665,1.2,1
24.08.2021 00:09:44.081,109.66600000000001,109.663,1.39,3
24.08.2021 00:09:45.254,109.66700000000002,109.664,1,1
24.08.2021 00:09:45.777,109.66700000000002,109.665,1.2,1
24.08.2021 00:09:48.429,109.66799999999999,109.663,1.2,1
24.08.2021 00:09:48.644,109.66700000000002,109.665,1,1
24.08.2021 00:09:48.746,109.66799999999999,109.665,1.1,1
24.08.2021 00:09:48.849,109.669,109.66600000000001,2.89,1
24.08.2021 00:09:52.538,109.671,109.66799999999999,1,1.57
24.08.2021 00:09:52.641,109.67200000000001,109.66799999999999,2.77,2.32
24.08.2021 00:09:52.743,109.67200000000001,109.67,1,1
24.08.2021 00:09:52.871,109.673,109.67,1.1,1
24.08.2021 00:09:55.940,109.673,109.671,1.1,1
24.08.2021 00:10:00.595,109.673,109.67,1.1,1
24.08.2021 00:10:43.024,109.67399999999999,109.66799999999999,1.57,1.5
24.08.2021 00:10:51.545,109.67,109.66799999999999,2.32,1
24.08.2021 00:10:51.646,109.669,109.66700000000002,1,1
24.08.2021 00:10:51.854,109.669,109.66600000000001,1.2,1.5
24.08.2021 00:10:54.144,109.66799999999999,109.66600000000001,1,1.5
24.08.2021 00:10:54.873,109.669,109.66600000000001,1.95,1
24.08.2021 00:11:01.272,109.669,109.665,4.2,1.76
24.08.2021 00:11:01.374,109.669,109.665,5.47,1
24.08.2021 00:11:01.475,109.66700000000002,109.664,1.2,1.5
24.08.2021 00:11:01.576,109.66600000000001,109.661,1,2.32
24.08.2021 00:11:01.678,109.66600000000001,109.662,1,3.66
24.08.2021 00:11:01.779,109.66600000000001,109.662,2.7,1.57
24.08.2021 00:11:01.882,109.665,109.662,1,1.57
24.08.2021 00:11:02.251,109.665,109.661,1.2,2.32
24.08.2021 00:11:03.852,109.663,109.661,1,1.5
24.08.2021 00:11:03.954,109.663,109.65899999999999,3.07,2.32
24.08.2021 00:11:04.055,109.663,109.65899999999999,4.16,2.25
24.08.2021 00:11:04.157,109.661,109.65899999999999,1,1.5
24.08.2021 00:11:04.467,109.661,109.658,1,1.57
24.08.2021 00:11:09.682,109.662,109.658,3.07,1.57
24.08.2021 00:11:09.783,109.662,109.658,3.22,1.5
24.08.2021 00:11:53.209,109.663,109.662,1,1
24.08.2021 00:11:53.259,109.665,109.662,1.65,1.5
24.08.2021 00:11:53.361,109.66600000000001,109.664,1.5,2.32
24.08.2021 00:11:53.462,109.66799999999999,109.664,1.2,2.32
24.08.2021 00:11:54.289,109.66799999999999,109.665,1.2,1.5
24.08.2021 00:11:54.602,109.669,109.665,1.39,2.32
24.08.2021 00:11:56.203,109.67,109.66600000000001,3.79,1
24.08.2021 00:11:56.660,109.67,109.66799999999999,1.69,1
24.08.2021 00:11:56.762,109.67200000000001,109.669,1.2,1.5
24.08.2021 00:11:56.863,109.67200000000001,109.67,1,1
24.08.2021 00:11:56.964,109.673,109.67,1.76,1
24.08.2021 00:12:05.043,109.67399999999999,109.671,1.1,1
24.08.2021 00:12:10.733,109.679,109.673,2.4,2.32
24.08.2021 00:12:10.784,109.679,109.676,5.92,1.5
24.08.2021 00:12:10.885,109.679,109.676,1,1
24.08.2021 00:12:12.123,109.68,109.676,2.89,1
24.08.2021 00:12:12.586,109.679,109.675,1.57,1.57
24.08.2021 00:12:12.687,109.68,109.676,3.41,1
24.08.2021 00:12:21.560,109.679,109.675,1.2,3.07
24.08.2021 00:12:22.220,109.679,109.676,1.2,1
24.08.2021 00:12:30.173,109.679,109.675,1.95,3.07
24.08.2021 00:12:30.731,109.679,109.676,1.95,1
24.08.2021 00:12:30.834,109.68200000000002,109.679,1,1.1
24.08.2021 00:12:30.986,109.68299999999999,109.679,1.95,1.01
24.08.2021 00:12:31.295,109.68299999999999,109.68,1.95,1
24.08.2021 00:12:31.397,109.684,109.68,1.95,1.5
24.08.2021 00:12:31.499,109.686,109.68100000000001,1.2,1
24.08.2021 00:12:31.613,109.685,109.68100000000001,1.95,2.25
24.08.2021 00:12:32.814,109.685,109.68100000000001,1.5,2.91
24.08.2021 00:12:33.320,109.686,109.68200000000002,2.7,1.57
24.08.2021 00:12:42.289,109.685,109.68200000000002,1,1.01
24.08.2021 00:12:54.224,109.685,109.68100000000001,1.95,2.51
24.08.2021 00:12:55.704,109.68100000000001,109.679,1.2,1
24.08.2021 00:12:55.805,109.68,109.678,1.5,1
24.08.2021 00:12:55.856,109.679,109.676,1.5,1.57
24.08.2021 00:12:56.210,109.679,109.675,2.7,2.51
24.08.2021 00:12:57.288,109.679,109.676,1.95,1
24.08.2021 00:13:08.625,109.68100000000001,109.675,2.89,1.57
24.08.2021 00:13:11.477,109.68,109.676,1.5,2.91
24.08.2021 00:13:27.396,109.68,109.676,1.2,2.51
24.08.2021 00:13:31.625,109.68,109.676,1.2,3.89
24.08.2021 00:13:34.111,109.68,109.676,1.2,2.51
24.08.2021 00:13:34.324,109.68,109.676,2.39,2.32
24.08.2021 00:13:34.426,109.68,109.676,1.2,2.51
24.08.2021 00:13:39.889,109.68,109.676,1.5,2.72
24.08.2021 00:13:40.345,109.68,109.676,1.95,2.32
24.08.2021 00:14:00.978,109.68,109.676,2.25,2.72
24.08.2021 00:14:05.726,109.68,109.676,1.95,2.32
24.08.2021 00:14:05.827,109.68,109.676,1.5,2.72
24.08.2021 00:14:07.152,109.68,109.676,1.95,2.51
24.08.2021 00:14:07.304,109.68,109.676,1.5,2.72
24.08.2021 00:14:12.921,109.68,109.676,1.95,2.51
24.08.2021 00:14:13.346,109.679,109.676,1,1.57
24.08.2021 00:14:13.873,109.68,109.676,2.25,2.72
24.08.2021 00:14:42.127,109.68,109.676,1.39,2.32
24.08.2021 00:14:42.229,109.679,109.676,1.25,1.57
24.08.2021 00:15:05.172,109.68,109.676,2.14,1.57
24.08.2021 00:15:30.044,109.68100000000001,109.675,1.97,1.69
24.08.2021 00:15:50.870,109.68100000000001,109.68,1.5,1
24.08.2021 00:15:50.921,109.684,109.68,1.97,2.25
24.08.2021 00:15:51.023,109.685,109.68100000000001,3.66,1.5
24.08.2021 00:15:56.453,109.685,109.68200000000002,1.97,1
24.08.2021 00:15:59.520,109.685,109.68200000000002,1.1,1
24.08.2021 00:16:30.610,109.686,109.68299999999999,1.1,1
24.08.2021 00:16:30.711,109.68700000000001,109.684,3.07,1
24.08.2021 00:16:30.813,109.68700000000001,109.68299999999999,4.41,2.25
24.08.2021 00:16:56.457,109.68700000000001,109.686,1.94,1
24.08.2021 00:16:56.508,109.69,109.68700000000001,1.8,1.5
24.08.2021 00:16:56.614,109.691,109.68799999999999,1.1,1.5
24.08.2021 00:16:56.766,109.693,109.689,4.41,3
24.08.2021 00:16:56.816,109.693,109.691,1.87,1.5
24.08.2021 00:16:56.918,109.698,109.693,2.29,1
24.08.2021 00:16:57.019,109.697,109.693,2.54,2.25
24.08.2021 00:16:57.120,109.697,109.693,1.76,2.32
24.08.2021 00:17:00.588,109.698,109.694,2.29,1
24.08.2021 00:17:01.137,109.697,109.693,1.25,1
24.08.2021 00:17:01.359,109.69600000000001,109.693,1.39,1.5
24.08.2021 00:17:08.974,109.697,109.693,2.32,2.32
24.08.2021 00:17:11.397,109.699,109.69600000000001,1.7,1
24.08.2021 00:17:11.448,109.7,109.69600000000001,3.49,1.5
24.08.2021 00:17:11.499,109.70100000000001,109.698,1.8,1.5
24.08.2021 00:17:11.549,109.699,109.69600000000001,3.26,1
24.08.2021 00:17:11.651,109.699,109.69500000000001,3.26,1.57
24.08.2021 00:17:11.752,109.699,109.69500000000001,4.07,2.7
24.08.2021 00:17:11.853,109.699,109.693,2.14,2.7
24.08.2021 00:17:11.954,109.698,109.69500000000001,2.14,1
24.08.2021 00:17:13.420,109.699,109.69600000000001,4.59,1
24.08.2021 00:17:13.522,109.699,109.69500000000001,2.14,1.95
24.08.2021 00:17:14.033,109.699,109.69500000000001,3.41,1.5
24.08.2021 00:17:14.185,109.699,109.693,1.39,1.95
24.08.2021 00:17:15.267,109.7,109.697,4.72,1.5
24.08.2021 00:17:15.369,109.70200000000001,109.698,1.3,1.95
24.08.2021 00:17:15.470,109.70299999999999,109.7,1.2,1
24.08.2021 00:17:15.572,109.706,109.7,4.35,1
24.08.2021 00:17:15.673,109.706,109.7,2.7,2.14
24.08.2021 00:17:15.775,109.705,109.70100000000001,1.5,1.97
24.08.2021 00:17:15.876,109.706,109.70200000000001,1.95,1.1
24.08.2021 00:17:16.389,109.705,109.70100000000001,1.76,1.57
24.08.2021 00:17:16.518,109.705,109.70100000000001,1.31,1.97
24.08.2021 00:17:18.505,109.705,109.70100000000001,1.1,1.57
24.08.2021 00:17:20.757,109.704,109.70100000000001,1.39,1
24.08.2021 00:17:22.720,109.704,109.7,2.14,1.57
24.08.2021 00:17:23.786,109.70299999999999,109.699,4.52,1.57
24.08.2021 00:17:25.445,109.70100000000001,109.698,1,1.1
24.08.2021 00:17:25.546,109.7,109.697,1.5,2.02
24.08.2021 00:17:25.798,109.70100000000001,109.69500000000001,2.7,2.14
24.08.2021 00:17:26.304,109.7,109.69500000000001,1,1.39
24.08.2021 00:17:26.411,109.7,109.698,1.87,1
24.08.2021 00:17:26.513,109.70100000000001,109.698,1.2,1
24.08.2021 00:17:26.616,109.70200000000001,109.699,1,1.1
24.08.2021 00:17:26.717,109.70299999999999,109.699,2.89,2.32
24.08.2021 00:17:29.459,109.70299999999999,109.698,1,1.1
24.08.2021 00:17:30.997,109.7,109.697,1.5,1.1
24.08.2021 00:17:31.099,109.699,109.69600000000001,1,2.96
24.08.2021 00:17:34.356,109.70100000000001,109.698,1.5,1.1
24.08.2021 00:17:34.457,109.70200000000001,109.698,2.14,3.07
24.08.2021 00:17:34.559,109.70200000000001,109.7,1.5,1
24.08.2021 00:17:36.437,109.70200000000001,109.699,1.5,1.1
24.08.2021 00:17:39.342,109.705,109.704,1,1
24.08.2021 00:17:39.443,109.70700000000001,109.704,1.39,1
24.08.2021 00:17:39.494,109.709,109.705,2.7,2.25
24.08.2021 00:17:39.847,109.709,109.706,1,1
24.08.2021 00:17:41.424,109.706,109.704,1.12,1.2
24.08.2021 00:17:41.526,109.706,109.70100000000001,1,2.77
24.08.2021 00:17:41.627,109.70200000000001,109.7,1,1.25
24.08.2021 00:17:41.728,109.70200000000001,109.698,2.44,4.27
24.08.2021 00:17:43.949,109.70200000000001,109.698,3.39,2.32
24.08.2021 00:17:56.776,109.70200000000001,109.699,2.64,1
24.08.2021 00:17:56.878,109.70299999999999,109.7,1.39,1
24.08.2021 00:17:56.979,109.705,109.70200000000001,1,1.1
24.08.2021 00:17:57.081,109.70700000000001,109.70200000000001,1.54,1
24.08.2021 00:17:57.182,109.70700000000001,109.704,3.14,1
24.08.2021 00:17:59.458,109.708,109.704,1,1
24.08.2021 00:17:59.560,109.709,109.706,1.95,1
24.08.2021 00:18:00.887,109.71100000000001,109.709,1,1
24.08.2021 00:18:00.989,109.712,109.709,1.2,1
24.08.2021 00:18:01.090,109.713,109.71000000000001,1.95,1
24.08.2021 00:18:01.192,109.714,109.71000000000001,2.7,2.32
24.08.2021 00:18:01.293,109.714,109.712,1,1
24.08.2021 00:18:02.419,109.714,109.71100000000001,1.95,1
24.08.2021 00:18:03.177,109.714,109.71100000000001,2.95,1
24.08.2021 00:18:07.134,109.714,109.71000000000001,4.97,1.5
24.08.2021 00:18:07.236,109.712,109.709,1,1.95
24.08.2021 00:18:07.568,109.71000000000001,109.708,1,1
24.08.2021 00:18:09.374,109.71000000000001,109.70700000000001,1,1.95
24.08.2021 00:18:09.526,109.71100000000001,109.708,1.1,1
24.08.2021 00:18:09.678,109.713,109.708,4.16,2.7
24.08.2021 00:18:09.880,109.713,109.709,3.29,1
24.08.2021 00:18:09.931,109.714,109.71000000000001,2.51,2.7
24.08.2021 00:18:11.050,109.714,109.71100000000001,1.76,1
24.08.2021 00:18:11.151,109.713,109.71000000000001,1.57,1
24.08.2021 00:18:11.253,109.714,109.71000000000001,2.51,2.7
24.08.2021 00:18:11.768,109.713,109.71000000000001,1.39,1.5
24.08.2021 00:18:11.819,109.71100000000001,109.709,1,1.2
24.08.2021 00:18:11.921,109.71100000000001,109.708,1.57,1
24.08.2021 00:18:12.022,109.71100000000001,109.708,2.95,1
24.08.2021 00:18:12.484,109.709,109.708,1,1
24.08.2021 00:18:12.534,109.709,109.706,1,1.95
24.08.2021 00:18:15.289,109.71000000000001,109.704,1.76,1.95
24.08.2021 00:18:15.391,109.708,109.704,1.01,2.7
24.08.2021 00:18:15.598,109.709,109.705,1.76,1.95
24.08.2021 00:18:15.700,109.709,109.705,1.69,2.85
24.08.2021 00:18:25.260,109.71000000000001,109.70700000000001,2.2,1
24.08.2021 00:18:28.601,109.71000000000001,109.70700000000001,1.25,1
24.08.2021 00:18:34.266,109.71000000000001,109.706,1.25,1.95
24.08.2021 00:18:55.142,109.709,109.705,1,2.85
24.08.2021 00:18:55.423,109.709,109.705,1,2.7
24.08.2021 00:18:55.677,109.708,109.705,1,2.7
24.08.2021 00:18:56.394,109.709,109.705,1,2.7
24.08.2021 00:18:56.445,109.70700000000001,109.704,1.5,1.12
24.08.2021 00:18:56.548,109.705,109.70200000000001,1.25,3.15
24.08.2021 00:19:00.209,109.706,109.705,1,1
24.08.2021 00:19:00.311,109.708,109.706,1.69,1
24.08.2021 00:19:03.321,109.709,109.706,1,1.5
24.08.2021 00:19:11.593,109.71100000000001,109.705,1.5,2.7
24.08.2021 00:19:11.694,109.71000000000001,109.70700000000001,1.5,1.2
24.08.2021 00:20:06.800,109.71000000000001,109.706,1.5,2.7
24.08.2021 00:20:12.149,109.71000000000001,109.70700000000001,1.5,1
24.08.2021 00:20:12.251,109.71000000000001,109.70700000000001,2.5,1
24.08.2021 00:20:12.352,109.71000000000001,109.706,2.5,3
24.08.2021 00:20:13.003,109.71100000000001,109.705,2.44,3
24.08.2021 00:20:15.716,109.71100000000001,109.70700000000001,1.87,3.45
24.08.2021 00:20:15.868,109.712,109.708,4.69,1.95
24.08.2021 00:20:15.969,109.712,109.71100000000001,1,1
24.08.2021 00:20:16.070,109.715,109.709,4.45,1.95
24.08.2021 00:20:19.292,109.714,109.71100000000001,1.75,1.95
24.08.2021 00:20:19.394,109.71600000000001,109.71000000000001,3.25,1.95
24.08.2021 00:20:22.613,109.715,109.712,1.25,1.2
24.08.2021 00:20:22.765,109.71700000000001,109.71100000000001,2.7,2.7
24.08.2021 00:20:27.915,109.71600000000001,109.712,1.2,2.2
24.08.2021 00:20:37.864,109.71700000000001,109.712,1,2.2
24.08.2021 00:20:38.150,109.719,109.71700000000001,1,1
24.08.2021 00:20:38.253,109.72200000000001,109.71799999999999,2.1,2.89
24.08.2021 00:20:38.304,109.72200000000001,109.71799999999999,1.5,2.89
24.08.2021 00:20:38.405,109.723,109.719,3.07,1.69
24.08.2021 00:20:38.506,109.72200000000001,109.719,1,1.25
24.08.2021 00:20:41.362,109.72200000000001,109.71799999999999,1,3.64
24.08.2021 00:20:43.791,109.723,109.71799999999999,3.45,2.89
24.08.2021 00:20:44.994,109.723,109.719,3.45,1.25
24.08.2021 00:20:47.233,109.72200000000001,109.719,1,1
24.08.2021 00:20:52.989,109.724,109.71799999999999,3.82,1
24.08.2021 00:20:55.677,109.723,109.719,2.25,2.95
24.08.2021 00:20:56.218,109.724,109.72,1.57,1.69
24.08.2021 00:20:56.269,109.72500000000001,109.72200000000001,2,1
24.08.2021 00:20:56.371,109.726,109.72200000000001,2.59,1.95
24.08.2021 00:20:57.408,109.726,109.723,1,1.69
24.08.2021 00:20:57.560,109.727,109.723,1,2.14
24.08.2021 00:20:57.812,109.727,109.724,1,1
24.08.2021 00:20:57.929,109.728,109.724,1.2,1
24.08.2021 00:20:58.753,109.728,109.72500000000001,1,1.25
24.08.2021 00:20:58.854,109.729,109.72500000000001,3.07,1.25
24.08.2021 00:20:59.021,109.728,109.72500000000001,1,1.25
24.08.2021 00:21:01.691,109.727,109.724,1,1.75
24.08.2021 00:21:04.374,109.727,109.724,1,1.25
24.08.2021 00:21:07.124,109.726,109.723,1,2.95
24.08.2021 00:21:10.781,109.724,109.72,3.45,8.67
24.08.2021 00:21:10.887,109.723,109.72,1.95,2.7
24.08.2021 00:21:10.938,109.721,109.72,1,1.2
24.08.2021 00:21:11.040,109.721,109.719,1,1.1
24.08.2021 00:21:11.495,109.721,109.719,1,1.35
24.08.2021 00:21:11.597,109.721,109.71799999999999,1,2.95
24.08.2021 00:21:14.936,109.721,109.71799999999999,1,1
24.08.2021 00:21:20.867,109.721,109.71700000000001,2.72,1.25
24.08.2021 00:21:21.069,109.72,109.71799999999999,1.1,1.25
24.08.2021 00:21:21.221,109.72200000000001,109.71700000000001,1,1
24.08.2021 00:21:23.720,109.72200000000001,109.71799999999999,2.7,1
24.08.2021 00:21:31.341,109.721,109.71700000000001,2.72,1.25
24.08.2021 00:21:31.644,109.72200000000001,109.71799999999999,2.72,1.69
24.08.2021 00:21:36.589,109.72200000000001,109.719,1.1,2.5
24.08.2021 00:21:37.860,109.723,109.719,1.57,3.7
24.08.2021 00:21:40.884,109.724,109.72,1.2,3.7
24.08.2021 00:21:41.565,109.72500000000001,109.721,1.2,1.57
24.08.2021 00:21:43.096,109.72500000000001,109.72200000000001,1.2,1
24.08.2021 00:21:46.074,109.72500000000001,109.721,1,1.95
24.08.2021 00:21:47.667,109.727,109.723,2.7,1.57
24.08.2021 00:22:33.114,109.727,109.724,1.95,1
24.08.2021 00:22:47.014,109.729,109.72500000000001,3.45,1.76
24.08.2021 00:22:47.115,109.729,109.726,2.7,1.25
24.08.2021 00:22:48.128,109.73100000000001,109.726,3.37,2.51
24.08.2021 00:22:48.229,109.73100000000001,109.728,1.2,1.57
24.08.2021 00:22:48.330,109.73299999999999,109.728,2.7,3.7
24.08.2021 00:22:50.632,109.73299999999999,109.729,1.5,2.22
24.08.2021 00:23:07.983,109.73100000000001,109.729,1,1.25
24.08.2021 00:23:09.750,109.729,109.726,2.7,3.9
24.08.2021 00:23:09.851,109.727,109.726,1,1.2
24.08.2021 00:23:09.953,109.727,109.72500000000001,1,2.14
24.08.2021 00:23:17.787,109.73200000000001,109.729,2.47,1.2
24.08.2021 00:23:17.888,109.73200000000001,109.73,1.5,1.25
24.08.2021 00:23:17.990,109.73299999999999,109.73100000000001,1,1.25
24.08.2021 00:23:18.458,109.73299999999999,109.729,1.95,2.57
24.08.2021 00:23:23.179,109.73200000000001,109.729,1.95,1.25
24.08.2021 00:23:23.281,109.73299999999999,109.727,2.7,1.76
24.08.2021 00:23:23.382,109.73100000000001,109.726,1,1.82
24.08.2021 00:23:23.483,109.73,109.726,1,3.72
24.08.2021 00:23:28.271,109.73100000000001,109.727,2.7,1.01
24.08.2021 00:23:28.883,109.73100000000001,109.727,1.5,1.79
24.08.2021 00:23:31.321,109.73,109.727,1,1.34
24.08.2021 00:23:31.423,109.73100000000001,109.727,2.25,2.16
24.08.2021 00:23:31.524,109.73,109.727,1.5,1.1
24.08.2021 00:23:34.232,109.73100000000001,109.727,2.25,2.72
24.08.2021 00:23:36.085,109.73100000000001,109.727,2.7,1.2
24.08.2021 00:23:38.096,109.73100000000001,109.727,1.5,2.35
24.08.2021 00:23:41.527,109.729,109.727,1,1.2
24.08.2021 00:23:41.578,109.73100000000001,109.727,2.25,1.85
24.08.2021 00:23:50.647,109.73200000000001,109.726,1.95,2.14
24.08.2021 00:23:50.750,109.73100000000001,109.727,1.5,2.29
24.08.2021 00:23:51.208,109.729,109.726,1,2.29
24.08.2021 00:23:51.310,109.729,109.726,1,1.2
24.08.2021 00:23:51.462,109.73,109.727,1,1.6
24.08.2021 00:23:54.967,109.73,109.727,1,2.1
24.08.2021 00:24:00.968,109.729,109.727,1,1.2
24.08.2021 00:24:01.694,109.73100000000001,109.727,1.5,2.29
24.08.2021 00:24:03.681,109.73100000000001,109.729,1,1
24.08.2021 00:24:05.047,109.73100000000001,109.728,1,1.2
24.08.2021 00:24:06.025,109.73100000000001,109.727,1,1.91
24.08.2021 00:24:13.985,109.73100000000001,109.727,1,3.04
24.08.2021 00:24:19.386,109.73100000000001,109.727,1,3.79
24.08.2021 00:24:20.949,109.735,109.73,1,2.39
24.08.2021 00:24:21.053,109.734,109.73,1,3.89
24.08.2021 00:24:21.154,109.73299999999999,109.73,1,2.39
24.08.2021 00:24:21.256,109.73299999999999,109.73,1.5,2.14
24.08.2021 00:24:22.307,109.73299999999999,109.727,1,4.04
24.08.2021 00:24:22.799,109.73200000000001,109.728,1.5,2.14
24.08.2021 00:24:30.419,109.73100000000001,109.726,3.25,3.97
24.08.2021 00:24:30.521,109.728,109.726,1,1
24.08.2021 00:24:30.622,109.727,109.724,1,1.95
24.08.2021 00:24:31.026,109.727,109.723,1.69,1.95
24.08.2021 00:24:31.571,109.72200000000001,109.721,1,1
24.08.2021 00:24:31.672,109.72200000000001,109.719,1,3.97
24.08.2021 00:24:31.773,109.723,109.719,1,3.97
24.08.2021 00:24:31.874,109.723,109.72,1,2.85
24.08.2021 00:24:33.713,109.724,109.72,1.25,3.79
24.08.2021 00:24:34.706,109.723,109.719,2.44,3.07
24.08.2021 00:24:34.808,109.723,109.719,1.69,2.85
24.08.2021 00:24:35.011,109.723,109.72,1.25,2.1
24.08.2021 00:24:35.974,109.72500000000001,109.72,3.25,3.22
24.08.2021 00:24:36.025,109.727,109.72,2.44,4.72
24.08.2021 00:24:36.128,109.726,109.721,2.44,4.35
24.08.2021 00:24:40.565,109.723,109.721,1,1
24.08.2021 00:24:40.667,109.723,109.72,1,1
24.08.2021 00:24:50.735,109.72200000000001,109.72,1,1.2
24.08.2021 00:24:50.837,109.72200000000001,109.719,1,1.95
24.08.2021 00:24:50.938,109.721,109.71799999999999,1,1.95
24.08.2021 00:24:51.541,109.721,109.71700000000001,2.44,1.2
24.08.2021 00:25:01.496,109.723,109.72,1.7,2.25
24.08.2021 00:25:01.599,109.72500000000001,109.72200000000001,1.5,1.2
24.08.2021 00:25:01.701,109.726,109.723,1,1.2
24.08.2021 00:25:09.455,109.726,109.724,1,1
24.08.2021 00:25:20.585,109.728,109.723,1.25,1
24.08.2021 00:25:20.687,109.729,109.726,1.35,1
24.08.2021 00:25:20.788,109.729,109.728,1.25,1
24.08.2021 00:25:20.890,109.73,109.727,1.25,1
24.08.2021 00:25:20.992,109.73,109.729,1,1
24.08.2021 00:25:21.094,109.73100000000001,109.73,1.25,1
24.08.2021 00:25:21.246,109.73100000000001,109.728,1.12,1.2
24.08.2021 00:25:21.348,109.73100000000001,109.728,2.69,1
24.08.2021 00:25:21.576,109.73100000000001,109.73,1,1
24.08.2021 00:25:22.612,109.73299999999999,109.73100000000001,1.69,1
24.08.2021 00:25:35.293,109.73700000000001,109.735,3.26,1
24.08.2021 00:25:35.395,109.738,109.736,1.85,1
24.08.2021 00:25:35.447,109.739,109.73700000000001,1,1
24.08.2021 00:25:35.802,109.738,109.73700000000001,1.25,1
24.08.2021 00:25:40.004,109.738,109.736,1.25,1
24.08.2021 00:25:44.296,109.739,109.736,1.69,1
24.08.2021 00:25:47.842,109.74000000000001,109.736,3.19,1.95
24.08.2021 00:25:49.287,109.739,109.736,1,1.95
24.08.2021 00:25:49.798,109.738,109.736,1.25,1.5
24.08.2021 00:25:53.318,109.739,109.736,1.69,1.5
24.08.2021 00:25:53.470,109.74000000000001,109.736,3.19,1.5
24.08.2021 00:25:53.622,109.739,109.736,1,1.5
24.08.2021 00:25:54.025,109.738,109.736,1,1.5
24.08.2021 00:26:01.935,109.739,109.736,3.19,1
24.08.2021 00:26:02.840,109.738,109.736,1.25,1
24.08.2021 00:26:14.042,109.74000000000001,109.735,3.26,1
24.08.2021 00:26:17.115,109.74000000000001,109.73700000000001,2.25,1.2
24.08.2021 00:26:17.555,109.74000000000001,109.736,3,3.45
24.08.2021 00:26:20.850,109.739,109.736,1,1.5
24.08.2021 00:26:21.054,109.738,109.736,1,1
24.08.2021 00:26:21.206,109.738,109.735,1,1.5
24.08.2021 00:26:22.183,109.738,109.735,1.75,1.5
24.08.2021 00:26:25.092,109.73700000000001,109.734,1.25,1.57
24.08.2021 00:26:27.504,109.736,109.73299999999999,2.5,1.1
24.08.2021 00:26:27.605,109.73299999999999,109.73100000000001,1,2.32
24.08.2021 00:26:27.656,109.735,109.73100000000001,2.44,1.95
24.08.2021 00:26:27.960,109.735,109.73100000000001,1.5,2.47
24.08.2021 00:26:28.480,109.736,109.73,2.25,2.32
24.08.2021 00:26:30.915,109.734,109.73100000000001,1,1.2
24.08.2021 00:26:31.297,109.734,109.73,1.5,1.57
24.08.2021 00:26:38.611,109.73299999999999,109.73,1.69,1.5
24.08.2021 00:26:38.714,109.73200000000001,109.729,1,2.32
24.08.2021 00:26:38.866,109.73200000000001,109.728,2.44,1.95
24.08.2021 00:26:39.220,109.73100000000001,109.728,1.25,1.2
24.08.2021 00:26:39.324,109.73200000000001,109.728,2.44,1.2
24.08.2021 00:26:40.503,109.73100000000001,109.728,1,1.2
24.08.2021 00:26:40.605,109.73200000000001,109.726,1,1.57
24.08.2021 00:26:40.706,109.73100000000001,109.727,2.5,1.57
24.08.2021 00:26:41.220,109.73,109.727,1.75,1.1
24.08.2021 00:26:41.912,109.727,109.726,1,1
24.08.2021 00:26:42.015,109.726,109.723,1,2.92
24.08.2021 00:26:42.117,109.72500000000001,109.723,1,1.95
24.08.2021 00:26:42.270,109.72500000000001,109.72200000000001,1.25,1.2
24.08.2021 00:26:42.837,109.724,109.721,1.25,2.32
24.08.2021 00:26:42.989,109.721,109.719,1,1
24.08.2021 00:26:43.090,109.724,109.721,1,1.2
24.08.2021 00:26:43.242,109.726,109.721,1,1.6
24.08.2021 00:26:43.394,109.726,109.723,1,1.6
24.08.2021 00:26:43.496,109.726,109.72500000000001,1,1
24.08.2021 00:26:44.284,109.726,109.724,1.25,1.2
24.08.2021 00:26:44.385,109.726,109.723,1.25,1.2
24.08.2021 00:26:44.488,109.724,109.72200000000001,1,1.2
24.08.2021 00:26:44.590,109.724,109.723,1,1
24.08.2021 00:26:49.438,109.72500000000001,109.721,1,1.95
24.08.2021 00:26:51.453,109.723,109.721,1,1.12
24.08.2021 00:26:51.555,109.72200000000001,109.719,1,2.1
24.08.2021 00:26:51.656,109.723,109.719,1.95,1.95
24.08.2021 00:26:51.943,109.721,109.71799999999999,1,2.1
24.08.2021 00:26:52.095,109.723,109.719,2.7,1.2
24.08.2021 00:26:53.660,109.723,109.72,2.44,1.2
24.08.2021 00:26:54.258,109.723,109.72,1,3.22
24.08.2021 00:26:54.359,109.724,109.72,2.44,4.8
24.08.2021 00:26:55.203,109.723,109.72,1,3.3
24.08.2021 00:26:55.355,109.724,109.72,2.44,4.05
24.08.2021 00:26:56.600,109.72200000000001,109.72,1,2.03
24.08.2021 00:26:56.903,109.72200000000001,109.719,2.44,1.2
24.08.2021 00:26:57.111,109.721,109.719,1,1.2
24.08.2021 00:26:57.315,109.72200000000001,109.719,1.25,1.95
24.08.2021 00:26:59.227,109.72200000000001,109.719,1.5,1.6
24.08.2021 00:26:59.328,109.723,109.719,1.5,2.1
24.08.2021 00:27:00.272,109.72200000000001,109.719,1,1.95
24.08.2021 00:27:00.374,109.721,109.71799999999999,1,2.32
24.08.2021 00:27:00.475,109.72,109.719,1,1.25
24.08.2021 00:27:00.576,109.72,109.71799999999999,1,1.39
24.08.2021 00:27:00.729,109.72200000000001,109.719,1,1.1
24.08.2021 00:27:00.831,109.723,109.719,2.7,2.39
24.08.2021 00:27:01.134,109.721,109.719,1,1.39
24.08.2021 00:27:01.286,109.72,109.71799999999999,1,1.39
24.08.2021 00:27:01.691,109.72,109.71799999999999,1,2.39
24.08.2021 00:27:02.357,109.72200000000001,109.719,1.5,1.64
24.08.2021 00:27:02.508,109.723,109.719,1.5,2.76
24.08.2021 00:27:03.780,109.724,109.721,1,1.64
24.08.2021 00:27:03.882,109.724,109.721,1,1.01
24.08.2021 00:27:03.983,109.72500000000001,109.719,1,4.87
24.08.2021 00:27:04.135,109.723,109.721,1,1.25
24.08.2021 00:27:04.236,109.723,109.72,1.5,2.2
24.08.2021 00:27:04.388,109.72200000000001,109.719,1,3.29
24.08.2021 00:27:06.573,109.721,109.71799999999999,1.5,1.2
24.08.2021 00:27:06.775,109.72,109.71799999999999,1,1.2
24.08.2021 00:27:07.780,109.721,109.71799999999999,1,1.2
24.08.2021 00:27:07.882,109.72200000000001,109.71799999999999,2.62,1.6
24.08.2021 00:27:10.911,109.72,109.71799999999999,1,1.6
24.08.2021 00:27:11.012,109.72,109.71799999999999,1,1.2
24.08.2021 00:27:11.366,109.72,109.71799999999999,1,1.2
24.08.2021 00:27:12.573,109.719,109.71700000000001,1,1.2
24.08.2021 00:27:13.414,109.71799999999999,109.715,1,3.29
24.08.2021 00:27:16.377,109.71799999999999,109.715,1,3.64
24.08.2021 00:27:17.293,109.71799999999999,109.715,1,3.97
24.08.2021 00:27:17.394,109.71799999999999,109.71600000000001,1,3.29
24.08.2021 00:27:17.496,109.72,109.71600000000001,1.5,2.54
24.08.2021 00:27:23.533,109.72,109.71600000000001,3.26,1.2
24.08.2021 00:27:27.435,109.719,109.715,1,2.29
24.08.2021 00:27:28.361,109.719,109.71600000000001,1,2.29
24.08.2021 00:27:35.363,109.719,109.71600000000001,1,2.14
24.08.2021 00:27:43.500,109.721,109.715,1.95,2.89
24.08.2021 00:27:45.229,109.719,109.71600000000001,1,2.89
24.08.2021 00:27:48.019,109.72,109.71600000000001,2.32,3.64
24.08.2021 00:27:50.610,109.72,109.71600000000001,2.32,3.7
24.08.2021 00:27:51.540,109.72200000000001,109.71799999999999,2.47,4.79
24.08.2021 00:27:51.641,109.72200000000001,109.71799999999999,1,4.41
24.08.2021 00:27:51.924,109.723,109.72,1,1.95
24.08.2021 00:27:52.025,109.724,109.72,3.26,1.95
24.08.2021 00:27:52.126,109.724,109.72,3.41,1.5
24.08.2021 00:27:52.278,109.723,109.719,1.2,2.89
24.08.2021 00:27:54.571,109.724,109.721,1.2,1
24.08.2021 00:27:54.673,109.724,109.72,1.95,2.14
24.08.2021 00:27:54.775,109.723,109.72,1,1.39
24.08.2021 00:27:54.928,109.723,109.719,1.2,2.89
24.08.2021 00:27:56.770,109.72500000000001,109.72,1.5,1.2
24.08.2021 00:27:56.872,109.72500000000001,109.72200000000001,1.84,1
24.08.2021 00:27:59.391,109.724,109.72,1,2.89
24.08.2021 00:27:59.651,109.723,109.72,1,1
24.08.2021 00:27:59.768,109.723,109.719,1,2.89
24.08.2021 00:28:01.104,109.724,109.72,3.34,1.5
24.08.2021 00:28:01.205,109.724,109.721,1.69,1
24.08.2021 00:28:01.651,109.723,109.719,1,2.64
24.08.2021 00:28:01.752,109.723,109.719,1,2.14
24.08.2021 00:28:01.954,109.72200000000001,109.719,1,2.14
24.08.2021 00:28:03.714,109.724,109.719,3.34,2.89
24.08.2021 00:28:04.145,109.724,109.72,3.34,2.44
24.08.2021 00:28:04.197,109.724,109.72200000000001,1.5,1.25
24.08.2021 00:28:04.299,109.726,109.723,1.85,1.2
24.08.2021 00:28:04.351,109.727,109.723,1.5,3.32
24.08.2021 00:28:06.877,109.728,109.724,1.5,1.2
24.08.2021 00:28:13.523,109.727,109.724,1,1.25
24.08.2021 00:28:14.448,109.727,109.726,1,1.5
24.08.2021 00:28:46.965,109.727,109.72500000000001,1,1
24.08.2021 00:28:49.475,109.727,109.724,1,2.14
24.08.2021 00:30:00.962,109.728,109.724,1.1,2.89
24.08.2021 00:30:01.171,109.728,109.724,3.85,1
24.08.2021 00:30:01.273,109.728,109.723,3.85,2.14
24.08.2021 00:30:08.748,109.726,109.723,1,1.2
24.08.2021 00:30:12.816,109.726,109.72200000000001,1.57,2.89
24.08.2021 00:30:14.070,109.726,109.723,1.1,1
24.08.2021 00:30:14.223,109.726,109.723,1,4.26
24.08.2021 00:30:14.327,109.723,109.721,1,1
24.08.2021 00:30:14.429,109.721,109.72,1,1.25
24.08.2021 00:30:14.481,109.721,109.71799999999999,1,1.5
24.08.2021 00:30:14.735,109.721,109.71700000000001,1.69,1.5
24.08.2021 00:30:16.672,109.72,109.71700000000001,1,1.69
24.08.2021 00:30:16.774,109.72,109.71700000000001,1,2.16
24.08.2021 00:30:17.916,109.71600000000001,109.714,1,3.9
24.08.2021 00:30:18.018,109.715,109.712,1,1.39
24.08.2021 00:30:18.120,109.71600000000001,109.71100000000001,1,1.89
24.08.2021 00:30:18.486,109.715,109.712,1,1.39
24.08.2021 00:30:21.310,109.714,109.71100000000001,1,2.95
24.08.2021 00:30:22.046,109.714,109.71100000000001,1,2.89
24.08.2021 00:30:23.270,109.713,109.71000000000001,1,2.14
24.08.2021 00:30:25.328,109.714,109.71000000000001,1.87,2.89
24.08.2021 00:30:33.102,109.715,109.71100000000001,2.94,1.2
24.08.2021 00:30:33.203,109.715,109.71100000000001,2.44,1.2
24.08.2021 00:30:38.884,109.715,109.712,2.25,1.25
24.08.2021 00:30:48.273,109.715,109.71100000000001,1.2,3.26
24.08.2021 00:30:50.335,109.714,109.71100000000001,1.2,1
24.08.2021 00:30:52.154,109.714,109.712,1,1.25
24.08.2021 00:30:52.421,109.714,109.71100000000001,1,1.76
24.08.2021 00:31:04.111,109.714,109.71000000000001,3.22,1.5
24.08.2021 00:31:06.113,109.712,109.709,1.5,1.57
24.08.2021 00:31:06.215,109.71100000000001,109.70700000000001,1.95,3.71
24.08.2021 00:31:06.417,109.709,109.70700000000001,1,1.25
24.08.2021 00:31:06.519,109.71000000000001,109.705,1.5,1.76
24.08.2021 00:31:14.808,109.712,109.71000000000001,1.12,1.5
24.08.2021 00:31:14.910,109.714,109.71000000000001,2.42,3.19
24.08.2021 00:31:15.012,109.714,109.71100000000001,1.1,1.69
24.08.2021 00:31:15.317,109.715,109.71100000000001,1,1.25
24.08.2021 00:31:15.514,109.714,109.71100000000001,1,2.14
24.08.2021 00:31:21.194,109.715,109.71100000000001,2.32,2.89
24.08.2021 00:31:21.346,109.715,109.712,1.1,1.69
24.08.2021 00:32:03.520,109.715,109.713,1.1,1.25
24.08.2021 00:32:03.831,109.71799999999999,109.71600000000001,3.37,2.51
24.08.2021 00:32:03.933,109.72,109.71700000000001,2.1,1.76
24.08.2021 00:32:04.034,109.72,109.71700000000001,1,1.76
24.08.2021 00:32:04.904,109.721,109.71700000000001,1.95,3.26
24.08.2021 00:32:05.005,109.72200000000001,109.71700000000001,1.2,1
24.08.2021 00:32:29.962,109.724,109.719,1,2.51
24.08.2021 00:32:30.064,109.726,109.723,2.55,1
24.08.2021 00:32:30.166,109.726,109.723,1.2,1.5
24.08.2021 00:32:32.943,109.727,109.724,1.2,1
24.08.2021 00:32:33.044,109.728,109.724,2.4,2.51
24.08.2021 00:32:33.146,109.728,109.72500000000001,1.2,1.01
24.08.2021 00:32:33.703,109.729,109.72500000000001,2.7,2.57
24.08.2021 00:32:34.754,109.73,109.724,2.7,1.76
24.08.2021 00:32:40.340,109.73,109.729,1.5,1
24.08.2021 00:32:40.391,109.73200000000001,109.73,1.65,1
24.08.2021 00:32:40.544,109.73299999999999,109.73,1.2,1
24.08.2021 00:32:41.100,109.73299999999999,109.73,1.6,1.5
24.08.2021 00:32:43.693,109.73299999999999,109.729,2.1,2.25
24.08.2021 00:32:51.257,109.73200000000001,109.727,5.32,3.62
24.08.2021 00:32:51.309,109.73200000000001,109.727,5.47,3.64
24.08.2021 00:32:51.410,109.73,109.727,3.22,1.2
24.08.2021 00:32:51.512,109.73,109.727,1.95,1.25
24.08.2021 00:32:51.613,109.73100000000001,109.728,1.2,1.5
24.08.2021 00:32:52.709,109.73299999999999,109.729,3.82,2.57
24.08.2021 00:32:52.861,109.73299999999999,109.73,1,1.82
24.08.2021 00:32:55.187,109.734,109.73,1.2,2.57
24.08.2021 00:33:01.245,109.736,109.73,3.45,1.01
24.08.2021 00:33:02.462,109.735,109.73100000000001,2.7,1.82
24.08.2021 00:33:15.025,109.736,109.73200000000001,1.95,1.82
24.08.2021 00:33:15.177,109.73700000000001,109.73299999999999,2.7,1.01
24.08.2021 00:33:27.516,109.735,109.73200000000001,1.2,1
24.08.2021 00:33:27.668,109.735,109.73,1.2,2.89
24.08.2021 00:33:27.769,109.734,109.73100000000001,2.1,1
24.08.2021 00:33:27.870,109.73200000000001,109.729,3.22,1.95
24.08.2021 00:33:27.971,109.73100000000001,109.728,2.1,1
24.08.2021 00:33:28.325,109.73100000000001,109.727,4.35,1.25
24.08.2021 00:33:28.427,109.73,109.726,1.72,2.44
24.08.2021 00:33:29.112,109.729,109.727,1.2,1
24.08.2021 00:33:29.218,109.73100000000001,109.727,2.1,1
24.08.2021 00:33:30.279,109.73200000000001,109.729,1.95,1
24.08.2021 00:33:39.086,109.73200000000001,109.727,2.7,3.72
24.08.2021 00:33:39.195,109.73200000000001,109.727,2.85,3.32
24.08.2021 00:33:39.502,109.73200000000001,109.727,2.85,2.51
24.08.2021 00:33:39.871,109.73,109.727,1,1.01
24.08.2021 00:33:40.023,109.728,109.724,1.2,4.52
24.08.2021 00:33:40.125,109.728,109.72500000000001,1.2,1.25
24.08.2021 00:33:41.911,109.729,109.72500000000001,1.95,2.57
24.08.2021 00:33:42.012,109.729,109.726,1,2.57
24.08.2021 00:33:43.754,109.73,109.726,2.7,3.32
24.08.2021 00:33:57.883,109.73100000000001,109.728,2.1,1
24.08.2021 00:34:08.653,109.73100000000001,109.728,1.2,1
24.08.2021 00:34:12.592,109.73100000000001,109.729,1,1
24.08.2021 00:34:12.643,109.73299999999999,109.73,1.95,1
24.08.2021 00:34:13.320,109.73299999999999,109.73,1.6,1
24.08.2021 00:34:15.961,109.73299999999999,109.73,1.2,1
24.08.2021 00:34:19.251,109.734,109.73100000000001,1.6,1
24.08.2021 00:34:19.352,109.735,109.73100000000001,1.6,2.44
24.08.2021 00:34:19.453,109.735,109.73100000000001,1.2,3.32
24.08.2021 00:34:24.828,109.736,109.734,1.12,1.57
24.08.2021 00:34:24.879,109.739,109.735,2.1,1.69
24.08.2021 00:34:24.980,109.739,109.736,1.2,1.25
24.08.2021 00:34:25.674,109.74000000000001,109.736,2.1,2.5
24.08.2021 00:34:33.059,109.74000000000001,109.736,1.95,2.57
24.08.2021 00:34:33.167,109.74000000000001,109.736,2.85,2.5
24.08.2021 00:34:49.226,109.739,109.735,1.2,3.32
24.08.2021 00:35:01.404,109.739,109.736,2.85,1
24.08.2021 00:35:01.606,109.736,109.73299999999999,2.7,1.57
24.08.2021 00:35:01.708,109.736,109.73200000000001,4.35,1.69
24.08.2021 00:35:01.758,109.734,109.73100000000001,1.6,1.31
24.08.2021 00:35:01.859,109.734,109.73100000000001,1.2,1.25
24.08.2021 00:35:01.961,109.734,109.73,1.6,2.25
24.08.2021 00:35:03.183,109.73299999999999,109.729,1.2,3.26
24.08.2021 00:35:03.443,109.73299999999999,109.73,1.2,1
24.08.2021 00:35:06.343,109.73100000000001,109.729,1,1.76
24.08.2021 00:35:06.394,109.73,109.726,1.97,3.37
24.08.2021 00:35:06.495,109.727,109.72500000000001,1,1.5
24.08.2021 00:35:06.853,109.728,109.724,3.97,1.69
24.08.2021 00:35:12.265,109.726,109.723,1,1.01
24.08.2021 00:35:12.366,109.72500000000001,109.72200000000001,1.2,1.25
24.08.2021 00:35:17.530,109.726,109.72200000000001,1.95,2.51
24.08.2021 00:35:19.056,109.726,109.724,1,1
24.08.2021 00:35:19.158,109.727,109.724,1.95,1
24.08.2021 00:35:19.520,109.727,109.723,1.2,4.09
24.08.2021 00:35:28.405,109.727,109.723,1,4.04
24.08.2021 00:35:29.512,109.727,109.723,1.2,2.89
24.08.2021 00:35:48.519,109.727,109.724,1.5,2.01
24.08.2021 00:35:49.074,109.727,109.724,1.5,1.01
24.08.2021 00:36:19.989,109.726,109.723,1.5,1.01
24.08.2021 00:36:22.259,109.727,109.723,2.7,1.76
24.08.2021 00:36:41.182,109.727,109.724,1.5,2.82
24.08.2021 00:36:41.233,109.729,109.726,1.12,1.39
24.08.2021 00:36:41.334,109.73,109.728,1.2,1.25
24.08.2021 00:36:41.435,109.73100000000001,109.728,1,1.25
24.08.2021 00:36:43.912,109.734,109.73200000000001,1,2.14
24.08.2021 00:36:44.014,109.73700000000001,109.734,1.1,1.25
24.08.2021 00:36:44.166,109.73700000000001,109.73299999999999,1.95,1.39
24.08.2021 00:36:45.692,109.738,109.73299999999999,2.32,6.11
24.08.2021 00:37:06.857,109.736,109.73299999999999,1.1,1.5
24.08.2021 00:37:06.959,109.735,109.73200000000001,1,2.59
24.08.2021 00:37:08.148,109.734,109.73200000000001,1,1
24.08.2021 00:37:16.360,109.734,109.73100000000001,1.57,1.5
24.08.2021 00:37:16.462,109.73299999999999,109.73100000000001,1,1
24.08.2021 00:37:16.564,109.73200000000001,109.726,1.5,2.45
24.08.2021 00:37:16.666,109.729,109.727,1,1.2
24.08.2021 00:37:16.768,109.727,109.72500000000001,1,1
24.08.2021 00:37:21.999,109.728,109.723,1,1.25
24.08.2021 00:37:24.544,109.726,109.724,1,1.25
24.08.2021 00:37:26.417,109.727,109.724,1,1
24.08.2021 00:37:31.322,109.724,109.723,1,1
24.08.2021 00:37:31.372,109.726,109.72200000000001,2.7,1.76
24.08.2021 00:37:31.474,109.726,109.721,1,1.1
24.08.2021 00:37:41.110,109.723,109.721,1,1
24.08.2021 00:37:42.641,109.724,109.721,1.5,1.01
24.08.2021 00:37:47.499,109.72500000000001,109.721,2.7,2.76
24.08.2021 00:37:47.601,109.726,109.723,1.5,1.1
24.08.2021 00:37:47.704,109.727,109.723,1,4.66
24.08.2021 00:37:47.805,109.729,109.724,1.57,1
24.08.2021 00:37:47.957,109.729,109.72500000000001,2.7,1.76
24.08.2021 00:37:48.109,109.729,109.726,1.95,1
24.08.2021 00:37:48.361,109.73,109.726,3.64,1.1
24.08.2021 00:37:48.463,109.73,109.727,1.5,1.1
24.08.2021 00:37:48.564,109.73200000000001,109.728,2.25,2.16
24.08.2021 00:37:50.872,109.73200000000001,109.728,1.95,2.32
24.08.2021 00:37:50.973,109.73,109.726,1,5.99
24.08.2021 00:37:51.075,109.73100000000001,109.72500000000001,1.2,2.51
24.08.2021 00:37:52.169,109.73,109.726,1,5.04
24.08.2021 00:37:53.271,109.73200000000001,109.728,1.95,1.57
24.08.2021 00:37:53.372,109.73299999999999,109.728,1.2,1
24.08.2021 00:38:01.397,109.73100000000001,109.728,1.2,1.5
24.08.2021 00:38:01.498,109.73100000000001,109.728,2.1,1
24.08.2021 00:38:01.599,109.73,109.727,1.2,1
24.08.2021 00:38:02.497,109.73,109.728,1.2,1
24.08.2021 00:38:02.649,109.73100000000001,109.729,1,1
24.08.2021 00:38:02.750,109.73299999999999,109.73,2.1,1
24.08.2021 00:38:10.267,109.734,109.729,1.95,1
24.08.2021 00:38:15.267,109.73299999999999,109.729,1.95,2.51
24.08.2021 00:38:15.368,109.73299999999999,109.729,3.22,1.69
24.08.2021 00:38:29.235,109.73100000000001,109.728,1.2,1
24.08.2021 00:38:29.337,109.73100000000001,109.72500000000001,1.95,3.15
24.08.2021 00:38:29.439,109.729,109.72500000000001,1.95,3.26
24.08.2021 00:38:43.052,109.729,109.726,1.5,1.39
24.08.2021 00:38:43.154,109.73,109.726,1.95,2.14
24.08.2021 00:38:43.256,109.73,109.726,1.5,3.29
24.08.2021 00:38:43.899,109.73100000000001,109.727,2.7,1.39
24.08.2021 00:38:45.940,109.73299999999999,109.727,3.54,1.95
24.08.2021 00:39:00.815,109.73200000000001,109.729,1.2,1
24.08.2021 00:39:12.239,109.73299999999999,109.729,1.95,2.89
24.08.2021 00:39:32.299,109.734,109.729,1.2,1
24.08.2021 00:39:44.001,109.73299999999999,109.727,1.2,2.89
24.08.2021 00:39:44.203,109.73200000000001,109.728,3.04,1.5
24.08.2021 00:39:44.610,109.73200000000001,109.728,1.65,2.14
24.08.2021 00:39:44.661,109.734,109.73200000000001,1.12,1.25
24.08.2021 00:39:44.763,109.735,109.73200000000001,1,1.57
24.08.2021 00:39:44.864,109.738,109.73100000000001,4.41,1.57
24.08.2021 00:39:44.968,109.738,109.735,2.59,1
24.08.2021 00:39:45.120,109.739,109.735,2.14,2.32
24.08.2021 00:39:46.081,109.739,109.736,1.2,1
24.08.2021 00:39:47.027,109.74000000000001,109.736,1.95,1.69
24.08.2021 00:39:55.370,109.738,109.735,1,1.57
24.08.2021 00:39:55.573,109.738,109.734,1.95,2.32
24.08.2021 00:40:00.579,109.738,109.736,1.2,1
24.08.2021 00:40:00.682,109.74000000000001,109.73700000000001,3.22,1
24.08.2021 00:40:00.885,109.741,109.73700000000001,3.04,1
24.08.2021 00:40:00.986,109.741,109.73700000000001,1.95,1.1
24.08.2021 00:40:01.576,109.742,109.74000000000001,2.25,1
24.08.2021 00:40:01.677,109.743,109.741,1,1
24.08.2021 00:40:04.565,109.745,109.741,2.91,1.5
24.08.2021 00:40:04.666,109.745,109.741,1.76,1.95
24.08.2021 00:40:05.869,109.745,109.743,1.2,1
24.08.2021 00:40:07.675,109.74600000000001,109.743,1.2,1
24.08.2021 00:40:07.776,109.74600000000001,109.743,1.6,1
24.08.2021 00:40:08.152,109.74600000000001,109.742,1.6,2.25
24.08.2021 00:40:12.827,109.74600000000001,109.742,1.57,1.95
24.08.2021 00:40:21.244,109.74600000000001,109.742,4.72,1
24.08.2021 00:40:21.446,109.745,109.741,2.47,1
24.08.2021 00:40:21.547,109.745,109.74000000000001,3.22,1.69
24.08.2021 00:40:21.648,109.744,109.74000000000001,4.91,1
24.08.2021 00:40:24.794,109.743,109.74000000000001,1.2,1.5
24.08.2021 00:40:24.896,109.744,109.741,1.2,1
24.08.2021 00:40:25.047,109.745,109.741,1.95,2.7
24.08.2021 00:40:25.516,109.745,109.741,1.95,3.7
24.08.2021 00:40:28.076,109.745,109.742,2.29,1
24.08.2021 00:40:28.877,109.745,109.742,1.2,1
24.08.2021 00:40:35.899,109.74600000000001,109.742,1.2,1.2
24.08.2021 00:41:01.828,109.745,109.742,1,1.2
24.08.2021 00:41:20.384,109.74600000000001,109.742,1.57,1.39
24.08.2021 00:42:10.620,109.745,109.741,1,4.22
24.08.2021 00:42:16.101,109.74700000000001,109.741,1.57,2.14
24.08.2021 00:42:32.026,109.74600000000001,109.743,1,1
24.08.2021 00:42:48.149,109.749,109.745,1,1.1
24.08.2021 00:42:48.250,109.749,109.74700000000001,1,1
24.08.2021 00:42:48.352,109.75,109.74700000000001,1,1.01
24.08.2021 00:42:50.669,109.751,109.74700000000001,1.95,1.76
24.08.2021 00:42:50.770,109.751,109.74799999999999,1.2,1
24.08.2021 00:42:50.872,109.751,109.74700000000001,1.2,1.76
24.08.2021 00:42:51.177,109.751,109.74700000000001,2.1,1.69
24.08.2021 00:42:51.379,109.75200000000001,109.74600000000001,2.32,1.76
24.08.2021 00:42:51.531,109.75200000000001,109.74600000000001,2.1,1.69
24.08.2021 00:42:51.633,109.75200000000001,109.74700000000001,1.2,1
24.08.2021 00:42:55.860,109.751,109.74700000000001,1.95,1.76
24.08.2021 00:43:01.032,109.751,109.74799999999999,1.2,1
24.08.2021 00:43:09.567,109.75200000000001,109.749,1,1.01
24.08.2021 00:43:09.821,109.75200000000001,109.75,1,1.25
24.08.2021 00:43:11.818,109.75200000000001,109.749,1,1.01
24.08.2021 00:43:23.676,109.75200000000001,109.74799999999999,1.1,2.14
24.08.2021 00:43:26.728,109.75,109.74700000000001,1.1,1.75
24.08.2021 00:43:26.930,109.75,109.74700000000001,1.1,1.69
24.08.2021 00:43:37.481,109.75,109.74600000000001,1.57,2.89
24.08.2021 00:43:42.677,109.75,109.74700000000001,1.1,1
24.08.2021 00:43:55.772,109.751,109.74600000000001,1.22,1
24.08.2021 00:44:00.015,109.75,109.74600000000001,1.97,2.44
24.08.2021 00:44:02.119,109.74799999999999,109.74600000000001,1.25,1
24.08.2021 00:44:02.170,109.74700000000001,109.744,1.1,5.32
24.08.2021 00:44:02.271,109.74600000000001,109.744,1,1.95
24.08.2021 00:44:02.373,109.74600000000001,109.743,1,1.2
24.08.2021 00:44:11.031,109.74600000000001,109.742,1.1,3.64
24.08.2021 00:44:14.209,109.745,109.742,1.1,1.5
24.08.2021 00:44:52.106,109.74600000000001,109.74000000000001,1.1,2.7
24.08.2021 00:44:52.360,109.744,109.741,1.1,1
24.08.2021 00:45:44.508,109.743,109.741,1,1.5
24.08.2021 00:45:45.212,109.742,109.74000000000001,1,1.5
24.08.2021 00:45:45.263,109.74000000000001,109.73700000000001,1,1.2
24.08.2021 00:45:45.416,109.738,109.736,1,1.5
24.08.2021 00:45:46.225,109.739,109.734,1,2.44
24.08.2021 00:45:46.433,109.73700000000001,109.735,1,1.5
24.08.2021 00:45:47.129,109.73700000000001,109.734,1,1
24.08.2021 00:45:47.287,109.73700000000001,109.73299999999999,1,3.64
24.08.2021 00:45:47.389,109.73700000000001,109.734,1,1
24.08.2021 00:45:47.702,109.73700000000001,109.73299999999999,1,2.7
24.08.2021 00:45:49.076,109.73700000000001,109.73200000000001,1,1
24.08.2021 00:45:49.228,109.736,109.734,1,1
24.08.2021 00:45:49.707,109.736,109.73299999999999,1,1.57
24.08.2021 00:45:49.900,109.736,109.734,1,1
24.08.2021 00:45:52.143,109.736,109.73299999999999,1,1.5
24.08.2021 00:45:52.294,109.735,109.73299999999999,1,1
24.08.2021 00:45:52.720,109.73700000000001,109.73200000000001,1,1
24.08.2021 00:45:53.794,109.735,109.73200000000001,1,1
24.08.2021 00:45:53.896,109.734,109.73100000000001,1,2.77
24.08.2021 00:45:53.997,109.73299999999999,109.73100000000001,1,1
24.08.2021 00:45:55.465,109.73299999999999,109.729,1.1,2.44
24.08.2021 00:45:56.334,109.73299999999999,109.73,1,1
24.08.2021 00:45:56.850,109.73299999999999,109.729,1,3.64
24.08.2021 00:45:57.235,109.73299999999999,109.73,1,1
24.08.2021 00:45:57.749,109.73299999999999,109.729,1,3.64
24.08.2021 00:45:58.002,109.73299999999999,109.73,1,1
24.08.2021 00:45:58.518,109.73200000000001,109.73,1,1
24.08.2021 00:45:58.986,109.73100000000001,109.729,1,1.69
24.08.2021 00:46:11.964,109.73299999999999,109.729,1.5,1.5
24.08.2021 00:46:25.469,109.73200000000001,109.729,1,1
24.08.2021 00:46:27.421,109.73200000000001,109.728,1,4.39
24.08.2021 00:46:28.462,109.73200000000001,109.729,1,1.25
24.08.2021 00:46:28.564,109.73299999999999,109.729,1.2,2.51
24.08.2021 00:46:28.615,109.736,109.73100000000001,1.57,3.19
24.08.2021 00:46:28.716,109.73700000000001,109.73299999999999,2.45,2.44
24.08.2021 00:46:29.019,109.73700000000001,109.73299999999999,1.41,3.89
24.08.2021 00:46:29.070,109.73700000000001,109.73299999999999,1.2,3.51
24.08.2021 00:46:32.792,109.738,109.735,1.6,1
24.08.2021 00:46:32.893,109.738,109.735,1,1
24.08.2021 00:46:34.024,109.738,109.736,1,1
24.08.2021 00:46:42.079,109.74000000000001,109.736,2.66,1
24.08.2021 00:46:44.417,109.74000000000001,109.736,1.12,3.51
24.08.2021 00:46:44.519,109.742,109.738,1.6,1.5
24.08.2021 00:46:55.372,109.741,109.74000000000001,1,1
24.08.2021 00:46:55.474,109.741,109.739,1,1
24.08.2021 00:47:12.405,109.742,109.73700000000001,1,1.95
24.08.2021 00:47:18.069,109.743,109.73700000000001,1.5,3.07
24.08.2021 00:47:21.077,109.742,109.739,1,1
24.08.2021 00:47:21.179,109.743,109.74000000000001,1.1,1
24.08.2021 00:47:21.504,109.742,109.739,1.1,1.5
24.08.2021 00:47:21.857,109.742,109.738,1.97,1.5
24.08.2021 00:47:21.958,109.74000000000001,109.738,1.1,1
24.08.2021 00:47:22.009,109.74000000000001,109.736,1.1,4.65
24.08.2021 00:47:22.110,109.741,109.736,2.14,2.72
24.08.2021 00:47:22.701,109.741,109.736,2.29,2.25
24.08.2021 00:47:31.675,109.74000000000001,109.736,4.16,1
24.08.2021 00:47:56.178,109.739,109.735,1,1
24.08.2021 00:48:03.247,109.739,109.734,1,1
24.08.2021 00:48:08.423,109.73700000000001,109.734,1,2.14
24.08.2021 00:48:08.773,109.735,109.73299999999999,1,1.2
24.08.2021 00:48:08.875,109.735,109.73200000000001,1,1.01
24.08.2021 00:48:08.976,109.735,109.73100000000001,1.2,2.51
24.08.2021 00:48:09.077,109.73299999999999,109.73100000000001,1,1.76
24.08.2021 00:48:17.296,109.73299999999999,109.73,1,1.76
24.08.2021 00:48:20.446,109.73200000000001,109.729,1,2.91
24.08.2021 00:48:21.135,109.73299999999999,109.729,1,3.66
24.08.2021 00:48:23.588,109.734,109.73,1.95,2.51
24.08.2021 00:48:46.987,109.734,109.729,3.6,2.51
24.08.2021 00:48:57.991,109.73200000000001,109.729,1,1.1
24.08.2021 00:48:58.093,109.73200000000001,109.73,1,1
24.08.2021 00:48:59.255,109.73200000000001,109.73,1.2,1
24.08.2021 00:48:59.485,109.73200000000001,109.73,1.2,1
24.08.2021 00:49:01.603,109.734,109.73100000000001,1.95,1.25
24.08.2021 00:49:01.705,109.735,109.73100000000001,1.95,1.76
24.08.2021 00:49:01.756,109.73700000000001,109.73299999999999,2.25,1
24.08.2021 00:49:01.859,109.73700000000001,109.734,1.42,1
24.08.2021 00:49:01.960,109.73700000000001,109.735,1,1
24.08.2021 00:49:02.061,109.738,109.735,1,1.76
24.08.2021 00:49:02.213,109.738,109.735,1,1.82
24.08.2021 00:49:02.314,109.739,109.735,1.1,3.32
24.08.2021 00:49:02.416,109.74000000000001,109.736,1.95,1.35
24.08.2021 00:49:07.012,109.743,109.74000000000001,1.12,1.01
24.08.2021 00:49:07.114,109.744,109.742,1,1
24.08.2021 00:49:09.022,109.745,109.742,1.1,1
24.08.2021 00:49:10.066,109.745,109.742,1.22,1
24.08.2021 00:49:10.598,109.744,109.741,1.1,1
24.08.2021 00:49:11.336,109.742,109.738,1.97,4.01
24.08.2021 00:49:11.942,109.741,109.73700000000001,1.1,2.7
24.08.2021 00:49:13.461,109.742,109.738,1.57,2.14
24.08.2021 00:49:13.562,109.743,109.739,1.57,2.14
24.08.2021 00:49:21.043,109.744,109.74000000000001,1.57,2.89
24.08.2021 00:49:21.144,109.745,109.74000000000001,1.1,1
24.08.2021 00:49:21.246,109.745,109.741,1.1,2.14
24.08.2021 00:49:21.400,109.745,109.741,1.1,2.95
24.08.2021 00:49:35.568,109.744,109.741,1,2.2
24.08.2021 00:49:36.155,109.744,109.741,1,2.14
24.08.2021 00:49:37.998,109.744,109.74000000000001,1.76,2.7
24.08.2021 00:49:40.129,109.744,109.74000000000001,2.57,2.7
24.08.2021 00:49:46.180,109.741,109.739,1.01,1
24.08.2021 00:49:46.281,109.739,109.73700000000001,1,1.2
24.08.2021 00:49:46.383,109.738,109.736,1,1
24.08.2021 00:49:46.484,109.738,109.735,1,1.2
24.08.2021 00:50:02.137,109.738,109.734,3.26,1.2
24.08.2021 00:50:02.239,109.735,109.73200000000001,1,1.2
24.08.2021 00:50:02.341,109.734,109.729,1.57,2.14
24.08.2021 00:50:02.648,109.73200000000001,109.73,1,1
24.08.2021 00:50:02.750,109.73299999999999,109.73,2.32,1
24.08.2021 00:50:03.623,109.73299999999999,109.729,3.07,2.14
24.08.2021 00:50:03.726,109.73200000000001,109.728,1.57,1.39
24.08.2021 00:50:04.082,109.73100000000001,109.728,1,1.39
24.08.2021 00:50:13.193,109.73299999999999,109.727,2.32,1.39
24.08.2021 00:50:13.295,109.73200000000001,109.727,1.01,1
24.08.2021 00:50:13.397,109.729,109.727,1.5,1
24.08.2021 00:50:13.499,109.728,109.72500000000001,1,2.14
24.08.2021 00:50:21.768,109.728,109.726,1,1
24.08.2021 00:50:33.328,109.728,109.724,1,6.17
24.08.2021 00:50:34.573,109.728,109.726,1,1.39
24.08.2021 00:50:34.674,109.728,109.72500000000001,1,1.39
24.08.2021 00:50:41.179,109.728,109.72500000000001,1,1.85
24.08.2021 00:50:41.230,109.73100000000001,109.727,2.64,1.57
24.08.2021 00:50:41.332,109.73100000000001,109.728,1,1.2
24.08.2021 00:50:41.484,109.73100000000001,109.727,1.95,2.14
24.08.2021 00:50:41.586,109.73,109.726,2.14,2.4
24.08.2021 00:50:41.687,109.728,109.72500000000001,1,2.14
24.08.2021 00:50:43.370,109.728,109.726,1,1.39
24.08.2021 00:50:45.302,109.73,109.726,1,3.41
24.08.2021 00:50:45.403,109.73100000000001,109.727,1,2.85
24.08.2021 00:50:45.656,109.73100000000001,109.727,1.2,1.95
24.08.2021 00:50:45.807,109.73,109.726,1.2,2.89
24.08.2021 00:50:47.491,109.73100000000001,109.727,1.95,1.39
24.08.2021 00:50:47.542,109.73100000000001,109.729,1,1
24.08.2021 00:50:47.744,109.73200000000001,109.73,1,1.39
24.08.2021 00:50:47.997,109.73299999999999,109.73,1,2.14
24.08.2021 00:50:49.444,109.735,109.73100000000001,2.7,3.14
24.08.2021 00:50:50.375,109.735,109.73299999999999,1,1
24.08.2021 00:50:50.685,109.73700000000001,109.734,1.2,1
24.08.2021 00:50:50.837,109.738,109.734,1.95,3.89
24.08.2021 00:50:53.526,109.738,109.734,1.2,2.14
24.08.2021 00:50:53.629,109.73700000000001,109.734,1.2,1.5
24.08.2021 00:50:55.605,109.736,109.73299999999999,1.2,1
24.08.2021 00:50:56.177,109.736,109.73200000000001,1.2,1.95
24.08.2021 00:51:02.627,109.735,109.73200000000001,2.44,1.2
24.08.2021 00:51:11.676,109.734,109.73100000000001,1.69,1.1
24.08.2021 00:51:11.828,109.734,109.73,2.89,1.57
24.08.2021 00:51:11.980,109.73299999999999,109.73,1,1.1
24.08.2021 00:51:16.487,109.73299999999999,109.729,2.89,1.57
24.08.2021 00:51:16.588,109.73200000000001,109.728,1.45,2.51
24.08.2021 00:51:16.993,109.728,109.72500000000001,1,3.17
24.08.2021 00:51:17.214,109.73,109.72500000000001,2.89,2.72
24.08.2021 00:51:18.002,109.73,109.72500000000001,4.54,2.32
24.08.2021 00:51:21.102,109.728,109.724,1.25,2.72
24.08.2021 00:51:26.476,109.727,109.72500000000001,1,1.1
24.08.2021 00:51:26.628,109.727,109.724,1.5,1.1
24.08.2021 00:51:30.040,109.727,109.726,1,1
24.08.2021 00:51:33.609,109.726,109.724,1,1.1
24.08.2021 00:51:34.304,109.726,109.724,1,1.1
24.08.2021 00:51:34.456,109.727,109.72500000000001,1,1
24.08.2021 00:51:38.113,109.728,109.72500000000001,2.14,1
24.08.2021 00:51:38.788,109.728,109.727,1.69,1
24.08.2021 00:51:38.839,109.73,109.727,2.14,1
24.08.2021 00:51:38.940,109.73,109.728,1.69,1.5
24.08.2021 00:51:42.891,109.73100000000001,109.73,1.25,1
24.08.2021 00:51:42.993,109.73299999999999,109.729,2.95,1.2
24.08.2021 00:51:43.094,109.734,109.73,1.39,1.2
24.08.2021 00:51:43.296,109.735,109.73299999999999,2.2,1
24.08.2021 00:51:43.397,109.735,109.73299999999999,1.39,1
24.08.2021 00:51:44.201,109.735,109.73299999999999,2.2,1
24.08.2021 00:51:44.482,109.735,109.73299999999999,1.39,1
24.08.2021 00:51:46.154,109.735,109.73299999999999,2.2,1
24.08.2021 00:51:55.558,109.736,109.73299999999999,1.25,1
24.08.2021 00:51:55.660,109.736,109.735,1.25,1
24.08.2021 00:51:56.335,109.73700000000001,109.735,2.14,1
24.08.2021 00:52:00.113,109.73700000000001,109.736,1.25,1
24.08.2021 00:52:00.215,109.736,109.735,1.25,1
24.08.2021 00:52:00.788,109.73700000000001,109.736,1.25,1
24.08.2021 00:52:06.128,109.738,109.736,1,1
24.08.2021 00:52:07.595,109.738,109.736,1.69,1
24.08.2021 00:52:08.401,109.738,109.736,1.25,1
24.08.2021 00:52:09.074,109.74000000000001,109.73700000000001,2.47,1
24.08.2021 00:52:09.175,109.742,109.738,3.64,1
24.08.2021 00:52:09.277,109.743,109.74000000000001,4.91,1
24.08.2021 00:52:09.378,109.745,109.742,3.52,1
24.08.2021 00:52:09.480,109.74600000000001,109.743,5.17,1
24.08.2021 00:52:09.581,109.74600000000001,109.743,3.45,1
24.08.2021 00:52:10.036,109.749,109.74700000000001,1.95,1
24.08.2021 00:52:10.137,109.75,109.74700000000001,1.76,1
24.08.2021 00:52:10.239,109.75,109.74799999999999,1.1,1
24.08.2021 00:52:11.662,109.749,109.74600000000001,1.2,1
24.08.2021 00:52:11.713,109.74600000000001,109.744,1,1.5
24.08.2021 00:52:11.866,109.74799999999999,109.745,1.5,1
24.08.2021 00:52:11.917,109.74799999999999,109.74600000000001,1,1
24.08.2021 00:52:12.020,109.75,109.74600000000001,2.47,1.5
24.08.2021 00:52:12.071,109.75,109.74799999999999,2.32,1
24.08.2021 00:52:12.223,109.75200000000001,109.74799999999999,1.1,1
24.08.2021 00:52:12.324,109.75200000000001,109.749,1.95,1
24.08.2021 00:52:14.228,109.75200000000001,109.749,2.1,1
24.08.2021 00:52:14.330,109.75200000000001,109.74799999999999,2.47,1
24.08.2021 00:52:15.014,109.75200000000001,109.749,1.87,1.5
24.08.2021 00:52:15.115,109.755,109.75200000000001,3.07,1
24.08.2021 00:52:15.419,109.755,109.753,1.1,1
24.08.2021 00:52:15.773,109.756,109.753,1,1
24.08.2021 00:52:17.363,109.757,109.755,1.35,1
24.08.2021 00:52:17.465,109.758,109.755,2.7,1
24.08.2021 00:52:18.220,109.758,109.755,2.1,1
24.08.2021 00:52:20.842,109.756,109.753,1,1.5
24.08.2021 00:52:21.045,109.756,109.754,1,1
24.08.2021 00:52:21.147,109.757,109.755,1,1
24.08.2021 00:52:21.451,109.757,109.756,1,1.25
24.08.2021 00:52:21.719,109.757,109.755,1,1.25
24.08.2021 00:52:21.874,109.758,109.755,1,1
24.08.2021 00:52:21.975,109.757,109.755,1.2,1
24.08.2021 00:52:23.425,109.757,109.754,1.6,1
24.08.2021 00:52:23.730,109.756,109.753,1.2,1
24.08.2021 00:52:25.895,109.756,109.754,1.2,1
24.08.2021 00:52:27.863,109.757,109.755,1,1
24.08.2021 00:52:28.123,109.759,109.754,1.05,1.5
24.08.2021 00:52:28.225,109.757,109.756,1,1
24.08.2021 00:52:28.326,109.757,109.755,1.1,1
24.08.2021 00:52:30.842,109.756,109.755,1,1
24.08.2021 00:52:31.091,109.754,109.753,1,1.5
24.08.2021 00:52:31.142,109.751,109.749,1,2.32
24.08.2021 00:52:31.194,109.753,109.749,1,1.65
24.08.2021 00:52:33.176,109.753,109.751,1,1
24.08.2021 00:52:33.394,109.75200000000001,109.749,1.2,1.25
24.08.2021 00:52:33.546,109.75200000000001,109.75,1.5,1.25
24.08.2021 00:52:39.615,109.75200000000001,109.74799999999999,1.95,2.51
24.08.2021 00:52:39.716,109.75200000000001,109.749,3.82,1.25
24.08.2021 00:52:43.485,109.753,109.749,1.87,1
24.08.2021 00:52:43.870,109.75200000000001,109.749,1.5,1.76
24.08.2021 00:52:43.972,109.75200000000001,109.75,1.5,1
24.08.2021 00:52:47.043,109.75200000000001,109.749,1,2.51
24.08.2021 00:52:47.144,109.75200000000001,109.75,1.87,1
24.08.2021 00:52:47.246,109.75200000000001,109.749,1.87,2.51
24.08.2021 00:52:47.448,109.75200000000001,109.75,1.87,1
24.08.2021 00:52:49.497,109.755,109.753,1.5,1.25
24.08.2021 00:52:49.599,109.757,109.75200000000001,2.02,1.75
24.08.2021 00:52:49.700,109.756,109.753,1,2.14
24.08.2021 00:52:50.300,109.755,109.75200000000001,1,2.14
24.08.2021 00:52:51.135,109.755,109.753,1,1
24.08.2021 00:52:52.267,109.758,109.755,2.25,4.07
24.08.2021 00:52:52.419,109.758,109.754,4.57,3.26
24.08.2021 00:52:52.749,109.759,109.753,4.72,1.5
24.08.2021 00:52:53.334,109.756,109.753,1,1.57
24.08.2021 00:52:53.435,109.757,109.753,1.95,2.51
24.08.2021 00:52:55.546,109.755,109.753,1,1
24.08.2021 00:52:55.800,109.755,109.75200000000001,1,1.1
24.08.2021 00:53:00.286,109.755,109.75200000000001,1,1.82
24.08.2021 00:53:01.182,109.754,109.75200000000001,1,1.82
24.08.2021 00:53:02.184,109.754,109.75200000000001,1,1.01
24.08.2021 00:53:02.285,109.754,109.751,1,2.97
24.08.2021 00:53:02.386,109.753,109.751,1,1.01
24.08.2021 00:53:03.821,109.75200000000001,109.75,1,1.25
24.08.2021 00:53:04.764,109.75200000000001,109.749,1.1,1.25
24.08.2021 00:53:04.866,109.75,109.74700000000001,1,2.35
24.08.2021 00:53:04.968,109.75,109.74700000000001,1,2.59
24.08.2021 00:53:05.242,109.75,109.74600000000001,1.22,1.75
24.08.2021 00:53:05.494,109.751,109.74600000000001,1.22,1.25
24.08.2021 00:53:08.133,109.751,109.74600000000001,1.1,1.25
24.08.2021 00:53:15.025,109.75,109.74600000000001,2.32,3.14
24.08.2021 00:53:18.473,109.751,109.749,1.1,1.5
24.08.2021 00:53:18.626,109.75200000000001,109.749,1.13,2.25
24.08.2021 00:53:18.847,109.75200000000001,109.751,1.06,1
24.08.2021 00:53:18.898,109.754,109.75200000000001,1.01,1
24.08.2021 00:53:19.679,109.755,109.75200000000001,1.39,1
24.08.2021 00:53:19.781,109.756,109.75200000000001,2.14,1.1
24.08.2021 00:53:21.030,109.757,109.754,1.57,1
24.08.2021 00:53:21.131,109.759,109.75200000000001,4.61,1.57
24.08.2021 00:53:30.028,109.758,109.75200000000001,2.29,1.5
24.08.2021 00:53:31.501,109.755,109.75200000000001,1,1.57
24.08.2021 00:53:31.754,109.756,109.75200000000001,1.39,1
24.08.2021 00:53:31.855,109.754,109.753,1,1
24.08.2021 00:53:34.352,109.755,109.753,1,1
24.08.2021 00:53:34.981,109.756,109.753,2.14,1
24.08.2021 00:53:36.303,109.756,109.754,1.25,1
24.08.2021 00:53:36.404,109.757,109.754,1.69,1
24.08.2021 00:53:36.790,109.756,109.754,1,1
24.08.2021 00:53:39.739,109.755,109.754,1,1
24.08.2021 00:53:42.088,109.757,109.753,1.2,1
24.08.2021 00:53:42.191,109.755,109.754,1,1
24.08.2021 00:53:42.590,109.756,109.754,1.2,1
24.08.2021 00:53:43.012,109.756,109.754,1.22,1
24.08.2021 00:53:48.426,109.754,109.751,1.97,1
24.08.2021 00:53:48.578,109.753,109.75,1.2,2.44
24.08.2021 00:53:49.520,109.754,109.751,1.22,1
24.08.2021 00:53:54.912,109.754,109.75200000000001,1.1,1.25
24.08.2021 00:53:55.013,109.755,109.75200000000001,1.1,1.69
24.08.2021 00:53:55.165,109.755,109.753,1.1,1.25
24.08.2021 00:53:56.968,109.756,109.753,1.57,1.25
24.08.2021 00:53:57.232,109.756,109.754,1.1,1.69
24.08.2021 00:53:59.175,109.757,109.754,1.1,2.44
24.08.2021 00:54:00.201,109.758,109.754,3.6,2.44
24.08.2021 00:54:00.652,109.758,109.757,1.5,1.25
24.08.2021 00:54:00.753,109.76,109.756,3.17,1.69
24.08.2021 00:54:00.855,109.757,109.755,1.1,1
24.08.2021 00:54:01.057,109.757,109.754,1.22,1
24.08.2021 00:54:01.158,109.756,109.753,1.1,1.5
24.08.2021 00:54:01.361,109.754,109.75200000000001,1,1
24.08.2021 00:54:01.462,109.753,109.751,1,1.69
24.08.2021 00:54:02.395,109.753,109.75,1,2.14
24.08.2021 00:54:03.225,109.75200000000001,109.75,1,1.69
24.08.2021 00:54:03.327,109.751,109.749,1.5,1.25
24.08.2021 00:54:03.429,109.75,109.74799999999999,1.1,1.25
24.08.2021 00:54:03.532,109.749,109.74700000000001,1,1.25
24.08.2021 00:54:03.634,109.749,109.745,1.1,2.95
24.08.2021 00:54:03.735,109.74799999999999,109.744,1,1
24.08.2021 00:54:03.836,109.74700000000001,109.744,1.1,2.44
24.08.2021 00:54:04.038,109.745,109.743,1,2.14
24.08.2021 00:54:05.409,109.74600000000001,109.744,1,1.45
24.08.2021 00:54:05.460,109.74799999999999,109.744,1.57,1.45
24.08.2021 00:54:07.548,109.75,109.74799999999999,1,1.75
24.08.2021 00:54:07.649,109.75,109.74799999999999,1,1.25
24.08.2021 00:54:07.902,109.751,109.74600000000001,1.1,1.25
24.08.2021 00:54:08.054,109.749,109.74700000000001,1,1
24.08.2021 00:54:08.155,109.75,109.74700000000001,1.2,1
24.08.2021 00:54:09.070,109.751,109.74700000000001,1,1.5
24.08.2021 00:54:11.377,109.75200000000001,109.749,1.57,1
24.08.2021 00:54:11.529,109.751,109.749,1,1
24.08.2021 00:54:11.631,109.751,109.74700000000001,4.35,2.25
24.08.2021 00:54:11.733,109.751,109.74799999999999,1.57,1.75
24.08.2021 00:54:11.834,109.75200000000001,109.749,1.57,1.75
24.08.2021 00:54:12.037,109.75200000000001,109.749,1.1,1.25
24.08.2021 00:54:12.560,109.754,109.751,4.6,1.25
24.08.2021 00:54:12.763,109.754,109.751,1,1.25
24.08.2021 00:54:13.748,109.754,109.75,2.45,2.51
24.08.2021 00:54:14.257,109.755,109.749,1.95,2.51
24.08.2021 00:54:14.748,109.754,109.751,1.95,1
24.08.2021 00:54:15.607,109.754,109.75,2.7,2.51
24.08.2021 00:54:15.709,109.75200000000001,109.74799999999999,1,2.51
24.08.2021 00:54:17.060,109.75200000000001,109.749,1.2,1.5
24.08.2021 00:54:18.011,109.75200000000001,109.74799999999999,3.6,1.69
24.08.2021 00:54:18.449,109.753,109.75,4.35,1
24.08.2021 00:54:18.551,109.754,109.751,3.65,1.5
24.08.2021 00:54:18.652,109.754,109.751,3.15,1.5
24.08.2021 00:54:20.001,109.754,109.751,3.6,1
24.08.2021 00:54:21.416,109.754,109.751,3.45,1
24.08.2021 00:54:21.907,109.754,109.751,3.6,1
24.08.2021 00:54:28.865,109.753,109.75,1.2,1.5
24.08.2021 00:54:29.365,109.753,109.751,1.12,1
24.08.2021 00:54:29.722,109.753,109.75,1.2,2.25
24.08.2021 00:54:29.975,109.754,109.751,2.66,1
24.08.2021 00:54:30.278,109.757,109.753,1.8,3.64
24.08.2021 00:54:30.380,109.758,109.753,1.95,3.64
24.08.2021 00:54:30.431,109.759,109.755,3.9,1.25
24.08.2021 00:54:30.532,109.759,109.754,2.52,3.85
24.08.2021 00:54:30.925,109.759,109.755,3.45,1.39
24.08.2021 00:54:31.359,109.758,109.754,1.87,2.2
24.08.2021 00:54:31.460,109.756,109.753,2.32,1.31
24.08.2021 00:54:33.020,109.756,109.755,1.12,1.5
24.08.2021 00:54:33.121,109.758,109.755,1.67,1.5
24.08.2021 00:54:33.374,109.759,109.75200000000001,4.04,2.89
24.08.2021 00:54:33.475,109.757,109.754,1.1,1
24.08.2021 00:54:36.179,109.757,109.753,1.1,1.95
24.08.2021 00:54:36.843,109.758,109.755,1.65,1
24.08.2021 00:54:36.944,109.758,109.756,1.1,1
24.08.2021 00:54:37.046,109.759,109.756,1.2,1.25
24.08.2021 00:54:39.040,109.759,109.756,2.35,1
24.08.2021 00:54:39.141,109.759,109.755,2.32,2.7
24.08.2021 00:54:39.243,109.759,109.755,3.47,1.5
24.08.2021 00:54:39.344,109.759,109.755,3.45,1.76
24.08.2021 00:54:39.698,109.759,109.755,2.1,1.69
24.08.2021 00:54:40.013,109.758,109.754,2.7,1.57
24.08.2021 00:54:40.114,109.758,109.754,3.6,1.5
24.08.2021 00:54:40.939,109.756,109.754,1.95,1
24.08.2021 00:54:41.394,109.755,109.751,2.32,2.51
24.08.2021 00:54:41.496,109.755,109.753,1.12,1
24.08.2021 00:54:41.699,109.756,109.751,1.2,1.5
24.08.2021 00:54:43.751,109.757,109.754,1.65,1
24.08.2021 00:54:44.676,109.758,109.754,2.14,1.95
24.08.2021 00:54:44.777,109.758,109.755,1.95,1
24.08.2021 00:54:44.884,109.758,109.754,1.97,1.5
24.08.2021 00:54:44.985,109.757,109.754,2.72,1
24.08.2021 00:54:45.137,109.757,109.754,1.1,1
24.08.2021 00:54:46.610,109.758,109.755,2.32,1.94
24.08.2021 00:54:46.711,109.759,109.754,1.12,1.39
24.08.2021 00:54:48.203,109.757,109.755,1,1
24.08.2021 00:54:48.355,109.757,109.753,1.5,3.1
24.08.2021 00:54:48.457,109.756,109.75200000000001,1.1,2.95
24.08.2021 00:54:48.662,109.757,109.75200000000001,3.1,2.89
24.08.2021 00:54:49.072,109.756,109.75200000000001,1.97,1
24.08.2021 00:54:49.836,109.756,109.751,2.95,2.14
24.08.2021 00:54:49.970,109.754,109.751,1,1.39
24.08.2021 00:54:50.967,109.753,109.751,1,1.01
24.08.2021 00:54:53.812,109.75200000000001,109.749,1,3.72
24.08.2021 00:54:53.964,109.753,109.74700000000001,1,3.91
24.08.2021 00:54:54.217,109.75200000000001,109.749,1.75,1.1
24.08.2021 00:54:54.420,109.751,109.74799999999999,1.25,1.1
24.08.2021 00:54:55.004,109.751,109.749,1.25,1
24.08.2021 00:54:55.308,109.751,109.74700000000001,1.25,3.36
24.08.2021 00:54:55.561,109.751,109.74700000000001,1.75,2.8
24.08.2021 00:54:55.713,109.751,109.74700000000001,2.44,2.72
24.08.2021 00:54:56.999,109.751,109.74600000000001,1.25,1.97
24.08.2021 00:54:57.100,109.751,109.74700000000001,2.89,1.57
24.08.2021 00:54:57.202,109.751,109.74799999999999,1.69,1.1
24.08.2021 00:54:57.606,109.75,109.74799999999999,1.25,1.1
24.08.2021 00:54:57.723,109.751,109.74700000000001,1,2.72
24.08.2021 00:54:59.340,109.75,109.74799999999999,1.25,1
24.08.2021 00:54:59.441,109.75,109.74700000000001,3.7,1
24.08.2021 00:54:59.492,109.75200000000001,109.74600000000001,3.26,1.57
24.08.2021 00:54:59.593,109.751,109.749,1.25,1.57
24.08.2021 00:54:59.795,109.751,109.749,1.25,1.2
24.08.2021 00:54:59.846,109.75200000000001,109.749,1.69,1.2
24.08.2021 00:55:00.161,109.75200000000001,109.74799999999999,1.25,1.57
24.08.2021 00:55:00.212,109.75200000000001,109.749,1.25,2.32
24.08.2021 00:55:00.263,109.754,109.75,3,2.72
24.08.2021 00:55:00.364,109.753,109.75,1.25,1.57
24.08.2021 00:55:00.920,109.75200000000001,109.749,1.39,1
24.08.2021 00:55:01.068,109.75200000000001,109.74799999999999,2.14,1.1
24.08.2021 00:55:01.376,109.75200000000001,109.74799999999999,1.25,1.22
24.08.2021 00:55:02.078,109.751,109.74799999999999,1,1.22
24.08.2021 00:55:02.535,109.751,109.74700000000001,1,4.79
24.08.2021 00:55:02.637,109.749,109.743,6.26,1.27
24.08.2021 00:55:02.688,109.74799999999999,109.74600000000001,2.62,1
24.08.2021 00:55:02.789,109.749,109.74600000000001,1.01,1
24.08.2021 00:55:02.891,109.751,109.74600000000001,2.41,1.95
24.08.2021 00:55:02.992,109.751,109.74799999999999,1.01,1.5
24.08.2021 00:55:03.094,109.75,109.74799999999999,1.25,1
24.08.2021 00:55:05.512,109.75200000000001,109.74799999999999,2.22,1.5
24.08.2021 00:55:05.614,109.75200000000001,109.749,1.35,1.5
24.08.2021 00:55:07.013,109.75200000000001,109.749,1.1,1
24.08.2021 00:55:07.641,109.754,109.751,2.22,1
24.08.2021 00:55:07.742,109.755,109.753,1.35,1
24.08.2021 00:55:07.994,109.755,109.75200000000001,1.35,1
24.08.2021 00:55:08.159,109.755,109.753,1.45,1
24.08.2021 00:55:08.260,109.757,109.754,4.45,1
24.08.2021 00:55:08.412,109.757,109.754,1.39,1
24.08.2021 00:55:08.463,109.759,109.756,2.95,1.1
24.08.2021 00:55:09.020,109.758,109.755,2.2,1
24.08.2021 00:55:09.121,109.756,109.754,1.25,1.1
24.08.2021 00:55:09.172,109.754,109.751,1.25,2.77
24.08.2021 00:55:09.223,109.754,109.753,1.25,1
24.08.2021 00:55:09.274,109.753,109.75,1.25,1.57
24.08.2021 00:55:09.528,109.753,109.749,3.7,1.57
24.08.2021 00:55:11.101,109.75200000000001,109.74799999999999,2.5,2.72
24.08.2021 00:55:12.174,109.75200000000001,109.74799999999999,1.69,2.72
24.08.2021 00:55:12.327,109.75,109.74799999999999,1,1.57
24.08.2021 00:55:12.429,109.751,109.74799999999999,1.69,1.1
24.08.2021 00:55:13.819,109.749,109.74700000000001,1.25,1.1
24.08.2021 00:55:13.972,109.749,109.74700000000001,2.2,1
24.08.2021 00:55:14.073,109.75,109.74700000000001,2.87,1.1
24.08.2021 00:55:15.399,109.749,109.745,1.25,2.72
24.08.2021 00:55:16.139,109.74799999999999,109.745,1,1.97
24.08.2021 00:55:17.171,109.749,109.744,1,1.95
24.08.2021 00:55:17.620,109.74799999999999,109.74600000000001,1,1.2
24.08.2021 00:55:17.671,109.751,109.749,2.57,1
24.08.2021 00:55:18.901,109.751,109.749,2.7,1.5
24.08.2021 00:55:19.003,109.749,109.74700000000001,1.69,1
24.08.2021 00:55:19.532,109.74799999999999,109.74700000000001,1,1
24.08.2021 00:55:20.386,109.74799999999999,109.74600000000001,1,1
24.08.2021 00:55:20.604,109.74799999999999,109.744,1.76,1.95
24.08.2021 00:55:20.705,109.74700000000001,109.744,1,1.95
24.08.2021 00:55:20.807,109.745,109.743,1,1
24.08.2021 00:55:20.908,109.744,109.742,1,1
24.08.2021 00:55:22.416,109.744,109.74000000000001,2.89,2.44
24.08.2021 00:55:25.083,109.745,109.74000000000001,2.14,1
24.08.2021 00:55:25.894,109.745,109.742,2.14,1
24.08.2021 00:55:26.097,109.74600000000001,109.743,1.75,1.95
24.08.2021 00:55:26.198,109.74600000000001,109.744,2.44,1
24.08.2021 00:55:26.299,109.74600000000001,109.744,1.75,1.5
24.08.2021 00:55:26.350,109.74600000000001,109.742,2.95,2.25
24.08.2021 00:55:28.579,109.74600000000001,109.743,2.2,1
24.08.2021 00:55:30.630,109.74700000000001,109.745,1.5,1
24.08.2021 00:55:30.732,109.749,109.74700000000001,1.39,1
24.08.2021 00:55:30.834,109.75,109.74700000000001,1.01,1
24.08.2021 00:55:32.826,109.74799999999999,109.74700000000001,1.25,1
24.08.2021 00:55:32.978,109.74799999999999,109.74600000000001,1.25,1.5
24.08.2021 00:55:33.332,109.749,109.74700000000001,2.25,1
24.08.2021 00:55:33.434,109.751,109.74700000000001,2.57,1.2
24.08.2021 00:55:33.535,109.75200000000001,109.749,1.76,1
24.08.2021 00:55:33.636,109.753,109.75,2.95,1.5
24.08.2021 00:55:35.185,109.753,109.751,1.25,1.5
24.08.2021 00:55:35.387,109.756,109.75,1.76,1.95
24.08.2021 00:55:35.499,109.754,109.751,1.01,1
24.08.2021 00:55:35.600,109.754,109.75,1.76,1.95
24.08.2021 00:55:35.701,109.756,109.753,2.68,1
24.08.2021 00:55:36.522,109.756,109.754,1.01,1
24.08.2021 00:55:38.910,109.757,109.754,1.01,1
24.08.2021 00:55:39.011,109.759,109.754,1.35,1
24.08.2021 00:55:40.342,109.758,109.756,1.82,1
24.08.2021 00:55:41.735,109.759,109.758,1.25,1
24.08.2021 00:55:41.836,109.76100000000001,109.758,2.2,1
24.08.2021 00:55:41.937,109.76200000000001,109.76,2.2,1
24.08.2021 00:55:43.525,109.764,109.759,4.41,1
24.08.2021 00:55:43.802,109.76299999999999,109.759,4.79,2.19
24.08.2021 00:55:44.938,109.76299999999999,109.76100000000001,3.56,1
24.08.2021 00:55:46.675,109.76299999999999,109.759,4.35,2.38
24.08.2021 00:55:46.726,109.76299999999999,109.76100000000001,3.75,1
24.08.2021 00:55:50.568,109.76200000000001,109.76100000000001,1,1
24.08.2021 00:55:51.325,109.76200000000001,109.759,1.2,2.38
24.08.2021 00:55:52.254,109.76200000000001,109.76100000000001,1,1
24.08.2021 00:55:54.676,109.76299999999999,109.76100000000001,1.57,1
24.08.2021 00:55:54.829,109.76200000000001,109.759,1.5,4.33
24.08.2021 00:55:54.930,109.76,109.759,1,2.19
24.08.2021 00:55:55.553,109.76,109.757,1,2.14
24.08.2021 00:55:55.655,109.759,109.756,1,2.14
24.08.2021 00:55:55.756,109.758,109.755,1.1,2.44
24.08.2021 00:55:56.789,109.758,109.754,1.1,2.89
24.08.2021 00:55:57.569,109.758,109.756,1.1,1.25
24.08.2021 00:55:57.671,109.76100000000001,109.758,1.2,1
24.08.2021 00:55:57.873,109.76,109.757,1,2.2
24.08.2021 00:55:57.974,109.759,109.757,1,1.45
24.08.2021 00:55:59.835,109.759,109.756,1,2.95
24.08.2021 00:56:00.866,109.76100000000001,109.756,1.2,1.25
24.08.2021 00:56:01.529,109.759,109.756,1,2.44
24.08.2021 00:56:01.630,109.758,109.756,1,2.44
24.08.2021 00:56:01.961,109.759,109.758,1,1
24.08.2021 00:56:02.011,109.76100000000001,109.758,1.2,1.5
24.08.2021 00:56:02.322,109.76200000000001,109.758,1.69,2.7
24.08.2021 00:56:02.424,109.76200000000001,109.759,1.25,1
24.08.2021 00:56:11.941,109.76299999999999,109.757,1.5,2.89
24.08.2021 00:56:13.890,109.76200000000001,109.758,1,3.79
24.08.2021 00:56:13.991,109.765,109.759,4.26,1
24.08.2021 00:56:38.272,109.764,109.759,4.26,2.7
24.08.2021 00:56:46.619,109.76100000000001,109.758,1,2.02
24.08.2021 00:56:46.720,109.76,109.757,1.95,1.2
24.08.2021 00:56:47.742,109.76100000000001,109.757,1,2.14
24.08.2021 00:57:03.039,109.76100000000001,109.757,1,2.2
24.08.2021 00:57:03.141,109.76200000000001,109.758,2.25,1.39
24.08.2021 00:57:03.394,109.76299999999999,109.759,3.07,2.44
24.08.2021 00:57:04.306,109.759,109.756,1,4.09
24.08.2021 00:57:04.409,109.757,109.756,1,1.2
24.08.2021 00:57:04.511,109.757,109.755,1,1.76
24.08.2021 00:57:05.338,109.759,109.758,1,1.39
24.08.2021 00:57:05.440,109.76,109.759,1.5,1.25
24.08.2021 00:57:05.491,109.76299999999999,109.759,3.22,1.25
24.08.2021 00:57:05.592,109.76299999999999,109.759,2.62,1.25
24.08.2021 00:57:10.732,109.76299999999999,109.76,1,1
24.08.2021 00:57:19.256,109.76299999999999,109.759,1,3.64
24.08.2021 00:57:24.157,109.76100000000001,109.758,2.75,2.7
24.08.2021 00:57:24.259,109.76,109.756,3.07,1.84
24.08.2021 00:57:24.360,109.759,109.755,1,3.04
24.08.2021 00:57:24.512,109.759,109.755,1.12,2.89
24.08.2021 00:57:24.715,109.758,109.755,1,1.2
24.08.2021 00:57:26.097,109.758,109.756,1,1.25
24.08.2021 00:57:26.198,109.759,109.756,1.5,1
24.08.2021 00:57:26.300,109.76100000000001,109.759,1.5,2.5
24.08.2021 00:57:26.402,109.76299999999999,109.758,1.57,2.44
24.08.2021 00:57:26.635,109.76299999999999,109.759,2.32,2.14
24.08.2021 00:57:30.369,109.76100000000001,109.758,1.5,2.32
24.08.2021 00:57:30.472,109.76100000000001,109.758,1.5,2.2
24.08.2021 00:57:30.574,109.76200000000001,109.758,1.5,3.7
24.08.2021 00:57:30.676,109.76299999999999,109.759,3.52,2.89
24.08.2021 00:57:30.981,109.76100000000001,109.759,1,1
24.08.2021 00:57:32.437,109.76,109.755,1.57,1.25
24.08.2021 00:57:32.539,109.758,109.756,1,1
24.08.2021 00:57:32.778,109.758,109.754,1,3.85
24.08.2021 00:57:34.306,109.759,109.755,3.85,1.25
24.08.2021 00:57:34.458,109.757,109.754,1.2,1.25
24.08.2021 00:57:34.610,109.757,109.753,2.32,1.69
24.08.2021 00:57:34.711,109.756,109.753,1.87,1
24.08.2021 00:57:36.316,109.755,109.753,1,1
24.08.2021 00:57:36.853,109.754,109.753,1,1
24.08.2021 00:57:37.055,109.755,109.753,1.2,1
24.08.2021 00:57:37.561,109.756,109.753,1.25,1.5
24.08.2021 00:57:37.990,109.758,109.75200000000001,2.14,2.14
24.08.2021 00:57:38.143,109.757,109.754,1.01,1
24.08.2021 00:57:38.350,109.758,109.756,3.35,1
24.08.2021 00:57:39.197,109.757,109.755,1.76,1
24.08.2021 00:57:39.399,109.756,109.754,1.75,1
24.08.2021 00:57:39.501,109.756,109.755,1,1
24.08.2021 00:57:39.603,109.757,109.755,1.57,1
24.08.2021 00:57:39.756,109.757,109.755,2.01,1
24.08.2021 00:57:39.908,109.757,109.754,2.57,1
24.08.2021 00:57:40.011,109.757,109.755,2.57,1
24.08.2021 00:57:40.112,109.757,109.754,1.76,1.5
24.08.2021 00:57:40.214,109.758,109.753,1.82,1.5
24.08.2021 00:57:40.316,109.757,109.754,1.76,1.5
24.08.2021 00:57:40.418,109.757,109.755,1.01,1
24.08.2021 00:57:40.889,109.758,109.755,1.76,1
24.08.2021 00:57:40.990,109.758,109.756,1.01,1
24.08.2021 00:57:41.092,109.759,109.756,1.25,1.95
24.08.2021 00:57:41.194,109.76,109.759,1,1
24.08.2021 00:57:44.081,109.76100000000001,109.759,1.01,1
24.08.2021 00:57:46.102,109.76100000000001,109.76,1.01,1
24.08.2021 00:57:52.713,109.76200000000001,109.76100000000001,1.25,1
24.08.2021 00:57:52.814,109.76299999999999,109.76100000000001,2.57,1
24.08.2021 00:58:00.708,109.764,109.76100000000001,1.39,1.5
24.08.2021 00:58:00.860,109.766,109.76100000000001,2.77,2.44
24.08.2021 00:58:00.911,109.76700000000001,109.764,2.9,1
24.08.2021 00:58:00.962,109.769,109.765,1.39,1
24.08.2021 00:58:01.316,109.768,109.765,1.56,1
24.08.2021 00:58:02.595,109.766,109.76299999999999,1.39,1.5
24.08.2021 00:58:02.696,109.766,109.76200000000001,3.66,1.5
24.08.2021 00:58:06.957,109.765,109.76200000000001,1.85,1
24.08.2021 00:58:07.058,109.76299999999999,109.76100000000001,1,1.5
24.08.2021 00:58:07.552,109.76299999999999,109.76200000000001,1,1
24.08.2021 00:58:09.031,109.765,109.76200000000001,5.16,1
24.08.2021 00:58:09.380,109.766,109.76200000000001,2.2,1.57
24.08.2021 00:58:09.482,109.76700000000001,109.76200000000001,2.2,1
24.08.2021 00:58:11.035,109.76700000000001,109.76100000000001,3.85,1.5
24.08.2021 00:58:12.200,109.764,109.76200000000001,2.2,1
24.08.2021 00:58:12.302,109.764,109.76100000000001,2.2,1.5
24.08.2021 00:58:14.685,109.764,109.76,1.45,1
24.08.2021 00:58:14.996,109.764,109.759,1.45,1.5
24.08.2021 00:58:16.924,109.76200000000001,109.759,1.45,1.5
24.08.2021 00:58:21.262,109.76299999999999,109.76,1.76,1
24.08.2021 00:58:21.364,109.764,109.76100000000001,3.82,1
24.08.2021 00:58:24.028,109.764,109.76,2.35,2.25
24.08.2021 00:58:33.247,109.76299999999999,109.758,2.2,1
24.08.2021 00:58:33.399,109.76,109.757,3.51,1.95
24.08.2021 00:58:33.551,109.76100000000001,109.755,3.14,2.32
24.08.2021 00:58:33.704,109.76,109.757,3.06,1.57
24.08.2021 00:58:33.805,109.76100000000001,109.757,3.64,1.76
24.08.2021 00:58:33.856,109.76100000000001,109.759,1.69,1
24.08.2021 00:58:35.496,109.76200000000001,109.758,3.7,2.32
24.08.2021 00:58:41.296,109.76100000000001,109.758,2.2,1.5
24.08.2021 00:58:41.398,109.759,109.757,1.25,1.2
24.08.2021 00:58:41.521,109.759,109.756,1.25,1.57
24.08.2021 00:58:42.616,109.759,109.756,3.51,1
24.08.2021 00:58:49.457,109.76,109.758,1.5,1.1
24.08.2021 00:58:49.559,109.76100000000001,109.76,1,1
24.08.2021 00:58:49.661,109.76200000000001,109.76,1,1.57
24.08.2021 00:58:56.587,109.76100000000001,109.758,1.75,1.1
24.08.2021 00:58:56.688,109.76100000000001,109.758,1.25,1.1
24.08.2021 00:58:59.413,109.76100000000001,109.758,2.95,1
24.08.2021 00:58:59.565,109.76,109.757,2.2,1
24.08.2021 00:58:59.666,109.759,109.756,1.25,1.57
24.08.2021 00:59:02.569,109.759,109.756,2.95,1.5
24.08.2021 00:59:04.892,109.758,109.754,2.95,2.32
24.08.2021 00:59:05.195,109.757,109.754,4,1.1
24.08.2021 00:59:05.297,109.755,109.753,1.25,1
24.08.2021 00:59:07.828,109.758,109.75200000000001,4.07,1.1
24.08.2021 00:59:08.136,109.757,109.753,3.07,1.01
24.08.2021 00:59:09.177,109.757,109.754,2.32,1
24.08.2021 00:59:17.540,109.757,109.755,1,1.1
24.08.2021 00:59:17.642,109.758,109.755,1.5,1.01
24.08.2021 00:59:17.744,109.759,109.755,2.32,1.76
24.08.2021 00:59:26.956,109.76100000000001,109.757,1.5,1
24.08.2021 00:59:27.058,109.76,109.757,1,1.1
24.08.2021 00:59:27.159,109.76,109.758,1,1
24.08.2021 00:59:27.260,109.76,109.759,1,1
24.08.2021 00:59:31.997,109.76,109.758,1,1
24.08.2021 00:59:32.985,109.76,109.759,1,1
24.08.2021 00:59:34.389,109.76,109.758,1,1
24.08.2021 00:59:34.492,109.76,109.759,1,1
24.08.2021 00:59:36.429,109.76,109.757,1,1.57
24.08.2021 00:59:36.631,109.759,109.756,1.57,1.25
24.08.2021 00:59:36.732,109.759,109.755,2.32,1.76
24.08.2021 00:59:36.884,109.759,109.756,2.32,1
24.08.2021 00:59:37.035,109.76,109.756,2.7,1.01
24.08.2021 00:59:41.137,109.76,109.757,1.95,1
24.08.2021 00:59:46.370,109.76100000000001,109.757,1.5,2.91
24.08.2021 00:59:46.471,109.76100000000001,109.759,1,1
24.08.2021 00:59:46.573,109.76200000000001,109.759,1.27,1
24.08.2021 00:59:48.518,109.764,109.76100000000001,1.3,1.25
24.08.2021 00:59:48.620,109.764,109.76100000000001,1.2,1
24.08.2021 00:59:57.331,109.764,109.76,2.32,1.01
24.08.2021 01:00:01.126,109.764,109.76,2.1,1.69
24.08.2021 01:00:01.228,109.76299999999999,109.759,1,1
24.08.2021 01:00:01.330,109.76200000000001,109.759,1.5,1.57
24.08.2021 01:00:01.431,109.76100000000001,109.758,1,2.51
24.08.2021 01:00:02.686,109.76,109.756,3.45,1.1
24.08.2021 01:00:02.737,109.758,109.755,1,1.76
24.08.2021 01:00:02.838,109.76,109.755,2.85,3.32
24.08.2021 01:00:02.940,109.76,109.756,2.7,1.01
24.08.2021 01:00:03.994,109.76,109.756,3.97,1
24.08.2021 01:00:04.095,109.759,109.755,1.95,1.76
24.08.2021 01:00:04.196,109.759,109.755,2.45,2.57
24.08.2021 01:00:04.550,109.76,109.754,1.2,2.57
24.08.2021 01:00:04.651,109.759,109.755,1.95,2.51
24.08.2021 01:00:07.013,109.76,109.756,3.64,1
24.08.2021 01:00:08.526,109.76,109.756,2.7,1.75
24.08.2021 01:00:08.676,109.76100000000001,109.755,2.7,1.25
24.08.2021 01:00:09.491,109.76,109.756,1.5,2.22
24.08.2021 01:00:09.593,109.76,109.756,1.95,1.01
24.08.2021 01:00:10.483,109.76,109.757,1.5,1.01
24.08.2021 01:00:10.639,109.76,109.756,1.95,1.01
24.08.2021 01:00:14.341,109.76100000000001,109.758,1,1.76
24.08.2021 01:00:14.392,109.76299999999999,109.758,3.82,3.72
24.08.2021 01:00:14.494,109.76299999999999,109.76,2.7,1
24.08.2021 01:00:19.439,109.765,109.76100000000001,6.07,1.76
24.08.2021 01:00:19.591,109.765,109.76100000000001,1.12,2.91
24.08.2021 01:00:19.692,109.766,109.76200000000001,1.2,2.32
24.08.2021 01:00:22.242,109.765,109.76100000000001,4.01,1.57
24.08.2021 01:00:22.344,109.764,109.76,1.5,2.91
24.08.2021 01:00:23.263,109.764,109.76,1.95,1.76
24.08.2021 01:00:23.466,109.76299999999999,109.76,1,1.76
24.08.2021 01:00:23.569,109.76299999999999,109.759,1.95,2.51
24.08.2021 01:00:25.288,109.764,109.76200000000001,1,1.95
24.08.2021 01:00:25.338,109.766,109.76200000000001,3.11,3.15
24.08.2021 01:00:25.440,109.76700000000001,109.76299999999999,3.26,1.2
24.08.2021 01:00:25.642,109.76700000000001,109.764,3.26,1
24.08.2021 01:00:29.882,109.76700000000001,109.76299999999999,3.64,1.95
24.08.2021 01:00:30.085,109.765,109.76299999999999,1,1
24.08.2021 01:00:30.187,109.76299999999999,109.76100000000001,1.1,1
24.08.2021 01:00:30.289,109.76299999999999,109.759,1.57,2.14
24.08.2021 01:00:30.391,109.76299999999999,109.76,1.57,1
24.08.2021 01:00:32.414,109.76200000000001,109.76,1,1
24.08.2021 01:00:41.300,109.76299999999999,109.76,1.2,1.25
24.08.2021 01:00:48.070,109.765,109.76100000000001,5.1,2.81
24.08.2021 01:00:48.120,109.766,109.765,1,1
24.08.2021 01:00:48.273,109.769,109.768,1,1
24.08.2021 01:00:48.375,109.771,109.765,1.2,1.69
24.08.2021 01:00:48.477,109.772,109.76700000000001,2.62,1
24.08.2021 01:00:48.680,109.771,109.76700000000001,1.75,3.15
24.08.2021 01:00:48.782,109.77,109.76700000000001,2.2,1.95
24.08.2021 01:00:50.717,109.77,109.766,2.2,1.5
24.08.2021 01:00:53.376,109.77,109.766,1.39,1.5
24.08.2021 01:00:53.810,109.771,109.768,4.2,1
24.08.2021 01:00:53.911,109.771,109.76700000000001,2.25,2.89
24.08.2021 01:00:54.063,109.771,109.766,1,1.5
24.08.2021 01:00:54.214,109.771,109.769,1.87,1.5
24.08.2021 01:00:54.316,109.774,109.77,5.99,1
24.08.2021 01:00:54.467,109.774,109.77,1.2,1.25
24.08.2021 01:00:57.018,109.772,109.77,1,1
24.08.2021 01:00:57.169,109.771,109.768,1,2.21
24.08.2021 01:00:57.271,109.771,109.76700000000001,1,2.89
24.08.2021 01:00:57.535,109.771,109.768,1,1.39
24.08.2021 01:00:57.586,109.773,109.769,1.95,2.14
24.08.2021 01:00:57.688,109.773,109.77,1,1
24.08.2021 01:01:00.004,109.77,109.769,1,1
24.08.2021 01:01:00.055,109.771,109.76700000000001,1.95,3.64
24.08.2021 01:01:00.588,109.771,109.769,1,1.5
24.08.2021 01:01:00.639,109.773,109.769,3.64,1.5
24.08.2021 01:01:01.098,109.773,109.77,1,1
24.08.2021 01:01:03.140,109.772,109.77,1,1
24.08.2021 01:01:03.914,109.772,109.771,1,1
24.08.2021 01:01:07.635,109.773,109.771,1,1
24.08.2021 01:01:14.071,109.773,109.77,1,1.95
24.08.2021 01:01:14.173,109.773,109.771,1,1
24.08.2021 01:01:17.576,109.774,109.772,1,1
24.08.2021 01:01:18.551,109.773,109.771,1,2.25
24.08.2021 01:01:18.654,109.774,109.771,1,1
24.08.2021 01:01:19.581,109.773,109.771,1,2.25
24.08.2021 01:01:19.891,109.774,109.772,1,1
24.08.2021 01:01:21.308,109.773,109.771,1,1.57
24.08.2021 01:01:21.512,109.774,109.772,1,1
24.08.2021 01:01:21.693,109.773,109.771,1,1.57
24.08.2021 01:01:22.702,109.773,109.772,1,1
24.08.2021 01:01:23.306,109.773,109.771,1,1.1
24.08.2021 01:01:23.458,109.774,109.771,1,1.22
24.08.2021 01:01:26.927,109.773,109.77,1,6.74
24.08.2021 01:01:28.195,109.775,109.769,1,7.11
24.08.2021 01:01:33.018,109.774,109.77,1.2,3.07
24.08.2021 01:01:40.826,109.774,109.771,1,1.1
24.08.2021 01:01:41.606,109.774,109.77,1.39,2.32
24.08.2021 01:01:44.837,109.77,109.769,1,1
24.08.2021 01:01:44.939,109.77,109.76700000000001,1,1.27
24.08.2021 01:01:45.040,109.769,109.765,1.5,4.6
24.08.2021 01:01:53.381,109.768,109.766,1,1.1
24.08.2021 01:01:53.482,109.769,109.766,1.25,1.1
24.08.2021 01:01:53.584,109.769,109.765,2.41,1.5
24.08.2021 01:02:02.732,109.769,109.76700000000001,1,1
24.08.2021 01:02:08.335,109.771,109.768,1.25,2.7
24.08.2021 01:02:08.386,109.773,109.77,2.96,1.5
24.08.2021 01:02:08.538,109.774,109.77,1.76,2.7
24.08.2021 01:02:09.788,109.774,109.77,2.16,2.25
24.08.2021 01:02:10.303,109.775,109.769,2.51,2.7
24.08.2021 01:02:10.900,109.774,109.77,3.66,2.25
24.08.2021 01:02:12.273,109.774,109.77,3.45,2.7
24.08.2021 01:02:12.391,109.774,109.77,2.91,2.25
24.08.2021 01:02:13.120,109.775,109.769,2.51,2.7
24.08.2021 01:02:15.488,109.774,109.77,2.91,2.25
24.08.2021 01:02:15.589,109.774,109.77,2.51,2.7
24.08.2021 01:02:19.281,109.772,109.769,2.57,2.25
24.08.2021 01:02:19.383,109.77,109.76700000000001,1.82,1.95
24.08.2021 01:02:19.485,109.769,109.766,1.25,1.2
