Gmt time,Ask,Bid,AskVolume,BidVolume
11.08.2021 00:00:00.123,110.60000000000001,110.598,1,1.69
11.08.2021 00:00:00.225,110.60000000000001,110.59700000000001,1.5,1.69
11.08.2021 00:00:00.681,110.60000000000001,110.596,3,3.34
11.08.2021 00:00:00.833,110.599,110.596,1,1.25
11.08.2021 00:00:04.345,110.60000000000001,110.595,1.95,4.37
11.08.2021 00:00:04.666,110.60000000000001,110.595,2.14,3.56
11.08.2021 00:00:04.717,110.598,110.594,1,3.04
11.08.2021 00:00:05.051,110.59700000000001,110.594,1,1.2
11.08.2021 00:00:05.153,110.596,110.59299999999999,1.5,1.95
11.08.2021 00:00:05.254,110.596,110.59200000000001,1.5,1.2
11.08.2021 00:00:05.357,110.596,110.59100000000001,1,1.2
11.08.2021 00:00:05.714,110.594,110.59200000000001,1,1
11.08.2021 00:00:05.967,110.595,110.59,1,1
11.08.2021 00:00:06.069,110.595,110.589,1.1,4.09
11.08.2021 00:00:06.170,110.594,110.59100000000001,1.1,1
11.08.2021 00:00:06.276,110.59299999999999,110.59100000000001,1.5,1
11.08.2021 00:00:06.377,110.59200000000001,110.59,1,1
11.08.2021 00:00:06.529,110.59200000000001,110.589,1.5,1
11.08.2021 00:00:06.630,110.59200000000001,110.588,2.25,1.2
11.08.2021 00:00:06.731,110.59200000000001,110.587,1.5,1.2
11.08.2021 00:00:06.984,110.59,110.588,1,1
11.08.2021 00:00:07.186,110.59,110.587,1.5,1
11.08.2021 00:00:07.287,110.589,110.58600000000001,1.5,1
11.08.2021 00:00:07.389,110.589,110.58500000000001,2.72,1
11.08.2021 00:00:07.490,110.588,110.584,1.57,1.2
11.08.2021 00:00:07.591,110.587,110.584,1,1.2
11.08.2021 00:00:07.793,110.587,110.583,1.57,1.2
11.08.2021 00:00:08.305,110.58600000000001,110.583,1,1.2
11.08.2021 00:00:08.407,110.588,110.58600000000001,1,1
11.08.2021 00:00:08.508,110.589,110.58600000000001,1.57,1
11.08.2021 00:00:08.962,110.59,110.58600000000001,2.7,1
11.08.2021 00:00:09.081,110.59,110.58500000000001,1,1
11.08.2021 00:00:09.283,110.59,110.58600000000001,2.7,1.5
11.08.2021 00:00:09.389,110.59299999999999,110.59100000000001,1,1.5
11.08.2021 00:00:09.541,110.594,110.59100000000001,1.57,1.5
11.08.2021 00:00:09.642,110.595,110.59200000000001,1.95,1
11.08.2021 00:00:09.844,110.595,110.59299999999999,1,1
11.08.2021 00:00:10.270,110.596,110.595,1,1
11.08.2021 00:00:10.371,110.59700000000001,110.595,1.95,1
11.08.2021 00:00:10.624,110.598,110.595,2.99,1.5
11.08.2021 00:00:10.726,110.599,110.596,2.82,1.5
11.08.2021 00:00:10.877,110.599,110.596,1.2,1.5
11.08.2021 00:00:11.225,110.599,110.59700000000001,1.2,1
11.08.2021 00:00:12.316,110.601,110.599,1,1.5
11.08.2021 00:00:12.469,110.602,110.599,1.1,1.5
11.08.2021 00:00:13.044,110.601,110.596,1,2.97
11.08.2021 00:00:17.399,110.601,110.59700000000001,1.95,1.1
11.08.2021 00:00:17.500,110.599,110.596,1,2.96
11.08.2021 00:00:17.711,110.601,110.596,4.2,1
11.08.2021 00:00:17.914,110.599,110.596,1.2,1
11.08.2021 00:00:21.199,110.60000000000001,110.59700000000001,2.7,1
11.08.2021 00:00:24.258,110.599,110.59700000000001,1,1
11.08.2021 00:00:27.058,110.599,110.598,1,1
11.08.2021 00:00:27.109,110.601,110.598,3.45,1
11.08.2021 00:00:38.193,110.601,110.60000000000001,1,1
11.08.2021 00:00:38.295,110.601,110.598,1,1
11.08.2021 00:00:43.317,110.602,110.598,1.95,1
11.08.2021 00:00:43.569,110.601,110.598,1,1
11.08.2021 00:00:46.394,110.602,110.599,3.1,1.25
11.08.2021 00:00:46.495,110.602,110.598,1.1,1.69
11.08.2021 00:00:47.076,110.601,110.598,1,3.19
11.08.2021 00:00:47.638,110.601,110.60000000000001,1,1
11.08.2021 00:00:47.749,110.602,110.60000000000001,1.1,1
11.08.2021 00:00:48.448,110.603,110.60000000000001,1.57,1.69
11.08.2021 00:00:48.550,110.602,110.601,1,1
11.08.2021 00:00:52.669,110.602,110.60000000000001,1,1
11.08.2021 00:00:54.050,110.601,110.598,1,5.2
11.08.2021 00:00:54.152,110.602,110.598,1.57,3.94
11.08.2021 00:00:54.254,110.602,110.59700000000001,1.57,1.25
11.08.2021 00:00:56.219,110.601,110.599,1,1
11.08.2021 00:00:56.332,110.602,110.60000000000001,1.1,1
11.08.2021 00:00:56.434,110.602,110.60000000000001,1,1
11.08.2021 00:00:56.485,110.604,110.601,4.95,1.5
11.08.2021 00:00:56.587,110.603,110.601,1.1,1.5
11.08.2021 00:00:56.638,110.601,110.60000000000001,1,1
11.08.2021 00:00:56.739,110.601,110.599,1.5,1
11.08.2021 00:00:57.077,110.601,110.598,1,1.25
11.08.2021 00:00:57.500,110.601,110.60000000000001,1,1
11.08.2021 00:00:57.764,110.601,110.598,1.5,2.44
11.08.2021 00:00:57.866,110.601,110.599,1.5,1
11.08.2021 00:00:57.917,110.604,110.601,3.02,1
11.08.2021 00:00:58.019,110.602,110.601,1,1
11.08.2021 00:00:58.121,110.601,110.599,1,1
11.08.2021 00:00:58.533,110.602,110.599,1.57,1.5
11.08.2021 00:01:02.618,110.602,110.60000000000001,1,1
11.08.2021 00:01:03.711,110.603,110.60000000000001,2.44,1
11.08.2021 00:01:04.816,110.603,110.601,2.44,1
11.08.2021 00:01:05.270,110.602,110.60000000000001,1,1
11.08.2021 00:01:05.321,110.602,110.59700000000001,1,3.19
11.08.2021 00:01:05.438,110.601,110.598,1.25,2.44
11.08.2021 00:01:05.542,110.601,110.598,1,2.44
11.08.2021 00:01:05.643,110.602,110.60000000000001,1,1
11.08.2021 00:01:05.753,110.603,110.60000000000001,2.32,1
11.08.2021 00:01:06.402,110.601,110.598,1,3.64
11.08.2021 00:01:06.503,110.601,110.599,1,1
11.08.2021 00:01:06.604,110.602,110.599,1,1.5
11.08.2021 00:01:07.867,110.603,110.599,2.32,1.5
11.08.2021 00:01:07.968,110.603,110.60000000000001,2.32,1
11.08.2021 00:01:08.862,110.601,110.599,1,1
11.08.2021 00:01:09.076,110.601,110.598,1,1
11.08.2021 00:01:09.323,110.603,110.60000000000001,2.32,1
11.08.2021 00:01:13.026,110.602,110.60000000000001,1,1
11.08.2021 00:01:13.390,110.601,110.599,1,1
11.08.2021 00:01:13.491,110.60000000000001,110.599,1,1
11.08.2021 00:01:13.592,110.60000000000001,110.598,1,2.14
11.08.2021 00:01:35.539,110.601,110.596,1,2.51
11.08.2021 00:01:39.493,110.602,110.60000000000001,1.5,1
11.08.2021 00:01:39.595,110.602,110.601,1,1.25
11.08.2021 00:01:39.696,110.603,110.601,1,1
11.08.2021 00:01:39.797,110.603,110.60000000000001,2.72,1
11.08.2021 00:01:39.949,110.602,110.598,2.72,1.75
11.08.2021 00:01:40.755,110.601,110.59700000000001,1,1.25
11.08.2021 00:01:40.856,110.603,110.59700000000001,2.72,1.75
11.08.2021 00:01:40.958,110.60000000000001,110.598,1,1.75
11.08.2021 00:01:41.109,110.602,110.598,1.97,1.25
11.08.2021 00:01:41.948,110.602,110.60000000000001,1.57,1
11.08.2021 00:01:45.704,110.603,110.60000000000001,1.57,2.44
11.08.2021 00:01:45.807,110.603,110.60000000000001,1.97,1.5
11.08.2021 00:01:45.908,110.604,110.60000000000001,1.1,1.5
11.08.2021 00:01:46.010,110.603,110.60000000000001,1.97,1
11.08.2021 00:01:46.921,110.603,110.60000000000001,1.57,1.5
11.08.2021 00:01:47.073,110.60600000000001,110.602,1.57,1
11.08.2021 00:01:47.175,110.604,110.60000000000001,1.57,2.25
11.08.2021 00:01:47.276,110.601,110.599,1.57,1
11.08.2021 00:01:47.377,110.602,110.60000000000001,1.1,1
11.08.2021 00:01:47.529,110.603,110.60000000000001,2.7,1
11.08.2021 00:01:48.169,110.604,110.601,4.2,1
11.08.2021 00:01:48.270,110.603,110.601,1.2,1
11.08.2021 00:01:48.422,110.605,110.60000000000001,3.82,1
11.08.2021 00:01:48.523,110.60700000000001,110.603,1.5,1.1
11.08.2021 00:01:48.625,110.60600000000001,110.603,1.2,1
11.08.2021 00:01:48.727,110.60799999999999,110.605,1.5,1
11.08.2021 00:01:48.828,110.609,110.60600000000001,1.72,1
11.08.2021 00:01:48.929,110.609,110.60700000000001,1.5,1.25
11.08.2021 00:01:48.980,110.61200000000001,110.61,2.1,1
11.08.2021 00:01:49.081,110.614,110.611,3,1.37
11.08.2021 00:01:49.132,110.617,110.614,2.7,2.12
11.08.2021 00:01:49.234,110.619,110.617,1,1
11.08.2021 00:01:49.335,110.619,110.618,1,1
11.08.2021 00:01:49.437,110.619,110.616,1,1.69
11.08.2021 00:01:49.757,110.619,110.617,1,1.25
11.08.2021 00:01:50.162,110.62100000000001,110.618,1,1.69
11.08.2021 00:01:50.213,110.62200000000001,110.62,1.39,1
11.08.2021 00:01:50.416,110.62299999999999,110.62,2.06,1.1
11.08.2021 00:01:50.468,110.628,110.62700000000001,1,1
11.08.2021 00:01:50.518,110.63700000000001,110.63,1,1
11.08.2021 00:01:50.620,110.63799999999999,110.635,1.57,1.5
11.08.2021 00:01:50.670,110.63799999999999,110.63700000000001,1,1.25
11.08.2021 00:01:50.772,110.641,110.63799999999999,1.5,1.95
11.08.2021 00:01:50.873,110.64200000000001,110.64,1,1.39
11.08.2021 00:01:51.229,110.643,110.64,1.69,1.2
11.08.2021 00:01:51.330,110.643,110.64,1.75,1
11.08.2021 00:01:51.431,110.641,110.63799999999999,1,1
11.08.2021 00:01:51.633,110.64,110.63799999999999,1,1.25
11.08.2021 00:01:52.544,110.641,110.63799999999999,1,1.5
11.08.2021 00:01:52.645,110.64,110.63799999999999,1,1
11.08.2021 00:01:52.797,110.639,110.63700000000001,1,1.2
11.08.2021 00:01:52.848,110.641,110.63700000000001,1.84,1
11.08.2021 00:01:52.950,110.63799999999999,110.63700000000001,1,1
11.08.2021 00:01:53.051,110.639,110.63700000000001,1,1.2
11.08.2021 00:01:53.152,110.639,110.63799999999999,1,1
11.08.2021 00:01:54.563,110.64,110.63700000000001,1,2.89
11.08.2021 00:01:56.668,110.641,110.63799999999999,2.16,1
11.08.2021 00:01:56.769,110.639,110.63799999999999,1,1
11.08.2021 00:01:56.871,110.641,110.63799999999999,1.47,1
11.08.2021 00:01:56.972,110.639,110.63799999999999,1,1
11.08.2021 00:01:57.427,110.641,110.63799999999999,1.75,1.2
11.08.2021 00:01:57.579,110.64200000000001,110.64,2.02,1
11.08.2021 00:01:57.680,110.641,110.63799999999999,1,1.2
11.08.2021 00:01:57.781,110.639,110.63799999999999,1,1
11.08.2021 00:01:59.152,110.641,110.63799999999999,1,1
11.08.2021 00:01:59.203,110.639,110.63799999999999,1,1
11.08.2021 00:01:59.305,110.639,110.63600000000001,1,1
11.08.2021 00:01:59.406,110.639,110.63700000000001,1,1
11.08.2021 00:02:00.113,110.639,110.635,1.69,3.55
11.08.2021 00:02:00.214,110.63799999999999,110.63700000000001,1,1
11.08.2021 00:02:01.078,110.63700000000001,110.635,1,1.2
11.08.2021 00:02:01.129,110.639,110.63700000000001,1,1
11.08.2021 00:02:01.230,110.63700000000001,110.634,1,1.95
11.08.2021 00:02:01.382,110.63700000000001,110.633,1.25,3.71
11.08.2021 00:02:01.534,110.63700000000001,110.634,1,1.2
11.08.2021 00:02:01.585,110.63799999999999,110.63600000000001,1,1
11.08.2021 00:02:01.686,110.63799999999999,110.634,1,4.62
11.08.2021 00:02:01.787,110.63799999999999,110.635,1,3.6
11.08.2021 00:02:04.229,110.63799999999999,110.635,1,1.95
11.08.2021 00:02:04.331,110.63700000000001,110.635,1,1.2
11.08.2021 00:02:04.432,110.63799999999999,110.63700000000001,1,1
11.08.2021 00:02:04.684,110.63799999999999,110.63600000000001,1,1.2
11.08.2021 00:02:04.836,110.63799999999999,110.635,1,1
11.08.2021 00:02:04.938,110.63799999999999,110.63600000000001,1,1.95
11.08.2021 00:02:05.224,110.64200000000001,110.64,1,1
11.08.2021 00:02:05.275,110.643,110.641,1.5,1
11.08.2021 00:02:05.528,110.645,110.64,1,2.7
11.08.2021 00:02:05.629,110.644,110.641,1,2.7
11.08.2021 00:02:05.680,110.646,110.64200000000001,1.25,2.14
11.08.2021 00:02:05.736,110.644,110.641,1,5.66
11.08.2021 00:02:05.787,110.647,110.641,1.25,1.76
11.08.2021 00:02:05.888,110.645,110.641,1.25,2.89
11.08.2021 00:02:05.990,110.646,110.64200000000001,1.25,1.39
11.08.2021 00:02:06.040,110.644,110.641,1,1
11.08.2021 00:02:06.142,110.646,110.639,2.14,7.67
11.08.2021 00:02:06.254,110.645,110.64,1.69,10.42
11.08.2021 00:02:06.355,110.644,110.641,1,1.22
11.08.2021 00:02:06.557,110.645,110.641,1.69,1.22
11.08.2021 00:02:06.658,110.644,110.641,1,1.22
11.08.2021 00:02:07.365,110.645,110.64200000000001,2.44,1.1
11.08.2021 00:02:10.138,110.643,110.64,1,7.04
11.08.2021 00:02:10.290,110.643,110.64,1,7.76
11.08.2021 00:02:10.391,110.644,110.641,1,1.22
11.08.2021 00:02:12.626,110.646,110.641,2.44,1.1
11.08.2021 00:02:14.601,110.644,110.641,1.69,1.1
11.08.2021 00:02:14.702,110.644,110.641,1,1.22
11.08.2021 00:02:14.806,110.644,110.641,1,1.1
11.08.2021 00:02:14.907,110.644,110.641,1,1.22
11.08.2021 00:02:15.059,110.643,110.64,1.5,1.57
11.08.2021 00:02:15.160,110.641,110.63799999999999,1,2.92
11.08.2021 00:02:15.262,110.639,110.63600000000001,1,3.66
11.08.2021 00:02:15.515,110.64,110.63700000000001,1,1.57
11.08.2021 00:02:17.363,110.639,110.63700000000001,1,1.1
11.08.2021 00:02:17.515,110.64,110.63799999999999,1,1.1
11.08.2021 00:02:18.185,110.641,110.63600000000001,1.25,1.57
11.08.2021 00:02:27.321,110.64200000000001,110.639,2.59,1
11.08.2021 00:02:27.422,110.641,110.63799999999999,2.5,1.1
11.08.2021 00:02:28.212,110.64,110.635,1,1.1
11.08.2021 00:02:28.314,110.64,110.63700000000001,2.89,1
11.08.2021 00:02:28.365,110.641,110.639,1.5,1
11.08.2021 00:02:28.466,110.64,110.63799999999999,1.25,1
11.08.2021 00:02:28.833,110.64,110.63700000000001,2.95,1
11.08.2021 00:02:29.044,110.64,110.63799999999999,1,1
11.08.2021 00:02:32.048,110.641,110.63799999999999,2.14,1
11.08.2021 00:02:32.151,110.64,110.63700000000001,2.44,1
11.08.2021 00:02:32.253,110.64200000000001,110.639,1.2,1.57
11.08.2021 00:02:32.354,110.64200000000001,110.639,1,2.76
11.08.2021 00:02:32.456,110.643,110.64,1.5,1.76
11.08.2021 00:02:32.558,110.645,110.64200000000001,1.5,1.1
11.08.2021 00:02:37.663,110.646,110.643,2.89,1
11.08.2021 00:02:40.901,110.646,110.644,1.69,1
11.08.2021 00:02:42.334,110.646,110.643,2.44,1.1
11.08.2021 00:02:42.594,110.648,110.644,3.26,1.1
11.08.2021 00:02:42.696,110.648,110.644,4.07,1.1
11.08.2021 00:02:46.301,110.647,110.644,2.5,1.1
11.08.2021 00:02:46.674,110.648,110.646,1,1
11.08.2021 00:02:46.775,110.647,110.645,1,1.1
11.08.2021 00:02:46.877,110.647,110.644,1.5,1.01
11.08.2021 00:02:50.562,110.646,110.643,1,2.51
11.08.2021 00:02:52.373,110.647,110.644,2.32,1
11.08.2021 00:02:57.658,110.65,110.647,1,3.82
11.08.2021 00:02:57.760,110.65100000000001,110.649,1.57,1
11.08.2021 00:02:57.861,110.65200000000002,110.65,1.5,2.5
11.08.2021 00:02:57.966,110.65200000000002,110.648,1,2.25
11.08.2021 00:02:58.067,110.65,110.649,1,1
11.08.2021 00:02:58.571,110.65,110.648,1,1.39
11.08.2021 00:02:58.881,110.65200000000002,110.647,1,1.95
11.08.2021 00:02:58.982,110.65,110.648,1,1.2
11.08.2021 00:02:59.236,110.65100000000001,110.648,1,1.95
11.08.2021 00:02:59.388,110.65,110.648,1,1.2
11.08.2021 00:02:59.640,110.65200000000002,110.649,3.26,1
11.08.2021 00:02:59.742,110.649,110.647,1.25,3.1
11.08.2021 00:02:59.843,110.65200000000002,110.647,1.5,3.26
11.08.2021 00:03:00.045,110.65,110.647,1,4.41
11.08.2021 00:03:00.147,110.649,110.646,1.69,1.1
11.08.2021 00:03:00.248,110.648,110.646,1,1.1
11.08.2021 00:03:00.431,110.648,110.646,1,1.97
11.08.2021 00:03:00.532,110.649,110.646,1.69,3.1
11.08.2021 00:03:01.024,110.649,110.646,2.14,1.5
11.08.2021 00:03:01.176,110.649,110.646,3.14,1
11.08.2021 00:03:01.429,110.648,110.645,1.69,1.1
11.08.2021 00:03:04.977,110.649,110.646,1.5,2.97
11.08.2021 00:03:05.129,110.649,110.647,1,1.35
11.08.2021 00:03:05.281,110.649,110.646,1,5.16
11.08.2021 00:03:06.465,110.649,110.646,3.07,1.5
11.08.2021 00:03:06.567,110.647,110.645,1,1
11.08.2021 00:03:06.669,110.645,110.64200000000001,1.5,1.76
11.08.2021 00:03:06.771,110.645,110.643,1,1
11.08.2021 00:03:06.873,110.646,110.64,1.5,4.1
11.08.2021 00:03:08.916,110.644,110.641,1.5,3.35
11.08.2021 00:03:09.017,110.643,110.64,1,1.76
11.08.2021 00:03:09.169,110.64200000000001,110.639,1.87,2.2
11.08.2021 00:03:09.799,110.644,110.641,2.25,1.01
11.08.2021 00:03:09.900,110.644,110.64200000000001,1.5,1.76
11.08.2021 00:03:10.053,110.645,110.64200000000001,2.25,1.76
11.08.2021 00:03:10.154,110.645,110.64200000000001,2.25,1.82
11.08.2021 00:03:11.901,110.646,110.643,1.5,1.01
11.08.2021 00:03:13.176,110.646,110.644,1,1
11.08.2021 00:03:14.992,110.646,110.643,1.5,1.01
11.08.2021 00:03:16.360,110.645,110.64200000000001,1.5,1.76
11.08.2021 00:03:16.512,110.647,110.644,1.95,1.76
11.08.2021 00:03:21.898,110.646,110.643,1,1.22
11.08.2021 00:03:22.581,110.646,110.643,1,1.1
11.08.2021 00:03:23.385,110.647,110.644,3.26,1
11.08.2021 00:03:23.487,110.646,110.643,1,1.1
11.08.2021 00:03:23.640,110.645,110.64200000000001,1,1.01
11.08.2021 00:03:24.520,110.644,110.641,1,4.1
11.08.2021 00:03:31.352,110.645,110.64,6.25,1.2
11.08.2021 00:03:31.454,110.63799999999999,110.63600000000001,1.5,1
11.08.2021 00:03:31.505,110.634,110.633,1,1
11.08.2021 00:03:31.556,110.634,110.631,1.69,3.75
11.08.2021 00:03:31.657,110.633,110.631,1,1.97
11.08.2021 00:03:31.759,110.634,110.631,2.44,1.97
11.08.2021 00:03:31.810,110.631,110.629,1.25,1.87
11.08.2021 00:03:32.013,110.628,110.625,1.25,4.2
11.08.2021 00:03:32.064,110.629,110.626,1.69,1.22
11.08.2021 00:03:33.292,110.632,110.629,2.7,1
11.08.2021 00:03:33.393,110.633,110.63,2.85,1.25
11.08.2021 00:03:33.494,110.633,110.63,2.25,1.25
11.08.2021 00:03:34.984,110.633,110.631,1,1
11.08.2021 00:03:38.412,110.633,110.63,1.69,1
11.08.2021 00:03:40.981,110.633,110.631,1.25,1
11.08.2021 00:03:42.043,110.634,110.631,2.44,1
11.08.2021 00:03:42.094,110.632,110.629,1.87,2.25
11.08.2021 00:03:42.448,110.631,110.628,1,1
11.08.2021 00:03:43.566,110.63,110.62700000000001,1.5,1
11.08.2021 00:03:43.667,110.63,110.625,1,2.14
11.08.2021 00:03:43.768,110.628,110.625,1,1
11.08.2021 00:03:44.500,110.626,110.624,1,1
11.08.2021 00:03:45.666,110.62700000000001,110.624,1.69,1
11.08.2021 00:03:46.857,110.62700000000001,110.625,1,1.1
11.08.2021 00:03:46.960,110.628,110.626,1.25,1.1
11.08.2021 00:03:47.011,110.63,110.62700000000001,1.95,2.22
11.08.2021 00:03:47.113,110.632,110.629,1,2.51
11.08.2021 00:03:47.164,110.633,110.631,1.31,1
11.08.2021 00:03:47.909,110.633,110.631,1.25,1
11.08.2021 00:03:48.112,110.632,110.629,2.51,1
11.08.2021 00:03:48.951,110.631,110.628,1.12,1.95
11.08.2021 00:03:54.621,110.633,110.63,1.25,1.2
11.08.2021 00:03:54.925,110.634,110.631,3.32,1
11.08.2021 00:03:58.958,110.634,110.631,2.06,1.2
11.08.2021 00:04:02.237,110.63,110.629,1.25,1
11.08.2021 00:04:02.289,110.63,110.625,1,3.64
11.08.2021 00:04:02.542,110.628,110.625,1,1.95
11.08.2021 00:04:21.283,110.628,110.625,2.31,1.57
11.08.2021 00:04:42.070,110.628,110.625,1.5,1.01
11.08.2021 00:04:43.286,110.628,110.625,1,2.16
11.08.2021 00:04:43.387,110.628,110.625,1,1.76
11.08.2021 00:04:43.488,110.628,110.625,1,2.16
11.08.2021 00:04:44.820,110.629,110.626,1.76,1
11.08.2021 00:04:49.663,110.628,110.625,1,1.57
11.08.2021 00:04:58.915,110.631,110.62700000000001,1.95,1.1
11.08.2021 00:04:59.067,110.63,110.62700000000001,1.5,1.76
11.08.2021 00:04:59.423,110.629,110.626,1,1.76
11.08.2021 00:05:00.280,110.629,110.626,4.26,1
11.08.2021 00:05:02.722,110.628,110.625,1,1.57
11.08.2021 00:05:04.395,110.629,110.626,4.01,1
11.08.2021 00:05:04.924,110.628,110.626,1.1,1
11.08.2021 00:05:10.664,110.628,110.625,1.57,1
11.08.2021 00:05:13.192,110.628,110.626,1,1
11.08.2021 00:05:13.294,110.629,110.628,1,1
11.08.2021 00:05:13.344,110.631,110.629,2.4,1
11.08.2021 00:05:13.446,110.632,110.63,1,1
11.08.2021 00:05:13.799,110.633,110.63,1.2,1.5
11.08.2021 00:05:14.271,110.634,110.631,1.57,1.5
11.08.2021 00:05:14.423,110.634,110.632,1,2.32
11.08.2021 00:05:14.524,110.635,110.632,1,2.32
11.08.2021 00:05:16.251,110.634,110.632,1,1.1
11.08.2021 00:05:17.760,110.63799999999999,110.635,2.4,1.5
11.08.2021 00:05:17.861,110.63799999999999,110.63600000000001,1.2,1
11.08.2021 00:05:18.518,110.64,110.63700000000001,3.07,1.5
11.08.2021 00:05:18.670,110.641,110.639,1,1.2
11.08.2021 00:05:22.578,110.641,110.63799999999999,1.2,1.5
11.08.2021 00:05:24.251,110.644,110.641,1.87,1.1
11.08.2021 00:05:24.404,110.644,110.641,1,3.29
11.08.2021 00:05:26.748,110.644,110.641,1,3.26
11.08.2021 00:05:27.617,110.643,110.641,1.1,1
11.08.2021 00:05:27.719,110.641,110.639,1,1.12
11.08.2021 00:05:28.779,110.641,110.63799999999999,1,1.5
11.08.2021 00:05:28.931,110.64,110.63700000000001,1.01,1
11.08.2021 00:05:30.430,110.639,110.63600000000001,1,2.89
11.08.2021 00:05:35.852,110.639,110.63600000000001,1,2.91
11.08.2021 00:05:36.434,110.641,110.63799999999999,2.06,1.1
11.08.2021 00:05:38.283,110.64200000000001,110.639,1.5,1.57
11.08.2021 00:05:38.536,110.64200000000001,110.639,1,2.72
11.08.2021 00:05:38.637,110.644,110.641,2.32,1.25
11.08.2021 00:05:38.890,110.644,110.641,3.44,1
11.08.2021 00:05:39.501,110.643,110.64,1.25,1.5
11.08.2021 00:05:41.079,110.641,110.639,1,1
11.08.2021 00:05:41.908,110.643,110.63799999999999,1.25,1.5
11.08.2021 00:05:42.852,110.641,110.63799999999999,1,1.5
11.08.2021 00:05:42.953,110.64,110.63700000000001,1,1.39
11.08.2021 00:05:43.156,110.639,110.63600000000001,1,4.1
11.08.2021 00:05:52.536,110.64,110.63700000000001,1,2.16
11.08.2021 00:05:52.987,110.641,110.63600000000001,1,1.69
11.08.2021 00:05:54.381,110.643,110.64,4.2,2.01
11.08.2021 00:05:54.483,110.644,110.639,1,1.01
11.08.2021 00:05:54.585,110.644,110.641,3.26,1
11.08.2021 00:05:54.687,110.645,110.64,4.19,1.1
11.08.2021 00:05:55.242,110.643,110.64,3.26,1
11.08.2021 00:05:55.344,110.64200000000001,110.639,4.79,1
11.08.2021 00:05:55.447,110.64,110.63700000000001,2.14,1.5
11.08.2021 00:06:00.580,110.64200000000001,110.63799999999999,1.31,1
11.08.2021 00:06:00.696,110.641,110.63799999999999,2.06,1.2
11.08.2021 00:06:00.904,110.639,110.63600000000001,1.31,1.57
11.08.2021 00:06:02.230,110.64,110.63700000000001,2.06,1.1
11.08.2021 00:06:04.175,110.639,110.63600000000001,1,2.14
11.08.2021 00:06:06.753,110.641,110.639,1.25,1
11.08.2021 00:06:06.854,110.639,110.63600000000001,1.25,2.32
11.08.2021 00:06:07.694,110.639,110.63600000000001,1,2.91
11.08.2021 00:06:08.688,110.64,110.63700000000001,1.69,1.1
11.08.2021 00:06:13.028,110.641,110.639,1,1.25
11.08.2021 00:06:13.079,110.643,110.64,1,2.51
11.08.2021 00:06:13.230,110.645,110.64,1.69,1.1
11.08.2021 00:06:17.467,110.643,110.64,3.25,2.32
11.08.2021 00:06:17.569,110.643,110.64,2.44,1.1
11.08.2021 00:06:20.267,110.643,110.64,1.75,1.1
11.08.2021 00:06:31.710,110.64200000000001,110.63700000000001,1,2.44
11.08.2021 00:06:31.831,110.64200000000001,110.639,1.5,1.01
11.08.2021 00:06:33.230,110.64200000000001,110.64,1,1
11.08.2021 00:06:34.318,110.64200000000001,110.641,1,1
11.08.2021 00:06:42.133,110.64200000000001,110.639,2.32,1
11.08.2021 00:06:42.596,110.641,110.639,1.12,1
11.08.2021 00:06:42.748,110.64,110.63700000000001,3.64,1
11.08.2021 00:06:43.544,110.639,110.63700000000001,1,1
11.08.2021 00:06:47.768,110.63700000000001,110.63600000000001,1.5,1
11.08.2021 00:06:47.920,110.63700000000001,110.635,1.87,1
11.08.2021 00:06:52.127,110.63700000000001,110.634,3.07,1
11.08.2021 00:06:57.977,110.63700000000001,110.634,3.41,1
11.08.2021 00:06:58.108,110.63700000000001,110.634,3.07,1
11.08.2021 00:06:58.260,110.63700000000001,110.635,1.5,1
11.08.2021 00:06:58.777,110.639,110.634,2.14,1
11.08.2021 00:06:59.080,110.639,110.63600000000001,3.7,1
11.08.2021 00:07:00.084,110.63799999999999,110.63600000000001,1.25,1
11.08.2021 00:07:00.186,110.63700000000001,110.635,1.25,1
11.08.2021 00:07:00.287,110.63600000000001,110.634,1.31,1
11.08.2021 00:07:00.388,110.63600000000001,110.633,1.31,1.1
11.08.2021 00:07:12.919,110.635,110.632,1.5,1.57
11.08.2021 00:07:13.133,110.635,110.631,2.14,1.76
11.08.2021 00:07:13.234,110.634,110.631,1,1.01
11.08.2021 00:07:19.428,110.635,110.631,2.14,1.76
11.08.2021 00:07:21.973,110.635,110.632,2.14,1
11.08.2021 00:07:22.940,110.635,110.631,2.14,2.51
11.08.2021 00:07:23.041,110.635,110.632,1.95,1.25
11.08.2021 00:07:23.193,110.635,110.633,1,1
11.08.2021 00:07:26.973,110.63600000000001,110.633,2.51,1
11.08.2021 00:07:27.175,110.635,110.631,1.31,2.72
11.08.2021 00:07:27.277,110.634,110.631,1.25,1.97
11.08.2021 00:07:27.378,110.634,110.631,1.76,1
11.08.2021 00:07:27.530,110.635,110.629,1.76,1.76
11.08.2021 00:07:27.631,110.634,110.631,1.39,1
11.08.2021 00:07:34.277,110.634,110.631,2.57,1
11.08.2021 00:07:38.160,110.633,110.63,1.25,1.1
11.08.2021 00:07:38.363,110.632,110.628,3.41,2.62
11.08.2021 00:07:38.465,110.629,110.628,1,1
11.08.2021 00:07:38.516,110.629,110.626,1.95,1
11.08.2021 00:07:38.617,110.629,110.625,1.95,1.2
11.08.2021 00:07:39.865,110.629,110.625,1.5,2.1
11.08.2021 00:07:39.968,110.629,110.624,1,1.6
11.08.2021 00:07:40.756,110.629,110.626,1.87,1.2
11.08.2021 00:07:46.272,110.633,110.629,6.11,1.69
11.08.2021 00:07:46.373,110.633,110.63,3.34,1
11.08.2021 00:07:46.475,110.633,110.631,1.25,1
11.08.2021 00:07:47.068,110.634,110.632,1.56,1
11.08.2021 00:07:47.170,110.633,110.63,1.39,1
11.08.2021 00:07:47.637,110.633,110.628,2.81,1.2
11.08.2021 00:07:50.598,110.631,110.628,1.12,1.5
11.08.2021 00:07:51.396,110.633,110.629,1,1
11.08.2021 00:07:51.598,110.632,110.629,4.01,1
11.08.2021 00:07:52.835,110.632,110.63,1,1
11.08.2021 00:07:57.108,110.63,110.62700000000001,1.2,1.5
11.08.2021 00:07:57.210,110.628,110.626,1.69,1
11.08.2021 00:08:01.663,110.628,110.625,2.51,1
11.08.2021 00:08:02.153,110.628,110.626,2.06,1
11.08.2021 00:08:04.467,110.628,110.625,2.44,1.57
11.08.2021 00:08:08.482,110.626,110.62299999999999,2.14,1
11.08.2021 00:08:10.431,110.625,110.62299999999999,1,1
11.08.2021 00:08:12.549,110.625,110.62200000000001,1,1.1
11.08.2021 00:08:13.855,110.625,110.62299999999999,1.2,1
11.08.2021 00:08:17.740,110.626,110.62299999999999,4.01,1
11.08.2021 00:08:19.843,110.628,110.62299999999999,4.09,1
11.08.2021 00:08:20.594,110.626,110.62299999999999,1.57,1
11.08.2021 00:08:27.137,110.62700000000001,110.624,2.89,1
11.08.2021 00:08:27.239,110.62700000000001,110.62299999999999,4.01,1.1
11.08.2021 00:08:27.340,110.62700000000001,110.624,4.09,1
11.08.2021 00:08:28.115,110.62700000000001,110.62299999999999,4.46,1.1
11.08.2021 00:08:28.216,110.62700000000001,110.624,4.09,1
11.08.2021 00:08:28.321,110.62700000000001,110.62299999999999,4.46,1.1
11.08.2021 00:08:29.535,110.62700000000001,110.624,3.34,1
11.08.2021 00:08:39.166,110.62700000000001,110.625,2.89,1
11.08.2021 00:08:39.217,110.624,110.62299999999999,1.25,1.1
11.08.2021 00:08:39.319,110.626,110.62100000000001,1.94,1.2
11.08.2021 00:08:39.421,110.62299999999999,110.62100000000001,1.69,1
11.08.2021 00:08:39.523,110.62200000000001,110.62,1.25,1
11.08.2021 00:08:39.675,110.62200000000001,110.619,3.64,1
11.08.2021 00:08:39.776,110.62200000000001,110.618,1.25,1
11.08.2021 00:08:39.879,110.619,110.616,1.5,2.7
11.08.2021 00:08:39.981,110.618,110.616,1,1.1
11.08.2021 00:08:40.134,110.618,110.61500000000001,2.44,1.1
11.08.2021 00:08:41.672,110.618,110.616,1.25,1
11.08.2021 00:08:41.938,110.619,110.617,1,1
11.08.2021 00:08:42.040,110.62,110.618,1.2,1.1
11.08.2021 00:08:42.142,110.62100000000001,110.618,1,2.76
11.08.2021 00:08:42.396,110.62299999999999,110.619,3.49,1.25
11.08.2021 00:08:43.699,110.62299999999999,110.619,3.15,1.76
11.08.2021 00:08:44.512,110.624,110.619,2.4,1
11.08.2021 00:08:47.402,110.625,110.62100000000001,4.35,3.1
11.08.2021 00:08:47.504,110.626,110.62299999999999,1,2.14
11.08.2021 00:08:47.605,110.62700000000001,110.62299999999999,2.7,3.1
11.08.2021 00:08:47.757,110.62700000000001,110.625,1,1
11.08.2021 00:08:52.991,110.626,110.624,1,1
11.08.2021 00:08:53.144,110.626,110.62299999999999,1.57,1
11.08.2021 00:08:53.245,110.625,110.62200000000001,1,2.14
11.08.2021 00:08:53.551,110.625,110.62299999999999,1.1,1
11.08.2021 00:08:53.716,110.626,110.62299999999999,2.96,1
11.08.2021 00:09:00.124,110.626,110.62200000000001,2.77,1.39
11.08.2021 00:09:00.524,110.625,110.62100000000001,1,3.29
11.08.2021 00:09:00.828,110.626,110.62200000000001,2.02,1.39
11.08.2021 00:09:00.929,110.62700000000001,110.62200000000001,1.95,1.2
11.08.2021 00:09:04.503,110.628,110.624,4.49,1.2
11.08.2021 00:09:10.854,110.628,110.625,4.34,1
11.08.2021 00:09:17.862,110.62700000000001,110.625,1.25,1
11.08.2021 00:09:18.691,110.62700000000001,110.624,1.75,1.2
11.08.2021 00:09:20.399,110.625,110.62299999999999,1.25,1.5
11.08.2021 00:09:20.500,110.625,110.62,1.5,1.2
11.08.2021 00:09:20.753,110.62299999999999,110.62100000000001,1,1
11.08.2021 00:09:20.855,110.624,110.62100000000001,1.01,1
11.08.2021 00:09:21.009,110.62299999999999,110.62100000000001,1,1
11.08.2021 00:09:22.347,110.62299999999999,110.62,1,1.2
11.08.2021 00:09:27.653,110.62100000000001,110.619,1,1
11.08.2021 00:09:27.913,110.62200000000001,110.619,1,1.2
11.08.2021 00:09:29.962,110.62200000000001,110.619,1,4.54
11.08.2021 00:09:30.337,110.62299999999999,110.62,1,1.2
11.08.2021 00:09:30.439,110.62200000000001,110.619,1.1,2.25
11.08.2021 00:09:33.961,110.62299999999999,110.619,1.95,5.29
11.08.2021 00:09:36.959,110.62200000000001,110.619,1,4.2
11.08.2021 00:09:37.119,110.624,110.618,2.51,3.45
11.08.2021 00:09:39.877,110.62299999999999,110.619,2.44,3.6
11.08.2021 00:09:41.284,110.62299999999999,110.619,2.96,2.7
11.08.2021 00:09:53.547,110.62200000000001,110.619,1,2.7
11.08.2021 00:09:58.976,110.625,110.62200000000001,1.95,1.2
11.08.2021 00:09:59.077,110.626,110.62299999999999,1.6,1.95
11.08.2021 00:09:59.179,110.626,110.62299999999999,1,1.95
11.08.2021 00:09:59.280,110.62700000000001,110.62299999999999,2.02,1.95
11.08.2021 00:09:59.381,110.62700000000001,110.62299999999999,1.5,2.85
11.08.2021 00:10:00.321,110.62700000000001,110.62299999999999,1.57,2.7
11.08.2021 00:10:00.472,110.626,110.62200000000001,1.01,3.64
11.08.2021 00:10:00.573,110.625,110.62200000000001,1,2.89
11.08.2021 00:10:02.794,110.62700000000001,110.625,1.2,2.7
11.08.2021 00:10:02.996,110.628,110.625,1,1.95
11.08.2021 00:10:05.326,110.629,110.625,2.02,3.64
11.08.2021 00:10:05.953,110.629,110.626,1.5,1.39
11.08.2021 00:10:06.105,110.63,110.628,2.32,1
11.08.2021 00:10:06.257,110.63,110.62700000000001,1,4.39
11.08.2021 00:10:06.358,110.631,110.62700000000001,1.1,4.39
11.08.2021 00:10:09.862,110.631,110.62700000000001,1,3.79
11.08.2021 00:10:17.877,110.631,110.62700000000001,2.02,2.89
11.08.2021 00:10:17.978,110.63,110.62700000000001,1,2.14
11.08.2021 00:10:18.232,110.63,110.626,1.2,3.19
11.08.2021 00:10:20.400,110.631,110.625,1.2,3.79
11.08.2021 00:10:22.676,110.631,110.62700000000001,2.02,2.14
11.08.2021 00:10:23.422,110.632,110.628,2.02,2.89
11.08.2021 00:10:23.523,110.632,110.63,1,1
11.08.2021 00:10:23.625,110.634,110.628,3.36,1.5
11.08.2021 00:10:23.726,110.631,110.628,1.25,1.95
11.08.2021 00:10:23.828,110.63,110.62700000000001,1,2.89
11.08.2021 00:10:25.891,110.631,110.62700000000001,2.96,2.7
11.08.2021 00:10:26.043,110.631,110.628,1.1,1
11.08.2021 00:10:26.144,110.632,110.626,1.57,3.64
11.08.2021 00:10:32.365,110.633,110.629,3.36,1.25
11.08.2021 00:10:32.466,110.633,110.63,1.46,1.5
11.08.2021 00:10:32.977,110.634,110.631,2.21,1
11.08.2021 00:10:33.129,110.633,110.63,2.16,1
11.08.2021 00:10:33.281,110.632,110.629,1.1,1.25
11.08.2021 00:10:33.382,110.631,110.628,1,3.89
11.08.2021 00:10:33.483,110.633,110.62700000000001,1.27,3.89
11.08.2021 00:10:33.781,110.631,110.628,1.01,1.5
11.08.2021 00:10:33.882,110.63,110.62700000000001,1,2.14
11.08.2021 00:10:35.772,110.629,110.62700000000001,1,1.25
11.08.2021 00:10:41.380,110.631,110.625,1.57,4.64
11.08.2021 00:10:41.641,110.631,110.628,1.76,1
11.08.2021 00:10:50.617,110.633,110.63,3.21,1
11.08.2021 00:10:50.820,110.633,110.629,1.01,3.64
11.08.2021 00:10:50.921,110.63,110.62700000000001,1.57,1.5
11.08.2021 00:10:51.076,110.631,110.62700000000001,2.32,2.89
11.08.2021 00:10:51.177,110.631,110.628,2.77,1
11.08.2021 00:10:51.876,110.632,110.628,1.57,3.14
11.08.2021 00:10:51.981,110.632,110.63,1,1.2
11.08.2021 00:10:52.083,110.634,110.63,2.51,1.2
11.08.2021 00:10:54.261,110.633,110.629,2.51,1.57
11.08.2021 00:10:54.414,110.632,110.629,1.1,1
11.08.2021 00:10:57.114,110.634,110.63,3.71,2.7
11.08.2021 00:10:57.514,110.633,110.628,1,1.95
11.08.2021 00:11:08.694,110.634,110.63,3.71,1.95
11.08.2021 00:11:08.796,110.633,110.63,1,1.95
11.08.2021 00:11:08.897,110.634,110.63,3.26,1.95
11.08.2021 00:11:09.301,110.633,110.63,1.1,1.5
11.08.2021 00:11:09.806,110.634,110.63,1.57,1.95
11.08.2021 00:11:10.294,110.63600000000001,110.63,2.96,1.95
11.08.2021 00:11:10.396,110.635,110.632,3.82,1
11.08.2021 00:11:10.497,110.634,110.631,1.76,1
11.08.2021 00:11:10.699,110.635,110.631,2.02,2.14
11.08.2021 00:11:11.016,110.634,110.63,3.51,1.2
11.08.2021 00:11:11.117,110.633,110.63,3.14,1
11.08.2021 00:11:11.219,110.633,110.629,3.14,1.2
11.08.2021 00:11:12.511,110.631,110.628,1.76,1
11.08.2021 00:11:17.807,110.631,110.62700000000001,3.29,1.5
11.08.2021 00:11:17.908,110.631,110.62700000000001,2.51,1.95
11.08.2021 00:11:18.273,110.631,110.628,1.76,1
11.08.2021 00:11:24.378,110.631,110.62700000000001,3.26,1.95
11.08.2021 00:11:27.133,110.629,110.62700000000001,1,1
11.08.2021 00:11:27.240,110.629,110.626,1.57,1.5
11.08.2021 00:11:30.311,110.629,110.62700000000001,1,1
11.08.2021 00:11:33.714,110.629,110.624,4.29,1
11.08.2021 00:11:33.816,110.628,110.62200000000001,1.76,1.95
11.08.2021 00:11:33.917,110.62700000000001,110.624,1.01,1
11.08.2021 00:11:34.018,110.62700000000001,110.625,1,1
11.08.2021 00:11:34.120,110.628,110.625,2.51,1
11.08.2021 00:11:46.790,110.631,110.626,1,1.95
11.08.2021 00:11:46.891,110.631,110.62700000000001,1.27,2.89
11.08.2021 00:11:46.992,110.631,110.62700000000001,1.1,2.95
11.08.2021 00:11:48.238,110.632,110.628,1.1,1
11.08.2021 00:11:48.389,110.632,110.629,1.46,1.5
11.08.2021 00:11:48.490,110.632,110.629,2.16,1
11.08.2021 00:11:50.402,110.632,110.628,2.91,1
11.08.2021 00:11:52.791,110.633,110.628,1.76,1
11.08.2021 00:11:52.893,110.631,110.628,1,1.95
11.08.2021 00:12:11.629,110.63,110.628,1,1
11.08.2021 00:12:13.544,110.63,110.62700000000001,1,2.89
11.08.2021 00:12:15.907,110.629,110.626,1,2.89
11.08.2021 00:12:16.008,110.626,110.624,1.95,1
11.08.2021 00:12:16.059,110.625,110.62200000000001,1,2.51
11.08.2021 00:12:16.161,110.625,110.62100000000001,2.7,2.51
11.08.2021 00:12:16.312,110.625,110.62200000000001,2.25,1.01
11.08.2021 00:12:28.034,110.624,110.62200000000001,1,1.1
11.08.2021 00:12:30.336,110.625,110.62100000000001,1.5,3.66
11.08.2021 00:12:31.169,110.62100000000001,110.619,1.1,3.97
11.08.2021 00:12:31.271,110.62100000000001,110.617,1.1,4
11.08.2021 00:12:32.241,110.62100000000001,110.619,1,1.25
11.08.2021 00:12:32.392,110.62299999999999,110.618,1.57,1.25
11.08.2021 00:12:32.494,110.62200000000001,110.62,1.1,1.25
11.08.2021 00:12:34.126,110.624,110.619,1.57,1.25
11.08.2021 00:12:39.732,110.62299999999999,110.62,1.5,2.2
11.08.2021 00:12:44.962,110.625,110.62100000000001,2.91,1.25
11.08.2021 00:12:45.441,110.625,110.62200000000001,1,1.39
11.08.2021 00:12:45.542,110.62700000000001,110.624,1.27,1.5
11.08.2021 00:12:45.643,110.628,110.625,1.1,1
11.08.2021 00:12:46.486,110.628,110.626,1,1.25
11.08.2021 00:12:46.587,110.629,110.626,1.57,1.25
11.08.2021 00:13:00.355,110.629,110.625,1.57,2.89
11.08.2021 00:13:05.843,110.629,110.626,1.57,1.25
11.08.2021 00:13:06.807,110.629,110.625,1.57,2.89
11.08.2021 00:13:12.232,110.628,110.625,1,2.14
11.08.2021 00:13:17.440,110.629,110.625,1.1,2.14
11.08.2021 00:13:21.109,110.629,110.626,1.1,1
11.08.2021 00:13:28.750,110.629,110.625,1.1,2.14
11.08.2021 00:13:37.195,110.629,110.625,2.32,3.7
11.08.2021 00:13:43.855,110.63,110.626,2.21,2.89
11.08.2021 00:13:43.956,110.63,110.626,1.86,2.44
11.08.2021 00:13:46.799,110.632,110.62700000000001,3.67,1.25
11.08.2021 00:13:46.951,110.632,110.63,1,1.39
11.08.2021 00:13:47.052,110.634,110.631,3.3,1
11.08.2021 00:13:47.154,110.63600000000001,110.63,3.97,2.44
11.08.2021 00:13:59.408,110.635,110.631,3.52,2.89
11.08.2021 00:14:02.554,110.635,110.632,2.32,1.25
11.08.2021 00:14:02.655,110.635,110.631,2.32,2.14
11.08.2021 00:14:09.088,110.635,110.632,2.77,1
11.08.2021 00:14:10.965,110.634,110.631,1,3.26
11.08.2021 00:14:26.045,110.634,110.632,1,1
11.08.2021 00:14:27.745,110.632,110.628,1.5,1
11.08.2021 00:14:27.846,110.63,110.62700000000001,1,2.14
11.08.2021 00:14:27.948,110.63,110.628,1,1
11.08.2021 00:14:29.544,110.631,110.628,1.57,1
11.08.2021 00:14:38.500,110.63,110.62700000000001,1,2.14
11.08.2021 00:14:38.601,110.63,110.62700000000001,1,8.57
11.08.2021 00:14:38.652,110.631,110.629,1.95,1
11.08.2021 00:14:38.754,110.634,110.631,6.11,1
11.08.2021 00:14:38.906,110.634,110.631,1.57,1.25
11.08.2021 00:14:43.994,110.634,110.63,2.32,1.2
11.08.2021 00:15:08.400,110.634,110.631,1.1,1
11.08.2021 00:15:16.558,110.634,110.63,1.1,3.64
11.08.2021 00:15:31.675,110.63600000000001,110.631,1,2.95
11.08.2021 00:15:31.776,110.63600000000001,110.632,3.45,2.95
11.08.2021 00:15:33.340,110.63600000000001,110.634,1,1.69
11.08.2021 00:15:33.442,110.63700000000001,110.63600000000001,1,1
11.08.2021 00:15:33.543,110.64,110.63700000000001,1.94,1
11.08.2021 00:15:33.594,110.641,110.63700000000001,2.89,1.39
11.08.2021 00:15:43.788,110.641,110.63799999999999,1.25,1
11.08.2021 00:15:43.940,110.641,110.63799999999999,2.39,1
11.08.2021 00:15:44.042,110.64,110.63700000000001,1.25,1
11.08.2021 00:15:51.267,110.641,110.63700000000001,1.69,2.7
11.08.2021 00:16:00.393,110.641,110.63799999999999,1.5,1
11.08.2021 00:16:06.482,110.641,110.63700000000001,1.5,3.64
11.08.2021 00:16:11.446,110.641,110.63799999999999,1,1
11.08.2021 00:16:13.948,110.64200000000001,110.63799999999999,3.64,2.25
11.08.2021 00:16:26.606,110.64200000000001,110.639,1.69,1
11.08.2021 00:16:26.656,110.644,110.64200000000001,2.25,1
11.08.2021 00:16:26.758,110.647,110.64200000000001,1.85,1
11.08.2021 00:16:26.859,110.646,110.643,1,1.2
11.08.2021 00:16:27.215,110.646,110.645,2.44,1
11.08.2021 00:16:28.086,110.646,110.643,1.69,1.5
11.08.2021 00:16:32.568,110.64200000000001,110.64,2.44,4.95
11.08.2021 00:16:32.670,110.64200000000001,110.63799999999999,3.19,1.5
11.08.2021 00:16:33.864,110.643,110.641,1,1
11.08.2021 00:16:33.966,110.643,110.64,1,1.5
11.08.2021 00:16:34.269,110.643,110.641,1,1.5
11.08.2021 00:16:35.511,110.643,110.64200000000001,1,1
11.08.2021 00:16:36.181,110.645,110.643,1.5,1
11.08.2021 00:16:36.282,110.646,110.643,1.76,1
11.08.2021 00:16:36.384,110.648,110.646,4.45,1
11.08.2021 00:16:38.587,110.647,110.645,3.51,1
11.08.2021 00:16:46.962,110.647,110.645,1.5,1
11.08.2021 00:16:56.439,110.647,110.644,1.5,1.2
11.08.2021 00:17:00.547,110.646,110.643,1.25,2.1
11.08.2021 00:17:00.649,110.646,110.643,1.25,1.95
11.08.2021 00:17:01.965,110.645,110.643,1,1.57
11.08.2021 00:17:02.016,110.643,110.64200000000001,1.25,1.5
11.08.2021 00:17:02.067,110.64200000000001,110.64,1,1
11.08.2021 00:17:02.168,110.64200000000001,110.639,1,1.01
11.08.2021 00:17:02.319,110.64200000000001,110.64,1,1
11.08.2021 00:17:04.531,110.64200000000001,110.639,1,1.01
11.08.2021 00:17:07.575,110.641,110.639,1.25,1.1
11.08.2021 00:17:07.677,110.641,110.63799999999999,1.69,1.1
11.08.2021 00:17:08.296,110.64,110.63700000000001,1.25,3.07
11.08.2021 00:17:10.844,110.64,110.63700000000001,1.25,1.57
11.08.2021 00:17:24.889,110.641,110.639,1,3.6
11.08.2021 00:17:24.940,110.644,110.641,1.5,1.2
11.08.2021 00:17:25.042,110.645,110.643,1.2,1
11.08.2021 00:17:25.562,110.645,110.64200000000001,1.39,1.5
11.08.2021 00:17:25.664,110.646,110.64200000000001,1,1
11.08.2021 00:17:26.324,110.646,110.643,1.39,1
11.08.2021 00:17:27.398,110.646,110.643,3.14,1
11.08.2021 00:17:29.512,110.646,110.643,2.14,1
11.08.2021 00:17:29.664,110.646,110.644,2.14,1
11.08.2021 00:17:45.236,110.644,110.64200000000001,1.45,1
11.08.2021 00:17:45.388,110.641,110.639,1,1
11.08.2021 00:17:46.267,110.64200000000001,110.639,2.14,1
11.08.2021 00:17:51.546,110.643,110.641,1,1.5
11.08.2021 00:17:51.652,110.645,110.643,1.25,1
11.08.2021 00:17:51.753,110.645,110.644,1.25,1
11.08.2021 00:17:53.603,110.645,110.64200000000001,2.14,1
11.08.2021 00:17:53.704,110.646,110.641,2.95,1
11.08.2021 00:17:56.571,110.643,110.64200000000001,1,1
11.08.2021 00:17:56.622,110.64200000000001,110.639,1.64,2.25
11.08.2021 00:17:56.724,110.641,110.63799999999999,2.95,1
11.08.2021 00:17:57.907,110.641,110.63799999999999,1.69,1.2
11.08.2021 00:18:09.043,110.64200000000001,110.63799999999999,3.64,3.64
11.08.2021 00:18:09.145,110.64200000000001,110.639,1,2.89
11.08.2021 00:18:09.246,110.643,110.64,2.14,1
11.08.2021 00:18:10.979,110.643,110.639,1.39,4.2
11.08.2021 00:18:11.081,110.64200000000001,110.63799999999999,1.57,5.14
11.08.2021 00:18:11.132,110.64200000000001,110.63700000000001,1.75,1.95
11.08.2021 00:18:17.122,110.641,110.635,1.26,5.7
11.08.2021 00:18:20.996,110.64,110.63600000000001,1.76,3.64
11.08.2021 00:18:21.097,110.64,110.63600000000001,3.51,2.7
11.08.2021 00:18:37.142,110.641,110.63600000000001,2.76,1
11.08.2021 00:18:42.563,110.64,110.63799999999999,1,2.7
11.08.2021 00:18:42.665,110.64200000000001,110.63799999999999,2.51,2.7
11.08.2021 00:18:50.443,110.643,110.63799999999999,2.51,1
11.08.2021 00:18:50.645,110.643,110.641,1,1.5
11.08.2021 00:18:50.747,110.645,110.64200000000001,2.97,1
11.08.2021 00:18:50.798,110.644,110.64,2.91,1.5
11.08.2021 00:18:50.950,110.643,110.639,2.16,2.25
11.08.2021 00:19:04.310,110.643,110.64200000000001,1,1
11.08.2021 00:19:04.411,110.645,110.64200000000001,1.94,1.2
11.08.2021 00:19:04.513,110.644,110.643,1,1
11.08.2021 00:19:04.665,110.645,110.643,1.76,1
11.08.2021 00:19:04.766,110.646,110.641,1.82,1
11.08.2021 00:19:04.867,110.645,110.643,1.82,1
11.08.2021 00:19:05.019,110.645,110.643,1.25,1
11.08.2021 00:19:05.221,110.646,110.643,1.01,1
11.08.2021 00:19:05.323,110.646,110.643,2.57,1
11.08.2021 00:19:11.017,110.646,110.643,1.2,1
11.08.2021 00:19:21.811,110.647,110.643,2.14,1
11.08.2021 00:19:46.886,110.647,110.644,1.57,1.75
11.08.2021 00:19:46.988,110.648,110.644,1.57,3.7
11.08.2021 00:20:19.962,110.649,110.647,1.5,1.25
11.08.2021 00:20:21.332,110.649,110.645,1.69,2.91
11.08.2021 00:20:21.561,110.649,110.645,1.69,2.89
11.08.2021 00:20:22.552,110.648,110.645,1,1.39
11.08.2021 00:20:24.102,110.648,110.645,1,1.41
11.08.2021 00:20:27.055,110.648,110.644,1.25,4.94
11.08.2021 00:20:37.342,110.648,110.645,1,1.82
11.08.2021 00:20:37.444,110.649,110.643,1,6.87
11.08.2021 00:20:53.509,110.648,110.645,1,1.41
11.08.2021 00:21:19.871,110.648,110.645,1,2.32
11.08.2021 00:21:19.972,110.65,110.645,1.95,1.25
11.08.2021 00:21:25.701,110.649,110.645,3.64,2.32
11.08.2021 00:21:59.371,110.648,110.645,1.25,2.32
11.08.2021 00:22:03.271,110.648,110.644,1.25,1.1
11.08.2021 00:22:03.531,110.646,110.64200000000001,2.25,4.7
11.08.2021 00:22:03.633,110.643,110.641,1.69,1.2
11.08.2021 00:22:03.734,110.64,110.639,1,3
11.08.2021 00:22:03.785,110.639,110.63700000000001,1.25,1.2
11.08.2021 00:22:03.937,110.639,110.63600000000001,1.25,1.57
11.08.2021 00:22:04.264,110.639,110.63700000000001,1,1.01
11.08.2021 00:22:04.365,110.64,110.63700000000001,1.69,1.1
11.08.2021 00:22:04.822,110.641,110.635,1.69,2.7
11.08.2021 00:22:06.463,110.641,110.63600000000001,1,1.2
11.08.2021 00:22:08.367,110.64,110.63600000000001,1,1.95
11.08.2021 00:22:10.596,110.64,110.63600000000001,1,2.35
11.08.2021 00:22:17.875,110.64,110.63600000000001,1.5,3.07
11.08.2021 00:22:21.966,110.64,110.63700000000001,1.5,1
11.08.2021 00:22:23.143,110.639,110.63700000000001,1,1
11.08.2021 00:22:23.513,110.639,110.63600000000001,1.25,1.5
11.08.2021 00:22:28.863,110.63799999999999,110.635,3.19,1.5
11.08.2021 00:22:28.914,110.634,110.631,2.51,1.5
11.08.2021 00:22:29.066,110.634,110.63,2.51,3.45
11.08.2021 00:22:29.167,110.634,110.631,1.01,1
11.08.2021 00:22:29.369,110.634,110.631,1.82,1
11.08.2021 00:22:29.558,110.634,110.63,1.76,2.89
11.08.2021 00:22:30.077,110.634,110.63,2.57,2.7
11.08.2021 00:22:35.905,110.635,110.629,1.76,2.14
11.08.2021 00:22:42.452,110.635,110.632,1,1.95
11.08.2021 00:22:48.590,110.635,110.632,1,1.97
11.08.2021 00:22:51.018,110.635,110.632,1.25,1.57
11.08.2021 00:22:54.289,110.63600000000001,110.634,1,2.14
11.08.2021 00:22:54.340,110.63799999999999,110.634,3.64,3.29
11.08.2021 00:23:00.455,110.64,110.634,2.44,4.04
11.08.2021 00:23:22.151,110.639,110.63600000000001,1,2.91
11.08.2021 00:23:34.190,110.64,110.63600000000001,2.44,2.91
11.08.2021 00:23:39.575,110.64,110.635,1,2.91
11.08.2021 00:23:43.935,110.64,110.63600000000001,2.44,4.41
11.08.2021 00:23:44.037,110.639,110.63700000000001,1,1.1
11.08.2021 00:23:48.610,110.64,110.63700000000001,1,1.57
11.08.2021 00:23:48.662,110.64200000000001,110.64,1.75,1
11.08.2021 00:23:48.765,110.644,110.641,1.95,1
11.08.2021 00:23:48.867,110.644,110.64200000000001,1,1
11.08.2021 00:23:48.970,110.646,110.641,1,1.95
11.08.2021 00:23:55.574,110.645,110.643,1,1
11.08.2021 00:23:55.777,110.646,110.643,1,1
11.08.2021 00:23:55.928,110.646,110.644,1.1,1
11.08.2021 00:23:56.815,110.647,110.644,2.51,1
11.08.2021 00:23:56.967,110.649,110.645,3.66,1.69
11.08.2021 00:24:00.960,110.647,110.645,1,1.25
11.08.2021 00:24:02.416,110.647,110.644,1.5,1.39
11.08.2021 00:24:04.005,110.648,110.645,1.6,1
11.08.2021 00:24:04.911,110.648,110.645,1.57,1
11.08.2021 00:24:07.680,110.648,110.644,2.7,2.89
11.08.2021 00:24:15.553,110.649,110.643,3.66,1.5
11.08.2021 00:24:36.418,110.648,110.644,2.32,2.89
11.08.2021 00:24:36.578,110.648,110.645,1,1.39
11.08.2021 00:24:38.072,110.648,110.645,1.97,1
11.08.2021 00:24:38.174,110.648,110.644,2.91,2.25
11.08.2021 00:24:45.202,110.646,110.643,2.51,1
11.08.2021 00:24:45.304,110.646,110.64200000000001,2.51,2.7
11.08.2021 00:24:46.630,110.646,110.643,1.76,1
11.08.2021 00:24:47.734,110.646,110.64200000000001,2.51,3.26
11.08.2021 00:24:58.222,110.646,110.643,1.76,1
11.08.2021 00:25:02.548,110.646,110.644,1.76,1
11.08.2021 00:25:06.298,110.646,110.643,1.1,1.5
11.08.2021 00:25:06.399,110.646,110.644,2.51,1
11.08.2021 00:25:06.551,110.646,110.643,2.51,1
11.08.2021 00:25:12.299,110.646,110.644,2.51,1
11.08.2021 00:25:16.212,110.648,110.644,3.66,1.5
11.08.2021 00:25:49.602,110.647,110.643,1.01,1
11.08.2021 00:25:49.653,110.645,110.64200000000001,3.54,1
11.08.2021 00:25:49.754,110.644,110.641,1.01,1.5
11.08.2021 00:25:50.370,110.644,110.64,7.45,2.7
11.08.2021 00:25:50.472,110.64,110.63799999999999,1.01,1
11.08.2021 00:25:55.126,110.64,110.63700000000001,2.76,1
11.08.2021 00:25:55.329,110.64,110.63700000000001,1.76,1
11.08.2021 00:26:00.324,110.64,110.63799999999999,1.25,1
11.08.2021 00:26:08.038,110.641,110.63799999999999,1,2.14
11.08.2021 00:26:15.763,110.64200000000001,110.63799999999999,1.1,2.89
11.08.2021 00:26:15.865,110.64200000000001,110.64,1.1,1
11.08.2021 00:26:24.960,110.64200000000001,110.639,2.32,1
11.08.2021 00:26:25.062,110.641,110.639,1.1,1
11.08.2021 00:26:27.398,110.641,110.63799999999999,1.1,2.25
11.08.2021 00:26:35.781,110.639,110.63600000000001,1.01,2.25
11.08.2021 00:26:35.883,110.63799999999999,110.635,1.1,2.62
11.08.2021 00:26:35.985,110.63700000000001,110.633,2.91,1
11.08.2021 00:26:41.876,110.63700000000001,110.631,2.14,1.57
11.08.2021 00:26:53.099,110.63600000000001,110.631,1,1.57
11.08.2021 00:26:53.301,110.634,110.632,1,1
11.08.2021 00:26:53.403,110.63600000000001,110.631,1.25,1.57
11.08.2021 00:27:01.453,110.63700000000001,110.635,2.44,1
11.08.2021 00:27:01.555,110.639,110.63600000000001,3.49,1
11.08.2021 00:27:01.656,110.639,110.63600000000001,1.1,1
11.08.2021 00:27:01.757,110.639,110.63600000000001,4.1,1
11.08.2021 00:27:03.385,110.63799999999999,110.634,3.26,2.7
11.08.2021 00:27:04.496,110.63700000000001,110.634,1,2.7
11.08.2021 00:27:04.803,110.63799999999999,110.634,2.51,2.7
11.08.2021 00:27:05.053,110.63700000000001,110.634,1,2.7
11.08.2021 00:27:05.209,110.63799999999999,110.634,2.51,2.7
11.08.2021 00:27:05.427,110.63799999999999,110.634,2.91,2.25
11.08.2021 00:27:06.284,110.63700000000001,110.633,1.1,2.7
11.08.2021 00:27:06.385,110.63600000000001,110.633,1.5,1.95
11.08.2021 00:27:09.443,110.64,110.634,4.11,1.5
11.08.2021 00:27:09.545,110.64,110.634,4.46,1.95
11.08.2021 00:27:12.288,110.639,110.635,4.41,1.5
11.08.2021 00:27:12.389,110.63700000000001,110.635,1,1
11.08.2021 00:27:27.104,110.639,110.635,1.57,4.95
11.08.2021 00:27:27.227,110.639,110.63600000000001,1.1,1.5
11.08.2021 00:27:27.840,110.64,110.63600000000001,2.51,3.45
11.08.2021 00:27:31.065,110.64,110.63700000000001,1.57,1
11.08.2021 00:28:02.328,110.64,110.63600000000001,2.51,3.45
11.08.2021 00:28:27.221,110.639,110.63600000000001,1.76,1.5
11.08.2021 00:28:27.272,110.63700000000001,110.634,1.39,2.25
11.08.2021 00:28:27.374,110.635,110.633,1,1
11.08.2021 00:28:30.166,110.635,110.632,1,1.57
11.08.2021 00:28:31.715,110.635,110.633,1,1
11.08.2021 00:28:32.806,110.63600000000001,110.633,1.39,1
11.08.2021 00:28:34.178,110.63600000000001,110.632,2.14,2.32
11.08.2021 00:28:44.060,110.63600000000001,110.633,1.01,1
11.08.2021 00:28:44.162,110.63600000000001,110.634,1.01,1
11.08.2021 00:28:49.442,110.63799999999999,110.635,3.91,1
11.08.2021 00:28:49.544,110.63799999999999,110.63600000000001,1.76,1
11.08.2021 00:28:49.645,110.639,110.63600000000001,2.51,1
11.08.2021 00:28:49.747,110.639,110.63600000000001,2.91,1
11.08.2021 00:28:50.439,110.639,110.63600000000001,1.76,1.5
11.08.2021 00:28:57.041,110.639,110.63700000000001,1.1,1
11.08.2021 00:28:57.344,110.639,110.63600000000001,1.1,1.5
11.08.2021 00:28:57.446,110.63600000000001,110.634,1.25,1
11.08.2021 00:28:57.547,110.63600000000001,110.634,2.57,1
11.08.2021 00:29:11.949,110.63600000000001,110.634,1.1,1
11.08.2021 00:29:14.196,110.63600000000001,110.633,1.01,1
11.08.2021 00:29:14.564,110.63600000000001,110.633,1.82,1
11.08.2021 00:29:14.665,110.63600000000001,110.632,1.82,2.7
11.08.2021 00:29:29.036,110.635,110.632,1.35,2.25
11.08.2021 00:29:48.938,110.635,110.632,1.76,1
11.08.2021 00:29:55.063,110.635,110.632,1.82,1.5
11.08.2021 00:29:55.164,110.635,110.632,1.76,1
11.08.2021 00:30:03.508,110.635,110.631,2.97,3
11.08.2021 00:30:03.609,110.63,110.628,1.25,1
11.08.2021 00:30:03.711,110.631,110.626,2.89,1
11.08.2021 00:30:04.283,110.63,110.626,2.89,1.57
11.08.2021 00:30:04.422,110.63,110.626,3.89,1.57
11.08.2021 00:30:04.918,110.629,110.625,1.76,2.7
11.08.2021 00:30:14.316,110.629,110.625,1.69,2.85
11.08.2021 00:30:15.194,110.629,110.625,1.39,2.32
11.08.2021 00:30:19.760,110.629,110.625,2.29,1.5
11.08.2021 00:30:19.879,110.629,110.625,1.76,1.5
11.08.2021 00:30:27.478,110.629,110.626,1,1.5
11.08.2021 00:30:31.476,110.63,110.624,1.2,3.19
11.08.2021 00:30:36.479,110.628,110.625,1,1.25
11.08.2021 00:30:39.047,110.629,110.625,1.39,2.44
11.08.2021 00:30:39.149,110.63,110.62700000000001,2.54,1
11.08.2021 00:30:56.889,110.63,110.628,2.95,1
11.08.2021 00:30:56.940,110.632,110.631,1,1
11.08.2021 00:30:57.042,110.633,110.632,1.39,1
11.08.2021 00:30:57.144,110.634,110.632,1,1
11.08.2021 00:30:57.447,110.632,110.631,1,1
11.08.2021 00:31:00.223,110.632,110.63,1,1
11.08.2021 00:31:01.410,110.633,110.631,1.69,1
11.08.2021 00:31:02.806,110.632,110.63,2.69,1.57
11.08.2021 00:31:02.856,110.631,110.629,1.2,2.62
11.08.2021 00:31:02.958,110.629,110.62700000000001,1,1.57
11.08.2021 00:31:19.714,110.63,110.62700000000001,1.69,1
11.08.2021 00:31:21.503,110.63,110.628,1.69,1
11.08.2021 00:31:46.590,110.63,110.626,2.89,1.57
11.08.2021 00:31:46.692,110.629,110.626,1,1.57
11.08.2021 00:31:56.514,110.629,110.626,1,1.6
11.08.2021 00:31:57.372,110.63,110.626,1.69,3.1
11.08.2021 00:32:12.358,110.63,110.628,1.25,1
11.08.2021 00:32:17.720,110.632,110.629,1,2.89
11.08.2021 00:32:17.821,110.634,110.63,2.25,3.64
11.08.2021 00:32:17.923,110.634,110.63,1.5,4.16
11.08.2021 00:32:18.181,110.634,110.632,1,1
11.08.2021 00:32:18.282,110.635,110.632,1.5,1
11.08.2021 00:33:11.939,110.63600000000001,110.632,3.19,4.35
11.08.2021 00:33:12.999,110.635,110.632,1.25,2.7
11.08.2021 00:34:01.378,110.634,110.63,1.69,5.25
11.08.2021 00:34:01.479,110.633,110.63,1.25,2.32
11.08.2021 00:34:01.632,110.629,110.628,1.69,1.5
11.08.2021 00:34:01.683,110.629,110.626,1,2.77
11.08.2021 00:34:01.786,110.628,110.626,1.25,1.5
11.08.2021 00:34:02.145,110.628,110.625,1.25,2.7
11.08.2021 00:34:09.326,110.629,110.625,2.14,3.26
11.08.2021 00:34:10.723,110.629,110.626,2.14,1
11.08.2021 00:34:16.380,110.629,110.62700000000001,1,1.2
11.08.2021 00:34:24.891,110.63,110.625,1,2.14
11.08.2021 00:35:44.353,110.629,110.626,1,1.7
11.08.2021 00:35:54.259,110.629,110.626,1,1.39
11.08.2021 00:36:08.442,110.63,110.626,2.44,1.95
11.08.2021 00:36:17.384,110.63,110.62700000000001,1.69,1
11.08.2021 00:36:35.709,110.632,110.631,1,1
11.08.2021 00:36:35.812,110.634,110.631,1.2,2.14
11.08.2021 00:36:35.914,110.635,110.632,1.57,1
11.08.2021 00:37:00.546,110.635,110.631,2.91,2.25
11.08.2021 00:37:09.457,110.634,110.631,1.82,1.5
11.08.2021 00:37:59.680,110.635,110.632,3.16,1
11.08.2021 00:38:10.024,110.635,110.631,3.91,2.25
11.08.2021 00:38:14.214,110.63600000000001,110.63,3.32,3.2
11.08.2021 00:38:14.375,110.635,110.631,3.51,3.82
11.08.2021 00:38:19.357,110.635,110.632,3.16,1
11.08.2021 00:38:22.678,110.635,110.631,3.91,2.62
11.08.2021 00:38:29.410,110.635,110.631,3.32,3.95
11.08.2021 00:38:34.565,110.635,110.631,3.91,3
11.08.2021 00:38:37.289,110.63600000000001,110.631,1.57,1
11.08.2021 00:38:47.966,110.635,110.633,1.1,1
11.08.2021 00:39:01.999,110.63600000000001,110.632,2.91,1.5
11.08.2021 00:39:15.231,110.639,110.63600000000001,2.74,2.25
11.08.2021 00:39:15.434,110.64,110.63600000000001,4.41,3
11.08.2021 00:39:16.444,110.64,110.63600000000001,4.39,3.07
11.08.2021 00:39:18.505,110.64,110.63600000000001,3,3.66
11.08.2021 00:39:31.452,110.64200000000001,110.63700000000001,2,1.97
11.08.2021 00:39:31.553,110.64200000000001,110.639,1.69,1.57
11.08.2021 00:39:31.654,110.641,110.639,2.94,1
11.08.2021 00:39:34.205,110.641,110.63700000000001,3.69,2.72
11.08.2021 00:39:34.310,110.64200000000001,110.63600000000001,4.59,2.32
11.08.2021 00:39:47.369,110.63799999999999,110.635,1,4.2
11.08.2021 00:39:52.101,110.63799999999999,110.63600000000001,1,1.57
11.08.2021 00:39:52.203,110.639,110.63600000000001,1,1.97
11.08.2021 00:39:52.305,110.64,110.63700000000001,1.5,1.1
11.08.2021 00:40:27.734,110.64,110.63700000000001,1,2.91
11.08.2021 00:40:29.987,110.64,110.63700000000001,1,2.32
11.08.2021 00:40:39.307,110.641,110.639,3.65,1
11.08.2021 00:40:39.761,110.644,110.641,2.96,1
11.08.2021 00:40:39.913,110.644,110.64200000000001,1.2,1.5
11.08.2021 00:40:40.015,110.646,110.64200000000001,5.84,1.95
11.08.2021 00:40:40.116,110.646,110.643,3.59,1
11.08.2021 00:40:40.217,110.646,110.643,1.39,1.5
11.08.2021 00:41:02.227,110.647,110.644,1,1.57
11.08.2021 00:41:02.328,110.648,110.645,3.64,1
11.08.2021 00:41:03.168,110.65,110.647,1.25,1.57
11.08.2021 00:41:03.371,110.65,110.647,2.01,1.5
11.08.2021 00:41:03.472,110.65,110.646,4.66,1
11.08.2021 00:41:03.574,110.649,110.645,2.91,1.5
11.08.2021 00:41:03.877,110.647,110.643,1.01,2.25
11.08.2021 00:41:07.132,110.647,110.645,1,2.87
11.08.2021 00:41:07.234,110.648,110.645,1.2,1
11.08.2021 00:41:07.336,110.648,110.646,1.2,1
11.08.2021 00:41:07.539,110.649,110.644,1.2,1
11.08.2021 00:41:07.642,110.647,110.645,1.25,1
11.08.2021 00:41:13.663,110.648,110.644,3.04,1.5
11.08.2021 00:41:16.154,110.648,110.644,1.95,3.07
11.08.2021 00:41:26.754,110.647,110.644,1.5,1.57
11.08.2021 00:41:26.856,110.646,110.643,1.1,2.25
11.08.2021 00:41:42.113,110.648,110.643,3.66,1
11.08.2021 00:41:44.591,110.647,110.644,2.32,1
11.08.2021 00:42:02.758,110.647,110.644,1.41,1
11.08.2021 00:42:10.419,110.645,110.64200000000001,3.1,1.5
11.08.2021 00:42:10.520,110.645,110.641,3.66,3
11.08.2021 00:42:12.565,110.645,110.64200000000001,2.51,1
11.08.2021 00:42:14.046,110.645,110.643,1,1
11.08.2021 00:42:18.441,110.644,110.641,2.16,1
11.08.2021 00:42:18.593,110.641,110.639,1,1
11.08.2021 00:42:18.644,110.64,110.63700000000001,1.1,3
11.08.2021 00:42:18.746,110.64,110.63700000000001,2.01,1.5
11.08.2021 00:42:18.847,110.63700000000001,110.63600000000001,1,1.12
11.08.2021 00:42:18.899,110.63600000000001,110.633,1,1.69
11.08.2021 00:42:19.006,110.635,110.632,1.1,1
11.08.2021 00:42:19.158,110.634,110.631,1,2.64
11.08.2021 00:42:19.410,110.634,110.631,1.1,1.69
11.08.2021 00:42:24.554,110.634,110.631,1.1,2.19
11.08.2021 00:42:24.747,110.634,110.631,1.1,1.69
11.08.2021 00:42:45.813,110.634,110.63,1.57,3.64
11.08.2021 00:42:46.341,110.634,110.629,1.1,2.44
11.08.2021 00:42:46.442,110.631,110.629,1.57,1.12
11.08.2021 00:42:46.543,110.632,110.626,1.57,4.82
11.08.2021 00:42:46.745,110.632,110.629,1.1,1.12
11.08.2021 00:42:52.284,110.633,110.629,2.32,2.89
11.08.2021 00:42:52.392,110.633,110.63,1.1,1
11.08.2021 00:42:52.494,110.633,110.63,1,2.2
11.08.2021 00:42:52.597,110.633,110.631,1,1.75
11.08.2021 00:42:52.699,110.635,110.63,1,2.57
11.08.2021 00:42:52.956,110.635,110.631,2.25,3.32
11.08.2021 00:42:55.916,110.635,110.631,2.25,2.51
11.08.2021 00:42:56.219,110.634,110.631,1.1,1.69
11.08.2021 00:42:56.523,110.635,110.631,2.25,1.76
11.08.2021 00:42:56.625,110.63600000000001,110.63,2.72,1.69
11.08.2021 00:43:15.251,110.634,110.632,1,1
11.08.2021 00:43:19.691,110.635,110.632,1.5,1
11.08.2021 00:43:44.393,110.635,110.631,1.97,3
11.08.2021 00:43:52.678,110.634,110.631,1.97,1
11.08.2021 00:43:55.996,110.634,110.631,1.5,1
11.08.2021 00:44:04.962,110.63600000000001,110.631,1.2,1
11.08.2021 00:44:05.470,110.635,110.631,1,1
11.08.2021 00:44:06.023,110.635,110.632,1.2,1
11.08.2021 00:44:10.462,110.63700000000001,110.634,1.5,1.95
11.08.2021 00:44:10.563,110.63799999999999,110.635,1.27,2.06
11.08.2021 00:44:10.665,110.639,110.635,2.32,5.95
11.08.2021 00:44:11.963,110.63799999999999,110.635,1.1,2.25
11.08.2021 00:44:12.317,110.63799999999999,110.634,2.32,1.95
11.08.2021 00:44:18.728,110.63700000000001,110.633,1.57,4.39
11.08.2021 00:44:20.718,110.63600000000001,110.633,1,1.2
11.08.2021 00:44:34.963,110.63799999999999,110.63600000000001,3,1
11.08.2021 00:44:35.067,110.639,110.63700000000001,1.57,1
11.08.2021 00:44:37.512,110.64,110.635,3.66,1
11.08.2021 00:44:37.613,110.63799999999999,110.63600000000001,1.22,1
11.08.2021 00:44:37.714,110.63799999999999,110.635,3.17,1
11.08.2021 00:44:54.719,110.63600000000001,110.634,1.57,1
11.08.2021 00:44:59.953,110.63799999999999,110.63600000000001,1.1,1
11.08.2021 00:45:00.105,110.63799999999999,110.635,1.97,1
11.08.2021 00:45:08.853,110.63700000000001,110.634,1.57,1.69
11.08.2021 00:45:14.876,110.63600000000001,110.634,1,1
11.08.2021 00:45:14.977,110.63600000000001,110.633,1,1.95
11.08.2021 00:45:21.153,110.63700000000001,110.633,2.32,2.7
11.08.2021 00:45:21.255,110.63700000000001,110.635,1,1.5
11.08.2021 00:45:21.356,110.63799999999999,110.635,1.57,1
11.08.2021 00:45:21.507,110.639,110.634,2.35,1
11.08.2021 00:45:23.301,110.63700000000001,110.635,1.97,1
11.08.2021 00:45:24.013,110.63700000000001,110.63600000000001,1.5,1
11.08.2021 00:45:24.286,110.63700000000001,110.634,1,2.14
11.08.2021 00:45:25.547,110.63700000000001,110.634,1.97,1
11.08.2021 00:45:25.649,110.63700000000001,110.632,1.57,1.5
11.08.2021 00:45:25.750,110.63600000000001,110.633,2.72,1
11.08.2021 00:45:25.902,110.635,110.632,1.57,1.5
11.08.2021 00:45:30.724,110.635,110.633,1.57,1
11.08.2021 00:45:30.825,110.63700000000001,110.634,2.72,1
11.08.2021 00:45:32.364,110.63700000000001,110.633,3.47,1.69
11.08.2021 00:45:47.769,110.63799999999999,110.63600000000001,1,1
11.08.2021 00:45:47.875,110.639,110.63700000000001,1.2,1
11.08.2021 00:45:47.977,110.64,110.63700000000001,1.95,1.25
11.08.2021 00:46:04.243,110.641,110.63799999999999,1.2,1
11.08.2021 00:46:04.344,110.64200000000001,110.639,1.95,1
11.08.2021 00:46:05.005,110.643,110.641,1.2,1.5
11.08.2021 00:46:05.056,110.645,110.64200000000001,2.4,1
11.08.2021 00:46:05.208,110.646,110.643,1.5,1.2
11.08.2021 00:46:05.310,110.646,110.644,1.2,1
11.08.2021 00:46:05.461,110.646,110.643,1.95,1
11.08.2021 00:46:07.981,110.646,110.644,1.2,1
11.08.2021 00:46:13.383,110.647,110.644,1.2,1
11.08.2021 00:46:31.766,110.647,110.645,1,1
11.08.2021 00:46:34.689,110.647,110.644,1,1.95
11.08.2021 00:46:38.233,110.647,110.645,1,1
11.08.2021 00:47:08.337,110.648,110.645,1.2,1
11.08.2021 00:47:09.204,110.65,110.649,1.1,1
11.08.2021 00:47:09.306,110.65200000000002,110.649,1.7,3.19
11.08.2021 00:47:09.509,110.65,110.648,1.22,1
11.08.2021 00:47:09.610,110.65,110.647,1.22,1
11.08.2021 00:47:09.712,110.65,110.647,2.47,1
11.08.2021 00:47:09.813,110.65,110.647,1.97,1
11.08.2021 00:47:10.015,110.65,110.647,1.2,1.69
11.08.2021 00:47:16.381,110.65,110.647,2.1,1
11.08.2021 00:47:16.747,110.65,110.646,3.97,1.69
11.08.2021 00:47:17.077,110.649,110.647,1.95,1
11.08.2021 00:47:17.383,110.65,110.647,1.95,1
11.08.2021 00:47:21.642,110.65100000000001,110.648,2.32,1
11.08.2021 00:47:21.743,110.65,110.648,1,1
11.08.2021 00:47:21.845,110.65200000000002,110.649,3.07,1
11.08.2021 00:47:22.880,110.65299999999999,110.65,4.35,1.5
11.08.2021 00:47:22.982,110.65299999999999,110.65100000000001,1.5,1
11.08.2021 00:47:23.337,110.654,110.65100000000001,3.07,1
11.08.2021 00:47:32.335,110.655,110.654,1,1
11.08.2021 00:47:32.386,110.656,110.65200000000002,1.2,2.51
11.08.2021 00:47:32.488,110.656,110.65299999999999,1,1.1
11.08.2021 00:47:32.590,110.656,110.65200000000002,1.2,2.51
11.08.2021 00:47:32.994,110.655,110.65200000000002,1,1.57
11.08.2021 00:47:34.705,110.656,110.65200000000002,2.14,1.57
11.08.2021 00:47:34.857,110.65700000000001,110.65299999999999,3.82,1.57
11.08.2021 00:47:39.528,110.65700000000001,110.654,2.19,1
11.08.2021 00:47:41.560,110.658,110.655,1.5,1.57
11.08.2021 00:47:41.662,110.658,110.655,3.41,1
11.08.2021 00:47:41.764,110.65700000000001,110.654,1.95,1
11.08.2021 00:47:48.013,110.656,110.65299999999999,1.39,1
11.08.2021 00:47:48.519,110.65700000000001,110.65299999999999,1.5,1.95
11.08.2021 00:47:53.497,110.658,110.655,1.95,1
11.08.2021 00:47:53.901,110.658,110.656,1.12,1
11.08.2021 00:48:42.965,110.65899999999999,110.656,1.57,1
11.08.2021 00:48:47.782,110.65899999999999,110.656,1,4.26
11.08.2021 00:48:47.883,110.66,110.656,2.14,4.07
11.08.2021 00:48:54.312,110.66,110.656,2.14,3.26
11.08.2021 00:48:59.475,110.65899999999999,110.656,1,2.14
11.08.2021 00:49:01.165,110.656,110.655,1.5,1.5
11.08.2021 00:49:01.216,110.656,110.65299999999999,1.57,1
11.08.2021 00:49:01.318,110.655,110.65200000000002,1.1,2.06
11.08.2021 00:49:01.419,110.65700000000001,110.65200000000002,1.57,1
11.08.2021 00:49:03.444,110.656,110.65200000000002,2.32,2.89
11.08.2021 00:49:03.682,110.655,110.65200000000002,1,2.14
11.08.2021 00:49:04.109,110.656,110.65299999999999,1.2,1
11.08.2021 00:49:04.316,110.65700000000001,110.65299999999999,3.07,2.14
11.08.2021 00:49:05.099,110.655,110.65299999999999,1.87,1.5
11.08.2021 00:49:05.201,110.65299999999999,110.65,1.5,1.2
11.08.2021 00:49:05.302,110.65100000000001,110.648,2.14,1.52
11.08.2021 00:49:05.404,110.65100000000001,110.648,1.25,1.95
11.08.2021 00:49:36.094,110.65,110.648,1,1.5
11.08.2021 00:49:36.196,110.648,110.645,1,1.69
11.08.2021 00:49:36.297,110.647,110.645,1,1
11.08.2021 00:49:36.398,110.646,110.643,1,1.87
11.08.2021 00:49:39.002,110.645,110.64200000000001,1,2.25
11.08.2021 00:49:42.937,110.645,110.643,1,1
11.08.2021 00:49:43.089,110.645,110.64200000000001,1,1.5
11.08.2021 00:49:55.282,110.644,110.64200000000001,1.95,1
11.08.2021 00:49:55.384,110.644,110.64200000000001,3.32,1
11.08.2021 00:49:58.663,110.644,110.641,3.32,1
11.08.2021 00:50:00.239,110.644,110.641,2.14,1
11.08.2021 00:50:02.792,110.644,110.64200000000001,1.25,1
11.08.2021 00:50:03.901,110.645,110.64200000000001,2.14,1.5
11.08.2021 00:50:08.709,110.645,110.643,1,1
11.08.2021 00:50:08.811,110.647,110.644,1.95,1
11.08.2021 00:50:10.134,110.648,110.644,2.7,2.44
11.08.2021 00:50:10.332,110.648,110.645,1.2,1
11.08.2021 00:50:10.433,110.649,110.645,3.26,1.5
11.08.2021 00:50:11.387,110.649,110.646,1.5,1
11.08.2021 00:50:13.912,110.65100000000001,110.647,3.37,2.32
11.08.2021 00:50:13.962,110.65100000000001,110.649,1,1
11.08.2021 00:50:14.115,110.65299999999999,110.65,1,1.5
11.08.2021 00:50:14.216,110.655,110.65100000000001,3.97,1
11.08.2021 00:50:14.318,110.655,110.65100000000001,3.45,1.5
11.08.2021 00:50:19.425,110.654,110.65100000000001,1,1.5
11.08.2021 00:50:21.047,110.654,110.65,2.25,2.89
11.08.2021 00:50:22.605,110.654,110.65100000000001,1.5,1
11.08.2021 00:50:26.542,110.654,110.65,2.32,2.89
11.08.2021 00:50:28.150,110.654,110.65100000000001,1.95,1
11.08.2021 00:50:48.678,110.654,110.65100000000001,1.97,1
11.08.2021 00:50:48.829,110.654,110.65,2.91,1.5
11.08.2021 00:50:53.716,110.654,110.65100000000001,1.95,1
11.08.2021 00:50:55.990,110.655,110.65200000000002,2.85,1
11.08.2021 00:50:57.543,110.655,110.65200000000002,1.57,1.5
11.08.2021 00:50:57.695,110.65700000000001,110.654,1.2,1.5
11.08.2021 00:50:57.797,110.658,110.654,1.2,1.5
11.08.2021 00:51:03.929,110.65899999999999,110.655,3.29,1.5
11.08.2021 00:51:04.030,110.65899999999999,110.656,2.51,1
11.08.2021 00:51:07.722,110.661,110.65700000000001,2.82,2.89
11.08.2021 00:51:07.823,110.661,110.65700000000001,2.89,1.95
11.08.2021 00:51:08.819,110.661,110.65700000000001,5.85,1.5
11.08.2021 00:51:44.371,110.65899999999999,110.65700000000001,1,1
11.08.2021 00:51:48.441,110.66,110.65700000000001,1.76,1
11.08.2021 00:52:00.130,110.663,110.661,2.32,1
11.08.2021 00:52:00.232,110.661,110.65899999999999,1,1
11.08.2021 00:52:00.333,110.661,110.658,1,1.95
11.08.2021 00:52:02.157,110.661,110.658,2.29,1
11.08.2021 00:52:02.825,110.66,110.65700000000001,1.2,1
11.08.2021 00:52:03.504,110.66,110.656,1.95,2.14
11.08.2021 00:52:04.929,110.65899999999999,110.656,1,1.39
11.08.2021 00:52:05.034,110.65899999999999,110.655,1,1.39
11.08.2021 00:52:05.186,110.658,110.65700000000001,1,1
11.08.2021 00:52:05.288,110.658,110.656,1,1.39
11.08.2021 00:52:05.442,110.658,110.655,1,1.25
11.08.2021 00:52:06.165,110.654,110.65200000000002,1,1.12
11.08.2021 00:52:06.266,110.65299999999999,110.65100000000001,1,2.02
11.08.2021 00:52:06.418,110.654,110.65100000000001,1,2.16
11.08.2021 00:52:06.520,110.655,110.65200000000002,1.25,1.1
11.08.2021 00:52:06.671,110.655,110.65299999999999,1.25,1
11.08.2021 00:52:14.080,110.654,110.65200000000002,1,1.1
11.08.2021 00:52:16.568,110.654,110.65100000000001,1.69,1
11.08.2021 00:52:42.618,110.654,110.65,2.89,2.32
11.08.2021 00:52:44.335,110.654,110.65,3.7,2.32
11.08.2021 00:52:49.550,110.65299999999999,110.65100000000001,1.5,1.2
11.08.2021 00:52:49.753,110.654,110.65100000000001,2.25,1.2
11.08.2021 00:52:49.854,110.654,110.65100000000001,3.62,1.2
11.08.2021 00:52:52.493,110.654,110.65100000000001,1.69,1.2
11.08.2021 00:52:55.313,110.654,110.65200000000002,1.25,1
11.08.2021 00:52:55.414,110.654,110.65100000000001,1.25,1.95
11.08.2021 00:53:06.376,110.654,110.65200000000002,1.25,1
11.08.2021 00:53:10.104,110.655,110.65200000000002,2.7,1
11.08.2021 00:53:10.205,110.65700000000001,110.654,1.69,1
11.08.2021 00:53:10.307,110.65899999999999,110.655,4.09,2.7
11.08.2021 00:53:10.408,110.65899999999999,110.656,2.14,1
11.08.2021 00:53:10.622,110.65899999999999,110.655,2.14,2.7
11.08.2021 00:53:11.545,110.65899999999999,110.656,1.2,1
11.08.2021 00:53:12.378,110.65899999999999,110.65700000000001,1.2,1
11.08.2021 00:53:12.681,110.66,110.65700000000001,2.7,1
11.08.2021 00:53:12.883,110.661,110.65700000000001,1.95,2.89
11.08.2021 00:53:12.985,110.662,110.66,1.95,1.25
11.08.2021 00:53:13.036,110.665,110.662,1.1,1
11.08.2021 00:53:13.239,110.66600000000001,110.66,1.1,2.14
11.08.2021 00:53:13.340,110.665,110.662,1.1,1
11.08.2021 00:53:13.845,110.66600000000001,110.663,1.97,1
11.08.2021 00:53:13.946,110.66600000000001,110.663,1.57,1
11.08.2021 00:53:14.098,110.66700000000002,110.664,1.95,1
11.08.2021 00:53:19.054,110.66600000000001,110.664,1,1
11.08.2021 00:53:19.463,110.66600000000001,110.663,1,2.14
11.08.2021 00:53:19.917,110.66700000000002,110.664,2.7,1.69
11.08.2021 00:53:21.371,110.66799999999999,110.664,1.2,1.25
11.08.2021 00:53:21.621,110.66700000000002,110.664,1.2,1.25
11.08.2021 00:53:21.774,110.66700000000002,110.664,1.2,1.75
11.08.2021 00:53:21.875,110.66700000000002,110.663,1.95,2.51
11.08.2021 00:53:22.437,110.66799999999999,110.662,2.1,1.5
11.08.2021 00:53:25.359,110.665,110.663,1,1
11.08.2021 00:53:28.965,110.66600000000001,110.663,1.95,1
11.08.2021 00:53:34.626,110.66799999999999,110.66600000000001,1,1.5
11.08.2021 00:53:34.727,110.67,110.66799999999999,3.07,1
11.08.2021 00:53:37.837,110.671,110.66799999999999,1.1,1.5
11.08.2021 00:53:37.938,110.67200000000001,110.669,1.1,1.25
11.08.2021 00:53:39.078,110.67399999999999,110.66799999999999,2.32,2.95
11.08.2021 00:53:39.281,110.673,110.669,2.72,2.5
11.08.2021 00:53:41.068,110.67,110.66799999999999,1.57,1.2
11.08.2021 00:53:41.636,110.67,110.66700000000002,1.57,1.25
11.08.2021 00:53:43.000,110.66700000000002,110.66600000000001,1,1
11.08.2021 00:53:43.101,110.66799999999999,110.66600000000001,1.95,1
11.08.2021 00:53:43.202,110.66799999999999,110.665,1.57,1.25
11.08.2021 00:53:49.785,110.66600000000001,110.665,1.5,1
11.08.2021 00:53:50.088,110.66700000000002,110.664,1.57,1.67
11.08.2021 00:53:55.106,110.66600000000001,110.664,1,1.25
11.08.2021 00:53:55.208,110.66700000000002,110.664,2.32,1.25
11.08.2021 00:53:55.561,110.66600000000001,110.663,1,2.2
11.08.2021 00:53:55.662,110.66700000000002,110.664,2.32,1.25
11.08.2021 00:53:56.194,110.66700000000002,110.665,2.32,1
11.08.2021 00:53:56.396,110.66600000000001,110.663,1.1,2.95
11.08.2021 00:53:56.728,110.66700000000002,110.663,2.72,1.69
11.08.2021 00:53:56.880,110.66700000000002,110.663,4.6,2.5
11.08.2021 00:53:57.197,110.66799999999999,110.662,2.72,2.44
11.08.2021 00:53:57.299,110.66799999999999,110.663,2.72,1.25
11.08.2021 00:53:57.400,110.66799999999999,110.663,2.32,1.25
11.08.2021 00:54:00.660,110.66600000000001,110.663,1,2.39
11.08.2021 00:54:00.998,110.66600000000001,110.663,1,2.14
11.08.2021 00:54:01.351,110.66700000000002,110.663,3.26,1.95
11.08.2021 00:54:01.453,110.665,110.663,1,1.2
11.08.2021 00:54:01.651,110.66700000000002,110.664,1.01,1.5
11.08.2021 00:54:01.752,110.66700000000002,110.665,1.01,1
11.08.2021 00:54:01.853,110.66700000000002,110.664,1.01,1
11.08.2021 00:54:02.391,110.665,110.663,1,1.2
11.08.2021 00:54:02.543,110.66600000000001,110.663,1.25,1.2
11.08.2021 00:54:02.645,110.665,110.663,1,1.2
11.08.2021 00:54:02.849,110.665,110.662,1,2.7
11.08.2021 00:54:02.950,110.662,110.66,1,1.2
11.08.2021 00:54:03.052,110.661,110.65700000000001,1.5,5.29
11.08.2021 00:54:03.203,110.66,110.65700000000001,1.5,1.65
11.08.2021 00:54:03.305,110.65899999999999,110.65700000000001,1.76,1.2
11.08.2021 00:54:03.356,110.65700000000001,110.655,1,1.95
11.08.2021 00:54:03.407,110.65899999999999,110.656,1.76,1
11.08.2021 00:54:03.508,110.658,110.655,1,1.2
11.08.2021 00:54:03.811,110.65700000000001,110.654,1.5,2.14
11.08.2021 00:54:04.267,110.654,110.65200000000002,1,3.19
11.08.2021 00:54:04.369,110.654,110.65100000000001,1.69,3.15
11.08.2021 00:54:04.580,110.65299999999999,110.65,1,2.1
11.08.2021 00:54:05.821,110.65299999999999,110.65,1,1.57
11.08.2021 00:54:06.572,110.654,110.65,1.5,3.07
11.08.2021 00:54:08.123,110.654,110.65100000000001,1.5,1
11.08.2021 00:54:08.174,110.662,110.658,1.87,1
11.08.2021 00:54:08.276,110.662,110.65899999999999,2.25,1
11.08.2021 00:54:08.327,110.662,110.65899999999999,1.5,1.5
11.08.2021 00:54:08.530,110.663,110.65899999999999,3.19,2.25
11.08.2021 00:54:09.040,110.662,110.65899999999999,1.75,1.87
11.08.2021 00:54:09.141,110.661,110.658,1.25,1.2
11.08.2021 00:54:09.243,110.661,110.658,1.25,1.7
11.08.2021 00:54:09.344,110.661,110.65700000000001,1.69,5.47
11.08.2021 00:54:09.445,110.661,110.65899999999999,1.25,1
11.08.2021 00:54:09.597,110.661,110.658,1.25,1.95
11.08.2021 00:54:09.712,110.662,110.65899999999999,1,1
11.08.2021 00:54:09.813,110.663,110.65899999999999,2.44,1.5
11.08.2021 00:54:09.927,110.663,110.66,2.44,1
11.08.2021 00:54:11.109,110.663,110.65899999999999,4.45,1.95
11.08.2021 00:54:11.311,110.663,110.66,3.7,1
11.08.2021 00:54:11.926,110.663,110.66,2.89,1
11.08.2021 00:54:12.662,110.663,110.661,2.7,1
11.08.2021 00:54:12.763,110.663,110.66,2.7,1
11.08.2021 00:54:14.332,110.664,110.662,1,1.69
11.08.2021 00:54:14.383,110.66700000000002,110.664,1.5,1
11.08.2021 00:54:14.687,110.66700000000002,110.663,1.5,3.19
11.08.2021 00:54:14.846,110.669,110.66600000000001,2.25,1.5
11.08.2021 00:54:14.947,110.66799999999999,110.66600000000001,1,1.25
11.08.2021 00:54:14.998,110.66799999999999,110.665,1.5,2.14
11.08.2021 00:54:15.099,110.66700000000002,110.665,1,1.39
11.08.2021 00:54:20.078,110.66600000000001,110.665,1,1.25
11.08.2021 00:54:20.180,110.665,110.663,1.5,1.25
11.08.2021 00:54:20.281,110.66600000000001,110.664,1.5,1.25
11.08.2021 00:54:20.433,110.665,110.662,1,5.35
11.08.2021 00:54:20.484,110.66600000000001,110.664,1.5,1.25
11.08.2021 00:54:20.793,110.67,110.669,1,1.25
11.08.2021 00:54:20.895,110.671,110.669,1,1.39
11.08.2021 00:54:21.350,110.67,110.669,1,1
11.08.2021 00:54:21.400,110.669,110.66600000000001,1.5,1.69
11.08.2021 00:54:21.451,110.669,110.66799999999999,1,1.25
11.08.2021 00:54:21.502,110.671,110.669,1.5,1.25
11.08.2021 00:54:21.603,110.67,110.66799999999999,1.5,1.25
11.08.2021 00:54:21.967,110.671,110.669,1,1.25
11.08.2021 00:54:22.068,110.67200000000001,110.669,2.25,1.25
11.08.2021 00:54:22.432,110.669,110.66799999999999,1,1.25
11.08.2021 00:54:22.533,110.67,110.66799999999999,1.5,1.25
11.08.2021 00:54:26.102,110.673,110.66799999999999,1.5,1.76
11.08.2021 00:54:27.198,110.67,110.66700000000002,1.5,1.25
11.08.2021 00:54:27.299,110.67,110.665,1,2.57
11.08.2021 00:54:27.401,110.67,110.66600000000001,2.25,3.32
11.08.2021 00:54:28.115,110.66799999999999,110.665,1.5,1.25
11.08.2021 00:54:28.216,110.66799999999999,110.66600000000001,1.5,1.25
11.08.2021 00:54:28.318,110.66700000000002,110.664,1.5,1.45
11.08.2021 00:54:29.050,110.66600000000001,110.664,1,2.2
11.08.2021 00:54:29.202,110.66700000000002,110.665,1,1.39
11.08.2021 00:54:29.354,110.673,110.66799999999999,1.87,1.25
11.08.2021 00:54:29.456,110.67,110.66799999999999,1.5,1.25
11.08.2021 00:54:29.557,110.66799999999999,110.665,1,3.34
11.08.2021 00:54:29.710,110.66700000000002,110.665,1,2.14
11.08.2021 00:54:30.024,110.66600000000001,110.663,1,1.75
11.08.2021 00:54:30.125,110.66700000000002,110.661,1,3.34
11.08.2021 00:54:30.227,110.66600000000001,110.662,1,4.11
11.08.2021 00:54:30.328,110.665,110.662,1,2.76
11.08.2021 00:54:30.430,110.66600000000001,110.662,1,4.3
11.08.2021 00:54:30.912,110.664,110.661,1,2.56
11.08.2021 00:54:31.018,110.664,110.662,1,1.94
11.08.2021 00:54:31.070,110.665,110.66,1,3.07
11.08.2021 00:54:31.172,110.662,110.66,1,1.5
11.08.2021 00:54:31.223,110.664,110.661,1,1
11.08.2021 00:54:31.325,110.664,110.65899999999999,1,1.12
11.08.2021 00:54:31.427,110.663,110.66,1,4.19
11.08.2021 00:54:31.529,110.663,110.66,1,1
11.08.2021 00:54:31.885,110.662,110.65899999999999,1,3.22
11.08.2021 00:54:32.008,110.662,110.66,1,2.89
11.08.2021 00:54:32.415,110.662,110.65899999999999,1,2.1
11.08.2021 00:54:33.176,110.661,110.65700000000001,1.2,3.19
11.08.2021 00:54:33.227,110.65899999999999,110.65700000000001,1,3.7
11.08.2021 00:54:33.530,110.66,110.65700000000001,1,3.51
11.08.2021 00:54:33.631,110.662,110.658,1,1.39
11.08.2021 00:54:33.783,110.662,110.658,1,3.14
11.08.2021 00:54:33.935,110.663,110.658,1,2.76
11.08.2021 00:54:34.087,110.662,110.66,1,2.39
11.08.2021 00:54:34.188,110.663,110.66,1.5,1.95
11.08.2021 00:54:34.643,110.663,110.661,1.5,1
11.08.2021 00:54:34.744,110.663,110.66,1.5,1.57
11.08.2021 00:54:35.532,110.662,110.65899999999999,1,1.69
11.08.2021 00:54:35.633,110.662,110.66,1,1.25
11.08.2021 00:54:39.075,110.665,110.663,1,3.07
11.08.2021 00:54:39.176,110.66600000000001,110.663,1,1.39
11.08.2021 00:54:39.278,110.66600000000001,110.662,1,1
11.08.2021 00:54:39.733,110.663,110.661,1,1.1
11.08.2021 00:54:40.659,110.665,110.661,1.5,4.16
11.08.2021 00:54:40.761,110.664,110.661,1.5,2.64
11.08.2021 00:54:40.862,110.665,110.66,1.5,2.51
11.08.2021 00:54:41.713,110.665,110.664,1.5,1.25
11.08.2021 00:54:41.814,110.66600000000001,110.664,1.2,1.25
11.08.2021 00:54:41.916,110.66600000000001,110.662,1,1.75
11.08.2021 00:54:42.017,110.66600000000001,110.663,1,1.75
11.08.2021 00:54:43.378,110.66700000000002,110.663,2.5,2.7
11.08.2021 00:54:44.047,110.66600000000001,110.662,1,1
11.08.2021 00:54:44.198,110.66600000000001,110.663,1.25,1.5
11.08.2021 00:54:44.300,110.66700000000002,110.664,1.69,2.25
11.08.2021 00:54:46.107,110.66600000000001,110.664,3.26,1
11.08.2021 00:54:46.460,110.66600000000001,110.662,3.26,1.5
11.08.2021 00:54:46.764,110.664,110.662,1,1
11.08.2021 00:54:46.958,110.66799999999999,110.665,4.72,1.69
11.08.2021 00:54:47.064,110.66700000000002,110.664,1.57,1.69
11.08.2021 00:54:49.678,110.669,110.66600000000001,3,2.07
11.08.2021 00:54:49.829,110.66799999999999,110.665,1,2.89
11.08.2021 00:54:49.931,110.66700000000002,110.665,1,1.01
11.08.2021 00:54:50.032,110.66799999999999,110.663,1,1.76
11.08.2021 00:54:50.588,110.669,110.663,1.95,1.76
11.08.2021 00:54:50.862,110.66799999999999,110.664,2.1,1.69
11.08.2021 00:54:51.014,110.66799999999999,110.664,1.95,1.76
11.08.2021 00:54:51.116,110.669,110.66799999999999,1,1.25
11.08.2021 00:54:51.217,110.671,110.66799999999999,1.5,1.5
11.08.2021 00:54:51.318,110.67200000000001,110.66799999999999,2.7,1.94
11.08.2021 00:54:51.976,110.67,110.66600000000001,1,3.82
11.08.2021 00:54:52.080,110.669,110.66700000000002,1,1.94
11.08.2021 00:54:52.181,110.671,110.669,1,1
11.08.2021 00:54:52.333,110.67,110.66700000000002,1,6.96
11.08.2021 00:54:52.384,110.67200000000001,110.669,1.95,1
11.08.2021 00:54:52.586,110.67200000000001,110.66799999999999,1.95,1.25
11.08.2021 00:54:53.241,110.67,110.66700000000002,1,3.19
11.08.2021 00:54:53.292,110.67200000000001,110.67,1.5,2.76
11.08.2021 00:54:53.394,110.67200000000001,110.669,1,3.07
11.08.2021 00:54:53.597,110.67200000000001,110.669,1,3.14
11.08.2021 00:54:55.371,110.67200000000001,110.669,1,1.1
11.08.2021 00:54:55.472,110.67200000000001,110.66799999999999,1.95,3.45
11.08.2021 00:54:55.573,110.67200000000001,110.669,1.2,1
11.08.2021 00:54:56.818,110.67200000000001,110.669,2.89,1.29
11.08.2021 00:54:57.711,110.67200000000001,110.669,1.69,1.1
11.08.2021 00:54:58.531,110.67200000000001,110.67,1.69,1
11.08.2021 00:54:58.960,110.673,110.67,1.69,1.1
11.08.2021 00:54:59.163,110.67200000000001,110.67,1,1.1
11.08.2021 00:54:59.479,110.673,110.67,1,2.32
11.08.2021 00:54:59.530,110.67399999999999,110.67200000000001,2.32,1
11.08.2021 00:54:59.632,110.67399999999999,110.671,2.32,1
11.08.2021 00:54:59.736,110.67399999999999,110.67,2.32,3.07
11.08.2021 00:55:00.001,110.673,110.67,1,3.07
11.08.2021 00:55:00.154,110.67200000000001,110.67,1,2.32
11.08.2021 00:55:00.257,110.67399999999999,110.67200000000001,1,1.26
11.08.2021 00:55:00.359,110.675,110.671,1.87,2.16
11.08.2021 00:55:00.462,110.677,110.673,3,1.66
11.08.2021 00:55:00.564,110.675,110.67200000000001,1.12,2.29
11.08.2021 00:55:00.666,110.67399999999999,110.67200000000001,1,1.25
11.08.2021 00:55:00.819,110.673,110.671,1.1,1.69
11.08.2021 00:55:00.921,110.67399999999999,110.67200000000001,2.25,1.25
11.08.2021 00:55:01.022,110.673,110.67,1.5,2.89
11.08.2021 00:55:01.124,110.673,110.671,1.5,1.25
11.08.2021 00:55:01.277,110.673,110.67200000000001,1.5,1.25
11.08.2021 00:55:01.328,110.67200000000001,110.67,1,1.2
11.08.2021 00:55:01.533,110.671,110.669,1.37,1.12
11.08.2021 00:55:01.584,110.67200000000001,110.67,1.5,1.25
11.08.2021 00:55:01.685,110.673,110.66799999999999,1.57,1.25
11.08.2021 00:55:01.787,110.673,110.66600000000001,2.97,2.77
11.08.2021 00:55:01.888,110.669,110.66600000000001,1,1.2
11.08.2021 00:55:01.990,110.66799999999999,110.665,1,2.85
11.08.2021 00:55:02.091,110.669,110.66600000000001,1.5,1.2
11.08.2021 00:55:02.193,110.669,110.66600000000001,1.5,1.6
11.08.2021 00:55:02.244,110.67200000000001,110.66799999999999,2.51,1.2
11.08.2021 00:55:02.345,110.669,110.66700000000002,1,1
11.08.2021 00:55:02.447,110.67,110.66799999999999,1,1
11.08.2021 00:55:02.497,110.67200000000001,110.66799999999999,2.51,1.2
11.08.2021 00:55:02.750,110.67200000000001,110.66700000000002,1.87,1.2
11.08.2021 00:55:02.852,110.669,110.66700000000002,1,2.85
11.08.2021 00:55:02.954,110.671,110.66799999999999,1,1.2
11.08.2021 00:55:03.055,110.673,110.66700000000002,1.1,3.07
11.08.2021 00:55:03.106,110.67,110.66799999999999,1,2.32
11.08.2021 00:55:03.467,110.669,110.66700000000002,1,2.1
11.08.2021 00:55:03.568,110.67200000000001,110.66700000000002,2.25,1.1
11.08.2021 00:55:03.670,110.669,110.66700000000002,1,1.2
11.08.2021 00:55:03.772,110.671,110.66799999999999,1.2,1
11.08.2021 00:55:03.873,110.67200000000001,110.66799999999999,2.89,1.1
11.08.2021 00:55:04.025,110.671,110.66799999999999,1.25,1.1
11.08.2021 00:55:04.379,110.67200000000001,110.669,2.14,1
11.08.2021 00:55:06.359,110.67200000000001,110.66799999999999,1.57,1.76
11.08.2021 00:55:06.461,110.67200000000001,110.669,1.1,1
11.08.2021 00:55:08.138,110.673,110.67,3.29,1
11.08.2021 00:55:08.437,110.673,110.67,2.89,1
11.08.2021 00:55:12.302,110.67200000000001,110.67,1,1.25
11.08.2021 00:55:14.046,110.675,110.673,1.5,2.32
11.08.2021 00:55:14.097,110.677,110.67399999999999,1,3.45
11.08.2021 00:55:14.198,110.678,110.675,1.57,1.94
11.08.2021 00:55:14.452,110.678,110.67399999999999,1.5,3.91
11.08.2021 00:55:15.643,110.679,110.675,1.5,2.16
11.08.2021 00:55:16.472,110.68,110.677,2.25,1.41
11.08.2021 00:55:16.573,110.679,110.676,1.5,3.91
11.08.2021 00:55:16.675,110.68,110.677,1,1.41
11.08.2021 00:55:16.776,110.68,110.679,1,1.1
11.08.2021 00:55:16.877,110.68,110.676,1,1.41
11.08.2021 00:55:16.978,110.679,110.676,2.25,1.41
11.08.2021 00:55:17.181,110.679,110.677,1,1.22
11.08.2021 00:55:17.282,110.679,110.677,1,1.1
11.08.2021 00:55:17.484,110.68100000000001,110.68,1.5,1
11.08.2021 00:55:17.586,110.68200000000002,110.68,1,1
11.08.2021 00:55:17.788,110.68299999999999,110.68100000000001,1,1
11.08.2021 00:55:18.499,110.684,110.68100000000001,3.26,1
11.08.2021 00:55:20.762,110.68200000000002,110.68,1,1.2
11.08.2021 00:55:21.406,110.684,110.68200000000002,1,1.5
11.08.2021 00:55:21.508,110.68299999999999,110.68200000000002,1,1.5
11.08.2021 00:55:22.152,110.686,110.68200000000002,2.16,1
11.08.2021 00:55:22.759,110.684,110.68,1,4.04
11.08.2021 00:55:24.416,110.68200000000002,110.68,1,2.69
11.08.2021 00:55:26.242,110.68200000000002,110.68,1,2.14
11.08.2021 00:55:26.494,110.68299999999999,110.678,1,1.2
11.08.2021 00:55:26.646,110.68,110.678,1,2.77
11.08.2021 00:55:26.748,110.68299999999999,110.677,2.89,2.7
11.08.2021 00:55:28.000,110.68100000000001,110.678,1,2.14
11.08.2021 00:55:28.923,110.68100000000001,110.678,1,2.1
11.08.2021 00:55:29.025,110.68299999999999,110.678,1.25,1.2
11.08.2021 00:55:30.089,110.68200000000002,110.678,2.14,1.95
11.08.2021 00:55:30.192,110.68,110.676,1.5,2.39
11.08.2021 00:55:30.344,110.679,110.677,1,2.39
11.08.2021 00:55:30.395,110.68100000000001,110.677,1.95,4.07
11.08.2021 00:55:30.598,110.68200000000002,110.678,1.95,1.01
11.08.2021 00:55:30.700,110.68200000000002,110.679,2.25,1.01
11.08.2021 00:55:30.920,110.679,110.677,1,1.01
11.08.2021 00:55:30.971,110.68299999999999,110.678,2.25,1.26
11.08.2021 00:55:31.792,110.68200000000002,110.678,1.1,1.39
11.08.2021 00:55:31.894,110.68200000000002,110.679,1.1,1.25
11.08.2021 00:55:33.678,110.68200000000002,110.679,1,1.64
11.08.2021 00:55:35.206,110.68200000000002,110.678,1.01,2.14
11.08.2021 00:55:35.307,110.68200000000002,110.678,1.1,3.14
11.08.2021 00:55:35.408,110.68,110.678,1,1.39
11.08.2021 00:55:35.510,110.68100000000001,110.678,1,2.14
11.08.2021 00:55:35.712,110.679,110.677,1.5,1.5
11.08.2021 00:55:35.814,110.677,110.67399999999999,1,7.12
11.08.2021 00:55:36.016,110.676,110.673,1,3.85
11.08.2021 00:55:36.118,110.677,110.673,1.5,3.85
11.08.2021 00:55:36.219,110.676,110.673,1,3.74
11.08.2021 00:55:37.738,110.677,110.673,1.5,3.66
11.08.2021 00:55:37.949,110.676,110.673,1,3.1
11.08.2021 00:55:38.101,110.677,110.67200000000001,1,2.32
11.08.2021 00:55:38.365,110.675,110.67200000000001,4.39,1
11.08.2021 00:55:38.467,110.673,110.67,1.5,1.95
11.08.2021 00:55:41.648,110.673,110.671,1.5,1.1
11.08.2021 00:55:44.350,110.675,110.671,1.5,1.1
11.08.2021 00:55:44.451,110.676,110.673,1.95,1.1
11.08.2021 00:55:44.553,110.676,110.67399999999999,1,1
11.08.2021 00:55:44.705,110.677,110.67399999999999,2.89,1
11.08.2021 00:55:45.025,110.677,110.675,1.69,1
11.08.2021 00:55:45.126,110.678,110.675,3.64,1.2
11.08.2021 00:55:46.035,110.679,110.673,3.64,2.7
11.08.2021 00:55:48.330,110.679,110.67399999999999,1.5,4.2
11.08.2021 00:55:57.924,110.678,110.676,1,1
11.08.2021 00:55:59.781,110.68,110.675,2.51,1
11.08.2021 00:56:00.362,110.677,110.675,1.25,1.5
11.08.2021 00:56:01.982,110.678,110.676,1.35,1
11.08.2021 00:56:02.033,110.675,110.673,1.25,1
11.08.2021 00:56:02.134,110.675,110.67200000000001,1.25,1.95
11.08.2021 00:56:02.437,110.67399999999999,110.671,1.1,1.5
11.08.2021 00:56:02.539,110.675,110.673,1.39,1
11.08.2021 00:56:05.986,110.677,110.67200000000001,1.69,1.2
11.08.2021 00:56:07.485,110.676,110.67399999999999,1.25,1
11.08.2021 00:56:07.857,110.676,110.673,1.25,2.7
11.08.2021 00:56:09.163,110.676,110.67399999999999,1.5,1.5
11.08.2021 00:56:09.416,110.677,110.67200000000001,1.76,1.5
11.08.2021 00:56:12.743,110.676,110.673,1,2.35
11.08.2021 00:56:12.899,110.676,110.675,1,1
11.08.2021 00:56:13.001,110.677,110.67399999999999,1,1.57
11.08.2021 00:56:13.112,110.677,110.675,1,1
11.08.2021 00:56:13.365,110.677,110.67399999999999,1.5,1.57
11.08.2021 00:56:13.466,110.679,110.675,2.36,1.95
11.08.2021 00:56:16.670,110.677,110.67399999999999,1,2.7
11.08.2021 00:56:16.872,110.676,110.67399999999999,1,1
11.08.2021 00:56:18.529,110.67399999999999,110.67200000000001,1.25,1
11.08.2021 00:56:18.632,110.67399999999999,110.67,1.69,4.35
11.08.2021 00:56:18.734,110.67399999999999,110.67,1.76,3.45
11.08.2021 00:56:23.939,110.673,110.67,1.69,1.2
11.08.2021 00:56:26.932,110.676,110.67200000000001,4.22,1
11.08.2021 00:56:29.771,110.673,110.671,1,1
11.08.2021 00:56:30.745,110.675,110.67200000000001,1.39,1
11.08.2021 00:56:31.095,110.675,110.67200000000001,1.25,1
11.08.2021 00:56:33.357,110.675,110.673,1.1,1
11.08.2021 00:56:36.558,110.67399999999999,110.673,1,1
11.08.2021 00:56:36.609,110.673,110.671,1,1.2
11.08.2021 00:56:37.713,110.675,110.673,1.76,1
11.08.2021 00:56:38.940,110.677,110.67200000000001,1.95,4.35
11.08.2021 00:56:39.042,110.678,110.675,1.8,1
11.08.2021 00:56:39.143,110.678,110.675,1.2,1
11.08.2021 00:56:39.347,110.678,110.677,1,1
11.08.2021 00:56:39.551,110.678,110.675,1,1.1
11.08.2021 00:56:41.346,110.677,110.673,2.14,2.32
11.08.2021 00:56:41.397,110.677,110.675,1.39,1
11.08.2021 00:56:41.499,110.677,110.676,1,1
11.08.2021 00:56:41.650,110.677,110.67399999999999,1,1.1
11.08.2021 00:56:41.752,110.678,110.67399999999999,2.14,1.1
11.08.2021 00:56:43.614,110.679,110.673,1,1.79
11.08.2021 00:56:48.505,110.678,110.67399999999999,1,5.35
11.08.2021 00:56:48.860,110.678,110.67399999999999,1,2.6
11.08.2021 00:56:49.573,110.679,110.678,1.5,1
11.08.2021 00:56:53.399,110.68,110.678,1.5,1
11.08.2021 00:56:55.767,110.68,110.677,1,1
11.08.2021 00:56:55.868,110.68200000000002,110.679,1,1.25
11.08.2021 00:56:56.223,110.68299999999999,110.679,1.2,1.69
11.08.2021 00:56:58.178,110.68299999999999,110.679,1.2,2.5
11.08.2021 00:57:00.903,110.68299999999999,110.679,1.2,1.69
11.08.2021 00:57:01.159,110.68299999999999,110.68100000000001,1.2,1
11.08.2021 00:57:02.834,110.68,110.679,1,1
11.08.2021 00:57:02.935,110.68,110.676,1.2,1.69
11.08.2021 00:57:02.986,110.679,110.678,1.69,1
11.08.2021 00:57:03.037,110.679,110.675,2.14,1.5
11.08.2021 00:57:05.398,110.68,110.678,1,1
11.08.2021 00:57:05.500,110.68200000000002,110.679,1.65,1.25
11.08.2021 00:57:05.625,110.68200000000002,110.68100000000001,1,1
11.08.2021 00:57:05.776,110.68299999999999,110.68100000000001,1.39,1
11.08.2021 00:57:05.878,110.684,110.68100000000001,3.32,1
11.08.2021 00:57:06.080,110.684,110.68200000000002,1.95,1
11.08.2021 00:57:10.700,110.684,110.68299999999999,1,1
11.08.2021 00:57:16.612,110.685,110.68299999999999,1,1
11.08.2021 00:57:16.714,110.686,110.68299999999999,2.59,1
11.08.2021 00:57:17.258,110.684,110.68299999999999,1.25,1
11.08.2021 00:57:24.639,110.684,110.68200000000002,2.2,1
11.08.2021 00:57:25.198,110.684,110.68200000000002,1,1
11.08.2021 00:57:31.664,110.68299999999999,110.68200000000002,1.5,1
11.08.2021 00:57:31.765,110.68299999999999,110.679,3.25,1.2
11.08.2021 00:57:32.703,110.68299999999999,110.679,1.69,1.2
11.08.2021 00:57:32.755,110.68299999999999,110.68100000000001,2.95,1
11.08.2021 00:57:33.343,110.68299999999999,110.68100000000001,2.14,1
11.08.2021 00:57:33.698,110.68299999999999,110.68100000000001,1.69,1
11.08.2021 00:57:39.124,110.68200000000002,110.68,1.25,1
11.08.2021 00:57:39.175,110.679,110.678,1.25,1.12
11.08.2021 00:57:39.277,110.679,110.677,1.39,1
11.08.2021 00:57:39.743,110.678,110.677,1.25,1
11.08.2021 00:57:40.147,110.678,110.676,2.14,1
11.08.2021 00:57:40.249,110.677,110.675,1.25,1
11.08.2021 00:57:41.111,110.679,110.676,3.04,1
11.08.2021 00:57:44.112,110.677,110.675,1.25,1
11.08.2021 00:57:48.238,110.677,110.673,3.29,1.5
11.08.2021 00:57:48.339,110.675,110.673,1,1.5
11.08.2021 00:57:48.441,110.67399999999999,110.67200000000001,1.39,1
11.08.2021 00:57:55.485,110.673,110.67200000000001,1,1
11.08.2021 00:57:56.939,110.673,110.671,1.2,1
11.08.2021 00:58:00.670,110.673,110.67,1,1.5
11.08.2021 00:58:00.882,110.67200000000001,110.66700000000002,1,1
11.08.2021 00:58:01.085,110.67,110.66700000000002,1,1
11.08.2021 00:58:02.070,110.671,110.665,1.69,1.95
11.08.2021 00:58:02.273,110.67,110.665,1.25,1
11.08.2021 00:58:02.374,110.66799999999999,110.665,1.5,1
11.08.2021 00:58:03.334,110.669,110.663,2.14,1.69
11.08.2021 00:58:03.435,110.66799999999999,110.665,2.14,1
11.08.2021 00:58:08.526,110.67,110.66600000000001,4.39,1.5
11.08.2021 00:58:10.422,110.67,110.66700000000002,2.14,1
11.08.2021 00:58:10.528,110.66799999999999,110.66600000000001,1,1.5
11.08.2021 00:58:11.586,110.66799999999999,110.665,1,1
11.08.2021 00:58:11.911,110.66600000000001,110.664,1.25,1
11.08.2021 00:58:13.064,110.66700000000002,110.664,1,1
11.08.2021 00:58:13.255,110.66700000000002,110.665,1,1
11.08.2021 00:58:13.457,110.66799999999999,110.665,2.7,1
11.08.2021 00:58:19.334,110.66600000000001,110.663,1,3.83
11.08.2021 00:58:20.249,110.66600000000001,110.664,1,1.69
11.08.2021 00:58:20.351,110.66799999999999,110.665,1.2,1
11.08.2021 00:58:25.499,110.66700000000002,110.664,1,1.25
11.08.2021 00:58:25.651,110.66799999999999,110.665,2.25,1
11.08.2021 00:58:26.831,110.66600000000001,110.663,1.95,1
11.08.2021 00:58:26.983,110.66600000000001,110.662,2.7,4.69
11.08.2021 00:58:33.199,110.66600000000001,110.662,1.5,5.91
11.08.2021 00:58:33.301,110.66700000000002,110.664,4.2,1.25
11.08.2021 00:58:33.403,110.669,110.66600000000001,2.7,1
11.08.2021 00:58:33.505,110.67,110.66600000000001,3.45,2.32
11.08.2021 00:58:33.809,110.67,110.66700000000002,2.7,1
11.08.2021 00:58:49.132,110.671,110.669,1,1.95
11.08.2021 00:58:49.233,110.673,110.67,1.57,1
11.08.2021 00:58:49.335,110.673,110.671,1,1
11.08.2021 00:58:49.436,110.67399999999999,110.67200000000001,1,1
11.08.2021 00:58:49.537,110.675,110.67200000000001,1.1,1
11.08.2021 00:58:51.795,110.677,110.671,2.51,1.95
11.08.2021 00:58:53.325,110.675,110.67200000000001,1,1.2
11.08.2021 00:58:57.323,110.675,110.671,2.25,1.69
11.08.2021 00:58:57.924,110.676,110.671,1.5,1.5
11.08.2021 00:58:59.703,110.676,110.673,1,2.89
11.08.2021 00:58:59.804,110.678,110.676,2.7,1
11.08.2021 00:58:59.906,110.68,110.675,3.07,1
11.08.2021 00:59:05.032,110.679,110.675,2.51,2.7
11.08.2021 00:59:06.349,110.676,110.67399999999999,1,2.25
11.08.2021 00:59:07.197,110.677,110.67399999999999,1.76,1.5
11.08.2021 00:59:07.298,110.678,110.676,1.76,1
11.08.2021 00:59:07.442,110.678,110.675,1.57,1
11.08.2021 00:59:07.544,110.679,110.676,1.76,1
11.08.2021 00:59:08.213,110.679,110.676,3.32,1
11.08.2021 00:59:12.388,110.677,110.675,1,1
11.08.2021 00:59:12.875,110.678,110.675,1.57,1
11.08.2021 00:59:20.315,110.676,110.67200000000001,2.51,4.35
11.08.2021 00:59:20.417,110.676,110.67200000000001,2.51,3.45
11.08.2021 00:59:22.012,110.675,110.67200000000001,1.01,2.25
11.08.2021 00:59:26.401,110.675,110.671,2.51,2.77
11.08.2021 00:59:26.731,110.675,110.67200000000001,2.51,1
11.08.2021 00:59:26.934,110.677,110.673,3.07,4.39
11.08.2021 00:59:27.036,110.676,110.67399999999999,1.25,1.5
11.08.2021 00:59:27.239,110.678,110.673,1.01,1.5
11.08.2021 00:59:28.178,110.677,110.673,1.76,2.7
11.08.2021 00:59:28.280,110.676,110.673,1.25,2.7
11.08.2021 00:59:30.308,110.675,110.67200000000001,2.57,1.5
11.08.2021 00:59:30.410,110.675,110.671,4.85,2.32
11.08.2021 00:59:30.561,110.675,110.669,4.85,1
11.08.2021 00:59:30.764,110.67200000000001,110.669,2.51,1
11.08.2021 00:59:30.865,110.67200000000001,110.669,3.66,1
11.08.2021 00:59:30.966,110.67200000000001,110.66799999999999,2.91,2.25
11.08.2021 00:59:40.078,110.671,110.66700000000002,1.76,2.7
11.08.2021 00:59:40.397,110.671,110.66799999999999,1.76,1
11.08.2021 00:59:42.194,110.671,110.66700000000002,1.76,2.7
11.08.2021 00:59:42.583,110.671,110.66799999999999,1.01,1
11.08.2021 00:59:42.684,110.671,110.66700000000002,1.76,2.7
11.08.2021 00:59:46.662,110.671,110.66799999999999,2.21,1
11.08.2021 00:59:46.931,110.67200000000001,110.67,1.95,1.2
11.08.2021 00:59:47.083,110.67399999999999,110.67200000000001,1.1,1
11.08.2021 00:59:47.184,110.675,110.67,1.1,1
11.08.2021 00:59:48.662,110.67399999999999,110.67200000000001,1.1,1
11.08.2021 00:59:52.882,110.67399999999999,110.671,1.1,1
11.08.2021 00:59:55.070,110.675,110.67200000000001,2.32,1
11.08.2021 01:00:00.388,110.676,110.673,2.77,1
11.08.2021 01:00:00.489,110.677,110.673,1.27,1
11.08.2021 01:00:00.692,110.677,110.67399999999999,1.57,1
11.08.2021 01:00:01.316,110.677,110.675,1,1
11.08.2021 01:00:02.032,110.677,110.67399999999999,1,2.14
11.08.2021 01:00:14.654,110.677,110.675,1,1
11.08.2021 01:00:16.999,110.677,110.676,1,1
11.08.2021 01:00:18.224,110.678,110.67399999999999,1,1
11.08.2021 01:00:19.091,110.677,110.676,1,1
11.08.2021 01:00:21.683,110.677,110.675,1.95,1
11.08.2021 01:00:21.834,110.676,110.675,1.25,1
11.08.2021 01:00:21.885,110.673,110.671,1,2.7
11.08.2021 01:00:21.986,110.673,110.67200000000001,1,1
11.08.2021 01:00:22.088,110.67200000000001,110.66799999999999,1,2.36
11.08.2021 01:00:22.819,110.67399999999999,110.66700000000002,1.39,1.61
11.08.2021 01:00:23.341,110.673,110.67200000000001,1,1
11.08.2021 01:00:23.442,110.673,110.669,1,6.29
11.08.2021 01:00:23.962,110.67399999999999,110.66799999999999,1,3.41
11.08.2021 01:00:24.115,110.673,110.67200000000001,1,1
11.08.2021 01:00:24.962,110.675,110.67200000000001,2.89,1
11.08.2021 01:00:25.313,110.675,110.673,2.89,1
11.08.2021 01:00:25.465,110.677,110.673,2.89,1.95
11.08.2021 01:00:25.516,110.677,110.675,2.14,1
11.08.2021 01:00:33.871,110.677,110.67399999999999,2.89,1
11.08.2021 01:00:35.752,110.677,110.675,2.7,1
11.08.2021 01:00:36.270,110.677,110.673,4.24,1
11.08.2021 01:00:36.372,110.675,110.673,1,1
11.08.2021 01:00:36.423,110.673,110.671,1.25,1.5
11.08.2021 01:00:36.526,110.673,110.671,1.76,1
11.08.2021 01:00:37.650,110.673,110.67,2.69,1
11.08.2021 01:00:37.753,110.671,110.66799999999999,1.95,2.25
11.08.2021 01:00:37.855,110.67,110.66700000000002,3.66,1
11.08.2021 01:00:39.444,110.669,110.66600000000001,1.76,1
11.08.2021 01:00:39.697,110.669,110.665,1,1
11.08.2021 01:00:39.951,110.66799999999999,110.665,1.41,1
11.08.2021 01:00:40.105,110.66700000000002,110.664,1.76,1
11.08.2021 01:00:40.207,110.66600000000001,110.664,1.2,1
11.08.2021 01:00:42.094,110.66600000000001,110.663,1.2,1
11.08.2021 01:00:48.968,110.66799999999999,110.662,2.7,2.51
11.08.2021 01:00:50.253,110.66700000000002,110.664,1.95,1
11.08.2021 01:00:51.396,110.66799999999999,110.66600000000001,1.5,1.1
11.08.2021 01:00:51.498,110.669,110.66700000000002,1,1.5
11.08.2021 01:00:54.779,110.67,110.66700000000002,1.2,2.44
11.08.2021 01:00:55.810,110.671,110.66799999999999,5.7,1.25
11.08.2021 01:00:56.189,110.671,110.66700000000002,5.53,3.26
11.08.2021 01:00:56.367,110.671,110.66799999999999,5.53,1.25
11.08.2021 01:00:56.468,110.671,110.66700000000002,5.53,3.26
11.08.2021 01:00:58.201,110.671,110.66799999999999,5.53,1.25
11.08.2021 01:00:58.252,110.671,110.66700000000002,5.53,3.26
11.08.2021 01:01:01.076,110.671,110.66799999999999,4.78,1.25
11.08.2021 01:01:02.305,110.671,110.66700000000002,5.53,2.89
11.08.2021 01:01:02.356,110.671,110.66799999999999,4.03,3.25
11.08.2021 01:01:02.495,110.671,110.66799999999999,3.28,1.69
11.08.2021 01:01:06.053,110.671,110.66700000000002,5.16,2.51
11.08.2021 01:01:06.155,110.67,110.66700000000002,2.47,1
11.08.2021 01:01:06.256,110.671,110.665,2.7,2.57
11.08.2021 01:01:19.431,110.671,110.669,2.08,1.75
11.08.2021 01:01:19.533,110.671,110.669,1.1,1
11.08.2021 01:01:19.788,110.671,110.66799999999999,2.32,1.25
11.08.2021 01:01:22.082,110.671,110.669,1.57,1
11.08.2021 01:01:22.677,110.671,110.66799999999999,1.57,1.25
11.08.2021 01:01:26.064,110.671,110.665,2.72,1.69
11.08.2021 01:01:26.234,110.669,110.665,1.1,3.64
11.08.2021 01:01:29.076,110.669,110.665,1.1,4.82
11.08.2021 01:01:29.177,110.67,110.66600000000001,3.07,1.39
11.08.2021 01:01:31.472,110.669,110.66600000000001,1,1.39
11.08.2021 01:01:31.574,110.66799999999999,110.66600000000001,1.1,1
11.08.2021 01:01:31.675,110.66799999999999,110.665,1.57,1
11.08.2021 01:01:31.776,110.66799999999999,110.664,2.32,1.39
11.08.2021 01:01:38.867,110.664,110.662,1,1.2
11.08.2021 01:01:39.222,110.665,110.662,1,1.69
11.08.2021 01:01:40.317,110.665,110.663,1,1.25
11.08.2021 01:01:44.552,110.66600000000001,110.663,1.5,1
11.08.2021 01:01:44.653,110.66799999999999,110.66600000000001,1,1
11.08.2021 01:01:44.754,110.67,110.665,1,1.95
11.08.2021 01:01:45.109,110.669,110.66700000000002,1,1
11.08.2021 01:01:45.211,110.671,110.669,1,1
11.08.2021 01:01:51.148,110.67200000000001,110.66700000000002,1,1.2
11.08.2021 01:02:03.824,110.67200000000001,110.67,1,1
11.08.2021 01:02:03.875,110.673,110.67,1,1.2
11.08.2021 01:02:04.280,110.673,110.671,1,1
11.08.2021 01:02:04.535,110.67399999999999,110.671,1.76,1
11.08.2021 01:02:07.652,110.675,110.67200000000001,1.5,1.2
11.08.2021 01:02:08.219,110.676,110.67200000000001,2.32,1.95
11.08.2021 01:02:10.877,110.676,110.673,1.57,1
11.08.2021 01:02:30.570,110.676,110.673,2.97,1
11.08.2021 01:02:30.672,110.676,110.671,1.76,1.12
11.08.2021 01:02:30.773,110.67399999999999,110.671,1,2.4
11.08.2021 01:02:33.867,110.67399999999999,110.669,1.82,4.72
11.08.2021 01:02:33.987,110.673,110.669,1.01,3.07
11.08.2021 01:02:35.165,110.673,110.66799999999999,1,2.7
11.08.2021 01:02:35.850,110.673,110.669,2.14,1.2
11.08.2021 01:02:35.951,110.67200000000001,110.66799999999999,1.1,2.7
11.08.2021 01:02:36.993,110.671,110.66799999999999,1,1.95
11.08.2021 01:02:37.043,110.669,110.66600000000001,1,3.22
11.08.2021 01:02:38.392,110.669,110.66600000000001,1,1.95
11.08.2021 01:02:38.584,110.67,110.66600000000001,1.76,1.95
11.08.2021 01:02:45.972,110.67,110.66600000000001,3.35,1.5
11.08.2021 01:02:51.297,110.67,110.66600000000001,1.76,1.95
11.08.2021 01:02:52.196,110.671,110.66600000000001,1.01,1
11.08.2021 01:02:54.239,110.67200000000001,110.67,1.25,1.1
11.08.2021 01:02:54.341,110.67399999999999,110.67,3.04,2.72
11.08.2021 01:02:54.443,110.67399999999999,110.67,2.44,3.1
11.08.2021 01:02:56.374,110.67399999999999,110.67,2.44,2.7
11.08.2021 01:02:58.275,110.67399999999999,110.671,1.69,1
11.08.2021 01:02:58.963,110.67399999999999,110.67,2.44,2.7
11.08.2021 01:03:01.273,110.676,110.671,1.5,1
11.08.2021 01:03:01.375,110.676,110.67200000000001,1.5,1.95
11.08.2021 01:03:02.981,110.676,110.673,1,1
11.08.2021 01:03:03.102,110.677,110.673,4.01,1.5
11.08.2021 01:03:09.317,110.677,110.67399999999999,3.26,1
11.08.2021 01:03:13.662,110.678,110.67200000000001,4.01,1.5
11.08.2021 01:03:22.066,110.678,110.67399999999999,3.75,3.07
11.08.2021 01:03:27.580,110.677,110.67399999999999,1,1.95
11.08.2021 01:03:28.268,110.678,110.673,2.2,1.5
11.08.2021 01:03:28.503,110.675,110.67200000000001,1.25,1.95
11.08.2021 01:03:28.604,110.67399999999999,110.67200000000001,1.25,1.2
11.08.2021 01:03:29.105,110.67399999999999,110.671,1.69,1.2
11.08.2021 01:03:33.940,110.676,110.673,3.64,1
11.08.2021 01:03:34.427,110.676,110.67399999999999,2.14,1
11.08.2021 01:03:41.278,110.677,110.67200000000001,2.2,1.5
11.08.2021 01:03:43.104,110.677,110.673,4.07,1.5
11.08.2021 01:03:45.432,110.679,110.67399999999999,3.19,1.97
11.08.2021 01:03:45.539,110.678,110.675,1.25,1.1
11.08.2021 01:03:47.844,110.678,110.67399999999999,2.12,2.72
11.08.2021 01:03:47.946,110.677,110.67399999999999,1.75,1.57
11.08.2021 01:04:05.930,110.677,110.673,4.64,1.57
11.08.2021 01:04:06.524,110.677,110.673,3.25,1.97
11.08.2021 01:04:07.122,110.675,110.67200000000001,1.25,1.87
11.08.2021 01:04:07.224,110.675,110.67200000000001,3.7,1
11.08.2021 01:04:07.483,110.675,110.671,4.82,1.1
11.08.2021 01:04:12.088,110.675,110.669,2.12,2.72
11.08.2021 01:04:17.409,110.675,110.67,1.5,1.97
11.08.2021 01:04:17.663,110.67399999999999,110.671,2.44,1.2
11.08.2021 01:04:20.259,110.67399999999999,110.671,2.44,2.72
11.08.2021 01:04:24.554,110.675,110.67200000000001,1.5,1.22
11.08.2021 01:04:25.246,110.676,110.67399999999999,1,1.57
11.08.2021 01:04:25.348,110.675,110.67200000000001,1,1.97
11.08.2021 01:04:25.854,110.676,110.673,1,1.1
11.08.2021 01:04:28.280,110.676,110.67399999999999,1,1
11.08.2021 01:04:34.013,110.677,110.67399999999999,1.69,1.1
11.08.2021 01:04:46.970,110.678,110.676,1,1.5
11.08.2021 01:04:47.071,110.679,110.676,1.01,1.5
11.08.2021 01:04:48.752,110.679,110.676,3.72,1
11.08.2021 01:04:51.591,110.678,110.675,1.01,1
11.08.2021 01:04:52.662,110.679,110.673,1.76,3.75
11.08.2021 01:04:54.222,110.677,110.67399999999999,1.75,2.7
11.08.2021 01:05:01.089,110.677,110.675,1.82,1
11.08.2021 01:05:03.362,110.677,110.675,1.01,1
11.08.2021 01:05:03.515,110.678,110.673,1,3
11.08.2021 01:05:06.611,110.677,110.675,1,1
11.08.2021 01:05:06.721,110.679,110.675,3.72,1.5
11.08.2021 01:05:08.730,110.679,110.676,1,1.95
11.08.2021 01:05:10.539,110.68,110.676,3.26,3.45
11.08.2021 01:05:12.292,110.68,110.676,3.19,3.47
