Gmt time,Ask,Bid,AskVolume,BidVolume
12.08.2021 00:00:00.083,19.935920000000003,19.92935,1.3,1
12.08.2021 00:00:02.011,19.93619,19.92894,1.3,1.55
12.08.2021 00:00:08.366,19.9343,19.92781,1.5,1.3
12.08.2021 00:00:08.472,19.9343,19.92781,1,1
12.08.2021 00:00:09.329,19.9343,19.92781,1,1.3
12.08.2021 00:00:09.911,19.9343,19.92843,1,1
12.08.2021 00:00:10.012,19.935370000000002,19.928610000000003,1.3,1
12.08.2021 00:00:10.063,19.935370000000002,19.928610000000003,1.3,1
12.08.2021 00:00:10.602,19.93359,19.928610000000003,1,1
12.08.2021 00:00:10.704,19.932620000000004,19.92773,1.25,1.8
12.08.2021 00:00:10.754,19.93269,19.92667,1.55,1.25
12.08.2021 00:00:10.855,19.93269,19.92667,1.55,1.25
12.08.2021 00:00:11.439,19.93269,19.92678,1.55,1.25
12.08.2021 00:00:11.921,19.93329,19.92678,1.3,1
12.08.2021 00:00:12.610,19.93329,19.92696,1.3,1
12.08.2021 00:00:12.782,19.93329,19.92708,1.3,1
12.08.2021 00:00:13.815,19.93329,19.92718,1,1
12.08.2021 00:00:15.540,19.93329,19.92728,1,1
12.08.2021 00:00:16.654,19.93329,19.927560000000003,1,1
12.08.2021 00:00:16.756,19.93329,19.92768,1,1
12.08.2021 00:00:17.719,19.93333,19.92768,1,1
12.08.2021 00:00:17.821,19.93333,19.92748,1,1
12.08.2021 00:00:18.669,19.93349,19.92738,1,1
12.08.2021 00:00:19.258,19.93349,19.92718,1,1
12.08.2021 00:00:26.018,19.93269,19.92667,1,1.3
12.08.2021 00:00:26.119,19.93269,19.92667,1.55,1.25
12.08.2021 00:00:26.220,19.93329,19.92667,1.8,1.25
12.08.2021 00:00:26.849,19.93329,19.92688,1.55,1
12.08.2021 00:00:27.273,19.93309,19.92688,1.25,1.25
12.08.2021 00:00:27.754,19.93309,19.92688,1.55,1.25
12.08.2021 00:00:28.137,19.93222,19.92578,1,1.3
12.08.2021 00:00:28.238,19.93222,19.92578,1,1.3
12.08.2021 00:00:28.349,19.93222,19.92578,1.3,1
12.08.2021 00:00:28.682,19.93222,19.92578,1,1.3
12.08.2021 00:00:29.892,19.93222,19.92578,1,1
12.08.2021 00:00:30.283,19.93222,19.92578,1,1.3
12.08.2021 00:00:31.043,19.93222,19.92578,1.3,1
12.08.2021 00:00:31.462,19.93222,19.92578,1.3,1.3
12.08.2021 00:00:36.949,19.93222,19.92578,1.3,1
12.08.2021 00:00:37.398,19.932290000000002,19.92568,1.55,1.25
12.08.2021 00:00:46.689,19.932290000000002,19.92558,1.55,1.55
12.08.2021 00:00:49.391,19.932290000000002,19.92558,1.55,1.25
12.08.2021 00:00:49.689,19.932290000000002,19.92538,1.55,1.55
12.08.2021 00:00:51.804,19.931900000000002,19.92578,1.3,1.55
12.08.2021 00:00:53.196,19.931720000000002,19.92578,1.3,1
12.08.2021 00:00:59.916,19.931720000000002,19.92537,1.3,1.55
12.08.2021 00:01:01.323,19.931420000000003,19.92537,1.3,1.25
12.08.2021 00:01:01.638,19.9311,19.92478,1.3,1.55
12.08.2021 00:01:02.814,19.9311,19.92478,1.3,1.55
12.08.2021 00:01:05.714,19.931120000000004,19.92478,1.6,1.25
12.08.2021 00:01:06.772,19.9313,19.92478,1.55,1.55
12.08.2021 00:01:08.684,19.9313,19.92478,1.55,1.25
12.08.2021 00:01:10.799,19.9313,19.92478,1.55,1.55
12.08.2021 00:01:16.890,19.9313,19.92478,1.55,1.25
12.08.2021 00:01:19.997,19.9313,19.92478,1.55,1.25
12.08.2021 00:01:20.382,19.9313,19.92478,1.55,1.25
12.08.2021 00:01:25.143,19.93029,19.924370000000003,1.3,1
12.08.2021 00:01:25.194,19.93062,19.924110000000002,1.55,1
12.08.2021 00:01:25.397,19.93062,19.924110000000002,1.8,1
12.08.2021 00:01:27.286,19.93042,19.924110000000002,1.55,1
12.08.2021 00:01:28.389,19.93042,19.924110000000002,1.55,1.3
12.08.2021 00:01:29.384,19.93042,19.924110000000002,1.25,1.3
12.08.2021 00:01:32.290,19.93042,19.924110000000002,1.25,1.3
12.08.2021 00:01:33.070,19.93042,19.924129999999998,1.25,1
12.08.2021 00:01:33.121,19.93169,19.925060000000002,1.55,1
12.08.2021 00:01:33.222,19.93168,19.925060000000002,1.55,1.25
12.08.2021 00:01:33.597,19.93166,19.925060000000002,1.55,1.55
12.08.2021 00:01:34.690,19.931620000000002,19.92518,1.25,1
12.08.2021 00:01:36.188,19.9316,19.92518,1.55,1
12.08.2021 00:01:38.171,19.93129,19.92518,1,1
12.08.2021 00:01:38.222,19.9313,19.92494,1,1
12.08.2021 00:01:38.273,19.9313,19.92494,1.3,1
12.08.2021 00:01:38.474,19.93129,19.92494,1.3,1
12.08.2021 00:01:43.117,19.93129,19.92494,1.3,1
12.08.2021 00:01:44.226,19.93129,19.92494,1.3,1
12.08.2021 00:01:45.517,19.93129,19.92494,1.3,1
12.08.2021 00:01:48.000,19.93129,19.92494,1.3,1
12.08.2021 00:01:52.669,19.93129,19.92494,1.3,1
12.08.2021 00:02:00.679,19.93119,19.92494,1.3,1
12.08.2021 00:02:01.480,19.93092,19.92494,1,1
12.08.2021 00:02:01.820,19.93092,19.92494,1.3,1
12.08.2021 00:02:03.159,19.93062,19.92407,1.55,1.55
12.08.2021 00:02:03.609,19.93062,19.92407,1.55,1.25
12.08.2021 00:02:04.429,19.930120000000002,19.92407,1,1.25
12.08.2021 00:02:18.296,19.930120000000002,19.92407,1.3,1.25
12.08.2021 00:02:18.397,19.931120000000004,19.924310000000002,1.55,1.3
12.08.2021 00:02:19.106,19.93072,19.924310000000002,1.5,1.65
12.08.2021 00:02:20.084,19.93072,19.924660000000003,1.5,1
12.08.2021 00:02:20.185,19.93072,19.92478,1.25,1.3
12.08.2021 00:02:22.799,19.93072,19.924370000000003,1.25,1.55
12.08.2021 00:02:22.901,19.93072,19.924129999999998,1.25,1.25
12.08.2021 00:02:23.003,19.93072,19.924129999999998,1.55,1.55
12.08.2021 00:02:25.993,19.93072,19.924129999999998,1.8,1.8
12.08.2021 00:02:35.043,19.93072,19.924129999999998,1.5,1.8
12.08.2021 00:02:38.854,19.93052,19.924110000000002,1.5,1.65
12.08.2021 00:02:39.005,19.93052,19.924110000000002,1.55,1.3
12.08.2021 00:02:48.385,19.930790000000002,19.92408,1.55,1.3
12.08.2021 00:03:01.689,19.930500000000002,19.924110000000002,1.55,1
12.08.2021 00:03:01.989,19.930500000000002,19.924110000000002,1.55,1
12.08.2021 00:03:03.249,19.930500000000002,19.92396,1.55,1
12.08.2021 00:03:07.323,19.930500000000002,19.924310000000002,1.55,1
12.08.2021 00:03:07.374,19.93093,19.92446,1.55,1.1
12.08.2021 00:03:07.580,19.93093,19.92446,1,1.1
12.08.2021 00:03:07.631,19.93093,19.92468,1,1
12.08.2021 00:03:07.832,19.93093,19.92468,1,1.3
12.08.2021 00:03:09.461,19.93093,19.92498,1,1
12.08.2021 00:03:18.284,19.93093,19.92498,1.3,1
12.08.2021 00:03:22.653,19.93093,19.92498,1,1
12.08.2021 00:03:23.564,19.93134,19.92498,1.25,1
12.08.2021 00:03:27.356,19.93139,19.924860000000002,1.25,1.3
12.08.2021 00:03:30.620,19.93139,19.924860000000002,1.55,1.3
12.08.2021 00:03:35.983,19.93093,19.92518,1,1.3
12.08.2021 00:03:36.103,19.93093,19.92518,1,1.3
12.08.2021 00:03:36.577,19.93093,19.92528,1,1
12.08.2021 00:03:37.512,19.93093,19.92558,1,1
12.08.2021 00:03:46.152,19.93093,19.92546,1,1
12.08.2021 00:03:46.253,19.93093,19.92528,1,1.3
12.08.2021 00:03:46.354,19.93093,19.92528,1,1
12.08.2021 00:03:47.271,19.93093,19.92518,1,1.3
12.08.2021 00:03:57.642,19.93093,19.92518,1,1
12.08.2021 00:03:57.743,19.93093,19.92538,1,1
12.08.2021 00:03:57.844,19.93093,19.92538,1,1.3
12.08.2021 00:03:57.969,19.93093,19.92538,1,1
12.08.2021 00:03:59.025,19.93093,19.92556,1,1
12.08.2021 00:03:59.297,19.93093,19.92568,1,1
12.08.2021 00:04:02.609,19.93093,19.925710000000002,1,1
12.08.2021 00:04:02.861,19.93093,19.925710000000002,1,1.3
12.08.2021 00:04:03.130,19.93093,19.92558,1,1
12.08.2021 00:04:06.434,19.93093,19.92578,1,1
12.08.2021 00:04:06.736,19.93093,19.92596,1,1
12.08.2021 00:04:06.890,19.93093,19.92608,1,1
12.08.2021 00:04:07.493,19.931800000000003,19.92628,1.25,1
12.08.2021 00:04:08.134,19.931800000000003,19.926560000000002,1.25,1
12.08.2021 00:04:08.185,19.931800000000003,19.92668,1,1
12.08.2021 00:04:35.669,19.93178,19.92558,1,1
12.08.2021 00:04:36.149,19.93176,19.92558,1,1
12.08.2021 00:04:36.660,19.93176,19.92558,1,1.3
12.08.2021 00:04:40.289,19.93176,19.92628,1,1
12.08.2021 00:04:46.026,19.931720000000002,19.92538,1,1.3
12.08.2021 00:04:46.077,19.9317,19.92538,1,1.3
12.08.2021 00:04:46.178,19.9317,19.92538,1,1.3
12.08.2021 00:04:46.279,19.9316,19.92538,1,1.3
12.08.2021 00:04:46.588,19.9316,19.92538,1,1.3
12.08.2021 00:04:47.273,19.9316,19.92538,1.3,1.3
12.08.2021 00:04:49.653,19.93158,19.92528,1,1.3
12.08.2021 00:04:49.767,19.93156,19.92528,1,1.3
12.08.2021 00:04:51.446,19.93155,19.92528,1,1.3
12.08.2021 00:04:51.793,19.931540000000002,19.92528,1,1.3
12.08.2021 00:04:53.163,19.931520000000003,19.92528,1,1.3
12.08.2021 00:04:54.845,19.931510000000003,19.92528,1,1.3
12.08.2021 00:04:54.953,19.9315,19.92528,1,1.3
12.08.2021 00:04:55.524,19.93149,19.92528,1,1.3
12.08.2021 00:04:55.838,19.93149,19.92528,1.3,1.3
12.08.2021 00:05:10.633,19.931800000000003,19.92528,1.8,1
12.08.2021 00:05:14.402,19.931800000000003,19.92528,1.8,1.3
12.08.2021 00:05:18.083,19.931800000000003,19.9252,1.8,1.3
12.08.2021 00:05:19.621,19.931520000000003,19.9252,1.3,1.3
12.08.2021 00:05:39.780,19.93129,19.9252,1.3,1
12.08.2021 00:05:41.602,19.931320000000003,19.9252,1.3,1
12.08.2021 00:05:42.648,19.9311,19.92458,1.3,1.1
12.08.2021 00:05:42.698,19.9308,19.92458,1,1.1
12.08.2021 00:05:44.401,19.9308,19.92458,1.3,1.4
12.08.2021 00:05:47.206,19.9308,19.92458,1.3,1.4
12.08.2021 00:05:48.546,19.93062,19.92458,1.3,1.3
12.08.2021 00:05:49.013,19.93062,19.92458,1,1
12.08.2021 00:05:49.367,19.93062,19.924310000000002,1,1.4
12.08.2021 00:05:53.774,19.93062,19.924310000000002,1,1.4
12.08.2021 00:05:54.403,19.93062,19.924310000000002,1.3,1.4
12.08.2021 00:05:56.551,19.93082,19.92446,1.3,1.4
12.08.2021 00:05:56.601,19.93082,19.92446,1.3,1.4
12.08.2021 00:05:56.652,19.93082,19.92446,1.3,1.4
12.08.2021 00:05:56.760,19.93081,19.9246,1.3,1.6
12.08.2021 00:05:56.810,19.93081,19.9246,1.3,1.4
12.08.2021 00:05:58.390,19.93081,19.92462,1.3,1.3
12.08.2021 00:05:58.491,19.93081,19.92462,1.3,1.3
12.08.2021 00:06:00.118,19.9308,19.92468,1.3,1.3
12.08.2021 00:06:00.219,19.9308,19.92468,1.3,1.3
12.08.2021 00:06:00.410,19.9308,19.92468,1.3,1
12.08.2021 00:06:02.491,19.9308,19.92468,1.3,1.5
12.08.2021 00:06:03.392,19.9308,19.92468,1.8,1
12.08.2021 00:06:04.453,19.9308,19.92468,1,1.5
12.08.2021 00:06:05.382,19.9308,19.92468,1.5,1
12.08.2021 00:06:06.453,19.9308,19.92468,1,1.5
12.08.2021 00:06:07.393,19.9308,19.92468,1.5,1
12.08.2021 00:06:08.372,19.9308,19.92468,1,1
12.08.2021 00:06:08.423,19.9308,19.9247,1,1
12.08.2021 00:06:09.602,19.93081,19.92471,1,1
12.08.2021 00:06:09.703,19.93081,19.92474,1,1
12.08.2021 00:06:11.216,19.93081,19.92475,1,1
12.08.2021 00:06:14.746,19.93081,19.924760000000003,1,1
12.08.2021 00:06:19.414,19.9308,19.924760000000003,1,1
12.08.2021 00:06:29.642,19.9308,19.924760000000003,1.3,1
12.08.2021 00:06:32.570,19.9308,19.924760000000003,1.3,1
12.08.2021 00:06:33.190,19.9308,19.924760000000003,1.3,1
12.08.2021 00:06:38.142,19.9308,19.924760000000003,1.3,1
12.08.2021 00:06:40.881,19.9308,19.92475,1.3,1
12.08.2021 00:06:44.414,19.931020000000004,19.92475,1,1
12.08.2021 00:06:54.023,19.931020000000004,19.92475,1.3,1
12.08.2021 00:06:54.541,19.931020000000004,19.924760000000003,1.3,1
12.08.2021 00:06:54.643,19.931020000000004,19.924770000000002,2.55,1
12.08.2021 00:06:59.347,19.931020000000004,19.924770000000002,2.55,1
12.08.2021 00:06:59.622,19.931,19.92479,1.3,1
12.08.2021 00:07:00.643,19.93099,19.9248,1.3,1
12.08.2021 00:07:00.752,19.930979999999998,19.92483,1.3,1
12.08.2021 00:07:02.347,19.930970000000002,19.92485,1.3,1
12.08.2021 00:07:02.659,19.930960000000002,19.92485,1.3,1
12.08.2021 00:07:03.913,19.930960000000002,19.92485,1.3,1.3
12.08.2021 00:07:04.788,19.930960000000002,19.924860000000002,1.3,1
12.08.2021 00:07:05.564,19.93085,19.924860000000002,1.3,1
12.08.2021 00:07:20.343,19.93042,19.924860000000002,1.3,1
12.08.2021 00:07:21.820,19.930220000000002,19.924860000000002,1.3,1
12.08.2021 00:07:25.389,19.930220000000002,19.924860000000002,1.3,1
12.08.2021 00:07:26.031,19.930220000000002,19.924860000000002,1.3,1
12.08.2021 00:07:28.690,19.930220000000002,19.924860000000002,1.3,1
12.08.2021 00:07:29.268,19.930220000000002,19.924860000000002,1.3,1
12.08.2021 00:07:33.488,19.930220000000002,19.924860000000002,1.3,1
12.08.2021 00:07:36.838,19.930220000000002,19.924860000000002,1.3,1
12.08.2021 00:07:39.489,19.930220000000002,19.924860000000002,1.3,1
12.08.2021 00:07:40.761,19.93092,19.924860000000002,1.3,1
12.08.2021 00:07:40.862,19.93092,19.924860000000002,1.3,1
12.08.2021 00:07:40.963,19.93095,19.924860000000002,1.3,1
12.08.2021 00:07:41.169,19.93095,19.924860000000002,1.3,1
12.08.2021 00:07:42.233,19.93092,19.924860000000002,1.3,1
12.08.2021 00:07:42.437,19.93092,19.924860000000002,1.3,1
12.08.2021 00:07:42.964,19.93092,19.92451,1.3,1
12.08.2021 00:07:49.654,19.93092,19.92451,1.3,1.3
12.08.2021 00:07:50.900,19.93062,19.92451,1.3,1
12.08.2021 00:07:53.314,19.93062,19.92451,1.3,1
12.08.2021 00:08:02.529,19.9309,19.92451,1.3,1
12.08.2021 00:08:02.629,19.9309,19.92458,1.3,1
12.08.2021 00:08:03.160,19.9309,19.92458,1.3,1
12.08.2021 00:08:03.546,19.93088,19.92458,1,1
12.08.2021 00:08:04.550,19.93088,19.924760000000003,1,1
12.08.2021 00:08:04.651,19.93088,19.924879999999998,1,1
12.08.2021 00:08:05.245,19.930870000000002,19.924879999999998,1,1
12.08.2021 00:08:05.596,19.930860000000003,19.924879999999998,1,1
12.08.2021 00:08:06.966,19.93084,19.924879999999998,1,1
12.08.2021 00:08:08.042,19.93083,19.924879999999998,1,1
12.08.2021 00:08:11.323,19.93083,19.924879999999998,1.3,1
12.08.2021 00:08:11.374,19.93084,19.92451,1.3,1
12.08.2021 00:08:11.427,19.93084,19.92451,1,1
12.08.2021 00:08:13.151,19.93084,19.92451,1.3,1
12.08.2021 00:08:17.036,19.93084,19.92451,1.3,1.3
12.08.2021 00:08:19.530,19.93083,19.92451,1.3,1
12.08.2021 00:08:19.780,19.93083,19.92458,1.3,1
12.08.2021 00:08:21.264,19.93083,19.92458,1,1
12.08.2021 00:08:24.404,19.93083,19.92458,1.3,1
12.08.2021 00:08:25.609,19.93083,19.92458,1.3,1
12.08.2021 00:08:30.488,19.93083,19.92458,1.3,1
12.08.2021 00:08:31.914,19.93084,19.92451,1.3,1
12.08.2021 00:08:32.170,19.93084,19.92451,1.3,1.3
12.08.2021 00:08:57.518,19.93082,19.924,1.55,1.55
12.08.2021 00:08:57.996,19.9308,19.92458,1.55,1
12.08.2021 00:08:59.654,19.930770000000003,19.92498,1.55,1
12.08.2021 00:09:04.478,19.93072,19.924,1.55,1.55
12.08.2021 00:09:04.529,19.93072,19.924,1.25,1.25
12.08.2021 00:09:05.481,19.93072,19.924,1.55,1.55
12.08.2021 00:09:10.896,19.9307,19.92448,1.3,1
12.08.2021 00:09:11.079,19.93068,19.924,1.3,1.55
12.08.2021 00:09:11.181,19.93068,19.924,1,1.65
12.08.2021 00:09:11.547,19.930660000000003,19.924,1,1.65
12.08.2021 00:09:11.648,19.930660000000003,19.92458,1,1
12.08.2021 00:09:11.698,19.930660000000003,19.924,1,1.55
12.08.2021 00:09:11.749,19.930660000000003,19.924,1,1.25
12.08.2021 00:09:12.232,19.930660000000003,19.924,1,1.55
12.08.2021 00:09:12.802,19.930660000000003,19.924,1.3,1.55
12.08.2021 00:09:13.382,19.93062,19.924,1,1.65
12.08.2021 00:09:14.293,19.93062,19.92458,1,1
12.08.2021 00:09:22.959,19.93061,19.92458,1,1
12.08.2021 00:09:23.177,19.930600000000002,19.92458,1,1
12.08.2021 00:09:30.674,19.93058,19.924,1,1.55
12.08.2021 00:09:31.202,19.93058,19.924,1,1.55
12.08.2021 00:09:34.557,19.93058,19.92408,1,1.55
12.08.2021 00:09:42.264,19.930570000000003,19.92408,1,1.55
12.08.2021 00:09:42.315,19.929750000000002,19.923379999999998,1.3,1.1
12.08.2021 00:09:42.416,19.929750000000002,19.92318,1.3,1.25
12.08.2021 00:09:43.282,19.929750000000002,19.92328,1.3,1
12.08.2021 00:09:45.502,19.929750000000002,19.92318,1.3,1.25
12.08.2021 00:09:51.207,19.930220000000002,19.92398,1.3,1.25
12.08.2021 00:09:51.258,19.93039,19.92398,1.3,1.55
12.08.2021 00:09:53.521,19.93039,19.92398,1.3,2.5
12.08.2021 00:09:56.986,19.93039,19.92438,1.3,1
12.08.2021 00:09:58.672,19.93048,19.92438,1,1
12.08.2021 00:09:59.555,19.93048,19.924660000000003,1,1
12.08.2021 00:09:59.826,19.93048,19.92478,1,1
12.08.2021 00:10:00.536,19.93039,19.92418,1,1.3
12.08.2021 00:10:00.637,19.93039,19.92418,1.3,1
12.08.2021 00:10:01.546,19.93039,19.92428,1.3,1
12.08.2021 00:10:05.390,19.93039,19.92438,1.3,1
12.08.2021 00:10:05.836,19.93048,19.92438,1,1
12.08.2021 00:10:06.677,19.93048,19.924660000000003,1,1
12.08.2021 00:10:06.727,19.93089,19.92478,2.8,1
12.08.2021 00:10:19.657,19.93089,19.92448,2.8,1
12.08.2021 00:10:26.942,19.93039,19.92448,1,1
12.08.2021 00:10:27.043,19.93089,19.92418,2.8,1
12.08.2021 00:10:27.209,19.93089,19.92418,2.8,1.3
12.08.2021 00:10:32.222,19.93089,19.92418,1.8,1.16
12.08.2021 00:10:32.474,19.93089,19.92418,2.8,1.3
12.08.2021 00:10:33.740,19.93048,19.92418,1,1.3
12.08.2021 00:10:34.748,19.93048,19.92448,1,1
12.08.2021 00:10:51.295,19.93054,19.92448,1.3,1
12.08.2021 00:11:08.683,19.93052,19.92448,1,1
12.08.2021 00:11:16.698,19.930500000000002,19.92448,1,1
12.08.2021 00:11:33.835,19.930500000000002,19.92434,1,1
12.08.2021 00:11:37.740,19.930500000000002,19.92435,1,1
12.08.2021 00:11:37.791,19.930500000000002,19.92438,1,1
12.08.2021 00:11:38.778,19.93049,19.92438,1,1
12.08.2021 00:11:39.055,19.93049,19.92438,1.3,1
12.08.2021 00:11:41.562,19.93039,19.92438,1,1
12.08.2021 00:11:42.895,19.93029,19.92438,1,1
12.08.2021 00:11:51.368,19.93029,19.923620000000003,1.55,1.55
12.08.2021 00:12:01.597,19.930320000000002,19.923620000000003,1.55,1.55
12.08.2021 00:12:04.514,19.930320000000002,19.923620000000003,1.55,1.55
12.08.2021 00:13:04.514,19.93014,19.923460000000002,1.55,1.55
12.08.2021 00:13:32.125,19.930120000000002,19.92333,1.55,1.55
12.08.2021 00:13:32.611,19.930120000000002,19.92333,1.25,1.55
12.08.2021 00:13:33.306,19.930110000000003,19.92333,1.55,1.55
12.08.2021 00:13:34.074,19.93008,19.92333,1.25,1.55
12.08.2021 00:13:34.374,19.92983,19.92333,1,1.55
12.08.2021 00:13:34.475,19.92976,19.92333,1,1.3
12.08.2021 00:13:34.680,19.92976,19.92333,1,1.3
12.08.2021 00:13:35.036,19.92976,19.92333,1,1.3
12.08.2021 00:13:35.770,19.92976,19.923379999999998,1,1.3
12.08.2021 00:13:37.412,19.92976,19.92333,1,1.3
12.08.2021 00:13:38.106,19.92976,19.92333,1,1.3
12.08.2021 00:13:40.311,19.92976,19.92368,1,1
12.08.2021 00:13:44.058,19.92976,19.92333,1,1.3
12.08.2021 00:13:47.924,19.92976,19.92333,1.3,1.3
12.08.2021 00:13:49.162,19.92976,19.92333,1,1.3
12.08.2021 00:13:50.330,19.92976,19.92358,1,1.3
12.08.2021 00:13:52.292,19.92976,19.92333,1.3,1.3
12.08.2021 00:13:52.557,19.92976,19.92333,1,1.3
12.08.2021 00:13:53.491,19.92976,19.92358,1,1.3
12.08.2021 00:13:54.705,19.92976,19.92333,1.3,1.3
12.08.2021 00:13:55.519,19.92976,19.92333,1.3,1.3
12.08.2021 00:13:55.807,19.92976,19.92333,1,1.3
12.08.2021 00:13:56.159,19.92976,19.92333,1,1.3
12.08.2021 00:13:58.913,19.92976,19.92333,1.3,1.3
12.08.2021 00:13:59.294,19.92976,19.92333,1,1.3
12.08.2021 00:14:00.046,19.92976,19.92333,1.3,1.3
12.08.2021 00:14:02.784,19.92976,19.92333,1.3,1
12.08.2021 00:14:02.936,19.92976,19.92333,1.3,1
12.08.2021 00:14:09.475,19.92976,19.92333,1.3,1
12.08.2021 00:14:09.682,19.92976,19.92333,1.3,1
12.08.2021 00:14:11.136,19.92976,19.92333,1.3,1
12.08.2021 00:14:12.963,19.92976,19.92333,1.3,1
12.08.2021 00:14:16.812,19.92968,19.92333,1.3,1.3
12.08.2021 00:14:17.063,19.92968,19.92333,1.3,1
12.08.2021 00:14:17.333,19.92968,19.92371,1.25,1
12.08.2021 00:14:17.539,19.92968,19.92371,1.55,1.3
12.08.2021 00:14:33.624,19.92964,19.92333,1.3,1.25
12.08.2021 00:14:34.127,19.92807,19.92333,1,1.25
12.08.2021 00:14:34.178,19.92789,19.92229,1.25,2.05
12.08.2021 00:14:34.329,19.92779,19.92229,1,1.25
12.08.2021 00:14:35.245,19.92744,19.92229,1,1.25
12.08.2021 00:14:37.483,19.9278,19.92229,1.3,1.25
12.08.2021 00:14:37.587,19.9278,19.92229,1.3,1.25
12.08.2021 00:14:42.512,19.9278,19.92229,1.3,1.25
12.08.2021 00:14:42.667,19.9278,19.92191,1.3,1
12.08.2021 00:14:43.004,19.9278,19.92191,1.3,1
12.08.2021 00:14:43.119,19.9278,19.92143,1.3,1
12.08.2021 00:14:43.726,19.9278,19.92143,1.3,1
12.08.2021 00:14:44.173,19.9278,19.92143,1.3,1
12.08.2021 00:14:45.711,19.9276,19.92143,1,1
12.08.2021 00:14:47.712,19.92779,19.923910000000003,1.12,1.25
12.08.2021 00:14:47.813,19.92963,19.923910000000003,1,1.55
12.08.2021 00:14:47.914,19.92969,19.923910000000003,2.44,1.55
12.08.2021 00:14:48.936,19.92969,19.92408,1,1
12.08.2021 00:14:49.426,19.92969,19.92397,1.25,1
12.08.2021 00:14:51.239,19.92969,19.92426,1,1
12.08.2021 00:14:52.409,19.92969,19.92438,1,1
12.08.2021 00:14:52.883,19.92969,19.92398,1,1.75
12.08.2021 00:14:53.394,19.92949,19.92358,1,1.85
12.08.2021 00:14:53.596,19.92949,19.92321,1.3,1
12.08.2021 00:14:55.366,19.92949,19.92328,1.3,1
12.08.2021 00:14:55.467,19.92949,19.923379999999998,1,1
12.08.2021 00:14:57.071,19.92949,19.92321,1,1.3
12.08.2021 00:14:58.809,19.92949,19.92368,1,1
12.08.2021 00:15:00.358,19.92949,19.92328,1,1
12.08.2021 00:15:00.706,19.92949,19.92321,1,1
12.08.2021 00:15:02.170,19.92949,19.92321,1,1.3
12.08.2021 00:15:02.521,19.92864,19.9226,1.25,1.55
12.08.2021 00:15:02.622,19.92789,19.92227,1.55,1.25
12.08.2021 00:15:02.724,19.92789,19.921879999999998,1.55,1.25
12.08.2021 00:15:02.825,19.92789,19.92169,1.55,1.25
12.08.2021 00:15:02.976,19.92789,19.92139,1.55,1.25
12.08.2021 00:15:03.833,19.927690000000002,19.92139,1,1.55
12.08.2021 00:15:03.966,19.92779,19.92139,1,1.25
12.08.2021 00:15:04.584,19.92779,19.921400000000002,1,1.25
12.08.2021 00:15:04.876,19.92779,19.92141,1,1.25
12.08.2021 00:15:04.977,19.927690000000002,19.92141,1,1.25
12.08.2021 00:15:06.071,19.927690000000002,19.92142,1,1.25
12.08.2021 00:15:06.561,19.9281,19.92201,1.3,1
12.08.2021 00:15:06.661,19.92824,19.92201,1.3,1.3
12.08.2021 00:15:08.309,19.92824,19.92201,1.3,1
12.08.2021 00:15:09.086,19.92824,19.92201,1.3,1
12.08.2021 00:15:10.016,19.92828,19.92201,1.3,1
12.08.2021 00:15:11.552,19.92828,19.92201,1.3,1.3
12.08.2021 00:15:12.532,19.92828,19.92201,1,1
12.08.2021 00:15:12.899,19.92828,19.92201,1.3,1
12.08.2021 00:15:14.015,19.928020000000004,19.92201,1,1.3
12.08.2021 00:15:14.605,19.92828,19.92201,1.3,1
12.08.2021 00:15:15.696,19.92828,19.92201,1.3,1.3
12.08.2021 00:15:16.040,19.92828,19.92201,1.3,1
12.08.2021 00:15:16.497,19.92828,19.92201,1.3,1
12.08.2021 00:15:16.730,19.9281,19.92181,1.3,1
12.08.2021 00:15:17.191,19.9281,19.92181,1.3,1.3
12.08.2021 00:15:19.811,19.92772,19.92171,1,1.3
12.08.2021 00:15:20.182,19.92772,19.92141,1,1.4
12.08.2021 00:15:20.364,19.92772,19.92141,1.3,1
12.08.2021 00:15:20.730,19.92732,19.92141,1,1
12.08.2021 00:15:21.162,19.9278,19.92141,1.3,1.25
12.08.2021 00:15:21.820,19.92732,19.92141,1,1
12.08.2021 00:15:26.055,19.92762,19.92141,1.8,1
12.08.2021 00:15:26.316,19.92783,19.92142,1.05,1.25
12.08.2021 00:15:27.369,19.92783,19.92141,1.05,1.25
12.08.2021 00:15:28.520,19.927220000000002,19.92141,1,1
12.08.2021 00:15:29.176,19.92705,19.92141,1,1
12.08.2021 00:15:29.324,19.926920000000003,19.92141,1,1
12.08.2021 00:15:29.374,19.92732,19.92141,1,1
12.08.2021 00:15:29.494,19.92772,19.92141,1.8,1
12.08.2021 00:15:31.070,19.927220000000002,19.92141,1,1
12.08.2021 00:15:31.373,19.92752,19.92141,1.3,1
12.08.2021 00:15:32.126,19.9278,19.92141,1.3,1.25
12.08.2021 00:15:32.382,19.9278,19.92142,1.3,1.25
12.08.2021 00:15:32.502,19.92772,19.92141,1.3,1
12.08.2021 00:15:32.604,19.92772,19.92141,1.3,1
12.08.2021 00:15:34.024,19.92732,19.92141,1,1
12.08.2021 00:15:34.925,19.92732,19.92171,1,1
12.08.2021 00:15:35.026,19.927920000000004,19.92181,1.3,1
12.08.2021 00:15:35.136,19.927920000000004,19.92181,1,1
12.08.2021 00:15:35.299,19.928120000000003,19.92171,1.3,1.3
12.08.2021 00:15:36.618,19.928220000000003,19.92171,1.3,1.3
12.08.2021 00:15:37.820,19.928120000000003,19.92171,1.3,1.3
12.08.2021 00:15:39.189,19.928120000000003,19.92171,1.3,1.3
12.08.2021 00:15:43.588,19.928120000000003,19.92183,1.3,1
12.08.2021 00:15:43.639,19.928120000000003,19.92201,1.3,1
12.08.2021 00:15:43.891,19.928120000000003,19.92201,1.3,1
12.08.2021 00:15:45.167,19.928120000000003,19.92178,1.3,1
12.08.2021 00:15:47.589,19.928120000000003,19.92178,1.3,1
12.08.2021 00:15:50.303,19.928220000000003,19.92181,1.3,1
12.08.2021 00:15:50.861,19.928220000000003,19.921879999999998,1.3,1
12.08.2021 00:15:51.929,19.928220000000003,19.922060000000002,1.3,1
12.08.2021 00:15:52.869,19.928220000000003,19.92218,1.3,1
12.08.2021 00:15:54.889,19.928220000000003,19.92238,1.3,1
12.08.2021 00:16:01.789,19.92882,19.923379999999998,1.3,1
12.08.2021 00:16:01.892,19.92883,19.923379999999998,1,1
12.08.2021 00:16:02.093,19.92883,19.92348,1,1
12.08.2021 00:16:02.415,19.92883,19.923379999999998,1,1
12.08.2021 00:16:03.740,19.92883,19.92348,1,1
12.08.2021 00:16:04.656,19.92883,19.92318,1,1.3
12.08.2021 00:16:06.118,19.92883,19.923379999999998,1,1
12.08.2021 00:16:10.611,19.92883,19.92298,1,1.3
12.08.2021 00:16:10.711,19.92883,19.92248,1,1.4
12.08.2021 00:16:11.118,19.92883,19.92239,1,1.4
12.08.2021 00:16:11.781,19.92883,19.92239,1,1.4
12.08.2021 00:16:17.341,19.92902,19.92211,1.25,1.65
12.08.2021 00:16:41.773,19.92915,19.922250000000002,1.25,1.65
12.08.2021 00:16:57.678,19.92915,19.922060000000002,1.25,1.65
12.08.2021 00:17:01.914,19.92908,19.92239,1.25,1.4
12.08.2021 00:17:02.484,19.92908,19.92239,1,1.4
12.08.2021 00:17:05.339,19.92908,19.92239,1,1.4
12.08.2021 00:17:16.553,19.92908,19.92239,1.3,1.4
12.08.2021 00:17:33.275,19.92807,19.92248,1,1.4
12.08.2021 00:17:33.376,19.9278,19.92174,1,1.55
12.08.2021 00:17:33.477,19.9278,19.92174,1.3,1.25
12.08.2021 00:17:33.708,19.9278,19.92174,1.3,1.25
12.08.2021 00:17:34.321,19.92772,19.92174,1.3,1
12.08.2021 00:17:36.457,19.92772,19.92181,1.3,1
12.08.2021 00:17:36.558,19.928520000000002,19.92253,1.3,1
12.08.2021 00:17:36.608,19.928520000000002,19.92253,1,1.3
12.08.2021 00:17:36.720,19.92902,19.92253,1.3,1.3
12.08.2021 00:17:37.230,19.92902,19.92253,1.3,1.3
12.08.2021 00:17:38.488,19.92902,19.92253,1.3,1.3
12.08.2021 00:17:38.917,19.92902,19.92268,1,1.3
12.08.2021 00:17:39.256,19.92902,19.92286,1,1
12.08.2021 00:17:39.444,19.92902,19.92298,1,1
12.08.2021 00:17:40.543,19.92902,19.92278,1,1
12.08.2021 00:17:40.840,19.92902,19.92286,1,1
12.08.2021 00:17:42.019,19.92902,19.92298,1,1
12.08.2021 00:17:45.771,19.92902,19.92278,1.3,1.3
12.08.2021 00:17:54.409,19.92941,19.92278,1.55,1
12.08.2021 00:17:55.501,19.92941,19.92278,1.55,1.3
12.08.2021 00:18:00.789,19.92941,19.92278,1.55,1
12.08.2021 00:18:02.515,19.92941,19.92278,1.55,1.3
12.08.2021 00:18:08.283,19.92821,19.92266,1,1.3
12.08.2021 00:18:08.384,19.92789,19.92219,1.25,1.55
12.08.2021 00:18:08.434,19.92789,19.92219,1.55,1.25
12.08.2021 00:18:08.535,19.92789,19.92178,1.55,1.25
12.08.2021 00:18:08.586,19.92789,19.9215,1.55,1.3
12.08.2021 00:18:08.965,19.92779,19.9215,1,1
12.08.2021 00:18:10.495,19.92789,19.9215,1.55,1.3
12.08.2021 00:18:19.387,19.92789,19.92158,1.55,1.25
12.08.2021 00:18:21.386,19.92779,19.9216,1,1.25
12.08.2021 00:18:21.605,19.92779,19.92162,1,1.25
12.08.2021 00:18:22.349,19.92779,19.92164,1,1.25
12.08.2021 00:18:24.047,19.92779,19.921660000000003,1,1.25
12.08.2021 00:18:25.748,19.92779,19.92168,1,1.25
12.08.2021 00:18:26.014,19.92779,19.921760000000003,1,1
12.08.2021 00:18:26.115,19.92779,19.921879999999998,1,1.25
12.08.2021 00:18:31.178,19.92779,19.92198,1,1.25
12.08.2021 00:18:37.900,19.92807,19.92198,1.55,1.25
12.08.2021 00:18:40.989,19.92779,19.92198,1,1.25
12.08.2021 00:18:44.217,19.92779,19.923910000000003,1,1.25
12.08.2021 00:18:44.318,19.92979,19.923910000000003,1.25,1.65
12.08.2021 00:18:44.369,19.9297,19.923910000000003,1,1.65
12.08.2021 00:18:44.470,19.92968,19.923910000000003,1.25,1.65
12.08.2021 00:18:44.521,19.92967,19.923910000000003,1.25,1.65
12.08.2021 00:18:45.122,19.92967,19.92448,1,1
12.08.2021 00:18:46.069,19.92967,19.924660000000003,1,1
12.08.2021 00:18:46.248,19.929650000000002,19.92478,1,1
12.08.2021 00:18:47.110,19.929650000000002,19.92408,1,1
12.08.2021 00:18:47.261,19.929650000000002,19.92408,1,1.75
12.08.2021 00:18:48.208,19.929650000000002,19.92418,1,1
12.08.2021 00:19:02.606,19.93003,19.92418,1.25,1
12.08.2021 00:19:05.142,19.930020000000003,19.92418,1.25,1.3
12.08.2021 00:19:06.887,19.930020000000003,19.92418,1.55,1
12.08.2021 00:19:09.565,19.930020000000003,19.92418,1.3,1
12.08.2021 00:19:11.309,19.930020000000003,19.92418,1,1
12.08.2021 00:19:12.436,19.930020000000003,19.92428,1,1
12.08.2021 00:19:12.587,19.930020000000003,19.92428,1,1.1
12.08.2021 00:19:12.738,19.930020000000003,19.92428,1,1.4
12.08.2021 00:19:13.465,19.930020000000003,19.92468,1,1
12.08.2021 00:19:24.449,19.930020000000003,19.92418,1,1.3
12.08.2021 00:19:24.508,19.930020000000003,19.92418,1,1
12.08.2021 00:19:25.933,19.93029,19.92448,1.3,1
12.08.2021 00:19:28.036,19.93019,19.92448,1.3,1
12.08.2021 00:19:31.427,19.93056,19.92448,1,1
12.08.2021 00:19:31.987,19.93056,19.924860000000002,1,1
12.08.2021 00:19:32.157,19.93056,19.92498,1,1
12.08.2021 00:19:33.909,19.930470000000003,19.92498,1,1
12.08.2021 00:19:33.959,19.93029,19.92419,1,1.3
12.08.2021 00:19:34.010,19.93019,19.92419,1,1.3
12.08.2021 00:19:34.168,19.93019,19.92419,1.3,1
12.08.2021 00:19:35.022,19.93019,19.92428,1.3,1
12.08.2021 00:19:36.246,19.93029,19.92428,1.3,1
12.08.2021 00:19:37.022,19.93019,19.92428,1,1
12.08.2021 00:19:37.483,19.93019,19.92428,1.3,1
12.08.2021 00:19:37.655,19.93056,19.92438,1.3,1
12.08.2021 00:19:37.756,19.93056,19.92438,1.3,1.1
12.08.2021 00:19:37.904,19.93056,19.92438,1,1.1
12.08.2021 00:19:38.517,19.93056,19.924660000000003,1,1
12.08.2021 00:19:39.406,19.93056,19.92478,1,1
12.08.2021 00:20:02.397,19.930970000000002,19.924660000000003,1.55,1
12.08.2021 00:20:14.888,19.930970000000002,19.924660000000003,1.55,1
12.08.2021 00:20:17.623,19.930470000000003,19.924660000000003,1,1
12.08.2021 00:20:17.724,19.93019,19.92419,1,1.3
12.08.2021 00:20:19.212,19.93019,19.92428,1.3,1
12.08.2021 00:20:29.795,19.93019,19.92436,1.3,1
12.08.2021 00:20:30.578,19.93019,19.92448,1.3,1
12.08.2021 00:20:30.975,19.93019,19.92428,1.3,1
12.08.2021 00:20:42.523,19.93029,19.92428,1.3,1
12.08.2021 00:20:42.701,19.93019,19.92428,1,1
12.08.2021 00:20:43.162,19.93019,19.92428,1.3,1
12.08.2021 00:21:05.337,19.93029,19.92428,1.3,1
12.08.2021 00:21:08.746,19.930320000000002,19.92448,1.3,1
12.08.2021 00:21:08.959,19.930320000000002,19.92478,1.3,1
12.08.2021 00:21:09.209,19.930320000000002,19.92478,1,1
12.08.2021 00:21:10.207,19.930320000000002,19.925060000000002,1,1
12.08.2021 00:21:10.702,19.930320000000002,19.92518,1,1
12.08.2021 00:21:12.935,19.931220000000003,19.92528,1.55,1
12.08.2021 00:21:13.036,19.931220000000003,19.92528,1,1
12.08.2021 00:21:13.475,19.931220000000003,19.92556,1,1
12.08.2021 00:21:13.576,19.931220000000003,19.92568,1,1
12.08.2021 00:21:16.109,19.931220000000003,19.92596,1,1
12.08.2021 00:21:16.501,19.931220000000003,19.92608,1,1
12.08.2021 00:21:42.615,19.931220000000003,19.92618,1,1
12.08.2021 00:21:55.883,19.931610000000003,19.92618,1.25,1
12.08.2021 00:22:12.934,19.931900000000002,19.926060000000003,1.55,1
12.08.2021 00:22:12.985,19.93133,19.926360000000003,1,1
12.08.2021 00:22:13.086,19.93133,19.92648,1,1
12.08.2021 00:22:38.356,19.93179,19.926360000000003,1.55,1
12.08.2021 00:22:39.529,19.931720000000002,19.92648,1.55,1
12.08.2021 00:22:39.579,19.931720000000002,19.92628,1.55,1
12.08.2021 00:22:39.864,19.93119,19.92628,1,1
12.08.2021 00:22:40.015,19.93099,19.92628,1,1
12.08.2021 00:22:40.981,19.930970000000002,19.92628,1,1
12.08.2021 00:22:41.082,19.930790000000002,19.92628,1,1
12.08.2021 00:22:42.788,19.930370000000003,19.92628,1,1
12.08.2021 00:22:42.839,19.93019,19.92528,1,1
12.08.2021 00:22:45.420,19.93075,19.92528,1.55,1
12.08.2021 00:22:45.521,19.93075,19.92528,1.55,1
12.08.2021 00:22:45.821,19.93075,19.92546,1.55,1
12.08.2021 00:22:45.922,19.93075,19.92558,1.55,1
12.08.2021 00:22:47.134,19.93075,19.92558,1.3,1
12.08.2021 00:22:47.249,19.93039,19.92558,1,1
12.08.2021 00:22:47.300,19.93029,19.924879999999998,1,1
12.08.2021 00:23:01.647,19.93029,19.924879999999998,1.3,1
12.08.2021 00:23:03.636,19.93029,19.924760000000003,1.3,1
12.08.2021 00:23:05.977,19.930470000000003,19.924560000000003,1.3,1
12.08.2021 00:23:06.027,19.930470000000003,19.92468,1.3,1
12.08.2021 00:23:28.660,19.93052,19.92468,1.3,1
12.08.2021 00:23:29.430,19.93052,19.924860000000002,1.3,1
12.08.2021 00:23:30.172,19.93052,19.92498,1,1
12.08.2021 00:23:42.966,19.93052,19.92508,1,1
12.08.2021 00:23:43.605,19.93091,19.92508,1.55,1
12.08.2021 00:23:48.899,19.93091,19.92508,1.3,1
12.08.2021 00:23:50.289,19.93089,19.92508,1.3,1
12.08.2021 00:23:53.289,19.93099,19.92508,1.3,1
12.08.2021 00:24:00.795,19.93099,19.92526,1.3,1
12.08.2021 00:24:01.237,19.93091,19.92538,1.3,1
12.08.2021 00:24:01.520,19.93091,19.92548,1.3,1
12.08.2021 00:24:02.411,19.93091,19.92508,1.3,1
12.08.2021 00:24:03.537,19.93091,19.92538,1.3,1
12.08.2021 00:24:06.863,19.93091,19.92538,1.3,1
12.08.2021 00:24:07.397,19.93091,19.92508,1.3,1
12.08.2021 00:24:09.772,19.93091,19.92526,1.3,1
12.08.2021 00:24:09.873,19.93091,19.92538,1.3,1
12.08.2021 00:24:09.987,19.93091,19.92518,1.3,1
12.08.2021 00:24:10.871,19.93091,19.92498,1.3,1
12.08.2021 00:24:31.680,19.93091,19.92498,1.3,1
12.08.2021 00:24:31.919,19.93091,19.92458,1.3,1
12.08.2021 00:24:32.178,19.93091,19.92418,1.3,1.4
12.08.2021 00:24:32.999,19.93082,19.92398,1.3,1.4
12.08.2021 00:24:34.249,19.93082,19.92396,1.3,1.4
12.08.2021 00:24:42.669,19.93082,19.92398,1.3,1.4
12.08.2021 00:24:47.172,19.93082,19.92426,1.55,1.3
12.08.2021 00:24:48.361,19.93091,19.92428,1.55,1.3
12.08.2021 00:25:09.303,19.93083,19.92426,1.55,1.3
12.08.2021 00:25:12.191,19.930790000000002,19.92426,1.3,1.3
12.08.2021 00:25:17.814,19.93053,19.92408,1.3,1.3
12.08.2021 00:25:18.749,19.93053,19.92408,1.3,1.4
12.08.2021 00:25:18.800,19.93053,19.92428,1.3,1
12.08.2021 00:25:20.985,19.93053,19.92428,1.3,1.3
12.08.2021 00:25:35.495,19.93053,19.92458,1.3,1
12.08.2021 00:25:39.653,19.93092,19.92458,1.55,1
12.08.2021 00:25:39.775,19.93092,19.92446,1.55,1.3
12.08.2021 00:25:42.040,19.93053,19.92428,1,1.3
12.08.2021 00:25:44.067,19.93053,19.92463,1,1
12.08.2021 00:25:44.168,19.93053,19.92451,1,1.4
12.08.2021 00:25:46.090,19.93053,19.92434,1,1.4
12.08.2021 00:25:47.206,19.93053,19.92468,1,1.3
12.08.2021 00:25:54.363,19.93053,19.92438,1,1.4
12.08.2021 00:25:54.478,19.93053,19.92438,1.3,1.4
12.08.2021 00:25:56.691,19.93053,19.92438,1,1.4
12.08.2021 00:26:03.082,19.93053,19.92438,1.3,1.4
12.08.2021 00:26:14.719,19.93053,19.92438,1,1.4
12.08.2021 00:26:14.868,19.93053,19.92438,1.3,1.4
12.08.2021 00:26:14.969,19.93039,19.92429,1,1.3
12.08.2021 00:26:15.019,19.93039,19.92429,1,1.3
12.08.2021 00:26:16.068,19.93039,19.92429,1.3,1.3
12.08.2021 00:26:28.532,19.93039,19.92429,1.3,1.3
12.08.2021 00:26:34.794,19.93053,19.92429,1.3,1.3
12.08.2021 00:26:35.265,19.93051,19.92429,1.3,1
12.08.2021 00:26:35.477,19.93051,19.92429,1,1.3
12.08.2021 00:26:36.296,19.93051,19.92438,1,1.3
12.08.2021 00:26:40.294,19.93051,19.92438,1.3,1.3
12.08.2021 00:26:45.796,19.93081,19.92438,1,1
12.08.2021 00:26:45.943,19.930790000000002,19.92438,1,1
12.08.2021 00:26:47.294,19.930770000000003,19.92438,1,1
12.08.2021 00:26:54.412,19.930770000000003,19.92438,1.3,1.3
12.08.2021 00:27:01.973,19.930770000000003,19.92438,1.3,1.3
12.08.2021 00:27:09.767,19.931,19.92426,1.3,1
12.08.2021 00:27:10.324,19.930760000000003,19.92429,1.3,1
12.08.2021 00:27:10.568,19.93039,19.92429,1,1.3
12.08.2021 00:27:10.719,19.93039,19.92429,1.3,1
12.08.2021 00:27:11.145,19.93055,19.92429,1.3,1.3
12.08.2021 00:27:19.327,19.93039,19.92429,1,1.3
12.08.2021 00:27:19.581,19.93039,19.92429,1.3,1
12.08.2021 00:27:21.672,19.93055,19.92429,1.3,1
12.08.2021 00:27:22.428,19.93055,19.92429,1.3,1.3
12.08.2021 00:27:30.534,19.93056,19.92451,1,1.4
12.08.2021 00:27:35.991,19.93056,19.92451,1,1.4
12.08.2021 00:27:37.951,19.93056,19.924500000000002,1,1.4
12.08.2021 00:27:44.334,19.930870000000002,19.92468,1.3,1.4
12.08.2021 00:27:46.797,19.931420000000003,19.92478,1.55,1.3
12.08.2021 00:27:54.082,19.93138,19.92498,1.55,1
12.08.2021 00:27:54.133,19.93136,19.92478,1.55,1
12.08.2021 00:27:54.411,19.93136,19.92478,1.55,1.3
12.08.2021 00:27:56.354,19.93029,19.92478,1,1.3
12.08.2021 00:27:56.405,19.93029,19.92471,1,1.3
12.08.2021 00:27:56.609,19.931,19.92471,1.42,1.3
12.08.2021 00:27:56.825,19.931,19.92471,1.42,1.3
12.08.2021 00:28:02.439,19.930970000000002,19.92473,1.3,1.3
12.08.2021 00:28:06.657,19.93108,19.92498,1,1.3
12.08.2021 00:28:07.148,19.931060000000002,19.92498,1,1.3
12.08.2021 00:28:07.527,19.931060000000002,19.92483,1.55,1.55
12.08.2021 00:28:07.578,19.93104,19.924879999999998,1,1.3
12.08.2021 00:28:08.239,19.93104,19.924879999999998,1,1.3
12.08.2021 00:28:08.436,19.93103,19.924879999999998,1,1.4
12.08.2021 00:28:08.648,19.93103,19.924879999999998,1,1.3
12.08.2021 00:28:09.620,19.931020000000004,19.92491,1,1.3
12.08.2021 00:28:11.837,19.931020000000004,19.92493,1,1.3
12.08.2021 00:28:12.219,19.93099,19.92493,1,1.3
12.08.2021 00:28:12.269,19.93099,19.92493,1,1.3
12.08.2021 00:28:12.471,19.93099,19.92493,1.3,1.3
12.08.2021 00:28:27.926,19.931020000000004,19.92493,1.3,1
12.08.2021 00:28:28.497,19.9312,19.92478,1.3,1.3
12.08.2021 00:28:43.300,19.931020000000004,19.92494,1.3,1
12.08.2021 00:28:43.350,19.931020000000004,19.92494,1.3,1.3
12.08.2021 00:28:46.294,19.9314,19.924970000000002,1.3,1.55
12.08.2021 00:28:55.606,19.93134,19.925020000000004,1.3,1.55
12.08.2021 00:28:56.181,19.93134,19.925020000000004,1.3,1.25
12.08.2021 00:28:58.846,19.93128,19.925020000000004,1.3,1.55
12.08.2021 00:28:59.896,19.931220000000003,19.92518,1.3,1
12.08.2021 00:29:00.089,19.931220000000003,19.92518,1,1.3
12.08.2021 00:29:00.437,19.93121,19.92518,1,1.3
12.08.2021 00:29:00.590,19.9312,19.92518,1,1.3
12.08.2021 00:29:00.730,19.931160000000002,19.925020000000004,1,1.55
12.08.2021 00:29:00.922,19.931150000000002,19.92501,1,1.55
12.08.2021 00:29:01.023,19.93114,19.92501,1.3,1.55
12.08.2021 00:29:03.403,19.93108,19.925020000000004,1,1.55
12.08.2021 00:29:04.109,19.931070000000002,19.92501,1,1.55
12.08.2021 00:29:31.549,19.931070000000002,19.92538,1,1
12.08.2021 00:29:33.406,19.9312,19.92538,1.3,1
12.08.2021 00:29:33.508,19.931070000000002,19.92538,1,1.3
12.08.2021 00:29:40.230,19.93108,19.92548,1,1.3
12.08.2021 00:29:41.511,19.931070000000002,19.92548,1,1.3
12.08.2021 00:29:42.005,19.931070000000002,19.92558,1,1
12.08.2021 00:29:42.265,19.93108,19.92558,1,1
12.08.2021 00:29:42.366,19.93108,19.92568,1,1
12.08.2021 00:29:44.682,19.93137,19.92568,1,1
12.08.2021 00:29:45.637,19.93137,19.92586,1,1
12.08.2021 00:29:45.738,19.93137,19.92598,1,1
12.08.2021 00:29:50.515,19.93136,19.92598,1,1
12.08.2021 00:29:50.565,19.93136,19.92578,1,1
12.08.2021 00:29:59.984,19.93136,19.92578,1,1.3
12.08.2021 00:30:03.504,19.931350000000002,19.92578,1,1.3
12.08.2021 00:30:04.494,19.93134,19.92578,1,1.3
12.08.2021 00:30:09.599,19.93134,19.92578,1,1.3
12.08.2021 00:30:12.995,19.93134,19.92578,1,1.3
12.08.2021 00:30:13.404,19.931350000000002,19.92558,1,1.3
12.08.2021 00:30:16.422,19.93134,19.92538,1,1.3
12.08.2021 00:30:30.251,19.93134,19.92529,1,1.4
12.08.2021 00:30:44.791,19.93134,19.92529,1,1.1
12.08.2021 00:30:45.245,19.93133,19.92504,1,1.4
12.08.2021 00:30:46.362,19.93133,19.925050000000002,1,1.4
12.08.2021 00:30:57.191,19.93133,19.925050000000002,1,1.4
12.08.2021 00:31:01.506,19.93134,19.92507,1,1.4
12.08.2021 00:31:01.610,19.93133,19.92507,1,1.4
12.08.2021 00:31:03.994,19.931800000000003,19.92507,1,1.35
12.08.2021 00:31:04.612,19.93178,19.92509,1,1.35
12.08.2021 00:31:05.252,19.93178,19.92511,1.3,1.65
12.08.2021 00:31:05.699,19.931610000000003,19.92511,1.3,1.65
12.08.2021 00:31:05.749,19.93158,19.9253,1.3,1.4
12.08.2021 00:31:10.607,19.931540000000002,19.9253,1.3,1.4
12.08.2021 00:31:14.414,19.9315,19.9253,1.3,1.4
12.08.2021 00:31:19.653,19.931420000000003,19.92529,1,1.1
12.08.2021 00:31:20.987,19.9314,19.92529,1,1.1
12.08.2021 00:31:21.109,19.93138,19.9253,1,1.1
12.08.2021 00:31:22.695,19.93136,19.9253,1,1.1
12.08.2021 00:31:22.812,19.931350000000002,19.9253,1,1.1
12.08.2021 00:31:23.342,19.931350000000002,19.9253,1.3,1.4
12.08.2021 00:31:31.601,19.93134,19.9253,1,1.4
12.08.2021 00:31:31.768,19.93134,19.9253,1.3,1.4
12.08.2021 00:31:34.422,19.93134,19.9253,1.3,1.4
12.08.2021 00:31:35.985,19.93134,19.9253,1,1.1
12.08.2021 00:31:44.856,19.93133,19.9253,1,1.1
12.08.2021 00:31:46.494,19.93131,19.9249,1,2.15
12.08.2021 00:31:48.145,19.9313,19.92491,1,1.65
12.08.2021 00:31:49.601,19.93129,19.924920000000004,1,1.65
12.08.2021 00:31:49.845,19.93128,19.924950000000003,1,1.65
12.08.2021 00:32:00.298,19.93128,19.92514,1,1.1
12.08.2021 00:32:03.929,19.93127,19.92519,1,2.35
12.08.2021 00:32:04.587,19.93126,19.9252,1,1.1
12.08.2021 00:32:05.544,19.93126,19.9252,1,1.1
12.08.2021 00:32:17.376,19.93126,19.9252,1,1.1
12.08.2021 00:32:17.676,19.93126,19.9252,1,1.1
12.08.2021 00:32:18.955,19.9314,19.92501,1,1.4
12.08.2021 00:32:19.481,19.9314,19.92501,1,1.4
12.08.2021 00:32:34.947,19.9314,19.92501,1,1.4
12.08.2021 00:32:45.114,19.93126,19.9252,1,2.25
12.08.2021 00:32:45.995,19.9314,19.92521,1,1.25
12.08.2021 00:32:48.044,19.9316,19.92521,1,1.25
12.08.2021 00:32:48.194,19.9314,19.9252,1.5,1.25
12.08.2021 00:32:48.295,19.9314,19.9252,1.8,1.25
12.08.2021 00:32:50.451,19.9314,19.92521,1,1.25
12.08.2021 00:32:59.612,19.9312,19.9252,1,2.25
12.08.2021 00:33:01.511,19.9312,19.92521,1,1
12.08.2021 00:33:03.998,19.9312,19.925220000000003,1,1
12.08.2021 00:33:04.745,19.9312,19.92523,1,1
12.08.2021 00:33:06.397,19.9311,19.92523,1,1
12.08.2021 00:33:08.062,19.9311,19.92524,1,1
12.08.2021 00:33:13.396,19.9311,19.92523,1,1
12.08.2021 00:33:15.171,19.9311,19.92524,1,1
12.08.2021 00:33:36.035,19.9311,19.92443,1,1.65
12.08.2021 00:33:45.363,19.9311,19.92524,1,1
12.08.2021 00:33:45.495,19.9311,19.92485,1,1.35
12.08.2021 00:33:47.197,19.93126,19.924870000000002,1,1.35
12.08.2021 00:33:48.844,19.931250000000002,19.924879999999998,1,1.35
12.08.2021 00:33:48.953,19.93124,19.92489,1,1.35
12.08.2021 00:33:49.608,19.93123,19.9249,1,1.35
12.08.2021 00:33:49.729,19.931220000000003,19.92491,1,1.01
12.08.2021 00:33:50.594,19.9312,19.92493,1,1
12.08.2021 00:33:52.297,19.93119,19.924950000000003,1,1
12.08.2021 00:33:53.950,19.93119,19.924970000000002,1,1
12.08.2021 00:33:55.650,19.93119,19.92499,1,1
12.08.2021 00:33:57.345,19.93119,19.925,1,1
12.08.2021 00:33:58.162,19.93119,19.92501,1,1
12.08.2021 00:33:59.096,19.93119,19.92503,1,1
12.08.2021 00:33:59.607,19.93119,19.92504,1,1
12.08.2021 00:34:00.510,19.93119,19.925050000000002,1,1
12.08.2021 00:34:00.611,19.931,19.92507,1,1
12.08.2021 00:34:01.556,19.931,19.92509,1,1
12.08.2021 00:34:03.474,19.931,19.9251,1,1
12.08.2021 00:34:03.715,19.931,19.92511,1,1
12.08.2021 00:34:04.195,19.931,19.925120000000003,1,1
12.08.2021 00:34:05.895,19.931,19.925120000000003,1,1.25
12.08.2021 00:34:07.441,19.9313,19.925120000000003,1,1.25
12.08.2021 00:34:16.613,19.9312,19.925120000000003,1,1.25
12.08.2021 00:34:21.881,19.9301,19.92511,1,1.25
12.08.2021 00:34:22.182,19.931,19.92511,1.3,1.25
12.08.2021 00:34:24.454,19.931,19.92511,1,1.25
12.08.2021 00:34:34.471,19.931,19.92511,1.3,1.25
12.08.2021 00:34:41.059,19.931,19.92511,1,1.25
12.08.2021 00:34:45.433,19.9315,19.92511,1.8,1.25
12.08.2021 00:34:48.825,19.9315,19.92511,1.8,1.25
12.08.2021 00:35:02.990,19.9312,19.92511,1.3,1.25
12.08.2021 00:35:06.267,19.9312,19.92511,1.3,1
12.08.2021 00:35:15.824,19.9312,19.92511,1.3,1.3
12.08.2021 00:35:16.127,19.9312,19.92511,1.3,1
12.08.2021 00:35:24.463,19.9312,19.92511,1.3,1
12.08.2021 00:35:34.463,19.9312,19.92511,1.3,1.3
12.08.2021 00:35:38.597,19.9312,19.924300000000002,1.3,1.4
12.08.2021 00:35:44.462,19.9312,19.924310000000002,1.3,1.52
12.08.2021 00:35:45.237,19.9312,19.924310000000002,1,1.52
12.08.2021 00:35:46.158,19.93119,19.92472,1,1.55
12.08.2021 00:35:47.894,19.93117,19.92472,1,1.55
12.08.2021 00:35:48.419,19.931160000000002,19.92473,1,1.55
12.08.2021 00:35:49.545,19.93114,19.92475,1,1.55
12.08.2021 00:35:49.647,19.93111,19.92478,1,1.55
12.08.2021 00:35:51.246,19.9311,19.92479,1,1.55
12.08.2021 00:35:52.265,19.93109,19.9248,1,1.55
12.08.2021 00:35:52.944,19.93108,19.92481,1,1.55
12.08.2021 00:35:53.934,19.931070000000002,19.92482,1,1.3
12.08.2021 00:35:54.471,19.931070000000002,19.92482,1.3,1.3
12.08.2021 00:36:00.267,19.93104,19.924960000000002,1,1.3
12.08.2021 00:36:03.991,19.931050000000003,19.925,1,1.3
12.08.2021 00:36:04.564,19.93139,19.925,1.25,1.3
12.08.2021 00:36:04.615,19.931410000000003,19.924970000000002,1,1.55
12.08.2021 00:36:04.864,19.93137,19.924970000000002,1,1.65
12.08.2021 00:36:06.545,19.93136,19.924970000000002,1,1.65
12.08.2021 00:36:06.698,19.931350000000002,19.924970000000002,1,1.65
12.08.2021 00:36:08.245,19.93134,19.924970000000002,1,1.65
12.08.2021 00:36:08.452,19.93133,19.924970000000002,1,1.65
12.08.2021 00:36:09.945,19.931320000000003,19.924970000000002,1,1.65
12.08.2021 00:36:10.426,19.9313,19.924970000000002,1,1.65
12.08.2021 00:36:11.210,19.93129,19.924970000000002,1,1.65
12.08.2021 00:36:11.646,19.93128,19.924970000000002,1,1.65
12.08.2021 00:36:11.919,19.93127,19.924970000000002,1,1.65
12.08.2021 00:36:13.345,19.93126,19.924970000000002,1,1.65
12.08.2021 00:36:13.513,19.931250000000002,19.924970000000002,1,1.65
12.08.2021 00:36:15.046,19.93124,19.924970000000002,1,1.55
12.08.2021 00:36:15.218,19.93123,19.924970000000002,1,1.55
12.08.2021 00:36:16.746,19.931220000000003,19.924970000000002,1,1.55
12.08.2021 00:36:17.349,19.93121,19.924970000000002,1,1.55
12.08.2021 00:36:18.448,19.93119,19.924970000000002,1,1.55
12.08.2021 00:36:24.473,19.93119,19.924970000000002,1,1.25
12.08.2021 00:36:36.191,19.93184,19.92451,1.55,1.65
12.08.2021 00:36:36.754,19.93184,19.92451,1.55,1.65
12.08.2021 00:36:37.889,19.93184,19.92451,1.55,1.65
12.08.2021 00:36:40.477,19.93117,19.924970000000002,1,1.55
12.08.2021 00:36:40.595,19.931150000000002,19.924970000000002,1,1.55
12.08.2021 00:36:42.248,19.93113,19.924970000000002,1,1.55
12.08.2021 00:36:43.950,19.931120000000004,19.924970000000002,1,1.55
12.08.2021 00:36:44.473,19.93111,19.924970000000002,1,1.55
12.08.2021 00:36:45.556,19.931120000000004,19.92498,1,1.55
12.08.2021 00:36:45.694,19.9317,19.925,1.3,1.55
12.08.2021 00:37:16.298,19.9313,19.92518,1.3,1.55
12.08.2021 00:37:19.697,19.93128,19.92518,1.3,1.55
12.08.2021 00:37:26.891,19.93127,19.925410000000003,1,1.3
12.08.2021 00:37:27.102,19.93127,19.925410000000003,1,1.4
12.08.2021 00:37:28.090,19.93127,19.925410000000003,1,1.4
12.08.2021 00:37:33.884,19.93127,19.925410000000003,1,1.4
12.08.2021 00:37:35.376,19.93188,19.92931,1,1
12.08.2021 00:37:35.427,19.93349,19.92761,1.3,1.9
12.08.2021 00:37:35.477,19.934220000000003,19.92949,1.3,1.1
12.08.2021 00:37:35.528,19.933790000000002,19.92818,1,1.4
12.08.2021 00:37:35.579,19.9345,19.928410000000003,1,1.3
12.08.2021 00:37:35.630,19.93439,19.92838,1,1.3
12.08.2021 00:37:35.743,19.93439,19.92838,1.3,1
12.08.2021 00:37:35.794,19.934510000000003,19.92989,1.3,1
12.08.2021 00:37:35.895,19.934510000000003,19.93048,1,1
12.08.2021 00:37:35.946,19.934510000000003,19.93036,1,1
12.08.2021 00:37:36.047,19.934510000000003,19.930370000000003,1,1
12.08.2021 00:37:37.010,19.93545,19.930370000000003,1,1
12.08.2021 00:37:37.112,19.93545,19.930370000000003,1,1.3
12.08.2021 00:37:37.213,19.93545,19.93036,1,1.93
12.08.2021 00:37:37.558,19.93545,19.93036,1,1.93
12.08.2021 00:37:40.144,19.93579,19.93051,1,1.03
12.08.2021 00:37:40.195,19.93579,19.93051,1.25,1.03
12.08.2021 00:37:44.065,19.93573,19.930120000000002,1,1.88
12.08.2021 00:37:44.166,19.93545,19.92912,1.75,1.65
12.08.2021 00:37:45.452,19.93545,19.92912,1.3,1.55
12.08.2021 00:37:45.591,19.93545,19.92912,1.3,1.55
12.08.2021 00:37:47.288,19.93545,19.92912,1.3,1.55
12.08.2021 00:37:50.268,19.93545,19.92912,1.3,1.3
12.08.2021 00:37:52.483,19.93554,19.92912,1,1.3
12.08.2021 00:38:02.367,19.93554,19.92912,1.3,1.55
12.08.2021 00:38:10.148,19.93554,19.92912,1.3,1.55
12.08.2021 00:38:10.689,19.93554,19.92912,1.55,1.3
12.08.2021 00:38:11.889,19.93554,19.92912,1.55,1.3
12.08.2021 00:38:13.689,19.93554,19.92912,1.55,1.3
12.08.2021 00:38:15.492,19.93554,19.92912,1.55,1.3
12.08.2021 00:38:16.388,19.93554,19.92912,1.55,1.3
12.08.2021 00:38:17.084,19.93554,19.92912,1.55,1.3
12.08.2021 00:38:17.588,19.93554,19.92912,1.55,1.3
12.08.2021 00:38:19.090,19.93554,19.92912,1.55,1.3
12.08.2021 00:38:20.588,19.93554,19.92912,1.55,1.3
12.08.2021 00:38:20.984,19.93554,19.92912,1.55,1.3
12.08.2021 00:38:23.289,19.93554,19.92912,1.55,1.3
12.08.2021 00:38:27.192,19.93554,19.92912,1.55,1.3
12.08.2021 00:38:28.388,19.93554,19.92912,1.55,1.3
12.08.2021 00:38:30.506,19.93554,19.92912,1.55,1.3
12.08.2021 00:38:34.869,19.93554,19.92912,1.55,1.3
12.08.2021 00:38:38.588,19.93554,19.92912,1.55,1.3
12.08.2021 00:38:43.711,19.93554,19.92912,1.55,1.3
12.08.2021 00:38:43.988,19.93554,19.92912,1.55,1.3
12.08.2021 00:38:49.734,19.93524,19.92912,1.3,1.3
12.08.2021 00:38:55.088,19.93524,19.92912,1.3,1.3
12.08.2021 00:39:01.688,19.93524,19.92912,1.3,1.3
12.08.2021 00:39:18.190,19.93524,19.92912,1.3,1.3
12.08.2021 00:39:25.090,19.93524,19.92912,1.3,1.3
12.08.2021 00:39:27.844,19.93524,19.93133,1.3,1
12.08.2021 00:39:27.945,19.9369,19.932160000000003,1,1.1
12.08.2021 00:39:27.996,19.93599,19.93348,1,1
12.08.2021 00:39:28.046,19.936890000000002,19.93348,1,1
12.08.2021 00:39:28.096,19.93659,19.93348,1,1
12.08.2021 00:39:28.247,19.93869,19.93348,2.05,1.25
12.08.2021 00:39:28.348,19.93898,19.93348,1.3,1
12.08.2021 00:39:28.838,19.93898,19.93348,1.3,1
12.08.2021 00:39:29.632,19.93898,19.93348,1.3,1
12.08.2021 00:39:29.895,19.93898,19.93348,1.3,1
12.08.2021 00:39:32.888,19.93898,19.93348,1.3,1
12.08.2021 00:39:33.337,19.938950000000002,19.93338,1.3,1
12.08.2021 00:39:33.438,19.93659,19.93133,1.25,1.8
12.08.2021 00:39:33.539,19.93599,19.93084,1,1
12.08.2021 00:39:34.361,19.93599,19.93084,1.3,1.25
12.08.2021 00:39:34.496,19.93599,19.93084,1,1.25
12.08.2021 00:39:35.046,19.93599,19.93084,1.3,1.25
12.08.2021 00:39:35.731,19.93599,19.92988,1.3,1.8
12.08.2021 00:39:35.931,19.93599,19.92988,1.3,1.5
12.08.2021 00:39:36.173,19.93599,19.92988,1.3,1.5
12.08.2021 00:39:39.280,19.93599,19.930210000000002,1.3,1.5
12.08.2021 00:39:39.381,19.93599,19.9301,1,1.15
12.08.2021 00:39:39.431,19.93599,19.93003,1,1.65
12.08.2021 00:39:40.688,19.93599,19.92988,1,1.9
12.08.2021 00:39:41.083,19.93599,19.92988,1,1.9
12.08.2021 00:39:41.888,19.93599,19.92988,1,1.9
12.08.2021 00:39:42.584,19.93599,19.92988,1,1.9
12.08.2021 00:39:43.089,19.93599,19.92988,1,1.9
12.08.2021 00:39:47.588,19.93599,19.92988,1,1.9
12.08.2021 00:39:48.789,19.93599,19.92988,1,1.9
12.08.2021 00:39:50.589,19.93599,19.92988,1,1.9
12.08.2021 00:39:50.784,19.93599,19.92988,1,1.9
12.08.2021 00:39:53.288,19.93599,19.93028,1,1.3
12.08.2021 00:40:00.189,19.93599,19.93028,1,1.3
12.08.2021 00:40:03.191,19.93599,19.93028,1,1.3
12.08.2021 00:40:04.186,19.93599,19.92977,1.3,1.9
12.08.2021 00:40:06.193,19.93599,19.92977,1,1.8
12.08.2021 00:40:08.888,19.93599,19.92977,1.3,1.8
12.08.2021 00:40:09.475,19.93599,19.92977,1.3,1.8
12.08.2021 00:40:09.626,19.93599,19.92977,1,1.8
12.08.2021 00:40:11.074,19.93626,19.92977,1.3,1.55
12.08.2021 00:40:11.124,19.93599,19.92977,1,1.55
12.08.2021 00:40:11.225,19.93599,19.92977,1.3,1.8
12.08.2021 00:40:11.276,19.93599,19.92977,1,1.8
12.08.2021 00:40:24.348,19.93599,19.93269,1,1
12.08.2021 00:40:24.398,19.93626,19.93131,1.3,1
12.08.2021 00:40:24.449,19.93626,19.93014,1.3,1.1
12.08.2021 00:40:24.500,19.93626,19.93016,1.3,1.4
12.08.2021 00:40:24.602,19.93626,19.93016,1,1.3
12.08.2021 00:40:25.989,19.93626,19.93038,1.3,1.3
12.08.2021 00:40:27.477,19.93619,19.93016,1.25,1.55
12.08.2021 00:40:27.582,19.93619,19.93016,1.55,1.25
12.08.2021 00:40:29.889,19.93619,19.93016,1.55,1.25
12.08.2021 00:40:31.689,19.93619,19.93016,1.55,1.25
12.08.2021 00:40:36.224,19.93619,19.92988,1.55,1.55
12.08.2021 00:40:41.599,19.93619,19.92988,1.55,1.55
12.08.2021 00:40:47.153,19.93619,19.92988,1.55,1.55
12.08.2021 00:40:49.582,19.93619,19.93263,1.55,1
12.08.2021 00:40:49.633,19.93648,19.933210000000003,1,1.25
12.08.2021 00:40:49.734,19.93899,19.933210000000003,1.8,1
12.08.2021 00:40:49.874,19.939110000000003,19.933370000000004,1.6,1
12.08.2021 00:40:50.161,19.939110000000003,19.933370000000004,1.3,1
12.08.2021 00:40:50.262,19.939110000000003,19.933370000000004,1,1.3
12.08.2021 00:40:50.589,19.939110000000003,19.933370000000004,1.3,1
12.08.2021 00:40:50.783,19.939110000000003,19.933370000000004,1,1.3
12.08.2021 00:40:53.940,19.9391,19.933370000000004,1.5,1.3
12.08.2021 00:40:54.040,19.9391,19.93269,1.8,1.3
12.08.2021 00:40:54.141,19.9391,19.93269,1.8,1.3
12.08.2021 00:40:55.015,19.9391,19.93269,1.8,1.3
12.08.2021 00:41:47.005,19.938920000000003,19.932479999999998,1.8,1.55
12.08.2021 00:41:47.840,19.938620000000004,19.932479999999998,1.3,1.55
12.08.2021 00:41:48.964,19.938620000000004,19.93214,1.3,1.15
12.08.2021 00:41:49.901,19.938579999999998,19.9324,1.3,1.3
12.08.2021 00:41:51.490,19.938579999999998,19.9324,1.3,1.3
12.08.2021 00:41:53.288,19.938579999999998,19.9324,1.3,1.3
12.08.2021 00:42:02.888,19.93842,19.9324,1.3,1.3
12.08.2021 00:42:07.960,19.938620000000004,19.9324,1.3,1.3
12.08.2021 00:42:08.889,19.93869,19.9324,2.55,1.3
12.08.2021 00:42:10.988,19.93869,19.9324,2.55,1.3
12.08.2021 00:42:14.475,19.93869,19.9324,2.55,1.3
12.08.2021 00:42:15.190,19.93869,19.9324,2.55,1.3
12.08.2021 00:42:17.888,19.93869,19.9324,2.55,1.3
12.08.2021 00:42:24.475,19.93869,19.9324,2.55,1.3
12.08.2021 00:42:26.589,19.93869,19.9324,2.55,1.3
12.08.2021 00:42:31.730,19.938820000000003,19.932260000000003,1.3,1.55
12.08.2021 00:42:32.950,19.938660000000002,19.9324,1.3,1.25
12.08.2021 00:42:33.256,19.938650000000003,19.9324,1.3,1.55
12.08.2021 00:42:44.820,19.93863,19.9324,1.8,1.55
12.08.2021 00:43:07.945,19.93639,19.9324,1,1
12.08.2021 00:43:08.046,19.93796,19.93241,1.8,1
12.08.2021 00:43:08.147,19.93861,19.93242,1.8,1.1
12.08.2021 00:43:08.251,19.93861,19.93242,1.8,1.1
12.08.2021 00:43:09.006,19.93861,19.93242,1.5,1.4
12.08.2021 00:43:16.492,19.9386,19.93244,1.5,1.4
12.08.2021 00:43:18.247,19.9386,19.93244,1.8,1.4
12.08.2021 00:43:26.980,19.93832,19.93244,1.3,1.3
12.08.2021 00:43:30.788,19.93832,19.93244,1.3,1.3
12.08.2021 00:43:32.697,19.9386,19.93244,1.8,1.3
12.08.2021 00:43:34.681,19.9386,19.93244,1.8,1.3
12.08.2021 00:43:37.357,19.93899,19.932260000000003,1.8,1.65
12.08.2021 00:43:37.894,19.93899,19.932260000000003,1.8,1.65
12.08.2021 00:43:37.957,19.93899,19.932260000000003,1.8,1.65
12.08.2021 00:43:59.939,19.93884,19.932460000000003,3.05,1.55
12.08.2021 00:44:06.591,19.93883,19.932460000000003,1.8,1.55
12.08.2021 00:44:07.079,19.93883,19.932460000000003,1.8,1.55
12.08.2021 00:44:07.902,19.93883,19.932460000000003,1.8,1.55
12.08.2021 00:44:25.242,19.93883,19.932460000000003,1.8,1.55
12.08.2021 00:44:30.293,19.938920000000003,19.932260000000003,1.8,1.65
12.08.2021 00:44:32.361,19.938920000000003,19.932260000000003,1.8,1.55
12.08.2021 00:44:34.345,19.938920000000003,19.932260000000003,1.8,1.65
12.08.2021 00:44:35.265,19.939220000000002,19.932260000000003,1.8,1.65
12.08.2021 00:44:36.474,19.939220000000002,19.932260000000003,1.8,1.65
12.08.2021 00:44:37.897,19.939220000000002,19.932479999999998,1.8,1.65
12.08.2021 00:44:56.024,19.9388,19.932479999999998,1.5,2.9
12.08.2021 00:44:58.436,19.9388,19.932479999999998,1.5,2.8
12.08.2021 00:45:00.191,19.9388,19.932479999999998,1.8,2.5
12.08.2021 00:45:07.554,19.9388,19.9325,1.8,1.25
12.08.2021 00:45:07.705,19.9387,19.9325,1.3,1.8
12.08.2021 00:45:07.806,19.93881,19.932560000000002,1,1.8
12.08.2021 00:45:08.760,19.93881,19.93268,1,1.8
12.08.2021 00:45:13.266,19.93881,19.93298,1,1.8
12.08.2021 00:45:18.612,19.93881,19.9327,1,1.8
12.08.2021 00:45:35.329,19.9392,19.93288,1.55,1.8
12.08.2021 00:45:40.689,19.9392,19.93328,1.25,1.8
12.08.2021 00:45:52.382,19.9392,19.93328,1.55,1.5
12.08.2021 00:45:54.476,19.939140000000002,19.93328,1.3,1.5
12.08.2021 00:46:00.229,19.939140000000002,19.93328,1,1.8
12.08.2021 00:46:01.830,19.939120000000003,19.93328,1,1.8
12.08.2021 00:46:07.891,19.939120000000003,19.93328,1,1.8
12.08.2021 00:46:14.563,19.939120000000003,19.93358,1.3,1.5
12.08.2021 00:46:14.664,19.939120000000003,19.93358,1,1.5
12.08.2021 00:46:15.078,19.939120000000003,19.93338,1,1.5
12.08.2021 00:46:17.323,19.939120000000003,19.93358,1,1.8
12.08.2021 00:46:21.380,19.939120000000003,19.93338,1,1.8
12.08.2021 00:46:25.712,19.939120000000003,19.93338,1,1.8
12.08.2021 00:46:29.985,19.939110000000003,19.93368,1,1.8
12.08.2021 00:46:30.036,19.939110000000003,19.93368,1.3,1.5
12.08.2021 00:46:32.541,19.939120000000003,19.93368,1,1.5
12.08.2021 00:46:35.266,19.939120000000003,19.93368,1,1.5
12.08.2021 00:46:37.399,19.939120000000003,19.93469,1,1
12.08.2021 00:46:38.354,19.939010000000003,19.93368,1,1.5
12.08.2021 00:46:39.364,19.939120000000003,19.93469,1,1
12.08.2021 00:46:40.344,19.939010000000003,19.93368,1,1.5
12.08.2021 00:46:41.375,19.939120000000003,19.93469,1,1
12.08.2021 00:46:42.354,19.939010000000003,19.93368,1,1.5
12.08.2021 00:46:43.333,19.939120000000003,19.93368,1,1.5
12.08.2021 00:46:43.819,19.939120000000003,19.93368,1,1
12.08.2021 00:46:49.961,19.93994,19.93356,1.25,1
12.08.2021 00:46:53.109,19.93925,19.93368,1,1
12.08.2021 00:46:54.294,19.939510000000002,19.93368,1,1
12.08.2021 00:46:54.697,19.93948,19.93368,1,1
12.08.2021 00:46:54.798,19.93948,19.93378,1,1
12.08.2021 00:46:54.949,19.93949,19.93378,1,1
12.08.2021 00:46:55.831,19.93949,19.933960000000003,1,1
12.08.2021 00:46:55.938,19.93949,19.934079999999998,1,1
12.08.2021 00:46:57.696,19.93948,19.934079999999998,1,1
12.08.2021 00:46:59.395,19.93949,19.934079999999998,1,1
12.08.2021 00:47:01.096,19.93948,19.934079999999998,1.3,1
12.08.2021 00:47:02.314,19.93949,19.934079999999998,1,1
12.08.2021 00:47:04.939,19.93949,19.934079999999998,1.3,1
12.08.2021 00:47:08.031,19.93948,19.934079999999998,1.3,1
12.08.2021 00:47:08.615,19.93948,19.934160000000002,1.3,1
12.08.2021 00:47:08.812,19.93948,19.93428,1.3,1
12.08.2021 00:47:12.950,19.93948,19.93428,1.3,1
12.08.2021 00:47:13.052,19.94039,19.936010000000003,1.3,1
12.08.2021 00:47:13.103,19.94039,19.93492,1,1.3
12.08.2021 00:47:13.204,19.940929999999998,19.93492,1.05,1.25
12.08.2021 00:47:13.305,19.94039,19.93492,1,1
12.08.2021 00:47:13.457,19.94039,19.93492,1.3,1
12.08.2021 00:47:13.611,19.94039,19.93492,1,1
12.08.2021 00:47:14.884,19.94099,19.93492,1.5,1
12.08.2021 00:47:15.020,19.94099,19.93492,1.8,1
12.08.2021 00:47:15.611,19.94099,19.93492,1.8,1
12.08.2021 00:47:15.983,19.94099,19.93492,1.8,1
12.08.2021 00:47:16.568,19.94099,19.93496,1.8,1
12.08.2021 00:47:16.987,19.94099,19.93508,1.8,1
12.08.2021 00:47:20.193,19.94099,19.93508,1.8,1
12.08.2021 00:47:22.484,19.94099,19.93508,1.8,1
12.08.2021 00:47:22.753,19.94099,19.93492,1.8,1
12.08.2021 00:47:23.985,19.94099,19.93492,1.8,1
12.08.2021 00:47:24.512,19.94099,19.93492,1.8,1
12.08.2021 00:47:25.393,19.94099,19.93492,1.8,1
12.08.2021 00:47:26.155,19.94099,19.93496,1.8,1
12.08.2021 00:47:26.753,19.94099,19.93508,1.8,1
12.08.2021 00:47:27.146,19.94099,19.93508,1.8,1
12.08.2021 00:47:28.816,19.94099,19.93508,1.8,1
12.08.2021 00:47:29.882,19.94099,19.93508,1.5,1
12.08.2021 00:47:29.985,19.94099,19.93508,1.8,1
12.08.2021 00:47:30.102,19.94099,19.93508,1.8,1.3
12.08.2021 00:47:30.760,19.94099,19.93508,1.5,1
12.08.2021 00:47:32.861,19.94099,19.93508,1.5,1.3
12.08.2021 00:47:36.183,19.94068,19.93508,1,1.3
12.08.2021 00:47:42.103,19.94067,19.93508,1,1.3
12.08.2021 00:47:42.204,19.940640000000002,19.93508,1,1.3
12.08.2021 00:47:42.880,19.940620000000003,19.93498,1,1.3
12.08.2021 00:47:43.845,19.940620000000003,19.93498,1,1.3
12.08.2021 00:47:44.477,19.940620000000003,19.93498,1,1.3
12.08.2021 00:47:45.448,19.940620000000003,19.93498,1,1
12.08.2021 00:47:45.965,19.940620000000003,19.93498,1,1.3
12.08.2021 00:47:48.053,19.940620000000003,19.93538,1,1
12.08.2021 00:47:50.309,19.9406,19.93538,1,1
12.08.2021 00:47:50.511,19.94142,19.93568,1.3,1
12.08.2021 00:47:50.612,19.94142,19.93568,1.3,1
12.08.2021 00:47:50.879,19.94142,19.93598,1.3,1
12.08.2021 00:47:51.384,19.94142,19.93616,1.3,1
12.08.2021 00:47:51.527,19.94142,19.93628,1.3,1
12.08.2021 00:47:51.779,19.94163,19.93628,1.3,1
12.08.2021 00:47:53.199,19.94163,19.93628,1.3,1
12.08.2021 00:47:56.019,19.94163,19.93648,1.3,1
12.08.2021 00:48:01.081,19.94163,19.93648,1.3,1
12.08.2021 00:48:03.176,19.94163,19.93648,1,1
12.08.2021 00:48:04.184,19.94163,19.93648,1.3,1
12.08.2021 00:48:06.531,19.94163,19.93648,1,1
12.08.2021 00:48:09.042,19.94163,19.93678,1,1
12.08.2021 00:48:25.481,19.94293,19.93688,1.55,1
12.08.2021 00:48:31.682,19.94293,19.93688,1.55,1
12.08.2021 00:48:34.477,19.94293,19.93688,1.55,1
12.08.2021 00:48:35.257,19.94293,19.936760000000003,1.55,1
12.08.2021 00:48:35.308,19.94293,19.93658,1.55,1
12.08.2021 00:48:37.964,19.94293,19.93658,1.55,1
12.08.2021 00:48:47.866,19.94293,19.93658,1.55,1
12.08.2021 00:48:50.174,19.94254,19.93646,1.55,1
12.08.2021 00:48:50.225,19.94254,19.93678,1.3,1
12.08.2021 00:48:50.326,19.94324,19.936870000000003,1.3,1.25
12.08.2021 00:48:50.477,19.94324,19.936870000000003,1.3,1.25
12.08.2021 00:48:50.754,19.94324,19.93728,1.3,1
12.08.2021 00:48:51.732,19.94324,19.93746,1.3,1
12.08.2021 00:48:51.915,19.94324,19.93758,1.3,1
12.08.2021 00:48:53.141,19.94324,19.93738,1.3,1
12.08.2021 00:48:56.508,19.94324,19.93738,1,1
12.08.2021 00:48:57.704,19.94324,19.93738,1.3,1
12.08.2021 00:49:10.053,19.94324,19.937260000000002,1.3,1
12.08.2021 00:49:36.583,19.94324,19.93645,1.3,1.3
12.08.2021 00:49:36.803,19.94324,19.936410000000002,1.3,1.5
12.08.2021 00:49:37.729,19.94324,19.93678,1.3,1.25
12.08.2021 00:49:37.997,19.94324,19.93678,1.3,1.25
12.08.2021 00:49:44.618,19.94324,19.93678,1,1.5
12.08.2021 00:49:50.736,19.94354,19.937079999999998,1.3,1.5
12.08.2021 00:49:50.786,19.94354,19.937079999999998,1.3,1.25
12.08.2021 00:49:51.970,19.94334,19.936870000000003,1.3,1.25
12.08.2021 00:49:52.716,19.94334,19.936870000000003,1.3,1.25
12.08.2021 00:49:55.988,19.94302,19.936870000000003,1.3,1.25
12.08.2021 00:49:56.039,19.94302,19.936870000000003,1.3,1.25
12.08.2021 00:49:56.140,19.94302,19.936870000000003,1.3,1.25
12.08.2021 00:49:58.370,19.94292,19.936870000000003,1.3,1.25
12.08.2021 00:49:58.569,19.94292,19.936870000000003,1.3,1.25
12.08.2021 00:49:59.149,19.94292,19.936870000000003,1.3,1.25
12.08.2021 00:50:03.541,19.94272,19.936870000000003,1.3,1.25
12.08.2021 00:50:03.743,19.94272,19.936870000000003,1,1.25
12.08.2021 00:50:04.608,19.94272,19.936510000000002,1.55,1.8
12.08.2021 00:50:04.938,19.94302,19.936510000000002,1.55,1.8
12.08.2021 00:50:07.077,19.943320000000003,19.936510000000002,1.55,1.8
12.08.2021 00:50:08.944,19.943320000000003,19.936510000000002,1.55,1.5
12.08.2021 00:50:10.887,19.94334,19.936890000000002,1.3,1.25
12.08.2021 00:50:10.938,19.94334,19.936890000000002,1.3,1.25
12.08.2021 00:50:10.989,19.94334,19.936890000000002,1,1.55
12.08.2021 00:50:11.361,19.94334,19.93718,1.3,1.25
12.08.2021 00:50:13.298,19.94334,19.93738,1.3,1
12.08.2021 00:50:15.599,19.94334,19.936890000000002,1.3,1.25
12.08.2021 00:50:22.031,19.94334,19.936890000000002,1.3,1.25
12.08.2021 00:50:27.397,19.94334,19.93658,1.3,1.25
12.08.2021 00:50:31.676,19.94334,19.93646,1.3,1.25
12.08.2021 00:50:38.013,19.94334,19.93646,1.3,1.25
12.08.2021 00:50:38.423,19.94334,19.93646,1.3,1.25
12.08.2021 00:50:41.532,19.94334,19.93646,1.3,1.25
12.08.2021 00:50:42.096,19.941560000000003,19.936210000000003,1.5,1.25
12.08.2021 00:50:42.146,19.941560000000003,19.936210000000003,1.5,1.5
12.08.2021 00:50:42.197,19.94228,19.936210000000003,1.25,1.6
12.08.2021 00:50:42.248,19.94228,19.936210000000003,1.55,1.9
12.08.2021 00:50:42.500,19.94228,19.93627,1.55,1.15
12.08.2021 00:50:42.550,19.94228,19.93627,1.25,1.15
12.08.2021 00:50:43.614,19.94228,19.93627,1.25,1.15
12.08.2021 00:50:44.477,19.94228,19.93627,1.25,1.15
12.08.2021 00:50:46.388,19.94228,19.93627,1.25,1.15
12.08.2021 00:50:49.097,19.94228,19.93628,1.25,1.15
12.08.2021 00:50:50.563,19.94226,19.93636,1.25,1.05
12.08.2021 00:50:50.815,19.94226,19.936210000000003,1.55,1.8
12.08.2021 00:50:51.471,19.942220000000002,19.936210000000003,1.55,1.5
12.08.2021 00:50:54.208,19.94226,19.936210000000003,1.3,1.25
12.08.2021 00:51:05.527,19.94227,19.936210000000003,1.25,1.9
12.08.2021 00:51:05.628,19.94227,19.936310000000002,1.25,1.15
12.08.2021 00:51:05.845,19.94226,19.93634,1,1.05
12.08.2021 00:51:05.946,19.94227,19.936210000000003,1,1.55
12.08.2021 00:51:06.103,19.94227,19.936210000000003,1.55,1.8
12.08.2021 00:51:06.204,19.94227,19.936210000000003,1.55,1.9
12.08.2021 00:51:06.355,19.94227,19.93623,1.25,1.4
12.08.2021 00:51:06.771,19.94227,19.93648,1,1.3
12.08.2021 00:51:07.405,19.94226,19.93628,1,1.55
12.08.2021 00:51:07.506,19.94227,19.93628,1,1.55
12.08.2021 00:51:07.661,19.94227,19.93628,1.3,1.25
12.08.2021 00:51:07.894,19.94227,19.936210000000003,1,1.25
12.08.2021 00:51:08.058,19.94227,19.9359,1.3,1.55
12.08.2021 00:51:08.889,19.94227,19.9359,1,1.55
12.08.2021 00:51:10.103,19.94227,19.9359,1.3,1.55
12.08.2021 00:51:11.173,19.94227,19.9359,1.3,1.55
12.08.2021 00:51:12.625,19.94227,19.9359,1.3,1.25
12.08.2021 00:51:16.839,19.94227,19.9359,1.3,1.25
12.08.2021 00:51:18.176,19.94227,19.9359,1.3,1.25
12.08.2021 00:51:21.040,19.94227,19.9359,1.3,1.25
12.08.2021 00:51:22.560,19.94227,19.9359,1.3,1.25
12.08.2021 00:51:23.183,19.94227,19.936210000000003,1.55,1.5
12.08.2021 00:51:23.234,19.94227,19.936210000000003,1.25,1.8
12.08.2021 00:51:24.157,19.94227,19.93627,1.25,1.15
12.08.2021 00:51:27.923,19.94227,19.93648,1.3,1.3
12.08.2021 00:51:30.187,19.94227,19.93648,1.3,1.3
12.08.2021 00:51:31.090,19.94227,19.93648,1.3,1.3
12.08.2021 00:51:31.613,19.94226,19.936220000000002,1,1.05
12.08.2021 00:51:31.714,19.94227,19.936110000000003,1.3,1.25
12.08.2021 00:51:32.658,19.94227,19.936110000000003,1.3,1.55
12.08.2021 00:51:37.462,19.94227,19.936110000000003,1.3,1.55
12.08.2021 00:51:38.816,19.94227,19.936110000000003,1.8,1.55
12.08.2021 00:51:38.917,19.94226,19.936110000000003,1.8,1.55
12.08.2021 00:51:42.516,19.942420000000002,19.936110000000003,1.8,1.55
12.08.2021 00:51:42.617,19.940810000000003,19.936110000000003,1.5,1.3
12.08.2021 00:51:42.667,19.94148,19.93541,1.5,1.31
12.08.2021 00:51:42.718,19.94148,19.93541,1.5,1.16
12.08.2021 00:51:43.446,19.94148,19.93541,1.8,1.55
12.08.2021 00:51:43.558,19.94262,19.936210000000003,2.05,1.5
12.08.2021 00:51:43.659,19.94262,19.93626,2.05,1.5
12.08.2021 00:51:46.079,19.94262,19.93626,2.05,1.8
12.08.2021 00:51:46.642,19.94235,19.93646,1.8,1.3
12.08.2021 00:51:46.693,19.94229,19.936210000000003,1.75,1.9
12.08.2021 00:51:47.423,19.94229,19.936210000000003,1.75,1.8
12.08.2021 00:51:51.640,19.94229,19.936210000000003,2.05,1.8
12.08.2021 00:52:05.768,19.94268,19.93606,2.05,1.9
12.08.2021 00:52:07.050,19.942520000000002,19.93606,2.05,1.9
12.08.2021 00:52:07.901,19.942520000000002,19.93606,2.05,1.9
12.08.2021 00:52:15.418,19.94219,19.93588,1.8,1.9
12.08.2021 00:52:15.519,19.94218,19.93588,1.3,1
12.08.2021 00:52:15.619,19.942020000000003,19.93588,1.3,1
12.08.2021 00:52:18.817,19.941720000000004,19.93588,1.8,1
12.08.2021 00:52:20.443,19.94142,19.93498,1.8,1.25
12.08.2021 00:52:20.502,19.94142,19.93498,1.8,1.25
12.08.2021 00:52:20.553,19.94142,19.93498,1.3,1.25
12.08.2021 00:52:22.688,19.94102,19.93498,1.3,1.25
12.08.2021 00:52:37.516,19.94115,19.93364,1.3,1.15
12.08.2021 00:52:37.895,19.94115,19.934079999999998,1.3,1.4
12.08.2021 00:52:45.049,19.94132,19.93459,1.3,1.55
12.08.2021 00:52:45.505,19.94132,19.93459,1.3,1.8
12.08.2021 00:52:47.885,19.94132,19.93459,1.3,1.8
12.08.2021 00:52:57.945,19.94203,19.93468,1.55,1.5
12.08.2021 00:52:58.047,19.94203,19.93468,1.55,1.5
12.08.2021 00:52:59.213,19.94203,19.93488,1.55,1.5
12.08.2021 00:53:00.015,19.94203,19.93488,1.55,1.5
12.08.2021 00:53:00.065,19.94203,19.93488,1.55,1.5
12.08.2021 00:53:01.092,19.94203,19.93488,1.55,1.8
12.08.2021 00:53:03.788,19.941820000000003,19.93478,1.55,1.5
12.08.2021 00:53:07.388,19.941820000000003,19.93478,1.55,1.5
12.08.2021 00:53:07.523,19.941820000000003,19.93478,1.55,1.8
12.08.2021 00:53:07.891,19.941820000000003,19.93478,1.55,1.8
12.08.2021 00:53:11.129,19.941820000000003,19.93478,1.55,1.55
12.08.2021 00:53:11.385,19.941820000000003,19.93478,1.55,1.25
12.08.2021 00:53:12.190,19.941820000000003,19.93478,1.55,1.55
12.08.2021 00:53:13.155,19.94152,19.93459,1.3,1.55
12.08.2021 00:53:14.362,19.94152,19.93459,1.3,1.8
12.08.2021 00:53:16.509,19.94152,19.93459,1.3,1.55
12.08.2021 00:53:17.041,19.94152,19.93459,1.3,1.55
12.08.2021 00:53:18.788,19.94152,19.93459,1.3,1.55
12.08.2021 00:53:19.391,19.94152,19.93459,1.3,1.55
12.08.2021 00:53:19.965,19.94142,19.93459,1.3,1.55
12.08.2021 00:53:22.688,19.94142,19.93459,1.3,1.8
12.08.2021 00:53:22.738,19.94142,19.93459,1.3,1.8
12.08.2021 00:53:24.478,19.94142,19.93433,1.55,1.05
12.08.2021 00:53:25.435,19.94142,19.93433,1.55,1.05
12.08.2021 00:53:28.609,19.94142,19.93433,1.55,1.05
12.08.2021 00:53:28.744,19.94113,19.936010000000003,1.3,1.5
12.08.2021 00:53:28.846,19.9423,19.936210000000003,1.75,1.65
12.08.2021 00:53:28.947,19.9423,19.936210000000003,1.25,1.55
12.08.2021 00:53:29.048,19.9423,19.93588,1,1.25
12.08.2021 00:53:30.284,19.9423,19.93588,1.3,1.25
12.08.2021 00:53:33.287,19.9423,19.936210000000003,1.55,1.25
12.08.2021 00:53:33.387,19.9423,19.93627,1.25,1.15
12.08.2021 00:53:34.034,19.9423,19.93627,1.25,1.15
12.08.2021 00:53:36.839,19.94274,19.93628,1.3,1.65
12.08.2021 00:53:44.557,19.94294,19.93628,1.3,1.25
12.08.2021 00:53:45.695,19.94294,19.93628,1.3,1.55
12.08.2021 00:53:46.173,19.94294,19.93628,1.3,1.55
12.08.2021 00:53:52.241,19.942420000000002,19.93628,1.3,1.55
12.08.2021 00:53:52.452,19.942420000000002,19.93628,1.3,1.25
12.08.2021 00:53:54.412,19.942220000000002,19.93563,1.3,1.65
12.08.2021 00:53:54.463,19.94039,19.935000000000002,1,1.8
12.08.2021 00:53:54.513,19.94039,19.935000000000002,1,1.5
12.08.2021 00:53:54.616,19.94039,19.935000000000002,1,1
12.08.2021 00:53:59.632,19.94102,19.935000000000002,1.3,1
12.08.2021 00:53:59.846,19.94102,19.935000000000002,1,1
12.08.2021 00:54:00.587,19.94112,19.935000000000002,1,1
12.08.2021 00:54:01.035,19.94112,19.935000000000002,1.3,1
12.08.2021 00:54:03.202,19.94112,19.935000000000002,1.3,1
12.08.2021 00:54:07.089,19.94126,19.935000000000002,1.3,1.3
12.08.2021 00:54:07.375,19.94165,19.934610000000003,1.55,1.8
12.08.2021 00:54:08.197,19.94165,19.93488,1.55,1.8
12.08.2021 00:54:13.758,19.94152,19.934610000000003,1.55,1.55
12.08.2021 00:54:15.218,19.94132,19.934610000000003,1.55,1.55
12.08.2021 00:54:21.609,19.94102,19.934610000000003,1,1.25
12.08.2021 00:54:26.946,19.940920000000002,19.934610000000003,1,1.25
12.08.2021 00:54:29.072,19.94037,19.934610000000003,1,1.25
12.08.2021 00:54:29.173,19.940070000000002,19.93364,1,1.8
12.08.2021 00:54:29.224,19.939320000000002,19.93306,1.3,1
12.08.2021 00:54:29.325,19.939329999999998,19.93306,1.3,1
12.08.2021 00:54:29.743,19.939329999999998,19.93306,1.3,1.3
12.08.2021 00:54:29.897,19.939329999999998,19.93306,1.3,1
12.08.2021 00:54:30.792,19.939329999999998,19.93306,1.3,1
12.08.2021 00:54:31.088,19.939329999999998,19.93306,1.3,1.3
12.08.2021 00:54:34.525,19.939320000000002,19.93306,1.3,1.3
12.08.2021 00:54:35.044,19.939320000000002,19.93306,1.3,1
12.08.2021 00:54:35.415,19.939220000000002,19.93306,1.3,1
12.08.2021 00:54:49.937,19.939220000000002,19.93306,1.3,1
12.08.2021 00:54:59.952,19.93884,19.93267,1.8,1
12.08.2021 00:55:00.003,19.93884,19.93239,1.3,1.55
12.08.2021 00:55:00.054,19.93884,19.93239,1.3,1.25
12.08.2021 00:55:00.155,19.93884,19.93239,1.3,1.25
12.08.2021 00:55:00.683,19.938620000000004,19.93239,1.3,1.25
12.08.2021 00:55:06.446,19.93832,19.93239,1.3,1.25
12.08.2021 00:55:12.174,19.93832,19.93239,1.3,1.25
12.08.2021 00:55:12.392,19.93822,19.93239,1.3,1.25
12.08.2021 00:55:21.010,19.93802,19.932000000000002,1,1.25
12.08.2021 00:55:21.393,19.937720000000002,19.932000000000002,1,1.25
12.08.2021 00:55:24.513,19.937720000000002,19.93239,1.3,1.25
12.08.2021 00:55:26.289,19.937920000000002,19.93239,1,1.25
12.08.2021 00:55:27.223,19.937920000000002,19.93239,1.3,1.25
12.08.2021 00:55:30.169,19.937920000000002,19.93239,1.3,1.25
12.08.2021 00:55:30.466,19.937920000000002,19.93239,1.3,1.25
12.08.2021 00:55:38.889,19.93802,19.93239,1.3,1.25
12.08.2021 00:55:41.545,19.93763,19.93123,1.3,1.55
12.08.2021 00:55:41.646,19.93757,19.93123,1.3,1
12.08.2021 00:55:42.083,19.937520000000003,19.93123,1.3,1
12.08.2021 00:55:51.869,19.937220000000003,19.93123,1.3,1
12.08.2021 00:55:52.023,19.937220000000003,19.93123,1.3,1
12.08.2021 00:55:54.478,19.937120000000004,19.93123,1.3,1
12.08.2021 00:56:04.480,19.937120000000004,19.93123,1.3,1
12.08.2021 00:56:06.122,19.937120000000004,19.93084,1.3,1.25
12.08.2021 00:56:07.173,19.937120000000004,19.93084,1.3,1.25
12.08.2021 00:56:10.109,19.937250000000002,19.93123,1.3,1
12.08.2021 00:56:13.164,19.937120000000004,19.93123,1.3,1
12.08.2021 00:56:14.481,19.937120000000004,19.93123,1.3,1
12.08.2021 00:56:17.684,19.937120000000004,19.93123,1.3,1
12.08.2021 00:56:31.387,19.937120000000004,19.93123,1.3,1.3
12.08.2021 00:56:34.479,19.937120000000004,19.93123,1.3,1
12.08.2021 00:56:37.737,19.93692,19.93084,1.3,1.55
12.08.2021 00:56:37.961,19.93692,19.93084,1.3,1.55
12.08.2021 00:56:38.229,19.93682,19.930310000000002,1,1.55
12.08.2021 00:56:38.330,19.93666,19.930310000000002,1,1
12.08.2021 00:56:38.432,19.93666,19.930310000000002,1.3,1.3
12.08.2021 00:56:38.730,19.93652,19.930310000000002,1,1.3
12.08.2021 00:56:38.786,19.93652,19.930310000000002,1,1
12.08.2021 00:56:39.111,19.93635,19.930310000000002,1,1
12.08.2021 00:56:39.212,19.936220000000002,19.930310000000002,1,1
12.08.2021 00:56:40.254,19.936220000000002,19.930310000000002,1.3,1.3
12.08.2021 00:56:40.468,19.935920000000003,19.930310000000002,1,1.3
12.08.2021 00:56:58.741,19.93605,19.92941,1,1.65
12.08.2021 00:56:59.044,19.93605,19.92943,1,1.05
12.08.2021 00:57:01.145,19.93605,19.92943,1,1.05
12.08.2021 00:57:01.253,19.935920000000003,19.930310000000002,1,1.3
12.08.2021 00:57:02.473,19.935920000000003,19.930310000000002,1,1.3
12.08.2021 00:57:05.237,19.93639,19.93113,1.1,1.01
12.08.2021 00:57:05.288,19.93619,19.93006,1.25,1
12.08.2021 00:57:05.388,19.936010000000003,19.929260000000003,1,1.4
12.08.2021 00:57:05.439,19.936010000000003,19.929260000000003,1.3,1
12.08.2021 00:57:05.590,19.936010000000003,19.929260000000003,1,1
12.08.2021 00:57:05.977,19.936010000000003,19.929260000000003,1.3,1
12.08.2021 00:57:07.598,19.93599,19.929260000000003,1.3,1
12.08.2021 00:57:09.654,19.93542,19.929260000000003,1.3,1
12.08.2021 00:57:20.315,19.93587,19.929260000000003,1.3,1
12.08.2021 00:57:21.082,19.935850000000002,19.929260000000003,1.3,1
12.08.2021 00:57:21.720,19.93583,19.929479999999998,1,1
12.08.2021 00:57:23.058,19.93583,19.929479999999998,1,1.3
12.08.2021 00:57:24.720,19.93583,19.929479999999998,1.3,1
12.08.2021 00:57:27.074,19.93583,19.929479999999998,1.3,1
12.08.2021 00:57:30.086,19.93619,19.929260000000003,1.55,1.4
12.08.2021 00:57:30.873,19.93619,19.929260000000003,1.55,1.3
12.08.2021 00:57:31.405,19.93619,19.929260000000003,1.55,1.4
12.08.2021 00:57:31.513,19.93619,19.929260000000003,1.55,1.1
12.08.2021 00:57:32.409,19.935920000000003,19.929260000000003,1.3,1.4
12.08.2021 00:57:34.796,19.935920000000003,19.929260000000003,1.3,1.3
12.08.2021 00:57:34.898,19.935920000000003,19.929260000000003,1.3,1.4
12.08.2021 00:57:37.180,19.936960000000003,19.930310000000002,1.55,1
12.08.2021 00:57:37.281,19.936860000000003,19.930310000000002,1.3,1
12.08.2021 00:57:37.451,19.936860000000003,19.930310000000002,1.3,1
12.08.2021 00:57:38.290,19.93662,19.930310000000002,1.3,1
12.08.2021 00:57:49.803,19.93662,19.930310000000002,1.3,1
12.08.2021 00:57:52.197,19.936700000000002,19.930310000000002,1.3,1
12.08.2021 00:57:52.298,19.93668,19.930310000000002,1,1
12.08.2021 00:57:53.223,19.93662,19.930310000000002,1.3,1
12.08.2021 00:58:07.644,19.93666,19.930310000000002,1.3,1
12.08.2021 00:58:07.747,19.93666,19.930310000000002,1,1.3
12.08.2021 00:58:07.962,19.93666,19.930310000000002,1.3,1
12.08.2021 00:58:08.693,19.93666,19.930310000000002,1.3,1
12.08.2021 00:58:11.176,19.936500000000002,19.930310000000002,1,1
12.08.2021 00:58:11.730,19.936500000000002,19.930310000000002,1.3,1
12.08.2021 00:58:25.650,19.93665,19.930310000000002,1.3,1
12.08.2021 00:58:27.174,19.93665,19.930310000000002,1.3,1
12.08.2021 00:58:31.535,19.93665,19.930310000000002,1.3,1.3
12.08.2021 00:58:32.891,19.93665,19.930310000000002,1.3,1.3
12.08.2021 00:58:33.636,19.93665,19.930310000000002,1.3,1.3
12.08.2021 00:59:07.062,19.93693,19.93016,1.55,1.3
12.08.2021 00:59:07.797,19.93693,19.93056,1.55,1
12.08.2021 00:59:07.898,19.936500000000002,19.931410000000003,1,1
12.08.2021 00:59:10.345,19.93766,19.93148,1.3,1
12.08.2021 00:59:16.853,19.93753,19.93221,1.55,1.25
12.08.2021 00:59:16.954,19.93855,19.93221,1.55,1.75
12.08.2021 00:59:17.005,19.93855,19.93242,1.25,1.05
12.08.2021 00:59:17.156,19.93832,19.93242,1.25,1.15
12.08.2021 00:59:17.257,19.938270000000003,19.932479999999998,1,1.8
12.08.2021 00:59:17.510,19.938270000000003,19.932479999999998,1,1.3
12.08.2021 00:59:18.415,19.938270000000003,19.932760000000002,1,1
12.08.2021 00:59:18.516,19.938270000000003,19.93288,1,1
12.08.2021 00:59:19.923,19.938270000000003,19.93203,1,1.3
12.08.2021 00:59:20.024,19.938270000000003,19.93203,1,1
12.08.2021 00:59:20.397,19.938270000000003,19.93203,1.3,1
12.08.2021 00:59:28.330,19.93828,19.93221,1.55,1.25
12.08.2021 00:59:28.549,19.93828,19.93221,1.25,1.65
12.08.2021 00:59:29.888,19.93828,19.93221,1.25,1.65
12.08.2021 00:59:33.191,19.93828,19.93221,1.25,1.65
12.08.2021 00:59:35.181,19.938270000000003,19.93221,1.25,1.55
12.08.2021 00:59:35.383,19.938270000000003,19.93213,1.3,1.3
12.08.2021 00:59:36.072,19.938270000000003,19.93213,1.3,1
12.08.2021 00:59:36.692,19.938270000000003,19.93213,1.3,1
12.08.2021 00:59:37.497,19.93828,19.93213,1.3,1.3
12.08.2021 00:59:39.189,19.93828,19.93213,1.3,1
12.08.2021 00:59:40.038,19.93828,19.93213,1.3,1
12.08.2021 00:59:41.556,19.93812,19.93213,1.3,1.5
12.08.2021 00:59:43.918,19.93812,19.932479999999998,1.55,1
12.08.2021 00:59:44.019,19.93828,19.932270000000003,1.25,1.15
12.08.2021 00:59:46.088,19.93828,19.93261,1.25,1.3
12.08.2021 00:59:47.289,19.93828,19.93261,1.25,1.3
12.08.2021 00:59:48.981,19.93828,19.93238,1.25,1.15
12.08.2021 00:59:52.345,19.93828,19.93238,1.25,1.05
12.08.2021 00:59:54.194,19.93859,19.932270000000003,1.25,1.4
12.08.2021 00:59:55.578,19.93828,19.93218,1,1.8
12.08.2021 00:59:55.679,19.93828,19.932470000000002,1.25,1.3
12.08.2021 00:59:57.714,19.93828,19.93261,1.25,1.3
12.08.2021 00:59:57.922,19.93828,19.93238,1.25,1.4
12.08.2021 00:59:59.973,19.93828,19.93221,1.25,1.65
12.08.2021 01:00:00.058,19.93828,19.93221,1.25,1.65
12.08.2021 01:00:00.460,19.93828,19.93241,1,1.8
12.08.2021 01:00:01.678,19.93828,19.93221,1.25,1.65
12.08.2021 01:00:03.546,19.93828,19.93242,1.25,1.05
12.08.2021 01:00:04.566,19.93828,19.932910000000003,1,1
12.08.2021 01:00:05.111,19.93828,19.93281,1,1.3
12.08.2021 01:00:07.100,19.93828,19.93261,1,1.3
12.08.2021 01:00:07.558,19.93828,19.93261,1,1.3
12.08.2021 01:00:09.624,19.93828,19.932170000000003,1.25,1.55
12.08.2021 01:00:09.725,19.93828,19.932170000000003,1.25,1.55
12.08.2021 01:00:10.869,19.93828,19.93241,1,1.4
12.08.2021 01:00:16.930,19.93894,19.93228,1.25,1.65
12.08.2021 01:00:18.359,19.93894,19.93228,1.55,1.65
12.08.2021 01:00:23.052,19.938290000000002,19.93228,1,1.3
12.08.2021 01:00:23.103,19.93871,19.93228,1.3,1.55
12.08.2021 01:00:23.254,19.93888,19.93228,1.3,1.55
12.08.2021 01:00:26.209,19.93852,19.93228,1.3,1.55
12.08.2021 01:00:27.434,19.93852,19.93228,1.3,1.55
12.08.2021 01:00:28.312,19.938720000000004,19.93242,1.3,1.3
12.08.2021 01:00:30.130,19.938720000000004,19.93242,1.3,1.3
12.08.2021 01:00:30.488,19.938720000000004,19.93242,1.3,1.3
12.08.2021 01:00:30.644,19.938720000000004,19.93242,1.3,1.3
12.08.2021 01:00:30.934,19.938720000000004,19.93242,1.3,1.3
12.08.2021 01:00:34.481,19.938720000000004,19.93268,1,1.3
12.08.2021 01:00:37.202,19.938720000000004,19.93242,1.3,1.3
12.08.2021 01:00:38.324,19.93859,19.93242,1.3,1.3
12.08.2021 01:00:39.665,19.93822,19.93242,1,1.3
12.08.2021 01:00:39.787,19.93822,19.93242,1,1
12.08.2021 01:00:42.580,19.93822,19.93242,1.3,1
12.08.2021 01:00:44.481,19.93822,19.93242,1.3,1
12.08.2021 01:00:46.070,19.93822,19.93242,1.3,1
12.08.2021 01:00:49.516,19.93802,19.93242,1,1
12.08.2021 01:00:50.070,19.93729,19.93242,1,1
12.08.2021 01:00:50.120,19.938920000000003,19.9329,1.8,1.25
12.08.2021 01:00:50.171,19.938920000000003,19.93253,1.8,1
12.08.2021 01:00:50.222,19.938920000000003,19.93243,1.5,3.24
12.08.2021 01:00:50.323,19.9388,19.93251,2.25,1.9
12.08.2021 01:00:50.613,19.9388,19.93251,2.55,1.9
12.08.2021 01:00:51.190,19.938720000000004,19.93243,2.25,1.8
12.08.2021 01:00:52.009,19.938720000000004,19.93261,2.55,1.42
12.08.2021 01:00:52.387,19.938720000000004,19.93261,2.55,1.42
12.08.2021 01:00:52.964,19.938720000000004,19.93261,2.55,1.42
12.08.2021 01:00:55.439,19.938720000000004,19.93261,1,1.52
12.08.2021 01:00:56.005,19.938720000000004,19.93261,1.3,1.42
12.08.2021 01:00:57.488,19.938720000000004,19.93261,1.3,1.42
12.08.2021 01:00:58.489,19.938720000000004,19.93261,1.3,1.42
12.08.2021 01:01:00.193,19.938720000000004,19.93261,1.3,1.42
12.08.2021 01:01:01.816,19.938720000000004,19.93261,1.3,1.42
12.08.2021 01:01:03.190,19.938720000000004,19.93261,1.3,1.42
12.08.2021 01:01:04.389,19.938720000000004,19.93261,1.3,1.42
12.08.2021 01:01:04.749,19.938720000000004,19.93261,1.3,1.42
12.08.2021 01:01:05.888,19.938720000000004,19.93271,1.3,1.3
12.08.2021 01:01:07.892,19.938720000000004,19.93271,1.3,1.3
12.08.2021 01:01:12.220,19.938720000000004,19.93271,1.3,1.3
12.08.2021 01:01:15.489,19.938720000000004,19.93271,1.3,1.3
12.08.2021 01:01:16.997,19.938720000000004,19.93271,1,1.3
12.08.2021 01:01:17.437,19.938720000000004,19.933210000000003,1,1
12.08.2021 01:01:18.093,19.938720000000004,19.933310000000002,1,1
12.08.2021 01:01:25.612,19.938720000000004,19.933310000000002,1.3,1
12.08.2021 01:01:29.006,19.938720000000004,19.93391,1.3,1
12.08.2021 01:01:29.216,19.938720000000004,19.93391,1,1
12.08.2021 01:01:29.459,19.939790000000002,19.93391,1.4,1
12.08.2021 01:01:31.835,19.939790000000002,19.93381,1.9,1
12.08.2021 01:01:32.289,19.939790000000002,19.93381,1.9,1
12.08.2021 01:01:33.015,19.939790000000002,19.93391,1.9,1
12.08.2021 01:01:33.788,19.939790000000002,19.93391,1.9,1
12.08.2021 01:01:34.424,19.939790000000002,19.93371,1.9,1
12.08.2021 01:01:34.631,19.939770000000003,19.93371,1.1,1
12.08.2021 01:01:34.682,19.939770000000003,19.93361,1.1,1
12.08.2021 01:01:35.391,19.939770000000003,19.933510000000002,1.1,1.25
12.08.2021 01:01:35.494,19.939770000000003,19.933510000000002,1.1,1.25
12.08.2021 01:01:35.610,19.939770000000003,19.93371,1,1
12.08.2021 01:01:36.155,19.939770000000003,19.93371,1.3,1
12.08.2021 01:01:36.489,19.939770000000003,19.93371,1.3,1
12.08.2021 01:01:37.483,19.939770000000003,19.93371,1.3,1
12.08.2021 01:01:38.105,19.939770000000003,19.93381,1.3,1
12.08.2021 01:01:38.564,19.93973,19.93348,1.3,2.8
12.08.2021 01:01:38.665,19.93973,19.93361,1.3,1
12.08.2021 01:01:38.766,19.93973,19.93371,1.3,1
12.08.2021 01:01:38.817,19.93973,19.93371,1.3,1
12.08.2021 01:01:40.088,19.93973,19.93371,1.3,1
12.08.2021 01:01:40.284,19.93973,19.93361,1.3,1
12.08.2021 01:01:41.142,19.93973,19.93371,1.3,1
12.08.2021 01:01:42.085,19.93973,19.93391,1.3,1
12.08.2021 01:01:43.390,19.93973,19.93391,1.3,1
12.08.2021 01:01:44.365,19.93973,19.93391,1.3,1
12.08.2021 01:01:46.461,19.93971,19.93391,1,1
12.08.2021 01:01:46.797,19.93956,19.93391,1,1
12.08.2021 01:01:46.898,19.93955,19.93391,1,1
12.08.2021 01:01:47.143,19.93955,19.93391,1.3,1
12.08.2021 01:01:47.889,19.93955,19.93391,1.3,1
12.08.2021 01:01:48.232,19.93956,19.93391,1.3,1
12.08.2021 01:01:51.512,19.93956,19.93391,1.3,1
12.08.2021 01:01:52.815,19.93956,19.93401,1.3,1
12.08.2021 01:01:53.198,19.93956,19.93401,1.3,1
12.08.2021 01:01:59.969,19.93956,19.93391,1.3,1
12.08.2021 01:02:02.849,19.93956,19.93391,1.3,1
12.08.2021 01:02:03.169,19.93956,19.93401,1.3,1
12.08.2021 01:02:03.270,19.93956,19.93411,1.3,1
12.08.2021 01:02:03.708,19.93956,19.93411,1.3,1
12.08.2021 01:02:05.085,19.93956,19.93411,1.3,1
12.08.2021 01:02:05.992,19.93956,19.93401,1.3,1
12.08.2021 01:02:10.393,19.941370000000003,19.936860000000003,1,1.5
12.08.2021 01:02:10.444,19.94219,19.936010000000003,1.6,1.8
12.08.2021 01:02:10.554,19.942420000000002,19.936010000000003,1.25,1.4
12.08.2021 01:02:11.691,19.942420000000002,19.93594,1.55,1.65
12.08.2021 01:02:11.900,19.942420000000002,19.93594,1.25,1.65
12.08.2021 01:02:13.389,19.942420000000002,19.93594,1.25,1.65
12.08.2021 01:02:13.672,19.942420000000002,19.93594,1.55,1.65
12.08.2021 01:02:15.191,19.942420000000002,19.93594,1.55,1.65
12.08.2021 01:02:17.645,19.942420000000002,19.93594,1.55,1.65
12.08.2021 01:02:18.147,19.942420000000002,19.936210000000003,1.5,1.65
12.08.2021 01:02:20.074,19.943320000000003,19.93674,1.3,1.55
12.08.2021 01:02:21.251,19.94334,19.93674,1.3,1.55
12.08.2021 01:02:25.223,19.94334,19.93678,1.3,1.55
12.08.2021 01:02:31.500,19.94334,19.93678,1.3,1.55
12.08.2021 01:02:43.484,19.94334,19.93678,1.3,1.65
12.08.2021 01:03:01.267,19.94334,19.93678,1.3,1.55
12.08.2021 01:03:03.919,19.94334,19.93674,1.3,1.55
12.08.2021 01:03:04.886,19.94334,19.93674,1.3,1.55
12.08.2021 01:03:05.710,19.94334,19.93674,1.3,1.55
12.08.2021 01:03:06.190,19.94334,19.93674,1.3,1.55
12.08.2021 01:03:10.303,19.94334,19.93674,1.3,1.55
12.08.2021 01:03:14.480,19.94334,19.936760000000003,1.3,1.65
12.08.2021 01:03:23.290,19.94334,19.936760000000003,1.3,1.55
12.08.2021 01:03:25.316,19.94334,19.936760000000003,1.8,1.55
12.08.2021 01:03:25.539,19.94334,19.936760000000003,1.8,1.55
12.08.2021 01:03:27.613,19.94334,19.936760000000003,1.3,1.55
12.08.2021 01:03:27.791,19.943250000000003,19.937060000000002,1.55,1
12.08.2021 01:03:27.892,19.94324,19.936760000000003,1.55,1.55
12.08.2021 01:03:28.337,19.943250000000003,19.936760000000003,1.55,1.55
12.08.2021 01:03:30.751,19.943250000000003,19.936760000000003,1.55,1.55
12.08.2021 01:03:32.944,19.943250000000003,19.936760000000003,1.55,1.55
12.08.2021 01:03:34.412,19.943250000000003,19.93779,1.55,1
12.08.2021 01:03:34.513,19.943250000000003,19.93848,1.3,1.5
12.08.2021 01:03:34.564,19.943920000000002,19.93848,1,1.5
12.08.2021 01:03:34.716,19.943920000000002,19.93848,1.3,1.5
12.08.2021 01:03:36.147,19.943920000000002,19.9385,1.3,1.13
12.08.2021 01:03:36.551,19.943920000000002,19.93848,1,1.63
12.08.2021 01:03:44.481,19.943920000000002,19.93848,1.3,1.63
12.08.2021 01:03:44.888,19.943920000000002,19.93851,1,1.63
12.08.2021 01:04:01.935,19.94405,19.93841,1,1.93
12.08.2021 01:04:16.663,19.943920000000002,19.93821,1,1.93
12.08.2021 01:04:17.077,19.943820000000002,19.93812,1,1.93
12.08.2021 01:04:17.128,19.943820000000002,19.93812,1,1.3
12.08.2021 01:04:17.178,19.943820000000002,19.93812,1.3,1
12.08.2021 01:04:18.551,19.943520000000003,19.93812,1.3,1
12.08.2021 01:04:23.995,19.943520000000003,19.93812,1.3,1
12.08.2021 01:04:25.905,19.94302,19.936970000000002,1.3,1.55
12.08.2021 01:04:26.510,19.94285,19.936970000000002,1,1.55
12.08.2021 01:04:26.620,19.94272,19.936970000000002,1,1.55
12.08.2021 01:04:28.091,19.94272,19.936970000000002,1,1.55
12.08.2021 01:04:28.930,19.94245,19.936970000000002,1,1.55
12.08.2021 01:04:29.203,19.942320000000002,19.936970000000002,1,1.55
12.08.2021 01:04:30.188,19.942320000000002,19.936970000000002,1,1.55
12.08.2021 01:04:31.388,19.942320000000002,19.936970000000002,1,1.55
12.08.2021 01:04:41.797,19.94245,19.93671,1,1.65
12.08.2021 01:04:42.189,19.94245,19.93671,1,1.65
12.08.2021 01:04:43.297,19.94245,19.93671,1,1.65
12.08.2021 01:04:44.283,19.94245,19.93671,1,1.65
12.08.2021 01:04:57.189,19.94245,19.93671,1,1.65
12.08.2021 01:04:57.504,19.94245,19.93671,1,1.65
12.08.2021 01:05:03.218,19.94245,19.93661,1,1.77
12.08.2021 01:05:03.613,19.94245,19.93661,1,1.77
12.08.2021 01:05:11.880,19.94245,19.93653,1,1.65
12.08.2021 01:05:12.932,19.94245,19.93661,1,1.65
12.08.2021 01:05:14.220,19.94275,19.93661,1,1.77
12.08.2021 01:05:14.270,19.94262,19.93661,1,1.77
12.08.2021 01:05:16.045,19.94282,19.93661,1,1.77
12.08.2021 01:05:18.200,19.94312,19.936960000000003,1.3,1.65
12.08.2021 01:05:25.961,19.943220000000004,19.93739,1.3,1.25
12.08.2021 01:05:27.380,19.943220000000004,19.93793,1.3,1
12.08.2021 01:05:27.877,19.943220000000004,19.93793,1.3,1
12.08.2021 01:05:28.371,19.943420000000003,19.93739,1.3,1.65
12.08.2021 01:05:29.471,19.943420000000003,19.93793,1.3,1
12.08.2021 01:05:29.572,19.943420000000003,19.93793,1.3,1
12.08.2021 01:05:30.352,19.943520000000003,19.93767,1.3,1
12.08.2021 01:05:30.403,19.943520000000003,19.93739,1.3,1.55
12.08.2021 01:05:31.341,19.943320000000003,19.93803,1.3,1
12.08.2021 01:05:32.275,19.943320000000003,19.937710000000003,1.3,1
12.08.2021 01:05:32.380,19.943320000000003,19.93739,1.3,1.55
12.08.2021 01:05:36.237,19.94312,19.93739,1.3,1.55
12.08.2021 01:05:40.571,19.94312,19.93739,1.3,1.55
12.08.2021 01:05:41.288,19.94312,19.93739,1.3,1.25
12.08.2021 01:05:41.641,19.94312,19.93739,1.3,1.25
12.08.2021 01:05:56.101,19.94312,19.93739,1.3,1.55
12.08.2021 01:06:25.996,19.943320000000003,19.93739,1.3,1
12.08.2021 01:06:26.047,19.943320000000003,19.937160000000002,1.3,1.3
12.08.2021 01:06:37.024,19.943320000000003,19.937160000000002,1.3,1.3
12.08.2021 01:06:37.225,19.943320000000003,19.937160000000002,1.3,1.3
12.08.2021 01:06:41.343,19.943320000000003,19.937160000000002,1.3,1.3
12.08.2021 01:06:41.477,19.943520000000003,19.93721,1.3,1.1
12.08.2021 01:06:41.578,19.943520000000003,19.93721,1.3,1.1
12.08.2021 01:06:41.729,19.943520000000003,19.93721,1.3,1.1
12.08.2021 01:06:41.813,19.943520000000003,19.93721,1.3,1
12.08.2021 01:06:42.177,19.943520000000003,19.937160000000002,1.3,1.3
12.08.2021 01:06:42.228,19.943520000000003,19.937160000000002,1.3,1.4
12.08.2021 01:06:44.483,19.943520000000003,19.937160000000002,1.3,1.3
12.08.2021 01:06:57.684,19.943420000000003,19.937079999999998,1.3,1.55
12.08.2021 01:07:00.762,19.94312,19.937079999999998,1.3,1.55
12.08.2021 01:07:00.989,19.94312,19.937079999999998,1.3,1.55
12.08.2021 01:07:02.014,19.94295,19.937079999999998,1,1.55
12.08.2021 01:07:02.722,19.94282,19.937079999999998,1,1.55
12.08.2021 01:07:03.099,19.94282,19.937079999999998,1,1.3
12.08.2021 01:07:05.585,19.94265,19.937079999999998,1,1.3
12.08.2021 01:07:05.693,19.942520000000002,19.937079999999998,1,1.3
12.08.2021 01:07:07.474,19.94272,19.937079999999998,1,1.3
12.08.2021 01:07:09.395,19.94302,19.937079999999998,1.3,1.3
12.08.2021 01:07:12.601,19.943520000000003,19.937079999999998,1.55,1.3
12.08.2021 01:07:13.477,19.94309,19.937079999999998,1,1.3
12.08.2021 01:07:14.683,19.943520000000003,19.937079999999998,1.55,1.3
12.08.2021 01:07:36.406,19.94328,19.93681,1.55,1.4
12.08.2021 01:07:36.742,19.94328,19.93681,1.55,1.4
12.08.2021 01:07:44.058,19.94328,19.93668,1.55,1.65
12.08.2021 01:07:54.188,19.94313,19.93681,1.55,1.4
12.08.2021 01:07:54.326,19.94313,19.93681,1.55,1.4
12.08.2021 01:08:00.108,19.94313,19.93721,1.55,1.1
12.08.2021 01:08:00.158,19.94313,19.93741,1.3,1
12.08.2021 01:08:00.266,19.94313,19.937510000000003,1.3,1
12.08.2021 01:08:02.255,19.94313,19.93741,1.3,1
12.08.2021 01:08:04.484,19.94313,19.93741,1.3,1.3
12.08.2021 01:08:07.423,19.94313,19.93741,1.3,1.3
12.08.2021 01:08:10.819,19.94459,19.93861,2.05,1.85
12.08.2021 01:08:10.869,19.94459,19.938670000000002,1.25,1.05
12.08.2021 01:08:12.365,19.94459,19.93861,1.25,1.55
12.08.2021 01:08:12.466,19.94459,19.93841,1.55,1.3
12.08.2021 01:08:12.516,19.94459,19.93873,1.8,1.3
12.08.2021 01:08:12.618,19.94605,19.93991,1.05,1.8
12.08.2021 01:08:12.719,19.945990000000002,19.93991,1.55,1.4
12.08.2021 01:08:12.769,19.9459,19.93991,1.55,1.3
12.08.2021 01:08:17.563,19.9459,19.93991,1.3,1.3
12.08.2021 01:08:17.807,19.9459,19.93971,1,1.3
12.08.2021 01:08:17.975,19.9459,19.93971,1,1.3
12.08.2021 01:08:18.572,19.9459,19.942610000000002,1,1
12.08.2021 01:08:18.673,19.94718,19.94338,1.3,1
12.08.2021 01:08:18.724,19.94714,19.94338,1.25,1
12.08.2021 01:08:18.825,19.94712,19.94078,1.3,1.3
12.08.2021 01:08:24.482,19.94712,19.94078,1.3,1.3
12.08.2021 01:08:26.340,19.94712,19.94078,1.3,1.3
12.08.2021 01:08:26.699,19.94708,19.94078,1.3,1.3
12.08.2021 01:08:27.548,19.94704,19.94078,1.3,1.3
12.08.2021 01:08:29.230,19.947000000000003,19.94078,1.3,1.3
12.08.2021 01:08:30.788,19.94689,19.94078,1.3,1.3
12.08.2021 01:08:31.365,19.9469,19.940810000000003,1.3,1.3
12.08.2021 01:08:32.300,19.94689,19.940810000000003,1.3,1.4
12.08.2021 01:08:34.735,19.94689,19.940810000000003,1.3,1.3
12.08.2021 01:08:37.334,19.94689,19.940810000000003,1.3,1.3
12.08.2021 01:08:37.688,19.94689,19.940810000000003,1.3,1.4
12.08.2021 01:08:39.134,19.94689,19.940810000000003,1.3,1.4
12.08.2021 01:08:42.033,19.94689,19.940810000000003,1.3,1.4
12.08.2021 01:08:44.483,19.94689,19.940810000000003,1.3,1.4
12.08.2021 01:08:47.730,19.94689,19.940810000000003,1.3,1.3
12.08.2021 01:08:59.163,19.9469,19.940810000000003,1.3,1.3
12.08.2021 01:08:59.646,19.9469,19.940810000000003,1.3,1.3
12.08.2021 01:09:00.842,19.94689,19.9408,1.3,1.9
12.08.2021 01:09:07.127,19.94689,19.940810000000003,1.3,1.3
12.08.2021 01:09:11.589,19.94689,19.9408,1.3,1.3
12.08.2021 01:09:11.785,19.94689,19.940810000000003,1.3,1.3
12.08.2021 01:09:18.886,19.947100000000002,19.940870000000004,1.55,1.3
12.08.2021 01:09:24.790,19.947029999999998,19.94089,1.3,2.55
12.08.2021 01:09:26.386,19.947029999999998,19.94089,1.3,1.3
12.08.2021 01:09:30.191,19.947029999999998,19.94089,1.3,1.3
12.08.2021 01:09:31.733,19.947029999999998,19.94089,1.3,1.3
12.08.2021 01:09:33.816,19.947029999999998,19.94089,1.3,1.3
12.08.2021 01:09:36.717,19.947029999999998,19.94089,1,1.3
12.08.2021 01:09:45.191,19.947029999999998,19.94089,1,1.3
12.08.2021 01:09:47.149,19.947029999999998,19.94089,1,1.3
12.08.2021 01:09:56.594,19.947029999999998,19.94089,1,1.3
12.08.2021 01:09:59.840,19.947029999999998,19.94089,1,1.3
12.08.2021 01:10:00.314,19.947100000000002,19.939970000000002,1.3,1.3
12.08.2021 01:10:00.438,19.947000000000003,19.939970000000002,1,1.3
12.08.2021 01:10:01.393,19.947000000000003,19.939970000000002,1,1.3
12.08.2021 01:10:01.794,19.947100000000002,19.94021,1.3,1.3
12.08.2021 01:10:07.745,19.947100000000002,19.94021,1.3,1.9
12.08.2021 01:10:12.190,19.947100000000002,19.94021,1.3,1.9
12.08.2021 01:10:14.198,19.94729,19.94089,1.3,1.55
12.08.2021 01:10:15.406,19.94695,19.94089,1,1.55
12.08.2021 01:10:15.457,19.946820000000002,19.94089,1.3,1.25
12.08.2021 01:10:16.230,19.946820000000002,19.94089,1,1.55
12.08.2021 01:10:16.988,19.946820000000002,19.94089,1,1.55
12.08.2021 01:10:17.541,19.947000000000003,19.94089,1.3,1.3
12.08.2021 01:10:18.014,19.947100000000002,19.94089,1.3,1
12.08.2021 01:10:18.314,19.94709,19.94089,1.3,1.3
12.08.2021 01:10:19.024,19.947070000000004,19.94089,1.3,1
12.08.2021 01:10:24.483,19.94699,19.94089,1.3,1
12.08.2021 01:10:31.614,19.94699,19.94089,1.3,1
12.08.2021 01:10:35.111,19.947100000000002,19.94031,1.3,1.65
12.08.2021 01:11:04.484,19.947100000000002,19.940360000000002,1.3,1.65
12.08.2021 01:11:12.511,19.94698,19.94089,1.3,1
12.08.2021 01:11:17.064,19.946970000000004,19.94089,1.3,1
12.08.2021 01:11:19.367,19.94696,19.94096,1.3,1
12.08.2021 01:11:28.067,19.947170000000003,19.94096,1.3,1
12.08.2021 01:11:32.196,19.947070000000004,19.94096,1.8,1
12.08.2021 01:11:33.242,19.947070000000004,19.94089,1.8,2.25
12.08.2021 01:11:33.346,19.94705,19.94089,1.8,1.3
12.08.2021 01:11:34.144,19.94685,19.94089,1,1.3
12.08.2021 01:11:34.328,19.946720000000003,19.94089,1.3,1
12.08.2021 01:11:47.082,19.946820000000002,19.94089,1,1.3
12.08.2021 01:11:51.190,19.946820000000002,19.94089,1,1.3
12.08.2021 01:12:02.070,19.946820000000002,19.94089,1.3,1
12.08.2021 01:12:03.188,19.946820000000002,19.94089,1,1.3
12.08.2021 01:12:07.483,19.946820000000002,19.940910000000002,1.3,1
12.08.2021 01:12:10.689,19.946820000000002,19.940910000000002,1,1.3
12.08.2021 01:12:28.336,19.947100000000002,19.94096,1.3,1.3
12.08.2021 01:12:31.681,19.94704,19.94095,1.3,1.3
12.08.2021 01:12:31.782,19.94704,19.94095,1.3,1.3
12.08.2021 01:12:32.747,19.947029999999998,19.94095,1,1.3
12.08.2021 01:12:37.387,19.947029999999998,19.94095,1.3,1
12.08.2021 01:12:38.950,19.947029999999998,19.94096,1.3,1
12.08.2021 01:12:39.101,19.947029999999998,19.94121,1.3,1
12.08.2021 01:12:39.152,19.947029999999998,19.94121,1.3,1
12.08.2021 01:12:39.203,19.947029999999998,19.94131,1.3,1
12.08.2021 01:12:49.551,19.94704,19.94121,1.3,1
12.08.2021 01:12:49.814,19.94739,19.941110000000002,1.92,1.25
12.08.2021 01:12:49.982,19.94739,19.94095,1.92,1.55
12.08.2021 01:12:50.731,19.94739,19.94095,1.92,1.25
12.08.2021 01:12:53.739,19.94704,19.94086,1.55,1.55
12.08.2021 01:12:54.680,19.94704,19.94095,1.3,1
12.08.2021 01:13:06.188,19.94704,19.94095,1,1.3
12.08.2021 01:13:07.890,19.94704,19.94095,1.3,1
12.08.2021 01:13:08.889,19.94704,19.94095,1,1.3
12.08.2021 01:13:11.002,19.94704,19.94095,1,1.3
12.08.2021 01:13:18.693,19.94709,19.94095,1.25,1.55
12.08.2021 01:13:19.616,19.94706,19.94116,1,1.55
12.08.2021 01:13:20.005,19.9476,19.94116,1.1,1.55
12.08.2021 01:13:22.004,19.9476,19.94116,1.1,1.55
12.08.2021 01:13:59.771,19.9476,19.94095,1.1,1.8
12.08.2021 01:14:00.722,19.9476,19.94095,1.1,1.8
12.08.2021 01:14:01.691,19.9476,19.94096,1.1,1.55
12.08.2021 01:14:06.188,19.9476,19.94096,1.1,1.55
12.08.2021 01:14:06.357,19.9476,19.94096,1.1,1.55
12.08.2021 01:14:18.751,19.9476,19.94096,1.1,1.55
12.08.2021 01:14:30.135,19.94742,19.941110000000002,1.05,1.55
12.08.2021 01:14:35.875,19.947400000000002,19.94098,1.3,1.8
12.08.2021 01:14:43.667,19.94739,19.94098,1.3,1.8
12.08.2021 01:14:44.673,19.94742,19.94098,1.05,1.8
12.08.2021 01:14:46.122,19.94742,19.94098,1.05,1.8
12.08.2021 01:14:55.075,19.94742,19.94098,1.05,1.8
12.08.2021 01:15:00.203,19.94742,19.94098,1.05,1.8
12.08.2021 01:15:00.703,19.94742,19.94098,1.05,1.5
12.08.2021 01:15:02.467,19.94762,19.940710000000003,1.55,1.55
12.08.2021 01:15:03.534,19.94762,19.94121,1.8,1.25
12.08.2021 01:15:03.852,19.94762,19.94108,1.8,1.55
12.08.2021 01:15:04.484,19.94762,19.94108,1.8,1.25
12.08.2021 01:15:05.290,19.94762,19.94108,1.8,1.25
12.08.2021 01:15:06.593,19.94762,19.94108,1.8,1.25
12.08.2021 01:15:08.111,19.94762,19.94108,1.8,1.25
12.08.2021 01:15:09.222,19.94762,19.94108,1.8,1.55
12.08.2021 01:15:10.252,19.94762,19.94108,1.8,1.25
12.08.2021 01:15:10.878,19.94762,19.94108,1.8,1.55
12.08.2021 01:15:11.119,19.94762,19.94131,1.8,1.25
12.08.2021 01:15:11.281,19.94762,19.94121,1.8,1.25
12.08.2021 01:15:13.045,19.94779,19.94121,1.8,1.55
12.08.2021 01:15:14.486,19.94799,19.94121,2.3,1.25
12.08.2021 01:15:15.276,19.94799,19.94121,2.3,1.55
12.08.2021 01:15:16.669,19.94748,19.94171,1.8,1
12.08.2021 01:15:21.190,19.94761,19.94171,1.05,1.25
12.08.2021 01:15:24.068,19.94761,19.94158,1.05,1.5
12.08.2021 01:15:24.483,19.94761,19.94158,1.05,1.5
12.08.2021 01:15:30.784,19.94723,19.94158,1,1.8
12.08.2021 01:15:32.613,19.9476,19.94158,1.3,1.8
12.08.2021 01:15:34.484,19.9476,19.94158,1.3,1.5
12.08.2021 01:15:38.085,19.947820000000004,19.94151,1.05,1.8
12.08.2021 01:15:42.868,19.947820000000004,19.94151,1.05,1.8
12.08.2021 01:15:48.078,19.947820000000004,19.94151,1.05,1.8
12.08.2021 01:15:54.884,19.947820000000004,19.94151,1.05,1.8
12.08.2021 01:15:55.711,19.947820000000004,19.94126,1.05,1.55
12.08.2021 01:16:03.221,19.947820000000004,19.94151,1.05,1.8
12.08.2021 01:16:19.872,19.947920000000003,19.94126,1.55,1.55
12.08.2021 01:16:24.233,19.947920000000003,19.94126,1.55,1.55
12.08.2021 01:16:26.251,19.947920000000003,19.94125,1.8,1.55
12.08.2021 01:16:26.597,19.947920000000003,19.94125,1.8,1.55
12.08.2021 01:16:27.152,19.947720000000004,19.94125,1.8,1.55
12.08.2021 01:16:29.984,19.947720000000004,19.94125,1.8,1.55
12.08.2021 01:16:30.216,19.947720000000004,19.94125,1.8,1.55
12.08.2021 01:16:30.836,19.947720000000004,19.94125,1.8,1.55
12.08.2021 01:16:31.402,19.947720000000004,19.94125,1.8,1.55
12.08.2021 01:16:34.990,19.947720000000004,19.94125,1.8,1.55
12.08.2021 01:16:36.580,19.947720000000004,19.94125,1.8,1.55
12.08.2021 01:16:37.330,19.947720000000004,19.94125,1.8,1.55
12.08.2021 01:16:41.532,19.947720000000004,19.94125,1.8,1.55
12.08.2021 01:16:41.583,19.94742,19.94086,1.8,1.55
12.08.2021 01:16:41.633,19.94742,19.94086,1.8,1.55
12.08.2021 01:16:42.880,19.94752,19.94086,1.8,1.55
12.08.2021 01:16:43.312,19.947920000000003,19.945210000000003,1.8,1
12.08.2021 01:16:43.363,19.94813,19.94234,1.05,1.75
12.08.2021 01:16:43.473,19.94819,19.94229,1.75,1.05
12.08.2021 01:16:43.523,19.948510000000002,19.945310000000003,1.8,1
12.08.2021 01:16:43.574,19.94892,19.943179999999998,1.42,1.35
12.08.2021 01:16:43.625,19.94964,19.943179999999998,1.8,1.65
12.08.2021 01:16:45.254,19.949450000000002,19.943179999999998,1,1.55
12.08.2021 01:16:45.440,19.949320000000004,19.943179999999998,1,1.55
12.08.2021 01:16:45.500,19.949320000000004,19.943179999999998,1,1.55
12.08.2021 01:16:46.116,19.94819,19.94499,1,1
12.08.2021 01:16:46.166,19.94819,19.943179999999998,1,1.3
12.08.2021 01:16:46.217,19.949520000000003,19.943910000000002,1.8,1
12.08.2021 01:16:46.318,19.949520000000003,19.943910000000002,1,1.3
12.08.2021 01:16:47.887,19.949520000000003,19.943910000000002,1,1.3
12.08.2021 01:16:48.215,19.949520000000003,19.943910000000002,1,1
12.08.2021 01:16:48.316,19.949520000000003,19.94341,1,1.3
12.08.2021 01:16:48.439,19.949520000000003,19.94341,1,1.3
12.08.2021 01:16:49.195,19.949520000000003,19.94341,1.3,1
12.08.2021 01:16:50.383,19.949520000000003,19.94341,1,1.3
