Gmt time,Ask,Bid,AskVolume,BidVolume
23.08.2021 00:00:00.085,20.388370000000002,20.38248,1.3,1
23.08.2021 00:00:00.136,20.388370000000002,20.382360000000002,1.3,1
23.08.2021 00:00:00.187,20.38839,20.380000000000003,1.8,1.75
23.08.2021 00:00:00.288,20.38819,20.380360000000003,1.55,1.05
23.08.2021 00:00:00.490,20.388520000000003,20.38098,1.05,1.8
23.08.2021 00:00:00.805,20.388520000000003,20.38166,1.05,1
23.08.2021 00:00:00.958,20.388520000000003,20.38178,1.8,1
23.08.2021 00:00:01.199,20.388520000000003,20.38178,1.3,1.25
23.08.2021 00:00:01.250,20.388520000000003,20.38178,1.3,1.25
23.08.2021 00:00:01.532,20.388520000000003,20.38178,1,1.25
23.08.2021 00:00:02.036,20.388520000000003,20.382160000000002,1,1
23.08.2021 00:00:02.396,20.388420000000004,20.38228,1,1
23.08.2021 00:00:02.988,20.388420000000004,20.382360000000002,1,1
23.08.2021 00:00:03.260,20.388620000000003,20.38248,1.3,1
23.08.2021 00:00:03.481,20.388820000000003,20.38268,1.3,1
23.08.2021 00:00:04.687,20.388820000000003,20.38268,1.3,1
23.08.2021 00:00:08.179,20.388820000000003,20.38268,1.3,1
23.08.2021 00:00:09.787,20.388820000000003,20.38268,1.3,1
23.08.2021 00:00:10.644,20.38839,20.38268,1,1
23.08.2021 00:00:10.745,20.3871,20.38268,1,1
23.08.2021 00:00:10.896,20.3871,20.38168,1,1.8
23.08.2021 00:00:10.998,20.3871,20.38168,1,1
23.08.2021 00:00:11.099,20.3871,20.38168,1,1.3
23.08.2021 00:00:11.351,20.3871,20.38168,1,1.3
23.08.2021 00:00:12.538,20.3871,20.38168,1,1
23.08.2021 00:00:12.748,20.3871,20.38168,1.3,1
23.08.2021 00:00:12.976,20.386920000000003,20.38168,1.3,1
23.08.2021 00:00:13.817,20.38632,20.38168,1.3,1
23.08.2021 00:00:16.555,20.386020000000002,20.38168,1.3,1
23.08.2021 00:00:16.656,20.384110000000003,20.37869,1.3,1.75
23.08.2021 00:00:16.757,20.38399,20.37869,1.55,1.25
23.08.2021 00:00:16.807,20.38399,20.37869,1.3,1
23.08.2021 00:00:17.535,20.384110000000003,20.37869,1.3,1
23.08.2021 00:00:17.742,20.384110000000003,20.37869,1.3,1
23.08.2021 00:00:18.357,20.384020000000003,20.37869,1.3,1
23.08.2021 00:00:18.519,20.384020000000003,20.37869,1.3,1
23.08.2021 00:00:19.514,20.383820000000004,20.37869,1.3,1
23.08.2021 00:00:20.161,20.38323,20.3778,1,1.25
23.08.2021 00:00:20.212,20.38323,20.3778,1,1
23.08.2021 00:00:21.448,20.38315,20.3778,1,1
23.08.2021 00:00:22.238,20.383020000000002,20.3778,1.3,1
23.08.2021 00:00:22.389,20.38312,20.3778,1.3,1
23.08.2021 00:00:22.542,20.38322,20.3778,1.3,1
23.08.2021 00:00:23.280,20.38322,20.3778,1.3,1
23.08.2021 00:00:29.672,20.38329,20.3778,1,1
23.08.2021 00:00:30.855,20.38329,20.3778,1.3,1
23.08.2021 00:00:33.305,20.38329,20.3778,1,1
23.08.2021 00:00:34.439,20.38329,20.3778,1.3,1
23.08.2021 00:00:37.240,20.38329,20.3778,1,1
23.08.2021 00:00:38.517,20.38329,20.37798,1,1
23.08.2021 00:00:39.451,20.38329,20.37798,1.3,1
23.08.2021 00:00:39.736,20.38329,20.37828,1.3,1
23.08.2021 00:00:39.787,20.38329,20.3778,1.3,1
23.08.2021 00:00:40.896,20.38329,20.3778,1,1
23.08.2021 00:00:40.947,20.383670000000002,20.37778,1,1
23.08.2021 00:00:40.997,20.38416,20.37748,1.05,1.25
23.08.2021 00:00:41.595,20.384050000000002,20.377560000000003,1.3,1
23.08.2021 00:00:42.509,20.383920000000003,20.37768,1.3,1
23.08.2021 00:00:42.622,20.383920000000003,20.37768,1.3,1
23.08.2021 00:00:47.527,20.383720000000004,20.377560000000003,1.3,1
23.08.2021 00:00:47.578,20.383720000000004,20.37688,1.3,1.55
23.08.2021 00:00:47.628,20.382260000000002,20.376829999999998,1,1.3
23.08.2021 00:00:47.679,20.382260000000002,20.376829999999998,1,1
23.08.2021 00:00:48.585,20.382260000000002,20.376829999999998,1.3,1
23.08.2021 00:00:48.699,20.382260000000002,20.376829999999998,1,1
23.08.2021 00:00:48.876,20.382260000000002,20.376829999999998,1.3,1
23.08.2021 00:00:49.028,20.382260000000002,20.376829999999998,1.3,1
23.08.2021 00:00:50.330,20.382260000000002,20.376829999999998,1.3,1
23.08.2021 00:00:50.381,20.383020000000002,20.37548,1.55,1.05
23.08.2021 00:00:50.466,20.383020000000002,20.375310000000002,1.55,1.05
23.08.2021 00:00:50.726,20.38275,20.37548,1.3,1.05
23.08.2021 00:00:51.436,20.382220000000004,20.37548,1.55,1.05
23.08.2021 00:00:52.968,20.38192,20.37474,1.55,1.3
23.08.2021 00:00:53.070,20.38192,20.37474,1.55,1.3
23.08.2021 00:00:53.491,20.38172,20.37508,1.3,1.55
23.08.2021 00:00:53.893,20.38212,20.37528,1.3,1.55
23.08.2021 00:00:54.455,20.38192,20.37558,1.3,1.55
23.08.2021 00:00:56.208,20.382220000000004,20.37598,1.3,1.3
23.08.2021 00:00:57.200,20.38322,20.37598,1.3,1.55
23.08.2021 00:00:57.303,20.38352,20.37598,1.3,1.55
23.08.2021 00:00:58.409,20.38373,20.37618,1.3,1.55
23.08.2021 00:00:58.682,20.38384,20.37618,1.3,1.55
23.08.2021 00:01:00.121,20.38384,20.37618,1.3,1.55
23.08.2021 00:01:07.535,20.38384,20.37618,1.3,1.55
23.08.2021 00:01:08.076,20.38384,20.376060000000003,1.3,1.55
23.08.2021 00:01:10.602,20.38391,20.376060000000003,1.9,1.55
23.08.2021 00:01:10.767,20.3823,20.37684,1,1
23.08.2021 00:01:11.277,20.38136,20.375960000000003,1,1.25
23.08.2021 00:01:11.328,20.38136,20.3759,1.3,1
23.08.2021 00:01:12.987,20.38136,20.375960000000003,1.3,1
23.08.2021 00:01:13.088,20.38136,20.376079999999998,1.3,1
23.08.2021 00:01:13.138,20.38136,20.376079999999998,1.3,1
23.08.2021 00:01:15.022,20.38136,20.37628,1.3,1
23.08.2021 00:01:16.512,20.38136,20.37638,1.3,1
23.08.2021 00:01:17.873,20.382260000000002,20.3768,1.3,1
23.08.2021 00:01:17.979,20.38314,20.377670000000002,1.4,1
23.08.2021 00:01:18.080,20.38314,20.377670000000002,1,1
23.08.2021 00:01:18.682,20.38314,20.377670000000002,1.3,1
23.08.2021 00:01:18.783,20.38314,20.377670000000002,1,1
23.08.2021 00:01:20.446,20.38314,20.37796,1,1
23.08.2021 00:01:20.590,20.38314,20.37808,1,1
23.08.2021 00:01:21.473,20.38314,20.37816,1,1
23.08.2021 00:01:21.619,20.38314,20.37828,1,1
23.08.2021 00:01:21.669,20.38314,20.377670000000002,1,1
23.08.2021 00:01:22.772,20.382220000000004,20.37679,1,1
23.08.2021 00:01:24.523,20.382220000000004,20.37679,1,1.3
23.08.2021 00:01:25.422,20.382220000000004,20.37679,1,1.3
23.08.2021 00:01:25.475,20.382220000000004,20.37679,1,1
23.08.2021 00:01:31.314,20.382220000000004,20.37679,1.3,1
23.08.2021 00:01:31.415,20.382220000000004,20.37679,1,1
23.08.2021 00:01:33.402,20.382420000000003,20.37474,1.55,1.05
23.08.2021 00:01:33.553,20.382420000000003,20.37474,1.55,1.05
23.08.2021 00:01:33.940,20.382720000000003,20.37474,1.55,1.05
23.08.2021 00:01:34.093,20.382720000000003,20.37474,1.55,1.05
23.08.2021 00:01:34.194,20.382720000000003,20.37478,1.3,1.55
23.08.2021 00:01:34.295,20.382720000000003,20.37478,1.8,1.55
23.08.2021 00:01:34.396,20.382720000000003,20.37478,1.8,1.55
23.08.2021 00:01:34.984,20.382820000000002,20.37571,1.05,1.8
23.08.2021 00:01:35.376,20.38352,20.37638,1.3,1.25
23.08.2021 00:01:35.488,20.38352,20.37638,1.3,1.55
23.08.2021 00:01:35.855,20.38352,20.37638,1.3,1.55
23.08.2021 00:01:36.436,20.38362,20.37678,1.3,1.3
23.08.2021 00:01:37.536,20.38362,20.37678,1.3,1
23.08.2021 00:01:37.741,20.38362,20.37678,1.3,1.3
23.08.2021 00:01:38.767,20.38362,20.37678,1.3,1
23.08.2021 00:01:40.177,20.38423,20.37738,1.3,1
23.08.2021 00:01:40.278,20.38466,20.37611,1.05,1.05
23.08.2021 00:01:40.532,20.38419,20.37611,1.8,1.05
23.08.2021 00:01:40.859,20.38419,20.37614,1.8,1.05
23.08.2021 00:01:41.339,20.38419,20.376079999999998,1.8,1.8
23.08.2021 00:01:43.888,20.38419,20.376079999999998,1.8,1.8
23.08.2021 00:01:53.419,20.38416,20.37598,1.05,1.8
23.08.2021 00:01:53.520,20.384320000000002,20.37598,1.55,1.8
23.08.2021 00:01:54.813,20.38416,20.37598,1.05,1.8
23.08.2021 00:01:55.544,20.38416,20.37598,1.05,1.8
23.08.2021 00:02:04.689,20.38419,20.37676,1.8,1
23.08.2021 00:02:05.193,20.38419,20.37688,1.8,1.25
23.08.2021 00:02:07.253,20.38419,20.37688,1.8,1.25
23.08.2021 00:02:07.504,20.38419,20.37688,1.8,1.25
23.08.2021 00:02:09.035,20.38416,20.37676,1.05,1
23.08.2021 00:02:10.226,20.38416,20.37668,1.05,1.25
23.08.2021 00:02:12.110,20.38416,20.37668,1.05,1.25
23.08.2021 00:02:12.161,20.38416,20.37648,1.05,1.5
23.08.2021 00:02:12.951,20.383110000000002,20.37769,1,1
23.08.2021 00:02:13.054,20.382220000000004,20.37753,1,1
23.08.2021 00:02:13.105,20.382220000000004,20.37679,1,1
23.08.2021 00:02:16.968,20.382220000000004,20.37679,1.3,1
23.08.2021 00:02:17.170,20.382220000000004,20.37679,1.3,1
23.08.2021 00:02:17.625,20.382220000000004,20.37679,1,1
23.08.2021 00:02:17.726,20.382220000000004,20.37679,1.3,1
23.08.2021 00:02:18.028,20.382220000000004,20.37679,1.3,1
23.08.2021 00:02:18.342,20.38134,20.37592,1,1
23.08.2021 00:02:18.451,20.38134,20.37592,1,1.3
23.08.2021 00:02:18.960,20.38134,20.37592,1,1.3
23.08.2021 00:02:20.774,20.381500000000003,20.376820000000002,1,1
23.08.2021 00:02:20.825,20.382250000000003,20.376820000000002,1.3,1
23.08.2021 00:02:20.876,20.382250000000003,20.376820000000002,1.3,1
23.08.2021 00:02:21.275,20.382250000000003,20.376820000000002,1,1.3
23.08.2021 00:02:22.022,20.38413,20.37571,1.4,1.55
23.08.2021 00:02:22.488,20.38413,20.37571,1.3,1.55
23.08.2021 00:02:24.075,20.383490000000002,20.375370000000004,1.75,1.8
23.08.2021 00:02:24.126,20.383490000000002,20.37553,1.75,1.8
23.08.2021 00:02:24.277,20.38354,20.37571,1.05,1.8
23.08.2021 00:02:24.480,20.38352,20.37571,1.05,1.8
23.08.2021 00:02:25.178,20.383020000000002,20.37618,1.3,1.3
23.08.2021 00:02:25.928,20.382250000000003,20.376820000000002,1,1
23.08.2021 00:02:26.045,20.382250000000003,20.376820000000002,1.3,1
23.08.2021 00:02:26.692,20.382250000000003,20.376820000000002,1,1
23.08.2021 00:02:27.109,20.382250000000003,20.376820000000002,1,1.3
23.08.2021 00:02:30.336,20.38416,20.37571,1.15,1.8
23.08.2021 00:02:30.437,20.38416,20.37571,1.15,1.8
23.08.2021 00:02:31.109,20.38315,20.377720000000004,1,1
23.08.2021 00:02:31.209,20.38419,20.37601,1.8,1.8
23.08.2021 00:02:31.361,20.38419,20.375870000000003,1.8,1.8
23.08.2021 00:02:33.381,20.38406,20.37568,1.05,1.05
23.08.2021 00:02:33.432,20.383750000000003,20.37564,1,1.05
23.08.2021 00:02:33.532,20.38362,20.37548,1.65,1
23.08.2021 00:02:33.841,20.38362,20.37523,1.55,1.3
23.08.2021 00:02:34.091,20.383820000000004,20.37564,2.05,1.05
23.08.2021 00:02:34.788,20.38416,20.37564,1.05,1.05
23.08.2021 00:02:39.192,20.38416,20.37663,1.05,1
23.08.2021 00:02:39.293,20.384870000000003,20.37938,1.05,1.75
23.08.2021 00:02:39.344,20.38399,20.37894,1.25,1.3
23.08.2021 00:02:39.445,20.383370000000003,20.377950000000002,1,1
23.08.2021 00:02:40.870,20.383370000000003,20.37798,1,1
23.08.2021 00:02:44.789,20.383370000000003,20.37826,1,1
23.08.2021 00:02:44.839,20.383370000000003,20.37818,1,1
23.08.2021 00:02:45.226,20.383370000000003,20.37818,1,1.25
23.08.2021 00:02:45.277,20.38429,20.378870000000003,1.3,1
23.08.2021 00:02:45.328,20.38429,20.37973,1.3,1
23.08.2021 00:02:45.378,20.38525,20.379910000000002,1.3,1
23.08.2021 00:02:45.479,20.38525,20.379910000000002,1,1.3
23.08.2021 00:02:45.953,20.38525,20.37974,1.3,1
23.08.2021 00:02:46.975,20.38512,20.37974,1,1
23.08.2021 00:02:47.277,20.38512,20.37974,1.3,1
23.08.2021 00:02:48.369,20.38525,20.37974,1.3,1
23.08.2021 00:02:49.338,20.38512,20.37974,1,1
23.08.2021 00:02:49.781,20.38512,20.37974,1.3,1
23.08.2021 00:02:49.939,20.38525,20.37974,1.3,1
23.08.2021 00:02:50.317,20.38525,20.379910000000002,1.3,1
23.08.2021 00:02:50.569,20.38525,20.379910000000002,1,1.3
23.08.2021 00:02:50.919,20.38525,20.37974,1,1.3
23.08.2021 00:02:51.020,20.38525,20.37974,1,1
23.08.2021 00:02:51.926,20.385220000000004,20.37974,1,1
23.08.2021 00:02:55.155,20.38525,20.37974,1,1
23.08.2021 00:02:55.760,20.38525,20.37974,1,1.3
23.08.2021 00:02:57.147,20.38525,20.37958,1,1.8
23.08.2021 00:02:57.197,20.38606,20.38064,1,1
23.08.2021 00:02:58.253,20.38606,20.380860000000002,1,1
23.08.2021 00:02:58.356,20.38606,20.38098,1,1.3
23.08.2021 00:03:00.271,20.38606,20.380679999999998,1,1.3
23.08.2021 00:03:00.891,20.38606,20.380679999999998,1,1.3
23.08.2021 00:03:01.597,20.38606,20.38064,1,1.3
23.08.2021 00:03:01.698,20.38519,20.37977,1,1.25
23.08.2021 00:03:01.799,20.38519,20.37977,1.3,1
23.08.2021 00:03:01.906,20.38519,20.37977,1,1.3
23.08.2021 00:03:02.240,20.385920000000002,20.380670000000002,1.3,1
23.08.2021 00:03:02.737,20.38608,20.380670000000002,1.3,1
23.08.2021 00:03:03.327,20.38608,20.380670000000002,1,1.3
23.08.2021 00:03:03.580,20.38608,20.380670000000002,1,1.3
23.08.2021 00:03:04.612,20.38608,20.380670000000002,1,1.3
23.08.2021 00:03:07.499,20.38608,20.380670000000002,1.3,1
23.08.2021 00:03:07.600,20.38608,20.380670000000002,1,1
23.08.2021 00:03:08.018,20.38608,20.380670000000002,1.3,1
23.08.2021 00:03:08.579,20.385820000000002,20.380670000000002,1,1
23.08.2021 00:03:10.945,20.38595,20.380670000000002,1.3,1
23.08.2021 00:03:10.996,20.385820000000002,20.380670000000002,1,1
23.08.2021 00:03:11.141,20.385620000000003,20.380670000000002,1,1
23.08.2021 00:03:11.357,20.385720000000003,20.380670000000002,1,1
23.08.2021 00:03:11.551,20.385720000000003,20.380670000000002,1.3,1
23.08.2021 00:03:12.069,20.385920000000002,20.380670000000002,1.3,1
23.08.2021 00:03:12.349,20.38608,20.380670000000002,1.3,1
23.08.2021 00:03:12.400,20.38662,20.381510000000002,1.3,1
23.08.2021 00:03:12.551,20.38662,20.381510000000002,1.3,1
23.08.2021 00:03:13.015,20.386960000000002,20.381510000000002,1.3,1
23.08.2021 00:03:13.119,20.386960000000002,20.381510000000002,1,1.3
23.08.2021 00:03:14.010,20.386960000000002,20.38156,1,1
23.08.2021 00:03:14.111,20.386960000000002,20.38168,1.3,1
23.08.2021 00:03:14.179,20.386960000000002,20.38168,1.3,1
23.08.2021 00:03:17.360,20.386960000000002,20.381510000000002,1.3,1
23.08.2021 00:03:18.346,20.386960000000002,20.381510000000002,1,1.3
23.08.2021 00:03:19.253,20.386960000000002,20.381510000000002,1.3,1
23.08.2021 00:03:19.303,20.386960000000002,20.38168,1.3,1
23.08.2021 00:03:19.404,20.386960000000002,20.38168,1,1.3
23.08.2021 00:03:19.836,20.386960000000002,20.38198,1,1
23.08.2021 00:03:20.657,20.386960000000002,20.38198,1,1.3
23.08.2021 00:03:25.237,20.386960000000002,20.38198,1,1
23.08.2021 00:03:34.770,20.386960000000002,20.382160000000002,1,1
23.08.2021 00:03:35.318,20.386960000000002,20.38228,1,1
23.08.2021 00:03:46.959,20.386960000000002,20.382160000000002,1,1.3
23.08.2021 00:03:50.198,20.386960000000002,20.381510000000002,1,1
23.08.2021 00:03:50.400,20.38694,20.38149,1,1
23.08.2021 00:03:51.173,20.38694,20.38149,1.3,1
23.08.2021 00:03:52.448,20.38672,20.38149,1.3,1
23.08.2021 00:03:56.447,20.38694,20.38149,1.3,1
23.08.2021 00:03:56.547,20.38694,20.38149,1,1
23.08.2021 00:03:56.698,20.38694,20.38149,1,1.3
23.08.2021 00:03:57.214,20.38694,20.38149,1,1.3
23.08.2021 00:03:58.452,20.38694,20.38149,1,1.3
23.08.2021 00:04:00.434,20.38694,20.38149,1,1
23.08.2021 00:04:01.431,20.38694,20.38149,1,1.3
23.08.2021 00:04:11.297,20.38694,20.38149,1.3,1
23.08.2021 00:04:11.493,20.38812,20.38053,1.55,1.05
23.08.2021 00:04:11.597,20.38812,20.38029,2.05,1.05
23.08.2021 00:04:11.698,20.38772,20.38029,1.55,1.05
23.08.2021 00:04:12.568,20.38802,20.38029,2.05,1.05
23.08.2021 00:04:15.159,20.38812,20.380720000000004,1.55,1.05
23.08.2021 00:04:15.314,20.38812,20.380720000000004,1.55,1.05
23.08.2021 00:04:15.840,20.38772,20.38088,1.3,1.55
23.08.2021 00:04:16.566,20.387520000000002,20.38118,1.3,1.55
23.08.2021 00:04:19.502,20.38772,20.38138,1.3,1.25
23.08.2021 00:04:19.839,20.38772,20.38138,1.3,1.55
23.08.2021 00:04:22.565,20.38772,20.38138,1.3,1.25
23.08.2021 00:04:23.633,20.38772,20.38138,1.3,1.25
23.08.2021 00:04:23.784,20.386950000000002,20.381520000000002,1,1.25
23.08.2021 00:04:23.986,20.386950000000002,20.38178,1,1
23.08.2021 00:04:24.977,20.386950000000002,20.382160000000002,1,1
23.08.2021 00:04:25.028,20.386950000000002,20.38208,1,1
23.08.2021 00:04:27.117,20.386950000000002,20.381520000000002,1,1.55
23.08.2021 00:04:27.622,20.386950000000002,20.381520000000002,1.3,1.25
23.08.2021 00:04:31.120,20.386950000000002,20.381520000000002,1,1.55
23.08.2021 00:04:31.645,20.386950000000002,20.381520000000002,1,1.25
23.08.2021 00:04:32.377,20.386820000000004,20.381520000000002,1,1.25
23.08.2021 00:04:32.478,20.386820000000004,20.381520000000002,1.3,1.25
23.08.2021 00:04:32.529,20.38605,20.38062,1,1.3
23.08.2021 00:04:32.629,20.38605,20.38062,1,1
23.08.2021 00:04:33.124,20.38605,20.38062,1,1.3
23.08.2021 00:04:33.698,20.38605,20.38062,1,1.3
23.08.2021 00:04:35.032,20.38605,20.38062,1,1.3
23.08.2021 00:04:35.298,20.38605,20.38062,1,1.3
23.08.2021 00:04:38.170,20.38605,20.38062,1,1.3
23.08.2021 00:04:38.640,20.38812,20.3804,1.55,1.05
23.08.2021 00:04:39.065,20.38812,20.3804,2.15,1.05
23.08.2021 00:04:47.092,20.38822,20.38053,1.65,1.05
23.08.2021 00:04:47.298,20.38822,20.38053,1.55,1.05
23.08.2021 00:04:48.134,20.38782,20.38138,1.3,1.55
23.08.2021 00:04:48.448,20.38782,20.38168,1,1
23.08.2021 00:04:52.138,20.38693,20.38178,1,1
23.08.2021 00:04:52.415,20.38693,20.38158,1,1
23.08.2021 00:04:53.342,20.38693,20.381520000000002,1,1
23.08.2021 00:04:53.393,20.38693,20.381520000000002,1,1.3
23.08.2021 00:05:08.232,20.38693,20.381520000000002,1,1
23.08.2021 00:05:08.333,20.38693,20.381520000000002,1,1.3
23.08.2021 00:05:08.506,20.38693,20.381520000000002,1,1.3
23.08.2021 00:05:08.607,20.38693,20.381520000000002,1,1.3
23.08.2021 00:05:09.432,20.38693,20.381520000000002,1,1
23.08.2021 00:05:13.517,20.38693,20.381520000000002,1,1.3
23.08.2021 00:05:18.113,20.38792,20.38014,1.55,1.05
23.08.2021 00:05:18.214,20.38819,20.38014,1.31,1.05
23.08.2021 00:05:18.365,20.38819,20.38014,1.31,1.05
23.08.2021 00:05:19.177,20.38819,20.38028,1.4,1.55
23.08.2021 00:05:20.972,20.38819,20.379970000000004,1.3,1.55
23.08.2021 00:05:21.370,20.38819,20.379970000000004,1.3,1.55
23.08.2021 00:05:22.013,20.38819,20.379970000000004,1.3,1.25
23.08.2021 00:05:22.568,20.38819,20.379910000000002,1.3,1.55
23.08.2021 00:05:24.131,20.38782,20.379910000000002,1.25,1.8
23.08.2021 00:05:30.549,20.38782,20.379910000000002,1.55,1.5
23.08.2021 00:05:32.091,20.38693,20.381510000000002,1,1
23.08.2021 00:05:32.308,20.38693,20.381510000000002,1.3,1
23.08.2021 00:05:33.174,20.38622,20.381510000000002,1.3,1
23.08.2021 00:05:33.866,20.38693,20.381510000000002,1,1
23.08.2021 00:05:38.630,20.3869,20.381510000000002,1,1
23.08.2021 00:05:38.680,20.38674,20.381320000000002,1,1
23.08.2021 00:05:40.122,20.38674,20.381320000000002,1,1.3
23.08.2021 00:05:40.826,20.38674,20.38146,1,1.3
23.08.2021 00:05:45.974,20.38674,20.381320000000002,1,1.3
23.08.2021 00:05:46.448,20.38674,20.381320000000002,1,1
23.08.2021 00:05:56.138,20.38605,20.381320000000002,1,1
23.08.2021 00:05:56.239,20.385920000000002,20.381320000000002,1,1
23.08.2021 00:05:56.739,20.385820000000002,20.381320000000002,1.3,1
23.08.2021 00:05:56.872,20.385820000000002,20.381320000000002,1.3,1
23.08.2021 00:05:57.934,20.385520000000003,20.381320000000002,1.3,1
23.08.2021 00:05:58.137,20.385520000000003,20.381320000000002,1.3,1
23.08.2021 00:06:00.087,20.385620000000003,20.381320000000002,1.3,1
23.08.2021 00:06:00.236,20.385620000000003,20.381320000000002,1.3,1
23.08.2021 00:06:00.862,20.38672,20.381320000000002,1.3,1
23.08.2021 00:06:01.511,20.38672,20.381320000000002,1.3,1
23.08.2021 00:06:06.365,20.38674,20.381320000000002,1.3,1
23.08.2021 00:06:07.071,20.38642,20.381320000000002,1.3,1
23.08.2021 00:06:11.032,20.386120000000002,20.381320000000002,1,1
23.08.2021 00:06:11.371,20.386120000000002,20.381320000000002,1.3,1
23.08.2021 00:06:11.582,20.38588,20.380460000000003,1.3,1
23.08.2021 00:06:11.684,20.38588,20.380460000000003,1.3,1
23.08.2021 00:06:12.549,20.385620000000003,20.380460000000003,1.3,1
23.08.2021 00:06:22.567,20.385320000000004,20.380460000000003,1.3,1
23.08.2021 00:06:25.302,20.38588,20.380460000000003,1.3,1
23.08.2021 00:06:25.655,20.38588,20.380460000000003,1.3,1
23.08.2021 00:06:26.539,20.385820000000002,20.380460000000003,1.3,1
23.08.2021 00:06:31.451,20.385820000000002,20.380460000000003,1.3,1
23.08.2021 00:06:32.472,20.38588,20.380460000000003,1,1
23.08.2021 00:06:32.652,20.38672,20.38137,1.3,1
23.08.2021 00:06:32.864,20.38679,20.38137,1.3,1
23.08.2021 00:06:36.367,20.38672,20.38137,1.3,1
23.08.2021 00:06:39.974,20.38679,20.38137,1.3,1
23.08.2021 00:06:41.691,20.38679,20.38137,1,1
23.08.2021 00:06:42.252,20.38642,20.38137,1,1
23.08.2021 00:06:42.568,20.38642,20.38137,1.3,1
23.08.2021 00:06:48.465,20.386120000000002,20.38137,1.3,1
23.08.2021 00:06:50.061,20.38642,20.38137,1.3,1
23.08.2021 00:06:51.423,20.38632,20.38137,1.3,1
23.08.2021 00:06:52.389,20.385910000000003,20.38098,1.3,1
23.08.2021 00:06:52.440,20.385910000000003,20.38049,1.3,1
23.08.2021 00:06:52.792,20.385910000000003,20.38049,1.3,1
23.08.2021 00:06:53.400,20.385720000000003,20.38049,1,1
23.08.2021 00:06:53.683,20.385720000000003,20.38049,1.3,1
23.08.2021 00:06:54.815,20.385910000000003,20.38049,1.3,1
23.08.2021 00:07:01.289,20.385910000000003,20.38049,1,1
23.08.2021 00:07:07.484,20.386270000000003,20.38049,1.5,1
23.08.2021 00:07:07.534,20.38501,20.37958,1,1
23.08.2021 00:07:07.585,20.38413,20.37928,1,1.3
23.08.2021 00:07:07.686,20.38413,20.37928,1,1
23.08.2021 00:07:07.737,20.38413,20.37871,1,1
23.08.2021 00:07:08.183,20.38413,20.37888,1,1
23.08.2021 00:07:08.666,20.383210000000002,20.37898,1,1
23.08.2021 00:07:08.717,20.383210000000002,20.37808,1,1
23.08.2021 00:07:08.868,20.383210000000002,20.37798,1,1
23.08.2021 00:07:09.537,20.383210000000002,20.37788,1,1
23.08.2021 00:07:10.370,20.383210000000002,20.37778,1,1.5
23.08.2021 00:07:12.185,20.383210000000002,20.37778,1.3,1
23.08.2021 00:07:12.752,20.383210000000002,20.37778,1,1
23.08.2021 00:07:14.768,20.3823,20.37684,1,1
23.08.2021 00:07:14.931,20.381420000000002,20.37599,1,1
23.08.2021 00:07:15.744,20.381420000000002,20.37599,1.3,1
23.08.2021 00:07:21.381,20.383200000000002,20.37474,1,1.05
23.08.2021 00:07:21.432,20.383200000000002,20.375310000000002,1,1.25
23.08.2021 00:07:21.533,20.38322,20.37571,1.3,1.55
23.08.2021 00:07:21.687,20.38322,20.37571,1.3,1.55
23.08.2021 00:07:22.965,20.38312,20.37628,1.3,1.3
23.08.2021 00:07:23.343,20.38407,20.37581,1.65,1.05
23.08.2021 00:07:23.444,20.38416,20.37594,1.05,1.05
23.08.2021 00:07:23.571,20.38416,20.37594,1.05,1.05
23.08.2021 00:07:23.723,20.38416,20.37628,1.05,1.25
23.08.2021 00:07:24.019,20.38416,20.37678,1.05,1.25
23.08.2021 00:07:25.626,20.38419,20.37696,1.8,1
23.08.2021 00:07:26.550,20.38419,20.37708,1.9,1.25
23.08.2021 00:07:26.601,20.38443,20.37688,1.4,1.25
23.08.2021 00:07:26.869,20.38419,20.37628,1.8,1.25
23.08.2021 00:07:27.665,20.38419,20.37628,1.9,1
23.08.2021 00:07:27.715,20.38384,20.37628,1.4,1
23.08.2021 00:07:27.766,20.38384,20.375760000000003,1.4,1.8
23.08.2021 00:07:27.816,20.383750000000003,20.375670000000003,1.4,1.8
23.08.2021 00:07:28.206,20.383020000000002,20.375670000000003,1.55,1.8
23.08.2021 00:07:28.448,20.382520000000003,20.375670000000003,1.55,1.8
23.08.2021 00:07:28.764,20.382320000000004,20.375040000000002,1.55,1.8
23.08.2021 00:07:28.865,20.38179,20.3749,1.55,1.3
23.08.2021 00:07:28.915,20.382720000000003,20.375310000000002,1.3,1
23.08.2021 00:07:28.966,20.382720000000003,20.375310000000002,1.3,1.3
23.08.2021 00:07:29.067,20.382420000000003,20.375310000000002,1.3,1.3
23.08.2021 00:07:29.948,20.382520000000003,20.376079999999998,1.3,1
23.08.2021 00:07:30.083,20.382520000000003,20.376079999999998,1.3,1.3
23.08.2021 00:07:30.954,20.382720000000003,20.37628,1.3,1.3
23.08.2021 00:07:31.637,20.38332,20.37638,1,1
23.08.2021 00:07:32.091,20.38332,20.37666,1,1
23.08.2021 00:07:32.472,20.38332,20.37678,1,1
23.08.2021 00:07:33.710,20.38332,20.37678,1.3,1
23.08.2021 00:07:34.334,20.38362,20.37688,1.3,1
23.08.2021 00:07:35.645,20.38362,20.37688,1.3,1
23.08.2021 00:07:37.757,20.38362,20.37688,1,1
23.08.2021 00:07:39.089,20.38342,20.37668,1,1
23.08.2021 00:07:39.649,20.38312,20.37658,1.3,1.3
23.08.2021 00:07:39.847,20.38312,20.37658,1.3,1.3
23.08.2021 00:07:41.827,20.382820000000002,20.37648,1.3,1.3
23.08.2021 00:07:42.513,20.382820000000002,20.37648,1.3,1.3
23.08.2021 00:07:45.497,20.382820000000002,20.37648,1.3,1.3
23.08.2021 00:07:51.872,20.38469,20.37621,1.5,1.05
23.08.2021 00:07:52.306,20.38482,20.37621,1.05,1.05
23.08.2021 00:07:52.812,20.38482,20.377460000000003,1.05,1
23.08.2021 00:07:52.925,20.38462,20.37758,1.3,1
23.08.2021 00:07:54.411,20.38462,20.377760000000002,1.3,1
23.08.2021 00:07:54.701,20.38462,20.37788,1.3,1
23.08.2021 00:07:59.349,20.38417,20.37788,1,1
23.08.2021 00:07:59.399,20.38419,20.37571,1.5,1.8
23.08.2021 00:07:59.504,20.38419,20.37571,1.8,1.8
23.08.2021 00:07:59.655,20.38419,20.37571,1.8,1.8
23.08.2021 00:08:00.162,20.38419,20.37571,1.8,1.8
23.08.2021 00:08:00.785,20.38419,20.37564,1.8,1.05
23.08.2021 00:08:01.633,20.38419,20.37571,1.8,1.8
23.08.2021 00:08:01.835,20.38419,20.37571,1.8,1.8
23.08.2021 00:08:02.598,20.38443,20.375860000000003,1.3,1.8
23.08.2021 00:08:04.283,20.38419,20.376260000000002,1.8,1.8
23.08.2021 00:08:04.948,20.38419,20.37788,1.8,1.25
23.08.2021 00:08:05.391,20.384120000000003,20.37758,1.3,1
23.08.2021 00:08:05.492,20.384120000000003,20.37571,1.55,1.6
23.08.2021 00:08:05.643,20.384120000000003,20.37571,1.55,1.8
23.08.2021 00:08:06.014,20.384120000000003,20.37571,1.55,1.8
23.08.2021 00:08:06.562,20.384120000000003,20.37571,1.55,1.8
23.08.2021 00:08:08.044,20.38362,20.37571,1.25,1.8
23.08.2021 00:08:17.313,20.38342,20.37554,1.25,1.8
23.08.2021 00:08:19.425,20.382420000000003,20.37571,1.25,1.8
23.08.2021 00:08:19.476,20.383920000000003,20.37571,2.05,1.8
23.08.2021 00:08:19.526,20.383920000000003,20.37571,2.05,1.8
23.08.2021 00:08:19.627,20.38394,20.37578,1.05,1
23.08.2021 00:08:19.729,20.383920000000003,20.37593,1.05,1.05
23.08.2021 00:08:19.904,20.383920000000003,20.37591,1.05,1.05
23.08.2021 00:08:20.555,20.38416,20.37594,1.05,1
23.08.2021 00:08:20.606,20.38416,20.37621,1.05,1.05
23.08.2021 00:08:21.514,20.38419,20.37621,1.8,1.05
23.08.2021 00:08:21.615,20.383720000000004,20.37738,1.3,1
23.08.2021 00:08:23.493,20.383720000000004,20.37738,1.3,1.3
23.08.2021 00:08:29.345,20.383920000000003,20.37738,1.3,1.3
23.08.2021 00:08:30.211,20.383920000000003,20.37778,1.3,1.3
23.08.2021 00:08:30.411,20.38512,20.37808,1.39,1
23.08.2021 00:08:30.512,20.38505,20.38032,1,1
23.08.2021 00:08:30.613,20.38505,20.38032,1.3,1
23.08.2021 00:08:31.654,20.38491,20.379450000000002,1.3,1
23.08.2021 00:08:32.379,20.385270000000002,20.38033,1.3,1
23.08.2021 00:08:32.480,20.38578,20.38033,1,1
23.08.2021 00:08:32.581,20.38578,20.38033,1,1.3
23.08.2021 00:08:33.095,20.38578,20.38033,1,1.3
23.08.2021 00:08:33.196,20.38578,20.38033,1,1.3
23.08.2021 00:08:33.464,20.38578,20.38033,1.3,1
23.08.2021 00:08:34.777,20.38578,20.38033,1.3,1
23.08.2021 00:08:35.147,20.38578,20.38033,1.3,1
23.08.2021 00:08:36.321,20.38578,20.38033,1.3,1.5
23.08.2021 00:08:36.422,20.38578,20.38033,1.3,1.5
23.08.2021 00:08:36.718,20.38578,20.38033,1.3,1.5
23.08.2021 00:08:37.127,20.38578,20.38033,1.3,1.5
23.08.2021 00:08:37.463,20.385620000000003,20.38033,1.3,1
23.08.2021 00:08:37.633,20.385620000000003,20.38033,1.3,1
23.08.2021 00:08:39.907,20.38578,20.38033,1.3,1
23.08.2021 00:08:40.958,20.38578,20.38033,1,1.3
23.08.2021 00:08:41.210,20.38578,20.38033,1,1.3
23.08.2021 00:08:41.830,20.38578,20.38058,1,1.3
23.08.2021 00:08:42.112,20.38578,20.38058,1,1.3
23.08.2021 00:08:42.561,20.38578,20.38033,1,1.3
23.08.2021 00:08:43.306,20.38578,20.38033,1,1.3
23.08.2021 00:08:43.361,20.38578,20.38033,1.3,1
23.08.2021 00:08:43.870,20.385450000000002,20.38033,1,1
23.08.2021 00:08:43.971,20.385320000000004,20.38033,1,1
23.08.2021 00:08:44.072,20.38512,20.38033,1,1
23.08.2021 00:08:44.899,20.38485,20.38033,1,1
23.08.2021 00:08:45.015,20.38472,20.38033,1,1
23.08.2021 00:08:46.127,20.38482,20.38033,1,1
23.08.2021 00:08:46.223,20.38495,20.38033,1,1
23.08.2021 00:08:46.324,20.38502,20.38033,1,1
23.08.2021 00:08:46.548,20.385220000000004,20.38033,1,1
23.08.2021 00:08:50.825,20.38575,20.38033,1.3,1
23.08.2021 00:08:50.925,20.386170000000003,20.3811,1,1
23.08.2021 00:08:50.976,20.38819,20.379910000000002,1.65,1.8
23.08.2021 00:08:51.078,20.38819,20.379910000000002,1.55,1.5
23.08.2021 00:08:51.504,20.38819,20.379910000000002,1.55,1.8
23.08.2021 00:08:52.566,20.38802,20.379910000000002,1.3,1.55
23.08.2021 00:08:53.297,20.387620000000002,20.37967,1.75,1.3
23.08.2021 00:08:53.448,20.387520000000002,20.37967,1.05,1.3
23.08.2021 00:08:53.702,20.38642,20.37967,1,1.3
23.08.2021 00:08:54.302,20.38642,20.37967,1.3,1.3
23.08.2021 00:08:54.607,20.38575,20.37974,1,1.05
23.08.2021 00:08:54.708,20.385620000000003,20.379910000000002,1.3,1.3
23.08.2021 00:08:54.809,20.385620000000003,20.37974,1.3,1.05
23.08.2021 00:08:55.427,20.385620000000003,20.37958,1.3,1.8
23.08.2021 00:08:55.826,20.38642,20.379910000000002,1.3,1.3
23.08.2021 00:08:56.731,20.38632,20.37998,1,1.3
23.08.2021 00:08:56.881,20.38632,20.37998,1.3,1.3
23.08.2021 00:09:00.368,20.38632,20.38018,1.3,1.3
23.08.2021 00:09:02.692,20.38632,20.38126,1.3,1
23.08.2021 00:09:02.843,20.38632,20.38126,1.3,1
23.08.2021 00:09:03.138,20.38632,20.3811,1.3,1
23.08.2021 00:09:03.239,20.38578,20.38038,1.3,1
23.08.2021 00:09:03.289,20.38578,20.38038,1.3,1
23.08.2021 00:09:03.662,20.385620000000003,20.38038,1.3,1
23.08.2021 00:09:03.872,20.38578,20.38038,1,1
23.08.2021 00:09:05.214,20.38578,20.38038,1,1.3
23.08.2021 00:09:05.927,20.38578,20.38038,1,1.3
23.08.2021 00:09:06.420,20.38578,20.38038,1,1.3
23.08.2021 00:09:08.211,20.38578,20.38038,1,1.3
23.08.2021 00:09:08.312,20.38491,20.37949,1,1.3
23.08.2021 00:09:08.413,20.38491,20.37949,1,1.3
23.08.2021 00:09:08.664,20.38491,20.37949,1,1.3
23.08.2021 00:09:09.171,20.38491,20.37949,1,1
23.08.2021 00:09:09.604,20.38482,20.37949,1.3,1
23.08.2021 00:09:10.068,20.38491,20.37949,1.3,1
23.08.2021 00:09:12.595,20.38482,20.37949,1,1
23.08.2021 00:09:12.996,20.38491,20.37949,1.3,1
23.08.2021 00:09:13.047,20.38491,20.37949,1.3,1
23.08.2021 00:09:13.613,20.38491,20.37949,1.3,1
23.08.2021 00:09:14.411,20.38491,20.37949,1.3,1
23.08.2021 00:09:14.884,20.38462,20.37949,1.3,1
23.08.2021 00:09:15.046,20.38491,20.37949,1.3,1
23.08.2021 00:09:15.467,20.38491,20.37949,1.3,1
23.08.2021 00:09:16.183,20.38462,20.37949,1,1
23.08.2021 00:09:16.334,20.38462,20.37949,1.3,1
23.08.2021 00:09:16.385,20.383850000000002,20.378429999999998,1,1.3
23.08.2021 00:09:16.551,20.383850000000002,20.378429999999998,1,1.3
23.08.2021 00:09:16.729,20.383850000000002,20.378429999999998,1,1.3
23.08.2021 00:09:16.910,20.383850000000002,20.378429999999998,1,1.3
23.08.2021 00:09:17.014,20.383850000000002,20.378429999999998,1,1
23.08.2021 00:09:17.486,20.383850000000002,20.378429999999998,1,1.3
23.08.2021 00:09:18.470,20.383850000000002,20.378429999999998,1,1.3
23.08.2021 00:09:18.638,20.383850000000002,20.378429999999998,1,1.3
23.08.2021 00:09:21.750,20.383820000000004,20.378429999999998,1,1.3
23.08.2021 00:09:22.057,20.383720000000004,20.378429999999998,1,1.3
23.08.2021 00:09:22.569,20.383720000000004,20.378429999999998,1,1.3
23.08.2021 00:09:22.901,20.383850000000002,20.378429999999998,1,1.3
23.08.2021 00:09:26.790,20.383850000000002,20.378429999999998,1,1
23.08.2021 00:09:27.711,20.38473,20.37934,1,1
23.08.2021 00:09:27.812,20.38473,20.37934,1,1.3
23.08.2021 00:09:28.768,20.38473,20.37934,1,1.3
23.08.2021 00:09:29.771,20.38473,20.37934,1,1.3
23.08.2021 00:09:31.038,20.38473,20.37951,1,1.3
23.08.2021 00:09:31.781,20.385910000000003,20.37951,1,1.55
23.08.2021 00:09:32.682,20.385910000000003,20.379179999999998,1,1
23.08.2021 00:09:32.788,20.387220000000003,20.37951,1.4,1
23.08.2021 00:09:32.838,20.385920000000002,20.37951,1,1
23.08.2021 00:09:33.211,20.385920000000002,20.37951,1,1.3
23.08.2021 00:09:34.571,20.385920000000002,20.37951,1.3,1.3
23.08.2021 00:09:35.011,20.385920000000002,20.37951,1.3,1.3
23.08.2021 00:09:35.843,20.385920000000002,20.37951,1.3,1.3
23.08.2021 00:09:39.017,20.385920000000002,20.37951,1.3,1.55
23.08.2021 00:09:39.522,20.385920000000002,20.37951,1.3,1.55
23.08.2021 00:09:40.386,20.385910000000003,20.37951,1.3,1.55
23.08.2021 00:09:41.384,20.385910000000003,20.37951,1.3,1.55
23.08.2021 00:09:41.639,20.387120000000003,20.37937,1.55,1.55
23.08.2021 00:09:41.739,20.387120000000003,20.37937,1.55,1.55
23.08.2021 00:09:42.597,20.38814,20.37937,1.1,1.8
23.08.2021 00:09:42.757,20.38814,20.37937,1.1,1.8
23.08.2021 00:09:43.732,20.38814,20.37944,1,1.3
23.08.2021 00:09:45.914,20.38814,20.37944,1.1,1.3
23.08.2021 00:09:47.883,20.38813,20.37944,1.85,1.3
23.08.2021 00:09:57.816,20.3856,20.380020000000002,1,1.8
23.08.2021 00:09:57.917,20.3856,20.38024,1,1.3
23.08.2021 00:09:58.018,20.3856,20.38024,1,1.3
23.08.2021 00:09:58.916,20.3856,20.38021,1,1.8
23.08.2021 00:10:00.380,20.3856,20.38024,1,1.3
23.08.2021 00:10:00.535,20.3856,20.38024,1,1.3
23.08.2021 00:10:00.911,20.3856,20.38024,1,1
23.08.2021 00:10:08.976,20.387120000000003,20.37984,1.5,1.05
23.08.2021 00:10:09.039,20.387120000000003,20.37984,1.5,1.05
23.08.2021 00:10:09.478,20.38782,20.37984,1.5,1.05
23.08.2021 00:10:09.579,20.38782,20.37984,1.3,1.05
23.08.2021 00:10:10.119,20.38782,20.37984,1.3,1.05
23.08.2021 00:10:10.979,20.38782,20.37984,1.3,1.05
23.08.2021 00:10:12.782,20.38782,20.37984,1.55,1.3
23.08.2021 00:10:14.197,20.38792,20.37984,1.75,1.3
23.08.2021 00:10:14.415,20.38792,20.37984,1.55,1.3
23.08.2021 00:10:15.536,20.38823,20.37954,1.95,1.3
23.08.2021 00:10:15.988,20.38823,20.37984,1.95,1.3
23.08.2021 00:10:16.325,20.38823,20.37984,1.65,1.3
23.08.2021 00:10:16.526,20.38823,20.37984,1.65,1.3
23.08.2021 00:10:16.648,20.38823,20.37988,1.65,1.8
23.08.2021 00:10:16.884,20.38823,20.37988,1.85,1.8
23.08.2021 00:10:17.134,20.38823,20.37988,1.65,1.8
23.08.2021 00:10:17.468,20.38823,20.38008,1.85,1.42
23.08.2021 00:10:17.569,20.38823,20.38008,1.85,1.42
23.08.2021 00:10:18.116,20.38823,20.37974,1.85,1.3
23.08.2021 00:10:20.952,20.38557,20.380170000000003,1,1.3
23.08.2021 00:10:21.053,20.38557,20.380170000000003,1,1
23.08.2021 00:10:21.796,20.38557,20.380170000000003,1.3,1
23.08.2021 00:10:23.071,20.38557,20.380170000000003,1.3,1
23.08.2021 00:10:23.196,20.38557,20.380170000000003,1.3,1
23.08.2021 00:10:25.116,20.38557,20.380170000000003,1.3,1
23.08.2021 00:10:27.924,20.38557,20.380170000000003,1.3,1
23.08.2021 00:10:28.096,20.38557,20.380170000000003,1,1
23.08.2021 00:10:30.167,20.38557,20.380170000000003,1,1.3
23.08.2021 00:10:31.753,20.38529,20.37986,1,1.3
23.08.2021 00:10:32.276,20.38529,20.37986,1,1.3
23.08.2021 00:10:39.578,20.38759,20.379610000000003,1.2,1.75
23.08.2021 00:10:39.629,20.387670000000004,20.37968,1,1
23.08.2021 00:10:39.830,20.387870000000003,20.37984,1,1.05
23.08.2021 00:10:40.149,20.387520000000002,20.37984,1.55,1.05
23.08.2021 00:10:40.434,20.387620000000002,20.37984,1.85,1.05
23.08.2021 00:10:45.399,20.387620000000002,20.379640000000002,1.85,1.3
23.08.2021 00:10:56.033,20.387320000000003,20.37978,1.55,1.05
23.08.2021 00:10:56.732,20.387320000000003,20.379810000000003,1.55,1.05
23.08.2021 00:10:56.833,20.387320000000003,20.37968,1.55,1.05
23.08.2021 00:10:56.934,20.386820000000004,20.37966,2.15,1.05
23.08.2021 00:10:57.292,20.386820000000004,20.37951,2.15,1.55
23.08.2021 00:10:57.343,20.386120000000002,20.37953,1.8,1
23.08.2021 00:10:57.445,20.386120000000002,20.37951,1.55,1.25
23.08.2021 00:10:58.046,20.385920000000002,20.37951,1.55,1.55
23.08.2021 00:10:58.388,20.385920000000002,20.37951,1.55,1.55
23.08.2021 00:11:00.085,20.385920000000002,20.37951,1.55,1.55
23.08.2021 00:11:04.897,20.385920000000002,20.37951,1.55,1.55
23.08.2021 00:11:05.170,20.385920000000002,20.37951,1.55,1.55
23.08.2021 00:11:07.970,20.386020000000002,20.37947,1.55,1.55
23.08.2021 00:11:08.482,20.386020000000002,20.37947,1.55,1.55
23.08.2021 00:11:09.200,20.38622,20.37947,1.25,1.55
23.08.2021 00:11:10.046,20.38622,20.37947,1.55,1.55
23.08.2021 00:11:16.636,20.38652,20.37934,1.55,1.3
23.08.2021 00:11:17.421,20.38652,20.37934,1.55,1.3
23.08.2021 00:11:18.932,20.38622,20.37934,1.55,1.3
23.08.2021 00:11:21.386,20.385920000000002,20.37934,1.55,1.3
23.08.2021 00:11:21.436,20.385920000000002,20.37934,1.55,1.3
23.08.2021 00:11:27.534,20.38803,20.37951,1.65,1.55
23.08.2021 00:11:27.688,20.38803,20.37951,1.65,1.55
23.08.2021 00:11:28.256,20.38803,20.37951,1.85,1.55
23.08.2021 00:11:29.638,20.38812,20.37951,1.1,1.55
23.08.2021 00:11:32.949,20.38812,20.37951,1.1,1.55
23.08.2021 00:11:37.721,20.38812,20.37951,1.1,1.55
23.08.2021 00:11:38.973,20.38812,20.37951,1.1,1.55
23.08.2021 00:11:40.731,20.3853,20.37989,1,1
23.08.2021 00:11:41.917,20.3843,20.37894,1,1.3
23.08.2021 00:11:42.020,20.3843,20.37894,1,1.3
23.08.2021 00:11:42.572,20.3843,20.37894,1,1
23.08.2021 00:11:44.256,20.3843,20.37894,1,1.3
23.08.2021 00:11:44.899,20.384220000000003,20.37894,1,1.3
23.08.2021 00:11:44.978,20.3843,20.37894,1,1.3
23.08.2021 00:11:46.688,20.384020000000003,20.37894,1,1.3
23.08.2021 00:11:47.183,20.384020000000003,20.37894,1,1
23.08.2021 00:11:48.622,20.38415,20.37894,1,1
23.08.2021 00:11:49.643,20.384020000000003,20.37894,1,1
23.08.2021 00:11:49.845,20.383920000000003,20.37894,1,1
23.08.2021 00:11:50.880,20.384120000000003,20.37894,1,1
23.08.2021 00:11:52.066,20.384020000000003,20.37894,1,1
23.08.2021 00:11:52.570,20.384020000000003,20.37894,1.3,1
23.08.2021 00:11:53.005,20.383820000000004,20.37894,1,1
23.08.2021 00:11:54.042,20.384020000000003,20.37894,1,1
23.08.2021 00:11:54.231,20.384020000000003,20.37894,1.3,1
23.08.2021 00:11:56.929,20.3834,20.37797,1.3,1
23.08.2021 00:11:57.791,20.3834,20.37797,1.3,1
23.08.2021 00:12:00.014,20.3834,20.37797,1.3,1
23.08.2021 00:12:01.895,20.3834,20.37797,1,1
23.08.2021 00:12:02.618,20.3834,20.37797,1,1.3
23.08.2021 00:12:09.941,20.3834,20.37797,1,1.3
23.08.2021 00:12:10.306,20.3834,20.37797,1,1.3
23.08.2021 00:12:11.646,20.3834,20.37797,1.3,1
23.08.2021 00:12:12.568,20.3834,20.37797,1.3,1
23.08.2021 00:12:13.606,20.38322,20.37758,1.3,1
23.08.2021 00:12:13.657,20.38249,20.37706,1,1
23.08.2021 00:12:13.758,20.38249,20.37706,1.3,1
23.08.2021 00:12:15.795,20.38249,20.37706,1,1
23.08.2021 00:12:29.856,20.38249,20.37706,1,1.3
23.08.2021 00:12:30.368,20.38249,20.37706,1,1.3
23.08.2021 00:12:38.883,20.38249,20.37706,1,1.3
23.08.2021 00:12:47.946,20.38249,20.37706,1,1.3
23.08.2021 00:12:50.683,20.38249,20.37706,1,1.3
23.08.2021 00:12:54.512,20.38249,20.37706,1,1.3
23.08.2021 00:12:55.043,20.38249,20.37706,1,1
23.08.2021 00:12:56.497,20.38249,20.37706,1.3,1
23.08.2021 00:12:56.601,20.38249,20.37706,1,1.3
23.08.2021 00:13:00.545,20.38249,20.37706,1,1.3
23.08.2021 00:13:01.689,20.38249,20.37706,1,1.3
23.08.2021 00:13:07.175,20.38249,20.37706,1,1.3
23.08.2021 00:13:07.276,20.38249,20.37706,1,1.3
23.08.2021 00:13:11.648,20.38437,20.37973,1.3,1
23.08.2021 00:13:11.698,20.38437,20.37973,1,1.3
23.08.2021 00:13:12.065,20.385350000000003,20.379929999999998,1,1.3
23.08.2021 00:13:12.178,20.385350000000003,20.379929999999998,1,1
23.08.2021 00:13:12.368,20.385350000000003,20.379929999999998,1,1.3
23.08.2021 00:13:20.991,20.385350000000003,20.379929999999998,1,1
23.08.2021 00:13:27.248,20.385350000000003,20.379929999999998,1,1.3
23.08.2021 00:13:31.915,20.385350000000003,20.379929999999998,1,1
23.08.2021 00:13:33.641,20.385350000000003,20.379929999999998,1,1.3
23.08.2021 00:13:33.895,20.385350000000003,20.379929999999998,1,1
23.08.2021 00:13:35.077,20.385350000000003,20.379929999999998,1,1.3
23.08.2021 00:13:36.342,20.385350000000003,20.379929999999998,1,1.3
23.08.2021 00:13:39.332,20.385350000000003,20.379929999999998,1,1.3
23.08.2021 00:13:41.583,20.385350000000003,20.379929999999998,1,1.3
23.08.2021 00:13:42.895,20.385350000000003,20.379929999999998,1,1.3
23.08.2021 00:13:43.333,20.385350000000003,20.379929999999998,1,1.3
23.08.2021 00:13:45.838,20.385350000000003,20.379929999999998,1,1
23.08.2021 00:13:47.479,20.385350000000003,20.379929999999998,1,1.3
23.08.2021 00:13:49.798,20.385350000000003,20.379929999999998,1,1.3
23.08.2021 00:13:50.047,20.38813,20.37986,1.85,1.05
23.08.2021 00:13:50.148,20.38813,20.38018,1.6,1.05
23.08.2021 00:13:50.249,20.38813,20.38021,1.3,2.05
23.08.2021 00:13:50.498,20.38813,20.38021,1.3,2.05
23.08.2021 00:13:51.308,20.38813,20.380660000000002,1.3,1
23.08.2021 00:13:51.447,20.38813,20.38078,1.3,1
23.08.2021 00:13:51.777,20.38813,20.38098,1.3,1
23.08.2021 00:13:52.747,20.388360000000002,20.38042,1.4,1.05
23.08.2021 00:13:52.898,20.38743,20.38034,1.3,1
23.08.2021 00:13:53.060,20.38743,20.38038,1.3,1.75
23.08.2021 00:13:53.427,20.38743,20.38048,1.3,1.05
23.08.2021 00:13:54.192,20.38813,20.37951,1.85,1.8
23.08.2021 00:13:57.389,20.38812,20.38013,1.85,1.25
23.08.2021 00:13:57.816,20.38812,20.38013,1.85,1.25
23.08.2021 00:13:58.429,20.38813,20.38013,1.85,1.25
23.08.2021 00:13:58.608,20.38813,20.379640000000002,1.85,1.3
23.08.2021 00:13:59.471,20.38782,20.379640000000002,1.85,1.3
23.08.2021 00:14:00.633,20.38782,20.379640000000002,1.85,1.3
23.08.2021 00:14:02.213,20.38782,20.379640000000002,1.85,1.3
23.08.2021 00:14:04.518,20.38782,20.37951,1.85,1.8
23.08.2021 00:14:05.389,20.38782,20.37951,1.85,1.8
23.08.2021 00:14:06.927,20.38759,20.37951,1.15,1.8
23.08.2021 00:14:08.973,20.38782,20.37951,2.15,1.8
23.08.2021 00:14:09.216,20.38782,20.37951,2.15,1.8
23.08.2021 00:14:10.865,20.38782,20.37951,2.15,1.8
23.08.2021 00:14:11.061,20.38746,20.37878,1.4,1.55
23.08.2021 00:14:11.112,20.38438,20.37895,1,1.3
23.08.2021 00:14:11.163,20.38438,20.37895,1,1.3
23.08.2021 00:14:12.474,20.38438,20.37895,1,1.3
23.08.2021 00:14:13.404,20.38438,20.37895,1,1.3
23.08.2021 00:14:14.208,20.38438,20.37951,1,1
23.08.2021 00:14:20.077,20.38438,20.37879,1,1.8
23.08.2021 00:14:20.401,20.38438,20.37933,1,1
23.08.2021 00:14:21.224,20.38438,20.37895,1,1.55
23.08.2021 00:14:21.324,20.38438,20.37933,1,1
23.08.2021 00:14:23.353,20.38438,20.37933,1,1.3
23.08.2021 00:14:24.718,20.38438,20.37933,1,1.3
23.08.2021 00:14:28.066,20.38438,20.37937,1,1
23.08.2021 00:14:28.917,20.38438,20.37937,1,1.25
23.08.2021 00:14:36.440,20.384870000000003,20.37983,1.25,1
23.08.2021 00:14:36.541,20.38525,20.37983,1.3,1
23.08.2021 00:14:36.692,20.38525,20.37983,1,1.3
23.08.2021 00:14:36.928,20.38525,20.37983,1,1
23.08.2021 00:14:46.659,20.38525,20.37983,1,1.3
23.08.2021 00:14:48.576,20.38525,20.37983,1,1
23.08.2021 00:14:48.898,20.38525,20.37983,1,1.3
23.08.2021 00:14:49.187,20.38525,20.37983,1,1
23.08.2021 00:15:00.028,20.38437,20.37894,1,1.55
23.08.2021 00:15:00.080,20.38437,20.37894,1,1.3
23.08.2021 00:15:00.131,20.38437,20.37894,1,1.3
23.08.2021 00:15:00.231,20.383490000000002,20.37846,1,1.3
23.08.2021 00:15:00.433,20.383490000000002,20.37806,1,1.3
23.08.2021 00:15:00.534,20.383490000000002,20.37806,1,1
23.08.2021 00:15:00.635,20.383490000000002,20.378140000000002,1,1
23.08.2021 00:15:00.736,20.383490000000002,20.378140000000002,1,1.3
23.08.2021 00:15:01.867,20.384410000000003,20.37951,1,1
23.08.2021 00:15:03.358,20.384410000000003,20.37898,1,1.3
23.08.2021 00:15:03.576,20.384410000000003,20.37898,1,1
23.08.2021 00:15:04.008,20.384410000000003,20.37951,1,1
23.08.2021 00:15:04.449,20.384410000000003,20.379170000000002,1,1.05
23.08.2021 00:15:04.500,20.384410000000003,20.37898,1,1.3
23.08.2021 00:15:04.551,20.384410000000003,20.37898,1,1.3
23.08.2021 00:15:04.702,20.384410000000003,20.37951,1,1
23.08.2021 00:15:06.507,20.384410000000003,20.37951,1,1.3
23.08.2021 00:15:06.621,20.384410000000003,20.37951,1,1
23.08.2021 00:15:08.608,20.384410000000003,20.37953,1,1
23.08.2021 00:15:09.747,20.384410000000003,20.37951,1,1.3
23.08.2021 00:15:09.848,20.384410000000003,20.37898,1,1
23.08.2021 00:15:11.106,20.384410000000003,20.37898,1.3,1
23.08.2021 00:15:14.451,20.384410000000003,20.37898,1.3,1
23.08.2021 00:15:15.660,20.384320000000002,20.37898,1.3,1
23.08.2021 00:15:20.199,20.384320000000002,20.37898,1.3,1
23.08.2021 00:15:27.776,20.38348,20.37807,1,1.3
23.08.2021 00:15:27.877,20.38348,20.37807,1.3,1
23.08.2021 00:15:36.329,20.38332,20.37807,1.3,1
23.08.2021 00:15:37.580,20.38332,20.37807,1.3,1
23.08.2021 00:15:39.317,20.38332,20.37807,1.3,1
23.08.2021 00:15:48.507,20.38332,20.37807,1,1
23.08.2021 00:15:54.065,20.38332,20.37768,1,1.8
23.08.2021 00:15:54.166,20.384120000000003,20.37899,1.3,1
23.08.2021 00:15:54.217,20.384320000000002,20.37899,1.3,1
23.08.2021 00:15:54.469,20.384220000000003,20.37899,1.3,1
23.08.2021 00:15:54.754,20.384220000000003,20.37899,1.3,1
23.08.2021 00:15:55.427,20.383750000000003,20.37899,1,1
23.08.2021 00:15:55.478,20.38362,20.37899,1.3,1
23.08.2021 00:16:00.165,20.3835,20.37883,1.3,1
23.08.2021 00:16:00.277,20.38342,20.378610000000002,1.3,1
23.08.2021 00:16:00.551,20.38342,20.378610000000002,1.3,1
23.08.2021 00:16:02.571,20.38342,20.378610000000002,1.3,1
23.08.2021 00:16:04.952,20.38342,20.378610000000002,1.3,1
23.08.2021 00:16:05.532,20.38342,20.37808,1.55,1.75
23.08.2021 00:16:06.090,20.3835,20.37951,1.3,1
23.08.2021 00:16:06.192,20.3835,20.37951,1.3,1
23.08.2021 00:16:06.305,20.3835,20.37951,1.3,1
23.08.2021 00:16:06.571,20.3835,20.37933,1.3,1
23.08.2021 00:16:06.622,20.3835,20.37933,1.3,1
23.08.2021 00:16:06.672,20.3835,20.37951,1.3,1
23.08.2021 00:16:10.253,20.384320000000002,20.37951,1.7,1
23.08.2021 00:16:11.167,20.384320000000002,20.37951,1.7,1
23.08.2021 00:16:11.533,20.384220000000003,20.37951,1.7,1
23.08.2021 00:16:13.596,20.384220000000003,20.37951,1.7,1
23.08.2021 00:16:15.710,20.384220000000003,20.37951,1.7,1
23.08.2021 00:16:16.034,20.383920000000003,20.37903,1.3,1
23.08.2021 00:16:16.501,20.383920000000003,20.37903,1.3,1
23.08.2021 00:16:17.475,20.383920000000003,20.37951,1.3,1
23.08.2021 00:16:17.831,20.383920000000003,20.37898,1.55,1.75
23.08.2021 00:16:18.673,20.383920000000003,20.37898,1.55,1.75
23.08.2021 00:16:18.823,20.383920000000003,20.37903,1.3,1
23.08.2021 00:16:19.286,20.383920000000003,20.37903,1.3,1
23.08.2021 00:16:20.468,20.383920000000003,20.37903,1.3,1
23.08.2021 00:16:22.778,20.38362,20.37903,1.3,1
23.08.2021 00:16:23.096,20.38362,20.37931,1.3,1
23.08.2021 00:16:23.199,20.383820000000004,20.37951,1.3,1
23.08.2021 00:16:23.357,20.383820000000004,20.37951,1.3,1
23.08.2021 00:16:26.156,20.383820000000004,20.37973,1.3,1
23.08.2021 00:16:26.461,20.383820000000004,20.37973,1.3,1
23.08.2021 00:16:26.661,20.383820000000004,20.379170000000002,1.3,1.5
23.08.2021 00:16:26.712,20.383820000000004,20.37933,1.3,1
23.08.2021 00:16:27.163,20.383820000000004,20.37951,1.3,1
23.08.2021 00:16:27.498,20.384020000000003,20.37933,1.3,1
23.08.2021 00:16:27.649,20.384020000000003,20.37933,1.3,1
23.08.2021 00:16:28.106,20.384320000000002,20.37951,1.7,1
23.08.2021 00:16:29.779,20.384320000000002,20.37933,1.7,1
23.08.2021 00:16:29.931,20.384320000000002,20.379170000000002,1.7,1
23.08.2021 00:16:30.034,20.384320000000002,20.37903,1.7,1
23.08.2021 00:16:30.585,20.383920000000003,20.37903,1.3,1
23.08.2021 00:16:31.422,20.38362,20.37903,1.3,1
23.08.2021 00:16:32.574,20.38362,20.37903,1.3,1
23.08.2021 00:16:32.831,20.383570000000002,20.378870000000003,1.3,1
23.08.2021 00:16:32.932,20.383570000000002,20.378210000000003,1.3,1.75
23.08.2021 00:16:34.139,20.38332,20.378210000000003,1.55,1.75
23.08.2021 00:16:35.666,20.383570000000002,20.378210000000003,1.3,1.75
23.08.2021 00:16:35.717,20.383570000000002,20.378610000000002,1.3,1
23.08.2021 00:16:35.768,20.383920000000003,20.379070000000002,1,1
23.08.2021 00:16:35.819,20.384420000000002,20.379070000000002,1.3,1
23.08.2021 00:16:35.869,20.38379,20.379070000000002,1.5,1
23.08.2021 00:16:35.971,20.38363,20.379070000000002,1,1
23.08.2021 00:16:36.072,20.383470000000003,20.378610000000002,1.3,1
23.08.2021 00:16:36.223,20.383470000000003,20.378610000000002,1.3,1
23.08.2021 00:16:37.665,20.38312,20.378610000000002,1.58,1
23.08.2021 00:16:37.769,20.38312,20.37808,1.77,1.75
23.08.2021 00:16:37.820,20.38257,20.37731,1,1.8
23.08.2021 00:16:38.835,20.382520000000003,20.37731,1,1.5
23.08.2021 00:16:40.943,20.382520000000003,20.37803,1,1
23.08.2021 00:16:41.044,20.38257,20.378610000000002,1,1
23.08.2021 00:16:41.095,20.38257,20.37774,1,1
23.08.2021 00:16:41.196,20.38257,20.37721,1,1.5
23.08.2021 00:16:41.755,20.382550000000002,20.37721,1,1.5
23.08.2021 00:16:42.982,20.382420000000003,20.37721,1,1.5
23.08.2021 00:16:43.083,20.38212,20.37721,1,1.5
23.08.2021 00:16:43.954,20.382320000000004,20.37721,1,1.5
23.08.2021 00:16:45.295,20.382320000000004,20.377110000000002,1,1.8
23.08.2021 00:16:45.346,20.382320000000004,20.37714,1,1.3
23.08.2021 00:16:46.415,20.38182,20.37714,1,1
23.08.2021 00:16:48.029,20.38175,20.37714,1,1
23.08.2021 00:16:48.130,20.38162,20.37714,1,1
23.08.2021 00:17:00.057,20.38155,20.37714,1,1
23.08.2021 00:17:00.559,20.381420000000002,20.37714,1,1
23.08.2021 00:17:00.851,20.38155,20.37714,1,1
23.08.2021 00:17:00.974,20.381420000000002,20.37714,1,1
23.08.2021 00:17:17.482,20.382220000000004,20.37678,1.3,1.5
23.08.2021 00:17:17.683,20.382220000000004,20.37678,1.3,1.5
23.08.2021 00:17:17.734,20.38168,20.37628,1,1
23.08.2021 00:17:17.784,20.38168,20.37628,1.3,1
23.08.2021 00:17:18.327,20.38168,20.37628,1.3,1
23.08.2021 00:17:18.755,20.381220000000003,20.37628,1,1
23.08.2021 00:17:22.988,20.381020000000003,20.37628,1,1
23.08.2021 00:17:42.715,20.381020000000003,20.37628,1.5,1
23.08.2021 00:17:42.765,20.38089,20.37529,1.05,1.3
23.08.2021 00:17:42.816,20.37977,20.37435,1,1.8
23.08.2021 00:17:42.867,20.37977,20.37435,1,1
23.08.2021 00:17:42.968,20.37977,20.37435,1.3,1
23.08.2021 00:17:43.222,20.37977,20.37435,1.3,1
23.08.2021 00:17:44.074,20.379520000000003,20.37435,1.3,1
23.08.2021 00:17:44.347,20.379220000000004,20.37435,1.3,1
23.08.2021 00:17:46.607,20.37882,20.37339,1.8,1
23.08.2021 00:17:46.762,20.37882,20.37339,1.8,1
23.08.2021 00:17:46.863,20.37882,20.37339,1.8,1
23.08.2021 00:17:48.204,20.377920000000003,20.37339,1.3,1
23.08.2021 00:17:51.198,20.378020000000003,20.37339,1,1
23.08.2021 00:17:51.303,20.378020000000003,20.37339,1.3,1
23.08.2021 00:17:52.001,20.378320000000002,20.37339,1.3,1
23.08.2021 00:17:52.577,20.378420000000002,20.37339,1.3,1
23.08.2021 00:18:00.059,20.378420000000002,20.37339,1,1
23.08.2021 00:18:00.463,20.37835,20.37339,1,1
23.08.2021 00:18:00.612,20.378220000000002,20.37339,1,1
23.08.2021 00:18:01.673,20.37872,20.37339,1,1
23.08.2021 00:18:01.774,20.37882,20.37339,1,1
23.08.2021 00:18:03.507,20.37882,20.37339,1.3,1
23.08.2021 00:18:03.782,20.37882,20.37339,1.3,1
23.08.2021 00:18:04.538,20.37862,20.37339,1.3,1
23.08.2021 00:18:05.710,20.37862,20.37339,1.3,1
23.08.2021 00:18:08.379,20.37882,20.37339,1.8,1
23.08.2021 00:18:08.486,20.37882,20.37339,1.8,1
23.08.2021 00:18:10.445,20.37882,20.37339,1,1
23.08.2021 00:18:21.461,20.37875,20.37339,1,1
23.08.2021 00:18:22.384,20.37862,20.37339,1,1
23.08.2021 00:18:26.057,20.37862,20.37339,1,1.3
23.08.2021 00:18:36.212,20.37855,20.37339,1,1.3
23.08.2021 00:18:36.388,20.378420000000002,20.37339,1,1.3
23.08.2021 00:18:36.439,20.37872,20.37339,1,1.3
23.08.2021 00:18:36.509,20.37882,20.37339,1,1.3
23.08.2021 00:18:46.739,20.37937,20.37284,1.3,1.3
23.08.2021 00:18:46.790,20.37911,20.37369,1.3,1
23.08.2021 00:18:47.072,20.38004,20.374620000000004,1.3,1
23.08.2021 00:18:47.173,20.38004,20.374620000000004,1,1
23.08.2021 00:18:49.168,20.380860000000002,20.375500000000002,1.3,1
23.08.2021 00:18:49.320,20.380860000000002,20.375500000000002,1,1
23.08.2021 00:18:49.612,20.380860000000002,20.375500000000002,1.3,1
23.08.2021 00:18:49.815,20.38003,20.37461,1.3,1
23.08.2021 00:18:49.866,20.38003,20.37461,1.3,1
23.08.2021 00:18:50.183,20.38003,20.37461,1,1
23.08.2021 00:18:51.167,20.38003,20.37471,1,1
23.08.2021 00:18:51.454,20.38003,20.37471,1.3,1
23.08.2021 00:18:56.913,20.38003,20.37471,1,1
23.08.2021 00:18:57.020,20.38003,20.37471,1.3,1
23.08.2021 00:18:57.121,20.38003,20.37491,1.3,1
23.08.2021 00:18:57.172,20.38003,20.37491,1,1.75
23.08.2021 00:18:57.435,20.38003,20.37491,1,1
23.08.2021 00:18:59.396,20.38003,20.37473,1,1.3
23.08.2021 00:19:01.041,20.38003,20.37473,1,1
23.08.2021 00:19:02.683,20.38003,20.37473,1,1.3
23.08.2021 00:19:04.743,20.38003,20.37473,1,1.3
23.08.2021 00:19:12.581,20.38003,20.37473,1,1.3
23.08.2021 00:19:15.243,20.38003,20.37461,1,1.3
23.08.2021 00:19:15.710,20.38003,20.37461,1.3,1
23.08.2021 00:19:17.167,20.3791,20.37367,1,1.3
23.08.2021 00:19:17.271,20.3791,20.37367,1,1
23.08.2021 00:19:17.544,20.3791,20.37367,1.3,1
23.08.2021 00:19:18.290,20.3791,20.37367,1.3,1
23.08.2021 00:19:20.878,20.3791,20.37367,1.3,1
23.08.2021 00:19:21.378,20.3791,20.37367,1.3,1
23.08.2021 00:19:23.912,20.3791,20.37367,1,1
23.08.2021 00:19:26.834,20.3791,20.37367,1.3,1
23.08.2021 00:19:48.915,20.3791,20.37367,1.3,1
23.08.2021 00:19:58.228,20.3791,20.37367,1.3,1
23.08.2021 00:20:03.057,20.3791,20.37367,1.3,1
23.08.2021 00:20:17.206,20.3796,20.373160000000002,1.3,1.3
23.08.2021 00:20:17.257,20.37872,20.37327,1,1.3
23.08.2021 00:20:26.577,20.37778,20.372760000000003,1,1.3
23.08.2021 00:20:26.681,20.37778,20.372329999999998,1,1
23.08.2021 00:20:26.787,20.37778,20.372329999999998,1,1.3
23.08.2021 00:20:27.046,20.37778,20.372329999999998,1,1.3
23.08.2021 00:20:27.147,20.37778,20.372329999999998,1,1.3
23.08.2021 00:20:27.248,20.37778,20.372329999999998,1,1.3
23.08.2021 00:20:27.666,20.37778,20.372329999999998,1,1.3
23.08.2021 00:20:27.824,20.37778,20.372329999999998,1,1.3
23.08.2021 00:20:27.961,20.37778,20.372329999999998,1,1.3
23.08.2021 00:20:30.226,20.37778,20.372329999999998,1,1.3
23.08.2021 00:20:32.577,20.37778,20.372329999999998,1,1.3
23.08.2021 00:20:37.065,20.37778,20.372329999999998,1,1
23.08.2021 00:20:40.251,20.37778,20.372329999999998,1.3,1
23.08.2021 00:20:41.942,20.37685,20.37139,1,1.3
23.08.2021 00:20:41.993,20.37685,20.37139,1,1.3
23.08.2021 00:20:42.044,20.37592,20.370540000000002,1,1.3
23.08.2021 00:20:42.094,20.37592,20.370540000000002,1,1
23.08.2021 00:20:53.333,20.37592,20.370540000000002,1,1.3
23.08.2021 00:20:58.314,20.37592,20.370540000000002,1.3,1
23.08.2021 00:21:02.578,20.37592,20.370540000000002,1.3,1
23.08.2021 00:21:03.379,20.37627,20.37134,1.3,1
23.08.2021 00:21:03.479,20.37679,20.37134,1,1
23.08.2021 00:21:03.866,20.37679,20.37134,1,1.3
23.08.2021 00:21:04.518,20.37679,20.37134,1,1.3
23.08.2021 00:21:08.396,20.37679,20.37134,1,1.3
23.08.2021 00:21:09.751,20.37679,20.37134,1,1.3
23.08.2021 00:21:10.489,20.37679,20.37134,1,1.3
23.08.2021 00:21:10.791,20.37679,20.37188,1,1.3
23.08.2021 00:21:10.999,20.37679,20.37188,1,1
23.08.2021 00:21:11.397,20.37679,20.37198,1,1
23.08.2021 00:21:12.439,20.37679,20.37198,1,1.3
23.08.2021 00:21:14.845,20.37679,20.37198,1,1
23.08.2021 00:21:15.482,20.37679,20.371460000000003,1,1.3
23.08.2021 00:21:15.583,20.37679,20.37134,1,1.3
23.08.2021 00:21:16.585,20.37679,20.37134,1.3,1
23.08.2021 00:21:47.842,20.37769,20.37228,1.3,1
23.08.2021 00:21:47.943,20.37769,20.37228,1.3,1
23.08.2021 00:21:48.044,20.37769,20.37228,1,1
23.08.2021 00:21:51.370,20.37769,20.37228,1.3,1
23.08.2021 00:21:51.945,20.37769,20.37228,1.3,1
23.08.2021 00:21:53.213,20.37722,20.37228,1.3,1
23.08.2021 00:22:05.667,20.37677,20.37134,1,1
23.08.2021 00:22:06.914,20.37677,20.37134,1.3,1
23.08.2021 00:22:28.913,20.37677,20.37134,1,1.3
23.08.2021 00:22:29.493,20.37677,20.37148,1,1.3
23.08.2021 00:22:30.556,20.37677,20.37134,1,1.3
23.08.2021 00:22:30.657,20.37677,20.37134,1,1.3
23.08.2021 00:22:31.212,20.37677,20.37134,1.3,1
23.08.2021 00:22:31.910,20.37702,20.37134,1.8,1
23.08.2021 00:22:31.960,20.37677,20.37134,1.3,1
23.08.2021 00:22:32.011,20.37677,20.37134,1.3,1
23.08.2021 00:22:32.061,20.375890000000002,20.37046,1,1
23.08.2021 00:22:32.964,20.375890000000002,20.37046,1.3,1
23.08.2021 00:22:40.145,20.375890000000002,20.37046,1.3,1
23.08.2021 00:22:48.068,20.375890000000002,20.37046,1.3,1
23.08.2021 00:22:48.343,20.375890000000002,20.370510000000003,1.3,1
23.08.2021 00:22:48.394,20.375890000000002,20.370510000000003,1.3,1
23.08.2021 00:23:08.624,20.375890000000002,20.37058,1,1.3
23.08.2021 00:23:11.779,20.375890000000002,20.37088,1,1.3
23.08.2021 00:23:12.639,20.376820000000002,20.3714,1,1
23.08.2021 00:23:12.797,20.376820000000002,20.3714,1,1.3
23.08.2021 00:23:13.910,20.376820000000002,20.37148,1,1.3
23.08.2021 00:23:18.828,20.376820000000002,20.37148,1,1.3
23.08.2021 00:23:19.878,20.376820000000002,20.37148,1,1.3
23.08.2021 00:23:27.312,20.3777,20.37228,1.3,1
23.08.2021 00:23:27.637,20.3777,20.37228,1.3,1
23.08.2021 00:23:28.322,20.3777,20.37228,1,1
23.08.2021 00:23:32.158,20.3777,20.37228,1.3,1
23.08.2021 00:23:32.309,20.3777,20.37228,1.3,1
23.08.2021 00:23:32.694,20.3777,20.37228,1.3,1
23.08.2021 00:23:32.866,20.3777,20.37228,1.3,1
23.08.2021 00:23:33.941,20.37752,20.37228,1.3,1
23.08.2021 00:23:35.188,20.377650000000003,20.37228,1.3,1
23.08.2021 00:23:58.921,20.37722,20.37183,1.3,1
23.08.2021 00:23:58.972,20.3768,20.37138,1,1
23.08.2021 00:23:59.287,20.3768,20.37138,1.3,1
23.08.2021 00:24:00.192,20.3768,20.37138,1.3,1
23.08.2021 00:24:07.931,20.376620000000003,20.37138,1.3,1
23.08.2021 00:24:50.719,20.3768,20.37138,1,1
23.08.2021 00:24:51.967,20.3768,20.37138,1,1.3
23.08.2021 00:24:57.445,20.37696,20.37138,1.05,1
23.08.2021 00:24:57.973,20.37696,20.37138,1.05,1
23.08.2021 00:24:58.939,20.377070000000003,20.37163,1.55,1
23.08.2021 00:25:01.366,20.376820000000002,20.37163,1,1
23.08.2021 00:25:02.005,20.376820000000002,20.37163,1.3,1
23.08.2021 00:25:07.305,20.376820000000002,20.371470000000002,1.3,1
23.08.2021 00:25:07.356,20.37698,20.37154,1.3,1
23.08.2021 00:25:07.450,20.37698,20.37154,1.3,1
23.08.2021 00:25:07.850,20.37698,20.37154,1.3,1
23.08.2021 00:25:49.639,20.37698,20.37154,1,1.3
23.08.2021 00:25:53.527,20.37698,20.37154,1,1
23.08.2021 00:25:53.709,20.37722,20.37154,1.8,1
23.08.2021 00:25:53.810,20.376079999999998,20.37063,1,1
23.08.2021 00:25:54.508,20.376079999999998,20.37063,1,1.3
23.08.2021 00:26:02.619,20.376079999999998,20.37063,1,1
23.08.2021 00:26:03.368,20.376079999999998,20.37063,1,1.3
23.08.2021 00:26:06.463,20.376079999999998,20.37068,1,1
23.08.2021 00:26:10.847,20.376079999999998,20.37063,1,1.3
23.08.2021 00:26:12.485,20.376079999999998,20.37068,1,1
23.08.2021 00:26:20.978,20.376079999999998,20.37063,1,1
23.08.2021 00:26:31.379,20.376079999999998,20.37076,1,1
23.08.2021 00:26:31.868,20.376079999999998,20.37088,1.3,1
23.08.2021 00:26:37.268,20.376079999999998,20.37088,1.3,1
23.08.2021 00:26:48.307,20.376079999999998,20.37088,1.3,1
23.08.2021 00:26:53.806,20.375790000000002,20.37068,1.3,1
23.08.2021 00:26:54.820,20.375790000000002,20.37068,1,1
23.08.2021 00:26:56.512,20.375790000000002,20.37098,1,1
23.08.2021 00:26:57.016,20.375790000000002,20.37098,1.3,1
23.08.2021 00:26:59.633,20.375790000000002,20.37088,1,1
23.08.2021 00:27:01.355,20.375790000000002,20.37118,1,1
23.08.2021 00:27:02.028,20.37676,20.37132,1.3,1
23.08.2021 00:27:02.129,20.37676,20.37132,1,1
23.08.2021 00:27:02.281,20.37676,20.37132,1,1.3
23.08.2021 00:27:02.428,20.37676,20.37148,1,1
23.08.2021 00:27:03.483,20.37676,20.371660000000002,1,1
23.08.2021 00:27:04.516,20.37676,20.37178,1,1
23.08.2021 00:27:04.766,20.37676,20.37178,1.3,1
23.08.2021 00:27:05.650,20.37676,20.37178,1,1
23.08.2021 00:27:08.267,20.37676,20.37158,1,1
23.08.2021 00:27:08.540,20.37676,20.37158,1,1.3
23.08.2021 00:27:28.280,20.37676,20.371460000000003,1,1
23.08.2021 00:27:28.331,20.37725,20.37224,1.25,1
23.08.2021 00:27:28.381,20.377660000000002,20.37224,1,1
23.08.2021 00:27:29.097,20.377660000000002,20.37224,1.3,1
23.08.2021 00:27:29.443,20.377660000000002,20.37228,1,1
23.08.2021 00:27:29.679,20.377660000000002,20.37238,1,1
23.08.2021 00:27:29.780,20.377660000000002,20.37238,1,1.3
23.08.2021 00:27:31.576,20.377660000000002,20.37238,1,1.3
23.08.2021 00:27:31.830,20.377660000000002,20.37258,1,1.3
23.08.2021 00:27:32.569,20.377660000000002,20.37288,1,1
23.08.2021 00:27:36.599,20.377660000000002,20.37298,1,1
23.08.2021 00:27:38.369,20.37846,20.37318,1,1
23.08.2021 00:27:38.419,20.37846,20.37318,1,1.3
23.08.2021 00:27:38.674,20.37846,20.37348,1,1.3
23.08.2021 00:27:39.093,20.37846,20.37378,1,1.3
23.08.2021 00:27:39.642,20.37846,20.37408,1,1
23.08.2021 00:27:39.945,20.37846,20.37408,1,1.3
23.08.2021 00:27:40.095,20.37846,20.37408,1,1.3
23.08.2021 00:27:41.202,20.37846,20.37433,1,1
23.08.2021 00:27:41.252,20.38018,20.37507,1,1
23.08.2021 00:27:41.303,20.38045,20.37507,1.3,1
23.08.2021 00:27:41.404,20.38045,20.37507,1,1
23.08.2021 00:27:41.454,20.38045,20.37507,1,1.3
23.08.2021 00:27:41.576,20.38061,20.37595,1,1
23.08.2021 00:27:41.627,20.38129,20.37595,1,1
23.08.2021 00:27:41.867,20.38145,20.375790000000002,1.3,1
23.08.2021 00:27:41.918,20.38283,20.37491,1.55,1.8
23.08.2021 00:27:42.018,20.38286,20.37491,1.05,1.8
23.08.2021 00:27:42.271,20.38286,20.37491,1.05,1.8
23.08.2021 00:27:42.777,20.38319,20.37491,1.8,1.8
23.08.2021 00:27:48.162,20.38129,20.37595,1,1
23.08.2021 00:27:48.213,20.38296,20.37491,1.05,1.8
23.08.2021 00:27:48.263,20.38137,20.37595,1,1
23.08.2021 00:27:49.215,20.38129,20.37595,1.3,1
23.08.2021 00:27:49.320,20.38129,20.37595,1.3,1
23.08.2021 00:27:49.898,20.38129,20.37595,1.3,1
23.08.2021 00:27:50.535,20.38129,20.37595,1.3,1
23.08.2021 00:28:23.654,20.381420000000002,20.37595,1,1
23.08.2021 00:28:23.705,20.382970000000004,20.37491,1.8,1.8
23.08.2021 00:28:23.806,20.382970000000004,20.37491,1.8,1.8
23.08.2021 00:28:24.063,20.382970000000004,20.37491,1.5,1.8
23.08.2021 00:28:24.658,20.383020000000002,20.37491,1.8,1.8
23.08.2021 00:28:25.034,20.383020000000002,20.37491,1.8,1.8
23.08.2021 00:28:30.515,20.383020000000002,20.37518,1.55,1.3
23.08.2021 00:28:32.257,20.383020000000002,20.37518,1.55,1.3
23.08.2021 00:28:39.985,20.383020000000002,20.37518,1.55,1.3
23.08.2021 00:28:41.585,20.381420000000002,20.37599,1,1
23.08.2021 00:28:41.635,20.38284,20.37498,1.8,1.55
23.08.2021 00:28:41.686,20.38284,20.37498,1.9,1.55
23.08.2021 00:28:41.787,20.382520000000003,20.37508,1.55,1.3
23.08.2021 00:28:41.988,20.38212,20.37518,1.3,1.3
23.08.2021 00:28:42.283,20.38162,20.37528,1.3,1.3
23.08.2021 00:28:42.776,20.38295,20.37491,1.05,1.8
23.08.2021 00:28:43.245,20.38304,20.37491,1.05,1.8
23.08.2021 00:28:44.634,20.38319,20.37474,1.8,1.3
23.08.2021 00:28:45.838,20.38284,20.37474,1.55,1.3
23.08.2021 00:28:45.888,20.38284,20.37474,1.55,1.3
23.08.2021 00:28:46.296,20.38284,20.37474,1.65,1.3
23.08.2021 00:28:46.437,20.38202,20.37508,1.3,1.3
23.08.2021 00:28:47.740,20.381420000000002,20.37518,1.3,1.3
23.08.2021 00:28:47.891,20.381320000000002,20.37488,1.3,1.3
23.08.2021 00:28:48.266,20.381020000000003,20.37478,1.3,1.3
23.08.2021 00:28:50.207,20.380720000000004,20.37468,1.3,1.3
23.08.2021 00:28:52.311,20.38032,20.374370000000003,1.25,1.8
23.08.2021 00:28:52.579,20.38032,20.374370000000003,1.55,1.8
23.08.2021 00:28:54.387,20.38032,20.37448,1.3,1.3
23.08.2021 00:28:56.563,20.38012,20.374360000000003,1,1.55
23.08.2021 00:28:59.231,20.38012,20.37491,1,1
23.08.2021 00:28:59.332,20.38296,20.37499,1.15,1
23.08.2021 00:28:59.383,20.38296,20.37499,1.05,1.3
23.08.2021 00:28:59.571,20.38296,20.37491,1.05,1.55
23.08.2021 00:29:00.476,20.383390000000002,20.37498,1.8,1.8
23.08.2021 00:29:01.457,20.38319,20.37491,1.55,1.55
23.08.2021 00:29:01.606,20.38316,20.37491,1.05,1.3
23.08.2021 00:29:01.683,20.38316,20.37491,1.05,1.3
23.08.2021 00:29:02.131,20.38309,20.37474,1.8,1
23.08.2021 00:29:02.401,20.38309,20.37451,1.8,1.55
23.08.2021 00:29:02.502,20.38316,20.37491,1.05,1
23.08.2021 00:29:02.553,20.38319,20.37491,1.55,1
23.08.2021 00:29:02.603,20.38319,20.37491,1.8,1.55
23.08.2021 00:29:02.704,20.38306,20.37474,1.3,1.05
23.08.2021 00:29:02.856,20.38306,20.37491,1.3,1.55
23.08.2021 00:29:03.057,20.38279,20.374579999999998,1.05,1.05
23.08.2021 00:29:03.259,20.38279,20.374579999999998,1.15,1.05
23.08.2021 00:29:03.375,20.382350000000002,20.374579999999998,1,1.05
23.08.2021 00:29:03.476,20.382220000000004,20.37451,1,1.3
23.08.2021 00:29:03.594,20.382220000000004,20.374470000000002,1.3,1.3
23.08.2021 00:29:03.745,20.38162,20.37448,1,1.3
23.08.2021 00:29:04.040,20.38162,20.37448,1.3,1.3
23.08.2021 00:29:04.676,20.380850000000002,20.374560000000002,1,1.3
23.08.2021 00:29:04.777,20.380720000000004,20.37468,1.3,1.3
23.08.2021 00:29:05.375,20.380720000000004,20.37468,1.3,1.3
23.08.2021 00:29:06.746,20.38022,20.374470000000002,1.3,1.3
23.08.2021 00:29:09.668,20.380020000000002,20.37428,1,1.8
23.08.2021 00:29:11.896,20.380020000000002,20.37428,1.3,1.5
23.08.2021 00:29:13.743,20.38087,20.37544,1.3,1
23.08.2021 00:29:13.793,20.38283,20.37491,1.4,1.25
23.08.2021 00:29:13.894,20.38283,20.37491,1.3,1.55
23.08.2021 00:29:14.668,20.38312,20.37491,1,2
23.08.2021 00:29:15.844,20.382920000000002,20.37491,1.3,1.3
23.08.2021 00:29:18.827,20.382920000000002,20.37491,1.55,1.55
23.08.2021 00:29:19.255,20.382920000000002,20.37491,1.55,1.55
23.08.2021 00:29:21.626,20.382920000000002,20.37491,1.55,1.55
23.08.2021 00:29:31.483,20.38299,20.374760000000002,2.05,1.55
23.08.2021 00:29:31.584,20.38286,20.374670000000002,1.05,1.3
23.08.2021 00:29:31.736,20.38286,20.374670000000002,1.05,1.3
23.08.2021 00:29:32.423,20.382620000000003,20.374670000000002,1,1.3
23.08.2021 00:29:33.784,20.382620000000003,20.37419,1.55,1.05
23.08.2021 00:29:36.982,20.382620000000003,20.37419,1.55,1.05
23.08.2021 00:29:38.845,20.38286,20.37419,1.05,1.05
23.08.2021 00:29:42.034,20.381770000000003,20.376350000000002,1,1
23.08.2021 00:29:42.425,20.38165,20.376350000000002,1,1
23.08.2021 00:29:42.694,20.381520000000002,20.376350000000002,1.3,1
23.08.2021 00:29:43.802,20.380820000000003,20.376350000000002,1.3,1
23.08.2021 00:29:43.974,20.380820000000003,20.376350000000002,1.3,1
23.08.2021 00:29:51.407,20.37902,20.37412,1,1.3
23.08.2021 00:29:51.508,20.37902,20.37359,1,1
23.08.2021 00:29:51.609,20.37787,20.37248,1,1.3
23.08.2021 00:29:51.903,20.37787,20.37248,1,1
23.08.2021 00:29:52.558,20.37787,20.37248,1,1.3
23.08.2021 00:29:59.383,20.37787,20.37248,1,1.3
23.08.2021 00:30:00.381,20.37787,20.37198,1,1.8
23.08.2021 00:30:00.483,20.37787,20.37244,1,1.3
23.08.2021 00:30:00.720,20.37787,20.37244,1,1.3
23.08.2021 00:30:01.464,20.37787,20.37244,1,1.3
23.08.2021 00:30:01.614,20.378220000000002,20.37337,1,1
23.08.2021 00:30:01.665,20.378800000000002,20.37337,1,1
23.08.2021 00:30:01.715,20.378800000000002,20.37337,1.3,1
23.08.2021 00:30:01.866,20.378800000000002,20.37337,1.3,1
23.08.2021 00:30:02.163,20.378800000000002,20.37337,1.3,1
23.08.2021 00:30:02.471,20.378800000000002,20.37337,1,1
23.08.2021 00:30:03.766,20.378800000000002,20.37337,1.3,1
23.08.2021 00:30:07.943,20.378800000000002,20.37348,1.3,1
23.08.2021 00:30:08.440,20.378800000000002,20.37348,1.3,1
23.08.2021 00:30:12.055,20.378800000000002,20.37337,1.3,1
23.08.2021 00:30:13.328,20.378800000000002,20.37337,1.3,1
23.08.2021 00:30:14.504,20.377950000000002,20.37318,1,1
23.08.2021 00:30:14.605,20.377950000000002,20.37318,1.3,1
23.08.2021 00:30:14.706,20.377950000000002,20.372660000000003,1.3,1
23.08.2021 00:30:14.756,20.377950000000002,20.37278,1.3,1
23.08.2021 00:30:15.150,20.377950000000002,20.37278,1,1
23.08.2021 00:30:15.415,20.377950000000002,20.37278,1.3,1
23.08.2021 00:30:15.782,20.377950000000002,20.37268,1,1
23.08.2021 00:30:15.883,20.377950000000002,20.37268,1.3,1
23.08.2021 00:30:16.269,20.377950000000002,20.37268,1,1
23.08.2021 00:30:16.472,20.377950000000002,20.37328,1,1
23.08.2021 00:30:16.892,20.377950000000002,20.37268,1,1
23.08.2021 00:30:16.993,20.377950000000002,20.37268,1.3,1
23.08.2021 00:30:17.268,20.377950000000002,20.37258,1.3,1
23.08.2021 00:30:18.066,20.377950000000002,20.37258,1,1
23.08.2021 00:30:19.272,20.377950000000002,20.37258,1.3,1
23.08.2021 00:30:19.323,20.377950000000002,20.37252,1.3,1
23.08.2021 00:30:19.525,20.377950000000002,20.37252,1.3,1
23.08.2021 00:30:19.628,20.377950000000002,20.37278,1,1
23.08.2021 00:30:21.098,20.377950000000002,20.372960000000003,1,1
23.08.2021 00:30:21.366,20.377950000000002,20.373079999999998,1,1
23.08.2021 00:30:21.959,20.377950000000002,20.37252,1.3,1
23.08.2021 00:30:22.060,20.377950000000002,20.37252,1,1
23.08.2021 00:30:55.948,20.377950000000002,20.37252,1.3,1
23.08.2021 00:30:56.817,20.377950000000002,20.37252,1,1
23.08.2021 00:30:58.444,20.378960000000003,20.37068,1.15,1.3
23.08.2021 00:30:58.495,20.37902,20.37121,2.15,1.3
23.08.2021 00:30:58.546,20.37902,20.37121,1.8,1.3
23.08.2021 00:30:59.088,20.37902,20.37121,1.8,1.3
23.08.2021 00:31:00.162,20.37882,20.37098,1.3,1.8
23.08.2021 00:31:00.264,20.37882,20.37098,1.8,1.8
23.08.2021 00:31:00.618,20.378020000000003,20.37098,1,1.8
23.08.2021 00:31:00.719,20.378020000000003,20.37098,1.3,1.8
23.08.2021 00:31:01.622,20.37712,20.37108,1,1.3
23.08.2021 00:31:02.546,20.37712,20.37108,1.3,1.3
23.08.2021 00:31:03.858,20.376620000000003,20.37086,1.25,1.55
23.08.2021 00:31:16.396,20.376620000000003,20.37078,1.3,1.3
23.08.2021 00:31:18.309,20.378420000000002,20.37088,2.05,1.05
23.08.2021 00:31:18.410,20.37852,20.37088,1.55,1.05
23.08.2021 00:31:18.778,20.37852,20.37088,1.55,1.05
23.08.2021 00:31:18.993,20.37852,20.37088,1.55,1.05
23.08.2021 00:31:20.145,20.379360000000002,20.37188,1.05,1.55
23.08.2021 00:31:20.296,20.379420000000003,20.37228,1.8,1.3
23.08.2021 00:31:20.397,20.379420000000003,20.37268,1.3,1.3
23.08.2021 00:31:20.754,20.379420000000003,20.373060000000002,1.3,1.3
23.08.2021 00:31:21.737,20.379520000000003,20.37368,1.3,1
23.08.2021 00:31:21.914,20.379520000000003,20.37368,1.3,1
23.08.2021 00:31:22.418,20.379520000000003,20.37368,1.3,1
23.08.2021 00:31:23.739,20.37929,20.37328,1.3,1.55
23.08.2021 00:31:23.840,20.37929,20.373079999999998,1.3,1.55
23.08.2021 00:31:24.224,20.37965,20.373079999999998,1.55,1.25
23.08.2021 00:31:25.212,20.379220000000004,20.37328,1.3,1.3
23.08.2021 00:31:26.636,20.379550000000002,20.37338,1.55,1.25
23.08.2021 00:31:27.557,20.379720000000002,20.37348,1.3,1
23.08.2021 00:31:27.658,20.379720000000002,20.37348,1.3,1
23.08.2021 00:31:27.759,20.379720000000002,20.37348,1.3,1.3
23.08.2021 00:31:28.247,20.379820000000002,20.37398,1.3,1
23.08.2021 00:31:28.298,20.38018,20.37398,1.05,1.25
23.08.2021 00:31:28.996,20.38052,20.37398,1.3,1
23.08.2021 00:31:29.544,20.38032,20.37448,1.3,1
23.08.2021 00:31:30.239,20.380820000000003,20.37468,1.3,1
23.08.2021 00:31:30.340,20.381520000000002,20.37478,1.3,1.3
23.08.2021 00:31:30.628,20.38087,20.37543,1,1
23.08.2021 00:31:30.679,20.38135,20.37496,1.3,1.3
23.08.2021 00:31:30.729,20.381520000000002,20.37478,1.3,1.8
23.08.2021 00:31:30.830,20.38268,20.37471,1.05,1.9
23.08.2021 00:31:31.277,20.38219,20.37558,1.05,1.55
23.08.2021 00:31:31.393,20.38279,20.37558,1.8,1.55
23.08.2021 00:31:31.535,20.382920000000002,20.37558,1.3,1.3
23.08.2021 00:31:32.296,20.382620000000003,20.37588,1.3,1.3
23.08.2021 00:31:36.092,20.382620000000003,20.37588,1.3,1.3
23.08.2021 00:31:36.425,20.38319,20.37491,1.55,1.55
23.08.2021 00:31:38.272,20.38296,20.37491,1.05,1.55
23.08.2021 00:31:39.826,20.38326,20.37471,1.3,1.8
23.08.2021 00:31:44.281,20.38304,20.37471,1.65,1.8
23.08.2021 00:31:45.218,20.38192,20.37491,1.25,1.55
23.08.2021 00:31:45.498,20.38192,20.37491,1.55,1.55
23.08.2021 00:31:45.898,20.381220000000003,20.37508,1,1.3
23.08.2021 00:31:50.707,20.381220000000003,20.37508,1,1.3
23.08.2021 00:31:52.400,20.381420000000002,20.37518,1,1.3
23.08.2021 00:31:52.652,20.38172,20.37528,1,1.3
23.08.2021 00:31:52.951,20.38172,20.37528,1,1.3
23.08.2021 00:31:53.160,20.38172,20.37528,1,1.3
23.08.2021 00:31:56.604,20.38172,20.37548,1,1.3
23.08.2021 00:31:58.022,20.38172,20.37548,1.3,1.3
23.08.2021 00:31:58.425,20.38172,20.37548,1.3,1.3
23.08.2021 00:32:04.218,20.38202,20.37528,1.3,1.3
23.08.2021 00:32:04.712,20.38202,20.37558,1.3,1.3
23.08.2021 00:32:05.626,20.38175,20.37631,1.3,1
23.08.2021 00:32:05.765,20.38175,20.37631,1.3,1
23.08.2021 00:32:06.641,20.38162,20.37631,1.3,1
23.08.2021 00:32:10.062,20.381420000000002,20.37631,1.3,1
23.08.2021 00:32:17.017,20.38175,20.37631,1.3,1
23.08.2021 00:32:17.118,20.38175,20.37631,1.3,1
23.08.2021 00:32:17.402,20.38175,20.37631,1.3,1
23.08.2021 00:32:18.448,20.38175,20.37631,1.3,1
23.08.2021 00:32:18.774,20.381520000000002,20.37631,1.3,1
23.08.2021 00:32:20.133,20.381120000000003,20.37631,1.3,1
23.08.2021 00:32:29.727,20.380820000000003,20.37631,1,1
23.08.2021 00:32:29.875,20.380820000000003,20.37631,1.3,1
23.08.2021 00:32:31.448,20.381420000000002,20.37631,1.3,1
23.08.2021 00:32:31.572,20.381420000000002,20.37631,1.3,1
23.08.2021 00:32:33.362,20.381420000000002,20.37631,1.3,1
23.08.2021 00:32:33.487,20.381120000000003,20.37631,1.3,1
23.08.2021 00:32:35.980,20.380820000000003,20.37631,1.3,1
23.08.2021 00:32:38.251,20.380010000000002,20.37593,1,1
23.08.2021 00:32:38.302,20.380010000000002,20.37578,1,1
23.08.2021 00:32:38.352,20.380010000000002,20.37578,1.3,1
23.08.2021 00:32:38.453,20.380010000000002,20.37459,1.3,1
23.08.2021 00:32:38.504,20.380010000000002,20.37459,1.3,1
23.08.2021 00:32:39.453,20.379420000000003,20.37459,1.3,1
23.08.2021 00:32:40.442,20.37913,20.3737,1.3,1
23.08.2021 00:32:40.543,20.37824,20.373540000000002,1.3,1
23.08.2021 00:32:40.698,20.37824,20.373540000000002,1.3,1
23.08.2021 00:32:40.757,20.37824,20.37281,1.3,1
23.08.2021 00:32:41.908,20.377820000000003,20.37281,1.3,1
23.08.2021 00:32:42.931,20.37824,20.37281,1,1
23.08.2021 00:32:43.643,20.37824,20.37281,1,1.3
23.08.2021 00:32:43.845,20.37824,20.37281,1,1
23.08.2021 00:32:43.946,20.37824,20.37281,1,1.3
23.08.2021 00:32:49.817,20.37824,20.37298,1,1.3
23.08.2021 00:32:52.160,20.37824,20.37298,1,1
23.08.2021 00:32:52.839,20.37824,20.37281,1,1
23.08.2021 00:32:52.990,20.37824,20.37281,1,1.3
23.08.2021 00:32:54.085,20.37824,20.37298,1,1
23.08.2021 00:32:55.173,20.37824,20.373160000000002,1,1
23.08.2021 00:32:55.306,20.37824,20.37328,1,1
23.08.2021 00:33:01.861,20.37824,20.37336,1,1
23.08.2021 00:33:02.121,20.37824,20.37348,1,1
23.08.2021 00:33:03.204,20.37909,20.37168,1.3,1.3
23.08.2021 00:33:03.305,20.37909,20.37168,1.3,1
23.08.2021 00:33:04.188,20.37909,20.37168,1.3,1.3
23.08.2021 00:33:05.113,20.37909,20.37138,1.8,1
23.08.2021 00:33:05.214,20.37899,20.37118,1.8,1.3
23.08.2021 00:33:05.264,20.37899,20.37118,1.9,1
23.08.2021 00:33:05.744,20.377920000000003,20.37138,1,1
23.08.2021 00:33:05.985,20.377920000000003,20.37138,1.3,1.3
23.08.2021 00:33:06.287,20.37752,20.37138,1.3,1.3
23.08.2021 00:33:07.053,20.37722,20.37108,1.3,1.3
23.08.2021 00:33:08.099,20.37722,20.37108,1.3,1.3
23.08.2021 00:33:09.143,20.376820000000002,20.37098,1.3,1.3
23.08.2021 00:33:10.831,20.376820000000002,20.37098,1.3,1
23.08.2021 00:33:10.953,20.376620000000003,20.37066,1.55,1.55
23.08.2021 00:33:11.054,20.375870000000003,20.37066,1,1.55
23.08.2021 00:33:11.155,20.37509,20.368360000000003,1.8,1.8
23.08.2021 00:33:11.206,20.37509,20.36818,1.8,1.55
23.08.2021 00:33:11.256,20.37509,20.36818,1.8,1.55
23.08.2021 00:33:12.058,20.374820000000003,20.368160000000003,1.3,1.3
23.08.2021 00:33:13.587,20.374820000000003,20.368160000000003,1.3,1.3
23.08.2021 00:33:14.466,20.374820000000003,20.368160000000003,1.3,1.3
23.08.2021 00:33:15.896,20.374620000000004,20.36828,1.3,1.3
23.08.2021 00:33:21.199,20.37438,20.36897,1.3,1
23.08.2021 00:33:21.300,20.37438,20.36897,1,1
23.08.2021 00:33:22.273,20.37438,20.36897,1,1.3
23.08.2021 00:33:29.484,20.37438,20.36897,1,1
23.08.2021 00:33:38.480,20.37438,20.36897,1,1.3
23.08.2021 00:33:38.581,20.37438,20.36897,1,1.3
23.08.2021 00:33:40.268,20.37438,20.36898,1,1.3
23.08.2021 00:33:42.770,20.37438,20.36898,1,1.3
23.08.2021 00:33:43.097,20.37477,20.36985,1,1.3
23.08.2021 00:33:43.198,20.37527,20.36985,1,1
23.08.2021 00:33:45.659,20.37614,20.37073,1.3,1
23.08.2021 00:33:45.710,20.37614,20.37073,1.3,1
23.08.2021 00:33:46.956,20.37614,20.37073,1,1
23.08.2021 00:33:47.461,20.37614,20.37073,1,1.3
23.08.2021 00:33:48.148,20.37614,20.37088,1,1.3
23.08.2021 00:33:50.274,20.37614,20.37098,1,1.3
23.08.2021 00:33:55.132,20.37665,20.37168,1,1
23.08.2021 00:33:55.182,20.377100000000002,20.37168,1.3,1
23.08.2021 00:33:55.384,20.377100000000002,20.37168,1.3,1
23.08.2021 00:33:56.195,20.37745,20.37133,1.3,1.3
23.08.2021 00:33:56.296,20.37893,20.37128,1.9,1.25
23.08.2021 00:33:56.447,20.37893,20.37128,1.8,1.25
23.08.2021 00:33:57.068,20.37893,20.37128,1.8,1.55
23.08.2021 00:33:58.275,20.379260000000002,20.37128,1.3,1.55
23.08.2021 00:34:00.567,20.379260000000002,20.37128,1.3,1.55
23.08.2021 00:34:01.261,20.379260000000002,20.37128,1.3,1.55
23.08.2021 00:34:02.692,20.37882,20.37118,1.55,1.3
23.08.2021 00:34:02.793,20.37882,20.37118,1.55,1.3
23.08.2021 00:34:04.127,20.377920000000003,20.37098,1.3,1.3
23.08.2021 00:34:09.843,20.37708,20.37167,1,1
23.08.2021 00:34:10.591,20.37708,20.37167,1.3,1
23.08.2021 00:34:20.767,20.37708,20.37167,1.3,1
23.08.2021 00:34:22.518,20.376920000000002,20.37167,1.3,1
23.08.2021 00:34:24.212,20.376920000000002,20.37167,1.3,1
23.08.2021 00:34:24.881,20.376620000000003,20.37167,1.3,1
23.08.2021 00:34:39.701,20.37702,20.37167,1.3,1
23.08.2021 00:34:39.852,20.37852,20.370710000000003,1.3,1.3
23.08.2021 00:34:39.953,20.378760000000003,20.37074,1.05,1.05
23.08.2021 00:34:40.814,20.378760000000003,20.37074,1.05,1.05
23.08.2021 00:34:40.963,20.37892,20.37109,1.3,1.5
23.08.2021 00:34:41.064,20.37892,20.37109,1.3,1.8
23.08.2021 00:34:41.215,20.37892,20.37109,1,1.8
23.08.2021 00:34:41.365,20.37872,20.37188,1.3,1.3
23.08.2021 00:34:42.055,20.37862,20.37228,1.3,1.3
23.08.2021 00:34:42.494,20.37882,20.37248,1.3,1.3
23.08.2021 00:34:46.658,20.37902,20.37268,1.3,1.3
23.08.2021 00:34:47.437,20.379120000000004,20.37298,1.3,1.3
23.08.2021 00:35:03.515,20.379250000000003,20.372860000000003,1.3,1.3
23.08.2021 00:35:03.623,20.379250000000003,20.372860000000003,1.3,1.3
23.08.2021 00:35:04.568,20.379250000000003,20.372860000000003,1.3,1.3
23.08.2021 00:35:07.521,20.379250000000003,20.372860000000003,1.3,1.3
23.08.2021 00:35:08.336,20.379250000000003,20.372860000000003,1.3,1
23.08.2021 00:35:09.602,20.37892,20.37288,1.3,1
23.08.2021 00:35:10.804,20.37892,20.37288,1,1
23.08.2021 00:35:10.904,20.37892,20.37288,1.3,1
23.08.2021 00:35:11.006,20.37892,20.37268,1.3,1.3
23.08.2021 00:35:11.408,20.37892,20.37268,1,1
23.08.2021 00:35:11.843,20.37885,20.37268,1,1
23.08.2021 00:35:11.893,20.37872,20.37248,1,1
23.08.2021 00:35:15.329,20.37872,20.37208,1,1
23.08.2021 00:35:15.551,20.37872,20.37208,1.3,1.3
23.08.2021 00:35:15.702,20.378420000000002,20.37168,1.3,1.3
23.08.2021 00:35:17.691,20.37872,20.37198,1.3,1.3
23.08.2021 00:35:18.387,20.37872,20.37248,1.3,1
23.08.2021 00:35:18.589,20.37872,20.37248,1.3,1.3
23.08.2021 00:35:21.264,20.37892,20.37138,1.55,1.05
23.08.2021 00:35:21.365,20.37892,20.37138,1.55,1.05
23.08.2021 00:35:21.892,20.37872,20.37128,1.55,1.05
23.08.2021 00:35:22.697,20.37882,20.37074,1.8,1.05
23.08.2021 00:35:24.223,20.37882,20.37066,1.8,1.55
23.08.2021 00:35:24.709,20.37882,20.37078,1.3,1.3
23.08.2021 00:35:26.321,20.37859,20.37078,1.15,1.3
23.08.2021 00:35:27.196,20.37745,20.37106,1,1
23.08.2021 00:35:27.297,20.37732,20.37118,1.3,1.3
23.08.2021 00:35:41.986,20.37732,20.37118,1.3,1.3
23.08.2021 00:35:49.013,20.37745,20.37106,1.3,1.3
23.08.2021 00:35:54.621,20.37722,20.37118,1.3,1.3
23.08.2021 00:35:58.723,20.37882,20.37076,1.55,1
23.08.2021 00:35:58.774,20.37882,20.370710000000003,1.55,1
23.08.2021 00:35:58.874,20.37882,20.370710000000003,1.55,1.3
23.08.2021 00:35:59.096,20.37862,20.37158,1.3,1.3
23.08.2021 00:35:59.495,20.37852,20.37208,1,1
23.08.2021 00:35:59.628,20.378420000000002,20.37148,1,1
23.08.2021 00:35:59.679,20.378420000000002,20.37148,1.3,1.3
23.08.2021 00:35:59.830,20.37882,20.37088,1.3,1.55
23.08.2021 00:36:00.296,20.37882,20.37088,1.3,1.55
23.08.2021 00:36:01.108,20.37882,20.37088,1.3,1.55
23.08.2021 00:36:01.392,20.37882,20.37074,1.3,1.05
23.08.2021 00:36:01.492,20.37882,20.37074,1.55,1.05
23.08.2021 00:36:01.593,20.37882,20.37074,1.55,1.05
23.08.2021 00:36:04.969,20.378760000000003,20.37068,1.05,1
23.08.2021 00:36:05.070,20.378760000000003,20.37068,1.05,1.3
23.08.2021 00:36:07.241,20.378760000000003,20.37098,1.05,1
23.08.2021 00:36:07.351,20.37752,20.37118,1,1
23.08.2021 00:36:07.502,20.37752,20.37118,1.3,1.3
23.08.2021 00:36:08.399,20.37722,20.37118,1.3,1.3
23.08.2021 00:36:09.907,20.37909,20.37085,1.9,1.05
23.08.2021 00:36:10.748,20.378220000000002,20.37108,1.3,1.3
23.08.2021 00:36:11.919,20.378220000000002,20.37108,1.3,1.3
23.08.2021 00:36:14.443,20.37735,20.37108,1,1.3
23.08.2021 00:36:14.865,20.37722,20.37118,1.3,1.3
23.08.2021 00:36:16.879,20.37882,20.37088,1.55,1.3
23.08.2021 00:36:17.030,20.37909,20.37098,1.8,1.55
23.08.2021 00:36:17.935,20.37825,20.37186,1,1
23.08.2021 00:36:18.331,20.378120000000003,20.37198,1,1
23.08.2021 00:36:18.432,20.378020000000003,20.37128,1.3,1.3
23.08.2021 00:36:18.533,20.378020000000003,20.37128,1.3,1.3
23.08.2021 00:36:18.958,20.37742,20.37128,1.3,1.3
23.08.2021 00:36:23.633,20.37716,20.371750000000002,1.3,1
23.08.2021 00:36:23.739,20.37716,20.371750000000002,1.3,1
23.08.2021 00:36:24.476,20.376920000000002,20.371750000000002,1.3,1
23.08.2021 00:36:26.709,20.376920000000002,20.37159,1.8,1
23.08.2021 00:36:26.849,20.376920000000002,20.37151,1.8,1
23.08.2021 00:36:27.716,20.376920000000002,20.37151,1.8,1
23.08.2021 00:36:39.072,20.376420000000003,20.37151,1,1
23.08.2021 00:36:39.173,20.376420000000003,20.37151,1.3,1
23.08.2021 00:36:54.840,20.376420000000003,20.37151,1.3,1
23.08.2021 00:36:56.219,20.37592,20.37151,1,1
23.08.2021 00:37:01.304,20.376120000000004,20.37151,1.3,1
23.08.2021 00:37:03.525,20.376060000000003,20.37151,1,1
23.08.2021 00:37:03.576,20.3759,20.37049,1,1.3
23.08.2021 00:37:04.558,20.37585,20.37049,1,1.3
23.08.2021 00:37:05.013,20.37572,20.37049,1,1
23.08.2021 00:37:08.035,20.3759,20.37049,1.3,1
23.08.2021 00:37:08.142,20.3759,20.37049,1,1
23.08.2021 00:37:29.709,20.3759,20.37049,1.3,1
23.08.2021 00:37:29.853,20.37552,20.37049,1.1,1
23.08.2021 00:37:30.765,20.37494,20.37001,1,1.4
23.08.2021 00:37:30.865,20.37494,20.37013,1,1.3
23.08.2021 00:37:30.916,20.37494,20.37013,1.3,1
23.08.2021 00:37:30.967,20.37494,20.369979999999998,1.3,1
23.08.2021 00:37:31.801,20.374720000000003,20.369979999999998,1.3,1
23.08.2021 00:37:36.896,20.374720000000003,20.369979999999998,1.3,1
23.08.2021 00:37:38.339,20.374720000000003,20.369979999999998,1.3,1
23.08.2021 00:37:40.321,20.374720000000003,20.369979999999998,1.3,1
23.08.2021 00:37:45.694,20.374620000000004,20.369979999999998,1,1
23.08.2021 00:37:46.198,20.374720000000003,20.369979999999998,1.3,1
23.08.2021 00:37:51.448,20.374720000000003,20.369979999999998,1,1
23.08.2021 00:37:51.650,20.374720000000003,20.369979999999998,1.3,1
23.08.2021 00:37:55.480,20.374720000000003,20.369979999999998,1.3,1
23.08.2021 00:38:00.579,20.374620000000004,20.369979999999998,1,1
23.08.2021 00:38:00.925,20.374750000000002,20.369860000000003,1,1
23.08.2021 00:38:02.132,20.374620000000004,20.369979999999998,1,1
23.08.2021 00:38:02.306,20.374620000000004,20.369979999999998,1.3,1
23.08.2021 00:38:03.354,20.374620000000004,20.369979999999998,1,1
23.08.2021 00:38:05.902,20.374620000000004,20.369979999999998,1.3,1
23.08.2021 00:38:16.167,20.374620000000004,20.369979999999998,1.3,1
23.08.2021 00:38:19.718,20.37394,20.36853,1,1.3
23.08.2021 00:38:19.819,20.37394,20.36853,1.3,1
23.08.2021 00:38:19.971,20.37394,20.36853,1,1
23.08.2021 00:38:21.187,20.37394,20.36853,1.3,1
23.08.2021 00:38:25.131,20.373720000000002,20.36853,1.3,1
23.08.2021 00:38:27.166,20.373720000000002,20.36853,1.3,1
23.08.2021 00:38:30.073,20.37497,20.369510000000002,1.3,1.75
23.08.2021 00:38:30.123,20.37582,20.3688,2.05,1.25
23.08.2021 00:38:30.174,20.37582,20.3689,2.05,1.3
23.08.2021 00:38:31.087,20.37552,20.36928,1.3,1
23.08.2021 00:38:31.188,20.37552,20.36928,1.3,1.3
23.08.2021 00:38:32.404,20.37552,20.36958,1.3,1.3
23.08.2021 00:38:36.018,20.37562,20.36938,1.3,1.3
23.08.2021 00:38:36.879,20.375220000000002,20.36928,1.3,1.3
23.08.2021 00:38:39.802,20.375120000000003,20.36908,1.3,1.3
23.08.2021 00:38:41.787,20.37489,20.36828,1.3,1
23.08.2021 00:38:41.888,20.37489,20.36828,1.3,1
23.08.2021 00:38:42.138,20.37489,20.36858,1.3,1
23.08.2021 00:38:45.045,20.374920000000003,20.36858,1.3,1.3
23.08.2021 00:39:01.472,20.374720000000003,20.36818,1.3,1.3
23.08.2021 00:39:01.674,20.37414,20.36745,1,1.3
23.08.2021 00:39:02.530,20.37365,20.36745,1,1.3
23.08.2021 00:39:02.632,20.373520000000003,20.36745,1.25,1.3
23.08.2021 00:39:03.069,20.373520000000003,20.36745,1.55,1
23.08.2021 00:39:03.578,20.373220000000003,20.36745,1.3,1
23.08.2021 00:39:04.106,20.373120000000004,20.36745,1.3,1
23.08.2021 00:39:04.895,20.37422,20.36745,1,1.3
23.08.2021 00:39:04.996,20.37486,20.36745,1.05,1.3
23.08.2021 00:39:05.097,20.37486,20.36745,1.05,1.3
23.08.2021 00:39:05.320,20.37486,20.36745,1.05,1.3
23.08.2021 00:39:05.541,20.37486,20.36745,1.05,1.3
23.08.2021 00:39:10.016,20.37491,20.36748,1.55,1.55
23.08.2021 00:39:11.371,20.37491,20.36748,1.55,1.55
23.08.2021 00:39:11.781,20.37491,20.36748,1.55,1.55
23.08.2021 00:39:14.116,20.37491,20.36748,1.55,1.55
23.08.2021 00:39:15.066,20.37491,20.36748,1.55,1.55
23.08.2021 00:39:15.367,20.37491,20.36748,1.55,1.55
23.08.2021 00:39:16.255,20.37491,20.36748,1.55,1.55
23.08.2021 00:39:16.376,20.37491,20.36748,1.55,1.55
23.08.2021 00:39:17.489,20.3732,20.36778,1,1.3
23.08.2021 00:39:17.591,20.3732,20.36778,1,1
23.08.2021 00:39:26.391,20.3732,20.36778,1,1.3
23.08.2021 00:39:36.939,20.3732,20.36778,1,1.3
23.08.2021 00:39:38.436,20.3732,20.36778,1,1.3
23.08.2021 00:39:41.774,20.3732,20.36778,1,1.3
23.08.2021 00:39:45.115,20.37367,20.368660000000002,1,1
23.08.2021 00:39:45.166,20.374070000000003,20.368660000000002,1.3,1
23.08.2021 00:39:45.375,20.374070000000003,20.368660000000002,1.3,1
23.08.2021 00:39:46.131,20.374070000000003,20.368660000000002,1,1
23.08.2021 00:40:13.435,20.37452,20.36818,1.3,1.3
23.08.2021 00:40:14.350,20.37452,20.36818,1.3,1.3
23.08.2021 00:40:14.551,20.374720000000003,20.36838,1.3,1.3
23.08.2021 00:40:14.652,20.374720000000003,20.368460000000002,1.3,1.55
23.08.2021 00:40:15.304,20.375120000000003,20.36898,1.3,1.3
23.08.2021 00:40:37.516,20.375220000000002,20.36928,1.3,1.3
23.08.2021 00:40:51.280,20.375420000000002,20.36958,1.3,1.3
23.08.2021 00:40:51.660,20.37489,20.36828,1.75,1.55
23.08.2021 00:40:51.761,20.374820000000003,20.36828,1.15,1.25
23.08.2021 00:40:59.640,20.374650000000003,20.368160000000003,1.3,1
23.08.2021 00:40:59.691,20.374920000000003,20.36828,1.3,1
23.08.2021 00:41:00.010,20.374920000000003,20.36828,1.3,1
23.08.2021 00:41:00.151,20.374920000000003,20.36828,1.3,1
23.08.2021 00:41:00.252,20.374920000000003,20.368460000000002,1.3,1
23.08.2021 00:41:01.260,20.37505,20.368460000000002,1.3,1
23.08.2021 00:41:01.417,20.374920000000003,20.36858,1.3,1
23.08.2021 00:41:04.137,20.374920000000003,20.36876,1.3,1
23.08.2021 00:41:04.264,20.374920000000003,20.36888,1.3,1
23.08.2021 00:41:05.501,20.37507,20.36828,1.3,1
23.08.2021 00:41:05.604,20.37489,20.36828,1.3,1
23.08.2021 00:41:05.655,20.374820000000003,20.36661,1,1.55
23.08.2021 00:41:05.705,20.374660000000002,20.36661,1.05,1.55
23.08.2021 00:41:05.963,20.374660000000002,20.36661,1.05,1.55
23.08.2021 00:41:07.260,20.37489,20.367160000000002,1.3,1
23.08.2021 00:41:07.361,20.37506,20.367160000000002,1.05,1
23.08.2021 00:41:07.512,20.37506,20.367160000000002,1.05,1
23.08.2021 00:41:07.786,20.37506,20.367160000000002,1.05,1
23.08.2021 00:41:08.377,20.37506,20.36876,1.05,1
23.08.2021 00:41:08.478,20.37506,20.36888,1.05,1
23.08.2021 00:41:09.794,20.37506,20.36918,1.05,1
23.08.2021 00:41:10.968,20.37506,20.36928,1.05,1.25
23.08.2021 00:41:15.017,20.37506,20.36928,1.05,1.25
23.08.2021 00:41:16.212,20.375320000000002,20.36898,1.3,1
23.08.2021 00:41:16.313,20.375320000000002,20.36898,1.3,1
23.08.2021 00:41:16.429,20.375320000000002,20.36898,1,1
23.08.2021 00:41:17.609,20.375320000000002,20.36916,1,1
23.08.2021 00:41:17.737,20.375220000000002,20.36928,1,1
23.08.2021 00:41:18.119,20.375220000000002,20.36946,1,1
23.08.2021 00:41:18.381,20.37546,20.36958,1.05,1
23.08.2021 00:41:18.606,20.37561,20.36978,1.05,1.25
23.08.2021 00:41:18.707,20.37558,20.36978,1.05,1.25
23.08.2021 00:41:19.714,20.37561,20.36988,1,1.25
23.08.2021 00:41:19.993,20.37562,20.36988,1.5,1.25
23.08.2021 00:41:20.044,20.37602,20.36988,1.3,1.3
23.08.2021 00:41:20.112,20.37602,20.36988,1,1
23.08.2021 00:41:20.703,20.37602,20.370060000000002,1,1
23.08.2021 00:41:20.804,20.37602,20.37018,1,1
23.08.2021 00:41:21.499,20.37602,20.370260000000002,1,1
23.08.2021 00:41:21.640,20.376120000000004,20.37038,1,1
23.08.2021 00:41:25.408,20.376620000000003,20.37038,1,1
23.08.2021 00:41:26.128,20.376620000000003,20.37056,1,1
23.08.2021 00:41:27.562,20.376620000000003,20.37068,1,1
23.08.2021 00:41:30.366,20.37507,20.37068,1,1
23.08.2021 00:41:30.417,20.37489,20.36868,1,1.3
23.08.2021 00:41:30.517,20.37489,20.36868,1,1
23.08.2021 00:41:30.719,20.37489,20.36868,1.3,1
23.08.2021 00:41:30.770,20.37497,20.368360000000003,1.3,1
23.08.2021 00:41:30.820,20.37489,20.368479999999998,1.3,1
23.08.2021 00:41:31.089,20.37489,20.36828,1.3,1
23.08.2021 00:41:32.601,20.374820000000003,20.36878,1.3,1
23.08.2021 00:41:35.028,20.374820000000003,20.36896,1.3,1
23.08.2021 00:41:35.197,20.37497,20.36908,1.3,1
23.08.2021 00:41:37.909,20.375020000000003,20.36908,1,1
23.08.2021 00:41:38.084,20.375020000000003,20.36936,1,1
23.08.2021 00:41:38.134,20.375220000000002,20.36948,1.3,1
23.08.2021 00:41:38.808,20.37489,20.36736,1.25,1.3
23.08.2021 00:41:38.909,20.37486,20.36689,1.3,1.8
23.08.2021 00:41:39.211,20.37486,20.36758,1.3,1.25
23.08.2021 00:41:39.312,20.37602,20.3686,1.55,1
23.08.2021 00:41:39.413,20.376120000000004,20.36861,1.55,1.05
23.08.2021 00:41:39.513,20.376120000000004,20.36868,1.55,1.05
23.08.2021 00:41:40.443,20.376420000000003,20.37018,1.3,1
23.08.2021 00:41:40.745,20.376420000000003,20.37036,1.3,1
23.08.2021 00:41:40.796,20.376520000000003,20.37048,1,1
23.08.2021 00:41:41.488,20.376720000000002,20.37058,1.55,1
23.08.2021 00:41:46.085,20.376720000000002,20.37058,1.55,1
23.08.2021 00:41:47.731,20.376720000000002,20.37058,1,1
23.08.2021 00:41:48.626,20.37685,20.37046,1,1
23.08.2021 00:41:51.639,20.37685,20.37046,1.3,1
23.08.2021 00:41:52.068,20.37685,20.37053,1.3,1
23.08.2021 00:41:52.169,20.37722,20.37078,1.3,1
23.08.2021 00:41:52.270,20.37722,20.37078,1.3,1.3
23.08.2021 00:41:52.870,20.37732,20.37108,1.3,1.3
23.08.2021 00:42:00.901,20.378020000000003,20.37108,1.3,1.3
23.08.2021 00:42:01.620,20.376710000000003,20.37148,1,1.3
23.08.2021 00:42:01.670,20.376710000000003,20.37148,1,1
23.08.2021 00:42:04.415,20.376710000000003,20.371290000000002,1,1
23.08.2021 00:42:52.234,20.376520000000003,20.371100000000002,1,1
23.08.2021 00:43:22.502,20.375670000000003,20.370250000000002,1,1
23.08.2021 00:43:24.375,20.37507,20.370250000000002,1,1
23.08.2021 00:43:24.476,20.373920000000002,20.36916,1,1
23.08.2021 00:43:24.850,20.373920000000002,20.368520000000004,1,1
23.08.2021 00:43:29.381,20.37301,20.368360000000003,1,1
23.08.2021 00:43:29.871,20.37301,20.368360000000003,1.3,1
23.08.2021 00:43:30.807,20.37301,20.368360000000003,1,1
23.08.2021 00:43:31.940,20.37301,20.368360000000003,1.3,1
23.08.2021 00:43:33.103,20.37301,20.36758,1.3,1
23.08.2021 00:43:35.572,20.37301,20.36758,1,1
23.08.2021 00:43:47.382,20.37301,20.36758,1.3,1
23.08.2021 00:43:49.513,20.37301,20.36758,1.3,1
23.08.2021 00:43:50.001,20.37301,20.36758,1,1
23.08.2021 00:43:50.865,20.37301,20.36758,1,1.3
23.08.2021 00:43:51.536,20.37301,20.36758,1,1.3
23.08.2021 00:43:56.607,20.37301,20.36758,1,1.3
23.08.2021 00:44:01.165,20.37301,20.36758,1,1.3
23.08.2021 00:44:02.708,20.37301,20.36758,1,1
23.08.2021 00:44:04.888,20.37301,20.36758,1.3,1
23.08.2021 00:44:07.580,20.3735,20.368460000000002,1.3,1
23.08.2021 00:44:08.236,20.37388,20.368460000000002,1.3,1
23.08.2021 00:44:08.438,20.37388,20.368460000000002,1,1
23.08.2021 00:44:20.120,20.37388,20.368460000000002,1.3,1
23.08.2021 00:44:24.417,20.37299,20.36758,1,1
23.08.2021 00:44:24.850,20.37299,20.36758,1.3,1
23.08.2021 00:44:25.294,20.373150000000003,20.36758,1.8,1
23.08.2021 00:44:25.344,20.37206,20.36665,1,1.3
23.08.2021 00:44:25.445,20.37206,20.36665,1,1
23.08.2021 00:44:27.913,20.37206,20.36665,1.3,1
23.08.2021 00:44:31.540,20.37206,20.36665,1.3,1
23.08.2021 00:44:32.058,20.37206,20.36665,1.3,1
23.08.2021 00:44:32.431,20.37206,20.36665,1.3,1
23.08.2021 00:44:41.771,20.37206,20.36665,1.3,1
23.08.2021 00:44:45.993,20.37206,20.36665,1.3,1
23.08.2021 00:44:47.267,20.37206,20.36665,1.3,1
23.08.2021 00:44:58.181,20.37206,20.36665,1.3,1
23.08.2021 00:44:58.282,20.370120000000004,20.364710000000002,1,1
23.08.2021 00:45:00.297,20.370120000000004,20.364710000000002,1,1.3
23.08.2021 00:45:00.608,20.370120000000004,20.36455,1,1.8
23.08.2021 00:45:00.709,20.37028,20.36561,1,1
23.08.2021 00:45:00.974,20.37102,20.36561,1.3,1
23.08.2021 00:45:01.347,20.37102,20.36561,1.3,1
23.08.2021 00:45:01.492,20.37102,20.36561,1,1
23.08.2021 00:45:02.709,20.37102,20.36561,1,1.3
23.08.2021 00:45:06.411,20.37102,20.36561,1,1.3
23.08.2021 00:45:39.452,20.37102,20.36558,1,1.3
23.08.2021 00:45:42.623,20.37102,20.36553,1,1.3
23.08.2021 00:45:44.834,20.37011,20.36466,1,1.3
23.08.2021 00:45:44.885,20.37011,20.36466,1,1
23.08.2021 00:45:49.461,20.37011,20.36466,1.3,1
23.08.2021 00:46:06.120,20.369020000000003,20.36358,1,1.3
23.08.2021 00:46:06.221,20.369020000000003,20.36358,1,1
23.08.2021 00:46:06.409,20.369020000000003,20.36358,1.3,1
23.08.2021 00:46:06.848,20.369020000000003,20.36358,1.8,1
23.08.2021 00:46:08.273,20.368720000000003,20.36358,1.3,1
23.08.2021 00:46:11.989,20.368720000000003,20.36342,1.3,1
23.08.2021 00:46:12.039,20.368720000000003,20.363670000000003,1.3,1
23.08.2021 00:46:20.796,20.368720000000003,20.36363,1.3,1
23.08.2021 00:46:20.897,20.36909,20.36363,1,1
23.08.2021 00:46:34.509,20.369320000000002,20.36176,1.05,1.3
23.08.2021 00:46:34.609,20.36962,20.36188,1.8,1.55
23.08.2021 00:46:35.241,20.368520000000004,20.36158,1.3,1.3
23.08.2021 00:46:35.390,20.36812,20.36128,1.3,1.55
23.08.2021 00:46:36.231,20.367720000000002,20.36108,1.3,1.3
23.08.2021 00:46:45.523,20.367620000000002,20.360879999999998,1.3,1.55
23.08.2021 00:46:54.605,20.36775,20.360760000000003,1.3,1.55
23.08.2021 00:47:16.291,20.36659,20.36128,1,1.3
23.08.2021 00:47:16.342,20.36659,20.35976,1.3,1.3
23.08.2021 00:47:16.393,20.36616,20.36072,1,1.3
23.08.2021 00:47:16.443,20.36616,20.36072,1,1
23.08.2021 00:47:22.586,20.36616,20.36072,1.3,1
23.08.2021 00:47:22.870,20.36616,20.36072,1.3,1
23.08.2021 00:47:25.774,20.36616,20.36072,1.3,1
23.08.2021 00:47:25.872,20.36616,20.36072,1.3,1
23.08.2021 00:47:27.306,20.36616,20.36072,1.3,1
23.08.2021 00:47:27.561,20.36616,20.36072,1.3,1
23.08.2021 00:47:29.616,20.36616,20.36072,1.3,1
23.08.2021 00:47:43.691,20.36616,20.36072,1.3,1
23.08.2021 00:47:43.792,20.367020000000004,20.36164,1.3,1
23.08.2021 00:47:43.947,20.36708,20.36164,1.3,1
23.08.2021 00:47:44.177,20.36708,20.36164,1.3,1
23.08.2021 00:47:44.656,20.36708,20.36164,1.3,1
23.08.2021 00:47:48.406,20.36708,20.36241,1.3,1
23.08.2021 00:47:48.507,20.36798,20.362550000000002,1,1
23.08.2021 00:47:49.328,20.36798,20.362550000000002,1.3,1
23.08.2021 00:47:53.220,20.36798,20.362550000000002,1.3,1
23.08.2021 00:47:54.245,20.36798,20.362550000000002,1.3,1
23.08.2021 00:48:00.064,20.36798,20.362550000000002,1.3,1
23.08.2021 00:48:03.272,20.36802,20.362550000000002,1.8,1
23.08.2021 00:48:03.323,20.366229999999998,20.36079,1,1.3
23.08.2021 00:48:03.425,20.366229999999998,20.36079,1.3,1
23.08.2021 00:48:10.169,20.366229999999998,20.36079,1.3,1
23.08.2021 00:48:22.583,20.366229999999998,20.36079,1.3,1
23.08.2021 00:48:23.933,20.366229999999998,20.36079,1.3,1
23.08.2021 00:48:24.322,20.366229999999998,20.36079,1.3,1
23.08.2021 00:48:26.079,20.366229999999998,20.36079,1,1
23.08.2021 00:48:27.367,20.366229999999998,20.36079,1.3,1
23.08.2021 00:48:28.254,20.366229999999998,20.36079,1,1
23.08.2021 00:48:28.907,20.366229999999998,20.36079,1.3,1
23.08.2021 00:48:29.247,20.36529,20.35983,1.3,1
23.08.2021 00:48:29.348,20.36529,20.35983,1.3,1
23.08.2021 00:48:29.841,20.36529,20.35983,1,1
23.08.2021 00:48:30.306,20.36529,20.35983,1.3,1
23.08.2021 00:48:30.821,20.36529,20.35983,1,1
23.08.2021 00:48:32.118,20.36529,20.35983,1.3,1
23.08.2021 00:48:34.427,20.36529,20.35983,1,1
23.08.2021 00:48:36.878,20.36529,20.35983,1.3,1
23.08.2021 00:48:37.053,20.36529,20.35988,1.3,1
23.08.2021 00:48:38.029,20.36529,20.35988,1.3,1
23.08.2021 00:48:38.157,20.36529,20.36016,1.3,1
23.08.2021 00:48:38.937,20.36529,20.36028,1.3,1
23.08.2021 00:48:39.161,20.36529,20.36028,1.3,1
23.08.2021 00:48:40.658,20.36529,20.36028,1.3,1
23.08.2021 00:48:40.857,20.36529,20.35983,1.3,1
23.08.2021 00:48:41.705,20.36529,20.35983,1.3,1
23.08.2021 00:48:41.836,20.36529,20.35983,1.3,1
23.08.2021 00:48:45.287,20.36529,20.35983,1.3,1
23.08.2021 00:48:45.882,20.36529,20.35983,1.3,1
23.08.2021 00:48:46.394,20.36529,20.35983,1.3,1
23.08.2021 00:48:51.367,20.36492,20.35983,1.3,1
23.08.2021 00:48:51.670,20.36492,20.35983,1.3,1
23.08.2021 00:48:53.188,20.36492,20.35983,1.3,1
23.08.2021 00:49:01.698,20.36436,20.35894,1.3,1
23.08.2021 00:49:01.823,20.36436,20.35894,1,1
23.08.2021 00:49:10.211,20.36436,20.35894,1,1.3
23.08.2021 00:49:11.490,20.364520000000002,20.35878,1,1.3
23.08.2021 00:49:11.541,20.365270000000002,20.359810000000003,1.3,1
23.08.2021 00:49:11.692,20.365270000000002,20.359810000000003,1.3,1
23.08.2021 00:49:11.877,20.365270000000002,20.359810000000003,1.3,1
23.08.2021 00:49:12.028,20.365270000000002,20.359810000000003,1.3,1
23.08.2021 00:49:13.935,20.365270000000002,20.35986,1.3,1
23.08.2021 00:49:14.036,20.365270000000002,20.35998,1.3,1
23.08.2021 00:49:21.871,20.365270000000002,20.35998,1,1.3
23.08.2021 00:49:23.646,20.365270000000002,20.35998,1,1
23.08.2021 00:49:23.887,20.365270000000002,20.35998,1.3,1
23.08.2021 00:49:27.661,20.365270000000002,20.35986,1.3,1
23.08.2021 00:49:30.667,20.365270000000002,20.35986,1.3,1
23.08.2021 00:49:32.582,20.365270000000002,20.35986,1.3,1
23.08.2021 00:49:40.961,20.365270000000002,20.359810000000003,1.3,1
23.08.2021 00:49:41.019,20.365270000000002,20.359810000000003,1.3,1
23.08.2021 00:49:41.959,20.365270000000002,20.359810000000003,1.3,1
23.08.2021 00:49:42.583,20.365270000000002,20.359810000000003,1.3,1
23.08.2021 00:49:43.785,20.365270000000002,20.359810000000003,1.3,1
23.08.2021 00:49:44.904,20.365270000000002,20.35988,1.3,1
23.08.2021 00:49:48.458,20.365270000000002,20.35988,1.3,1
23.08.2021 00:49:52.584,20.365270000000002,20.35988,1.3,1
23.08.2021 00:49:53.395,20.365270000000002,20.35988,1.3,1
23.08.2021 00:49:59.076,20.365270000000002,20.36008,1.3,1
23.08.2021 00:49:59.191,20.365270000000002,20.36008,1.3,1
23.08.2021 00:50:02.592,20.365270000000002,20.36008,1,1
23.08.2021 00:50:02.915,20.365270000000002,20.36026,1,1
23.08.2021 00:50:03.298,20.365270000000002,20.36038,1,1
23.08.2021 00:50:11.533,20.365620000000003,20.36038,1.55,1
23.08.2021 00:50:11.584,20.36583,20.36048,1.3,1
23.08.2021 00:50:13.141,20.36583,20.360660000000003,1.3,1
23.08.2021 00:50:13.662,20.36583,20.36078,1.3,1
23.08.2021 00:50:16.303,20.36583,20.36078,1.3,1
23.08.2021 00:50:27.379,20.36583,20.360660000000003,1.3,1
23.08.2021 00:50:27.430,20.36583,20.360660000000003,1.3,1
23.08.2021 00:50:28.403,20.36583,20.36041,1.3,1
23.08.2021 00:50:28.453,20.36583,20.36048,1.3,1
23.08.2021 00:50:30.241,20.36583,20.36041,1.3,1
23.08.2021 00:50:30.574,20.36583,20.36041,1.3,1
23.08.2021 00:50:31.870,20.36583,20.36041,1.3,1
23.08.2021 00:50:36.871,20.36583,20.36041,1,1.3
23.08.2021 00:50:41.702,20.36583,20.36041,1,1
23.08.2021 00:50:44.016,20.36583,20.36041,1.3,1
23.08.2021 00:50:46.854,20.36583,20.36048,1.3,1
23.08.2021 00:50:47.323,20.36583,20.36041,1.3,1
23.08.2021 00:50:49.086,20.36583,20.36048,1.3,1
23.08.2021 00:50:51.259,20.36583,20.36068,1.3,1
23.08.2021 00:50:58.593,20.36583,20.36041,1.3,1
23.08.2021 00:50:58.694,20.36583,20.36041,1,1
23.08.2021 00:50:59.293,20.36583,20.36041,1.3,1
23.08.2021 00:50:59.465,20.36583,20.36041,1.3,1
23.08.2021 00:51:00.128,20.36583,20.36041,1.3,1
23.08.2021 00:51:00.584,20.36583,20.360460000000003,1.3,1
23.08.2021 00:51:01.613,20.36583,20.36058,1.3,1
23.08.2021 00:51:02.588,20.36583,20.36058,1.3,1
23.08.2021 00:51:10.437,20.36583,20.36058,1.3,1
23.08.2021 00:51:12.224,20.365620000000003,20.36058,1.3,1
23.08.2021 00:51:12.585,20.365620000000003,20.36058,1.3,1
23.08.2021 00:51:20.649,20.365620000000003,20.36058,1.3,1
23.08.2021 00:51:24.928,20.365620000000003,20.36028,1.3,1
23.08.2021 00:51:30.368,20.365620000000003,20.36028,1.3,1
23.08.2021 00:51:32.645,20.365620000000003,20.36028,1.3,1
23.08.2021 00:51:47.696,20.365620000000003,20.360200000000003,1.3,1
23.08.2021 00:51:53.498,20.365620000000003,20.360200000000003,1.3,1
23.08.2021 00:51:54.348,20.365620000000003,20.36026,1.3,1
23.08.2021 00:51:54.515,20.365620000000003,20.36038,1.3,1
23.08.2021 00:52:01.884,20.365620000000003,20.36038,1.3,1
23.08.2021 00:52:08.520,20.365620000000003,20.36038,1.3,1
23.08.2021 00:52:11.469,20.365620000000003,20.360200000000003,1.3,1
23.08.2021 00:52:11.570,20.365620000000003,20.360200000000003,1.3,1
23.08.2021 00:52:12.227,20.365620000000003,20.35983,1.3,1
23.08.2021 00:52:12.278,20.36543,20.36,1.3,1
23.08.2021 00:52:12.424,20.36559,20.35988,1.3,1
23.08.2021 00:52:12.474,20.36538,20.359920000000002,1.3,1
23.08.2021 00:52:14.239,20.36538,20.359920000000002,1.3,1
