Gmt time,Ask,Bid,AskVolume,BidVolume
13.08.2021 00:00:00.204,19.957620000000002,19.95073,1.25,1.3
13.08.2021 00:00:00.254,19.957220000000003,19.95091,1.25,1
13.08.2021 00:00:00.449,19.957220000000003,19.95091,1.25,1.3
13.08.2021 00:00:00.577,19.95849,19.95091,1.8,1.65
13.08.2021 00:00:01.037,19.95849,19.95091,1.8,1.65
13.08.2021 00:00:02.048,19.95849,19.95158,1.8,1.25
13.08.2021 00:00:02.162,19.95859,19.95158,1.3,1.55
13.08.2021 00:00:08.548,19.957910000000002,19.950590000000002,1.55,1.4
13.08.2021 00:00:08.758,19.95549,19.94968,1,1.3
13.08.2021 00:00:08.859,19.956470000000003,19.95098,1.3,1
13.08.2021 00:00:08.961,19.956920000000004,19.95098,1.55,1.25
13.08.2021 00:00:09.028,19.956920000000004,19.95098,1.55,1.25
13.08.2021 00:00:09.812,19.95665,19.95098,1.55,1.25
13.08.2021 00:00:10.703,19.95665,19.95098,1.55,1.25
13.08.2021 00:00:21.388,19.95652,19.950590000000002,1.3,1
13.08.2021 00:00:45.498,19.95665,19.94839,1.3,1.15
13.08.2021 00:00:55.303,19.95665,19.95073,1.3,1
13.08.2021 00:00:55.354,19.95682,19.95091,1.3,1.3
13.08.2021 00:00:55.456,19.95682,19.95091,1,1.3
13.08.2021 00:00:56.225,19.957310000000003,19.95091,1.55,1.4
13.08.2021 00:00:56.326,19.957310000000003,19.95091,1.55,1.4
13.08.2021 00:00:57.369,19.957310000000003,19.95158,1.25,1.3
13.08.2021 00:00:58.187,19.957310000000003,19.95158,1.25,1.3
13.08.2021 00:01:00.518,19.957310000000003,19.95158,1.25,1.3
13.08.2021 00:01:01.346,19.95793,19.95147,1.55,1.3
13.08.2021 00:01:01.397,19.95793,19.95147,1.25,1
13.08.2021 00:01:01.498,19.95792,19.95147,1.55,1.3
13.08.2021 00:01:01.784,19.95792,19.95147,1.55,1
13.08.2021 00:01:01.898,19.957220000000003,19.95147,1,1
13.08.2021 00:01:02.422,19.957220000000003,19.95147,1.3,1
13.08.2021 00:01:02.573,19.956920000000004,19.95147,1,1
13.08.2021 00:01:02.861,19.956920000000004,19.95147,1.3,1
13.08.2021 00:01:03.860,19.956920000000004,19.95147,1,1
13.08.2021 00:01:09.805,19.956920000000004,19.95108,1,1.3
13.08.2021 00:01:09.906,19.956920000000004,19.95108,1.3,1
13.08.2021 00:01:13.555,19.956920000000004,19.95108,1,1
13.08.2021 00:01:16.145,19.956920000000004,19.95108,1,1.1
13.08.2021 00:01:16.195,19.95832,19.95116,1.25,1
13.08.2021 00:01:17.151,19.95832,19.95136,1.25,1
13.08.2021 00:01:17.279,19.95832,19.95148,1.55,1.3
13.08.2021 00:01:59.765,19.957520000000002,19.95147,1.25,1.3
13.08.2021 00:01:59.865,19.957520000000002,19.95147,1.25,1
13.08.2021 00:02:00.645,19.957020000000004,19.95147,1,1
13.08.2021 00:02:06.173,19.957520000000002,19.95147,1,1
13.08.2021 00:02:06.274,19.957910000000002,19.95108,1.25,1.1
13.08.2021 00:02:07.176,19.957910000000002,19.95136,1.25,1
13.08.2021 00:02:07.508,19.957910000000002,19.95148,1.55,1.3
13.08.2021 00:02:44.123,19.95362,19.95148,1,1
13.08.2021 00:02:44.174,19.95449,19.94956,1.75,1.25
13.08.2021 00:02:44.274,19.95449,19.94968,1,1
13.08.2021 00:02:46.734,19.95449,19.94968,1.3,1
13.08.2021 00:02:49.129,19.95652,19.95051,1.8,1.25
13.08.2021 00:02:49.180,19.95652,19.95051,1.5,1.55
13.08.2021 00:02:49.333,19.95652,19.95051,1.3,1.55
13.08.2021 00:02:49.855,19.95813,19.950660000000003,1.1,1.55
13.08.2021 00:02:49.906,19.958160000000003,19.950660000000003,1.8,1.55
13.08.2021 00:02:50.007,19.958190000000002,19.950660000000003,1.8,1.35
13.08.2021 00:02:50.194,19.958190000000002,19.95068,1.8,1.9
13.08.2021 00:02:50.345,19.958190000000002,19.95068,1.8,1.9
13.08.2021 00:02:50.708,19.95829,19.95068,1.05,1.65
13.08.2021 00:02:51.172,19.95829,19.95146,1.05,1
13.08.2021 00:02:51.274,19.95829,19.95158,1.05,1.3
13.08.2021 00:03:05.513,19.95859,19.95168,1.15,1.9
13.08.2021 00:03:06.535,19.95849,19.95348,1.1,1.1
13.08.2021 00:03:22.173,19.95849,19.95336,1,1
13.08.2021 00:03:22.517,19.95849,19.95336,1.25,1
13.08.2021 00:03:22.620,19.95849,19.95126,1.6,1.3
13.08.2021 00:03:22.671,19.95849,19.95126,1.9,1.3
13.08.2021 00:03:23.596,19.95812,19.95126,1.55,1.3
13.08.2021 00:03:39.681,19.95849,19.95118,1.8,1.55
13.08.2021 00:03:39.773,19.95849,19.952160000000003,1.8,1
13.08.2021 00:03:40.118,19.95849,19.95228,1.8,1.25
13.08.2021 00:03:40.169,19.95849,19.95228,1.8,1.55
13.08.2021 00:03:40.776,19.95849,19.952460000000002,1.8,1
13.08.2021 00:03:40.893,19.95849,19.95258,1.8,1.25
13.08.2021 00:03:41.068,19.95849,19.95258,1.8,1.55
13.08.2021 00:03:53.669,19.95849,19.95286,1.4,1
13.08.2021 00:03:53.777,19.95849,19.95298,1.4,1.1
13.08.2021 00:03:54.678,19.95849,19.95298,1.4,1.1
13.08.2021 00:03:58.775,19.95867,19.95328,1.9,1.01
13.08.2021 00:04:02.412,19.95859,19.95188,1.4,1.31
13.08.2021 00:04:02.513,19.95829,19.95188,1.05,1.3
13.08.2021 00:04:02.614,19.95829,19.95108,1.05,1.3
13.08.2021 00:04:09.574,19.95849,19.95218,1.4,1.1
13.08.2021 00:04:09.625,19.95849,19.95218,1.4,1.1
13.08.2021 00:04:10.073,19.95849,19.95258,1.4,1.1
13.08.2021 00:04:10.493,19.95859,19.95258,1.15,1.1
13.08.2021 00:04:12.121,19.95867,19.95308,1.9,1.1
13.08.2021 00:04:32.387,19.95867,19.95296,1.8,1
13.08.2021 00:04:35.392,19.95867,19.95296,1.8,1.3
13.08.2021 00:04:35.443,19.95867,19.95338,1.9,1.01
13.08.2021 00:04:43.718,19.95844,19.95198,1.6,1.31
13.08.2021 00:04:43.768,19.95839,19.95198,1.5,1.3
13.08.2021 00:04:43.819,19.95829,19.95117,1.05,1.55
13.08.2021 00:04:45.863,19.95784,19.95118,1.3,1.3
13.08.2021 00:05:03.604,19.958910000000003,19.951610000000002,1.8,1.9
13.08.2021 00:05:03.705,19.959120000000002,19.951610000000002,1.75,1.8
13.08.2021 00:05:04.293,19.959120000000002,19.952160000000003,1.75,1
13.08.2021 00:05:04.970,19.959120000000002,19.95228,1.75,1.55
13.08.2021 00:05:06.297,19.95909,19.95268,1.05,1.55
13.08.2021 00:05:09.425,19.95905,19.95268,1,1.25
13.08.2021 00:05:10.605,19.95889,19.95268,1.75,1.55
13.08.2021 00:05:10.706,19.958820000000003,19.95268,1.8,1.3
13.08.2021 00:05:11.006,19.958720000000003,19.95268,1.05,1.25
13.08.2021 00:05:11.128,19.958720000000003,19.95268,1.05,1.25
13.08.2021 00:05:11.688,19.95883,19.95268,1.75,1.55
13.08.2021 00:05:11.891,19.958720000000003,19.95268,1.05,1.25
13.08.2021 00:05:12.936,19.958720000000003,19.95268,1.05,1.25
13.08.2021 00:05:14.353,19.95867,19.95268,1.8,1.25
13.08.2021 00:05:14.460,19.95824,19.95158,1,1
13.08.2021 00:05:14.511,19.95849,19.95158,1.8,1.25
13.08.2021 00:05:14.561,19.95849,19.95158,1.8,1.25
13.08.2021 00:05:14.713,19.95849,19.95158,1.8,1.25
13.08.2021 00:05:14.864,19.95814,19.95138,1,1
13.08.2021 00:05:15.104,19.95814,19.95148,1,1.3
13.08.2021 00:05:16.261,19.95814,19.95158,1.3,1.3
13.08.2021 00:05:18.787,19.95814,19.95148,1.3,1.3
13.08.2021 00:05:20.329,19.95849,19.95148,1.8,1.55
13.08.2021 00:05:22.129,19.95849,19.95178,1.5,1.55
13.08.2021 00:05:23.399,19.95849,19.95178,1.8,1.25
13.08.2021 00:05:26.269,19.95849,19.95178,1.55,1.25
13.08.2021 00:05:26.522,19.95859,19.95178,1.05,1.55
13.08.2021 00:05:26.822,19.9589,19.95178,1.05,1.3
13.08.2021 00:05:27.737,19.9589,19.95218,1.05,1
13.08.2021 00:05:28.914,19.95814,19.95158,1.3,1
13.08.2021 00:05:29.015,19.95849,19.95158,1.8,1.25
13.08.2021 00:05:29.166,19.95849,19.95158,1.55,1
13.08.2021 00:05:29.267,19.95849,19.95158,1.55,1
13.08.2021 00:05:29.399,19.95849,19.95168,1.55,1
13.08.2021 00:05:29.615,19.95849,19.95168,1.55,1.3
13.08.2021 00:05:30.187,19.95849,19.95158,1.55,1.3
13.08.2021 00:05:39.108,19.9582,19.951510000000003,1.3,1.3
13.08.2021 00:05:42.826,19.9582,19.951510000000003,1.3,1.3
13.08.2021 00:05:52.194,19.9582,19.95188,1.3,1.3
13.08.2021 00:05:54.282,19.95849,19.95208,1.55,1.3
13.08.2021 00:05:56.805,19.95849,19.95208,1.55,1.3
13.08.2021 00:06:02.437,19.95849,19.95208,1.55,1.8
13.08.2021 00:06:03.391,19.95849,19.95208,1.55,1.3
13.08.2021 00:06:04.282,19.95849,19.95208,1.55,1.3
13.08.2021 00:06:04.401,19.95849,19.95208,1.55,1.8
13.08.2021 00:06:05.381,19.95849,19.95208,1.55,1.3
13.08.2021 00:06:06.414,19.95849,19.95208,1.55,1.8
13.08.2021 00:06:07.392,19.95849,19.95208,1.55,1.3
13.08.2021 00:06:22.115,19.95849,19.95238,1.55,1.3
13.08.2021 00:06:22.858,19.95859,19.95248,1.37,1.3
13.08.2021 00:06:23.539,19.95859,19.95248,1.67,1
13.08.2021 00:06:26.051,19.95859,19.95248,1.67,1
13.08.2021 00:06:28.489,19.95859,19.95248,1.37,1.3
13.08.2021 00:06:28.913,19.95859,19.95248,1.67,1
13.08.2021 00:06:31.737,19.95859,19.95248,1.42,1
13.08.2021 00:06:32.019,19.95859,19.95248,1.42,1
13.08.2021 00:06:34.284,19.95859,19.95248,1.12,1.3
13.08.2021 00:06:35.303,19.95859,19.95248,1.42,1
13.08.2021 00:06:35.892,19.95859,19.95248,1.12,1.3
13.08.2021 00:06:36.824,19.95859,19.95248,1.12,1
13.08.2021 00:06:37.262,19.95859,19.95248,1.42,1
13.08.2021 00:06:39.346,19.95859,19.95248,1.42,1
13.08.2021 00:06:42.968,19.958920000000003,19.95248,1.05,1.25
13.08.2021 00:06:43.542,19.958920000000003,19.95288,1.05,1.25
13.08.2021 00:06:43.841,19.95859,19.95288,1.12,1.3
13.08.2021 00:06:44.515,19.95859,19.95288,1.37,1.3
13.08.2021 00:06:50.592,19.95859,19.95288,1.37,1.3
13.08.2021 00:06:50.725,19.95859,19.95288,1.37,1
13.08.2021 00:06:54.193,19.95859,19.95288,1.37,1.3
13.08.2021 00:06:55.269,19.95859,19.95288,1.37,1
13.08.2021 00:06:59.483,19.95859,19.95288,1.67,1
13.08.2021 00:07:00.323,19.95859,19.95288,1.37,1
13.08.2021 00:07:01.366,19.95859,19.95288,1.67,1
13.08.2021 00:07:01.492,19.95859,19.95318,1.67,1
13.08.2021 00:07:02.271,19.95859,19.95318,1.67,1
13.08.2021 00:07:03.491,19.95859,19.95318,1.67,1
13.08.2021 00:07:09.286,19.95859,19.95318,1.67,1
13.08.2021 00:07:14.844,19.95859,19.95318,1.67,1
13.08.2021 00:07:15.711,19.95859,19.95318,1.67,1
13.08.2021 00:07:15.824,19.95859,19.95318,1.67,1
13.08.2021 00:07:15.980,19.95859,19.95318,1.67,1
13.08.2021 00:07:19.506,19.95859,19.95318,1.67,1
13.08.2021 00:07:22.275,19.95859,19.95318,1.67,1
13.08.2021 00:07:27.072,19.95859,19.95318,1.67,1
13.08.2021 00:07:31.007,19.95859,19.95318,1.37,1
13.08.2021 00:07:31.676,19.95859,19.953560000000003,1.37,1
13.08.2021 00:07:31.777,19.95859,19.95368,1.12,1
13.08.2021 00:07:35.827,19.95859,19.95368,1.42,1
13.08.2021 00:07:37.337,19.95859,19.95368,1.42,1
13.08.2021 00:07:38.855,19.95859,19.95368,1.42,1
13.08.2021 00:07:39.326,19.95859,19.95368,1.12,1
13.08.2021 00:07:40.334,19.95859,19.95378,1.12,1
13.08.2021 00:07:49.412,19.959010000000003,19.953960000000002,1.05,1
13.08.2021 00:07:49.753,19.959020000000002,19.95408,1.75,1.25
13.08.2021 00:07:49.888,19.959020000000002,19.95418,1.75,1.25
13.08.2021 00:08:02.617,19.95939,19.95438,1.25,1.25
13.08.2021 00:08:15.559,19.95849,19.95438,1,1
13.08.2021 00:08:16.190,19.958820000000003,19.95438,1.5,1
13.08.2021 00:08:30.588,19.958820000000003,19.95468,1.75,1.25
13.08.2021 00:08:32.208,19.95939,19.95498,1.25,1.25
13.08.2021 00:08:33.069,19.95939,19.955160000000003,1.25,1
13.08.2021 00:08:33.170,19.95939,19.95528,1.25,1.25
13.08.2021 00:08:48.049,19.95939,19.955560000000002,1.25,1
13.08.2021 00:08:48.962,19.95939,19.95568,1.25,1.25
13.08.2021 00:08:52.020,19.95942,19.95578,1.75,1.25
13.08.2021 00:08:52.071,19.960420000000003,19.95578,1.3,1
13.08.2021 00:08:52.341,19.960420000000003,19.95578,1,1.3
13.08.2021 00:08:53.522,19.960420000000003,19.95608,1,1.3
13.08.2021 00:08:59.293,19.960420000000003,19.95608,1,1
13.08.2021 00:09:00.378,19.960420000000003,19.95608,1,1.3
13.08.2021 00:09:02.991,19.960810000000002,19.95608,1.5,1.3
13.08.2021 00:09:03.146,19.960810000000002,19.95439,1.5,1.15
13.08.2021 00:09:04.250,19.960810000000002,19.95458,1.5,1.3
13.08.2021 00:09:15.588,19.96139,19.95524,1.55,1.25
13.08.2021 00:09:15.693,19.96139,19.95503,1.25,1.9
13.08.2021 00:09:16.652,19.96139,19.95566,1.25,1
13.08.2021 00:09:16.977,19.96139,19.95578,1.25,1.25
13.08.2021 00:09:19.023,19.96139,19.95578,1.25,1.55
13.08.2021 00:09:38.357,19.96139,19.954510000000003,1.25,1.9
13.08.2021 00:09:52.070,19.96151,19.95433,1.8,1.55
13.08.2021 00:09:55.657,19.96139,19.95433,1.3,1.55
13.08.2021 00:09:55.955,19.96139,19.95433,1.3,1.55
13.08.2021 00:09:58.324,19.96101,19.95428,1.05,1.8
13.08.2021 00:10:04.231,19.96101,19.95428,1.05,1.9
13.08.2021 00:10:13.857,19.95867,19.95368,1,1.8
13.08.2021 00:10:13.908,19.95849,19.95368,1,1
13.08.2021 00:10:13.959,19.95849,19.95253,1.25,1.55
13.08.2021 00:10:14.010,19.95849,19.952060000000003,1.55,1.55
13.08.2021 00:10:14.060,19.95849,19.95218,1.3,1.3
13.08.2021 00:10:16.363,19.95849,19.95208,1.3,1.3
13.08.2021 00:10:20.367,19.95849,19.95208,1.3,1.3
13.08.2021 00:10:21.251,19.95849,19.95208,1.3,1.3
13.08.2021 00:10:23.892,19.95849,19.95208,1.3,1.3
13.08.2021 00:10:31.157,19.95867,19.95208,1.3,1.3
13.08.2021 00:10:44.283,19.95824,19.95238,1.3,1.3
13.08.2021 00:10:51.383,19.95824,19.95238,1.3,1.3
13.08.2021 00:10:51.604,19.95926,19.952910000000003,1.3,1.25
13.08.2021 00:10:51.655,19.95926,19.952710000000003,1.3,1.15
13.08.2021 00:10:51.755,19.95926,19.952710000000003,1.3,1.05
13.08.2021 00:10:52.762,19.95926,19.95318,1,1.3
13.08.2021 00:10:54.285,19.95926,19.95318,1.3,1.3
13.08.2021 00:10:55.950,19.95926,19.95318,1,1.3
13.08.2021 00:11:04.160,19.960050000000003,19.95306,1.3,1.3
13.08.2021 00:11:21.440,19.9605,19.95455,1.3,1
13.08.2021 00:11:21.541,19.96131,19.95455,1.05,1.5
13.08.2021 00:11:23.085,19.96129,19.95458,1.05,1.9
13.08.2021 00:11:24.333,19.96101,19.95458,1.05,1.8
13.08.2021 00:11:26.060,19.961260000000003,19.95458,1.05,1.5
13.08.2021 00:11:27.865,19.96101,19.95455,1.05,1.8
13.08.2021 00:11:44.285,19.96139,19.95438,1.3,1.65
13.08.2021 00:11:48.307,19.96101,19.955450000000003,1.05,1.5
13.08.2021 00:11:49.414,19.96139,19.955450000000003,1.25,1.8
13.08.2021 00:11:49.855,19.96139,19.95568,1.25,1.25
13.08.2021 00:11:50.036,19.96139,19.95568,1.25,1.55
13.08.2021 00:11:54.922,19.96139,19.955450000000003,1.25,1.5
13.08.2021 00:12:07.788,19.961190000000002,19.95449,1.05,1.8
13.08.2021 00:12:09.225,19.96132,19.95449,1.75,1.8
13.08.2021 00:12:09.680,19.96101,19.95449,1.05,1.8
13.08.2021 00:12:18.444,19.96132,19.954510000000003,1.8,1.55
13.08.2021 00:12:19.421,19.96139,19.95416,1.3,1.65
13.08.2021 00:12:24.285,19.96139,19.95416,1.3,1.65
13.08.2021 00:12:27.913,19.96139,19.95416,1.3,1.65
13.08.2021 00:12:45.032,19.96139,19.954510000000003,1.3,1.65
13.08.2021 00:12:47.051,19.96139,19.954510000000003,1.3,1.9
13.08.2021 00:12:47.826,19.96129,19.955460000000002,1.05,1.8
13.08.2021 00:12:50.306,19.96139,19.955810000000003,1.25,1
13.08.2021 00:13:01.441,19.96139,19.95578,1.3,1.5
13.08.2021 00:13:08.618,19.96139,19.95578,1,1.8
13.08.2021 00:13:20.591,19.96139,19.955810000000003,1,1
13.08.2021 00:13:22.439,19.96139,19.955070000000003,1,1.5
13.08.2021 00:13:33.177,19.96101,19.95433,1.05,1.65
13.08.2021 00:13:37.626,19.96139,19.954710000000002,1.25,1.05
13.08.2021 00:13:39.586,19.96139,19.95488,1.25,1.9
13.08.2021 00:13:40.118,19.96139,19.95488,1.55,1.9
13.08.2021 00:13:42.467,19.96139,19.95488,1.25,1.9
13.08.2021 00:13:49.101,19.96139,19.95528,1.25,1.55
13.08.2021 00:13:51.093,19.96139,19.95588,1.25,1.55
13.08.2021 00:14:00.646,19.96139,19.95588,1.25,1.55
13.08.2021 00:14:03.055,19.96139,19.95548,1.25,1.55
13.08.2021 00:14:03.640,19.96139,19.95433,1.25,1.55
13.08.2021 00:14:05.035,19.961190000000002,19.95433,1.05,1.55
13.08.2021 00:14:08.219,19.96139,19.95433,1.25,1.8
13.08.2021 00:14:10.665,19.96139,19.95433,1.55,1.8
13.08.2021 00:14:11.134,19.96122,19.95433,1.05,1.55
13.08.2021 00:14:11.697,19.96101,19.95433,1.05,1.55
13.08.2021 00:14:11.849,19.96123,19.95393,1.05,1.8
13.08.2021 00:14:12.163,19.96109,19.95393,1.05,1.8
13.08.2021 00:14:13.143,19.96123,19.95393,1.05,1.8
13.08.2021 00:14:14.127,19.96109,19.95393,1.05,1.8
13.08.2021 00:14:14.285,19.96101,19.95393,1.05,1.8
13.08.2021 00:14:16.305,19.96101,19.95393,1.05,1.8
13.08.2021 00:14:23.317,19.96101,19.95408,1.05,1.9
13.08.2021 00:14:24.285,19.96101,19.95408,1.05,1.8
13.08.2021 00:14:25.093,19.96104,19.95408,1.05,1.8
13.08.2021 00:14:28.095,19.96132,19.95408,1.8,1.55
13.08.2021 00:14:36.194,19.96132,19.95408,1.8,1.55
13.08.2021 00:14:40.745,19.96132,19.95408,1.8,1.55
13.08.2021 00:14:52.057,19.96112,19.95393,1.75,1.9
13.08.2021 00:15:00.617,19.96112,19.95433,1.75,1.55
13.08.2021 00:15:02.207,19.96139,19.954710000000002,1.25,1.15
13.08.2021 00:15:03.038,19.96139,19.954710000000002,1.25,1.96
13.08.2021 00:15:10.259,19.96139,19.95508,1.25,1.8
13.08.2021 00:15:12.137,19.96139,19.95508,1.25,1.8
13.08.2021 00:15:12.313,19.96139,19.95508,1.55,1.8
13.08.2021 00:15:14.113,19.96101,19.954510000000003,1.05,1.8
13.08.2021 00:15:14.313,19.96138,19.954510000000003,1.05,1.8
13.08.2021 00:15:52.678,19.96123,19.95433,1.05,1.9
13.08.2021 00:16:00.415,19.96101,19.95433,1.05,1.9
13.08.2021 00:16:02.191,19.96124,19.95433,1.05,1.9
13.08.2021 00:16:07.278,19.96101,19.95433,1.05,1.9
13.08.2021 00:16:11.596,19.96112,19.95433,1.75,1.8
13.08.2021 00:16:25.552,19.96101,19.95433,1.05,1.8
13.08.2021 00:16:26.357,19.96101,19.95433,1.05,1.8
13.08.2021 00:16:28.038,19.96124,19.954710000000002,1.05,1.05
13.08.2021 00:16:39.102,19.96101,19.95433,1.05,1.9
13.08.2021 00:16:39.153,19.96101,19.95433,1.05,1.8
13.08.2021 00:16:39.459,19.96139,19.95433,1.25,1.8
13.08.2021 00:17:23.888,19.96139,19.954510000000003,1.25,1.9
13.08.2021 00:17:25.036,19.96139,19.95518,1.25,1.8
13.08.2021 00:17:27.757,19.96134,19.95518,1.05,1.8
13.08.2021 00:17:28.582,19.96124,19.95518,1.05,1.8
13.08.2021 00:17:31.187,19.96139,19.95518,1.25,1.5
13.08.2021 00:17:31.575,19.96139,19.95433,1.25,1.55
13.08.2021 00:17:32.818,19.961190000000002,19.954510000000003,1.05,1.8
13.08.2021 00:17:34.527,19.961190000000002,19.954510000000003,1.05,1.8
13.08.2021 00:17:36.079,19.96104,19.95468,1.05,1.8
13.08.2021 00:17:36.947,19.96139,19.954710000000002,1.25,1.15
13.08.2021 00:17:38.397,19.96104,19.95508,1.05,1.8
13.08.2021 00:17:58.243,19.96139,19.955379999999998,1.25,1.55
13.08.2021 00:18:01.030,19.96139,19.955379999999998,1,1.55
13.08.2021 00:18:02.080,19.96139,19.955560000000002,1,1
13.08.2021 00:18:02.197,19.96139,19.95568,1,1.25
13.08.2021 00:18:03.088,19.96139,19.95568,1,1.55
13.08.2021 00:18:25.068,19.96139,19.95568,1.25,1.55
13.08.2021 00:18:42.676,19.96139,19.95598,1.25,1.55
13.08.2021 00:19:42.222,19.96139,19.95608,1,1.55
13.08.2021 00:19:49.820,19.96139,19.95608,1.25,1.55
13.08.2021 00:19:53.549,19.96139,19.95568,1.25,1.55
13.08.2021 00:20:52.737,19.96139,19.95558,1.25,1.8
13.08.2021 00:20:54.873,19.96133,19.954510000000003,1.05,1.56
13.08.2021 00:20:55.399,19.96109,19.954510000000003,1.05,1.8
13.08.2021 00:20:55.847,19.96139,19.954510000000003,1.25,1.8
13.08.2021 00:20:57.151,19.96109,19.954510000000003,1.05,1.8
13.08.2021 00:20:58.093,19.96139,19.954510000000003,1.25,1.8
13.08.2021 00:20:59.368,19.961070000000003,19.95433,1.05,1.55
13.08.2021 00:20:59.824,19.96101,19.95433,1.05,1.55
13.08.2021 00:21:01.404,19.96105,19.95433,1.05,1.55
13.08.2021 00:21:08.171,19.96132,19.95433,1.8,1.65
13.08.2021 00:21:11.630,19.96102,19.95433,2.05,1.65
13.08.2021 00:21:16.312,19.96102,19.95433,1.75,1.65
13.08.2021 00:21:21.161,19.96102,19.95433,2.05,1.65
13.08.2021 00:21:26.784,19.96102,19.95433,1.75,1.65
13.08.2021 00:21:29.684,19.96102,19.95433,2.05,1.65
13.08.2021 00:21:32.726,19.96102,19.95433,1.75,1.55
13.08.2021 00:21:59.501,19.96115,19.95393,1.75,1.65
13.08.2021 00:22:00.495,19.96101,19.95438,1.05,1.65
13.08.2021 00:22:02.129,19.96101,19.95393,1.05,1.65
13.08.2021 00:22:15.191,19.96092,19.95411,1.75,1.65
13.08.2021 00:22:20.086,19.96092,19.95411,1.75,1.65
13.08.2021 00:22:22.095,19.96105,19.954510000000003,1.75,1.55
13.08.2021 00:22:27.439,19.96105,19.954510000000003,1.75,1.55
13.08.2021 00:22:29.401,19.96121,19.954510000000003,1.05,1.9
13.08.2021 00:22:29.933,19.961190000000002,19.954710000000002,1.05,1.15
13.08.2021 00:22:33.712,19.96109,19.95498,1.05,1.9
13.08.2021 00:22:42.309,19.96109,19.95411,1.05,1.9
13.08.2021 00:22:43.586,19.960820000000002,19.95433,1.5,1.55
13.08.2021 00:22:45.792,19.960820000000002,19.95411,1.75,1.9
13.08.2021 00:22:48.492,19.960820000000002,19.95433,1.5,1.65
13.08.2021 00:22:52.113,19.960820000000002,19.95433,1.5,1.55
13.08.2021 00:22:59.768,19.960820000000002,19.95408,1.5,1.65
13.08.2021 00:23:00.371,19.960520000000002,19.95399,1,1.55
13.08.2021 00:23:01.692,19.960520000000002,19.95399,1,1.55
13.08.2021 00:23:03.051,19.960220000000003,19.95399,1,1.55
13.08.2021 00:23:05.650,19.960220000000003,19.95399,1,1.55
13.08.2021 00:23:08.593,19.960220000000003,19.95393,1,1.55
13.08.2021 00:23:11.592,19.960220000000003,19.95393,1,1.55
13.08.2021 00:23:24.195,19.960220000000003,19.95393,1,1.55
13.08.2021 00:23:24.452,19.960050000000003,19.95393,1,1.55
13.08.2021 00:23:24.700,19.959920000000004,19.95393,1.25,1.55
13.08.2021 00:23:25.993,19.959920000000004,19.95393,1.25,1.55
13.08.2021 00:23:32.686,19.959920000000004,19.95393,1.25,1.55
13.08.2021 00:23:40.993,19.959920000000004,19.95393,1,1.55
13.08.2021 00:23:48.053,19.959920000000004,19.954700000000003,1,1
13.08.2021 00:24:21.082,19.960050000000003,19.95393,1,1.55
13.08.2021 00:24:25.207,19.9613,19.95341,1.3,1.65
13.08.2021 00:24:48.085,19.9613,19.95341,1.3,1.4
13.08.2021 00:24:56.414,19.96055,19.95393,1,1.4
13.08.2021 00:24:56.729,19.960420000000003,19.95393,1,1.4
13.08.2021 00:25:09.318,19.960420000000003,19.95393,1,1.4
13.08.2021 00:25:24.200,19.960420000000003,19.95393,1,1.4
13.08.2021 00:25:33.137,19.960420000000003,19.95393,1,1.4
13.08.2021 00:25:51.791,19.960420000000003,19.95393,1,1.4
13.08.2021 00:25:56.464,19.960520000000002,19.95393,1.25,1.4
13.08.2021 00:26:11.552,19.960520000000002,19.95393,1.25,1.4
13.08.2021 00:26:28.509,19.960520000000002,19.95393,1.25,1.4
13.08.2021 00:26:45.193,19.960520000000002,19.95393,1.25,1.4
13.08.2021 00:26:50.900,19.960520000000002,19.95393,1.25,1.4
13.08.2021 00:26:53.002,19.96092,19.95393,1.75,1.4
13.08.2021 00:27:03.188,19.96132,19.954510000000003,1.8,1
13.08.2021 00:27:03.289,19.96139,19.954510000000003,1,1.55
13.08.2021 00:27:03.407,19.96139,19.954510000000003,1.3,1.65
13.08.2021 00:27:04.392,19.96139,19.954510000000003,1,2.15
13.08.2021 00:27:05.717,19.96139,19.95478,1,1.65
13.08.2021 00:27:09.491,19.96139,19.95478,1.3,1.26
13.08.2021 00:27:10.233,19.96139,19.95478,1,1.65
13.08.2021 00:27:31.452,19.96139,19.95478,1.3,1.65
13.08.2021 00:27:31.815,19.96139,19.95478,1.3,1.65
13.08.2021 00:27:32.876,19.96139,19.95429,1.3,1.65
13.08.2021 00:27:32.976,19.96139,19.95429,1,1.55
13.08.2021 00:27:33.122,19.96139,19.95429,1,1.55
13.08.2021 00:27:50.322,19.96139,19.95429,1.3,1
13.08.2021 00:27:50.893,19.96139,19.95429,1.3,1.3
13.08.2021 00:28:04.976,19.96139,19.95429,1.3,1
13.08.2021 00:28:19.221,19.96139,19.95393,1.3,1.3
13.08.2021 00:28:19.429,19.96139,19.95393,1.3,1.4
13.08.2021 00:28:36.192,19.96139,19.95393,1.3,1.3
13.08.2021 00:28:47.279,19.96142,19.95371,1.8,1.65
13.08.2021 00:29:05.565,19.96139,19.954510000000003,1.3,1
13.08.2021 00:29:06.837,19.96139,19.954510000000003,1,1.55
13.08.2021 00:29:11.194,19.96139,19.954510000000003,1,1.55
13.08.2021 00:29:11.891,19.96139,19.954510000000003,1.3,1.25
13.08.2021 00:29:14.246,19.96139,19.954510000000003,1,1.55
13.08.2021 00:29:14.961,19.96139,19.954510000000003,1.3,1.55
13.08.2021 00:29:18.087,19.96139,19.954510000000003,1.3,1.65
13.08.2021 00:29:22.833,19.96139,19.954510000000003,1,1.65
13.08.2021 00:29:25.612,19.96139,19.95429,1.3,1.9
13.08.2021 00:29:25.713,19.96139,19.95429,1.3,1.8
13.08.2021 00:29:25.906,19.96139,19.95429,1.3,1.8
13.08.2021 00:29:29.989,19.96139,19.95429,1.3,1.8
13.08.2021 00:29:30.197,19.96139,19.95429,1.3,1.8
13.08.2021 00:29:36.894,19.96139,19.95429,1.3,1.8
13.08.2021 00:29:50.293,19.96139,19.95429,1.3,1.9
13.08.2021 00:29:58.391,19.96139,19.95429,1.3,1.8
13.08.2021 00:29:59.238,19.96139,19.95429,1.3,1.8
13.08.2021 00:30:01.187,19.96139,19.95429,1.3,1.9
13.08.2021 00:30:54.897,19.96139,19.95418,1.3,1.55
13.08.2021 00:30:55.342,19.95929,19.953460000000003,1,1.3
13.08.2021 00:30:55.443,19.95929,19.95339,1.3,1
13.08.2021 00:30:55.557,19.95929,19.95339,1.3,1
13.08.2021 00:31:00.634,19.95889,19.95339,1.3,1
13.08.2021 00:31:00.735,19.95889,19.95339,1.3,1
13.08.2021 00:31:01.393,19.95849,19.95204,1,1
13.08.2021 00:31:01.444,19.95764,19.95163,1,1.65
13.08.2021 00:31:01.494,19.957620000000002,19.95165,1,1
13.08.2021 00:31:02.312,19.957620000000002,19.95165,1.3,1
13.08.2021 00:31:06.359,19.957620000000002,19.95165,1.3,1
13.08.2021 00:31:06.410,19.957620000000002,19.95138,1.3,1
13.08.2021 00:31:06.461,19.957620000000002,19.95138,1.3,1
13.08.2021 00:31:06.612,19.957620000000002,19.95138,1,1
13.08.2021 00:31:07.839,19.957620000000002,19.95138,1.3,1
13.08.2021 00:31:07.952,19.957620000000002,19.95138,1,1
13.08.2021 00:31:15.646,19.95799,19.950660000000003,1.3,1.65
13.08.2021 00:31:19.918,19.95857,19.950560000000003,1.3,1.55
13.08.2021 00:31:20.319,19.95849,19.950560000000003,1.3,1.55
13.08.2021 00:31:21.675,19.959010000000003,19.950560000000003,1.55,1.55
13.08.2021 00:31:23.291,19.959010000000003,19.950560000000003,1.55,1.55
13.08.2021 00:31:23.955,19.95849,19.950560000000003,1.3,1.55
13.08.2021 00:31:25.711,19.959010000000003,19.95051,1.55,1.55
13.08.2021 00:31:25.936,19.95907,19.95051,1.55,1.55
13.08.2021 00:31:37.917,19.957620000000002,19.95118,1,1
13.08.2021 00:31:43.579,19.957620000000002,19.95118,1,1.3
13.08.2021 00:31:46.663,19.95801,19.95079,1,1.55
13.08.2021 00:31:46.764,19.95907,19.95051,1.55,1.65
13.08.2021 00:31:46.931,19.95907,19.95051,1.55,1.65
13.08.2021 00:31:47.803,19.95907,19.95051,1.55,1.65
13.08.2021 00:31:49.819,19.95801,19.95051,1.25,1.9
13.08.2021 00:31:52.391,19.95801,19.950660000000003,1.25,1.8
13.08.2021 00:32:01.488,19.95812,19.95138,1,1.25
13.08.2021 00:32:02.019,19.95812,19.95138,1.3,1.25
13.08.2021 00:32:14.787,19.959010000000003,19.950660000000003,1.3,1.55
13.08.2021 00:32:16.054,19.95849,19.950660000000003,1,1.55
13.08.2021 00:32:16.499,19.95849,19.95039,1.3,1.55
13.08.2021 00:32:17.223,19.95849,19.95039,1.3,1.55
13.08.2021 00:32:17.455,19.95849,19.95039,1.3,1.55
13.08.2021 00:32:17.846,19.95812,19.95099,1.3,1.55
13.08.2021 00:33:03.020,19.95849,19.951060000000002,1.3,1.3
13.08.2021 00:33:07.287,19.958190000000002,19.95118,1.3,1
13.08.2021 00:33:09.583,19.958190000000002,19.95108,1.3,1.3
13.08.2021 00:33:17.987,19.958190000000002,19.95108,1,1
13.08.2021 00:33:18.569,19.958190000000002,19.95108,1.3,1.3
13.08.2021 00:34:01.107,19.95832,19.95099,1.3,1.55
13.08.2021 00:34:06.207,19.95683,19.95054,1.5,1.3
13.08.2021 00:34:06.358,19.95362,19.948610000000002,1.5,1.25
13.08.2021 00:34:06.472,19.95429,19.948610000000002,1.85,1.25
13.08.2021 00:34:06.574,19.95429,19.948610000000002,1.85,1.25
13.08.2021 00:34:07.367,19.95429,19.948610000000002,1.85,1.25
13.08.2021 00:34:09.105,19.95362,19.948610000000002,1.5,1.25
13.08.2021 00:34:10.089,19.954,19.948610000000002,1.1,1.25
13.08.2021 00:34:10.291,19.954,19.94771,1.1,1.55
13.08.2021 00:34:10.672,19.954,19.94771,1.1,1.55
13.08.2021 00:34:10.781,19.95139,19.94659,1.25,2.05
13.08.2021 00:34:10.832,19.95133,19.94583,1.05,1.25
13.08.2021 00:34:10.883,19.95139,19.94583,1.55,1.25
13.08.2021 00:34:10.985,19.95139,19.94583,1.55,1.25
13.08.2021 00:34:11.338,19.95169,19.94588,1.3,1
13.08.2021 00:34:11.825,19.95169,19.94588,1.3,1.3
13.08.2021 00:34:12.609,19.95169,19.94608,1.3,1
13.08.2021 00:34:14.593,19.95169,19.94608,1.3,1
13.08.2021 00:34:15.394,19.95099,19.94548,1.8,1
13.08.2021 00:34:15.495,19.95099,19.945320000000002,1.8,1
13.08.2021 00:34:21.951,19.95099,19.945320000000002,1.8,1
13.08.2021 00:34:27.336,19.95099,19.945320000000002,1.8,1
13.08.2021 00:34:28.931,19.95139,19.94528,1.9,1
13.08.2021 00:34:32.743,19.95117,19.94528,1.8,1
13.08.2021 00:34:34.297,19.951120000000003,19.94528,1.05,1.25
13.08.2021 00:34:34.981,19.951120000000003,19.94498,1.05,1.25
13.08.2021 00:34:38.141,19.951510000000003,19.94508,1.9,1
13.08.2021 00:34:38.355,19.951510000000003,19.94508,1.9,1
13.08.2021 00:34:39.132,19.951510000000003,19.94526,1.9,1
13.08.2021 00:34:40.051,19.951510000000003,19.94538,1.9,1
13.08.2021 00:34:40.693,19.951510000000003,19.94538,1.9,1
13.08.2021 00:34:49.164,19.95169,19.94538,1.3,1
13.08.2021 00:34:53.912,19.95117,19.94538,1.8,1
13.08.2021 00:34:54.296,19.95117,19.94538,1.8,1
13.08.2021 00:34:56.308,19.95117,19.94538,1.8,1
13.08.2021 00:34:57.769,19.95139,19.94538,1.9,1
13.08.2021 00:34:57.870,19.950490000000002,19.94508,1.3,1
13.08.2021 00:34:57.920,19.950490000000002,19.94478,1.3,1
13.08.2021 00:34:58.923,19.950490000000002,19.944679999999998,1.3,1
13.08.2021 00:34:59.088,19.950490000000002,19.944679999999998,1.3,1.3
13.08.2021 00:34:59.341,19.950490000000002,19.944679999999998,1.3,1
13.08.2021 00:35:01.516,19.950490000000002,19.944679999999998,1,1.3
13.08.2021 00:35:04.296,19.950490000000002,19.944679999999998,1.3,1.3
13.08.2021 00:35:08.740,19.950490000000002,19.944679999999998,1,1.3
13.08.2021 00:35:08.841,19.951510000000003,19.944560000000003,1.65,1.3
13.08.2021 00:35:09.202,19.951510000000003,19.944560000000003,1.65,1
13.08.2021 00:35:11.286,19.951510000000003,19.944560000000003,1.65,1
13.08.2021 00:35:11.861,19.95169,19.944560000000003,1.65,1.3
13.08.2021 00:35:13.533,19.95169,19.944560000000003,1.65,1.3
13.08.2021 00:35:17.087,19.95169,19.944560000000003,1.65,1.3
13.08.2021 00:35:21.286,19.95169,19.944560000000003,1.65,1.3
13.08.2021 00:35:28.909,19.95169,19.944560000000003,1.65,1.3
13.08.2021 00:35:29.472,19.95088,19.94508,1.25,1.3
13.08.2021 00:35:30.428,19.95088,19.94508,1.25,1.3
13.08.2021 00:35:37.393,19.95088,19.94528,1.25,1
13.08.2021 00:35:38.102,19.95088,19.94528,1.25,1.3
13.08.2021 00:35:58.102,19.950490000000002,19.94528,1,1.3
13.08.2021 00:36:23.915,19.952090000000002,19.94516,1.65,1.3
13.08.2021 00:36:24.030,19.951600000000003,19.94633,1,1.3
13.08.2021 00:36:24.080,19.95178,19.94633,1,1.3
13.08.2021 00:36:24.131,19.952620000000003,19.94633,1.3,1.3
13.08.2021 00:36:24.762,19.952620000000003,19.94658,1.3,1
13.08.2021 00:36:24.813,19.952620000000003,19.946910000000003,1.3,1
13.08.2021 00:36:24.964,19.952620000000003,19.946910000000003,1.3,1.3
13.08.2021 00:36:25.744,19.952620000000003,19.94718,1.3,1
13.08.2021 00:36:36.629,19.95447,19.94706,1.95,1
13.08.2021 00:36:38.100,19.953010000000003,19.94708,1.3,1
13.08.2021 00:36:39.207,19.952620000000003,19.94708,1.3,1
13.08.2021 00:36:45.118,19.952620000000003,19.94758,1.3,1
13.08.2021 00:37:00.007,19.952620000000003,19.946910000000003,1.3,1.3
13.08.2021 00:37:00.107,19.952620000000003,19.946910000000003,1,1.3
13.08.2021 00:37:00.920,19.952620000000003,19.94698,1.3,1
13.08.2021 00:37:01.301,19.952620000000003,19.94698,1,1.3
13.08.2021 00:37:05.738,19.952620000000003,19.946910000000003,1.3,1.3
13.08.2021 00:37:08.136,19.952620000000003,19.946910000000003,1,1.3
13.08.2021 00:37:08.414,19.952620000000003,19.946910000000003,1.3,1.3
13.08.2021 00:37:19.575,19.953010000000003,19.94673,1,1.3
13.08.2021 00:37:20.175,19.953010000000003,19.94673,1.3,1.3
13.08.2021 00:37:40.183,19.953200000000002,19.94673,1.1,1.3
13.08.2021 00:37:56.212,19.953110000000002,19.946910000000003,1.1,1.3
13.08.2021 00:38:01.490,19.953110000000002,19.946910000000003,1.1,1.3
13.08.2021 00:38:09.749,19.953110000000002,19.946910000000003,1.1,1.3
13.08.2021 00:38:14.297,19.953110000000002,19.946910000000003,1.1,1.3
13.08.2021 00:38:14.475,19.95319,19.946910000000003,1.1,1.3
13.08.2021 00:38:22.184,19.953300000000002,19.946910000000003,1.2,1.3
13.08.2021 00:38:24.298,19.953300000000002,19.946910000000003,1.2,1.3
13.08.2021 00:38:28.357,19.953300000000002,19.946910000000003,1.2,1.3
13.08.2021 00:38:40.318,19.953270000000003,19.94698,1.6,1
13.08.2021 00:38:40.469,19.953270000000003,19.94698,1.6,1.3
13.08.2021 00:38:52.085,19.953270000000003,19.94698,1.7,1.3
13.08.2021 00:38:54.452,19.953270000000003,19.94698,1.3,1.3
13.08.2021 00:38:59.099,19.953270000000003,19.94698,1.7,1.3
13.08.2021 00:39:00.937,19.953270000000003,19.94698,1.7,1
13.08.2021 00:39:03.232,19.953270000000003,19.94698,1.4,1.3
13.08.2021 00:39:04.414,19.953270000000003,19.94698,1.7,1
13.08.2021 00:39:04.465,19.954050000000002,19.94673,1.95,1.4
13.08.2021 00:39:04.570,19.954050000000002,19.94673,1.95,1.4
13.08.2021 00:39:10.305,19.95362,19.94673,1.7,1.4
13.08.2021 00:39:17.844,19.9536,19.94673,1.2,1.4
13.08.2021 00:39:33.066,19.953270000000003,19.94673,1.7,1.3
13.08.2021 00:40:04.686,19.953660000000003,19.94678,1.7,1.3
13.08.2021 00:40:05.810,19.953660000000003,19.94678,1.7,1.3
13.08.2021 00:40:07.205,19.953660000000003,19.94678,1.7,1.3
13.08.2021 00:40:09.697,19.953270000000003,19.946910000000003,1.95,1.25
13.08.2021 00:40:09.798,19.953270000000003,19.946910000000003,1.95,1.65
13.08.2021 00:40:10.238,19.953270000000003,19.94728,1.7,1.4
13.08.2021 00:40:10.346,19.953270000000003,19.94738,1.7,1.4
13.08.2021 00:40:10.447,19.953270000000003,19.94738,1.6,1.4
13.08.2021 00:40:10.497,19.953270000000003,19.94738,1.6,1.1
13.08.2021 00:40:10.956,19.953270000000003,19.94768,1.6,1
13.08.2021 00:40:13.028,19.953270000000003,19.94768,1.6,1
13.08.2021 00:40:16.171,19.953270000000003,19.94768,1.7,1
13.08.2021 00:40:16.272,19.953270000000003,19.94768,1.4,1.3
13.08.2021 00:40:20.010,19.953270000000003,19.94748,1.4,1.3
13.08.2021 00:40:20.161,19.953270000000003,19.94748,1.7,1.3
13.08.2021 00:40:20.249,19.953270000000003,19.94748,1.4,1.3
13.08.2021 00:40:21.259,19.953270000000003,19.94748,1.7,1.3
13.08.2021 00:40:22.126,19.953270000000003,19.94748,1.7,1
13.08.2021 00:40:22.787,19.953270000000003,19.94748,1.7,1
13.08.2021 00:40:28.106,19.953270000000003,19.94748,1.6,1
13.08.2021 00:40:31.312,19.953270000000003,19.947779999999998,1.6,1
13.08.2021 00:40:37.091,19.953270000000003,19.947779999999998,1.6,1
13.08.2021 00:40:37.192,19.953270000000003,19.947779999999998,1.3,1
13.08.2021 00:40:38.631,19.953270000000003,19.947960000000002,1.3,1
13.08.2021 00:40:39.196,19.953270000000003,19.94808,1.3,1
13.08.2021 00:40:39.562,19.953270000000003,19.94808,1.6,1
13.08.2021 00:40:43.391,19.953270000000003,19.94808,1.3,1
13.08.2021 00:40:44.590,19.953270000000003,19.94808,1.6,1
13.08.2021 00:40:45.009,19.953270000000003,19.94808,1.6,1
13.08.2021 00:40:57.492,19.953270000000003,19.94808,1.3,1
13.08.2021 00:41:02.604,19.953270000000003,19.94808,1.3,1
13.08.2021 00:41:02.920,19.953270000000003,19.94808,1.3,1
13.08.2021 00:41:03.790,19.953270000000003,19.94808,1.6,1
13.08.2021 00:41:05.021,19.953270000000003,19.94836,1.3,1
13.08.2021 00:41:05.590,19.953270000000003,19.94848,1.3,1
13.08.2021 00:41:05.722,19.953270000000003,19.94866,1.3,1
13.08.2021 00:41:05.986,19.953270000000003,19.94878,1.3,1
13.08.2021 00:41:07.692,19.95352,19.94878,1.3,1
13.08.2021 00:41:08.279,19.95352,19.94878,1.3,1
13.08.2021 00:41:09.491,19.95352,19.94878,1.6,1
13.08.2021 00:41:13.330,19.95352,19.94878,1.6,1
13.08.2021 00:41:14.684,19.95352,19.94868,1.3,1
13.08.2021 00:41:14.785,19.95352,19.94868,1.3,1
13.08.2021 00:41:15.101,19.95372,19.94868,1,1
13.08.2021 00:41:15.221,19.954020000000003,19.94868,1.3,1
13.08.2021 00:41:16.241,19.95373,19.94868,1,1
13.08.2021 00:41:16.690,19.95373,19.94868,1.3,1
13.08.2021 00:41:16.909,19.95373,19.94868,1.3,1
13.08.2021 00:41:18.192,19.95373,19.94868,1.3,1
13.08.2021 00:41:20.092,19.95373,19.94868,1.3,1
13.08.2021 00:41:21.979,19.95373,19.94868,1.3,1
13.08.2021 00:41:22.551,19.95373,19.94886,1.3,1
13.08.2021 00:41:23.213,19.95373,19.94898,1.3,1
13.08.2021 00:41:23.632,19.954020000000003,19.94898,1.6,1
13.08.2021 00:41:24.293,19.95373,19.94898,1.3,1
13.08.2021 00:41:24.940,19.95373,19.94898,1.3,1
13.08.2021 00:41:25.690,19.954020000000003,19.94898,1.6,1
13.08.2021 00:41:26.262,19.954020000000003,19.94898,1.6,1
13.08.2021 00:41:27.323,19.95373,19.94898,1.3,1
13.08.2021 00:41:27.791,19.95373,19.94898,1.3,1
13.08.2021 00:41:30.268,19.95433,19.94898,1.7,1
13.08.2021 00:41:33.321,19.95372,19.94898,1.3,1
13.08.2021 00:41:33.689,19.95372,19.94808,1.3,1
13.08.2021 00:41:33.790,19.95373,19.94689,1,1.4
13.08.2021 00:41:33.840,19.95304,19.94668,1,1.4
13.08.2021 00:41:33.891,19.95304,19.94668,1.3,1.3
13.08.2021 00:41:36.578,19.9539,19.947460000000003,1.6,1.1
13.08.2021 00:41:36.629,19.9539,19.947460000000003,1.6,1.1
13.08.2021 00:41:36.942,19.9539,19.947460000000003,1.6,1
13.08.2021 00:41:37.833,19.95372,19.947960000000002,1.3,1
13.08.2021 00:41:37.934,19.95372,19.94808,1.3,1
13.08.2021 00:41:38.792,19.95372,19.94808,1.3,1
13.08.2021 00:41:41.971,19.95372,19.94808,1.3,1
13.08.2021 00:41:43.934,19.9539,19.94808,1.7,1
13.08.2021 00:41:44.336,19.9539,19.94808,1.7,1
13.08.2021 00:41:45.251,19.9539,19.94808,1.6,1
13.08.2021 00:41:48.794,19.9539,19.94808,1.7,1
13.08.2021 00:41:51.234,19.9543,19.94808,1.7,1
13.08.2021 00:41:53.279,19.9543,19.94808,1.7,1
13.08.2021 00:41:57.492,19.9543,19.94808,1.7,1
13.08.2021 00:41:57.997,19.9539,19.947070000000004,1.2,1.3
13.08.2021 00:41:59.143,19.95316,19.947660000000003,1.6,1
13.08.2021 00:41:59.292,19.95316,19.947779999999998,1.3,1
13.08.2021 00:41:59.446,19.95316,19.947779999999998,1,1.3
13.08.2021 00:42:01.319,19.95316,19.94808,1.3,1.3
13.08.2021 00:42:01.691,19.95316,19.94808,1.6,1
13.08.2021 00:42:02.329,19.95316,19.94748,1.6,1.1
13.08.2021 00:42:02.430,19.95316,19.94748,1,1.4
13.08.2021 00:42:05.293,19.95316,19.94748,1.3,1.3
13.08.2021 00:42:06.303,19.95316,19.94748,1,1.3
13.08.2021 00:42:09.254,19.95316,19.94748,1.3,1.3
13.08.2021 00:42:10.278,19.95316,19.94748,1,1.3
13.08.2021 00:42:10.587,19.95355,19.94748,1,1.3
13.08.2021 00:42:11.130,19.95355,19.94748,1.3,1
13.08.2021 00:42:14.246,19.95355,19.94748,1.3,1
13.08.2021 00:42:14.334,19.95355,19.94748,1.6,1
13.08.2021 00:42:15.152,19.95355,19.94788,1.6,1
13.08.2021 00:42:15.249,19.95355,19.94788,1.8,1
13.08.2021 00:42:17.229,19.95355,19.94788,1.3,1
13.08.2021 00:42:18.303,19.95355,19.94788,1.6,1
13.08.2021 00:42:24.300,19.95355,19.94788,1.3,1
13.08.2021 00:42:30.294,19.95355,19.94788,1.6,1
13.08.2021 00:42:31.107,19.95453,19.947760000000002,1.95,1
13.08.2021 00:42:31.306,19.95372,19.947760000000002,1.4,1
13.08.2021 00:42:32.323,19.95453,19.947760000000002,1.95,1
13.08.2021 00:42:34.261,19.95373,19.947760000000002,1.15,1
13.08.2021 00:42:34.363,19.95372,19.947760000000002,1.4,1
13.08.2021 00:42:36.281,19.95453,19.947760000000002,1.95,1
13.08.2021 00:42:40.361,19.95373,19.947760000000002,1.65,1
13.08.2021 00:42:40.448,19.95373,19.94806,1.65,1
13.08.2021 00:42:41.075,19.95355,19.94818,1.3,1
13.08.2021 00:42:41.268,19.95355,19.94818,1.6,1
13.08.2021 00:42:41.626,19.95355,19.94848,1.6,1
13.08.2021 00:42:43.306,19.95355,19.94848,1.3,1
13.08.2021 00:42:44.319,19.95355,19.94848,1.6,1
13.08.2021 00:42:46.059,19.95355,19.94848,1.6,1
13.08.2021 00:42:48.304,19.95355,19.94848,1.3,1
13.08.2021 00:42:50.327,19.95355,19.94848,1.6,1
13.08.2021 00:42:52.324,19.95355,19.94848,1.3,1
13.08.2021 00:42:53.331,19.95355,19.94848,1.6,1
13.08.2021 00:42:56.361,19.95355,19.94848,1.3,1
13.08.2021 00:42:58.826,19.95355,19.94848,1.3,1
13.08.2021 00:42:58.877,19.95316,19.94848,1,1
13.08.2021 00:42:59.002,19.95373,19.94878,1.3,1
13.08.2021 00:42:59.355,19.953860000000002,19.94878,1.6,1
13.08.2021 00:43:07.467,19.953860000000002,19.948960000000003,1.7,1
13.08.2021 00:43:08.061,19.953860000000002,19.94908,1.7,1
13.08.2021 00:43:08.292,19.95373,19.94908,1.4,1
13.08.2021 00:43:09.309,19.953860000000002,19.94908,1.7,1
13.08.2021 00:43:10.318,19.95373,19.94908,1.4,1
13.08.2021 00:43:11.605,19.95373,19.94908,1.4,1
13.08.2021 00:43:13.491,19.95373,19.94908,1.4,1
13.08.2021 00:43:15.293,19.95373,19.94768,1.9,1
13.08.2021 00:43:15.343,19.95354,19.94768,1.2,1.3
13.08.2021 00:43:15.445,19.95394,19.94768,1.7,1.3
13.08.2021 00:43:18.194,19.95394,19.94768,1.7,1
13.08.2021 00:43:23.470,19.95394,19.94768,1.7,1
13.08.2021 00:43:23.521,19.954250000000002,19.94768,1.7,1
13.08.2021 00:43:23.697,19.954250000000002,19.94768,1.7,1
13.08.2021 00:43:23.825,19.954250000000002,19.947960000000002,1.7,1
13.08.2021 00:43:24.156,19.954250000000002,19.94808,1.7,1
13.08.2021 00:43:24.378,19.95373,19.94808,1.3,1
13.08.2021 00:43:24.887,19.95373,19.94808,1.3,1
13.08.2021 00:43:26.025,19.954250000000002,19.94826,1.7,1
13.08.2021 00:43:26.162,19.954250000000002,19.94838,1.7,1
13.08.2021 00:43:28.124,19.95372,19.94838,1.3,1
13.08.2021 00:43:29.328,19.954250000000002,19.94838,1.7,1
13.08.2021 00:43:31.001,19.954250000000002,19.94856,1.7,1
13.08.2021 00:43:31.110,19.954250000000002,19.94868,1.7,1
13.08.2021 00:43:31.345,19.95372,19.94868,1.3,1
13.08.2021 00:43:32.468,19.95372,19.94868,1.3,1
13.08.2021 00:43:34.392,19.95372,19.94868,1,1
13.08.2021 00:43:35.190,19.95372,19.94868,1.3,1
13.08.2021 00:43:35.341,19.954250000000002,19.94868,1.7,1
13.08.2021 00:43:36.325,19.95373,19.94868,1.3,1
13.08.2021 00:43:37.279,19.95373,19.94868,1.3,1
13.08.2021 00:43:37.380,19.954250000000002,19.94868,1.7,1
13.08.2021 00:43:38.371,19.95373,19.94868,1.3,1
13.08.2021 00:43:38.884,19.95373,19.94868,1.3,1
13.08.2021 00:43:40.293,19.954250000000002,19.94868,1.9,1
13.08.2021 00:43:40.394,19.954250000000002,19.94868,1.7,1
13.08.2021 00:43:41.313,19.95372,19.94868,1.3,1
13.08.2021 00:43:44.146,19.95372,19.94868,1.3,1
13.08.2021 00:43:44.375,19.954250000000002,19.94868,1.7,1
13.08.2021 00:43:48.361,19.95373,19.94868,1.3,1
13.08.2021 00:43:50.398,19.954250000000002,19.94868,1.7,1
13.08.2021 00:43:51.312,19.95373,19.94868,1.3,1
13.08.2021 00:43:52.327,19.954250000000002,19.94868,1.7,1
13.08.2021 00:43:53.445,19.954250000000002,19.94868,1.7,1
13.08.2021 00:44:01.114,19.95453,19.94856,1.95,1
13.08.2021 00:44:02.390,19.95373,19.94856,1.3,1
13.08.2021 00:44:03.347,19.95453,19.94856,1.95,1
13.08.2021 00:44:05.459,19.95449,19.94856,1.95,1
13.08.2021 00:44:06.351,19.95449,19.94856,1.95,1
13.08.2021 00:44:07.360,19.95449,19.94856,1.95,1
13.08.2021 00:44:22.358,19.95372,19.94856,1.1,1
13.08.2021 00:44:23.357,19.95449,19.94856,1.7,1
13.08.2021 00:44:26.334,19.95372,19.94856,1.1,1
13.08.2021 00:44:27.312,19.95372,19.94856,1.1,1
13.08.2021 00:44:27.620,19.95449,19.94856,1.7,1
13.08.2021 00:44:31.014,19.954250000000002,19.94858,1.7,1
13.08.2021 00:44:35.384,19.95373,19.94858,1.4,1
13.08.2021 00:44:36.365,19.954250000000002,19.94858,1.7,1
13.08.2021 00:44:37.381,19.95372,19.94858,1.4,1
13.08.2021 00:44:37.787,19.95372,19.94858,1.4,1
13.08.2021 00:44:38.410,19.954250000000002,19.94858,1.7,1
13.08.2021 00:44:48.354,19.95373,19.94858,1.4,1
13.08.2021 00:44:49.377,19.954250000000002,19.94858,1.7,1
13.08.2021 00:44:50.405,19.95373,19.94858,1.4,1
13.08.2021 00:44:52.353,19.954250000000002,19.94858,1.7,1
13.08.2021 00:44:53.380,19.95372,19.94858,1.4,1
13.08.2021 00:44:57.339,19.954250000000002,19.94858,1.7,1
13.08.2021 00:44:58.354,19.95373,19.94858,1.4,1
13.08.2021 00:45:00.400,19.954250000000002,19.94858,1.7,1
13.08.2021 00:45:01.438,19.95373,19.94858,1.4,1
13.08.2021 00:45:03.438,19.954250000000002,19.94858,1.7,1
13.08.2021 00:45:04.358,19.95372,19.94858,1.4,1
13.08.2021 00:45:06.392,19.954250000000002,19.94858,1.7,1
13.08.2021 00:45:09.914,19.95457,19.94898,1.7,1
13.08.2021 00:45:10.834,19.95457,19.949160000000003,1.7,1
13.08.2021 00:45:11.086,19.95457,19.949279999999998,1.7,1
13.08.2021 00:45:11.436,19.95373,19.949279999999998,1,1
13.08.2021 00:45:11.594,19.95373,19.949279999999998,1.3,1
13.08.2021 00:45:13.386,19.95457,19.949279999999998,1.7,1
13.08.2021 00:45:14.374,19.95373,19.949279999999998,1,1
13.08.2021 00:45:15.398,19.95457,19.949279999999998,1.7,1
13.08.2021 00:45:16.437,19.95372,19.949279999999998,1,1
13.08.2021 00:45:18.427,19.95457,19.949279999999998,1.7,1
13.08.2021 00:45:19.442,19.95373,19.949279999999998,1,1
13.08.2021 00:45:20.365,19.95457,19.949279999999998,1.7,1
13.08.2021 00:45:28.377,19.95372,19.949279999999998,1.3,1
13.08.2021 00:45:29.403,19.95489,19.949279999999998,1.7,1
13.08.2021 00:45:29.723,19.95496,19.94958,1.7,1
13.08.2021 00:45:30.417,19.95373,19.94958,1.3,1
13.08.2021 00:45:32.083,19.95372,19.94958,1.3,1
13.08.2021 00:45:33.363,19.95496,19.94958,1.7,1
13.08.2021 00:45:33.515,19.954670000000004,19.94908,1.6,1.3
13.08.2021 00:45:33.616,19.95449,19.948990000000002,1.7,1
13.08.2021 00:45:33.717,19.95449,19.94898,1.7,1
13.08.2021 00:45:33.977,19.95449,19.94898,1.7,1
13.08.2021 00:45:34.078,19.954710000000002,19.94878,1.45,1.25
13.08.2021 00:45:34.380,19.95459,19.94878,1.15,1.25
13.08.2021 00:45:35.126,19.95459,19.94888,1.15,1.25
13.08.2021 00:45:38.384,19.95373,19.94888,1.3,1.25
13.08.2021 00:45:38.485,19.954710000000002,19.94888,1.45,1.25
13.08.2021 00:45:39.721,19.95369,19.94888,1.7,1
13.08.2021 00:45:41.612,19.95369,19.94858,1.7,1
13.08.2021 00:45:45.407,19.95369,19.94858,1.3,1
13.08.2021 00:45:46.989,19.95369,19.94738,1.1,1.4
13.08.2021 00:45:47.090,19.95369,19.94738,1.4,1.1
13.08.2021 00:45:47.456,19.95369,19.94738,1.1,1.4
13.08.2021 00:45:47.723,19.95369,19.94768,1.3,1.1
13.08.2021 00:45:51.191,19.95369,19.94768,1.3,1.1
13.08.2021 00:45:53.361,19.95369,19.94768,1.3,1
13.08.2021 00:45:54.345,19.95373,19.94798,1.3,1
13.08.2021 00:45:57.413,19.95408,19.94798,1.7,1
13.08.2021 00:45:58.396,19.95373,19.94798,1.3,1
13.08.2021 00:45:59.414,19.95408,19.94798,1.7,1
13.08.2021 00:46:00.429,19.95373,19.94798,1.3,1
13.08.2021 00:46:04.417,19.95408,19.94798,1.7,1
13.08.2021 00:46:05.408,19.95372,19.94798,1.4,1
13.08.2021 00:46:07.189,19.95372,19.94798,1.4,1
13.08.2021 00:46:13.066,19.95373,19.94816,1.3,1
13.08.2021 00:46:13.440,19.954710000000002,19.94828,1.2,1.25
13.08.2021 00:46:16.486,19.95373,19.94828,1.3,1.25
13.08.2021 00:46:17.887,19.95373,19.94828,1,1.55
13.08.2021 00:46:18.420,19.954710000000002,19.94828,1.2,1.55
13.08.2021 00:46:20.455,19.95372,19.94828,1,1.55
13.08.2021 00:46:21.302,19.95372,19.94828,1,1
13.08.2021 00:46:22.991,19.95372,19.94828,1.3,1
13.08.2021 00:46:24.151,19.95372,19.94828,1.3,1
13.08.2021 00:46:26.434,19.95449,19.94828,1.7,1
13.08.2021 00:46:27.015,19.95469,19.94828,1.95,1.55
13.08.2021 00:46:27.439,19.95372,19.94798,1,1.55
13.08.2021 00:46:28.607,19.95372,19.94798,1,1.55
13.08.2021 00:46:29.466,19.95469,19.94798,1.95,1.55
13.08.2021 00:46:31.415,19.95372,19.94798,1,1.55
13.08.2021 00:46:32.449,19.95469,19.94798,1.95,1.55
13.08.2021 00:46:34.477,19.95373,19.94798,1,1.55
13.08.2021 00:46:36.437,19.95479,19.94798,1.95,1.55
13.08.2021 00:46:37.436,19.95479,19.94999,1.95,1
13.08.2021 00:46:37.486,19.95373,19.94999,1,1
13.08.2021 00:46:38.356,19.95373,19.94798,1,1.55
13.08.2021 00:46:39.366,19.95373,19.94999,1,1
13.08.2021 00:46:40.346,19.95373,19.94798,1,1.55
13.08.2021 00:46:41.377,19.95373,19.94999,1,1
13.08.2021 00:46:41.812,19.95354,19.94999,1.3,1
13.08.2021 00:46:41.914,19.95354,19.94999,1.3,1
13.08.2021 00:46:42.386,19.95354,19.94738,1.3,1
13.08.2021 00:46:42.437,19.95354,19.94738,1.3,1
13.08.2021 00:46:44.393,19.95354,19.94738,1.3,1
13.08.2021 00:46:47.539,19.95353,19.94738,1.7,1
13.08.2021 00:46:47.949,19.95353,19.94738,1.7,1
13.08.2021 00:46:50.920,19.95353,19.94738,1.3,1
13.08.2021 00:46:55.104,19.953570000000003,19.94688,1.8,1.4
13.08.2021 00:46:55.155,19.953570000000003,19.94688,1.8,1.4
13.08.2021 00:46:55.814,19.953570000000003,19.94688,1.8,1.4
13.08.2021 00:46:58.133,19.953460000000003,19.94688,1.8,1.4
13.08.2021 00:46:59.395,19.953460000000003,19.94688,1.8,1.4
13.08.2021 00:46:59.496,19.95353,19.94688,1.7,1.4
13.08.2021 00:47:01.118,19.95353,19.94688,1.7,1.4
13.08.2021 00:47:03.123,19.95353,19.94688,1.7,1.4
13.08.2021 00:47:06.256,19.95342,19.94688,1.8,1.4
13.08.2021 00:47:07.398,19.95342,19.94688,1.9,1.4
13.08.2021 00:47:08.528,19.95353,19.94708,1.6,1.1
13.08.2021 00:47:10.082,19.95341,19.94748,1.8,1
13.08.2021 00:47:11.204,19.95342,19.94748,1.8,1.1
13.08.2021 00:47:11.254,19.95342,19.94748,1.5,1.4
13.08.2021 00:47:12.564,19.95342,19.94748,1.8,1.1
13.08.2021 00:47:12.615,19.95342,19.94748,1.8,1
13.08.2021 00:47:16.659,19.95341,19.94748,1.8,1
13.08.2021 00:47:17.977,19.95341,19.94698,1.8,1.4
13.08.2021 00:47:18.028,19.95341,19.94698,1.8,1.4
13.08.2021 00:47:18.453,19.95351,19.94698,1.7,1.4
13.08.2021 00:47:19.330,19.953500000000002,19.94698,1.2,1.4
13.08.2021 00:47:19.380,19.95351,19.94698,1.7,1.4
13.08.2021 00:47:19.431,19.95351,19.94698,1.7,1.4
13.08.2021 00:47:21.194,19.95351,19.94708,1.7,1.4
13.08.2021 00:47:22.356,19.95351,19.94708,1.7,1.4
13.08.2021 00:47:24.309,19.95351,19.94708,1.7,1.4
13.08.2021 00:47:25.060,19.95351,19.94708,1.7,1.4
13.08.2021 00:47:29.113,19.95374,19.94708,1.6,1.4
13.08.2021 00:47:29.230,19.95373,19.94738,1.6,1.3
13.08.2021 00:47:29.414,19.95373,19.94738,1.6,1.3
13.08.2021 00:47:29.517,19.953570000000003,19.94738,1.5,1.3
13.08.2021 00:47:29.683,19.95362,19.94738,1.5,1.3
13.08.2021 00:47:30.071,19.95362,19.94738,1.8,1.3
13.08.2021 00:47:33.463,19.95373,19.94738,1.7,1.3
13.08.2021 00:47:33.947,19.95373,19.947760000000002,1.7,1
13.08.2021 00:47:34.667,19.95373,19.94788,1.7,1
13.08.2021 00:47:36.492,19.95352,19.94788,1.9,1
13.08.2021 00:47:39.468,19.95373,19.94788,1.7,1
13.08.2021 00:47:40.464,19.95342,19.94788,1.9,1
13.08.2021 00:47:41.480,19.95373,19.94788,1.7,1
13.08.2021 00:47:42.492,19.95341,19.94788,1.9,1
13.08.2021 00:47:44.201,19.95341,19.94788,1.8,1
13.08.2021 00:47:45.748,19.95341,19.94788,1.8,1
13.08.2021 00:47:47.474,19.95373,19.94788,1.7,1
13.08.2021 00:47:48.469,19.95342,19.94788,1.8,1
13.08.2021 00:47:51.517,19.95373,19.94788,1.7,1
13.08.2021 00:47:56.536,19.95341,19.94788,1.8,1
13.08.2021 00:47:57.457,19.95373,19.94788,1.7,1
13.08.2021 00:47:58.481,19.95342,19.94788,1.8,1
13.08.2021 00:47:59.510,19.95373,19.94788,1.7,1
13.08.2021 00:48:06.209,19.95428,19.947760000000002,1.95,1.3
13.08.2021 00:48:07.977,19.95428,19.947760000000002,1.95,1
13.08.2021 00:48:14.752,19.95351,19.94788,1.7,1
13.08.2021 00:48:24.116,19.953460000000003,19.947779999999998,1.8,1
13.08.2021 00:48:24.303,19.953460000000003,19.947779999999998,1.8,1
13.08.2021 00:48:25.125,19.95351,19.94816,1.7,1
13.08.2021 00:48:25.230,19.95351,19.94828,1.7,1
13.08.2021 00:48:31.296,19.95341,19.94828,1.9,1
13.08.2021 00:48:49.084,19.95351,19.94828,1.7,1
13.08.2021 00:49:05.292,19.95373,19.94828,1.7,1
13.08.2021 00:49:19.205,19.95373,19.94828,1.7,1
13.08.2021 00:49:19.409,19.95351,19.94816,1.7,1
13.08.2021 00:49:19.560,19.95351,19.94798,1.6,1
13.08.2021 00:49:20.686,19.95351,19.94788,1.6,1
13.08.2021 00:49:24.190,19.95342,19.94788,1.8,1
13.08.2021 00:49:26.363,19.95351,19.94788,1.7,1
13.08.2021 00:49:36.493,19.95351,19.94788,1.7,1
13.08.2021 00:49:38.949,19.95351,19.94788,1.7,1
13.08.2021 00:49:49.323,19.95394,19.947760000000002,1.7,1
13.08.2021 00:49:51.155,19.95342,19.94806,1.8,1
13.08.2021 00:49:52.528,19.95342,19.94818,1.8,1
13.08.2021 00:49:58.505,19.95353,19.94818,1.7,1
13.08.2021 00:50:02.492,19.95353,19.94818,1.7,1
13.08.2021 00:50:15.191,19.95353,19.94818,1.7,1
13.08.2021 00:50:24.491,19.95342,19.94818,1.9,1.25
13.08.2021 00:50:24.739,19.954520000000002,19.94818,1.7,1.25
13.08.2021 00:50:44.499,19.9539,19.94858,1.7,1
13.08.2021 00:50:59.346,19.9539,19.94848,1.7,1
13.08.2021 00:51:07.754,19.9539,19.94836,1.7,1
13.08.2021 00:51:07.805,19.9539,19.94788,1.7,1
13.08.2021 00:51:07.906,19.9539,19.94788,1.7,1
13.08.2021 00:51:08.790,19.9539,19.94768,1.7,1
13.08.2021 00:51:10.075,19.95354,19.94728,1.7,1.1
13.08.2021 00:51:10.126,19.95354,19.94728,1.7,1.1
13.08.2021 00:51:11.051,19.95354,19.947360000000003,1.7,1
13.08.2021 00:51:12.100,19.95354,19.94748,1.7,1
13.08.2021 00:51:19.991,19.95354,19.94748,1.7,1
13.08.2021 00:51:21.791,19.95354,19.94748,1.7,1
13.08.2021 00:51:23.486,19.95354,19.94748,1.7,1
13.08.2021 00:51:25.991,19.95354,19.94748,1.7,1
13.08.2021 00:51:31.252,19.95354,19.94748,1.7,1.3
13.08.2021 00:51:42.331,19.95354,19.94748,1.7,1
13.08.2021 00:51:51.736,19.95354,19.94748,1.7,1
13.08.2021 00:51:57.338,19.95354,19.947360000000003,1.7,1
13.08.2021 00:51:57.843,19.95354,19.947360000000003,1.7,1.3
13.08.2021 00:52:03.342,19.95354,19.94738,1.7,1.3
13.08.2021 00:52:06.145,19.95354,19.94738,1.7,1.3
13.08.2021 00:52:06.196,19.95373,19.947779999999998,1.7,1
13.08.2021 00:52:06.362,19.95373,19.947779999999998,1.7,1
13.08.2021 00:52:07.875,19.95363,19.947960000000002,1.9,1
13.08.2021 00:52:07.976,19.95363,19.94808,1.9,1
13.08.2021 00:52:10.258,19.95363,19.94808,1.9,1
13.08.2021 00:52:13.887,19.95342,19.94808,1.9,1
13.08.2021 00:52:16.390,19.95342,19.94808,1.9,1
13.08.2021 00:52:16.572,19.95342,19.94808,1.9,1
13.08.2021 00:52:20.639,19.95409,19.94808,1.7,1
13.08.2021 00:52:23.129,19.95409,19.94738,1.7,1
13.08.2021 00:52:23.431,19.95409,19.94738,1.7,1.3
13.08.2021 00:52:24.311,19.95409,19.94728,1.7,1.4
13.08.2021 00:52:24.651,19.95351,19.94728,1.9,1.4
13.08.2021 00:52:25.301,19.95351,19.94728,1.9,1.4
13.08.2021 00:52:26.573,19.953470000000003,19.94728,1.9,1.3
13.08.2021 00:52:29.660,19.95409,19.94728,1.7,1.3
13.08.2021 00:52:30.810,19.95409,19.94728,1.7,1.3
13.08.2021 00:52:30.911,19.95409,19.94708,1.7,1.4
13.08.2021 00:52:31.238,19.95409,19.94708,1.7,1.1
13.08.2021 00:52:31.841,19.95341,19.947360000000003,1.9,1
13.08.2021 00:52:33.122,19.95341,19.94748,1.9,1
13.08.2021 00:52:36.784,19.95409,19.94748,1.7,1
13.08.2021 00:52:43.239,19.95409,19.94748,1.7,1
13.08.2021 00:52:49.295,19.95409,19.94748,1.7,1.1
13.08.2021 00:52:49.346,19.95409,19.94758,1.7,1.4
13.08.2021 00:52:49.447,19.95419,19.94758,1.95,1.65
13.08.2021 00:52:50.616,19.95342,19.94758,1.5,1.65
13.08.2021 00:52:52.674,19.95351,19.94758,1.3,1.4
13.08.2021 00:52:53.609,19.95341,19.94758,1.5,1.4
13.08.2021 00:52:54.311,19.95341,19.94758,1.5,1.4
13.08.2021 00:52:54.641,19.95351,19.94758,1.4,1.3
13.08.2021 00:52:55.711,19.95342,19.94758,1.5,1.3
13.08.2021 00:52:58.370,19.95351,19.947779999999998,1,1.3
13.08.2021 00:52:58.609,19.95351,19.947779999999998,1.3,1
13.08.2021 00:52:59.299,19.95351,19.94818,1.3,1
13.08.2021 00:53:05.371,19.95351,19.947779999999998,2.55,1
13.08.2021 00:53:06.382,19.95351,19.94788,2.55,1
13.08.2021 00:53:17.246,19.95351,19.94806,1.7,1
13.08.2021 00:53:17.609,19.95351,19.94818,1.7,1
13.08.2021 00:53:26.497,19.95351,19.94848,1.7,1
13.08.2021 00:53:44.433,19.95351,19.94848,1.4,1
13.08.2021 00:53:46.830,19.95351,19.94878,1.4,1
13.08.2021 00:53:46.880,19.95351,19.94878,1.4,1
13.08.2021 00:53:54.578,19.95351,19.948960000000003,1.4,1
13.08.2021 00:53:54.689,19.953470000000003,19.94908,1.9,1
13.08.2021 00:53:56.674,19.953470000000003,19.94908,1.9,1
13.08.2021 00:53:57.624,19.95351,19.94908,1.7,1
13.08.2021 00:54:00.288,19.95351,19.94908,1.7,1
13.08.2021 00:54:01.627,19.95342,19.94908,1.9,1
13.08.2021 00:54:04.401,19.95351,19.94908,1.7,1
13.08.2021 00:54:08.139,19.95342,19.94908,1.9,1
13.08.2021 00:54:17.182,19.95373,19.94938,1.7,1
13.08.2021 00:54:20.633,19.95342,19.94938,1.9,1
13.08.2021 00:54:22.639,19.95373,19.94948,1.7,1
13.08.2021 00:54:24.312,19.95373,19.94948,1.7,1
13.08.2021 00:54:27.310,19.954020000000003,19.94988,1.3,1
13.08.2021 00:54:27.361,19.95354,19.94888,1.3,1.8
13.08.2021 00:54:27.412,19.95354,19.94888,1.6,1.5
13.08.2021 00:54:27.462,19.95354,19.94888,1.6,1
13.08.2021 00:54:27.563,19.95374,19.94888,1.6,1
13.08.2021 00:54:27.613,19.95374,19.94798,1.6,1.1
13.08.2021 00:54:27.664,19.95374,19.94798,1.6,1
13.08.2021 00:54:27.765,19.95373,19.94818,1.6,1
13.08.2021 00:54:27.866,19.95373,19.94818,1.6,1
13.08.2021 00:54:27.917,19.95394,19.94768,1.7,1.1
13.08.2021 00:54:28.018,19.95394,19.94768,1.7,1.1
13.08.2021 00:54:28.068,19.95394,19.94768,1.7,1.1
13.08.2021 00:54:28.189,19.95394,19.94768,1.7,1
13.08.2021 00:54:28.601,19.95393,19.94788,1.7,1
13.08.2021 00:54:28.752,19.95393,19.94788,1.7,1
13.08.2021 00:54:29.210,19.95393,19.94828,1.7,1
13.08.2021 00:54:29.598,19.95393,19.94828,1.7,1
13.08.2021 00:54:29.755,19.95363,19.94828,1.8,1
13.08.2021 00:54:30.468,19.95342,19.94828,1.8,1
13.08.2021 00:54:30.738,19.95393,19.94868,1.7,1
13.08.2021 00:54:31.670,19.95393,19.94868,1.7,1
13.08.2021 00:54:32.453,19.95342,19.94898,1.8,1
13.08.2021 00:54:33.283,19.95342,19.94898,1.8,1
13.08.2021 00:54:35.102,19.95374,19.94858,1.7,1
13.08.2021 00:54:35.253,19.95374,19.94858,1.7,1
13.08.2021 00:54:35.668,19.95374,19.94848,1.7,1
13.08.2021 00:54:36.448,19.95341,19.94838,1.8,1
13.08.2021 00:54:41.548,19.95342,19.94913,1.8,1
13.08.2021 00:54:41.599,19.95342,19.94848,1.8,1
13.08.2021 00:54:41.699,19.95362,19.94848,1.8,1
13.08.2021 00:54:42.641,19.953470000000003,19.94878,1.8,1
13.08.2021 00:54:45.531,19.953470000000003,19.94878,1.8,1
13.08.2021 00:54:45.632,19.953470000000003,19.94878,1.8,1
13.08.2021 00:54:46.138,19.953470000000003,19.950110000000002,1.5,1
13.08.2021 00:54:46.189,19.95373,19.94888,1.4,1
13.08.2021 00:54:46.239,19.95373,19.94858,1.4,1.8
13.08.2021 00:54:46.393,19.95373,19.94858,1.7,1
13.08.2021 00:54:46.727,19.95362,19.94868,1.9,1
13.08.2021 00:54:49.042,19.95373,19.94818,1.7,1
13.08.2021 00:54:50.202,19.95373,19.94828,1.6,1
13.08.2021 00:54:50.684,19.95373,19.94828,1.6,1
13.08.2021 00:55:00.277,19.95373,19.94838,1.7,1
13.08.2021 00:55:04.110,19.95373,19.94826,1.7,1
13.08.2021 00:55:04.161,19.95373,19.94808,1.7,1
13.08.2021 00:55:07.631,19.95342,19.94788,1.9,1.1
13.08.2021 00:55:09.383,19.95373,19.94788,1.7,1
13.08.2021 00:55:12.236,19.95342,19.94758,1.9,1.1
13.08.2021 00:55:12.413,19.95342,19.94758,1.6,1.4
13.08.2021 00:55:13.376,19.95342,19.94758,1.9,1.1
13.08.2021 00:55:15.326,19.95342,19.94758,1.9,1.1
13.08.2021 00:55:15.869,19.95342,19.94758,1.6,1.4
13.08.2021 00:55:18.671,19.95342,19.94769,2.1,1.3
13.08.2021 00:55:18.772,19.95342,19.94769,1.9,1
13.08.2021 00:55:20.327,19.95342,19.94769,1.9,1
13.08.2021 00:55:22.090,19.95342,19.94769,1.7,1
13.08.2021 00:55:27.333,19.9536,19.94769,1.2,1
13.08.2021 00:55:27.619,19.953300000000002,19.946820000000002,1.7,1.4
13.08.2021 00:55:29.641,19.953300000000002,19.946820000000002,1.7,1.3
13.08.2021 00:55:31.138,19.953300000000002,19.946820000000002,1.7,1.3
13.08.2021 00:55:31.324,19.953300000000002,19.946820000000002,1.7,1.3
13.08.2021 00:55:34.091,19.953300000000002,19.946820000000002,1.7,1.3
13.08.2021 00:55:34.785,19.953300000000002,19.946820000000002,1.7,1.3
13.08.2021 00:55:35.892,19.953300000000002,19.946820000000002,1.7,1.3
13.08.2021 00:55:36.029,19.953300000000002,19.946820000000002,1.7,1.3
13.08.2021 00:55:38.268,19.953300000000002,19.946820000000002,1.7,1.3
13.08.2021 00:55:49.715,19.953300000000002,19.946820000000002,1.7,1.3
13.08.2021 00:55:51.192,19.953300000000002,19.946820000000002,1.7,1.3
13.08.2021 00:55:53.721,19.953300000000002,19.946820000000002,1.7,1.4
13.08.2021 00:55:54.007,19.953300000000002,19.946820000000002,1.7,1.4
13.08.2021 00:55:55.219,19.95354,19.94648,1.7,1.4
13.08.2021 00:55:59.503,19.95354,19.94658,1.7,1.4
13.08.2021 00:56:01.158,19.95369,19.94666,1.7,1.9
13.08.2021 00:56:01.259,19.95369,19.94678,1.7,1.4
13.08.2021 00:56:04.791,19.95363,19.94678,1.9,1.4
13.08.2021 00:56:04.992,19.95363,19.94678,1.9,1.4
13.08.2021 00:56:05.273,19.95363,19.94678,1.9,1.4
13.08.2021 00:56:07.313,19.95352,19.94688,1.9,1.4
13.08.2021 00:56:08.559,19.95354,19.94643,1.7,1.3
13.08.2021 00:56:13.520,19.95369,19.94651,1.7,1.4
13.08.2021 00:56:13.671,19.953300000000002,19.947010000000002,1.7,1.4
13.08.2021 00:56:14.624,19.953300000000002,19.94728,1.7,1
13.08.2021 00:56:16.982,19.953300000000002,19.94728,1.7,1.3
13.08.2021 00:56:19.996,19.953300000000002,19.94718,1.7,1.3
13.08.2021 00:56:20.618,19.95349,19.94658,1.6,1.4
13.08.2021 00:56:20.719,19.95349,19.94658,1.7,1.3
13.08.2021 00:56:20.769,19.95349,19.94658,1.7,1.3
13.08.2021 00:56:22.239,19.95349,19.94658,1.7,1.3
13.08.2021 00:56:23.862,19.95349,19.94658,1.7,1.3
13.08.2021 00:56:28.696,19.95322,19.94651,1.95,1.65
13.08.2021 00:56:28.913,19.95322,19.94651,1.95,1.65
13.08.2021 00:56:35.987,19.95322,19.94638,1.95,2.02
13.08.2021 00:56:40.143,19.95322,19.94658,1.7,1.4
13.08.2021 00:56:40.294,19.95322,19.94658,1.6,2.65
13.08.2021 00:56:40.739,19.95322,19.94768,1.6,1
13.08.2021 00:56:40.841,19.95322,19.94768,1.3,1
13.08.2021 00:56:40.988,19.95322,19.94768,1,1.3
13.08.2021 00:56:45.732,19.95322,19.94788,1.3,1.3
13.08.2021 00:56:46.759,19.95322,19.94758,1,1.3
13.08.2021 00:56:48.704,19.95322,19.94758,1.1,1.3
13.08.2021 00:56:50.811,19.95322,19.94758,1.4,1.3
13.08.2021 00:56:52.001,19.95322,19.94758,1.7,1
13.08.2021 00:56:52.710,19.95361,19.947460000000003,1.95,1
13.08.2021 00:56:52.761,19.95361,19.94728,1.95,1
13.08.2021 00:56:56.800,19.95361,19.94633,1.95,1.4
13.08.2021 00:56:56.901,19.95373,19.94651,1.7,1.55
13.08.2021 00:57:02.035,19.95373,19.94657,1.85,1.15
13.08.2021 00:57:02.217,19.95373,19.94686,1.85,1.9
13.08.2021 00:57:02.724,19.95373,19.947460000000003,1.6,1
13.08.2021 00:57:02.999,19.95373,19.94758,1.7,1
13.08.2021 00:57:03.265,19.95373,19.94788,1.7,1
13.08.2021 00:57:06.191,19.95363,19.94788,1.9,1
13.08.2021 00:57:06.720,19.95363,19.94788,1.9,1
13.08.2021 00:57:10.627,19.95373,19.94826,1.7,1
13.08.2021 00:57:11.312,19.95373,19.94838,1.7,1
13.08.2021 00:57:11.427,19.95373,19.94838,1.7,1
13.08.2021 00:57:25.223,19.95373,19.94808,1.7,1
13.08.2021 00:57:25.342,19.95373,19.94808,1.7,1
13.08.2021 00:57:25.463,19.95373,19.94808,1.7,1
13.08.2021 00:57:30.680,19.95362,19.94651,2.4,1.4
13.08.2021 00:57:31.237,19.95362,19.94668,2.4,1.3
13.08.2021 00:57:47.271,19.95373,19.94688,1.7,1.3
13.08.2021 00:57:47.479,19.95373,19.94688,1.7,1.3
13.08.2021 00:58:09.371,19.95373,19.94668,1.7,1.3
13.08.2021 00:58:09.626,19.95373,19.94668,1.7,1.3
13.08.2021 00:58:49.025,19.95374,19.94668,1.7,1.3
13.08.2021 00:58:49.277,19.95374,19.94668,1.7,1.3
13.08.2021 00:58:57.376,19.95374,19.94668,1.7,1.3
13.08.2021 00:59:04.312,19.95374,19.94668,1.7,1.3
13.08.2021 00:59:10.275,19.95399,19.94668,1.7,1.3
13.08.2021 00:59:10.527,19.95399,19.94668,1.7,1.3
13.08.2021 00:59:34.202,19.95351,19.94651,1.95,1.3
13.08.2021 00:59:34.304,19.95351,19.94651,1.95,1.4
13.08.2021 00:59:44.051,19.95332,19.94611,1.7,1.9
13.08.2021 00:59:45.191,19.95332,19.94601,1.95,1.15
13.08.2021 00:59:46.309,19.95332,19.94601,1.95,1.15
13.08.2021 00:59:47.977,19.95332,19.94638,1.7,1.3
13.08.2021 00:59:49.991,19.95332,19.94638,1.7,1.3
13.08.2021 00:59:51.065,19.95332,19.94638,1.7,1.3
13.08.2021 00:59:57.348,19.95332,19.94638,1.7,1.3
13.08.2021 00:59:58.109,19.95332,19.94593,1.7,1.65
13.08.2021 01:00:00.402,19.95332,19.94611,1.7,1.4
13.08.2021 01:00:00.570,19.95332,19.94633,1.7,1.3
13.08.2021 01:00:01.768,19.95332,19.94633,1.7,1.3
13.08.2021 01:00:04.879,19.95345,19.94633,1.95,1.3
13.08.2021 01:00:06.232,19.95345,19.94593,1.95,1.65
13.08.2021 01:00:06.638,19.950590000000002,19.94548,1.25,2.05
13.08.2021 01:00:06.739,19.950590000000002,19.94527,1.65,1.25
13.08.2021 01:00:07.656,19.950590000000002,19.94527,1.65,1.25
13.08.2021 01:00:07.757,19.950590000000002,19.94527,1.65,1.25
13.08.2021 01:00:07.858,19.950590000000002,19.94527,2.9,1.25
13.08.2021 01:00:10.091,19.950590000000002,19.94527,2.9,1.25
13.08.2021 01:00:11.644,19.950590000000002,19.94527,1.55,1.25
13.08.2021 01:00:18.388,19.950770000000002,19.94488,1.65,1.25
13.08.2021 01:00:18.489,19.95099,19.94488,1.65,1.55
13.08.2021 01:00:21.791,19.95099,19.94488,1.65,1.25
13.08.2021 01:00:22.236,19.95099,19.94488,1.65,1.25
13.08.2021 01:00:24.128,19.95099,19.94488,1.65,1.55
13.08.2021 01:00:31.825,19.95117,19.94488,1.65,1.25
13.08.2021 01:00:39.092,19.95117,19.94488,1.55,1.25
13.08.2021 01:00:47.518,19.95117,19.94488,1.65,1.25
13.08.2021 01:00:50.331,19.95117,19.94481,1.3,1
13.08.2021 01:00:54.774,19.95117,19.94527,1.65,1.25
13.08.2021 01:00:58.226,19.95101,19.94527,1.3,1
13.08.2021 01:01:01.394,19.95101,19.94527,1.3,1
13.08.2021 01:01:03.237,19.95101,19.94527,1.3,1
13.08.2021 01:01:04.354,19.9514,19.94518,1.4,1
13.08.2021 01:01:07.968,19.95101,19.94508,1.3,1
13.08.2021 01:01:08.591,19.95101,19.94508,1.3,1
13.08.2021 01:01:15.588,19.95101,19.94508,1.3,1
13.08.2021 01:01:17.841,19.95101,19.94508,1.3,1
13.08.2021 01:01:18.214,19.95101,19.94508,1.3,1
13.08.2021 01:01:22.192,19.95101,19.94508,1.3,1
13.08.2021 01:01:23.858,19.95169,19.944960000000002,1.55,1
13.08.2021 01:01:24.586,19.95169,19.944960000000002,1.55,1
13.08.2021 01:01:29.463,19.95169,19.944960000000002,1.55,1
13.08.2021 01:01:30.626,19.95099,19.94508,1.8,1
13.08.2021 01:01:30.836,19.95099,19.94508,1.9,1
13.08.2021 01:01:31.527,19.950770000000002,19.94508,1.3,1
13.08.2021 01:01:32.054,19.950770000000002,19.94488,1.3,1
13.08.2021 01:01:43.223,19.95101,19.944760000000002,1.8,1
13.08.2021 01:01:43.324,19.95101,19.94488,1.3,1
13.08.2021 01:01:43.769,19.95101,19.94478,1.3,1
13.08.2021 01:01:44.313,19.95101,19.94478,1.3,1
13.08.2021 01:01:47.906,19.95101,19.94478,1.3,1
13.08.2021 01:01:50.809,19.95101,19.94478,1.3,1
13.08.2021 01:01:52.320,19.95101,19.94478,1.3,1
13.08.2021 01:01:54.097,19.95101,19.94593,1.55,1.35
13.08.2021 01:01:54.198,19.9523,19.945890000000002,1.6,1.3
13.08.2021 01:01:54.299,19.95219,19.94558,1,1
13.08.2021 01:01:54.524,19.951990000000002,19.94558,1,1
13.08.2021 01:01:54.848,19.951990000000002,19.94568,1,1
13.08.2021 01:01:55.559,19.951990000000002,19.94568,1,1
13.08.2021 01:02:00.121,19.951990000000002,19.94568,1,1
13.08.2021 01:02:00.766,19.95154,19.94568,1,1
13.08.2021 01:02:00.917,19.950590000000002,19.94528,1.3,1
13.08.2021 01:02:01.388,19.950590000000002,19.94528,1.3,1
13.08.2021 01:02:01.870,19.951800000000002,19.94611,1.3,1.25
13.08.2021 01:02:01.920,19.951800000000002,19.94611,1,1.55
13.08.2021 01:02:01.971,19.951900000000002,19.94611,1.85,1.65
13.08.2021 01:02:02.614,19.951900000000002,19.94618,1.6,1.3
13.08.2021 01:02:06.191,19.951900000000002,19.94618,1.6,1.3
13.08.2021 01:02:07.794,19.951900000000002,19.94618,1.6,1.3
13.08.2021 01:02:08.933,19.951900000000002,19.94618,1.6,1.3
13.08.2021 01:02:10.239,19.951900000000002,19.94618,1.6,1.3
13.08.2021 01:02:10.793,19.951900000000002,19.94618,1.6,1.3
13.08.2021 01:02:10.843,19.951900000000002,19.94651,1.1,1.3
13.08.2021 01:02:10.945,19.95289,19.94658,1,1.4
13.08.2021 01:02:11.976,19.95289,19.94706,1,1.1
13.08.2021 01:02:19.069,19.95299,19.94718,1.5,1
13.08.2021 01:02:25.147,19.95287,19.94718,1.8,1
13.08.2021 01:02:25.198,19.95119,19.94658,1,1.25
13.08.2021 01:02:25.248,19.95119,19.94568,1,1.4
13.08.2021 01:02:25.299,19.951520000000002,19.94548,1.4,1
13.08.2021 01:02:26.826,19.951520000000002,19.94548,1.3,1
13.08.2021 01:02:33.026,19.951520000000002,19.94548,1.3,1.3
13.08.2021 01:02:37.810,19.95191,19.94548,1.3,1.3
13.08.2021 01:02:47.033,19.95191,19.94578,1.3,1
13.08.2021 01:02:47.234,19.95191,19.94578,1,1
13.08.2021 01:02:48.042,19.95191,19.945960000000003,1,1
13.08.2021 01:02:48.143,19.95191,19.94608,1,1
13.08.2021 01:02:51.439,19.95191,19.94608,1,1.3
13.08.2021 01:02:53.152,19.95191,19.94608,1,1.3
13.08.2021 01:02:54.792,19.95191,19.94608,1,1.3
13.08.2021 01:02:57.238,19.95191,19.94608,1,1.3
13.08.2021 01:02:58.287,19.95191,19.94608,1,1
13.08.2021 01:02:58.495,19.95191,19.94608,1,1.3
13.08.2021 01:03:00.792,19.95191,19.94608,1,1.3
13.08.2021 01:03:01.226,19.95191,19.94628,1,1
13.08.2021 01:03:07.150,19.952720000000003,19.94648,1.3,1
13.08.2021 01:03:09.966,19.952720000000003,19.94648,1.3,1
13.08.2021 01:03:13.864,19.952720000000003,19.94656,1.3,1
13.08.2021 01:03:14.095,19.952720000000003,19.94668,1.3,1
13.08.2021 01:03:15.191,19.952720000000003,19.94678,1.3,1
13.08.2021 01:03:15.292,19.952720000000003,19.94678,1.4,1.1
13.08.2021 01:03:15.410,19.952720000000003,19.94678,1.4,1
13.08.2021 01:03:15.461,19.952720000000003,19.94678,1.4,1.3
13.08.2021 01:03:17.892,19.952720000000003,19.94678,1.1,1.3
13.08.2021 01:03:18.927,19.952720000000003,19.94678,1.4,1
13.08.2021 01:03:22.256,19.952720000000003,19.94678,1.1,1
13.08.2021 01:03:23.386,19.952720000000003,19.94678,1.1,1.3
13.08.2021 01:03:24.307,19.952720000000003,19.94678,1,1.3
13.08.2021 01:03:26.851,19.952720000000003,19.94678,1,1
13.08.2021 01:03:29.308,19.952720000000003,19.94678,1.3,1
13.08.2021 01:03:29.480,19.952720000000003,19.94678,1.3,1.1
13.08.2021 01:03:29.581,19.952720000000003,19.94678,1,1.4
13.08.2021 01:03:29.631,19.9536,19.94666,1.95,1.4
13.08.2021 01:03:30.393,19.953110000000002,19.94728,1.7,1
13.08.2021 01:03:30.974,19.953110000000002,19.947560000000003,1.7,1
13.08.2021 01:03:31.190,19.953110000000002,19.94768,1.7,1
13.08.2021 01:03:37.976,19.953110000000002,19.94768,1.7,1
13.08.2021 01:03:38.077,19.953110000000002,19.94768,1.7,1
13.08.2021 01:03:38.256,19.953110000000002,19.94768,1.7,1
13.08.2021 01:03:49.475,19.9536,19.947560000000003,1.95,1
13.08.2021 01:03:58.092,19.9536,19.947560000000003,1.95,1
13.08.2021 01:03:59.592,19.9536,19.947560000000003,1.95,1
13.08.2021 01:04:01.055,19.9536,19.947560000000003,1.95,1
13.08.2021 01:04:01.106,19.952720000000003,19.947560000000003,1.25,1
13.08.2021 01:04:01.655,19.952720000000003,19.94768,1,1
13.08.2021 01:04:02.975,19.952720000000003,19.947779999999998,1,1
13.08.2021 01:04:16.872,19.9536,19.947660000000003,1.95,1
13.08.2021 01:04:16.923,19.9536,19.947660000000003,1.95,1
13.08.2021 01:04:20.501,19.9536,19.947660000000003,1.95,1
13.08.2021 01:04:22.692,19.9536,19.947660000000003,1.95,1
13.08.2021 01:04:23.561,19.9536,19.947660000000003,1.95,1
13.08.2021 01:04:25.791,19.9536,19.947660000000003,1.95,1
13.08.2021 01:04:31.929,19.9536,19.947660000000003,1.95,1
13.08.2021 01:04:33.045,19.9536,19.947660000000003,1.95,1
13.08.2021 01:04:33.585,19.9536,19.947660000000003,1.95,1
13.08.2021 01:04:33.705,19.953110000000002,19.94758,1.4,1
13.08.2021 01:04:33.806,19.953110000000002,19.94738,1.4,1.3
13.08.2021 01:04:34.313,19.953110000000002,19.94738,1.7,1
13.08.2021 01:04:37.092,19.953110000000002,19.94738,1.7,1
13.08.2021 01:04:37.778,19.953110000000002,19.94738,1.7,1
13.08.2021 01:04:38.973,19.953110000000002,19.94738,1.4,1.3
13.08.2021 01:04:40.889,19.953110000000002,19.94738,1.7,1
13.08.2021 01:04:43.467,19.953110000000002,19.94738,1.4,1.3
13.08.2021 01:04:43.743,19.953110000000002,19.94738,1.3,1.3
13.08.2021 01:04:44.896,19.953110000000002,19.94738,1.6,1.3
13.08.2021 01:04:46.057,19.953110000000002,19.94738,1.6,1
13.08.2021 01:04:47.291,19.953110000000002,19.94738,1.6,1
13.08.2021 01:04:48.274,19.953110000000002,19.94738,1.6,1
13.08.2021 01:04:49.583,19.953110000000002,19.94728,1.6,1
13.08.2021 01:04:49.673,19.953110000000002,19.94728,1.6,1.3
13.08.2021 01:05:02.407,19.953110000000002,19.94728,1.6,1
13.08.2021 01:05:02.609,19.953110000000002,19.94728,1.6,1
13.08.2021 01:05:05.336,19.953110000000002,19.94728,1.6,1
13.08.2021 01:05:18.760,19.9536,19.94728,1.7,1.3
13.08.2021 01:05:31.547,19.952720000000003,19.94733,1,1.3
13.08.2021 01:05:32.538,19.952720000000003,19.94728,1.3,1
13.08.2021 01:05:36.191,19.952720000000003,19.94728,1.3,1
13.08.2021 01:05:40.443,19.952720000000003,19.94728,1,1.3
13.08.2021 01:05:41.759,19.952720000000003,19.94708,1.3,2.25
13.08.2021 01:05:43.334,19.952720000000003,19.94709,1.3,1.1
13.08.2021 01:05:43.435,19.952720000000003,19.947100000000002,1,1.4
13.08.2021 01:05:43.567,19.952720000000003,19.94718,1.25,1.65
13.08.2021 01:05:43.668,19.952720000000003,19.94718,1,1.4
13.08.2021 01:05:43.769,19.952720000000003,19.94718,1,1.4
13.08.2021 01:05:43.870,19.952720000000003,19.94718,1,1.4
13.08.2021 01:05:43.920,19.953110000000002,19.94718,1,1.65
13.08.2021 01:05:43.971,19.95438,19.94758,1.6,1.4
13.08.2021 01:05:44.910,19.95438,19.94798,1.6,1
13.08.2021 01:05:44.960,19.95438,19.94798,1.6,1
13.08.2021 01:05:45.832,19.95438,19.94816,1.3,1
13.08.2021 01:05:46.241,19.95438,19.94828,1.3,1
13.08.2021 01:05:46.588,19.95438,19.94828,1.3,1
13.08.2021 01:05:47.325,19.95438,19.94828,1.3,1
13.08.2021 01:05:47.587,19.95419,19.94828,1.9,1
13.08.2021 01:05:47.688,19.95419,19.94828,1.7,1
13.08.2021 01:05:47.939,19.95419,19.94828,1.7,1
13.08.2021 01:05:49.091,19.95363,19.94828,1.8,1
13.08.2021 01:05:49.548,19.95363,19.94828,1.8,1
13.08.2021 01:05:52.422,19.95374,19.94828,1.7,1
13.08.2021 01:05:55.096,19.95363,19.94828,1.9,1
13.08.2021 01:05:55.594,19.95363,19.94828,1.9,1
13.08.2021 01:05:56.945,19.95374,19.94828,1.7,1
13.08.2021 01:06:04.690,19.95373,19.94828,1.6,1
13.08.2021 01:06:05.711,19.95373,19.94798,1.6,1
13.08.2021 01:06:07.419,19.95373,19.94798,1.6,1.3
13.08.2021 01:06:07.570,19.95373,19.94798,1.6,1
13.08.2021 01:06:08.481,19.953470000000003,19.94826,1.8,1
13.08.2021 01:06:08.827,19.953470000000003,19.94838,1.8,1
13.08.2021 01:06:09.363,19.953470000000003,19.94838,1.8,1
13.08.2021 01:06:17.852,19.95373,19.94838,1.3,1
13.08.2021 01:06:18.085,19.95342,19.94838,1.5,1
13.08.2021 01:06:18.487,19.95342,19.94808,1.5,1.3
13.08.2021 01:06:20.291,19.95342,19.94808,1.8,1
13.08.2021 01:06:21.535,19.95373,19.94808,1.7,1
13.08.2021 01:06:23.291,19.95342,19.94808,1.8,1
13.08.2021 01:06:24.315,19.95373,19.94808,1.7,1.3
13.08.2021 01:06:25.022,19.95341,19.94808,1.5,1.3
13.08.2021 01:06:26.431,19.95341,19.94808,1.5,1
13.08.2021 01:06:30.115,19.95341,19.94808,1.8,1
13.08.2021 01:06:31.778,19.95373,19.94808,1.7,1
13.08.2021 01:06:37.286,19.95373,19.947779999999998,1.7,1
13.08.2021 01:06:39.093,19.95342,19.947779999999998,1.8,1
13.08.2021 01:06:40.108,19.95373,19.947779999999998,1.6,1
13.08.2021 01:06:41.023,19.95341,19.947779999999998,1.8,1
13.08.2021 01:06:42.053,19.95373,19.947779999999998,1.6,1
13.08.2021 01:06:44.711,19.95361,19.947779999999998,1.7,1
13.08.2021 01:06:46.035,19.95342,19.947779999999998,1.9,1
13.08.2021 01:06:47.055,19.95361,19.947779999999998,1.7,1
13.08.2021 01:06:49.072,19.95342,19.947779999999998,1.9,1
13.08.2021 01:06:51.113,19.95361,19.947779999999998,1.7,1
13.08.2021 01:06:52.029,19.95342,19.947779999999998,1.9,1
13.08.2021 01:06:53.062,19.95361,19.947779999999998,1.7,1
13.08.2021 01:06:54.093,19.95341,19.947779999999998,1.9,1
13.08.2021 01:06:54.253,19.95341,19.947779999999998,1.9,1
13.08.2021 01:06:55.509,19.95341,19.947779999999998,1.9,1
13.08.2021 01:06:56.048,19.95361,19.947779999999998,1.7,1
13.08.2021 01:07:01.124,19.95341,19.947779999999998,1.9,1
13.08.2021 01:07:01.174,19.95341,19.947779999999998,1.6,1.3
13.08.2021 01:07:03.038,19.95361,19.947779999999998,1.4,1.3
13.08.2021 01:07:04.315,19.95361,19.947779999999998,1.4,1.3
13.08.2021 01:07:07.990,19.95361,19.94748,1.7,1.1
13.08.2021 01:07:08.693,19.95361,19.94748,1.7,1.1
13.08.2021 01:07:09.078,19.95341,19.94748,1.8,1.1
13.08.2021 01:07:12.575,19.95394,19.947660000000003,1.7,1
13.08.2021 01:07:12.716,19.95394,19.947779999999998,1.7,1
13.08.2021 01:07:28.726,19.95342,19.947960000000002,1.9,1
13.08.2021 01:07:29.431,19.95342,19.94808,1.9,1
13.08.2021 01:07:29.559,19.95342,19.94808,1.9,1
13.08.2021 01:07:38.207,19.953920000000004,19.94816,1.7,1
13.08.2021 01:07:38.308,19.953920000000004,19.94828,1.7,1
13.08.2021 01:07:45.235,19.953920000000004,19.94828,1.7,1
13.08.2021 01:07:50.890,19.953920000000004,19.94828,1.7,1
13.08.2021 01:07:51.646,19.953920000000004,19.94828,1.7,1
13.08.2021 01:07:54.661,19.953920000000004,19.950110000000002,1.7,1
13.08.2021 01:07:54.762,19.95373,19.94808,1.8,1.6
13.08.2021 01:07:54.813,19.95373,19.94838,1.9,1
13.08.2021 01:07:55.067,19.95373,19.94838,1.9,1
13.08.2021 01:07:55.190,19.9537,19.94797,1.7,1
13.08.2021 01:07:55.241,19.9537,19.94758,1.7,1
13.08.2021 01:07:55.837,19.9537,19.94758,1.4,1.3
13.08.2021 01:07:56.145,19.95342,19.94758,1.6,1.3
13.08.2021 01:07:56.450,19.95342,19.94758,1.6,1.3
13.08.2021 01:07:58.184,19.95342,19.94758,1.9,1
13.08.2021 01:07:58.640,19.95342,19.94758,1.9,1
13.08.2021 01:08:01.140,19.95341,19.94758,1.9,1
13.08.2021 01:08:01.869,19.95341,19.94758,1.9,1
13.08.2021 01:08:04.316,19.9537,19.94758,1.7,1
13.08.2021 01:08:06.770,19.95391,19.947460000000003,1.95,1
13.08.2021 01:08:08.891,19.95342,19.947460000000003,1.9,1
13.08.2021 01:08:12.726,19.953460000000003,19.94788,1.9,1
13.08.2021 01:08:14.022,19.953460000000003,19.94788,1.9,1
13.08.2021 01:08:17.119,19.95373,19.94758,1.7,1
13.08.2021 01:08:22.151,19.95373,19.94758,1.7,1.3
13.08.2021 01:08:24.883,19.95373,19.94758,1.7,1.3
13.08.2021 01:08:26.177,19.95341,19.94758,1.6,1.3
13.08.2021 01:08:26.927,19.95341,19.94788,1.6,1.3
13.08.2021 01:08:27.178,19.95342,19.94788,1.9,1
13.08.2021 01:08:28.203,19.95363,19.94818,1.9,1
13.08.2021 01:08:29.075,19.95363,19.94818,1.9,1
13.08.2021 01:08:29.859,19.95373,19.94818,1.7,1
13.08.2021 01:08:30.862,19.95391,19.94838,1.95,1
13.08.2021 01:08:30.963,19.95391,19.94838,1.95,1
13.08.2021 01:08:31.072,19.95391,19.94838,1.95,1
13.08.2021 01:08:31.595,19.95391,19.94878,1.95,1
13.08.2021 01:08:33.840,19.953570000000003,19.94878,1.9,1
13.08.2021 01:08:34.179,19.953570000000003,19.94878,1.9,1
13.08.2021 01:08:36.948,19.95409,19.94878,1.55,1
13.08.2021 01:08:37.850,19.95409,19.94878,1.25,1
13.08.2021 01:08:37.901,19.95409,19.94908,1.25,1
13.08.2021 01:08:39.322,19.9537,19.94908,1,1
13.08.2021 01:08:39.954,19.95474,19.94938,1.6,1
13.08.2021 01:08:56.533,19.95474,19.949460000000002,1.3,1
13.08.2021 01:08:57.260,19.95512,19.94958,1.65,1
13.08.2021 01:09:03.926,19.95512,19.94958,1.65,1
13.08.2021 01:09:07.320,19.95512,19.94958,1.65,1
13.08.2021 01:09:12.588,19.95489,19.94958,1.9,1
13.08.2021 01:09:13.380,19.95534,19.950170000000004,1.4,1
13.08.2021 01:09:13.481,19.9559,19.95033,1.25,1.3
13.08.2021 01:09:13.532,19.9559,19.95033,1,1.3
13.08.2021 01:09:22.077,19.9559,19.95038,1,1.3
13.08.2021 01:09:22.561,19.9559,19.95038,1,1.3
13.08.2021 01:09:23.685,19.9559,19.95068,1,1.3
13.08.2021 01:09:24.690,19.9559,19.95068,1,1.4
13.08.2021 01:09:24.791,19.95756,19.95098,1.4,1.4
13.08.2021 01:09:24.892,19.95756,19.95098,1.3,1.4
13.08.2021 01:09:24.942,19.95756,19.95098,1.3,1.4
13.08.2021 01:09:25.094,19.95756,19.95138,1.3,1.4
13.08.2021 01:09:25.348,19.95756,19.95168,1.3,1
13.08.2021 01:09:26.024,19.95756,19.95186,1.3,1
13.08.2021 01:09:26.672,19.95756,19.95198,1.3,1
13.08.2021 01:09:31.174,19.95756,19.95228,1.3,1
13.08.2021 01:09:32.112,19.95766,19.952560000000002,1.7,1
13.08.2021 01:09:32.226,19.95766,19.95268,1.7,1.01
13.08.2021 01:09:36.193,19.95766,19.95268,1.7,1.01
13.08.2021 01:09:46.021,19.95766,19.952560000000002,1.7,1
13.08.2021 01:09:46.278,19.95766,19.952060000000003,1.7,1
13.08.2021 01:09:46.328,19.95766,19.95218,1.7,1
13.08.2021 01:09:50.298,19.95766,19.95218,1.7,1
13.08.2021 01:09:53.282,19.95766,19.95218,1.7,1
13.08.2021 01:09:59.550,19.95766,19.95218,1.7,1
13.08.2021 01:10:00.047,19.95766,19.952360000000002,1.7,1
13.08.2021 01:10:00.148,19.95766,19.95248,1.7,1
13.08.2021 01:10:02.655,19.95766,19.95218,1.7,1
13.08.2021 01:10:02.756,19.957310000000003,19.95048,1.3,1.4
13.08.2021 01:10:02.806,19.957310000000003,19.95048,1.4,1.4
13.08.2021 01:10:03.790,19.957310000000003,19.95058,1.4,1.4
13.08.2021 01:10:04.194,19.957310000000003,19.95058,1.4,1.4
13.08.2021 01:10:05.544,19.957310000000003,19.95058,1.4,1.4
13.08.2021 01:10:06.789,19.957310000000003,19.95058,1.4,1.4
13.08.2021 01:10:11.591,19.957310000000003,19.95058,1.4,1.4
13.08.2021 01:10:15.191,19.957310000000003,19.95058,1.4,1.4
13.08.2021 01:10:17.561,19.957310000000003,19.95058,1.4,1.4
13.08.2021 01:10:19.091,19.957310000000003,19.95058,1.4,1.4
13.08.2021 01:10:20.189,19.957310000000003,19.95058,1.4,1.4
13.08.2021 01:10:20.565,19.957310000000003,19.95064,1.3,1.4
13.08.2021 01:10:21.726,19.957310000000003,19.95166,1.3,1
13.08.2021 01:10:22.538,19.957310000000003,19.95178,1.3,1
13.08.2021 01:10:24.130,19.957310000000003,19.95178,1.3,1
13.08.2021 01:10:33.776,19.95766,19.95166,1.5,1
13.08.2021 01:10:34.317,19.95766,19.95166,1.5,1
13.08.2021 01:10:41.383,19.95766,19.95166,1.5,1
13.08.2021 01:10:45.545,19.95766,19.95166,1.5,1
13.08.2021 01:10:52.977,19.95766,19.95136,1.5,1
13.08.2021 01:10:53.027,19.95766,19.95148,1.5,1
13.08.2021 01:10:53.353,19.95766,19.95148,1.5,1
13.08.2021 01:10:57.931,19.95766,19.95166,1.5,1
13.08.2021 01:10:58.685,19.95766,19.95178,1.5,1
13.08.2021 01:11:01.897,19.95766,19.95178,1.5,1
13.08.2021 01:11:02.851,19.95766,19.95178,1.5,1
13.08.2021 01:11:02.944,19.95766,19.952060000000003,1.5,1
13.08.2021 01:11:03.947,19.95766,19.95218,1.5,1
13.08.2021 01:11:04.048,19.95766,19.95278,1.5,1
13.08.2021 01:11:04.912,19.95766,19.95278,1.5,1
13.08.2021 01:11:08.432,19.95766,19.95278,1.5,1
13.08.2021 01:11:10.402,19.95766,19.95278,1.5,1
13.08.2021 01:11:11.229,19.95766,19.95278,1.5,1
13.08.2021 01:11:14.317,19.95766,19.95278,1.5,1
13.08.2021 01:11:15.809,19.95766,19.95278,1.5,1
13.08.2021 01:11:18.339,19.95766,19.95228,1.5,1
13.08.2021 01:11:19.703,19.95766,19.95228,1.5,1
13.08.2021 01:11:24.336,19.95766,19.95228,1.5,1
13.08.2021 01:11:35.267,19.95766,19.95228,1.5,1
13.08.2021 01:11:36.435,19.95766,19.952160000000003,1.5,1
13.08.2021 01:11:46.269,19.95766,19.952160000000003,1.5,1
13.08.2021 01:11:46.814,19.95766,19.952160000000003,1.5,1
13.08.2021 01:11:59.340,19.95766,19.952160000000003,1.2,1.3
13.08.2021 01:12:03.539,19.95766,19.95228,1.5,1
13.08.2021 01:12:04.318,19.95766,19.95228,1.2,1.3
13.08.2021 01:12:04.464,19.95766,19.95228,1.5,1
13.08.2021 01:12:05.214,19.95766,19.95198,1.5,1
13.08.2021 01:12:14.318,19.95766,19.95198,1.2,1.3
13.08.2021 01:12:24.318,19.95766,19.95198,1.5,1
13.08.2021 01:12:28.063,19.95766,19.95198,1.5,1
13.08.2021 01:12:32.840,19.95766,19.95186,1.5,1
13.08.2021 01:12:33.925,19.95766,19.95186,1.5,1
13.08.2021 01:12:34.338,19.95766,19.95186,1.5,1
13.08.2021 01:12:44.489,19.95766,19.95186,1.5,1
13.08.2021 01:12:48.436,19.95766,19.95186,1.5,1
13.08.2021 01:12:52.947,19.95766,19.95186,1.5,1
13.08.2021 01:13:04.767,19.95766,19.95198,1.5,1.25
13.08.2021 01:13:05.162,19.95766,19.952060000000003,1.5,1
13.08.2021 01:13:05.310,19.95766,19.95218,1.5,1.25
13.08.2021 01:13:06.279,19.95766,19.95218,1.5,1.25
13.08.2021 01:13:06.818,19.95766,19.952460000000002,1.5,1
13.08.2021 01:13:06.924,19.95766,19.95258,1.5,1.25
13.08.2021 01:13:08.186,19.95766,19.95258,1.5,1.25
13.08.2021 01:13:16.477,19.95766,19.95258,1.5,1.25
13.08.2021 01:13:27.988,19.95766,19.95258,1.3,1
13.08.2021 01:13:33.093,19.95766,19.95258,1.3,1
13.08.2021 01:13:38.290,19.95766,19.95288,1.3,1
13.08.2021 01:13:38.560,19.95766,19.95288,1.3,1
13.08.2021 01:13:48.454,19.95766,19.95288,1.3,1
13.08.2021 01:13:48.609,19.95766,19.95258,1.3,1
13.08.2021 01:13:51.014,19.95766,19.95258,1.3,1
13.08.2021 01:13:51.332,19.95766,19.95258,1,1.3
13.08.2021 01:13:51.483,19.95766,19.95208,1.3,1
13.08.2021 01:13:52.437,19.95766,19.95198,1.3,1
13.08.2021 01:13:57.977,19.95766,19.95198,1.3,1
13.08.2021 01:14:03.460,19.95813,19.95186,1.4,1
13.08.2021 01:14:03.517,19.95812,19.95198,1.4,1
13.08.2021 01:14:05.427,19.95812,19.95198,1.4,1
13.08.2021 01:14:13.324,19.95812,19.95198,1.4,1
13.08.2021 01:14:22.122,19.95812,19.95198,1.4,1
13.08.2021 01:14:23.412,19.95813,19.95186,1.4,1
13.08.2021 01:14:23.512,19.95812,19.95198,1.4,1
13.08.2021 01:14:23.616,19.95813,19.95186,1.4,1
13.08.2021 01:14:30.280,19.95813,19.95186,1.4,1
13.08.2021 01:14:34.666,19.95813,19.95176,1.4,1
13.08.2021 01:14:34.717,19.95773,19.95188,1.3,1
13.08.2021 01:14:34.930,19.95773,19.95188,1.3,1
13.08.2021 01:14:35.436,19.95773,19.952460000000002,1.3,1
13.08.2021 01:14:35.537,19.95773,19.95258,1.3,1
13.08.2021 01:14:40.612,19.95773,19.95258,1.3,1
13.08.2021 01:14:44.039,19.95773,19.95258,1.3,1
13.08.2021 01:14:55.277,19.95813,19.95258,1.4,1.25
13.08.2021 01:15:00.097,19.95813,19.95258,1.3,1.25
13.08.2021 01:15:00.521,19.95813,19.95299,1.3,1
13.08.2021 01:15:00.572,19.95773,19.95198,1.3,1.12
13.08.2021 01:15:00.673,19.95773,19.95198,1,1.3
13.08.2021 01:15:01.672,19.95773,19.95198,1,1
13.08.2021 01:15:01.845,19.95773,19.95198,1.3,1
13.08.2021 01:15:02.285,19.95773,19.952160000000003,1.3,1
13.08.2021 01:15:02.955,19.95773,19.95228,1.3,1
13.08.2021 01:15:03.259,19.95841,19.95258,1.3,1
13.08.2021 01:15:03.734,19.95841,19.95258,1.3,1
13.08.2021 01:15:06.633,19.95841,19.95258,1.3,1
13.08.2021 01:15:07.139,19.95841,19.95258,1.4,1
13.08.2021 01:15:07.318,19.95841,19.95258,1.3,1
13.08.2021 01:15:22.982,19.95841,19.95258,1.3,1
13.08.2021 01:15:26.156,19.95863,19.952460000000002,1.65,1
13.08.2021 01:15:29.981,19.95863,19.952460000000002,1.65,1
13.08.2021 01:15:35.425,19.95863,19.952460000000002,1.65,1
13.08.2021 01:15:37.966,19.95863,19.952460000000002,1.65,1
13.08.2021 01:15:48.982,19.95863,19.952460000000002,1.65,1
13.08.2021 01:15:51.936,19.95849,19.95118,1.4,1.65
13.08.2021 01:15:52.036,19.95822,19.951529999999998,1.4,1.3
13.08.2021 01:15:52.347,19.95822,19.951529999999998,1.4,1
13.08.2021 01:15:52.466,19.95822,19.951529999999998,1.4,1
13.08.2021 01:15:53.310,19.95812,19.951529999999998,1.4,1
13.08.2021 01:15:54.151,19.95812,19.951529999999998,1.4,1
13.08.2021 01:15:55.091,19.957620000000002,19.951529999999998,1.3,1
13.08.2021 01:16:01.731,19.957320000000003,19.951529999999998,1,1
13.08.2021 01:16:14.439,19.957320000000003,19.95118,1,1.3
13.08.2021 01:16:16.289,19.957050000000002,19.95118,1,1.3
13.08.2021 01:16:17.180,19.956920000000004,19.95118,1.25,1.3
13.08.2021 01:16:22.551,19.95685,19.95118,1,1.3
13.08.2021 01:16:22.685,19.95672,19.95118,1.25,1.3
13.08.2021 01:16:27.192,19.95672,19.95118,1.25,1.3
13.08.2021 01:16:28.590,19.957020000000004,19.95118,1.25,1.3
13.08.2021 01:16:32.810,19.957020000000004,19.95118,1.25,1.3
13.08.2021 01:16:34.990,19.957020000000004,19.95118,1.25,1.3
13.08.2021 01:16:37.798,19.957020000000004,19.95118,1.25,1.3
13.08.2021 01:16:53.291,19.957020000000004,19.95118,1.25,1.3
13.08.2021 01:16:55.796,19.95685,19.95118,1,1.3
13.08.2021 01:16:58.224,19.95672,19.95118,1.25,1.3
13.08.2021 01:17:02.331,19.95672,19.95118,1.25,1.3
13.08.2021 01:17:06.191,19.95672,19.95118,1.25,1.3
13.08.2021 01:17:12.225,19.95672,19.95118,1.25,1.3
13.08.2021 01:17:22.423,19.95672,19.95118,1.25,1.3
13.08.2021 01:17:22.510,19.95642,19.95118,1.25,1.3
13.08.2021 01:17:24.555,19.955070000000003,19.95098,1.6,1
13.08.2021 01:17:24.606,19.95449,19.95028,1.25,1
13.08.2021 01:17:24.657,19.95449,19.94839,1.65,1.25
13.08.2021 01:17:24.758,19.95449,19.94761,1.9,1.9
13.08.2021 01:17:24.809,19.95449,19.94761,1.9,1.9
13.08.2021 01:17:25.139,19.95449,19.94761,1.9,1.4
13.08.2021 01:17:25.190,19.954420000000002,19.94761,1.4,1.4
13.08.2021 01:17:26.025,19.953950000000003,19.94761,1,1.4
13.08.2021 01:17:26.281,19.953820000000004,19.94761,1,1.4
13.08.2021 01:17:26.332,19.953820000000004,19.94761,1,1.4
13.08.2021 01:17:31.699,19.953820000000004,19.94761,1,1.4
13.08.2021 01:17:34.514,19.95502,19.94761,1.65,1.4
13.08.2021 01:17:34.796,19.95449,19.94761,1.55,1.4
13.08.2021 01:17:38.591,19.95492,19.94798,1.3,1.3
13.08.2021 01:17:39.340,19.95492,19.94798,1.3,1.3
13.08.2021 01:17:42.276,19.95449,19.94798,1.3,1.3
13.08.2021 01:17:45.285,19.95449,19.947860000000002,1.3,1.3
13.08.2021 01:17:51.353,19.95449,19.94818,1.3,1.3
13.08.2021 01:17:53.684,19.95449,19.94818,1.3,1
13.08.2021 01:17:56.986,19.955060000000003,19.94828,1.4,1
13.08.2021 01:17:59.275,19.955060000000003,19.94846,1.4,1
13.08.2021 01:18:00.190,19.955060000000003,19.94858,1.4,1
13.08.2021 01:18:00.427,19.955060000000003,19.94858,1.4,1
13.08.2021 01:18:02.126,19.955060000000003,19.94858,1.4,1
13.08.2021 01:18:03.241,19.955060000000003,19.94828,1.4,1
13.08.2021 01:18:05.287,19.955060000000003,19.94846,1.4,1
13.08.2021 01:18:05.660,19.955060000000003,19.94858,1.4,1
13.08.2021 01:18:07.500,19.955060000000003,19.94828,1.4,1
13.08.2021 01:18:07.551,19.955060000000003,19.94828,1.4,1
13.08.2021 01:18:18.685,19.955060000000003,19.94828,1.4,1
13.08.2021 01:18:19.571,19.955060000000003,19.94838,1.4,1.3
13.08.2021 01:18:20.191,19.955060000000003,19.94838,1.3,1.3
13.08.2021 01:18:20.515,19.955060000000003,19.94898,1.3,1
13.08.2021 01:18:24.320,19.955060000000003,19.94898,1.3,1
13.08.2021 01:18:34.321,19.955060000000003,19.94898,1.3,1
13.08.2021 01:18:44.028,19.95449,19.94848,1.3,1.3
13.08.2021 01:18:44.078,19.95449,19.94848,1.65,1.55
13.08.2021 01:18:44.129,19.95449,19.94761,1.65,1.65
13.08.2021 01:18:44.179,19.95449,19.94761,1.65,1.65
13.08.2021 01:18:45.744,19.954420000000002,19.94761,1.4,1.4
13.08.2021 01:18:46.167,19.954420000000002,19.94761,1.65,1.4
13.08.2021 01:18:46.876,19.95429,19.94761,1.15,1.3
13.08.2021 01:18:48.521,19.95429,19.94761,1.15,1.3
13.08.2021 01:18:49.018,19.95429,19.94761,1.15,1.3
13.08.2021 01:18:52.390,19.95429,19.94761,1.15,1.3
13.08.2021 01:18:54.191,19.95429,19.94761,1.15,1.3
13.08.2021 01:18:54.513,19.95429,19.94761,1.15,1.3
13.08.2021 01:18:56.890,19.95429,19.94761,1.15,1.3
13.08.2021 01:18:57.703,19.95429,19.94761,1.15,1.3
13.08.2021 01:18:59.291,19.954020000000003,19.94761,1.3,1.3
13.08.2021 01:18:59.543,19.954020000000003,19.94761,1.3,1.3
13.08.2021 01:19:01.136,19.954020000000003,19.94761,1.3,1.3
13.08.2021 01:19:03.036,19.954020000000003,19.94761,1.55,1.3
13.08.2021 01:19:11.310,19.954020000000003,19.94761,1.55,1.3
13.08.2021 01:19:15.327,19.954320000000003,19.94761,1.55,1.3
13.08.2021 01:19:18.082,19.954320000000003,19.94761,1.55,1.3
13.08.2021 01:19:19.798,19.955820000000003,19.950110000000002,1.9,1.25
13.08.2021 01:19:19.849,19.95529,19.94908,1.55,1.5
13.08.2021 01:19:19.950,19.95653,19.94908,1.65,1.3
13.08.2021 01:19:20.001,19.95653,19.94908,1.65,1.3
13.08.2021 01:19:20.636,19.95652,19.949279999999998,1.65,1.3
13.08.2021 01:19:21.455,19.95642,19.94958,1.65,1.3
13.08.2021 01:19:22.191,19.95642,19.94958,1.9,1
13.08.2021 01:19:22.969,19.95642,19.94958,1.9,1.3
13.08.2021 01:19:23.591,19.95642,19.94958,1.9,1
13.08.2021 01:19:26.508,19.95642,19.94958,1.9,1
13.08.2021 01:19:30.551,19.95642,19.94958,1.9,1
13.08.2021 01:19:34.467,19.955840000000002,19.94958,1.3,1.3
13.08.2021 01:19:40.023,19.955620000000003,19.94938,1.3,1.3
13.08.2021 01:19:42.585,19.955620000000003,19.94938,1.3,1.3
13.08.2021 01:19:44.321,19.955620000000003,19.94938,1.3,1.3
13.08.2021 01:19:45.076,19.955620000000003,19.94938,1.3,1.3
13.08.2021 01:19:47.291,19.955620000000003,19.94938,1.3,1.3
13.08.2021 01:19:48.566,19.955620000000003,19.94938,1.3,1.3
13.08.2021 01:19:50.890,19.955620000000003,19.94938,1.3,1.3
13.08.2021 01:19:51.108,19.955620000000003,19.94938,1.3,1.3
13.08.2021 01:19:54.791,19.955620000000003,19.94938,1.3,1.3
13.08.2021 01:20:00.312,19.955620000000003,19.94938,1.3,1.3
13.08.2021 01:20:00.590,19.955620000000003,19.94938,1.3,1.3
13.08.2021 01:20:04.209,19.95653,19.949260000000002,1.65,1.3
13.08.2021 01:20:06.406,19.95653,19.949260000000002,1.65,1.3
13.08.2021 01:20:10.089,19.95653,19.949260000000002,1.65,1.3
13.08.2021 01:20:14.825,19.95653,19.949260000000002,1.65,1.3
13.08.2021 01:20:16.990,19.95653,19.949260000000002,1.65,1.3
13.08.2021 01:20:18.500,19.956010000000003,19.94938,1.3,1.3
13.08.2021 01:20:19.873,19.95529,19.94918,1,1.4
13.08.2021 01:20:19.975,19.95529,19.94918,1,1.3
13.08.2021 01:20:21.415,19.95529,19.94918,1.3,1.3
13.08.2021 01:20:22.161,19.95529,19.94918,1,1.3
13.08.2021 01:20:25.801,19.956010000000003,19.94948,1.4,1.3
13.08.2021 01:20:25.904,19.956010000000003,19.94948,1.3,1.3
13.08.2021 01:20:28.391,19.956010000000003,19.94948,1.3,1.3
13.08.2021 01:20:28.645,19.956010000000003,19.94948,1.3,1.3
13.08.2021 01:20:30.790,19.956010000000003,19.94948,1.3,1.3
13.08.2021 01:20:32.311,19.956010000000003,19.94966,1.3,1
13.08.2021 01:20:33.486,19.956010000000003,19.94978,1.3,1
13.08.2021 01:20:33.777,19.956010000000003,19.94978,1.3,1
13.08.2021 01:20:36.573,19.956010000000003,19.94978,1.3,1
13.08.2021 01:20:46.236,19.95642,19.94978,1.3,1
13.08.2021 01:20:47.364,19.95529,19.94958,1,1.3
13.08.2021 01:20:47.414,19.95529,19.94958,1,1
13.08.2021 01:20:47.861,19.95522,19.94958,1,1
13.08.2021 01:20:48.396,19.95522,19.94948,1,1
13.08.2021 01:20:56.472,19.95522,19.949370000000002,1,1.3
13.08.2021 01:20:59.283,19.95561,19.94948,1.3,1
13.08.2021 01:20:59.491,19.95561,19.94948,1.3,1.3
13.08.2021 01:21:00.658,19.95561,19.94948,1.3,1.3
13.08.2021 01:21:00.790,19.95561,19.94948,1.3,1.3
13.08.2021 01:21:00.952,19.95561,19.94948,1,1.3
13.08.2021 01:21:03.827,19.95561,19.94948,1,1.3
13.08.2021 01:21:09.347,19.95561,19.94948,1,1.3
13.08.2021 01:21:09.735,19.95561,19.94948,1.3,1.3
13.08.2021 01:21:16.330,19.95561,19.94948,1,1.3
13.08.2021 01:21:17.454,19.95561,19.94948,1,1.3
13.08.2021 01:21:17.576,19.95645,19.949360000000002,1.65,1.3
13.08.2021 01:21:19.881,19.9558,19.94968,1.3,1
13.08.2021 01:21:20.327,19.9558,19.94968,1.3,1
13.08.2021 01:21:28.545,19.9558,19.94968,1.3,1
13.08.2021 01:21:35.917,19.9558,19.94958,1.3,1.3
13.08.2021 01:21:39.192,19.9558,19.94958,1.3,1.3
13.08.2021 01:21:42.271,19.956120000000002,19.94938,1.3,1.3
13.08.2021 01:21:44.698,19.955820000000003,19.949279999999998,1.3,1.3
13.08.2021 01:21:46.382,19.955820000000003,19.949279999999998,1.3,1.4
13.08.2021 01:21:46.481,19.955820000000003,19.949279999999998,1.3,1.3
13.08.2021 01:22:01.879,19.956120000000002,19.94938,1.3,1.3
13.08.2021 01:22:02.424,19.95619,19.94958,1.3,1.3
13.08.2021 01:22:04.240,19.95619,19.94958,1.3,1.3
13.08.2021 01:22:14.980,19.95619,19.94958,1.3,1
13.08.2021 01:22:15.810,19.95619,19.94958,1.3,1
13.08.2021 01:22:20.703,19.95642,19.94958,1.4,1
13.08.2021 01:22:22.274,19.95642,19.94958,1.4,1.3
13.08.2021 01:22:24.322,19.95642,19.94958,1.4,1.3
13.08.2021 01:22:33.456,19.95642,19.94958,1.4,1.3
13.08.2021 01:22:41.335,19.95642,19.94958,1.4,1.3
13.08.2021 01:22:51.889,19.95642,19.94958,1.3,1.3
13.08.2021 01:22:56.683,19.95642,19.94958,1.3,1.3
13.08.2021 01:22:57.288,19.95642,19.94958,1.3,1.3
13.08.2021 01:22:59.265,19.95642,19.94958,1.3,1.3
13.08.2021 01:22:59.413,19.95642,19.94958,1.3,1.3
13.08.2021 01:23:05.838,19.95652,19.94978,1.3,1
13.08.2021 01:23:20.099,19.95652,19.94978,1.3,1
13.08.2021 01:23:21.865,19.95652,19.94978,1.3,1
13.08.2021 01:23:27.416,19.95652,19.94978,1.8,1
13.08.2021 01:23:42.837,19.95652,19.94978,1.9,1
13.08.2021 01:23:50.566,19.95652,19.94978,1.9,1
13.08.2021 01:23:55.921,19.95642,19.94948,1.4,1.3
13.08.2021 01:24:03.609,19.95642,19.94948,1.4,1.3
13.08.2021 01:24:12.043,19.95642,19.94966,1.4,1
13.08.2021 01:24:12.310,19.95653,19.94978,1.9,1.25
13.08.2021 01:24:12.920,19.95653,19.94978,1.9,1.25
13.08.2021 01:24:13.681,19.95653,19.94996,1.9,1
13.08.2021 01:24:14.102,19.95653,19.95008,1.9,1.25
13.08.2021 01:24:18.380,19.95653,19.95008,1.9,1.25
13.08.2021 01:24:31.247,19.95653,19.94988,1.9,1.25
13.08.2021 01:24:34.323,19.95653,19.94988,1.9,1.25
13.08.2021 01:24:39.997,19.95652,19.94976,1.9,1
13.08.2021 01:24:45.660,19.95652,19.94968,1.8,1.3
13.08.2021 01:24:49.826,19.95652,19.94968,1.9,1.3
13.08.2021 01:24:52.308,19.95652,19.94968,1.9,1.3
13.08.2021 01:24:58.544,19.956220000000002,19.949279999999998,1.3,1.55
13.08.2021 01:25:00.046,19.95489,19.949279999999998,1,1.55
13.08.2021 01:25:00.097,19.95482,19.94868,1,1.4
13.08.2021 01:25:00.198,19.95482,19.94868,1,1.3
13.08.2021 01:25:01.324,19.95482,19.94888,1,1.3
13.08.2021 01:25:09.335,19.95449,19.948570000000004,1.25,1.8
13.08.2021 01:25:09.435,19.95449,19.948570000000004,1.55,1.8
13.08.2021 01:25:10.245,19.954420000000002,19.947660000000003,1.9,1.65
13.08.2021 01:25:10.373,19.954420000000002,19.947660000000003,1.9,1.55
13.08.2021 01:25:10.424,19.954420000000002,19.947660000000003,1.9,1.55
13.08.2021 01:25:10.756,19.954420000000002,19.947660000000003,1.9,1.55
13.08.2021 01:25:11.269,19.954320000000003,19.947660000000003,1.9,1.55
13.08.2021 01:25:13.864,19.954420000000002,19.947660000000003,1.4,1.65
13.08.2021 01:25:14.255,19.954420000000002,19.947660000000003,1.4,1.65
13.08.2021 01:25:14.773,19.954420000000002,19.947660000000003,1.4,1.65
13.08.2021 01:25:24.900,19.954320000000003,19.94753,1,1.65
13.08.2021 01:25:25.119,19.95449,19.947860000000002,1.3,1.25
13.08.2021 01:25:25.169,19.95449,19.94798,1.3,1
13.08.2021 01:25:25.403,19.954810000000002,19.94798,1.3,1.3
13.08.2021 01:25:25.695,19.954810000000002,19.94828,1.3,1
13.08.2021 01:25:26.157,19.95449,19.94828,1.3,1
13.08.2021 01:25:26.308,19.95449,19.94828,1.3,1
13.08.2021 01:25:28.161,19.95449,19.94828,1.3,1
13.08.2021 01:25:28.262,19.95449,19.94768,1.4,1.65
13.08.2021 01:25:28.514,19.95449,19.94768,1.3,1.65
13.08.2021 01:25:29.228,19.95449,19.94826,1.3,1
13.08.2021 01:25:29.279,19.95449,19.94768,1.4,1.65
13.08.2021 01:25:29.826,19.954420000000002,19.94788,1.3,1.55
13.08.2021 01:25:29.928,19.954420000000002,19.94788,1.3,1.65
13.08.2021 01:25:30.512,19.954420000000002,19.94836,1.3,1
13.08.2021 01:25:30.613,19.954420000000002,19.94848,1.3,1.3
13.08.2021 01:25:31.252,19.954420000000002,19.94848,1.3,1.3
13.08.2021 01:25:32.768,19.954420000000002,19.94848,1.3,1
13.08.2021 01:25:36.360,19.954420000000002,19.94848,1.3,1
13.08.2021 01:25:38.811,19.954420000000002,19.94848,1.3,1
13.08.2021 01:25:43.811,19.954420000000002,19.94848,1.3,1
13.08.2021 01:25:50.209,19.95449,19.94848,1.3,1
13.08.2021 01:25:51.446,19.954810000000002,19.94848,1.3,1
13.08.2021 01:25:51.973,19.954810000000002,19.94828,1.3,1
13.08.2021 01:25:54.956,19.954810000000002,19.94828,1.3,1
13.08.2021 01:25:56.156,19.95449,19.94828,1.3,1
13.08.2021 01:25:58.591,19.95449,19.94828,1.3,1
13.08.2021 01:26:05.235,19.95449,19.94876,1.3,1
13.08.2021 01:26:05.336,19.954810000000002,19.94888,1.4,1
13.08.2021 01:26:05.387,19.954810000000002,19.94888,1.4,1
13.08.2021 01:26:06.940,19.954810000000002,19.94888,1.3,1
13.08.2021 01:26:09.152,19.95498,19.94888,1.3,1
13.08.2021 01:26:15.571,19.95498,19.94888,1.3,1
13.08.2021 01:26:17.312,19.95498,19.94888,1.3,1
13.08.2021 01:26:18.756,19.95498,19.949060000000003,1.3,1
13.08.2021 01:26:19.358,19.95498,19.94918,1.3,1
13.08.2021 01:26:24.323,19.95498,19.94918,1.3,1
13.08.2021 01:26:24.824,19.95498,19.949279999999998,1.3,1
13.08.2021 01:26:32.036,19.95498,19.949279999999998,1.3,1
13.08.2021 01:26:34.577,19.95498,19.949279999999998,1.3,1
13.08.2021 01:26:46.519,19.95498,19.94918,1.3,1
13.08.2021 01:27:03.971,19.95498,19.94918,1.3,1
13.08.2021 01:27:04.235,19.95518,19.94989,1.3,1.25
13.08.2021 01:27:04.336,19.95593,19.94978,1.25,1.55
13.08.2021 01:27:04.437,19.95593,19.94978,1.3,1
13.08.2021 01:27:05.487,19.95593,19.94986,1.3,1
13.08.2021 01:27:06.257,19.95593,19.94998,1.3,1
13.08.2021 01:27:10.085,19.95593,19.94998,1.3,1
13.08.2021 01:27:13.719,19.95593,19.94998,1,1
13.08.2021 01:27:20.268,19.95593,19.94978,1,1
13.08.2021 01:27:21.655,19.95593,19.94988,1,1
13.08.2021 01:27:24.273,19.95632,19.94988,1.3,1
13.08.2021 01:27:24.323,19.95632,19.94988,1.3,1
13.08.2021 01:27:29.507,19.95632,19.94988,1.3,1
13.08.2021 01:27:30.191,19.95632,19.94988,1.3,1
13.08.2021 01:27:30.586,19.95632,19.94988,1.3,1
13.08.2021 01:27:32.799,19.95632,19.94988,1.3,1
13.08.2021 01:27:52.729,19.954670000000004,19.94976,1,1
13.08.2021 01:27:52.780,19.954670000000004,19.94888,1.3,1
13.08.2021 01:27:52.881,19.95449,19.94859,1.55,1.25
13.08.2021 01:27:53.837,19.95482,19.94859,1.3,1
13.08.2021 01:27:54.409,19.95482,19.94866,1.3,1
13.08.2021 01:27:55.429,19.954670000000004,19.94878,1.3,1
13.08.2021 01:27:55.479,19.95449,19.94859,1,1
13.08.2021 01:27:55.648,19.95449,19.94859,1.3,1
13.08.2021 01:27:57.560,19.95449,19.94859,1.3,1
13.08.2021 01:27:57.824,19.95449,19.94859,1.3,1
13.08.2021 01:27:58.390,19.95449,19.94859,1.3,1
13.08.2021 01:27:58.649,19.95449,19.94859,1.3,1
13.08.2021 01:28:00.078,19.95449,19.94859,1.3,1
13.08.2021 01:28:00.481,19.95449,19.94859,1.3,1
13.08.2021 01:28:00.769,19.95449,19.94868,1.3,1
13.08.2021 01:28:01.776,19.95449,19.94868,1.3,1
13.08.2021 01:28:06.306,19.95449,19.94868,1.3,1
13.08.2021 01:28:07.497,19.95449,19.94868,1.3,1
13.08.2021 01:28:08.702,19.95508,19.94868,1.65,1.25
13.08.2021 01:28:11.756,19.95508,19.94876,1.4,1
13.08.2021 01:28:12.191,19.95508,19.94888,1.3,1
13.08.2021 01:28:12.986,19.95508,19.94888,1.3,1
13.08.2021 01:28:24.322,19.95508,19.94888,1.3,1
13.08.2021 01:28:28.040,19.95508,19.94858,1.3,1
13.08.2021 01:28:29.635,19.95508,19.94876,1.3,1
13.08.2021 01:28:30.178,19.95508,19.94888,1.3,1
13.08.2021 01:28:31.555,19.95508,19.94858,1.3,1
13.08.2021 01:28:37.165,19.95508,19.94858,1.3,1
13.08.2021 01:28:39.238,19.95508,19.94858,1.3,1
13.08.2021 01:28:42.786,19.95508,19.94876,1.3,1
13.08.2021 01:28:42.890,19.95508,19.94888,1.3,1
13.08.2021 01:28:48.990,19.95508,19.94888,1.3,1
13.08.2021 01:28:49.845,19.95508,19.949260000000002,1.3,1
13.08.2021 01:28:50.665,19.95508,19.94938,1.3,1
13.08.2021 01:28:53.310,19.95508,19.94938,1.3,1
13.08.2021 01:28:55.286,19.95508,19.949279999999998,1.3,1
13.08.2021 01:28:58.964,19.95508,19.949279999999998,1.3,1
13.08.2021 01:29:00.399,19.95449,19.94838,1.3,1
13.08.2021 01:29:00.971,19.95449,19.94848,1,1
13.08.2021 01:29:01.858,19.95508,19.94848,1.4,1
13.08.2021 01:29:03.003,19.95449,19.94878,1,1
13.08.2021 01:29:03.690,19.95449,19.94878,1.3,1
13.08.2021 01:29:04.799,19.95449,19.94878,1,1
13.08.2021 01:29:10.157,19.95449,19.94828,1.3,1
13.08.2021 01:29:11.080,19.95449,19.94838,1.3,1
13.08.2021 01:29:13.990,19.95449,19.94838,1,1
13.08.2021 01:29:15.791,19.95449,19.94838,1.3,1
13.08.2021 01:29:33.031,19.954670000000004,19.94818,1.3,1
13.08.2021 01:29:33.458,19.95508,19.94828,1.4,1
13.08.2021 01:29:33.760,19.95449,19.94828,1,1
13.08.2021 01:29:33.861,19.95449,19.94828,1.3,1
13.08.2021 01:29:36.695,19.95449,19.94828,1.3,1
13.08.2021 01:29:38.538,19.95449,19.94798,1.65,1.55
13.08.2021 01:29:38.639,19.95443,19.94763,1.15,1.3
13.08.2021 01:29:39.637,19.954420000000002,19.94763,1.9,1.3
13.08.2021 01:29:44.965,19.95449,19.94788,1.3,1
13.08.2021 01:29:45.183,19.95449,19.94818,1.3,1
13.08.2021 01:29:46.085,19.95449,19.94818,1.3,1
13.08.2021 01:29:47.572,19.95449,19.94818,1.3,1
13.08.2021 01:29:50.832,19.954670000000004,19.94836,1.3,1
13.08.2021 01:29:52.088,19.954670000000004,19.94848,1.3,1
13.08.2021 01:29:54.191,19.954670000000004,19.94848,1.3,1
13.08.2021 01:29:59.853,19.954670000000004,19.94848,1,1.3
13.08.2021 01:30:00.169,19.954670000000004,19.94848,1.3,1
13.08.2021 01:30:02.387,19.95508,19.94836,1.3,1
13.08.2021 01:30:02.438,19.95508,19.94838,1.3,1
13.08.2021 01:30:02.538,19.95508,19.94838,1.3,1
13.08.2021 01:30:02.870,19.95508,19.94866,1.3,1
