Gmt time,Ask,Bid,AskVolume,BidVolume
30.08.2021 00:00:00.274,20.183320000000002,20.176379999999998,1.3,1.3
30.08.2021 00:00:00.374,20.183320000000002,20.176379999999998,1.3,1.3
30.08.2021 00:00:00.726,20.183020000000003,20.176379999999998,1.3,1.3
30.08.2021 00:00:01.821,20.182620000000004,20.17648,1.3,1.3
30.08.2021 00:00:01.922,20.18352,20.17648,1.3,1.3
30.08.2021 00:00:14.466,20.184520000000003,20.17648,1.55,1.3
30.08.2021 00:00:14.572,20.184440000000002,20.17648,1.8,1.3
30.08.2021 00:00:14.673,20.18447,20.17648,1.05,1.3
30.08.2021 00:00:15.598,20.18375,20.17648,1,1.3
30.08.2021 00:00:16.147,20.18362,20.17648,1.3,1.3
30.08.2021 00:00:35.527,20.183320000000002,20.175710000000002,1.55,1.05
30.08.2021 00:00:35.936,20.182920000000003,20.175710000000002,1.55,1.05
30.08.2021 00:00:36.265,20.18185,20.175710000000002,1,1.05
30.08.2021 00:00:36.373,20.181720000000002,20.175710000000002,1.55,1.05
30.08.2021 00:00:40.696,20.181520000000003,20.17558,1.3,1
30.08.2021 00:00:41.001,20.181520000000003,20.17558,1.3,1
30.08.2021 00:00:41.820,20.181520000000003,20.17558,1.3,1
30.08.2021 00:00:42.767,20.18119,20.17358,1.55,1.3
30.08.2021 00:00:42.818,20.18119,20.17358,1.55,1.3
30.08.2021 00:00:43.555,20.18082,20.17274,1,1.05
30.08.2021 00:00:44.108,20.18082,20.17258,1.25,1.55
30.08.2021 00:00:44.209,20.18082,20.17273,1.55,1.05
30.08.2021 00:00:44.993,20.18082,20.17273,1.55,1.05
30.08.2021 00:00:46.796,20.179920000000003,20.17238,1.05,1.05
30.08.2021 00:00:46.902,20.179920000000003,20.17228,1.05,1.05
30.08.2021 00:00:47.053,20.179920000000003,20.17228,1.05,1.05
30.08.2021 00:00:47.758,20.179920000000003,20.17218,1.05,1.5
30.08.2021 00:00:47.809,20.17772,20.17184,1.25,1.55
30.08.2021 00:00:47.923,20.17772,20.17184,1.55,1.55
30.08.2021 00:00:48.726,20.17772,20.17184,1.25,1.55
30.08.2021 00:00:48.777,20.17765,20.17184,1,1.55
30.08.2021 00:00:49.226,20.17752,20.17184,1.25,1.55
30.08.2021 00:00:49.816,20.17752,20.17184,1.55,1.25
30.08.2021 00:00:49.894,20.17752,20.17184,1.25,1.55
30.08.2021 00:00:50.901,20.17752,20.17181,1,1.3
30.08.2021 00:01:00.027,20.178420000000003,20.17164,1.25,1.3
30.08.2021 00:01:00.546,20.178420000000003,20.17164,1.25,1.3
30.08.2021 00:01:00.698,20.178420000000003,20.17164,1.55,1.3
30.08.2021 00:01:01.016,20.177950000000003,20.17164,1.3,1.3
30.08.2021 00:01:01.067,20.17782,20.17164,1.25,1.3
30.08.2021 00:01:01.243,20.178420000000003,20.17164,1.55,1.3
30.08.2021 00:01:01.776,20.178420000000003,20.17164,1.55,1.3
30.08.2021 00:01:02.054,20.178420000000003,20.17181,1.3,1.3
30.08.2021 00:01:02.396,20.178420000000003,20.17181,1.3,1.3
30.08.2021 00:01:02.780,20.17772,20.17181,1,1.3
30.08.2021 00:01:03.342,20.17772,20.17181,1,1.3
30.08.2021 00:01:04.589,20.17755,20.17181,1,1.3
30.08.2021 00:01:04.882,20.17742,20.17181,1,1.3
30.08.2021 00:01:06.497,20.17742,20.17181,1,1.3
30.08.2021 00:01:07.229,20.17976,20.17278,1.05,1.25
30.08.2021 00:01:07.279,20.179920000000003,20.17278,1,1.25
30.08.2021 00:01:07.871,20.179920000000003,20.173360000000002,1,1
30.08.2021 00:01:08.152,20.179920000000003,20.17348,1,1.25
30.08.2021 00:01:08.309,20.180120000000002,20.17366,1.55,1
30.08.2021 00:01:08.526,20.18017,20.17378,1.55,1
30.08.2021 00:01:13.054,20.18017,20.17378,1.55,1
30.08.2021 00:01:23.939,20.180020000000003,20.17368,1.55,1
30.08.2021 00:01:27.149,20.18056,20.17348,1.05,1
30.08.2021 00:01:27.678,20.18056,20.17348,1.05,1.25
30.08.2021 00:01:28.177,20.18056,20.17328,1.05,1
30.08.2021 00:01:29.098,20.18093,20.17318,1.55,1.55
30.08.2021 00:01:29.199,20.181810000000002,20.17511,1.55,1.75
30.08.2021 00:01:29.300,20.182650000000002,20.17511,1,1.75
30.08.2021 00:01:29.950,20.18259,20.17517,1.05,1.05
30.08.2021 00:01:30.236,20.183220000000002,20.17517,1.8,1.05
30.08.2021 00:01:30.287,20.18326,20.17538,1.05,1.55
30.08.2021 00:01:30.977,20.18326,20.17578,1.05,1.25
30.08.2021 00:01:31.827,20.18344,20.17608,1.05,1.25
30.08.2021 00:01:32.230,20.183400000000002,20.17608,1.05,1.55
30.08.2021 00:01:32.331,20.183760000000003,20.17668,1.05,1
30.08.2021 00:01:32.431,20.1838,20.17668,1.05,1.55
30.08.2021 00:01:32.532,20.18392,20.17718,1.05,1.55
30.08.2021 00:01:33.306,20.18489,20.177979999999998,1.6,1.1
30.08.2021 00:01:34.113,20.18489,20.17848,1.6,1.1
30.08.2021 00:01:34.224,20.18489,20.17848,1.6,1.1
30.08.2021 00:01:35.701,20.18489,20.17848,1.85,1.1
30.08.2021 00:01:36.163,20.18489,20.17866,1.85,1
30.08.2021 00:01:36.586,20.18489,20.17878,1.85,1.1
30.08.2021 00:01:40.196,20.18489,20.17908,1.85,1.1
30.08.2021 00:01:44.933,20.18489,20.179260000000003,1.85,1
30.08.2021 00:01:45.102,20.18489,20.17938,1.85,1.1
30.08.2021 00:01:45.895,20.18489,20.17938,1.85,1.1
30.08.2021 00:01:46.256,20.18489,20.179460000000002,1.85,1
30.08.2021 00:01:47.283,20.18489,20.17958,1.85,1.1
30.08.2021 00:01:49.150,20.18489,20.17958,1.85,1.1
30.08.2021 00:01:51.001,20.18489,20.17958,1.85,1.1
30.08.2021 00:01:54.906,20.18659,20.179460000000002,1.95,1
30.08.2021 00:01:54.957,20.18489,20.17958,1.85,1.1
30.08.2021 00:01:55.007,20.18489,20.17958,1.85,1.1
30.08.2021 00:01:56.153,20.18489,20.179460000000002,1.75,1
30.08.2021 00:01:56.713,20.18489,20.17976,1.75,1
30.08.2021 00:01:57.154,20.18489,20.17988,1.85,1.1
30.08.2021 00:01:57.556,20.18489,20.17988,1.85,1.1
30.08.2021 00:01:59.228,20.186500000000002,20.17988,1,1.55
30.08.2021 00:01:59.579,20.186500000000002,20.18028,1,1.25
30.08.2021 00:02:00.203,20.187060000000002,20.18028,1.05,1
30.08.2021 00:02:00.721,20.187060000000002,20.18056,1.05,1
30.08.2021 00:02:00.822,20.187060000000002,20.18068,1.05,1
30.08.2021 00:02:01.001,20.187060000000002,20.18068,1.05,1
30.08.2021 00:02:02.051,20.187060000000002,20.180760000000003,1.05,1
30.08.2021 00:02:02.193,20.187160000000002,20.18088,1.05,1
30.08.2021 00:02:04.795,20.187060000000002,20.180760000000003,1.05,1
30.08.2021 00:02:04.845,20.187060000000002,20.18088,1.05,1
30.08.2021 00:02:09.703,20.187060000000002,20.18068,1.05,1
30.08.2021 00:02:17.193,20.18692,20.18048,1.55,1
30.08.2021 00:02:20.518,20.18692,20.18048,1.25,1
30.08.2021 00:02:20.619,20.18739,20.18058,1.05,1.55
30.08.2021 00:02:21.001,20.18739,20.180979999999998,1.05,1.55
30.08.2021 00:02:21.335,20.187520000000003,20.18178,1,1.55
30.08.2021 00:02:21.390,20.187520000000003,20.18178,1,1.55
30.08.2021 00:02:21.491,20.188920000000003,20.18178,1.1,1.31
30.08.2021 00:02:21.644,20.188920000000003,20.18196,1.1,1
30.08.2021 00:02:21.752,20.188920000000003,20.18208,1.1,1.01
30.08.2021 00:02:22.154,20.188920000000003,20.18208,1.1,1.01
30.08.2021 00:02:22.309,20.188620000000004,20.18238,1.85,1.01
30.08.2021 00:02:22.925,20.188620000000004,20.18238,1.85,1.01
30.08.2021 00:02:23.859,20.188620000000004,20.182560000000002,1.85,1
30.08.2021 00:02:24.110,20.188620000000004,20.18268,1.85,1.01
30.08.2021 00:02:24.577,20.18861,20.18268,1.85,1.01
30.08.2021 00:02:24.839,20.18861,20.182560000000002,1.75,1.3
30.08.2021 00:02:25.153,20.18861,20.18268,1.85,1.1
30.08.2021 00:02:25.903,20.18861,20.18298,1.85,1.1
30.08.2021 00:02:26.207,20.18861,20.18328,1.85,1.1
30.08.2021 00:02:26.359,20.18861,20.18348,1.3,1
30.08.2021 00:02:26.460,20.18956,20.18348,1.3,1.55
30.08.2021 00:02:26.662,20.18956,20.18368,1.3,1.25
30.08.2021 00:02:26.944,20.18956,20.183760000000003,1.3,1
30.08.2021 00:02:27.153,20.18956,20.18388,1.3,1.25
30.08.2021 00:02:27.283,20.18956,20.18398,1.3,1.25
30.08.2021 00:02:27.333,20.18998,20.18398,1.05,1.25
30.08.2021 00:02:28.320,20.18998,20.184160000000002,1.05,1
30.08.2021 00:02:28.455,20.18877,20.18428,1,1.25
30.08.2021 00:02:28.506,20.18853,20.18128,1,1.05
30.08.2021 00:02:28.607,20.188370000000003,20.18078,1.25,1.75
30.08.2021 00:02:29.025,20.18812,20.18049,1.05,1
30.08.2021 00:02:29.177,20.18819,20.1808,1.5,1
30.08.2021 00:02:29.450,20.18819,20.18028,1.5,1.5
30.08.2021 00:02:29.500,20.18819,20.18038,1.75,1.25
30.08.2021 00:02:30.107,20.187829999999998,20.18038,1.05,1.55
30.08.2021 00:02:30.538,20.187829999999998,20.18038,1.05,1.55
30.08.2021 00:02:35.651,20.18823,20.18038,1.05,1.55
30.08.2021 00:02:37.173,20.18798,20.18038,1.05,1.55
30.08.2021 00:02:39.950,20.18769,20.18038,1.75,1.55
30.08.2021 00:02:40.052,20.18747,20.18038,1.05,1.55
30.08.2021 00:02:40.814,20.187220000000003,20.18048,1.55,1
30.08.2021 00:02:41.053,20.187220000000003,20.18048,1.55,1
30.08.2021 00:02:41.733,20.18692,20.18058,1.55,1.3
30.08.2021 00:02:46.454,20.18692,20.18058,1.55,1
30.08.2021 00:02:47.556,20.18692,20.18058,1.55,1
30.08.2021 00:02:48.629,20.18682,20.18038,1.55,1.3
30.08.2021 00:02:52.331,20.18682,20.18018,1.3,1.3
30.08.2021 00:03:00.218,20.18682,20.18018,1.75,1.3
30.08.2021 00:03:00.319,20.18695,20.18006,1.75,1
30.08.2021 00:03:01.893,20.18666,20.17998,1.25,1.3
30.08.2021 00:03:01.944,20.18654,20.17978,1,1.55
30.08.2021 00:03:02.872,20.18654,20.17958,1,1.55
30.08.2021 00:03:03.034,20.186020000000003,20.179479999999998,1.75,1.3
30.08.2021 00:03:04.209,20.185720000000003,20.17928,1.55,1.3
30.08.2021 00:03:06.066,20.18509,20.17928,1.25,1.3
30.08.2021 00:03:06.167,20.18506,20.17858,1.05,1.3
30.08.2021 00:03:06.965,20.18502,20.17858,1.55,1.3
30.08.2021 00:03:07.083,20.18502,20.17858,1.55,1.3
30.08.2021 00:03:09.937,20.18502,20.17858,1.55,1.3
30.08.2021 00:03:10.194,20.186020000000003,20.17898,1.75,1.3
30.08.2021 00:03:10.295,20.186020000000003,20.17898,1.75,1.3
30.08.2021 00:03:10.758,20.185920000000003,20.17928,1.75,1.3
30.08.2021 00:03:30.318,20.18605,20.179160000000003,1.75,1.3
30.08.2021 00:03:34.585,20.18652,20.17938,1.5,1.3
30.08.2021 00:03:35.403,20.18662,20.17988,1.5,1
30.08.2021 00:03:35.958,20.18675,20.18008,1.75,1
30.08.2021 00:03:36.717,20.18682,20.18008,1.75,1.3
30.08.2021 00:03:38.447,20.18682,20.18008,1.75,1.3
30.08.2021 00:03:45.217,20.18682,20.18008,1.75,1.3
30.08.2021 00:03:45.318,20.18695,20.17996,1.75,1.3
30.08.2021 00:03:45.368,20.187120000000004,20.18018,1.75,1.3
30.08.2021 00:03:45.469,20.18736,20.18018,1.25,1.55
30.08.2021 00:03:45.570,20.187520000000003,20.18058,1.2,1.25
30.08.2021 00:03:45.671,20.187520000000003,20.18088,1.2,1.25
30.08.2021 00:03:45.787,20.18739,20.18088,1.25,1.55
30.08.2021 00:03:45.938,20.18749,20.18118,1.25,1.55
30.08.2021 00:03:46.154,20.18736,20.18168,1.25,1.25
30.08.2021 00:03:46.267,20.18849,20.18168,1.85,1.4
30.08.2021 00:03:46.608,20.18849,20.18208,1.85,1.1
30.08.2021 00:03:46.757,20.18849,20.182260000000003,1.85,1
30.08.2021 00:03:47.105,20.18855,20.18238,1.05,1.4
30.08.2021 00:03:47.156,20.18855,20.18238,1.05,1.1
30.08.2021 00:03:48.056,20.18855,20.182560000000002,1.05,1
30.08.2021 00:03:48.157,20.18855,20.18268,1.05,1.1
30.08.2021 00:03:48.706,20.18855,20.18288,1.05,1.1
30.08.2021 00:03:48.869,20.18859,20.18298,1.75,1
30.08.2021 00:03:48.920,20.18859,20.18298,1.45,1
30.08.2021 00:03:49.071,20.18909,20.18298,1.75,1
30.08.2021 00:03:49.176,20.18909,20.18306,1.75,1
30.08.2021 00:03:49.373,20.18909,20.18318,1.75,1
30.08.2021 00:03:49.524,20.18934,20.18328,1.25,1.25
30.08.2021 00:03:50.021,20.189600000000002,20.18358,1,1.25
30.08.2021 00:03:50.129,20.189600000000002,20.18358,1,1.25
30.08.2021 00:03:50.831,20.189760000000003,20.18368,1.25,1.25
30.08.2021 00:03:50.931,20.189760000000003,20.18368,1.05,1.25
30.08.2021 00:03:51.032,20.19065,20.18378,1.05,1.55
30.08.2021 00:03:51.591,20.19065,20.18378,1.05,1.25
30.08.2021 00:03:51.753,20.19065,20.18378,1.05,1.55
30.08.2021 00:03:53.003,20.19065,20.18378,1.05,1.55
30.08.2021 00:04:01.455,20.190620000000003,20.18358,1.55,1.3
30.08.2021 00:04:05.002,20.19049,20.18358,1.75,1.3
30.08.2021 00:04:05.053,20.19049,20.18358,1.75,1
30.08.2021 00:04:05.204,20.19049,20.18358,1.75,1
30.08.2021 00:04:05.936,20.19049,20.18358,1.75,1
30.08.2021 00:04:10.171,20.190320000000003,20.18348,1.75,1
30.08.2021 00:04:10.221,20.18889,20.18278,2,1.3
30.08.2021 00:04:10.322,20.18849,20.18258,1.8,1
30.08.2021 00:04:10.570,20.18849,20.18258,1.8,1.3
30.08.2021 00:04:10.771,20.188670000000002,20.18268,1.05,1
30.08.2021 00:04:10.872,20.18849,20.18278,1.3,1
30.08.2021 00:04:10.993,20.18849,20.18278,1.3,1
30.08.2021 00:04:11.245,20.18849,20.18278,1.3,1
30.08.2021 00:04:11.356,20.18869,20.18318,1.55,1
30.08.2021 00:04:12.444,20.18869,20.18336,1.55,1
30.08.2021 00:04:12.495,20.18869,20.18348,1.55,1
30.08.2021 00:04:12.600,20.18859,20.18348,1.05,1
30.08.2021 00:04:13.348,20.188460000000003,20.18348,1.05,1
30.08.2021 00:04:13.560,20.18859,20.18348,1.05,1
30.08.2021 00:04:15.302,20.188460000000003,20.18348,1.05,1
30.08.2021 00:04:16.618,20.18842,20.18348,1.05,1
30.08.2021 00:04:16.718,20.18861,20.18348,1.05,1
30.08.2021 00:04:16.870,20.18861,20.18358,1.05,1
30.08.2021 00:04:17.410,20.18842,20.18358,1.05,1
30.08.2021 00:04:17.572,20.18842,20.18358,1.05,1
30.08.2021 00:04:17.673,20.188620000000004,20.18358,1.05,1
30.08.2021 00:04:18.893,20.18842,20.18358,1.05,1
30.08.2021 00:04:19.058,20.18842,20.18358,1.05,1
30.08.2021 00:04:19.394,20.188620000000004,20.18358,1.05,1
30.08.2021 00:04:20.211,20.18842,20.18358,1.05,1
30.08.2021 00:04:20.558,20.18842,20.18358,1.05,1
30.08.2021 00:04:20.861,20.188620000000004,20.18358,1.05,1
30.08.2021 00:04:23.175,20.188620000000004,20.18348,1.05,1
30.08.2021 00:04:23.559,20.188620000000004,20.18348,1.05,1
30.08.2021 00:04:23.710,20.18869,20.18348,1.25,1
30.08.2021 00:04:25.303,20.18879,20.18298,1.55,1
30.08.2021 00:04:25.453,20.18879,20.18298,2.05,1
30.08.2021 00:04:26.332,20.18879,20.18288,2.05,1
30.08.2021 00:04:35.610,20.18879,20.18288,1.55,1
30.08.2021 00:04:42.163,20.18887,20.182760000000002,1.25,1
30.08.2021 00:04:50.958,20.18887,20.18288,1.25,1
30.08.2021 00:05:01.253,20.18812,20.18288,1,1
30.08.2021 00:05:02.046,20.18812,20.18306,1,1
30.08.2021 00:05:02.163,20.18812,20.18318,1,1
30.08.2021 00:05:08.625,20.18812,20.18288,1,1.25
30.08.2021 00:05:20.786,20.18812,20.18158,1,1
30.08.2021 00:05:21.387,20.18812,20.18148,1,1
30.08.2021 00:05:21.792,20.18811,20.18148,1,1
30.08.2021 00:05:21.843,20.18811,20.18148,1,1.3
30.08.2021 00:05:22.160,20.18879,20.18148,1.3,1.3
30.08.2021 00:05:25.683,20.18819,20.18064,1.5,1.05
30.08.2021 00:05:25.834,20.18819,20.18064,1.8,1.05
30.08.2021 00:05:25.935,20.18819,20.18064,1.8,1.05
30.08.2021 00:05:28.526,20.18819,20.18028,1.55,1.3
30.08.2021 00:05:28.691,20.18819,20.18028,1.55,1.3
30.08.2021 00:05:31.003,20.18819,20.18028,1.55,1.3
30.08.2021 00:05:32.116,20.18777,20.18028,1.05,1.55
30.08.2021 00:05:35.118,20.18806,20.18028,1.05,1.25
30.08.2021 00:05:39.381,20.188370000000003,20.18028,1.55,1.3
30.08.2021 00:05:41.007,20.188370000000003,20.18028,1.55,1
30.08.2021 00:05:45.588,20.188370000000003,20.18016,1.55,1
30.08.2021 00:05:46.260,20.188460000000003,20.18016,1.22,1.3
30.08.2021 00:05:47.038,20.188360000000003,20.18016,1.05,1.3
30.08.2021 00:05:48.452,20.188360000000003,20.18068,1.05,1.3
30.08.2021 00:05:50.496,20.188460000000003,20.18068,1.05,1.3
30.08.2021 00:05:52.522,20.188460000000003,20.18088,1.05,1
30.08.2021 00:05:53.293,20.188460000000003,20.18088,1.22,1
30.08.2021 00:05:53.397,20.188660000000002,20.180979999999998,1.22,1
30.08.2021 00:05:53.498,20.188670000000002,20.18138,1.05,1
30.08.2021 00:05:53.700,20.188670000000002,20.18168,1.05,1
30.08.2021 00:05:54.159,20.188620000000004,20.18198,1,1
30.08.2021 00:05:54.310,20.18811,20.18198,1,1
30.08.2021 00:05:54.861,20.18811,20.18186,1,1
30.08.2021 00:05:54.977,20.18812,20.18168,1,1
30.08.2021 00:05:55.180,20.187620000000003,20.18168,1,1
30.08.2021 00:05:56.045,20.187620000000003,20.18208,1,1
30.08.2021 00:05:56.146,20.187610000000003,20.18208,1,1
30.08.2021 00:05:57.492,20.187620000000003,20.18208,1,1
30.08.2021 00:05:59.850,20.187620000000003,20.18008,1,1.3
30.08.2021 00:05:59.954,20.18819,20.18008,1.55,1.3
30.08.2021 00:06:12.108,20.18815,20.17996,1.55,1.55
30.08.2021 00:06:14.062,20.187820000000002,20.17978,1.3,1.55
30.08.2021 00:06:25.653,20.18822,20.18008,1.55,1.3
30.08.2021 00:06:30.801,20.18842,20.18038,1.55,1.3
30.08.2021 00:06:41.003,20.188370000000003,20.18026,1.55,1
30.08.2021 00:06:48.370,20.188460000000003,20.18026,1.05,1.3
30.08.2021 00:06:51.939,20.188460000000003,20.179940000000002,1.05,1.05
30.08.2021 00:07:03.305,20.188460000000003,20.179940000000002,1.05,1.3
30.08.2021 00:07:03.798,20.188390000000002,20.179940000000002,1.55,1.05
30.08.2021 00:07:05.046,20.18816,20.17974,1.05,1.8
30.08.2021 00:07:05.694,20.18816,20.18018,1.05,1.55
30.08.2021 00:07:05.795,20.18828,20.18018,1.05,1.55
30.08.2021 00:07:32.336,20.18896,20.18046,1.05,1
30.08.2021 00:07:32.620,20.18896,20.18046,1.05,1.3
30.08.2021 00:07:32.924,20.18861,20.18168,1.3,1
30.08.2021 00:07:33.027,20.18861,20.18168,1.3,1.3
30.08.2021 00:07:33.618,20.18832,20.18208,1.3,1.3
30.08.2021 00:07:37.377,20.18832,20.18238,1.3,1
30.08.2021 00:07:37.473,20.18832,20.18238,1.3,1.3
30.08.2021 00:07:43.617,20.18832,20.18238,1.3,1
30.08.2021 00:07:45.344,20.18832,20.18238,1.3,1.3
30.08.2021 00:07:47.747,20.18832,20.18238,1.3,1
30.08.2021 00:07:58.204,20.18845,20.182260000000003,1.3,1
30.08.2021 00:07:59.986,20.188620000000004,20.18238,1.3,1.3
30.08.2021 00:08:00.352,20.188620000000004,20.18238,1.3,1
30.08.2021 00:08:00.722,20.188620000000004,20.182460000000003,1.3,1
30.08.2021 00:08:00.823,20.188620000000004,20.18258,1.3,1
30.08.2021 00:08:05.546,20.188620000000004,20.18258,1.5,1
30.08.2021 00:08:09.427,20.188620000000004,20.18278,1,1
30.08.2021 00:08:09.596,20.188620000000004,20.18278,1.3,1
30.08.2021 00:08:11.081,20.18861,20.18308,1.3,1
30.08.2021 00:08:16.534,20.18861,20.18278,1.3,1
30.08.2021 00:08:17.597,20.18861,20.18258,1,1
30.08.2021 00:08:19.997,20.18861,20.18258,1.3,1.25
30.08.2021 00:08:24.039,20.18916,20.182479999999998,1.3,1.25
30.08.2021 00:08:25.072,20.188720000000004,20.18258,1.8,1.3
30.08.2021 00:08:41.004,20.188720000000004,20.18258,1.8,1
30.08.2021 00:08:43.496,20.18916,20.18268,1.3,1.25
30.08.2021 00:08:43.776,20.18939,20.18268,1.8,1.3
30.08.2021 00:08:43.877,20.18939,20.18268,1.3,1.3
30.08.2021 00:08:46.166,20.18939,20.18286,1.3,1
30.08.2021 00:08:46.463,20.18939,20.18298,1.3,1
30.08.2021 00:09:01.219,20.18956,20.18286,1.05,1
30.08.2021 00:09:01.320,20.190420000000003,20.18318,1.05,1.55
30.08.2021 00:09:01.420,20.190420000000003,20.18318,1.05,1.25
30.08.2021 00:09:01.923,20.190420000000003,20.18318,1.05,1.55
30.08.2021 00:09:02.098,20.190420000000003,20.18388,1.05,1.25
30.08.2021 00:09:02.221,20.190420000000003,20.18388,1.05,1.25
30.08.2021 00:09:02.652,20.19044,20.18418,1.05,1
30.08.2021 00:09:06.334,20.19044,20.18418,1.05,1
30.08.2021 00:09:06.384,20.190820000000002,20.18408,1.05,1.25
30.08.2021 00:09:06.485,20.19116,20.18418,1,1
30.08.2021 00:09:07.155,20.19112,20.18518,1.3,1.25
30.08.2021 00:09:07.657,20.19112,20.18438,1.3,1.5
30.08.2021 00:09:07.708,20.19179,20.18414,1.8,1.3
30.08.2021 00:09:07.759,20.19169,20.18408,1.8,1.8
30.08.2021 00:09:07.860,20.19159,20.18408,1.8,1.8
30.08.2021 00:09:08.263,20.19119,20.18408,1.8,1.8
30.08.2021 00:09:09.497,20.190920000000002,20.18428,1.55,1.3
30.08.2021 00:09:11.114,20.190420000000003,20.18438,1.3,1.3
30.08.2021 00:09:12.681,20.191460000000003,20.18388,1.05,1.55
30.08.2021 00:09:12.782,20.191460000000003,20.18388,1.05,1.25
30.08.2021 00:09:13.661,20.191560000000003,20.18388,1.05,1.55
30.08.2021 00:09:14.615,20.191620000000004,20.18438,1.3,1.25
30.08.2021 00:09:18.506,20.191620000000004,20.18448,1.3,1
30.08.2021 00:09:20.542,20.19161,20.18448,1,1.3
30.08.2021 00:09:20.824,20.19161,20.18448,1.3,1
30.08.2021 00:09:21.772,20.19161,20.18428,1.3,1.3
30.08.2021 00:09:23.622,20.19161,20.18428,1,1.3
30.08.2021 00:09:23.723,20.19161,20.18498,1,1
30.08.2021 00:09:24.237,20.19161,20.18598,1.3,1
30.08.2021 00:09:24.619,20.19161,20.18598,1,1.3
30.08.2021 00:09:24.834,20.19161,20.18626,1.3,1
30.08.2021 00:09:25.057,20.19161,20.18638,1.3,1
30.08.2021 00:09:25.951,20.19161,20.18638,1,1.3
30.08.2021 00:09:26.103,20.19161,20.18668,1.3,1
30.08.2021 00:09:27.550,20.19206,20.185660000000002,1.3,1
30.08.2021 00:09:27.651,20.19206,20.18428,1.3,1
30.08.2021 00:09:28.117,20.19206,20.18408,1.3,1.55
30.08.2021 00:09:28.372,20.192120000000003,20.18408,1.3,1.25
30.08.2021 00:09:28.626,20.19206,20.18408,1.05,1
30.08.2021 00:09:28.825,20.191820000000003,20.18388,1.55,1
30.08.2021 00:09:30.545,20.191820000000003,20.18388,1.55,1.3
30.08.2021 00:09:36.564,20.192110000000003,20.18398,1.05,1.3
30.08.2021 00:09:37.490,20.192120000000003,20.18456,1.55,1
30.08.2021 00:09:37.641,20.192120000000003,20.18468,1.55,1
30.08.2021 00:09:38.141,20.192110000000003,20.18468,1,1
30.08.2021 00:09:38.242,20.192120000000003,20.18468,1,1
30.08.2021 00:09:38.552,20.192120000000003,20.18468,1.3,1
30.08.2021 00:09:48.975,20.192120000000003,20.18456,1.3,1
30.08.2021 00:09:55.920,20.192120000000003,20.18468,1.55,1
30.08.2021 00:09:55.971,20.192120000000003,20.18468,1.55,1
30.08.2021 00:09:59.228,20.192120000000003,20.18468,1.3,1
30.08.2021 00:10:04.902,20.192120000000003,20.18468,1.3,1
30.08.2021 00:10:05.435,20.192120000000003,20.18468,1.3,1
30.08.2021 00:10:08.965,20.192860000000003,20.18468,1.05,1.3
30.08.2021 00:10:18.563,20.192960000000003,20.18538,1.05,1.3
30.08.2021 00:10:19.655,20.19262,20.18658,1.3,1
30.08.2021 00:10:19.833,20.19262,20.18658,1.3,1.3
30.08.2021 00:10:20.726,20.19262,20.18678,1.3,1
30.08.2021 00:10:25.353,20.192420000000002,20.18668,1,1
30.08.2021 00:10:26.722,20.192420000000002,20.18668,1.3,1
30.08.2021 00:10:32.324,20.192420000000002,20.18668,1,1
30.08.2021 00:10:38.007,20.19255,20.18656,1.55,1
30.08.2021 00:10:39.773,20.19255,20.18656,1.3,1
30.08.2021 00:10:41.257,20.19255,20.18656,1.3,1
30.08.2021 00:10:47.036,20.19245,20.18636,1.3,1
30.08.2021 00:10:47.086,20.192320000000002,20.18648,1.3,1
30.08.2021 00:10:53.918,20.192320000000002,20.18656,1.3,1
30.08.2021 00:10:55.660,20.192520000000002,20.18668,1.3,1
30.08.2021 00:11:03.084,20.192520000000002,20.186760000000003,1.3,1
30.08.2021 00:11:03.185,20.19262,20.18688,1.3,1
30.08.2021 00:11:04.467,20.19262,20.18688,1,1
30.08.2021 00:11:07.257,20.19262,20.18688,1.3,1
30.08.2021 00:11:12.293,20.19275,20.186760000000003,1.3,1
30.08.2021 00:11:13.227,20.19275,20.186760000000003,1,1
30.08.2021 00:11:13.417,20.19275,20.186760000000003,1.3,1
30.08.2021 00:11:16.051,20.19275,20.186760000000003,1,1
30.08.2021 00:11:18.770,20.19275,20.186760000000003,1.3,1
30.08.2021 00:11:23.477,20.19275,20.186760000000003,1,1
30.08.2021 00:11:25.522,20.19275,20.186760000000003,1.3,1
30.08.2021 00:11:38.246,20.19275,20.186760000000003,1,1
30.08.2021 00:11:39.513,20.192420000000002,20.18648,1,1
30.08.2021 00:11:39.614,20.192420000000002,20.18628,1.8,1.3
30.08.2021 00:11:39.715,20.192320000000002,20.18608,1.3,1.3
30.08.2021 00:11:39.816,20.192120000000003,20.18596,1.3,1.3
30.08.2021 00:11:41.049,20.191820000000003,20.18588,1.3,1.3
30.08.2021 00:11:46.268,20.191920000000003,20.18436,1.55,1.3
30.08.2021 00:11:46.370,20.19199,20.18384,1.8,1.05
30.08.2021 00:11:46.421,20.19189,20.18408,1.05,1.3
30.08.2021 00:11:46.667,20.191620000000004,20.18448,1,1
30.08.2021 00:11:46.818,20.191620000000004,20.18448,1.3,1.3
30.08.2021 00:11:47.041,20.1917,20.18478,1.05,1.55
30.08.2021 00:11:47.276,20.1917,20.18478,1.05,1.55
30.08.2021 00:11:50.843,20.192120000000003,20.18418,1.55,1
30.08.2021 00:11:50.894,20.19196,20.18418,1.05,1
30.08.2021 00:11:51.061,20.19196,20.18388,1.05,1.3
30.08.2021 00:11:52.097,20.19196,20.18388,1.05,1.3
30.08.2021 00:11:56.619,20.191620000000004,20.18388,1.55,1
30.08.2021 00:12:00.021,20.191620000000004,20.18388,1.55,1.3
30.08.2021 00:12:00.213,20.191620000000004,20.18388,1.55,1
30.08.2021 00:12:02.644,20.191620000000004,20.18388,1.55,1.3
30.08.2021 00:12:06.612,20.191750000000003,20.183760000000003,1.55,1.25
30.08.2021 00:12:06.769,20.191750000000003,20.183760000000003,1.55,1.55
30.08.2021 00:12:13.897,20.191750000000003,20.183760000000003,1.55,1.55
30.08.2021 00:12:16.258,20.19152,20.18338,1.55,1.55
30.08.2021 00:12:16.904,20.19112,20.18328,1.3,1.55
30.08.2021 00:12:47.507,20.191720000000004,20.18378,1.55,1.3
30.08.2021 00:12:51.941,20.191720000000004,20.18378,1.3,1
30.08.2021 00:13:01.206,20.191720000000004,20.18378,1.3,1.3
30.08.2021 00:13:01.471,20.191720000000004,20.18378,1.3,1
30.08.2021 00:13:14.647,20.191720000000004,20.18378,1.3,1.3
30.08.2021 00:13:27.243,20.19196,20.18446,1.05,1
30.08.2021 00:13:27.294,20.192120000000003,20.18446,1.3,1
30.08.2021 00:13:27.344,20.192120000000003,20.18446,1.3,1.3
30.08.2021 00:13:27.513,20.192120000000003,20.18488,1.3,1.55
30.08.2021 00:13:27.912,20.192120000000003,20.185579999999998,1.3,1
30.08.2021 00:13:28.013,20.192120000000003,20.185579999999998,1.3,1.3
30.08.2021 00:13:28.450,20.192120000000003,20.18608,1.3,1.3
30.08.2021 00:13:29.455,20.192120000000003,20.18638,1.3,1
30.08.2021 00:13:30.194,20.192120000000003,20.18638,1.3,1.3
30.08.2021 00:13:31.916,20.19219,20.18418,1.55,1.25
30.08.2021 00:13:32.737,20.192020000000003,20.18398,1.55,1.3
30.08.2021 00:14:02.619,20.192860000000003,20.184510000000003,1.27,1.8
30.08.2021 00:14:02.719,20.192860000000003,20.184710000000003,1.27,1.05
30.08.2021 00:14:03.098,20.19265,20.185760000000002,1.3,1
30.08.2021 00:14:03.199,20.192520000000002,20.18588,1.3,1.3
30.08.2021 00:14:04.139,20.192520000000002,20.18668,1.3,1
30.08.2021 00:14:05.246,20.19282,20.186860000000003,1.3,1
30.08.2021 00:14:05.593,20.19282,20.18698,1.3,1
30.08.2021 00:14:06.744,20.19282,20.187060000000002,1.3,1
30.08.2021 00:14:07.034,20.19309,20.18718,1.55,1
30.08.2021 00:14:07.084,20.19309,20.18718,1.55,1
30.08.2021 00:14:13.360,20.19311,20.18728,1.3,1
30.08.2021 00:14:13.460,20.193620000000003,20.18728,1.55,1
30.08.2021 00:14:13.861,20.193620000000003,20.18766,1.55,1
30.08.2021 00:14:13.962,20.193720000000003,20.18778,1.55,1
30.08.2021 00:14:14.926,20.193720000000003,20.18786,1.55,1
30.08.2021 00:14:15.049,20.193820000000002,20.18798,1.55,1
30.08.2021 00:14:16.053,20.193820000000002,20.18798,1.55,1
30.08.2021 00:14:18.317,20.193720000000003,20.18778,1.55,1
30.08.2021 00:14:19.082,20.193520000000003,20.18768,1.3,1
30.08.2021 00:14:19.463,20.19229,20.18498,1.75,1.05
30.08.2021 00:14:19.564,20.19229,20.183770000000003,2,1.05
30.08.2021 00:14:19.664,20.19216,20.18348,1.05,1.05
30.08.2021 00:14:20.233,20.19179,20.18378,1.55,1.3
30.08.2021 00:14:20.575,20.191760000000002,20.18368,1.05,1.55
30.08.2021 00:14:20.733,20.19142,20.18378,1.55,1
30.08.2021 00:14:20.873,20.191760000000002,20.18378,1.05,1.3
30.08.2021 00:14:21.394,20.191760000000002,20.18378,1.05,1
30.08.2021 00:14:22.114,20.19179,20.18378,1.55,1.3
30.08.2021 00:14:24.636,20.19179,20.18378,1.25,1
30.08.2021 00:14:24.854,20.19216,20.18334,1.05,1.05
30.08.2021 00:14:25.571,20.19216,20.18334,1.05,1.05
30.08.2021 00:14:27.220,20.19216,20.18318,1.05,1.55
30.08.2021 00:14:28.031,20.191720000000004,20.18378,1.55,1.3
30.08.2021 00:14:28.308,20.19216,20.18388,1.05,1
30.08.2021 00:14:28.790,20.19216,20.18388,1.05,1
30.08.2021 00:14:29.514,20.191720000000004,20.18388,1.55,1.3
30.08.2021 00:14:30.569,20.191720000000004,20.18388,1.55,1
30.08.2021 00:14:34.070,20.19236,20.18378,1.05,1
30.08.2021 00:14:34.171,20.19206,20.18378,1.05,1
30.08.2021 00:14:34.538,20.19206,20.18378,1.05,1.3
30.08.2021 00:14:35.711,20.19206,20.18388,1.05,1
30.08.2021 00:14:35.950,20.191720000000004,20.18388,1.55,1.3
30.08.2021 00:14:37.989,20.191720000000004,20.18388,1.55,1
30.08.2021 00:14:49.642,20.191720000000004,20.18388,1.55,1.3
30.08.2021 00:15:01.690,20.191850000000002,20.183760000000003,1.55,1.3
30.08.2021 00:15:01.791,20.19238,20.18446,1.05,1
30.08.2021 00:15:01.892,20.19238,20.18446,1.05,1.3
30.08.2021 00:15:02.045,20.19238,20.18468,1.05,1.25
30.08.2021 00:15:02.315,20.19238,20.18528,1.05,1.25
30.08.2021 00:15:02.954,20.19282,20.18528,1.67,1
30.08.2021 00:15:03.005,20.192120000000003,20.18528,1,1
30.08.2021 00:15:03.306,20.192050000000002,20.185460000000003,1,1
30.08.2021 00:15:03.993,20.191920000000003,20.185579999999998,1.3,1.3
30.08.2021 00:15:04.496,20.192120000000003,20.18568,1.3,1.3
30.08.2021 00:15:04.778,20.192120000000003,20.18616,1,1
30.08.2021 00:15:04.863,20.192120000000003,20.18628,1,1
30.08.2021 00:15:05.129,20.192110000000003,20.18628,1,1
30.08.2021 00:15:16.562,20.19179,20.18375,1.25,1.3
30.08.2021 00:15:16.819,20.19179,20.183870000000002,1.55,1.3
30.08.2021 00:15:17.156,20.19179,20.18348,1.55,1.3
30.08.2021 00:15:17.834,20.19179,20.18348,1.55,1.3
30.08.2021 00:15:19.114,20.191720000000004,20.18368,1.55,1.3
30.08.2021 00:15:21.005,20.191720000000004,20.18368,1.55,1.3
30.08.2021 00:15:24.344,20.191720000000004,20.18368,1.55,1.3
30.08.2021 00:15:26.411,20.191720000000004,20.18368,1.55,1.3
30.08.2021 00:15:27.551,20.190820000000002,20.18388,1.3,1.3
30.08.2021 00:15:29.469,20.191820000000003,20.18388,1.55,1.3
30.08.2021 00:15:31.006,20.191820000000003,20.18388,1.55,1.3
30.08.2021 00:15:32.497,20.191820000000003,20.18388,1.55,1.3
30.08.2021 00:15:36.135,20.19208,20.18344,1.05,1.05
30.08.2021 00:15:38.941,20.19206,20.18378,1.05,1.3
30.08.2021 00:15:39.294,20.19206,20.18378,1.05,1.3
30.08.2021 00:15:39.489,20.19206,20.18378,1.05,1.3
30.08.2021 00:15:41.006,20.19152,20.18368,1.3,1.3
30.08.2021 00:15:45.792,20.19206,20.18368,1.05,1.3
30.08.2021 00:15:46.975,20.19165,20.18368,1,1.3
30.08.2021 00:15:47.317,20.19152,20.18378,1.3,1.3
30.08.2021 00:15:49.533,20.19226,20.18378,1.05,1.55
30.08.2021 00:15:50.039,20.19226,20.18378,1.05,1.55
30.08.2021 00:15:52.298,20.19256,20.18378,1.05,1.3
30.08.2021 00:15:52.625,20.19256,20.18378,1.05,1.3
30.08.2021 00:16:00.839,20.192420000000002,20.184070000000002,1.05,1.05
30.08.2021 00:16:00.941,20.192420000000002,20.18446,1.05,1
30.08.2021 00:16:01.042,20.192420000000002,20.18446,1.05,1.3
30.08.2021 00:16:01.217,20.192420000000002,20.18488,1.05,1.25
30.08.2021 00:16:01.324,20.192420000000002,20.18488,1.05,1.25
30.08.2021 00:16:01.579,20.192420000000002,20.185260000000003,1.05,1
30.08.2021 00:16:01.703,20.192420000000002,20.18538,1.05,1.25
30.08.2021 00:16:01.883,20.19272,20.18538,1.8,1.25
30.08.2021 00:16:01.933,20.192420000000002,20.18568,1.3,1
30.08.2021 00:16:02.197,20.192420000000002,20.18568,1.3,1.3
30.08.2021 00:16:07.529,20.192420000000002,20.18588,1.3,1.3
30.08.2021 00:16:08.606,20.19179,20.18448,1.55,1.05
30.08.2021 00:16:08.707,20.19179,20.18436,1.55,1.05
30.08.2021 00:16:08.808,20.19179,20.18448,1.55,1.05
30.08.2021 00:16:09.153,20.192120000000003,20.18446,1.55,1.3
30.08.2021 00:16:09.337,20.192120000000003,20.18508,1.92,1
30.08.2021 00:16:09.438,20.192120000000003,20.18418,2.05,1.05
30.08.2021 00:16:09.589,20.19179,20.184160000000002,1.55,1.05
30.08.2021 00:16:09.982,20.19179,20.18401,1.55,1.05
30.08.2021 00:16:10.173,20.19179,20.183570000000003,1.55,1.55
30.08.2021 00:16:10.509,20.19235,20.18394,1.05,1.05
30.08.2021 00:16:10.973,20.19235,20.18394,1.05,1.05
30.08.2021 00:16:13.433,20.19179,20.18378,1.3,1.8
30.08.2021 00:16:13.547,20.19179,20.18378,1.3,1.3
30.08.2021 00:16:14.267,20.19179,20.18388,1.3,1.3
30.08.2021 00:16:14.549,20.19179,20.18388,1.3,1.3
30.08.2021 00:16:21.663,20.19227,20.18338,1.05,1.05
30.08.2021 00:16:21.814,20.19226,20.18354,1.05,1.05
30.08.2021 00:16:24.093,20.19196,20.18358,1.05,1.55
30.08.2021 00:16:26.571,20.191820000000003,20.18388,1.55,1.3
30.08.2021 00:16:28.843,20.19224,20.18388,1.05,1.3
30.08.2021 00:16:31.037,20.191720000000004,20.18378,1.3,1.3
30.08.2021 00:16:33.494,20.19226,20.18378,1.05,1.3
30.08.2021 00:16:34.667,20.19196,20.18378,1.05,1.55
30.08.2021 00:16:35.190,20.191720000000004,20.18378,1.3,1.3
30.08.2021 00:16:36.497,20.191720000000004,20.18378,1.3,1.3
30.08.2021 00:16:39.075,20.19226,20.18378,1.05,1.3
30.08.2021 00:16:41.483,20.19196,20.18378,1.05,1.55
30.08.2021 00:16:43.260,20.19152,20.18378,1.3,1.3
30.08.2021 00:16:45.019,20.19218,20.18378,1.05,1.3
30.08.2021 00:16:49.692,20.19226,20.1839,1.3,1.05
30.08.2021 00:16:50.156,20.19226,20.18391,1.3,1.05
30.08.2021 00:16:54.265,20.192110000000003,20.183660000000003,1.3,1.3
30.08.2021 00:16:54.367,20.192120000000003,20.183660000000003,1.05,1.3
30.08.2021 00:16:55.268,20.192120000000003,20.183660000000003,1.05,1.3
30.08.2021 00:16:55.318,20.19206,20.183660000000003,1.05,1.3
30.08.2021 00:16:58.570,20.19206,20.183660000000003,1.05,1.3
30.08.2021 00:16:59.554,20.191750000000003,20.183660000000003,1,1.3
30.08.2021 00:16:59.604,20.191620000000004,20.18378,1,1
30.08.2021 00:16:59.927,20.191620000000004,20.18378,1.3,1.3
30.08.2021 00:17:00.107,20.191620000000004,20.18378,1.3,1
30.08.2021 00:17:01.261,20.19226,20.18378,1.05,1.3
30.08.2021 00:17:01.369,20.19226,20.18378,1.05,1
30.08.2021 00:17:04.274,20.192120000000003,20.18378,1.05,1.55
30.08.2021 00:17:06.293,20.191720000000004,20.18378,1.3,1.3
30.08.2021 00:17:06.460,20.191720000000004,20.18378,1.3,1.3
30.08.2021 00:17:09.261,20.190320000000003,20.18408,1,1.3
30.08.2021 00:17:09.706,20.190250000000002,20.18408,1,1.3
30.08.2021 00:17:09.811,20.190120000000004,20.18388,1.3,1.3
30.08.2021 00:17:10.860,20.190120000000004,20.18388,1.3,1.3
30.08.2021 00:17:13.932,20.18972,20.183760000000003,1,1.3
30.08.2021 00:17:14.668,20.18972,20.18368,1.3,1.3
30.08.2021 00:17:19.979,20.19174,20.18338,1.05,1.05
30.08.2021 00:17:20.080,20.191620000000004,20.18348,1.05,1.05
30.08.2021 00:17:20.415,20.191620000000004,20.18348,1.05,1.05
30.08.2021 00:17:20.990,20.192310000000003,20.18364,1.05,1.3
30.08.2021 00:17:21.954,20.192310000000003,20.183960000000003,1.05,1
30.08.2021 00:17:24.132,20.19226,20.18408,1.3,1.25
30.08.2021 00:17:26.772,20.19226,20.18388,1.3,1
30.08.2021 00:17:30.020,20.19196,20.18388,1.05,1.25
30.08.2021 00:17:30.236,20.19196,20.18388,1.05,1.55
30.08.2021 00:17:31.345,20.19226,20.18388,1.05,1.3
30.08.2021 00:17:31.448,20.19226,20.18388,1.05,1
30.08.2021 00:17:33.929,20.19196,20.18388,1.05,1.25
30.08.2021 00:17:34.157,20.19196,20.18388,1.05,1.55
30.08.2021 00:17:49.421,20.19154,20.183860000000003,1.3,1
30.08.2021 00:17:50.042,20.190720000000002,20.18428,1.3,1.3
30.08.2021 00:18:01.104,20.190420000000003,20.18418,1.3,1.3
30.08.2021 00:18:02.204,20.190320000000003,20.18398,1.3,1.3
30.08.2021 00:18:05.171,20.19002,20.18398,1.3,1.3
30.08.2021 00:18:13.312,20.19002,20.18398,1.3,1.3
30.08.2021 00:18:14.839,20.18962,20.18368,1.3,1.3
30.08.2021 00:18:43.669,20.189320000000002,20.18348,1,1.3
30.08.2021 00:18:43.948,20.189220000000002,20.18328,1,1.3
30.08.2021 00:18:44.049,20.18779,20.18328,1,1.3
30.08.2021 00:18:44.100,20.18779,20.18205,1.25,1.3
30.08.2021 00:18:44.201,20.18779,20.18064,1.55,1.15
30.08.2021 00:18:44.302,20.18779,20.18058,1.3,1.8
30.08.2021 00:18:44.447,20.18812,20.18051,1.3,1.8
30.08.2021 00:18:44.863,20.187420000000003,20.18071,1,1.8
30.08.2021 00:18:44.989,20.187420000000003,20.18071,1,1.8
30.08.2021 00:18:45.820,20.187250000000002,20.18071,1,1.8
30.08.2021 00:18:46.682,20.187120000000004,20.18071,1,1.8
30.08.2021 00:18:48.129,20.187120000000004,20.18068,1.25,1.05
30.08.2021 00:18:50.211,20.187820000000002,20.18071,1,1.8
30.08.2021 00:18:50.261,20.187820000000002,20.18071,1,1.8
30.08.2021 00:18:50.742,20.187720000000002,20.18118,1,1.3
30.08.2021 00:18:51.497,20.187720000000002,20.18118,1.3,1.3
30.08.2021 00:18:54.038,20.18765,20.18118,1,1.3
30.08.2021 00:18:54.139,20.187520000000003,20.18128,1,1.3
30.08.2021 00:18:56.562,20.187520000000003,20.18128,1,1.3
30.08.2021 00:18:58.173,20.187520000000003,20.18128,1,1.3
30.08.2021 00:18:58.947,20.187520000000003,20.18128,1,1.3
30.08.2021 00:19:00.229,20.187520000000003,20.18128,1,1.3
30.08.2021 00:19:01.007,20.187520000000003,20.18128,1,1.3
30.08.2021 00:19:02.137,20.187520000000003,20.18128,1,1
30.08.2021 00:19:03.734,20.187450000000002,20.18128,1,1
30.08.2021 00:19:03.785,20.187320000000003,20.18108,1,1.3
30.08.2021 00:19:06.126,20.187320000000003,20.18108,1,1.3
30.08.2021 00:19:11.007,20.187320000000003,20.18108,1,1.3
30.08.2021 00:19:13.665,20.187220000000003,20.18078,1,1.8
30.08.2021 00:19:14.648,20.187220000000003,20.18078,1.3,1.3
30.08.2021 00:19:15.580,20.187220000000003,20.18078,1.3,1.3
30.08.2021 00:19:16.065,20.187920000000002,20.18138,1.3,1
30.08.2021 00:19:16.639,20.187520000000003,20.18128,1.3,1.3
30.08.2021 00:19:17.134,20.18822,20.18168,1.3,1
30.08.2021 00:19:17.235,20.18822,20.18168,1.3,1
30.08.2021 00:19:18.217,20.18852,20.18178,1.3,1
30.08.2021 00:19:18.328,20.18852,20.18178,1.3,1.3
30.08.2021 00:19:19.252,20.18842,20.182479999999998,1.3,1
30.08.2021 00:19:19.552,20.18842,20.182479999999998,1.3,1
30.08.2021 00:19:21.007,20.18842,20.182479999999998,1.3,1
30.08.2021 00:19:27.264,20.18855,20.18268,1.3,1
30.08.2021 00:19:28.273,20.188620000000004,20.18268,1.3,1
30.08.2021 00:19:32.112,20.188620000000004,20.18268,1.3,1
30.08.2021 00:19:38.540,20.188620000000004,20.18268,1.3,1
30.08.2021 00:19:38.667,20.188720000000004,20.18288,1.55,1
30.08.2021 00:19:42.280,20.188720000000004,20.18288,1,1
30.08.2021 00:19:43.472,20.188720000000004,20.18296,1,1
30.08.2021 00:19:44.772,20.188820000000003,20.18308,1,1
30.08.2021 00:19:48.389,20.188820000000003,20.18308,1.5,1
30.08.2021 00:19:48.491,20.188820000000003,20.18308,1.75,1
30.08.2021 00:19:49.200,20.188760000000002,20.18308,1.05,1
30.08.2021 00:19:50.728,20.18819,20.18188,1,1
30.08.2021 00:19:50.830,20.18819,20.18168,1.3,1
30.08.2021 00:19:51.132,20.18819,20.18168,1.3,1
30.08.2021 00:19:51.732,20.188390000000002,20.18158,1.05,1
30.08.2021 00:19:51.938,20.18852,20.18198,1.3,1.3
30.08.2021 00:19:52.183,20.18852,20.18198,1.3,1.3
30.08.2021 00:19:52.495,20.188620000000004,20.18258,1.3,1
30.08.2021 00:19:52.707,20.188620000000004,20.18258,1.3,1
30.08.2021 00:19:52.959,20.188820000000003,20.18288,1.55,1
30.08.2021 00:19:53.397,20.188820000000003,20.18288,1.55,1
30.08.2021 00:19:53.914,20.188820000000003,20.18306,1.55,1
30.08.2021 00:19:54.223,20.188920000000003,20.18318,1.55,1
30.08.2021 00:19:54.933,20.188920000000003,20.18318,1.55,1
30.08.2021 00:19:55.807,20.188920000000003,20.18318,1.25,1
30.08.2021 00:20:00.333,20.188920000000003,20.18318,1.75,1
30.08.2021 00:20:00.941,20.18879,20.18318,1.05,1
30.08.2021 00:20:01.881,20.18879,20.18306,1.05,1
30.08.2021 00:20:02.183,20.18819,20.18318,1,1
30.08.2021 00:20:02.233,20.18779,20.18158,1,1
30.08.2021 00:20:02.284,20.18779,20.18158,1.8,1
30.08.2021 00:20:02.334,20.18769,20.18048,1.66,1.05
30.08.2021 00:20:02.385,20.18769,20.18034,2.05,1
30.08.2021 00:20:03.131,20.18773,20.18068,1.05,1.25
30.08.2021 00:20:03.575,20.18756,20.18068,1.05,1.25
30.08.2021 00:20:04.943,20.18756,20.18058,1.05,1
30.08.2021 00:20:08.854,20.18756,20.18018,1.05,1.3
30.08.2021 00:20:09.112,20.18756,20.18018,1.05,1
30.08.2021 00:20:09.797,20.18756,20.17998,1.05,1.3
30.08.2021 00:20:10.521,20.18736,20.17998,1.05,1.3
30.08.2021 00:20:10.978,20.187320000000003,20.18008,1.55,1.3
30.08.2021 00:20:12.800,20.18702,20.18018,1.55,1.3
30.08.2021 00:20:12.951,20.186960000000003,20.18018,1.05,1.3
30.08.2021 00:20:13.979,20.186320000000002,20.18008,1.3,1.3
30.08.2021 00:20:26.797,20.186020000000003,20.17998,1.3,1.3
30.08.2021 00:20:27.816,20.187260000000002,20.17998,1.05,1.3
30.08.2021 00:20:28.739,20.18756,20.18008,1.05,1.3
30.08.2021 00:20:33.859,20.18736,20.18008,1.05,1.3
30.08.2021 00:20:43.759,20.18756,20.18008,1.05,1.3
30.08.2021 00:20:46.136,20.18816,20.18018,1.05,1.3
30.08.2021 00:20:47.087,20.187970000000004,20.18058,1.55,1.25
30.08.2021 00:20:47.188,20.187970000000004,20.18058,1.55,1.3
30.08.2021 00:20:48.213,20.18796,20.18058,1.05,1.3
30.08.2021 00:20:53.954,20.18796,20.18028,1.05,1.3
30.08.2021 00:20:54.166,20.18746,20.18008,1.05,1.3
30.08.2021 00:20:54.267,20.18746,20.18008,1.05,1.3
30.08.2021 00:20:54.778,20.18695,20.18008,1.3,1.3
30.08.2021 00:20:55.778,20.18652,20.18028,1.3,1.3
30.08.2021 00:20:57.861,20.186320000000002,20.17998,1.3,1.3
30.08.2021 00:20:58.414,20.186020000000003,20.17998,1.3,1.3
30.08.2021 00:21:02.492,20.186020000000003,20.17998,1,1.3
30.08.2021 00:21:03.762,20.185850000000002,20.17998,1,1.3
30.08.2021 00:21:03.959,20.185720000000003,20.17978,1,1.3
30.08.2021 00:21:04.891,20.185850000000002,20.179660000000002,1,1.3
30.08.2021 00:21:09.833,20.185720000000003,20.17978,1,1.3
30.08.2021 00:21:09.934,20.185620000000004,20.17958,1,1.3
30.08.2021 00:21:09.985,20.185620000000004,20.17958,1,1.3
30.08.2021 00:21:12.139,20.185620000000004,20.17958,1,1.3
30.08.2021 00:21:12.727,20.185620000000004,20.17958,1,1.3
30.08.2021 00:21:16.236,20.185620000000004,20.17958,1,1.8
30.08.2021 00:21:16.286,20.185920000000003,20.180110000000003,1.25,1.05
30.08.2021 00:21:16.337,20.185920000000003,20.17996,1.55,1.05
30.08.2021 00:21:16.959,20.186120000000003,20.18026,1.55,1.05
30.08.2021 00:21:30.113,20.186320000000002,20.18008,1.55,1.75
30.08.2021 00:21:38.545,20.186420000000002,20.18039,1.25,1.05
30.08.2021 00:21:41.010,20.186420000000002,20.18039,1.55,1.05
30.08.2021 00:22:01.325,20.186120000000003,20.180210000000002,1.55,1.05
30.08.2021 00:22:02.473,20.18429,20.180210000000002,1,1.05
30.08.2021 00:22:02.574,20.183690000000002,20.17866,1,1
30.08.2021 00:22:04.234,20.183690000000002,20.17866,1,1.3
30.08.2021 00:22:07.522,20.18449,20.17868,1.8,1.3
30.08.2021 00:22:07.673,20.18449,20.17868,1,1.3
30.08.2021 00:22:07.774,20.18551,20.18024,1.5,1.05
30.08.2021 00:22:07.825,20.186970000000002,20.18024,1.05,1.05
30.08.2021 00:22:07.926,20.18709,20.17981,2,1.05
30.08.2021 00:22:08.108,20.186970000000002,20.18039,1.05,1.05
30.08.2021 00:22:09.022,20.18709,20.18039,1.91,1.05
30.08.2021 00:22:10.142,20.187070000000002,20.18088,1.05,1.55
30.08.2021 00:22:10.243,20.18663,20.18068,1,1.55
30.08.2021 00:22:10.293,20.18673,20.18068,1.3,1.55
30.08.2021 00:22:10.344,20.186790000000002,20.18068,1.75,1.3
30.08.2021 00:22:10.495,20.186670000000003,20.18058,1.05,1.5
30.08.2021 00:22:11.248,20.18669,20.18058,1.05,1.8
30.08.2021 00:22:12.721,20.18669,20.18078,1.75,1.3
30.08.2021 00:22:20.416,20.187070000000002,20.18048,1.05,1.8
30.08.2021 00:22:21.008,20.187070000000002,20.18078,1.05,1.3
30.08.2021 00:22:21.324,20.187260000000002,20.18078,1.05,1.3
30.08.2021 00:22:21.375,20.187260000000002,20.18068,1.05,1.3
30.08.2021 00:22:21.475,20.187260000000002,20.18068,1.05,1
30.08.2021 00:22:21.526,20.18719,20.18068,1.05,1.55
30.08.2021 00:22:26.594,20.18739,20.18088,1.55,1.3
30.08.2021 00:22:26.746,20.18719,20.18088,1.05,1.55
30.08.2021 00:22:27.917,20.18709,20.18088,1.05,1.25
30.08.2021 00:22:28.138,20.18719,20.18088,1.05,1.55
30.08.2021 00:22:28.919,20.18719,20.18088,1.05,1.55
30.08.2021 00:22:31.007,20.18709,20.18088,1.05,1.55
30.08.2021 00:22:38.347,20.18723,20.18088,1.05,1.55
30.08.2021 00:22:39.045,20.186890000000002,20.180760000000003,1.25,1.3
30.08.2021 00:22:39.146,20.186790000000002,20.18068,1.75,1.3
30.08.2021 00:22:39.197,20.186790000000002,20.18068,1.75,1.3
30.08.2021 00:22:40.591,20.186790000000002,20.18068,1.05,1.3
30.08.2021 00:22:42.115,20.186770000000003,20.18068,1.05,1.3
30.08.2021 00:22:44.582,20.18702,20.18068,1.8,1.55
30.08.2021 00:22:44.683,20.18702,20.18068,1.8,1.25
30.08.2021 00:22:44.785,20.18702,20.18068,1.8,1.55
30.08.2021 00:22:44.886,20.186890000000002,20.18068,1.05,1.55
30.08.2021 00:22:47.300,20.186770000000003,20.18048,1.05,1.8
30.08.2021 00:22:47.351,20.186770000000003,20.18048,1.05,1.8
30.08.2021 00:22:47.452,20.186890000000002,20.18048,2.05,1.8
30.08.2021 00:22:53.517,20.186790000000002,20.18078,1.05,1.3
30.08.2021 00:22:57.247,20.186790000000002,20.18058,1.75,1.8
30.08.2021 00:22:57.792,20.186670000000003,20.18058,1.05,1.8
30.08.2021 00:23:02.374,20.186670000000003,20.18048,1.05,1.8
30.08.2021 00:23:09.625,20.187260000000002,20.18039,1.05,1.05
30.08.2021 00:23:09.726,20.187260000000002,20.18039,1.05,1.05
30.08.2021 00:23:10.132,20.187260000000002,20.18088,1.05,1.3
30.08.2021 00:23:10.612,20.187260000000002,20.18088,1.05,1
30.08.2021 00:23:11.095,20.187420000000003,20.18108,1.55,1
30.08.2021 00:23:12.594,20.18776,20.18118,1.05,1.25
30.08.2021 00:23:12.695,20.18796,20.18118,1.05,1
30.08.2021 00:23:12.939,20.18796,20.18166,1.05,1
30.08.2021 00:23:13.124,20.18796,20.18178,1.05,1
30.08.2021 00:23:13.988,20.18796,20.182479999999998,1.05,1
30.08.2021 00:23:14.957,20.18796,20.182360000000003,1.05,1
30.08.2021 00:23:15.007,20.18796,20.182479999999998,1.05,1.25
30.08.2021 00:23:15.545,20.187970000000004,20.18268,1.05,1.25
30.08.2021 00:23:35.871,20.18819,20.182560000000002,1.8,1
30.08.2021 00:23:36.178,20.18859,20.18238,1.8,1
30.08.2021 00:23:36.279,20.18859,20.18238,1.3,1
30.08.2021 00:23:36.872,20.18842,20.18238,1.3,1
30.08.2021 00:23:38.541,20.18842,20.18238,1.55,1
30.08.2021 00:23:44.889,20.18855,20.182260000000003,1.55,1
30.08.2021 00:23:46.225,20.18842,20.18238,1.55,1
30.08.2021 00:23:48.406,20.18899,20.182479999999998,1.55,1
30.08.2021 00:23:48.613,20.18899,20.182479999999998,1.55,1
30.08.2021 00:23:49.383,20.18899,20.18296,1.55,1
30.08.2021 00:23:49.484,20.18899,20.18308,1.55,1
30.08.2021 00:23:51.399,20.18899,20.18326,1.55,1
30.08.2021 00:23:53.733,20.18899,20.18338,1.55,1
30.08.2021 00:23:55.071,20.18877,20.18318,1.05,1.25
30.08.2021 00:23:56.111,20.18877,20.18318,1.05,1.25
30.08.2021 00:24:01.254,20.188820000000003,20.18318,1.55,1
30.08.2021 00:24:04.819,20.188850000000002,20.18286,1.55,1
30.08.2021 00:24:05.038,20.188720000000004,20.18298,1.25,1
30.08.2021 00:24:13.071,20.188620000000004,20.18286,1.25,1
30.08.2021 00:24:13.122,20.188620000000004,20.18278,1.25,1
30.08.2021 00:24:13.610,20.18852,20.182660000000002,1.25,1
30.08.2021 00:24:13.661,20.18852,20.18258,1.55,1.3
30.08.2021 00:24:25.212,20.18852,20.18258,1.25,1
30.08.2021 00:24:26.014,20.188650000000003,20.182460000000003,1.25,1
30.08.2021 00:24:33.025,20.18779,20.18078,1.75,2.05
30.08.2021 00:24:33.126,20.18734,20.18078,1.05,1.55
30.08.2021 00:24:33.227,20.18729,20.18068,1,1.55
30.08.2021 00:24:33.617,20.18729,20.18068,1.3,1.55
30.08.2021 00:24:34.049,20.18727,20.18088,1.05,1.55
30.08.2021 00:24:34.113,20.18727,20.18088,1.05,1.55
30.08.2021 00:24:34.981,20.18727,20.18108,1.05,1
30.08.2021 00:24:38.159,20.187120000000004,20.18088,1.55,1.3
30.08.2021 00:24:40.064,20.18699,20.18048,1.05,1.8
30.08.2021 00:24:40.621,20.18699,20.18048,1.05,1.8
30.08.2021 00:24:41.157,20.18682,20.18058,1.3,1.8
30.08.2021 00:25:10.348,20.187220000000003,20.18078,1.55,1.3
30.08.2021 00:25:17.983,20.187260000000002,20.18146,1.05,1
30.08.2021 00:25:18.034,20.18729,20.18158,1.05,1.25
30.08.2021 00:25:22.750,20.18758,20.18138,1.05,1
30.08.2021 00:25:26.412,20.187260000000002,20.18138,1.05,1.3
30.08.2021 00:25:28.648,20.187260000000002,20.18138,1.05,1.3
30.08.2021 00:25:28.903,20.18659,20.180979999999998,1,1.3
30.08.2021 00:25:29.004,20.18659,20.18039,1.3,1.05
30.08.2021 00:25:30.030,20.18659,20.18039,1.3,1.05
30.08.2021 00:25:31.079,20.186220000000002,20.18039,1.25,1.05
30.08.2021 00:25:31.498,20.186220000000002,20.18039,1.55,1.05
30.08.2021 00:25:32.182,20.186120000000003,20.18026,1.55,1.05
30.08.2021 00:25:33.296,20.186420000000002,20.18039,1.55,1.05
30.08.2021 00:25:40.568,20.186020000000003,20.18018,1.3,1.8
30.08.2021 00:25:41.607,20.186220000000002,20.18018,1.3,1.8
30.08.2021 00:25:48.737,20.186220000000002,20.18018,1,1.8
30.08.2021 00:25:49.009,20.18709,20.18039,1.3,1.05
30.08.2021 00:25:49.060,20.18709,20.18039,1.3,1.05
30.08.2021 00:25:49.496,20.18672,20.18039,1.55,1.05
30.08.2021 00:25:50.012,20.18672,20.18039,1.55,1.05
30.08.2021 00:25:52.493,20.18672,20.18039,1.55,1.05
30.08.2021 00:25:56.260,20.18672,20.18039,1.55,1.05
30.08.2021 00:26:00.823,20.18685,20.17979,1.3,1.05
30.08.2021 00:26:00.975,20.18685,20.17979,1.3,1.05
30.08.2021 00:26:02.649,20.18685,20.17979,1.3,1.05
30.08.2021 00:26:03.003,20.18776,20.18054,1.05,1.05
30.08.2021 00:26:03.991,20.18777,20.180660000000003,1.05,1.3
30.08.2021 00:26:04.242,20.18796,20.18078,1.05,1.55
30.08.2021 00:26:05.153,20.18796,20.18156,1.05,1
30.08.2021 00:26:05.254,20.18796,20.18168,1.05,1.25
30.08.2021 00:26:06.379,20.18776,20.18168,1.25,1.25
30.08.2021 00:26:09.559,20.18776,20.18078,1.25,1.55
30.08.2021 00:26:09.811,20.18769,20.18039,1.05,1.3
30.08.2021 00:26:10.092,20.18776,20.18039,1.25,1.3
30.08.2021 00:26:11.497,20.18769,20.18039,1.05,1.3
30.08.2021 00:26:18.077,20.18769,20.18039,1.05,1.05
30.08.2021 00:26:18.177,20.18769,20.18058,1.05,1.8
30.08.2021 00:26:18.502,20.18769,20.18039,1.05,1.05
30.08.2021 00:26:18.995,20.18769,20.180979999999998,1.05,1.3
30.08.2021 00:26:19.289,20.18769,20.180979999999998,1.05,1.3
30.08.2021 00:26:21.153,20.189410000000002,20.18391,1.3,1
30.08.2021 00:26:21.254,20.190260000000002,20.18391,1.1,1.3
30.08.2021 00:26:21.305,20.190260000000002,20.18391,1.3,1.3
30.08.2021 00:26:21.405,20.190260000000002,20.18391,1,1.3
30.08.2021 00:26:21.575,20.190420000000003,20.18391,1,1.3
30.08.2021 00:26:21.840,20.19039,20.18391,1.05,1.3
30.08.2021 00:26:22.165,20.19086,20.18391,1.3,1.3
30.08.2021 00:26:22.538,20.19086,20.18391,1.05,1.3
30.08.2021 00:26:23.136,20.19086,20.18388,1.05,1.25
30.08.2021 00:26:26.701,20.19106,20.18388,1.05,1
30.08.2021 00:26:36.629,20.19106,20.18388,1.05,1.3
30.08.2021 00:26:40.847,20.19106,20.18388,1.05,1
30.08.2021 00:26:41.175,20.19106,20.183760000000003,1.05,1.55
30.08.2021 00:26:42.676,20.19106,20.183760000000003,1.05,2.05
30.08.2021 00:26:42.777,20.19106,20.183790000000002,1.05,1.05
30.08.2021 00:26:43.102,20.19104,20.184410000000003,1.05,1.05
30.08.2021 00:26:44.436,20.191390000000002,20.184410000000003,1.8,1.05
30.08.2021 00:26:44.537,20.19112,20.184410000000003,1.3,1.05
30.08.2021 00:26:44.842,20.191390000000002,20.18486,1.5,1.8
30.08.2021 00:26:45.115,20.19154,20.18538,1.3,1
30.08.2021 00:27:04.928,20.19104,20.185260000000003,1,1
30.08.2021 00:27:06.010,20.19104,20.18538,1,1
30.08.2021 00:27:08.547,20.19104,20.18468,1,1.75
30.08.2021 00:27:08.597,20.19104,20.18688,1,1
30.08.2021 00:27:08.648,20.19159,20.18688,1,1
30.08.2021 00:27:09.992,20.19164,20.18688,1.55,1
30.08.2021 00:27:11.093,20.19164,20.18688,1.55,1
30.08.2021 00:27:13.671,20.19164,20.184910000000002,1.55,1.05
30.08.2021 00:27:14.091,20.19164,20.18521,1.55,1.25
30.08.2021 00:27:14.877,20.19164,20.184910000000002,1.55,1.05
30.08.2021 00:27:16.171,20.19164,20.184910000000002,1.55,1.05
30.08.2021 00:27:17.237,20.19159,20.184450000000002,1.55,1.05
30.08.2021 00:27:18.124,20.191760000000002,20.18688,1.05,1
30.08.2021 00:27:18.228,20.191760000000002,20.18688,1.05,1
30.08.2021 00:27:19.234,20.191760000000002,20.18688,1.05,1
30.08.2021 00:27:21.169,20.19159,20.18528,2.66,1.3
30.08.2021 00:27:21.220,20.19154,20.185170000000003,1.25,1.8
30.08.2021 00:27:21.271,20.19154,20.185170000000003,1.55,1.3
30.08.2021 00:27:21.375,20.19154,20.185170000000003,1.55,1.3
30.08.2021 00:27:21.539,20.19154,20.185170000000003,1.55,1.3
30.08.2021 00:27:21.849,20.19154,20.18464,1.55,1.05
30.08.2021 00:27:22.209,20.191460000000003,20.184320000000003,1.05,1.55
30.08.2021 00:27:22.779,20.191460000000003,20.18518,1.05,1
30.08.2021 00:27:23.107,20.19116,20.18518,1.05,1
30.08.2021 00:27:23.207,20.19116,20.18428,1.05,1.55
30.08.2021 00:27:23.308,20.19116,20.18408,1.05,1.55
30.08.2021 00:27:23.445,20.19116,20.18408,1.05,1.55
30.08.2021 00:28:11.824,20.191460000000003,20.18408,1.05,1.25
30.08.2021 00:28:12.061,20.19154,20.18428,1.55,1.25
30.08.2021 00:28:12.162,20.19154,20.18428,1.55,1.25
30.08.2021 00:28:13.105,20.19154,20.18456,1.55,1
30.08.2021 00:28:13.155,20.19154,20.18468,1.55,1
30.08.2021 00:28:20.688,20.19154,20.18496,1.25,1
30.08.2021 00:28:23.943,20.19161,20.18508,1.25,1
30.08.2021 00:28:27.328,20.191760000000002,20.18508,1.05,1.55
30.08.2021 00:28:29.483,20.191760000000002,20.18468,1.05,1.25
30.08.2021 00:28:29.779,20.191760000000002,20.18458,1.05,1.8
30.08.2021 00:28:34.545,20.19174,20.18458,1.55,1.25
30.08.2021 00:28:38.542,20.19174,20.18458,1.55,1.55
30.08.2021 00:28:56.013,20.19174,20.18446,1.55,1.55
30.08.2021 00:28:56.114,20.19174,20.18446,1.55,1.55
30.08.2021 00:28:56.215,20.19174,20.18446,1.55,1.25
30.08.2021 00:28:56.367,20.19174,20.18446,1.55,1
30.08.2021 00:28:56.543,20.19174,20.18458,1.55,1
30.08.2021 00:28:57.461,20.191720000000004,20.18448,1.55,1.3
30.08.2021 00:29:00.794,20.191760000000002,20.18458,1.05,1.55
30.08.2021 00:29:16.039,20.191760000000002,20.18691,1.05,1
30.08.2021 00:29:16.090,20.19237,20.18544,1.55,1
30.08.2021 00:29:16.191,20.19237,20.18534,1.55,1.05
30.08.2021 00:29:16.321,20.19237,20.18525,1.55,1.05
30.08.2021 00:29:16.634,20.19237,20.185260000000003,1.55,1.05
30.08.2021 00:29:16.841,20.19219,20.18578,1.3,1
30.08.2021 00:29:16.942,20.192120000000003,20.18548,1,1.25
30.08.2021 00:29:17.043,20.19219,20.18548,1.3,1.25
30.08.2021 00:29:17.094,20.19194,20.18548,1,1.25
30.08.2021 00:29:17.203,20.19194,20.18548,1.25,1
30.08.2021 00:29:18.118,20.19193,20.18548,1,1.25
30.08.2021 00:29:18.694,20.19164,20.18548,1.55,1.3
30.08.2021 00:29:18.795,20.19164,20.18548,1.55,1
30.08.2021 00:29:20.933,20.19158,20.18448,1.05,1.55
30.08.2021 00:29:21.035,20.191560000000003,20.18448,1.05,1.55
30.08.2021 00:29:31.174,20.19132,20.18457,1.55,1.05
30.08.2021 00:29:31.325,20.19132,20.18457,1.55,1.05
30.08.2021 00:29:33.232,20.19132,20.18457,1.55,1.05
30.08.2021 00:29:37.498,20.19145,20.18457,1.55,1.05
30.08.2021 00:29:37.689,20.19145,20.18436,1.55,1.55
30.08.2021 00:29:39.605,20.19102,20.18428,1.25,1.3
30.08.2021 00:29:39.826,20.19102,20.18428,1.55,1.3
30.08.2021 00:29:40.005,20.19116,20.18418,1.05,1.55
30.08.2021 00:29:40.160,20.19116,20.18418,1.05,1.55
30.08.2021 00:29:40.680,20.19132,20.18448,1.55,1.3
30.08.2021 00:29:45.482,20.19132,20.18448,1.55,1.3
30.08.2021 00:29:46.235,20.19132,20.18448,1.55,1.3
30.08.2021 00:29:47.473,20.19132,20.18448,1.55,1.3
30.08.2021 00:29:59.012,20.19102,20.18438,1.55,1.3
30.08.2021 00:30:00.214,20.19102,20.18438,1.3,1.3
30.08.2021 00:30:00.315,20.191560000000003,20.18438,1.05,1.55
30.08.2021 00:30:00.416,20.191560000000003,20.18438,1.05,1.55
30.08.2021 00:30:00.525,20.191560000000003,20.18478,1.05,1.3
30.08.2021 00:30:01.377,20.19164,20.18508,1.55,1.3
30.08.2021 00:30:02.114,20.19164,20.18508,1.55,1.3
30.08.2021 00:30:04.294,20.19196,20.18548,1.05,1.55
30.08.2021 00:30:04.395,20.19357,20.18811,1.05,1.25
30.08.2021 00:30:04.495,20.19432,20.18811,1.25,1.8
30.08.2021 00:30:04.785,20.19516,20.18793,1.05,1.55
30.08.2021 00:30:05.651,20.19526,20.18878,1.05,1
30.08.2021 00:30:12.696,20.19536,20.18896,1.05,1
30.08.2021 00:30:13.265,20.19536,20.18908,1.05,1.25
30.08.2021 00:30:14.453,20.19546,20.18918,1.05,1.25
30.08.2021 00:30:15.987,20.19526,20.18928,1.05,1.25
30.08.2021 00:30:17.125,20.19537,20.18868,1.05,1.25
30.08.2021 00:30:17.648,20.19537,20.18868,1.05,1.55
30.08.2021 00:30:20.694,20.19462,20.18848,1.3,1.3
30.08.2021 00:30:22.174,20.19536,20.188579999999998,1.05,1.25
30.08.2021 00:30:22.326,20.19536,20.188579999999998,1.05,1.25
30.08.2021 00:30:22.714,20.19536,20.18898,1.05,1.25
30.08.2021 00:30:24.003,20.195420000000002,20.18878,1.55,1
30.08.2021 00:30:24.355,20.194920000000003,20.18828,1.3,1.25
30.08.2021 00:30:24.507,20.194920000000003,20.18849,1.3,1
30.08.2021 00:30:25.359,20.19452,20.18828,1,1.55
30.08.2021 00:30:25.502,20.19452,20.18828,1.3,1.55
30.08.2021 00:30:27.095,20.19422,20.18778,1,1.55
30.08.2021 00:30:27.146,20.19412,20.18748,1.3,1.55
30.08.2021 00:30:27.624,20.19412,20.18748,1.3,1.55
30.08.2021 00:30:30.193,20.193720000000003,20.187540000000002,1.55,1.05
30.08.2021 00:30:31.333,20.193720000000003,20.187540000000002,1.25,1.05
30.08.2021 00:30:31.518,20.193920000000002,20.18811,1.3,1.25
30.08.2021 00:30:31.630,20.193920000000002,20.18811,1,1.55
30.08.2021 00:30:31.915,20.193920000000002,20.18811,1.3,1.25
30.08.2021 00:30:32.119,20.193920000000002,20.18811,1,1.55
30.08.2021 00:30:32.530,20.194020000000002,20.18811,1,1.55
30.08.2021 00:30:33.427,20.194020000000002,20.18768,1.3,1.55
30.08.2021 00:30:34.033,20.19422,20.18811,1.3,1.25
30.08.2021 00:30:34.138,20.19422,20.18811,1,1.25
30.08.2021 00:30:34.293,20.19422,20.18811,1,1.55
30.08.2021 00:30:35.044,20.19432,20.18818,1,1.55
30.08.2021 00:30:35.417,20.19432,20.18818,1,1.55
30.08.2021 00:30:36.270,20.19422,20.18811,1,1.55
30.08.2021 00:30:37.081,20.19422,20.18788,1,1.55
30.08.2021 00:30:37.182,20.194020000000002,20.18793,1,1.3
30.08.2021 00:30:37.334,20.194020000000002,20.18793,1,1.3
30.08.2021 00:30:37.769,20.194020000000002,20.18778,1,1.55
30.08.2021 00:30:37.981,20.194020000000002,20.18778,1.3,1.55
30.08.2021 00:30:39.917,20.194020000000002,20.18793,1,1.55
30.08.2021 00:30:40.128,20.194020000000002,20.18811,1,1.55
30.08.2021 00:30:40.751,20.19422,20.18811,1,1.55
30.08.2021 00:30:40.933,20.19422,20.18811,1,1.55
30.08.2021 00:30:41.947,20.19432,20.18818,1,1.25
30.08.2021 00:30:42.524,20.19432,20.18818,1.3,1.55
30.08.2021 00:30:47.947,20.19432,20.18833,1.3,1.05
30.08.2021 00:30:49.157,20.19432,20.18818,1.3,1.55
30.08.2021 00:30:49.208,20.19432,20.18818,1,1.25
30.08.2021 00:30:49.650,20.19432,20.18818,1,1
30.08.2021 00:30:49.751,20.19432,20.18818,1.3,1.55
30.08.2021 00:30:51.030,20.19432,20.18818,1.3,1.55
30.08.2021 00:30:53.963,20.19445,20.18806,1,1.55
30.08.2021 00:30:54.165,20.19445,20.18811,1,1.8
30.08.2021 00:30:54.721,20.19526,20.18833,1.05,1.05
30.08.2021 00:30:54.777,20.19526,20.18833,1.05,1.05
30.08.2021 00:30:56.858,20.195320000000002,20.18848,1.3,1.55
30.08.2021 00:30:57.009,20.195320000000002,20.18848,1.3,1.55
30.08.2021 00:30:57.210,20.195320000000002,20.18848,1.55,1.3
30.08.2021 00:30:57.377,20.195320000000002,20.18848,1.55,1.3
30.08.2021 00:30:57.816,20.195320000000002,20.18848,1.55,1.3
30.08.2021 00:30:59.310,20.19462,20.18848,1.3,1.3
30.08.2021 00:31:01.011,20.19462,20.18848,1.3,1.3
30.08.2021 00:31:02.031,20.19442,20.18818,1.3,1.55
30.08.2021 00:31:04.357,20.19592,20.18879,2.42,1.75
30.08.2021 00:31:04.458,20.19592,20.188860000000002,1.05,1
30.08.2021 00:31:04.620,20.195610000000002,20.188860000000002,1.3,1
30.08.2021 00:31:05.156,20.19562,20.188860000000002,1.55,1
30.08.2021 00:31:13.232,20.195610000000002,20.188860000000002,1.3,1
30.08.2021 00:31:13.383,20.195610000000002,20.188860000000002,1.3,1.25
30.08.2021 00:31:13.585,20.195610000000002,20.188860000000002,1.3,1.55
30.08.2021 00:31:14.475,20.19612,20.188860000000002,1.05,1.55
30.08.2021 00:31:21.011,20.19612,20.188860000000002,1.05,1.55
30.08.2021 00:31:29.625,20.195890000000002,20.18794,1.05,1.3
30.08.2021 00:31:30.999,20.195890000000002,20.18794,1.05,1.3
30.08.2021 00:31:31.287,20.195890000000002,20.18794,1.05,1.3
30.08.2021 00:31:38.543,20.195890000000002,20.18794,1.05,1.05
30.08.2021 00:32:01.014,20.195890000000002,20.18794,1.05,1.05
30.08.2021 00:32:02.180,20.195890000000002,20.18794,1.05,1.05
30.08.2021 00:32:04.264,20.19563,20.18757,1.05,1.55
30.08.2021 00:32:05.091,20.19516,20.187540000000002,1.05,1.05
30.08.2021 00:32:05.142,20.194860000000002,20.187540000000002,1.05,1.05
30.08.2021 00:32:05.192,20.194860000000002,20.187540000000002,1.05,1.05
30.08.2021 00:32:05.726,20.194860000000002,20.187540000000002,1.05,1.05
30.08.2021 00:32:06.500,20.194860000000002,20.187540000000002,1.05,1.05
30.08.2021 00:32:08.154,20.194860000000002,20.18714,1.05,1.05
30.08.2021 00:32:08.405,20.194860000000002,20.18714,1.05,1.05
30.08.2021 00:32:30.353,20.19536,20.18811,1.05,1.55
30.08.2021 00:32:30.454,20.19506,20.18811,1.05,1.25
30.08.2021 00:32:30.606,20.19506,20.18811,1.05,2
30.08.2021 00:32:30.807,20.195220000000003,20.1883,1.05,1.05
30.08.2021 00:32:30.933,20.195220000000003,20.1883,1.05,1.05
30.08.2021 00:32:31.197,20.195220000000003,20.1883,1.05,1.05
30.08.2021 00:32:33.080,20.19582,20.18811,1.55,1.55
30.08.2021 00:32:42.547,20.196060000000003,20.18853,1.05,1.05
30.08.2021 00:32:43.038,20.196060000000003,20.188760000000002,1.05,1.25
30.08.2021 00:32:45.230,20.19592,20.188560000000003,1.05,1.55
30.08.2021 00:32:45.330,20.19592,20.188560000000003,1.05,1.55
30.08.2021 00:32:46.260,20.19592,20.188560000000003,1.05,1.55
30.08.2021 00:32:47.785,20.19592,20.18818,1.3,1.05
30.08.2021 00:32:47.886,20.195890000000002,20.18794,1.05,1.3
30.08.2021 00:32:48.087,20.195890000000002,20.18794,1.05,1.3
30.08.2021 00:32:48.814,20.19572,20.18794,1.55,1.05
30.08.2021 00:32:49.452,20.19572,20.18794,1.55,1.05
30.08.2021 00:32:54.787,20.19572,20.18811,1.55,1.55
30.08.2021 00:32:55.241,20.195890000000002,20.18806,1.05,1.55
30.08.2021 00:32:56.095,20.195890000000002,20.188579999999998,1.05,1.55
30.08.2021 00:32:57.624,20.195890000000002,20.188579999999998,1.05,1.25
30.08.2021 00:32:58.549,20.195890000000002,20.188579999999998,1.05,1.55
30.08.2021 00:33:01.012,20.195890000000002,20.188579999999998,1.05,1.55
30.08.2021 00:33:08.544,20.195890000000002,20.188460000000003,1.05,1.3
30.08.2021 00:33:11.030,20.195890000000002,20.188460000000003,1.05,1.3
30.08.2021 00:33:13.923,20.195890000000002,20.188460000000003,1.05,1.3
30.08.2021 00:33:15.698,20.195890000000002,20.188460000000003,1.05,1.3
30.08.2021 00:33:17.099,20.195890000000002,20.188460000000003,1.05,1.3
30.08.2021 00:33:26.305,20.196260000000002,20.18853,1.05,1.05
30.08.2021 00:33:26.406,20.19591,20.18834,1.05,1.05
30.08.2021 00:33:26.506,20.19591,20.18834,1.05,1.05
30.08.2021 00:33:26.686,20.19591,20.18834,1.05,1.05
30.08.2021 00:33:26.859,20.19591,20.18834,1.05,1.05
30.08.2021 00:33:27.307,20.19591,20.18834,1.05,1.05
30.08.2021 00:33:30.101,20.19572,20.18808,1.55,1.55
30.08.2021 00:33:31.012,20.19572,20.18808,1.55,1.55
30.08.2021 00:33:39.651,20.19572,20.18808,1.55,1.55
30.08.2021 00:33:41.205,20.19572,20.18808,1.55,1.55
30.08.2021 00:33:51.012,20.19572,20.18808,1.55,1.55
30.08.2021 00:33:54.485,20.19585,20.18796,1.55,1.55
30.08.2021 00:33:58.460,20.19549,20.18818,1.3,1.55
30.08.2021 00:33:58.663,20.19526,20.18818,1.05,1.55
30.08.2021 00:34:01.012,20.19526,20.18818,1.05,1.55
30.08.2021 00:34:02.419,20.19556,20.18811,1.05,1.55
30.08.2021 00:34:02.570,20.19556,20.18811,1.05,1.55
30.08.2021 00:34:03.202,20.19569,20.188560000000003,1.05,1.3
30.08.2021 00:34:03.473,20.195890000000002,20.188560000000003,1.3,1.3
30.08.2021 00:34:04.126,20.19565,20.18878,1,1.55
30.08.2021 00:34:07.499,20.195890000000002,20.18878,1.05,1.55
30.08.2021 00:34:11.012,20.195890000000002,20.18878,1.05,1.55
30.08.2021 00:34:11.429,20.195890000000002,20.18818,1.05,1.8
30.08.2021 00:34:11.631,20.19582,20.18811,1.55,1.55
30.08.2021 00:34:11.743,20.196220000000004,20.18834,1.8,1.05
30.08.2021 00:34:11.844,20.196260000000002,20.188760000000002,1.05,1.3
30.08.2021 00:34:12.412,20.19569,20.18834,1.3,1.05
30.08.2021 00:34:12.563,20.19569,20.18834,1.8,1.05
30.08.2021 00:34:12.921,20.19563,20.18818,1.05,1.25
30.08.2021 00:34:13.172,20.195320000000002,20.18828,1.3,1.3
30.08.2021 00:34:14.549,20.195020000000003,20.18828,1.3,1.3
30.08.2021 00:34:21.149,20.195420000000002,20.18834,1.3,1.05
30.08.2021 00:34:21.656,20.195420000000002,20.18834,1.3,1.05
30.08.2021 00:34:25.491,20.195520000000002,20.18868,1.3,1.3
30.08.2021 00:34:27.285,20.19572,20.18868,1.3,1.3
30.08.2021 00:34:33.777,20.196260000000002,20.188760000000002,1.05,1.55
30.08.2021 00:34:34.115,20.196160000000003,20.188760000000002,1.05,1.55
30.08.2021 00:34:35.105,20.19608,20.18878,1.05,1.42
30.08.2021 00:34:35.843,20.19572,20.18878,1.3,1.55
30.08.2021 00:34:36.363,20.196160000000003,20.18878,1.05,1.55
30.08.2021 00:34:36.670,20.196220000000004,20.18918,1.55,1.3
30.08.2021 00:34:46.714,20.196160000000003,20.18918,1.05,1.3
30.08.2021 00:34:47.956,20.196220000000004,20.18918,1.55,1.3
30.08.2021 00:34:50.950,20.196160000000003,20.18918,1.05,1.3
30.08.2021 00:34:51.906,20.196160000000003,20.18918,1.05,1.3
30.08.2021 00:34:52.690,20.196220000000004,20.18918,1.55,1.3
30.08.2021 00:34:52.942,20.197820000000004,20.192210000000003,1.05,1.25
30.08.2021 00:34:52.993,20.198529999999998,20.192210000000003,1,1.3
30.08.2021 00:34:53.094,20.19921,20.19226,2.05,1.05
30.08.2021 00:34:53.145,20.19921,20.19227,2.05,1.05
30.08.2021 00:34:53.549,20.19921,20.192210000000003,1.8,1.3
30.08.2021 00:34:55.205,20.19894,20.19208,1.3,1.3
30.08.2021 00:34:55.414,20.19894,20.19208,1.3,1.3
30.08.2021 00:34:55.898,20.19892,20.19198,1.3,1.3
30.08.2021 00:34:56.835,20.19892,20.19198,1.55,1.3
30.08.2021 00:34:57.611,20.19892,20.192210000000003,1.3,1.3
30.08.2021 00:34:57.817,20.19892,20.19198,1.3,1.55
30.08.2021 00:34:58.068,20.19892,20.19198,1.55,1.3
30.08.2021 00:34:58.801,20.19892,20.192210000000003,1.3,1.3
30.08.2021 00:34:59.196,20.19892,20.19198,1.55,1.3
30.08.2021 00:34:59.392,20.19892,20.192210000000003,1.3,1.3
30.08.2021 00:34:59.494,20.19892,20.192210000000003,1.3,1.3
30.08.2021 00:35:00.030,20.19892,20.19198,1.55,1.3
30.08.2021 00:35:01.676,20.19892,20.19198,1.55,1.3
30.08.2021 00:35:01.777,20.19892,20.192210000000003,1.3,1.3
30.08.2021 00:35:02.243,20.19904,20.192210000000003,1.3,1.3
30.08.2021 00:35:02.506,20.19924,20.19238,1.3,1.3
30.08.2021 00:35:03.884,20.19922,20.192210000000003,1.05,1.55
30.08.2021 00:35:04.250,20.19912,20.192210000000003,1.8,1.3
30.08.2021 00:35:05.772,20.19894,20.192210000000003,1.3,1.3
30.08.2021 00:35:05.923,20.19894,20.192210000000003,1.3,1.3
30.08.2021 00:35:08.055,20.19882,20.192210000000003,1.3,1.3
30.08.2021 00:35:09.953,20.19882,20.192210000000003,1.3,1.3
30.08.2021 00:35:10.904,20.19864,20.19188,1.3,1.3
30.08.2021 00:35:11.724,20.198520000000002,20.19178,1.3,1.3
30.08.2021 00:35:19.537,20.198710000000002,20.192210000000003,1.3,1.3
30.08.2021 00:35:19.688,20.19872,20.192210000000003,1.3,1.3
30.08.2021 00:35:24.537,20.19872,20.192210000000003,1.3,1.3
30.08.2021 00:35:26.421,20.19872,20.19178,1.3,1.55
30.08.2021 00:35:26.707,20.19872,20.192210000000003,1.3,1.3
30.08.2021 00:35:27.428,20.19885,20.191660000000002,1.3,1.55
30.08.2021 00:35:30.887,20.19864,20.191660000000002,1.3,1.55
30.08.2021 00:35:34.260,20.198620000000002,20.192210000000003,1.3,1.3
30.08.2021 00:35:35.141,20.198320000000002,20.192210000000003,1,1.3
30.08.2021 00:35:35.808,20.198520000000002,20.19158,1.3,1.55
30.08.2021 00:35:36.022,20.198520000000002,20.19158,1.3,1.55
30.08.2021 00:35:39.487,20.198220000000003,20.19158,1.3,1.55
30.08.2021 00:35:41.013,20.198220000000003,20.19158,1.3,1.55
30.08.2021 00:35:51.013,20.197920000000003,20.19138,1.3,1.55
30.08.2021 00:35:51.517,20.198220000000003,20.192210000000003,1.3,1.3
30.08.2021 00:35:53.398,20.198220000000003,20.19141,1.3,1.55
30.08.2021 00:35:55.267,20.198220000000003,20.192210000000003,1,1.3
30.08.2021 00:35:57.143,20.198220000000003,20.192210000000003,1.3,1.3
30.08.2021 00:36:01.221,20.198220000000003,20.192210000000003,1,1.3
30.08.2021 00:36:05.095,20.198220000000003,20.19141,1.3,1.55
30.08.2021 00:36:05.705,20.198220000000003,20.192210000000003,1.3,1
30.08.2021 00:36:05.810,20.198220000000003,20.192210000000003,1,1.3
30.08.2021 00:36:07.456,20.198220000000003,20.19141,1.3,1.55
30.08.2021 00:36:07.556,20.198220000000003,20.192210000000003,1,1.3
30.08.2021 00:36:09.715,20.198420000000002,20.192210000000003,1,1.3
30.08.2021 00:36:10.424,20.198420000000002,20.192210000000003,1,1.3
30.08.2021 00:36:10.524,20.198420000000002,20.192210000000003,1,1.4
30.08.2021 00:36:10.773,20.198420000000002,20.19148,1,1.65
30.08.2021 00:36:10.993,20.198420000000002,20.192210000000003,1.3,1.4
30.08.2021 00:36:11.122,20.198420000000002,20.192210000000003,1,1.4
30.08.2021 00:36:11.271,20.19892,20.192210000000003,1,1.4
30.08.2021 00:36:11.343,20.19892,20.192210000000003,1.3,1.4
30.08.2021 00:36:17.083,20.19864,20.19188,1.3,1.55
30.08.2021 00:36:18.545,20.198420000000002,20.192210000000003,1.3,1.3
30.08.2021 00:36:23.888,20.198420000000002,20.192210000000003,1,1.4
30.08.2021 00:36:28.702,20.19855,20.191660000000002,1.3,1.4
30.08.2021 00:36:28.859,20.19855,20.192210000000003,1.3,1.4
30.08.2021 00:36:29.176,20.19855,20.192210000000003,1.3,1.4
30.08.2021 00:36:33.222,20.19855,20.192210000000003,1,1.4
30.08.2021 00:36:47.361,20.198120000000003,20.19158,1,1.65
30.08.2021 00:36:47.814,20.198120000000003,20.192210000000003,1,1.4
30.08.2021 00:36:48.851,20.198320000000002,20.192210000000003,1,1.4
30.08.2021 00:36:50.254,20.198320000000002,20.19158,1,1.65
30.08.2021 00:36:50.405,20.198320000000002,20.192210000000003,1,1.3
30.08.2021 00:36:50.710,20.198320000000002,20.192210000000003,1,1.4
30.08.2021 00:36:51.492,20.198320000000002,20.19158,1,1.65
30.08.2021 00:36:51.594,20.198320000000002,20.192210000000003,1,1.3
30.08.2021 00:36:51.745,20.198320000000002,20.192210000000003,1,1.4
30.08.2021 00:36:55.826,20.198320000000002,20.19158,1,1.65
30.08.2021 00:36:56.037,20.198320000000002,20.19158,1,1.65
30.08.2021 00:36:56.508,20.19647,20.190640000000002,1,1.55
30.08.2021 00:36:56.609,20.19629,20.18944,1.55,1.1
30.08.2021 00:36:56.710,20.19629,20.18939,1.3,1.75
30.08.2021 00:36:57.397,20.19612,20.18939,1,1.75
30.08.2021 00:36:57.498,20.19592,20.18916,1.3,1.3
30.08.2021 00:36:58.373,20.195320000000002,20.18916,1.3,1.3
30.08.2021 00:36:59.973,20.194920000000003,20.18794,1.55,1.15
30.08.2021 00:37:00.124,20.19452,20.18794,1.55,1.05
30.08.2021 00:37:01.081,20.19395,20.18794,1,1.05
30.08.2021 00:37:01.182,20.193820000000002,20.187540000000002,1,1.15
30.08.2021 00:37:02.095,20.193820000000002,20.187540000000002,1,1.15
30.08.2021 00:37:03.237,20.19365,20.187540000000002,1,1.15
30.08.2021 00:37:03.373,20.193520000000003,20.187540000000002,1.25,1.15
30.08.2021 00:37:03.474,20.19269,20.18655,1,1.75
30.08.2021 00:37:03.525,20.19302,20.18628,2.17,1.55
30.08.2021 00:37:03.626,20.193520000000003,20.18628,1.3,1.55
30.08.2021 00:37:03.727,20.193220000000004,20.18638,1.3,1.55
30.08.2021 00:37:04.533,20.193220000000004,20.186760000000003,1.3,1.55
30.08.2021 00:37:04.638,20.193220000000004,20.186760000000003,1,1.65
30.08.2021 00:37:04.812,20.193550000000002,20.186760000000003,1,1.65
30.08.2021 00:37:05.593,20.193420000000003,20.18718,1,1.55
30.08.2021 00:37:07.186,20.193420000000003,20.18718,1,1.55
30.08.2021 00:37:18.570,20.193420000000003,20.18718,1.3,1.55
30.08.2021 00:37:20.662,20.193420000000003,20.18718,1.3,1.55
30.08.2021 00:37:23.755,20.19432,20.18793,1.3,1
30.08.2021 00:37:23.857,20.19432,20.18793,1.3,1.4
30.08.2021 00:37:24.106,20.19432,20.187540000000002,1.3,1.15
30.08.2021 00:37:24.258,20.19442,20.18778,1.3,1.55
30.08.2021 00:37:30.356,20.19442,20.188460000000003,1.3,1
30.08.2021 00:37:30.406,20.195420000000002,20.188460000000003,1.3,1.55
30.08.2021 00:37:30.626,20.195420000000002,20.188460000000003,1,1.65
30.08.2021 00:37:30.773,20.195420000000002,20.18868,1.3,1.3
30.08.2021 00:37:31.093,20.19554,20.18878,1.05,1.55
30.08.2021 00:37:31.393,20.196220000000004,20.18948,1.55,1.3
30.08.2021 00:37:33.145,20.196220000000004,20.18978,1.55,1.3
30.08.2021 00:37:33.499,20.196220000000004,20.18978,1.55,1.3
30.08.2021 00:37:37.091,20.196220000000004,20.18978,1.55,1.3
30.08.2021 00:37:39.434,20.19582,20.18848,1.55,1.65
30.08.2021 00:37:39.484,20.19582,20.18848,1.55,1.55
30.08.2021 00:37:40.075,20.196060000000003,20.18868,1.05,1.55
30.08.2021 00:37:43.119,20.195890000000002,20.18868,1.05,1.55
30.08.2021 00:37:43.576,20.196060000000003,20.18868,1.05,1.3
30.08.2021 00:37:51.013,20.196220000000004,20.18898,1.55,1.55
30.08.2021 00:37:53.138,20.196060000000003,20.18898,1.05,1.3
30.08.2021 00:37:59.214,20.19612,20.189310000000003,1.3,2.05
30.08.2021 00:37:59.265,20.19623,20.189410000000002,1.05,2
30.08.2021 00:37:59.366,20.19623,20.18943,1.05,1.05
30.08.2021 00:38:00.023,20.19623,20.18958,1.05,1.55
30.08.2021 00:38:00.857,20.196220000000004,20.18988,1.8,1.3
30.08.2021 00:38:01.644,20.19608,20.18988,1.05,1
30.08.2021 00:38:08.543,20.19608,20.18988,1.05,1.3
30.08.2021 00:38:14.762,20.19608,20.189760000000003,1.05,1
30.08.2021 00:38:16.735,20.19608,20.189760000000003,1.05,1.3
30.08.2021 00:38:16.851,20.19608,20.189760000000003,1.05,1
30.08.2021 00:38:37.309,20.19608,20.189760000000003,1.05,1.3
30.08.2021 00:38:49.600,20.196060000000003,20.18936,1.05,1.3
30.08.2021 00:38:49.701,20.196060000000003,20.18948,1.05,1.55
30.08.2021 00:38:50.966,20.196060000000003,20.18978,1.05,1.3
30.08.2021 00:38:52.241,20.196060000000003,20.18938,1.05,1.3
30.08.2021 00:38:53.238,20.196060000000003,20.18978,1.05,1.3
30.08.2021 00:38:54.054,20.196060000000003,20.18938,1.05,1.3
30.08.2021 00:38:55.245,20.196060000000003,20.18948,1.05,1.55
30.08.2021 00:38:56.891,20.196060000000003,20.18978,1.05,1.9
30.08.2021 00:38:56.992,20.19762,20.19201,1.8,1.25
30.08.2021 00:38:57.093,20.19854,20.19201,1.55,1.4
30.08.2021 00:38:57.143,20.19911,20.19431,1,1.5
30.08.2021 00:38:57.194,20.19954,20.19273,1.25,1.9
30.08.2021 00:38:57.396,20.19954,20.19273,1.55,1.3
30.08.2021 00:38:58.121,20.199420000000003,20.19228,1.3,1.65
30.08.2021 00:38:59.270,20.19912,20.19248,1.3,1.65
30.08.2021 00:39:01.858,20.199720000000003,20.19271,1.3,1.05
30.08.2021 00:39:01.963,20.199720000000003,20.19271,1.3,1.15
30.08.2021 00:39:02.064,20.199620000000003,20.19288,1.3,1.65
30.08.2021 00:39:03.098,20.199420000000003,20.19328,1.3,1.3
30.08.2021 00:39:05.711,20.199740000000002,20.19278,1.3,1.65
30.08.2021 00:39:06.308,20.20022,20.19278,1.3,1.65
30.08.2021 00:39:06.517,20.20022,20.19278,1.3,1.65
30.08.2021 00:39:13.174,20.20022,20.192510000000002,1.55,1.65
30.08.2021 00:39:13.276,20.20022,20.192510000000002,1.55,1.55
30.08.2021 00:39:13.792,20.199520000000003,20.19244,1.25,1.05
30.08.2021 00:39:14.197,20.199520000000003,20.192210000000003,1.25,1.65
30.08.2021 00:39:14.810,20.199520000000003,20.192210000000003,1.55,1.65
30.08.2021 00:39:15.190,20.199520000000003,20.192210000000003,1.25,1.65
30.08.2021 00:39:16.575,20.199520000000003,20.192210000000003,1.55,1.65
30.08.2021 00:39:16.897,20.199520000000003,20.192210000000003,1.25,1.65
30.08.2021 00:39:27.077,20.199520000000003,20.19204,1.8,1.4
30.08.2021 00:39:28.688,20.19944,20.19204,1,1.4
30.08.2021 00:39:28.839,20.19944,20.19204,1.3,1.4
30.08.2021 00:39:28.965,20.19944,20.19194,1.55,1.9
30.08.2021 00:39:29.066,20.199420000000003,20.19191,1.55,1.65
30.08.2021 00:39:29.166,20.199420000000003,20.19191,1.55,1.65
30.08.2021 00:39:29.428,20.199420000000003,20.192210000000003,1.55,1.65
30.08.2021 00:39:29.895,20.19902,20.192210000000003,1,1.65
30.08.2021 00:39:30.363,20.19902,20.19204,1.55,1.15
30.08.2021 00:39:31.014,20.19902,20.19181,1.3,1.65
30.08.2021 00:39:31.155,20.19902,20.191679999999998,1.3,1.65
30.08.2021 00:39:32.259,20.19922,20.191679999999998,1.55,1.65
30.08.2021 00:39:32.360,20.19922,20.192210000000003,1.3,1.65
30.08.2021 00:39:32.411,20.19922,20.192210000000003,1.3,1.65
30.08.2021 00:39:36.627,20.199320000000004,20.19238,1.3,1.65
30.08.2021 00:39:38.544,20.199320000000004,20.19238,1.3,1.65
30.08.2021 00:39:52.194,20.199450000000002,20.19226,1.3,1.65
30.08.2021 00:39:53.986,20.199840000000002,20.19271,1.3,1.15
30.08.2021 00:39:54.087,20.199840000000002,20.19271,1.3,1.15
30.08.2021 00:39:54.289,20.20014,20.19288,1.55,1.65
30.08.2021 00:39:54.391,20.20014,20.19288,1.55,1.65
30.08.2021 00:39:54.761,20.20014,20.193260000000002,1.55,1.55
30.08.2021 00:39:56.311,20.20014,20.19358,1.3,1.55
30.08.2021 00:40:00.624,20.20014,20.19358,1.3,1.55
30.08.2021 00:40:03.397,20.20014,20.19358,1.3,1.55
30.08.2021 00:40:03.857,20.20014,20.19358,1.3,1.55
30.08.2021 00:40:20.964,20.199840000000002,20.192800000000002,1.3,1.05
30.08.2021 00:40:21.495,20.199820000000003,20.192800000000002,1.55,1.05
30.08.2021 00:40:29.346,20.19922,20.192210000000003,1.55,1.9
30.08.2021 00:40:30.569,20.19922,20.192210000000003,1.55,1.9
30.08.2021 00:40:30.804,20.19922,20.19238,1.3,1.65
30.08.2021 00:40:37.390,20.199840000000002,20.19278,1.3,1.15
30.08.2021 00:40:37.601,20.199920000000002,20.19278,1.55,1.15
30.08.2021 00:40:38.456,20.199720000000003,20.19298,1.3,1.55
30.08.2021 00:40:42.115,20.20024,20.19278,1.3,1.15
30.08.2021 00:40:52.296,20.19944,20.192210000000003,1,1.9
30.08.2021 00:40:52.447,20.19944,20.192210000000003,1,1.9
30.08.2021 00:40:53.847,20.19922,20.19225,1.25,1.15
30.08.2021 00:40:54.881,20.199350000000003,20.19201,1,1.9
30.08.2021 00:40:55.158,20.19922,20.19225,1.25,1.15
30.08.2021 00:40:56.433,20.199620000000003,20.19225,1.25,1.15
30.08.2021 00:40:57.953,20.199620000000003,20.19225,1.55,1.15
30.08.2021 00:40:59.670,20.199620000000003,20.19225,1.25,1.15
30.08.2021 00:41:00.388,20.19944,20.19225,1,1.15
30.08.2021 00:41:00.597,20.19944,20.192110000000003,1.3,1.15
30.08.2021 00:41:01.156,20.19912,20.191860000000002,1.25,1.15
30.08.2021 00:41:01.421,20.19912,20.191860000000002,1.25,1.15
30.08.2021 00:41:02.924,20.19912,20.19204,1.55,1.4
30.08.2021 00:41:03.025,20.19912,20.192210000000003,1.3,1.65
30.08.2021 00:41:03.126,20.19912,20.19225,1.55,1.15
30.08.2021 00:41:04.130,20.199420000000003,20.19265,1.55,1.05
30.08.2021 00:41:12.599,20.20022,20.19311,1.55,1.05
30.08.2021 00:41:12.848,20.20022,20.19313,1.55,1.05
30.08.2021 00:41:13.657,20.200020000000002,20.19313,1.55,1.05
30.08.2021 00:41:32.593,20.19993,20.19611,1.05,1
30.08.2021 00:41:32.643,20.199920000000002,20.19276,1,1.9
30.08.2021 00:41:32.864,20.19988,20.19276,1.05,1.9
30.08.2021 00:41:34.522,20.19988,20.19276,1.05,1.9
30.08.2021 00:41:37.144,20.19959,20.19244,1.3,1.15
30.08.2021 00:41:37.763,20.19959,20.19236,1.3,1.05
30.08.2021 00:41:38.157,20.19959,20.19224,1.55,1.05
30.08.2021 00:41:38.363,20.19959,20.19224,1.55,1.05
30.08.2021 00:41:41.696,20.199420000000003,20.19224,1.55,1.05
30.08.2021 00:41:43.528,20.199420000000003,20.19224,1.55,1.15
30.08.2021 00:41:50.066,20.19959,20.192310000000003,1.3,1.15
30.08.2021 00:41:50.167,20.19959,20.19239,1.3,1.15
30.08.2021 00:41:55.976,20.19959,20.19239,1.3,1.15
30.08.2021 00:42:02.504,20.19959,20.192610000000002,1.3,1.05
30.08.2021 00:42:03.092,20.19959,20.19271,1.3,1.4
30.08.2021 00:42:03.245,20.19959,20.19271,1.3,1.4
30.08.2021 00:42:05.959,20.19959,20.19308,1.3,1.8
30.08.2021 00:42:14.994,20.19959,20.19308,1.3,1.8
30.08.2021 00:42:21.018,20.19959,20.19308,1.3,1.55
30.08.2021 00:42:27.293,20.19959,20.192960000000003,1.3,1.25
30.08.2021 00:42:28.688,20.19959,20.19278,1.3,1.55
30.08.2021 00:42:33.584,20.19988,20.19298,1.05,1.55
30.08.2021 00:42:33.882,20.19959,20.192860000000003,1.3,1.55
30.08.2021 00:42:34.093,20.19959,20.19239,1.3,1.05
30.08.2021 00:42:34.432,20.19959,20.19239,1.3,1.05
30.08.2021 00:42:34.915,20.199320000000004,20.19219,1.55,1.05
30.08.2021 00:42:35.726,20.199320000000004,20.19219,1.55,1.05
30.08.2021 00:42:39.292,20.19892,20.191950000000002,1.55,1.05
30.08.2021 00:42:41.016,20.19892,20.191950000000002,1.55,1.05
30.08.2021 00:42:42.699,20.19872,20.19181,1.55,1.05
30.08.2021 00:42:51.839,20.19872,20.19181,1.55,1.05
30.08.2021 00:42:53.394,20.19872,20.19181,1.55,1.05
30.08.2021 00:43:00.987,20.199620000000003,20.19264,1.55,1
30.08.2021 00:43:01.037,20.199620000000003,20.19271,1.25,1.05
30.08.2021 00:43:01.386,20.19964,20.19271,1,1.15
30.08.2021 00:43:02.412,20.199710000000003,20.19271,1,1.15
30.08.2021 00:43:02.463,20.199720000000003,20.19271,1.3,1.15
30.08.2021 00:43:16.688,20.199910000000003,20.19308,1.8,1.55
30.08.2021 00:43:32.096,20.19954,20.19259,1.3,1.15
30.08.2021 00:43:32.299,20.19954,20.19246,1.3,1.05
30.08.2021 00:43:32.970,20.19905,20.19246,1,1.05
30.08.2021 00:43:33.328,20.19892,20.19259,1.55,1.05
30.08.2021 00:43:33.379,20.19872,20.19219,1.25,1.05
30.08.2021 00:43:41.435,20.19872,20.19161,1.25,1.05
30.08.2021 00:43:42.890,20.19845,20.19161,1,1.05
30.08.2021 00:43:44.126,20.198320000000002,20.19161,1.25,1.05
30.08.2021 00:44:02.593,20.198320000000002,20.191850000000002,1.25,1.05
30.08.2021 00:44:03.683,20.198320000000002,20.191850000000002,1.55,1.05
30.08.2021 00:44:05.023,20.198020000000003,20.191850000000002,1.25,1.05
30.08.2021 00:44:16.510,20.197720000000004,20.191850000000002,1.25,1.05
30.08.2021 00:44:17.858,20.19752,20.191850000000002,1.25,1.05
30.08.2021 00:44:35.391,20.19752,20.190720000000002,1.25,1
30.08.2021 00:44:41.180,20.19752,20.190720000000002,1.25,1
30.08.2021 00:44:42.890,20.19765,20.190720000000002,1,1
30.08.2021 00:44:46.793,20.19765,20.190720000000002,1,1
30.08.2021 00:44:54.020,20.19752,20.19124,1.25,1.4
30.08.2021 00:44:54.827,20.19765,20.19124,1,1.15
30.08.2021 00:44:54.974,20.19752,20.19124,1.25,1.4
30.08.2021 00:44:55.868,20.19722,20.19124,1.25,1.4
30.08.2021 00:45:02.185,20.197020000000002,20.19163,1.25,1.05
30.08.2021 00:45:02.416,20.19742,20.192210000000003,1,1.3
30.08.2021 00:45:02.517,20.198520000000002,20.192610000000002,1.55,1.05
30.08.2021 00:45:02.618,20.19872,20.19271,1.55,1.15
30.08.2021 00:45:03.736,20.19872,20.19271,1.25,1.15
30.08.2021 00:45:04.878,20.19885,20.19271,1.3,1.15
30.08.2021 00:45:04.928,20.19872,20.19271,1,1.15
30.08.2021 00:45:06.772,20.19882,20.19271,1.3,1.15
30.08.2021 00:45:14.263,20.19882,20.19271,1,1.15
30.08.2021 00:45:14.922,20.19895,20.19271,1,1.15
30.08.2021 00:45:16.016,20.19882,20.19271,1.25,1.15
30.08.2021 00:45:21.475,20.19882,20.19271,1,1.15
30.08.2021 00:45:28.116,20.19882,20.19271,1,1.15
30.08.2021 00:45:30.552,20.19882,20.19266,1,1.15
30.08.2021 00:45:30.980,20.19882,20.19271,1,1.15
30.08.2021 00:45:33.893,20.19882,20.19271,1.3,1.15
30.08.2021 00:45:35.999,20.19882,20.19271,1.55,1.15
30.08.2021 00:45:40.195,20.19882,20.19271,1.25,1.15
30.08.2021 00:45:40.576,20.19895,20.19271,1.3,1.15
30.08.2021 00:45:49.879,20.19892,20.19245,1.55,1.05
30.08.2021 00:45:49.929,20.19892,20.19245,1.55,1.05
30.08.2021 00:45:49.980,20.19892,20.19229,1.25,1
30.08.2021 00:45:50.284,20.198620000000002,20.19229,1.25,1
30.08.2021 00:45:50.493,20.198620000000002,20.19245,1.55,1.05
30.08.2021 00:45:50.882,20.198120000000003,20.19171,1.3,1.55
30.08.2021 00:45:51.445,20.197950000000002,20.19164,1,1.3
30.08.2021 00:45:51.981,20.197820000000004,20.19164,1.25,1.3
30.08.2021 00:45:52.161,20.198120000000003,20.19164,1.25,1.3
30.08.2021 00:45:52.233,20.198120000000003,20.19164,1.55,1.3
30.08.2021 00:45:53.863,20.198320000000002,20.19178,1.3,1.55
30.08.2021 00:45:59.711,20.198320000000002,20.19178,1.3,1.55
30.08.2021 00:46:03.281,20.198320000000002,20.19204,1.55,1.05
30.08.2021 00:46:03.490,20.198320000000002,20.19204,1.55,1.05
30.08.2021 00:46:03.964,20.198150000000002,20.19204,1,1.05
30.08.2021 00:46:04.245,20.198020000000003,20.192210000000003,1,1.55
30.08.2021 00:46:04.346,20.198420000000002,20.192210000000003,1.3,1.55
30.08.2021 00:46:04.763,20.198420000000002,20.192210000000003,1,1.55
30.08.2021 00:46:04.814,20.19855,20.19204,1,1.15
30.08.2021 00:46:05.422,20.19875,20.19206,1,1.65
30.08.2021 00:46:05.472,20.198620000000002,20.192210000000003,1.3,1.55
30.08.2021 00:46:12.796,20.19922,20.19266,1.3,2.05
30.08.2021 00:46:12.948,20.19922,20.19271,1.3,1.15
30.08.2021 00:46:13.867,20.19912,20.19298,1.3,1.3
30.08.2021 00:46:14.904,20.199420000000003,20.19328,1.55,1
30.08.2021 00:46:16.322,20.199420000000003,20.193360000000002,1.55,1
30.08.2021 00:46:16.373,20.199620000000003,20.19348,1.55,1.3
30.08.2021 00:46:24.370,20.19944,20.19308,1.55,1.3
30.08.2021 00:46:24.968,20.19912,20.19298,1.3,1
30.08.2021 00:46:29.081,20.198620000000002,20.19228,1,1.55
30.08.2021 00:46:31.804,20.198620000000002,20.19228,1.3,1.55
30.08.2021 00:46:32.967,20.198620000000002,20.19228,1.3,1.55
30.08.2021 00:46:33.068,20.199520000000003,20.19271,1.8,1.05
30.08.2021 00:46:33.219,20.199520000000003,20.19271,1.8,1.15
30.08.2021 00:46:41.018,20.19922,20.19308,1.3,1.3
30.08.2021 00:46:42.419,20.19922,20.19308,1.3,1.3
30.08.2021 00:46:42.521,20.19922,20.19308,1.3,1.3
30.08.2021 00:46:48.325,20.19922,20.19308,1.3,1.3
30.08.2021 00:46:51.018,20.19922,20.19308,1.3,1.3
30.08.2021 00:46:52.555,20.19912,20.19288,1.3,1.55
30.08.2021 00:46:55.183,20.19892,20.19268,1.3,1.55
30.08.2021 00:46:55.284,20.19882,20.192210000000003,1,1.75
30.08.2021 00:46:55.489,20.198420000000002,20.19217,1.25,1
30.08.2021 00:46:55.640,20.198420000000002,20.19224,1.55,1.05
30.08.2021 00:46:56.213,20.198120000000003,20.19171,1.3,1.65
30.08.2021 00:46:56.573,20.197820000000004,20.19171,1,1.65
30.08.2021 00:47:05.710,20.197820000000004,20.19164,1.55,1.4
30.08.2021 00:47:11.017,20.197820000000004,20.19164,1.25,1.4
30.08.2021 00:47:13.194,20.197950000000002,20.19164,1.3,1.15
30.08.2021 00:47:14.068,20.19872,20.19258,1.55,1.25
30.08.2021 00:47:14.168,20.199420000000003,20.19271,1.55,1.15
30.08.2021 00:47:14.321,20.199420000000003,20.19271,1.25,1.15
30.08.2021 00:47:15.156,20.199420000000003,20.19271,1.55,1.15
30.08.2021 00:47:15.659,20.19922,20.19308,1.3,1
30.08.2021 00:47:17.694,20.19922,20.19308,1.3,1.3
30.08.2021 00:47:20.774,20.19892,20.19298,1.3,1.3
30.08.2021 00:47:34.740,20.19905,20.19223,1.3,1.4
30.08.2021 00:47:35.010,20.198520000000002,20.192410000000002,1,1.55
30.08.2021 00:47:35.411,20.198120000000003,20.192210000000003,1,1.65
30.08.2021 00:47:36.211,20.198120000000003,20.192210000000003,1,1.65
30.08.2021 00:47:37.238,20.197950000000002,20.192210000000003,1,1.65
30.08.2021 00:47:37.896,20.197820000000004,20.192210000000003,1,1.65
30.08.2021 00:47:37.997,20.197720000000004,20.19191,1.25,1.9
30.08.2021 00:47:38.148,20.197720000000004,20.19191,1.25,1.8
30.08.2021 00:47:40.830,20.197720000000004,20.19164,1.25,1.4
30.08.2021 00:47:43.586,20.19765,20.19164,1,1.4
30.08.2021 00:47:43.800,20.19752,20.19164,1.25,1.4
30.08.2021 00:47:54.290,20.19752,20.19203,1.25,1.05
30.08.2021 00:47:54.391,20.19765,20.19203,1,1.15
30.08.2021 00:47:54.502,20.19765,20.19203,1,1.15
30.08.2021 00:47:54.922,20.198520000000002,20.19271,1.55,1.05
30.08.2021 00:47:55.023,20.19882,20.19271,1.25,1.15
30.08.2021 00:47:55.200,20.19892,20.19271,1.55,1.15
30.08.2021 00:47:56.269,20.19892,20.19271,1,1.15
30.08.2021 00:48:01.122,20.19892,20.19288,1.3,1.4
30.08.2021 00:48:07.480,20.19922,20.19271,1.3,1.15
30.08.2021 00:48:24.922,20.19975,20.19271,1.55,1.15
30.08.2021 00:48:34.181,20.19922,20.19224,1.3,1.05
30.08.2021 00:48:35.272,20.198520000000002,20.19224,1.3,1.05
30.08.2021 00:48:38.172,20.198520000000002,20.19204,1.55,1.3
30.08.2021 00:48:40.037,20.198520000000002,20.19171,1.3,1.65
30.08.2021 00:48:41.038,20.198220000000003,20.19171,1,1.65
30.08.2021 00:48:44.603,20.198220000000003,20.19164,1.55,1.4
30.08.2021 00:48:52.253,20.198220000000003,20.19164,1.55,1.4
30.08.2021 00:48:54.774,20.198220000000003,20.19204,1.55,1.05
30.08.2021 00:48:55.176,20.198220000000003,20.19204,1.25,1.15
30.08.2021 00:48:58.720,20.197920000000003,20.19171,1,1.65
30.08.2021 00:49:02.379,20.197920000000003,20.19171,1,1.65
30.08.2021 00:49:08.540,20.197920000000003,20.19171,1,1.65
30.08.2021 00:49:09.480,20.19762,20.19164,1.25,1.3
30.08.2021 00:49:09.793,20.19762,20.19164,1.25,1.3
30.08.2021 00:49:13.527,20.19732,20.19164,1,1.15
30.08.2021 00:49:13.762,20.19608,20.19148,1.05,1.25
30.08.2021 00:49:13.863,20.19608,20.19108,1,1.55
30.08.2021 00:49:13.964,20.197020000000002,20.1933,1.05,1
30.08.2021 00:49:14.015,20.197000000000003,20.19329,1.05,1
30.08.2021 00:49:14.166,20.19706,20.190610000000003,1.05,1
30.08.2021 00:49:14.470,20.196920000000002,20.18968,1.25,1.55
30.08.2021 00:49:14.553,20.196920000000002,20.18968,1.55,1.55
30.08.2021 00:49:14.704,20.19647,20.18968,1.55,1.55
30.08.2021 00:49:15.703,20.19592,20.18946,1.55,1.3
30.08.2021 00:49:15.974,20.19592,20.18946,1.55,1.3
30.08.2021 00:49:16.790,20.196320000000004,20.18946,1.55,1.55
30.08.2021 00:49:17.241,20.196220000000004,20.18968,1.55,1.3
30.08.2021 00:49:19.809,20.19612,20.18946,1.55,1.3
30.08.2021 00:49:20.024,20.19612,20.18946,1.55,1.3
30.08.2021 00:49:20.773,20.19582,20.18946,1.55,1.3
30.08.2021 00:49:21.375,20.196320000000004,20.18946,1.55,1.55
30.08.2021 00:49:21.478,20.196320000000004,20.18946,1.55,1.55
30.08.2021 00:49:22.336,20.196320000000004,20.190060000000003,1.55,1
30.08.2021 00:49:22.451,20.196420000000003,20.19018,1.55,1.3
30.08.2021 00:49:30.970,20.196420000000003,20.19018,1.55,1.3
30.08.2021 00:49:33.932,20.19629,20.18958,1.55,1.3
30.08.2021 00:49:34.035,20.19629,20.18958,1.55,1
30.08.2021 00:49:34.958,20.19602,20.18958,1.55,1.3
30.08.2021 00:49:35.451,20.196320000000004,20.18958,1.55,1.3
30.08.2021 00:49:35.727,20.196420000000003,20.18998,1.55,1.3
30.08.2021 00:49:38.413,20.196420000000003,20.19028,1.55,1.3
30.08.2021 00:49:38.734,20.196420000000003,20.19028,1.55,1.3
30.08.2021 00:49:40.384,20.196420000000003,20.19028,1.55,1.3
30.08.2021 00:49:51.019,20.196420000000003,20.19028,1.55,1.3
30.08.2021 00:49:54.989,20.19629,20.18948,1.55,1.3
30.08.2021 00:49:55.090,20.19629,20.18948,1.55,1.3
30.08.2021 00:49:55.324,20.19629,20.18948,1.55,1.3
30.08.2021 00:49:56.144,20.19592,20.18948,1.55,1.3
30.08.2021 00:50:03.176,20.196320000000004,20.18968,1.55,1.3
30.08.2021 00:50:04.288,20.196420000000003,20.19018,1.55,1.3
30.08.2021 00:50:05.114,20.19649,20.19048,1.55,1.3
30.08.2021 00:50:05.173,20.19649,20.19048,1.55,1.3
30.08.2021 00:50:10.567,20.196620000000003,20.18998,1.55,1.3
30.08.2021 00:50:13.000,20.196220000000004,20.18998,1.3,1.3
30.08.2021 00:50:21.019,20.196220000000004,20.18998,1.3,1.3
30.08.2021 00:50:31.020,20.19602,20.18978,1.3,1.3
30.08.2021 00:50:31.353,20.19602,20.18978,1.3,1.3
30.08.2021 00:50:41.872,20.196520000000003,20.18978,1.55,1.3
30.08.2021 00:50:42.830,20.196520000000003,20.19038,1.55,1.3
30.08.2021 00:50:45.920,20.196070000000002,20.18968,1.05,1.55
30.08.2021 00:50:47.041,20.19582,20.18948,1.55,1.3
30.08.2021 00:50:58.553,20.19582,20.18948,1.55,1
30.08.2021 00:51:00.287,20.19582,20.18948,1.55,1.3
30.08.2021 00:51:12.892,20.19572,20.18928,1.3,1.3
30.08.2021 00:51:24.714,20.195520000000002,20.18908,1.55,1
30.08.2021 00:51:24.926,20.19525,20.18794,1.3,1.05
30.08.2021 00:51:25.824,20.19435,20.18798,1,1.55
30.08.2021 00:51:25.874,20.19422,20.18808,1,1.55
30.08.2021 00:51:37.254,20.19576,20.188560000000003,1.05,1.55
30.08.2021 00:51:37.569,20.19576,20.188560000000003,1.05,1.65
30.08.2021 00:51:38.657,20.195520000000002,20.18808,1.55,1.55
30.08.2021 00:51:39.497,20.195020000000003,20.18794,1.55,1.4
30.08.2021 00:51:49.644,20.195020000000003,20.18834,1.55,1.15
30.08.2021 00:51:49.966,20.195020000000003,20.18834,1.25,1.05
30.08.2021 00:51:50.506,20.195020000000003,20.18798,1,1.65
30.08.2021 00:51:51.021,20.195020000000003,20.18798,1.3,1.65
30.08.2021 00:51:53.385,20.195520000000002,20.188660000000002,1.3,1.35
30.08.2021 00:51:53.437,20.195520000000002,20.188660000000002,1.3,1.65
30.08.2021 00:51:54.469,20.19562,20.18918,1.3,1.3
30.08.2021 00:51:59.500,20.195420000000002,20.18908,1.3,1.3
30.08.2021 00:52:00.848,20.195420000000002,20.18908,1.3,1.3
30.08.2021 00:52:01.130,20.195420000000002,20.18908,1.3,1.3
30.08.2021 00:52:01.849,20.19592,20.18898,1.3,1.55
30.08.2021 00:52:01.950,20.19592,20.18898,1.3,1.55
30.08.2021 00:52:02.792,20.19592,20.18938,1.3,1.3
30.08.2021 00:52:02.944,20.19582,20.18908,1.3,1.55
30.08.2021 00:52:03.684,20.19582,20.18908,1.3,1.55
30.08.2021 00:52:03.785,20.195520000000002,20.18854,1.55,1.05
30.08.2021 00:52:03.887,20.1959,20.18834,1.05,1.3
30.08.2021 00:52:04.209,20.19562,20.18834,1.8,1.05
30.08.2021 00:52:04.586,20.19562,20.18834,1.8,1.15
30.08.2021 00:52:04.687,20.19562,20.188660000000002,1.8,1.55
30.08.2021 00:52:04.997,20.19572,20.188660000000002,1.55,1.65
30.08.2021 00:52:05.149,20.19562,20.18818,1.55,1.55
30.08.2021 00:52:05.824,20.195320000000002,20.18838,1.3,1.55
30.08.2021 00:52:11.679,20.19562,20.188760000000002,1.3,1.65
30.08.2021 00:52:12.863,20.195520000000002,20.18908,1.3,1.3
30.08.2021 00:52:13.337,20.19602,20.18918,1.55,1.3
30.08.2021 00:52:14.004,20.19582,20.18958,1.3,1.3
30.08.2021 00:52:17.104,20.19582,20.18869,1.55,1.65
30.08.2021 00:52:17.206,20.19572,20.18838,1.8,1
30.08.2021 00:52:17.358,20.195220000000003,20.188760000000002,1,1.25
30.08.2021 00:52:17.459,20.195220000000003,20.188760000000002,1.3,1.65
30.08.2021 00:52:18.388,20.195020000000003,20.18898,1,1.3
30.08.2021 00:52:18.617,20.195020000000003,20.18898,1,1.3
30.08.2021 00:52:26.931,20.19612,20.18978,1.55,1
30.08.2021 00:52:27.142,20.19612,20.18978,1.55,1.3
30.08.2021 00:52:34.936,20.19612,20.189960000000003,1.55,1.3
30.08.2021 00:52:35.292,20.196320000000004,20.19018,1.3,1.3
30.08.2021 00:52:38.491,20.196420000000003,20.19058,1.3,1.3
30.08.2021 00:52:38.597,20.196420000000003,20.19058,1,1.3
30.08.2021 00:52:38.648,20.196620000000003,20.19058,1.3,1.3
30.08.2021 00:52:44.027,20.19629,20.18998,1.25,1.3
30.08.2021 00:52:44.128,20.19629,20.18978,1.55,1.3
30.08.2021 00:52:45.089,20.19602,20.18978,1.3,1.3
30.08.2021 00:52:47.675,20.19602,20.18978,1.3,1.3
30.08.2021 00:52:49.000,20.19602,20.18978,1.3,1.3
30.08.2021 00:52:51.020,20.19602,20.18978,1.3,1.3
30.08.2021 00:52:53.759,20.19602,20.18978,1.3,1.3
30.08.2021 00:52:57.622,20.19612,20.18968,1.3,1.3
30.08.2021 00:52:58.368,20.19612,20.18998,1.3,1.3
30.08.2021 00:53:00.157,20.19612,20.18938,1.3,1.55
30.08.2021 00:53:00.743,20.19572,20.18936,1.3,1.55
30.08.2021 00:53:02.771,20.195520000000002,20.18834,1.25,1.05
30.08.2021 00:53:03.276,20.195520000000002,20.188760000000002,1.3,1.55
30.08.2021 00:53:04.253,20.195320000000002,20.18888,1.3,1.3
30.08.2021 00:53:08.748,20.195320000000002,20.18888,1.3,1.3
30.08.2021 00:53:11.129,20.19592,20.18916,1.3,1.55
30.08.2021 00:53:11.180,20.196520000000003,20.18916,1.55,1.55
30.08.2021 00:53:11.280,20.196520000000003,20.18916,1.55,1.55
30.08.2021 00:53:12.412,20.196520000000003,20.18928,1.55,1.55
30.08.2021 00:53:21.858,20.19629,20.18896,1.55,1.55
30.08.2021 00:53:21.959,20.19629,20.18854,1.8,1.05
30.08.2021 00:53:22.068,20.19629,20.18838,1.8,1
30.08.2021 00:53:22.257,20.19572,20.18841,1.25,1.05
30.08.2021 00:53:23.013,20.19572,20.18811,1.25,1.65
30.08.2021 00:53:23.206,20.19525,20.18811,1,1.65
30.08.2021 00:53:23.908,20.195120000000003,20.18811,1,1.65
30.08.2021 00:53:26.112,20.194920000000003,20.18811,1,1.65
30.08.2021 00:53:29.057,20.195520000000002,20.188760000000002,1,1.35
30.08.2021 00:53:29.108,20.19592,20.188760000000002,1.55,1.35
30.08.2021 00:53:29.159,20.19605,20.18896,1.05,1.65
30.08.2021 00:53:29.260,20.19621,20.18903,1,1.15
30.08.2021 00:53:29.358,20.19605,20.18903,1.05,1.15
30.08.2021 00:53:30.070,20.196220000000004,20.189040000000002,1.3,1.15
30.08.2021 00:53:31.901,20.196220000000004,20.18928,1.3,1.55
30.08.2021 00:53:32.415,20.19629,20.18898,1.55,1.55
30.08.2021 00:53:33.509,20.19592,20.18811,1.25,1.65
30.08.2021 00:53:34.462,20.19582,20.188760000000002,1.25,1.35
30.08.2021 00:53:35.712,20.19582,20.18898,1.55,1.4
30.08.2021 00:53:38.647,20.19592,20.188860000000002,1.25,1.25
30.08.2021 00:53:39.192,20.195520000000002,20.188860000000002,1,1.35
30.08.2021 00:53:39.302,20.19592,20.188860000000002,1.25,1.35
30.08.2021 00:53:39.353,20.19592,20.189040000000002,1,1.15
30.08.2021 00:53:39.403,20.19612,20.18913,1,1.05
30.08.2021 00:53:39.454,20.196320000000004,20.189140000000002,1.25,1.15
30.08.2021 00:53:40.470,20.196320000000004,20.189960000000003,1.25,1
30.08.2021 00:53:40.616,20.196420000000003,20.19008,1.55,1.3
30.08.2021 00:53:40.717,20.19629,20.18918,1.3,1.55
30.08.2021 00:53:40.919,20.19605,20.18898,1.3,1
30.08.2021 00:53:41.070,20.19592,20.18898,1.55,1
30.08.2021 00:53:41.921,20.19562,20.18898,1.3,1.55
30.08.2021 00:53:42.027,20.19592,20.18898,1.55,1.55
30.08.2021 00:53:42.934,20.19592,20.18958,1.55,1.3
30.08.2021 00:53:49.549,20.19592,20.18815,1.8,1.05
30.08.2021 00:53:49.779,20.195520000000002,20.18815,1.55,1.05
30.08.2021 00:53:51.759,20.195220000000003,20.18828,1.3,1.65
30.08.2021 00:53:52.347,20.19629,20.18934,1.55,1.35
30.08.2021 00:53:52.448,20.19629,20.18928,2.05,1
30.08.2021 00:53:52.549,20.19629,20.18928,2.05,1
30.08.2021 00:53:52.901,20.19602,20.18928,1.55,1
30.08.2021 00:53:53.033,20.19602,20.18944,1.55,1.05
30.08.2021 00:53:53.158,20.19582,20.18928,1.55,1
30.08.2021 00:53:53.305,20.19582,20.18944,1.55,1.05
30.08.2021 00:53:53.355,20.19582,20.18898,1.55,1.55
30.08.2021 00:53:53.849,20.195520000000002,20.18898,1.3,1.55
30.08.2021 00:53:57.893,20.195220000000003,20.18811,1,1.65
30.08.2021 00:53:58.224,20.19453,20.18778,1,1.55
30.08.2021 00:53:58.325,20.194360000000003,20.18738,1.05,1.55
30.08.2021 00:53:58.675,20.19422,20.18738,1.55,1.3
30.08.2021 00:53:59.127,20.193720000000003,20.18758,1.3,1.3
30.08.2021 00:53:59.393,20.193720000000003,20.18758,1,1
30.08.2021 00:54:01.364,20.193550000000002,20.18758,1,1
30.08.2021 00:54:02.573,20.193420000000003,20.18768,1,1
30.08.2021 00:54:03.496,20.19499,20.18811,1.05,1
30.08.2021 00:54:03.597,20.195020000000003,20.18811,1,1.55
30.08.2021 00:54:03.698,20.195020000000003,20.18798,1,1.55
30.08.2021 00:54:03.856,20.195020000000003,20.18798,1,1.55
30.08.2021 00:54:04.023,20.19462,20.18808,1,1.55
30.08.2021 00:54:04.308,20.19442,20.18778,1,1.55
30.08.2021 00:54:04.753,20.19442,20.18778,1,1.55
30.08.2021 00:54:05.141,20.194020000000002,20.18798,1,1.25
30.08.2021 00:54:05.242,20.194020000000002,20.18798,1,1.55
30.08.2021 00:54:05.899,20.19395,20.18798,1,1.55
30.08.2021 00:54:06.000,20.193820000000002,20.18778,1,1.25
30.08.2021 00:54:06.928,20.19365,20.18778,1,1.25
30.08.2021 00:54:07.029,20.193520000000003,20.18778,1,1.25
30.08.2021 00:54:08.329,20.193420000000003,20.18758,1,1.55
30.08.2021 00:54:08.730,20.193320000000003,20.18731,1,1.65
30.08.2021 00:54:09.261,20.19302,20.18703,1.5,1.05
30.08.2021 00:54:09.312,20.19291,20.18663,1.75,1.65
30.08.2021 00:54:09.413,20.193420000000003,20.18663,1.25,1.3
30.08.2021 00:54:09.667,20.193520000000003,20.18663,1.55,1.3
30.08.2021 00:54:09.793,20.193520000000003,20.18698,1.55,1.3
30.08.2021 00:54:10.298,20.193620000000003,20.18758,1.55,1
30.08.2021 00:54:10.399,20.193620000000003,20.18758,1.55,1.3
30.08.2021 00:54:13.802,20.193820000000002,20.18768,1.55,1.3
30.08.2021 00:54:14.978,20.193820000000002,20.18788,1.55,1
30.08.2021 00:54:15.128,20.193820000000002,20.18788,1.55,1.3
30.08.2021 00:54:31.477,20.19432,20.18811,1,1.65
30.08.2021 00:54:31.577,20.195120000000003,20.18811,1.75,1.65
30.08.2021 00:54:31.678,20.19509,20.188360000000003,1.05,1.65
30.08.2021 00:54:31.779,20.19525,20.188360000000003,1,1.65
30.08.2021 00:54:32.126,20.19509,20.18888,1.05,1.3
30.08.2021 00:54:32.599,20.195420000000002,20.18908,1.3,1.3
30.08.2021 00:54:33.625,20.195320000000002,20.18948,1.3,1
30.08.2021 00:54:33.796,20.195320000000002,20.18948,1.3,1.3
30.08.2021 00:54:34.402,20.195520000000002,20.18968,1.3,1.3
30.08.2021 00:54:38.888,20.19565,20.18988,1.55,1
30.08.2021 00:54:39.009,20.19572,20.18988,1.55,1.3
30.08.2021 00:54:44.197,20.19592,20.18998,1.55,1.3
30.08.2021 00:54:45.263,20.196420000000003,20.18998,1.55,1.3
30.08.2021 00:54:45.363,20.196420000000003,20.18998,1.55,1.3
30.08.2021 00:54:46.352,20.19615,20.18998,1,1.3
30.08.2021 00:54:46.932,20.19619,20.19048,1,1.3
30.08.2021 00:54:52.496,20.196620000000003,20.19078,1.55,1
30.08.2021 00:54:52.967,20.197020000000002,20.19068,1.1,1.31
30.08.2021 00:54:54.228,20.19709,20.19159,1.85,1.1
30.08.2021 00:54:54.329,20.19922,20.19244,1.67,1.05
30.08.2021 00:54:54.380,20.19922,20.19244,1.55,1.15
30.08.2021 00:54:54.431,20.19922,20.19244,1.25,1.15
30.08.2021 00:54:54.865,20.199350000000003,20.19244,1.3,1.15
30.08.2021 00:54:55.291,20.199350000000003,20.193060000000003,1.3,1
30.08.2021 00:54:55.395,20.19922,20.193179999999998,1.3,1.3
30.08.2021 00:54:56.728,20.19922,20.19248,1.3,1.55
30.08.2021 00:54:57.163,20.19912,20.19298,1.3,1.3
30.08.2021 00:54:57.264,20.199720000000003,20.19308,1.55,1.3
30.08.2021 00:54:57.607,20.199720000000003,20.19308,1.55,1.3
30.08.2021 00:54:58.872,20.199620000000003,20.19358,1.3,1.3
30.08.2021 00:55:00.225,20.199720000000003,20.19378,1.3,1.3
30.08.2021 00:55:00.326,20.199820000000003,20.19338,1.3,1.3
30.08.2021 00:55:00.635,20.19944,20.19228,1.55,1.65
30.08.2021 00:55:01.017,20.199520000000003,20.19258,1.12,1.15
30.08.2021 00:55:01.219,20.199620000000003,20.19278,1.25,1.35
30.08.2021 00:55:01.320,20.199620000000003,20.19278,1.55,1.65
30.08.2021 00:55:01.370,20.199620000000003,20.19278,1.25,1.35
30.08.2021 00:55:01.836,20.199520000000003,20.19338,1,1
30.08.2021 00:55:01.962,20.199520000000003,20.19338,1.3,1.3
30.08.2021 00:55:08.014,20.199320000000004,20.19258,1,1.55
30.08.2021 00:55:09.617,20.19915,20.19258,1,1.25
30.08.2021 00:55:10.121,20.19902,20.19268,1,1.25
30.08.2021 00:55:16.360,20.199320000000004,20.19248,1,1.55
30.08.2021 00:55:16.952,20.199620000000003,20.19278,1,1.25
30.08.2021 00:55:17.128,20.199620000000003,20.19278,1.3,1.55
30.08.2021 00:55:17.851,20.199620000000003,20.19278,1.3,1.55
30.08.2021 00:55:21.035,20.20022,20.19288,1.55,1.55
30.08.2021 00:55:21.136,20.20022,20.193179999999998,1.55,1.55
30.08.2021 00:55:21.703,20.200120000000002,20.19378,1.55,1.3
30.08.2021 00:55:29.702,20.200120000000002,20.19288,1.55,1.55
30.08.2021 00:55:29.964,20.199820000000003,20.19278,1.3,1.55
30.08.2021 00:55:30.376,20.199520000000003,20.19234,1.55,1.3
30.08.2021 00:55:30.761,20.19922,20.19258,1,1.55
30.08.2021 00:55:30.862,20.19922,20.19258,1,1.55
30.08.2021 00:55:31.021,20.19922,20.19258,1,1.55
30.08.2021 00:55:31.304,20.19922,20.19258,1,1.55
30.08.2021 00:55:34.926,20.199350000000003,20.19266,1,1.25
30.08.2021 00:55:36.514,20.19922,20.19278,1,1.25
30.08.2021 00:55:41.021,20.19922,20.19278,1,1.55
30.08.2021 00:55:41.718,20.19922,20.19278,1,1.55
30.08.2021 00:55:45.101,20.19912,20.19258,1,1.3
30.08.2021 00:55:45.205,20.19912,20.19258,1.3,1.3
30.08.2021 00:55:48.114,20.19912,20.19258,1,1.55
30.08.2021 00:55:54.000,20.19912,20.19278,1,1.55
30.08.2021 00:55:55.241,20.19912,20.19278,1,1.55
30.08.2021 00:56:00.121,20.19912,20.19278,1,1.25
30.08.2021 00:56:01.053,20.19925,20.19266,1,1.25
30.08.2021 00:56:01.131,20.19925,20.19266,1.3,1.55
30.08.2021 00:56:16.673,20.200020000000002,20.19288,1.55,1.55
30.08.2021 00:56:20.240,20.200020000000002,20.19268,1.55,1.55
30.08.2021 00:56:21.021,20.199420000000003,20.19278,1.3,1.55
